  <div class='ocr_page' id='page_1' title='image "/cluster/home/n/w/nwhite01/storage/ocr_20150623/54/mdp.39015078384420/074.png"; bbox 0 0 4150 6276; ppageno 0'>
   <div class='ocr_carea' id='block_1_1' title="bbox 363 347 469 404">
    <p class='ocr_par' dir='ltr' id='par_1_1' title="bbox 363 347 469 404">
     <span class='ocr_line' id='line_1_1' title="bbox 363 347 469 404; baseline 0 0"><span class='ocrx_word' id='word_1_1' title='bbox 363 347 469 404; x_wconf 72' lang='grc' dir='ltr'><strong><em>ιιδ</em></strong></span> 
     </span>
    </p>
   </div>
   <div class='ocr_carea' id='block_1_2' title="bbox 363 457 1943 517">
    <p class='ocr_par' dir='ltr' id='par_1_2' title="bbox 363 457 1943 517">
     <span class='ocr_line' id='line_1_2' title="bbox 363 457 1943 517; baseline -0.002 -1"><span class='ocrx_word' id='word_1_2' title='bbox 363 461 408 516; x_wconf 99' lang='lat' dir='ltr'><strong>si</strong></span> <span class='ocrx_word' id='word_1_3' title='bbox 436 477 543 514; x_wconf 91' lang='lat' dir='ltr'><strong>nou</strong></span> <span class='ocrx_word' id='word_1_4' title='bbox 567 460 746 517; x_wconf 86' lang='lat' dir='ltr'><strong>statim</strong></span> <span class='ocrx_word' id='word_1_5' title='bbox 769 458 1061 514; x_wconf 79' lang='lat' dir='ltr'><strong>audiamur.</strong></span> <span class='ocrx_word' id='word_1_6' title='bbox 1082 457 1345 513; x_wconf 76' lang='lat' dir='ltr'><strong>Fortassis</strong></span> <span class='ocrx_word' id='word_1_7' title='bbox 1364 457 1508 512; x_wconf 88' lang='lat' dir='ltr'><strong>enim</strong></span> <span class='ocrx_word' id='word_1_8' title='bbox 1536 458 1789 511; x_wconf 89' lang='lat' dir='ltr'><strong>Dominus</strong></span> <span class='ocrx_word' id='word_1_9' title='bbox 1812 472 1943 513; x_wconf 86' lang='lat' dir='ltr'><strong>con-</strong></span> 
     </span>
    </p>
   </div>
   <div class='ocr_carea' id='block_1_3' title="bbox 360 549 1942 617">
    <p class='ocr_par' dir='ltr' id='par_1_3' title="bbox 360 549 1942 617">
     <span class='ocr_line' id='line_1_3' title="bbox 360 549 1942 617; baseline -0.001 -12"><span class='ocrx_word' id='word_1_10' title='bbox 360 556 562 606; x_wconf 82' lang='lat' dir='ltr'><strong>tinuam</strong></span> <span class='ocrx_word' id='word_1_11' title='bbox 606 560 844 605; x_wconf 90' lang='lat' dir='ltr'><strong>nostram</strong></span> <span class='ocrx_word' id='word_1_12' title='bbox 892 549 1228 604; x_wconf 74' lang='lat' dir='ltr'><strong>sedulitatem</strong></span> <span class='ocrx_word' id='word_1_13' title='bbox 1278 550 1549 617; x_wconf 82' lang='lat' dir='ltr'><strong>sapienter</strong></span> <span class='ocrx_word' id='word_1_14' title='bbox 1576 563 1833 604; x_wconf 88' lang='lat' dir='ltr'><strong>exercens</strong></span> <span class='ocrx_word' id='word_1_15' title='bbox 1871 552 1942 604; x_wconf 87' lang='lat' dir='ltr'><strong>ita</strong></span> 
     </span>
    </p>
   </div>
   <div class='ocr_carea' id='block_1_4' title="bbox 361 638 1943 710">
    <p class='ocr_par' dir='ltr' id='par_1_4' title="bbox 361 638 1943 710">
     <span class='ocr_line' id='line_1_4' title="bbox 361 638 1943 710; baseline 0.001 -17"><span class='ocrx_word' id='word_1_16' title='bbox 361 642 738 709; x_wconf 82' lang='lat' dir='ltr'><strong>procrastinat,</strong></span> <span class='ocrx_word' id='word_1_17' title='bbox 772 650 831 694; x_wconf 90' lang='lat' dir='ltr'><strong>ttt</strong></span> <span class='ocrx_word' id='word_1_18' title='bbox 860 639 1161 694; x_wconf 87' lang='lat' dir='ltr'><strong>mercedem</strong></span> <span class='ocrx_word' id='word_1_19' title='bbox 1184 653 1394 710; x_wconf 88' lang='lat' dir='ltr'><strong>quoque</strong></span> <span class='ocrx_word' id='word_1_20' title='bbox 1422 638 1692 707; x_wconf 72' lang='lat' dir='ltr'><strong>patientia:</strong></span> <span class='ocrx_word' id='word_1_21' title='bbox 1718 640 1943 709; x_wconf 87' lang='lat' dir='ltr'><strong>recipia-</strong></span> 
     </span>
    </p>
   </div>
   <div class='ocr_carea' id='block_1_5' title="bbox 362 731 1947 801">
    <p class='ocr_par' dir='ltr' id='par_1_5' title="bbox 362 731 1947 801">
     <span class='ocr_line' id='line_1_5' title="bbox 362 731 1947 801; baseline 0.002 -16"><span class='ocrx_word' id='word_1_22' title='bbox 362 747 479 785; x_wconf 86' lang='lat' dir='ltr'><strong>mus</strong></span> <span class='ocrx_word' id='word_1_23' title='bbox 508 750 521 784; x_wconf 92' lang='lat'>:</span> <span class='ocrx_word' id='word_1_24' title='bbox 552 741 607 787; x_wconf 92' lang='lat' dir='ltr'><strong>et</strong></span> <span class='ocrx_word' id='word_1_25' title='bbox 635 734 757 801; x_wconf 85' lang='lat' dir='ltr'><strong>quia</strong></span> <span class='ocrx_word' id='word_1_26' title='bbox 787 732 899 801; x_wconf 88' lang='lat' dir='ltr'><strong>ipse</strong></span> <span class='ocrx_word' id='word_1_27' title='bbox 931 741 1141 799; x_wconf 85' lang='lat' dir='ltr'><strong>tempus</strong></span> <span class='ocrx_word' id='word_1_28' title='bbox 1170 732 1270 785; x_wconf 87' lang='lat' dir='ltr'><strong>scit</strong></span> <span class='ocrx_word' id='word_1_29' title='bbox 1296 731 1506 799; x_wconf 86' lang='lat' dir='ltr'><strong>quando</strong></span> <span class='ocrx_word' id='word_1_30' title='bbox 1527 731 1680 785; x_wconf 91' lang='lat' dir='ltr'><strong>nobis</strong></span> <span class='ocrx_word' id='word_1_31' title='bbox 1710 732 1837 787; x_wconf 89' lang='lat' dir='ltr'><strong>utile</strong></span> <span class='ocrx_word' id='word_1_32' title='bbox 1864 742 1947 788; x_wconf 90' lang='lat' dir='ltr'><strong>est</strong></span> 
     </span>
    </p>
   </div>
   <div class='ocr_carea' id='block_1_6' title="bbox 358 826 1944 897">
    <p class='ocr_par' dir='ltr' id='par_1_6' title="bbox 358 826 1944 897">
     <span class='ocr_line' id='line_1_6' title="bbox 358 826 1944 897; baseline 0.003 -18"><span class='ocrx_word' id='word_1_33' title='bbox 358 827 570 895; x_wconf 85' lang='lat' dir='ltr'><strong>assequi</strong></span> <span class='ocrx_word' id='word_1_34' title='bbox 622 827 761 897; x_wconf 91' lang='lat' dir='ltr'><strong>quod</strong></span> <span class='ocrx_word' id='word_1_35' title='bbox 799 827 1105 896; x_wconf 63' lang='lat' dir='ltr'><strong>quaerimus.</strong></span> <span class='ocrx_word' id='word_1_36' title='bbox 1145 826 1325 896; x_wconf 84' lang='lat' dir='ltr'><strong>Neque</strong></span> <span class='ocrx_word' id='word_1_37' title='bbox 1353 827 1494 882; x_wconf 93' lang='lat' dir='ltr'><strong>enim</strong></span> <span class='ocrx_word' id='word_1_38' title='bbox 1526 842 1622 881; x_wconf 91' lang='lat' dir='ltr'><strong>nos</strong></span> <span class='ocrx_word' id='word_1_39' title='bbox 1645 829 1715 882; x_wconf 87' lang='lat' dir='ltr'><strong>ita</strong></span> <span class='ocrx_word' id='word_1_40' title='bbox 1749 830 1944 885; x_wconf 84' lang='lat' dir='ltr'><strong>scimus</strong></span> 
     </span>
    </p>
   </div>
   <div class='ocr_carea' id='block_1_7' title="bbox 359 918 1943 989">
    <p class='ocr_par' dir='ltr' id='par_1_7' title="bbox 359 918 1943 989">
     <span class='ocr_line' id='line_1_7' title="bbox 359 918 1943 989; baseline 0.001 -17"><span class='ocrx_word' id='word_1_41' title='bbox 359 918 485 989; x_wconf 90' lang='lat' dir='ltr'><strong>quid</strong></span> <span class='ocrx_word' id='word_1_42' title='bbox 527 919 678 973; x_wconf 90' lang='lat' dir='ltr'><strong>nobis</strong></span> <span class='ocrx_word' id='word_1_43' title='bbox 702 919 866 982; x_wconf 88' lang='lat' dir='ltr'><strong>utile,</strong></span> <span class='ocrx_word' id='word_1_44' title='bbox 900 928 957 974; x_wconf 93' lang='lat' dir='ltr'><strong>ut</strong></span> <span class='ocrx_word' id='word_1_45' title='bbox 987 919 1098 988; x_wconf 90' lang='lat' dir='ltr'><strong>ipse</strong></span> <span class='ocrx_word' id='word_1_46' title='bbox 1136 919 1412 973; x_wconf 86' lang='lat' dir='ltr'><strong>evidenter</strong></span> <span class='ocrx_word' id='word_1_47' title='bbox 1459 919 1623 982; x_wconf 85' lang='lat' dir='ltr'><strong>novit,</strong></span> <span class='ocrx_word' id='word_1_48' title='bbox 1654 921 1744 989; x_wconf 87' lang='lat' dir='ltr'><strong>qui</strong></span> <span class='ocrx_word' id='word_1_49' title='bbox 1782 921 1943 975; x_wconf 86' lang='lat' dir='ltr'><strong>etiam</strong></span> 
     </span>
    </p>
   </div>
   <div class='ocr_carea' id='block_1_8' title="bbox 357 1009 1940 1081">
    <p class='ocr_par' dir='ltr' id='par_1_8' title="bbox 357 1009 1940 1081">
     <span class='ocr_line' id='line_1_8' title="bbox 357 1009 1940 1081; baseline 0 -16"><span class='ocrx_word' id='word_1_50' title='bbox 357 1010 668 1065; x_wconf 85' lang='lat' dir='ltr'><strong>abscondita</strong></span> <span class='ocrx_word' id='word_1_51' title='bbox 700 1012 893 1065; x_wconf 88' lang='lat' dir='ltr'><strong>mentis</strong></span> <span class='ocrx_word' id='word_1_52' title='bbox 919 1020 1115 1064; x_wconf 62' lang='lat' dir='ltr'><strong>nostra:</strong></span> <span class='ocrx_word' id='word_1_53' title='bbox 1144 1011 1434 1078; x_wconf 79' lang='lat' dir='ltr'><strong>cognoscit.</strong></span> <span class='ocrx_word' id='word_1_54' title='bbox 1461 1009 1693 1065; x_wconf 89' lang='lat' dir='ltr'><strong>Proinde</strong></span> <span class='ocrx_word' id='word_1_55' title='bbox 1716 1026 1811 1081; x_wconf 90' lang='lat' dir='ltr'><strong>par</strong></span> <span class='ocrx_word' id='word_1_56' title='bbox 1838 1020 1940 1078; x_wconf 76' lang='lat' dir='ltr'><strong>est,</strong></span> 
     </span>
    </p>
   </div>
   <div class='ocr_carea' id='block_1_9' title="bbox 365 1102 1945 1171">
    <p class='ocr_par' dir='ltr' id='par_1_9' title="bbox 365 1102 1945 1171">
     <span class='ocr_line' id='line_1_9' title="bbox 365 1102 1945 1171; baseline 0.001 -17"><span class='ocrx_word' id='word_1_57' title='bbox 365 1111 424 1155; x_wconf 89' lang='lat' dir='ltr'><strong>ut</strong></span> <span class='ocrx_word' id='word_1_58' title='bbox 452 1102 583 1156; x_wconf 83' lang='lat' dir='ltr'><strong>nihil</strong></span> <span class='ocrx_word' id='word_1_59' title='bbox 611 1102 871 1155; x_wconf 87' lang='lat' dir='ltr'><strong>curiosius</strong></span> <span class='ocrx_word' id='word_1_60' title='bbox 891 1114 1208 1171; x_wconf 54' lang='lat' dir='ltr'><strong>quaeramus,</strong></span> <span class='ocrx_word' id='word_1_61' title='bbox 1236 1115 1407 1169; x_wconf 90' lang='lat' dir='ltr'><strong>neque</strong></span> <span class='ocrx_word' id='word_1_62' title='bbox 1427 1111 1726 1154; x_wconf 84' lang='lat' dir='ltr'><strong>scrutemur</strong></span> <span class='ocrx_word' id='word_1_63' title='bbox 1744 1116 1805 1155; x_wconf 91' lang='lat' dir='ltr'><strong>ea</strong></span> <span class='ocrx_word' id='word_1_64' title='bbox 1826 1117 1945 1170; x_wconf 63' lang='lat' dir='ltr'><strong>quae</strong></span> 
     </span>
    </p>
   </div>
   <div class='ocr_carea' id='block_1_10' title="bbox 359 1189 1947 1261">
    <p class='ocr_par' dir='ltr' id='par_1_10' title="bbox 359 1189 1947 1261">
     <span class='ocr_line' id='line_1_10' title="bbox 359 1189 1947 1261; baseline 0.001 -18"><span class='ocrx_word' id='word_1_65' title='bbox 359 1206 389 1243; x_wconf 90' lang='lat' dir='ltr'><strong>a</strong></span> <span class='ocrx_word' id='word_1_66' title='bbox 423 1192 532 1245; x_wconf 90' lang='lat' dir='ltr'><strong>Deo</strong></span> <span class='ocrx_word' id='word_1_67' title='bbox 560 1192 901 1261; x_wconf 86' lang='lat' dir='ltr'><strong>providentur</strong></span> <span class='ocrx_word' id='word_1_68' title='bbox 929 1209 943 1244; x_wconf 90' lang='lat'><strong>:</strong></span> <span class='ocrx_word' id='word_1_69' title='bbox 971 1190 1065 1244; x_wconf 86' lang='lat' dir='ltr'><strong>sed</strong></span> <span class='ocrx_word' id='word_1_70' title='bbox 1093 1189 1230 1258; x_wconf 81' lang='lat' dir='ltr'><strong>grati</strong></span> <span class='ocrx_word' id='word_1_71' title='bbox 1256 1189 1538 1243; x_wconf 88' lang='lat' dir='ltr'><strong>admodum</strong></span> <span class='ocrx_word' id='word_1_72' title='bbox 1568 1190 1756 1253; x_wconf 90' lang='lat' dir='ltr'><strong>simus,</strong></span> <span class='ocrx_word' id='word_1_73' title='bbox 1784 1198 1839 1244; x_wconf 94' lang='lat' dir='ltr'><strong>et</strong></span> <span class='ocrx_word' id='word_1_74' title='bbox 1857 1190 1947 1244; x_wconf 87' lang='lat' dir='ltr'><strong>ad-</strong></span> 
     </span>
    </p>
   </div>
   <div class='ocr_carea' id='block_1_11' title="bbox 367 1279 1945 1352">
    <p class='ocr_par' dir='ltr' id='par_1_11' title="bbox 367 1279 1945 1352">
     <span class='ocr_line' id='line_1_11' title="bbox 367 1279 1945 1352; baseline 0 -17"><span class='ocrx_word' id='word_1_75' title='bbox 367 1282 898 1352; x_wconf 88' lang='lat' dir='ltr'><strong>miremurjustorum</strong></span> <span class='ocrx_word' id='word_1_76' title='bbox 917 1282 1158 1335; x_wconf 84' lang='lat' dir='ltr'><strong>virtutes.</strong></span> <span class='ocrx_word' id='word_1_77' title='bbox 1182 1279 1313 1334; x_wconf 84' lang='lat' dir='ltr'><strong>Nam</strong></span> <span class='ocrx_word' id='word_1_78' title='bbox 1341 1288 1618 1349; x_wconf 87' lang='lat' dir='ltr'><strong>postquam</strong></span> <span class='ocrx_word' id='word_1_79' title='bbox 1639 1280 1769 1334; x_wconf 82' lang='lat' dir='ltr'><strong>dixit</strong></span> <span class='ocrx_word' id='word_1_80' title='bbox 1790 1279 1945 1335; x_wconf 85' lang='lat' dir='ltr'><strong>nobis</strong></span> 
     </span>
    </p>
   </div>
   <div class='ocr_carea' id='block_1_12' title="bbox 357 1368 1946 1441">
    <p class='ocr_par' dir='ltr' id='par_1_12' title="bbox 357 1368 1946 1441">
     <span class='ocr_line' id='line_1_12' title="bbox 357 1368 1946 1441; baseline -0.001 -15"><span class='ocrx_word' id='word_1_81' title='bbox 357 1372 536 1426; x_wconf 87' lang='lat' dir='ltr'><strong>divina</strong></span> <span class='ocrx_word' id='word_1_82' title='bbox 563 1372 866 1440; x_wconf 89' lang='lat' dir='ltr'><strong>Scriptura,</strong></span> <span class='ocrx_word' id='word_1_83' title='bbox 896 1382 1024 1441; x_wconf 88' lang='lat' dir='ltr'><strong>quot</strong></span> <span class='ocrx_word' id='word_1_84' title='bbox 1057 1385 1320 1424; x_wconf 92' lang='lat' dir='ltr'><strong>annorum</strong></span> <span class='ocrx_word' id='word_1_85' title='bbox 1351 1368 1509 1423; x_wconf 89' lang='lat' dir='ltr'><strong>fuerit</strong></span> <span class='ocrx_word' id='word_1_86' title='bbox 1535 1368 1679 1423; x_wconf 88' lang='lat' dir='ltr'><strong>Isaac</strong></span> <span class='ocrx_word' id='word_1_87' title='bbox 1698 1410 1713 1436; x_wconf 94' lang='lat'><strong>,</strong></span> <span class='ocrx_word' id='word_1_88' title='bbox 1736 1370 1863 1424; x_wconf 91' lang='lat' dir='ltr'><strong>dicit</strong></span> <span class='ocrx_word' id='word_1_89' title='bbox 1891 1379 1946 1425; x_wconf 88' lang='lat' dir='ltr'><strong>et</strong></span> 
     </span>
    </p>
   </div>
   <div class='ocr_carea' id='block_1_13' title="bbox 359 1460 1944 1533">
    <p class='ocr_par' dir='ltr' id='par_1_13' title="bbox 359 1460 1944 1533">
     <span class='ocr_line' id='line_1_13' title="bbox 359 1460 1944 1533; baseline -0.001 -15"><span class='ocrx_word' id='word_1_90' title='bbox 359 1463 427 1518; x_wconf 89' lang='lat' dir='ltr'><strong>de</strong></span> <span class='ocrx_word' id='word_1_91' title='bbox 457 1464 694 1518; x_wconf 78' lang='lat' dir='ltr'><strong>Rebecca</strong></span> <span class='ocrx_word' id='word_1_92' title='bbox 723 1478 888 1517; x_wconf 81' lang='lat' dir='ltr'><strong>uxore</strong></span> <span class='ocrx_word' id='word_1_93' title='bbox 916 1463 1064 1533; x_wconf 86' lang='lat' dir='ltr'><strong>ejus,</strong></span> <span class='ocrx_word' id='word_1_94' title='bbox 1099 1461 1243 1531; x_wconf 88' lang='lat' dir='ltr'><strong>quod</strong></span> <span class='ocrx_word' id='word_1_95' title='bbox 1269 1461 1465 1515; x_wconf 90' lang='lat' dir='ltr'><strong>sterilis</strong></span> <span class='ocrx_word' id='word_1_96' title='bbox 1493 1469 1626 1516; x_wconf 90' lang='lat' dir='ltr'><strong>erat.</strong></span> <span class='ocrx_word' id='word_1_97' title='bbox 1657 1460 1811 1527; x_wconf 84' lang='lat' dir='ltr'><strong>Vide,</strong></span> <span class='ocrx_word' id='word_1_98' title='bbox 1844 1462 1944 1516; x_wconf 80' lang='lat' dir='ltr'><strong>ob-</strong></span> 
     </span>
    </p>
   </div>
   <div class='ocr_carea' id='block_1_14' title="bbox 361 1549 1944 1621">
    <p class='ocr_par' dir='ltr' id='par_1_14' title="bbox 361 1549 1944 1621">
     <span class='ocr_line' id='line_1_14' title="bbox 361 1549 1944 1621; baseline -0.002 -13"><span class='ocrx_word' id='word_1_99' title='bbox 361 1567 536 1616; x_wconf 80' lang='lat' dir='ltr'><strong>secro,</strong></span> <span class='ocrx_word' id='word_1_100' title='bbox 565 1552 692 1621; x_wconf 88' lang='lat' dir='ltr'><strong>justi</strong></span> <span class='ocrx_word' id='word_1_101' title='bbox 732 1552 1033 1621; x_wconf 82' lang='lat' dir='ltr'><strong>religiosam</strong></span> <span class='ocrx_word' id='word_1_102' title='bbox 1071 1561 1326 1604; x_wconf 88' lang='lat' dir='ltr'><strong>mentem.</strong></span> <span class='ocrx_word' id='word_1_103' title='bbox 1357 1549 1616 1616; x_wconf 86' lang='lat' dir='ltr'><strong>Quoniam</strong></span> <span class='ocrx_word' id='word_1_104' title='bbox 1645 1551 1786 1604; x_wconf 92' lang='lat' dir='ltr'><strong>enim</strong></span> <span class='ocrx_word' id='word_1_105' title='bbox 1813 1550 1944 1606; x_wconf 81' lang='lat' dir='ltr'><strong>vidit</strong></span> 
     </span>
    </p>
   </div>
   <div class='ocr_carea' id='block_1_15' title="bbox 360 1640 1943 1709">
    <p class='ocr_par' dir='ltr' id='par_1_15' title="bbox 360 1640 1943 1709">
     <span class='ocr_line' id='line_1_15' title="bbox 360 1640 1943 1709; baseline 0.001 -15"><span class='ocrx_word' id='word_1_106' title='bbox 360 1650 604 1697; x_wconf 88' lang='lat' dir='ltr'><strong>naturam</strong></span> <span class='ocrx_word' id='word_1_107' title='bbox 624 1641 1036 1709; x_wconf 89' lang='lat' dir='ltr'><strong>claudicantem,</strong></span> <span class='ocrx_word' id='word_1_108' title='bbox 1066 1640 1131 1695; x_wconf 90' lang='lat' dir='ltr'><strong>ad</strong></span> <span class='ocrx_word' id='word_1_109' title='bbox 1159 1649 1360 1695; x_wconf 76' lang='lat' dir='ltr'><strong>natura:</strong></span> <span class='ocrx_word' id='word_1_110' title='bbox 1385 1640 1728 1695; x_wconf 90' lang='lat' dir='ltr'><strong>Conditorem</strong></span> <span class='ocrx_word' id='word_1_111' title='bbox 1755 1642 1943 1695; x_wconf 89' lang='lat' dir='ltr'><strong>confu-</strong></span> 
     </span>
    </p>
   </div>
   <div class='ocr_carea' id='block_1_16' title="bbox 360 1731 1941 1801">
    <p class='ocr_par' dir='ltr' id='par_1_16' title="bbox 360 1731 1941 1801">
     <span class='ocr_line' id='line_1_16' title="bbox 360 1731 1941 1801; baseline 0.001 -15"><span class='ocrx_word' id='word_1_112' title='bbox 360 1734 455 1801; x_wconf 85' lang='lat' dir='ltr'><strong>git,</strong></span> <span class='ocrx_word' id='word_1_113' title='bbox 484 1740 539 1787; x_wconf 89' lang='lat' dir='ltr'><strong>et</strong></span> <span class='ocrx_word' id='word_1_114' title='bbox 556 1733 765 1787; x_wconf 87' lang='lat' dir='ltr'><strong>vincula</strong></span> <span class='ocrx_word' id='word_1_115' title='bbox 791 1743 997 1788; x_wconf 84' lang='lat' dir='ltr'><strong>naturae</strong></span> <span class='ocrx_word' id='word_1_116' title='bbox 1027 1732 1269 1800; x_wconf 90' lang='lat' dir='ltr'><strong>precibus</strong></span> <span class='ocrx_word' id='word_1_117' title='bbox 1292 1733 1501 1787; x_wconf 85' lang='lat' dir='ltr'><strong>solvere</strong></span> <span class='ocrx_word' id='word_1_118' title='bbox 1529 1731 1814 1787; x_wconf 82' lang='lat' dir='ltr'><strong>festinavit.</strong></span> <span class='ocrx_word' id='word_1_119' title='bbox 1847 1732 1941 1787; x_wconf 79' lang='grc'><strong>21.</strong></span> 
     </span>
    </p>
   </div>
   <div class='ocr_carea' id='block_1_17' title="bbox 361 1819 1945 1891">
    <p class='ocr_par' dir='ltr' id='par_1_17' title="bbox 361 1819 1945 1891">
     <span class='ocr_line' id='line_1_17' title="bbox 361 1819 1945 1891; baseline 0.002 -18"><span class='ocrx_word' id='word_1_120' title='bbox 361 1822 672 1891; x_wconf 84' lang='lat' dir='ltr'><strong>Deprecatus</strong></span> <span class='ocrx_word' id='word_1_121' title='bbox 698 1824 828 1876; x_wconf 84' lang='lat' dir='ltr'><strong>enim</strong></span> <span class='ocrx_word' id='word_1_122' title='bbox 858 1832 950 1886; x_wconf 88' lang='lat' dir='ltr'><strong>est,</strong></span> <span class='ocrx_word' id='word_1_123' title='bbox 981 1822 1169 1891; x_wconf 85' lang='lat' dir='ltr'><strong>inquit,</strong></span> <span class='ocrx_word' id='word_1_124' title='bbox 1199 1819 1351 1875; x_wconf 84' lang='lat' dir='ltr'><strong>Isaac</strong></span> <span class='ocrx_word' id='word_1_125' title='bbox 1369 1838 1520 1891; x_wconf 94' lang='lat' dir='ltr'><strong>super</strong></span> <span class='ocrx_word' id='word_1_126' title='bbox 1541 1820 1763 1875; x_wconf 84' lang='lat' dir='ltr'><strong>Rebecca</strong></span> <span class='ocrx_word' id='word_1_127' title='bbox 1788 1837 1945 1876; x_wconf 72' lang='lat' dir='ltr'><strong>uxore</strong></span> 
     </span>
    </p>
   </div>
   <div class='ocr_carea' id='block_1_18' title="bbox 359 1910 1946 1983">
    <p class='ocr_par' dir='ltr' id='par_1_18' title="bbox 359 1910 1946 1983">
     <span class='ocr_line' id='line_1_18' title="bbox 359 1910 1946 1983; baseline 0.001 -19"><span class='ocrx_word' id='word_1_128' title='bbox 359 1929 471 1977; x_wconf 85' lang='lat' dir='ltr'><strong>sua,</strong></span> <span class='ocrx_word' id='word_1_129' title='bbox 494 1913 613 1983; x_wconf 87' lang='lat' dir='ltr'><strong>quia</strong></span> <span class='ocrx_word' id='word_1_130' title='bbox 632 1911 815 1966; x_wconf 84' lang='lat' dir='ltr'><strong>sterilis</strong></span> <span class='ocrx_word' id='word_1_131' title='bbox 839 1921 966 1966; x_wconf 81' lang='lat' dir='ltr'><strong>erat.</strong></span> <span class='ocrx_word' id='word_1_132' title='bbox 1000 1911 1173 1967; x_wconf 90' lang='lat' dir='ltr'><strong>Unum</strong></span> <span class='ocrx_word' id='word_1_133' title='bbox 1202 1913 1305 1965; x_wconf 90' lang='lat' dir='ltr'><strong>hoc</strong></span> <span class='ocrx_word' id='word_1_134' title='bbox 1330 1911 1382 1964; x_wconf 89' lang='lat' dir='ltr'><strong>in</strong></span> <span class='ocrx_word' id='word_1_135' title='bbox 1412 1910 1595 1981; x_wconf 84' lang='lat' dir='ltr'><strong>primis</strong></span> <span class='ocrx_word' id='word_1_136' title='bbox 1622 1925 1799 1980; x_wconf 69' lang='lat' dir='ltr'><strong>opera:</strong></span> <span class='ocrx_word' id='word_1_137' title='bbox 1824 1925 1946 1981; x_wconf 88' lang='lat' dir='ltr'><strong>pre-</strong></span> 
     </span>
    </p>
   </div>
   <div class='ocr_carea' id='block_1_19' title="bbox 356 2002 1945 2075">
    <p class='ocr_par' dir='ltr' id='par_1_19' title="bbox 356 2002 1945 2075">
     <span class='ocr_line' id='line_1_19' title="bbox 356 2002 1945 2075; baseline -0.001 -18"><span class='ocrx_word' id='word_1_138' title='bbox 356 2004 488 2058; x_wconf 91' lang='lat' dir='ltr'><strong>tium</strong></span> <span class='ocrx_word' id='word_1_139' title='bbox 520 2014 577 2059; x_wconf 94' lang='lat' dir='ltr'><strong>ut</strong></span> <span class='ocrx_word' id='word_1_140' title='bbox 614 2018 948 2075; x_wconf 70' lang='lat' dir='ltr'><strong>quaeramus,</strong></span> <span class='ocrx_word' id='word_1_141' title='bbox 982 2018 1147 2073; x_wconf 87' lang='lat' dir='ltr'><strong>quare</strong></span> <span class='ocrx_word' id='word_1_142' title='bbox 1172 2042 1185 2066; x_wconf 87' lang='lat'><strong>,</strong></span> <span class='ocrx_word' id='word_1_143' title='bbox 1230 2017 1352 2057; x_wconf 89' lang='lat' dir='ltr'><strong>cum</strong></span> <span class='ocrx_word' id='word_1_144' title='bbox 1400 2011 1455 2057; x_wconf 90' lang='lat' dir='ltr'><strong>et</strong></span> <span class='ocrx_word' id='word_1_145' title='bbox 1480 2002 1613 2071; x_wconf 89' lang='lat' dir='ltr'><strong>ipsa,</strong></span> <span class='ocrx_word' id='word_1_146' title='bbox 1643 2012 1697 2056; x_wconf 94' lang='lat' dir='ltr'><strong>et</strong></span> <span class='ocrx_word' id='word_1_147' title='bbox 1720 2002 1804 2055; x_wconf 89' lang='lat' dir='ltr'><strong>vir</strong></span> <span class='ocrx_word' id='word_1_148' title='bbox 1829 2003 1945 2070; x_wconf 86' lang='lat' dir='ltr'><strong>ejus</strong></span> 
     </span>
    </p>
   </div>
   <div class='ocr_carea' id='block_1_20' title="bbox 358 2092 1941 2157">
    <p class='ocr_par' dir='ltr' id='par_1_20' title="bbox 358 2092 1941 2157">
     <span class='ocr_line' id='line_1_20' title="bbox 358 2092 1941 2157; baseline 0 -12"><span class='ocrx_word' id='word_1_149' title='bbox 358 2094 481 2147; x_wconf 64' lang='lat' dir='ltr'><strong>vitm</strong></span> <span class='ocrx_word' id='word_1_150' title='bbox 512 2095 710 2148; x_wconf 89' lang='lat' dir='ltr'><strong>fuerint</strong></span> <span class='ocrx_word' id='word_1_151' title='bbox 734 2094 967 2156; x_wconf 77' lang='lat' dir='ltr'><strong>eximite,</strong></span> <span class='ocrx_word' id='word_1_152' title='bbox 1013 2102 1067 2147; x_wconf 89' lang='lat' dir='ltr'><strong>et</strong></span> <span class='ocrx_word' id='word_1_153' title='bbox 1093 2092 1252 2147; x_wconf 90' lang='lat' dir='ltr'><strong>ambo</strong></span> <span class='ocrx_word' id='word_1_154' title='bbox 1298 2092 1639 2146; x_wconf 65' lang='lat' dir='ltr'><strong>continentiae</strong></span> <span class='ocrx_word' id='word_1_155' title='bbox 1683 2092 1941 2157; x_wconf 88' lang='lat' dir='ltr'><strong>studiosi,</strong></span> 
     </span>
    </p>
   </div>
   <div class='ocr_carea' id='block_1_21' title="bbox 358 2181 1949 2249">
    <p class='ocr_par' dir='ltr' id='par_1_21' title="bbox 358 2181 1949 2249">
     <span class='ocr_line' id='line_1_21' title="bbox 358 2181 1949 2249; baseline 0.001 -14"><span class='ocrx_word' id='word_1_156' title='bbox 358 2184 559 2237; x_wconf 90' lang='lat' dir='ltr'><strong>sterilis</strong></span> <span class='ocrx_word' id='word_1_157' title='bbox 583 2183 724 2237; x_wconf 81' lang='lat' dir='ltr'><strong>fuit?</strong></span> <span class='ocrx_word' id='word_1_158' title='bbox 748 2182 863 2236; x_wconf 87' lang='lat' dir='ltr'><strong>Non</strong></span> <span class='ocrx_word' id='word_1_159' title='bbox 893 2195 1179 2249; x_wconf 90' lang='lat' dir='ltr'><strong>possumus</strong></span> <span class='ocrx_word' id='word_1_160' title='bbox 1216 2194 1439 2249; x_wconf 88' lang='lat' dir='ltr'><strong>carpere</strong></span> <span class='ocrx_word' id='word_1_161' title='bbox 1466 2195 1651 2235; x_wconf 90' lang='lat' dir='ltr'><strong>eorum</strong></span> <span class='ocrx_word' id='word_1_162' title='bbox 1681 2181 1864 2245; x_wconf 86' lang='lat' dir='ltr'><strong>vitam,</strong></span> <span class='ocrx_word' id='word_1_163' title='bbox 1892 2189 1949 2236; x_wconf 89' lang='lat' dir='ltr'><strong>et</strong></span> 
     </span>
    </p>
   </div>
   <div class='ocr_carea' id='block_1_22' title="bbox 356 2270 1944 2339">
    <p class='ocr_par' dir='ltr' id='par_1_22' title="bbox 356 2270 1944 2339">
     <span class='ocr_line' id='line_1_22' title="bbox 356 2270 1944 2339; baseline 0 -14"><span class='ocrx_word' id='word_1_164' title='bbox 356 2271 535 2326; x_wconf 88' lang='lat' dir='ltr'><strong>dicere</strong></span> <span class='ocrx_word' id='word_1_165' title='bbox 550 2271 883 2325; x_wconf 88' lang='lat' dir='ltr'><strong>sterilitatem</strong></span> <span class='ocrx_word' id='word_1_166' title='bbox 900 2270 1044 2324; x_wconf 89' lang='lat' dir='ltr'><strong>illam</strong></span> <span class='ocrx_word' id='word_1_167' title='bbox 1064 2278 1403 2339; x_wconf 88' lang='lat' dir='ltr'><strong>peccatorum</strong></span> <span class='ocrx_word' id='word_1_168' title='bbox 1426 2283 1584 2324; x_wconf 89' lang='lat' dir='ltr'><strong>causa</strong></span> <span class='ocrx_word' id='word_1_169' title='bbox 1606 2270 1944 2325; x_wconf 74' lang='lat' dir='ltr'><strong>immissam‘.</strong></span> 
     </span>
    </p>
   </div>
   <div class='ocr_carea' id='block_1_23' title="bbox 363 2358 1942 2427">
    <p class='ocr_par' dir='ltr' id='par_1_23' title="bbox 363 2358 1942 2427">
     <span class='ocr_line' id='line_1_23' title="bbox 363 2358 1942 2427; baseline 0.001 -15"><span class='ocrx_word' id='word_1_170' title='bbox 363 2359 430 2412; x_wconf 81' lang='lat' dir='ltr'><strong>Et</strong></span> <span class='ocrx_word' id='word_1_171' title='bbox 454 2367 512 2412; x_wconf 91' lang='lat' dir='ltr'><strong>ut</strong></span> <span class='ocrx_word' id='word_1_172' title='bbox 533 2359 709 2414; x_wconf 87' lang='lat' dir='ltr'><strong>discas</strong></span> <span class='ocrx_word' id='word_1_173' title='bbox 733 2374 847 2414; x_wconf 90' lang='lat' dir='ltr'><strong>rem</strong></span> <span class='ocrx_word' id='word_1_174' title='bbox 875 2361 1088 2425; x_wconf 90' lang='lat' dir='ltr'><strong>miram,</strong></span> <span class='ocrx_word' id='word_1_175' title='bbox 1117 2373 1223 2413; x_wconf 89' lang='lat' dir='ltr'><strong>non</strong></span> <span class='ocrx_word' id='word_1_176' title='bbox 1251 2359 1421 2413; x_wconf 88' lang='lat' dir='ltr'><strong>solum</strong></span> <span class='ocrx_word' id='word_1_177' title='bbox 1458 2359 1572 2427; x_wconf 89' lang='lat' dir='ltr'><strong>ipsa</strong></span> <span class='ocrx_word' id='word_1_178' title='bbox 1600 2359 1797 2415; x_wconf 90' lang='lat' dir='ltr'><strong>sterilis</strong></span> <span class='ocrx_word' id='word_1_179' title='bbox 1824 2358 1942 2427; x_wconf 90' lang='lat' dir='ltr'><strong>fuit,</strong></span> 
     </span>
    </p>
   </div>
   <div class='ocr_carea' id='block_1_24' title="bbox 359 2447 1943 2518">
    <p class='ocr_par' dir='ltr' id='par_1_24' title="bbox 359 2447 1943 2518">
     <span class='ocr_line' id='line_1_24' title="bbox 359 2447 1943 2518; baseline 0.001 -16"><span class='ocrx_word' id='word_1_180' title='bbox 359 2447 454 2502; x_wconf 85' lang='lat' dir='ltr'><strong>sed</strong></span> <span class='ocrx_word' id='word_1_181' title='bbox 482 2457 535 2502; x_wconf 92' lang='lat' dir='ltr'><strong>et</strong></span> <span class='ocrx_word' id='word_1_182' title='bbox 562 2458 735 2503; x_wconf 89' lang='lat' dir='ltr'><strong>mater</strong></span> <span class='ocrx_word' id='word_1_183' title='bbox 758 2449 883 2518; x_wconf 89' lang='lat' dir='ltr'><strong>justi</strong></span> <span class='ocrx_word' id='word_1_184' title='bbox 908 2447 1069 2503; x_wconf 89' lang='lat' dir='ltr'><strong>Sarra</strong></span> <span class='ocrx_word' id='word_1_185' title='bbox 1092 2465 1110 2502; x_wconf 73' lang='grc' dir='ltr'><strong>ε</strong></span> <span class='ocrx_word' id='word_1_186' title='bbox 1136 2463 1308 2518; x_wconf 89' lang='lat' dir='ltr'><strong>neque</strong></span> <span class='ocrx_word' id='word_1_187' title='bbox 1334 2457 1505 2502; x_wconf 87' lang='lat' dir='ltr'><strong>mater</strong></span> <span class='ocrx_word' id='word_1_188' title='bbox 1543 2448 1657 2517; x_wconf 86' lang='lat' dir='ltr'><strong>ejus</strong></span> <span class='ocrx_word' id='word_1_189' title='bbox 1687 2449 1819 2515; x_wconf 87' lang='lat' dir='ltr'><strong>sola,</strong></span> <span class='ocrx_word' id='word_1_190' title='bbox 1847 2448 1943 2504; x_wconf 93' lang='lat' dir='ltr'><strong>sed</strong></span> 
     </span>
    </p>
   </div>
   <div class='ocr_carea' id='block_1_25' title="bbox 356 2538 1945 2605">
    <p class='ocr_par' dir='ltr' id='par_1_25' title="bbox 356 2538 1945 2605">
     <span class='ocr_line' id='line_1_25' title="bbox 356 2538 1945 2605; baseline 0.001 -12"><span class='ocrx_word' id='word_1_191' title='bbox 356 2547 413 2593; x_wconf 91' lang='lat' dir='ltr'><strong>et</strong></span> <span class='ocrx_word' id='word_1_192' title='bbox 441 2555 605 2593; x_wconf 91' lang='lat' dir='ltr'><strong>nurus</strong></span> <span class='ocrx_word' id='word_1_193' title='bbox 626 2581 642 2604; x_wconf 91' lang='lat'><strong>,</strong></span> <span class='ocrx_word' id='word_1_194' title='bbox 669 2539 869 2594; x_wconf 83' lang='lat' dir='ltr'><strong>Rachel</strong></span> <span class='ocrx_word' id='word_1_195' title='bbox 905 2554 1039 2593; x_wconf 83' lang='lat' dir='ltr'><strong>uxor</strong></span> <span class='ocrx_word' id='word_1_196' title='bbox 1072 2539 1274 2593; x_wconf 84' lang='lat' dir='ltr'><strong>Jacobi.</strong></span> <span class='ocrx_word' id='word_1_197' title='bbox 1306 2538 1441 2605; x_wconf 86' lang='lat' dir='ltr'><strong>Quid</strong></span> <span class='ocrx_word' id='word_1_198' title='bbox 1465 2538 1565 2593; x_wconf 91' lang='lat' dir='ltr'><strong>sibi</strong></span> <span class='ocrx_word' id='word_1_199' title='bbox 1594 2538 1704 2593; x_wconf 84' lang='lat' dir='ltr'><strong>vult</strong></span> <span class='ocrx_word' id='word_1_200' title='bbox 1729 2539 1818 2593; x_wconf 88' lang='lat' dir='ltr'><strong>ille</strong></span> <span class='ocrx_word' id='word_1_201' title='bbox 1845 2547 1945 2595; x_wconf 87' lang='lat' dir='ltr'><strong>ste-</strong></span> 
     </span>
    </p>
   </div>
   <div class='ocr_carea' id='block_1_26' title="bbox 361 2629 1940 2701">
    <p class='ocr_par' dir='ltr' id='par_1_26' title="bbox 361 2629 1940 2701">
     <span class='ocr_line' id='line_1_26' title="bbox 361 2629 1940 2701; baseline 0.001 -17"><span class='ocrx_word' id='word_1_202' title='bbox 361 2630 539 2684; x_wconf 91' lang='lat' dir='ltr'><strong>rilium</strong></span> <span class='ocrx_word' id='word_1_203' title='bbox 579 2631 813 2685; x_wconf 78' lang='lat' dir='ltr'><strong>chorus?</strong></span> <span class='ocrx_word' id='word_1_204' title='bbox 843 2630 1040 2686; x_wconf 90' lang='lat' dir='ltr'><strong>Omnes</strong></span> <span class='ocrx_word' id='word_1_205' title='bbox 1064 2629 1222 2699; x_wconf 80' lang='lat' dir='ltr'><strong>justi,</strong></span> <span class='ocrx_word' id='word_1_206' title='bbox 1253 2645 1441 2685; x_wconf 90' lang='lat' dir='ltr'><strong>omnes</strong></span> <span class='ocrx_word' id='word_1_207' title='bbox 1468 2630 1666 2685; x_wconf 89' lang='lat' dir='ltr'><strong>virtute</strong></span> <span class='ocrx_word' id='word_1_208' title='bbox 1696 2630 1940 2701; x_wconf 71' lang='lat' dir='ltr'><strong>praediti,</strong></span> 
     </span>
    </p>
   </div>
   <div class='ocr_carea' id='block_1_27' title="bbox 358 2722 1945 2793">
    <p class='ocr_par' dir='ltr' id='par_1_27' title="bbox 358 2722 1945 2793">
     <span class='ocr_line' id='line_1_27' title="bbox 358 2722 1945 2793; baseline 0.001 -17"><span class='ocrx_word' id='word_1_209' title='bbox 358 2736 597 2777; x_wconf 88' lang='lat' dir='ltr'><strong>omnesa</strong></span> <span class='ocrx_word' id='word_1_210' title='bbox 641 2723 750 2777; x_wconf 91' lang='lat' dir='ltr'><strong>Deo</strong></span> <span class='ocrx_word' id='word_1_211' title='bbox 778 2722 1141 2777; x_wconf 87' lang='lat' dir='ltr'><strong>testimonium</strong></span> <span class='ocrx_word' id='word_1_212' title='bbox 1189 2722 1468 2778; x_wconf 83' lang='lat' dir='ltr'><strong>habentes.</strong></span> <span class='ocrx_word' id='word_1_213' title='bbox 1520 2722 1654 2778; x_wconf 89' lang='lat' dir='ltr'><strong>Nam</strong></span> <span class='ocrx_word' id='word_1_214' title='bbox 1699 2723 1767 2778; x_wconf 93' lang='lat' dir='ltr'><strong>de</strong></span> <span class='ocrx_word' id='word_1_215' title='bbox 1815 2722 1945 2793; x_wconf 90' lang='lat' dir='ltr'><strong>ipsis</strong></span> 
     </span>
    </p>
   </div>
   <div class='ocr_carea' id='block_1_28' title="bbox 355 2812 1944 2883">
    <p class='ocr_par' dir='ltr' id='par_1_28' title="bbox 355 2812 1944 2883">
     <span class='ocr_line' id='line_1_28' title="bbox 355 2812 1944 2883; baseline 0.002 -16"><span class='ocrx_word' id='word_1_216' title='bbox 355 2813 601 2868; x_wconf 89' lang='lat' dir='ltr'><strong>dicebat:</strong></span> <span class='ocrx_word' id='word_1_217' title='bbox 635 2812 747 2883; x_wconf 87' lang='lat' dir='ltr'><strong>Ego</strong></span> <span class='ocrx_word' id='word_1_218' title='bbox 785 2831 895 2868; x_wconf 88' lang='lat' dir='ltr'><strong>sum</strong></span> <span class='ocrx_word' id='word_1_219' title='bbox 923 2813 1059 2869; x_wconf 91' lang='lat' dir='ltr'><strong>Deus</strong></span> <span class='ocrx_word' id='word_1_220' title='bbox 1085 2814 1342 2869; x_wconf 82' lang='lat' dir='ltr'><strong>Abraham</strong></span> <span class='ocrx_word' id='word_1_221' title='bbox 1363 2856 1379 2881; x_wconf 91' lang='lat'><strong>,</strong></span> <span class='ocrx_word' id='word_1_222' title='bbox 1416 2814 1555 2869; x_wconf 90' lang='lat' dir='ltr'><strong>Deus</strong></span> <span class='ocrx_word' id='word_1_223' title='bbox 1598 2816 1771 2881; x_wconf 86' lang='lat' dir='ltr'><strong>Isaac,</strong></span> <span class='ocrx_word' id='word_1_224' title='bbox 1805 2814 1944 2870; x_wconf 89' lang='lat' dir='ltr'><strong>Deus</strong></span> 
     </span>
    </p>
   </div>
   <div class='ocr_carea' id='block_1_29' title="bbox 360 2903 1944 2975">
    <p class='ocr_par' dir='ltr' id='par_1_29' title="bbox 360 2903 1944 2975">
     <span class='ocr_line' id='line_1_29' title="bbox 360 2903 1944 2975; baseline 0.002 -18"><span class='ocrx_word' id='word_1_225' title='bbox 360 2904 521 2957; x_wconf 86' lang='lat' dir='ltr'><strong>Jacob</strong></span> <span class='ocrx_word' id='word_1_226' title='bbox 566 2904 758 2975; x_wconf 78' lang='lat' dir='ltr'><strong>(Exod.</strong></span> <span class='ocrx_word' id='word_1_227' title='bbox 788 2906 842 2960; x_wconf 78' lang='lat'><strong>5.</strong></span> <span class='ocrx_word' id='word_1_228' title='bbox 884 2903 964 2975; x_wconf 82' lang='lat'><strong>6).</strong></span> <span class='ocrx_word' id='word_1_229' title='bbox 993 2904 1186 2960; x_wconf 87' lang='lat' dir='ltr'><strong>Beatus</strong></span> <span class='ocrx_word' id='word_1_230' title='bbox 1224 2915 1402 2959; x_wconf 88' lang='lat' dir='ltr'><strong>autem</strong></span> <span class='ocrx_word' id='word_1_231' title='bbox 1434 2905 1628 2960; x_wconf 87' lang='lat' dir='ltr'><strong>Paulus</strong></span> <span class='ocrx_word' id='word_1_232' title='bbox 1657 2907 1733 2960; x_wconf 88' lang='lat' dir='ltr'><strong>ait</strong></span> <span class='ocrx_word' id='word_1_233' title='bbox 1769 2922 1784 2959; x_wconf 87' lang='lat'><strong>:</strong></span> <span class='ocrx_word' id='word_1_234' title='bbox 1818 2904 1944 2960; x_wconf 88' lang='lat' dir='ltr'><strong>Ideo</strong></span> 
     </span>
    </p>
   </div>
   <div class='ocr_carea' id='block_1_30' title="bbox 356 2994 1941 3066">
    <p class='ocr_par' dir='ltr' id='par_1_30' title="bbox 356 2994 1941 3066">
     <span class='ocr_line' id='line_1_30' title="bbox 356 2994 1941 3066; baseline -0.001 -17"><span class='ocrx_word' id='word_1_235' title='bbox 356 3012 457 3049; x_wconf 85' lang='lat' dir='ltr'><strong>non</strong></span> <span class='ocrx_word' id='word_1_236' title='bbox 492 2997 820 3066; x_wconf 80' lang='lat' dir='ltr'><strong>confunditur</strong></span> <span class='ocrx_word' id='word_1_237' title='bbox 844 2994 1014 3059; x_wconf 86' lang='lat' dir='ltr'><strong>Deus,</strong></span> <span class='ocrx_word' id='word_1_238' title='bbox 1051 3004 1107 3048; x_wconf 88' lang='lat' dir='ltr'><strong>ut</strong></span> <span class='ocrx_word' id='word_1_239' title='bbox 1134 3006 1335 3049; x_wconf 84' lang='lat' dir='ltr'><strong>vocetur</strong></span> <span class='ocrx_word' id='word_1_240' title='bbox 1368 3011 1542 3051; x_wconf 86' lang='lat' dir='ltr'><strong>eorum</strong></span> <span class='ocrx_word' id='word_1_241' title='bbox 1580 2994 1719 3049; x_wconf 87' lang='lat' dir='ltr'><strong>Deus</strong></span> <span class='ocrx_word' id='word_1_242' title='bbox 1758 2994 1941 3065; x_wconf 84' lang='lat' dir='ltr'><strong>(Hebr.</strong></span> 
     </span>
    </p>
   </div>
   <div class='ocr_carea' id='block_1_31' title="bbox 356 3087 1941 3157">
    <p class='ocr_par' dir='ltr' id='par_1_31' title="bbox 356 3087 1941 3157">
     <span class='ocr_line' id='line_1_31' title="bbox 356 3087 1941 3157; baseline -0.002 -16"><span class='ocrx_word' id='word_1_243' title='bbox 356 3089 443 3141; x_wconf 83' lang='grc' dir='ltr'><strong>Η.</strong></span> <span class='ocrx_word' id='word_1_244' title='bbox 479 3087 592 3157; x_wconf 74' lang='grc'><strong>16).</strong></span> <span class='ocrx_word' id='word_1_245' title='bbox 641 3087 817 3141; x_wconf 71' lang='lat' dir='ltr'><strong>Multa:</strong></span> <span class='ocrx_word' id='word_1_246' title='bbox 861 3088 1095 3156; x_wconf 89' lang='lat' dir='ltr'><strong>ipsorum</strong></span> <span class='ocrx_word' id='word_1_247' title='bbox 1139 3087 1321 3142; x_wconf 87' lang='lat' dir='ltr'><strong>laudes</strong></span> <span class='ocrx_word' id='word_1_248' title='bbox 1359 3088 1413 3141; x_wconf 88' lang='lat' dir='ltr'><strong>in</strong></span> <span class='ocrx_word' id='word_1_249' title='bbox 1448 3087 1618 3153; x_wconf 86' lang='lat' dir='ltr'><strong>Novo,</strong></span> <span class='ocrx_word' id='word_1_250' title='bbox 1662 3087 1844 3142; x_wconf 68' lang='lat' dir='ltr'><strong>multa:</strong></span> <span class='ocrx_word' id='word_1_251' title='bbox 1889 3089 1941 3139; x_wconf 92' lang='lat' dir='ltr'><strong>in</strong></span> 
     </span>
    </p>
   </div>
   <div class='ocr_carea' id='block_1_32' title="bbox 358 3172 1944 3247">
    <p class='ocr_par' dir='ltr' id='par_1_32' title="bbox 358 3172 1944 3247">
     <span class='ocr_line' id='line_1_32' title="bbox 358 3172 1944 3247; baseline 0.001 -15"><span class='ocrx_word' id='word_1_252' title='bbox 358 3178 561 3234; x_wconf 71' lang='lat' dir='ltr'><strong>Veteri.</strong></span> <span class='ocrx_word' id='word_1_253' title='bbox 598 3176 840 3247; x_wconf 89' lang='lat' dir='ltr'><strong>Undique</strong></span> <span class='ocrx_word' id='word_1_254' title='bbox 880 3178 1007 3232; x_wconf 91' lang='lat' dir='ltr'><strong>clari</strong></span> <span class='ocrx_word' id='word_1_255' title='bbox 1043 3187 1096 3232; x_wconf 90' lang='lat' dir='ltr'><strong>et</strong></span> <span class='ocrx_word' id='word_1_256' title='bbox 1135 3178 1379 3245; x_wconf 86' lang='lat' dir='ltr'><strong>nobiles,</strong></span> <span class='ocrx_word' id='word_1_257' title='bbox 1411 3188 1465 3233; x_wconf 92' lang='lat' dir='ltr'><strong>et</strong></span> <span class='ocrx_word' id='word_1_258' title='bbox 1507 3192 1696 3232; x_wconf 89' lang='lat' dir='ltr'><strong>omnes</strong></span> <span class='ocrx_word' id='word_1_259' title='bbox 1734 3172 1944 3233; x_wconf 88' lang='lat' dir='ltr'><strong>steriles</strong></span> 
     </span>
    </p>
   </div>
   <div class='ocr_carea' id='block_1_33' title="bbox 356 3268 1940 3340">
    <p class='ocr_par' dir='ltr' id='par_1_33' title="bbox 356 3268 1940 3340">
     <span class='ocr_line' id='line_1_33' title="bbox 356 3268 1940 3340; baseline 0.001 -18"><span class='ocrx_word' id='word_1_260' title='bbox 356 3269 656 3324; x_wconf 86' lang='lat' dir='ltr'><strong>habuerunt</strong></span> <span class='ocrx_word' id='word_1_261' title='bbox 669 3270 1161 3340; x_wconf 86' lang='lat' dir='ltr'><strong>uxores,multoque</strong></span> <span class='ocrx_word' id='word_1_262' title='bbox 1175 3278 1415 3338; x_wconf 90' lang='lat' dir='ltr'><strong>tempore</strong></span> <span class='ocrx_word' id='word_1_263' title='bbox 1432 3278 1718 3323; x_wconf 89' lang='lat' dir='ltr'><strong>caruerunt</strong></span> <span class='ocrx_word' id='word_1_264' title='bbox 1734 3268 1940 3323; x_wconf 90' lang='lat' dir='ltr'><strong>liberis.</strong></span> 
     </span>
    </p>
   </div>
   <div class='ocr_carea' id='block_1_34' title="bbox 430 3361 1938 3433">
    <p class='ocr_par' dir='ltr' id='par_1_34' title="bbox 430 3361 1938 3433">
     <span class='ocr_line' id='line_1_34' title="bbox 430 3361 1938 3433; baseline 0 -18"><span class='ocrx_word' id='word_1_265' title='bbox 430 3365 487 3416; x_wconf 78' lang='grc'><strong>2.</strong></span> <span class='ocrx_word' id='word_1_266' title='bbox 533 3361 752 3432; x_wconf 84' lang='lat' dir='ltr'><strong>PrOpter</strong></span> <span class='ocrx_word' id='word_1_267' title='bbox 785 3378 963 3416; x_wconf 85' lang='lat' dir='ltr'><strong>causas</strong></span> <span class='ocrx_word' id='word_1_268' title='bbox 990 3378 1206 3416; x_wconf 87' lang='lat' dir='ltr'><strong>arcanas</strong></span> <span class='ocrx_word' id='word_1_269' title='bbox 1232 3361 1590 3433; x_wconf 80' lang='lat' dir='ltr'><strong>fecunditatem</strong></span> <span class='ocrx_word' id='word_1_270' title='bbox 1620 3362 1770 3415; x_wconf 88' lang='lat' dir='ltr'><strong>etiam</strong></span> <span class='ocrx_word' id='word_1_271' title='bbox 1780 3362 1938 3431; x_wconf 86' lang='lat' dir='ltr'><strong>justis</strong></span> 
     </span>
    </p>
   </div>
   <div class='ocr_carea' id='block_1_35' title="bbox 360 3454 1941 3528">
    <p class='ocr_par' dir='ltr' id='par_1_35' title="bbox 360 3454 1941 3528">
     <span class='ocr_line' id='line_1_35' title="bbox 360 3454 1941 3528; baseline -0.001 -19"><span class='ocrx_word' id='word_1_272' title='bbox 360 3465 511 3527; x_wconf 83' lang='lat' dir='ltr'><strong>negat</strong></span> <span class='ocrx_word' id='word_1_273' title='bbox 536 3456 717 3523; x_wconf 87' lang='lat' dir='ltr'><strong>Deus;</strong></span> <span class='ocrx_word' id='word_1_274' title='bbox 756 3457 1039 3528; x_wconf 73' lang='lat' dir='ltr'><strong>fecunditas</strong></span> <span class='ocrx_word' id='word_1_275' title='bbox 1066 3456 1311 3511; x_wconf 86' lang='lat' dir='ltr'><strong>sterilium</strong></span> <span class='ocrx_word' id='word_1_276' title='bbox 1350 3465 1551 3525; x_wconf 86' lang='lat' dir='ltr'><strong>partum</strong></span> <span class='ocrx_word' id='word_1_277' title='bbox 1589 3454 1799 3525; x_wconf 82' lang='lat' dir='ltr'><strong>virginis</strong></span> <span class='ocrx_word' id='word_1_278' title='bbox 1825 3470 1941 3523; x_wconf 86' lang='lat' dir='ltr'><strong>pro-</strong></span> 
     </span>
    </p>
   </div>
   <div class='ocr_carea' id='block_1_36' title="bbox 355 3544 1942 3618">
    <p class='ocr_par' dir='ltr' id='par_1_36' title="bbox 355 3544 1942 3618">
     <span class='ocr_line' id='line_1_36' title="bbox 355 3544 1942 3618; baseline 0 -20"><span class='ocrx_word' id='word_1_279' title='bbox 355 3545 789 3614; x_wconf 86' lang='lat' dir='ltr'><strong>bat.—Quando</strong></span> <span class='ocrx_word' id='word_1_280' title='bbox 814 3548 975 3618; x_wconf 78' lang='lat' dir='ltr'><strong>igitur</strong></span> <span class='ocrx_word' id='word_1_281' title='bbox 1008 3547 1203 3603; x_wconf 90' lang='lat' dir='ltr'><strong>videris</strong></span> <span class='ocrx_word' id='word_1_282' title='bbox 1245 3546 1415 3601; x_wconf 84' lang='lat' dir='ltr'><strong>virum</strong></span> <span class='ocrx_word' id='word_1_283' title='bbox 1446 3554 1496 3601; x_wconf 89' lang='lat' dir='ltr'><strong>et</strong></span> <span class='ocrx_word' id='word_1_284' title='bbox 1527 3545 1805 3600; x_wconf 91' lang='lat' dir='ltr'><strong>mulierem</strong></span> <span class='ocrx_word' id='word_1_285' title='bbox 1831 3544 1942 3598; x_wconf 60' lang='lat' dir='ltr'><strong>viro</strong></span> 
     </span>
    </p>
   </div>
   <div class='ocr_carea' id='block_1_37' title="bbox 358 3635 1942 3709">
    <p class='ocr_par' dir='ltr' id='par_1_37' title="bbox 358 3635 1942 3709">
     <span class='ocr_line' id='line_1_37' title="bbox 358 3635 1942 3709; baseline -0.001 -19"><span class='ocrx_word' id='word_1_286' title='bbox 358 3638 455 3691; x_wconf 91' lang='lat' dir='ltr'><strong>tuti</strong></span> <span class='ocrx_word' id='word_1_287' title='bbox 499 3637 731 3705; x_wconf 90' lang='lat' dir='ltr'><strong>deditos,</strong></span> <span class='ocrx_word' id='word_1_288' title='bbox 776 3653 961 3694; x_wconf 89' lang='lat' dir='ltr'><strong>carere</strong></span> <span class='ocrx_word' id='word_1_289' title='bbox 1006 3638 1179 3709; x_wconf 84' lang='lat' dir='ltr'><strong>prole.</strong></span> <span class='ocrx_word' id='word_1_290' title='bbox 1227 3637 1439 3707; x_wconf 89' lang='lat' dir='ltr'><strong>quando</strong></span> <span class='ocrx_word' id='word_1_291' title='bbox 1484 3636 1681 3691; x_wconf 86' lang='lat' dir='ltr'><strong>videns</strong></span> <span class='ocrx_word' id='word_1_292' title='bbox 1727 3635 1842 3704; x_wconf 87' lang='lat' dir='ltr'><strong>pios</strong></span> <span class='ocrx_word' id='word_1_293' title='bbox 1888 3644 1942 3690; x_wconf 93' lang='lat' dir='ltr'><strong>et</strong></span> 
     </span>
    </p>
   </div>
   <div class='ocr_carea' id='block_1_38' title="bbox 355 3725 1944 3798">
    <p class='ocr_par' dir='ltr' id='par_1_38' title="bbox 355 3725 1944 3798">
     <span class='ocr_line' id='line_1_38' title="bbox 355 3725 1944 3798; baseline -0.001 -16"><span class='ocrx_word' id='word_1_294' title='bbox 355 3728 629 3798; x_wconf 87' lang='lat' dir='ltr'><strong>religionis</strong></span> <span class='ocrx_word' id='word_1_295' title='bbox 653 3729 917 3783; x_wconf 89' lang='lat' dir='ltr'><strong>studiosos</strong></span> <span class='ocrx_word' id='word_1_296' title='bbox 940 3744 1044 3783; x_wconf 91' lang='lat' dir='ltr'><strong>non</strong></span> <span class='ocrx_word' id='word_1_297' title='bbox 1072 3729 1268 3783; x_wconf 88' lang='lat' dir='ltr'><strong>habere</strong></span> <span class='ocrx_word' id='word_1_298' title='bbox 1291 3728 1505 3791; x_wconf 89' lang='lat' dir='ltr'><strong>liberos,</strong></span> <span class='ocrx_word' id='word_1_299' title='bbox 1529 3743 1597 3782; x_wconf 91' lang='lat' dir='ltr'><strong>ne</strong></span> <span class='ocrx_word' id='word_1_300' title='bbox 1615 3727 1815 3781; x_wconf 88' lang='lat' dir='ltr'><strong>tribuas</strong></span> <span class='ocrx_word' id='word_1_301' title='bbox 1841 3725 1944 3781; x_wconf 86' lang='lat' dir='ltr'><strong>hoc</strong></span> 
     </span>
    </p>
   </div>
   <div class='ocr_carea' id='block_1_39' title="bbox 359 3818 1944 3887">
    <p class='ocr_par' dir='ltr' id='par_1_39' title="bbox 359 3818 1944 3887">
     <span class='ocr_line' id='line_1_39' title="bbox 359 3818 1944 3887; baseline 0.001 -16"><span class='ocrx_word' id='word_1_302' title='bbox 359 3820 609 3887; x_wconf 87' lang='lat' dir='ltr'><strong>peccatis.</strong></span> <span class='ocrx_word' id='word_1_303' title='bbox 661 3820 838 3874; x_wconf 85' lang='lat' dir='ltr'><strong>Multae</strong></span> <span class='ocrx_word' id='word_1_304' title='bbox 866 3821 1007 3874; x_wconf 89' lang='lat' dir='ltr'><strong>enim</strong></span> <span class='ocrx_word' id='word_1_305' title='bbox 1054 3819 1249 3874; x_wconf 67' lang='lat' dir='ltr'><strong>divina:</strong></span> <span class='ocrx_word' id='word_1_306' title='bbox 1275 3819 1684 3887; x_wconf 88' lang='lat' dir='ltr'><strong>dispensationis</strong></span> <span class='ocrx_word' id='word_1_307' title='bbox 1711 3818 1944 3873; x_wconf 89' lang='lat' dir='ltr'><strong>rationes</strong></span> 
     </span>
    </p>
   </div>
   <div class='ocr_carea' id='block_1_40' title="bbox 354 3908 1945 3977">
    <p class='ocr_par' dir='ltr' id='par_1_40' title="bbox 354 3908 1945 3977">
     <span class='ocr_line' id='line_1_40' title="bbox 354 3908 1945 3977; baseline 0.001 -16"><span class='ocrx_word' id='word_1_308' title='bbox 354 3908 509 3963; x_wconf 84' lang='lat' dir='ltr'><strong>nobis</strong></span> <span class='ocrx_word' id='word_1_309' title='bbox 549 3917 674 3963; x_wconf 89' lang='lat' dir='ltr'><strong>sunt</strong></span> <span class='ocrx_word' id='word_1_310' title='bbox 728 3924 959 3973; x_wconf 69' lang='lat' dir='ltr'><strong>arcanae,</strong></span> <span class='ocrx_word' id='word_1_311' title='bbox 1014 3917 1068 3963; x_wconf 88' lang='lat' dir='ltr'><strong>et</strong></span> <span class='ocrx_word' id='word_1_312' title='bbox 1118 3922 1216 3977; x_wconf 94' lang='lat' dir='ltr'><strong>pro</strong></span> <span class='ocrx_word' id='word_1_313' title='bbox 1261 3908 1507 3962; x_wconf 90' lang='lat' dir='ltr'><strong>omnibus</strong></span> <span class='ocrx_word' id='word_1_314' title='bbox 1544 3908 1745 3976; x_wconf 88' lang='lat' dir='ltr'><strong>gratias</strong></span> <span class='ocrx_word' id='word_1_315' title='bbox 1784 3921 1945 3976; x_wconf 87' lang='lat' dir='ltr'><strong>agere</strong></span> 
     </span>
    </p>
   </div>
   <div class='ocr_carea' id='block_1_41' title="bbox 352 3997 1943 4068">
    <p class='ocr_par' dir='ltr' id='par_1_41' title="bbox 352 3997 1943 4068">
     <span class='ocr_line' id='line_1_41' title="bbox 352 3997 1943 4068; baseline -0.001 -15"><span class='ocrx_word' id='word_1_316' title='bbox 352 4007 587 4068; x_wconf 88' lang='lat' dir='ltr'><strong>oportet,</strong></span> <span class='ocrx_word' id='word_1_317' title='bbox 616 4014 679 4053; x_wconf 88' lang='lat' dir='ltr'><strong>ac</strong></span> <span class='ocrx_word' id='word_1_318' title='bbox 705 4000 850 4054; x_wconf 91' lang='lat' dir='ltr'><strong>solos</strong></span> <span class='ocrx_word' id='word_1_319' title='bbox 880 3999 997 4053; x_wconf 90' lang='lat' dir='ltr'><strong>illos</strong></span> <span class='ocrx_word' id='word_1_320' title='bbox 1027 3999 1253 4053; x_wconf 91' lang='lat' dir='ltr'><strong>miseros</strong></span> <span class='ocrx_word' id='word_1_321' title='bbox 1279 3998 1476 4062; x_wconf 87' lang='lat' dir='ltr'><strong>dicere,</strong></span> <span class='ocrx_word' id='word_1_322' title='bbox 1509 3998 1597 4067; x_wconf 92' lang='lat' dir='ltr'><strong>qui</strong></span> <span class='ocrx_word' id='word_1_323' title='bbox 1644 3997 1697 4050; x_wconf 92' lang='lat' dir='ltr'><strong>in</strong></span> <span class='ocrx_word' id='word_1_324' title='bbox 1721 4007 1943 4067; x_wconf 88' lang='lat' dir='ltr'><strong>peccato</strong></span> 
     </span>
    </p>
   </div>
   <div class='ocr_carea' id='block_1_42' title="bbox 354 4087 1941 4160">
    <p class='ocr_par' dir='ltr' id='par_1_42' title="bbox 354 4087 1941 4160">
     <span class='ocr_line' id='line_1_42' title="bbox 354 4087 1941 4160; baseline -0.003 -16"><span class='ocrx_word' id='word_1_325' title='bbox 354 4092 558 4154; x_wconf 84' lang='lat' dir='ltr'><strong>vivunt,</strong></span> <span class='ocrx_word' id='word_1_326' title='bbox 586 4104 806 4144; x_wconf 90' lang='lat' dir='ltr'><strong>noneos</strong></span> <span class='ocrx_word' id='word_1_327' title='bbox 849 4090 1038 4160; x_wconf 89' lang='lat' dir='ltr'><strong>quibus</strong></span> <span class='ocrx_word' id='word_1_328' title='bbox 1064 4089 1154 4143; x_wconf 80' lang='lat' dir='ltr'><strong>lilii</strong></span> <span class='ocrx_word' id='word_1_329' title='bbox 1202 4088 1414 4143; x_wconf 91' lang='lat' dir='ltr'><strong>desunt.</strong></span> <span class='ocrx_word' id='word_1_330' title='bbox 1461 4087 1667 4157; x_wconf 86' lang='lat' dir='ltr'><strong>Quippe</strong></span> <span class='ocrx_word' id='word_1_331' title='bbox 1691 4101 1941 4156; x_wconf 69' lang='lat' dir='ltr'><strong>saepenu-</strong></span> 
     </span>
    </p>
   </div>
   <div class='ocr_carea' id='block_1_43' title="bbox 356 4181 1944 4249">
    <p class='ocr_par' dir='ltr' id='par_1_43' title="bbox 356 4181 1944 4249">
     <span class='ocr_line' id='line_1_43' title="bbox 356 4181 1944 4249; baseline -0.003 -13"><span class='ocrx_word' id='word_1_332' title='bbox 356 4196 508 4237; x_wconf 88' lang='lat' dir='ltr'><strong>mero</strong></span> <span class='ocrx_word' id='word_1_333' title='bbox 533 4181 697 4236; x_wconf 86' lang='lat' dir='ltr'><strong>multa</strong></span> <span class='ocrx_word' id='word_1_334' title='bbox 727 4182 865 4237; x_wconf 83' lang='lat' dir='ltr'><strong>Deus</strong></span> <span class='ocrx_word' id='word_1_335' title='bbox 895 4181 1093 4235; x_wconf 88' lang='lat' dir='ltr'><strong>utiliter</strong></span> <span class='ocrx_word' id='word_1_336' title='bbox 1136 4181 1427 4249; x_wconf 80' lang='lat' dir='ltr'><strong>dispensat,</strong></span> <span class='ocrx_word' id='word_1_337' title='bbox 1446 4195 1672 4249; x_wconf 89' lang='lat' dir='ltr'><strong>quorum</strong></span> <span class='ocrx_word' id='word_1_338' title='bbox 1701 4193 1796 4234; x_wconf 85' lang='lat' dir='ltr'><strong>nos</strong></span> <span class='ocrx_word' id='word_1_339' title='bbox 1818 4192 1944 4233; x_wconf 84' lang='lat' dir='ltr'><strong>cau-</strong></span> 
     </span>
    </p>
   </div>
   <div class='ocr_carea' id='block_1_44' title="bbox 354 4269 1941 4342">
    <p class='ocr_par' dir='ltr' id='par_1_44' title="bbox 354 4269 1941 4342">
     <span class='ocr_line' id='line_1_44' title="bbox 354 4269 1941 4342; baseline -0.002 -15"><span class='ocrx_word' id='word_1_340' title='bbox 354 4287 469 4327; x_wconf 86' lang='lat' dir='ltr'><strong>sam</strong></span> <span class='ocrx_word' id='word_1_341' title='bbox 500 4272 786 4328; x_wconf 89' lang='lat' dir='ltr'><strong>nescimus.</strong></span> <span class='ocrx_word' id='word_1_342' title='bbox 820 4272 1117 4342; x_wconf 80' lang='lat' dir='ltr'><strong>EaprOpter</strong></span> <span class='ocrx_word' id='word_1_343' title='bbox 1137 4271 1189 4325; x_wconf 93' lang='lat' dir='ltr'><strong>in</strong></span> <span class='ocrx_word' id='word_1_344' title='bbox 1217 4270 1462 4325; x_wconf 86' lang='lat' dir='ltr'><strong>omnibus</strong></span> <span class='ocrx_word' id='word_1_345' title='bbox 1483 4270 1794 4340; x_wconf 88' lang='lat' dir='ltr'><strong>sapientiam</strong></span> <span class='ocrx_word' id='word_1_346' title='bbox 1825 4269 1941 4338; x_wconf 89' lang='lat' dir='ltr'><strong>ejus</strong></span> 
     </span>
    </p>
   </div>
   <div class='ocr_carea' id='block_1_45' title="bbox 354 4359 1939 4434">
    <p class='ocr_par' dir='ltr' id='par_1_45' title="bbox 354 4359 1939 4434">
     <span class='ocr_line' id='line_1_45' title="bbox 354 4359 1939 4434; baseline -0.003 -17"><span class='ocrx_word' id='word_1_347' title='bbox 354 4363 606 4418; x_wconf 87' lang='lat' dir='ltr'><strong>admirari</strong></span> <span class='ocrx_word' id='word_1_348' title='bbox 634 4371 865 4433; x_wconf 80' lang='lat' dir='ltr'><strong>Oportet,</strong></span> <span class='ocrx_word' id='word_1_349' title='bbox 903 4376 967 4416; x_wconf 88' lang='lat' dir='ltr'><strong>ac</strong></span> <span class='ocrx_word' id='word_1_350' title='bbox 1009 4362 1309 4433; x_wconf 80' lang='lat' dir='ltr'><strong>gloriﬁcare</strong></span> <span class='ocrx_word' id='word_1_351' title='bbox 1353 4359 1673 4415; x_wconf 79' lang='lat' dir='ltr'><strong>ineffabilem</strong></span> <span class='ocrx_word' id='word_1_352' title='bbox 1723 4359 1939 4434; x_wconf 78' lang='lat' dir='ltr'><strong>miseri-</strong></span> 
     </span>
    </p>
   </div>
   <div class='ocr_carea' id='block_1_46' title="bbox 353 4451 1937 4521">
    <p class='ocr_par' dir='ltr' id='par_1_46' title="bbox 353 4451 1937 4521">
     <span class='ocr_line' id='line_1_46' title="bbox 353 4451 1937 4521; baseline -0.003 -11"><span class='ocrx_word' id='word_1_353' title='bbox 353 4456 614 4510; x_wconf 88' lang='lat' dir='ltr'><strong>cordiam.</strong></span> <span class='ocrx_word' id='word_1_354' title='bbox 641 4453 748 4510; x_wconf 85' lang='lat' dir='ltr'><strong>Sed</strong></span> <span class='ocrx_word' id='word_1_355' title='bbox 768 4458 882 4508; x_wconf 80' lang='lat' dir='ltr'><strong>haec</strong></span> <span class='ocrx_word' id='word_1_356' title='bbox 909 4453 1122 4521; x_wconf 84' lang='lat' dir='ltr'><strong>quidem</strong></span> <span class='ocrx_word' id='word_1_357' title='bbox 1148 4452 1216 4506; x_wconf 90' lang='lat' dir='ltr'><strong>ad</strong></span> <span class='ocrx_word' id='word_1_358' title='bbox 1236 4453 1513 4506; x_wconf 87' lang='lat' dir='ltr'><strong>utilitatem</strong></span> <span class='ocrx_word' id='word_1_359' title='bbox 1540 4460 1771 4506; x_wconf 87' lang='lat' dir='ltr'><strong>vestram</strong></span> <span class='ocrx_word' id='word_1_360' title='bbox 1797 4451 1937 4506; x_wconf 90' lang='lat' dir='ltr'><strong>dicta</strong></span> 
     </span>
    </p>
   </div>
   <div class='ocr_carea' id='block_1_47' title="bbox 354 4541 1934 4613">
    <p class='ocr_par' dir='ltr' id='par_1_47' title="bbox 354 4541 1934 4613">
     <span class='ocr_line' id='line_1_47' title="bbox 354 4541 1934 4613; baseline -0.004 -13"><span class='ocrx_word' id='word_1_361' title='bbox 354 4554 501 4609; x_wconf 88' lang='lat' dir='ltr'><strong>sunt,</strong></span> <span class='ocrx_word' id='word_1_362' title='bbox 526 4545 647 4600; x_wconf 90' lang='lat' dir='ltr'><strong>ideo</strong></span> <span class='ocrx_word' id='word_1_363' title='bbox 672 4554 730 4599; x_wconf 89' lang='lat' dir='ltr'><strong>ut</strong></span> <span class='ocrx_word' id='word_1_364' title='bbox 753 4544 1038 4597; x_wconf 88' lang='lat' dir='ltr'><strong>admodum</strong></span> <span class='ocrx_word' id='word_1_365' title='bbox 1055 4550 1259 4613; x_wconf 84' lang='lat' dir='ltr'><strong>gratam</strong></span> <span class='ocrx_word' id='word_1_366' title='bbox 1275 4541 1603 4595; x_wconf 81' lang='lat' dir='ltr'><strong>voluntatem</strong></span> <span class='ocrx_word' id='word_1_367' title='bbox 1620 4541 1934 4607; x_wconf 85' lang='lat' dir='ltr'><strong>exhibeatis,</strong></span> 
     </span>
    </p>
   </div>
   <div class='ocr_carea' id='block_1_48' title="bbox 358 4630 1937 4703">
    <p class='ocr_par' dir='ltr' id='par_1_48' title="bbox 358 4630 1937 4703">
     <span class='ocr_line' id='line_1_48' title="bbox 358 4630 1937 4703; baseline -0.003 -15"><span class='ocrx_word' id='word_1_368' title='bbox 358 4648 533 4703; x_wconf 90' lang='lat' dir='ltr'><strong>neque</strong></span> <span class='ocrx_word' id='word_1_369' title='bbox 560 4633 628 4687; x_wconf 90' lang='lat' dir='ltr'><strong>de</strong></span> <span class='ocrx_word' id='word_1_370' title='bbox 666 4632 1065 4702; x_wconf 83' lang='lat' dir='ltr'><strong>dispensatione</strong></span> <span class='ocrx_word' id='word_1_371' title='bbox 1102 4630 1281 4685; x_wconf 86' lang='lat' dir='ltr'><strong>divina</strong></span> <span class='ocrx_word' id='word_1_372' title='bbox 1310 4630 1522 4685; x_wconf 88' lang='lat' dir='ltr'><strong>curiose</strong></span> <span class='ocrx_word' id='word_1_373' title='bbox 1550 4630 1890 4685; x_wconf 88' lang='lat' dir='ltr'><strong>sciscitemini</strong></span> <span class='ocrx_word' id='word_1_374' title='bbox 1922 4646 1937 4683; x_wconf 92' lang='lat'><strong>:</strong></span> 
     </span>
    </p>
   </div>
   <div class='ocr_carea' id='block_1_49' title="bbox 355 4722 1942 4792">
    <p class='ocr_par' dir='ltr' id='par_1_49' title="bbox 355 4722 1942 4792">
     <span class='ocr_line' id='line_1_49' title="bbox 355 4722 1942 4792; baseline -0.001 -14"><span class='ocrx_word' id='word_1_375' title='bbox 355 4737 571 4778; x_wconf 84' lang='lat' dir='ltr'><strong>causam</strong></span> <span class='ocrx_word' id='word_1_376' title='bbox 620 4731 799 4777; x_wconf 89' lang='lat' dir='ltr'><strong>tamen</strong></span> <span class='ocrx_word' id='word_1_377' title='bbox 848 4722 1090 4777; x_wconf 81' lang='lat' dir='ltr'><strong>dicamus</strong></span> <span class='ocrx_word' id='word_1_378' title='bbox 1121 4732 1339 4792; x_wconf 87' lang='lat' dir='ltr'><strong>propter</strong></span> <span class='ocrx_word' id='word_1_379' title='bbox 1378 4736 1537 4791; x_wconf 87' lang='lat' dir='ltr'><strong>quam</strong></span> <span class='ocrx_word' id='word_1_380' title='bbox 1565 4722 1812 4778; x_wconf 87' lang='lat' dir='ltr'><strong>mulieres</strong></span> <span class='ocrx_word' id='word_1_381' title='bbox 1838 4722 1942 4777; x_wconf 72' lang='lat' dir='ltr'><strong>illa:</strong></span> 
     </span>
    </p>
   </div>
   <div class='ocr_carea' id='block_1_50' title="bbox 355 4812 1941 4884">
    <p class='ocr_par' dir='ltr' id='par_1_50' title="bbox 355 4812 1941 4884">
     <span class='ocr_line' id='line_1_50' title="bbox 355 4812 1941 4884; baseline -0.001 -15"><span class='ocrx_word' id='word_1_382' title='bbox 355 4815 568 4870; x_wconf 86' lang='lat' dir='ltr'><strong>steriles</strong></span> <span class='ocrx_word' id='word_1_383' title='bbox 612 4813 782 4869; x_wconf 88' lang='lat' dir='ltr'><strong>fuere.</strong></span> <span class='ocrx_word' id='word_1_384' title='bbox 824 4814 1077 4882; x_wconf 64' lang='lat' dir='ltr'><strong>Quaenam</strong></span> <span class='ocrx_word' id='word_1_385' title='bbox 1126 4814 1287 4884; x_wconf 83' lang='lat' dir='ltr'><strong>igitur</strong></span> <span class='ocrx_word' id='word_1_386' title='bbox 1334 4822 1418 4868; x_wconf 90' lang='lat' dir='ltr'><strong>est</strong></span> <span class='ocrx_word' id='word_1_387' title='bbox 1463 4814 1662 4869; x_wconf 78' lang='lat' dir='ltr'><strong>causa?</strong></span> <span class='ocrx_word' id='word_1_388' title='bbox 1700 4812 1772 4870; x_wconf 87' lang='lat' dir='ltr'><strong>Ut</strong></span> <span class='ocrx_word' id='word_1_389' title='bbox 1820 4828 1941 4869; x_wconf 90' lang='lat' dir='ltr'><strong>cum</strong></span> 
     </span>
    </p>
   </div>
   <div class='ocr_carea' id='block_1_51' title="bbox 355 4905 1945 4976">
    <p class='ocr_par' dir='ltr' id='par_1_51' title="bbox 355 4905 1945 4976">
     <span class='ocr_line' id='line_1_51' title="bbox 355 4905 1945 4976; baseline 0.003 -19"><span class='ocrx_word' id='word_1_390' title='bbox 355 4906 554 4961; x_wconf 79' lang='lat' dir='ltr'><strong>videris</strong></span> <span class='ocrx_word' id='word_1_391' title='bbox 597 4905 855 4975; x_wconf 84' lang='lat' dir='ltr'><strong>virginem</strong></span> <span class='ocrx_word' id='word_1_392' title='bbox 904 4914 1142 4960; x_wconf 89' lang='lat' dir='ltr'><strong>nostrum</strong></span> <span class='ocrx_word' id='word_1_393' title='bbox 1171 4919 1509 4961; x_wconf 88' lang='lat' dir='ltr'><strong>communem</strong></span> <span class='ocrx_word' id='word_1_394' title='bbox 1539 4905 1821 4960; x_wconf 89' lang='lat' dir='ltr'><strong>Dominum</strong></span> <span class='ocrx_word' id='word_1_395' title='bbox 1850 4921 1945 4976; x_wconf 89' lang='lat' dir='ltr'><strong>pa-</strong></span> 
     </span>
    </p>
   </div>
   <div class='ocr_carea' id='block_1_52' title="bbox 354 4998 1943 5065">
    <p class='ocr_par' dir='ltr' id='par_1_52' title="bbox 354 4998 1943 5065">
     <span class='ocr_line' id='line_1_52' title="bbox 354 4998 1943 5065; baseline 0.002 -13"><span class='ocrx_word' id='word_1_396' title='bbox 354 4999 603 5065; x_wconf 88' lang='lat' dir='ltr'><strong>rientem,</strong></span> <span class='ocrx_word' id='word_1_397' title='bbox 644 5014 713 5053; x_wconf 89' lang='lat' dir='ltr'><strong>ne</strong></span> <span class='ocrx_word' id='word_1_398' title='bbox 760 4999 834 5053; x_wconf 90' lang='lat' dir='ltr'><strong>sis</strong></span> <span class='ocrx_word' id='word_1_399' title='bbox 876 4998 1198 5053; x_wconf 82' lang='lat' dir='ltr'><strong>incredulus.</strong></span> <span class='ocrx_word' id='word_1_400' title='bbox 1239 4999 1444 5055; x_wconf 86' lang='lat' dir='ltr'><strong>Exerce</strong></span> <span class='ocrx_word' id='word_1_401' title='bbox 1487 5000 1630 5055; x_wconf 91' lang='lat' dir='ltr'><strong>enim</strong></span> <span class='ocrx_word' id='word_1_402' title='bbox 1681 4999 1769 5054; x_wconf 91' lang='lat' dir='ltr'><strong>hic</strong></span> <span class='ocrx_word' id='word_1_403' title='bbox 1822 5008 1943 5055; x_wconf 90' lang='lat' dir='ltr'><strong>tuos</strong></span> 
     </span>
    </p>
   </div>
   <div class='ocr_carea' id='block_1_53' title="bbox 353 5089 2011 5160">
    <p class='ocr_par' dir='ltr' id='par_1_53' title="bbox 353 5089 2011 5160">
     <span class='ocr_line' id='line_1_53' title="bbox 353 5089 2011 5160; baseline 0 -13"><span class='ocrx_word' id='word_1_404' title='bbox 353 5107 563 5157; x_wconf 83' lang='lat' dir='ltr'><strong>sensus,</strong></span> <span class='ocrx_word' id='word_1_405' title='bbox 590 5090 779 5160; x_wconf 89' lang='lat' dir='ltr'><strong>inquit,</strong></span> <span class='ocrx_word' id='word_1_406' title='bbox 810 5091 861 5143; x_wconf 92' lang='lat' dir='ltr'><strong>in</strong></span> <span class='ocrx_word' id='word_1_407' title='bbox 892 5091 1046 5145; x_wconf 88' lang='lat' dir='ltr'><strong>vulva</strong></span> <span class='ocrx_word' id='word_1_408' title='bbox 1071 5090 1357 5156; x_wconf 88' lang='lat' dir='ltr'><strong>sterilium,</strong></span> <span class='ocrx_word' id='word_1_409' title='bbox 1404 5096 1483 5156; x_wconf 86' lang='lat' dir='ltr'><strong>ut,</strong></span> <span class='ocrx_word' id='word_1_410' title='bbox 1529 5105 1651 5146; x_wconf 91' lang='lat' dir='ltr'><strong>cum</strong></span> <span class='ocrx_word' id='word_1_411' title='bbox 1682 5089 1937 5147; x_wconf 82' lang='lat' dir='ltr'><strong>didiceris</strong></span> <span class='ocrx_word' id='word_1_412' title='bbox 2006 5096 2011 5097; x_wconf 60' lang='grc'><strong>“</strong></span> 
     </span>
    </p>
   </div>
   <div class='ocr_carea' id='block_1_54' title="bbox 355 5183 1941 5254">
    <p class='ocr_par' dir='ltr' id='par_1_54' title="bbox 355 5183 1941 5254">
     <span class='ocr_line' id='line_1_54' title="bbox 355 5183 1941 5254; baseline 0.001 -16"><span class='ocrx_word' id='word_1_413' title='bbox 355 5184 569 5254; x_wconf 86' lang='lat' dir='ltr'><strong>ligatam</strong></span> <span class='ocrx_word' id='word_1_414' title='bbox 596 5192 650 5238; x_wconf 86' lang='lat' dir='ltr'><strong>et</strong></span> <span class='ocrx_word' id='word_1_415' title='bbox 683 5193 979 5238; x_wconf 88' lang='lat' dir='ltr'><strong>emortuam</strong></span> <span class='ocrx_word' id='word_1_416' title='bbox 1012 5183 1221 5238; x_wconf 83' lang='lat' dir='ltr'><strong>vulvam</strong></span> <span class='ocrx_word' id='word_1_417' title='bbox 1240 5183 1421 5239; x_wconf 88' lang='lat' dir='ltr'><strong>divina</strong></span> <span class='ocrx_word' id='word_1_418' title='bbox 1466 5183 1662 5238; x_wconf 88' lang='lat' dir='ltr'><strong>virtute</strong></span> <span class='ocrx_word' id='word_1_419' title='bbox 1698 5183 1766 5239; x_wconf 90' lang='lat' dir='ltr'><strong>ad</strong></span> <span class='ocrx_word' id='word_1_420' title='bbox 1817 5198 1941 5254; x_wconf 90' lang='lat' dir='ltr'><strong>pro-</strong></span> 
     </span>
    </p>
   </div>
   <div class='ocr_carea' id='block_1_55' title="bbox 320 5271 1937 5344">
    <p class='ocr_par' dir='ltr' id='par_1_55' title="bbox 320 5271 1937 5344">
     <span class='ocr_line' id='line_1_55' title="bbox 320 5271 1937 5344; baseline 0.002 -19"><span class='ocrx_word' id='word_1_421' title='bbox 320 5322 323 5325; x_wconf 89' lang='lat'><strong>.</strong></span> <span class='ocrx_word' id='word_1_422' title='bbox 353 5274 679 5329; x_wconf 86' lang='lat' dir='ltr'><strong>creationem</strong></span> <span class='ocrx_word' id='word_1_423' title='bbox 702 5273 919 5343; x_wconf 84' lang='lat' dir='ltr'><strong>aperiri,</strong></span> <span class='ocrx_word' id='word_1_424' title='bbox 941 5271 1065 5329; x_wconf 91' lang='lat' dir='ltr'><strong>inde</strong></span> <span class='ocrx_word' id='word_1_425' title='bbox 1083 5274 1314 5344; x_wconf 89' lang='lat' dir='ltr'><strong>copiosis</strong></span> <span class='ocrx_word' id='word_1_426' title='bbox 1340 5273 1667 5344; x_wconf 87' lang='lat' dir='ltr'><strong>argumentis</strong></span> <span class='ocrx_word' id='word_1_427' title='bbox 1682 5273 1937 5344; x_wconf 86' lang='lat' dir='ltr'><strong>acceptis,</strong></span> 
     </span>
    </p>
   </div>
   <div class='ocr_carea' id='block_1_56' title="bbox 417 5385 1941 5440">
    <p class='ocr_par' dir='ltr' id='par_1_56' title="bbox 417 5385 1941 5440">
     <span class='ocr_line' id='line_1_56' title="bbox 417 5385 1941 5440; baseline -0.003 -1"><span class='ocrx_word' id='word_1_428' title='bbox 417 5392 436 5422; x_wconf 76' lang='grc' dir='ltr'><strong>ι</strong></span> <span class='ocrx_word' id='word_1_429' title='bbox 470 5387 608 5440; x_wconf 81' lang='lat' dir='ltr'><strong>Savil.</strong></span> <span class='ocrx_word' id='word_1_430' title='bbox 637 5395 690 5438; x_wconf 88' lang='lat' dir='ltr'><strong>et</strong></span> <span class='ocrx_word' id='word_1_431' title='bbox 710 5400 840 5437; x_wconf 87' lang='lat' dir='ltr'><strong>unus</strong></span> <span class='ocrx_word' id='word_1_432' title='bbox 861 5387 1020 5439; x_wconf 85' lang='lat' dir='ltr'><strong>codex</strong></span> <span class='ocrx_word' id='word_1_433' title='bbox 1042 5389 1113 5438; x_wconf 92' lang='lat' dir='ltr'><strong>sic</strong></span> <span class='ocrx_word' id='word_1_434' title='bbox 1149 5386 1361 5439; x_wconf 74' lang='lat' dir='ltr'><strong>efferunt</strong></span> <span class='ocrx_word' id='word_1_435' title='bbox 1392 5387 1523 5437; x_wconf 89' lang='lat' dir='ltr'><strong>hunc</strong></span> <span class='ocrx_word' id='word_1_436' title='bbox 1542 5385 1702 5436; x_wconf 89' lang='lat' dir='ltr'><strong>locum</strong></span> <span class='ocrx_word' id='word_1_437' title='bbox 1727 5400 1741 5435; x_wconf 91' lang='lat'>:</span> <span class='ocrx_word' id='word_1_438' title='bbox 1785 5394 1941 5435; x_wconf 74' lang='lat' dir='ltr'><strong>Umtm</strong></span> 
     </span>
    </p>
   </div>
   <div class='ocr_carea' id='block_1_57' title="bbox 354 5447 1940 5514">
    <p class='ocr_par' dir='ltr' id='par_1_57' title="bbox 354 5447 1940 5514">
     <span class='ocr_line' id='line_1_57' title="bbox 354 5447 1940 5514; baseline -0.002 -14"><span class='ocrx_word' id='word_1_439' title='bbox 547 5463 719 5514; x_wconf 77' lang='lat' dir='ltr'><strong>quare,</strong></span> <span class='ocrx_word' id='word_1_440' title='bbox 742 5449 1040 5514; x_wconf 78' lang='lat' dir='ltr'><strong>cwnetipsa</strong></span> <span class='ocrx_word' id='word_1_441' title='bbox 1058 5456 1105 5501; x_wconf 87' lang='lat' dir='ltr'><strong>et</strong></span> <span class='ocrx_word' id='word_1_442' title='bbox 1122 5449 1196 5500; x_wconf 81' lang='lat' dir='ltr'><strong>uir</strong></span> <span class='ocrx_word' id='word_1_443' title='bbox 1216 5449 1447 5511; x_wconf 78' lang='lat' dir='ltr'><strong>ejusuitte</strong></span> <span class='ocrx_word' id='word_1_444' title='bbox 1468 5449 1648 5514; x_wconf 80' lang='lat' dir='ltr'><strong>ruerint</strong></span> <span class='ocrx_word' id='word_1_445' title='bbox 1665 5447 1876 5507; x_wconf 69' lang='lat' dir='ltr'><strong>eximite,</strong></span> <span class='ocrx_word' id='word_1_446' title='bbox 1892 5454 1940 5498; x_wconf 87' lang='lat' dir='ltr'><strong>et</strong></span> 
     </span>
    </p>
   </div>
   <div class='ocr_carea' id='block_1_58' title="bbox 357 5510 1939 5574">
    <p class='ocr_par' dir='ltr' id='par_1_58' title="bbox 357 5510 1939 5574">
     <span class='ocr_line' id='line_1_58' title="bbox 357 5510 1939 5574; baseline -0.002 -11"><span class='ocrx_word' id='word_1_447' title='bbox 357 5513 499 5563; x_wconf 79' lang='lat' dir='ltr'><strong>ambo</strong></span> <span class='ocrx_word' id='word_1_448' title='bbox 840 5510 1058 5571; x_wconf 82' lang='lat' dir='ltr'><strong>studiosi,</strong></span> <span class='ocrx_word' id='word_1_449' title='bbox 1074 5517 1121 5563; x_wconf 87' lang='lat' dir='ltr'><strong>et</strong></span> <span class='ocrx_word' id='word_1_450' title='bbox 1143 5510 1254 5574; x_wconf 84' lang='lat' dir='ltr'><strong>cum</strong></span> <span class='ocrx_word' id='word_1_451' title='bbox 1643 5522 1844 5572; x_wconf 84' lang='lat' dir='ltr'><strong>carpere</strong></span> <span class='ocrx_word' id='word_1_452' title='bbox 1858 5522 1939 5560; x_wconf 89' lang='lat' dir='ltr'><strong>eo-</strong></span> 
     </span>
    </p>
   </div>
   <div class='ocr_carea' id='block_1_59' title="bbox 355 5570 2013 5646">
    <p class='ocr_par' dir='ltr' id='par_1_59' title="bbox 355 5570 2013 5646">
     <span class='ocr_line' id='line_1_59' title="bbox 355 5570 2013 5646; baseline 0 0"><span class='ocrx_word' id='word_1_453' title='bbox 355 5587 467 5646; x_wconf 68' lang='lat' dir='ltr'><strong>rum</strong></span> <span class='ocrx_word' id='word_1_454' title='bbox 488 5572 1180 5646; x_wconf 52' lang='lat' dir='ltr'><strong>vitemmmureseem</strong></span> <span class='ocrx_word' id='word_1_455' title='bbox 1214 5570 1516 5646; x_wconf 60' lang='grc' dir='ltr'><strong><em>διενέιίέάιεπι</em></strong></span> <span class='ocrx_word' id='word_1_456' title='bbox 1538 5570 1765 5646; x_wconf 50' lang='lat' dir='ltr'><strong>&quot;We:</strong></span> <span class='ocrx_word' id='word_1_457' title='bbox 1789 5583 1941 5646; x_wconf 66' lang='lat' dir='ltr'><strong>W9</strong></span> <span class='ocrx_word' id='word_1_458' title='bbox 1999 5616 2013 5629; x_wconf 58' lang='grc' dir='ltr'>κ</span> 
     </span>
    </p>
   </div>
   <div class='ocr_carea' id='block_1_60' title="bbox 356 5633 1937 5695">
    <p class='ocr_par' dir='ltr' id='par_1_60' title="bbox 356 5633 1937 5695">
     <span class='ocr_line' id='line_1_60' title="bbox 356 5633 1937 5695; baseline -0.003 -9"><span class='ocrx_word' id='word_1_459' title='bbox 356 5642 515 5686; x_wconf 81' lang='lat' dir='ltr'><strong>tamen</strong></span> <span class='ocrx_word' id='word_1_460' title='bbox 535 5634 621 5685; x_wconf 76' lang='lat' dir='ltr'><strong>ille</strong></span> <span class='ocrx_word' id='word_1_461' title='bbox 642 5633 788 5695; x_wconf 69' lang='lat' dir='ltr'><strong>fuerit</strong></span> <span class='ocrx_word' id='word_1_462' title='bbox 823 5633 1002 5686; x_wconf 81' lang='lat' dir='ltr'><strong>sterilis</strong></span> <span class='ocrx_word' id='word_1_463' title='bbox 1021 5633 1046 5685; x_wconf 80' lang='lat'><strong><em>?</em></strong></span> <span class='ocrx_word' id='word_1_464' title='bbox 1064 5642 1197 5685; x_wconf 83' lang='lat' dir='ltr'><strong>Hunc</strong></span> <span class='ocrx_word' id='word_1_465' title='bbox 1216 5646 1339 5684; x_wconf 82' lang='lat' dir='ltr'><strong>vero</strong></span> <span class='ocrx_word' id='word_1_466' title='bbox 1360 5634 1537 5693; x_wconf 87' lang='lat' dir='ltr'><strong>locum,</strong></span> <span class='ocrx_word' id='word_1_467' title='bbox 1560 5642 1616 5683; x_wconf 88' lang='lat' dir='ltr'><strong>ut</strong></span> <span class='ocrx_word' id='word_1_468' title='bbox 1639 5633 1847 5695; x_wconf 82' lang='lat' dir='ltr'><strong>videtur,</strong></span> <span class='ocrx_word' id='word_1_469' title='bbox 1874 5645 1937 5681; x_wconf 85' lang='lat' dir='ltr'><strong>ex</strong></span> 
     </span>
    </p>
   </div>
   <div class='ocr_carea' id='block_1_61' title="bbox 356 5694 1940 5759">
    <p class='ocr_par' dir='ltr' id='par_1_61' title="bbox 356 5694 1940 5759">
     <span class='ocr_line' id='line_1_61' title="bbox 356 5694 1940 5759; baseline -0.001 -12"><span class='ocrx_word' id='word_1_470' title='bbox 356 5696 445 5747; x_wconf 85' lang='lat' dir='ltr'><strong>hac</strong></span> <span class='ocrx_word' id='word_1_471' title='bbox 462 5694 978 5759; x_wconf 13' lang='lat' dir='ltr'><strong>rhorniliaexcerptum</strong></span> <span class='ocrx_word' id='word_1_472' title='bbox 1001 5698 1155 5748; x_wconf 83' lang='lat' dir='ltr'><strong>babes</strong></span> <span class='ocrx_word' id='word_1_473' title='bbox 1172 5704 1321 5747; x_wconf 84' lang='lat' dir='ltr'><strong>Temo</strong></span> <span class='ocrx_word' id='word_1_474' title='bbox 1354 5703 1427 5756; x_wconf 82' lang='grc' dir='ltr'><strong><em>ιιι,</em></strong></span> <span class='ocrx_word' id='word_1_475' title='bbox 1468 5697 1519 5745; x_wconf 87' lang='lat' dir='ltr'><strong>in</strong></span> <span class='ocrx_word' id='word_1_476' title='bbox 1541 5694 1730 5746; x_wconf 84' lang='lat' dir='ltr'><strong>homilia</strong></span> <span class='ocrx_word' id='word_1_477' title='bbox 1753 5700 1822 5746; x_wconf 84' lang='lat' dir='ltr'><strong>De</strong></span> <span class='ocrx_word' id='word_1_478' title='bbox 1846 5707 1940 5745; x_wconf 86' lang='lat' dir='ltr'><strong>non</strong></span> 
     </span>
    </p>
   </div>
   <div class='ocr_carea' id='block_1_62' title="bbox 360 5756 1473 5821">
    <p class='ocr_par' dir='ltr' id='par_1_62' title="bbox 360 5756 1473 5821">
     <span class='ocr_line' id='line_1_62' title="bbox 360 5756 1473 5821; baseline -0.001 -13"><span class='ocrx_word' id='word_1_479' title='bbox 360 5758 645 5821; x_wconf 84' lang='lat' dir='ltr'><strong>evulgandis</strong></span> <span class='ocrx_word' id='word_1_480' title='bbox 663 5756 864 5808; x_wconf 79' lang='lat' dir='ltr'><strong>fratrum</strong></span> <span class='ocrx_word' id='word_1_481' title='bbox 888 5760 1113 5821; x_wconf 82' lang='lat' dir='ltr'><strong>peccatis.</strong></span> <span class='ocrx_word' id='word_1_482' title='bbox 1468 5792 1473 5795; x_wconf 87' lang='lat'><em>-</em></span> 
     </span>
    </p>
   </div>
   <div class='ocr_carea' id='block_1_63' title="bbox 1395 338 2631 401">
    <p class='ocr_par' dir='ltr' id='par_1_63' title="bbox 1395 338 2631 401">
     <span class='ocr_line' id='line_1_63' title="bbox 1395 338 2631 401; baseline 0.004 -6"><span class='ocrx_word' id='word_1_483' title='bbox 1395 338 1461 395; x_wconf 86' lang='lat' dir='ltr'><strong>IN</strong></span> <span class='ocrx_word' id='word_1_484' title='bbox 1498 339 1652 395; x_wconf 80' lang='lat' dir='ltr'><strong>CAP.</strong></span> <span class='ocrx_word' id='word_1_485' title='bbox 1693 338 1857 395; x_wconf 79' lang='lat' dir='ltr'><strong>XXV.</strong></span> <span class='ocrx_word' id='word_1_486' title='bbox 1891 341 2133 397; x_wconf 75' lang='lat' dir='ltr'><strong>GENES.</strong></span> <span class='ocrx_word' id='word_1_487' title='bbox 2178 342 2404 400; x_wconf 82' lang='lat' dir='ltr'><strong>HOMIL.</strong></span> <span class='ocrx_word' id='word_1_488' title='bbox 2447 344 2631 401; x_wconf 77' lang='lat' dir='ltr'><strong>XLIX.</strong></span> 
     </span>
    </p>
   </div>
   <div class='ocr_carea' id='block_1_64' title="bbox 3518 354 3624 413">
    <p class='ocr_par' dir='ltr' id='par_1_64' title="bbox 3518 354 3624 413">
     <span class='ocr_line' id='line_1_64' title="bbox 3518 354 3624 413; baseline 0.019 -2"><span class='ocrx_word' id='word_1_489' title='bbox 3518 354 3624 413; x_wconf 65' lang='grc'><strong>446</strong></span> 
     </span>
    </p>
   </div>
   <div class='ocr_carea' id='block_1_65' title="bbox 2056 463 3625 541">
    <p class='ocr_par' dir='ltr' id='par_1_65' title="bbox 2056 463 3625 541">
     <span class='ocr_line' id='line_1_65' title="bbox 2056 463 3625 541; baseline 0.01 -26"><span class='ocrx_word' id='word_1_490' title='bbox 2056 476 2161 515; x_wconf 89' lang='lat' dir='ltr'><strong>non</strong></span> <span class='ocrx_word' id='word_1_491' title='bbox 2227 463 2503 518; x_wconf 90' lang='lat' dir='ltr'><strong>admireris</strong></span> <span class='ocrx_word' id='word_1_492' title='bbox 2545 464 2764 520; x_wconf 88' lang='lat' dir='ltr'><strong>audiens</strong></span> <span class='ocrx_word' id='word_1_493' title='bbox 2822 466 3078 537; x_wconf 84' lang='lat' dir='ltr'><strong>virginem</strong></span> <span class='ocrx_word' id='word_1_494' title='bbox 3128 472 3395 541; x_wconf 84' lang='lat' dir='ltr'><strong>peperisse</strong></span> <span class='ocrx_word' id='word_1_495' title='bbox 3443 492 3456 528; x_wconf 90' lang='lat'><strong>:</strong></span> <span class='ocrx_word' id='word_1_496' title='bbox 3516 476 3625 531; x_wconf 90' lang='lat' dir='ltr'><strong>imo</strong></span> 
     </span>
    </p>
   </div>
   <div class='ocr_carea' id='block_1_66' title="bbox 2048 553 3624 625">
    <p class='ocr_par' dir='ltr' id='par_1_66' title="bbox 2048 553 3624 625">
     <span class='ocr_line' id='line_1_66' title="bbox 2048 553 3624 625; baseline 0.009 -20"><span class='ocrx_word' id='word_1_497' title='bbox 2048 553 2314 609; x_wconf 89' lang='lat' dir='ltr'><strong>admirare</strong></span> <span class='ocrx_word' id='word_1_498' title='bbox 2334 564 2390 609; x_wconf 90' lang='lat' dir='ltr'><strong>et</strong></span> <span class='ocrx_word' id='word_1_499' title='bbox 2426 554 2760 625; x_wconf 85' lang='lat' dir='ltr'><strong>obstupesce,</strong></span> <span class='ocrx_word' id='word_1_500' title='bbox 2800 559 2894 613; x_wconf 90' lang='lat' dir='ltr'><strong>sed</strong></span> <span class='ocrx_word' id='word_1_501' title='bbox 2920 574 2987 615; x_wconf 90' lang='lat' dir='ltr'><strong>ne</strong></span> <span class='ocrx_word' id='word_1_502' title='bbox 3021 560 3096 615; x_wconf 90' lang='lat' dir='ltr'><strong>sis</strong></span> <span class='ocrx_word' id='word_1_503' title='bbox 3137 562 3439 618; x_wconf 90' lang='lat' dir='ltr'><strong>incredulus</strong></span> <span class='ocrx_word' id='word_1_504' title='bbox 3464 566 3624 619; x_wconf 89' lang='lat' dir='ltr'><strong>mira-</strong></span> 
     </span>
    </p>
   </div>
   <div class='ocr_carea' id='block_1_67' title="bbox 2048 643 3620 727">
    <p class='ocr_par' dir='ltr' id='par_1_67' title="bbox 2048 643 3620 727">
     <span class='ocr_line' id='line_1_67' title="bbox 2048 643 3620 727; baseline 0.009 -30"><span class='ocrx_word' id='word_1_505' title='bbox 2048 644 2190 701; x_wconf 89' lang='lat' dir='ltr'><strong>culo.</strong></span> <span class='ocrx_word' id='word_1_506' title='bbox 2221 643 2443 710; x_wconf 88' lang='lat' dir='ltr'><strong>Quando</strong></span> <span class='ocrx_word' id='word_1_507' title='bbox 2470 646 2624 715; x_wconf 85' lang='lat' dir='ltr'><strong>igitur</strong></span> <span class='ocrx_word' id='word_1_508' title='bbox 2649 648 2744 702; x_wconf 91' lang='lat' dir='ltr'><strong>tibi</strong></span> <span class='ocrx_word' id='word_1_509' title='bbox 2773 650 2899 704; x_wconf 90' lang='lat' dir='ltr'><strong>dicit</strong></span> <span class='ocrx_word' id='word_1_510' title='bbox 2935 651 3169 719; x_wconf 70' lang='lat' dir='ltr'><strong>Judmus,</strong></span> <span class='ocrx_word' id='word_1_511' title='bbox 3196 653 3479 720; x_wconf 86' lang='lat' dir='ltr'><strong>Quomodo</strong></span> <span class='ocrx_word' id='word_1_512' title='bbox 3532 673 3620 727; x_wconf 85' lang='lat' dir='ltr'><strong>pe-</strong></span> 
     </span>
    </p>
   </div>
   <div class='ocr_carea' id='block_1_68' title="bbox 2048 736 3624 814">
    <p class='ocr_par' dir='ltr' id='par_1_68' title="bbox 2048 736 3624 814">
     <span class='ocr_line' id='line_1_68' title="bbox 2048 736 3624 814; baseline 0.011 -27"><span class='ocrx_word' id='word_1_513' title='bbox 2048 736 2185 803; x_wconf 89' lang='lat' dir='ltr'><strong>perit</strong></span> <span class='ocrx_word' id='word_1_514' title='bbox 2230 738 2413 807; x_wconf 84' lang='lat' dir='ltr'><strong>virgo?</strong></span> <span class='ocrx_word' id='word_1_515' title='bbox 2464 740 2551 794; x_wconf 89' lang='lat' dir='ltr'><strong>dic</strong></span> <span class='ocrx_word' id='word_1_516' title='bbox 2597 740 2649 795; x_wconf 88' lang='lat' dir='ltr'><strong>ei</strong></span> <span class='ocrx_word' id='word_1_517' title='bbox 2698 759 2713 796; x_wconf 88' lang='lat'><strong>:</strong></span> <span class='ocrx_word' id='word_1_518' title='bbox 2758 742 3036 808; x_wconf 89' lang='lat' dir='ltr'><strong>Quomodo</strong></span> <span class='ocrx_word' id='word_1_519' title='bbox 3087 748 3291 814; x_wconf 87' lang='lat' dir='ltr'><strong>peperit</strong></span> <span class='ocrx_word' id='word_1_520' title='bbox 3324 748 3519 803; x_wconf 89' lang='lat' dir='ltr'><strong>sterilis</strong></span> <span class='ocrx_word' id='word_1_521' title='bbox 3568 760 3624 804; x_wconf 88' lang='lat' dir='ltr'><strong>et</strong></span> 
     </span>
    </p>
   </div>
   <div class='ocr_carea' id='block_1_69' title="bbox 2048 828 3624 902">
    <p class='ocr_par' dir='ltr' id='par_1_69' title="bbox 2048 828 3624 902">
     <span class='ocr_line' id='line_1_69' title="bbox 2048 828 3624 902; baseline 0.01 -23"><span class='ocrx_word' id='word_1_522' title='bbox 2048 828 2268 881; x_wconf 83' lang='lat' dir='ltr'><strong>vetula?</strong></span> <span class='ocrx_word' id='word_1_523' title='bbox 2297 829 2410 883; x_wconf 90' lang='lat' dir='ltr'><strong>Duo</strong></span> <span class='ocrx_word' id='word_1_524' title='bbox 2432 829 2808 900; x_wconf 90' lang='lat' dir='ltr'><strong>impedimenta</strong></span> <span class='ocrx_word' id='word_1_525' title='bbox 2844 842 2966 889; x_wconf 90' lang='lat' dir='ltr'><strong>tunc</strong></span> <span class='ocrx_word' id='word_1_526' title='bbox 2998 845 3170 902; x_wconf 88' lang='lat' dir='ltr'><strong>erant,</strong></span> <span class='ocrx_word' id='word_1_527' title='bbox 3198 846 3252 892; x_wconf 90' lang='lat' dir='ltr'><strong>et</strong></span> <span class='ocrx_word' id='word_1_528' title='bbox 3278 848 3406 893; x_wconf 72' lang='lat' dir='ltr'><strong>tetas</strong></span> <span class='ocrx_word' id='word_1_529' title='bbox 3436 840 3624 894; x_wconf 81' lang='lat' dir='ltr'><strong>intem-</strong></span> 
     </span>
    </p>
   </div>
   <div class='ocr_carea' id='block_1_70' title="bbox 2048 916 3623 992">
    <p class='ocr_par' dir='ltr' id='par_1_70' title="bbox 2048 916 3623 992">
     <span class='ocr_line' id='line_1_70' title="bbox 2048 916 3623 992; baseline 0.01 -23"><span class='ocrx_word' id='word_1_530' title='bbox 2048 916 2274 984; x_wconf 87' lang='lat' dir='ltr'><strong>pestiva,</strong></span> <span class='ocrx_word' id='word_1_531' title='bbox 2311 926 2366 971; x_wconf 90' lang='lat' dir='ltr'><strong>et</strong></span> <span class='ocrx_word' id='word_1_532' title='bbox 2412 927 2598 972; x_wconf 89' lang='lat' dir='ltr'><strong>natura</strong></span> <span class='ocrx_word' id='word_1_533' title='bbox 2644 921 2868 977; x_wconf 82' lang='lat' dir='ltr'><strong>vitiata:</strong></span> <span class='ocrx_word' id='word_1_534' title='bbox 2904 923 2956 977; x_wconf 91' lang='lat' dir='ltr'><strong>in</strong></span> <span class='ocrx_word' id='word_1_535' title='bbox 3000 926 3201 992; x_wconf 76' lang='lat' dir='ltr'><strong>virgine</strong></span> <span class='ocrx_word' id='word_1_536' title='bbox 3234 935 3409 981; x_wconf 90' lang='lat' dir='ltr'><strong>autem</strong></span> <span class='ocrx_word' id='word_1_537' title='bbox 3460 945 3623 985; x_wconf 89' lang='lat' dir='ltr'><strong>unum</strong></span> 
     </span>
    </p>
   </div>
   <div class='ocr_carea' id='block_1_71' title="bbox 2049 1004 3627 1089">
    <p class='ocr_par' dir='ltr' id='par_1_71' title="bbox 2049 1004 3627 1089">
     <span class='ocr_line' id='line_1_71' title="bbox 2049 1004 3627 1089; baseline 0.011 -31"><span class='ocrx_word' id='word_1_538' title='bbox 2049 1004 2481 1073; x_wconf 90' lang='lat' dir='ltr'><strong>impedimentum</strong></span> <span class='ocrx_word' id='word_1_539' title='bbox 2513 1007 2625 1075; x_wconf 91' lang='lat' dir='ltr'><strong>fuit,</strong></span> <span class='ocrx_word' id='word_1_540' title='bbox 2655 1012 2795 1080; x_wconf 91' lang='lat' dir='ltr'><strong>quod</strong></span> <span class='ocrx_word' id='word_1_541' title='bbox 2840 1027 2943 1067; x_wconf 90' lang='lat' dir='ltr'><strong>non</strong></span> <span class='ocrx_word' id='word_1_542' title='bbox 2973 1025 3114 1070; x_wconf 87' lang='lat' dir='ltr'><strong>esset</strong></span> <span class='ocrx_word' id='word_1_543' title='bbox 3140 1018 3401 1089; x_wconf 87' lang='lat' dir='ltr'><strong>particeps</strong></span> <span class='ocrx_word' id='word_1_544' title='bbox 3429 1036 3627 1075; x_wconf 90' lang='lat' dir='ltr'><strong>concu-</strong></span> 
     </span>
    </p>
   </div>
   <div class='ocr_carea' id='block_1_72' title="bbox 2048 1098 3627 1183">
    <p class='ocr_par' dir='ltr' id='par_1_72' title="bbox 2048 1098 3627 1183">
     <span class='ocr_line' id='line_1_72' title="bbox 2048 1098 3627 1183; baseline 0.011 -30"><span class='ocrx_word' id='word_1_545' title='bbox 2048 1098 2212 1153; x_wconf 88' lang='lat' dir='ltr'><strong>bitus.</strong></span> <span class='ocrx_word' id='word_1_546' title='bbox 2243 1100 2449 1156; x_wconf 89' lang='lat' dir='ltr'><strong>Sterilis</strong></span> <span class='ocrx_word' id='word_1_547' title='bbox 2477 1101 2635 1171; x_wconf 88' lang='lat' dir='ltr'><strong>igitur</strong></span> <span class='ocrx_word' id='word_1_548' title='bbox 2660 1103 2770 1173; x_wconf 89' lang='lat' dir='ltr'><strong>jam</strong></span> <span class='ocrx_word' id='word_1_549' title='bbox 2813 1106 2948 1161; x_wconf 83' lang='lat' dir='ltr'><strong>viam</strong></span> <span class='ocrx_word' id='word_1_550' title='bbox 3002 1118 3153 1176; x_wconf 86' lang='lat' dir='ltr'><strong>parat</strong></span> <span class='ocrx_word' id='word_1_551' title='bbox 3199 1112 3407 1183; x_wconf 88' lang='lat' dir='ltr'><strong>virgini.</strong></span> <span class='ocrx_word' id='word_1_552' title='bbox 3460 1115 3526 1169; x_wconf 86' lang='lat' dir='ltr'><strong>Et</strong></span> <span class='ocrx_word' id='word_1_553' title='bbox 3569 1126 3627 1171; x_wconf 85' lang='lat' dir='ltr'><strong>ut</strong></span> 
     </span>
    </p>
   </div>
   <div class='ocr_carea' id='block_1_73' title="bbox 2049 1190 3626 1267">
    <p class='ocr_par' dir='ltr' id='par_1_73' title="bbox 2049 1190 3626 1267">
     <span class='ocr_line' id='line_1_73' title="bbox 2049 1190 3626 1267; baseline 0.013 -26"><span class='ocrx_word' id='word_1_554' title='bbox 2049 1190 2185 1244; x_wconf 90' lang='lat' dir='ltr'><strong>scias</strong></span> <span class='ocrx_word' id='word_1_555' title='bbox 2244 1201 2459 1259; x_wconf 88' lang='lat' dir='ltr'><strong>propter</strong></span> <span class='ocrx_word' id='word_1_556' title='bbox 2505 1192 2606 1247; x_wconf 91' lang='lat' dir='ltr'><strong>hoc</strong></span> <span class='ocrx_word' id='word_1_557' title='bbox 2646 1196 2859 1249; x_wconf 88' lang='lat' dir='ltr'><strong>steriles</strong></span> <span class='ocrx_word' id='word_1_558' title='bbox 2897 1198 3041 1265; x_wconf 92' lang='lat' dir='ltr'><strong>prius</strong></span> <span class='ocrx_word' id='word_1_559' title='bbox 3083 1198 3265 1267; x_wconf 86' lang='lat' dir='ltr'><strong>fuisse,</strong></span> <span class='ocrx_word' id='word_1_560' title='bbox 3296 1215 3351 1258; x_wconf 88' lang='lat' dir='ltr'><strong>ut</strong></span> <span class='ocrx_word' id='word_1_561' title='bbox 3378 1207 3626 1261; x_wconf 80' lang='lat' dir='ltr'><strong>credatur</strong></span> 
     </span>
    </p>
   </div>
   <div class='ocr_carea' id='block_1_74' title="bbox 2046 1279 3623 1361">
    <p class='ocr_par' dir='ltr' id='par_1_74' title="bbox 2046 1279 3623 1361">
     <span class='ocr_line' id='line_1_74' title="bbox 2046 1279 3623 1361; baseline 0.01 -29"><span class='ocrx_word' id='word_1_562' title='bbox 2046 1279 2363 1348; x_wconf 83' lang='lat' dir='ltr'><strong>virginitatis</strong></span> <span class='ocrx_word' id='word_1_563' title='bbox 2407 1290 2587 1349; x_wconf 88' lang='lat' dir='ltr'><strong>partus</strong></span> <span class='ocrx_word' id='word_1_564' title='bbox 2614 1298 2628 1338; x_wconf 91' lang='lat'><strong>:</strong></span> <span class='ocrx_word' id='word_1_565' title='bbox 2659 1282 2783 1337; x_wconf 93' lang='lat' dir='ltr'><strong>audi</strong></span> <span class='ocrx_word' id='word_1_566' title='bbox 2809 1285 2966 1340; x_wconf 84' lang='lat' dir='ltr'><strong>verba</strong></span> <span class='ocrx_word' id='word_1_567' title='bbox 2988 1285 3250 1342; x_wconf 91' lang='lat' dir='ltr'><strong>Gabrielis</strong></span> <span class='ocrx_word' id='word_1_568' title='bbox 3270 1290 3337 1343; x_wconf 90' lang='lat' dir='ltr'><strong>ad</strong></span> <span class='ocrx_word' id='word_1_569' title='bbox 3356 1290 3623 1361; x_wconf 80' lang='lat' dir='ltr'><strong>Virginem</strong></span> 
     </span>
    </p>
   </div>
   <div class='ocr_carea' id='block_1_75' title="bbox 2048 1371 3629 1452">
    <p class='ocr_par' dir='ltr' id='par_1_75' title="bbox 2048 1371 3629 1452">
     <span class='ocr_line' id='line_1_75' title="bbox 2048 1371 3629 1452; baseline 0.008 -28"><span class='ocrx_word' id='word_1_570' title='bbox 2048 1371 2209 1425; x_wconf 90' lang='lat' dir='ltr'><strong>dicta.</strong></span> <span class='ocrx_word' id='word_1_571' title='bbox 2252 1372 2534 1443; x_wconf 87' lang='lat' dir='ltr'><strong>Postquam</strong></span> <span class='ocrx_word' id='word_1_572' title='bbox 2585 1375 2727 1429; x_wconf 90' lang='lat' dir='ltr'><strong>enim</strong></span> <span class='ocrx_word' id='word_1_573' title='bbox 2782 1377 2927 1431; x_wconf 91' lang='lat' dir='ltr'><strong>venit</strong></span> <span class='ocrx_word' id='word_1_574' title='bbox 2974 1386 3028 1431; x_wconf 90' lang='lat' dir='ltr'><strong>et</strong></span> <span class='ocrx_word' id='word_1_575' title='bbox 3082 1377 3232 1443; x_wconf 88' lang='lat' dir='ltr'><strong>dixit,</strong></span> <span class='ocrx_word' id='word_1_576' title='bbox 3283 1378 3544 1452; x_wconf 86' lang='lat' dir='ltr'><strong>Concipies</strong></span> <span class='ocrx_word' id='word_1_577' title='bbox 3575 1384 3629 1436; x_wconf 84' lang='lat' dir='ltr'><strong>in</strong></span> 
     </span>
    </p>
   </div>
   <div class='ocr_carea' id='block_1_76' title="bbox 2047 1464 3628 1540">
    <p class='ocr_par' dir='ltr' id='par_1_76' title="bbox 2047 1464 3628 1540">
     <span class='ocr_line' id='line_1_76' title="bbox 2047 1464 3628 1540; baseline 0.007 -25"><span class='ocrx_word' id='word_1_578' title='bbox 2047 1472 2189 1515; x_wconf 87' lang='lat' dir='ltr'><strong>utero</strong></span> <span class='ocrx_word' id='word_1_579' title='bbox 2212 1505 2226 1529; x_wconf 92' lang='lat'><strong>,</strong></span> <span class='ocrx_word' id='word_1_580' title='bbox 2271 1472 2318 1517; x_wconf 89' lang='lat' dir='ltr'><strong>et</strong></span> <span class='ocrx_word' id='word_1_581' title='bbox 2369 1465 2533 1531; x_wconf 85' lang='lat' dir='ltr'><strong>paries</strong></span> <span class='ocrx_word' id='word_1_582' title='bbox 2567 1464 2765 1530; x_wconf 84' lang='lat' dir='ltr'><strong>ﬁlium,</strong></span> <span class='ocrx_word' id='word_1_583' title='bbox 2795 1476 2841 1520; x_wconf 90' lang='lat' dir='ltr'><strong>et</strong></span> <span class='ocrx_word' id='word_1_584' title='bbox 2879 1468 3077 1522; x_wconf 83' lang='lat' dir='ltr'><strong>vocabis</strong></span> <span class='ocrx_word' id='word_1_585' title='bbox 3103 1486 3283 1524; x_wconf 83' lang='lat' dir='ltr'><strong>nomen</strong></span> <span class='ocrx_word' id='word_1_586' title='bbox 3311 1472 3419 1540; x_wconf 87' lang='lat' dir='ltr'><strong>ejus</strong></span> <span class='ocrx_word' id='word_1_587' title='bbox 3445 1470 3628 1526; x_wconf 74' lang='lat' dir='ltr'><strong>Iesum</strong></span> 
     </span>
    </p>
   </div>
   <div class='ocr_carea' id='block_1_77' title="bbox 2049 1551 3620 1630">
    <p class='ocr_par' dir='ltr' id='par_1_77' title="bbox 2049 1551 3620 1630">
     <span class='ocr_line' id='line_1_77' title="bbox 2049 1551 3620 1630; baseline 0.006 -25"><span class='ocrx_word' id='word_1_588' title='bbox 2049 1551 2196 1622; x_wconf 88' lang='lat' dir='ltr'><strong>(Luc.</strong></span> <span class='ocrx_word' id='word_1_589' title='bbox 2229 1554 2280 1606; x_wconf 82' lang='grc'><strong>1.</strong></span> <span class='ocrx_word' id='word_1_590' title='bbox 2308 1554 2398 1624; x_wconf 78' lang='grc'><strong>51)</strong></span> <span class='ocrx_word' id='word_1_591' title='bbox 2432 1572 2445 1607; x_wconf 90' lang='lat'><strong>:</strong></span> <span class='ocrx_word' id='word_1_592' title='bbox 2474 1554 2834 1625; x_wconf 74' lang='lat' dir='ltr'><strong>obstupefacm</strong></span> <span class='ocrx_word' id='word_1_593' title='bbox 2864 1566 2945 1611; x_wconf 92' lang='lat' dir='ltr'><strong>est</strong></span> <span class='ocrx_word' id='word_1_594' title='bbox 2964 1568 3015 1611; x_wconf 92' lang='lat' dir='ltr'><strong>et</strong></span> <span class='ocrx_word' id='word_1_595' title='bbox 3044 1558 3320 1626; x_wconf 88' lang='lat' dir='ltr'><strong>admirata,</strong></span> <span class='ocrx_word' id='word_1_596' title='bbox 3351 1560 3620 1630; x_wconf 88' lang='lat' dir='ltr'><strong>dixitque:</strong></span> 
     </span>
    </p>
   </div>
   <div class='ocr_carea' id='block_1_78' title="bbox 2050 1644 3623 1724">
    <p class='ocr_par' dir='ltr' id='par_1_78' title="bbox 2050 1644 3623 1724">
     <span class='ocr_line' id='line_1_78' title="bbox 2050 1644 3623 1724; baseline 0.005 -27"><span class='ocrx_word' id='word_1_597' title='bbox 2050 1644 2313 1713; x_wconf 84' lang='lat' dir='ltr'><strong>Quomodo</strong></span> <span class='ocrx_word' id='word_1_598' title='bbox 2332 1647 2424 1699; x_wconf 86' lang='lat' dir='ltr'><strong>erit</strong></span> <span class='ocrx_word' id='word_1_599' title='bbox 2444 1646 2567 1699; x_wconf 83' lang='lat' dir='ltr'><strong>mihi</strong></span> <span class='ocrx_word' id='word_1_600' title='bbox 2588 1645 2724 1700; x_wconf 85' lang='lat' dir='ltr'><strong>istud</strong></span> <span class='ocrx_word' id='word_1_601' title='bbox 2739 1689 2752 1711; x_wconf 94' lang='lat'><strong>,</strong></span> <span class='ocrx_word' id='word_1_602' title='bbox 2785 1649 2902 1716; x_wconf 86' lang='lat' dir='ltr'><strong>quia</strong></span> <span class='ocrx_word' id='word_1_603' title='bbox 2921 1649 3087 1703; x_wconf 85' lang='lat' dir='ltr'><strong>virum</strong></span> <span class='ocrx_word' id='word_1_604' title='bbox 3116 1667 3213 1704; x_wconf 88' lang='lat' dir='ltr'><strong>non</strong></span> <span class='ocrx_word' id='word_1_605' title='bbox 3247 1666 3492 1722; x_wconf 83' lang='lat' dir='ltr'><strong>cognosco</strong></span> <span class='ocrx_word' id='word_1_606' title='bbox 3514 1650 3623 1724; x_wconf 88' lang='lat' dir='ltr'><strong>(Ib.</strong></span> 
     </span>
    </p>
   </div>
   <div class='ocr_carea' id='block_1_79' title="bbox 2016 1734 3625 1809">
    <p class='ocr_par' dir='ltr' id='par_1_79' title="bbox 2016 1734 3625 1809">
     <span class='ocr_line' id='line_1_79' title="bbox 2016 1734 3625 1809; baseline 0.006 -22"><span class='ocrx_word' id='word_1_607' title='bbox 2016 1737 2096 1788; x_wconf 62' lang='grc' dir='ltr'><strong>ἐν.</strong></span> <span class='ocrx_word' id='word_1_608' title='bbox 2125 1734 2213 1804; x_wconf 73' lang='grc'><strong>54)</strong></span> <span class='ocrx_word' id='word_1_609' title='bbox 2237 1735 2261 1788; x_wconf 84' lang='lat'><strong>?</strong></span> <span class='ocrx_word' id='word_1_610' title='bbox 2286 1735 2423 1804; x_wconf 89' lang='lat' dir='ltr'><strong>Quid</strong></span> <span class='ocrx_word' id='word_1_611' title='bbox 2457 1737 2615 1807; x_wconf 87' lang='lat' dir='ltr'><strong>igitur</strong></span> <span class='ocrx_word' id='word_1_612' title='bbox 2641 1739 2899 1808; x_wconf 81' lang='lat' dir='ltr'><strong>angelus?</strong></span> <span class='ocrx_word' id='word_1_613' title='bbox 2924 1739 3147 1809; x_wconf 81' lang='lat' dir='ltr'><strong>Spiritus</strong></span> <span class='ocrx_word' id='word_1_614' title='bbox 3172 1753 3374 1795; x_wconf 86' lang='lat' dir='ltr'><strong>sanctus</strong></span> <span class='ocrx_word' id='word_1_615' title='bbox 3397 1758 3625 1807; x_wconf 72' lang='lat' dir='ltr'><strong>superse-</strong></span> 
     </span>
    </p>
   </div>
   <div class='ocr_carea' id='block_1_80' title="bbox 2047 1823 3626 1901">
    <p class='ocr_par' dir='ltr' id='par_1_80' title="bbox 2047 1823 3626 1901">
     <span class='ocr_line' id='line_1_80' title="bbox 2047 1823 3626 1901; baseline 0.006 -24"><span class='ocrx_word' id='word_1_616' title='bbox 2047 1824 2148 1878; x_wconf 87' lang='lat' dir='ltr'><strong>niet</strong></span> <span class='ocrx_word' id='word_1_617' title='bbox 2168 1841 2320 1895; x_wconf 86' lang='lat' dir='ltr'><strong>super</strong></span> <span class='ocrx_word' id='word_1_618' title='bbox 2340 1836 2406 1891; x_wconf 90' lang='lat' dir='ltr'><strong>te,</strong></span> <span class='ocrx_word' id='word_1_619' title='bbox 2429 1823 3243 1883; x_wconf 84' lang='lat' dir='ltr'><strong>etvirtusAltissimiobumbrabit</strong></span> <span class='ocrx_word' id='word_1_620' title='bbox 3270 1829 3357 1884; x_wconf 85' lang='lat' dir='ltr'><strong>tibi</strong></span> <span class='ocrx_word' id='word_1_621' title='bbox 3389 1830 3550 1901; x_wconf 85' lang='lat' dir='ltr'><strong>(Ibid.</strong></span> <span class='ocrx_word' id='word_1_622' title='bbox 3576 1847 3626 1886; x_wconf 74' lang='grc' dir='ltr'><strong>ο.</strong></span> 
     </span>
    </p>
   </div>
   <div class='ocr_carea' id='block_1_81' title="bbox 2046 1913 3624 1985">
    <p class='ocr_par' dir='ltr' id='par_1_81' title="bbox 2046 1913 3624 1985">
     <span class='ocr_line' id='line_1_81' title="bbox 2046 1913 3624 1985; baseline 0.002 -17"><span class='ocrx_word' id='word_1_623' title='bbox 2046 1913 2161 1983; x_wconf 79' lang='lat'><strong>55).</strong></span> <span class='ocrx_word' id='word_1_624' title='bbox 2190 1914 2265 1969; x_wconf 92' lang='lat' dir='ltr'><strong>Ne</strong></span> <span class='ocrx_word' id='word_1_625' title='bbox 2296 1930 2526 1985; x_wconf 62' lang='lat' dir='ltr'><strong>quaeras,</strong></span> <span class='ocrx_word' id='word_1_626' title='bbox 2558 1914 2756 1985; x_wconf 83' lang='lat' dir='ltr'><strong>inquit,</strong></span> <span class='ocrx_word' id='word_1_627' title='bbox 2791 1925 2995 1972; x_wconf 68' lang='lat' dir='ltr'><strong>naturae</strong></span> <span class='ocrx_word' id='word_1_628' title='bbox 3027 1919 3240 1972; x_wconf 91' lang='lat' dir='ltr'><strong>modum</strong></span> <span class='ocrx_word' id='word_1_629' title='bbox 3268 1927 3322 1976; x_wconf 78' lang='lat' dir='ltr'><strong>et</strong></span> <span class='ocrx_word' id='word_1_630' title='bbox 3350 1920 3624 1985; x_wconf 87' lang='lat' dir='ltr'><strong>ordinem,</strong></span> 
     </span>
    </p>
   </div>
   <div class='ocr_carea' id='block_1_82' title="bbox 2047 2004 3626 2080">
    <p class='ocr_par' dir='ltr' id='par_1_82' title="bbox 2047 2004 3626 2080">
     <span class='ocr_line' id='line_1_82' title="bbox 2047 2004 3626 2080; baseline 0.006 -24"><span class='ocrx_word' id='word_1_631' title='bbox 2047 2004 2261 2073; x_wconf 88' lang='lat' dir='ltr'><strong>quando</strong></span> <span class='ocrx_word' id='word_1_632' title='bbox 2306 2019 2468 2073; x_wconf 91' lang='lat' dir='ltr'><strong>super</strong></span> <span class='ocrx_word' id='word_1_633' title='bbox 2511 2020 2751 2060; x_wconf 89' lang='lat' dir='ltr'><strong>naturam</strong></span> <span class='ocrx_word' id='word_1_634' title='bbox 2796 2017 2919 2061; x_wconf 90' lang='lat' dir='ltr'><strong>sunt</strong></span> <span class='ocrx_word' id='word_1_635' title='bbox 2958 2023 3076 2077; x_wconf 68' lang='lat' dir='ltr'><strong>quae</strong></span> <span class='ocrx_word' id='word_1_636' title='bbox 3107 2008 3274 2073; x_wconf 82' lang='lat' dir='ltr'><strong>ﬁunt;</strong></span> <span class='ocrx_word' id='word_1_637' title='bbox 3306 2024 3374 2065; x_wconf 91' lang='lat' dir='ltr'><strong>ne</strong></span> <span class='ocrx_word' id='word_1_638' title='bbox 3417 2020 3626 2080; x_wconf 89' lang='lat' dir='ltr'><strong>spectes</strong></span> 
     </span>
    </p>
   </div>
   <div class='ocr_carea' id='block_1_83' title="bbox 2048 2094 3626 2168">
    <p class='ocr_par' dir='ltr' id='par_1_83' title="bbox 2048 2094 3626 2168">
     <span class='ocr_line' id='line_1_83' title="bbox 2048 2094 3626 2168; baseline 0.005 -22"><span class='ocrx_word' id='word_1_639' title='bbox 2048 2094 2275 2163; x_wconf 88' lang='lat' dir='ltr'><strong>conjugii</strong></span> <span class='ocrx_word' id='word_1_640' title='bbox 2287 2094 2514 2156; x_wconf 79' lang='lat' dir='ltr'><strong>dolores,</strong></span> <span class='ocrx_word' id='word_1_641' title='bbox 2531 2095 2740 2165; x_wconf 90' lang='lat' dir='ltr'><strong>quando</strong></span> <span class='ocrx_word' id='word_1_642' title='bbox 2755 2097 2924 2165; x_wconf 86' lang='lat' dir='ltr'><strong>major</strong></span> <span class='ocrx_word' id='word_1_643' title='bbox 2935 2113 3089 2167; x_wconf 87' lang='lat' dir='ltr'><strong>quam</strong></span> <span class='ocrx_word' id='word_1_644' title='bbox 3104 2099 3154 2151; x_wconf 91' lang='lat' dir='ltr'><strong>in</strong></span> <span class='ocrx_word' id='word_1_645' title='bbox 3169 2098 3363 2168; x_wconf 91' lang='lat' dir='ltr'><strong>nuptiis</strong></span> <span class='ocrx_word' id='word_1_646' title='bbox 3376 2100 3626 2154; x_wconf 90' lang='lat' dir='ltr'><strong>natalium</strong></span> 
     </span>
    </p>
   </div>
   <div class='ocr_carea' id='block_1_84' title="bbox 2049 2185 3627 2261">
    <p class='ocr_par' dir='ltr' id='par_1_84' title="bbox 2049 2185 3627 2261">
     <span class='ocr_line' id='line_1_84' title="bbox 2049 2185 3627 2261; baseline 0.004 -23"><span class='ocrx_word' id='word_1_647' title='bbox 2049 2185 2239 2241; x_wconf 89' lang='lat' dir='ltr'><strong>modus</strong></span> <span class='ocrx_word' id='word_1_648' title='bbox 2266 2187 2386 2241; x_wconf 92' lang='lat' dir='ltr'><strong>erit.</strong></span> <span class='ocrx_word' id='word_1_649' title='bbox 2410 2186 2475 2240; x_wconf 86' lang='lat' dir='ltr'><strong>Et</strong></span> <span class='ocrx_word' id='word_1_650' title='bbox 2497 2189 2745 2255; x_wconf 89' lang='lat' dir='ltr'><strong>quomodo</strong></span> <span class='ocrx_word' id='word_1_651' title='bbox 2773 2189 2859 2257; x_wconf 77' lang='lat' dir='ltr'><strong>ﬁet</strong></span> <span class='ocrx_word' id='word_1_652' title='bbox 2884 2190 3038 2254; x_wconf 87' lang='lat' dir='ltr'><strong>istud,</strong></span> <span class='ocrx_word' id='word_1_653' title='bbox 3069 2191 3257 2261; x_wconf 89' lang='lat' dir='ltr'><strong>inquit,</strong></span> <span class='ocrx_word' id='word_1_654' title='bbox 3287 2192 3524 2261; x_wconf 78' lang='lat' dir='ltr'><strong>quoniam</strong></span> <span class='ocrx_word' id='word_1_655' title='bbox 3551 2193 3627 2244; x_wconf 82' lang='lat' dir='ltr'><strong>vi-</strong></span> 
     </span>
    </p>
   </div>
   <div class='ocr_carea' id='block_1_85' title="bbox 2047 2276 3626 2351">
    <p class='ocr_par' dir='ltr' id='par_1_85' title="bbox 2047 2276 3626 2351">
     <span class='ocr_line' id='line_1_85' title="bbox 2047 2276 3626 2351; baseline 0.005 -25"><span class='ocrx_word' id='word_1_656' title='bbox 2047 2290 2163 2327; x_wconf 86' lang='lat' dir='ltr'><strong>rum</strong></span> <span class='ocrx_word' id='word_1_657' title='bbox 2191 2290 2291 2328; x_wconf 84' lang='lat' dir='ltr'><strong>non</strong></span> <span class='ocrx_word' id='word_1_658' title='bbox 2323 2291 2565 2345; x_wconf 84' lang='lat' dir='ltr'><strong>cognosco</strong></span> <span class='ocrx_word' id='word_1_659' title='bbox 2586 2276 2612 2330; x_wconf 86' lang='lat'><strong><em>?</em></strong></span> <span class='ocrx_word' id='word_1_660' title='bbox 2633 2276 2770 2332; x_wconf 89' lang='lat' dir='ltr'><strong>Sane</strong></span> <span class='ocrx_word' id='word_1_661' title='bbox 2802 2288 3019 2346; x_wconf 90' lang='lat' dir='ltr'><strong>propter</strong></span> <span class='ocrx_word' id='word_1_662' title='bbox 3063 2279 3165 2334; x_wconf 91' lang='lat' dir='ltr'><strong>boc</strong></span> <span class='ocrx_word' id='word_1_663' title='bbox 3192 2280 3292 2334; x_wconf 90' lang='lat' dir='ltr'><strong>erit</strong></span> <span class='ocrx_word' id='word_1_664' title='bbox 3311 2322 3326 2344; x_wconf 88' lang='lat'><strong>,</strong></span> <span class='ocrx_word' id='word_1_665' title='bbox 3376 2282 3626 2351; x_wconf 89' lang='lat' dir='ltr'><strong>quoniam</strong></span> 
     </span>
    </p>
   </div>
   <div class='ocr_carea' id='block_1_86' title="bbox 2048 2364 3711 2438">
    <p class='ocr_par' dir='ltr' id='par_1_86' title="bbox 2048 2364 3711 2438">
     <span class='ocr_line' id='line_1_86' title="bbox 2048 2364 3711 2438; baseline 0.005 -21"><span class='ocrx_word' id='word_1_666' title='bbox 2048 2364 2219 2417; x_wconf 87' lang='lat' dir='ltr'><strong>virum</strong></span> <span class='ocrx_word' id='word_1_667' title='bbox 2248 2379 2352 2419; x_wconf 91' lang='lat' dir='ltr'><strong>non</strong></span> <span class='ocrx_word' id='word_1_668' title='bbox 2374 2367 2669 2435; x_wconf 89' lang='lat' dir='ltr'><strong>cognoscis.</strong></span> <span class='ocrx_word' id='word_1_669' title='bbox 2700 2365 2830 2421; x_wconf 90' lang='lat' dir='ltr'><strong>Nam</strong></span> <span class='ocrx_word' id='word_1_670' title='bbox 2858 2369 2903 2421; x_wconf 90' lang='lat' dir='ltr'><strong>si</strong></span> <span class='ocrx_word' id='word_1_671' title='bbox 2933 2383 3280 2438; x_wconf 88' lang='lat' dir='ltr'><strong>cognosceres</strong></span> <span class='ocrx_word' id='word_1_672' title='bbox 3306 2371 3496 2433; x_wconf 90' lang='lat' dir='ltr'><strong>virum,</strong></span> <span class='ocrx_word' id='word_1_673' title='bbox 3519 2387 3627 2425; x_wconf 89' lang='lat' dir='ltr'><strong>non</strong></span> <span class='ocrx_word' id='word_1_674' title='bbox 3710 2396 3711 2399; x_wconf 51' lang='grc' dir='ltr'><strong>η</strong></span> 
     </span>
    </p>
   </div>
   <div class='ocr_carea' id='block_1_87' title="bbox 2047 2455 3626 2526">
    <p class='ocr_par' dir='ltr' id='par_1_87' title="bbox 2047 2455 3626 2526">
     <span class='ocr_line' id='line_1_87' title="bbox 2047 2455 3626 2526; baseline 0.006 -19"><span class='ocrx_word' id='word_1_675' title='bbox 2047 2455 2240 2510; x_wconf 79' lang='lat' dir='ltr'><strong>fuisses</strong></span> <span class='ocrx_word' id='word_1_676' title='bbox 2264 2455 2440 2511; x_wconf 85' lang='lat' dir='ltr'><strong>habita</strong></span> <span class='ocrx_word' id='word_1_677' title='bbox 2481 2456 2636 2526; x_wconf 86' lang='lat' dir='ltr'><strong>digna</strong></span> <span class='ocrx_word' id='word_1_678' title='bbox 2676 2468 2732 2513; x_wconf 88' lang='lat' dir='ltr'><strong>ut</strong></span> <span class='ocrx_word' id='word_1_679' title='bbox 2771 2458 2894 2513; x_wconf 87' lang='lat' dir='ltr'><strong>huic</strong></span> <span class='ocrx_word' id='word_1_680' title='bbox 2918 2460 3214 2515; x_wconf 87' lang='lat' dir='ltr'><strong>ministerio</strong></span> <span class='ocrx_word' id='word_1_681' title='bbox 3238 2462 3487 2516; x_wconf 87' lang='lat' dir='ltr'><strong>servires.</strong></span> <span class='ocrx_word' id='word_1_682' title='bbox 3518 2461 3626 2517; x_wconf 87' lang='lat' dir='ltr'><strong>Ita-</strong></span> 
     </span>
    </p>
   </div>
   <div class='ocr_carea' id='block_1_88' title="bbox 2046 2545 3627 2619">
    <p class='ocr_par' dir='ltr' id='par_1_88' title="bbox 2046 2545 3627 2619">
     <span class='ocr_line' id='line_1_88' title="bbox 2046 2545 3627 2619; baseline 0.009 -22"><span class='ocrx_word' id='word_1_683' title='bbox 2046 2559 2151 2614; x_wconf 91' lang='lat' dir='ltr'><strong>que</strong></span> <span class='ocrx_word' id='word_1_684' title='bbox 2173 2561 2233 2600; x_wconf 90' lang='lat' dir='ltr'><strong>ea</strong></span> <span class='ocrx_word' id='word_1_685' title='bbox 2262 2545 2330 2601; x_wconf 92' lang='lat' dir='ltr'><strong>de</strong></span> <span class='ocrx_word' id='word_1_686' title='bbox 2357 2562 2537 2614; x_wconf 89' lang='lat' dir='ltr'><strong>causa,</strong></span> <span class='ocrx_word' id='word_1_687' title='bbox 2565 2563 2667 2618; x_wconf 88' lang='lat' dir='ltr'><strong>qua</strong></span> <span class='ocrx_word' id='word_1_688' title='bbox 2694 2549 2926 2616; x_wconf 88' lang='lat' dir='ltr'><strong>dubitas,</strong></span> <span class='ocrx_word' id='word_1_689' title='bbox 2950 2566 3010 2605; x_wconf 88' lang='lat' dir='ltr'><strong>ea</strong></span> <span class='ocrx_word' id='word_1_690' title='bbox 3035 2551 3144 2619; x_wconf 90' lang='lat' dir='ltr'><strong>ipsa</strong></span> <span class='ocrx_word' id='word_1_691' title='bbox 3169 2551 3237 2607; x_wconf 90' lang='lat' dir='ltr'><strong>de</strong></span> <span class='ocrx_word' id='word_1_692' title='bbox 3262 2567 3419 2607; x_wconf 78' lang='lat' dir='ltr'><strong>causa</strong></span> <span class='ocrx_word' id='word_1_693' title='bbox 3445 2552 3627 2611; x_wconf 90' lang='lat' dir='ltr'><strong>crede.</strong></span> 
     </span>
    </p>
   </div>
   <div class='ocr_carea' id='block_1_89' title="bbox 2046 2634 3625 2713">
    <p class='ocr_par' dir='ltr' id='par_1_89' title="bbox 2046 2634 3625 2713">
     <span class='ocr_line' id='line_1_89' title="bbox 2046 2634 3625 2713; baseline 0.004 -23"><span class='ocrx_word' id='word_1_694' title='bbox 2046 2634 2163 2690; x_wconf 88' lang='lat' dir='ltr'><strong>Non</strong></span> <span class='ocrx_word' id='word_1_695' title='bbox 2188 2637 2308 2706; x_wconf 91' lang='lat' dir='ltr'><strong>quia</strong></span> <span class='ocrx_word' id='word_1_696' title='bbox 2336 2638 2532 2693; x_wconf 92' lang='lat' dir='ltr'><strong>malum</strong></span> <span class='ocrx_word' id='word_1_697' title='bbox 2566 2639 2762 2709; x_wconf 71' lang='lat' dir='ltr'><strong>nuptiae</strong></span> <span class='ocrx_word' id='word_1_698' title='bbox 2780 2679 2797 2705; x_wconf 93' lang='lat'><strong>,</strong></span> <span class='ocrx_word' id='word_1_699' title='bbox 2823 2641 2918 2696; x_wconf 91' lang='lat' dir='ltr'><strong>sed</strong></span> <span class='ocrx_word' id='word_1_700' title='bbox 2947 2642 3069 2711; x_wconf 91' lang='lat' dir='ltr'><strong>quia</strong></span> <span class='ocrx_word' id='word_1_701' title='bbox 3097 2642 3288 2697; x_wconf 89' lang='lat' dir='ltr'><strong>melior</strong></span> <span class='ocrx_word' id='word_1_702' title='bbox 3318 2643 3625 2713; x_wconf 86' lang='lat' dir='ltr'><strong>virginitas;</strong></span> 
     </span>
    </p>
   </div>
   <div class='ocr_carea' id='block_1_90' title="bbox 2046 2725 3627 2804">
    <p class='ocr_par' dir='ltr' id='par_1_90' title="bbox 2046 2725 3627 2804">
     <span class='ocr_line' id='line_1_90' title="bbox 2046 2725 3627 2804; baseline 0.006 -25"><span class='ocrx_word' id='word_1_703' title='bbox 2046 2725 2187 2783; x_wconf 90' lang='lat' dir='ltr'><strong>hunc</strong></span> <span class='ocrx_word' id='word_1_704' title='bbox 2205 2737 2382 2783; x_wconf 89' lang='lat' dir='ltr'><strong>autem</strong></span> <span class='ocrx_word' id='word_1_705' title='bbox 2411 2729 2706 2798; x_wconf 88' lang='lat' dir='ltr'><strong>ingressum</strong></span> <span class='ocrx_word' id='word_1_706' title='bbox 2732 2731 2901 2786; x_wconf 91' lang='lat' dir='ltr'><strong>nostri</strong></span> <span class='ocrx_word' id='word_1_707' title='bbox 2923 2732 3159 2787; x_wconf 91' lang='lat' dir='ltr'><strong>omnium</strong></span> <span class='ocrx_word' id='word_1_708' title='bbox 3188 2733 3397 2788; x_wconf 90' lang='lat' dir='ltr'><strong>Domini</strong></span> <span class='ocrx_word' id='word_1_709' title='bbox 3420 2735 3627 2804; x_wconf 89' lang='lat' dir='ltr'><strong>dignio-</strong></span> 
     </span>
    </p>
   </div>
   <div class='ocr_carea' id='block_1_91' title="bbox 2046 2825 3628 2896">
    <p class='ocr_par' dir='ltr' id='par_1_91' title="bbox 2046 2825 3628 2896">
     <span class='ocr_line' id='line_1_91' title="bbox 2046 2825 3628 2896; baseline 0.005 -21"><span class='ocrx_word' id='word_1_710' title='bbox 2046 2835 2160 2875; x_wconf 87' lang='lat' dir='ltr'><strong>rem</strong></span> <span class='ocrx_word' id='word_1_711' title='bbox 2190 2836 2310 2875; x_wconf 88' lang='lat' dir='ltr'><strong>esse</strong></span> <span class='ocrx_word' id='word_1_712' title='bbox 2351 2830 2578 2891; x_wconf 82' lang='lat' dir='ltr'><strong>Oportet,</strong></span> <span class='ocrx_word' id='word_1_713' title='bbox 2610 2837 2765 2891; x_wconf 90' lang='lat' dir='ltr'><strong>quam</strong></span> <span class='ocrx_word' id='word_1_714' title='bbox 2808 2836 3046 2879; x_wconf 89' lang='lat' dir='ltr'><strong>nostrum</strong></span> <span class='ocrx_word' id='word_1_715' title='bbox 3076 2843 3089 2878; x_wconf 89' lang='lat'><strong>:</strong></span> <span class='ocrx_word' id='word_1_716' title='bbox 3124 2825 3317 2896; x_wconf 84' lang='lat' dir='ltr'><strong>Regius</strong></span> <span class='ocrx_word' id='word_1_717' title='bbox 3344 2828 3486 2882; x_wconf 90' lang='lat' dir='ltr'><strong>enim</strong></span> <span class='ocrx_word' id='word_1_718' title='bbox 3531 2826 3628 2883; x_wconf 90' lang='lat' dir='ltr'><strong>fuit</strong></span> 
     </span>
    </p>
   </div>
   <div class='ocr_carea' id='block_1_92' title="bbox 2048 2910 3629 2985">
    <p class='ocr_par' dir='ltr' id='par_1_92' title="bbox 2048 2910 3629 2985">
     <span class='ocr_line' id='line_1_92' title="bbox 2048 2910 3629 2985; baseline 0.004 -20"><span class='ocrx_word' id='word_1_719' title='bbox 2048 2910 2315 2965; x_wconf 86' lang='lat' dir='ltr'><strong>introitus.</strong></span> <span class='ocrx_word' id='word_1_720' title='bbox 2345 2912 2634 2982; x_wconf 85' lang='lat' dir='ltr'><strong>Oportebat</strong></span> <span class='ocrx_word' id='word_1_721' title='bbox 2673 2921 2728 2967; x_wconf 92' lang='lat' dir='ltr'><strong>et</strong></span> <span class='ocrx_word' id='word_1_722' title='bbox 2763 2928 3099 2968; x_wconf 89' lang='lat' dir='ltr'><strong>communem</strong></span> <span class='ocrx_word' id='word_1_723' title='bbox 3139 2930 3259 2970; x_wconf 91' lang='lat' dir='ltr'><strong>cum</strong></span> <span class='ocrx_word' id='word_1_724' title='bbox 3294 2924 3478 2971; x_wconf 89' lang='lat' dir='ltr'><strong>nostro</strong></span> <span class='ocrx_word' id='word_1_725' title='bbox 3514 2916 3629 2985; x_wconf 86' lang='lat' dir='ltr'><strong>ejus</strong></span> 
     </span>
    </p>
   </div>
   <div class='ocr_carea' id='block_1_93' title="bbox 2047 3003 3629 3078">
    <p class='ocr_par' dir='ltr' id='par_1_93' title="bbox 2047 3003 3629 3078">
     <span class='ocr_line' id='line_1_93' title="bbox 2047 3003 3629 3078; baseline 0.003 -21"><span class='ocrx_word' id='word_1_726' title='bbox 2047 3017 2168 3057; x_wconf 90' lang='lat' dir='ltr'><strong>esse</strong></span> <span class='ocrx_word' id='word_1_727' title='bbox 2197 3012 2373 3056; x_wconf 91' lang='lat' dir='ltr'><strong>ortum</strong></span> <span class='ocrx_word' id='word_1_728' title='bbox 2394 3043 2410 3068; x_wconf 89' lang='lat'><strong>,</strong></span> <span class='ocrx_word' id='word_1_729' title='bbox 2439 3012 2493 3057; x_wconf 90' lang='lat' dir='ltr'><strong>et</strong></span> <span class='ocrx_word' id='word_1_730' title='bbox 2534 3003 2799 3058; x_wconf 90' lang='lat' dir='ltr'><strong>diversum</strong></span> <span class='ocrx_word' id='word_1_731' title='bbox 2826 3019 2856 3058; x_wconf 91' lang='lat' dir='ltr'><strong>a</strong></span> <span class='ocrx_word' id='word_1_732' title='bbox 2886 3017 3089 3069; x_wconf 89' lang='lat' dir='ltr'><strong>nostro,</strong></span> <span class='ocrx_word' id='word_1_733' title='bbox 3121 3015 3176 3061; x_wconf 91' lang='lat' dir='ltr'><strong>et</strong></span> <span class='ocrx_word' id='word_1_734' title='bbox 3200 3015 3482 3078; x_wconf 89' lang='lat' dir='ltr'><strong>utrumque</strong></span> <span class='ocrx_word' id='word_1_735' title='bbox 3506 3022 3629 3062; x_wconf 85' lang='lat' dir='ltr'><strong>eve-</strong></span> 
     </span>
    </p>
   </div>
   <div class='ocr_carea' id='block_1_94' title="bbox 2046 3094 3630 3166">
    <p class='ocr_par' dir='ltr' id='par_1_94' title="bbox 2046 3094 3630 3166">
     <span class='ocr_line' id='line_1_94' title="bbox 2046 3094 3630 3166; baseline 0.004 -18"><span class='ocrx_word' id='word_1_736' title='bbox 2046 3096 2142 3148; x_wconf 89' lang='lat' dir='ltr'><strong>nit.</strong></span> <span class='ocrx_word' id='word_1_737' title='bbox 2177 3094 2245 3148; x_wconf 91' lang='lat' dir='ltr'><strong>Et</strong></span> <span class='ocrx_word' id='word_1_738' title='bbox 2291 3094 2556 3164; x_wconf 92' lang='lat' dir='ltr'><strong>quomodo</strong></span> <span class='ocrx_word' id='word_1_739' title='bbox 2604 3095 2747 3149; x_wconf 87' lang='lat' dir='ltr'><strong>audi.</strong></span> <span class='ocrx_word' id='word_1_740' title='bbox 2792 3094 2923 3149; x_wconf 88' lang='lat' dir='ltr'><strong>Nam</strong></span> <span class='ocrx_word' id='word_1_741' title='bbox 2954 3096 3020 3151; x_wconf 90' lang='lat' dir='ltr'><strong>de</strong></span> <span class='ocrx_word' id='word_1_742' title='bbox 3048 3107 3201 3151; x_wconf 89' lang='lat' dir='ltr'><strong>utero</strong></span> <span class='ocrx_word' id='word_1_743' title='bbox 3239 3097 3485 3166; x_wconf 91' lang='lat' dir='ltr'><strong>prodire,</strong></span> <span class='ocrx_word' id='word_1_744' title='bbox 3526 3096 3630 3154; x_wconf 82' lang='lat' dir='ltr'><strong>hoc</strong></span> 
     </span>
    </p>
   </div>
   <div class='ocr_carea' id='block_1_95' title="bbox 2046 3188 3630 3259">
    <p class='ocr_par' dir='ltr' id='par_1_95' title="bbox 2046 3188 3630 3259">
     <span class='ocr_line' id='line_1_95' title="bbox 2046 3188 3630 3259; baseline 0.001 -17"><span class='ocrx_word' id='word_1_745' title='bbox 2046 3202 2327 3242; x_wconf 90' lang='lat' dir='ltr'><strong>commune</strong></span> <span class='ocrx_word' id='word_1_746' title='bbox 2371 3188 2642 3245; x_wconf 89' lang='lat' dir='ltr'><strong>nobiscum</strong></span> <span class='ocrx_word' id='word_1_747' title='bbox 2671 3197 2789 3243; x_wconf 89' lang='lat' dir='ltr'><strong>est:</strong></span> <span class='ocrx_word' id='word_1_748' title='bbox 2818 3188 3018 3259; x_wconf 85' lang='lat' dir='ltr'><strong>absque</strong></span> <span class='ocrx_word' id='word_1_749' title='bbox 3047 3189 3265 3259; x_wconf 90' lang='lat' dir='ltr'><strong>nuptiali</strong></span> <span class='ocrx_word' id='word_1_750' title='bbox 3292 3199 3467 3244; x_wconf 89' lang='lat' dir='ltr'><strong>autem</strong></span> <span class='ocrx_word' id='word_1_751' title='bbox 3498 3204 3630 3244; x_wconf 86' lang='lat' dir='ltr'><strong>eon-</strong></span> 
     </span>
    </p>
   </div>
   <div class='ocr_carea' id='block_1_96' title="bbox 2045 3279 3630 3353">
    <p class='ocr_par' dir='ltr' id='par_1_96' title="bbox 2045 3279 3630 3353">
     <span class='ocr_line' id='line_1_96' title="bbox 2045 3279 3630 3353; baseline 0.003 -21"><span class='ocrx_word' id='word_1_752' title='bbox 2045 3292 2230 3348; x_wconf 87' lang='lat' dir='ltr'><strong>gressu</strong></span> <span class='ocrx_word' id='word_1_753' title='bbox 2254 3279 2421 3346; x_wconf 90' lang='lat' dir='ltr'><strong>nasci,</strong></span> <span class='ocrx_word' id='word_1_754' title='bbox 2444 3294 2603 3349; x_wconf 90' lang='lat' dir='ltr'><strong>supra</strong></span> <span class='ocrx_word' id='word_1_755' title='bbox 2628 3289 2863 3334; x_wconf 89' lang='lat' dir='ltr'><strong>nostram</strong></span> <span class='ocrx_word' id='word_1_756' title='bbox 2890 3289 2972 3335; x_wconf 91' lang='lat' dir='ltr'><strong>est</strong></span> <span class='ocrx_word' id='word_1_757' title='bbox 2994 3282 3274 3351; x_wconf 89' lang='lat' dir='ltr'><strong>originem.</strong></span> <span class='ocrx_word' id='word_1_758' title='bbox 3295 3280 3515 3337; x_wconf 88' lang='lat' dir='ltr'><strong>Uterum</strong></span> <span class='ocrx_word' id='word_1_759' title='bbox 3538 3296 3630 3353; x_wconf 84' lang='lat' dir='ltr'><strong>ge-</strong></span> 
     </span>
    </p>
   </div>
   <div class='ocr_carea' id='block_1_97' title="bbox 2045 3370 3630 3444">
    <p class='ocr_par' dir='ltr' id='par_1_97' title="bbox 2045 3370 3630 3444">
     <span class='ocr_line' id='line_1_97' title="bbox 2045 3370 3630 3444; baseline 0.002 -20"><span class='ocrx_word' id='word_1_760' title='bbox 2045 3377 2192 3425; x_wconf 88' lang='lat' dir='ltr'><strong>stare</strong></span> <span class='ocrx_word' id='word_1_761' title='bbox 2221 3379 2293 3435; x_wconf 89' lang='lat' dir='ltr'><strong>te,</strong></span> <span class='ocrx_word' id='word_1_762' title='bbox 2325 3370 2377 3425; x_wconf 90' lang='lat' dir='ltr'><strong>id</strong></span> <span class='ocrx_word' id='word_1_763' title='bbox 2406 3382 2610 3426; x_wconf 62' lang='lat' dir='ltr'><strong>natura:</strong></span> <span class='ocrx_word' id='word_1_764' title='bbox 2634 3383 2715 3426; x_wconf 93' lang='lat' dir='ltr'><strong>est</strong></span> <span class='ocrx_word' id='word_1_765' title='bbox 2736 3372 3014 3438; x_wconf 67' lang='lat' dir='ltr'><strong>humanae;</strong></span> <span class='ocrx_word' id='word_1_766' title='bbox 3053 3374 3169 3428; x_wconf 90' lang='lat' dir='ltr'><strong>sine</strong></span> <span class='ocrx_word' id='word_1_767' title='bbox 3194 3388 3481 3444; x_wconf 88' lang='lat' dir='ltr'><strong>congressu</strong></span> <span class='ocrx_word' id='word_1_768' title='bbox 3515 3381 3630 3428; x_wconf 86' lang='lat' dir='ltr'><strong>ute-</strong></span> 
     </span>
    </p>
   </div>
   <div class='ocr_carea' id='block_1_98' title="bbox 2045 3463 3630 3534">
    <p class='ocr_par' dir='ltr' id='par_1_98' title="bbox 2045 3463 3630 3534">
     <span class='ocr_line' id='line_1_98' title="bbox 2045 3463 3630 3534; baseline 0.002 -17"><span class='ocrx_word' id='word_1_769' title='bbox 2045 3478 2162 3517; x_wconf 90' lang='lat' dir='ltr'><strong>rum</strong></span> <span class='ocrx_word' id='word_1_770' title='bbox 2191 3473 2420 3533; x_wconf 87' lang='lat' dir='ltr'><strong>gestare,</strong></span> <span class='ocrx_word' id='word_1_771' title='bbox 2443 3463 2495 3517; x_wconf 91' lang='lat' dir='ltr'><strong>id</strong></span> <span class='ocrx_word' id='word_1_772' title='bbox 2524 3473 2708 3518; x_wconf 88' lang='lat' dir='ltr'><strong>natura</strong></span> <span class='ocrx_word' id='word_1_773' title='bbox 2738 3464 2963 3518; x_wconf 85' lang='lat' dir='ltr'><strong>humana</strong></span> <span class='ocrx_word' id='word_1_774' title='bbox 2989 3464 3264 3521; x_wconf 91' lang='lat' dir='ltr'><strong>sublimius</strong></span> <span class='ocrx_word' id='word_1_775' title='bbox 3293 3483 3306 3517; x_wconf 91' lang='lat'><strong>:</strong></span> <span class='ocrx_word' id='word_1_776' title='bbox 3337 3473 3465 3521; x_wconf 90' lang='lat' dir='ltr'><strong>utet</strong></span> <span class='ocrx_word' id='word_1_777' title='bbox 3492 3480 3630 3534; x_wconf 76' lang='lat' dir='ltr'><strong>pra:—</strong></span> 
     </span>
    </p>
   </div>
   <div class='ocr_carea' id='block_1_99' title="bbox 2046 3554 3625 3625">
    <p class='ocr_par' dir='ltr' id='par_1_99' title="bbox 2046 3554 3625 3625">
     <span class='ocr_line' id='line_1_99' title="bbox 2046 3554 3625 3625; baseline 0 -17"><span class='ocrx_word' id='word_1_778' title='bbox 2046 3554 2294 3608; x_wconf 89' lang='lat' dir='ltr'><strong>stantiam</strong></span> <span class='ocrx_word' id='word_1_779' title='bbox 2315 3562 2370 3610; x_wconf 88' lang='lat' dir='ltr'><strong>et</strong></span> <span class='ocrx_word' id='word_1_780' title='bbox 2384 3554 2810 3608; x_wconf 92' lang='lat' dir='ltr'><strong>communionem</strong></span> <span class='ocrx_word' id='word_1_781' title='bbox 2834 3568 2991 3625; x_wconf 89' lang='lat' dir='ltr'><strong>quam</strong></span> <span class='ocrx_word' id='word_1_782' title='bbox 3020 3562 3192 3610; x_wconf 91' lang='lat' dir='ltr'><strong>tecum</strong></span> <span class='ocrx_word' id='word_1_783' title='bbox 3215 3554 3375 3609; x_wconf 89' lang='lat' dir='ltr'><strong>habet</strong></span> <span class='ocrx_word' id='word_1_784' title='bbox 3398 3554 3625 3609; x_wconf 88' lang='lat' dir='ltr'><strong>ediscas.</strong></span> 
     </span>
    </p>
   </div>
   <div class='ocr_carea' id='block_1_100' title="bbox 2044 3644 3630 3714">
    <p class='ocr_par' dir='ltr' id='par_1_100' title="bbox 2044 3644 3630 3714">
     <span class='ocr_line' id='line_1_100' title="bbox 2044 3644 3630 3714; baseline 0.001 -16"><span class='ocrx_word' id='word_1_785' title='bbox 2044 3644 2337 3699; x_wconf 83' lang='lat' dir='ltr'><strong>Considera</strong></span> <span class='ocrx_word' id='word_1_786' title='bbox 2365 3653 2544 3699; x_wconf 90' lang='lat' dir='ltr'><strong>autem</strong></span> <span class='ocrx_word' id='word_1_787' title='bbox 2573 3655 2769 3713; x_wconf 86' lang='lat' dir='ltr'><strong>quanta</strong></span> <span class='ocrx_word' id='word_1_788' title='bbox 2799 3645 3055 3714; x_wconf 88' lang='lat' dir='ltr'><strong>sapientia</strong></span> <span class='ocrx_word' id='word_1_789' title='bbox 3079 3644 3193 3699; x_wconf 80' lang='lat' dir='ltr'><strong>haec</strong></span> <span class='ocrx_word' id='word_1_790' title='bbox 3223 3646 3356 3699; x_wconf 89' lang='lat' dir='ltr'><strong>facta</strong></span> <span class='ocrx_word' id='word_1_791' title='bbox 3384 3646 3511 3710; x_wconf 90' lang='lat' dir='ltr'><strong>sint,</strong></span> <span class='ocrx_word' id='word_1_792' title='bbox 3542 3660 3630 3700; x_wconf 81' lang='lat' dir='ltr'><strong>ne-</strong></span> 
     </span>
    </p>
   </div>
   <div class='ocr_carea' id='block_1_101' title="bbox 2046 3734 3629 3804">
    <p class='ocr_par' dir='ltr' id='par_1_101' title="bbox 2046 3734 3629 3804">
     <span class='ocr_line' id='line_1_101' title="bbox 2046 3734 3629 3804; baseline 0.001 -16"><span class='ocrx_word' id='word_1_793' title='bbox 2046 3749 2149 3804; x_wconf 89' lang='lat' dir='ltr'><strong>que</strong></span> <span class='ocrx_word' id='word_1_794' title='bbox 2177 3736 2463 3790; x_wconf 90' lang='lat' dir='ltr'><strong>eminentia</strong></span> <span class='ocrx_word' id='word_1_795' title='bbox 2488 3735 2658 3790; x_wconf 88' lang='lat' dir='ltr'><strong>obfuit</strong></span> <span class='ocrx_word' id='word_1_796' title='bbox 2681 3735 3012 3790; x_wconf 90' lang='lat' dir='ltr'><strong>similitudini</strong></span> <span class='ocrx_word' id='word_1_797' title='bbox 3048 3744 3103 3788; x_wconf 92' lang='lat' dir='ltr'><strong>et</strong></span> <span class='ocrx_word' id='word_1_798' title='bbox 3123 3734 3363 3788; x_wconf 70' lang='lat' dir='ltr'><strong>aftinirati</strong></span> <span class='ocrx_word' id='word_1_799' title='bbox 3385 3734 3501 3804; x_wconf 89' lang='lat' dir='ltr'><strong>ejus</strong></span> <span class='ocrx_word' id='word_1_800' title='bbox 3526 3750 3629 3789; x_wconf 84' lang='lat' dir='ltr'><strong>no-</strong></span> 
     </span>
    </p>
   </div>
   <div class='ocr_carea' id='block_1_102' title="bbox 2046 3824 3626 3897">
    <p class='ocr_par' dir='ltr' id='par_1_102' title="bbox 2046 3824 3626 3897">
     <span class='ocr_line' id='line_1_102' title="bbox 2046 3824 3626 3897; baseline -0.001 -17"><span class='ocrx_word' id='word_1_801' title='bbox 2046 3826 2273 3890; x_wconf 90' lang='lat' dir='ltr'><strong>biscum,</strong></span> <span class='ocrx_word' id='word_1_802' title='bbox 2298 3840 2471 3894; x_wconf 91' lang='lat' dir='ltr'><strong>neque</strong></span> <span class='ocrx_word' id='word_1_803' title='bbox 2501 3835 2678 3879; x_wconf 89' lang='lat' dir='ltr'><strong>nostra</strong></span> <span class='ocrx_word' id='word_1_804' title='bbox 2707 3826 2935 3880; x_wconf 80' lang='lat' dir='ltr'><strong>affinitas</strong></span> <span class='ocrx_word' id='word_1_805' title='bbox 2964 3834 3019 3881; x_wconf 91' lang='lat' dir='ltr'><strong>et</strong></span> <span class='ocrx_word' id='word_1_806' title='bbox 3056 3824 3347 3880; x_wconf 89' lang='lat' dir='ltr'><strong>similitudo</strong></span> <span class='ocrx_word' id='word_1_807' title='bbox 3384 3825 3500 3897; x_wconf 83' lang='lat' dir='ltr'><strong>ejus</strong></span> <span class='ocrx_word' id='word_1_808' title='bbox 3527 3825 3626 3879; x_wconf 91' lang='lat' dir='ltr'><strong>ob-</strong></span> 
     </span>
    </p>
   </div>
   <div class='ocr_carea' id='block_1_103' title="bbox 2047 3917 3625 3986">
    <p class='ocr_par' dir='ltr' id='par_1_103' title="bbox 2047 3917 3625 3986">
     <span class='ocr_line' id='line_1_103' title="bbox 2047 3917 3625 3986; baseline -0.001 -14"><span class='ocrx_word' id='word_1_809' title='bbox 2047 3919 2273 3972; x_wconf 89' lang='lat' dir='ltr'><strong>scuravit</strong></span> <span class='ocrx_word' id='word_1_810' title='bbox 2297 3917 2665 3972; x_wconf 84' lang='lat' dir='ltr'><strong>excellentiam</strong></span> <span class='ocrx_word' id='word_1_811' title='bbox 2690 3933 2703 3982; x_wconf 91' lang='lat'><strong>;</strong></span> <span class='ocrx_word' id='word_1_812' title='bbox 2733 3917 2824 3971; x_wconf 90' lang='lat' dir='ltr'><strong>sed</strong></span> <span class='ocrx_word' id='word_1_813' title='bbox 2854 3917 3105 3986; x_wconf 87' lang='lat' dir='ltr'><strong>Operibus</strong></span> <span class='ocrx_word' id='word_1_814' title='bbox 3134 3924 3416 3986; x_wconf 90' lang='lat' dir='ltr'><strong>utrumque</strong></span> <span class='ocrx_word' id='word_1_815' title='bbox 3443 3925 3625 3971; x_wconf 86' lang='lat' dir='ltr'><strong>osten-</strong></span> 
     </span>
    </p>
   </div>
   <div class='ocr_carea' id='block_1_104' title="bbox 2045 4008 3628 4079">
    <p class='ocr_par' dir='ltr' id='par_1_104' title="bbox 2045 4008 3628 4079">
     <span class='ocr_line' id='line_1_104' title="bbox 2045 4008 3628 4079; baseline -0.003 -13"><span class='ocrx_word' id='word_1_816' title='bbox 2045 4026 2163 4066; x_wconf 90' lang='lat' dir='ltr'><strong>sum</strong></span> <span class='ocrx_word' id='word_1_817' title='bbox 2194 4017 2312 4065; x_wconf 91' lang='lat' dir='ltr'><strong>est:</strong></span> <span class='ocrx_word' id='word_1_818' title='bbox 2345 4010 2554 4079; x_wconf 88' lang='lat' dir='ltr'><strong>aliaque</strong></span> <span class='ocrx_word' id='word_1_819' title='bbox 2585 4008 2817 4079; x_wconf 84' lang='lat' dir='ltr'><strong>perfecte</strong></span> <span class='ocrx_word' id='word_1_820' title='bbox 2843 4009 2996 4063; x_wconf 90' lang='lat' dir='ltr'><strong>nobis</strong></span> <span class='ocrx_word' id='word_1_821' title='bbox 3016 4008 3206 4063; x_wconf 88' lang='lat' dir='ltr'><strong>similia</strong></span> <span class='ocrx_word' id='word_1_822' title='bbox 3239 4008 3443 4075; x_wconf 86' lang='lat' dir='ltr'><strong>habuit,</strong></span> <span class='ocrx_word' id='word_1_823' title='bbox 3470 4008 3571 4063; x_wconf 88' lang='lat' dir='ltr'><strong>alia</strong></span> <span class='ocrx_word' id='word_1_824' title='bbox 3597 4024 3628 4062; x_wconf 91' lang='lat' dir='ltr'><strong>a</strong></span> 
     </span>
    </p>
   </div>
   <div class='ocr_carea' id='block_1_105' title="bbox 2046 4091 3631 4161">
    <p class='ocr_par' dir='ltr' id='par_1_105' title="bbox 2046 4091 3631 4161">
     <span class='ocr_line' id='line_1_105' title="bbox 2046 4091 3631 4161; baseline -0.001 -14"><span class='ocrx_word' id='word_1_825' title='bbox 2046 4092 2200 4147; x_wconf 92' lang='lat' dir='ltr'><strong>nobis</strong></span> <span class='ocrx_word' id='word_1_826' title='bbox 2241 4093 2470 4147; x_wconf 88' lang='lat' dir='ltr'><strong>diversa.</strong></span> <span class='ocrx_word' id='word_1_827' title='bbox 2508 4091 2732 4157; x_wconf 80' lang='lat' dir='ltr'><strong>Verum,</strong></span> <span class='ocrx_word' id='word_1_828' title='bbox 2770 4099 2827 4145; x_wconf 90' lang='lat' dir='ltr'><strong>ut</strong></span> <span class='ocrx_word' id='word_1_829' title='bbox 2853 4091 2999 4155; x_wconf 86' lang='lat' dir='ltr'><strong>dixi,</strong></span> <span class='ocrx_word' id='word_1_830' title='bbox 3041 4101 3256 4161; x_wconf 90' lang='lat' dir='ltr'><strong>propter</strong></span> <span class='ocrx_word' id='word_1_831' title='bbox 3296 4092 3399 4147; x_wconf 92' lang='lat' dir='ltr'><strong>hoc</strong></span> <span class='ocrx_word' id='word_1_832' title='bbox 3421 4092 3631 4147; x_wconf 82' lang='lat' dir='ltr'><strong>steriles</strong></span> 
     </span>
    </p>
   </div>
   <div class='ocr_carea' id='block_1_106' title="bbox 2046 4181 3627 4252">
    <p class='ocr_par' dir='ltr' id='par_1_106' title="bbox 2046 4181 3627 4252">
     <span class='ocr_line' id='line_1_106' title="bbox 2046 4181 3627 4252; baseline -0.001 -15"><span class='ocrx_word' id='word_1_833' title='bbox 2046 4183 2258 4237; x_wconf 90' lang='lat' dir='ltr'><strong>fuerunt</strong></span> <span class='ocrx_word' id='word_1_834' title='bbox 2285 4182 2420 4248; x_wconf 77' lang='lat' dir='ltr'><strong>istte,</strong></span> <span class='ocrx_word' id='word_1_835' title='bbox 2445 4191 2501 4235; x_wconf 90' lang='lat' dir='ltr'><strong>ut</strong></span> <span class='ocrx_word' id='word_1_836' title='bbox 2528 4181 2838 4237; x_wconf 88' lang='lat' dir='ltr'><strong>crederetur</strong></span> <span class='ocrx_word' id='word_1_837' title='bbox 2864 4182 3178 4251; x_wconf 84' lang='lat' dir='ltr'><strong>virginitatis</strong></span> <span class='ocrx_word' id='word_1_838' title='bbox 3202 4192 3407 4251; x_wconf 90' lang='lat' dir='ltr'><strong>partus,</strong></span> <span class='ocrx_word' id='word_1_839' title='bbox 3432 4191 3488 4236; x_wconf 92' lang='lat' dir='ltr'><strong>ut</strong></span> <span class='ocrx_word' id='word_1_840' title='bbox 3514 4182 3627 4252; x_wconf 84' lang='lat' dir='ltr'><strong>ipsa</strong></span> 
     </span>
    </p>
   </div>
   <div class='ocr_carea' id='block_1_107' title="bbox 2045 4273 3628 4345">
    <p class='ocr_par' dir='ltr' id='par_1_107' title="bbox 2045 4273 3628 4345">
     <span class='ocr_line' id='line_1_107' title="bbox 2045 4273 3628 4345; baseline -0.001 -16"><span class='ocrx_word' id='word_1_841' title='bbox 2045 4275 2386 4330; x_wconf 83' lang='lat' dir='ltr'><strong>induceretur</strong></span> <span class='ocrx_word' id='word_1_842' title='bbox 2413 4275 2480 4329; x_wconf 92' lang='lat' dir='ltr'><strong>ad</strong></span> <span class='ocrx_word' id='word_1_843' title='bbox 2523 4275 2680 4330; x_wconf 86' lang='lat' dir='ltr'><strong>tidem</strong></span> <span class='ocrx_word' id='word_1_844' title='bbox 2724 4273 3111 4344; x_wconf 84' lang='lat' dir='ltr'><strong>promissionis.</strong></span> <span class='ocrx_word' id='word_1_845' title='bbox 3144 4274 3281 4328; x_wconf 84' lang='lat' dir='ltr'><strong>Audi</strong></span> <span class='ocrx_word' id='word_1_846' title='bbox 3330 4273 3470 4330; x_wconf 90' lang='lat' dir='ltr'><strong>enim</strong></span> <span class='ocrx_word' id='word_1_847' title='bbox 3500 4274 3628 4345; x_wconf 91' lang='lat' dir='ltr'><strong>quid</strong></span> 
     </span>
    </p>
   </div>
   <div class='ocr_carea' id='block_1_108' title="bbox 2045 4368 3631 4439">
    <p class='ocr_par' dir='ltr' id='par_1_108' title="bbox 2045 4368 3631 4439">
     <span class='ocr_line' id='line_1_108' title="bbox 2045 4368 3631 4439; baseline -0.001 -17"><span class='ocrx_word' id='word_1_848' title='bbox 2045 4368 2172 4423; x_wconf 90' lang='lat' dir='ltr'><strong>dicit</strong></span> <span class='ocrx_word' id='word_1_849' title='bbox 2200 4369 2419 4439; x_wconf 89' lang='lat' dir='ltr'><strong>angelus</strong></span> <span class='ocrx_word' id='word_1_850' title='bbox 2449 4368 2543 4423; x_wconf 86' lang='lat' dir='ltr'><strong>Dei</strong></span> <span class='ocrx_word' id='word_1_851' title='bbox 2584 4384 2598 4421; x_wconf 90' lang='lat'><strong>:</strong></span> <span class='ocrx_word' id='word_1_852' title='bbox 2635 4368 2859 4437; x_wconf 87' lang='lat' dir='ltr'><strong>Spiritus</strong></span> <span class='ocrx_word' id='word_1_853' title='bbox 2894 4379 3097 4421; x_wconf 85' lang='lat' dir='ltr'><strong>sanctus</strong></span> <span class='ocrx_word' id='word_1_854' title='bbox 3120 4368 3277 4420; x_wconf 85' lang='lat' dir='ltr'><strong>veniet</strong></span> <span class='ocrx_word' id='word_1_855' title='bbox 3306 4383 3455 4437; x_wconf 88' lang='lat' dir='ltr'><strong>super</strong></span> <span class='ocrx_word' id='word_1_856' title='bbox 3482 4376 3547 4432; x_wconf 86' lang='lat' dir='ltr'><strong>te,</strong></span> <span class='ocrx_word' id='word_1_857' title='bbox 3578 4375 3631 4421; x_wconf 85' lang='lat' dir='ltr'><strong>et</strong></span> 
     </span>
    </p>
   </div>
   <div class='ocr_carea' id='block_1_109' title="bbox 2044 4456 3628 4528">
    <p class='ocr_par' dir='ltr' id='par_1_109' title="bbox 2044 4456 3628 4528">
     <span class='ocr_line' id='line_1_109' title="bbox 2044 4456 3628 4528; baseline -0.003 -14"><span class='ocrx_word' id='word_1_858' title='bbox 2044 4460 2201 4514; x_wconf 80' lang='lat' dir='ltr'><strong>virtus</strong></span> <span class='ocrx_word' id='word_1_859' title='bbox 2226 4461 2473 4515; x_wconf 82' lang='lat' dir='ltr'><strong>Altissimi</strong></span> <span class='ocrx_word' id='word_1_860' title='bbox 2508 4459 2817 4513; x_wconf 84' lang='lat' dir='ltr'><strong>obumbrabit</strong></span> <span class='ocrx_word' id='word_1_861' title='bbox 2840 4457 2929 4511; x_wconf 86' lang='lat' dir='ltr'><strong>tibi</strong></span> <span class='ocrx_word' id='word_1_862' title='bbox 2948 4458 2969 4528; x_wconf 92' lang='lat'><strong>(</strong></span> <span class='ocrx_word' id='word_1_863' title='bbox 2988 4456 3242 4528; x_wconf 86' lang='lat' dir='ltr'><strong>Ibidem).</strong></span> <span class='ocrx_word' id='word_1_864' title='bbox 3271 4456 3361 4512; x_wconf 89' lang='lat' dir='ltr'><strong>Sic</strong></span> <span class='ocrx_word' id='word_1_865' title='bbox 3378 4498 3394 4521; x_wconf 94' lang='lat'><strong>,</strong></span> <span class='ocrx_word' id='word_1_866' title='bbox 3424 4456 3628 4527; x_wconf 87' lang='lat' dir='ltr'><strong>inquit,</strong></span> 
     </span>
    </p>
   </div>
   <div class='ocr_carea' id='block_1_110' title="bbox 2043 4546 3630 4622">
    <p class='ocr_par' dir='ltr' id='par_1_110' title="bbox 2043 4546 3630 4622">
     <span class='ocr_line' id='line_1_110' title="bbox 2043 4546 3630 4622; baseline -0.004 -16"><span class='ocrx_word' id='word_1_867' title='bbox 2043 4554 2244 4622; x_wconf 89' lang='lat' dir='ltr'><strong>poteris</strong></span> <span class='ocrx_word' id='word_1_868' title='bbox 2265 4565 2469 4620; x_wconf 90' lang='lat' dir='ltr'><strong>parere.</strong></span> <span class='ocrx_word' id='word_1_869' title='bbox 2492 4549 2682 4605; x_wconf 86' lang='lat' dir='ltr'><strong>Totum</strong></span> <span class='ocrx_word' id='word_1_870' title='bbox 2702 4549 3008 4618; x_wconf 89' lang='lat' dir='ltr'><strong>operatione</strong></span> <span class='ocrx_word' id='word_1_871' title='bbox 3030 4547 3258 4617; x_wconf 85' lang='lat' dir='ltr'><strong>Spiritus</strong></span> <span class='ocrx_word' id='word_1_872' title='bbox 3279 4548 3403 4603; x_wconf 89' lang='lat' dir='ltr'><strong>erit.</strong></span> <span class='ocrx_word' id='word_1_873' title='bbox 3424 4546 3502 4601; x_wconf 86' lang='lat' dir='ltr'><strong>Ne</strong></span> <span class='ocrx_word' id='word_1_874' title='bbox 3530 4546 3630 4616; x_wconf 91' lang='lat' dir='ltr'><strong>igi-</strong></span> 
     </span>
    </p>
   </div>
   <div class='ocr_carea' id='block_1_111' title="bbox 2047 4637 3632 4712">
    <p class='ocr_par' dir='ltr' id='par_1_111' title="bbox 2047 4637 3632 4712">
     <span class='ocr_line' id='line_1_111' title="bbox 2047 4637 3632 4712; baseline -0.004 -13"><span class='ocrx_word' id='word_1_875' title='bbox 2047 4654 2133 4699; x_wconf 91' lang='lat' dir='ltr'><strong>tur</strong></span> <span class='ocrx_word' id='word_1_876' title='bbox 2157 4650 2368 4712; x_wconf 88' lang='lat' dir='ltr'><strong>spectcs</strong></span> <span class='ocrx_word' id='word_1_877' title='bbox 2392 4643 2443 4695; x_wconf 90' lang='lat' dir='ltr'><strong>in</strong></span> <span class='ocrx_word' id='word_1_878' title='bbox 2475 4649 2692 4705; x_wconf 90' lang='lat' dir='ltr'><strong>terram,</strong></span> <span class='ocrx_word' id='word_1_879' title='bbox 2720 4655 2751 4695; x_wconf 91' lang='lat' dir='ltr'><strong>e</strong></span> <span class='ocrx_word' id='word_1_880' title='bbox 2775 4640 2925 4694; x_wconf 74' lang='lat' dir='ltr'><strong>ctelis</strong></span> <span class='ocrx_word' id='word_1_881' title='bbox 2949 4639 3187 4707; x_wconf 83' lang='lat' dir='ltr'><strong>Operatio</strong></span> <span class='ocrx_word' id='word_1_882' title='bbox 3211 4639 3374 4692; x_wconf 89' lang='lat' dir='ltr'><strong>venit.</strong></span> <span class='ocrx_word' id='word_1_883' title='bbox 3401 4637 3632 4708; x_wconf 84' lang='lat' dir='ltr'><strong>Spiritus</strong></span> 
     </span>
    </p>
   </div>
   <div class='ocr_carea' id='block_1_112' title="bbox 2044 4726 3633 4807">
    <p class='ocr_par' dir='ltr' id='par_1_112' title="bbox 2044 4726 3633 4807">
     <span class='ocr_line' id='line_1_112' title="bbox 2044 4726 3633 4807; baseline -0.006 -17"><span class='ocrx_word' id='word_1_884' title='bbox 2044 4736 2228 4807; x_wconf 76' lang='lat' dir='ltr'><strong>gratia:</strong></span> <span class='ocrx_word' id='word_1_885' title='bbox 2270 4741 2355 4789; x_wconf 90' lang='lat' dir='ltr'><strong>est</strong></span> <span class='ocrx_word' id='word_1_886' title='bbox 2397 4732 2540 4804; x_wconf 91' lang='lat' dir='ltr'><strong>quod</strong></span> <span class='ocrx_word' id='word_1_887' title='bbox 2584 4732 2668 4793; x_wconf 84' lang='lat' dir='ltr'><strong>fit,</strong></span> <span class='ocrx_word' id='word_1_888' title='bbox 2702 4745 2769 4785; x_wconf 88' lang='lat' dir='ltr'><strong>ne</strong></span> <span class='ocrx_word' id='word_1_889' title='bbox 2796 4742 3005 4798; x_wconf 67' lang='lat' dir='ltr'><strong>quaeras</strong></span> <span class='ocrx_word' id='word_1_890' title='bbox 3030 4738 3233 4781; x_wconf 66' lang='lat' dir='ltr'><strong>natura:</strong></span> <span class='ocrx_word' id='word_1_891' title='bbox 3276 4726 3489 4781; x_wconf 88' lang='lat' dir='ltr'><strong>modum</strong></span> <span class='ocrx_word' id='word_1_892' title='bbox 3513 4766 3529 4791; x_wconf 91' lang='lat'><strong>,</strong></span> <span class='ocrx_word' id='word_1_893' title='bbox 3565 4743 3633 4781; x_wconf 87' lang='lat' dir='ltr'><strong>ne</strong></span> 
     </span>
    </p>
   </div>
   <div class='ocr_carea' id='block_1_113' title="bbox 2046 4819 3629 4896">
    <p class='ocr_par' dir='ltr' id='par_1_113' title="bbox 2046 4819 3629 4896">
     <span class='ocr_line' id='line_1_113' title="bbox 2046 4819 3629 4896; baseline -0.008 -12"><span class='ocrx_word' id='word_1_894' title='bbox 2046 4828 2338 4884; x_wconf 90' lang='lat' dir='ltr'><strong>secundum</strong></span> <span class='ocrx_word' id='word_1_895' title='bbox 2362 4826 2661 4896; x_wconf 85' lang='lat' dir='ltr'><strong>nuptiarum</strong></span> <span class='ocrx_word' id='word_1_896' title='bbox 2684 4823 2829 4891; x_wconf 86' lang='lat' dir='ltr'><strong>leges</strong></span> <span class='ocrx_word' id='word_1_897' title='bbox 2848 4821 3130 4891; x_wconf 90' lang='lat' dir='ltr'><strong>intelligas.</strong></span> <span class='ocrx_word' id='word_1_898' title='bbox 3154 4819 3351 4875; x_wconf 82' lang='lat' dir='ltr'><strong>Verum</strong></span> <span class='ocrx_word' id='word_1_899' title='bbox 3377 4819 3629 4890; x_wconf 90' lang='lat' dir='ltr'><strong>quoniam</strong></span> 
     </span>
    </p>
   </div>
   <div class='ocr_carea' id='block_1_114' title="bbox 2047 4910 3626 4988">
    <p class='ocr_par' dir='ltr' id='par_1_114' title="bbox 2047 4910 3626 4988">
     <span class='ocr_line' id='line_1_114' title="bbox 2047 4910 3626 4988; baseline -0.006 -14"><span class='ocrx_word' id='word_1_900' title='bbox 2047 4920 2248 4988; x_wconf 85' lang='lat' dir='ltr'><strong>majora</strong></span> <span class='ocrx_word' id='word_1_901' title='bbox 2276 4927 2399 4973; x_wconf 89' lang='lat' dir='ltr'><strong>sunt</strong></span> <span class='ocrx_word' id='word_1_902' title='bbox 2436 4917 2595 4972; x_wconf 89' lang='lat' dir='ltr'><strong>verba</strong></span> <span class='ocrx_word' id='word_1_903' title='bbox 2625 4915 2761 4983; x_wconf 64' lang='lat' dir='ltr'><strong>haec,</strong></span> <span class='ocrx_word' id='word_1_904' title='bbox 2786 4929 2943 4985; x_wconf 86' lang='lat' dir='ltr'><strong>quam</strong></span> <span class='ocrx_word' id='word_1_905' title='bbox 2974 4924 3030 4968; x_wconf 91' lang='lat' dir='ltr'><strong>ut</strong></span> <span class='ocrx_word' id='word_1_906' title='bbox 3057 4912 3145 4967; x_wconf 89' lang='lat' dir='ltr'><strong>illa</strong></span> <span class='ocrx_word' id='word_1_907' title='bbox 3173 4920 3406 4983; x_wconf 83' lang='lat' dir='ltr'><strong>caperet,</strong></span> <span class='ocrx_word' id='word_1_908' title='bbox 3436 4910 3548 4966; x_wconf 82' lang='lat' dir='ltr'><strong>vult</strong></span> <span class='ocrx_word' id='word_1_909' title='bbox 3573 4920 3626 4965; x_wconf 90' lang='lat' dir='ltr'><strong>et</strong></span> 
     </span>
    </p>
   </div>
   <div class='ocr_carea' id='block_1_115' title="bbox 2044 5005 3093 5081">
    <p class='ocr_par' dir='ltr' id='par_1_115' title="bbox 2044 5005 3093 5081">
     <span class='ocr_line' id='line_1_115' title="bbox 2044 5005 3093 5081; baseline -0.008 -14"><span class='ocrx_word' id='word_1_910' title='bbox 2044 5012 2201 5067; x_wconf 83' lang='lat' dir='ltr'><strong>aliam</strong></span> <span class='ocrx_word' id='word_1_911' title='bbox 2232 5010 2279 5066; x_wconf 94' lang='lat' dir='ltr'><strong>ei</strong></span> <span class='ocrx_word' id='word_1_912' title='bbox 2304 5011 2539 5081; x_wconf 82' lang='lat' dir='ltr'><strong>praebere</strong></span> <span class='ocrx_word' id='word_1_913' title='bbox 2562 5005 3093 5063; x_wconf 88' lang='lat' dir='ltr'><strong>demonstrationem.</strong></span> 
     </span>
    </p>
   </div>
   <div class='ocr_carea' id='block_1_116' title="bbox 2116 5092 3630 5166">
    <p class='ocr_par' dir='ltr' id='par_1_116' title="bbox 2116 5092 3630 5166">
     <span class='ocr_line' id='line_1_116' title="bbox 2116 5092 3630 5166; baseline -0.007 -8"><span class='ocrx_word' id='word_1_914' title='bbox 2116 5103 2168 5158; x_wconf 80' lang='lat'><strong>5.</strong></span> <span class='ocrx_word' id='word_1_915' title='bbox 2209 5102 2291 5157; x_wconf 88' lang='lat' dir='ltr'><strong>Tu</strong></span> <span class='ocrx_word' id='word_1_916' title='bbox 2322 5109 2535 5166; x_wconf 90' lang='lat' dir='ltr'><strong>autem,</strong></span> <span class='ocrx_word' id='word_1_917' title='bbox 2583 5097 2809 5165; x_wconf 91' lang='lat' dir='ltr'><strong>dilecte,</strong></span> <span class='ocrx_word' id='word_1_918' title='bbox 2858 5094 3073 5151; x_wconf 90' lang='lat' dir='ltr'><strong>attende</strong></span> <span class='ocrx_word' id='word_1_919' title='bbox 3120 5094 3387 5166; x_wconf 91' lang='lat' dir='ltr'><strong>quomodo</strong></span> <span class='ocrx_word' id='word_1_920' title='bbox 3430 5092 3630 5148; x_wconf 86' lang='lat' dir='ltr'><strong>sterilis</strong></span> 
     </span>
    </p>
   </div>
   <div class='ocr_carea' id='block_1_117' title="bbox 2046 5184 3630 5258">
    <p class='ocr_par' dir='ltr' id='par_1_117' title="bbox 2046 5184 3630 5258">
     <span class='ocr_line' id='line_1_117' title="bbox 2046 5184 3630 5258; baseline -0.007 -9"><span class='ocrx_word' id='word_1_921' title='bbox 2046 5195 2200 5250; x_wconf 91' lang='lat' dir='ltr'><strong>istam</strong></span> <span class='ocrx_word' id='word_1_922' title='bbox 2225 5192 2542 5247; x_wconf 80' lang='lat' dir='ltr'><strong>manuducat</strong></span> <span class='ocrx_word' id='word_1_923' title='bbox 2569 5189 2635 5245; x_wconf 89' lang='lat' dir='ltr'><strong>ad</strong></span> <span class='ocrx_word' id='word_1_924' title='bbox 2664 5189 2822 5244; x_wconf 83' lang='lat' dir='ltr'><strong>ﬁdem</strong></span> <span class='ocrx_word' id='word_1_925' title='bbox 2851 5196 3054 5258; x_wconf 87' lang='lat' dir='ltr'><strong>partus.</strong></span> <span class='ocrx_word' id='word_1_926' title='bbox 3081 5185 3342 5255; x_wconf 90' lang='lat' dir='ltr'><strong>Quoniam</strong></span> <span class='ocrx_word' id='word_1_927' title='bbox 3372 5186 3517 5255; x_wconf 89' lang='lat' dir='ltr'><strong>prior</strong></span> <span class='ocrx_word' id='word_1_928' title='bbox 3536 5184 3630 5238; x_wconf 85' lang='lat' dir='ltr'><strong>de-</strong></span> 
     </span>
    </p>
   </div>
   <div class='ocr_carea' id='block_1_118' title="bbox 2046 5276 3627 5351">
    <p class='ocr_par' dir='ltr' id='par_1_118' title="bbox 2046 5276 3627 5351">
     <span class='ocr_line' id='line_1_118' title="bbox 2046 5276 3627 5351; baseline -0.007 -13"><span class='ocrx_word' id='word_1_929' title='bbox 2046 5284 2362 5338; x_wconf 88' lang='lat' dir='ltr'><strong>monstratio</strong></span> <span class='ocrx_word' id='word_1_930' title='bbox 2400 5280 2567 5351; x_wconf 90' lang='lat' dir='ltr'><strong>major</strong></span> <span class='ocrx_word' id='word_1_931' title='bbox 2591 5288 2706 5335; x_wconf 90' lang='lat' dir='ltr'><strong>erat</strong></span> <span class='ocrx_word' id='word_1_932' title='bbox 2729 5278 3047 5347; x_wconf 85' lang='lat' dir='ltr'><strong>cogitatione</strong></span> <span class='ocrx_word' id='word_1_933' title='bbox 3074 5276 3312 5345; x_wconf 90' lang='lat' dir='ltr'><strong>virginis,</strong></span> <span class='ocrx_word' id='word_1_934' title='bbox 3339 5276 3459 5329; x_wconf 89' lang='lat' dir='ltr'><strong>audi</strong></span> <span class='ocrx_word' id='word_1_935' title='bbox 3490 5289 3627 5342; x_wconf 87' lang='lat' dir='ltr'><strong>quo-</strong></span> 
     </span>
    </p>
   </div>
   <div class='ocr_carea' id='block_1_119' title="bbox 2008 5364 3628 5434">
    <p class='ocr_par' dir='ltr' id='par_1_119' title="bbox 2008 5364 3628 5434">
     <span class='ocr_line' id='line_1_119' title="bbox 2008 5364 3628 5434; baseline -0.006 -6"><span class='ocrx_word' id='word_1_936' title='bbox 2008 5379 2013 5385; x_wconf 84' lang='lat'><strong>&#39;</strong></span> <span class='ocrx_word' id='word_1_937' title='bbox 2048 5372 2207 5428; x_wconf 90' lang='lat' dir='ltr'><strong>modo</strong></span> <span class='ocrx_word' id='word_1_938' title='bbox 2229 5380 2284 5427; x_wconf 91' lang='lat' dir='ltr'><strong>et</strong></span> <span class='ocrx_word' id='word_1_939' title='bbox 2305 5370 2640 5425; x_wconf 89' lang='lat' dir='ltr'><strong>humiliorem</strong></span> <span class='ocrx_word' id='word_1_940' title='bbox 2666 5383 2968 5424; x_wconf 87' lang='lat' dir='ltr'><strong>sermonem</strong></span> <span class='ocrx_word' id='word_1_941' title='bbox 2994 5365 3203 5430; x_wconf 82' lang='lat' dir='ltr'><strong>aiferat,</strong></span> <span class='ocrx_word' id='word_1_942' title='bbox 3236 5380 3331 5434; x_wconf 90' lang='lat' dir='ltr'><strong>per</strong></span> <span class='ocrx_word' id='word_1_943' title='bbox 3357 5364 3628 5419; x_wconf 78' lang='lat' dir='ltr'><strong>sensibilis</strong></span> 
     </span>
    </p>
   </div>
   <div class='ocr_carea' id='block_1_120' title="bbox 2046 5453 3627 5534">
    <p class='ocr_par' dir='ltr' id='par_1_120' title="bbox 2046 5453 3627 5534">
     <span class='ocr_line' id='line_1_120' title="bbox 2046 5453 3627 5534; baseline -0.007 -15"><span class='ocrx_word' id='word_1_944' title='bbox 2046 5464 2216 5534; x_wconf 89' lang='lat' dir='ltr'><strong>ipsam</strong></span> <span class='ocrx_word' id='word_1_945' title='bbox 2239 5462 2624 5518; x_wconf 89' lang='lat' dir='ltr'><strong>manuducens.</strong></span> <span class='ocrx_word' id='word_1_946' title='bbox 2651 5458 2720 5513; x_wconf 89' lang='lat' dir='ltr'><strong>Et</strong></span> <span class='ocrx_word' id='word_1_947' title='bbox 2746 5476 2875 5524; x_wconf 87' lang='lat' dir='ltr'><strong>ecce,</strong></span> <span class='ocrx_word' id='word_1_948' title='bbox 2904 5457 3095 5528; x_wconf 88' lang='lat' dir='ltr'><strong>inquit,</strong></span> <span class='ocrx_word' id='word_1_949' title='bbox 3125 5453 3387 5510; x_wconf 75' lang='lat' dir='ltr'><strong>Etisabetlt</strong></span> <span class='ocrx_word' id='word_1_950' title='bbox 3411 5464 3627 5525; x_wconf 86' lang='lat' dir='ltr'><strong>cognata</strong></span> 
     </span>
    </p>
   </div>
   <div class='ocr_carea' id='block_1_121' title="bbox 2046 5546 3625 5628">
    <p class='ocr_par' dir='ltr' id='par_1_121' title="bbox 2046 5546 3625 5628">
     <span class='ocr_line' id='line_1_121' title="bbox 2046 5546 3625 5628; baseline -0.009 -17"><span class='ocrx_word' id='word_1_951' title='bbox 2046 5567 2135 5611; x_wconf 88' lang='lat' dir='ltr'><strong>tua</strong></span> <span class='ocrx_word' id='word_1_952' title='bbox 2158 5564 2207 5610; x_wconf 89' lang='lat' dir='ltr'><strong>et</strong></span> <span class='ocrx_word' id='word_1_953' title='bbox 2224 5555 2336 5628; x_wconf 88' lang='lat' dir='ltr'><strong>ipsa</strong></span> <span class='ocrx_word' id='word_1_954' title='bbox 2356 5553 2577 5624; x_wconf 83' lang='lat' dir='ltr'><strong>concepit</strong></span> <span class='ocrx_word' id='word_1_955' title='bbox 2596 5552 2760 5622; x_wconf 84' lang='lat' dir='ltr'><strong>ﬁlium</strong></span> <span class='ocrx_word' id='word_1_956' title='bbox 2781 5552 2834 5605; x_wconf 90' lang='lat' dir='ltr'><strong>in</strong></span> <span class='ocrx_word' id='word_1_957' title='bbox 2859 5556 3106 5605; x_wconf 86' lang='lat' dir='ltr'><strong>senectute</strong></span> <span class='ocrx_word' id='word_1_958' title='bbox 3126 5563 3222 5601; x_wconf 88' lang='lat' dir='ltr'><strong>sua</strong></span> <span class='ocrx_word' id='word_1_959' title='bbox 3251 5562 3271 5600; x_wconf 92' lang='lat'><strong><em>:</em></strong></span> <span class='ocrx_word' id='word_1_960' title='bbox 3305 5554 3350 5599; x_wconf 87' lang='lat' dir='ltr'><strong>et</strong></span> <span class='ocrx_word' id='word_1_961' title='bbox 3373 5546 3455 5600; x_wconf 83' lang='lat' dir='ltr'><strong>hic</strong></span> <span class='ocrx_word' id='word_1_962' title='bbox 3480 5560 3625 5599; x_wconf 80' lang='lat' dir='ltr'><strong>men-</strong></span> 
     </span>
    </p>
   </div>
   <div class='ocr_carea' id='block_1_122' title="bbox 2045 5635 3627 5724">
    <p class='ocr_par' dir='ltr' id='par_1_122' title="bbox 2045 5635 3627 5724">
     <span class='ocr_line' id='line_1_122' title="bbox 2045 5635 3627 5724; baseline -0.008 -21"><span class='ocrx_word' id='word_1_963' title='bbox 2045 5650 2115 5703; x_wconf 86' lang='lat' dir='ltr'><strong>sis</strong></span> <span class='ocrx_word' id='word_1_964' title='bbox 2133 5657 2305 5704; x_wconf 73' lang='lat' dir='ltr'><strong>sextus</strong></span> <span class='ocrx_word' id='word_1_965' title='bbox 2331 5654 2406 5701; x_wconf 90' lang='lat' dir='ltr'><strong>est</strong></span> <span class='ocrx_word' id='word_1_966' title='bbox 2430 5646 2476 5700; x_wconf 85' lang='lat' dir='ltr'><strong>ei</strong></span> <span class='ocrx_word' id='word_1_967' title='bbox 2494 5660 2607 5715; x_wconf 78' lang='lat' dir='ltr'><strong>qua:</strong></span> <span class='ocrx_word' id='word_1_968' title='bbox 2627 5650 2835 5697; x_wconf 78' lang='lat' dir='ltr'><strong>vocatur</strong></span> <span class='ocrx_word' id='word_1_969' title='bbox 2857 5639 3042 5695; x_wconf 80' lang='lat' dir='ltr'><strong>sterilis</strong></span> <span class='ocrx_word' id='word_1_970' title='bbox 3066 5636 3216 5706; x_wconf 83' lang='lat' dir='ltr'><strong>(Luc.</strong></span> <span class='ocrx_word' id='word_1_971' title='bbox 3242 5638 3295 5693; x_wconf 75' lang='grc'><strong>1.</strong></span> <span class='ocrx_word' id='word_1_972' title='bbox 3321 5636 3437 5724; x_wconf 62' lang='grc' dir='ltr'><strong>ὃς).</strong></span> <span class='ocrx_word' id='word_1_973' title='bbox 3467 5635 3627 5692; x_wconf 81' lang='lat' dir='ltr'><strong>Vides</strong></span> 
     </span>
    </p>
   </div>
   <div class='ocr_carea' id='block_1_123' title="bbox 2049 5724 3624 5813">
    <p class='ocr_par' dir='ltr' id='par_1_123' title="bbox 2049 5724 3624 5813">
     <span class='ocr_line' id='line_1_123' title="bbox 2049 5724 3624 5813; baseline -0.015 -12"><span class='ocrx_word' id='word_1_974' title='bbox 2049 5754 2107 5801; x_wconf 89' lang='lat' dir='ltr'><strong>ut</strong></span> <span class='ocrx_word' id='word_1_975' title='bbox 2128 5742 2326 5800; x_wconf 88' lang='lat' dir='ltr'><strong>sterilis</strong></span> <span class='ocrx_word' id='word_1_976' title='bbox 2352 5748 2571 5813; x_wconf 87' lang='lat' dir='ltr'><strong>propter</strong></span> <span class='ocrx_word' id='word_1_977' title='bbox 2600 5736 2855 5808; x_wconf 84' lang='lat' dir='ltr'><strong>virginem</strong></span> <span class='ocrx_word' id='word_1_978' title='bbox 2898 5734 2953 5790; x_wconf 91' lang='lat' dir='ltr'><strong>in</strong></span> <span class='ocrx_word' id='word_1_979' title='bbox 2992 5730 3225 5788; x_wconf 80' lang='lat' dir='ltr'><strong>medium</strong></span> <span class='ocrx_word' id='word_1_980' title='bbox 3263 5724 3624 5787; x_wconf 82' lang='lat' dir='ltr'><strong>sitadducta?</strong></span> 
     </span>
    </p>
   </div>
  </div>
