4150 6276
565 321 669 377 N7

562 433 809 504 Alioquin
843 432 993 504 cujus
1030 432 1110 488 rei
1139 431 1306 504 gratia
1336 430 1605 485 retudisset
1641 438 1849 499 partum
1880 435 2141 497 cognatae,

563 523 717 592 cujus
743 524 868 578 item
893 524 1058 593 gratia
1085 522 1326 589 dixisset,
1361 519 1486 585 Quae
1504 529 1708 574 vocatur
1731 519 1955 573 sterilis?
1982 518 2146 573 Plane

561 628 657 682 per
685 614 862 670 omnia
884 613 1180 669 deducebat
1203 627 1319 668 eam
1350 611 1418 666 ad
1441 610 1765 669 credendum
1795 610 2145 675 annuntiatio-

563 702 615 756 ni
638 719 652 755 :
678 714 958 772 propterea
984 711 1037 756 et
1060 712 1265 772 tempus
1291 700 1443 767 dixit,
1470 709 1525 755 et
1545 710 1747 755 naturae
1769 700 2099 757 sterilitatem
2124 715 2138 752 :

560 801 841 861 propterea
889 801 941 846 et
970 800 1181 861 tempus
1209 791 1414 847 distulit
1440 791 1825 860 conceptionis.
1855 790 1973 847 Non
1999 792 2142 848 enim

559 882 736 935 statim
764 896 793 935 a
825 882 1083 952 principio
1119 883 1169 938 ei
1207 883 1574 939 annuntiatum
1595 890 1713 948 est,
1744 882 1839 938 sed
1869 882 2142 952 praeterito

560 981 796 1041 tempore
817 974 1083 1041 semestri,
1114 983 1171 1027 ut
1201 973 1339 1028 uteri
1367 974 1576 1028 sarcina
1614 975 2014 1042 conceptionem
2042 971 2139 1028 do-

554 1071 719 1118 ceret.
741 1064 805 1117 Et
821 1064 943 1118 vide
967 1072 1165 1134 quanta
1182 1063 1392 1119 Gabriel
1412 1064 1573 1119 utitur
1592 1064 1825 1118 solertia.
1854 1063 1970 1118 Non
1998 1064 2140 1118 enim

556 1156 607 1209 in
626 1156 938 1211 memoriam
956 1156 1006 1211 ei
1032 1156 1239 1211 reducit
1262 1156 1342 1211 vel
1362 1155 1597 1221 Sarram,
1620 1155 1700 1209 vel
1718 1155 2030 1221 Rebeceam,
2056 1155 2140 1210 vel

556 1242 867 1299 Rachelem.
893 1244 1073 1310 Quare
1101 1255 1156 1299 et
1179 1260 1339 1313 quam
1368 1244 1437 1299 ob
1456 1258 1667 1305 oausam
1691 1246 1713 1296 ?
1735 1243 1864 1299 Nam
1893 1243 1975 1298 ha:
2000 1259 2137 1314 quo-

553 1348 659 1403 que
689 1337 902 1388 fuerunt
921 1334 1151 1400 steriles,
1174 1344 1226 1390 et
1245 1335 1455 1399 vetulae,
1478 1342 1533 1388 et
1556 1349 1803 1403 magnum
1828 1334 2139 1389 miraculum

556 1424 610 1478 in
639 1424 740 1479 illis
768 1425 864 1479 fuit
891 1443 904 1478 :
938 1425 1031 1480 sed
1058 1426 1181 1495 quia
1210 1441 1398 1481 omnes
1429 1425 1513 1481 hae
1543 1428 1876 1482 narrationes
1910 1428 2141 1497 antiqua:

556 1523 740 1582 erant,
784 1515 999 1570 adducit
1040 1531 1157 1571 eam
1187 1516 1253 1570 ad
1296 1517 1345 1571 id
1376 1514 1514 1586 quod
1545 1531 1713 1586 nuper
1737 1516 2054 1587 contigerat,
2086 1523 2144 1571 ut

556 1614 789 1661 mentem
818 1606 933 1676 ejus
952 1607 1019 1660 ad
1048 1606 1374 1662 credendum
1399 1617 1733 1676 provocaret.

636 1696 827 1769 Viginti
853 1698 999 1752 annis
1027 1708 1306 1768 perseverat
1344 1715 1496 1759 orans
1524 1697 1697 1753 Isaac.
1724 1728 1797 1745 —-—
1816 1698 1919 1754 Sed
1951 1713 2141 1754 neces-

554 1787 757 1842 sarium
785 1798 867 1844 est
895 1798 954 1843 ut
981 1788 1046 1843 ad
1076 1789 1374 1845 institutum
1403 1803 1708 1845 sermonem
1738 1788 2019 1844 redeamus
2042 1829 2057 1852 ,
2089 1798 2143 1845 et

555 1879 917 1948 signiﬁcemus
952 1880 1082 1949 justi
1130 1880 1422 1944 virtutem,
1476 1887 1531 1937 et
1575 1879 1843 1948 quomodo
1894 1880 2142 1948 precibus

555 1970 889 2024 sterilitatem
920 1968 1176 2025 Rebeccae
1204 1971 1456 2036 solverit,
1490 1979 1544 2026 et
1572 1971 1780 2025 vincula
1820 1980 2020 2025 naturae
2048 1986 2141 2025 su-

553 2060 834 2128 peraverit.
864 2059 956 2114 2!.
990 2060 1365 2130 Deprecabatur
1390 2070 1577 2123 autem,
1606 2061 1766 2126 dicit,
1797 2077 1893 2132 pro
1922 2061 2142 2117 Rebecca

551 2167 706 2203 uxore
731 2168 844 2214 sua,
867 2152 1100 2218 quoniam
1122 2153 1306 2206 sterilis
1330 2162 1468 2217 erat,
1492 2160 1540 2205 et
1567 2152 1819 2206 exaudiuit
1846 2168 1957 2205 eum
1977 2150 2138 2206 Deus.

549 2239 664 2295 Non
692 2242 811 2310 quia
837 2256 958 2297 mox
988 2241 1059 2297 ita
1085 2242 1329 2296 subditur
1348 2250 1402 2296 et
1429 2243 1683 2311 scriptum
1708 2250 1813 2308 est,
1845 2252 1997 2312 putes
2017 2258 2139 2297 eum

549 2345 581 2384 e
609 2331 831 2400 vestigio
869 2341 921 2385 et
951 2332 1193 2401 protinus
1227 2339 1568 2401 assequutum
1602 2346 1723 2386 esse
1756 2332 1895 2400 quod
1924 2334 2141 2402 optabat

550 2428 605 2473 et
631 2420 920 2489 quaerebat.
964 2421 1090 2475 Nam
1124 2422 1305 2491 viginti
1337 2422 1489 2475 annis
1521 2423 1879 2489 perseveravit
1907 2437 2064 2476 orans
2088 2431 2143 2476 et

549 2508 845 2577 deprecans
873 2512 1055 2576 Deum,
1078 2519 1127 2564 et
1157 2520 1279 2565 tunc
1306 2510 1515 2565 tandem
1539 2520 1856 2580 assequutus
1886 2523 1966 2567 est
1996 2512 2137 2583 quod

550 2598 905 2661 desiderabat.
932 2601 1000 2656 Et
1036 2600 1174 2655 unde
1200 2602 1429 2656 sciemus
1456 2601 1592 2659 hoc?
1622 2600 1677 2656 Si
1712 2601 1990 2671 diligenter
2018 2618 2137 2671 per-

548 2705 825 2745 curramus
851 2706 969 2761 qua:
1006 2693 1056 2746 in
1096 2692 1273 2747 divina
1313 2692 1584 2762 Scriptura
1626 2693 1986 2751 continentur.
2018 2694 2135 2749 Non

550 2781 696 2834 enim
719 2791 927 2852 tempus
954 2781 1107 2837 nobis
1136 2783 1504 2838 absconditum
1528 2791 1629 2851 est,
1658 2783 1750 2838 sed
1774 2783 2004 2853 signavit
2023 2785 2141 2854 qui-

550 2871 711 2936 dem,
761 2872 983 2927 latenter
1034 2883 1246 2939 tamep,
1296 2873 1367 2928 ita
1420 2882 1478 2929 ut
1524 2882 1781 2943 provocet
1818 2874 2141 2930 desiderium

549 2970 827 3028 nostrum,
875 2971 930 3018 et
955 2963 1022 3018 ad
1065 2963 1277 3034 dignam
1313 2964 1709 3034 inquisitionem
1757 2964 1960 3019 incitet.
2008 2965 2141 3020 Nam

547 3053 687 3107 sicut
724 3054 904 3108 docuit
942 3069 1041 3110 nos
1082 3070 1345 3110 annorum
1386 3069 1669 3110 numerum
1706 3070 1867 3124 quem
1906 3053 2091 3111 habuit
2121 3057 2137 3088 ⁸

547 3144 760 3214 quando
792 3146 1087 3201 Rebeccam
1114 3146 1282 3212 duxit,
1315 3146 1385 3201 ita
1413 3156 1466 3202 et
1489 3146 1590 3202 hoc
1611 3146 1766 3201 nobis
1797 3148 1970 3216 palam
1994 3146 2137 3203 fecit.

549 3236 680 3290 Erat
701 3238 863 3303 enim,
891 3238 1081 3308 inquit,
1104 3237 1254 3293 Isaac
1280 3255 1530 3293 annorum
1557 3240 1913 3310 quadraginta,
1936 3242 2140 3311 quando

547 3330 738 3397 accepit
768 3329 1043 3387 Rebeccam
1063 3331 1224 3397 ﬁliam
1248 3329 1519 3385 Bathuelis
1550 3330 1691 3401 Syri.
1750 3331 1985 3386 Didicisti
2015 3332 2139 3387 dili-

547 3428 737 3489 genter
780 3428 1007 3490 tempus.
1040 3419 1240 3475 Deinde
1278 3428 1559 3490 postquam
1601 3420 1777 3476 dixit:
1826 3420 2141 3489 Deprecatus

548 3518 621 3564 est
652 3508 803 3563 Isaac
833 3526 923 3577 pro
947 3526 1104 3564 uxore
1130 3528 1243 3579 sua,
1274 3512 1393 3583 quia
1420 3512 1604 3566 sterilis
1634 3521 1759 3578 erat,
1790 3520 1846 3566 ut
1871 3512 2139 3569 discamus

548 3616 809 3659 annorum
858 3617 1158 3668 numerum,
1204 3603 1491 3672 assignavit
1527 3603 1683 3658 nobis
1711 3612 1842 3675 quot
1876 3619 2139 3660 annorum

550 3688 707 3743 fuerit
738 3690 881 3744 lsaac
909 3691 1121 3761 quando
1140 3694 1255 3746 nati
1297 3699 1420 3748 sunt
1453 3692 1503 3748 ei
1535 3692 1627 3749 lilii
1660 3693 1728 3749 de
1755 3694 2016 3750 Rebecca.
2045 3695 2135 3751 26.

551 3778 682 3839 Erat
710 3782 844 3833 enim
871 3779 1023 3836 Isaac
1045 3824 1061 3848 ,
1095 3782 1285 3853 inquit,
1316 3799 1567 3837 annorum
1608 3786 1870 3856 sexaginta
1889 3827 1904 3852 ,
1934 3788 2138 3856 quando

549 3873 740 3943 peperit
771 3872 1012 3933 Rebecca.
1057 3873 1114 3930 Si
1152 3874 1313 3946 igitur
1342 3875 1690 3947 quadraginta
1720 3893 1985 3933 annorum
2022 3891 2139 3934 erat

548 3962 760 4032 quando
788 3963 932 4019 illam
958 3962 1147 4031 duxit,
1179 3966 1452 4036 sexaginta
1481 3975 1662 4021 autem
1688 3968 1900 4036 quando
1930 3970 2138 4039 peperit

549 4069 701 4120 uxor,
730 4054 1068 4111 manifestum
1096 4065 1179 4111 est
1207 4071 1331 4111 eum
1364 4057 1518 4112 annis
1546 4058 1732 4128 viginti
1761 4074 2135 4128 perseverasse

550 4153 791 4198 orantem
823 4144 1009 4209 Deum,
1039 4153 1094 4199 et
1122 4154 1331 4200 uterum
1362 4146 1616 4200 Rebecca:
1644 4147 1884 4203 inutilem
1911 4164 2137 4218 genera-

551 4234 715 4298 tioui,
766 4234 1014 4291 idoneum
1060 4234 1249 4289 fecisse
1293 4236 1393 4308 (a).
1441 4234 1662 4290 Vidistis
1704 4237 1965 4293 orationis
2005 4239 2130 4305 vim,

550 4323 817 4393 quomodo
866 4334 922 4379 et
965 4336 1205 4379 naturam
1250 4325 1417 4393 ipsam
1461 4327 1712 4395 superet?
1759 4327 1909 4383 Hunc
1952 4345 2138 4386 omnes

554 4414 852 4479 imitemur,
885 4424 941 4470 et
966 4417 1038 4469 ita
1062 4415 1113 4470 in
1137 4414 1383 4485 precibus
1412 4417 1578 4470 simus
1606 4416 1826 4485 assidui,
1850 4420 2138 4491 animoque

551 4507 713 4564 sobrii
741 4516 792 4563 et
819 4507 1048 4563 humiles
1072 4526 1085 4563 :
1117 4506 1499 4578 audiamusque
1521 4508 1742 4565 Paulum
1762 4511 2135 4573 admonentem

553 4613 608 4657 et
646 4602 950 4658 dicentem:
998 4600 1244 4656 Levantes
1283 4612 1485 4657 sanctas
1527 4618 1706 4658 manus
1742 4603 1927 4676 absque
1968 4607 2046 4660 ira
2093 4615 2140 4660 et

535 4692 987 4765 disceptationibus
1006 4691 1082 4765 (l.
1110 4692 1242 4749 Tim.
1262 4691 1413 4766 2.8):
1442 4703 1497 4750 et
1520 4694 1827 4751 studeamus
1846 4711 2057 4768 semper
2078 4699 2144 4752 li-

551 4786 722 4840 berari
766 4800 796 4839 a
845 4786 1262 4856 perturbatione,
1304 4796 1362 4841 ut
1405 4800 1559 4842 mens
1602 4785 1670 4841 sit
1710 4786 1765 4842 in
1806 4790 2094 4859 tranquillo
2120 4833 2135 4856 ,

550 4875 778 4929 maxime
802 4883 980 4930 autem
1010 4891 1223 4945 precum
1253 4887 1522 4946 tempore,
1556 4876 1771 4946 quando
1790 4879 1956 4934 multa
1985 4882 2139 4936 nobis

548 4977 684 5031 opus
710 4972 793 5016 est
830 4978 862 5017 a
904 4965 1013 5019 Deo
1039 4965 1381 5035 benignitate.
1414 4965 1549 5020 Nam
1579 4966 1624 5021 si
1664 4980 1766 5022 nos
1794 4968 1992 5024 viderit
2018 4986 2141 5039 pre-

548 5052 658 5107 cari
683 5052 974 5109 secundum
994 5054 1139 5124 leges
1164 5057 1232 5112 ab
1253 5070 1313 5111 se
1340 5058 1559 5125 positas,
1583 5058 1766 5115 statim
1791 5060 1945 5117 nobis
1968 5061 2139 5117 don‘o-

548 5160 671 5201 rum
708 5159 929 5201 suorum
973 5145 1270 5216 largitatem
1317 5148 1605 5207 liberaliter
1653 5152 1943 5208 concedet:
1994 5154 2137 5225 quod

549 5234 704 5290 nobis
747 5235 957 5305 assequi
1012 5234 1187 5304 liceat,
1234 5238 1402 5306 gratia
1450 5248 1508 5293 et
1547 5239 1871 5312 benignitate
1924 5244 2134 5311 Domini

550 5325 718 5383 nostri
743 5324 871 5382 Jesu
893 5325 1122 5392 Christi,
1150 5341 1271 5381 cum
1296 5343 1402 5399 quo
1431 5328 1572 5384 Patri
1600 5331 1669 5386 sit
1690 5333 1888 5402 gloria,
1924 5332 2096 5389 honor
2118 5376 2134 5402 ,

551 5417 834 5487 imperium
856 5458 872 5484 ,
900 5418 1056 5473 simul
1084 5427 1137 5481 et
1164 5428 1350 5473 sancto
1377 5420 1617 5492 Spiritui,
1646 5438 1787 5480 nunc
1811 5432 1865 5481 et
1884 5439 2095 5497 semper
2116 5467 2133 5496 ,

552 5518 607 5562 et
632 5508 683 5562 in
714 5508 906 5573 saecula
933 5508 1273 5565 saeculorum.
1302 5511 1492 5567 Amen.

618 5622 637 5686 ε
670 5621 810 5671 Coisl.
834 5623 1030 5686 omittit,
1049 5636 1194 5686 quem
1216 5623 1398 5686 habuit.

620 5683 1185 5757 tajAt‘tucdesinit-l‘ocus
1201 5685 1284 5736 ille
1303 5688 1512 5757 binc,_ut
1534 5696 1745 5757 putatur.
1766 5706 1792 5741 a
1813 5693 2144 5757 Chrysostomo

550 5748 815 5805 excerptas
834 5743 884 5795 in
906 5747 1103 5796 "milia
1127 5755 1194 5799 De
1217 5761 1314 5799 non
1337 5743 1622 5812 evulgandis
1643 5743 1844 5805 fratrum
1866 5743 2092 5810 peccatis.

1336 320 1395 377 S.
1433 318 1709 376 JOANNIS
1746 312 2216 373 CHRYSOSTOMI
2256 315 2573 385 ARCIHEP.
2612 320 3149 383 CONSTANTINOP.

3735 332 3855 392 448

2852 436 3131 499 .HOMILIA
3173 437 3235 494 L.

2246 559 2484 632 Concepit
2531 575 2699 622 autem
2752 568 2975 624 Rebecca
2995 613 3011 639 ,
3066 583 3115 625 et
3165 574 3488 633 colludebant
3530 578 3739 650 parvuli
3775 582 3842 634 in

2706 659 2797 713 illa
2829 659 2989 729 (Gen.
3012 662 3107 719 25.
3133 662 3225 719 2|.
3255 663 3369 736 22).

2317 790 2368 844 l.
2401 790 2571 847 Vultis
2597 792 2758 848 etiam
2778 793 2938 851 hodie
2961 810 3291 865 apponamus
3314 800 3522 855 caritati
3553 812 3744 857 veStrae
3769 820 3838 858 ea

2243 893 2363 947 quae
2388 880 2442 934 in
2467 881 2695 939 lectione
2718 883 2964 939 hesterna
2995 886 3178 940 relicta
3209 890 3369 942 sunt?
3397 889 3479 944 Ad
3503 890 3661 946 linem
3687 896 3836 947 enim

2238 971 2537 1038 perducere
2567 982 2735 1029 totum
2749 987 3117 1047 argumentum
3142 980 3509 1050 nequivimus;
3532 984 3624 1038 sed
3652 996 3839 1040 osten-

2243 1060 2417 1116 dimus
2456 1078 2551 1133 per
2588 1064 2828 1123 assiduas
2868 1082 3051 1135 preces
3096 1069 3243 1125 lsaac
3290 1073 3525 1140 potuisse
3572 1073 3835 1130 Rebecca:

2242 1152 2449 1206 vulvam
2477 1154 2706 1209 filiorum
2734 1157 3061 1226 generationi
3101 1160 3327 1216 reddere
3357 1162 3598 1219 idoneam
3629 1205 3646 1231 ,
3674 1176 3834 1219 natu-

2243 1258 2462 1313 ramque
2500 1244 2671 1314 ipsam
2698 1246 2943 1303 inutilem
2982 1247 3175 1305 factam
3195 1293 3210 1317 ,
3242 1261 3299 1306 ut
3328 1253 3400 1307 ita
3426 1254 3598 1309 dicam
3622 1296 3638 1321 ,
3669 1272 3827 1327 repa-

2242 1350 2363 1390 rare
2388 1353 2401 1389 :
2432 1335 2545 1391 haec
2569 1338 2744 1393 omnia
2775 1338 2887 1392 heri
2915 1341 3043 1395 satis
3073 1357 3167 1396 vos
3195 1342 3495 1411 docuimus,
3520 1356 3828 1403 monstran-

2245 1436 2324 1479 tes
2362 1441 2624 1482 annorum
2674 1444 2985 1496 numerum,
3019 1433 3209 1502 quibus
3232 1475 3244 1497 ,
3279 1446 3337 1489 ut
3379 1435 3481 1490 hoc
3522 1437 3832 1506 impetraret

2244 1515 2429 1571 beatus
2460 1518 2568 1584 ille,
2596 1534 2757 1575 orans
2784 1531 2836 1575 et
2863 1524 3158 1591 deprecans
3188 1528 3481 1593 permansit
3508 1546 3523 1583 :
3549 1540 3603 1583 et
3627 1531 3680 1584 in
3706 1545 3827 1586 ser-

2243 1621 2460 1662 monem
2482 1608 2550 1664 de
2572 1610 3081 1683 sterilibusegressi,
3105 1615 3243 1669 dicta
3267 1618 3413 1671 vobis
3430 1634 3590 1673 causa
3613 1632 3831 1690 propter

2242 1711 2400 1766 quam
2424 1698 2692 1768 justorum
2712 1701 2929 1767 illorqu
2958 1718 3153 1759 uxores
3181 1707 3392 1761 steriles
3420 1709 3602 1775 fuere,
3624 1725 3831 1765 sermo-

2242 1802 2366 1842 nem
2388 1789 2608 1845 missum
2636 1792 2878 1847 fecimus.
2911 1792 3097 1862 Operm
3140 1797 3366 1865 pretium
3415 1807 3596 1853 autem
3623 1809 3831 1857 estnos

2234 1876 2400 1934 hodie
2437 1880 2643 1937 discere
2671 1881 2928 1938 Rebeccae
2972 1886 3274 1957 religiosam
3318 1899 3571 1954 mentem,
3622 1902 3679 1944 ut
3721 1909 3829 1946 non

2241 1968 2415 2023 solum
2444 1971 2596 2026 nobis
2616 1987 2646 2025 a
2671 1974 2864 2028 virtute
2886 1974 3015 2043 justi
3041 1977 3247 2030 lucrum
3272 1979 3511 2042 accedat,
3543 1980 3637 2034 sed
3667 1983 3830 2035 etiam

2242 2074 2306 2114 ex
2335 2059 2554 2121 bistOria
2578 2078 2696 2132 quae
2722 2063 3020 2120 Rebeccam
3046 2067 3301 2135 respicit,
3329 2069 3395 2122 ad
3437 2071 3832 2125 aemulationem

2243 2164 2533 2219 provocare
2571 2155 2836 2222 possimus
2862 2154 3152 2211 auditores.
3190 2156 3477 2227 Postquam
3504 2161 3646 2214 enim
3690 2161 3832 2215 Deus

2236 2242 2512 2297 exaudivit
2548 2246 2846 2301 orationem
2884 2245 3051 2316 justi,
3077 2247 3167 2301 2i.
3196 2248 3265 2301 Et
3305 2258 3500 2304 uterum
3544 2253 3694 2321 gessit
3723 2251 3829 2307 Re-

2235 2330 2409 2399 becca,
2436 2333 2526 2387 22.
2568 2335 2922 2402 colludebant,
2975 2337 3180 2407 inquit,
3213 2341 3355 2406 pueri
3394 2341 3449 2394 in
3489 2358 3586 2409 ea,
3633 2351 3687 2397 et
3716 2358 3833 2397 ma-

2242 2438 2347 2499 gno
2389 2439 2510 2479 eam
2540 2424 2726 2481 dolore
2769 2428 3091 2484 alﬁciebaut.
3137 2429 3276 2484 Dixit
3316 2432 3486 2499 enim,
3512 2434 3716 2503 inquit,
3766 2436 3830 2488 Si

2242 2516 2316 2568 sic
2359 2516 2485 2569 milii
2529 2517 2757 2585 futurum
2805 2519 2911 2584 sit,
2962 2537 3051 2582 cur
3098 2522 3220 2583 mihi
3264 2522 3406 2577 hac?
3450 2524 3631 2594 Neque
3678 2527 3825 2581 enim

2245 2619 2381 2659 unus
2443 2616 2559 2661 erat
2612 2609 2949 2681 nasciturus,
3006 2611 3105 2666 sed
3152 2612 3289 2667 duos
3342 2613 3503 2668 simul
3557 2616 3609 2670 in
3676 2625 3829 2671 utero

2234 2710 2437 2771 pueros
2477 2700 2736 2768 gestabat,
2781 2708 2839 2754 et
2875 2716 2944 2755 ex
2985 2703 3226 2773 angustia
3266 2704 3488 2758 multum
3532 2707 3826 2761 cruciatum

2242 2790 2525 2846 sentiebat.
2551 2791 2655 2847 Sed
2698 2792 2787 2848 hic
2823 2794 2964 2860 vide,
3012 2795 3256 2861 obsecro,
3302 2797 3540 2853 mulieris
3578 2800 3827 2868 pietatem

2243 2888 2297 2935 et
2322 2881 2654 2951 religionem.
2684 2882 2801 2939 Non
2829 2885 2972 2939 enim
3002 2886 3140 2940 sicut
3180 2888 3429 2942 mulieres
3477 2889 3678 2954 multae,
3706 2906 3828 2961 qua:

2242 2972 2570 3041 negligenter
2609 2973 2808 3039 vivunt,
2859 2974 3018 3030 hodie
3067 2976 3241 3032 facere
3285 2989 3715 3045 consueverunt,
3757 2982 3827 3037 ad

2242 3061 2532 3119 lmmanum
2559 3065 2795 3135 confugit
2830 3066 3156 3131 subsidium,
3188 3083 3294 3122 non
3333 3072 3401 3124 ad
3440 3085 3532 3124 eos
3570 3072 3659 3140 qui
3704 3073 3825 3128 talia

2241 3156 2352 3209 suis
2393 3156 2733 3225 coniecturis,
2766 3173 2980 3230 suaeque
3006 3160 3225 3215 rationis
3251 3161 3710 3220 observationibus
3731 3166 3824 3235 ju-

2241 3244 2419 3301 dicare
2462 3248 2681 3314 volunt;
2704 3263 2883 3319 neque
2907 3264 2966 3304 se
2994 3251 3239 3321 exposuit
3272 3252 3571 3324 deceptioni
3597 3258 3826 3311 circula-

2237 3346 2436 3403 torum,
2466 3348 2519 3394 et
2544 3354 2728 3395 eorum
2756 3342 2844 3411 qui
2868 3343 3122 3413 pollicere
3149 3343 3348 3399 audent
3371 3362 3488 3416 qua:
3521 3364 3681 3417 supra
3723 3348 3825 3401 bu-

2240 3444 2452 3483 mauam
2480 3438 2604 3485 sunt
2643 3439 2887 3487 naturam
2920 3450 2933 3486 :
2956 3432 3049 3487 sed
3072 3432 3227 3499 Abiit,
3255 3434 3442 3506 inquit,
3467 3446 3521 3490 ut
3548 3421 3828 3497 consuleret

2232 3518 2534 3579 Dominum.
2564 3522 2699 3579 Vide
2722 3524 2958 3581 mulieris
2997 3526 3357 3596 sagacitatem.
3390 3528 3651 3596 Quoniam
3696 3532 3826 3587 vidit

2240 3628 2361 3673 eum
2398 3616 2487 3683 qui
2524 3617 2732 3671 vulvam
2770 3618 2887 3688 ejus
2926 3629 3208 3683 reserarat,
3250 3630 3306 3676 et
3353 3624 3443 3693 qui
3486 3623 3825 3681 infecundum

2167 3759 2173 3764 .
2240 3715 2481 3761 ventrem
2512 3718 2731 3778 repente
2755 3709 2825 3765 ita
2851 3710 3129 3766 fecundum
3159 3710 3426 3781 ellecerat,
3462 3725 3669 3771 natura
3702 3732 3824 3772 esse

2243 3797 2547 3865 Dominum,
2579 3802 2828 3870 quoniam
2856 3801 2987 3857 vidit
3007 3803 3141 3857 uteri
3170 3804 3436 3859 sarcinam
3460 3821 3648 3876 magna
3677 3822 3825 3877 qua:-

2240 3889 2362 3953 dam
2392 3894 2720 3960 promittere,
2742 3892 2894 3959 Abiit,
2916 3895 3102 3965 inquit,
3132 3904 3186 3949 ut
3214 3897 3498 3952 consuleret
3527 3898 3821 3961 Dominum.

2239 3980 2378 4048 Quid
2401 3990 2504 4049 est,
2532 3983 2666 4037 Abiit
2690 3993 2746 4038 ut
2789 3986 3067 4041 consuleret
3090 3986 3368 4045 Dominum
3385 3993 3411 4045 ?
3464 3993 3707 4051 Cucurrit
3756 3999 3824 4053 ad

2241 4088 2421 4137 veram
2440 4076 2747 4143 scientiam,
2777 4087 2832 4134 et
2857 4077 3128 4135 festinavit
3151 4082 3217 4137 ad
3246 4084 3577 4142 sacerdotem
3612 4088 3704 4143 Dei
3719 4090 3819 4144 mi-

2234 4165 2490 4233 nistrum,
2527 4181 2624 4236 per
2648 4182 2806 4236 quem
2836 4169 3063 4226 latenter
3089 4172 3166 4227 rei
3191 4174 3466 4230 scientiam
3493 4177 3702 4235 discere
3724 4196 3823 4235 cu-

2243 4254 2420 4323 piebat
2444 4256 2461 4286 ¹
2491 4274 2505 4310 :
2534 4265 2590 4311 et
2612 4271 2870 4313 enarrans
2887 4261 3062 4315 omnia
3084 4278 3204 4332 quae
3233 4264 3334 4319 sibi
3360 4269 3711 4338 contigerant,
3738 4271 3822 4325 di-

2240 4346 2369 4403 dicit
2390 4346 2672 4418 diligenter
2697 4352 2896 4415 omnia,
2914 4352 3258 4410 misericorde
3279 4357 3388 4413 Deo
3416 4373 3510 4427 per
3532 4364 3824 4419 sacerdotis

2242 4438 2477 4509 linguam
2524 4439 2805 4510 detegente
2839 4440 2890 4497 ei
2928 4444 3105 4503 omnia
3146 4447 3461 4515 manifeste,
3503 4462 3559 4506 et
3595 4452 3823 4509 alacrio-

2242 4546 2354 4585 rem
2382 4546 2500 4587 eam
2527 4533 2801 4590 reddente.
2818 4534 2882 4590 Et
2906 4543 2964 4590 ut
2988 4537 3127 4591 scias
3146 4548 3341 4608 quanta
3368 4550 3494 4597 tunc
3512 4552 3627 4598 erat
3642 4560 3822 4600 sacer-

2242 4623 2424 4679 dotum
2453 4624 2702 4695 dignitas,
2727 4641 2987 4698 nusquam
3017 4629 3147 4684 dicit
3169 4631 3499 4688 saeerdmem
3525 4635 3575 4689 ei
3602 4651 3823 4706 respon-

2241 4717 2406 4779 disse,
2420 4716 2514 4773 sed
2532 4726 2807 4789 postquam
2836 4720 2989 4788 dixit,
3004 4721 3138 4775 Abiit
3153 4730 3210 4776 ut
3224 4724 3507 4778 consuleret
3524 4725 3820 4793 Dominum,

2241 4807 2498 4878 subjecit,
2522 4808 2619 4867 23.
2640 4809 2710 4864 Et
2730 4810 2857 4865 dixit
2888 4808 3424 4884 Dominusci,nempe
3452 4832 3546 4886 per
3574 4819 3825 4873 sacerdo-

2244 4908 2369 4964 tem,
2385 4899 2529 4957 Duas
2538 4910 2708 4971 gentes
2717 4902 2770 4957 in
2785 4911 2927 4956 utero
2942 4914 3026 4957 tuo
3040 4905 3282 4958 contines.
3306 4905 3515 4961 Etenim
3525 4909 3695 4963 etalio
3707 4910 3826 4964 loco

2241 4992 2487 5063 angelum
2510 5003 2662 5050 vocat
2680 4992 3008 5051 sacerdotem
3030 4996 3205 5051 divina
3217 4996 3508 5067 Scriptura,
3540 5002 3828 5058 ostendens

2246 5086 2393 5141 illum
2408 5101 2472 5143 ea
2490 5086 2655 5156 loqui,
2686 5103 2805 5157 qua:
2831 5088 3049 5157 inspirat
3068 5104 3131 5144 ac
3146 5093 3380 5161 suggerit
3392 5092 3621 5162 Spiritus
3633 5098 3823 5165 gratia.

2246 5177 2388 5232 Dixit
2415 5177 2575 5248 igitur
2603 5178 2857 5235 Dominus
2882 5180 2930 5234 ei
2959 5195 3056 5249 per
3082 5182 3453 5237 sacerdotem:
3488 5182 3620 5240 Dure
3658 5198 3828 5257 gentes
3858 5256 3861 5261 η

2242 5267 2298 5321 in
2322 5277 2571 5329 uterottto
2594 5279 2732 5338 sunt,
2761 5280 2809 5326 et
2830 5270 2932 5329 duo
2949 5271 3126 5342 populi
3151 5273 3204 5325 in
3218 5282 3386 5328 ventre
3408 5282 3493 5329 tuo
3513 5276 3825 5345 diuulgatur,

2244 5369 2292 5413 et
2317 5360 2534 5430 populus
2557 5363 2746 5432 papula
2777 5361 3063 5432 priestabit,
3116 5373 3164 5418 et
3190 5366 3355 5438 major
3397 5371 3573 5423 serviet
3621 5371 3825 5424 minori.

2246 5449 2380 5507 Vide
2397 5452 2710 5508 vaticinium
2746 5453 2893 5524 quod
2936 5452 3219 5511 manifeste
3269 5458 3509 5527 praedicit
3550 5461 3601 5516 ei
3650 5461 3825 5522 omnia

2311 5638 2329 5666 ι
2363 5633 2502 5703 Coisl.
2523 5640 2582 5703 _et
2604 5638 2850 5703 lutet-pres
2871 5631 3100 5703 vulgatus
3120 5634 3168 5703 in
3190 5633 3405 5686 Editione
3428 5636 3609 5703 διωθιιρ
3637 5652 3649 5686 :
3680 5646 3732 5688 Et
3757 5641 3825 5698 fe-

2247 5695 2438 5762 stinavit
2468 5696 2533 5747 ad
2549 5696 2848 5762 sacerdotem
2872 5695 2960 5745 Dei
2982 5695 3269 5757 minimum,
3294 5711 3381 5762 per
3394 5712 3539 5762 quem
3580 5695 3825 5752 latentium

2251 5760 2494 5809 scientiam
2518 5758 2693 5804 volebat
2728 5756 2931 5808 discere.
