  <div class='ocr_page' id='page_1' title='image "/cluster/home/n/w/nwhite01/storage/ocr_20150623/54/mdp.39015078384420/077.png"; bbox 0 0 4150 6276; ppageno 0'>
   <div class='ocr_carea' id='block_1_1' title="bbox 493 302 598 356">
    <p class='ocr_par' dir='ltr' id='par_1_1' title="bbox 493 302 598 356">
     <span class='ocr_line' id='line_1_1' title="bbox 493 302 598 356; baseline -0.01 0"><span class='ocrx_word' id='word_1_1' title='bbox 493 302 598 356; x_wconf 68' lang='grc' dir='ltr'>ιω</span> 
     </span>
    </p>
   </div>
   <div class='ocr_carea' id='block_1_2' title="bbox 488 403 2062 480">
    <p class='ocr_par' dir='ltr' id='par_1_2' title="bbox 488 403 2062 480">
     <span class='ocr_line' id='line_1_2' title="bbox 488 403 2062 480; baseline -0.008 -15"><span class='ocrx_word' id='word_1_2' title='bbox 488 414 632 465; x_wconf 85' lang='grc' dir='ltr'>σθαι.</span> <span class='ocrx_word' id='word_1_3' title='bbox 665 409 972 480; x_wconf 78' lang='grc' dir='ltr'>’Λλλόμενοι</span> <span class='ocrx_word' id='word_1_4' title='bbox 996 408 1101 480; x_wconf 74' lang='grc' dir='ltr'>γὰρ</span> <span class='ocrx_word' id='word_1_5' title='bbox 1126 411 1171 460; x_wconf 75' lang='grc' dir='ltr'>οἱ</span> <span class='ocrx_word' id='word_1_6' title='bbox 1198 410 1381 468; x_wconf 81' lang='grc' dir='ltr'>παῖδες</span> <span class='ocrx_word' id='word_1_7' title='bbox 1407 409 1464 458; x_wconf 80' lang='grc' dir='ltr'>ἐν</span> <span class='ocrx_word' id='word_1_8' title='bbox 1489 408 1553 476; x_wconf 82' lang='grc' dir='ltr'>τῇ</span> <span class='ocrx_word' id='word_1_9' title='bbox 1578 406 1776 474; x_wconf 68' lang='grc' dir='ltr'>γαστρὶ</span> <span class='ocrx_word' id='word_1_10' title='bbox 1791 403 1884 455; x_wconf 75' lang='grc' dir='ltr'>καὶ</span> <span class='ocrx_word' id='word_1_11' title='bbox 1907 419 2062 473; x_wconf 86' lang='grc' dir='ltr'>σκιρ-</span> 
     </span>
    </p>
   </div>
   <div class='ocr_carea' id='block_1_3' title="bbox 485 485 2062 564">
    <p class='ocr_par' dir='ltr' id='par_1_3' title="bbox 485 485 2062 564">
     <span class='ocr_line' id='line_1_3' title="bbox 485 485 2062 564; baseline -0.001 -18"><span class='ocrx_word' id='word_1_12' title='bbox 485 495 707 557; x_wconf 82' lang='grc' dir='ltr'>τῶντες,</span> <span class='ocrx_word' id='word_1_13' title='bbox 746 494 847 564; x_wconf 77' lang='grc' dir='ltr'>ήδη</span> <span class='ocrx_word' id='word_1_14' title='bbox 881 489 1298 563; x_wconf 82' lang='grc' dir='ltr'>προανεφώνουν</span> <span class='ocrx_word' id='word_1_15' title='bbox 1327 490 1541 543; x_wconf 79' lang='grc' dir='ltr'>ἅπαντα</span> <span class='ocrx_word' id='word_1_16' title='bbox 1571 489 1710 558; x_wconf 83' lang='grc' dir='ltr'>μετὰ</span> <span class='ocrx_word' id='word_1_17' title='bbox 1744 485 2031 556; x_wconf 69' lang='grc' dir='ltr'>ἀκριϐείας</span> <span class='ocrx_word' id='word_1_18' title='bbox 2050 501 2062 514; x_wconf 88' lang='grc'><strong><em>⁸</em></strong></span> 
     </span>
    </p>
   </div>
   <div class='ocr_carea' id='block_1_4' title="bbox 485 565 2065 645">
    <p class='ocr_par' dir='ltr' id='par_1_4' title="bbox 485 565 2065 645">
     <span class='ocr_line' id='line_1_4' title="bbox 485 565 2065 645; baseline -0.006 -17"><span class='ocrx_word' id='word_1_19' title='bbox 485 576 581 628; x_wconf 72' lang='grc' dir='ltr'>καὶ</span> <span class='ocrx_word' id='word_1_20' title='bbox 613 574 802 627; x_wconf 85' lang='grc' dir='ltr'>λοιπὸν</span> <span class='ocrx_word' id='word_1_21' title='bbox 831 573 1133 645; x_wconf 76' lang='grc' dir='ltr'>ἐμάνθανεν</span> <span class='ocrx_word' id='word_1_22' title='bbox 1170 574 1203 642; x_wconf 89' lang='grc' dir='ltr'>ή</span> <span class='ocrx_word' id='word_1_23' title='bbox 1236 571 1395 641; x_wconf 80' lang='grc' dir='ltr'>γυνὴ,</span> <span class='ocrx_word' id='word_1_24' title='bbox 1422 571 1521 640; x_wconf 86' lang='grc' dir='ltr'>οὐχ</span> <span class='ocrx_word' id='word_1_25' title='bbox 1552 570 1633 622; x_wconf 85' lang='grc' dir='ltr'>ὅτι</span> <span class='ocrx_word' id='word_1_26' title='bbox 1654 569 1746 621; x_wconf 83' lang='grc' dir='ltr'>δύο</span> <span class='ocrx_word' id='word_1_27' title='bbox 1786 569 1946 639; x_wconf 85' lang='grc' dir='ltr'>μόνον</span> <span class='ocrx_word' id='word_1_28' title='bbox 1974 565 2065 619; x_wconf 87' lang='grc' dir='ltr'>τέ-</span> 
     </span>
    </p>
   </div>
   <div class='ocr_carea' id='block_1_5' title="bbox 488 646 2066 720">
    <p class='ocr_par' dir='ltr' id='par_1_5' title="bbox 488 646 2066 720">
     <span class='ocr_line' id='line_1_5' title="bbox 488 646 2066 720; baseline -0.005 -12"><span class='ocrx_word' id='word_1_29' title='bbox 488 656 636 720; x_wconf 85' lang='grc' dir='ltr'>ξεται</span> <span class='ocrx_word' id='word_1_30' title='bbox 660 656 876 717; x_wconf 83' lang='grc' dir='ltr'>παῖδας,</span> <span class='ocrx_word' id='word_1_31' title='bbox 895 654 1008 708; x_wconf 83' lang='grc' dir='ltr'>ἀλλ’</span> <span class='ocrx_word' id='word_1_32' title='bbox 1021 655 1103 706; x_wconf 83' lang='grc' dir='ltr'>ὅτι</span> <span class='ocrx_word' id='word_1_33' title='bbox 1130 654 1222 707; x_wconf 82' lang='grc' dir='ltr'>καὶ</span> <span class='ocrx_word' id='word_1_34' title='bbox 1242 655 1322 715; x_wconf 85' lang='grc' dir='ltr'>εἰς</span> <span class='ocrx_word' id='word_1_35' title='bbox 1341 651 1469 719; x_wconf 80' lang='grc' dir='ltr'>έθνη</span> <span class='ocrx_word' id='word_1_36' title='bbox 1485 646 1630 704; x_wconf 78' lang='grc' dir='ltr'>οῦτοι</span> <span class='ocrx_word' id='word_1_37' title='bbox 1655 650 2066 719; x_wconf 86' lang='grc' dir='ltr'>ἐκταθήσονται,</span> 
     </span>
    </p>
   </div>
   <div class='ocr_carea' id='block_1_6' title="bbox 485 731 2063 805">
    <p class='ocr_par' dir='ltr' id='par_1_6' title="bbox 485 731 2063 805">
     <span class='ocr_line' id='line_1_6' title="bbox 485 731 2063 805; baseline -0.005 -16"><span class='ocrx_word' id='word_1_38' title='bbox 485 740 581 791; x_wconf 77' lang='grc' dir='ltr'>καὶ</span> <span class='ocrx_word' id='word_1_39' title='bbox 620 740 700 792; x_wconf 84' lang='grc' dir='ltr'>ὅτι</span> <span class='ocrx_word' id='word_1_40' title='bbox 733 739 761 789; x_wconf 92' lang='lat'>6</span> <span class='ocrx_word' id='word_1_41' title='bbox 789 737 1031 790; x_wconf 80' lang='grc' dir='ltr'>ἐλάσσων</span> <span class='ocrx_word' id='word_1_42' title='bbox 1069 734 1350 805; x_wconf 82' lang='grc' dir='ltr'>κυριεύσει</span> <span class='ocrx_word' id='word_1_43' title='bbox 1383 733 1479 785; x_wconf 87' lang='grc' dir='ltr'>τοῦ</span> <span class='ocrx_word' id='word_1_44' title='bbox 1518 733 1785 803; x_wconf 80' lang='grc' dir='ltr'>μείζονος.</span> <span class='ocrx_word' id='word_1_45' title='bbox 1816 731 1925 783; x_wconf 79' lang='grc' dir='ltr'>Καὶ</span> <span class='ocrx_word' id='word_1_46' title='bbox 1953 731 2063 795; x_wconf 86' lang='grc' dir='ltr'>ὅτε,</span> 
     </span>
    </p>
   </div>
   <div class='ocr_carea' id='block_1_7' title="bbox 486 813 2068 892">
    <p class='ocr_par' dir='ltr' id='par_1_7' title="bbox 486 813 2068 892">
     <span class='ocr_line' id='line_1_7' title="bbox 486 813 2068 892; baseline -0.006 -18"><span class='ocrx_word' id='word_1_47' title='bbox 486 823 669 892; x_wconf 76' lang='grc' dir='ltr'>φησὶν,</span> <span class='ocrx_word' id='word_1_48' title='bbox 701 821 925 890; x_wconf 79' lang='grc' dir='ltr'>ήγγισεν</span> <span class='ocrx_word' id='word_1_49' title='bbox 945 821 974 870; x_wconf 98' lang='lat'>6</span> <span class='ocrx_word' id='word_1_50' title='bbox 998 819 1189 889; x_wconf 84' lang='grc' dir='ltr'>καιρὸς</span> <span class='ocrx_word' id='word_1_51' title='bbox 1214 817 1307 871; x_wconf 89' lang='grc' dir='ltr'>τοῦ</span> <span class='ocrx_word' id='word_1_52' title='bbox 1333 817 1516 878; x_wconf 86' lang='grc' dir='ltr'>τόκου,</span> <span class='ocrx_word' id='word_1_53' title='bbox 1553 813 1836 882; x_wconf 78' lang='grc' dir='ltr'>Ἐξῆλθεν</span> <span class='ocrx_word' id='word_1_54' title='bbox 1860 816 1892 866; x_wconf 87' lang='grc' dir='ltr'>ό</span> <span class='ocrx_word' id='word_1_55' title='bbox 1916 829 2068 881; x_wconf 80' lang='grc' dir='ltr'>πρω-</span> 
     </span>
    </p>
   </div>
   <div class='ocr_carea' id='block_1_8' title="bbox 484 896 2067 968">
    <p class='ocr_par' dir='ltr' id='par_1_8' title="bbox 484 896 2067 968">
     <span class='ocr_line' id='line_1_8' title="bbox 484 896 2067 968; baseline -0.006 -13"><span class='ocrx_word' id='word_1_56' title='bbox 484 904 729 966; x_wconf 81' lang='grc' dir='ltr'>τότοκος</span> <span class='ocrx_word' id='word_1_57' title='bbox 754 899 1097 968; x_wconf 74' lang='grc' dir='ltr'>πυῤῥάιιης,</span> <span class='ocrx_word' id='word_1_58' title='bbox 1117 900 1260 953; x_wconf 79' lang='grc' dir='ltr'>ὡσεὶ</span> <span class='ocrx_word' id='word_1_59' title='bbox 1289 899 1455 967; x_wconf 81' lang='grc' dir='ltr'>δορὰ,</span> <span class='ocrx_word' id='word_1_60' title='bbox 1473 898 1686 961; x_wconf 86' lang='grc' dir='ltr'>δασύς·</span> <span class='ocrx_word' id='word_1_61' title='bbox 1714 896 2067 962; x_wconf 76' lang='grc' dir='ltr'>ἐπωνόμασε</span> 
     </span>
    </p>
   </div>
   <div class='ocr_carea' id='block_1_9' title="bbox 485 977 2066 1051">
    <p class='ocr_par' dir='ltr' id='par_1_9' title="bbox 485 977 2066 1051">
     <span class='ocr_line' id='line_1_9' title="bbox 485 977 2066 1051; baseline -0.004 -15"><span class='ocrx_word' id='word_1_62' title='bbox 485 984 551 1036; x_wconf 87' lang='grc' dir='ltr'>δὲ</span> <span class='ocrx_word' id='word_1_63' title='bbox 569 985 636 1037; x_wconf 81' lang='grc' dir='ltr'>τό</span> <span class='ocrx_word' id='word_1_64' title='bbox 665 983 851 1051; x_wconf 86' lang='grc' dir='ltr'>ὄνομα</span> <span class='ocrx_word' id='word_1_65' title='bbox 883 983 1092 1047; x_wconf 80' lang='grc' dir='ltr'>αὑτοῦ,</span> <span class='ocrx_word' id='word_1_66' title='bbox 1125 982 1337 1036; x_wconf 81' lang='grc' dir='ltr'>Ἠσαῦ.</span> <span class='ocrx_word' id='word_1_67' title='bbox 1367 983 1476 1034; x_wconf 78' lang='grc' dir='ltr'>Καὶ</span> <span class='ocrx_word' id='word_1_68' title='bbox 1495 980 1646 1048; x_wconf 83' lang='grc' dir='ltr'>μετὰ</span> <span class='ocrx_word' id='word_1_69' title='bbox 1674 979 1861 1032; x_wconf 78' lang='grc' dir='ltr'>ταῦτα</span> <span class='ocrx_word' id='word_1_70' title='bbox 1884 977 2066 1045; x_wconf 78' lang='grc' dir='ltr'>ἐξῆλ-</span> 
     </span>
    </p>
   </div>
   <div class='ocr_carea' id='block_1_10' title="bbox 485 1061 2068 1134">
    <p class='ocr_par' dir='ltr' id='par_1_10' title="bbox 485 1061 2068 1134">
     <span class='ocr_line' id='line_1_10' title="bbox 485 1061 2068 1134; baseline -0.006 -13"><span class='ocrx_word' id='word_1_71' title='bbox 485 1071 587 1121; x_wconf 81' lang='grc' dir='ltr'>θεν</span> <span class='ocrx_word' id='word_1_72' title='bbox 606 1069 639 1120; x_wconf 87' lang='grc' dir='ltr'>ό</span> <span class='ocrx_word' id='word_1_73' title='bbox 664 1065 928 1134; x_wconf 63' lang='grc' dir='ltr'>ἁδελφός</span> <span class='ocrx_word' id='word_1_74' title='bbox 958 1065 1167 1127; x_wconf 82' lang='grc' dir='ltr'>αὐτοῦ,</span> <span class='ocrx_word' id='word_1_75' title='bbox 1205 1064 1303 1116; x_wconf 76' lang='grc' dir='ltr'>καὶ</span> <span class='ocrx_word' id='word_1_76' title='bbox 1333 1064 1370 1130; x_wconf 77' lang='grc' dir='ltr'><strong>ἠ</strong></span> <span class='ocrx_word' id='word_1_77' title='bbox 1397 1063 1525 1132; x_wconf 76' lang='grc' dir='ltr'>χεὶρ</span> <span class='ocrx_word' id='word_1_78' title='bbox 1559 1061 1745 1115; x_wconf 82' lang='grc' dir='ltr'>αὑτοῦ</span> <span class='ocrx_word' id='word_1_79' title='bbox 1786 1063 2068 1129; x_wconf 78' lang='grc' dir='ltr'>ἐπειλημ-</span> 
     </span>
    </p>
   </div>
   <div class='ocr_carea' id='block_1_11' title="bbox 478 1142 2068 1217">
    <p class='ocr_par' dir='ltr' id='par_1_11' title="bbox 478 1142 2068 1217">
     <span class='ocr_line' id='line_1_11' title="bbox 478 1142 2068 1217; baseline -0.004 -15"><span class='ocrx_word' id='word_1_80' title='bbox 478 1149 632 1217; x_wconf 78' lang='grc' dir='ltr'>μένη</span> <span class='ocrx_word' id='word_1_81' title='bbox 662 1146 769 1215; x_wconf 84' lang='grc' dir='ltr'>τῆς</span> <span class='ocrx_word' id='word_1_82' title='bbox 807 1146 1070 1214; x_wconf 82' lang='grc' dir='ltr'>πτέρνης</span> <span class='ocrx_word' id='word_1_83' title='bbox 1101 1146 1293 1200; x_wconf 84' lang='grc' dir='ltr'>Ἡσαῦ</span> <span class='ocrx_word' id='word_1_84' title='bbox 1317 1162 1332 1176; x_wconf 87' lang='grc'><strong>·</strong></span> <span class='ocrx_word' id='word_1_85' title='bbox 1363 1146 1462 1199; x_wconf 83' lang='grc' dir='ltr'>καὶ</span> <span class='ocrx_word' id='word_1_86' title='bbox 1503 1144 1758 1197; x_wconf 75' lang='grc' dir='ltr'>ἐκάλεσε</span> <span class='ocrx_word' id='word_1_87' title='bbox 1786 1142 1852 1196; x_wconf 85' lang='grc' dir='ltr'>τὸ</span> <span class='ocrx_word' id='word_1_88' title='bbox 1882 1143 2068 1211; x_wconf 80' lang='grc' dir='ltr'>ὄνομα</span> 
     </span>
    </p>
   </div>
   <div class='ocr_carea' id='block_1_12' title="bbox 481 1230 2066 1304">
    <p class='ocr_par' dir='ltr' id='par_1_12' title="bbox 481 1230 2066 1304">
     <span class='ocr_line' id='line_1_12' title="bbox 481 1230 2066 1304; baseline -0.004 -16"><span class='ocrx_word' id='word_1_89' title='bbox 481 1234 689 1295; x_wconf 80' lang='grc' dir='ltr'>αὐτοῦ,</span> <span class='ocrx_word' id='word_1_90' title='bbox 725 1233 940 1287; x_wconf 78' lang='grc' dir='ltr'>Ἰακώϐ·</span> <span class='ocrx_word' id='word_1_91' title='bbox 964 1233 1245 1302; x_wconf 77' lang='grc' dir='ltr'>μονονουχὶ</span> <span class='ocrx_word' id='word_1_92' title='bbox 1273 1231 1372 1302; x_wconf 74' lang='grc' dir='ltr'>ἤδη</span> <span class='ocrx_word' id='word_1_93' title='bbox 1402 1232 1496 1284; x_wconf 78' lang='grc' dir='ltr'>καὶ</span> <span class='ocrx_word' id='word_1_94' title='bbox 1529 1234 1590 1284; x_wconf 73' lang='grc' dir='ltr'>ἐκ</span> <span class='ocrx_word' id='word_1_95' title='bbox 1626 1230 1930 1304; x_wconf 76' lang='grc' dir='ltr'>προοιμίων</span> <span class='ocrx_word' id='word_1_96' title='bbox 1954 1230 2066 1282; x_wconf 85' lang='grc' dir='ltr'>δει-</span> 
     </span>
    </p>
   </div>
   <div class='ocr_carea' id='block_1_13' title="bbox 483 1311 2063 1384">
    <p class='ocr_par' dir='ltr' id='par_1_13' title="bbox 483 1311 2063 1384">
     <span class='ocr_line' id='line_1_13' title="bbox 483 1311 2063 1384; baseline -0.004 -15"><span class='ocrx_word' id='word_1_97' title='bbox 483 1316 706 1378; x_wconf 84' lang='grc' dir='ltr'>κνύντος</span> <span class='ocrx_word' id='word_1_98' title='bbox 725 1314 818 1367; x_wconf 90' lang='grc' dir='ltr'>τοῦ</span> <span class='ocrx_word' id='word_1_99' title='bbox 834 1312 1234 1383; x_wconf 74' lang='grc' dir='ltr'>Θεοῦ,[497]ὃτι</span> <span class='ocrx_word' id='word_1_100' title='bbox 1252 1312 1555 1384; x_wconf 70' lang='grc' dir='ltr'>περιέσται,</span> <span class='ocrx_word' id='word_1_101' title='bbox 1573 1313 1715 1364; x_wconf 74' lang='grc' dir='ltr'>κατὰ.</span> <span class='ocrx_word' id='word_1_102' title='bbox 1728 1312 1797 1364; x_wconf 79' lang='grc' dir='ltr'>τὰ</span> <span class='ocrx_word' id='word_1_103' title='bbox 1812 1311 2063 1380; x_wconf 74' lang='grc' dir='ltr'>ρηθέντα,</span> 
     </span>
    </p>
   </div>
   <div class='ocr_carea' id='block_1_14' title="bbox 483 1394 2067 1465">
    <p class='ocr_par' dir='ltr' id='par_1_14' title="bbox 483 1394 2067 1465">
     <span class='ocr_line' id='line_1_14' title="bbox 483 1394 2067 1465; baseline -0.003 -16"><span class='ocrx_word' id='word_1_104' title='bbox 483 1399 512 1449; x_wconf 90' lang='lat'>6</span> <span class='ocrx_word' id='word_1_105' title='bbox 543 1398 777 1450; x_wconf 84' lang='grc' dir='ltr'>ἐλάττων</span> <span class='ocrx_word' id='word_1_106' title='bbox 812 1395 904 1448; x_wconf 90' lang='grc' dir='ltr'>τοῦ</span> <span class='ocrx_word' id='word_1_107' title='bbox 936 1395 1199 1465; x_wconf 73' lang='grc' dir='ltr'>μείζονος.</span> <span class='ocrx_word' id='word_1_108' title='bbox 1231 1396 1469 1465; x_wconf 74' lang='grc' dir='ltr'>Κατεῖχε</span> <span class='ocrx_word' id='word_1_109' title='bbox 1491 1395 1620 1464; x_wconf 80' lang='grc' dir='ltr'>γὰρ.</span> <span class='ocrx_word' id='word_1_110' title='bbox 1647 1395 1804 1465; x_wconf 78' lang='grc' dir='ltr'>φησὶ,</span> <span class='ocrx_word' id='word_1_111' title='bbox 1827 1397 1891 1464; x_wconf 83' lang='grc' dir='ltr'>τῇ</span> <span class='ocrx_word' id='word_1_112' title='bbox 1919 1394 2067 1464; x_wconf 79' lang='grc' dir='ltr'>χειρὶ</span> 
     </span>
    </p>
   </div>
   <div class='ocr_carea' id='block_1_15' title="bbox 483 1473 2065 1550">
    <p class='ocr_par' dir='ltr' id='par_1_15' title="bbox 483 1473 2065 1550">
     <span class='ocr_line' id='line_1_15' title="bbox 483 1473 2065 1550; baseline -0.003 -20"><span class='ocrx_word' id='word_1_113' title='bbox 483 1480 581 1550; x_wconf 79' lang='grc' dir='ltr'>τὴν</span> <span class='ocrx_word' id='word_1_114' title='bbox 621 1479 857 1548; x_wconf 82' lang='grc' dir='ltr'>πτέρναν</span> <span class='ocrx_word' id='word_1_115' title='bbox 916 1478 1122 1539; x_wconf 82' lang='grc' dir='ltr'>Ἡσαῦ,</span> <span class='ocrx_word' id='word_1_116' title='bbox 1158 1478 1295 1547; x_wconf 83' lang='grc' dir='ltr'>ὅπερ</span> <span class='ocrx_word' id='word_1_117' title='bbox 1325 1473 1394 1547; x_wconf 82' lang='grc' dir='ltr'>ἦν</span> <span class='ocrx_word' id='word_1_118' title='bbox 1431 1479 1656 1546; x_wconf 79' lang='grc' dir='ltr'>σημεῖον</span> <span class='ocrx_word' id='word_1_119' title='bbox 1692 1474 2065 1543; x_wconf 79' lang='grc' dir='ltr'>καταγωνιζο-</span> 
     </span>
    </p>
   </div>
   <div class='ocr_carea' id='block_1_16' title="bbox 488 1555 2066 1631">
    <p class='ocr_par' dir='ltr' id='par_1_16' title="bbox 488 1555 2066 1631">
     <span class='ocr_line' id='line_1_16' title="bbox 488 1555 2066 1631; baseline -0.002 -19"><span class='ocrx_word' id='word_1_120' title='bbox 488 1562 649 1631; x_wconf 84' lang='grc' dir='ltr'>μένου</span> <span class='ocrx_word' id='word_1_121' title='bbox 671 1559 762 1612; x_wconf 80' lang='grc' dir='ltr'>τὸν</span> <span class='ocrx_word' id='word_1_122' title='bbox 788 1561 1005 1630; x_wconf 76' lang='grc' dir='ltr'>ἰσχυρὸν</span> <span class='ocrx_word' id='word_1_123' title='bbox 1036 1555 1177 1612; x_wconf 82' lang='grc' dir='ltr'>εἷναι</span> <span class='ocrx_word' id='word_1_124' title='bbox 1196 1559 1474 1612; x_wconf 89' lang='grc' dir='ltr'>δοκοῦντα.</span> <span class='ocrx_word' id='word_1_125' title='bbox 1502 1559 1611 1610; x_wconf 71' lang='grc' dir='ltr'>Καὶ</span> <span class='ocrx_word' id='word_1_126' title='bbox 1637 1558 1826 1610; x_wconf 86' lang='grc' dir='ltr'>σκόπει</span> <span class='ocrx_word' id='word_1_127' title='bbox 1857 1575 1946 1628; x_wconf 89' lang='grc' dir='ltr'>μοι</span> <span class='ocrx_word' id='word_1_128' title='bbox 1967 1558 2066 1621; x_wconf 79' lang='grc' dir='ltr'>τὴν</span> 
     </span>
    </p>
   </div>
   <div class='ocr_carea' id='block_1_17' title="bbox 485 1639 2065 1712">
    <p class='ocr_par' dir='ltr' id='par_1_17' title="bbox 485 1639 2065 1712">
     <span class='ocr_line' id='line_1_17' title="bbox 485 1639 2065 1712; baseline -0.001 -19"><span class='ocrx_word' id='word_1_129' title='bbox 485 1642 634 1695; x_wconf 90' lang='grc' dir='ltr'>θείαν</span> <span class='ocrx_word' id='word_1_130' title='bbox 656 1642 899 1712; x_wconf 77' lang='grc' dir='ltr'>Γραφὴν,</span> <span class='ocrx_word' id='word_1_131' title='bbox 932 1644 1081 1703; x_wconf 84' lang='grc' dir='ltr'>ὅπως</span> <span class='ocrx_word' id='word_1_132' title='bbox 1101 1641 1190 1693; x_wconf 76' lang='grc' dir='ltr'>διὰ</span> <span class='ocrx_word' id='word_1_133' title='bbox 1212 1642 1280 1694; x_wconf 82' lang='grc' dir='ltr'>τά</span> <span class='ocrx_word' id='word_1_134' title='bbox 1314 1641 1575 1709; x_wconf 87' lang='grc' dir='ltr'>μέλλοντα</span> <span class='ocrx_word' id='word_1_135' title='bbox 1600 1639 1824 1710; x_wconf 78' lang='grc' dir='ltr'>ὕστερον</span> <span class='ocrx_word' id='word_1_136' title='bbox 1852 1640 2065 1710; x_wconf 82' lang='grc' dir='ltr'>συμϐή-</span> 
     </span>
    </p>
   </div>
   <div class='ocr_carea' id='block_1_18' title="bbox 487 1721 2067 1794">
    <p class='ocr_par' dir='ltr' id='par_1_18' title="bbox 487 1721 2067 1794">
     <span class='ocr_line' id='line_1_18' title="bbox 487 1721 2067 1794; baseline -0.002 -18"><span class='ocrx_word' id='word_1_137' title='bbox 487 1724 695 1785; x_wconf 87' lang='grc' dir='ltr'>σεσθαι,</span> <span class='ocrx_word' id='word_1_138' title='bbox 731 1723 830 1793; x_wconf 81' lang='grc' dir='ltr'>ήδη</span> <span class='ocrx_word' id='word_1_139' title='bbox 852 1725 1251 1794; x_wconf 57' lang='grc' dir='ltr'>προαναφωνεί</span> <span class='ocrx_word' id='word_1_140' title='bbox 1282 1724 1376 1775; x_wconf 76' lang='grc' dir='ltr'>καὶ</span> <span class='ocrx_word' id='word_1_141' title='bbox 1402 1722 1673 1775; x_wconf 86' lang='grc' dir='ltr'>δείκνυσιν</span> <span class='ocrx_word' id='word_1_142' title='bbox 1706 1725 1738 1792; x_wconf 90' lang='grc' dir='ltr'>ή</span> <span class='ocrx_word' id='word_1_143' title='bbox 1748 1725 1837 1792; x_wconf 80' lang='grc' dir='ltr'>μίν</span> <span class='ocrx_word' id='word_1_144' title='bbox 1860 1721 2067 1775; x_wconf 77' lang='grc' dir='ltr'>ἄνωθεν</span> 
     </span>
    </p>
   </div>
   <div class='ocr_carea' id='block_1_19' title="bbox 486 1804 2067 1875">
    <p class='ocr_par' dir='ltr' id='par_1_19' title="bbox 486 1804 2067 1875">
     <span class='ocr_line' id='line_1_19' title="bbox 486 1804 2067 1875; baseline -0.002 -18"><span class='ocrx_word' id='word_1_145' title='bbox 486 1807 580 1857; x_wconf 79' lang='grc' dir='ltr'>καὶ</span> <span class='ocrx_word' id='word_1_146' title='bbox 602 1805 660 1870; x_wconf 81' lang='grc' dir='ltr'>ἐξ</span> <span class='ocrx_word' id='word_1_147' title='bbox 687 1806 864 1875; x_wconf 85' lang='grc' dir='ltr'>ἀρχῆς</span> <span class='ocrx_word' id='word_1_148' title='bbox 894 1804 1125 1857; x_wconf 78' lang='grc' dir='ltr'>ἑκάστου</span> <span class='ocrx_word' id='word_1_149' title='bbox 1157 1805 1217 1858; x_wconf 81' lang='grc' dir='ltr'>τὸ</span> <span class='ocrx_word' id='word_1_150' title='bbox 1245 1805 1583 1875; x_wconf 79' lang='grc' dir='ltr'>ἐπιτήδευμα</span> <span class='ocrx_word' id='word_1_151' title='bbox 1604 1822 1618 1836; x_wconf 91' lang='grc'><strong>·</strong></span> <span class='ocrx_word' id='word_1_152' title='bbox 1649 1805 1745 1856; x_wconf 71' lang='grc' dir='ltr'>καὶ</span> <span class='ocrx_word' id='word_1_153' title='bbox 1774 1804 1856 1855; x_wconf 84' lang='grc' dir='ltr'>ὅτι</span> <span class='ocrx_word' id='word_1_154' title='bbox 1904 1805 1933 1856; x_wconf 90' lang='lat'>6</span> <span class='ocrx_word' id='word_1_155' title='bbox 1969 1804 2067 1872; x_wconf 86' lang='grc' dir='ltr'>μὲν</span> 
     </span>
    </p>
   </div>
   <div class='ocr_carea' id='block_1_20' title="bbox 484 1881 2067 1957">
    <p class='ocr_par' dir='ltr' id='par_1_20' title="bbox 484 1881 2067 1957">
     <span class='ocr_line' id='line_1_20' title="bbox 484 1881 2067 1957; baseline -0.002 -19"><span class='ocrx_word' id='word_1_156' title='bbox 484 1904 552 1939; x_wconf 88' lang='grc' dir='ltr'>πε</span> <span class='ocrx_word' id='word_1_157' title='bbox 563 1886 615 1956; x_wconf 85' lang='lat' dir='ltr'><strong>9l</strong></span> <span class='ocrx_word' id='word_1_158' title='bbox 646 1886 706 1938; x_wconf 84' lang='lat'>16</span> <span class='ocrx_word' id='word_1_159' title='bbox 727 1890 984 1956; x_wconf 85' lang='grc' dir='ltr'>κυνηγεῖν</span> <span class='ocrx_word' id='word_1_160' title='bbox 1015 1887 1317 1956; x_wconf 73' lang='grc' dir='ltr'>ἠσχολεῖτο,</span> <span class='ocrx_word' id='word_1_161' title='bbox 1343 1889 1371 1940; x_wconf 89' lang='lat'>6</span> <span class='ocrx_word' id='word_1_162' title='bbox 1399 1886 1455 1939; x_wconf 85' lang='grc' dir='ltr'>δὲ</span> <span class='ocrx_word' id='word_1_163' title='bbox 1487 1887 1744 1957; x_wconf 80' lang='grc' dir='ltr'>ἄγροικος</span> <span class='ocrx_word' id='word_1_164' title='bbox 1767 1881 1834 1955; x_wconf 81' lang='grc' dir='ltr'>ἦν</span> <span class='ocrx_word' id='word_1_165' title='bbox 1856 1884 2067 1955; x_wconf 78' lang='grc' dir='ltr'>ἄνθρω-</span> 
     </span>
    </p>
   </div>
   <div class='ocr_carea' id='block_1_21' title="bbox 485 1967 2068 2039">
    <p class='ocr_par' dir='ltr' id='par_1_21' title="bbox 485 1967 2068 2039">
     <span class='ocr_line' id='line_1_21' title="bbox 485 1967 2068 2039; baseline -0.002 -17"><span class='ocrx_word' id='word_1_166' title='bbox 485 1986 609 2032; x_wconf 80' lang='grc' dir='ltr'>πος,</span> <span class='ocrx_word' id='word_1_167' title='bbox 645 1968 951 2032; x_wconf 81' lang='grc' dir='ltr'>ἄπλαστος,</span> <span class='ocrx_word' id='word_1_168' title='bbox 996 1969 1173 2022; x_wconf 74' lang='grc' dir='ltr'>οὶκίαν</span> <span class='ocrx_word' id='word_1_169' title='bbox 1220 1969 1404 2022; x_wconf 73' lang='grc' dir='ltr'>οἰκῶν.</span> <span class='ocrx_word' id='word_1_170' title='bbox 1452 1969 1610 2039; x_wconf 84' lang='grc' dir='ltr'>Διὸή</span> <span class='ocrx_word' id='word_1_171' title='bbox 1660 1967 1759 2038; x_wconf 89' lang='grc' dir='ltr'>μὲν</span> <span class='ocrx_word' id='word_1_172' title='bbox 1802 1968 2068 2020; x_wconf 84' lang='grc' dir='ltr'>Ῥεϐέκκα</span> 
     </span>
    </p>
   </div>
   <div class='ocr_carea' id='block_1_22' title="bbox 482 2049 2066 2121">
    <p class='ocr_par' dir='ltr' id='par_1_22' title="bbox 482 2049 2066 2121">
     <span class='ocr_line' id='line_1_22' title="bbox 482 2049 2066 2121; baseline -0.001 -18"><span class='ocrx_word' id='word_1_173' title='bbox 482 2051 674 2121; x_wconf 76' lang='grc' dir='ltr'>ἠγάπα</span> <span class='ocrx_word' id='word_1_174' title='bbox 707 2051 798 2103; x_wconf 77' lang='grc' dir='ltr'>τὸν</span> <span class='ocrx_word' id='word_1_175' title='bbox 835 2050 1051 2114; x_wconf 82' lang='grc' dir='ltr'>Ἰακὼϐ,</span> <span class='ocrx_word' id='word_1_176' title='bbox 1085 2054 1114 2104; x_wconf 91' lang='lat'>6</span> <span class='ocrx_word' id='word_1_177' title='bbox 1142 2052 1200 2104; x_wconf 76' lang='grc' dir='ltr'>δὲ</span> <span class='ocrx_word' id='word_1_178' title='bbox 1237 2051 1424 2104; x_wconf 69' lang='grc' dir='ltr'>Ἰσαὰκ</span> <span class='ocrx_word' id='word_1_179' title='bbox 1451 2052 1543 2103; x_wconf 82' lang='grc' dir='ltr'>τὸν</span> <span class='ocrx_word' id='word_1_180' title='bbox 1584 2049 1756 2103; x_wconf 81' lang='grc' dir='ltr'>Ἡσαῦ</span> <span class='ocrx_word' id='word_1_181' title='bbox 1779 2091 1794 2115; x_wconf 92' lang='grc'>,</span> <span class='ocrx_word' id='word_1_182' title='bbox 1832 2050 2066 2117; x_wconf 76' lang='grc' dir='ltr'>Ἐπειδὴ</span> 
     </span>
    </p>
   </div>
   <div class='ocr_carea' id='block_1_23' title="bbox 484 2131 2068 2204">
    <p class='ocr_par' dir='ltr' id='par_1_23' title="bbox 484 2131 2068 2204">
     <span class='ocr_line' id='line_1_23' title="bbox 484 2131 2068 2204; baseline -0.003 -15"><span class='ocrx_word' id='word_1_183' title='bbox 484 2137 524 2204; x_wconf 75' lang='grc' dir='ltr'>ἡ</span> <span class='ocrx_word' id='word_1_184' title='bbox 559 2135 708 2203; x_wconf 74' lang='grc' dir='ltr'>θήρα</span> <span class='ocrx_word' id='word_1_185' title='bbox 734 2135 952 2200; x_wconf 78' lang='grc' dir='ltr'>αὐτοῦ,</span> <span class='ocrx_word' id='word_1_186' title='bbox 983 2136 1116 2204; x_wconf 77' lang='grc' dir='ltr'>φησὶ</span> <span class='ocrx_word' id='word_1_187' title='bbox 1136 2173 1150 2191; x_wconf 87' lang='grc'><strong>.</strong></span> <span class='ocrx_word' id='word_1_188' title='bbox 1178 2132 1410 2203; x_wconf 80' lang='grc' dir='ltr'>βρῶσις</span> <span class='ocrx_word' id='word_1_189' title='bbox 1449 2131 1528 2204; x_wconf 85' lang='grc' dir='ltr'>ἦν</span> <span class='ocrx_word' id='word_1_190' title='bbox 1565 2133 1746 2199; x_wconf 82' lang='grc' dir='ltr'>αὐτῷ.</span> <span class='ocrx_word' id='word_1_191' title='bbox 1784 2135 1925 2203; x_wconf 86' lang='grc' dir='ltr'>Ὅρα</span> <span class='ocrx_word' id='word_1_192' title='bbox 1951 2133 2068 2192; x_wconf 81' lang='grc' dir='ltr'>πῶς</span> 
     </span>
    </p>
   </div>
   <div class='ocr_carea' id='block_1_24' title="bbox 482 2216 2070 2288">
    <p class='ocr_par' dir='ltr' id='par_1_24' title="bbox 482 2216 2070 2288">
     <span class='ocr_line' id='line_1_24' title="bbox 482 2216 2070 2288; baseline -0.001 -18"><span class='ocrx_word' id='word_1_193' title='bbox 482 2219 612 2279; x_wconf 84' lang='grc' dir='ltr'>τοὺς</span> <span class='ocrx_word' id='word_1_194' title='bbox 633 2218 830 2279; x_wconf 84' lang='grc' dir='ltr'>παῖδας</span> <span class='ocrx_word' id='word_1_195' title='bbox 855 2218 1216 2287; x_wconf 77' lang='grc' dir='ltr'>διενείμαντο·</span> <span class='ocrx_word' id='word_1_196' title='bbox 1249 2218 1345 2271; x_wconf 66' lang='grc' dir='ltr'>καὶ</span> <span class='ocrx_word' id='word_1_197' title='bbox 1372 2220 1405 2288; x_wconf 82' lang='grc' dir='ltr'>ή</span> <span class='ocrx_word' id='word_1_198' title='bbox 1434 2218 1534 2287; x_wconf 81' lang='grc' dir='ltr'>μὲν</span> <span class='ocrx_word' id='word_1_199' title='bbox 1564 2216 1651 2269; x_wconf 75' lang='grc' dir='ltr'>διὰ</span> <span class='ocrx_word' id='word_1_200' title='bbox 1676 2217 1738 2269; x_wconf 82' lang='grc' dir='ltr'>τὸ</span> <span class='ocrx_word' id='word_1_201' title='bbox 1765 2216 1856 2269; x_wconf 76' lang='grc' dir='ltr'>ἐπὶ</span> <span class='ocrx_word' id='word_1_202' title='bbox 1871 2216 1971 2285; x_wconf 86' lang='grc' dir='ltr'>τῆς</span> <span class='ocrx_word' id='word_1_203' title='bbox 1992 2218 2070 2268; x_wconf 77' lang='lat' dir='ltr'>ol-</span> 
     </span>
    </p>
   </div>
   <div class='ocr_carea' id='block_1_25' title="bbox 485 2299 2067 2371">
    <p class='ocr_par' dir='ltr' id='par_1_25' title="bbox 485 2299 2067 2371">
     <span class='ocr_line' id='line_1_25' title="bbox 485 2299 2067 2371; baseline -0.001 -17"><span class='ocrx_word' id='word_1_204' title='bbox 485 2301 610 2363; x_wconf 86' lang='grc' dir='ltr'>κίας</span> <span class='ocrx_word' id='word_1_205' title='bbox 632 2301 748 2353; x_wconf 89' lang='grc' dir='ltr'>διατ</span> <span class='ocrx_word' id='word_1_206' title='bbox 759 2300 930 2371; x_wconf 91' lang='grc' dir='ltr'>ρίϐειν</span> <span class='ocrx_word' id='word_1_207' title='bbox 947 2301 1132 2370; x_wconf 86' lang='grc' dir='ltr'>ὁρῶσα</span> <span class='ocrx_word' id='word_1_208' title='bbox 1148 2300 1243 2352; x_wconf 89' lang='grc' dir='ltr'>τοῦ</span> <span class='ocrx_word' id='word_1_209' title='bbox 1257 2301 1447 2364; x_wconf 72' lang='grc' dir='ltr'>παιδὸς</span> <span class='ocrx_word' id='word_1_210' title='bbox 1461 2301 1523 2352; x_wconf 80' lang='grc' dir='ltr'>τὸ</span> <span class='ocrx_word' id='word_1_211' title='bbox 1538 2301 1831 2361; x_wconf 82' lang='grc' dir='ltr'>ἄπλαστον,</span> <span class='ocrx_word' id='word_1_212' title='bbox 1847 2299 2067 2352; x_wconf 86' lang='grc' dir='ltr'>πλείονα</span> 
     </span>
    </p>
   </div>
   <div class='ocr_carea' id='block_1_26' title="bbox 486 2382 2066 2455">
    <p class='ocr_par' dir='ltr' id='par_1_26' title="bbox 486 2382 2066 2455">
     <span class='ocr_line' id='line_1_26' title="bbox 486 2382 2066 2455; baseline 0 -20"><span class='ocrx_word' id='word_1_213' title='bbox 486 2384 584 2455; x_wconf 82' lang='grc' dir='ltr'>τὴν</span> <span class='ocrx_word' id='word_1_214' title='bbox 607 2382 820 2435; x_wconf 77' lang='grc' dir='ltr'>εὔνοιαν</span> <span class='ocrx_word' id='word_1_215' title='bbox 839 2384 969 2453; x_wconf 74' lang='grc' dir='ltr'>περὶ</span> <span class='ocrx_word' id='word_1_216' title='bbox 990 2383 1153 2435; x_wconf 75' lang='grc' dir='ltr'>αὑτὸν</span> <span class='ocrx_word' id='word_1_217' title='bbox 1176 2383 1522 2435; x_wconf 76' lang='grc' dir='ltr'>ἐπεδείκνυτο</span> <span class='ocrx_word' id='word_1_218' title='bbox 1537 2399 1551 2414; x_wconf 78' lang='grc' dir='ltr'>ο</span> <span class='ocrx_word' id='word_1_219' title='bbox 1569 2383 1598 2434; x_wconf 87' lang='grc' dir='ltr'><strong>ὁ</strong></span> <span class='ocrx_word' id='word_1_220' title='bbox 1617 2382 1673 2435; x_wconf 84' lang='grc' dir='ltr'>δὲ</span> <span class='ocrx_word' id='word_1_221' title='bbox 1699 2383 1882 2452; x_wconf 82' lang='grc' dir='ltr'>πατὴρ</span> <span class='ocrx_word' id='word_1_222' title='bbox 1900 2382 1988 2435; x_wconf 86' lang='grc' dir='ltr'>διά</span> <span class='ocrx_word' id='word_1_223' title='bbox 2005 2398 2066 2435; x_wconf 82' lang='grc' dir='ltr'>τε</span> 
     </span>
    </p>
   </div>
   <div class='ocr_carea' id='block_1_27' title="bbox 489 2464 2068 2536">
    <p class='ocr_par' dir='ltr' id='par_1_27' title="bbox 489 2464 2068 2536">
     <span class='ocr_line' id='line_1_27' title="bbox 489 2464 2068 2536; baseline -0.001 -18"><span class='ocrx_word' id='word_1_224' title='bbox 489 2466 552 2518; x_wconf 83' lang='grc' dir='ltr'>τὸ</span> <span class='ocrx_word' id='word_1_225' title='bbox 575 2465 915 2535; x_wconf 72' lang='grc' dir='ltr'>πρωτότοκον</span> <span class='ocrx_word' id='word_1_226' title='bbox 932 2466 1141 2517; x_wconf 84' lang='grc' dir='ltr'>ἐκεῖνον</span> <span class='ocrx_word' id='word_1_227' title='bbox 1164 2464 1515 2534; x_wconf 88' lang='grc' dir='ltr'>γεγενῆσθαι.</span> <span class='ocrx_word' id='word_1_228' title='bbox 1544 2467 1635 2517; x_wconf 74' lang='grc' dir='ltr'>καὶ</span> <span class='ocrx_word' id='word_1_229' title='bbox 1655 2464 1744 2518; x_wconf 79' lang='grc' dir='ltr'>διὰ</span> <span class='ocrx_word' id='word_1_230' title='bbox 1767 2465 1866 2536; x_wconf 81' lang='grc' dir='ltr'>τὴν</span> <span class='ocrx_word' id='word_1_231' title='bbox 1896 2464 2068 2536; x_wconf 88' lang='grc' dir='ltr'>θήραν</span> 
     </span>
    </p>
   </div>
   <div class='ocr_carea' id='block_1_28' title="bbox 498 2539 2069 2618">
    <p class='ocr_par' dir='ltr' id='par_1_28' title="bbox 498 2539 2069 2618">
     <span class='ocr_line' id='line_1_28' title="bbox 498 2539 2069 2618; baseline -0.005 -14"><span class='ocrx_word' id='word_1_232' title='bbox 498 2550 692 2617; x_wconf 78' lang='grc' dir='ltr'>ἠγάπα</span> <span class='ocrx_word' id='word_1_233' title='bbox 720 2547 810 2600; x_wconf 82' lang='grc' dir='ltr'>τὸν</span> <span class='ocrx_word' id='word_1_234' title='bbox 853 2546 1047 2601; x_wconf 86' lang='grc' dir='ltr'>Ἡσαῦ.</span> <span class='ocrx_word' id='word_1_235' title='bbox 1093 2546 1233 2599; x_wconf 80' lang='grc' dir='ltr'>Ἀλλ’</span> <span class='ocrx_word' id='word_1_236' title='bbox 1274 2539 1421 2599; x_wconf 73' lang='grc' dir='ltr'>οὗτοι</span> <span class='ocrx_word' id='word_1_237' title='bbox 1453 2547 1552 2617; x_wconf 84' lang='grc' dir='ltr'>μὲν</span> <span class='ocrx_word' id='word_1_238' title='bbox 1583 2551 1651 2618; x_wconf 79' lang='grc' dir='ltr'>τῇ</span> <span class='ocrx_word' id='word_1_239' title='bbox 1680 2549 1882 2617; x_wconf 80' lang='grc' dir='ltr'>φυσικῇ</span> <span class='ocrx_word' id='word_1_240' title='bbox 1917 2546 2069 2615; x_wconf 87' lang='grc' dir='ltr'>φιλο-</span> 
     </span>
    </p>
   </div>
   <div class='ocr_carea' id='block_1_29' title="bbox 492 2627 2068 2701">
    <p class='ocr_par' dir='ltr' id='par_1_29' title="bbox 492 2627 2068 2701">
     <span class='ocr_line' id='line_1_29' title="bbox 492 2627 2068 2701; baseline -0.001 -18"><span class='ocrx_word' id='word_1_241' title='bbox 492 2631 718 2700; x_wconf 81' lang='grc' dir='ltr'>στοργίᾳ</span> <span class='ocrx_word' id='word_1_242' title='bbox 740 2627 1266 2692; x_wconf 77' lang='grc' dir='ltr'>κατακολουθοῦντες</span> <span class='ocrx_word' id='word_1_243' title='bbox 1289 2628 1463 2683; x_wconf 86' lang='grc' dir='ltr'>ταῦτα</span> <span class='ocrx_word' id='word_1_244' title='bbox 1483 2629 1699 2686; x_wconf 80' lang='grc' dir='ltr'>ἐποίουν</span> <span class='ocrx_word' id='word_1_245' title='bbox 1721 2646 1734 2659; x_wconf 75' lang='grc' dir='ltr'>ο</span> <span class='ocrx_word' id='word_1_246' title='bbox 1761 2631 1795 2701; x_wconf 85' lang='grc' dir='ltr'>ή</span> <span class='ocrx_word' id='word_1_247' title='bbox 1820 2630 1878 2682; x_wconf 90' lang='grc' dir='ltr'>δέ</span> <span class='ocrx_word' id='word_1_248' title='bbox 1901 2630 2068 2700; x_wconf 80' lang='grc' dir='ltr'>πρόρ-</span> 
     </span>
    </p>
   </div>
   <div class='ocr_carea' id='block_1_30' title="bbox 490 2711 2069 2784">
    <p class='ocr_par' dir='ltr' id='par_1_30' title="bbox 490 2711 2069 2784">
     <span class='ocr_line' id='line_1_30' title="bbox 490 2711 2069 2784; baseline 0.002 -20"><span class='ocrx_word' id='word_1_249' title='bbox 490 2717 650 2784; x_wconf 74' lang='grc' dir='ltr'>ρησις</span> <span class='ocrx_word' id='word_1_250' title='bbox 673 2711 814 2768; x_wconf 82' lang='grc' dir='ltr'>κατὰ</span> <span class='ocrx_word' id='word_1_251' title='bbox 848 2711 1042 2784; x_wconf 85' lang='grc' dir='ltr'>μικρὸν</span> <span class='ocrx_word' id='word_1_252' title='bbox 1071 2713 1151 2775; x_wconf 86' lang='grc' dir='ltr'>είς</span> <span class='ocrx_word' id='word_1_253' title='bbox 1174 2711 1333 2784; x_wconf 78' lang='grc' dir='ltr'>ἔργον</span> <span class='ocrx_word' id='word_1_254' title='bbox 1367 2712 1535 2782; x_wconf 82' lang='grc' dir='ltr'>ἐξῄει,</span> <span class='ocrx_word' id='word_1_255' title='bbox 1559 2712 1863 2782; x_wconf 87' lang='grc' dir='ltr'>ήλέγουσα,</span> <span class='ocrx_word' id='word_1_256' title='bbox 1893 2713 1974 2766; x_wconf 87' lang='grc' dir='ltr'>ὅτι</span> <span class='ocrx_word' id='word_1_257' title='bbox 2008 2715 2069 2767; x_wconf 92' lang='lat'>&#39;0</span> 
     </span>
    </p>
   </div>
   <div class='ocr_carea' id='block_1_31' title="bbox 485 2793 2066 2866">
    <p class='ocr_par' dir='ltr' id='par_1_31' title="bbox 485 2793 2066 2866">
     <span class='ocr_line' id='line_1_31' title="bbox 485 2793 2066 2866; baseline 0.001 -18"><span class='ocrx_word' id='word_1_258' title='bbox 485 2793 699 2866; x_wconf 81' lang='grc' dir='ltr'>μείζων</span> <span class='ocrx_word' id='word_1_259' title='bbox 730 2794 1048 2848; x_wconf 79' lang='grc' dir='ltr'>δουλεύσει</span> <span class='ocrx_word' id='word_1_260' title='bbox 1075 2794 1156 2858; x_wconf 86' lang='grc' dir='ltr'>τῷ</span> <span class='ocrx_word' id='word_1_261' title='bbox 1183 2793 1499 2848; x_wconf 81' lang='grc' dir='ltr'>ἐλάσσονι.</span> <span class='ocrx_word' id='word_1_262' title='bbox 1530 2795 1674 2865; x_wconf 79' lang='grc' dir='ltr'>Ὅρα</span> <span class='ocrx_word' id='word_1_263' title='bbox 1705 2795 1813 2866; x_wconf 75' lang='grc' dir='ltr'>γὰρ</span> <span class='ocrx_word' id='word_1_264' title='bbox 1844 2795 2066 2858; x_wconf 81' lang='grc' dir='ltr'>εὐθέως.</span> 
     </span>
    </p>
   </div>
   <div class='ocr_carea' id='block_1_32' title="bbox 494 2872 2068 2946">
    <p class='ocr_par' dir='ltr' id='par_1_32' title="bbox 494 2872 2068 2946">
     <span class='ocr_line' id='line_1_32' title="bbox 494 2872 2068 2946; baseline 0.001 -16"><span class='ocrx_word' id='word_1_265' title='bbox 494 2879 756 2945; x_wconf 70' lang='grc' dir='ltr'>ἽΙψ-ησε,</span> <span class='ocrx_word' id='word_1_266' title='bbox 788 2875 973 2946; x_wconf 68' lang='grc' dir='ltr'>φησὶν,</span> <span class='ocrx_word' id='word_1_267' title='bbox 1019 2876 1222 2929; x_wconf 80' lang='grc' dir='ltr'>Ἰακὼϐ</span> <span class='ocrx_word' id='word_1_268' title='bbox 1235 2876 1465 2944; x_wconf 62' lang='grc' dir='ltr'>ἔφημεν</span> <span class='ocrx_word' id='word_1_269' title='bbox 1501 2872 1651 2946; x_wconf 82' lang='grc' dir='ltr'>ἦλθε</span> <span class='ocrx_word' id='word_1_270' title='bbox 1683 2877 1753 2930; x_wconf 79' lang='grc' dir='ltr'>δὲ</span> <span class='ocrx_word' id='word_1_271' title='bbox 1785 2877 1975 2931; x_wconf 82' lang='grc' dir='ltr'>Ἠσαῦ</span> <span class='ocrx_word' id='word_1_272' title='bbox 1998 2879 2068 2932; x_wconf 76' lang='grc' dir='ltr'>ἐκ</span> 
     </span>
    </p>
   </div>
   <div class='ocr_carea' id='block_1_33' title="bbox 491 2955 2065 3024">
    <p class='ocr_par' dir='ltr' id='par_1_33' title="bbox 491 2955 2065 3024">
     <span class='ocr_line' id='line_1_33' title="bbox 491 2955 2065 3024; baseline -0.001 -10"><span class='ocrx_word' id='word_1_273' title='bbox 491 2960 598 3014; x_wconf 82' lang='grc' dir='ltr'>τοῦ</span> <span class='ocrx_word' id='word_1_274' title='bbox 618 2959 827 3012; x_wconf 80' lang='grc' dir='ltr'>πεδίου</span> <span class='ocrx_word' id='word_1_275' title='bbox 847 2958 1281 3013; x_wconf 76' lang='grc' dir='ltr'>ἐκλείπων.Καὶ</span> <span class='ocrx_word' id='word_1_276' title='bbox 1295 2955 1465 3012; x_wconf 73' lang='grc' dir='ltr'>εἶπεν</span> <span class='ocrx_word' id='word_1_277' title='bbox 1485 2972 1511 3000; x_wconf 75' lang='grc' dir='ltr'>α</span> <span class='ocrx_word' id='word_1_278' title='bbox 1535 2958 1731 3013; x_wconf 84' lang='grc' dir='ltr'>Ἠσαῦ</span> <span class='ocrx_word' id='word_1_279' title='bbox 1747 2958 1828 3024; x_wconf 83' lang='grc' dir='ltr'>τῷ</span> <span class='ocrx_word' id='word_1_280' title='bbox 1843 2959 2065 3013; x_wconf 77' lang='grc' dir='ltr'>’Ῑακὼϐ’</span> 
     </span>
    </p>
   </div>
   <div class='ocr_carea' id='block_1_34' title="bbox 490 3041 2067 3111">
    <p class='ocr_par' dir='ltr' id='par_1_34' title="bbox 490 3041 2067 3111">
     <span class='ocr_line' id='line_1_34' title="bbox 490 3041 2067 3111; baseline 0 -14"><span class='ocrx_word' id='word_1_281' title='bbox 490 3044 732 3097; x_wconf 80' lang='grc' dir='ltr'>Γεῦσόν</span> <span class='ocrx_word' id='word_1_282' title='bbox 741 3060 816 3111; x_wconf 87' lang='grc' dir='ltr'>με</span> <span class='ocrx_word' id='word_1_283' title='bbox 843 3042 964 3103; x_wconf 77' lang='grc' dir='ltr'>ἀπὸ</span> <span class='ocrx_word' id='word_1_284' title='bbox 988 3042 1094 3096; x_wconf 87' lang='grc' dir='ltr'>τοῦ</span> <span class='ocrx_word' id='word_1_285' title='bbox 1120 3041 1429 3111; x_wconf 68' lang='grc' dir='ltr'>ἑψήματος</span> <span class='ocrx_word' id='word_1_286' title='bbox 1447 3042 1554 3096; x_wconf 87' lang='grc' dir='ltr'>τοῦ</span> <span class='ocrx_word' id='word_1_287' title='bbox 1582 3043 1811 3110; x_wconf 73' lang='grc' dir='ltr'>πυρῤοῦ</span> <span class='ocrx_word' id='word_1_288' title='bbox 1829 3044 2067 3110; x_wconf 86' lang='grc' dir='ltr'>τούτου,</span> 
     </span>
    </p>
   </div>
   <div class='ocr_carea' id='block_1_35' title="bbox 491 3123 2066 3194">
    <p class='ocr_par' dir='ltr' id='par_1_35' title="bbox 491 3123 2066 3194">
     <span class='ocr_line' id='line_1_35' title="bbox 491 3123 2066 3194; baseline 0.001 -16"><span class='ocrx_word' id='word_1_289' title='bbox 491 3125 581 3178; x_wconf 84' lang='grc' dir='ltr'>ὅτι</span> <span class='ocrx_word' id='word_1_290' title='bbox 615 3126 894 3179; x_wconf 82' lang='grc' dir='ltr'>ἐκλείπω.</span> <span class='ocrx_word' id='word_1_291' title='bbox 925 3123 1027 3176; x_wconf 84' lang='grc' dir='ltr'>Διὰ</span> <span class='ocrx_word' id='word_1_292' title='bbox 1057 3124 1237 3178; x_wconf 87' lang='grc' dir='ltr'>τοῦτο</span> <span class='ocrx_word' id='word_1_293' title='bbox 1273 3125 1503 3192; x_wconf 76' lang='grc' dir='ltr'>ἐκλήθη</span> <span class='ocrx_word' id='word_1_294' title='bbox 1534 3125 1602 3177; x_wconf 84' lang='grc' dir='ltr'>τὸ</span> <span class='ocrx_word' id='word_1_295' title='bbox 1632 3125 1818 3194; x_wconf 82' lang='grc' dir='ltr'>ὄνομα</span> <span class='ocrx_word' id='word_1_296' title='bbox 1849 3127 2066 3189; x_wconf 85' lang='grc' dir='ltr'>αὐτοῦ,</span> 
     </span>
    </p>
   </div>
   <div class='ocr_carea' id='block_1_36' title="bbox 505 3202 2070 3277">
    <p class='ocr_par' dir='ltr' id='par_1_36' title="bbox 505 3202 2070 3277">
     <span class='ocr_line' id='line_1_36' title="bbox 505 3202 2070 3277; baseline 0.001 -18"><span class='ocrx_word' id='word_1_297' title='bbox 505 3207 704 3275; x_wconf 83' lang='grc' dir='ltr'>Ἐδώμ.</span> <span class='ocrx_word' id='word_1_298' title='bbox 750 3206 860 3258; x_wconf 79' lang='grc' dir='ltr'>Καὶ</span> <span class='ocrx_word' id='word_1_299' title='bbox 907 3202 1078 3258; x_wconf 73' lang='grc' dir='ltr'>εἶπεν</span> <span class='ocrx_word' id='word_1_300' title='bbox 1121 3206 1336 3270; x_wconf 79' lang='grc' dir='ltr'>Ἰακὼϐ,</span> <span class='ocrx_word' id='word_1_301' title='bbox 1382 3207 1626 3272; x_wconf 79' lang='grc' dir='ltr'>Ἀπόδος</span> <span class='ocrx_word' id='word_1_302' title='bbox 1662 3225 1766 3275; x_wconf 87' lang='grc' dir='ltr'>μοι</span> <span class='ocrx_word' id='word_1_303' title='bbox 1798 3207 1870 3261; x_wconf 84' lang='grc' dir='ltr'>τὰ</span> <span class='ocrx_word' id='word_1_304' title='bbox 1916 3224 2070 3277; x_wconf 81' lang='grc' dir='ltr'>πρω-</span> 
     </span>
    </p>
   </div>
   <div class='ocr_carea' id='block_1_37' title="bbox 494 3285 2069 3359">
    <p class='ocr_par' dir='ltr' id='par_1_37' title="bbox 494 3285 2069 3359">
     <span class='ocr_line' id='line_1_37' title="bbox 494 3285 2069 3359; baseline -0.001 -17"><span class='ocrx_word' id='word_1_305' title='bbox 494 3291 756 3343; x_wconf 75' lang='grc' dir='ltr'>τοτόκια.</span> <span class='ocrx_word' id='word_1_306' title='bbox 773 3290 833 3340; x_wconf 83' lang='grc'>’0</span> <span class='ocrx_word' id='word_1_307' title='bbox 862 3288 917 3340; x_wconf 89' lang='grc' dir='ltr'>δέ</span> <span class='ocrx_word' id='word_1_308' title='bbox 942 3285 1171 3356; x_wconf 84' lang='grc' dir='ltr'>φησι,ἰ“ί</span> <span class='ocrx_word' id='word_1_309' title='bbox 1197 3305 1287 3357; x_wconf 84' lang='grc' dir='ltr'>μοι</span> <span class='ocrx_word' id='word_1_310' title='bbox 1312 3288 1513 3341; x_wconf 84' lang='grc' dir='ltr'>τούτων</span> <span class='ocrx_word' id='word_1_311' title='bbox 1531 3288 1741 3356; x_wconf 73' lang='grc' dir='ltr'>ὄφελος,</span> <span class='ocrx_word' id='word_1_312' title='bbox 1758 3290 1857 3359; x_wconf 87' lang='grc' dir='ltr'>τῆς</span> <span class='ocrx_word' id='word_1_313' title='bbox 1881 3290 2069 3343; x_wconf 88' lang='grc' dir='ltr'>τελευ-</span> 
     </span>
    </p>
   </div>
   <div class='ocr_carea' id='block_1_38' title="bbox 491 3370 2070 3444">
    <p class='ocr_par' dir='ltr' id='par_1_38' title="bbox 491 3370 2070 3444">
     <span class='ocr_line' id='line_1_38' title="bbox 491 3370 2070 3444; baseline 0.023 -30"><span class='ocrx_word' id='word_1_314' title='bbox 491 3375 591 3443; x_wconf 73' lang='grc' dir='ltr'>τῆς</span> <span class='ocrx_word' id='word_1_315' title='bbox 620 3374 718 3443; x_wconf 65' lang='grc' dir='ltr'>ἤδη</span> <span class='ocrx_word' id='word_1_316' title='bbox 750 3388 815 3441; x_wconf 92' lang='grc' dir='ltr'>με</span> <span class='ocrx_word' id='word_1_317' title='bbox 848 3370 1390 3440; x_wconf 58' lang='grc' dir='ltr'>καταλαμϐανούσης,</span> <span class='ocrx_word' id='word_1_318' title='bbox 1419 3374 1467 3424; x_wconf 68' lang='grc' dir='ltr'>εί</span> <span class='ocrx_word' id='word_1_319' title='bbox 1509 3371 1583 3441; x_wconf 77' lang='grc' dir='ltr'>μὴ</span> <span class='ocrx_word' id='word_1_320' title='bbox 1615 3372 1942 3442; x_wconf 79' lang='grc' dir='ltr'>μετάσχοιμι</span> <span class='ocrx_word' id='word_1_321' title='bbox 1971 3375 2070 3444; x_wconf 69' lang='grc' dir='ltr'>τῆς</span> 
     </span>
    </p>
   </div>
   <div class='ocr_carea' id='block_1_39' title="bbox 491 3451 2070 3526">
    <p class='ocr_par' dir='ltr' id='par_1_39' title="bbox 491 3451 2070 3526">
     <span class='ocr_line' id='line_1_39' title="bbox 491 3451 2070 3526; baseline 0.003 -20"><span class='ocrx_word' id='word_1_322' title='bbox 491 3454 732 3525; x_wconf 82' lang='grc' dir='ltr'>τροφῆς;</span> <span class='ocrx_word' id='word_1_323' title='bbox 771 3454 828 3505; x_wconf 85' lang='grc'>’0</span> <span class='ocrx_word' id='word_1_324' title='bbox 855 3452 910 3504; x_wconf 81' lang='grc' dir='ltr'>δὲ</span> <span class='ocrx_word' id='word_1_325' title='bbox 950 3453 1045 3504; x_wconf 72' lang='grc' dir='ltr'>καὶ</span> <span class='ocrx_word' id='word_1_326' title='bbox 1079 3451 1170 3505; x_wconf 83' lang='grc' dir='ltr'>τὸν</span> <span class='ocrx_word' id='word_1_327' title='bbox 1202 3453 1364 3524; x_wconf 78' lang='grc' dir='ltr'>ὅρκον</span> <span class='ocrx_word' id='word_1_328' title='bbox 1389 3455 1639 3518; x_wconf 86' lang='grc' dir='ltr'>ἀπαιτεῖ,</span> <span class='ocrx_word' id='word_1_329' title='bbox 1671 3454 1809 3508; x_wconf 80' lang='grc' dir='ltr'>ὥστε</span> <span class='ocrx_word' id='word_1_330' title='bbox 1845 3455 2070 3526; x_wconf 86' lang='grc' dir='ltr'>βεϐαίαν</span> 
     </span>
    </p>
   </div>
   <div class='ocr_carea' id='block_1_40' title="bbox 495 3535 2067 3609">
    <p class='ocr_par' dir='ltr' id='par_1_40' title="bbox 495 3535 2067 3609">
     <span class='ocr_line' id='line_1_40' title="bbox 495 3535 2067 3609; baseline 0.003 -20"><span class='ocrx_word' id='word_1_331' title='bbox 495 3537 646 3606; x_wconf 84' lang='grc' dir='ltr'>αὑτῷ</span> <span class='ocrx_word' id='word_1_332' title='bbox 663 3535 911 3604; x_wconf 83' lang='grc' dir='ltr'>γενέσθαι</span> <span class='ocrx_word' id='word_1_333' title='bbox 930 3535 1136 3589; x_wconf 87' lang='grc' dir='ltr'>τούτων</span> <span class='ocrx_word' id='word_1_334' title='bbox 1151 3536 1250 3607; x_wconf 82' lang='grc' dir='ltr'>τὴν</span> <span class='ocrx_word' id='word_1_335' title='bbox 1267 3536 1685 3609; x_wconf 81' lang='grc' dir='ltr'>παραχώρησιν.</span> <span class='ocrx_word' id='word_1_336' title='bbox 1716 3536 1825 3591; x_wconf 78' lang='grc' dir='ltr'>Καὶ</span> <span class='ocrx_word' id='word_1_337' title='bbox 1849 3539 2067 3607; x_wconf 79' lang='grc' dir='ltr'>ὤμοσε,</span> 
     </span>
    </p>
   </div>
   <div class='ocr_carea' id='block_1_41' title="bbox 497 3617 932 3689">
    <p class='ocr_par' dir='ltr' id='par_1_41' title="bbox 497 3617 932 3689">
     <span class='ocr_line' id='line_1_41' title="bbox 497 3617 932 3689; baseline 0.002 -19"><span class='ocrx_word' id='word_1_338' title='bbox 497 3620 680 3689; x_wconf 71' lang='grc' dir='ltr'>φησὶν,</span> <span class='ocrx_word' id='word_1_339' title='bbox 726 3617 932 3672; x_wconf 81' lang='grc' dir='ltr'>Ἡσαῦ.</span> 
     </span>
    </p>
   </div>
   <div class='ocr_carea' id='block_1_42' title="bbox 568 3699 2070 3775">
    <p class='ocr_par' dir='ltr' id='par_1_42' title="bbox 568 3699 2070 3775">
     <span class='ocr_line' id='line_1_42' title="bbox 568 3699 2070 3775; baseline 0.003 -21"><span class='ocrx_word' id='word_1_340' title='bbox 568 3703 629 3771; x_wconf 87' lang='grc' dir='ltr'>β’.</span> <span class='ocrx_word' id='word_1_341' title='bbox 660 3701 788 3754; x_wconf 79' lang='grc' dir='ltr'>Ἰδοὺ</span> <span class='ocrx_word' id='word_1_342' title='bbox 821 3701 1004 3753; x_wconf 80' lang='grc' dir='ltr'>λοιπὸν</span> <span class='ocrx_word' id='word_1_343' title='bbox 1023 3699 1271 3753; x_wconf 76' lang='grc' dir='ltr'>ἐντεῦθεν</span> <span class='ocrx_word' id='word_1_344' title='bbox 1292 3702 1637 3775; x_wconf 81' lang='grc' dir='ltr'>ἁντεστράφη</span> <span class='ocrx_word' id='word_1_345' title='bbox 1657 3704 1875 3774; x_wconf 76' lang='grc' dir='ltr'>ὴτάξις,</span> <span class='ocrx_word' id='word_1_346' title='bbox 1900 3706 1996 3759; x_wconf 75' lang='grc' dir='ltr'>καὶ</span> <span class='ocrx_word' id='word_1_347' title='bbox 2009 3707 2070 3759; x_wconf 80' lang='grc' dir='ltr'>τὸ</span> 
     </span>
    </p>
   </div>
   <div class='ocr_carea' id='block_1_43' title="bbox 493 3781 2068 3861">
    <p class='ocr_par' dir='ltr' id='par_1_43' title="bbox 493 3781 2068 3861">
     <span class='ocr_line' id='line_1_43' title="bbox 493 3781 2068 3861; baseline 0.001 -23"><span class='ocrx_word' id='word_1_348' title='bbox 493 3784 589 3838; x_wconf 87' lang='grc' dir='ltr'>τοῦ</span> <span class='ocrx_word' id='word_1_349' title='bbox 626 3784 975 3855; x_wconf 82' lang='grc' dir='ltr'>πρωτοτόκου</span> <span class='ocrx_word' id='word_1_350' title='bbox 1008 3781 1224 3853; x_wconf 85' lang='grc' dir='ltr'>ἀξίωμα</span> <span class='ocrx_word' id='word_1_351' title='bbox 1261 3784 1526 3853; x_wconf 83' lang='grc' dir='ltr'>μετῆλθεν</span> <span class='ocrx_word' id='word_1_352' title='bbox 1555 3787 1646 3839; x_wconf 66' lang='grc' dir='ltr'>ἐπὶ</span> <span class='ocrx_word' id='word_1_353' title='bbox 1674 3787 1766 3840; x_wconf 83' lang='grc' dir='ltr'>τὸν</span> <span class='ocrx_word' id='word_1_354' title='bbox 1800 3790 1863 3859; x_wconf 83' lang='grc' dir='ltr'>τῇ</span> <span class='ocrx_word' id='word_1_355' title='bbox 1899 3789 2068 3861; x_wconf 79' lang='grc' dir='ltr'>ἀρετῇ</span> 
     </span>
    </p>
   </div>
   <div class='ocr_carea' id='block_1_44' title="bbox 492 3865 2104 3939">
    <p class='ocr_par' dir='ltr' id='par_1_44' title="bbox 492 3865 2104 3939">
     <span class='ocr_line' id='line_1_44' title="bbox 492 3865 2104 3939; baseline 0.004 -20"><span class='ocrx_word' id='word_1_356' title='bbox 492 3866 595 3935; x_wconf 89' lang='grc' dir='ltr'>τῆς</span> <span class='ocrx_word' id='word_1_357' title='bbox 614 3866 791 3936; x_wconf 79' lang='grc' dir='ltr'>ψυχῆς</span> <span class='ocrx_word' id='word_1_358' title='bbox 806 3865 1200 3935; x_wconf 84' lang='grc' dir='ltr'>διαλάμποντα.</span> <span class='ocrx_word' id='word_1_359' title='bbox 1224 3866 1331 3918; x_wconf 73' lang='grc' dir='ltr'>Καὶ</span> <span class='ocrx_word' id='word_1_360' title='bbox 1352 3867 1631 3931; x_wconf 76' lang='grc' dir='ltr'>ἀπέδοτο,</span> <span class='ocrx_word' id='word_1_361' title='bbox 1656 3870 1844 3939; x_wconf 80' lang='grc' dir='ltr'>φησὶν,</span> <span class='ocrx_word' id='word_1_362' title='bbox 1879 3871 2071 3925; x_wconf 85' lang='grc' dir='ltr'>Ἡσαῦ</span> <span class='ocrx_word' id='word_1_363' title='bbox 2098 3878 2104 3885; x_wconf 87' lang='grc'><em>”</em></span> 
     </span>
    </p>
   </div>
   <div class='ocr_carea' id='block_1_45' title="bbox 492 3947 2070 4024">
    <p class='ocr_par' dir='ltr' id='par_1_45' title="bbox 492 3947 2070 4024">
     <span class='ocr_line' id='line_1_45' title="bbox 492 3947 2070 4024; baseline 0.004 -22"><span class='ocrx_word' id='word_1_364' title='bbox 492 3950 567 4003; x_wconf 83' lang='grc' dir='ltr'>τὰ</span> <span class='ocrx_word' id='word_1_365' title='bbox 589 3951 973 4017; x_wconf 71' lang='grc' dir='ltr'>πρωτοτόκια,</span> <span class='ocrx_word' id='word_1_366' title='bbox 990 3949 1112 4001; x_wconf 80' lang='grc' dir='ltr'>ἀντὶ</span> <span class='ocrx_word' id='word_1_367' title='bbox 1134 3947 1251 4010; x_wconf 87' lang='grc' dir='ltr'>τοῦ,</span> <span class='ocrx_word' id='word_1_368' title='bbox 1280 3949 1538 4019; x_wconf 83' lang='grc' dir='ltr'>Πέπρακε</span> <span class='ocrx_word' id='word_1_369' title='bbox 1558 3952 1657 4021; x_wconf 76' lang='grc' dir='ltr'>τῆς</span> <span class='ocrx_word' id='word_1_370' title='bbox 1682 3954 1888 4024; x_wconf 79' lang='grc' dir='ltr'>τροφῆς</span> <span class='ocrx_word' id='word_1_371' title='bbox 1907 3956 2070 4009; x_wconf 81' lang='grc' dir='ltr'>ἓνεκα</span> 
     </span>
    </p>
   </div>
   <div class='ocr_carea' id='block_1_46' title="bbox 490 4029 2070 4106">
    <p class='ocr_par' dir='ltr' id='par_1_46' title="bbox 490 4029 2070 4106">
     <span class='ocr_line' id='line_1_46' title="bbox 490 4029 2070 4106; baseline 0.012 -33"><span class='ocrx_word' id='word_1_372' title='bbox 490 4031 554 4084; x_wconf 73' lang='grc' dir='ltr'>τὸ</span> <span class='ocrx_word' id='word_1_373' title='bbox 581 4030 797 4100; x_wconf 80' lang='grc' dir='ltr'>ἀξίωμα</span> <span class='ocrx_word' id='word_1_374' title='bbox 826 4029 888 4082; x_wconf 75' lang='grc' dir='ltr'>τὸ</span> <span class='ocrx_word' id='word_1_375' title='bbox 921 4029 1074 4099; x_wconf 73' lang='grc' dir='ltr'>παρὰ</span> <span class='ocrx_word' id='word_1_376' title='bbox 1115 4031 1215 4100; x_wconf 83' lang='grc' dir='ltr'>τῆς</span> <span class='ocrx_word' id='word_1_377' title='bbox 1248 4030 1463 4097; x_wconf 88' lang='grc' dir='ltr'>φύσεως</span> <span class='ocrx_word' id='word_1_378' title='bbox 1492 4032 1640 4103; x_wconf 75' lang='grc' dir='ltr'>αὐτῷ</span> <span class='ocrx_word' id='word_1_379' title='bbox 1673 4034 1915 4106; x_wconf 81' lang='grc' dir='ltr'>δωρηθέν</span> <span class='ocrx_word' id='word_1_380' title='bbox 1935 4054 1950 4068; x_wconf 68' lang='grc' dir='ltr'>θ</span> <span class='ocrx_word' id='word_1_381' title='bbox 1988 4038 2070 4091; x_wconf 82' lang='grc' dir='ltr'>διὸ</span> 
     </span>
    </p>
   </div>
   <div class='ocr_carea' id='block_1_47' title="bbox 493 4111 2066 4183">
    <p class='ocr_par' dir='ltr' id='par_1_47' title="bbox 493 4111 2066 4183">
     <span class='ocr_line' id='line_1_47' title="bbox 493 4111 2066 4183; baseline 0.005 -17"><span class='ocrx_word' id='word_1_382' title='bbox 493 4113 776 4182; x_wconf 84' lang='grc' dir='ltr'>ἐπήγαγε,</span> <span class='ocrx_word' id='word_1_383' title='bbox 810 4111 920 4164; x_wconf 77' lang='lat' dir='ltr'>Kal</span> <span class='ocrx_word' id='word_1_384' title='bbox 955 4112 1291 4178; x_wconf 67' lang='grc' dir='ltr'>ἐφαὺλισεν</span> <span class='ocrx_word' id='word_1_385' title='bbox 1333 4113 1518 4166; x_wconf 83' lang='grc' dir='ltr'>Ἠσαῦ</span> <span class='ocrx_word' id='word_1_386' title='bbox 1560 4115 1632 4167; x_wconf 81' lang='grc' dir='ltr'>τὰ</span> <span class='ocrx_word' id='word_1_387' title='bbox 1665 4121 2029 4183; x_wconf 79' lang='grc' dir='ltr'>πρωτοτόκια</span> <span class='ocrx_word' id='word_1_388' title='bbox 2051 4136 2066 4152; x_wconf 83' lang='lat'><strong><em>°</em></strong></span> 
     </span>
    </p>
   </div>
   <div class='ocr_carea' id='block_1_48' title="bbox 492 4193 2070 4268">
    <p class='ocr_par' dir='ltr' id='par_1_48' title="bbox 492 4193 2070 4268">
     <span class='ocr_line' id='line_1_48' title="bbox 492 4193 2070 4268; baseline 0.005 -22"><span class='ocrx_word' id='word_1_389' title='bbox 492 4194 762 4262; x_wconf 77' lang='grc' dir='ltr'>ἀγνώμων</span> <span class='ocrx_word' id='word_1_390' title='bbox 783 4194 972 4260; x_wconf 84' lang='grc' dir='ltr'>γέγονε</span> <span class='ocrx_word' id='word_1_391' title='bbox 1000 4194 1126 4262; x_wconf 82' lang='grc' dir='ltr'>περὶ</span> <span class='ocrx_word' id='word_1_392' title='bbox 1148 4193 1243 4263; x_wconf 83' lang='grc' dir='ltr'>τὴν</span> <span class='ocrx_word' id='word_1_393' title='bbox 1262 4194 1688 4263; x_wconf 83' lang='grc' dir='ltr'>κατασχεθεῖσαν</span> <span class='ocrx_word' id='word_1_394' title='bbox 1713 4198 1861 4268; x_wconf 79' lang='grc' dir='ltr'>αὐτῷ</span> <span class='ocrx_word' id='word_1_395' title='bbox 1890 4198 1950 4264; x_wconf 76' lang='grc' dir='ltr'>ἐξ</span> <span class='ocrx_word' id='word_1_396' title='bbox 1969 4202 2070 4254; x_wconf 82' lang='grc' dir='ltr'>αύ-</span> 
     </span>
    </p>
   </div>
   <div class='ocr_carea' id='block_1_49' title="bbox 493 4273 2068 4348">
    <p class='ocr_par' dir='ltr' id='par_1_49' title="bbox 493 4273 2068 4348">
     <span class='ocr_line' id='line_1_49' title="bbox 493 4273 2068 4348; baseline 0.005 -21"><span class='ocrx_word' id='word_1_397' title='bbox 493 4275 594 4345; x_wconf 86' lang='grc' dir='ltr'>τῆς</span> <span class='ocrx_word' id='word_1_398' title='bbox 617 4276 715 4343; x_wconf 83' lang='grc' dir='ltr'>τῆς</span> <span class='ocrx_word' id='word_1_399' title='bbox 743 4274 956 4342; x_wconf 84' lang='grc' dir='ltr'>φύσεως</span> <span class='ocrx_word' id='word_1_400' title='bbox 986 4273 1297 4344; x_wconf 85' lang='grc' dir='ltr'>προεδρίαν.</span> <span class='ocrx_word' id='word_1_401' title='bbox 1330 4275 1500 4327; x_wconf 85' lang='grc' dir='ltr'>Τοῦτο</span> <span class='ocrx_word' id='word_1_402' title='bbox 1541 4276 1597 4329; x_wconf 84' lang='grc' dir='ltr'>δὲ</span> <span class='ocrx_word' id='word_1_403' title='bbox 1632 4277 1753 4331; x_wconf 86' lang='grc' dir='ltr'>ὅλον</span> <span class='ocrx_word' id='word_1_404' title='bbox 1790 4280 2068 4348; x_wconf 86' lang='grc' dir='ltr'>ἐγίγνετο,</span> 
     </span>
    </p>
   </div>
   <div class='ocr_carea' id='block_1_50' title="bbox 496 4355 2068 4431">
    <p class='ocr_par' dir='ltr' id='par_1_50' title="bbox 496 4355 2068 4431">
     <span class='ocr_line' id='line_1_50' title="bbox 496 4355 2068 4431; baseline 0.004 -21"><span class='ocrx_word' id='word_1_405' title='bbox 496 4358 584 4410; x_wconf 76' lang='grc' dir='ltr'>ἵνα</span> <span class='ocrx_word' id='word_1_406' title='bbox 626 4356 883 4410; x_wconf 81' lang='grc' dir='ltr'>κάκείνου</span> <span class='ocrx_word' id='word_1_407' title='bbox 922 4355 1109 4426; x_wconf 82' lang='grc' dir='ltr'>δειχθῇ</span> <span class='ocrx_word' id='word_1_408' title='bbox 1139 4359 1171 4425; x_wconf 84' lang='grc' dir='ltr'>ἡ</span> <span class='ocrx_word' id='word_1_409' title='bbox 1207 4359 1588 4429; x_wconf 82' lang='grc' dir='ltr'>ἀγνωμοσύνη,</span> <span class='ocrx_word' id='word_1_410' title='bbox 1619 4359 1716 4412; x_wconf 76' lang='grc' dir='ltr'>καὶ</span> <span class='ocrx_word' id='word_1_411' title='bbox 1739 4362 1773 4431; x_wconf 88' lang='grc' dir='ltr'>ή</span> <span class='ocrx_word' id='word_1_412' title='bbox 1807 4361 1902 4415; x_wconf 90' lang='grc' dir='ltr'>τοῦ</span> <span class='ocrx_word' id='word_1_413' title='bbox 1931 4363 2068 4417; x_wconf 90' lang='grc' dir='ltr'>Θεοῦ</span> 
     </span>
    </p>
   </div>
   <div class='ocr_carea' id='block_1_51' title="bbox 494 4437 1326 4510">
    <p class='ocr_par' dir='ltr' id='par_1_51' title="bbox 494 4437 1326 4510">
     <span class='ocr_line' id='line_1_51' title="bbox 494 4437 1326 4510; baseline -0.001 -19"><span class='ocrx_word' id='word_1_414' title='bbox 494 4438 804 4509; x_wconf 70' lang='grc' dir='ltr'>πρόρρησις</span> <span class='ocrx_word' id='word_1_415' title='bbox 827 4438 908 4500; x_wconf 87' lang='grc' dir='ltr'>είς</span> <span class='ocrx_word' id='word_1_416' title='bbox 928 4437 1087 4509; x_wconf 77' lang='grc' dir='ltr'>ἔργον</span> <span class='ocrx_word' id='word_1_417' title='bbox 1113 4437 1326 4510; x_wconf 78' lang='grc' dir='ltr'>ἐξέλθῃ.</span> 
     </span>
    </p>
   </div>
   <div class='ocr_carea' id='block_1_52' title="bbox 558 4520 2070 4602">
    <p class='ocr_par' dir='ltr' id='par_1_52' title="bbox 558 4520 2070 4602">
     <span class='ocr_line' id='line_1_52' title="bbox 558 4520 2070 4602; baseline 0.009 -29"><span class='ocrx_word' id='word_1_418' title='bbox 558 4520 743 4575; x_wconf 86' lang='grc' dir='ltr'>Ταῦτα</span> <span class='ocrx_word' id='word_1_419' title='bbox 754 4521 808 4573; x_wconf 85' lang='grc' dir='ltr'>δὲ</span> <span class='ocrx_word' id='word_1_420' title='bbox 820 4520 1110 4584; x_wconf 82' lang='grc' dir='ltr'>ἀκούοντες</span> <span class='ocrx_word' id='word_1_421' title='bbox 1125 4520 1504 4588; x_wconf 76' lang='grc' dir='ltr'>παιδευώμεθα</span> <span class='ocrx_word' id='word_1_422' title='bbox 1517 4524 1786 4594; x_wconf 82' lang='grc' dir='ltr'>μηδέποτε</span> <span class='ocrx_word' id='word_1_423' title='bbox 1800 4526 1909 4581; x_wconf 90' lang='grc' dir='ltr'>τῶν</span> <span class='ocrx_word' id='word_1_424' title='bbox 1924 4531 2070 4602; x_wconf 86' lang='grc' dir='ltr'>παρά</span> 
     </span>
    </p>
   </div>
   <div class='ocr_carea' id='block_1_53' title="bbox 490 4603 2072 4676">
    <p class='ocr_par' dir='ltr' id='par_1_53' title="bbox 490 4603 2072 4676">
     <span class='ocr_line' id='line_1_53' title="bbox 490 4603 2072 4676; baseline 0.006 -18"><span class='ocrx_word' id='word_1_425' title='bbox 490 4605 584 4659; x_wconf 87' lang='grc' dir='ltr'>τοῦ</span> <span class='ocrx_word' id='word_1_426' title='bbox 603 4604 737 4657; x_wconf 86' lang='grc' dir='ltr'>Θεοῦ</span> <span class='ocrx_word' id='word_1_427' title='bbox 753 4603 971 4675; x_wconf 78' lang='grc' dir='ltr'>δωρεῶν</span> <span class='ocrx_word' id='word_1_428' title='bbox 988 4604 1230 4673; x_wconf 79' lang='grc' dir='ltr'>ἀμελεῖν,</span> <span class='ocrx_word' id='word_1_429' title='bbox 1252 4604 1384 4674; x_wconf 83' lang='grc' dir='ltr'>μηδὲ</span> <span class='ocrx_word' id='word_1_430' title='bbox 1407 4607 1616 4676; x_wconf 87' lang='grc' dir='ltr'>μικρῶν</span> <span class='ocrx_word' id='word_1_431' title='bbox 1632 4609 1792 4662; x_wconf 77' lang='grc' dir='ltr'>ἕνεκα</span> <span class='ocrx_word' id='word_1_432' title='bbox 1808 4612 1904 4665; x_wconf 72' lang='grc' dir='ltr'>καὶ</span> <span class='ocrx_word' id='word_1_433' title='bbox 1921 4613 2072 4666; x_wconf 83' lang='grc' dir='ltr'>εὐτε-</span> 
     </span>
    </p>
   </div>
   <div class='ocr_carea' id='block_1_54' title="bbox 491 4687 2068 4765">
    <p class='ocr_par' dir='ltr' id='par_1_54' title="bbox 491 4687 2068 4765">
     <span class='ocr_line' id='line_1_54' title="bbox 491 4687 2068 4765; baseline 0.004 -23"><span class='ocrx_word' id='word_1_434' title='bbox 491 4688 601 4743; x_wconf 88' lang='grc' dir='ltr'>λῶν</span> <span class='ocrx_word' id='word_1_435' title='bbox 627 4687 696 4741; x_wconf 78' lang='grc' dir='ltr'>τά</span> <span class='ocrx_word' id='word_1_436' title='bbox 723 4688 931 4758; x_wconf 86' lang='grc' dir='ltr'>μεγάλα</span> <span class='ocrx_word' id='word_1_437' title='bbox 950 4688 1252 4758; x_wconf 80' lang='grc' dir='ltr'>προΐεσθαι.</span> <span class='ocrx_word' id='word_1_438' title='bbox 1279 4689 1436 4749; x_wconf 82' lang='grc' dir='ltr'>Τίνος</span> <span class='ocrx_word' id='word_1_439' title='bbox 1457 4690 1564 4757; x_wconf 73' lang='grc' dir='ltr'>γὰρ</span> <span class='ocrx_word' id='word_1_440' title='bbox 1580 4689 1784 4752; x_wconf 74' lang='grc' dir='ltr'>ἕνεκεν,</span> <span class='ocrx_word' id='word_1_441' title='bbox 1805 4694 1925 4748; x_wconf 83' lang='grc' dir='ltr'>είπέ</span> <span class='ocrx_word' id='word_1_442' title='bbox 1955 4713 2068 4765; x_wconf 83' lang='grc' dir='ltr'>μοι,</span> 
     </span>
    </p>
   </div>
   <div class='ocr_carea' id='block_1_55' title="bbox 493 4771 2070 4848">
    <p class='ocr_par' dir='ltr' id='par_1_55' title="bbox 493 4771 2070 4848">
     <span class='ocr_line' id='line_1_55' title="bbox 493 4771 2070 4848; baseline 0.007 -25"><span class='ocrx_word' id='word_1_443' title='bbox 493 4771 769 4841; x_wconf 81' lang='grc' dir='ltr'>βασιλείας</span> <span class='ocrx_word' id='word_1_444' title='bbox 788 4771 1033 4841; x_wconf 83' lang='grc' dir='ltr'>οὐρανῶν</span> <span class='ocrx_word' id='word_1_445' title='bbox 1077 4771 1442 4841; x_wconf 79' lang='grc' dir='ltr'>προκειμένης</span> <span class='ocrx_word' id='word_1_446' title='bbox 1477 4772 1569 4824; x_wconf 83' lang='grc' dir='ltr'>καὶ</span> <span class='ocrx_word' id='word_1_447' title='bbox 1599 4772 1702 4825; x_wconf 86' lang='grc' dir='ltr'>τῶν</span> <span class='ocrx_word' id='word_1_448' title='bbox 1745 4775 2070 4848; x_wconf 79' lang='grc' dir='ltr'>ἀπορρήτων</span> 
     </span>
    </p>
   </div>
   <div class='ocr_carea' id='block_1_56' title="bbox 491 4853 2069 4929">
    <p class='ocr_par' dir='ltr' id='par_1_56' title="bbox 491 4853 2069 4929">
     <span class='ocr_line' id='line_1_56' title="bbox 491 4853 2069 4929; baseline 0.006 -24"><span class='ocrx_word' id='word_1_449' title='bbox 491 4853 714 4905; x_wconf 84' lang='grc' dir='ltr'>ἐκείνων</span> <span class='ocrx_word' id='word_1_450' title='bbox 738 4853 978 4920; x_wconf 80' lang='grc' dir='ltr'>ἀγαθῶν,</span> <span class='ocrx_word' id='word_1_451' title='bbox 1010 4854 1137 4923; x_wconf 79' lang='grc' dir='ltr'>περὶ</span> <span class='ocrx_word' id='word_1_452' title='bbox 1164 4853 1262 4924; x_wconf 82' lang='grc' dir='ltr'>τὴν</span> <span class='ocrx_word' id='word_1_453' title='bbox 1291 4854 1399 4905; x_wconf 86' lang='grc' dir='ltr'>τῶν</span> <span class='ocrx_word' id='word_1_454' title='bbox 1439 4854 1737 4924; x_wconf 78' lang='grc' dir='ltr'>χρημάτων</span> <span class='ocrx_word' id='word_1_455' title='bbox 1775 4857 2069 4929; x_wconf 87' lang='grc' dir='ltr'>ἐπιθυμίαν</span> 
     </span>
    </p>
   </div>
   <div class='ocr_carea' id='block_1_57' title="bbox 493 4935 2068 5014">
    <p class='ocr_par' dir='ltr' id='par_1_57' title="bbox 493 4935 2068 5014">
     <span class='ocr_line' id='line_1_57' title="bbox 493 4935 2068 5014; baseline 0.008 -31"><span class='ocrx_word' id='word_1_456' title='bbox 493 4935 839 5003; x_wconf 83' lang='grc' dir='ltr'>μεμήναμεν,</span> <span class='ocrx_word' id='word_1_457' title='bbox 859 4935 1039 4986; x_wconf 76' lang='grc' dir='ltr'>καὶτὰ</span> <span class='ocrx_word' id='word_1_458' title='bbox 1054 4935 1364 5007; x_wconf 88' lang='grc' dir='ltr'>πρόσκαιρα</span> <span class='ocrx_word' id='word_1_459' title='bbox 1384 4936 1476 4989; x_wconf 75' lang='grc' dir='ltr'>καὶ</span> <span class='ocrx_word' id='word_1_460' title='bbox 1495 4936 1752 5002; x_wconf 85' lang='grc' dir='ltr'>πολλάκις</span> <span class='ocrx_word' id='word_1_461' title='bbox 1763 4940 1883 4993; x_wconf 78' lang='grc' dir='ltr'>οὐδὲ</span> <span class='ocrx_word' id='word_1_462' title='bbox 1902 4942 2068 5014; x_wconf 88' lang='grc' dir='ltr'>μέχρι</span> 
     </span>
    </p>
   </div>
   <div class='ocr_carea' id='block_1_58' title="bbox 490 5014 2069 5089">
    <p class='ocr_par' dir='ltr' id='par_1_58' title="bbox 490 5014 2069 5089">
     <span class='ocr_line' id='line_1_58' title="bbox 490 5014 2069 5089; baseline 0.007 -22"><span class='ocrx_word' id='word_1_463' title='bbox 490 5014 589 5084; x_wconf 84' lang='grc' dir='ltr'>τῆς</span> <span class='ocrx_word' id='word_1_464' title='bbox 604 5015 841 5084; x_wconf 79' lang='grc' dir='ltr'>ἑσπέρας</span> <span class='ocrx_word' id='word_1_465' title='bbox 858 5018 986 5085; x_wconf 81' lang='grc' dir='ltr'>ἡμῖν</span> <span class='ocrx_word' id='word_1_466' title='bbox 1008 5019 1391 5086; x_wconf 82' lang='grc' dir='ltr'>παραμένοντα</span> <span class='ocrx_word' id='word_1_467' title='bbox 1420 5018 1530 5071; x_wconf 90' lang='grc' dir='ltr'>τῶν</span> <span class='ocrx_word' id='word_1_468' title='bbox 1549 5020 1812 5089; x_wconf 83' lang='grc' dir='ltr'>διηνεκῶς</span> <span class='ocrx_word' id='word_1_469' title='bbox 1863 5024 1958 5076; x_wconf 80' lang='grc' dir='ltr'>καὶ</span> <span class='ocrx_word' id='word_1_470' title='bbox 1982 5026 2069 5078; x_wconf 78' lang='grc' dir='ltr'>ἀεὶ</span> 
     </span>
    </p>
   </div>
   <div class='ocr_carea' id='block_1_59' title="bbox 491 5097 2070 5178">
    <p class='ocr_par' dir='ltr' id='par_1_59' title="bbox 491 5097 2070 5178">
     <span class='ocr_line' id='line_1_59' title="bbox 491 5097 2070 5178; baseline 0.006 -27"><span class='ocrx_word' id='word_1_471' title='bbox 491 5097 919 5169; x_wconf 82' lang='grc' dir='ltr'>παραμενόντων</span> <span class='ocrx_word' id='word_1_472' title='bbox 948 5099 1303 5169; x_wconf 86' lang='grc' dir='ltr'>προτιμῶμεν</span> <span class='ocrx_word' id='word_1_473' title='bbox 1323 5118 1338 5167; x_wconf 91' lang='lat'>;</span> <span class='ocrx_word' id='word_1_474' title='bbox 1359 5102 1465 5155; x_wconf 78' lang='lat' dir='ltr'>Kal</span> <span class='ocrx_word' id='word_1_475' title='bbox 1482 5102 1533 5156; x_wconf 87' lang='grc' dir='ltr'>τί</span> <span class='ocrx_word' id='word_1_476' title='bbox 1558 5104 1656 5173; x_wconf 84' lang='grc' dir='ltr'>τῆς</span> <span class='ocrx_word' id='word_1_477' title='bbox 1670 5105 1851 5169; x_wconf 80' lang='grc' dir='ltr'>ἀνοίας</span> <span class='ocrx_word' id='word_1_478' title='bbox 1866 5107 2070 5178; x_wconf 80' lang='grc' dir='ltr'>ταύτης</span> 
     </span>
    </p>
   </div>
   <div class='ocr_carea' id='block_1_60' title="bbox 492 5179 2067 5258">
    <p class='ocr_par' dir='ltr' id='par_1_60' title="bbox 492 5179 2067 5258">
     <span class='ocr_line' id='line_1_60' title="bbox 492 5179 2067 5258; baseline 0.006 -25"><span class='ocrx_word' id='word_1_479' title='bbox 492 5183 675 5251; x_wconf 78' lang='grc' dir='ltr'>χεῖρον</span> <span class='ocrx_word' id='word_1_480' title='bbox 701 5179 897 5247; x_wconf 79' lang='grc' dir='ltr'>γένοιτ’</span> <span class='ocrx_word' id='word_1_481' title='bbox 929 5179 1018 5243; x_wconf 84' lang='grc' dir='ltr'>ἂν,</span> <span class='ocrx_word' id='word_1_482' title='bbox 1045 5181 1173 5232; x_wconf 77' lang='grc' dir='ltr'>ὅταν</span> <span class='ocrx_word' id='word_1_483' title='bbox 1207 5182 1472 5236; x_wconf 85' lang='grc' dir='ltr'>κάκείνων</span> <span class='ocrx_word' id='word_1_484' title='bbox 1510 5186 1942 5258; x_wconf 86' lang='grc' dir='ltr'>ὰποστερώμεθα</span> <span class='ocrx_word' id='word_1_485' title='bbox 1979 5190 2067 5244; x_wconf 81' lang='grc' dir='ltr'>διά</span> 
     </span>
    </p>
   </div>
   <div class='ocr_carea' id='block_1_61' title="bbox 492 5262 2069 5338">
    <p class='ocr_par' dir='ltr' id='par_1_61' title="bbox 492 5262 2069 5338">
     <span class='ocr_line' id='line_1_61' title="bbox 492 5262 2069 5338; baseline 0.006 -21"><span class='ocrx_word' id='word_1_486' title='bbox 492 5265 589 5333; x_wconf 79' lang='grc' dir='ltr'>τὴν</span> <span class='ocrx_word' id='word_1_487' title='bbox 632 5265 759 5335; x_wconf 76' lang='grc' dir='ltr'>περὶ</span> <span class='ocrx_word' id='word_1_488' title='bbox 796 5263 966 5316; x_wconf 88' lang='grc' dir='ltr'>ταῦτα</span> <span class='ocrx_word' id='word_1_489' title='bbox 1005 5262 1330 5332; x_wconf 78' lang='grc' dir='ltr'>ἐπιθυμίαν,</span> <span class='ocrx_word' id='word_1_490' title='bbox 1376 5268 1468 5319; x_wconf 74' lang='grc' dir='ltr'>καὶ</span> <span class='ocrx_word' id='word_1_491' title='bbox 1516 5270 1650 5338; x_wconf 85' lang='grc' dir='ltr'>μηδὲ</span> <span class='ocrx_word' id='word_1_492' title='bbox 1688 5271 1892 5324; x_wconf 84' lang='grc' dir='ltr'>τούτων</span> <span class='ocrx_word' id='word_1_493' title='bbox 1934 5276 2069 5326; x_wconf 84' lang='grc' dir='ltr'>ἀπο-</span> 
     </span>
    </p>
   </div>
   <div class='ocr_carea' id='block_1_62' title="bbox 490 5344 2065 5421">
    <p class='ocr_par' dir='ltr' id='par_1_62' title="bbox 490 5344 2065 5421">
     <span class='ocr_line' id='line_1_62' title="bbox 490 5344 2065 5421; baseline 0.005 -21"><span class='ocrx_word' id='word_1_494' title='bbox 490 5344 676 5400; x_wconf 85' lang='grc' dir='ltr'>λαύειν</span> <span class='ocrx_word' id='word_1_495' title='bbox 715 5345 968 5416; x_wconf 84' lang='grc' dir='ltr'>καθαρῶς</span> <span class='ocrx_word' id='word_1_496' title='bbox 1011 5345 1377 5416; x_wconf 82' lang='grc' dir='ltr'>δεδυνήμεθα;</span> <span class='ocrx_word' id='word_1_497' title='bbox 1417 5350 1480 5402; x_wconf 97' lang='grc' dir='ltr'>Τί</span> <span class='ocrx_word' id='word_1_498' title='bbox 1533 5358 1642 5421; x_wconf 83' lang='grc' dir='ltr'>γαρ</span> <span class='ocrx_word' id='word_1_499' title='bbox 1682 5353 1903 5421; x_wconf 82' lang='grc' dir='ltr'>ὄφελος,</span> <span class='ocrx_word' id='word_1_500' title='bbox 1946 5357 2065 5409; x_wconf 83' lang='grc' dir='ltr'>εἰπέ</span> 
     </span>
    </p>
   </div>
   <div class='ocr_carea' id='block_1_63' title="bbox 495 5429 2063 5509">
    <p class='ocr_par' dir='ltr' id='par_1_63' title="bbox 495 5429 2063 5509">
     <span class='ocr_line' id='line_1_63' title="bbox 495 5429 2063 5509; baseline 0.006 -28"><span class='ocrx_word' id='word_1_501' title='bbox 495 5445 607 5502; x_wconf 88' lang='grc' dir='ltr'>μοι,</span> <span class='ocrx_word' id='word_1_502' title='bbox 637 5429 736 5499; x_wconf 87' lang='grc' dir='ltr'>τῆς</span> <span class='ocrx_word' id='word_1_503' title='bbox 767 5430 964 5500; x_wconf 83' lang='grc' dir='ltr'>πολλῆς</span> <span class='ocrx_word' id='word_1_504' title='bbox 996 5430 1341 5496; x_wconf 85' lang='grc' dir='ltr'>περιουσίας;</span> <span class='ocrx_word' id='word_1_505' title='bbox 1368 5433 1437 5483; x_wconf 85' lang='grc' dir='ltr'><strong>Ἦ</strong></span> <span class='ocrx_word' id='word_1_506' title='bbox 1469 5433 1567 5485; x_wconf 83' lang='grc' dir='ltr'>οὐκ</span> <span class='ocrx_word' id='word_1_507' title='bbox 1601 5433 1715 5487; x_wconf 81' lang='grc' dir='ltr'>ἴστε</span> <span class='ocrx_word' id='word_1_508' title='bbox 1744 5436 1873 5507; x_wconf 86' lang='grc' dir='ltr'>ὄτιή</span> <span class='ocrx_word' id='word_1_509' title='bbox 1897 5438 2063 5509; x_wconf 79' lang='grc' dir='ltr'>πολλή</span> 
     </span>
    </p>
   </div>
   <div class='ocr_carea' id='block_1_64' title="bbox 494 5519 2063 5597">
    <p class='ocr_par' dir='ltr' id='par_1_64' title="bbox 494 5519 2063 5597">
     <span class='ocr_line' id='line_1_64' title="bbox 494 5519 2063 5597; baseline 0.006 -24"><span class='ocrx_word' id='word_1_510' title='bbox 494 5519 779 5589; x_wconf 78' lang='grc' dir='ltr'>προσθήκη</span> <span class='ocrx_word' id='word_1_511' title='bbox 817 5519 925 5572; x_wconf 84' lang='grc' dir='ltr'>τῶν</span> <span class='ocrx_word' id='word_1_512' title='bbox 963 5536 1066 5591; x_wconf 89' lang='grc' dir='ltr'>χρη</span> <span class='ocrx_word' id='word_1_513' title='bbox 1077 5520 1259 5589; x_wconf 80' lang='grc' dir='ltr'>μάτων</span> <span class='ocrx_word' id='word_1_514' title='bbox 1285 5520 1437 5573; x_wconf 71' lang='grc' dir='ltr'>οὐδὲν</span> <span class='ocrx_word' id='word_1_515' title='bbox 1460 5523 1646 5594; x_wconf 78' lang='grc' dir='ltr'>ἕτερον</span> <span class='ocrx_word' id='word_1_516' title='bbox 1675 5526 1807 5594; x_wconf 81' lang='grc' dir='ltr'>ἡμῖν</span> <span class='ocrx_word' id='word_1_517' title='bbox 1832 5528 2063 5597; x_wconf 75' lang='grc' dir='ltr'>ἐργάζε-</span> 
     </span>
    </p>
   </div>
   <div class='ocr_carea' id='block_1_65' title="bbox 558 5626 2065 5691">
    <p class='ocr_par' dir='ltr' id='par_1_65' title="bbox 558 5626 2065 5691">
     <span class='ocr_line' id='line_1_65' title="bbox 558 5626 2065 5691; baseline 0.009 -17"><span class='ocrx_word' id='word_1_518' title='bbox 558 5628 582 5659; x_wconf 60' lang='grc' dir='ltr'>ι</span> <span class='ocrx_word' id='word_1_519' title='bbox 607 5628 740 5691; x_wconf 59' lang='grc' dir='ltr'>ῌαο,</span> <span class='ocrx_word' id='word_1_520' title='bbox 769 5631 849 5676; x_wconf 80' lang='grc' dir='ltr'>καὶ</span> <span class='ocrx_word' id='word_1_521' title='bbox 891 5631 1017 5678; x_wconf 83' lang='grc' dir='ltr'>εἶπεν</span> <span class='ocrx_word' id='word_1_522' title='bbox 1051 5626 1265 5691; x_wconf 49' lang='grc' dir='ltr'>Ἡσαῦ-η</span> <span class='ocrx_word' id='word_1_523' title='bbox 1325 5628 1501 5691; x_wconf 84' lang='grc' dir='ltr'>Ἐδώμ,</span> <span class='ocrx_word' id='word_1_524' title='bbox 1531 5632 1715 5681; x_wconf 69' lang='lat' dir='ltr'>desunt</span> <span class='ocrx_word' id='word_1_525' title='bbox 1744 5630 1793 5679; x_wconf 88' lang='lat' dir='ltr'><strong>iu</strong></span> <span class='ocrx_word' id='word_1_526' title='bbox 1822 5633 1969 5684; x_wconf 73' lang='lat' dir='ltr'>Cnisl.</span> <span class='ocrx_word' id='word_1_527' title='bbox 2011 5643 2065 5687; x_wconf 76' lang='lat' dir='ltr'>et</span> 
     </span>
    </p>
   </div>
   <div class='ocr_carea' id='block_1_66' title="bbox 490 5689 2058 5760">
    <p class='ocr_par' dir='ltr' id='par_1_66' title="bbox 490 5689 2058 5760">
     <span class='ocr_line' id='line_1_66' title="bbox 490 5689 2058 5760; baseline 0.006 -23"><span class='ocrx_word' id='word_1_528' title='bbox 490 5689 723 5739; x_wconf 59' lang='lat' dir='ltr'>Samﬂox</span> <span class='ocrx_word' id='word_1_529' title='bbox 758 5692 905 5743; x_wconf 80' lang='lat' dir='ltr'>Savil.</span> <span class='ocrx_word' id='word_1_530' title='bbox 931 5697 985 5743; x_wconf 83' lang='lat' dir='ltr'><strong>et</strong></span> <span class='ocrx_word' id='word_1_531' title='bbox 1007 5689 1133 5740; x_wconf 89' lang='lat' dir='ltr'>Bibl.</span> <span class='ocrx_word' id='word_1_532' title='bbox 1154 5690 1334 5739; x_wconf 84' lang='grc' dir='ltr'>ἀπόδου</span> <span class='ocrx_word' id='word_1_533' title='bbox 1359 5689 1459 5739; x_wconf 45' lang='lat' dir='ltr'>uox;</span> <span class='ocrx_word' id='word_1_534' title='bbox 1480 5690 1604 5741; x_wconf 71' lang='lat' dir='ltr'>Bibl.</span> <span class='ocrx_word' id='word_1_535' title='bbox 1632 5692 1816 5742; x_wconf 76' lang='lat' dir='ltr'>addunt</span> <span class='ocrx_word' id='word_1_536' title='bbox 1836 5697 2058 5760; x_wconf 75' lang='grc' dir='ltr'>σήμερον.</span> 
     </span>
    </p>
   </div>
   <div class='ocr_carea' id='block_1_67' title="bbox 1200 288 3057 353">
    <p class='ocr_par' dir='ltr' id='par_1_67' title="bbox 1200 288 3057 353">
     <span class='ocr_line' id='line_1_67' title="bbox 1200 288 3057 353; baseline -0.003 0"><span class='ocrx_word' id='word_1_537' title='bbox 1200 299 1257 353; x_wconf 78' lang='lat' dir='ltr'>S.</span> <span class='ocrx_word' id='word_1_538' title='bbox 1299 296 1586 351; x_wconf 76' lang='lat' dir='ltr'>J().\NN|S</span> <span class='ocrx_word' id='word_1_539' title='bbox 1628 291 2113 348; x_wconf 69' lang='lat' dir='ltr'>CllllYSOSTOMl</span> <span class='ocrx_word' id='word_1_540' title='bbox 2157 289 2466 345; x_wconf 75' lang='lat' dir='ltr'>ARCIHEP.</span> <span class='ocrx_word' id='word_1_541' title='bbox 2509 288 3057 347; x_wconf 79' lang='lat' dir='ltr'>CONSTANTINOP.</span> 
     </span>
    </p>
   </div>
   <div class='ocr_carea' id='block_1_68' title="bbox 3647 291 3761 350">
    <p class='ocr_par' dir='ltr' id='par_1_68' title="bbox 3647 291 3761 350">
     <span class='ocr_line' id='line_1_68' title="bbox 3647 291 3761 350; baseline -0.009 0"><span class='ocrx_word' id='word_1_542' title='bbox 3647 291 3761 350; x_wconf 71' lang='grc' dir='ltr'>ιεο</span> 
     </span>
    </p>
   </div>
   <div class='ocr_carea' id='block_1_69' title="bbox 2168 399 3756 476">
    <p class='ocr_par' dir='ltr' id='par_1_69' title="bbox 2168 399 3756 476">
     <span class='ocr_line' id='line_1_69' title="bbox 2168 399 3756 476; baseline 0.003 -21"><span class='ocrx_word' id='word_1_543' title='bbox 2168 419 2257 454; x_wconf 87' lang='grc' dir='ltr'>ται</span> <span class='ocrx_word' id='word_1_544' title='bbox 2296 402 2328 471; x_wconf 84' lang='grc' dir='ltr'>ἣ</span> <span class='ocrx_word' id='word_1_545' title='bbox 2375 403 2667 472; x_wconf 73' lang='grc' dir='ltr'>φροντίδων</span> <span class='ocrx_word' id='word_1_546' title='bbox 2711 403 3029 473; x_wconf 86' lang='grc' dir='ltr'>προσθήκην</span> <span class='ocrx_word' id='word_1_547' title='bbox 3075 399 3169 455; x_wconf 80' lang='grc' dir='ltr'>καὶ</span> <span class='ocrx_word' id='word_1_548' title='bbox 3220 405 3607 476; x_wconf 83' lang='grc' dir='ltr'>περισπασμδν</span> <span class='ocrx_word' id='word_1_549' title='bbox 3657 408 3756 461; x_wconf 74' lang='grc' dir='ltr'>καὶ</span> 
     </span>
    </p>
   </div>
   <div class='ocr_carea' id='block_1_70' title="bbox 2167 480 3752 556">
    <p class='ocr_par' dir='ltr' id='par_1_70' title="bbox 2167 480 3752 556">
     <span class='ocr_line' id='line_1_70' title="bbox 2167 480 3752 556; baseline 0.004 -19"><span class='ocrx_word' id='word_1_550' title='bbox 2167 485 2509 555; x_wconf 88' lang='grc' dir='ltr'>ἀγρυπνίαν;</span> <span class='ocrx_word' id='word_1_551' title='bbox 2560 487 2672 556; x_wconf 86' lang='grc' dir='ltr'>Οὐχ</span> <span class='ocrx_word' id='word_1_552' title='bbox 2706 488 2868 556; x_wconf 84' lang='grc' dir='ltr'>ὁρᾶτε</span> <span class='ocrx_word' id='word_1_553' title='bbox 2919 486 3001 538; x_wconf 77' lang='grc' dir='ltr'>ὅτι</span> <span class='ocrx_word' id='word_1_554' title='bbox 3043 480 3187 538; x_wconf 69' lang='grc' dir='ltr'>οὗτοι</span> <span class='ocrx_word' id='word_1_555' title='bbox 3236 481 3471 553; x_wconf 86' lang='grc' dir='ltr'>μάλιστά</span> <span class='ocrx_word' id='word_1_556' title='bbox 3512 491 3651 542; x_wconf 74' lang='grc' dir='ltr'>εἰσιν</span> <span class='ocrx_word' id='word_1_557' title='bbox 3701 493 3752 543; x_wconf 89' lang='grc' dir='ltr'>οἱ</span> 
     </span>
    </p>
   </div>
   <div class='ocr_carea' id='block_1_71' title="bbox 2170 564 3752 642">
    <p class='ocr_par' dir='ltr' id='par_1_71' title="bbox 2170 564 3752 642">
     <span class='ocr_line' id='line_1_71' title="bbox 2170 564 3752 642; baseline 0.004 -24"><span class='ocrx_word' id='word_1_558' title='bbox 2170 567 2406 632; x_wconf 84' lang='grc' dir='ltr'>πάντων,</span> <span class='ocrx_word' id='word_1_559' title='bbox 2439 564 2514 630; x_wconf 84' lang='grc' dir='ltr'>ὡς</span> <span class='ocrx_word' id='word_1_560' title='bbox 2538 568 2732 629; x_wconf 76' lang='grc' dir='ltr'>εἰπεῖν,</span> <span class='ocrx_word' id='word_1_561' title='bbox 2762 567 2961 631; x_wconf 90' lang='grc' dir='ltr'>δοῦλοι,</span> <span class='ocrx_word' id='word_1_562' title='bbox 2992 569 3040 620; x_wconf 79' lang='grc' dir='ltr'>οἱ</span> <span class='ocrx_word' id='word_1_563' title='bbox 3067 566 3136 620; x_wconf 79' lang='grc' dir='ltr'>τὰ</span> <span class='ocrx_word' id='word_1_564' title='bbox 3168 567 3390 623; x_wconf 87' lang='grc' dir='ltr'>πλείονα</span> <span class='ocrx_word' id='word_1_565' title='bbox 3422 570 3752 642; x_wconf 85' lang='grc' dir='ltr'>περιϐεϐλη-</span> 
     </span>
    </p>
   </div>
   <div class='ocr_carea' id='block_1_72' title="bbox 2171 643 3752 722">
    <p class='ocr_par' dir='ltr' id='par_1_72' title="bbox 2171 643 3752 722">
     <span class='ocr_line' id='line_1_72' title="bbox 2171 643 3752 722; baseline 0.004 -20"><span class='ocrx_word' id='word_1_566' title='bbox 2171 643 2358 720; x_wconf 86' lang='grc' dir='ltr'>μένοι,</span> <span class='ocrx_word' id='word_1_567' title='bbox 2410 649 2506 704; x_wconf 75' lang='grc' dir='ltr'>καὶ</span> <span class='ocrx_word' id='word_1_568' title='bbox 2548 650 2669 703; x_wconf 86' lang='grc' dir='ltr'>καθ’</span> <span class='ocrx_word' id='word_1_569' title='bbox 2721 650 2958 719; x_wconf 87' lang='grc' dir='ltr'>ἑκάστην</span> <span class='ocrx_word' id='word_1_570' title='bbox 3006 650 3217 722; x_wconf 78' lang='grc' dir='ltr'>ἡμέραν</span> <span class='ocrx_word' id='word_1_571' title='bbox 3256 651 3354 715; x_wconf 83' lang='grc' dir='ltr'>τὰς</span> <span class='ocrx_word' id='word_1_572' title='bbox 3386 652 3542 717; x_wconf 80' lang='grc' dir='ltr'>σκιὰς</span> <span class='ocrx_word' id='word_1_573' title='bbox 3579 654 3752 719; x_wconf 74' lang='grc' dir='ltr'>αὑτὰς</span> 
     </span>
    </p>
   </div>
   <div class='ocr_carea' id='block_1_73' title="bbox 2167 726 3748 801">
    <p class='ocr_par' dir='ltr' id='par_1_73' title="bbox 2167 726 3748 801">
     <span class='ocr_line' id='line_1_73' title="bbox 2167 726 3748 801; baseline 0.006 -19"><span class='ocrx_word' id='word_1_574' title='bbox 2167 730 2492 797; x_wconf 76' lang='grc' dir='ltr'>δεδοικότεςς</span> <span class='ocrx_word' id='word_1_575' title='bbox 2552 726 2832 787; x_wconf 82' lang='grc' dir='ltr'>Ἐντεῦθεν</span> <span class='ocrx_word' id='word_1_576' title='bbox 2862 732 2972 801; x_wconf 81' lang='grc' dir='ltr'>γὰρ</span> <span class='ocrx_word' id='word_1_577' title='bbox 3019 733 3295 788; x_wconf 85' lang='grc' dir='ltr'>τίκτονται</span> <span class='ocrx_word' id='word_1_578' title='bbox 3331 737 3387 789; x_wconf 80' lang='grc' dir='ltr'>αἱ</span> <span class='ocrx_word' id='word_1_579' title='bbox 3437 733 3748 801; x_wconf 70' lang='grc' dir='ltr'>ἐπιϐουλαὶ,</span> 
     </span>
    </p>
   </div>
   <div class='ocr_carea' id='block_1_74' title="bbox 2168 811 3745 888">
    <p class='ocr_par' dir='ltr' id='par_1_74' title="bbox 2168 811 3745 888">
     <span class='ocr_line' id='line_1_74' title="bbox 2168 811 3745 888; baseline 0.004 -24"><span class='ocrx_word' id='word_1_580' title='bbox 2168 814 2224 866; x_wconf 82' lang='grc' dir='ltr'>αἱ</span> <span class='ocrx_word' id='word_1_581' title='bbox 2251 811 2560 882; x_wconf 86' lang='grc' dir='ltr'>βασκανίαι,</span> <span class='ocrx_word' id='word_1_582' title='bbox 2586 816 2613 868; x_wconf 82' lang='grc' dir='ltr'>ό</span> <span class='ocrx_word' id='word_1_583' title='bbox 2639 814 2829 884; x_wconf 87' lang='grc' dir='ltr'>φθόνος</span> <span class='ocrx_word' id='word_1_584' title='bbox 2853 816 2882 868; x_wconf 91' lang='lat'>6</span> <span class='ocrx_word' id='word_1_585' title='bbox 2910 814 3099 880; x_wconf 82' lang='grc' dir='ltr'>πολὺς,</span> <span class='ocrx_word' id='word_1_586' title='bbox 3132 817 3201 869; x_wconf 83' lang='grc' dir='ltr'>τὰ</span> <span class='ocrx_word' id='word_1_587' title='bbox 3224 817 3395 888; x_wconf 90' lang='grc' dir='ltr'>μυρία</span> <span class='ocrx_word' id='word_1_588' title='bbox 3418 811 3552 870; x_wconf 77' lang='grc' dir='ltr'>ἄλλα</span> <span class='ocrx_word' id='word_1_589' title='bbox 3582 816 3745 871; x_wconf 82' lang='grc' dir='ltr'>κακά.</span> 
     </span>
    </p>
   </div>
   <div class='ocr_carea' id='block_1_75' title="bbox 2169 894 3747 970">
    <p class='ocr_par' dir='ltr' id='par_1_75' title="bbox 2169 894 3747 970">
     <span class='ocr_line' id='line_1_75' title="bbox 2169 894 3747 970; baseline 0.004 -22"><span class='ocrx_word' id='word_1_590' title='bbox 2169 896 2277 950; x_wconf 79' lang='lat' dir='ltr'><strong>Kal</strong></span> <span class='ocrx_word' id='word_1_591' title='bbox 2303 896 2562 961; x_wconf 83' lang='grc' dir='ltr'>πολλάκις</span> <span class='ocrx_word' id='word_1_592' title='bbox 2600 896 2665 949; x_wconf 79' lang='grc' dir='ltr'>ἂν</span> <span class='ocrx_word' id='word_1_593' title='bbox 2702 897 2829 960; x_wconf 73' lang='grc' dir='ltr'>ἴδοις</span> <span class='ocrx_word' id='word_1_594' title='bbox 2860 895 2951 950; x_wconf 82' lang='grc' dir='ltr'>τὸν</span> <span class='ocrx_word' id='word_1_595' title='bbox 2989 894 3204 969; x_wconf 68' lang='grc' dir='ltr'>μύριαδ</span> <span class='ocrx_word' id='word_1_596' title='bbox 3248 900 3489 954; x_wconf 84' lang='grc' dir='ltr'>τάλαντα</span> <span class='ocrx_word' id='word_1_597' title='bbox 3525 902 3747 970; x_wconf 85' lang='grc' dir='ltr'>χρυσίου</span> 
     </span>
    </p>
   </div>
   <div class='ocr_carea' id='block_1_76' title="bbox 2169 977 3746 1053">
    <p class='ocr_par' dir='ltr' id='par_1_76' title="bbox 2169 977 3746 1053">
     <span class='ocr_line' id='line_1_76' title="bbox 2169 977 3746 1053; baseline 0.003 -22"><span class='ocrx_word' id='word_1_598' title='bbox 2169 979 2359 1050; x_wconf 79' lang='grc' dir='ltr'>ἔχοντα</span> <span class='ocrx_word' id='word_1_599' title='bbox 2391 980 2728 1049; x_wconf 85' lang='grc' dir='ltr'>ἀποκείμενα</span> <span class='ocrx_word' id='word_1_600' title='bbox 2759 980 3129 1052; x_wconf 80' lang='grc' dir='ltr'>μακαρίζοντα</span> <span class='ocrx_word' id='word_1_601' title='bbox 3155 977 3244 1035; x_wconf 79' lang='grc' dir='ltr'>τὸν</span> <span class='ocrx_word' id='word_1_602' title='bbox 3268 982 3354 1038; x_wconf 87' lang='grc' dir='ltr'>ἐπ’</span> <span class='ocrx_word' id='word_1_603' title='bbox 3382 984 3746 1053; x_wconf 85' lang='grc' dir='ltr'>ἐργαστηρίου</span> 
     </span>
    </p>
   </div>
   <div class='ocr_carea' id='block_1_77' title="bbox 2168 1060 3747 1137">
    <p class='ocr_par' dir='ltr' id='par_1_77' title="bbox 2168 1060 3747 1137">
     <span class='ocr_line' id='line_1_77' title="bbox 2168 1060 3747 1137; baseline 0.003 -24"><span class='ocrx_word' id='word_1_604' title='bbox 2168 1061 2456 1132; x_wconf 77' lang='grc' dir='ltr'>ἑστηκότα,</span> <span class='ocrx_word' id='word_1_605' title='bbox 2483 1060 2634 1133; x_wconf 69' lang='grc'>[498]</span> <span class='ocrx_word' id='word_1_606' title='bbox 2661 1064 2757 1116; x_wconf 76' lang='grc' dir='ltr'>καὶ</span> <span class='ocrx_word' id='word_1_607' title='bbox 2785 1064 2850 1116; x_wconf 91' lang='grc' dir='ltr'>ἐκ</span> <span class='ocrx_word' id='word_1_608' title='bbox 2876 1063 2976 1132; x_wconf 83' lang='grc' dir='ltr'>τῆς</span> <span class='ocrx_word' id='word_1_609' title='bbox 2996 1062 3104 1117; x_wconf 87' lang='grc' dir='ltr'>τῶν</span> <span class='ocrx_word' id='word_1_610' title='bbox 3130 1060 3327 1135; x_wconf 89' lang='grc' dir='ltr'>χειρῶν</span> <span class='ocrx_word' id='word_1_611' title='bbox 3355 1064 3617 1134; x_wconf 85' lang='grc' dir='ltr'>ἐργασίας</span> <span class='ocrx_word' id='word_1_612' title='bbox 3648 1061 3747 1137; x_wconf 78' lang='grc' dir='ltr'>τὴν</span> 
     </span>
    </p>
   </div>
   <div class='ocr_carea' id='block_1_78' title="bbox 2167 1140 3744 1217">
    <p class='ocr_par' dir='ltr' id='par_1_78' title="bbox 2167 1140 3744 1217">
     <span class='ocr_line' id='line_1_78' title="bbox 2167 1140 3744 1217; baseline 0.003 -23"><span class='ocrx_word' id='word_1_613' title='bbox 2167 1143 2372 1214; x_wconf 78' lang='grc' dir='ltr'>τροφήν</span> <span class='ocrx_word' id='word_1_614' title='bbox 2393 1144 2772 1216; x_wconf 79' lang='grc' dir='ltr'>ποριζόμενον.</span> <span class='ocrx_word' id='word_1_615' title='bbox 2795 1144 2932 1198; x_wconf 89' lang='grc' dir='ltr'>Ποία</span> <span class='ocrx_word' id='word_1_616' title='bbox 2953 1140 3047 1199; x_wconf 85' lang='grc' dir='ltr'>οῦν</span> <span class='ocrx_word' id='word_1_617' title='bbox 3061 1145 3249 1217; x_wconf 80' lang='grc' dir='ltr'>ἡδονὴ,</span> <span class='ocrx_word' id='word_1_618' title='bbox 3275 1145 3308 1216; x_wconf 81' lang='grc' dir='ltr'>ἢ</span> <span class='ocrx_word' id='word_1_619' title='bbox 3339 1148 3491 1198; x_wconf 85' lang='grc' dir='ltr'>ποῖον</span> <span class='ocrx_word' id='word_1_620' title='bbox 3523 1146 3744 1217; x_wconf 85' lang='grc' dir='ltr'>κέρδος,</span> 
     </span>
    </p>
   </div>
   <div class='ocr_carea' id='block_1_79' title="bbox 2167 1224 3748 1299">
    <p class='ocr_par' dir='ltr' id='par_1_79' title="bbox 2167 1224 3748 1299">
     <span class='ocr_line' id='line_1_79' title="bbox 2167 1224 3748 1299; baseline 0.004 -23"><span class='ocrx_word' id='word_1_621' title='bbox 2167 1224 2297 1299; x_wconf 82' lang='grc' dir='ltr'>ὅταν</span> <span class='ocrx_word' id='word_1_622' title='bbox 2347 1226 2484 1295; x_wconf 90' lang='grc' dir='ltr'>μήτε</span> <span class='ocrx_word' id='word_1_623' title='bbox 2519 1236 2541 1265; x_wconf 73' lang='grc' dir='ltr'><strong><em>ο</em></strong></span> <span class='ocrx_word' id='word_1_624' title='bbox 2577 1225 2780 1279; x_wconf 83' lang='grc' dir='ltr'>τούτων</span> <span class='ocrx_word' id='word_1_625' title='bbox 2822 1225 3215 1298; x_wconf 82' lang='grc' dir='ltr'>ἀπολαύωμεν,</span> <span class='ocrx_word' id='word_1_626' title='bbox 3244 1228 3338 1280; x_wconf 78' lang='grc' dir='ltr'>καὶ</span> <span class='ocrx_word' id='word_1_627' title='bbox 3362 1226 3452 1281; x_wconf 81' lang='grc' dir='ltr'>διὰ</span> <span class='ocrx_word' id='word_1_628' title='bbox 3491 1228 3592 1299; x_wconf 81' lang='grc' dir='ltr'>τὴν</span> <span class='ocrx_word' id='word_1_629' title='bbox 3619 1227 3748 1299; x_wconf 70' lang='grc' dir='ltr'>περὶ</span> 
     </span>
    </p>
   </div>
   <div class='ocr_carea' id='block_1_80' title="bbox 2168 1295 3743 1380">
    <p class='ocr_par' dir='ltr' id='par_1_80' title="bbox 2168 1295 3743 1380">
     <span class='ocr_line' id='line_1_80' title="bbox 2168 1295 3743 1380; baseline 0.004 -23"><span class='ocrx_word' id='word_1_630' title='bbox 2168 1295 2349 1360; x_wconf 67' lang='grc' dir='ltr'>ταῦτα</span> <span class='ocrx_word' id='word_1_631' title='bbox 2396 1307 2691 1378; x_wconf 87' lang='grc' dir='ltr'>ἐπιθυμίαν</span> <span class='ocrx_word' id='word_1_632' title='bbox 2719 1309 2814 1362; x_wconf 76' lang='grc' dir='ltr'>καὶ</span> <span class='ocrx_word' id='word_1_633' title='bbox 2849 1309 2958 1362; x_wconf 89' lang='grc' dir='ltr'>τῶν</span> <span class='ocrx_word' id='word_1_634' title='bbox 2992 1295 3251 1379; x_wconf 75' lang='grc' dir='ltr'>μειζόνων</span> <span class='ocrx_word' id='word_1_635' title='bbox 3283 1295 3743 1380; x_wconf 76' lang='grc' dir='ltr'>ἀποστερῶμεθας</span> 
     </span>
    </p>
   </div>
   <div class='ocr_carea' id='block_1_81' title="bbox 2169 1387 3745 1461">
    <p class='ocr_par' dir='ltr' id='par_1_81' title="bbox 2169 1387 3745 1461">
     <span class='ocr_line' id='line_1_81' title="bbox 2169 1387 3745 1461; baseline 0.004 -22"><span class='ocrx_word' id='word_1_636' title='bbox 2169 1387 2236 1440; x_wconf 86' lang='grc' dir='ltr'>Τί</span> <span class='ocrx_word' id='word_1_637' title='bbox 2273 1389 2331 1439; x_wconf 84' lang='grc' dir='ltr'>δὲ</span> <span class='ocrx_word' id='word_1_638' title='bbox 2373 1389 2515 1456; x_wconf 84' lang='grc' dir='ltr'>λέγω</span> <span class='ocrx_word' id='word_1_639' title='bbox 2557 1390 2667 1443; x_wconf 89' lang='grc' dir='ltr'>τῶν</span> <span class='ocrx_word' id='word_1_640' title='bbox 2704 1389 2996 1461; x_wconf 81' lang='grc' dir='ltr'>μειζόνων,</span> <span class='ocrx_word' id='word_1_641' title='bbox 3031 1391 3160 1444; x_wconf 81' lang='grc' dir='ltr'>ὅταν</span> <span class='ocrx_word' id='word_1_642' title='bbox 3195 1390 3333 1461; x_wconf 81' lang='grc' dir='ltr'>μετὰ</span> <span class='ocrx_word' id='word_1_643' title='bbox 3372 1392 3481 1445; x_wconf 88' lang='grc' dir='ltr'>τῶν</span> <span class='ocrx_word' id='word_1_644' title='bbox 3512 1393 3745 1446; x_wconf 88' lang='grc' dir='ltr'>ἐνταῦθα</span> 
     </span>
    </p>
   </div>
   <div class='ocr_carea' id='block_1_82' title="bbox 2169 1472 3745 1546">
    <p class='ocr_par' dir='ltr' id='par_1_82' title="bbox 2169 1472 3745 1546">
     <span class='ocr_line' id='line_1_82' title="bbox 2169 1472 3745 1546; baseline 0.004 -26"><span class='ocrx_word' id='word_1_645' title='bbox 2169 1472 2379 1535; x_wconf 86' lang='grc' dir='ltr'>κακῶν,</span> <span class='ocrx_word' id='word_1_646' title='bbox 2407 1472 2499 1543; x_wconf 75' lang='grc' dir='ltr'>καὶ</span> <span class='ocrx_word' id='word_1_647' title='bbox 2522 1472 2620 1543; x_wconf 84' lang='grc' dir='ltr'>τὴν</span> <span class='ocrx_word' id='word_1_648' title='bbox 2651 1472 2925 1526; x_wconf 79' lang='grc' dir='ltr'>ἔκπτωσιν</span> <span class='ocrx_word' id='word_1_649' title='bbox 2952 1473 3060 1526; x_wconf 86' lang='grc' dir='ltr'>τῶν</span> <span class='ocrx_word' id='word_1_650' title='bbox 3091 1475 3209 1526; x_wconf 86' lang='grc' dir='ltr'>ἐκεῖ</span> <span class='ocrx_word' id='word_1_651' title='bbox 3226 1473 3467 1542; x_wconf 82' lang='grc' dir='ltr'>ἀγαθῶν,</span> <span class='ocrx_word' id='word_1_652' title='bbox 3490 1475 3585 1528; x_wconf 77' lang='grc' dir='ltr'>καὶ</span> <span class='ocrx_word' id='word_1_653' title='bbox 3609 1475 3745 1546; x_wconf 77' lang='grc' dir='ltr'>πρὸς</span> 
     </span>
    </p>
   </div>
   <div class='ocr_carea' id='block_1_83' title="bbox 2170 1553 3744 1625">
    <p class='ocr_par' dir='ltr' id='par_1_83' title="bbox 2170 1553 3744 1625">
     <span class='ocr_line' id='line_1_83' title="bbox 2170 1553 3744 1625; baseline 0.004 -22"><span class='ocrx_word' id='word_1_654' title='bbox 2170 1553 2266 1622; x_wconf 78' lang='grc' dir='ltr'>τὴν</span> <span class='ocrx_word' id='word_1_655' title='bbox 2289 1553 2514 1620; x_wconf 89' lang='grc' dir='ltr'>γέενναν</span> <span class='ocrx_word' id='word_1_656' title='bbox 2557 1555 2726 1625; x_wconf 83' lang='grc' dir='ltr'>αὐτὴν</span> <span class='ocrx_word' id='word_1_657' title='bbox 2758 1553 3243 1625; x_wconf 60' lang='grc' dir='ltr'>ἀππεμπώμεθας</span> <span class='ocrx_word' id='word_1_658' title='bbox 3277 1554 3382 1608; x_wconf 76' lang='grc' dir='ltr'>Καὶ</span> <span class='ocrx_word' id='word_1_659' title='bbox 3412 1555 3565 1610; x_wconf 75' lang='grc' dir='ltr'>οὔπω</span> <span class='ocrx_word' id='word_1_660' title='bbox 3601 1557 3744 1625; x_wconf 89' lang='grc' dir='ltr'>λέγω</span> 
     </span>
    </p>
   </div>
   <div class='ocr_carea' id='block_1_84' title="bbox 2167 1632 3745 1708">
    <p class='ocr_par' dir='ltr' id='par_1_84' title="bbox 2167 1632 3745 1708">
     <span class='ocr_line' id='line_1_84' title="bbox 2167 1632 3745 1708; baseline 0.006 -24"><span class='ocrx_word' id='word_1_661' title='bbox 2167 1632 2237 1685; x_wconf 80' lang='grc' dir='ltr'>τὰ</span> <span class='ocrx_word' id='word_1_662' title='bbox 2263 1635 2432 1704; x_wconf 89' lang='grc' dir='ltr'>μυρία</span> <span class='ocrx_word' id='word_1_663' title='bbox 2452 1637 2825 1707; x_wconf 81' lang='grc' dir='ltr'>ἁμαρτήματα</span> <span class='ocrx_word' id='word_1_664' title='bbox 2849 1636 2916 1690; x_wconf 82' lang='grc' dir='ltr'>τὰ</span> <span class='ocrx_word' id='word_1_665' title='bbox 2938 1636 3186 1690; x_wconf 78' lang='grc' dir='ltr'>ἐντεῦθεν</span> <span class='ocrx_word' id='word_1_666' title='bbox 3210 1637 3598 1708; x_wconf 88' lang='grc' dir='ltr'>συλλεγόμενα,</span> <span class='ocrx_word' id='word_1_667' title='bbox 3619 1639 3745 1703; x_wconf 83' lang='grc' dir='ltr'>τοὺς</span> 
     </span>
    </p>
   </div>
   <div class='ocr_carea' id='block_1_85' title="bbox 2169 1713 3747 1790">
    <p class='ocr_par' dir='ltr' id='par_1_85' title="bbox 2169 1713 3747 1790">
     <span class='ocr_line' id='line_1_85' title="bbox 2169 1713 3747 1790; baseline 0.006 -25"><span class='ocrx_word' id='word_1_668' title='bbox 2169 1713 2350 1779; x_wconf 80' lang='grc' dir='ltr'>δόλους</span> <span class='ocrx_word' id='word_1_669' title='bbox 2369 1758 2382 1779; x_wconf 93' lang='grc'>,</span> <span class='ocrx_word' id='word_1_670' title='bbox 2413 1717 2508 1781; x_wconf 77' lang='grc' dir='ltr'>τὰς</span> <span class='ocrx_word' id='word_1_671' title='bbox 2547 1718 2943 1786; x_wconf 71' lang='grc' dir='ltr'>συκοφαντίας,</span> <span class='ocrx_word' id='word_1_672' title='bbox 2973 1718 3072 1782; x_wconf 82' lang='grc' dir='ltr'>τὰς</span> <span class='ocrx_word' id='word_1_673' title='bbox 3116 1719 3390 1790; x_wconf 81' lang='grc' dir='ltr'>ἁρπαγὰς,</span> <span class='ocrx_word' id='word_1_674' title='bbox 3423 1720 3522 1785; x_wconf 82' lang='grc' dir='ltr'>τὰς</span> <span class='ocrx_word' id='word_1_675' title='bbox 3559 1721 3747 1775; x_wconf 77' lang='grc' dir='ltr'>πλεον⁹</span> 
     </span>
    </p>
   </div>
   <div class='ocr_carea' id='block_1_86' title="bbox 2171 1799 3743 1876">
    <p class='ocr_par' dir='ltr' id='par_1_86' title="bbox 2171 1799 3743 1876">
     <span class='ocr_line' id='line_1_86' title="bbox 2171 1799 3743 1876; baseline 0.006 -27"><span class='ocrx_word' id='word_1_676' title='bbox 2171 1799 2341 1864; x_wconf 79' lang='grc' dir='ltr'>εξίας.</span> <span class='ocrx_word' id='word_1_677' title='bbox 2381 1800 2541 1854; x_wconf 82' lang='grc' dir='ltr'>Ἀλλά</span> <span class='ocrx_word' id='word_1_678' title='bbox 2583 1802 2686 1855; x_wconf 76' lang='grc' dir='ltr'>κᾶν</span> <span class='ocrx_word' id='word_1_679' title='bbox 2732 1803 2987 1857; x_wconf 82' lang='grc' dir='ltr'>ἁπάντων</span> <span class='ocrx_word' id='word_1_680' title='bbox 3023 1802 3228 1856; x_wconf 86' lang='grc' dir='ltr'>τούτων</span> <span class='ocrx_word' id='word_1_681' title='bbox 3257 1801 3597 1876; x_wconf 85' lang='grc' dir='ltr'>ἐλεύθεροςῇ</span> <span class='ocrx_word' id='word_1_682' title='bbox 3636 1822 3743 1868; x_wconf 86' lang='grc' dir='ltr'>τις,</span> 
     </span>
    </p>
   </div>
   <div class='ocr_carea' id='block_1_87' title="bbox 2169 1880 3745 1958">
    <p class='ocr_par' dir='ltr' id='par_1_87' title="bbox 2169 1880 3745 1958">
     <span class='ocr_line' id='line_1_87' title="bbox 2169 1880 3745 1958; baseline 0.005 -26"><span class='ocrx_word' id='word_1_683' title='bbox 2169 1880 2305 1951; x_wconf 82' lang='grc' dir='ltr'>ὅπερ</span> <span class='ocrx_word' id='word_1_684' title='bbox 2332 1880 2397 1935; x_wconf 86' lang='grc' dir='ltr'>ἂν</span> <span class='ocrx_word' id='word_1_685' title='bbox 2437 1884 2523 1953; x_wconf 79' lang='grc' dir='ltr'>εἴη</span> <span class='ocrx_word' id='word_1_686' title='bbox 2567 1883 2677 1936; x_wconf 90' lang='grc' dir='ltr'>τῶν</span> <span class='ocrx_word' id='word_1_687' title='bbox 2711 1883 3014 1954; x_wconf 73' lang='grc' dir='ltr'>δυσχερῶν,</span> <span class='ocrx_word' id='word_1_688' title='bbox 3043 1884 3282 1938; x_wconf 86' lang='grc' dir='ltr'>τοσαῦτα</span> <span class='ocrx_word' id='word_1_689' title='bbox 3319 1884 3375 1939; x_wconf 84' lang='grc' dir='ltr'>δὲ</span> <span class='ocrx_word' id='word_1_690' title='bbox 3415 1886 3504 1957; x_wconf 74' lang='grc' dir='ltr'>εἴη</span> <span class='ocrx_word' id='word_1_691' title='bbox 3527 1888 3745 1958; x_wconf 86' lang='grc' dir='ltr'>περιϐε-</span> 
     </span>
    </p>
   </div>
   <div class='ocr_carea' id='block_1_88' title="bbox 2170 1963 3745 2040">
    <p class='ocr_par' dir='ltr' id='par_1_88' title="bbox 2170 1963 3745 2040">
     <span class='ocr_line' id='line_1_88' title="bbox 2170 1963 3745 2040; baseline 0.005 -25"><span class='ocrx_word' id='word_1_692' title='bbox 2170 1963 2469 2033; x_wconf 79' lang='grc' dir='ltr'>ϐλημένος,</span> <span class='ocrx_word' id='word_1_693' title='bbox 2500 1966 2803 2036; x_wconf 87' lang='grc' dir='ltr'>χρημάτων</span> <span class='ocrx_word' id='word_1_694' title='bbox 2831 1967 2925 2019; x_wconf 70' lang='grc' dir='ltr'>καὶ</span> <span class='ocrx_word' id='word_1_695' title='bbox 2952 1966 3052 2037; x_wconf 85' lang='grc' dir='ltr'>τῆς</span> <span class='ocrx_word' id='word_1_696' title='bbox 3075 1967 3284 2031; x_wconf 75' lang='grc' dir='ltr'>οἰκείας</span> <span class='ocrx_word' id='word_1_697' title='bbox 3317 1967 3484 2040; x_wconf 88' lang='grc' dir='ltr'>μόνης</span> <span class='ocrx_word' id='word_1_698' title='bbox 3509 1969 3745 2023; x_wconf 85' lang='grc' dir='ltr'>ἀπολαύ-</span> 
     </span>
    </p>
   </div>
   <div class='ocr_carea' id='block_1_89' title="bbox 2173 2046 3745 2124">
    <p class='ocr_par' dir='ltr' id='par_1_89' title="bbox 2173 2046 3745 2124">
     <span class='ocr_line' id='line_1_89' title="bbox 2173 2046 3745 2124; baseline 0.004 -26"><span class='ocrx_word' id='word_1_699' title='bbox 2173 2062 2308 2108; x_wconf 88' lang='grc' dir='ltr'>σεως</span> <span class='ocrx_word' id='word_1_700' title='bbox 2367 2046 2683 2116; x_wconf 87' lang='grc' dir='ltr'>γινόμενος,</span> <span class='ocrx_word' id='word_1_701' title='bbox 2717 2048 2810 2101; x_wconf 80' lang='grc' dir='ltr'>καὶ</span> <span class='ocrx_word' id='word_1_702' title='bbox 2859 2049 2936 2119; x_wconf 85' lang='grc' dir='ltr'>μὴ</span> <span class='ocrx_word' id='word_1_703' title='bbox 2976 2050 3296 2120; x_wconf 81' lang='grc' dir='ltr'>προϊέμενος</span> <span class='ocrx_word' id='word_1_704' title='bbox 3340 2053 3454 2114; x_wconf 88' lang='grc' dir='ltr'>τοῖς</span> <span class='ocrx_word' id='word_1_705' title='bbox 3489 2051 3549 2103; x_wconf 89' lang='grc' dir='ltr'>ἐν</span> <span class='ocrx_word' id='word_1_706' title='bbox 3586 2053 3745 2124; x_wconf 79' lang='grc' dir='ltr'>χρείᾳ</span> 
     </span>
    </p>
   </div>
   <div class='ocr_carea' id='block_1_90' title="bbox 2168 2125 3744 2205">
    <p class='ocr_par' dir='ltr' id='par_1_90' title="bbox 2168 2125 3744 2205">
     <span class='ocr_line' id='line_1_90' title="bbox 2168 2125 3744 2205; baseline 0.005 -24"><span class='ocrx_word' id='word_1_707' title='bbox 2168 2125 2288 2181; x_wconf 76' lang='grc' dir='ltr'>οὖσι</span> <span class='ocrx_word' id='word_1_708' title='bbox 2329 2131 2468 2199; x_wconf 84' lang='grc' dir='ltr'>μετὰ</span> <span class='ocrx_word' id='word_1_709' title='bbox 2521 2130 2828 2198; x_wconf 64' lang='grc' dir='ltr'>δαψιλείας,</span> <span class='ocrx_word' id='word_1_710' title='bbox 2874 2133 2936 2184; x_wconf 83' lang='grc' dir='ltr'>τὸ</span> <span class='ocrx_word' id='word_1_711' title='bbox 2962 2132 3062 2203; x_wconf 90' lang='grc' dir='ltr'>τῆς</span> <span class='ocrx_word' id='word_1_712' title='bbox 3102 2133 3328 2204; x_wconf 80' lang='grc' dir='ltr'>γεέννης</span> <span class='ocrx_word' id='word_1_713' title='bbox 3374 2134 3488 2205; x_wconf 89' lang='grc' dir='ltr'>πῦρ</span> <span class='ocrx_word' id='word_1_714' title='bbox 3523 2138 3618 2189; x_wconf 78' lang='grc' dir='ltr'>καὶ</span> <span class='ocrx_word' id='word_1_715' title='bbox 3655 2137 3744 2189; x_wconf 76' lang='grc' dir='ltr'>τὸν</span> 
     </span>
    </p>
   </div>
   <div class='ocr_carea' id='block_1_91' title="bbox 2169 2211 3744 2287">
    <p class='ocr_par' dir='ltr' id='par_1_91' title="bbox 2169 2211 3744 2287">
     <span class='ocr_line' id='line_1_91' title="bbox 2169 2211 3744 2287; baseline 0.005 -24"><span class='ocrx_word' id='word_1_716' title='bbox 2169 2211 2408 2264; x_wconf 88' lang='grc' dir='ltr'>τοιοῦτον</span> <span class='ocrx_word' id='word_1_717' title='bbox 2440 2212 2733 2279; x_wconf 79' lang='grc' dir='ltr'>ἐκδέξεται.</span> <span class='ocrx_word' id='word_1_718' title='bbox 2768 2214 2878 2267; x_wconf 76' lang='grc' dir='ltr'>Καὶ</span> <span class='ocrx_word' id='word_1_719' title='bbox 2915 2213 3072 2267; x_wconf 88' lang='grc' dir='ltr'>τοῦτο</span> <span class='ocrx_word' id='word_1_720' title='bbox 3097 2215 3339 2269; x_wconf 87' lang='grc' dir='ltr'>διδάσκει</span> <span class='ocrx_word' id='word_1_721' title='bbox 3377 2218 3527 2287; x_wconf 79' lang='grc' dir='ltr'>ἡμᾶς</span> <span class='ocrx_word' id='word_1_722' title='bbox 3562 2220 3744 2287; x_wconf 81' lang='grc' dir='ltr'>σαφῶς</span> 
     </span>
    </p>
   </div>
   <div class='ocr_carea' id='block_1_92' title="bbox 2170 2293 3745 2370">
    <p class='ocr_par' dir='ltr' id='par_1_92' title="bbox 2170 2293 3745 2370">
     <span class='ocr_line' id='line_1_92' title="bbox 2170 2293 3745 2370; baseline 0.006 -25"><span class='ocrx_word' id='word_1_723' title='bbox 2170 2295 2203 2364; x_wconf 81' lang='grc' dir='ltr'>ἡ</span> <span class='ocrx_word' id='word_1_724' title='bbox 2230 2293 2514 2364; x_wconf 85' lang='grc' dir='ltr'>παραϐολὴ</span> <span class='ocrx_word' id='word_1_725' title='bbox 2541 2296 2574 2366; x_wconf 85' lang='grc' dir='ltr'>ἡ</span> <span class='ocrx_word' id='word_1_726' title='bbox 2599 2296 2656 2348; x_wconf 88' lang='grc' dir='ltr'>ἐν</span> <span class='ocrx_word' id='word_1_727' title='bbox 2684 2295 2764 2366; x_wconf 82' lang='grc' dir='ltr'>τῷ</span> <span class='ocrx_word' id='word_1_728' title='bbox 2786 2296 3105 2367; x_wconf 85' lang='grc' dir='ltr'>Εὑαγγελίῳ</span> <span class='ocrx_word' id='word_1_729' title='bbox 3132 2299 3359 2370; x_wconf 88' lang='grc' dir='ltr'>κειμένη</span> <span class='ocrx_word' id='word_1_730' title='bbox 3377 2341 3393 2366; x_wconf 84' lang='grc'>,</span> <span class='ocrx_word' id='word_1_731' title='bbox 3417 2300 3579 2370; x_wconf 85' lang='grc' dir='ltr'>ήνίκα</span> <span class='ocrx_word' id='word_1_732' title='bbox 3619 2303 3745 2366; x_wconf 67' lang='grc' dir='ltr'>τοὺς</span> 
     </span>
    </p>
   </div>
   <div class='ocr_carea' id='block_1_93' title="bbox 2174 2375 3743 2452">
    <p class='ocr_par' dir='ltr' id='par_1_93' title="bbox 2174 2375 3743 2452">
     <span class='ocr_line' id='line_1_93' title="bbox 2174 2375 3743 2452; baseline 0.006 -26"><span class='ocrx_word' id='word_1_733' title='bbox 2174 2376 2269 2443; x_wconf 89' lang='grc' dir='ltr'>μὲν</span> <span class='ocrx_word' id='word_1_734' title='bbox 2305 2379 2368 2428; x_wconf 83' lang='grc' dir='ltr'>ἐκ</span> <span class='ocrx_word' id='word_1_735' title='bbox 2398 2375 2585 2440; x_wconf 82' lang='grc' dir='ltr'>δεξιῶν</span> <span class='ocrx_word' id='word_1_736' title='bbox 2607 2376 2798 2448; x_wconf 73' lang='grc' dir='ltr'>ἔστησε</span> <span class='ocrx_word' id='word_1_737' title='bbox 2820 2418 2834 2441; x_wconf 92' lang='grc'>,</span> <span class='ocrx_word' id='word_1_738' title='bbox 2856 2379 2980 2444; x_wconf 81' lang='grc' dir='ltr'>τοὺς</span> <span class='ocrx_word' id='word_1_739' title='bbox 3004 2379 3060 2432; x_wconf 87' lang='grc' dir='ltr'>δὲ</span> <span class='ocrx_word' id='word_1_740' title='bbox 3082 2379 3140 2445; x_wconf 81' lang='grc' dir='ltr'>ἐξ</span> <span class='ocrx_word' id='word_1_741' title='bbox 3171 2380 3465 2452; x_wconf 84' lang='grc' dir='ltr'>εὐωνύμων</span> <span class='ocrx_word' id='word_1_742' title='bbox 3481 2400 3493 2412; x_wconf 94' lang='grc'><strong>·</strong></span> <span class='ocrx_word' id='word_1_743' title='bbox 3518 2383 3610 2436; x_wconf 74' lang='grc' dir='ltr'>καὶ</span> <span class='ocrx_word' id='word_1_744' title='bbox 3633 2386 3743 2449; x_wconf 86' lang='grc' dir='ltr'>τοῖς</span> 
     </span>
    </p>
   </div>
   <div class='ocr_carea' id='block_1_94' title="bbox 2173 2455 3746 2536">
    <p class='ocr_par' dir='ltr' id='par_1_94' title="bbox 2173 2455 3746 2536">
     <span class='ocr_line' id='line_1_94' title="bbox 2173 2455 3746 2536; baseline 0.005 -26"><span class='ocrx_word' id='word_1_745' title='bbox 2173 2458 2271 2526; x_wconf 80' lang='grc' dir='ltr'>μὲν</span> <span class='ocrx_word' id='word_1_746' title='bbox 2312 2457 2409 2527; x_wconf 86' lang='grc' dir='ltr'>τὴν</span> <span class='ocrx_word' id='word_1_747' title='bbox 2456 2458 2731 2527; x_wconf 84' lang='grc' dir='ltr'>βασιλείαν</span> <span class='ocrx_word' id='word_1_748' title='bbox 2770 2455 2923 2513; x_wconf 77' lang='grc' dir='ltr'>εἶπεν</span> <span class='ocrx_word' id='word_1_749' title='bbox 2969 2462 3298 2532; x_wconf 79' lang='grc' dir='ltr'>ἡτοιμάσθαι</span> <span class='ocrx_word' id='word_1_750' title='bbox 3354 2463 3442 2518; x_wconf 80' lang='grc' dir='ltr'>διά</span> <span class='ocrx_word' id='word_1_751' title='bbox 3471 2464 3571 2536; x_wconf 78' lang='grc' dir='ltr'>τὴν</span> <span class='ocrx_word' id='word_1_752' title='bbox 3618 2468 3746 2536; x_wconf 80' lang='grc' dir='ltr'>περὶ</span> 
     </span>
    </p>
   </div>
   <div class='ocr_carea' id='block_1_95' title="bbox 2169 2541 3744 2618">
    <p class='ocr_par' dir='ltr' id='par_1_95' title="bbox 2169 2541 3744 2618">
     <span class='ocr_line' id='line_1_95' title="bbox 2169 2541 3744 2618; baseline 0.006 -25"><span class='ocrx_word' id='word_1_753' title='bbox 2169 2542 2296 2604; x_wconf 82' lang='grc' dir='ltr'>τοὺς</span> <span class='ocrx_word' id='word_1_754' title='bbox 2327 2541 2613 2611; x_wconf 87' lang='grc' dir='ltr'>δεομένους</span> <span class='ocrx_word' id='word_1_755' title='bbox 2664 2543 3017 2614; x_wconf 86' lang='grc' dir='ltr'>ἐπιμέλειαν·</span> <span class='ocrx_word' id='word_1_756' title='bbox 3073 2545 3253 2600; x_wconf 83' lang='grc' dir='ltr'>Δεῦτε</span> <span class='ocrx_word' id='word_1_757' title='bbox 3280 2545 3411 2618; x_wconf 85' lang='grc' dir='ltr'>γὰρ,</span> <span class='ocrx_word' id='word_1_758' title='bbox 3462 2548 3648 2618; x_wconf 76' lang='grc' dir='ltr'>φησὶν,</span> <span class='ocrx_word' id='word_1_759' title='bbox 3689 2553 3744 2604; x_wconf 79' lang='grc' dir='ltr'>οι</span> 
     </span>
    </p>
   </div>
   <div class='ocr_carea' id='block_1_96' title="bbox 2169 2623 3746 2700">
    <p class='ocr_par' dir='ltr' id='par_1_96' title="bbox 2169 2623 3746 2700">
     <span class='ocr_line' id='line_1_96' title="bbox 2169 2623 3746 2700; baseline 0.006 -24"><span class='ocrx_word' id='word_1_760' title='bbox 2169 2623 2564 2693; x_wconf 72' lang='grc' dir='ltr'>εὐλογημένοι</span> <span class='ocrx_word' id='word_1_761' title='bbox 2619 2626 2724 2679; x_wconf 88' lang='grc' dir='ltr'>τοῦ</span> <span class='ocrx_word' id='word_1_762' title='bbox 2786 2629 3017 2695; x_wconf 81' lang='grc' dir='ltr'>Πατρός</span> <span class='ocrx_word' id='word_1_763' title='bbox 3058 2644 3199 2696; x_wconf 89' lang='grc' dir='ltr'>μου,</span> <span class='ocrx_word' id='word_1_764' title='bbox 3249 2631 3746 2700; x_wconf 75' lang='grc' dir='ltr'>κληρονομήσατε</span> 
     </span>
    </p>
   </div>
   <div class='ocr_carea' id='block_1_97' title="bbox 2170 2704 3746 2777">
    <p class='ocr_par' dir='ltr' id='par_1_97' title="bbox 2170 2704 3746 2777">
     <span class='ocr_line' id='line_1_97' title="bbox 2170 2704 3746 2777; baseline 0.006 -19"><span class='ocrx_word' id='word_1_765' title='bbox 2170 2704 2284 2772; x_wconf 74' lang='grc' dir='ltr'>τὴν</span> <span class='ocrx_word' id='word_1_766' title='bbox 2313 2707 2762 2776; x_wconf 75' lang='grc' dir='ltr'>ἡτοιμασμένην</span> <span class='ocrx_word' id='word_1_767' title='bbox 2796 2707 2939 2777; x_wconf 83' lang='grc' dir='ltr'>ὑμῖν</span> <span class='ocrx_word' id='word_1_768' title='bbox 2972 2709 3305 2773; x_wconf 80' lang='grc' dir='ltr'>βασιλείαν</span> <span class='ocrx_word' id='word_1_769' title='bbox 3346 2712 3465 2766; x_wconf 76' lang='grc' dir='ltr'>ἀπὸ</span> <span class='ocrx_word' id='word_1_770' title='bbox 3496 2716 3746 2770; x_wconf 83' lang='grc' dir='ltr'>καταϐο-</span> 
     </span>
    </p>
   </div>
   <div class='ocr_carea' id='block_1_98' title="bbox 2169 2788 3746 2858">
    <p class='ocr_par' dir='ltr' id='par_1_98' title="bbox 2169 2788 3746 2858">
     <span class='ocr_line' id='line_1_98' title="bbox 2169 2788 3746 2858; baseline 0.006 -16"><span class='ocrx_word' id='word_1_771' title='bbox 2169 2788 2287 2857; x_wconf 82' lang='grc' dir='ltr'>λῆς</span> <span class='ocrx_word' id='word_1_772' title='bbox 2336 2790 2591 2857; x_wconf 84' lang='grc' dir='ltr'>κόσμου.</span> <span class='ocrx_word' id='word_1_773' title='bbox 2639 2790 2796 2853; x_wconf 83' lang='grc' dir='ltr'>Τίνος</span> <span class='ocrx_word' id='word_1_774' title='bbox 2831 2789 3018 2844; x_wconf 78' lang='grc' dir='ltr'>ἕνεκεν</span> <span class='ocrx_word' id='word_1_775' title='bbox 3049 2791 3142 2845; x_wconf 79' lang='grc' dir='ltr'>καὶ</span> <span class='ocrx_word' id='word_1_776' title='bbox 3183 2792 3272 2846; x_wconf 84' lang='grc' dir='ltr'>διὰ</span> <span class='ocrx_word' id='word_1_777' title='bbox 3298 2793 3382 2858; x_wconf 87' lang='grc' dir='ltr'>τί;</span> <span class='ocrx_word' id='word_1_778' title='bbox 3426 2796 3746 2851; x_wconf 80' lang='grc' dir='ltr'>Ἐπείνασα</span> 
     </span>
    </p>
   </div>
   <div class='ocr_carea' id='block_1_99' title="bbox 2171 2869 3746 2948">
    <p class='ocr_par' dir='ltr' id='par_1_99' title="bbox 2171 2869 3746 2948">
     <span class='ocr_line' id='line_1_99' title="bbox 2171 2869 3746 2948; baseline 0.006 -26"><span class='ocrx_word' id='word_1_779' title='bbox 2171 2870 2301 2939; x_wconf 78' lang='grc' dir='ltr'>γὰρ,</span> <span class='ocrx_word' id='word_1_780' title='bbox 2330 2875 2427 2924; x_wconf 77' lang='grc' dir='ltr'>καὶ</span> <span class='ocrx_word' id='word_1_781' title='bbox 2458 2869 2713 2925; x_wconf 80' lang='grc' dir='ltr'>ἐδώκατέ</span> <span class='ocrx_word' id='word_1_782' title='bbox 2748 2889 2849 2941; x_wconf 84' lang='grc' dir='ltr'>μοι</span> <span class='ocrx_word' id='word_1_783' title='bbox 2878 2871 3110 2941; x_wconf 75' lang='grc' dir='ltr'>φαγεῖν.</span> <span class='ocrx_word' id='word_1_784' title='bbox 3147 2874 3272 2938; x_wconf 86' lang='grc' dir='ltr'>Τοῖς</span> <span class='ocrx_word' id='word_1_785' title='bbox 3300 2874 3358 2928; x_wconf 88' lang='grc' dir='ltr'>δὲ</span> <span class='ocrx_word' id='word_1_786' title='bbox 3385 2875 3447 2928; x_wconf 82' lang='grc' dir='ltr'>τὺ</span> <span class='ocrx_word' id='word_1_787' title='bbox 3480 2876 3591 2948; x_wconf 87' lang='grc' dir='ltr'>πῦρ</span> <span class='ocrx_word' id='word_1_788' title='bbox 3617 2877 3746 2932; x_wconf 88' lang='grc' dir='ltr'>αἱώ-</span> 
     </span>
    </p>
   </div>
   <div class='ocr_carea' id='block_1_100' title="bbox 2170 2952 3746 3027">
    <p class='ocr_par' dir='ltr' id='par_1_100' title="bbox 2170 2952 3746 3027">
     <span class='ocr_line' id='line_1_100' title="bbox 2170 2952 3746 3027; baseline 0.006 -22"><span class='ocrx_word' id='word_1_789' title='bbox 2170 2969 2283 3005; x_wconf 90' lang='grc' dir='ltr'>νιον</span> <span class='ocrx_word' id='word_1_790' title='bbox 2302 2969 2315 2981; x_wconf 90' lang='grc'><strong>·</strong></span> <span class='ocrx_word' id='word_1_791' title='bbox 2350 2952 2686 3019; x_wconf 81' lang='grc' dir='ltr'>Πορεύεσθε</span> <span class='ocrx_word' id='word_1_792' title='bbox 2713 2955 2841 3025; x_wconf 73' lang='grc' dir='ltr'>γὰρ,</span> <span class='ocrx_word' id='word_1_793' title='bbox 2876 2955 3062 3023; x_wconf 77' lang='grc' dir='ltr'>φησὶν,</span> <span class='ocrx_word' id='word_1_794' title='bbox 3103 2955 3203 3009; x_wconf 84' lang='grc' dir='ltr'>ἀπ’</span> <span class='ocrx_word' id='word_1_795' title='bbox 3238 2957 3383 3026; x_wconf 82' lang='grc' dir='ltr'>ἐμοῦ</span> <span class='ocrx_word' id='word_1_796' title='bbox 3409 2961 3464 3012; x_wconf 85' lang='grc' dir='ltr'>οί</span> <span class='ocrx_word' id='word_1_797' title='bbox 3491 2976 3746 3027; x_wconf 80' lang='grc' dir='ltr'>κατηρα-</span> 
     </span>
    </p>
   </div>
   <div class='ocr_carea' id='block_1_101' title="bbox 2165 3031 3746 3109">
    <p class='ocr_par' dir='ltr' id='par_1_101' title="bbox 2165 3031 3746 3109">
     <span class='ocr_line' id='line_1_101' title="bbox 2165 3031 3746 3109; baseline 0.007 -24"><span class='ocrx_word' id='word_1_798' title='bbox 2165 3031 2337 3102; x_wconf 82' lang='grc' dir='ltr'>μένοι</span> <span class='ocrx_word' id='word_1_799' title='bbox 2388 3036 2476 3098; x_wconf 80' lang='grc' dir='ltr'>εὶς</span> <span class='ocrx_word' id='word_1_800' title='bbox 2518 3034 2584 3087; x_wconf 79' lang='grc' dir='ltr'>τὸ</span> <span class='ocrx_word' id='word_1_801' title='bbox 2616 3034 2737 3103; x_wconf 80' lang='grc' dir='ltr'>πῦρ</span> <span class='ocrx_word' id='word_1_802' title='bbox 2784 3035 3024 3090; x_wconf 82' lang='grc' dir='ltr'>αἰώνιον</span> <span class='ocrx_word' id='word_1_803' title='bbox 3069 3038 3133 3091; x_wconf 84' lang='grc' dir='ltr'>τὸ</span> <span class='ocrx_word' id='word_1_804' title='bbox 3177 3040 3615 3109; x_wconf 74' lang='grc' dir='ltr'>ἡτοιμασμένον</span> <span class='ocrx_word' id='word_1_805' title='bbox 3662 3044 3746 3108; x_wconf 85' lang='grc' dir='ltr'>τῷ</span> 
     </span>
    </p>
   </div>
   <div class='ocr_carea' id='block_1_102' title="bbox 2170 3116 3742 3193">
    <p class='ocr_par' dir='ltr' id='par_1_102' title="bbox 2170 3116 3742 3193">
     <span class='ocr_line' id='line_1_102' title="bbox 2170 3116 3742 3193; baseline 0.006 -25"><span class='ocrx_word' id='word_1_806' title='bbox 2170 3116 2423 3180; x_wconf 81' lang='grc' dir='ltr'>διαϐόλῳ</span> <span class='ocrx_word' id='word_1_807' title='bbox 2472 3116 2571 3170; x_wconf 78' lang='grc' dir='ltr'>καὶ</span> <span class='ocrx_word' id='word_1_808' title='bbox 2620 3117 2746 3183; x_wconf 84' lang='grc' dir='ltr'>τοῖς</span> <span class='ocrx_word' id='word_1_809' title='bbox 2802 3119 3079 3189; x_wconf 74' lang='grc' dir='ltr'>ἀγγέλοις</span> <span class='ocrx_word' id='word_1_810' title='bbox 3136 3123 3345 3177; x_wconf 86' lang='grc' dir='ltr'>αὑτοῦ.</span> <span class='ocrx_word' id='word_1_811' title='bbox 3404 3122 3586 3193; x_wconf 81' lang='grc' dir='ltr'>Μέγας</span> <span class='ocrx_word' id='word_1_812' title='bbox 3646 3125 3742 3178; x_wconf 87' lang='grc' dir='ltr'>τοῦ</span> 
     </span>
    </p>
   </div>
   <div class='ocr_carea' id='block_1_103' title="bbox 2174 3199 3746 3279">
    <p class='ocr_par' dir='ltr' id='par_1_103' title="bbox 2174 3199 3746 3279">
     <span class='ocr_line' id='line_1_103' title="bbox 2174 3199 3746 3279; baseline 0.006 -28"><span class='ocrx_word' id='word_1_813' title='bbox 2174 3200 2417 3269; x_wconf 78' lang='grc' dir='ltr'>ῥήματος</span> <span class='ocrx_word' id='word_1_814' title='bbox 2456 3202 2483 3252; x_wconf 97' lang='lat'>6</span> <span class='ocrx_word' id='word_1_815' title='bbox 2510 3199 2670 3268; x_wconf 78' lang='grc' dir='ltr'>ὄγκος</span> <span class='ocrx_word' id='word_1_816' title='bbox 2692 3217 2704 3230; x_wconf 79' lang='grc'><strong>’</strong></span> <span class='ocrx_word' id='word_1_817' title='bbox 2733 3203 2762 3254; x_wconf 88' lang='lat'>6</span> <span class='ocrx_word' id='word_1_818' title='bbox 2801 3204 3077 3274; x_wconf 81' lang='grc' dir='ltr'>Δεσπότης</span> <span class='ocrx_word' id='word_1_819' title='bbox 3107 3203 3215 3256; x_wconf 91' lang='grc' dir='ltr'>τῶν</span> <span class='ocrx_word' id='word_1_820' title='bbox 3247 3205 3501 3260; x_wconf 83' lang='grc' dir='ltr'>ἁπάντων</span> <span class='ocrx_word' id='word_1_821' title='bbox 3532 3208 3625 3261; x_wconf 81' lang='grc' dir='ltr'>καὶ</span> <span class='ocrx_word' id='word_1_822' title='bbox 3650 3209 3746 3279; x_wconf 59' lang='grc' dir='ltr'>δη.</span> 
     </span>
    </p>
   </div>
   <div class='ocr_carea' id='block_1_104' title="bbox 2174 3279 3745 3351">
    <p class='ocr_par' dir='ltr' id='par_1_104' title="bbox 2174 3279 3745 3351">
     <span class='ocr_line' id='line_1_104' title="bbox 2174 3279 3745 3351; baseline 0.008 -19"><span class='ocrx_word' id='word_1_823' title='bbox 2174 3279 2487 3351; x_wconf 71' lang='grc' dir='ltr'>μιουργόςά</span> <span class='ocrx_word' id='word_1_824' title='bbox 2537 3299 2736 3351; x_wconf 82' lang='grc' dir='ltr'>φησιν’</span> <span class='ocrx_word' id='word_1_825' title='bbox 2802 3285 3153 3348; x_wconf 77' lang='grc' dir='ltr'>Ἐπείνασα,</span> <span class='ocrx_word' id='word_1_826' title='bbox 3203 3289 3301 3340; x_wconf 84' lang='grc' dir='ltr'>καὶ</span> <span class='ocrx_word' id='word_1_827' title='bbox 3345 3290 3455 3342; x_wconf 80' lang='grc' dir='ltr'>οὐκ</span> <span class='ocrx_word' id='word_1_828' title='bbox 3488 3289 3745 3345; x_wconf 78' lang='grc' dir='ltr'>ἐδώκατέ</span> 
     </span>
    </p>
   </div>
   <div class='ocr_carea' id='block_1_105' title="bbox 2165 3363 3831 3446">
    <p class='ocr_par' dir='ltr' id='par_1_105' title="bbox 2165 3363 3831 3446">
     <span class='ocr_line' id='line_1_105' title="bbox 2165 3363 3831 3446; baseline 0.027 -47"><span class='ocrx_word' id='word_1_829' title='bbox 2165 3380 2268 3431; x_wconf 74' lang='grc' dir='ltr'>μοι</span> <span class='ocrx_word' id='word_1_830' title='bbox 2306 3363 2538 3432; x_wconf 63' lang='grc' dir='ltr'>φαγεῖν,</span> <span class='ocrx_word' id='word_1_831' title='bbox 2594 3366 2759 3430; x_wconf 86' lang='grc' dir='ltr'>Ποίας</span> <span class='ocrx_word' id='word_1_832' title='bbox 2801 3367 2901 3421; x_wconf 82' lang='grc' dir='ltr'>οὐκ</span> <span class='ocrx_word' id='word_1_833' title='bbox 2943 3368 3010 3422; x_wconf 84' lang='grc' dir='ltr'>ἂν</span> <span class='ocrx_word' id='word_1_834' title='bbox 3038 3368 3315 3424; x_wconf 88' lang='grc' dir='ltr'>καθίκοιτο</span> <span class='ocrx_word' id='word_1_835' title='bbox 3352 3370 3511 3426; x_wconf 90' lang='grc' dir='ltr'>τοῦτο</span> <span class='ocrx_word' id='word_1_836' title='bbox 3535 3374 3709 3446; x_wconf 77' lang='grc' dir='ltr'>ψυχῆς</span> <span class='ocrx_word' id='word_1_837' title='bbox 3723 3415 3740 3439; x_wconf 72' lang='grc' dir='ltr'><strong>ο</strong></span> <span class='ocrx_word' id='word_1_838' title='bbox 3824 3368 3831 3375; x_wconf 22' lang='grc' dir='ltr'><strong>ι</strong></span> 
     </span>
    </p>
   </div>
   <div class='ocr_carea' id='block_1_106' title="bbox 2175 3446 3745 3526">
    <p class='ocr_par' dir='ltr' id='par_1_106' title="bbox 2175 3446 3745 3526">
     <span class='ocr_line' id='line_1_106' title="bbox 2175 3446 3745 3526; baseline 0.01 -28"><span class='ocrx_word' id='word_1_839' title='bbox 2175 3446 2277 3499; x_wconf 83' lang='grc' dir='ltr'>κᾶν</span> <span class='ocrx_word' id='word_1_840' title='bbox 2318 3448 2627 3519; x_wconf 83' lang='grc' dir='ltr'>αὑτολιθίνη</span> <span class='ocrx_word' id='word_1_841' title='bbox 2656 3451 2934 3523; x_wconf 76' lang='grc' dir='ltr'>τυγχάνῃς</span> <span class='ocrx_word' id='word_1_842' title='bbox 2984 3452 3043 3506; x_wconf 91' lang='lat' dir='ltr'>&#39;O</span> <span class='ocrx_word' id='word_1_843' title='bbox 3080 3455 3354 3526; x_wconf 82' lang='grc' dir='ltr'>Δεσπότης</span> <span class='ocrx_word' id='word_1_844' title='bbox 3406 3472 3499 3509; x_wconf 91' lang='grc' dir='ltr'>σου</span> <span class='ocrx_word' id='word_1_845' title='bbox 3546 3460 3745 3515; x_wconf 86' lang='grc' dir='ltr'>πεινῶν</span> 
     </span>
    </p>
   </div>
   <div class='ocr_carea' id='block_1_107' title="bbox 2172 3529 3748 3611">
    <p class='ocr_par' dir='ltr' id='par_1_107' title="bbox 2172 3529 3748 3611">
     <span class='ocr_line' id='line_1_107' title="bbox 2172 3529 3748 3611; baseline 0.01 -31"><span class='ocrx_word' id='word_1_846' title='bbox 2172 3529 2520 3611; x_wconf 81' lang='grc' dir='ltr'>περιέρχεται</span> <span class='ocrx_word' id='word_1_847' title='bbox 2545 3541 2590 3594; x_wconf 74' lang='grc' dir='ltr'>θ,</span> <span class='ocrx_word' id='word_1_848' title='bbox 2621 3535 2714 3586; x_wconf 76' lang='grc' dir='ltr'>καὶ</span> <span class='ocrx_word' id='word_1_849' title='bbox 2741 3534 2803 3586; x_wconf 79' lang='grc' dir='ltr'>σὺ</span> <span class='ocrx_word' id='word_1_850' title='bbox 2832 3538 3045 3606; x_wconf 79' lang='grc' dir='ltr'>τρυφᾷς</span> <span class='ocrx_word' id='word_1_851' title='bbox 3064 3554 3077 3566; x_wconf 75' lang='grc' dir='ltr'>ο</span> <span class='ocrx_word' id='word_1_852' title='bbox 3107 3538 3200 3590; x_wconf 74' lang='grc' dir='ltr'>καὶ</span> <span class='ocrx_word' id='word_1_853' title='bbox 3228 3538 3288 3590; x_wconf 83' lang='grc' dir='ltr'>οὑ</span> <span class='ocrx_word' id='word_1_854' title='bbox 3317 3539 3474 3593; x_wconf 87' lang='grc' dir='ltr'>τοῦτο</span> <span class='ocrx_word' id='word_1_855' title='bbox 3505 3541 3662 3611; x_wconf 87' lang='grc' dir='ltr'>μόνον</span> <span class='ocrx_word' id='word_1_856' title='bbox 3685 3543 3748 3595; x_wconf 77' lang='grc' dir='ltr'>τὸ</span> 
     </span>
    </p>
   </div>
   <div class='ocr_carea' id='block_1_108' title="bbox 2171 3609 3743 3696">
    <p class='ocr_par' dir='ltr' id='par_1_108' title="bbox 2171 3609 3743 3696">
     <span class='ocr_line' id='line_1_108' title="bbox 2171 3609 3743 3696; baseline 0.01 -34"><span class='ocrx_word' id='word_1_857' title='bbox 2171 3609 2342 3696; x_wconf 85' lang='grc' dir='ltr'>δεινὸν</span> <span class='ocrx_word' id='word_1_858' title='bbox 2362 3650 2391 3696; x_wconf 14' lang='lat'>,7</span> <span class='ocrx_word' id='word_1_859' title='bbox 2417 3613 2532 3665; x_wconf 84' lang='grc' dir='ltr'>ἀλλ’</span> <span class='ocrx_word' id='word_1_860' title='bbox 2574 3615 2655 3666; x_wconf 85' lang='grc' dir='ltr'>ὅτι</span> <span class='ocrx_word' id='word_1_861' title='bbox 2694 3616 2788 3669; x_wconf 79' lang='grc' dir='ltr'>καὶ</span> <span class='ocrx_word' id='word_1_862' title='bbox 2810 3619 3028 3687; x_wconf 80' lang='grc' dir='ltr'>τρυφῶν</span> <span class='ocrx_word' id='word_1_863' title='bbox 3057 3623 3318 3691; x_wconf 80' lang='grc' dir='ltr'>περιορᾷν</span> <span class='ocrx_word' id='word_1_864' title='bbox 3346 3609 3516 3676; x_wconf 80' lang='grc' dir='ltr'>αὑτὸν</span> <span class='ocrx_word' id='word_1_865' title='bbox 3540 3623 3706 3696; x_wconf 82' lang='grc' dir='ltr'>ἀνέχῃ</span> <span class='ocrx_word' id='word_1_866' title='bbox 3723 3663 3743 3690; x_wconf 87' lang='grc'>,</span> 
     </span>
    </p>
   </div>
   <div class='ocr_carea' id='block_1_109' title="bbox 2172 3695 3743 3778">
    <p class='ocr_par' dir='ltr' id='par_1_109' title="bbox 2172 3695 3743 3778">
     <span class='ocr_line' id='line_1_109' title="bbox 2172 3695 3743 3778; baseline 0.011 -32"><span class='ocrx_word' id='word_1_867' title='bbox 2172 3695 2267 3778; x_wconf 77' lang='grc' dir='ltr'>καὶ</span> <span class='ocrx_word' id='word_1_868' title='bbox 2305 3695 2478 3748; x_wconf 85' lang='grc' dir='ltr'>ταῦτα</span> <span class='ocrx_word' id='word_1_869' title='bbox 2515 3697 2635 3750; x_wconf 75' lang='grc' dir='ltr'>οὐδὲ</span> <span class='ocrx_word' id='word_1_870' title='bbox 2684 3699 2877 3752; x_wconf 83' lang='grc' dir='ltr'>πολλοῦ</span> <span class='ocrx_word' id='word_1_871' title='bbox 2930 3719 3073 3765; x_wconf 89' lang='grc' dir='ltr'>τινος</span> <span class='ocrx_word' id='word_1_872' title='bbox 3117 3702 3402 3773; x_wconf 84' lang='grc' dir='ltr'>δεόμενον,</span> <span class='ocrx_word' id='word_1_873' title='bbox 3434 3705 3549 3759; x_wconf 80' lang='grc' dir='ltr'>ἀλλ’</span> <span class='ocrx_word' id='word_1_874' title='bbox 3577 3695 3743 3778; x_wconf 77' lang='grc' dir='ltr'>ἄρτου</span> 
     </span>
    </p>
   </div>
   <div class='ocr_carea' id='block_1_110' title="bbox 2176 3777 3742 3857">
    <p class='ocr_par' dir='ltr' id='par_1_110' title="bbox 2176 3777 3742 3857">
     <span class='ocr_line' id='line_1_110' title="bbox 2176 3777 3742 3857; baseline 0.01 -29"><span class='ocrx_word' id='word_1_875' title='bbox 2176 3777 2335 3846; x_wconf 88' lang='grc' dir='ltr'>μόνον</span> <span class='ocrx_word' id='word_1_876' title='bbox 2367 3779 2522 3844; x_wconf 75' lang='grc' dir='ltr'>ἑνὸς,</span> <span class='ocrx_word' id='word_1_877' title='bbox 2553 3778 2690 3833; x_wconf 81' lang='grc' dir='ltr'>ὥστε</span> <span class='ocrx_word' id='word_1_878' title='bbox 2728 3781 2819 3835; x_wconf 81' lang='grc' dir='ltr'>τὸν</span> <span class='ocrx_word' id='word_1_879' title='bbox 2856 3781 3010 3853; x_wconf 82' lang='grc' dir='ltr'>λιμὸν</span> <span class='ocrx_word' id='word_1_880' title='bbox 3044 3786 3562 3857; x_wconf 87' lang='grc' dir='ltr'>παραμυθήσασθαι.</span> <span class='ocrx_word' id='word_1_881' title='bbox 3606 3790 3742 3843; x_wconf 82' lang='grc' dir='ltr'>Ἀλλ’</span> 
     </span>
    </p>
   </div>
   <div class='ocr_carea' id='block_1_111' title="bbox 2171 3858 3741 3941">
    <p class='ocr_par' dir='ltr' id='par_1_111' title="bbox 2171 3858 3741 3941">
     <span class='ocr_line' id='line_1_111' title="bbox 2171 3858 3741 3941; baseline 0.01 -32"><span class='ocrx_word' id='word_1_882' title='bbox 2171 3858 2334 3941; x_wconf 73' lang='grc' dir='ltr'>αὐτὸς</span> <span class='ocrx_word' id='word_1_883' title='bbox 2368 3860 2465 3929; x_wconf 82' lang='grc' dir='ltr'>μὲν</span> <span class='ocrx_word' id='word_1_884' title='bbox 2495 3860 2572 3930; x_wconf 82' lang='grc' dir='ltr'>τῷ</span> <span class='ocrx_word' id='word_1_885' title='bbox 2618 3863 2813 3934; x_wconf 86' lang='grc' dir='ltr'>κρυμῴ</span> <span class='ocrx_word' id='word_1_886' title='bbox 2855 3864 3201 3937; x_wconf 86' lang='grc' dir='ltr'>πηγνύμενος</span> <span class='ocrx_word' id='word_1_887' title='bbox 3247 3870 3627 3941; x_wconf 83' lang='grc' dir='ltr'>περιέρχεται,</span> <span class='ocrx_word' id='word_1_888' title='bbox 3676 3873 3741 3925; x_wconf 84' lang='grc' dir='ltr'>σὺ</span> 
     </span>
    </p>
   </div>
   <div class='ocr_carea' id='block_1_112' title="bbox 2172 3940 3746 4020">
    <p class='ocr_par' dir='ltr' id='par_1_112' title="bbox 2172 3940 3746 4020">
     <span class='ocr_line' id='line_1_112' title="bbox 2172 3940 3746 4020; baseline 0.011 -28"><span class='ocrx_word' id='word_1_889' title='bbox 2172 3940 2227 3993; x_wconf 86' lang='grc' dir='ltr'>δὲ</span> <span class='ocrx_word' id='word_1_890' title='bbox 2265 3941 2332 3994; x_wconf 81' lang='grc' dir='ltr'>τὰ</span> <span class='ocrx_word' id='word_1_891' title='bbox 2376 3942 2484 3996; x_wconf 89' lang='grc' dir='ltr'>τῶν</span> <span class='ocrx_word' id='word_1_892' title='bbox 2539 3944 2720 4020; x_wconf 80' lang='grc' dir='ltr'>σηρῶν</span> <span class='ocrx_word' id='word_1_893' title='bbox 2780 3948 2996 4018; x_wconf 85' lang='grc' dir='ltr'>νήματα</span> <span class='ocrx_word' id='word_1_894' title='bbox 3044 3951 3426 4020; x_wconf 86' lang='grc' dir='ltr'>περικείμενος</span> <span class='ocrx_word' id='word_1_895' title='bbox 3476 3954 3576 4007; x_wconf 83' lang='grc' dir='ltr'>ούκ</span> <span class='ocrx_word' id='word_1_896' title='bbox 3625 3957 3746 4009; x_wconf 84' lang='grc' dir='ltr'>ἐπι-</span> 
     </span>
    </p>
   </div>
   <div class='ocr_carea' id='block_1_113' title="bbox 2174 4011 3744 4099">
    <p class='ocr_par' dir='ltr' id='par_1_113' title="bbox 2174 4011 3744 4099">
     <span class='ocr_line' id='line_1_113' title="bbox 2174 4011 3744 4099; baseline 0.01 -26"><span class='ocrx_word' id='word_1_897' title='bbox 2174 4024 2408 4094; x_wconf 81' lang='grc' dir='ltr'>στρέφῃ,</span> <span class='ocrx_word' id='word_1_898' title='bbox 2450 4011 2571 4078; x_wconf 80' lang='grc' dir='ltr'>ούδέ</span> <span class='ocrx_word' id='word_1_899' title='bbox 2622 4026 2720 4098; x_wconf 79' lang='grc' dir='ltr'>τὴν</span> <span class='ocrx_word' id='word_1_900' title='bbox 2770 4029 3110 4099; x_wconf 86' lang='grc' dir='ltr'>συμπάθειαν</span> <span class='ocrx_word' id='word_1_901' title='bbox 3170 4033 3564 4098; x_wconf 83' lang='grc' dir='ltr'>ἑπιδείκνυσαι,</span> <span class='ocrx_word' id='word_1_902' title='bbox 3628 4037 3744 4090; x_wconf 76' lang='grc' dir='ltr'>ἀλλ’</span> 
     </span>
    </p>
   </div>
   <div class='ocr_carea' id='block_1_114' title="bbox 2173 4104 3746 4189">
    <p class='ocr_par' dir='ltr' id='par_1_114' title="bbox 2173 4104 3746 4189">
     <span class='ocr_line' id='line_1_114' title="bbox 2173 4104 3746 4189; baseline 0.011 -33"><span class='ocrx_word' id='word_1_903' title='bbox 2173 4104 2415 4189; x_wconf 86' lang='grc' dir='ltr'>ἀνηλεῶς</span> <span class='ocrx_word' id='word_1_904' title='bbox 2455 4111 2840 4181; x_wconf 83' lang='grc' dir='ltr'>παρατρέχεις.</span> <span class='ocrx_word' id='word_1_905' title='bbox 2874 4113 2982 4167; x_wconf 80' lang='grc' dir='ltr'>Καὶ</span> <span class='ocrx_word' id='word_1_906' title='bbox 3016 4115 3172 4177; x_wconf 88' lang='grc' dir='ltr'>ποίας</span> <span class='ocrx_word' id='word_1_907' title='bbox 3202 4115 3372 4169; x_wconf 73' lang='grc' dir='ltr'>ταῦτα</span> <span class='ocrx_word' id='word_1_908' title='bbox 3401 4117 3467 4171; x_wconf 82' lang='grc' dir='ltr'>ἂν</span> <span class='ocrx_word' id='word_1_909' title='bbox 3498 4118 3582 4189; x_wconf 75' lang='grc' dir='ltr'>εἴη</span> <span class='ocrx_word' id='word_1_910' title='bbox 3615 4136 3746 4189; x_wconf 90' lang='grc' dir='ltr'>συγ-</span> 
     </span>
    </p>
   </div>
   <div class='ocr_carea' id='block_1_115' title="bbox 2172 4187 3745 4271">
    <p class='ocr_par' dir='ltr' id='par_1_115' title="bbox 2172 4187 3745 4271">
     <span class='ocr_line' id='line_1_115' title="bbox 2172 4187 3745 4271; baseline 0.011 -33"><span class='ocrx_word' id='word_1_911' title='bbox 2172 4187 2396 4258; x_wconf 84' lang='grc' dir='ltr'>γνώμης</span> <span class='ocrx_word' id='word_1_912' title='bbox 2415 4190 2571 4255; x_wconf 76' lang='grc' dir='ltr'>ἆξια;</span> <span class='ocrx_word' id='word_1_913' title='bbox 2603 4192 2689 4263; x_wconf 81' lang='grc' dir='ltr'><strong>Μὴ</strong></span> <span class='ocrx_word' id='word_1_914' title='bbox 2714 4194 2887 4249; x_wconf 88' lang='grc' dir='ltr'>τοίνυν</span> <span class='ocrx_word' id='word_1_915' title='bbox 2910 4195 3066 4250; x_wconf 87' lang='grc' dir='ltr'>τοῦτο</span> <span class='ocrx_word' id='word_1_916' title='bbox 3086 4199 3499 4271; x_wconf 77' lang='grc' dir='ltr'>σπουδάξωμεν,</span> <span class='ocrx_word' id='word_1_917' title='bbox 3525 4187 3586 4255; x_wconf 79' lang='lat'>1:6</span> <span class='ocrx_word' id='word_1_918' title='bbox 3610 4187 3745 4258; x_wconf 84' lang='grc' dir='ltr'>πάν-</span> 
     </span>
    </p>
   </div>
   <div class='ocr_carea' id='block_1_116' title="bbox 2172 4273 3743 4352">
    <p class='ocr_par' dir='ltr' id='par_1_116' title="bbox 2172 4273 3743 4352">
     <span class='ocr_line' id='line_1_116' title="bbox 2172 4273 3743 4352; baseline 0.012 -31"><span class='ocrx_word' id='word_1_919' title='bbox 2172 4286 2280 4322; x_wconf 90' lang='grc' dir='ltr'>των</span> <span class='ocrx_word' id='word_1_920' title='bbox 2317 4273 2380 4324; x_wconf 85' lang='grc' dir='ltr'>ὲκ</span> <span class='ocrx_word' id='word_1_921' title='bbox 2423 4274 2624 4337; x_wconf 87' lang='grc' dir='ltr'>παντὸς</span> <span class='ocrx_word' id='word_1_922' title='bbox 2667 4276 2867 4347; x_wconf 86' lang='grc' dir='ltr'>τρόπου</span> <span class='ocrx_word' id='word_1_923' title='bbox 2907 4277 3124 4332; x_wconf 89' lang='grc' dir='ltr'>πλείονα</span> <span class='ocrx_word' id='word_1_924' title='bbox 3153 4282 3593 4352; x_wconf 86' lang='grc' dir='ltr'>περιϐάλλεσθαι,</span> <span class='ocrx_word' id='word_1_925' title='bbox 3626 4287 3743 4340; x_wconf 81' lang='grc' dir='ltr'>ἀλλ’</span> 
     </span>
    </p>
   </div>
   <div class='ocr_carea' id='block_1_117' title="bbox 2173 4353 3741 4440">
    <p class='ocr_par' dir='ltr' id='par_1_117' title="bbox 2173 4353 3741 4440">
     <span class='ocr_line' id='line_1_117' title="bbox 2173 4353 3741 4440; baseline 0.012 -36"><span class='ocrx_word' id='word_1_926' title='bbox 2173 4353 2350 4407; x_wconf 87' lang='grc' dir='ltr'>ἐκεῖνο</span> <span class='ocrx_word' id='word_1_927' title='bbox 2389 4356 2681 4428; x_wconf 89' lang='grc' dir='ltr'>σκοπῶμεν</span> <span class='ocrx_word' id='word_1_928' title='bbox 2727 4361 2876 4425; x_wconf 84' lang='grc' dir='ltr'>ὅπως</span> <span class='ocrx_word' id='word_1_929' title='bbox 2904 4361 2998 4415; x_wconf 81' lang='grc' dir='ltr'>καὶ</span> <span class='ocrx_word' id='word_1_930' title='bbox 3035 4362 3206 4417; x_wconf 82' lang='grc' dir='ltr'>ταῦτα</span> <span class='ocrx_word' id='word_1_931' title='bbox 3235 4365 3416 4429; x_wconf 88' lang='grc' dir='ltr'>καλῶς</span> <span class='ocrx_word' id='word_1_932' title='bbox 3449 4367 3741 4440; x_wconf 86' lang='grc' dir='ltr'>διαθῶμεν,</span> 
     </span>
    </p>
   </div>
   <div class='ocr_carea' id='block_1_118' title="bbox 2173 4437 3743 4521">
    <p class='ocr_par' dir='ltr' id='par_1_118' title="bbox 2173 4437 3743 4521">
     <span class='ocr_line' id='line_1_118' title="bbox 2173 4437 3743 4521; baseline 0.01 -33"><span class='ocrx_word' id='word_1_933' title='bbox 2173 4437 2269 4490; x_wconf 72' lang='grc' dir='ltr'>καὶ</span> <span class='ocrx_word' id='word_1_934' title='bbox 2297 4437 2395 4521; x_wconf 80' lang='grc' dir='ltr'>τὴν</span> <span class='ocrx_word' id='word_1_935' title='bbox 2423 4439 2537 4493; x_wconf 88' lang='grc' dir='ltr'>τῶν</span> <span class='ocrx_word' id='word_1_936' title='bbox 2579 4442 2637 4495; x_wconf 83' lang='grc' dir='ltr'>ἐν</span> <span class='ocrx_word' id='word_1_937' title='bbox 2663 4443 2823 4515; x_wconf 83' lang='grc' dir='ltr'>χρείᾳ</span> <span class='ocrx_word' id='word_1_938' title='bbox 2849 4446 3223 4515; x_wconf 87' lang='grc' dir='ltr'>τυγχανόντων</span> <span class='ocrx_word' id='word_1_939' title='bbox 3253 4446 3456 4501; x_wconf 82' lang='grc' dir='ltr'>ἔνδειαν</span> <span class='ocrx_word' id='word_1_940' title='bbox 3482 4437 3743 4521; x_wconf 67' lang='grc' dir='ltr'>παραμυ.</span> 
     </span>
    </p>
   </div>
   <div class='ocr_carea' id='block_1_119' title="bbox 2173 4519 3744 4604">
    <p class='ocr_par' dir='ltr' id='par_1_119' title="bbox 2173 4519 3744 4604">
     <span class='ocr_line' id='line_1_119' title="bbox 2173 4519 3744 4604; baseline 0.01 -32"><span class='ocrx_word' id='word_1_941' title='bbox 2173 4519 2498 4592; x_wconf 88' lang='grc' dir='ltr'>θησώμεθα,</span> <span class='ocrx_word' id='word_1_942' title='bbox 2533 4525 2800 4580; x_wconf 83' lang='grc' dir='ltr'>κάκείνων</span> <span class='ocrx_word' id='word_1_943' title='bbox 2834 4529 2908 4599; x_wconf 84' lang='grc' dir='ltr'>μὴ</span> <span class='ocrx_word' id='word_1_944' title='bbox 2952 4531 3275 4600; x_wconf 86' lang='grc' dir='ltr'>ἐκπέσωμεν</span> <span class='ocrx_word' id='word_1_945' title='bbox 3305 4531 3412 4585; x_wconf 88' lang='grc' dir='ltr'>τῶν</span> <span class='ocrx_word' id='word_1_946' title='bbox 3434 4533 3520 4587; x_wconf 74' lang='grc' dir='ltr'>ἀεὶ</span> <span class='ocrx_word' id='word_1_947' title='bbox 3554 4519 3744 4604; x_wconf 76' lang='grc' dir='ltr'>μενόν-</span> 
     </span>
    </p>
   </div>
   <div class='ocr_carea' id='block_1_120' title="bbox 2170 4607 3743 4683">
    <p class='ocr_par' dir='ltr' id='par_1_120' title="bbox 2170 4607 3743 4683">
     <span class='ocr_line' id='line_1_120' title="bbox 2170 4607 3743 4683; baseline 0.01 -27"><span class='ocrx_word' id='word_1_948' title='bbox 2170 4620 2309 4668; x_wconf 89' lang='grc' dir='ltr'>των,</span> <span class='ocrx_word' id='word_1_949' title='bbox 2359 4607 2470 4659; x_wconf 86' lang='grc' dir='ltr'>τῶν</span> <span class='ocrx_word' id='word_1_950' title='bbox 2511 4608 2766 4677; x_wconf 70' lang='grc' dir='ltr'>οὐδεμίαν</span> <span class='ocrx_word' id='word_1_951' title='bbox 2819 4610 3117 4681; x_wconf 82' lang='grc' dir='ltr'>μεταϐολὴν</span> <span class='ocrx_word' id='word_1_952' title='bbox 3175 4612 3590 4683; x_wconf 80' lang='grc' dir='ltr'>ὲπιδεχομένων.</span> <span class='ocrx_word' id='word_1_953' title='bbox 3642 4619 3743 4671; x_wconf 71' lang='grc' dir='ltr'>Διά</span> 
     </span>
    </p>
   </div>
   <div class='ocr_carea' id='block_1_121' title="bbox 2171 4687 3744 4769">
    <p class='ocr_par' dir='ltr' id='par_1_121' title="bbox 2171 4687 3744 4769">
     <span class='ocr_line' id='line_1_121' title="bbox 2171 4687 3744 4769; baseline 0.01 -30"><span class='ocrx_word' id='word_1_954' title='bbox 2171 4687 2280 4758; x_wconf 81' lang='grc' dir='ltr'>γὰρ</span> <span class='ocrx_word' id='word_1_955' title='bbox 2301 4687 2457 4742; x_wconf 88' lang='grc' dir='ltr'>τοῦτο</span> <span class='ocrx_word' id='word_1_956' title='bbox 2485 4691 2579 4744; x_wconf 81' lang='grc' dir='ltr'>καὶ</span> <span class='ocrx_word' id='word_1_957' title='bbox 2605 4692 2702 4762; x_wconf 80' lang='grc' dir='ltr'>τὴν</span> <span class='ocrx_word' id='word_1_958' title='bbox 2733 4693 2943 4762; x_wconf 76' lang='grc' dir='ltr'>ἡμέραν</span> <span class='ocrx_word' id='word_1_959' title='bbox 2968 4694 3125 4764; x_wconf 83' lang='grc' dir='ltr'>ήμῶν</span> <span class='ocrx_word' id='word_1_960' title='bbox 3147 4695 3244 4765; x_wconf 82' lang='grc' dir='ltr'>τῆς</span> <span class='ocrx_word' id='word_1_961' title='bbox 3273 4696 3529 4767; x_wconf 86' lang='grc' dir='ltr'>τελευτῆς</span> <span class='ocrx_word' id='word_1_962' title='bbox 3550 4699 3744 4769; x_wconf 78' lang='grc' dir='ltr'>ἄδηλον</span> 
     </span>
    </p>
   </div>
   <div class='ocr_carea' id='block_1_122' title="bbox 2172 4769 3739 4852">
    <p class='ocr_par' dir='ltr' id='par_1_122' title="bbox 2172 4769 3739 4852">
     <span class='ocr_line' id='line_1_122' title="bbox 2172 4769 3739 4852; baseline 0.008 -30"><span class='ocrx_word' id='word_1_963' title='bbox 2172 4769 2304 4852; x_wconf 66' lang='grc' dir='ltr'>ἡμῖν</span> <span class='ocrx_word' id='word_1_964' title='bbox 2346 4771 2599 4843; x_wconf 76' lang='grc' dir='ltr'>ἐποίησεν</span> <span class='ocrx_word' id='word_1_965' title='bbox 2647 4774 2674 4825; x_wconf 85' lang='lat'>6</span> <span class='ocrx_word' id='word_1_966' title='bbox 2716 4775 3011 4846; x_wconf 83' lang='grc' dir='ltr'>Δεσπότης,</span> <span class='ocrx_word' id='word_1_967' title='bbox 3046 4776 3133 4828; x_wconf 79' lang='grc' dir='ltr'>ἵνα</span> <span class='ocrx_word' id='word_1_968' title='bbox 3168 4778 3316 4847; x_wconf 78' lang='grc' dir='ltr'>ἡμᾶς</span> <span class='ocrx_word' id='word_1_969' title='bbox 3345 4784 3739 4852; x_wconf 80' lang='grc' dir='ltr'>παρασκευάσῃ</span> 
     </span>
    </p>
   </div>
   <div class='ocr_carea' id='block_1_123' title="bbox 2170 4850 3743 4935">
    <p class='ocr_par' dir='ltr' id='par_1_123' title="bbox 2170 4850 3743 4935">
     <span class='ocr_line' id='line_1_123' title="bbox 2170 4850 3743 4935; baseline 0.008 -31"><span class='ocrx_word' id='word_1_970' title='bbox 2170 4850 2432 4922; x_wconf 88' lang='grc' dir='ltr'>διηνεκῶς</span> <span class='ocrx_word' id='word_1_971' title='bbox 2455 4857 2645 4925; x_wconf 81' lang='grc' dir='ltr'>νήφειν</span> <span class='ocrx_word' id='word_1_972' title='bbox 2680 4857 2773 4909; x_wconf 82' lang='grc' dir='ltr'>καὶ</span> <span class='ocrx_word' id='word_1_973' title='bbox 2800 4859 3180 4928; x_wconf 85' lang='grc' dir='ltr'>ἐγρηγορέναι,</span> <span class='ocrx_word' id='word_1_974' title='bbox 3214 4860 3305 4912; x_wconf 82' lang='grc' dir='ltr'>καὶ</span> <span class='ocrx_word' id='word_1_975' title='bbox 3329 4861 3500 4935; x_wconf 80' lang='grc' dir='ltr'>ταύτῃ</span> <span class='ocrx_word' id='word_1_976' title='bbox 3544 4850 3743 4933; x_wconf 71' lang='grc' dir='ltr'>μᾶλλον</span> 
     </span>
    </p>
   </div>
   <div class='ocr_carea' id='block_1_124' title="bbox 2170 4935 3745 5017">
    <p class='ocr_par' dir='ltr' id='par_1_124' title="bbox 2170 4935 3745 5017">
     <span class='ocr_line' id='line_1_124' title="bbox 2170 4935 3745 5017; baseline 0.008 -30"><span class='ocrx_word' id='word_1_977' title='bbox 2170 4935 2412 5010; x_wconf 85' lang='grc' dir='ltr'>διεγείρῃ</span> <span class='ocrx_word' id='word_1_978' title='bbox 2446 4939 2581 5008; x_wconf 83' lang='grc' dir='ltr'>πρὸς</span> <span class='ocrx_word' id='word_1_979' title='bbox 2619 4940 2716 5011; x_wconf 81' lang='grc' dir='ltr'>τὴν</span> <span class='ocrx_word' id='word_1_980' title='bbox 2762 4940 2859 5010; x_wconf 88' lang='grc' dir='ltr'>τῆς</span> <span class='ocrx_word' id='word_1_981' title='bbox 2907 4941 3107 5011; x_wconf 83' lang='grc' dir='ltr'>ἀρετῆς</span> <span class='ocrx_word' id='word_1_982' title='bbox 3154 4942 3487 5011; x_wconf 86' lang='grc' dir='ltr'>ἐπιμέλειαν.</span> <span class='ocrx_word' id='word_1_983' title='bbox 3521 4949 3745 5017; x_wconf 72' lang='grc' dir='ltr'>Γρηγοο</span> 
     </span>
    </p>
   </div>
   <div class='ocr_carea' id='block_1_125' title="bbox 2163 5018 3746 5096">
    <p class='ocr_par' dir='ltr' id='par_1_125' title="bbox 2163 5018 3746 5096">
     <span class='ocr_line' id='line_1_125' title="bbox 2163 5018 3746 5096; baseline 0.008 -24"><span class='ocrx_word' id='word_1_984' title='bbox 2163 5018 2323 5085; x_wconf 79' lang='grc' dir='ltr'>ρεῖτε</span> <span class='ocrx_word' id='word_1_985' title='bbox 2348 5022 2477 5091; x_wconf 79' lang='grc' dir='ltr'>γὰρ,</span> <span class='ocrx_word' id='word_1_986' title='bbox 2506 5022 2690 5092; x_wconf 74' lang='grc' dir='ltr'>φησὶν,</span> <span class='ocrx_word' id='word_1_987' title='bbox 2718 5022 2805 5076; x_wconf 84' lang='grc' dir='ltr'>ὅτι</span> <span class='ocrx_word' id='word_1_988' title='bbox 2830 5027 2941 5078; x_wconf 80' lang='grc' dir='ltr'>οὐκ</span> <span class='ocrx_word' id='word_1_989' title='bbox 2966 5024 3165 5078; x_wconf 78' lang='grc' dir='ltr'>οἴδατε</span> <span class='ocrx_word' id='word_1_990' title='bbox 3192 5025 3307 5095; x_wconf 81' lang='grc' dir='ltr'>τὴν</span> <span class='ocrx_word' id='word_1_991' title='bbox 3332 5028 3581 5096; x_wconf 63' lang='grc' dir='ltr'>ἡμέραν,</span> <span class='ocrx_word' id='word_1_992' title='bbox 3602 5032 3746 5085; x_wconf 74' lang='grc' dir='ltr'>οὐδὲ</span> 
     </span>
    </p>
   </div>
   <div class='ocr_carea' id='block_1_126' title="bbox 2170 5101 3745 5182">
    <p class='ocr_par' dir='ltr' id='par_1_126' title="bbox 2170 5101 3745 5182">
     <span class='ocr_line' id='line_1_126' title="bbox 2170 5101 3745 5182; baseline 0.008 -29"><span class='ocrx_word' id='word_1_993' title='bbox 2170 5101 2286 5168; x_wconf 78' lang='grc' dir='ltr'>τήν</span> <span class='ocrx_word' id='word_1_994' title='bbox 2312 5102 2492 5170; x_wconf 81' lang='grc' dir='ltr'>ὥραν.</span> <span class='ocrx_word' id='word_1_995' title='bbox 2542 5104 2680 5157; x_wconf 83' lang='grc' dir='ltr'>Ἀλλ’</span> <span class='ocrx_word' id='word_1_996' title='bbox 2713 5109 2873 5176; x_wconf 77' lang='grc' dir='ltr'>ἡμεῖς</span> <span class='ocrx_word' id='word_1_997' title='bbox 2906 5106 2968 5158; x_wconf 82' lang='grc' dir='ltr'>τὸ</span> <span class='ocrx_word' id='word_1_998' title='bbox 3001 5108 3242 5160; x_wconf 85' lang='grc' dir='ltr'>ἐναντίον</span> <span class='ocrx_word' id='word_1_999' title='bbox 3282 5111 3613 5182; x_wconf 82' lang='grc' dir='ltr'>πράττομεν,</span> <span class='ocrx_word' id='word_1_1000' title='bbox 3649 5115 3745 5168; x_wconf 79' lang='grc' dir='ltr'>καὶ</span> 
     </span>
    </p>
   </div>
   <div class='ocr_carea' id='block_1_127' title="bbox 2168 5183 3745 5265">
    <p class='ocr_par' dir='ltr' id='par_1_127' title="bbox 2168 5183 3745 5265">
     <span class='ocr_line' id='line_1_127' title="bbox 2168 5183 3745 5265; baseline 0.009 -30"><span class='ocrx_word' id='word_1_1001' title='bbox 2168 5183 2236 5236; x_wconf 84' lang='grc' dir='ltr'>δι’</span> <span class='ocrx_word' id='word_1_1002' title='bbox 2275 5184 2397 5238; x_wconf 82' lang='grc' dir='ltr'>ὅλου</span> <span class='ocrx_word' id='word_1_1003' title='bbox 2424 5185 2756 5259; x_wconf 87' lang='grc' dir='ltr'>καθεύδομεν</span> <span class='ocrx_word' id='word_1_1004' title='bbox 2794 5188 2959 5242; x_wconf 77' lang='grc' dir='ltr'>ὕπνον</span> <span class='ocrx_word' id='word_1_1005' title='bbox 2992 5188 3181 5242; x_wconf 87' lang='grc' dir='ltr'>τούτου</span> <span class='ocrx_word' id='word_1_1006' title='bbox 3207 5190 3300 5243; x_wconf 89' lang='grc' dir='ltr'>τοῦ</span> <span class='ocrx_word' id='word_1_1007' title='bbox 3327 5194 3553 5259; x_wconf 86' lang='grc' dir='ltr'>φυσικοῦ</span> <span class='ocrx_word' id='word_1_1008' title='bbox 3578 5195 3745 5265; x_wconf 85' lang='grc' dir='ltr'>βαρύ-</span> 
     </span>
    </p>
   </div>
   <div class='ocr_carea' id='block_1_128' title="bbox 2167 5269 3745 5341">
    <p class='ocr_par' dir='ltr' id='par_1_128' title="bbox 2167 5269 3745 5341">
     <span class='ocr_line' id='line_1_128' title="bbox 2167 5269 3745 5341; baseline 0.009 -23"><span class='ocrx_word' id='word_1_1009' title='bbox 2167 5282 2345 5336; x_wconf 86' lang='grc' dir='ltr'>τερον.</span> <span class='ocrx_word' id='word_1_1010' title='bbox 2406 5269 2463 5320; x_wconf 87' lang='lat'>&#39;0</span> <span class='ocrx_word' id='word_1_1011' title='bbox 2507 5271 2605 5338; x_wconf 82' lang='grc' dir='ltr'>μὲν</span> <span class='ocrx_word' id='word_1_1012' title='bbox 2635 5273 2740 5341; x_wconf 72' lang='grc' dir='ltr'>γὰρ</span> <span class='ocrx_word' id='word_1_1013' title='bbox 2774 5271 2960 5324; x_wconf 87' lang='grc' dir='ltr'>τοῦτον</span> <span class='ocrx_word' id='word_1_1014' title='bbox 2987 5272 3261 5325; x_wconf 88' lang='grc' dir='ltr'>καθεύδων</span> <span class='ocrx_word' id='word_1_1015' title='bbox 3296 5274 3387 5325; x_wconf 74' lang='grc' dir='ltr'>τὸν</span> <span class='ocrx_word' id='word_1_1016' title='bbox 3426 5274 3610 5339; x_wconf 81' lang='grc' dir='ltr'>ὕπνον,</span> <span class='ocrx_word' id='word_1_1017' title='bbox 3650 5281 3745 5332; x_wconf 79' lang='grc' dir='ltr'>καὶ</span> 
     </span>
    </p>
   </div>
   <div class='ocr_carea' id='block_1_129' title="bbox 2170 5348 3745 5430">
    <p class='ocr_par' dir='ltr' id='par_1_129' title="bbox 2170 5348 3745 5430">
     <span class='ocr_line' id='line_1_129' title="bbox 2170 5348 3745 5430; baseline 0.008 -30"><span class='ocrx_word' id='word_1_1018' title='bbox 2170 5348 2306 5417; x_wconf 80' lang='grc' dir='ltr'>πρὸς</span> <span class='ocrx_word' id='word_1_1019' title='bbox 2352 5348 2419 5400; x_wconf 68' lang='grc' dir='ltr'>τὰ</span> <span class='ocrx_word' id='word_1_1020' title='bbox 2448 5351 2594 5404; x_wconf 77' lang='grc' dir='ltr'>κακά</span> <span class='ocrx_word' id='word_1_1021' title='bbox 2633 5354 2729 5405; x_wconf 73' lang='grc' dir='ltr'>καὶ</span> <span class='ocrx_word' id='word_1_1022' title='bbox 2765 5353 2903 5423; x_wconf 70' lang='grc' dir='ltr'>πρὸς</span> <span class='ocrx_word' id='word_1_1023' title='bbox 2937 5354 3003 5406; x_wconf 86' lang='grc' dir='ltr'>τὰ</span> <span class='ocrx_word' id='word_1_1024' title='bbox 3035 5352 3175 5406; x_wconf 78' lang='grc' dir='ltr'>καλά</span> <span class='ocrx_word' id='word_1_1025' title='bbox 3214 5355 3575 5428; x_wconf 82' lang='grc' dir='ltr'>ἀνενέργητος</span> <span class='ocrx_word' id='word_1_1026' title='bbox 3610 5376 3745 5430; x_wconf 80' lang='grc' dir='ltr'>τυγ-</span> 
     </span>
    </p>
   </div>
   <div class='ocr_carea' id='block_1_130' title="bbox 2227 5464 2860 5556">
    <p class='ocr_par' dir='ltr' id='par_1_130' title="bbox 2227 5464 2860 5556">
     <span class='ocr_line' id='line_1_130' title="bbox 2227 5464 2860 5556; baseline 0.005 0"><span class='ocrx_word' id='word_1_1027' title='bbox 2227 5464 2257 5556; x_wconf 70' lang='lat'>2</span> <span class='ocrx_word' id='word_1_1028' title='bbox 2280 5465 2424 5556; x_wconf 49' lang='lat' dir='ltr'>E2331</span> <span class='ocrx_word' id='word_1_1029' title='bbox 2451 5468 2674 5556; x_wconf 60' lang='grc' dir='ltr'>εξὲίιξὲι-</span> <span class='ocrx_word' id='word_1_1030' title='bbox 2702 5472 2860 5535; x_wconf 76' lang='grc' dir='ltr'>μυρία·</span> 
     </span>
    </p>
   </div>
   <div class='ocr_carea' id='block_1_131' title="bbox 2225 5527 3452 5659">
    <p class='ocr_par' dir='ltr' id='par_1_131' title="bbox 2225 5527 3452 5659">
     <span class='ocr_line' id='line_1_131' title="bbox 2232 5527 2778 5591; baseline 0.002 -16"><span class='ocrx_word' id='word_1_1031' title='bbox 2232 5529 2255 5556; x_wconf 68' lang='grc' dir='ltr'><strong><em>ο</em></strong></span> <span class='ocrx_word' id='word_1_1032' title='bbox 2282 5527 2426 5576; x_wconf 75' lang='lat' dir='ltr'>Coisl.</span> <span class='ocrx_word' id='word_1_1033' title='bbox 2452 5531 2651 5591; x_wconf 74' lang='grc' dir='ltr'>μήποτε.</span> <span class='ocrx_word' id='word_1_1034' title='bbox 2703 5527 2712 5533; x_wconf 80' lang='grc'><em>’</em></span> <span class='ocrx_word' id='word_1_1035' title='bbox 2767 5527 2778 5535; x_wconf 88' lang='grc'><em>’</em></span> 
     </span>
     <span class='ocr_line' id='line_1_132' title="bbox 2225 5584 3452 5659; baseline 0.009 -24"><span class='ocrx_word' id='word_1_1036' title='bbox 2225 5584 2253 5625; x_wconf 77' lang='grc' dir='ltr'>ἀ</span> <span class='ocrx_word' id='word_1_1037' title='bbox 2279 5588 2425 5659; x_wconf 56' lang='lat' dir='ltr'>Eois].</span> <span class='ocrx_word' id='word_1_1038' title='bbox 2456 5592 2483 5637; x_wconf 91' lang='lat'>6</span> <span class='ocrx_word' id='word_1_1039' title='bbox 2514 5592 2813 5659; x_wconf 81' lang='grc' dir='ltr'>δημιουργὸς,</span> <span class='ocrx_word' id='word_1_1040' title='bbox 2833 5593 2974 5659; x_wconf 68' lang='grc' dir='ltr'>ὁτῶν</span> <span class='ocrx_word' id='word_1_1041' title='bbox 2996 5592 3216 5659; x_wconf 75' lang='grc' dir='ltr'>ἁπάντων</span> <span class='ocrx_word' id='word_1_1042' title='bbox 3234 5596 3452 5659; x_wconf 86' lang='grc' dir='ltr'>χορηγός.</span> 
     </span>
    </p>
   </div>
   <div class='ocr_carea' id='block_1_132' title="bbox 2174 5637 3803 5721">
    <p class='ocr_par' dir='ltr' id='par_1_132' title="bbox 2174 5637 3803 5721">
     <span class='ocr_line' id='line_1_133' title="bbox 2174 5637 3803 5721; baseline 0.009 -27"><span class='ocrx_word' id='word_1_1043' title='bbox 2174 5637 2256 5721; x_wconf 36' lang='grc' dir='ltr'>,ρ</span> <span class='ocrx_word' id='word_1_1044' title='bbox 2279 5648 2481 5721; x_wconf 67' lang='grc' dir='ltr'>ὃρρὶριη</span> <span class='ocrx_word' id='word_1_1045' title='bbox 2526 5637 3479 5721; x_wconf 29' lang='grc' dir='ltr'>ποιςίξιιτῖςςεςέιῖ’ςεβίέρχῐέεζτξίᾱῖίε</span> <span class='ocrx_word' id='word_1_1046' title='bbox 3522 5658 3744 5721; x_wconf 50' lang='lat' dir='ltr'>mue-.1:</span> <span class='ocrx_word' id='word_1_1047' title='bbox 3792 5644 3803 5647; x_wconf 44' lang='grc' dir='ltr'>ν</span> 
     </span>
    </p>
   </div>
   <div class='ocr_carea' id='block_1_133' title="bbox 2170 5713 3676 5780">
    <p class='ocr_par' dir='ltr' id='par_1_133' title="bbox 2170 5713 3676 5780">
     <span class='ocr_line' id='line_1_134' title="bbox 2170 5713 3676 5780; baseline 0.009 -25"><span class='ocrx_word' id='word_1_1048' title='bbox 2170 5713 2349 5771; x_wconf 84' lang='lat' dir='ltr'>mlerp.</span> <span class='ocrx_word' id='word_1_1049' title='bbox 2370 5714 2453 5772; x_wconf 88' lang='lat' dir='ltr'>qui</span> <span class='ocrx_word' id='word_1_1050' title='bbox 2480 5715 2640 5771; x_wconf 76' lang='lat' dir='ltr'>venit,</span> <span class='ocrx_word' id='word_1_1051' title='bbox 2676 5715 2963 5764; x_wconf 73' lang='lat' dir='ltr'>obambulat.</span> <span class='ocrx_word' id='word_1_1052' title='bbox 2990 5713 3181 5765; x_wconf 49' lang='lat' dir='ltr'>Sévﬁét</span> <span class='ocrx_word' id='word_1_1053' title='bbox 3205 5716 3325 5767; x_wconf 81' lang='lat' dir='ltr'>Mor.</span> <span class='ocrx_word' id='word_1_1054' title='bbox 3346 5713 3676 5780; x_wconf 69' lang='grc' dir='ltr'>προσέοχεταιζ</span> 
     </span>
    </p>
   </div>
  </div>
