4150 6276
389 324 491 379 N9

385 439 577 492 futura.
608 435 869 492 Salientes
891 433 1031 489 enim
1064 431 1214 502 pueri
1237 432 1288 485 in
1315 440 1487 494 utero,
1516 439 1572 484 et
1601 426 1964 497 incompositis

385 528 621 599 gestibus
647 542 706 581 se
732 535 1028 589 moventes,
1049 523 1157 591 jam
1175 524 1352 576 omnia
1373 520 1571 589 liquido
1587 519 1961 588 prmdicohant:

385 629 439 673 et
469 634 607 672 nunc
632 617 813 672 didicu
844 616 1034 669 mulier
1058 630 1160 667 non
1187 628 1245 667 se
1267 613 1400 667 duos
1451 612 1622 666 solum
1679 610 1966 678 parituram

388 722 599 777 pueros,
620 707 713 761 sed
734 716 787 760 ct
806 707 923 760 illos
948 706 1189 774 ingentes
1229 701 1593 771 pr0pagandos
1623 698 1757 764 fore,
1788 706 1844 753 et
1869 698 1967 749 mi-

389 812 572 851 norem
616 796 802 864 majori
826 795 1220 849 dominaturum
1260 806 1401 846 esse.
1444 792 1507 843 Et
1531 788 1742 858 quando
1784 794 1965 855 postea

389 890 829 959 appropinquavit
870 899 1078 956 tempus
1123 885 1380 955 pariendi,
1432 884 1524 937 25.
1571 881 1727 943 Exiit,
1771 878 1963 948 inquit,

393 983 580 1039 vrimus
623 984 797 1051 rufus,
825 979 969 1049 quasi
1015 978 1181 1048 pellis,
1200 976 1428 1045 hispidus
1458 990 1475 1029 :
1504 984 1550 1027 et
1573 973 1764 1027 vocavit
1786 987 1967 1025 nomen

389 1073 519 1140 ejus,
544 1071 698 1125 Esau.
721 1069 787 1124 Et
806 1079 975 1140 postea
990 1070 1109 1123 exiit
1133 1073 1290 1140 frater
1304 1068 1434 1135 ejus,
1454 1075 1500 1120 et
1520 1081 1698 1118 manus
1713 1064 1821 1134 ejus
1838 1078 1970 1116 com-

390 1161 651 1230 prehendit
689 1162 976 1214 calcaneum
1012 1160 1172 1223 Esau,
1201 1169 1246 1211 et
1274 1157 1464 1211 vocavit
1502 1171 1683 1208 nomen
1722 1155 1851 1224 ejus,
1872 1151 1968 1205 Ja-

389 1253 509 1305 cob‘
546 1268 565 1305 ς
589 1253 739 1322 quasi
765 1251 871 1320 jam
897 1252 1031 1306 etab
1048 1251 1195 1304 initio
1218 1257 1480 1304 monstret
1507 1248 1645 1301 Deus
1684 1245 1963 1309 minorem,

389 1342 682 1396 secundum
714 1342 765 1396 id
794 1341 934 1411 quod
972 1341 1169 1395 dictum
1215 1347 1317 1403 est,
1348 1336 1533 1406 majori
1576 1349 1696 1393 esse
1728 1333 1969 1388 domina-

390 1441 587 1485 turum.
621 1432 755 1486 Dicit
790 1431 951 1496 enim,
982 1430 1197 1485 tenebat
1234 1443 1391 1482 manu
1428 1427 1735 1480 calcaneum
1777 1422 1918 1477 Esau
1949 1438 1967 1475 :

393 1523 444 1576 id
473 1524 611 1593 quod
654 1533 769 1579 erat
806 1524 1012 1592 signum
1043 1519 1344 1591 superantis
1371 1534 1491 1573 eum
1538 1519 1627 1588 qui
1655 1516 1806 1570 fortis
1848 1529 1968 1569 esse

392 1613 685 1668 videbatur.
731 1614 795 1667 Et
841 1611 1119 1666 considera
1159 1610 1393 1664 divinam
1444 1607 1791 1677 Scripturam,
1835 1619 1969 1674 quo-

391 1705 550 1758 modo
576 1715 791 1774 propter
814 1718 874 1757 ea
899 1716 1017 1772 quae
1060 1710 1242 1769 postea
1285 1699 1457 1753 futura
1499 1705 1671 1761 erant,
1694 1696 1805 1766 jam
1833 1710 1968 1765 pra:-

391 1796 537 1859 dicit,
567 1804 619 1848 ct
648 1794 715 1847 ab
741 1794 891 1847 initio
918 1799 1175 1847 monstrat
1201 1790 1353 1844 nobis
1382 1789 1655 1856 utriusque
1680 1784 1914 1841 studium
1950 1801 1963 1836 :

391 1895 443 1939 et
463 1885 602 1954 quod
642 1885 728 1938 ille
752 1884 964 1953 quidem
991 1881 1255 1936 venationi
1287 1879 1515 1941 deditus,
1542 1877 1626 1931 hic
1649 1891 1777 1931 vero
1806 1877 1967 1929 rusti-

389 1990 485 2029 cus
523 1984 665 2028 esset
710 1975 888 2037 homo,
936 1973 1181 2040 simplex,
1213 1970 1429 2023 domum
1476 1967 1795 2020 inhabitans.
1841 1964 1971 2018 Pro-

393 2075 571 2132 pterea
604 2064 839 2117 Rebecca
878 2062 1127 2131 diligebat
1168 2059 1352 2123 Jacob,
1385 2058 1529 2111 Isaae
1564 2065 1738 2109 autem
1782 2055 1920 2108 Esaii
1955 2070 1968 2106 :

389 2153 479 2209 28.
515 2155 766 2218 Quoniam
806 2152 1002 2207 venatio
1031 2151 1158 2219 ejus,
1199 2148 1386 2218 inquit,
1414 2146 1554 2199 cibus
1582 2154 1688 2200 erat
1713 2145 1807 2198 illi.
1837 2143 1972 2198 Vide

391 2246 660 2315 quomodo
698 2257 892 2313 pueros
928 2242 1271 2310 distinguant.
1307 2240 1374 2293 Et
1399 2250 1568 2293 mater
1605 2237 1815 2308 quidem
1846 2251 1971 2306 erga

395 2337 561 2391 Iacob
599 2336 856 2404 majorem
903 2333 1204 2389 declarabat
1245 2330 1686 2393 benevolentiam,
1725 2344 1789 2383 eo
1831 2327 1972 2397 quod

396 2428 687 2494 simplicem
713 2425 927 2479 videbat
951 2434 1005 2478 et
1028 2423 1173 2477 domi
1220 2429 1516 2475 versantem
1551 2437 1564 2472 :
1599 2428 1747 2489 pater
1794 2429 1971 2474 autem

396 2517 645 2585 diligebat
686 2516 845 2578 Esaia,
887 2523 996 2567 tum
1040 2511 1177 2581 quod
1220 2510 1597 2579 primogenitus
1636 2516 1816 2573 esset,
1860 2517 1971 2562 tum

396 2605 535 2675 quod
567 2606 846 2659 venatione
887 2603 1000 2672 ejus
1026 2608 1345 2655 vesceretur.
1374 2598 1499 2652 Haec
1524 2597 1733 2667 quidem
1776 2598 1850 2651 illi
1894 2597 1974 2651 fa-

395 2699 605 2752 ciebant
634 2696 923 2749 naturalem
945 2694 1277 2748 dilectionem
1303 2698 1621 2760 sequentes;
1668 2690 1971 2744 vaticinium

396 2796 570 2841 autcm
603 2784 851 2855 paulatim
888 2782 1223 2851 implebatnr,
1259 2780 1385 2835 illud
1415 2780 1635 2845 scilicet,
1668 2778 1842 2848 Major
1861 2796 1971 2833 ser-

396 2880 493 2931 viet
526 2876 726 2929 minori.
767 2874 899 2928 Vide
933 2872 1075 2926 enim
1121 2871 1317 2924 statim.
1341 2869 1430 2924 ‘29.
1461 2867 1626 2933 Comit,
1674 2867 1974 2938 inquit,Ja-

395 2972 485 3025 cob
521 2971 792 3023 coctionem
826 2982 845 3021 :
869 2967 999 3020 venit
1040 2974 1207 3018 autem
1237 2962 1374 3016 Esau
1410 2977 1472 3015 ea:
1501 2977 1679 3031 campo
1716 2961 1970 3030 deficiens.

398 3061 486 3117 50.
519 3060 586 3113 Et
611 3060 736 3113 dixit
757 3057 896 3111 Esau
923 3056 990 3108 ad
1024 3053 1186 3108 Iacob
1211 3068 1229 3107 :
1262 3051 1371 3105 Fac
1396 3068 1474 3105 me
1500 3060 1701 3122 gustare
1726 3050 1789 3104 de
1807 3050 1975 3103 edulio

399 3157 493 3207 hoc
536 3157 672 3222 rufo,
715 3151 835 3220 quia
876 3147 1077 3216 deﬁcio.
1123 3144 1400 3213 Propterea
1433 3151 1661 3196 vocatum
1697 3150 1768 3195 est
1796 3157 1978 3194 nomen

400 3247 529 3315 ejus,
559 3243 779 3297 Edom’.
806 3240 893 3295 51.
926 3237 993 3291 Et
1028 3236 1156 3290 dixit
1190 3233 1350 3288 Iacob
1379 3248 1396 3287 :
1428 3233 1508 3286 Da
1534 3232 1658 3285 mihi
1701 3231 1849 3285 hodie
1873 3232 1979 3301 pri-

400 3336 649 3406 mogenita
675 3344 781 3386 tua.
806 3331 898 3385 llle
916 3336 1094 3382 autem
1121 3325 1251 3379 dixit
1275 3342 1290 3378 :
1318 3324 1453 3389 Quid
1482 3322 1609 3376 mihi
1650 3322 1793 3376 hisce
1821 3336 1974 3390 Opus,

402 3444 520 3482 cum
542 3441 686 3480 mors
695 3426 804 3494 jam
826 3437 911 3477 me
932 3419 1161 3485 invadat,
1180 3416 1279 3471 nisi
1299 3431 1552 3485 accepero
1571 3414 1745 3468 cibum
1770 3414 1839 3482 (υ.
1860 3415 1978 3478 32)?

404 3520 549 3573 Alius
569 3526 745 3571 autem
770 3515 1129 3583 juramentum
1153 3507 1412 3578 exigebat,
1441 3513 1498 3559 ut
1524 3505 1727 3558 stabilis
1752 3506 1798 3558 ei
1828 3504 1980 3558 ﬁeret

404 3613 491 3665 illa
522 3609 815 3664 concessio.
841 3606 931 3661 55.
959 3601 1029 3656 Et
1045 3601 1258 3671 juravit,
1293 3597 1481 3667 inquit,
1511 3595 1667 3649 Esau.

472 3702 526 3755 Ξ.
561 3701 699 3754 Ecce
736 3710 876 3751 nunc
909 3694 996 3748 hic
1025 3694 1263 3747 inversus
1287 3699 1368 3742 est
1403 3687 1552 3752 ordo,
1582 3694 1635 3740 et
1660 3684 1979 3754 primogeni-

407 3806 537 3849 turzzc
564 3791 792 3862 dignitas
820 3786 1028 3842 transiit
1060 3784 1124 3837 ad
1152 3798 1271 3836 eum
1300 3780 1389 3849 qui
1426 3778 1619 3831 virtute
1647 3777 1806 3829 animi
1848 3790 1982 3845 prae-

406 3885 659 3956 fulgebat.
688 3880 755 3934 Et
783 3878 1024 3941 vendidit,
1070 3874 1261 3941 inquit,
1296 3870 1434 3923 Esau
1480 3868 1809 3937 primogenita
1838 3880 1855 3917 :
1884 3865 1985 3917 hoc

406 3954 522 4042 est,
569 3972 803 4028 vendidit
822 3969 924 4023 cibi
966 3966 1132 4036 gratia
1162 3962 1468 4030 dignitatem
1499 3974 1528 4010 a
1557 3966 1739 4010 natura
1768 3954 1865 4009 sibi
1892 3954 1984 4007 da-

413 4079 518 4121 tam
551 4084 564 4119 :
595 4065 712 4118 ideo
736 4070 790 4115 et
816 4057 1085 4119 subdidit,
1118 4054 1207 4109 54.
1239 4050 1304 4103 Et
1344 4048 1658 4119 parvipendit
1692 4044 1832 4098 Esau
1875 4045 1983 4113 pri-

410 4158 695 4229 mogenita;
738 4151 887 4222 quasi
926 4149 1126 4202 diceret
1157 4162 1171 4198 :
1200 4144 1441 4212 Ingratus
1478 4147 1591 4192 erat
1632 4152 1695 4190 ac
1738 4135 1985 4205 indignus

410 4226 681 4317 ea,'quam
711 4242 810 4297 sibi
852 4249 1038 4293 natura
1082 4233 1323 4296 dederat,
1350 4229 1623 4298 dignitate.
1654 4226 1765 4280 lloe
1807 4235 1985 4279 autem

413 4316 579 4394 totum
605 4344 706 4397 est,
738 4344 796 4386 ut
816 4331 956 4386 illius
999 4328 1455 4382 demonstraretur
1485 4319 1719 4387 ingratus
1754 4316 1982 4379 animus,

412 4441 467 4485 et
494 4430 585 4484 Dei
609 4426 878 4481 oraculum
919 4418 1318 4487 adimplerctur.

487 4518 700 4573 Moralis
726 4513 971 4584 epilogus.
1003 4509 1076 4560 De
1117 4509 1404 4572 contemptu
1446 4499 1749 4551 divitiarum.
1774 4525 1844 4535 ——
1864 4494 1988 4548 Haec

416 4610 690 4664 audientes
733 4605 998 4656 discamus
1039 4608 1326 4663 numquam
1374 4589 1639 4658 negligere
1666 4586 1805 4640 dona
1829 4601 1857 4638 a
1880 4585 1989 4638 Deo

420 4700 570 4755 nobis
595 4696 737 4757 data,
769 4704 940 4760 neque
961 4695 1176 4756 propter
1216 4695 1373 4751 parva
1399 4678 1594 4732 etvilia
1640 4690 1826 4745 magna
1872 4690 1991 4743 pcr-

422 4795 564 4848 dcre.
583 4791 756 4854 Quare
782 4784 945 4846 enim,
969 4780 1053 4834 dic
1074 4776 1221 4841 mihi,
1243 4775 1511 4843 pr0posito
1532 4783 1695 4838 regno
1715 4768 1987 4831 cmlorum,

421 4885 678 4953 bonisque
706 4879 808 4933 illis
838 4871 1209 4933 ineliahilibus,
1230 4869 1299 4922 ita
1330 4866 1381 4919 in
1411 4864 1711 4918 divitiarum
1729 4858 1990 4928 capidita-

420 4992 526 5033 tem
556 4972 865 5032 insanimus,
898 4975 952 5020 et
980 4970 1371 5025 momentanea,
1396 4972 1513 5026 qua:
1534 4969 1674 5022 saepe
1695 4968 1799 5006 non
1829 4966 1993 5018 usque

420 5071 483 5122 ad
505 5078 771 5134 vesperam
795 5062 1123 5129 permanent,
1150 5049 1415 5121 perpetuis
1434 5060 1747 5115 semperque
1773 5044 1990 5096 duratu-

421 5164 494 5216 iis
539 5150 908 5228 praeferimus?
936 5150 999 5204 Et
1025 5145 1151 5216 quid
1193 5144 1291 5197 hac
1338 5139 1565 5195 amentia
1600 5136 1834 5192 deterius
1871 5148 1991 5189 esse

480 5275 495 5304 ι
526 5272 664 5327 Haec,
711 5276 755 5318 et
797 5263 1191 5329 uocauitgnomen
1232 5260 1337 5329 ejus
1378 5254 1685 5329 demittunt
1710 5252 1917 5329 ξιᾴὲςςε
1930 5251 1998 5329 1o

419 5310 754 5393 ampliavit}
800 5310 1072 5393 liuida),
1105 5310 1283 5372 desuiit
1328 5323 1376 5367 in
1400 5310 1671 5393 .Savilfe‘tL
1701 5310 2000 5393 Quibusdam

422 5375 792 5453 iutilius-diibus;
814 5375 863 5437 iu
882 5375 1028 5453 t‘oisl'.
1042 5375 1231 5453 autem
1246 5381 1590 5453 reperiuntur._
1605 5375 1679 5424 0b
1701 5376 1825 5453 hanc
1844 5377 2001 5434 ipsam

422 5469 617 5503 causam
653 5443 803 5519 modo
834 5445 1178 5519 supplevimus
1218 5445 1515 5519 has‘voces,
1548 5446 1590 5488 et
1617 5443 1799 5486 vocavit
1829 5447 2003 5485 nomen

422 5530 524 5578 ejus
555 5517 696 5567 Esm‘i.
722 5511 871 5581 Εθὶβιἰ
893 5507 945 5557 et
976 5507 1130 5579 Bililia
1151 5507 1371 5612 sequuti.
1726 5556 1736 5566 ι

488 5582 507 5609 ³
538 5579 667 5626 Haec.
697 5588 742 5626 et
762 5574 893 5622 dixit
919 5572 1046 5619 Esau
1173 5568 1208 5614 E
1246 5576 1341 5626 om,
1356 5563 1549 5626 desunt
1571 5559 1619 5606 in
1650 5554 1806 5626 (pisi.
1830 5550 2003 5626 (ειεξιτ

429 5644 492 5687 vil
539 5612 1213 5687 illd:
1246 5612 1383 5675 mihi.
1428 5621 1558 5671 Bibl.
1605 5619 1807 5676 addunt,
1844 5612 2006 5672 hodie,

429 5700 557 5762 quod
582 5701 831 5763 expressit
852 5697 1114 5755 interpres.

1430 317 1495 371 1N
1534 313 1686 372 CAP.
1728 312 1892 369 XXV.
1933 310 2178 370 GENES.
2222 312 2450 369 HOMIL.
2492 313 2555 368 ι..

3547 319 3649 375 450

2073 425 2272 494 possit?
2320 425 2530 495 quando
2568 433 2623 480 et
2671 425 2771 482 illis
2822 424 3087 496 privamur
3113 429 3181 484 ob
3208 429 3429 486 nimium
3459 431 3510 487 in
3536 432 3646 488 lucc

2073 529 2331 578 amorem,
2361 527 2413 571 et
2441 532 2725 585 numquam
2774 518 2856 573 his
2881 519 2981 574 frui
3024 536 3153 590 pure
3191 538 3491 592 possumus.
3521 528 3652 592 Quze

2074 606 2236 671 enim,
2264 622 2465 673 quaeso,
2491 608 2687 662 utilitas
2728 624 3036 678 magnarum
3080 610 3420 668 facultatum?
3445 617 3526 670 An
3552 632 3650 672 ne-

2073 694 2221 748 scitis
2246 697 2604 750 accessionem
2646 701 2926 753 multarum
2961 705 3303 769 pecuniarum
3332 707 3460 760 nihil
3505 708 3651 763 aliud

2074 782 2227 837 nobis
2269 784 2478 849 all‘crre,
2509 802 2666 855 quam
2705 804 2949 844 curarum
2970 791 3316 861 incrementa,
3345 799 3650 867 occupatio-

2075 877 2410 973 nes-mentis,
2433 886 2488 932 et
2514 879 2756 947 vigilias?
2784 881 2898 936 Non
2942 883 3129 938 videtis
3159 885 3256 941 bos
3292 890 3529 943 omnium
3558 906 3653 959 po-

2074 965 2358 1030 tissimum,
2412 977 2469 1020 ut
2511 971 2582 1021 ita
2620 968 2814 1037 dicam,
2858 986 3044 1028 servos
3084 991 3222 1044 esse,
3266 979 3457 1047 quibus
3502 982 3653 1049 plura

2073 1052 2332 1119 affluunt,
2381 1064 2437 1109 et
2478 1058 2713 1125 quotidie
2769 1061 2981 1115 umbras
3038 1064 3178 1132 ipsas
3235 1067 3474 1122 timent?
3526 1069 3655 1124 Inde

2073 1143 2217 1198 enim
2251 1157 2540 1201 nascuntur
2578 1149 2781 1204 insidiae
2802 1190 2816 1216 ,
2842 1152 3151 1222 invidentia,
3184 1158 3361 1211 odium
3390 1175 3570 1229 grave,
3600 1172 3655 1216 et

2073 1233 2350 1290 innumera
2390 1237 2492 1290 alia
2537 1240 2697 1293 mala.
2733 1241 2797 1295 Et
2822 1257 2964 1311 smpe
3010 1245 3160 1300 vides
3204 1264 3328 1301 eum
3366 1252 3455 1319 qui
3492 1252 3652 1307 habet
3723 1305 3725 1307 .

2073 1322 2258 1377 decem
2296 1325 2455 1379 millia
2503 1328 2698 1382 talenta
2724 1332 2839 1385 auri
2882 1335 3172 1400 recondita,
3199 1336 3415 1394 beatum
3462 1359 3658 1399 vocare

2073 1427 2195 1467 eum
2241 1417 2329 1485 qui
2372 1415 2426 1471 in
2467 1419 2675 1473 ofﬁcina
2720 1432 2988 1491 operatur,
3023 1438 3075 1480 et
3100 1442 3165 1481 ex
3192 1428 3371 1485 labore
3400 1447 3656 1489 manuum

2074 1504 2252 1559 cibum
2301 1517 2470 1576 parat.
2518 1511 2697 1576 Qualis
2743 1514 2903 1582 igitur
2950 1517 3215 1587 voluptas,
3252 1532 3344 1575 aut
3384 1525 3541 1593 quale
3573 1527 3657 1581 ius

2073 1609 2244 1694 crum,
2261 1600 2471 1668 quando
2494 1617 2666 1672 neque
2693 1605 2773 1658 his
2796 1607 3035 1673 fruimur,
3049 1619 3103 1664 et
3131 1623 3346 1682 prapter
3367 1618 3503 1672 hanc
3527 1633 3658 1673 con-

2073 1690 2454 1756 cupiscentiam
2480 1692 2642 1746 etiam
2669 1696 2956 1764 majoribus
2983 1703 3282 1767 privamur?
3307 1707 3442 1770 Quid
3478 1718 3658 1762 autem

2075 1776 2194 1831 dico
2218 1780 2527 1849 majoribus,
2550 1785 2762 1851 quando
2788 1801 2909 1840 cum
2931 1790 3084 1844 malis
3104 1808 3220 1860 qua:
3240 1795 3324 1848 hic
3345 1812 3441 1850 nos
3460 1812 3654 1866 appre-

2074 1868 2330 1936 hendunt,
2361 1880 2415 1926 et
2434 1889 2463 1925 ει
2492 1873 2646 1928 bonis
2693 1892 2810 1946 quae
2860 1880 2929 1934 ibi
2972 1891 3098 1938 sunt
3139 1885 3451 1954 excidimus,
3495 1899 3549 1942 et
3588 1893 3656 1945 ad

2074 1958 2371 2028 gehennam
2392 1962 2560 2031 ipsam
2580 1966 2868 2021 mittimur?
2893 1970 2958 2023 Et
2986 1974 3219 2028 nondum
3241 1976 3360 2031 dico
3380 1979 3657 2037 innumera

2077 2060 2291 2117 peccata
2316 2066 2434 2121 qua:
2465 2053 2590 2109 hinc
2616 2057 2953 2128 colliguntur,
2985 2062 3158 2129 dolos,
3176 2067 3487 2136 calumnias,
3510 2072 3655 2140 rapi-

2078 2154 2174 2194 nas
2201 2151 2253 2195 et
2284 2142 2514 2199 fraudes.
2566 2145 2759 2202 Verum
2799 2150 3005 2205 etiamsi
3032 2154 3150 2221 quis
3175 2156 3242 2209 ab
3268 2158 3513 2214 onmibus
3550 2161 3658 2216 illis

2078 2228 2233 2296 liber,
2288 2230 2341 2285 id
2383 2233 2524 2301 quod
2567 2248 2826 2304 perquam
2865 2238 3080 2295 difficile
3122 2252 3175 2296 et
3219 2260 3429 2311 rarum,
3466 2248 3658 2318 opibus

2077 2320 2329 2388 abundet,
2358 2332 2413 2376 et
2444 2324 2555 2391 ipse
2600 2326 2747 2380 solus
2774 2328 2854 2382 eis
2883 2338 3081 2397 utatur,
3113 2343 3168 2386 et
3191 2348 3283 2387 eas
3308 2352 3430 2390 cum
3468 2339 3534 2393 iis
3565 2341 3658 2409 qui

2076 2426 2209 2479 opus
2253 2412 2450 2466 habent
2492 2428 2599 2467 non
2642 2416 2787 2485 large
2812 2423 3199 2488 communicet,
3232 2439 3355 2479 eum
3396 2429 3657 2496 gehenna:

2077 2501 2213 2570 ignis
2241 2504 2486 2572 excipiet.
2515 2506 2665 2571 Quod
2692 2523 2791 2561 nos
2813 2509 3096 2565 manifeste
3133 2513 3290 2569 docet
3330 2519 3578 2585 parabola
3600 2521 3657 2575 in

2075 2597 2365 2667 Evangelio
2409 2600 2597 2667 p0sita,
2643 2616 2766 2655 cum
2810 2606 2990 2657 statuit
3015 2606 3148 2660 alios
3172 2608 3446 2679 adextris,
3476 2614 3656 2670 aliosa

2077 2692 2304 2746 sinistris
2337 2710 2349 2744 :
2386 2692 2592 2760 illisque
2614 2693 2748 2747 dixit
2776 2706 3131 2763 praeparatum
3159 2714 3277 2755 esse
3307 2717 3529 2772 regnum
3552 2721 3658 2760 cae-

2077 2781 2250 2835 lorum
2275 2781 2344 2835 ob
2368 2797 2548 2836 curam
2590 2784 2771 2851 egenis
2801 2787 3093 2854 impensam
3120 2805 3133 2841 :
3176 2788 3345 2845 Venite
3384 2794 3548 2859 enim,
3571 2795 3657 2849 iu-

2079 2873 2209 2940 quit,
2239 2872 2480 2925 benedicti
2503 2871 2675 2926 Patris
2700 2876 2816 2941 mei,
2844 2877 2895 2928 in
2924 2876 3248 2933 hereditatem
3285 2884 3496 2953 accipite
3524 2900 3658 2955 pra:-

2081 2974 2311 3030 paratum
2330 2965 2465 3017 vobis
2489 2981 2695 3034 regnum
2714 2964 2775 3017 ab
2798 2966 2989 3036 origine
3008 2969 3181 3022 mundi
3207 2969 3412 3041 (Matth.
3432 2973 3522 3029 25.
3541 2977 3656 3045 54).

2079 3051 2185 3108 Cur
2203 3062 2257 3109 et
2293 3071 2395 3125 qua
2432 3056 2501 3111 de
2543 3056 2740 3110 causa?
2777 3056 2980 3111 Esurivi
3015 3060 3167 3126 enim,
3202 3072 3251 3116 et
3289 3064 3495 3119 dedistis
3534 3068 3659 3121 mihi

2081 3147 2338 3201 comedere
2381 3145 2539 3217 (Ibid.
2578 3163 2627 3200 υ.
2675 3148 2786 3218 55).
2823 3148 2917 3202 His
2958 3164 3084 3203 vero
3131 3152 3302 3219 ignem
3351 3163 3655 3212 teternum:

2082 3237 2209 3291 dicit
2226 3236 2369 3291 enim
2393 3256 2405 3291 :
2432 3235 2719 3290 Disceditea
2732 3253 2829 3299 me,
2845 3238 3129 3307 maledicti,
3142 3242 3197 3295 in
3213 3241 3382 3312 ignem
3392 3253 3653 3311 retentum,

2081 3329 2166 3397 qui
2189 3337 2504 3398 prteparatus
2529 3336 2601 3380 est
2630 3328 2829 3381 diabolo
2859 3337 2904 3380 et
2928 3330 3120 3399 angelis
3147 3336 3257 3399 ejus
3278 3333 3438 3403 (Ibid.
3465 3349 3513 3388 υ.
3540 3336 3655 3404 ﬂ).

2082 3418 2327 3490 Magnum
2355 3420 2500 3475 verbi
2546 3420 2754 3488 pondus
2780 3438 2792 3471 :
2822 3422 3058 3475 omnium
3102 3422 3355 3480 Dominus
3381 3436 3436 3480 et
3462 3427 3661 3482 Condi-

2082 3517 2167 3564 tor
2184 3510 2339 3565 dicit‘
2365 3527 2377 3563 :
2401 3508 2621 3577 Esurivi,
2642 3518 2685 3562 et
2720 3526 2819 3563 non
2835 3512 3039 3565 dedistis
3066 3514 3187 3566 mihi
3216 3517 3471 3570 comedere
3494 3517 3657 3588 (Ibid.

2082 3617 2131 3654 υ.
2176 3600 2289 3669 42).
2336 3601 2499 3670 Cujus
2540 3602 2770 3656 animam
2818 3617 2923 3656 non
2969 3604 3255 3658 movebunt
3299 3605 3413 3661 haec
3456 3611 3654 3675 verba,

2084 3695 2289 3747 etiamsi
2320 3693 2521 3760 lapidea
2551 3692 2652 3745 sit?
2676 3692 2925 3746 Dominus
2967 3701 3088 3748 tuus
3127 3696 3370 3751 esuriens
3406 3697 3663 3753 obambu-

2085 3784 2179 3847 lat,
2207 3793 2261 3835 et
2286 3792 2338 3835 tu
2356 3797 2412 3836 es
2435 3783 2485 3835 in
2516 3782 2721 3835 deliciis
2745 3799 2758 3833 :
2786 3798 2957 3851 neque
2987 3784 3088 3837 hoc
3108 3786 3300 3850 solum,
3322 3789 3413 3840 sed
3443 3788 3495 3842 in
3522 3789 3661 3843 deli-

2086 3874 2183 3926 ciis
2229 3873 2397 3940 ipsum
2426 3871 2687 3939 despicis;
2719 3873 2929 3925 tametsi
2970 3888 3075 3926 non
3104 3875 3327 3929 multum
3366 3877 3435 3931 sit
3462 3879 3605 3947 quod
3629 3895 3661 3933 a

2088 3974 2140 4018 te
2173 3966 2333 4033 petit;
2368 3978 2557 4031 nempe
2584 3976 2772 4031 panem
2788 3965 2978 4028 solum,
2993 3980 3098 4033 quo
3119 3964 3313 4021 famem
3340 3971 3506 4037 possit
3531 3971 3661 4025 sub-

2090 4056 2285 4109 levare.
2318 4055 2382 4107 Et
2408 4054 2521 4123 ipse
2544 4054 2759 4123 quidem
2785 4055 2979 4123 frigore
3020 4058 3289 4124 rigescens
3317 4060 3661 4125 obambulat,

2090 4157 2144 4201 tu
2175 4157 2353 4201 autem
2381 4147 2565 4201 sericis
2589 4147 2802 4199 indutus
2828 4161 2895 4200 ne
2920 4149 3139 4215 respicis
3164 4150 3410 4217 quidem,
3465 4153 3664 4206 nullam

2089 4238 2608 4294 commiscrationem
2637 4252 2747 4307 pra:
2792 4248 2842 4292 te
2880 4238 3006 4303 fers,
3035 4239 3130 4294 sed
3179 4240 3667 4298 iunniscricorditer

2090 4332 2348 4400 prwteris.
2372 4330 2437 4383 Et
2450 4344 2553 4399 qua
2567 4329 2715 4382 venia
2734 4338 2857 4382 sunt
2879 4330 2992 4382 haec
3006 4329 3160 4398 digna
3178 4331 3200 4383 ?
3215 4331 3459 4401 Neigitur
3474 4334 3544 4386 sit
3565 4334 3667 4390 hoc

2092 4421 2602 4483 studiumnostrum,
2656 4430 2713 4472 ut
2740 4420 2933 4472 multas
2977 4421 3248 4488 quibusvis
3289 4423 3493 4478 artibus
3537 4440 3668 4494 opes

2092 4516 2463 4581 conquiramus
2493 4529 2506 4564 :
2535 4510 2628 4565 sed
2655 4511 2782 4565 illud
2814 4513 2865 4563 in
2885 4526 3047 4579 sc0po
3070 4513 3376 4580 habeamus,
3399 4517 3669 4583 quomodo

2095 4617 2145 4660 et
2175 4608 2287 4658 haec
2315 4605 2451 4657 bene
2479 4603 2844 4671 disponamus,
2891 4611 2945 4653 et
2990 4602 3172 4668 egenis
3218 4604 3671 4658 consulamuszet

2095 4714 2163 4753 ne
2189 4698 2255 4749 ab
2280 4696 2382 4749 illis
2407 4694 2714 4750 excidamus
2752 4707 2871 4761 quae
2914 4706 3125 4759 semper
3167 4703 3416 4757 manent,
3456 4706 3510 4748 et
3548 4710 3669 4762 qua:

2096 4790 2295 4845 nullam
2321 4786 2605 4841 admittunt
2630 4782 3049 4836 vicissitudinem
3063 4796 3125 4835 ac
3138 4783 3505 4838 mutationem.
3524 4785 3673 4851 Quo-

2097 4885 2235 4937 circa
2250 4866 2408 4935 .diem
2427 4878 2614 4934 mortis
2642 4886 2837 4930 nostra:
2867 4876 3127 4928 incertum
3151 4890 3270 4929 esse
3295 4876 3458 4930 voluit
3490 4878 3639 4931 Domi

2097 4992 2197 5029 nus
2216 5016 2229 5038 ,
2263 4984 2318 5027 ut
2348 4987 2444 5026 nos
2474 4977 2794 5039 praepararet
2820 4968 2886 5021 ad
2914 4965 3217 5021 continuam
3248 4968 3589 5024 sobrietatem
3615 4979 3670 5024 et

2097 5063 2439 5135 vigilantiam,
2454 5071 2506 5115 et
2527 5062 2595 5115 ita
2614 5059 2781 5127 magis
2796 5058 2861 5111 ad
2881 5057 3088 5110 virtutis
3108 5057 3337 5111 studium
3358 5072 3457 5112 nos
3478 5073 3668 5127 provoo

2096 5167 2261 5212 caret.
2292 5154 2426 5209 Dicit
2449 5153 2630 5207 enim:
2669 5149 2902 5221 Vigilate,
2934 5148 3053 5216 quia
3089 5149 3288 5201 nescitis
3328 5165 3486 5219 neque
3508 5150 3662 5214 dictu,

2097 5262 2253 5313 neque
2276 5245 2452 5298 horam
2468 5240 2677 5313 (Matth.
2692 5240 2783 5295 25.
2804 5238 2915 5309 l5).
2934 5237 3089 5307 Atqui
3113 5252 3209 5291 nos
3225 5238 3379 5305 plane
3395 5238 3662 5291 diversum

2098 5350 2398 5406 operamur,
2426 5344 2479 5387 et
2502 5331 2795 5387 dormimus
2822 5343 3009 5384 somno
3034 5330 3271 5398 graviore
3295 5341 3450 5396 quam
3480 5327 3549 5380 sit
3571 5341 3664 5380 ua-

2101 5427 2284 5482 turalis
2311 5426 2419 5479 ille.
2446 5424 2579 5478 Nam
2602 5426 2689 5491 qui
2712 5422 2936 5477 naturali
2965 5432 3153 5474 somno
3178 5418 3420 5488 quiescit,
3445 5431 3543 5472 nec
3569 5417 3663 5471 bo-

2165 5645 2182 5676 ι
2217 5641 2378 5703 Coisl.,
2401 5638 2609 5692 omnium
2630 5635 2875 5697 conditor.
2896 5628 3106 5684 matiam
3129 5629 3342 5693 Largitor
3365 5626 3501 5679 dicit.
