4150 6276
419 258 440 285 ὁ

465 327 562 380 451

464 456 612 504 num,
646 453 740 492 ncc
772 437 969 491 malum
999 444 1249 504 operatur
1279 453 1292 487 :
1334 449 1430 486 nos
1477 441 1652 485 autem
1696 431 1805 484 alio
1851 444 2041 483 somno

465 531 785 591 dormimus,
816 526 1142 581 dormientes
1171 523 1237 577 ad
1259 523 1490 586 virtutis,
1521 522 1802 589 vigilantes
1826 519 1894 574 ad
1924 535 2042 573 ma-

463 621 590 675 Iitim
614 634 795 690 Opera,
823 618 1022 674 strenui
1051 617 1103 671 in
1135 616 1307 677 malis,
1340 614 1553 669 desides
1577 615 1628 666 in
1659 611 1812 667 bonis
1840 629 1854 665 :
1886 611 2045 680 idque

461 713 688 769 facimus
708 712 952 767 videntes
974 708 1209 780 quotidie
1235 706 1432 761 multos
1455 705 1578 759 hinc
1598 704 2043 772 abduci,magnas

461 814 640 860 autem
664 805 886 858 aliorum
907 815 1025 857 esse
1051 802 1102 856 in
1135 800 1383 870 praesenti
1413 799 1517 850 vita
1542 795 1966 850 vicissitudines:
1989 801 2043 849 et

461 911 631 965 neque
644 904 784 949 tanta
799 907 978 948 rerum
995 890 1378 962 intequabilitas
1391 889 1454 942 ad
1473 887 1680 942 virtutis
1696 899 1933 940 amorem
1946 898 2042 939 nos

459 986 721 1040 adducere
759 991 952 1053 potest,
977 997 1148 1051 neque
1179 980 1417 1050 disponit
1447 986 1505 1032 ut
1525 977 1883 1046 deSpiciamus
1907 990 2043 1044 prae-

457 1076 650 1131 sentia.
667 1084 721 1130 et
735 1073 1102 1128 desideremus
1136 1070 1331 1134 futura,
1349 1067 1800 1140 praeferamusque
1818 1065 2041 1121 somniis

457 1175 510 1219 et
531 1165 732 1218 umbra:
751 1165 1053 1218 veritatem.
1082 1159 1198 1214 Non
1224 1161 1364 1214 enim
1388 1157 1636 1212 differunt
1661 1155 1942 1226 prtesentia
1971 1153 2040 1208 ab

455 1258 661 1312 umbris
699 1266 752 1310 et
781 1254 1024 1309 somniis.
1071 1251 1300 1307 Proinde
1353 1265 1421 1306 ne
1449 1250 1776 1319 decipiamus
1807 1256 2041 1303 nosmet-

454 1349 620 1417 ipsos,
641 1360 814 1416 neque
829 1353 1099 1400 sectemur
1117 1343 1330 1397 umbras
1348 1358 1362 1395 :
1381 1340 1474 1397 sed
1490 1341 1573 1396 vel
1589 1355 1710 1394 sero
1727 1339 1938 1395 tandem
1955 1353 2041 1394 sa—

457 1440 579 1492 lutis
595 1445 790 1493 nostrae
812 1452 993 1492 curam
1014 1435 1326 1499 habeamus,
1343 1442 1396 1488 et
1408 1447 1536 1503 Opes
1552 1432 1908 1502 indigentibus
1917 1446 2041 1486 eva-

455 1544 702 1592 cnemus,
750 1538 808 1583 ut
847 1529 958 1599 pro.
994 1527 1102 1582 illis
1143 1525 1677 1582 remunerationema
1707 1521 2036 1576 misericordi

457 1620 571 1673 Deo
617 1622 860 1689 accipere
909 1631 1212 1672 mereamur
1250 1632 1263 1668 :
1305 1629 1408 1684 qua
1450 1613 1603 1668 nobis
1644 1611 1891 1666 omnibus
1935 1609 2037 1665 frui

455 1711 799 1774 concedatur,
827 1710 994 1780 gratia
1038 1717 1094 1764 et
1136 1705 1568 1762 miserationibus
1617 1703 1828 1758 Domini
1869 1701 2036 1758 nostri

453 1800 578 1856 Jesu
607 1800 820 1866 Christi,
845 1814 966 1854 cum
995 1810 1100 1868 quo
1130 1797 1273 1851 Patri
1297 1803 1352 1850 et
1379 1795 1594 1864 Spiritui
1621 1801 1806 1848 sancto
1833 1792 1904 1848 sit
1930 1791 2038 1861 glo-

452 1892 554 1958 ria,
587 1892 886 1961 imperium,
927 1891 1116 1954 honor,
1164 1902 1306 1942 nunc
1341 1897 1392 1942 et
1419 1901 1651 1955 semper,
1683 1894 1736 1940 et
1766 1885 1816 1938 in
1842 1882 2034 1939 saecula

456 1983 794 2037 saeculorum.
823 1981 1014 2036 Amen.

1034 2094 1315 2165 IIOMILIA
1346 2107 1431 2163 LI.

450 2246 613 2301 Facta
656 2257 729 2302 est
779 2254 946 2301 autem
990 2250 1150 2316 fames
1192 2260 1342 2314 super
1391 2252 1593 2302 terram,
1625 2251 1805 2310 praeter
1849 2239 2034 2307 [amem

479 2341 718 2406 priorem,
745 2352 856 2403 qua:
883 2336 1048 2404 fuerat
1073 2344 1296 2402 tempore
1326 2332 1580 2385 Abraham
1611 2330 1760 2403 (Gen.
1789 2329 1882 2385 26.
1917 2330 1996 2400 1).

521 2469 571 2522 1.
603 2469 800 2522 Iterum
829 2483 894 2522 ex
926 2468 990 2521 iis
1018 2482 1136 2536 qua:
1163 2480 1332 2534 nuper
1359 2463 1588 2519 diximus
1617 2464 1911 2519 doctrinam
1939 2477 2034 2517 vo-

446 2560 528 2614 bis
555 2559 772 2614 afferam
803 2577 816 2612 :
845 2569 905 2613 ut
933 2567 1109 2612 autem
1139 2557 1340 2626 liquido
1384 2556 1562 2610 sciatis
1594 2555 1682 2608 ubi
1711 2570 1880 2624 nuper
1907 2569 2024 2608 ser-

448 2647 661 2726 nionem
692 2653 908 2703 missum
939 2648 1242 2712 fecerimus,
1259 2656 1314 2702 et
1339 2646 1476 2702 unde
1500 2645 1658 2701 hodie
1679 2645 2032 2701 resumendus

445 2743 535 2804 sit,
564 2757 625 2794 ea
657 2758 774 2809 quae
803 2756 961 2810 supra
1000 2739 1140 2794 dicta
1184 2747 1326 2802 sunt,
1356 2746 1548 2793 vestrte
1574 2737 1779 2792 caritati
1827 2738 1880 2792 in
1912 2754 2030 2793 me-

445 2834 669 2886 moriam
703 2829 904 2885 referre
943 2845 1120 2901 opera:
1150 2829 1376 2898 pretium
1418 2827 1596 2882 fuerit.
1629 2827 1861 2883 Tametsi
1887 2831 2027 2884 enim

445 2938 562 2989 vos,
593 2923 713 2992 quia
741 2923 920 2976 multis
946 2923 1088 2976 curis
1109 2920 1486 2986 distrahimini,
1511 2935 1694 2975 eorum
1722 2919 1857 2976 forte
1878 2921 2027 2998 obliti

446 3007 597 3078 estis,
628 3005 722 3068 sed
774 2999 949 3068 meum
981 3022 1063 3068 est
1090 3005 1225 3066 utin
1257 3011 1566 3066 memoriam
1595 3011 1743 3066 vobis
1777 3011 2027 3067 reducam

443 3120 527 3170 ea,
560 3120 665 3174 quo
709 3119 886 3159 sermo
915 3103 1072 3158 hodie
1100 3103 1357 3158 dicendus
1385 3103 1715 3158 manifestior
1745 3101 1900 3158 vobis
1935 3105 2025 3160 sit.

443 3195 603 3251 Scitis
633 3197 775 3250 enim
803 3211 903 3250 nos
933 3210 1103 3272 nuper
1134 3194 1387 3250 Rebeccae
1415 3195 1666 3264 pietatem
1693 3203 2024 3258 enarrantes,

443 3275 570 3340 in'de
607 3285 673 3340 ad
722 3286 862 3340 Esau
890 3295 944 3339 et
985 3285 1149 3339 Jacob
1185 3285 1489 3349 devenisse,
1521 3285 1606 3340 ubi
1639 3295 1906 3339 narratum
1946 3295 2029 3339 est

443 3375 587 3430 Esau
619 3365 986 3444 primogenita,
1031 3384 1088 3428 ut
1127 3375 1246 3429 cibo
1278 3375 1566 3438 frueretur,
1597 3375 1797 3429 Jacobo
1836 3376 2026 3430 vendi-

443 3466 604 3531 disse,
623 3477 676 3520 ct
698 3474 912 3534 propter
935 3465 1035 3518 cibi
1063 3449 1401 3534 cupiditatem
1427 3465 1770 3534 semetipsum
1799 3480 1897 3519 suo
1929 3467 2025 3519 ho-

443 3572 573 3610 nore
623 3557 875 3625 privasse.
911 3556 1022 3610 Iloc
1066 3567 1243 3610 autem
1284 3570 1389 3610 non
1437 3564 1638 3611 temere
1683 3555 1904 3621 factum,
1932 3557 2025 3612 sed

443 3643 500 3702 ut
541 3649 815 3719 prOphetia
861 3649 1243 3718 complcretur,
1279 3663 1398 3718 qua:
1436 3647 1565 3702 dicit
1597 3663 1611 3702 :
1640 3649 1801 3702 Jacob
1829 3649 2022 3714 dilexi,

443 3740 584 3794 Esau
609 3731 774 3793 autem
819 3741 934 3793 odio
964 3739 1117 3792 habui
1161 3737 1412 3810 (Malach.
1459 3740 1510 3793 I.
1552 3738 1606 3792 2.
1637 3739 1712 3808 5).
1743 3739 1874 3794 Nam
1902 3756 2023 3795 cum

443 3833 584 3888 Deus
613 3815 908 3887 futurorum
936 3833 1004 3886 sit
1035 3834 1310 3901 prtescius,
1342 3831 1582 3902 praedixit
1611 3840 1665 3887 et
1693 3832 1832 3887 illius
1863 3834 2027 3886 virtu-

443 3934 572 3992 tem,
603 3933 655 3978 et
683 3923 838 3992 hujus
875 3924 1034 3977 animi
1064 3923 1371 3990 nequitiam.
1416 3923 1668 3989 Quaenam
1699 3933 1876 3978 autem
1903 3931 2028 3978 sunt

441 4016 543 4071 illa:
593 4001 1062 4086 primogenitum?
1103 4015 1284 4084 Igitur,
1333 4015 1456 4084 quia
1502 4023 1628 4069 tunc
1669 4023 1876 4086 tempus
1918 4031 2023 4071 non

443 4107 784 4176 permittebat
824 4106 1032 4160 caritati
1062 4115 1251 4159 vestr-ae
1295 4104 1494 4168 dicere,
1523 4120 1664 4159 nunc
1687 4120 1907 4160 necesse
1945 4115 2029 4160 est

441 4207 495 4252 ut
521 4197 759 4251 doceam.
792 4196 944 4265 Apud
985 4203 1194 4250 veteres
1220 4209 1460 4248 summus
1491 4194 1662 4248 honor
1685 4205 1800 4250 erat
1829 4197 2028 4265 primo-

439 4290 700 4359 genitura:
731 4306 742 4340 :
775 4287 899 4341 hinc
944 4297 1120 4341 autem
1171 4285 1389 4342 honoris
1435 4302 1649 4342 causam
1687 4299 1742 4343 et
1768 4289 2023 4358 originem

442 4385 648 4438 habuit.
679 4383 809 4438 Cum
858 4383 996 4437 Deus
1027 4381 1385 4437 lsraelitarum
1412 4391 1624 4451 gentem
1671 4383 1739 4437 ab
1771 4383 2026 4456 [Egyptio

440 4476 690 4537 liberare,
717 4484 769 4529 et
815 4464 1115 4529 secundum
1155 4474 1559 4543 promissionem
1593 4475 1910 4544 patriarcha:
1943 4475 2024 4531 fa-

437 4579 577 4624 ctam
604 4582 633 4621 a
659 4567 937 4640 tyrannide
963 4566 1256 4621 Pharaonis
1281 4567 1489 4636 eripere
1510 4567 1692 4633 vellet,
1715 4567 2026 4624 obluctantc

439 4673 496 4716 et
525 4660 765 4714 detinere
795 4660 1005 4714 volente
1028 4669 1151 4713 tunc
1177 4656 1430 4728 IEgyptio
1463 4675 1477 4711 :
1508 4666 1624 4726 post
1647 4659 1818 4713 varias
1846 4659 2026 4729 plagas

439 4753 601 4807 etiam
678 4751 817 4806 hanc
870 4761 1193 4820 postremam
1237 4753 1317 4804 eis
1374 4749 1594 4809 intulit:
1653 4749 1764 4805 fere
1829 4765 2026 4821 cogens

440 4840 720 4912 Egyptios
750 4850 808 4894 ut
854 4843 966 4896 suis
995 4841 1240 4895 manibus
1280 4839 1626 4895 extruderent
1669 4839 2024 4896 Israélitarum

443 4948 613 5004 genus
658 4931 852 4994 (Exod.
896 4932 1006 5001 I2).
1055 4933 1188 4987 Nam
1237 4933 1394 4987 simul
1425 4933 1602 4987 omnia
1651 4930 2023 5004 Egyptiorum

441 5022 791 5092 primogenita
820 5022 988 5075 occidi
1011 5021 1170 5090 jussit
1201 5020 1274 5091 (a)
1301 5040 1313 5074 :
1345 5021 1676 5092 vidissesque
1705 5024 1754 5076 in
1805 5023 2024 5094 singulis

499 5242 574 5308 (τι)
607 5239 906 5308 Hic‘videtur
926 5241 1185 5308 pugnantia
1211 5240 1337 5302 loqui
1375 5242 1750 5308 Chrysostomus,
1776 5257 1883 5294 cum
1903 5245 2027 5308 juris

440 5302 834 5368 primogenitum
873 5314 1056 5368 wet”,
1085 5302 1131 5349 id
1176 5310 1268 5368 est,
1295 5302 1486 5368 causam
1511 5313 1562 5368 et
1584 5305 1841 5368 originem,
1870 5302 2028 5358 refert

439 5363 496 5414 ad
524 5363 910 5414 intornecionem
928 5365 1356 5426 primogenitorum
1374 5363 1578 5472 [Ερμῆ.
1598 5363 1735 5415 annis
1753 5363 1863 5429 plus
1881 5381 2026 5431 quam

440 5429 675 5472 trecentis
691 5434 798 5472 post
811 5433 971 5472 ortum
989 5427 1108 5472 Esaii
1133 5433 1184 5472 et
1201 5426 1359 5472 Jacobi
1388 5439 1398 5472 :
1419 5441 1436 5472 (
1455 5439 1482 5472 e
1505 5439 1711 5472 auorum
1735 5431 2026 5472 nrinmeni.

440 5429 675 5490 trecentis
691 5433 971 5490 postortum
989 5427 1108 5474 Esaii
1133 5433 1184 5490 et
1201 5426 1359 5473 Jacobi
1388 5426 1482 5490 :de
1505 5439 1711 5489 quorum
1735 5426 2027 5490 primogeni-

441 5495 546 5536 tura
567 5489 703 5550 etde
722 5489 833 5550 jure
853 5487 984 5550 illam
1021 5488 1282 5536 comitante
1307 5489 1510 5548 quzrstio
1527 5487 1627 5538 est.
1671 5487 1761 5537 sed
1788 5487 1916 5539 bene
1941 5492 2027 5540 ad-

443 5551 591 5613 vertit
613 5549 695 5613 ille
719 5549 889 5613 postea
915 5549 1092 5613 idgnon
1126 5559 1269 5613 posse
1293 5549 1551 5610 quadrare,
1575 5563 1684 5597 cum
1707 5553 1840 5607 dicit,
1865 5566 2028 5613 quam-

443 5611 518 5657 vis
540 5608 781 5672 Iegislatio
803 5609 882 5659 illa
897 5608 1212 5661 Hebraeorum
1227 5609 1291 5657 de
1313 5608 1650 5672 primogenitis
1662 5608 1906 5672 posterior
1923 5614 2027 5668 fue-

443 5625 518 5657 vts
543 5625 781 5671 lchSIallo
803 5625 882 5659 tua
899 5625 1291 5661 uenraeorumne
1319 5625 1650 5672 primogemns
1743 5625 1906 5661 ‘leI'IOP
1923 5625 2027 5668 tue-

441 5671 618 5734 rit,jus
641 5681 802 5720 tamen
835 5672 1025 5734 aliquod
1051 5675 1446 5733 primogenitum
1479 5679 1620 5720 antea
1652 5625 1820 5722 ἑζῗὲςε.
1849 5681 1898 5723 Et
1940 5677 2028 5726 hac

440 5733 631 5781 ratione
653 5744 762 5794 quae
787 5745 882 5782 non
905 5733 1143 5795 quadrare
1177 5734 1486 5792 videbantur,
1521 5743 1785 5796 utcumque
1809 5741 2022 5800 corrigit.

1221 322 1282 375 S.
1322 317 1597 374 JOANNIS
1632 307 2106 372 CIIRYSOSTOMI
2145 305 2460 368 ARCHIEP.
2503 310 3036 372 CONSTANTINOP.

3633 316 3742 375 £52

2155 428 2401 483 domibus
2427 431 2653 500 ejulatus
2681 441 2736 487 et
2763 433 3063 506 Iacrymas;
3093 449 3265 505 neque
3291 437 3368 492 sic
3394 437 3648 507 putabant
3677 441 3743 493 fi-

2152 521 2251 574 niri
2280 521 2510 592 plagam,
2539 521 2631 577 sed
2677 523 2821 579 illinc
2863 527 3023 579 etiam
3070 528 3450 596 exspectabant
3491 539 3549 583 ut
3591 542 3740 585 mora

2149 620 2256 681 qua
2287 623 2526 682 coeperat
2565 628 2810 682 pergens,
2859 615 2924 670 ad
2966 630 3154 671 omnes
3202 619 3524 686 perveniret.
3557 620 3738 690 Itaque

2147 706 2271 774 quia
2302 707 2352 759 in
2396 704 2628 776 Egypto
2659 723 2759 762 una
2802 708 3039 763 omnium
3071 709 3540 780 primogenitorum
3589 727 3737 768 mors

2150 797 2266 863 fuit,
2291 796 2540 854 Israelita
2565 809 2740 854 autem
2760 799 2936 855 divina
2964 800 3083 856 freti
3108 805 3296 872 gratia,
3321 803 3470 858 illaasi
3487 817 3734 874 perman-

2147 897 2331 941 serunt
2363 901 2376 942 :
2407 902 2502 956 per
2531 888 2630 944 hoc
2653 889 2814 945 etiam
2846 891 3132 946 ostendens
3159 893 3395 947 omnium
3420 895 3560 949 Deus
3579 910 3728 949 suam

2145 985 2272 1045 erga
2305 976 2423 1032 illos
2468 978 2918 1044 benevolentiam,
2965 982 3244 1050 imperavit
3271 982 3325 1037 in
3373 993 3643 1052 posterum
3674 995 3732 1038 ut

2146 1074 2365 1135 propter
2395 1069 2816 1125 interfectionem
2847 1071 3318 1142 primogenitorum
3346 1065 3585 1145 Egypti,
3621 1076 3733 1145 ιιι-ἑο

2146 1159 2402 1228 mogeniti
2429 1159 2732 1216 Judaeorum
2781 1164 2932 1232 pueri
2977 1165 3078 1219 sibi
3120 1165 3460 1221 offerrentur.
3497 1166 3632 1220 Ilinc
3675 1176 3731 1220 et

2145 1252 2316 1305 tribus
2363 1250 2490 1306 Levi
2521 1253 2574 1306 in
2623 1253 2978 1309 sacerdotium
3005 1263 3280 1325 segregata
3326 1263 3430 1322 est,
3453 1264 3508 1311 et
3545 1267 3612 1310 ex
3639 1256 3729 1310 illo

2145 1355 2248 1394 non
2279 1342 2450 1396 solum
2474 1343 2822 1414 primogenita
2848 1344 3120 1400 hominum
3141 1347 3315 1401 oblata
3335 1356 3458 1401 sunt
3479 1346 3610 1412 Deo,
3634 1347 3726 1402 sed

2144 1433 2198 1487 et
2239 1433 2540 1499 brutorum,
2583 1442 2637 1488 et
2686 1435 2738 1489 in
2785 1436 3096 1491 universum
3126 1438 3386 1492 omnium.
3417 1438 3482 1492 Et
3528 1452 3727 1507 przece-

2145 1531 2291 1594 ptum
2340 1535 2474 1592 erat,
2508 1542 2604 1596 pro
2653 1527 2958 1584 hominibus
2997 1538 3055 1584 et
3081 1529 3368 1584 immundis
3409 1529 3725 1584 animalibus

2144 1619 2371 1686 pretium
2419 1617 2668 1688 dependi.
2709 1618 2964 1685 Quamvis
3004 1629 3182 1674 autem
3225 1619 3489 1689 legislatio
3517 1619 3631 1674 hate
3658 1619 3726 1674 de

2143 1707 2512 1776 primogenitis
2577 1710 2842 1776 posterior
2895 1709 3055 1764 fuerit
3085 1727 3099 1764 :
3126 1718 3358 1765 attamen
3406 1709 3517 1779 jam
3566 1724 3724 1778 supra

2143 1805 2198 1849 et
2241 1796 2369 1849 olim
2412 1795 2731 1851 videbantur
2773 1798 2985 1868 aliquod
3015 1797 3213 1853 habere
3253 1799 3607 1868 privilegium,
3634 1799 3724 1867 qui

2145 1886 2357 1940 vulvam
2403 1887 2588 1942 matris
2638 1887 2866 1956 primum
2914 1887 3312 1956 adaperiebant.
3359 1887 3506 1942 Hanc
3566 1888 3724 1958 igitur

2139 1978 2453 2049 dignitatem
2478 2020 2492 2043 ,
2539 1995 2698 2048 quam
2737 1993 2767 2032 a
2795 1989 2979 2034 natura
3027 1979 3257 2036 habebat
3297 1979 3458 2042 Es‘ai’t,
3509 1990 3722 2050 propter

2142 2065 2609 2140 intemperantiam
2657 2086 2808 2126 suam
2847 2072 3116 2126 transtulit
3154 2071 3207 2125 in
3253 2072 3490 2126 fratrem.
3524 2071 3592 2126 Et
3633 2071 3724 2126 ille

2140 2160 2352 2230 quidem
2402 2160 2632 2230 perdidit
2673 2161 2814 2231 quod
2841 2177 2870 2215 a
2900 2171 3087 2216 natura
3130 2161 3510 2216 habebat:hic
3546 2171 3722 2216 autem

2139 2261 2194 2306 et
2225 2251 2366 2322 quod
2410 2268 2515 2306 non
2545 2252 2776 2308 habebat
2799 2268 2829 2306 a
2858 2262 3065 2316 natura,
3096 2253 3318 2322 accepit.
3363 2253 3431 2307 Et
3461 2253 3581 2322 quia
3609 2253 3726 2306 haec

2139 2352 2294 2398 antea
2324 2345 2544 2399 oraculo
2584 2345 2843 2414 promissa
2893 2352 3063 2410 erant,
3093 2343 3216 2399 ideo
3244 2343 3507 2407 Rebecca,
3537 2343 3722 2412 appel-

2138 2435 2337 2492 latione
2365 2436 2413 2491 ei
2445 2436 2628 2500 indita,
2673 2435 2838 2490 Iacob
2880 2451 3003 2491 eum
3053 2435 3468 2505 vocavit:quod
3519 2435 3722 2488 scilicet

2138 2528 2624 2598 supplantationem
2678 2527 3014 2597 interpretari
3071 2536 3244 2596 potes,
3299 2526 3436 2581 sicut
3478 2535 3532 2581 et
3577 2525 3719 2579 Esau

2138 2627 2256 2688 post
2283 2619 2444 2686 patris
2469 2616 2871 2673 benedictiones
2913 2617 3116 2686 ejulans
3142 2616 3372 2682 dicebat,
3401 2614 3548 2670 Iuste
3574 2631 3720 2668 vora-

2136 2718 2243 2762 tam
2271 2718 2346 2763 est
2383 2723 2566 2762 nomen
2593 2709 2702 2778 ejus
2738 2705 2900 2762 Iacob
2929 2723 2948 2761 :
2973 2707 3314 2777 supplantavit
3341 2707 3472 2760 enim
3504 2721 3582 2758 me
3605 2705 3720 2774 jam

2133 2800 2374 2866 secundo,
2406 2810 2454 2854 et
2499 2801 2833 2872 primogenita
2874 2817 2985 2854 mea
3014 2801 3224 2870 accepit,
3256 2809 3302 2852 et
3344 2815 3476 2853 nunc
3513 2797 3719 2854 benedi-

2133 2892 2346 2944 ctionem
2373 2901 2536 2945 meam
2579 2891 2729 2961 (Gen.
2755 2891 2845 2945 27'.
2875 2890 2989 2962 56).

2209 2980 2262 3034 Ν
2267 2983 2491 3036 ominum
2521 2975 2838 3051 prapriorunt
2859 2975 3111 3048 impositio
3129 3011 3218 3035 .—
3233 2981 3365 3036 Vide
3389 2989 3582 3051 quanta
3602 2989 3718 3034 erat

2133 3075 2434 3144 priscorum
2484 3067 2786 3145 prudentia,
2841 3071 2926 3129 vel
2967 3075 3162 3144 potius,
3193 3083 3386 3143 quanta
3437 3071 3595 3128 fuerit
3623 3070 3714 3126 Dei

2133 3165 2417 3234 sapientia,
2467 3161 2570 3234 qua
2615 3164 2854 3219 effecerit
2882 3172 2940 3218 ut
2979 3173 3032 3218 et
3059 3164 3309 3218 mulieres
3339 3163 3474 3218 natis
3502 3162 3714 3217 nomina

2133 3257 2238 3309 nun
2264 3261 2466 3310 temere
2493 3263 2593 3309 nec
2619 3253 2837 3309 fortuito
2875 3257 3229 3323 imponerent,
3263 3253 3356 3309 sed
3386 3253 3598 3308 nomina
3622 3253 3716 3308 da-

2133 3355 2274 3411 rent,
2303 3361 2421 3415 quze
2462 3345 2581 3400 filiis
2609 3356 2790 3425 essent
2834 3343 3128 3402 futurorum
3172 3346 3463 3416 praedictio.
3494 3347 3560 3402 Et
3597 3361 3718 3402 raro

2133 3438 2373 3494 invenies
2397 3437 2588 3494 eadem
2620 3453 2726 3508 quo
2768 3448 2946 3509 patres
2999 3438 3214 3494 nomine
3255 3441 3511 3509 appellari
3541 3439 3674 3494 ﬁlios
3697 3481 3713 3505 ,

2131 3530 2214 3586 vel
2242 3529 2378 3585 forte
2403 3545 2663 3598 nusquam
2697 3549 2710 3584 :
2743 3531 2836 3587 sed
2864 3530 2977 3588 sive
3004 3541 3174 3587 mater
3201 3533 3318 3588 sive
3347 3542 3496 3602 pater
3523 3548 3715 3588 nomen

2133 3622 2244 3678 filio
2274 3623 2617 3692 impositurus
2643 3633 2780 3688 erat,
2813 3640 2990 3679 rarum
3016 3625 3282 3695 quoddam
3310 3634 3364 3680 et
3388 3642 3581 3681 novum
3611 3627 3714 3680 im-

2132 3715 2384 3783 ponebat,
2419 3724 2474 3769 ut
2520 3730 2615 3784 per
2663 3715 2788 3770 illud
2819 3716 2992 3787 aliqua
3044 3716 3216 3771 futura
3260 3718 3714 3788 pnesignificaret.

2132 3805 2206 3860 Ita
2235 3814 2288 3860 et
2316 3804 2546 3860 Lameclt
2587 3805 2749 3860 filium
2795 3807 3005 3861 vocavit
3048 3807 3181 3872 Noe,
3227 3809 3454 3862 dicens:
3489 3807 3586 3861 Hic
3623 3825 3718 3862 nos

2130 3900 2440 3969 requiescere
2483 3899 2633 3969 faciet
2664 3897 2814 3968 (Gen.
2845 3900 2895 3955 5.
2925 3899 3042 3970 29).
3077 3899 3150 3954 Ita
3193 3901 3235 3953 si
3265 3901 3467 3970 singula
3499 3901 3714 3956 nomina

2130 3992 2402 4055 scrutcris,
2435 3993 2652 4046 omnino
2685 3993 2736 4046 in
2785 3993 3030 4047 omnibus
3052 3993 3295 4048 invenies
3341 3995 3539 4064 aliquid
3582 3995 3714 4049 insi-

2133 4083 2286 4135 nuari
2319 4098 2333 4135 :
2367 4098 2471 4136 non
2502 4083 2638 4136 sicut
2661 4098 2801 4137 nime
2827 4083 3044 4148 faciunt,
3076 4085 3164 4154 qui
3192 4094 3392 4140 temere
3420 4095 3474 4140 et
3501 4097 3554 4140 ut
3579 4086 3716 4141 forte

2131 4173 2326 4238 evenit,
2358 4187 2388 4226 a
2416 4172 2723 4242 parentibus
2751 4175 3095 4242 agnominare
3123 4175 3298 4230 solent
3329 4194 3342 4231 :
3373 4175 3468 4232 sed
3498 4179 3717 4232 omnino

2131 4261 2255 4317 illuc
2282 4262 2610 4332 spectabant,
2639 4273 2697 4317 ut
2722 4273 3028 4332 perpetuam
3057 4267 3365 4321 memoriam
3409 4283 3506 4337 per
3527 4268 3715 4338 appel-

2133 4354 2384 4412 lationem
2407 4356 2548 4411 illam
2569 4356 2690 4411 filiis
2707 4357 2968 4413 iudcreut.
2989 4359 3253 4414 Caeterum
3271 4361 3545 4416 videamus
3577 4376 3718 4418 nunc

2130 4457 2250 4518 post
2279 4447 2706 4517 primogenitum:
2728 4450 3192 4517 permutationem,
3207 4451 3332 4519 quid
3353 4451 3541 4507 iterum
3564 4453 3718 4507 nobis

2131 4546 2313 4592 narret
2356 4537 2540 4592 beatus
2567 4537 2741 4593 Moses
2781 4539 2848 4594 de
2897 4549 3045 4607 patre
3091 4541 3320 4606 illorum,
3351 4551 3406 4597 et
3449 4544 3718 4612 quomodo

2130 4627 2268 4681 sicut
2297 4627 2367 4682 de
2397 4627 2695 4696 patriarcha
2717 4627 2914 4682 dictum
2942 4638 3041 4693 est,
3078 4629 3145 4682 ita
3171 4639 3224 4684 et
3249 4629 3315 4684 de
3341 4629 3441 4684 hoc
3467 4631 3714 4700 legimus,

2129 4734 2250 4774 eum
2284 4718 2424 4774 fame
2450 4720 2728 4791 ingruente
2752 4721 2970 4775 multam
3003 4721 3092 4776 Dei
3123 4737 3303 4777 curam
3329 4723 3580 4789 sensisse,
3604 4732 3715 4778 tum

2131 4819 2348 4881 propter
2377 4811 2624 4866 virtutem
2654 4813 2918 4880 pr0priam
2941 4853 2955 4877 ,
2989 4822 3098 4866 tum
3143 4824 3362 4882 propter
3404 4816 3718 4884 promissio-

2130 4919 2253 4958 nem
2280 4903 2597 4974 patriarcha:
2627 4902 2837 4959 factam.
2870 4905 2920 4958 l.
2956 4903 3120 4958 Facta
3157 4917 3232 4960 est
3255 4916 3423 4960 autem
3451 4911 3608 4979 fames
3631 4927 3717 4963 su-

2132 5011 2220 5063 per
2245 5005 2448 5057 terram,
2481 5003 2663 5064 praeter
2691 4995 2875 5063 famem
2903 4997 3142 5067 priorem,
3169 5013 3281 5068 qua:
3308 4998 3472 5066 fuerat
3498 5010 3719 5070 tempore

2131 5083 2348 5139 Abralue
2377 5084 2526 5152 (Cap.
2553 5084 2666 5157 26).
2693 5084 2763 5140 Ut
2794 5103 2860 5141 ne
2889 5096 3040 5156 putes
3070 5089 3138 5142 de
3177 5089 3264 5143 illa
3306 5089 3447 5145 fame
3485 5104 3607 5145 eum
3638 5093 3719 5144 di-

2131 5191 2268 5240 cere,
2295 5187 2570 5246 propterea
2602 5178 2836 5232 subdidit
2860 5179 3088 5235 :Prwter
3115 5186 3297 5251 famem
3323 5197 3438 5252 qua
3463 5193 3570 5238 erat
3589 5193 3716 5237 tem-

2132 5285 2252 5340 pore
2281 5270 2602 5339 patriarchw,
2635 5272 2784 5341 quasi
2827 5271 3056 5337 diceret,
3086 5275 3188 5329 alia
3230 5276 3418 5330 similis
3450 5292 3588 5331 nunc
3613 5279 3714 5331 ite-

2133 5376 2248 5416 rum
2280 5359 2446 5416 fames
2471 5363 2616 5417 venit
2656 5377 2816 5431 super
2861 5373 3056 5418 terram
3086 5375 3323 5435 tempore
3351 5367 3516 5432 Isaac,
3545 5370 3718 5439 qualis

2133 5461 2248 5507 erat
2293 5461 2535 5521 tempore
2594 5454 2758 5523 patris
2810 5455 2967 5509 illius.
3018 5456 3450 5514 Necessariorum
3499 5461 3717 5530 penuria

2133 5560 2323 5600 omnes
2351 5546 2403 5598 in
2432 5560 2694 5600 summam
2723 5547 3017 5617 angustiam
3043 5549 3392 5606 concludebat
3420 5571 3433 5606 :
3467 5564 3628 5623 atque
3653 5569 3716 5606 ex

2133 5639 2246 5692 suis
2274 5639 2502 5709 migrare
2531 5649 2582 5692 et
2609 5638 2675 5692 ad
2705 5638 2794 5693 illa
2826 5639 2940 5694 loca
2972 5642 3200 5698 transire
3225 5645 3467 5714 cogebat,
3496 5645 3584 5699 ubi
3631 5658 3716 5697 re-

2135 5745 2252 5784 rum
2298 5743 2715 5782 necessariarum
2765 5729 2974 5798 copiam
3018 5731 3340 5788 invenirent.
3395 5733 3548 5790 Unde
3598 5750 3716 5790 eum
