4150 6276
455 293 551 345 4⁸ἱί

455 405 628 473 χάνειο
653 403 810 473 ήμεῖς
839 400 895 456 δὲ
922 401 1124 475 ἕτερον’
1147 403 1312 456 ὕπνον
1344 402 1678 472 καθεύδομεν
1698 441 1712 466 ,
1752 402 1887 473 πρὸς
1928 401 2026 472 μὲν

1445 291 1512 344 ΙΝ
1552 291 1704 346 CAP.
1745 288 1912 344 XXVI
1978 287 2224 342 GENES.
2268 286 2497 343 HOMIL.
2541 287 2628 342 LI.

3591 286 3695 342 452

2129 400 2346 453 πάντων
2375 401 2483 452 τῶν
2517 400 2871 470 γεννωμένων
2910 398 3270 469 πρωτοτόκων
3303 397 3498 468 ἀθρόον
3541 402 3569 450 6
3598 400 3698 452 θά-

455 488 524 538 τὰ
550 484 650 563 τῆς
687 486 889 556 ἀρετῆς
921 485 1053 557 ἔργα
1107 486 1487 549 καθεύδοντες,
1525 484 1665 556 πρὸς
1715 483 1770 537 δέ
1813 484 1882 537 τὰ
1930 483 2030 551 τῆς
2128 499 2286 546 νατος
2315 482 2566 550 γέγονεν,
2616 483 2664 533 οἰ
2711 482 2768 563 δέ
2810 479 3135 563 Ἰσραηλῖται
3163 479 3261 563 τῆς
3289 479 3493 563 ἄνωθεν
3521 481 3700 563 ῥοπῆς

457 569 657 630 κακίας
683 569 1066 639 ἐγρηγορότες,
1084 572 1311 624 κάκεῖνα
1349 570 1445 640 μὲν
1464 570 1673 631 ἀόκνως
1703 565 2030 637 διαπραττόο

2132 563 2493 628 ἀπολαύοντες
2517 561 2770 626 ἀϐλαϐεῖς
2793 563 3037 633 διέμενον
3053 605 3066 627 ,
3099 561 3314 623 δεικνὺς
3341 562 3436 614 καὶ
3459 561 3545 614 διὰ
3576 564 3702 615 τού-

461 667 631 718 μενοι,
653 649 804 724 [499]
821 654 878 704 ἐν
901 652 957 704 δὲ
982 652 1190 715 τούτοις
1207 653 1404 720 πολλὴν
1427 651 1527 722 τὴν
1551 649 1685 721 ρᾳθυ
1695 649 1819 720 μίαν
1835 648 2031 702 καὶτὸν
2128 665 2222 700 του
2252 648 2349 718 τὴν
2381 643 2509 720 περὶ
2550 649 2747 710 αὐτοὺς
2789 647 3000 706 εὔνοιαν
3031 648 3060 699 6
3083 646 3190 699 τῶν
3219 646 3355 706 ὅλων
3389 646 3548 710 Θεὸς,
3578 647 3718 702 ἀντὶ·

459 731 626 785 ὕπνον
669 733 1122 804 ἐπιδεικνύμενοι,
1155 736 1250 788 καὶ
1274 735 1449 800 ταῦτα
1470 730 1704 803 ὁρῶντες
1732 730 1854 785 καθ’
1898 729 2030 784 ἐκά-

460 831 594 884 στην
625 814 840 885 ἡμέραν
884 817 1012 880 τοὺς
1053 817 1150 887 μὲν
1178 815 1426 870 ἐντεῦθεν
1452 814 1861 884 ἀπαγομένους,
1907 812 2034 874 τοὺς

458 897 516 950 δὲ
558 899 652 950 καὶ
691 900 748 951 ἐν
789 897 868 971 τῷ
905 899 1133 970 παρόντι
1177 899 1279 969 βίῳ
1307 896 1528 968 πολλὴν
1570 897 1670 967 τὴν
1731 893 2032 965 μεταϐολὴν

348 994 353 999 ’
460 978 862 1047 ὑπομένοντας·
907 981 1002 1033 καὶ
1040 981 1161 1054 οὐδὲ
1189 980 1328 1052 αὑτὴ
1369 978 1713 1052 ήάνωμαλία
1742 972 2033 1031 παιδεῦσαι

459 1062 606 1130 ἡμᾶς
635 1061 821 1133 ἱκανή,
859 1055 958 1115 καὶ
992 1065 1072 1126 εἰς
1102 1064 1266 1132 πόθον
1307 1063 1409 1134 τῆς
1453 1062 1656 1133 ἀρετῆς
1700 1061 2031 1128 ἀναγαγεῖν,

461 1144 556 1196 καὶ
586 1144 1000 1212 παρασκευάσαι
1039 1145 1313 1216 ὑπεριδεῖν
1339 1144 1448 1198 τῶν
1475 1145 1778 1216 παρόντων,
1812 1143 1904 1195 καὶ
1935 1158 2034 1220 πο-

461 1224 624 1293 θῆσαι
655 1224 724 1277 τὰ
764 1226 1054 1295 μέλλοντα,
1088 1229 1183 1280 καὶ
1222 1227 1560 1299 προτιμῆσαι
1599 1226 1699 1295 τῆς
1749 1225 1906 1287 σκιᾶς
1940 1225 2037 1301 καὶ

460 1307 570 1359 τῶν
597 1307 890 1377 ὀνειράτων
917 1308 1015 1378 τὴν
1054 1308 1332 1380 ἀλήθειαν,
1365 1309 1531 1372 Σκιᾶς
1561 1308 1671 1380 γάρ
1697 1307 1790 1360 καὶ
1819 1305 2034 1376 ὀνειρά-

461 1406 570 1442 των
590 1387 741 1441 οὐδὲν
785 1389 855 1442 τὰ
887 1391 1133 1460 παρόντα
1165 1391 1460 1462 διενήνοχε.
1492 1390 1584 1461 Μὴ
1608 1389 1788 1443 τοίνυν
1811 1389 2037 1451 ἐαυτοὺς

461 1470 782 1539 ἀπατῶμεν,
819 1471 954 1541 μηδὲ
985 1472 1083 1534 τὰς
1119 1473 1276 1536 σκιὰς
1309 1471 1732 1543 μεταδιώκωμεν
1752 1487 1765 1501 °
1797 1470 1912 1524 ἀλλ’
1939 1469 2036 1539 ὀψὲ

462 1551 594 1617 γοῦν
629 1563 760 1603 ποτε
803 1553 901 1621 τῆς
943 1552 1152 1616 οἰκείας
1186 1555 1461 1624 σωτηρίας
1500 1553 1758 1626 φροντίδα
1795 1550 2038 1621 ποιησώ-

465 1633 636 1700 μεθα,
671 1633 765 1686 καὶ
791 1633 860 1687 τὰ
896 1625 1156 1705 χρήματα
1188 1635 1518 1706 κενώσωμεν
1546 1625 1638 1699 εἰς
1681 1634 1808 1698 τοὺς
1842 1633 2037 1705 δεομέ-

462 1731 608 1778 νους,
639 1715 727 1768 ἵνα
765 1716 866 1786 τῆς
908 1717 1002 1769 ἐπὶ
1027 1717 1238 1781 τούτοις
1271 1717 1508 1789 ἀμοιϐῆς
1538 1715 1862 1786 ἀξιωθῶμεν
1886 1715 2040 1786 παρά

461 1797 556 1849 τοῦ
581 1797 962 1868 φιλανθρώπου
983 1799 1117 1853 Θεοῦ
1138 1817 1152 1832 ο
1175 1795 1243 1872 ῆς
1264 1802 1476 1869 γένοιτο
1506 1801 1713 1864 πάντας
1734 1802 1767 1871 ή
1776 1801 1883 1870 μᾶς
1903 1801 2041 1853 ἀπο-

461 1877 689 1943 λαῦσαι,
738 1881 922 1950 χάριτι
961 1883 1054 1936 καὶ
1098 1883 1480 1954 φιλανθρωπίᾳ
1511 1881 1606 1935 τοῦ
1639 1881 1849 1951 Κυρίου
1883 1879 2041 1951 ήμῶν

475 1961 650 2032 Ἰησοῦ
694 1962 931 2033 Χριστοῦ
950 2002 966 2028 ,
1018 1965 1138 2034 μεθ’
1163 1959 1225 2019 οῦ
1255 1965 1334 2034 τῷ
1366 1965 1543 2036 Πατρὶ
1567 1966 1602 2034 ή
1631 1964 1788 2028 δόξα,
1814 1963 1930 2033 ἅμα
1961 1961 2040 2032 τῷ

463 2043 934 2113 ἀγίῳΠνεύματι,
962 2045 1057 2100 νῦν
1083 2047 1177 2100 καὶ
1199 2047 1308 2111 ἀεὶ,
1335 2049 1429 2101 καὶ
1453 2049 1533 2110 είς
1557 2046 1682 2108 τοὺς
1703 2044 1908 2107 αἰῶνας
1931 2043 2041 2097 τῶν

461 2127 696 2179 αἰώνων.
740 2126 937 2196 ’Δμήν.

1057 2209 1301 2261 ΟΜῙΛΙΑ
1332 2208 1461 2262 NA'.

475 2288 746 2370 Ἐτέτετο
773 2289 843 2370 δὲ
882 2290 1056 2359 λιμὸς
1070 2289 1318 2370 ρπἰιτῆς
1345 2289 1486 2370 γῆςλ
1513 2291 1693 2370 χωρίς
1721 2290 1830 2370 τοᾷ
1862 2289 2041 2369 λιμοιξ

535 2359 654 2480 Ὧιὲ
695 2358 1018 2444 πρότερον,
1064 2358 1132 2425 ὃς
1173 2359 1411 2428 ἐγένετο
1460 2358 1532 2413 ἐν
1579 2359 1660 2424 τῷ
1706 2359 1902 2429 χρόνῳ
1935 2358 2042 2412 τοῦ

651 2444 831 2480 οααιι.

645 2444 831 2498 pacm.

537 2515 606 2562 α’.
627 2510 796 2574 Πάλιν
812 2510 876 2562 ἐκ
889 2510 987 2578 τῆς
1007 2510 1325 2578 ἀκολουθίας
1339 2511 1448 2572 τῶν
1465 2511 1653 2582 πρώην
1669 2512 1797 2580 ἡμῖν
1826 2509 2044 2580 εἰρημέ-

466 2608 572 2644 νων
604 2590 864 2660 βούλομαι
895 2591 998 2660 τῆς
1031 2592 1166 2662 πρὸς
1200 2593 1342 2662 ὑμᾶς
1371 2592 1612 2661 ἅψασθαι
1649 2591 2038 2667 διδασκαλίαςέ

465 2673 606 2726 ὥστε
650 2673 706 2725 δέ
753 2672 953 2743 εἰδέναι
1001 2674 1143 2742 ὑμᾶς
1184 2675 1369 2744 σαφῶς
1415 2673 1518 2734 ποῦ
1547 2674 1636 2728 τὸν
1665 2673 1823 2742 λόγον
1850 2671 2040 2742 πρώην

467 2754 860 2826 κατελύσαμεν,
888 2755 984 2808 καὶ
1010 2755 1130 2808 ὅθεν
1152 2756 1312 2810 αὑτὸν
1343 2758 1609 2827 προσήκει
1644 2757 1880 2827 σήμερον
1911 2755 2041 2824 ἀνα-

467 2837 672 2900 λαϐεῖν,
701 2839 996 2904 ἀναγκαῖον
1025 2837 1336 2908 ὑπομνῆσαι
1363 2841 1465 2910 τὴν
1491 2838 1763 2909 ὑμετέραν
1793 2838 2038 2907 ἀγάπην.

467 2920 532 2972 Εἰ
557 2919 668 2991 γὰρ
715 2920 809 2973 καὶ
836 2921 992 2974 αὑτοὶ
1015 2921 1102 2974 διὰ
1127 2922 1189 2974 τὸ
1219 2922 1443 2986 πολλαῖς
1475 2911 1720 2994 φροντίσι
1753 2921 2041 2993 περιέλκε--

469 3002 596 3056 σθαι
634 3001 764 3065 ἴσως
801 3001 1144 3074 ἐπιλέλησθε,
1174 3003 1288 3056 ἀλλ’
1327 3005 1451 3073 ἐμοὶ
1479 3007 1744 3077 προσήκει
1782 3006 1862 3068 εἰς
1905 3004 2040 3058 ὑπό-

470 3103 666 3157 μνησιν
683 3086 826 3157 ὑμᾶς
853 3087 1103 3155 ἀγαγεῖν,
1122 3088 1209 3141 ’ίνα
1227 3087 1316 3140 διὰ
1345 3087 1445 3157 τῆς
1467 3089 1684 3166 μνήμης
1709 3089 2041 3160 σαφέστερος

468 3169 598 3238 ὑμῖν
630 3170 659 3220 6
681 3168 838 3237 λόγος
863 3169 1086 3239 γένηται
1111 3170 1140 3221 6
1176 3167 1384 3238 μέλλων
1412 3171 1652 3241 σήμερον
1686 3171 2038 3242 ῥηθήσεσθαι.

472 3252 616 3306 Ἰστε
647 3253 728 3305 ὅτι
769 3251 1067 3322 πρότερον
1114 3252 1212 3322 τῆς
1252 3252 1544 3317 Ῥεϐέκκας
1585 3253 1648 3306 τὺ
1688 3253 1932 3322 φιλόθεον
1965 3254 2043 3307 δι-

466 3334 789 3407 ηγούμενος,
834 3335 1090 3388 κάκεῖθεν
1117 3337 1210 3388 ἐπὶ
1256 3336 1348 3389 τὸν
1389 3335 1558 3390 Ἡσαῦ
1593 3338 1806 3394 καὶτὸν
1848 3337 2043 3395 Ἰακὼϐ

465 3417 744 3480 ἐλθόντες,
778 3419 894 3469 ἐκεῖ
923 3419 1366 3489 κατηντήσαμεν,
1413 3419 1542 3483 ἔνθα
1577 3424 1647 3473 τὰ
1699 3420 2042 3490 πρωτοτόκια

466 3500 696 3554 ἀπέδοτο
722 3502 800 3572 τῷ
839 3501 1035 3554 Ἰακὼϐ
1071 3503 1100 3555 6
1144 3503 1336 3566 Ἠσαῦ,
1368 3503 1461 3556 τοῦ
1498 3504 1779 3575 ἑψήματος
1803 3503 2041 3557 ἀπολαύ-

469 3601 588 3646 σας,
613 3585 705 3636 καὶ
727 3583 812 3636 διὰ
840 3585 938 3654 τήν
956 3584 1058 3654 τῆς
1082 3586 1288 3655 τροφῆς
1313 3585 1610 3657 ἐπιθυμίαν
1633 3587 1731 3657 τῆς
1753 3586 2043 3658 προεδρίας

467 3666 656 3719 ἑαυτὸν
702 3667 1065 3737 ἀπεστέρησε.
1117 3667 1287 3721 Τοῦτο
1330 3668 1388 3721 δὲ
1441 3668 1651 3736 ἐγίνετο
1685 3668 1784 3737 οὐχ
1825 3668 2041 3733 ἁπλῶς,

466 3751 579 3803 ἀλλ’
607 3751 695 3804 ἵνα
733 3752 766 3820 ή
815 3750 908 3804 τοῦ
942 3749 1077 3803 Θεοῦ
1105 3751 1409 3822 πρόρρησις
1446 3751 1536 3809 διὰ
1562 3750 1669 3803 τῶν
1693 3749 1872 3820 ἔργων
1905 3749 2043 3819 πλη-

469 3833 617 3904 ρωθῇ
659 3833 692 3902 ή
737 3833 1006 3899 λέγουσα,
1053 3833 1164 3896 Τὸν
1222 3833 1430 3888 Ἰακὼϐ
1478 3832 1794 3902 ἠγάπησα,
1834 3832 1942 3886 τὸν
1974 3831 2044 3886 δὲ

479 3917 660 3970 Ἠσαῦ
685 3917 972 3984 ἐμίσησα.
1023 3916 1242 3986 Ἐπειδὴ
1264 3916 1372 3986 γὰρ
1409 3916 1484 3980 ὡς
1519 3917 1652 3979 Θεὸς
1681 3915 1746 3969 τὰ
1777 3915 2043 3985 μέλλοντα

457 3999 723 4070 προῄδει,
786 3998 1213 4069 προανεφώνησε
1264 3999 1360 4053 καὶ
1418 3999 1610 4052 τούτου
1657 3999 1756 4070 τὴν
1819 3997 2041 4069 ἀρετήν,

469 4083 723 4136 κάκείνου
765 4081 864 4151 τῆς
910 4080 1136 4151 γνώμης
1185 4080 1284 4152 τὴν
1339 4081 1658 4152 μοχθηρίαν.
1714 4081 1780 4134 Τί
1819 4081 1877 4134 δέ
1924 4082 2042 4133 ἐστι

465 4165 626 4217 τοῦτο
648 4164 709 4218 τὸ
744 4162 853 4216 τῶν
895 4163 1304 4234 πρωτοτοκίων;
1338 4165 1399 4217 Εἰ
1429 4165 1525 4217 καὶ
1556 4164 1630 4233 μὴ
1651 4163 1769 4216 τότε
1794 4163 1824 4216 6
1849 4162 2040 4234 καιρὸς

457 4247 765 4317 ,ἐπέτρεπεν
785 4247 957 4302 εἰπεῖν
981 4247 1074 4300 ἐπὶ
1095 4246 1197 4316 τῆς
1225 4247 1496 4317 ὑμετέρας
1515 4247 1753 4314 ἀγάπης,
1780 4246 1893 4300 ἀλλ’
1917 4248 2041 4300 ἀνα-

467 4333 655 4401 γκαῖον
679 4330 774 4383 νῦν
807 4330 952 4401 ὑμᾶς
985 4329 1213 4395 διδάξαι.
1244 4331 1491 4400 Μεγίστη
1514 4331 1624 4400 γὰρ
1653 4327 1792 4383 εἰναι
1819 4329 1953 4400 τιμὴ
1979 4331 2042 4382 τὸ

466 4413 691 4466 παλαιὸν
725 4413 1002 4483 ἐνομίζετο
1024 4429 1038 4442 ο
1083 4412 1214 4481 ἔσχε
1250 4411 1308 4465 δὲ
1333 4412 1433 4482 τῆς
1460 4413 1628 4482 τιμῆς
1655 4411 1754 4483 τὴν
1783 4412 2040 4466 ὑπόθεσιν

457 4497 733 4557 ἐντεῦθεν.
778 4496 970 4566 Ἡνίκα
1011 4496 1072 4548 τὸ
1103 4496 1212 4547 τῶν
1257 4495 1608 4565 Ἰσραηλιτῶν
1646 4494 1797 4558 ἔθνος
1827 4496 1926 4566 τῆς
1949 4496 2043 4548 Αἰ-

467 4579 672 4648 γύπτου
715 4575 1024 4643 ἀπαλλάξαι
1064 4576 1318 4628 ἐϐούλετο
1359 4578 1387 4629 ό
1415 4576 1525 4629 τῶν
1557 4577 1694 4630 ὅλων
1736 4577 1904 4639 Θεὸς,
1951 4578 2044 4630 καῖ

461 4661 566 4728 ,τῆς
593 4659 906 4730 τυραννίδος
944 4658 1306 4729 ἐλευθερῶσαι
1329 4657 1424 4712 τοῦ
1449 4658 1646 4729 Φαραῶ
1671 4657 1758 4711 διὰ
1781 4658 1878 4728 τὴν
1907 4659 2048 4729 πρὸς.

468 4744 558 4813 τὸν
591 4742 936 4812 πατριάρχην
965 4741 1332 4810 ἐπαγγελίαν,
1375 4742 1766 4804 ἀντιτείνοντος
1787 4742 1880 4794 καὶ
1914 4759 2042 4795 κατ-

463 4828 614 4897 έχειν
643 4825 966 4896 βουλομένου
997 4824 1118 4877 τότε
1156 4823 1252 4877 τοῦ
1290 4824 1608 4891 Αἰγυπτίου,
1642 4824 1780 4894 μετά
1803 4823 1903 4886 τὰς
1927 4824 2043 4878 6:0.-

467 4911 668 4982 φόρους
705 4909 919 4978 πληγὰς
945 4908 1148 4980 ταύτην
1174 4907 1471 4977 ,ἐπαγαγὼν
1506 4906 1599 4978 τὴν
1620 4908 1833 4979 πληγὴν
1854 4909 1882 4960 6
1914 4910 2044 4962 Δεσ-

469 4991 988 5066 πότηςτελευταίαν,
1015 4992 1165 5064 [500]
1186 4993 1466 5063 μονονουχὶ
1492 4994 1614 5054 ταῖς
1629 4991 1859 5054 οἰκείαις
1885 4993 2045 5064 χερσὶ

469 5077 850 5150 παρεσκεύασε
874 5079 1000 5140 τοὺς
1026 5076 1355 5146 Αἰγυπτίους
1377 5074 1576 5141 ἐξῶσαι
1605 5075 1666 5128 τὸ
1687 5074 1795 5128 τῶν
1831 5076 2040 5145 Ἰσραη-

466 5160 628 5224 λιτῶν
675 5155 843 5223 έθνος.
911 5159 1127 5231 Ἀθρόον
1166 5160 1272 5229 γὰρ
1308 5159 1527 5230 ,πάντων
1571 5158 1681 5212 τῶν
1727 5157 2041 5225 Αἰγυπτίων

467 5246 536 5298 τὰ
566 5244 884 5314 πρωτότοκα
925 5243 1275 5313 ἀναιρεθῆναι
1311 5240 1606 5312 προσέταξε
1628 5283 1643 5307 ,
1684 5241 1778 5294 καὶ
1807 5236 1874 5312 ἦν
1915 5241 2042 5294 ἰδεῖν

467 5327 589 5382 καθ’
621 5327 862 5397 ἑκάστην
893 5327 1069 5380 οἰκίαν
1107 5324 1349 5397 οἰμωγὰς
1397 5324 1489 5376 καὶ
1517 5323 1757 5396 δάκρυα·
1789 5323 1884 5376 καί
1921 5323 2041 5377 οὑδὲ

470 5411 632 5482 μέχρι
675 5409 865 5463 τούτου
899 5409 1090 5479 στῆναι
1124 5409 1372 5479 ἐνόμιζον
1415 5407 1515 5478 τὴν
1545 5407 1792 5479 ἀπειλὴν,
1825 5406 1943 5460 ἀλλ’
1976 5409 2041 5460 ἐκ

466 5493 654 5546 τούτου
699 5491 1040 5562 προσεδόκων
1088 5491 1182 5546 καὶ
1230 5491 1322 5544 ἐπὶ
1362 5489 1570 5553 πάντας
1607 5489 1712 5560 ὁδῷ
1760 5489 2040 5560 βαδίζοντα

467 5574 780 5629 ἐλεύσεσθαι
810 5573 901 5628 τὸν
935 5573 1184 5628 θάνατον.
1236 5573 1389 5626 Ἐπεὶ
1428 5567 1522 5626 οῦν
1553 5571 1662 5626 τῶν
1690 5573 1749 5624 ὲν
1778 5571 2038 5645 Αἰγύπτῳ

529 5697 557 5728 ⁸
579 5697 804 5756 Quinque
821 5709 936 5745 mss.
961 5700 1014 5742 et
1036 5693 1184 5743 Savil.
1199 5696 1246 5742 in
1271 5708 1420 5757 marg.
1436 5696 1506 5744 ὅτι
1533 5691 1842 5758 πρώηνμιιιὶα
1862 5707 2031 5756 nuper.

469 5758 548 5807 Sic
573 5758 689 5820 legit
714 5759 862 5807 etiam
891 5757 1139 5818 interpres
1160 5763 1316 5808 vetus.

2131 737 2231 808 τῆς
2273 739 2602 810 ἀναιρέσεως
2648 738 2753 791 τῶν
2781 737 3135 810 πρωτοτόκων
3167 737 3420 810 ἐκείνων,
3452 735 3518 788 τὰ
3552 755 3704 808 πρωο

2131 820 2328 873 τότοκα
2356 821 2465 888 τῶν
2513 820 2778 886 Ἰουδαίων
2801 818 2949 888 αὑτῷ
2977 813 3283 872 ἀνατιθέναι
3314 819 3500 872 λοιπδν
3531 837 3702 889 προσο

2133 901 2336 969 έταξεν.
2395 893 2674 974 Ἐντεῦθεν
2712 903 2804 954 καὶ
2855 903 2888 972 ή
2925 901 3056 969 Λευί
3093 902 3232 974 φυλὴ
3285 903 3364 964 εἰς
3395 903 3706 972 ἱερουργίαν

2133 985 2441 1056 ἀφωρίσθη,
2472 986 2566 1039 καὶ
2591 987 2649 1051 ἐξ
2679 985 2886 1040 ἐκείνου
2914 986 2973 1038 οὑ
2998 985 3157 1055 μόνον
3185 975 3291 1038 τῶν
3315 985 3613 1056 ἀνθρώπων
3637 986 3715 1039 τὰ·

2136 1069 2454 1139 πρωτότοκα
2484 1068 2791 1122 ἀνετίθεντο
2843 1067 2922 1137 τῷ
2960 1066 3108 1138 Θεῷ,
3149 1066 3284 1120 ἀλλά
3313 1069 3406 1122 καὶ
3436 1068 3543 1120 τῶν
3591 1067 3709 1134 άλό-

2135 1170 2268 1220 γων,
2293 1153 2383 1206 καὶ
2420 1153 2638 1207 πάντων
2672 1149 3022 1216 ἁπαξαπλῶς.
3069 1150 3177 1203 Καὶ
3205 1149 3531 1220 πρόσταγμα
3555 1147 3623 1222 ἦν
3648 1152 3709 1204 1:6

2138 1233 2356 1288 κελεῦον
2395 1233 2621 1306 ὑπέρτε
2664 1235 2770 1288 τῶν
2813 1231 3138 1305 ἀνθρώπων,
3175 1232 3314 1303 ὑπέρ
3343 1233 3402 1285 τε
3431 1235 3538 1285 τῶν
3572 1236 3710 1287 ἀκα-

2133 1316 2351 1387 θάρτων
2395 1316 2548 1383 ζώων
2577 1315 2674 1388 τὴν
2721 1315 2886 1388 τιμὴν
2924 1314 3290 1378 κατατιθέναι.
3360 1314 3494 1366 Ἀλλ’
3534 1318 3581 1368 εἰ
3615 1317 3715 1369 καὶ·
3813 1387 3819 1391 _

2140 1398 2365 1470 ὓστερον
2403 1398 2541 1471 αῦτη
2567 1403 2601 1470 ή
2625 1399 2915 1471 νομοθεσία
2948 1397 3168 1468 γέγονεν
3199 1400 3232 1468 ή
3267 1398 3395 1468 περὶ
3420 1399 3528 1451 τῶν
3557 1417 3709 1469 πρω-

2137 1483 2394 1545 τοτόκων,
2433 1483 2547 1536 ἀλλ’
2581 1482 2728 1554 ὅμως
2763 1483 2863 1554 ήδη
2913 1481 3117 1542 ἄνωθεν
3169 1482 3262 1534 καὶ
3292 1485 3356 1534 ἐκ
3411 1484 3712 1553 προοιμίων

2139 1563 2354 1617 ἐδόκουν
2389 1564 2551 1618 πλέον
2591 1583 2642 1618 τι
2671 1565 2814 1636 ἔχειν
2861 1563 3186 1638 προτέρημα
3210 1565 3262 1632 μοί
3295 1564 3392 1635 τὴν
3422 1565 3582 1634 νηδὺν
3614 1567 3711 1636 τῆς

2142 1647 2345 1718 μητρὸς
2386 1647 2765 1712 διανοίξαντες.
2801 1646 3018 1718 Ταύτην
3059 1642 3150 1699 οὖν
3189 1646 3286 1715 τὴν
3315 1646 3498 1717 τιμὴν,
3527 1649 3592 1716 ἢν
3620 1651 3727 1702 καὶ·

2140 1730 2205 1781 ἐκ
2228 1727 2442 1796 φύσεως
2471 1729 2626 1801 ἔσχεν
2655 1731 2682 1782 ὁ
2720 1729 2912 1789 Ἠσαῦ,
2951 1729 3225 1799 μετήγαγε
3267 1728 3352 1782 διὰ
3380 1729 3479 1798 τὴν
3508 1730 3713 1783 οἰκείαν

2139 1811 2409 1882 ἀκρασίαν
2453 1812 2545 1864 ἐπὶ
2585 1813 2677 1874 τὸν
2718 1807 2966 1880 ἀδελφόν.
3010 1811 3118 1876 Καὶ
3157 1814 3185 1864 6
3221 1813 3320 1881 μὲν
3353 1813 3444 1865 καὶ
3478 1813 3537 1866 τὸ
3565 1815 3715 1884 παρά

2140 1896 2239 1962 τῆς
2267 1895 2481 1963 φύσεως
2511 1895 2659 1966 αὑτῷ
2683 1895 2833 1949 δοθὲν
2862 1895 3140 1948 ἀπώλεσεν
3158 1913 3170 1924 ·
3202 1895 3229 1948 6
3252 1895 3304 1948 δέ
3336 1897 3427 1958 καὶ
3451 1897 3587 1967 ὅπερ
3615 1901 3714 1953 οὐκ

2141 1971 2286 2045 εἶχεν
2320 1978 2384 2029 ἐκ
2409 1976 2622 2046 φύσεως
2641 2017 2656 2042 ,
2690 1976 2838 2046 αύτῷ
2868 1976 3195 2046 προσέλαϐε.
3225 1979 3330 2030 Καὶ
3357 1979 3548 2049 ἐπειδὴ
3577 1980 3716 2032 ἄνω⁹

2143 2055 2234 2110 θεν
2281 2057 2430 2127 αὐτῷ
2469 2057 2642 2111 ταῦτα
2670 2054 2738 2128 ἦν
2789 2059 3297 2130 κεχρησμῳδημένα
3322 2059 3378 2119 b.
3424 2059 3511 2113 διὰ
3558 2061 3724 2115 τοῦτοΔ

2142 2138 2236 2191 καὶ
2267 2140 2300 2208 ὴ
2353 2139 2619 2193 Ῥεϐέκκα
2661 2143 2760 2212 τὴν
2801 2141 3171 2213 προσηγορίαν
3201 2139 3348 2208 αύτῷ
3377 2142 3677 2196 ἐπιτιθεῖσα
3697 2184 3717 2208 ,

2155 2219 2348 2274 Ἰακὼϐ
2383 2222 2544 2277 αὑτὸν
2570 2223 2850 2290 ἐκάλεσεν,
2887 2226 3026 2294 ὅπερ
3059 2225 3388 2294 πτερνισμὸς
3421 2225 3718 2296 ἑρμηνεύε-

2141 2320 2253 2367 ται,
2286 2304 2541 2376 καθάπερ
2570 2307 2662 2359 καὶ
2699 2309 2728 2358 6
2781 2306 2952 2359 Ἡσαῦ
2991 2305 3128 2377 μετά
3153 2307 3251 2368 τὰς
3283 2304 3376 2358 τοῦ
3407 2308 3610 2378 πατρὸς
3637 2312 3724 2372 εἰς

2142 2386 2303 2440 αὑτὸν
2355 2387 2606 2456 εὐλογίας
2655 2388 3029 2458 γεγενημένας
3077 2388 3479 2459 ἀποδυρόμενος
3523 2390 3713 2459 ἔλεγε,

2141 2470 2385 2534 Δικαίως
2415 2468 2640 2536 ἐκλήθη
2677 2469 2743 2522 τὸ
2773 2469 2961 2538 ὄνομα
3000 2469 3186 2523 αὑτοῦ
3239 2469 3474 2524 Ἰακώϐ·
3513 2471 3717 2543 ἐπτέρ-

2141 2567 2270 2604 νικε
2302 2553 2412 2621 γάρ
2439 2569 2513 2622 με
2548 2551 2663 2620 ἤδη
2706 2551 2987 2620 δεύτερον
3024 2551 3231 2612 τοῦτο,
3271 2552 3344 2606 τά
3395 2571 3456 2606 τε
3497 2570 3714 2622 πρωτο-

2139 2635 2308 2689 τόκιὰ
2316 2654 2434 2706 μου
2448 2640 2537 2691 εἰλ
2545 2637 2677 2706 rigas:
2688 2637 2784 2690 καὶ
2804 2635 2919 2690 νῦν
2933 2637 3145 2706 εἴληφε
3160 2636 3274 2705 τὴν
3287 2639 3570 2705 εὐλογίαν
3574 2657 3716 2709 μου.

2211 2719 2407 2772 Σκόπει
2459 2720 2598 2790 πόση
2656 2718 2762 2772 τῶν
2801 2719 3045 2773 παλαιῶν
3100 2716 3236 2791 ῆνή
3295 2721 3529 2786 σύνεσις,
3586 2723 3718 2792 μᾶλ-

2140 2801 2230 2856 λον
2257 2803 2313 2856 δὲ
2341 2803 2480 2874 πόση
2513 2803 2605 2857 τοῦ
2633 2802 2768 2856 Θεοῦ
2799 2805 2831 2873 ή
2864 2803 3054 2872 σοφία,
3088 2803 3162 2866 ὡς
3191 2803 3283 2856 καὶ
3327 2803 3427 2868 τὰς
3459 2808 3718 2872 γυναῖκας

2142 2885 2581 2957 παρασκευάζειν
2609 2885 2683 2956 μὴ
2708 2886 2896 2950 ἁπλῶς
2928 2886 3062 2956 μηδὲ
3111 2886 3185 2948 ὼς
3225 2885 3380 2956 ἔτυχε
3413 2887 3510 2951 τὰς
3551 2906 3719 2960 προσ-

2141 2968 2367 3038 ηγορίας
2391 2971 2502 3032 τοῖς
2530 2970 2800 3039 τεχθεῖσιν
2823 2969 3144 3034 ἐπιτιθέναι,
3173 2969 3286 3023 ἀλλ’
3307 2971 3720 3027 ἐναποτίθεσθαι

2141 3053 2207 3121 τῇ
2247 3051 2341 3104 τοῦ
2376 3051 2586 3105 παιδίου
2629 3051 2971 3122 προσηγορίᾳ
3021 3052 3129 3103 τῶν
3162 3051 3461 3121 μελλόντων
3502 3054 3736 3107 ἔσεσθαιτ

2141 3133 2242 3205 τὴν
2285 3131 2756 3204 προαναφώνησιν.
2801 3135 2910 3186 Καὶ
2950 3133 3192 3196 σπανίως
3227 3135 3480 3205 εὑρήσεις
3508 3135 3722 3205 ὁμωνύ-

2145 3235 2278 3289 μους
2306 3221 2417 3283 τοῖς
2453 3219 2873 3290 γεννησαμένοις
2924 3217 3052 3280 τοὺς
3111 3216 3400 3288 τεχθέντας
3448 3216 3720 3289 καλουμέ-

2141 3317 2294 3364 νους,
2328 3301 2361 3372 ἢ
2401 3303 2532 3372 τάχα
2574 3319 2675 3367 που
2707 3301 2976 3372 οὑδαμοῦ’
3011 3300 3150 3354 ἀλλά
3198 3300 3297 3355 κᾶν
3335 3304 3363 3356 ὁ
3402 3302 3585 3374 πατὴρ
3622 3305 3730 3375 τὴν.

2141 3384 2510 3456 προσηγορίαν
2535 3383 2610 3454 τῷ
2642 3382 2799 3438 ’παιδὶ
2842 3383 3012 3457 μέλλῃ
3036 3384 3376 3450 ἐπιτιθέναι,
3411 3385 3568 3457 ξένην
3600 3389 3724 3460 τινά

2143 3473 2235 3526 καὶ
2271 3470 2460 3542 καινὴν
2500 3471 2836 3542 ἐπιτίθησιν,
2886 3471 3026 3524 ὥστε
3057 3471 3125 3524 δι’
3156 3471 3329 3542 αὐτῆς
3371 3473 3722 3544 προμηνῦσαί

2140 3571 2260 3607 τινα
2301 3553 2408 3606 τῶν
2455 3553 2756 3623 μελλόντων
2809 3553 3067 3609 ἔσεσθαι·
3129 3556 3287 3625 καίή
3335 3558 3518 3628 μήτηρ
3558 3558 3722 3611 πάλιν

2139 3637 2358 3706 ὁμοίως.
2402 3635 2557 3690 υῦτω
2588 3637 2681 3690 καὶ
2708 3640 2736 3691 6
2765 3637 2957 3708 Λάμεχ
2987 3637 3078 3690 τὸν
3113 3637 3227 3690 υξὺν
3261 3641 3726 3710 προσαγορεύων,

2140 3720 2263 3773 Νῶε
2300 3719 2559 3784 ἐκάλεσε,
2601 3721 2695 3774 καὶ
2741 3721 2987 3790 ἐπήγαγε
3027 3720 3230 3789 λέγων,
3289 3713 3482 3788 Οὗτος
3521 3723 3722 3778 διανα-

2142 3803 2361 3856 παύσει
2405 3801 2581 3870 ἡμᾶς.
2629 3802 2785 3874 Οὕτω
2825 3803 2920 3855 καὶ
2967 3802 3204 3870 ἑκάστην
3248 3805 3615 3874 προσηγορίαν
3640 3808 3723 3860 δι-

2143 3877 2510 3950 ερευνώμενος
2559 3873 2698 3946 μετὰ
2740 3877 3056 3948 ἀκριϐείας,
3101 3879 3354 3949 εὑρήσεις
3403 3873 3618 3946 πάντως
3668 3901 3722 3935 τι

2143 3956 2517 4026 αίνιττομένην
2537 3995 2551 4018 ,
2584 3955 2644 4007 οὑ
2691 3953 2939 4023 καθάπερ
2984 3954 3078 4006 νῦν
3110 3955 3372 4018 ποιοῦσιν,
3408 3958 3595 4021 ἁπλῶς
3629 3965 3723 4014 καὶ

2142 4034 2218 4096 ὡς
2253 4033 2440 4103 ἔτυχεν
2469 4033 2576 4085 ἀπὸ
2605 4031 2712 4084 τῶν
2739 4032 3158 4103 γεννησαμένων
3192 4034 3582 4100 σπουδάζοντες
3625 4037 3738 4102 τὰς·

2144 4110 2514 4180 προσηγορίας
2548 4110 2870 4178 ὀνομάζειν,
2916 4109 3052 4163 ἀλλά
3083 4110 3190 4173 πᾶς
3225 4112 3252 4163 ὁ
3299 4113 3499 4175 σκοπὸς
3537 4115 3723 4177 αὑτοῖς

2141 4188 2230 4263 ῆν,
2267 4192 2405 4246 ὥστε
2451 4192 2672 4265 διηνεκῆ
2729 4193 3034 4262 ὑπόμνησιν
3070 4194 3445 4248 ἐναποτιθέναι
3489 4195 3575 4249 διὰ
3623 4198 3723 4267 τῆς

2143 4276 2514 4346 προσηγορίας
2544 4275 2624 4344 τῷ
2656 4273 2915 4344 τεχθέντι.
2961 4275 3100 4327 Ἀλλ’
3132 4275 3329 4344 ἴδωμεν
3359 4277 3545 4331 λοιπὸν
3583 4280 3752 4348 μετά
3785 4297 3791 4302 '

2141 4357 2238 4428 τὴν
2284 4357 2392 4410 τῶν
2426 4357 2803 4427 πρωτοτοκίων
2835 4356 3131 4428 ἐναλλαγὴν
3151 4398 3166 4424 ,
3200 4358 3448 4414 τίπάλιν
3483 4363 3613 4431 ἡμῖν
3646 4361 3723 4413 δι-

2140 4449 2359 4515 ηγεῖται
2384 4445 2412 4496 ὁ
2446 4443 2712 4514 μακάριος
2742 4443 2984 4514 Μωῦσῆς
3010 4445 3245 4515 περὶτοῦ
3263 4446 3470 4518 πατρὸς
3495 4447 3720 4508 τούτων,

2144 4529 2238 4580 καὶ
2281 4528 2429 4590 ὅπως
2471 4525 2720 4600 καθάπερ
2768 4527 2860 4578 ἐπὶ
2904 4526 2999 4580 τοῦ
3044 4529 3414 4600 πατριάρχου,
3445 4530 3537 4582 καὶ
3565 4524 3720 4592 οὗτος

2142 4605 2301 4675 λιμοῦ
2359 4593 2753 4666 καταλαϐόττος
2798 4603 2997 4675 πολλῆς
3052 4593 3321 4669 ἀξιοῦτάῖ
3347 4607 3445 4677 τῆς
3507 4608 3722 4661 ἄνωθεν

2143 4683 2487 4754 κηδεμονίας,
2511 4681 2766 4752 1501]διά
2779 4699 2837 4733 τε
2856 4682 2954 4751 τὴν
2973 4684 3180 4735 οἰκείαν
3203 4683 3424 4755 ἀρετὴν,
3444 4684 3532 4738 διά
3547 4702 3604 4737 τε
3620 4687 3721 4754 τὴν

2143 4769 2223 4830 είς
2250 4767 2342 4820 τὸν
2385 4764 2730 4836 πατριάρχην
2763 4763 3134 4836 γεγενημένην
3167 4765 3518 4834 ἐπαγγελίαν.
3569 4767 3722 4837 Ἐγέο

2142 4863 2279 4900 rem
2326 4844 2426 4906 δὲ,
2477 4844 2640 4915 φησὶ,
2694 4843 2870 4912 λιμὸς
2911 4843 3007 4896 ἐπὶ
3052 4841 3162 4912 τῆς
3199 4845 3340 4914 τῆς,
3382 4845 3561 4914 χωρὶς
3612 4846 3721 4900 τοῦ

2141 4924 2320 4992 λιμοῦ
2351 4923 2456 4978 τοῦ
2478 4924 2768 4990 πρότερον
2787 4962 2800 4985 ,
2819 4921 2882 4987 ὃς
2914 4921 3149 4992 ἐγένετο
3187 4924 3257 4977 ἐν
3280 4924 3362 4990 τῷ
3393 4926 3592 4993 χρόνῳ
3614 4925 3724 4979 τοῦ

2156 5001 2422 5072 Ἀϐραάμ.
2464 5003 2584 5055 Ἵνα
2620 5001 2694 5072 μὴ
2727 5000 2957 5071 νομίσῃς
3007 5003 3131 5072 περὶ
3171 5004 3380 5057 ἐκείνου
3415 5003 3507 5057 τοῦ
3557 5005 3734 5075 λιμοῦι

2141 5080 2302 5134 αὑτὸν
2339 5080 2719 5147 διαλέγεσθαι,
2761 5078 2848 5132 διὰ
2884 5077 3043 5132 τοῦτο
3082 5082 3326 5152 ἐπήγαγε
3343 5123 3368 5147 ,,
3397 5083 3582 5150 Χωρίς
3613 5083 3720 5136 τοῦ

2141 5163 2321 5231 λιμοῦ
2343 5163 2450 5217 τοῦ
2488 5161 2853 5232 πατριάρχου
2874 5201 2888 5225 ,
2917 5163 3050 5215 ἀντὶΔ
3077 5163 3420 5234 τοῦ,Ἔτερος
3480 5163 3719 5226 τοιοῦτος

2141 5245 2234 5299 νῦν
2271 5244 2536 5308 κατέϐαλε
2571 5244 2726 5316 λιμὸς
2757 5245 2856 5315 τὴν
2886 5246 2990 5316 γῆν
3015 5247 3108 5300 ἐπὶ
3129 5248 3222 5299 τοῦ
3261 5246 3465 5302 Ἰσαὰκ.
3493 5241 3603 5309 οἷος
3626 5248 3719 5298 καὶ

2141 5329 2232 5381 ἐπὶ
2258 5327 2353 5381 τοῦ
2387 5329 2596 5397 πατρὸς
2622 5328 2806 5382 αὑτοῦ.
2849 5331 2960 5382 Καὶ
2990 5331 3022 5400 ή
3051 5331 3160 5382 τῶν
3187 5329 3496 5396 ἀναγκαίων
3525 5329 3720 5390 σπάνις

2142 5411 2348 5472 πάντας
2377 5411 2435 5462 ἐν
2467 5410 2687 5481 θορύϐῳ
2715 5410 2954 5480 μεγίστῳ
2985 5412 3214 5478 καθίστα
3240 5451 3256 5475 ,
3288 5414 3381 5464 καὶ
3411 5411 3476 5464 ἐκ
3506 5410 3614 5463 τῶν
3643 5411 3735 5462 οἰ·-

2143 5493 2303 5546 κείων
2349 5493 2764 5564 μετανίστασθαι
2798 5497 3121 5565 κατήπειγε,
3172 5496 3265 5547 καὶ
3303 5494 3435 5567 πρὸς
3480 5495 3729 5557 ἐκείνους,

2139 5576 2263 5638 τοὺς
2283 5575 2477 5638 τόπους
2491 5577 2708 5648 χωρεῖν,
2727 5576 2851 5629 ἔνθα
2874 5579 2980 5630 τῶν
3004 5575 3318 5645 ἐπιτηδείων
3344 5577 3440 5647 τὴν
3464 5576 3719 5646 εὐπορίαν

2141 5653 2206 5730 ἦν
2240 5659 2439 5728 εὑρεῖν.
2475 5657 2639 5714 Ὅθεν
2677 5659 2772 5731 καὶ
2803 5661 2831 5712 6
2859 5659 3062 5722 δίκαιος
3088 5655 3240 5721 οὗτος
3269 5659 3599 5730 θεασάμενος
3631 5659 3749 5713 τδνμ

2203 5753 2233 5795 h
2254 5752 2312 5802 In
2336 5755 2489 5805 tribus
2508 5769 2622 5806 mss.
2653 5755 3166 5818 κεχρησμωδοτημένα.
