4150 6276
479 342 585 400 453

475 453 657 527 λιμδν,
673 446 1016 520 Ἐπορεύθη,
1040 446 1191 518 φησὶ,
1212 445 1361 514 πρὸς
1377 443 1672 514 Ἀϐιμέλεχ
1701 445 1788 527 εὶς
1801 439 2050 527 Γέραρα.

491 523 756 591 Ἐνταῦθα
788 533 895 604 γάρ
926 531 1021 584 καὶ
1047 533 1075 583 ὁ
1119 528 1366 599 Ἀϐραὰμ
1402 528 1539 598 μετά
1566 527 1663 596 τὴν
1697 525 1803 578 ἀπὸ
1824 524 1925 592 τῆς
1965 523 2054 577 Αί-

479 619 688 688 γύπτου
711 614 965 670 ἐπάνοδον
997 611 1156 665 πάλιν
1184 609 1442 679 ἀπῆλθεν.
1475 607 1634 688 Εἰκὸς
1661 607 1718 660 δὲ
1749 608 1842 661 καὶ
1868 606 2056 688 τοῦτον

479 685 567 754 διά
593 699 748 753 τοῦτο
772 699 885 749 ἐκεῖ
906 691 1315 762 ἀπεληλυθέναι,
1339 689 1413 753 ὡς
1439 687 1646 743 ἐκεῖθεν
1670 689 1908 758 ὁρμῆσαι
1941 685 2056 754 βου-

480 783 704 852 λόμενον
737 780 827 831 ἐπὶ
854 777 950 846 τὴν
969 775 1237 841 Αἴγυπτον
1257 789 1269 802 ’
1307 774 1401 824 καὶ
1417 772 1499 823 ὅτι
1525 770 1681 823 τοῦτό
1711 769 2058 852 ἐστινὶάκουο

482 850 573 918 σον
601 865 697 932 τῆς
735 860 952 931 Γραφῆς
987 857 1252 926 λεγούσης
1277 872 1291 885 ·
1335 856 1523 923 Ὠφθη
1547 867 1574 895 Δ
1612 854 1722 924 γὰρ
1750 850 1929 916 αὐτῷ,
1955 867 2056 921 φη-

482 947 586 1008 σιν,
615 947 647 997 ό
679 943 840 1008 Θεὸς,
864 941 961 993 καὶ
988 936 1143 993 εἷπε·
1190 936 1287 1004 Μὴ
1327 934 1589 1003 καταϐῇς
1613 937 1702 1000 εὶς
1731 934 2054 1002 Αἴγυπτον.

479 1029 553 1080 O6
581 1025 835 1096 βούλομαί
861 1039 942 1085 σε,
965 1023 1116 1092 φησὶ,
1142 1021 1240 1092 τὴν
1265 1021 1481 1090 μακράν
1503 1019 1718 1088 ἐκείνην
1745 1015 2055 1070 στείλασθαι

475 1108 611 1170 ὁδὸν,
647 1107 758 1160 ἀλλ’
789 1104 1022 1158 ἐνταῦθα
1042 1104 1257 1173 -μένειν,
1303 1099 1442 1153 Ἀλλ’
1469 1100 1588 1153 οὐδὲ
1613 1098 1814 1168 ἀφίημί
1847 1113 1906 1149 σε
1933 1098 2054 1148 πεῖ-

477 1206 577 1260 ραν
614 1189 712 1258 τῆς
743 1185 1099 1256 στενοχωρίας
1129 1183 1333 1245 λαϐεῖν,
1361 1181 1496 1235 άλλά
1523 1182 1622 1252 τὴν
1643 1181 1933 1248 ὑπόσχεσιν
1956 1178 2054 1247 τὴν

475 1273 610 1344 πρὸς
649 1272 739 1324 τὸν
779 1270 988 1340 πατέρα
1016 1285 1109 1321 σου
1165 1268 1244 1330 εἰς
1275 1265 1433 1336 ἔργον
1471 1265 1604 1331 ἄξω,
1634 1265 1727 1316 καὶ
1765 1264 1834 1316 τά
1863 1261 2056 1330 ἐκείνῳ

473 1355 855 1426 ἐπηγγελμένα
877 1355 955 1416 είς
985 1353 1043 1405 σὲ
1075 1351 1387 1422 ἐκϐήσεται,
1413 1350 1507 1402 καὶ
1531 1350 1594 1400 σὺ
1626 1348 1732 1401 τῶν
1754 1346 1890 1418 πρὸς
1915 1346 2058 1398 ἐκεῖ·

475 1457 563 1492 νον
614 1435 958 1506 ὑποσχέσεων
1008 1434 1068 1486 τὸ
1113 1433 1286 1504 πέρας
1325 1431 1470 1504 δέξῃ.
1531 1429 1629 1499 Μὴ
1669 1429 1933 1497 καταϐῇς
1969 1429 2056 1491 εὶς

476 1524 800 1591 Αἴγυπτον,
841 1518 1207 1585 κατοὼιησον
1242 1515 1310 1568 δὲ
1346 1514 1416 1566 ἐν
1464 1512 1538 1583 τῇ
1575 1511 1686 1582 γῇ,
1735 1508 1775 1585 ᾗ
1810 1513 1919 1566 ἐάν
1956 1529 2056 1566 σοι

475 1607 643 1667 εἴπω,
677 1604 775 1657 καὶ
805 1602 1074 1669 παροίκει
1110 1599 1180 1652 ἐν
1213 1597 1286 1665 τῇ
1316 1597 1391 1665 γῇ
1426 1599 1633 1665 ταύτῃ.

550 1688 615 1757 β’.
638 1687 751 1738 Ἵνα
783 1685 856 1754 μὴ
875 1682 1070 1754 νομίσῃ
1085 1683 1111 1734 6
1130 1682 1334 1742 δίκαιος
1349 1681 1428 1734 ὅτι
1447 1679 1765 1749 βουλόμενος
1783 1677 1942 1731 αὑτὸν
1955 1679 2055 1748 τῆς

478 1767 837 1839 στενοχωρίας
866 1765 964 1834 τῆς
997 1763 1104 1817 ἀπὸ
1129 1763 1221 1816 τοῦ
1245 1762 1406 1833 λιμοῦ
1435 1765 1630 1832 πεῖραν
1657 1760 1861 1823 λαϐεῖν,
1899 1759 2055 1812 τοῦτο

477 1853 778 1912 ἐπιτάττει,
811 1850 903 1901 καὶ
931 1848 990 1900 06
1037 1849 1308 1917 συγχωρεῖ
1347 1847 1426 1907 είς
1451 1843 1550 1914 τὴν
1582 1844 1854 1911 Αἴγυπτον
1885 1842 2051 1894 ἀπελ-

477 1936 610 1998 θεῖν,
636 1931 765 2002 φησί
788 1949 800 1960 ·
835 1931 926 2000 Μὴ
961 1929 1191 1997 ἀγωνία,
1217 1927 1349 1999 μηδέ
1381 1925 1650 1996 φρόντιζε,
1682 1924 1795 1977 ἀλλ’
1824 1923 2056 1980 ἐνταῦθα

480 2020 644 2090 μένε·
711 2015 856 2084 Ἐγὼ
897 2013 1008 2082 γὰρ
1056 2012 1267 2080 ἔσομαι
1289 2009 1442 2079 μετὰ
1483 2009 1622 2062 σοῦ.
1677 2007 1782 2090 Τὸν
1820 2007 2052 2090 χορηγὸν

476 2088 727 2155 ἀπάντων
770 2096 876 2149 τῶν
921 2093 1138 2162 ἀγαθῶν
1185 2093 1344 2164 ἔχων,
1396 2092 1470 2163 μὴ
1518 2088 1768 2164 φρόντιζε
1805 2089 2053 2159 μηδενός.

489 2177 627 2250 Ἐγὼ
659 2179 766 2252 γὰρ
796 2182 822 2232 6
855 2177 1069 2231 πάντων
1092 2175 1365 2244 Δεσπότης
1396 2174 1588 2243 ἔσομαι
1625 2173 1762 2243 μετά
1791 2171 1885 2224 σοῦ
1905 2188 1917 2201 ο
1958 2171 2053 2224 καὶ

477 2267 536 2319 06
577 2263 733 2317 τοῦτο
769 2261 946 2332 μόνον,
985 2259 1120 2313 ἀλλὰ
1153 2259 1260 2313 Καὶ
1308 2256 1622 2328 εὐλογήσω
1654 2273 1748 2321 σε,
1789 2257 1908 2309 ἀντὶ
1935 2256 2049 2322 τοῦ,

470 2344 740 2413 Ἐπίδοξόν
771 2361 828 2397 σε
841 2344 1072 2412 ποιήσω,
1099 2342 1195 2394 καὶ
1222 2340 1319 2415 τὴν
1362 2341 1492 2410 παρ’
1521 2339 1655 2409 ἐμοῦ
1697 2357 1778 2392 σοι
1809 2338 2056 2406 εὐλογίαν

478 2428 719 2499 παρέξω.
755 2427 820 2482 Τί
853 2428 918 2480 ἂν
949 2425 1034 2494 εἴη
1063 2426 1252 2477 τούτου
1283 2421 1695 2493 μακαριώτερον
1727 2421 1820 2476 τοῦ
1851 2423 2058 2475 δικαίου

475 2515 572 2567 τοῦ
603 2511 868 2582 τοσαύτην
907 2508 1238 2578 ἐπαγγελίαν
1268 2506 1419 2575 παρά
1440 2506 1532 2558 τοῦ
1565 2505 1698 2558 Θεοῦ
1738 2506 2055 2574 δεξαμένου,

475 2598 559 2651 ὃτι
602 2597 856 2664 Ἕσομαι
892 2595 1043 2662 μετὰ
1075 2592 1216 2653 σοῦ,
1251 2591 1348 2643 καὶ
1387 2588 1703 2658 εὐλογήσω
1745 2603 1852 2652 σε;
1891 2588 2059 2640 Τοῦτό

479 2696 540 2732 σε
571 2678 786 2730 πάντων
811 2673 1193 2745 ,εὐπορώτερον
1222 2671 1514 2736 ἀποδείξει,
1539 2671 1696 2724 τοῦτό
1719 2688 1778 2724 σε
1805 2672 1863 2723 ἐν
1891 2670 2056 2742 πολλῇ

477 2761 766 2832 περιουσίᾳ
799 2754 938 2810 εῖναι
977 2757 1406 2826 παρασκευάσει,
1446 2754 1603 2807 τοῦτό
1652 2771 1735 2807 σοι
1766 2756 1798 2824 ἡ
1830 2755 2058 2824 μεγίστη

476 2843 624 2908 δόξα,
655 2841 812 2894 τοῦτο
843 2842 876 2910 ἡ
916 2839 1119 2907 άφατος
1150 2837 1497 2908 περιφάνεια,
1521 2837 1678 2890 τοῦτο
1709 2838 1742 2907 ἡ
1768 2836 2056 2906 ἀσφάλεια,

477 2927 635 2982 τοῦτο
665 2925 773 2976 τῶν
804 2923 1025 2992 ἀγαθῶν
1069 2923 1129 2976 τὸ
1173 2921 1488 2991 κεφάλαιον,
1528 2920 1587 2974 16
1628 2921 1727 2990 ἐμὲ
1759 2916 1894 2974 εῖναι
1923 2921 2060 2989 μετά

480 3008 596 3072 σοῦ,
620 3009 714 3070 καὶ
734 3007 1022 3076 εὑλογῆσαί
1054 3023 1133 3059 σε.
1173 3006 1296 3069 Πῶς
1317 3004 1373 3056 δέ
1404 3021 1462 3057 σε
1487 3003 1795 3075 εὑλογήσω;
1825 3004 1925 3057 Σοὶ
1961 3005 2060 3059 καὶ

478 3091 557 3156 τῷ
584 3090 875 3159 σπέρματι
905 3105 1021 3142 σου
1046 3087 1217 3140 δώσω
1251 3088 1365 3156 τὴν·
1395 3086 1511 3156 γῆν
1539 3087 1786 3153 ταύτην.
1804 3087 1892 3149 Ὠς
1916 3084 2062 3150 ξένος

478 3173 573 3229 καὶ
609 3173 814 3244 ἀλήτης
857 3171 1098 3242 νομίζεις
1135 3169 1520 3243 ἐπιχωριάζειν
1557 3172 1668 3232 τοῖς
1716 3169 1905 3240 μέρεσι
1941 3169 2065 3221 τού-

477 3273 590 3318 τοις
614 3273 626 3286 °
666 3245 772 3308 ἴσθι
805 3255 886 3306 ὅτι
911 3253 992 3316 σοι
1012 3252 1102 3304 καὶ
1122 3252 1199 3320 τῷ
1223 3252 1498 3322 σπέρματί
1522 3269 1614 3305 σου
1638 3252 1784 3304 πᾶσα
1820 3250 1959 3320 αὕτη
1980 3251 2064 3303 δο-

480 3339 699 3408 θήσεται
731 3337 764 3410 ἡ
797 3335 886 3405 γῆ.
907 3336 1017 3386 Καὶ
1043 3334 1130 3386 ἴνα
1153 3334 1372 3404 θαρρεῖν
1399 3332 1545 3407 ἔχῃς,
1575 3331 1832 3402 μάνθανε,
1849 3333 1930 3385 ὄτι
1956 3331 2066 3384 Τόν

479 3419 682 3486 ὅρκον,
700 3417 771 3470 ὃν
795 3416 1001 3483 ὤμοσα
1032 3416 1277 3484 Ἀϐραὰμ
1307 3415 1386 3479 τῷ
1408 3417 1584 3484 πατρί
1599 3428 1738 3474 σου.
1761 3413 1946 3466 τοῦτον
1975 3413 2066 3466 ἐπὶ

481 3502 564 3553 σοὶ
582 3503 781 3571 στήσω.
803 3501 944 3570 Ὅρα
963 3498 1368 3566 συγκατάϐασιν
1381 3496 1536 3550 Θεοῦ.
1561 3498 1675 3550 Οὑκ
1689 3492 1841 3549 εἶπεν
1857 3495 2062 3560 ἁπλῶς,

427 3583 452 3600 ⁸
477 3585 524 3636 Τ
527 3585 591 3646 ἀς
609 3582 898 3652 συνθήκας,
916 3580 980 3642 ἃς
999 3580 1340 3650 ἐποιησάμην
1357 3578 1490 3650 πρὸς
1508 3579 1598 3639 τὸν
1623 3579 1831 3649 πατέρα
1846 3579 1936 3630 τὸν
1954 3577 2064 3641 σὺν,

479 3665 708 3729 οὕτετάς
725 3663 1073 3734 ἐπαγγελίας,
1086 3662 1149 3722 ἃς
1166 3660 1500 3731 ὑπεσχόμην’
1522 3660 1657 3714 ἀλλά
1674 3660 1745 3724 τί;
1769 3660 1878 3716 Τὸν
1888 3659 2068 3726 ὅρκον

481 3749 554 3803 ὃν
572 3748 796 3817 ὤμοσα.
817 3747 1005 3818 Ὄρκῳ
1020 3744 1179 3798 αὑτὸν
1196 3744 1603 3814 ἐπιστωσάμην,
1623 3743 1777 3814 φησὶ,
1809 3741 1902 3794 καὶ
1921 3741 2067 3810 ὀφεί-

479 3832 558 3885 λω
583 3833 661 3893 είς
676 3829 834 3903 ἔργον
857 3830 1081 3897 ἀγαγεῖν
1102 3828 1195 3881 καὶ
1218 3826 1324 3896 πλη
1334 3827 1501 3896 ρῶσαι
1518 3826 1606 3879 τὸν
1634 3823 1793 3895 ὅρκον
1809 3825 1897 3876 τὸν
1913 3824 2063 3896 ἐμόν.

561 3913 723 3984 Ὁρᾷς
763 3910 896 3965 Θεοῦ
943 3911 1380 3981 φιλανθρωπίανς
1451 3909 1695 3984 Ούπρὺς
1727 3909 1827 3980 τὴν
1863 3907 2066 3960 οἰκείαν

480 3995 636 4062 ἀξίαν
681 3991 831 4066 ¹ὁρῶν
884 3993 1214 4062 φθέγγεται·
1257 3993 1390 4045 ἀλλά
1455 3992 1591 4063 πρὸς
1647 3993 1740 4062 τὴν
1790 3993 2068 4046 ἀσθένειαν

483 4065 924 4149 συγκαταϐαίνων
951 4077 1046 4145 τὴν
1088 4076 1377 4147 ἡμετέραν.
1418 4073 1566 4144 [502]
1611 4075 1827 4144 Ἐπειδὴ
1873 4075 1979 4143 γὰρ
2016 4075 2065 4127 οἱ

483 4165 754 4233 ἄνθρωποι
783 4162 856 4224 ὡς
878 4161 972 4214 ἐπὶ
992 4161 1053 4211 τὸ
1089 4160 1335 4211 πλεῖστον
1390 4158 1573 4210 ἐκεῖνα
1597 4159 1676 4218 εἰς
1719 4157 1878 4228 ἔργον
1912 4158 2064 4225 άγειν

486 4243 897 4308 σπουδάζουσιν,
929 4241 1026 4309 ούχ
1059 4239 1200 4311 άπερ
1232 4239 1296 4291 ἂν
1322 4238 1506 4302 ἁπλῶς
1536 4237 1874 4307 ὑπόσχωνταί
1901 4255 2061 4303 τισιν,

485 4328 600 4382 ἀλλ’
633 4327 732 4389 ὅσα
765 4325 832 4378 ἂν
868 4323 984 4393 μεθ’
1009 4324 1171 4393 ὅρκου
1204 4321 1640 4389 ἐπαγγέλλωνται
1659 4337 1671 4351 ⁸
1693 4320 1782 4375 τὸν
1812 4321 1973 4373 αὑτὸν
2001 4321 2064 4393 δὴ

483 4410 683 4481 τρόπον
708 4407 799 4472 καὶ
828 4408 857 4459 6
883 4404 990 4457 τῶν
1009 4405 1144 4457 ὅλων
1172 4404 1303 4468 Θεὸς
1331 4403 1690 4475 πληροφορῶν
1720 4404 1810 4457 τὸν
1836 4403 2061 4468 δίκαιον,

487 4493 569 4545 ὅτι
616 4489 831 4553 πάντως
867 4486 1020 4540 ἔσται
1065 4487 1133 4540 τά
1186 4487 1314 4558 παρ’
1351 4485 1516 4540 αὑτοῦ
1545 4485 1830 4556 λεγόμενα,
1867 4487 2060 4558 φησιν’

487 4573 626 4627 Ἴσθι
666 4573 748 4626 ὅτι
769 4571 838 4632 τὰ
863 4570 991 4647 παρ’
1029 4569 1162 4640 ἐμοῦ
1203 4570 1503 4641 ὀμνυθέντα
1529 4571 1616 4632 cl;
1647 4570 1805 4640 ἔργον
1835 4570 2064 4641 ἀχθῆναι

483 4660 582 4714 δεῖ.
621 4657 684 4710 Τί
706 4652 820 4719 οὖν,
840 4655 1034 4728 φησίν;
1060 4656 1088 4707 6
1107 4655 1238 4717 Θεὸς
1253 4653 1434 4725 ώμοσε
1457 4671 1472 4720 ;
1499 4654 1753 4708 καὶκατὰ
1779 4653 1918 4714 τίνος
1938 4654 2064 4722 ὀμό-

485 4759 575 4795 σαι
605 4739 865 4809 ἡδύνατος
924 4739 1085 4808 Ὁρᾷς
1118 4737 1200 4790 ὅτι
1230 4736 1686 4805 συγκαταϐάσεως
1717 4732 1783 4805 ἦν
1818 4735 1878 4787 τὸ
1909 4738 2063 4804 εἰρη-

485 4823 648 4893 μένον
673 4839 685 4852 ·
709 4823 807 4890 τὴν
831 4822 939 4891 γάρ
965 4820 1251 4890 βεϐαίωσιν
1275 4821 1372 4890 τῆς
1391 4820 1730 4894 ὑποσχέσεως
1757 4819 1915 4887 ὅρκον
1938 4818 2064 4869 ἐκά-

482 4906 627 4958 λεσε.
665 4905 771 4957 Καὶ
803 4902 1029 4970 στήσω,
1061 4905 1211 4974 φησὶ,
1252 4902 1357 4966 τὸν
1387 4903 1567 4970 ὅρκον
1588 4918 1708 4969 μου
1728 4941 1742 4964 ,
1763 4898 1835 4952 ὃν
1860 4897 2065 4967 ὤμοσα

484 4991 730 5058 Ἀϐραὰμ
755 4987 835 5052 τῷ
855 4990 1031 5056 πατρί
1052 5006 1189 5043 σου.
1209 4984 1341 5042 Εἶτα
1372 4989 1608 5044 διδάσκει
1627 4988 1788 5046 αὑτὸν
1823 4987 1916 5039 καὶ
1944 4985 2064 5039 τίνα

483 5073 631 5126 ἐστὶν
650 5072 685 5126 ἃ.
706 5071 994 5141 ὑπέσχετο,
1015 5071 1248 5141 καὶπερὶ
1273 5073 1430 5124 τίνων
1458 5071 1606 5140 αὑτῷ
1627 5067 2061 5123 διεϐεϐαιώσατο.

483 5155 593 5212 Καὶ
632 5152 919 5222 πληθυνῶ
958 5153 1024 5206 τὸ
1062 5154 1301 5222 σπέρμα
1345 5168 1485 5218 σου,
1525 5155 1606 5220 ὡς
1638 5153 1779 5218 τοὺς
1805 5153 2064 5220 ἀστέρας

484 5243 592 5298 τοῦ
621 5241 902 5310 οὐρανοῦ.
941 5240 1112 5293 Τοῦτο
1146 5241 1253 5310 γὰρ
1284 5241 1376 5294 καλ⁵
1403 5239 1480 5309 τῷ
1512 5240 1820 5311 πατριάρχῃ
1854 5239 2057 5306 ἔλεγεν,

483 5326 836 5384 ὃτιΤοσοῦτον
852 5324 1006 5382 ἔσται
1025 5325 1086 5378 16
1109 5323 1330 5393 σπέρμα
1359 5339 1474 5388 σου,
1492 5323 1566 5384 ὡς
1595 5323 1687 5376 καὶ
1707 5327 1817 5385 τοῖς
1845 5323 2063 5394 ἄστροις

470 5552 482 5562 ’
546 5553 574 5616 ἔ
596 5551 696 5616 Se);
723 5566 837 5601 mss.
863 5552 1069 5601 ἄκουσον
1093 5555 1176 5611 τὴν
1218 5554 1396 5614 ἄφατον
1423 5550 1517 5616 τοῦ
1552 5549 1678 5616 Θεοῦ
1702 5553 2059 5616 φιλανθρωπίαν

483 5615 635 5678 ρφθη,
676 5614 825 5678 S_avil.
872 5617 1076 5662 ἄκουσον
1102 5617 1186 5672 τήν
1225 5611 1403 5678 άιρατον
1438 5612 1524 5678 τοῦ
1548 5611 1672 5678 Θεοῦ
1700 5611 2057 5677 εύσπὶλάγχνίαν.

484 5674 557 5732 ιιι
567 5676 655 5726 rel.
680 5674 885 5723 ἄκουσον
907 5682 988 5734 τῆς
1008 5679 1190 5740 Γρατῆς
1222 5674 1466 5737 λεγούσης,
1491 5676 1638 5738 ὤφθη.

1215 334 1276 394 ,S.
1306 331 1586 389 JOANNIS
1614 325 2098 387 CHRYSOSTOMI
2130 327 2447 386 ARCHIEP.
2488 323 3031 385 CONSTANTINOP.

3663 326 3794 383 454

2161 441 2333 512 καὶτῇ
2380 443 2548 513 ἄμμῳ
2599 441 2997 514 παρισωθῆναι.
3049 439 3154 494 Καὶ
3189 440 3381 506 δώσω,
3427 440 3640 509 φησὶν,
3699 440 3796 508 τῷ

2158 523 2453 592 σπέρματί
2478 542 2597 580 σου
2629 523 2834 579 πᾶσαν
2858 524 2974 592 τὴν
2997 523 3116 594 γῆν
3147 524 3392 591 ταύτην,
3445 524 3556 576 καὶ
3590 523 3796 578 ἐνευ‹

2156 607 2600 675 λογηθήσονται
2613 607 2683 661 ἐν
2701 605 2782 672 τῷ
2810 608 3105 675 σπέρματί
3133 623 3248 660 σου
3279 605 3474 659 πάντα
3501 606 3591 659 τὰ
3612 607 3792 672 ἔθνη

2157 686 2268 755 τῆς
2292 685 2420 756 γῆς.
2457 688 2556 741 Διά
2575 687 2730 741 τοῦτο
2754 689 2811 741 δὲ
2835 689 2932 750 τάς
2956 689 3277 758 ὑποσχέσεις
3309 688 3407 750 τὰς
3431 688 3510 750 είς
3539 688 3792 740 ἐκεῖνον

2159 770 2528 840 γεγενημένας
2568 772 2646 832 είς
2683 771 2742 822 σέ
2764 770 3057 840 πληρώσω,
3105 772 3248 824 Ἀνθ⁸
3279 764 3366 824 ὧν
3386 770 3792 836 ὑπήκουσεν

2158 851 2414 920 Ἀϐραὰμ
2445 855 2476 905 ὀ
2514 853 2709 920 πατήρ
2734 868 2850 907 σου
2883 851 2994 920 τῆς
3024 852 3176 922 ἐμῆς
3213 850 3435 922 φωνῆς,
3468 853 3576 905 καὶ
3612 854 3788 920 ἐφύ-

2156 933 2306 996 λαξε
2349 934 2420 988 τὰ
2468 932 2896 1004 προστάγματά
2933 951 3076 1004 μου.
3122 934 3222 988 καὶ
3263 934 3337 987 τὰ
3376 934 3787 1002 δικαιώματὰ

2151 1032 2301 1083 μου,
2344 1016 2444 1068 καὶ
2494 1021 2566 1070 τὰ
2597 1017 2816 1085 νόμιμά
2837 1035 2978 1086 μου.
3025 1017 3166 1087 Ὅρα
3189 1015 3324 1070 Θεοῦ
3355 1017 3572 1085 σοφίαν,
3605 1019 3784 1080 ὅπως

2156 1097 2411 1168 διεγείρει
2436 1097 2528 1150 τοῦ
2565 1098 2770 1151 δικαίου
2794 1100 2891 1169 τὴν
2917 1099 3175 1161 διάνοιαν,
3205 1100 3298 1152 καλ⁴
3335 1100 3780 1170 προθυμότερον

2157 1180 2470 1249 ἐργάζεται,
2494 1181 2586 1236 καὶ
2620 1181 3027 1251 παρασκευάζει
3057 1182 3299 1253 μιμητὴν
3321 1181 3508 1236 τοῦτον
3540 1183 3654 1236 τοῦ
3687 1184 3780 1235 οὶ-

2156 1263 2305 1314 κείου
2336 1263 2538 1334 πατρὸς
2590 1264 2946 1335 καταστῆναι.
3004 1265 3067 1316 Εἰ
3099 1264 3207 1335 γάρ
3257 1267 3484 1328 ἐκεῖνος,
3525 1265 3773 1334 ἐπειδὴ,

2157 1345 2341 1412 φησὶν,
2375 1346 2652 1416 ὑπήκουσε
2681 1348 2779 1416 τῆς
2799 1347 2939 1416 ἐμῆς
2965 1347 3166 1416 φωνῆς,
3185 1345 3388 1417 ταύτης
3409 1346 3627 1417 ἠξιώθη
3664 1347 3779 1417 τῆς

2156 1427 2524 1497 ὑποσχέσεως,
2563 1429 2657 1481 καὶ
2691 1428 2778 1487 διὰ
2821 1428 2920 1498 τὴν
2949 1427 3160 1487 ἐκείνου
3205 1429 3404 1498 ἀρετὴν
3448 1432 3527 1489 είς
3566 1430 3638 1482 ἀὲ
3669 1429 3774 1482 τὸν

2156 1510 2214 1576 ἐξ
2244 1508 2410 1562 αὑτοῦ
2437 1508 2699 1579 τεχθέντα
2740 1508 2912 1563 ταῦτα
2943 1509 3182 1579 πληροῦν
3210 1510 3389 1580 μέλλω
3407 1526 3422 1542 ο
3462 1512 3510 1564 εἰ
3559 1512 3670 1564 καὶ
3698 1513 3773 1564 σὺ

2155 1591 2316 1655 αὑτὸς
2353 1592 2564 1645 ἐκείνου
2600 1592 2844 1664 ζηλωτὴς
2888 1592 3241 1660 κατασταίης,
3270 1593 3364 1646 καὶ
3397 1594 3497 1664 τὴν
3526 1593 3773 1646 ἐκείνου.

2157 1675 2271 1727 ὁδὸν
2296 1663 2488 1738 ἔλθοις,
2523 1675 2794 1746 ἐννόησον,
2818 1676 2949 1745 ὅσης
2969 1674 3294 1738 ἀπολαύσεις
3325 1673 3426 1746 τῆς
3454 1663 3589 1747 παρ’
3609 1678 3770 1746 ἐμοῦ

2157 1755 2390 1818 εὐνοίας,
2431 1757 2524 1810 καὶ
2562 1757 2733 1826 πόσης
2780 1758 3032 1826 προνοίας
3071 1758 3368 1828 ἀξιωθήση.
3415 1759 3472 1812 '0
3511 1760 3632 1829 γὰρ
3666 1759 3770 1812 διὰ

2155 1840 2252 1910 τὴν
2280 1841 2466 1911 ἐτέρου
2514 1841 2716 1912 ἀρετὴν
2765 1841 2970 1912 μέλλων
3010 1838 3068 1896 εὖ
3097 1843 3346 1911 πάσχειν,
3377 1844 3424 1894 εί
3448 1844 3542 1896 καὶ
3572 1844 3767 1907 αὐτὸς

2157 1924 2411 1994 ἐνάρετος
2441 1924 2672 1991 γένοιτο,
2711 1925 2890 1994 πολλῷ
2919 1925 3162 1986 πλείονος
3185 1924 3548 1995 ἀξιωθήσεται
3575 1927 3769 1997 κηδε-

2159 2005 2366 2076 μονίας.
2404 2006 2468 2058 Τί
2497 2006 2552 2059 δέ
2587 2007 2756 2069 ἐστιν,
2809 2009 2953 2061 Ἀνθ’
2984 2002 3071 2061 ὧν
3098 2007 3414 2073 ὑπήκουσε
3451 2008 3558 2077 τῆς
3585 2009 3765 2078 ἐμῆς

2155 2087 2394 2155 φωνῆς,
2441 2088 2540 2140 καὶ
2587 2089 2853 2158 ἐφύλαξε
2895 2090 2967 2143 τὰ
2998 2089 3422 2159 προστάγματά
3447 2108 3588 2160 μου,
3646 2092 3762 2144 καὶ

2156 2173 2261 2237 τὰς
2285 2171 2538 2237 ἐντολάς
2557 2189 2678 2240 μου
2701 2213 2716 2237 ,
2748 2172 2848 2225 καὶ
2889 2171 2960 2226 τὰ
2993 2171 3349 2242 δικαιώματά
3365 2190 3520 2243 μου;
3573 2170 3760 2226 Εἶπον

2156 2251 2306 2324 αύτῷ
2331 2271 2344 2282 ·
2391 2255 2635 2318 Ἔξελθε
2662 2255 2731 2308 ἐκ
2770 2254 2881 2322 τῆς
2915 2254 3027 2323 γῆς
3071 2269 3188 2310 σου
3216 2257 3314 2309 καὶ
3339 2256 3407 2309 ἐκ
3445 2255 3556 2324 τῆς
3591 2270 3763 2323 συγ-

2155 2337 2387 2404 γενείας
2425 2354 2562 2403 σου,
2622 2338 2720 2392 καὶ
2755 2338 2931 2407 δεῦρο
2968 2342 3054 2404 εὶς
3095 2339 3210 2407 τὴν
3250 2338 3369 2408 γῆν
3402 2338 3481 2406 ἢν
3523 2338 3600 2391 ἄν
3645 2354 3763 2391 σοι

2160 2417 2339 2482 δείξω
2370 2435 2384 2449 ·
2417 2420 2514 2472 καὶ
2554 2421 2844 2473 κατέλειπε
2880 2419 2950 2473 τά
2996 2423 3054 2474 ἐν
3091 2422 3266 2491 χερσὶ.
3317 2423 3411 2475 καὶ
3454 2421 3523 2474 τά
3568 2419 3762 2490 ἄδηλα.

2159 2499 2372 2552 ἐδίωκε.
2415 2502 2526 2554 Καὶ
2564 2503 2666 2556 οὑκ
2715 2503 3035 2568 ὲνεδοίασεν,
3071 2505 3192 2557 οὑδέ
3228 2505 3530 2574 ἡμέλλησεν
3553 2542 3568 2566 ,
3601 2503 3762 2556 ἀλλά

2161 2583 2300 2652 μετά
2320 2584 2499 2654 πάσης
2517 2585 2823 2655 προθυμίας
2841 2586 2901 2638 16
2917 2588 3194 2657 ἐπίταγμα
3219 2587 3323 2658 πλη
3333 2588 3439 2658 ρῶν
3460 2587 3757 2658 ὑπήκουσε

2157 2667 2256 2736 τῆς
2278 2667 2419 2736 ἐμῆς
2447 2668 2646 2738 φωνῆς.
2686 2669 2852 2723 Πάλιν
2878 2671 2945 2723 τά
2975 2672 3112 2740 ὑπὲρ
3139 2671 3236 2742 τὴν
3267 2671 3426 2740 φύσιν
3461 2671 3611 2742 αὑτῷ
3641 2673 3751 2723 ὲπ-

2157 2749 2523 2822 ηγγειλάμην,
2552 2752 2646 2804 καὶ
2695 2753 2830 2821 μετά
2862 2753 2922 2805 τὸ
2950 2753 3048 2824 τὴν
3077 2753 3289 2824 ἡλικίαν
3337 2753 3754 2824 ἀπαγορεῦσαι,

2159 2832 2253 2884 καὶ
2301 2832 2496 2902 μηκέτι
2538 2835 2674 2905 μήτε
2722 2836 2902 2902 αὑτὸν,
2950 2839 3084 2908 μήτε
3124 2839 3222 2909 τὴν
3257 2838 3471 2910 μητέρα
3499 2839 3597 2906 τὴν
3637 2837 3756 2907 σὴν

2159 2915 2294 2981 πρὸς
2333 2916 2677 2984 τεκνογονίαν
2724 2919 2866 2993 ἔχειν
2895 2919 3016 2972 τινά
3049 2921 3477 2992 ἐπιτηδειότητα,
3524 2920 3754 2974 ἀκούων

2160 2999 2291 3068 παρ’
2317 2998 2452 3068 ἐμοῦ
2473 3000 2555 3052 ὅτι
2591 3003 2651 3053 16
2680 3002 2739 3066 ἐξ
2765 3002 2927 3054 αὐτοῦ
2951 3002 3170 3072 σπέρμα
3195 3005 3272 3065 είς
3298 3003 3549 3057 τοσοῦτον
3580 3005 3755 3055 ἐκτα-

2162 3083 2408 3153 θήσεται,
2439 3082 2515 3146 ώς
2557 3085 2736 3137 πᾶσαν
2763 3085 3046 3156 πληρῶσαι
3086 3086 3184 3156 τὴν
3214 3089 3334 3156 γῆν,
3360 3085 3478 3139 οὐδὲ
3509 3086 3628 3139 τότε
3657 3087 3752 3138 δι-

2160 3168 2434 3240 εταράχθη
2473 3167 2565 3221 τὸν
2593 3169 2868 3239 λογισμὸν,
2896 3169 3009 3222 ἀλλ’
3043 3171 3326 3224 ἐπίστευσε
3346 3187 3361 3203 ·
3392 3171 3457 3224 δι’
3492 3171 3520 3224 ὂ
3545 3171 3636 3223 καὶ
3658 3171 3751 3223 δι-

2161 3249 2419 3321 καιοσύνη
2452 3249 2600 3320 αὐτῷ
2642 3251 2915 3321 ἐλογίσθη,
2956 3253 3036 3304 ὅτι
3069 3255 3134 3323 τῇ
3163 3253 3388 3321 δυνάμει
3411 3257 3477 3324 τῇ
3512 3255 3618 3323 ἐμῇ
3652 3271 3749 3306 πι-

2163 3331 2414 3396 στεύσας,
2443 3333 2538 3386 καὶ
2579 3336 2700 3395 ταῖς
2738 3335 3063 3403 ὑποσχέσεσι
3095 3335 3376 3407 θαρρήσας
3407 3339 3526 3398 ταῖς
3556 3337 3748 3405 ἐμαῖς,

2162 3413 2434 3484 ἀνώτερος
2467 3415 2656 3482 γέγονε
2678 3416 2776 3485 τῆς
2800 3417 3084 3480 ἀσθενείας
3109 3419 3205 3486 τῆς
3233 3418 3594 3489 ἀνθρωπίνης.
3630 3421 3749 3472 Καὶ

2167 3496 2305 3564 μετά
2329 3495 2390 3548 16
2411 3496 2470 3548 σὲ
2493 3496 2769 3566 τεχθῆναι,
2790 3499 2887 3568 τῆς
2905 3500 3108 3570 μητρὸς
3125 3500 3224 3567 τῆς
3249 3501 3345 3570 σῆς
3366 3501 3717 3570 δυσχεραινού
3733 3531 3750 3542 ο

2166 3592 2266 3646 σης
2291 3576 2424 3648 πρὸς
2449 3577 2540 3630 τὸν
2567 3579 2789 3650 Ἰσμαὴλ
2813 3581 2900 3633 τὸν
2931 3583 2994 3634 ἐκ
3019 3583 3118 3651 τῆς
3145 3582 3432 3653 παιδίσκης
3460 3583 3742 3651 τεχθέντα.

2165 3661 2258 3712 καὶ
2292 3659 2619 3730 βουλομένης
2644 3663 2804 3715 αὑτὸν
2830 3665 3098 3718 ἀπελάσαι
3124 3666 3224 3735 τῆς
3265 3667 3440 3730 οίκίας
3481 3667 3616 3736 μετά
3643 3669 3746 3733 τῆς

2167 3743 2365 3813 Ἀγαρ,
2392 3741 2530 3796 ὥστε
2559 3744 2721 3814 μηδὲν
2755 3747 2928 3799 κοινὸν
2971 3748 3112 3817 ἔχειν
3149 3747 3284 3818 πρὸς
3313 3748 3391 3812 σὲ,
3415 3748 3510 3801 τοῦ
3545 3766 3745 3820 πατρι-

2166 3825 2333 3898 άρχου
2359 3826 2445 3879 διά
2465 3827 2564 3897 τὴν
2596 3830 2866 3899 πατρικὴν
2892 3830 3268 3902 φιλοστοργίαν
3287 3831 3384 3901 ῆδη
3409 3831 3592 3901 σχέσιν
3617 3829 3744 3883 τινὰ

2164 3909 2258 3961 καὶ
2289 3909 2425 3978 πρὸς
2455 3909 2659 3962 ἐκεῖνον
2691 3912 2926 3980 ἔχοντος,
2947 3912 3186 3975 ἀκούσας
3212 3914 3340 3981 παρ’
3373 3913 3529 3983 ἐμοῦ,
3558 3914 3639 3966 ὅτι
3667 3913 3744 3966 T6

2163 3989 2351 4044 δοκοῦν
2384 3993 2526 4044 ποίει
2553 3995 2617 4063 τῇ
2649 3994 3166 4064 Σάῤῥᾳ,ἐπελάθετο
3187 3997 3284 4065 τῆς
3321 3997 3553 4066 φυσικῆς
3585 3997 3739 4065 φιλο-

2167 4075 2438 4144 στοργίας,
2455 4076 2543 4128 καὶ
2568 4077 2784 4141 ἐξέϐαλε
2807 4078 2895 4129 τὸν
2913 4079 3132 4148 Ἰσμαὴλ
3156 4080 3292 4147 μετά
3308 4077 3406 4148 τῆς
3426 4079 3736 4150 παιδίσκης,

2169 4157 2320 4230 [505]
2367 4160 2459 4210 καὶ
2502 4159 2775 4228 πανταχοῦ
2803 4161 3077 4231 ὑπήκουσε
3123 4163 3224 4231 τῆς
3250 4163 3387 4232 ἐμῆς
3416 4162 3618 4232 φωνῆς,
3645 4165 3740 4216 καὶ

2166 4241 2400 4310 ἐφύλαξε
2423 4242 2490 4294 τὰ
2521 4245 2916 4312 προστάγματά
2946 4262 3066 4315 μου.
3087 4246 3196 4299 Καὶ
3216 4246 3323 4316 γάρ
3349 4246 3409 4299 τὸ
3432 4246 3738 4298 τελευταῖον

2165 4323 2524 4394 προσταχθεὶς
2570 4326 2659 4376 ὑπ’
2697 4325 2827 4394 ἐμοῦ
2864 4329 2942 4388 εἰς
2989 4316 3179 4380 θυσίαν
3215 4330 3523 4396 ἀνενεγκεῖν
3560 4327 3649 4380 τὸν
3679 4329 3737 4380 ἐν

2164 4406 2242 4475 τῷ
2285 4407 2442 4476 γήρει
2483 4407 2634 4478 αὑτῴ
2676 4408 2925 4475 δοθέντα,
2981 4410 3071 4463 τὸν
3099 4409 3240 4463 οὕτω
3266 4411 3648 4480 περιπόθητον,
3675 4410 3736 4463 06

2168 4489 2586 4558 περιειργάσατο
2617 4490 2678 4542 16
2708 4491 3054 4560 πρόσταγμα,
3087 4493 3148 4545 οὑ
3179 4493 3502 4563 διεταράχθη
3534 4493 3624 4546 16v
3652 4492 3739 4544 λο-

2164 4570 2382 4640 γισμὸν,
2419 4571 2540 4623 οὐδὲ
2582 4573 2972 4628 ἀνεκοινώσατο
3017 4579 3080 4646 τῇ
3119 4576 3285 4648 μητρὶ
3321 4578 3386 4646 τῇ
3421 4578 3507 4646 σῇ,
3539 4576 3599 4626 οὑ
3625 4577 3738 4637 τοῖς

2167 4655 2373 4717 παισὶν,
2405 4653 2464 4706 06
2498 4654 2580 4705 σοὶ
2626 4656 2774 4725 αὑτῷ
2804 4657 2865 4709 τὸ
2893 4658 3084 4726 μέλλον
3117 4660 3206 4711 ὑπ’
3235 4657 3398 4711 αὑτοῦ
3430 4657 3740 4728 πραχθήσε-

2166 4736 2288 4789 σθαι
2314 4736 2611 4806 κατάδηλον
2640 4740 2913 4810 ἐποίησεν,
2939 4741 3052 4794 ἀλλ’
3077 4742 3371 4813 ἐρρωμένῳ
3390 4741 3467 4810 τῷ
3495 4739 3738 4809 λογισμῷ

2164 4820 2257 4869 καὶ
2278 4820 2645 4890 συντεταμένῃ
2674 4824 2739 4891 τῇ
2765 4822 3036 4893 προθυμίᾳ
3056 4827 3133 4886 εἰς
3164 4824 3321 4893 ἔργον
3349 4824 3500 4890 ἄγειν
3530 4822 3590 4873 τὸ
3618 4821 3737 4872 ὲπί-

2162 4919 2348 4972 ταγμα
2373 4903 2628 4970 ἠπείγετο
2661 4905 2719 4956 τὸ
2745 4906 2875 4974 ἐμόν
2900 4923 2913 4936 ο
2945 4907 3026 4959 διὸ
3056 4907 3152 4976 τὴν
3178 4906 3401 4976 γνώμην
3431 4903 3592 4957 αὑτοῦ
3620 4920 3736 4956 στε-

2164 4985 2434 5054 φανώσας,
2469 4986 2530 5037 τὸ
2555 4985 2714 5056 ἔργον
2752 4987 2998 5041 ἐκώλυσα
3025 4989 3292 5056 γενέσθαι.
3345 4989 3497 5041 Ἐπεὶ
3525 4984 3618 5039 οῦν
3651 4987 3738 5038 διὰ

2164 5068 2382 5119 πάντων
2413 5067 2608 5137 πολλὴν
2639 5069 2949 5136 ἐπεδείξατο
2971 5073 3070 5142 τὴν
3101 5072 3346 5141 ὑπακοὴν
3377 5070 3470 5122 καὶ
3494 5069 3736 5138 φυλακὴν

2163 5149 2270 5202 τῶν
2293 5150 2442 5219 ἐμῶν
2465 5155 2921 5222 προσταγμάτων,
2944 5155 3033 5208 διά
3047 5155 3204 5208 τοῦτο
3234 5155 3315 5218 σέ,
3345 5154 3433 5206 τὸν
3455 5154 3512 5218 ἐξ
3531 5153 3735 5205 ἐκείνου

2163 5232 2440 5301 τεχθέντα,
2467 5234 2576 5285 τών
2621 5235 2964 5306 ὑποσχέσεων
2990 5239 3098 5292 τῶν
3125 5240 3203 5302 είς
3237 5238 3398 5293 αὑτὸν
3435 5235 3736 5306 γεγενημέ-

2164 5332 2271 5368 νων
2295 5315 2432 5368 ποιῶ
2469 5316 2820 5389 κληρονόμον.

2196 5490 2264 5550 γ’.
2283 5483 2533 5554 Μίμησαι
2549 5485 2727 5538 τοίνυν
2746 5486 2952 5539 ἐκείνου
2969 5487 3066 5556 τὴν
3089 5488 3350 5558 ὑπακοην,
3366 5489 3458 5542 καὶ
3481 5493 3590 5551 τοῖς
3611 5489 3738 5559 παρ’

2164 5574 2296 5644 ἐμοῦ
2314 5575 2622 5645 λεγομένοις
2653 5578 2893 5642 πίστευε,
2915 5579 3002 5630 ἵνα
3023 5579 3441 5644 πολυπλασίονος
3465 5581 3565 5648 τῆς
3585 5581 3734 5650 ἀμοιο

2168 5665 2266 5735 ϐῆς
2300 5663 2552 5740 ἀξιωθῇς,
2588 5668 2727 5738 ὑπέρ
2757 5685 2812 5720 τε
2853 5668 2950 5737 τῆς
2980 5668 3072 5722 τοῦ
3123 5671 3325 5742 πατρὸς
3355 5672 3572 5742 ἀρετῆς,
3599 5671 3734 5744 ὑπέρ
