4150 6276
436 346 542 401 ιεὸ

437 459 610 527 justus
654 456 741 510 ille
785 453 977 507 famem
1006 451 1230 513 videret,
1264 448 1528 518 Profectus
1571 454 1664 509 est,
1714 442 1900 512 inquit,
1950 441 2018 493 ad

438 548 719 601 Abimelcclt
746 546 800 598 in
829 544 1041 597 Geram.
1072 541 1149 595 Eo
1179 542 1320 595 enim
1348 548 1401 592 et
1431 537 1693 590 Abraham
1725 540 1844 602 post
1890 530 2015 585 red—

442 638 572 689 itum
599 650 751 689 suum
778 649 845 688 ex
882 631 1113 702 .‘Egypto
1156 638 1392 683 venerat.
1421 624 1719 680 Verisimile
1750 632 1926 676 autem
1965 632 2020 674 et

448 727 591 781 hunc
624 733 901 794 propterea
932 724 1061 777 illuc
1089 721 1302 784 abiisse,
1333 717 1473 787 quod
1504 716 1625 770 inde
1652 716 1704 769 in
1729 713 2018 784 Egyptum

443 817 768 871 contendere
795 815 988 878 vellet;
1017 821 1074 867 et
1111 810 1253 881 quod
1283 808 1383 863 hoc
1409 809 1480 862 ita
1506 806 1595 870 sit,
1619 805 1740 859 audi
1783 804 2021 871 Scriptu-

444 921 557 959 ram
588 905 849 959 dicentem
890 904 907 935 ί
941 922 954 957 :
983 902 1039 956 2.
1080 901 1225 955 Visus
1250 909 1321 953 est
1348 900 1488 952 enim
1518 897 1583 960 ei,
1628 895 1818 964 inquit,
1848 892 2018 956 Deus,

450 1005 495 1047 et
539 994 668 1046 dixit
696 1008 714 1045 :
742 991 826 1047 Ne
850 991 1117 1045 descendas
1142 990 1195 1042 in
1216 987 1524 1057 Egyptum.
1552 984 1688 1039 Nolo
1715 991 1787 1048 te,
1817 980 2019 1049 inquit,

454 1084 664 1151 longam
708 1082 851 1135 illam
891 1083 1032 1134 viam
1059 1078 1347 1147 proﬁcisci,
1377 1076 1468 1131 sed
1517 1075 1602 1129 hie
1630 1086 1846 1127 manere
1880 1070 2020 1124 volo.

450 1172 632 1239 Neque
660 1171 907 1239 permitto
933 1178 985 1223 ut
1013 1168 1307 1237 angustiam
1336 1164 1645 1234 experiaris,
1673 1161 1765 1216 sed
1791 1161 2022 1231 promis-

448 1261 649 1314 sionem
675 1260 809 1329 patri
836 1269 928 1313 tuo
954 1258 1145 1313 factam
1168 1256 1420 1326 implebo,
1445 1264 1499 1309 et
1523 1269 1641 1322 qua:
1664 1252 1737 1306 illi
1768 1252 2023 1322 promissa

449 1360 593 1413 sunt,
626 1349 676 1402 in
726 1359 779 1404 te
826 1350 1071 1403 evenient
1103 1367 1117 1403 :
1147 1356 1201 1402 et
1246 1356 1303 1400 tu
1350 1344 1750 1415 promissiones,
1800 1358 1917 1411 quae
1948 1342 2026 1396 illi

449 1439 603 1495 factze
629 1450 769 1502 sunt,
801 1456 859 1495 re
903 1442 1014 1509 ipsa
1040 1440 1285 1509 accipies.
1334 1436 1418 1491 Ne
1460 1436 1730 1490 descendas
1755 1437 1809 1488 in
1849 1434 2022 1505 £931-

448 1541 587 1600 ptmn
611 1546 630 1584 :
660 1530 827 1583 habita
854 1540 1017 1583 autem
1057 1532 1110 1584 in
1156 1541 1289 1583 terra
1340 1545 1490 1599 quam
1541 1528 1629 1581 tibi
1673 1529 1863 1591 dixero,
1892 1527 1947 1580 5.
1976 1534 2025 1579 et

450 1622 736 1691 peregrinus
762 1630 863 1675 esto
891 1623 942 1674 in
969 1630 1100 1673 terra
1120 1621 1234 1674 hac.

522 1712 575 1764 2.
607 1711 804 1765 Deinde
834 1720 891 1764 ut
918 1726 985 1764 ne
1016 1719 1164 1779 putet
1188 1710 1383 1779 justus,
1412 1708 1578 1763 Deum
1622 1707 1723 1762 hoc
1766 1706 2028 1776 imperare

447 1801 596 1867 quasi
628 1808 891 1855 volentem
922 1815 1040 1853 eum
1072 1800 1223 1854 famis
1250 1800 1543 1868 angustiam
1565 1798 1811 1867 experiri,
1840 1806 1895 1851 et
1922 1812 2028 1850 non

446 1889 762 1955 permittere
792 1888 838 1942 ei
870 1889 1145 1943 transitum
1174 1889 1231 1941 in
1256 1887 1562 1957 IEgyptum,
1611 1887 1780 1955 inquit
1816 1904 1829 1940 :
1854 1885 1931 1939 Ne
1956 1886 2029 1939 sis

454 1977 665 2038 anxius,
703 1993 874 2045 neque
899 1992 1079 2031 curam
1109 1977 1264 2042 habe,
1294 1978 1387 2032 sed
1417 1978 1502 2030 hie
1526 1991 1687 2029 mane
1718 1992 1730 2027 :
1763 1975 1871 2044 Ego
1900 1975 2031 2027 enim

447 2085 533 2122 ero
553 2079 731 2122 tecum.
778 2070 944 2138 Igitur
990 2085 1110 2122 cum
1155 2068 1601 2136 suppeditatorem
1632 2066 1889 2120 bonorum
1913 2079 2030 2117 om-

449 2158 597 2210 nium
631 2156 847 2218 habeas,
895 2170 963 2210 ne
1011 2159 1086 2210 sis
1135 2156 1390 2209 sollicitus
1416 2172 1427 2206 :
1457 2168 1556 2221 ego
1601 2155 1743 2207 enim
1777 2153 2030 2207 Dominus

448 2247 688 2299 onmium
716 2260 810 2298 ero
838 2255 1010 2299 tecum
1044 2262 1059 2297 :
1090 2260 1259 2314 neque
1303 2245 1402 2298 hoc
1430 2244 1623 2308 solttm,
1653 2243 1745 2297 sed
1789 2242 1855 2295 Et
1887 2242 2081 2296 bene“

453 2339 617 2389 dicant
644 2346 709 2401 te,
738 2338 839 2388 hoc
867 2344 969 2400 est,
1000 2336 1287 2403 gloriosum
1318 2344 1368 2390 te
1395 2335 1603 2400 faciam,
1632 2345 1685 2390 et
1710 2336 2033 2389 benedictio-

454 2441 577 2480 nem
622 2440 795 2479 meam
848 2426 1111 2493 przebebo.
1163 2426 1295 2491 Quid
1342 2426 1441 2479 hoc
1479 2428 1622 2493 justo
1669 2427 1891 2489 beatius,
1940 2426 2028 2495 qui

455 2517 611 2570 talem
657 2516 1064 2585 promissionem
1096 2532 1124 2569 a
1162 2517 1271 2570 Deo
1306 2517 1505 2586 accepit
1541 2536 1553 2571 :
1590 2517 1692 2570 Ero
1739 2528 1931 2580 ιρι-ωτι,
1983 2527 2029 2572 et

452 2605 735 2658 benedicam
766 2607 853 2658 te?
893 2605 1005 2658 [Ioc
1047 2614 1096 2658 te
1126 2605 1411 2659 declarabit
1439 2607 1684 2661 omnibus
1711 2606 2024 2672 feliciorem,

453 2695 553 2748 hoc
571 2704 622 2747 te
647 2693 949 2747 affluentem
972 2694 1129 2748 rebus
1144 2695 1386 2749 omnibus
1405 2694 1574 2759 faciet,
1598 2698 1708 2750 haec
1725 2705 1805 2751 est
1820 2712 2028 2752 summa

450 2785 637 2854 gloria,
668 2784 781 2838 lucc
828 2792 912 2838 est
940 2799 1064 2839 vera
1090 2784 1366 2850 securitas,
1398 2784 1498 2840 hoc
1523 2795 1605 2840 est
1628 2787 1839 2841 culmen
1862 2797 1917 2841 et
1936 2802 2027 2841 ca-

453 2885 548 2945 put
574 2876 853 2941 bonorum,
884 2876 1005 2946 quia
1031 2891 1137 2945 ego
1161 2884 1334 2930 tecum
1360 2892 1499 2931 sum.
1549 2877 1614 2931 Et
1639 2877 1925 2932 benedicam
1958 2888 2024 2933 te.

455 2965 735 3031 Quomodo
785 2975 961 3020 autem
990 2976 1042 3021 te
1086 2967 1390 3022 benedicam
1416 2968 1440 3020 ’ἶ
1468 2968 1581 3021 Tibi
1626 2979 1673 3022 et
1713 2970 1892 3023 semini
1945 2980 2029 3024 tuo

451 3054 581 3108 dabo
613 3064 798 3109 terram
842 3056 991 3110 hanc.
1022 3057 1101 3111 Tu
1144 3058 1340 3113 videris
1366 3059 1418 3112 in
1464 3060 1561 3115 hac
1588 3061 1803 3130 regione
1828 3064 2027 3117 versari

454 3145 605 3215 quasi
635 3145 833 3215 hospes
877 3155 931 3200 et
957 3162 1118 3217 vagus
1149 3165 1161 3201 :
1198 3149 1335 3202 scias
1363 3158 1536 3203 autem
1565 3150 1701 3219 quod
1745 3151 1835 3205 tibi
1862 3162 1914 3205 et
1940 3167 2026 3207 se-

454 3236 581 3289 tnini
607 3245 697 3289 tuo
734 3236 944 3290 dabitur
971 3238 1085 3292 haec
1110 3239 1282 3293 omnis
1314 3248 1473 3294 terra.
1524 3240 1588 3293 Et
1614 3251 1671 3295 ut
1699 3242 1833 3296 bene
1860 3245 2029 3296 eonﬁ-

451 3326 566 3390 das,
596 3325 743 3380 disce
769 3341 855 3380 me
875 3326 1233 3395 juramentum
1262 3328 1407 3393 illud,
1440 3329 1579 3397 quod
1602 3330 1771 3399 juravi
1799 3331 2027 3387 Abrahae

453 3417 587 3485 patri
619 3426 731 3480 tuo,
766 3426 937 3472 tecum
968 3426 1221 3473 statuere.
1269 3419 1396 3473 Vide
1421 3420 1690 3488 quomodo
1718 3436 2018 3476 sermonem

453 3522 608 3559 suum
644 3506 782 3561 Deus
810 3508 998 3562 iterum
1019 3516 1332 3577 attemperat
1359 3519 1554 3564 nostra:
1576 3511 1884 3564 inﬁrmitati.
1910 3512 2025 3566 Non

452 3598 585 3652 dixit
610 3597 936 3666 simpliciter,
968 3598 1126 3654 Pacta
1171 3615 1289 3669 qua:
1318 3600 1416 3655 feci
1462 3616 1581 3655 eum
1614 3610 1763 3669 patre
1789 3612 1895 3667 tuo,
1930 3618 2025 3657 ne-

453 3702 558 3755 que
587 3687 965 3756 promissiones
987 3704 1118 3757 quas
1147 3691 1362 3759 promisi
1393 3706 1406 3743 :
1434 3691 1529 3745 sed
1553 3691 1723 3761 quid?
1748 3692 2023 3746 Juramen-

454 3788 559 3830 tum
582 3778 716 3847 quod
750 3780 943 3848 juraoi.
972 3779 1323 3849 Jurejurando
1348 3782 1519 3850 ipsum
1549 3782 1858 3836 conﬁrmavi
1877 3784 2025 3851 jura-

453 3877 713 3934 utentum,
742 3879 799 3922 et
827 3877 1012 3923 teneor
1035 3880 1093 3924 ut
1116 3884 1279 3937 opere
1304 3871 1572 3939 perﬁciam
1599 3872 1739 3940 quod
1761 3872 1951 3939 juravi.

525 3955 647 4010 Non
671 3967 862 4027 spectat
889 3975 1045 4013 suam.
1069 3960 1364 4029 dignitatem
1392 3959 1549 4025 Deus,
1580 3961 1668 4014 sed
1692 3972 1915 4015 nostram
1945 3964 2025 4016 in-

453 4047 996 4114 ﬁrmitatem—Vides
1020 4050 1113 4104 Dei
1139 4049 1511 4104 clementiam?
1531 4050 1644 4105 Non
1670 4051 2024 4121 adtpropriam

450 4135 760 4206 dignitatem
787 4138 1080 4207 respiciens
1113 4140 1363 4208 loquitur,
1409 4140 1501 4195 sed
1530 4141 1596 4194 ad
1643 4153 1875 4196 nostram
1906 4158 2024 4199 sese

450 4236 809 4296 attemperaus
852 4228 1235 4286 inﬁrmitatem.
1281 4230 1411 4284 Nam
1455 4232 1577 4301 quia
1627 4231 1869 4287 homines
1915 4233 2024 4287 fere

449 4332 660 4385 semper
686 4317 772 4371 illa
813 4333 975 4386 opere
1000 4319 1253 4387 perﬁcere
1277 4319 1507 4387 student,
1538 4337 1644 4376 non
1675 4338 1792 4392 qua:
1817 4324 2022 4391 simpli-

450 4406 986 4475 citerpromiseruntw
1019 4408 1197 4472 alicui,
1247 4410 1339 4463 sed
1385 4426 1504 4478 qua:
1551 4426 1670 4464 eum
1719 4412 2021 4480 juramento

449 4497 809 4565 promiserunt
841 4515 855 4551 :
886 4498 1045 4553 simili
1073 4498 1314 4552 modoet
1358 4498 1494 4553 Deus
1532 4499 1680 4569 justo
1724 4502 1927 4569 plenam
1961 4505 2021 4555 li-

449 4588 570 4642 dem
601 4587 819 4649 faciens,
850 4604 913 4642 ea
958 4604 1074 4657 qua:
1102 4603 1133 4641 a
1160 4604 1220 4643 se
1265 4590 1403 4643 dicta
1444 4599 1568 4644 sunt
1602 4593 1820 4646 omnino
1848 4593 2020 4647 futura

449 4691 569 4731 esse
621 4677 790 4730 dicit:
820 4678 968 4735 Scias
1012 4694 1073 4731 ea
1119 4695 1237 4749 qua:
1272 4694 1428 4735 a_me
1466 4680 1765 4748 juramento
1816 4684 2017 4737 ﬁrmata

448 4776 591 4830 sunt,
623 4783 784 4835 opere
828 4768 1089 4837 implenda
1138 4784 1277 4825 esse.
1334 4771 1469 4837 Quid
1525 4772 1743 4840 igitur?»
1772 4774 2016 4843 inquies:

451 4856 589 4911 Deus
627 4857 866 4924 juravit?
892 4867 947 4912 et
973 4874 1065 4928 per
1091 4875 1248 4928 quem
1271 4860 1452 4929 jurare
1479 4861 1688 4928 potuit?
1716 4861 1874 4916 Vides
1917 4862 2018 4917 hoc

449 4960 569 4999 sese
598 4945 675 4999 ad‘
692 4955 923 5000 nostram
952 4946 1307 5003 inﬁrmitatem
1332 4952 1730 5019 attemperantis
1750 4966 1868 5006 esse
1892 4970 1905 5006 :
1931 4952 2018 5007 ﬁr-

445 5036 728 5090 mationem
761 5038 1125 5103 promissionis
1166 5041 1374 5094 vocavit
1403 5042 1781 5108 juramentutn.
1813 5040 1881 5095 Et
1907 5052 2012 5096 sta-

447 5135 604 5190 tuam,
643 5125 830 5195 inquit,
863 5129 1207 5198 juramentum
1235 5147 1421 5196 meum,
1460 5130 1594 5200 quod
1620 5132 1805 5201 jurans
1840 5134 2013 5202 juravi

445 5216 659 5269 Abraluo
702 5216 833 5285 patri
872 5227 972 5271 tuo.
1024 5219 1222 5275 Deinde
1250 5220 1407 5275 docet
1448 5236 1570 5276 eum
1599 5238 1715 5291 quae
1758 5235 1882 5277 sunt
1925 5224 2011 5277 illa

444 5323 561 5373 quae
589 5308 847 5377 promisit,
877 5318 929 5363 et
958 5311 1023 5365 de
1050 5313 1238 5381 quibus
1264 5313 1311 5366 ei
1338 5313 1550 5381 juravit.
1580 5314 1633 5367 4.
1663 5313 1730 5367 Et
1766 5316 2008 5384 multipli-

442 5400 562 5452 cabo
599 5416 767 5454 semen
812 5412 950 5455 tuum
989 5406 1115 5457 sicut
1152 5404 1322 5459 stellas
1359 5406 1489 5459 cadi.
1520 5405 1631 5461 Hoc
1672 5408 1811 5461 enim
1839 5420 1890 5462 et
1920 5424 2010 5477 pa-

502 5554 525 5625 }
552 5560 819 5629 gemmas"
862 5557 992 5629 audi.
1019 5559 1323 5629 ineffabilem.
1350 5561 1441 5629 {tei
1456 5560 1838 5629 _Itw_nmtit_alem.
1872 5564 2008 5629 Visus

436 5614 520 5688 Ξξβ
542 5620 636 5688 (ἔξεο
661 5614 820 5688 δέεγίις
839 5619 956 5671 audi
974 5614 1368 5688 ἱηεΙῙὰΜΙεηιορὶ
1399 5623 1795 5677 misericordiam
1840 5614 2004 5687 alorci.

440 5680 524 5724 nos
544 5680 740 5741 sequuti
760 5691 943 5732 sumas.
1051 5680 1076 5688 "
1096 5690 1099 5693 '

1451 332 1527 387 Ῑδῐ
1556 330 1706 386 CAP;
1749 328 1931 385 XXVI.
1976 324 2220 382 GENES.
2263 324 2488 379 IIOMIL.
2535 323 2613 378 Lf.

3592 320 3694 374 43M

2129 439 2377 493 triarclnn
2422 439 2472 491 in
2516 436 2772 505 principio
2815 432 3062 487 dicebat:
3096 432 3319 485 Tantum
3365 431 3464 483 erit
3519 445 3703 484 semen

2129 537 2297 591 tuum,
2331 537 2386 580 ut
2416 537 2466 580 et
2491 526 2660 581 stellis
2685 535 2737 579 et
2764 538 2939 578 arente
2967 522 3293 589 adaequetur.
3338 517 3405 571 Et
3445 520 3594 582 dabo,
3624 521 3703 570 in-

2124 619 2258 686 quit,
2288 620 2464 671 semini
2485 629 2567 671 tuo
2595 628 2777 669 terram
2795 616 2964 679 istaut,
2998 623 3042 665 et
3073 611 3422 665 benedicentur
3444 610 3497 662 in
3518 610 3704 662 semine

2126 721 2210 763 tuo
2234 725 2405 762 omnes
2435 721 2597 779 gentes
2638 718 2784 761 terra
2813 705 2965 775 (Gen.
2995 705 3086 758 22.
3116 704 3228 771 ¹1³7).
3264 703 3545 772 Propterea
3574 716 3703 771 pro-

2128 798 2408 853 missiones
2435 812 2552 866 quae
2597 797 2671 849 illi
2716 799 2867 849 factm
2910 805 3051 859 sunt,
3086 794 3139 847 in
3164 800 3219 848 te
3263 792 3511 861 implebo.
3541 793 3594 847 5.
3630 790 3707 845 Eo

2127 887 2261 956 quod
2285 886 2474 938 and-ivit
2497 885 2751 937 Abraham
2781 893 2923 955 pater
2942 893 3057 937 tuus
3084 899 3247 937 vorem
3269 897 3450 946 nteant,
3470 890 3520 935 et
3544 890 3713 935 mmo

2127 979 2249 1031 divit
2277 978 2515 1030 mandata
2547 993 2655 1029 mea
2686 974 2785 1047 (a),
2817 985 2862 1028 et
2887 976 3277 1044 jastiﬁeationes
3313 989 3468 1038 meas,
3496 982 3543 1026 et
3587 973 3709 1041 legi-

2127 1069 2248 1120 tima
2274 1083 2402 1119 mea.
2434 1064 2569 1120 Vide
2603 1065 2694 1118 Dei
2724 1064 3056 1133 sapientiam,
3085 1063 3354 1131 quomodo
3376 1063 3535 1131 erigit
3558 1076 3709 1115 men-

2132 1167 2239 1211 tem
2263 1156 2413 1227 justi,
2444 1165 2498 1210 et
2538 1155 2847 1209 alacriorem
2875 1153 3049 1208 reddit
3080 1171 3093 1207 :
3122 1161 3177 1207 et
3204 1163 3261 1206 ut
3288 1154 3452 1222 patris
3480 1153 3709 1205 imitator

2130 1244 2242 1311 ﬁat,
2274 1244 2457 1299 efficit.
2501 1244 2630 1297 Nam
2672 1244 2719 1297 si
2764 1243 2871 1306 ille,
2903 1243 3092 1311 inquit,
3132 1242 3253 1311 quia
3299 1257 3430 1295 mete
3478 1242 3713 1296 obedivit

2128 1335 2268 1397 voci,
2303 1343 2445 1388 tanta
2479 1333 2853 1401 pollicitatione
2887 1332 3076 1401 dignus
3108 1331 3315 1384 habitus
3366 1340 3466 1395 est,
3495 1340 3549 1385 et
3591 1345 3709 1384 eam

2130 1434 2349 1494 propter
2374 1425 2515 1478 illius
2544 1425 2791 1477 virtutem
2821 1424 2872 1476 in
2904 1431 2976 1489 te,
3008 1422 3096 1491 qui
3118 1437 3181 1475 ex
3211 1436 3276 1476 eo
3299 1430 3452 1475 natus
3479 1436 3558 1486 es,
3590 1436 3709 1476 sum

2134 1516 2449 1583 impleturus
2480 1532 2494 1568 :
2524 1514 2568 1568 si
2598 1524 2652 1567 et
2676 1515 2788 1581 ipse
2812 1513 2954 1566 illius
2973 1513 3207 1565 imitator
3235 1512 3412 1574 fucrts,
3444 1519 3498 1564 et
3525 1511 3709 1563 eadem

2131 1620 2232 1674 qua
2263 1604 2351 1657 ille
2382 1604 2466 1656 via
2497 1602 2797 1667 incesseris,
2826 1602 2995 1670 cogita
3022 1609 3275 1669 quantum
3314 1598 3450 1668 apud
3504 1613 3590 1652 tne
3620 1598 3710 1651 be-

2132 1694 2483 1748 nevolentiam
2508 1693 2782 1746 habiturus
2817 1692 2913 1756 sis,
2946 1700 3005 1745 et
3026 1700 3221 1759 quanta
3253 1705 3369 1743 mea
3398 1704 3522 1743 cura
3556 1699 3606 1743 te
3628 1689 3713 1742 di-

2130 1793 2387 1853 gnaturus
2416 1783 2532 1835 sim.
2578 1782 2710 1835 Nam
2735 1782 2779 1836 si
2821 1782 2904 1834 cui
2933 1781 3002 1833 ob
3031 1780 3535 1833 alteriusvirtutem
3579 1778 3714 1832 bene

2131 1874 2364 1928 futurum
2396 1882 2496 1935 est,
2524 1872 2567 1925 si
2593 1881 2645 1925 et
2674 1871 2786 1937 ipse
2814 1871 3009 1923 virtute
3038 1869 3289 1937 prmditus
3332 1868 3511 1931 fuerit,
3545 1869 3713 1921 multo

2132 1961 2335 2030 majore
2371 1961 2559 2029 dignus
2590 1960 2867 2014 habebitur
2894 1973 3040 2014 cura.
3089 1957 3438 2024 Quidvautem
3479 1967 3602 2012 est:
3638 1958 3715 2010 Eo

2132 2052 2267 2122 quod
2300 2052 2513 2105 obedivit
2538 2053 2641 2105 voci
2672 2066 2813 2115 mete,
2861 2059 2909 2103 et
2947 2049 3209 2103 custodiuit
3236 2049 3476 2101 mandata
3500 2065 3628 2113 mea,
3670 2058 3714 2101 et

2136 2150 2389 2211 praecepta
2417 2158 2548 2206 mea,
2593 2150 2641 2194 et
2678 2139 3064 2211 justiﬁcationes
3102 2138 3284 2190 meas?
3333 2137 3578 2191 Dicebam
3618 2138 3709 2191 ei-z

2134 2231 2387 2302 Egredere
2413 2232 2476 2285 de
2516 2240 2650 2285 terra
2692 2240 2779 2283 tua
2821 2238 2865 2282 et
2892 2228 2954 2281 de
2979 2228 3272 2297 cognatione
3312 2236 3418 2289 tua,
3451 2236 3496 2279 et
3522 2228 3633 2279 veni
3661 2228 3714 2279 in

2135 2333 2318 2376 terram
2342 2337 2495 2391 quant
2512 2330 2848 2375 monstravero
2870 2319 2957 2373 tibi
2983 2317 3141 2388 (Ibid.
3166 2319 3253 2371 12.
3276 2317 3326 2386 l)
3357 2339 3368 2372 :
3399 2317 3715 2385 reliquitque

2134 2413 2221 2466 illa
2242 2427 2361 2481 quae
2385 2413 2436 2466 in
2468 2411 2710 2465 manibus
2733 2420 2904 2473 erant,
2932 2418 2987 2463 et
3013 2409 3211 2462 incerta
3234 2415 3582 2475 persequutus
3610 2416 3712 2459 est.

2133 2502 2200 2557 Et
2226 2518 2331 2556 non
2360 2502 2645 2557 ﬁuctuabat
2675 2515 2846 2570 neque
2888 2498 3234 2552 cunctabatur
3264 2518 3277 2552 :
3304 2495 3395 2549 sed
3426 2511 3545 2550 eum
3570 2497 3714 2549 omni

2131 2593 2411 2649 alacritate
2462 2591 2768 2647 mandatum
2821 2589 3111 2658 implebat,
3164 2596 3217 2641 et
3268 2585 3546 2642 obediebat
3599 2587 3714 2640 voci

2132 2698 2286 2738 mete.
2319 2682 2512 2738 lterum
2539 2697 2658 2751 quae
2703 2696 2863 2749 super
2890 2688 3131 2733 naturam
3162 2677 3356 2732 suntei
3396 2675 3634 2745 promisi,
3661 2684 3714 2728 et

2130 2789 2251 2830 eum
2294 2774 2405 2843 jam
2434 2782 2563 2827 tetas
2607 2787 2727 2826 eum
2758 2787 2786 2823 a
2817 2786 2913 2840 spe
2950 2769 3222 2839 dejicerct,
3274 2782 3337 2820 ae
3386 2781 3557 2835 neque
3601 2766 3715 2834 ipse

2132 2882 2305 2938 neque
2340 2876 2510 2920 mater
2535 2873 2623 2918 tua
2653 2861 2997 2932 procreanda:
3019 2859 3151 2930 proli
3177 2859 3351 2913 idonei
3373 2866 3571 2920 essent,
3592 2872 3714 2911 cum

2130 2958 2337 3014 audiret
2352 2972 2383 3011 a
2408 2972 2494 3013 me
2514 2971 2695 3011 semen
2717 2955 2833 3025 ejus
2853 2955 2911 3025 in
2929 2962 3129 3007 tantum
3156 2951 3269 3004 fore
3291 2948 3713 3019 propagandum,

2129 3056 2189 3103 ut
2237 3061 2452 3102 omnem
2508 3056 2703 3101 terram
2746 3017 2921 3097 esse?
2952 3017 3330 3110 impleturum;
3365 3017 3535 3106 neque
3588 3046 3713 3093 tunc

2129 3140 2309 3193 animo
2337 3137 2578 3194 turbatus
2626 3136 2740 3200 fuit,
2770 3134 2864 3189 sed
2906 3132 3130 3187 credidit
3164 3152 3176 3186 :
3209 3130 3326 3184 ideo
3354 3138 3408 3183 et
3452 3130 3502 3182 in
3543 3129 3708 3197 justi-

2130 3233 2256 3285 tiam
2281 3232 2329 3286 ei
2358 3239 2656 3300 reputatutn
2682 3237 2761 3283 est
2792 3224 2950 3298 (Ibid.
2982 3225 3069 3278 15.
3107 3223 3160 3292 6)
3185 3239 3201 3287 ;
3232 3221 3352 3291 quia
3376 3222 3555 3274 virtuti
3578 3235 3713 3273 mea:

2129 3323 2415 3387 credendo,
2451 3331 2506 3377 et
2548 3323 2599 3375 in
2628 3318 3068 3389 promissionibus
3097 3316 3230 3369 meis
3256 3328 3405 3379 Spem
3432 3311 3674 3367 habendo
3692 3352 3735 3376 ,η

2129 3414 2360 3469 humana
2388 3412 2699 3466 inﬁrmitate
2724 3408 2969 3478 superior
2995 3406 3110 3460 fuit.
3146 3405 3207 3458 Et
3234 3412 3509 3473 postquam
3538 3411 3590 3455 tu
3619 3416 3711 3453 na-

2131 3513 2214 3559 tus
2244 3518 2324 3568 es,
2356 3518 2477 3557 eum
2506 3510 2679 3555 mater
2708 3508 2792 3554 tua
2826 3504 3162 3552 succenseret
3188 3493 3393 3548 lsmaeli
3418 3507 3485 3546 ex
3513 3491 3703 3545 ancilla

2130 3605 2277 3661 nato,
2306 3602 2361 3650 et
2404 3593 2561 3647 vellet
2585 3604 2709 3646 eum
2736 3589 2949 3659 abigere
2976 3602 3005 3639 a
3032 3586 3192 3641 domo
3217 3600 3340 3639 cum
3370 3586 3523 3653 Agar,
3558 3582 3628 3637 ita
3654 3591 3711 3635 ut

2131 3684 2261 3739 nihil
2309 3697 2592 3738 commune
2639 3680 2716 3734 illi
2747 3688 2925 3734 tecum
2970 3686 3129 3742 esset,
3178 3674 3304 3729 licet
3346 3673 3398 3726 in
3437 3672 3586 3726 illum
3615 3687 3711 3741 pa-

2129 3774 2361 3831 triarcha
2404 3783 2624 3843 paterna
2652 3779 2706 3825 et
2728 3770 2955 3839 genuina
2983 3766 3267 3821 dilectione
3309 3765 3445 3818 bene
3470 3763 3712 3819 afﬁcere-

2131 3877 2215 3921 tur
2244 3886 2258 3921 :
2286 3864 2507 3920 audiens
2535 3872 2709 3916 tamen
2738 3875 2767 3913 a
2792 3875 2910 3922 me,
2942 3858 3040 3911 sibi
3085 3854 3401 3911 faciendum
3424 3869 3542 3908 esse
3568 3855 3710 3921 quod

2133 3956 2304 4010 visum
2334 3962 2477 4008 esset
2502 3951 2695 4015 Sarrre,
2720 3949 2915 4005 oblitus
2940 3946 3195 4001 naturalis
3214 3944 3710 4012 d~ileetionis,.cjeoit

2130 4044 2411 4101 lsmaelem
2439 4057 2561 4097 cum
2590 4039 2802 4107 ancilla,
2827 4046 2883 4093 et
2910 4034 3375 4105 semper-obedivit
3401 4034 3517 4089 voci
3552 4049 3707 4096 meae,

2130 4151 2194 4192 ac
2218 4134 2502 4191 enstodivit
2523 4140 2787 4203 praecepta
2826 4144 2970 4183 mea.
3003 4126 3237 4193 Denique
3266 4139 3384 4179 cum
3424 4124 3707 4192 praecepis-

2128 4241 2244 4283 sem
2267 4226 2338 4290 ei,
2386 4231 2445 4280 ut
2471 4222 2601 4277 mihi
2651 4223 2703 4275 in
2734 4218 3054 4275 sacriﬁcium
3093 4215 3309 4270 offerret
3344 4214 3506 4267 ﬁlium
3539 4214 3589 4266 in
3621 4230 3707 4267 se-

2130 4325 2351 4371 nectute
2372 4314 2473 4371 sibi
2499 4325 2834 4373 concessum,
2858 4317 2911 4363 et
2935 4316 3042 4362 tam
3068 4304 3496 4369 dilectutn,_niltil
3521 4318 3708 4361 causa-

2128 4416 2213 4461 tus
2241 4414 2343 4472 est,-
2363 4401 2816 4472 neque‘curiosius
2840 4398 2907 4453 de
2932 4403 3199 4465 prtecepto
3221 4393 3515 4462 inquisivit,
3535 4408 3705 4460 neque

2127 4498 2367 4554 turbatus
2393 4504 2477 4549 est
2501 4505 2700 4556 mente,
2740 4505 2913 4560 neque
2950 4486 3704 4543 communicaviteummatre

2127 4600 2213 4643 tua
2240 4630 2255 4653 ,
2286 4602 2457 4656 neque
2505 4599 2627 4641 cum
2655 4583 2852 4652 pueris,
2885 4592 3059 4647 neque
3113 4586 3309 4640 tecum,
3359 4576 3482 4644 quid
3536 4575 3703 4627 factu—

2126 4696 2217 4734 rus
2242 4686 2425 4741 esset;
2456 4674 2549 4728 sed
2594 4670 2716 4726 forti
2744 4677 2921 4724 mente
2946 4677 3001 4721 et
3026 4665 3225 4735 ingenti
3258 4663 3529 4717 alacritate
3558 4662 3706 4716 festi-

2125 4769 2288 4831 navit,
2308 4752 2375 4821 ‘ut
2402 4763 2708 4819 mandatum
2728 4774 2905 4813 meum
2930 4754 3175 4824 impleret
3207 4773 3221 4810 :
3251 4751 3476 4821 proinde
3508 4752 3697 4805 volun-

2125 4869 2287 4916 tatem
2335 4859 2452 4929 ejus
2480 4853 2747 4917 coronavi,
2780 4856 3119 4919 Opusautem
3145 4854 3202 4899 ut
3230 4843 3570 4914 perﬁceretur
3596 4858 3699 4898 non

2122 4950 2331 5005 admisi.
2363 4950 2677 5015 Eapr0pter,
2696 4941 2816 5011 quia
2842 4940 2895 4992 in
2919 4936 3162 4992 omnibus
3179 4949 3423 5003 magnam
3445 4932 3670 4988 obedien

2123 5044 2247 5097 tiam
2289 5038 2597 5100 declaravit,
2625 5043 2682 5089 et
2715 5030 3353 5087 mandatorttmmeortttu
3378 5024 3694 5089 custodiam,

2122 5144 2173 5188 te
2196 5149 2259 5188 ex
2293 5131 2384 5185 illo
2412 5138 2591 5183 natum
2622 5123 3051 5195 promissionum,
3083 5133 3202 5189 quae
3245 5118 3317 5173 illi
3349 5118 3499 5172 factae
3544 5125 3689 5180 sunt,

2120 5222 2371 5283 heredem
2391 5219 2545 5274 facio.

2188 5316 2242 5370 '5.
2287 5311 2496 5366 Imitare
2536 5308 2693 5378 igitur
2733 5306 2871 5360 illius
2907 5302 3262 5358 obedientiam
3288 5341 3302 5365 ,
3334 5306 3392 5353 et
3425 5297 3489 5351 iis
3514 5311 3633 5365 quae
3659 5310 3692 5352 3

2117 5419 2202 5461 me
2239 5403 2381 5463 dicta
2419 5408 2544 5462 sunt
2582 5397 2772 5461 crede,
2800 5405 2858 5450 ut
2896 5394 3061 5449 multo
3102 5389 3338 5461 pluribus
3366 5388 3693 5441 remunerari

2115 5491 2599 5565 diguushaheare,
2629 5498 2681 5543 et
2711 5502 2807 5558 pro
2835 5485 2999 5555 patris
3028 5484 3102 5538 tui
3131 5482 3356 5547 virtute,
3392 5486 3575 5548 etpro
3602 5486 3721 5535 tuae.

2172 5615 2245 5675 (tt)
2286 5615 2412 5665 Ilibl.
2440 5613 2653 5667 addunt,
2698 5612 2745 5657 et
2787 5607 3031 5676 prgcepta
3060 5599 3340 5676 mendaci
3382 5599 3465 5652 τὰς
3499 5597 3705 5647 ἐντοὶάς,

2112 5664 2201 5742 non
2222 5664 2256 5737 )',
2282 5680 2411 5739 quod
2448 5677 2571 5725 infra
2602 5664 2823 5735 agnoscit
2845 5668 2896 5716 S.
2922 5664 3316 5724 Chrysostomus.
