4150 6276
474 321 576 378 θῧὸ

473 435 770 493 obedientia
805 452 817 488 :
849 443 904 490 et
943 447 1011 489 ne
1044 429 1335 488 descendas
1372 429 1424 483 in
1466 426 1750 498 Aigyptum
1774 467 1790 491 ,
1832 424 1925 481 sed
1964 425 2051 479 hic

475 543 651 582 mane.
682 525 870 582 Vidisti
898 525 987 579 Dei
1015 520 1453 586 misericordiam,
1482 516 1749 588 quomodo
1778 530 1873 586 per
1902 530 2050 569 men-

473 620 673 671 tionem
709 615 920 670 virtutis
964 612 1128 682 patris
1174 610 1329 678 hujus
1371 617 1603 663 mentem
1644 605 1957 664 roboravit?
1993 606 2047 660 6.

476 708 733 761 Habitavit
756 716 921 759 autent
944 703 1094 757 Isaac
1114 703 1167 755 in
1197 702 1417 756 Cereris.
1438 699 1572 755 Vide
1595 698 1861 769 quomodo
1883 695 2051 752 ferme

476 800 529 853 in
569 799 753 854 eadem
792 795 1018 866 pericula
1059 793 1241 849 incidit
1266 793 1390 858 ille,
1422 793 1473 846 in
1503 806 1621 860 qua:
1648 799 1703 845 et
1736 797 1885 859 pater
1911 787 2047 857 ejus.

472 890 603 944 Nam
632 904 752 943 cum
778 886 1101 940 domicilium
1127 883 1349 938 haberet
1377 882 1430 935 in
1457 879 1672 937 Geraris
1690 920 1706 946 ,
1740 879 1791 931 7.
1823 878 2050 947 Rogare-

472 986 625 1042 runt,
658 975 824 1044 inquit
847 1014 858 1038 ,
888 974 982 1028 viri
1008 972 1105 1025 loci
1132 971 1274 1025 illius
1304 971 1367 1023 de
1394 969 1618 1023 Rebecca
1644 983 1801 1021 uxore
1830 968 1937 1034 ejus
1959 1005 1975 1030 ,
2004 972 2051 1018 et

470 1067 619 1135 digit,
651 1064 811 1118 Soror
836 1078 946 1114 mea
972 1070 1084 1123 est;
1116 1060 1287 1114 timuit
1314 1059 1455 1114 enim
1487 1072 1554 1112 ne
1581 1056 1721 1111 forte
1746 1054 2049 1110 occiderent

470 1172 591 1211 eum
616 1196 631 1221 ,
674 1155 797 1208 victi
842 1149 1235 1223 pulchritudine
1277 1149 1458 1203 uxoris
1491 1166 1505 1202 :
1544 1146 1625 1200 Ne
1660 1147 1790 1215 forte
1823 1145 2052 1200 occidant

468 1262 583 1300 eum
605 1285 621 1311 ,
652 1245 820 1313 inquit
844 1285 859 1308 ,
887 1243 982 1296 viri
1007 1240 1104 1295 loci
1132 1248 1335 1310 propter
1362 1237 1632 1292 Rebeccam
1652 1278 1667 1303 ,
1695 1237 1814 1307 quia
1840 1235 2051 1306 pulchra

468 1338 600 1407 facie
627 1345 751 1390 erat.
773 1335 828 1389 8.
856 1327 979 1387 Fuit
1006 1341 1172 1386 autem
1198 1332 1303 1385 illic
1331 1331 1480 1400 longo
1505 1339 1742 1398 tempore.
1772 1327 2049 1381 Abimeleclt

468 1438 635 1479 autent
658 1441 773 1479 cum
811 1424 1115 1493 prospiceret
1149 1438 1238 1491 per
1277 1424 1542 1491 fenestram
1563 1460 1579 1485 ,
1607 1418 1730 1472 vidit
1771 1416 1921 1472 Isaac
1962 1417 2048 1469 lu-

470 1516 667 1568 dentem
707 1529 820 1565 cum
861 1511 1085 1566 Rebecca
1120 1526 1277 1564 aucore
1306 1526 1433 1573 sua,
1462 1510 1516 1564 9.
1544 1517 1591 1562 et
1618 1508 1805 1561 vocavit
1835 1524 1976 1573 eum,
2006 1516 2052 1560 et

467 1605 597 1658 dixit
624 1605 669 1657 ei
698 1619 716 1657 :
745 1602 980 1673 Profecto
1014 1617 1142 1655 uxor
1172 1609 1258 1654 tua
1282 1609 1370 1655 est.
1399 1597 1501 1654 Cur
1521 1599 1692 1653 dixisti
1711 1639 1726 1663 ,
1754 1598 1916 1652 Soror
1943 1614 2053 1651 mea

470 1698 585 1751 est?
608 1696 892 1765 Postquam
922 1708 987 1749 ex
1015 1693 1336 1761 conjecturis
1360 1691 1723 1761 deprehensus
1749 1700 1832 1746 est
1852 1690 2050 1760 justus,

472 1803 578 1843 non
619 1788 751 1841 ultra
792 1795 948 1854 negat
980 1802 995 1838 :
1027 1784 1120 1839 sed
1162 1785 1385 1848 fatetur,
1420 1792 1475 1838 et
1515 1797 1729 1837 causam
1774 1781 2054 1836 manifeste

470 1880 640 1943 aﬂ'ert,
664 1893 827 1949 quare
850 1892 1086 1932 sororem
1109 1876 1397 1931 vocandam
1421 1875 1706 1930 censuerit.
1736 1874 1877 1929 Dixit
1899 1875 2049 1937 enim,

470 1972 669 2042 inquit,
705 1971 787 2025 Ne
822 1974 950 2041 forte
983 1971 1174 2023 moriar
1206 1977 1409 2039 propter
1444 1968 1607 2037 ipsam
1633 1983 1652 2020 :
1682 1966 1867 2021 mortis
1897 1964 2055 2020 timor

469 2078 557 2117 me
582 2062 681 2117 hoc
711 2077 869 2132 agere
895 2059 1088 2130 coegit.
1130 2058 1289 2113 Forte
1322 2066 1497 2112 autem
1531 2056 1751 2111 edoctus
1778 2063 1926 2117 erat,
1957 2069 2051 2121 pa-

470 2163 605 2207 trem
643 2166 853 2220 quoque
899 2150 1056 2211 talem
1097 2147 1330 2203 fabulam
1379 2154 1738 2201 Commentum
1780 2144 1857 2199 sic
1896 2143 2050 2197 saluti

470 2260 581 2301 sum
604 2243 967 2308 consuluisse;
992 2241 1144 2311 cujus
1163 2241 1306 2295 viam
1328 2249 1384 2294 et
1407 2239 1521 2308 ipse
1545 2247 1799 2308 sequutus
1818 2244 1918 2290 est.
1946 2234 2052 2289 Sed

471 2352 565 2393 rex
606 2336 779 2391 adhuc
825 2348 1032 2390 memor
1075 2347 1264 2388 eorum
1306 2346 1424 2400 qua:
1464 2339 1703 2397 tempore
1740 2326 2053 2397 patriarcha:

470 2437 619 2497 rapta
661 2428 819 2482 Sarra
860 2439 1052 2494 passus
1088 2423 1295 2487 fuerat,
1336 2422 1514 2476 statim
1553 2422 1622 2476 ob
1653 2421 2054 2490 castigationem

468 2520 594 2573 olim
623 2516 911 2572 immissam
937 2531 997 2571 se
1024 2529 1172 2569 reum
1190 2513 1517 2569 constituens
1537 2512 1631 2583 (a),
1659 2513 1792 2568 dixit
1814 2512 1889 2567 illi
1921 2528 1934 2563 :
1966 2510 2053 2566 10.

470 2611 574 2665 Cur
612 2612 706 2663 hoc
741 2606 944 2678 fecisti?
979 2605 1172 2659 Parum
1213 2604 1374 2674 abfuit
1414 2604 1536 2672 quin
1572 2602 1887 2657 concubuerit
1914 2602 2054 2672 quis-

473 2703 611 2771 piam
641 2700 702 2752 de
729 2713 908 2769 genere
942 2712 1052 2750 meo
1077 2711 1191 2749 cum
1217 2710 1373 2749 uxore
1395 2701 1503 2762 tua,
1527 2703 1573 2747 et
1598 2693 1880 2748 induxisses
1905 2707 2055 2759 super

473 2808 567 2845 nos
593 2789 970 2861 ignorantiam?
993 2787 1140 2843 Hanc
1164 2785 1424 2847 fraudem,
1457 2784 1645 2854 inquit,
1668 2794 1721 2839 et
1745 2784 1870 2838 olim
1897 2781 2055 2837 susti-

473 2881 687 2936 nuimus
711 2895 741 2932 a
772 2887 922 2950 patre
952 2886 1041 2933 tuo
1059 2917 1072 2942 ,
1105 2870 1325 2932 etnunc
1353 2876 1454 2930 nisi
1484 2877 1538 2929 in
1565 2883 1805 2945 tempore
1832 2887 2053 2944 prospe-

470 2971 764 3036 xissemus,
792 2968 979 3025 eadem
1020 2968 1175 3022 laturi
1208 2981 1450 3031 eramus,
1486 2966 1550 3019 Et
1588 2966 1870 3021 induxisses
1905 2979 2055 3034 super

472 3079 565 3116 nos
591 3062 946 3133 ignorantiam.
972 3059 1181 3115 Etenim
1209 3068 1263 3114 et
1292 3070 1414 3113 tunc
1439 3072 1533 3128 per
1561 3058 1909 3127 ignorantiam
1933 3068 2057 3124 pec-

472 3156 640 3208 caturi
672 3166 921 3217 eramus,
955 3160 1011 3206 et
1044 3167 1185 3206 nunc
1210 3165 1421 3221 quoque
1458 3158 1676 3219 propter
1701 3146 2052 3217 ignorantiam

472 3248 641 3301 ferme
668 3247 724 3299 in
750 3258 909 3299 causa
947 3244 1173 3309 fuisses,
1198 3254 1257 3297 ut
1284 3243 1336 3296 in
1366 3249 1638 3311 peccatum
1678 3239 2051 3294 incideremus.

477 3331 505 3386 l
519 3332 540 3384 I
552 3368 567 3383 .
592 3328 841 3397 Prwcepit
864 3336 1032 3379 autem
1056 3325 1339 3379 Abimeleclt
1363 3325 1551 3393 populo
1573 3341 1689 3391 suo,
1706 3325 1876 3377 dicens
1889 3339 1908 3377 :
1923 3322 2047 3376 0m-

474 3425 559 3476 stis
582 3421 670 3490 qui
703 3421 920 3488 tetigerit
947 3417 1197 3469 hominem
1239 3417 1373 3469 hunc
1398 3425 1444 3469 et
1470 3431 1679 3468 uxorem
1711 3417 1843 3484 eju--,
1873 3414 2053 3470 mortis

476 3527 596 3565 reus
619 3507 876 3563 erit.Vide
899 3507 991 3561 Dei
1025 3506 1433 3574 providentiam,
1456 3507 1579 3562 vide
1607 3505 1931 3561 ineffabilem
1959 3520 2051 3562 cu-

477 3619 614 3658 ram.
647 3601 776 3655 Nam
800 3601 885 3669 qui
915 3600 1122 3653 dixerat
1148 3600 1233 3652 ei:
1258 3598 1340 3652 Ne
1369 3598 1640 3652 descendas
1666 3598 1717 3651 in
1737 3596 2048 3668 zEgyptum,

477 3706 524 3749 et
556 3695 725 3747 habita
755 3694 807 3746 in
834 3704 968 3745 terra
1006 3693 1125 3755 ista,
1148 3700 1195 3743 et
1226 3708 1310 3744 ero
1341 3700 1503 3744 tecum
1529 3707 1546 3745 :
1568 3691 1655 3746 ille
1680 3702 1801 3747 erat
1826 3692 1915 3759 qui
1938 3691 2052 3747 haec

476 3786 655 3839 omnia
699 3783 1064 3853 dispensabat,
1094 3792 1146 3837 et
1174 3782 1372 3850 justum
1416 3783 1467 3836 in
1512 3794 1654 3839 tanta
1695 3782 2052 3839 constituebat

476 3876 649 3933 securi
677 3887 779 3930 ate.
822 3873 1111 3930 Considera
1160 3874 1300 3929 enim
1349 3889 1526 3942 regem
1576 3884 1945 3942 procurantem
1990 3883 2052 3929 ut

476 3970 744 4038 impavide
769 3968 838 4022 ibi
862 3978 999 4037 agat,
1025 3966 1264 4034 liberque
1290 3966 1362 4019 sit
1381 3965 1448 4021 ab
1467 3966 1613 4019 omni
1633 3982 1780 4020 cura.
1807 3966 2051 4030 Mortem,

475 4063 668 4131 inquit,
701 4060 1074 4116 interminatus
1102 4067 1185 4113 cst
1223 4058 1471 4111 omnibus
1513 4058 1833 4126 quicumque
1863 4059 2053 4125 tetige-

476 4159 585 4213 rint
610 4164 700 4211 aut
728 4170 874 4217 eum,
912 4163 1005 4207 aut
1032 4168 1255 4207 uxorem
1302 4152 1438 4221 ejus.
1484 4150 1619 4215 Quia
1646 4151 1789 4204 enim
1821 4151 1907 4205 hic
1935 4157 2053 4204 erat

477 4246 658 4307 timor,
689 4246 878 4298 mortis
906 4245 1125 4304 scilicet,
1158 4241 1249 4309 qui
1274 4251 1621 4294 concusserat
1646 4239 1761 4307 ejus
1793 4249 2049 4307 mentem,

474 4344 759 4405 propterea
789 4342 845 4387 et
872 4333 1021 4387 illum
1052 4332 1245 4385 auferri
1273 4330 1481 4384 cura-vit
1527 4329 1829 4384 misericors
1871 4329 2054 4383 Domi-

474 4439 603 4490 nus,
626 4436 682 4478 ut
723 4431 907 4492 postea
956 4423 1177 4479 omnino
1225 4435 1411 4477 secure
1455 4431 1657 4489 ageret.
1701 4421 1766 4476 Et
1794 4420 1914 4475 vide
1939 4434 2051 4474 rem

474 4517 668 4575 miram
692 4526 747 4571 et
768 4517 1107 4587 stupendam,
1138 4514 1408 4586 quomodo
1435 4514 1607 4570 solers
1637 4528 1759 4569 cum
1787 4514 1859 4569 sit
1883 4521 1939 4568 et
1965 4526 2054 4568 sa-

475 4613 630 4682 piens
654 4649 668 4673 ,
704 4608 880 4661 omnia
915 4605 1208 4658 secundum
1236 4616 1387 4656 suam
1413 4600 1735 4653 voluntatem
1761 4608 1968 4663 vertat,
1999 4609 2054 4654 et

472 4715 525 4754 m
568 4697 726 4753 inviis
767 4698 904 4750 viam
946 4694 1216 4759 inveniat,
1247 4706 1345 4763 per
1384 4691 1468 4745 illa
1514 4691 1626 4760 ipsa
1662 4705 1782 4759 quae
1822 4689 2053 4745 maxime

471 4789 693 4845 adversa
722 4787 994 4851 videntur,
1018 4786 1175 4840 saluti
1201 4798 1475 4838 servorum
1503 4796 1720 4837 suorum
1744 4781 2049 4836 consulens.

470 4880 607 4935 lline
656 4879 799 4934 enim
844 4886 954 4941 est,
1000 4877 1147 4945 quod
1193 4890 1288 4930 rex
1337 4874 1427 4929 ille
1462 4881 1672 4927 tantam
1716 4870 1915 4925 habeat
1960 4886 2051 4924 cu-

470 4988 585 5027 ram
610 4970 758 5039 justi,
784 4971 933 5038 quasti
962 4969 1257 5033 prmdicans
1278 4982 1399 5021 eum
1425 4964 1670 5020 omnibus
1691 4962 1918 5018 civitatis
1940 4977 2053 5017 suae

469 5062 688 5128 incolis,
716 5068 771 5116 et
805 5059 1081 5115 declarans
1114 5074 1273 5129 quam
1311 5058 1575 5127 gloriosus
1614 5059 1715 5121 sit,
1748 5065 1802 5111 et
1840 5069 2053 5110 summo

532 5322 727 5384 (a)cum
750 5317 980 5384 videlicet.

472 5378 678 5448 stigatus
698 5383 869 5433 fuisset
890 5378 1195 5448 Abimelcch,
1230 5380 1581 5448 ubincomporit
1604 5378 1881 5439 Iteheccam,
1907 5378 2052 5448 quain

470 5439 686 5496 soForem
716 5456 853 5494 suam
885 5442 1076 5491 dixerat
1121 5448 1265 5499 Isaac,
1303 5439 1433 5489 illius
1456 5439 1585 5490 esse
1620 5455 1843 5500 uxorem,
1868 5439 2053 5492 veritus

468 5522 537 5570 ne
565 5521 592 5557 a
624 5508 851 5570 quapiam
889 5518 953 5570 ex
976 5503 1180 5570 subditis
1213 5516 1272 5554 ea
1287 5504 1479 5565 conjugi
1510 5504 1847 5564 abriperetur,
1883 5512 1935 5553 et
1952 5506 2051 5570 jam

468 5569 582 5617 olim
620 5564 841 5617 immissae
888 5568 935 5615 in
978 5564 1121 5615 simili
1177 5578 1290 5614 casu
1348 5564 1502 5626 pinna:
1556 5579 1773 5624 memor,
1814 5580 1870 5627 se
1916 5567 2051 5627 quasi

467 5641 607 5741 ἶρεῖἐη
629 5630 925 5687 existimans,
952 5628 1100 5679 verba
1120 5639 1229 5691 qua:
1242 5624 1513 5689 sequuntur
1536 5628 1761 5678 tremoris
1782 5624 2052 5690 plenam-

488 5704 531 5741 at
580 5726 591 5738 .

466 5698 591 5744 ιιηίι.

1000 5324 1199 5380 promer
1216 5324 1397 5378 raptam
1421 5325 1601 5368 Sanam
1624 5326 1899 5380 morepatas
1909 5326 1959 5368 et
1979 5332 2051 5380 ca-

1309 315 1364 372 ε.
1396 315 1670 371 JCANNIS
1693 309 2159 368 CIIRYSOSTOMI
2185 309 2499 368 ARCHIEP.
2539 308 3065 365 CONSTANTINOP.

3634 306 3745 364 356

2156 424 2357 478 honore
2386 423 2605 493 dignus,
2635 439 2790 494 quem
2819 433 2874 479 et
2911 424 3123 477 maximi
3152 416 3406 477 faciebat.
3434 424 3523 480 Sic
3546 433 3601 479 et
3629 425 3740 480 New

2157 514 2563 571 buchodonosor
2598 524 2873 582 postquam
2915 528 3109 582 pueros
3144 513 3267 568 illos
3301 523 3409 568 tres
3450 514 3501 569 in
3547 514 3733 569 forna-

2156 620 2269 661 cem
2302 603 2552 673 injecerat
2579 605 2597 674 (
2620 604 2751 657 Dan.
2781 606 2831 659 3.
2860 604 2987 675 95),
3014 612 3067 658 et
3095 604 3266 672 reipsa
3292 606 3733 674 comprobaverat

2155 694 2481 764 captivorum
2522 696 2919 750 adolescentum
2960 696 3207 750 virtutem
3229 736 3244 759 ,
3279 705 3405 750 tunc
3441 697 3729 765 pra-dicare

2156 801 2251 843 eos
2278 786 2435 856 ccepi!
2460 828 2476 853 ,
2507 796 2560 841 et
2598 786 2789 857 ubique
2826 788 3001 857 lingua
3039 802 3133 842 sua
3174 787 3292 842 fecit
3322 788 3570 842 illustres.
3604 789 3728 843 Haec

2157 875 2298 931 enim
2337 876 2671 945 potissimum
2700 891 2886 946 magna
2917 877 3009 932 Dei
3037 878 3204 932 virtus
3230 887 3311 933 cst
3329 918 3344 942 ,
3369 880 3577 946 quando
3608 879 3729 933 facit

2156 974 2215 1021 ut
2254 982 2349 1035 per
2387 967 2627 1022 inimicos
2665 968 2999 1024 celebrentur
3034 969 3174 1024 servi
3219 970 3332 1025 Dei.
3373 970 3439 1024 Et
3476 970 3564 1040 qui
3607 986 3727 1026 cum

2155 1055 2334 1112 furore
2360 1057 2573 1112 accendi
2598 1058 2827 1127 jusserat
2859 1058 3126 1114 fornacem
3161 1060 3303 1113 illam
3322 1100 3337 1123 ,
3366 1062 3613 1131 quoniam
3651 1063 3727 1115 vi-

2156 1145 2233 1199 dit
2259 1162 2353 1214 per
2381 1161 2668 1216 supernum
2694 1148 2951 1202 auxilium
2988 1164 3273 1218 puerorum
3312 1151 3558 1206 virtutem
3596 1152 3729 1221 ignis

2156 1237 2417 1290 actionem
2445 1235 2692 1302 vincere,
2722 1247 2939 1307 repente
2969 1247 3199 1297 mutatus
3226 1240 3467 1295 clamavit
3496 1242 3677 1296 dicens
3716 1260 3730 1296 :

2157 1323 2303 1377 Servi
2327 1324 2419 1377 Dei
2449 1326 2649 1379 excelsi.
2682 1326 2831 1391 Vide,
2860 1343 2965 1381 non
2991 1329 3160 1383 solum
3190 1330 3306 1384 illos
3330 1329 3567 1385 excelsos
3594 1347 3729 1401 pras-

2157 1419 2317 1481 dicat,
2344 1418 2437 1473 sed
2466 1430 2521 1474 et
2547 1420 2825 1473 Dominum
2854 1421 3218 1475 universorum
3248 1439 3260 1473 :
3290 1421 3436 1476 Serui
3457 1423 3617 1488 enim,
3652 1424 3732 1476 in-

2156 1510 2289 1580 quit.
2320 1509 2417 1563 Dei
2442 1512 2644 1577 excelsi,
2672 1513 2982 1582 egredimini.
3013 1513 3148 1579 Quid
3176 1513 3371 1568 factum
3397 1515 3522 1569 est?
3553 1530 3731 1571 nonne

2158 1610 2213 1655 tu
2241 1616 2334 1656 eos
2365 1612 2630 1657 tormento
2660 1602 2966 1657 tradidisti?
2995 1619 3173 1659 nonne
3204 1614 3256 1658 tu
3298 1604 3351 1659 in
3388 1614 3588 1660 tantum
3620 1607 3730 1661 for-

2156 1705 2342 1746 nacem
2365 1692 2581 1746 accendi
2610 1694 2949 1763 praecepisti?
2975 1694 3235 1762 Profecto,
3260 1695 3450 1764 inquit,
3477 1698 3570 1752 sed
3593 1713 3731 1752 nunc

2155 1784 2314 1838 video
2340 1800 2425 1838 res
2454 1785 2791 1841 admirabiles
2814 1795 2868 1841 et
2894 1802 3077 1842 novas.
3107 1786 3441 1842 Elementum
3464 1789 3603 1843 enim
3630 1788 3731 1843 hoc

2156 1890 2267 1930 suae
2310 1878 2631 1945 operationis
2672 1878 2921 1942 oblitum,
2963 1880 3113 1948 quasi
3154 1880 3377 1933 vinculis
3414 1881 3727 1949 quibusdam

2157 1967 2396 2037 ligatum,
2428 1978 2622 2023 tantam
2657 1970 2896 2024 exhibuit
2922 1971 3297 2036 obedientiam,
3326 1978 3386 2025 ut
3412 1986 3580 2040 neque
3603 1986 3732 2025 con-

2158 2059 2382 2129 tingeret
2423 2060 2631 2114 illorum
2671 2060 2908 2129 capillos.
2949 2060 3101 2117 Unde
3141 2061 3321 2116 videre
3360 2076 3638 2131 possumus
3678 2063 3731 2115 id

2157 2147 2350 2204 factum
2380 2165 2538 2219 supra
2570 2152 2850 2205 humanam
2884 2160 3122 2205 naturam
3150 2166 3267 2206 esse
3286 2194 3301 2218 ,
3329 2162 3383 2206 et
3412 2152 3730 2207 inelTabilcut

2157 2240 2441 2309 quamdam
2482 2256 2545 2295 ac
2582 2241 2811 2295 divinam
2852 2243 2958 2294 vim
3000 2242 3113 2297 luce
3150 2244 3357 2307 operari
3382 2283 3399 2309 ,
3428 2252 3731 2311 tantamque

2158 2345 2442 2400 puerorum
2483 2330 2681 2385 habere
2720 2330 3130 2400 providentiam.
3160 2332 3347 2387 Vidisti
3384 2332 3478 2387 Dei
3519 2333 3729 2388 miseri-

2157 2421 2391 2476 cordiatn
2421 2462 2437 2488 ,
2486 2421 2752 2490 quomodo
2803 2438 3089 2493 numquam
3133 2423 3507 2495 derelinquens
3550 2440 3731 2480 servos

2157 2527 2320 2579 suos,
2364 2513 2620 2582 permittit
2660 2514 2714 2569 in
2754 2513 3025 2571 fornacem
3070 2517 3251 2586 injici;
3288 2518 3383 2573 sed
3419 2533 3514 2574 eos
3550 2520 3733 2574 volens

2157 2601 2408 2656 clariores
2436 2602 2630 2665 facere,
2660 2612 2715 2658 et
2743 2619 2892 2659 suam
2919 2605 3167 2662 virtutem
3192 2607 3573 2670 demonstrare,
3608 2608 3731 2662 bar-

2157 2695 2271 2750 bari
2295 2695 2540 2750 demulsit
2566 2696 2797 2751 animum
2818 2706 2873 2751 et
2894 2706 3093 2751 tantam
3118 2698 3452 2754 tolerantiam
3472 2700 3733 2754 ostendit?

2157 2784 2341 2854 Neque
2369 2785 2513 2840 enim
2539 2795 2645 2840 tam
2675 2786 2986 2843 admirabile
3014 2799 3164 2853 erat,
3191 2790 3236 2842 si
3265 2805 3294 2843 a
3323 2789 3581 2860 principio
3608 2806 3734 2858 pro.

2158 2875 2415 2932 hihuisset
2442 2891 2534 2931 eos
2571 2876 2627 2931 in
2659 2878 2921 2932 caminum
2966 2879 3111 2948 injici
3144 2896 3157 2933 :
3187 2880 3343 2935 sicuti
3387 2896 3526 2935 nunc
3567 2880 3732 2936 admi-

2157 2968 2376 3024 rabilius
2403 2979 2457 3024 et
2482 2970 2651 3023 rarius
2676 2969 2871 3024 factum
2894 2980 2975 3025 cst
2999 3011 3013 3035 ,
3039 2985 3163 3025 cum
3198 2973 3248 3025 in
3278 2972 3452 3036 medio
3478 2972 3612 3043 ignis
3636 2988 3732 3025 ex-

2157 3061 2407 3117 sistentes
2429 3102 2445 3125 ,
2481 3062 2612 3114 nihil
2658 3062 2876 3116 insuave
2910 3063 3017 3131 pati
3056 3064 3332 3132 permittit.
3364 3063 3495 3119 Nam
3524 3064 3735 3134 quando

2157 3152 2289 3217 vult,
2318 3151 2476 3206 etiam
2501 3167 2596 3207 eos
2618 3153 2707 3221 qui
2738 3152 2789 3206 in
2823 3154 3010 3207 mediis
3038 3163 3163 3208 sunt
3184 3155 3433 3224 periculis
3459 3165 3513 3210 et
3540 3156 3734 3225 paruis,

2157 3242 2483 3312 potentiores
2520 3242 2643 3296 facit
2669 3259 2685 3298 :
2713 3251 2768 3296 et
2799 3258 2892 3297 eos
2929 3243 3017 3311 qui
3058 3244 3325 3311 patiuntur
3345 3287 3360 3309 ,
3389 3246 3456 3299 iis
3488 3247 3578 3314 qui
3616 3246 3734 3300 illos

2157 3330 2396 3401 afﬂigunt
2416 3333 2717 3400 superiores
2743 3333 2933 3386 reddit.
2968 3333 3076 3387 Hoc
3100 3342 3154 3390 et
3178 3334 3231 3389 in
3258 3336 3513 3404 apostolis
3538 3336 3735 3393 factum

2158 3434 2259 3479 est.
2286 3425 2415 3479 Nam
2439 3427 2526 3494 qui
2552 3441 2645 3480 eos
2676 3427 2932 3495 urgebant
2956 3437 3012 3483 et
3034 3428 3368 3484 adducebant
3395 3431 3446 3483 iu
3478 3432 3732 3496 medium,

2159 3528 2214 3571 et
2240 3516 2387 3583 quasi
2425 3516 2670 3571 dentibus
2708 3517 2963 3573 adversus
3009 3532 3102 3573 eos
3142 3518 3469 3584 fremebant,
3504 3521 3642 3575 inter
3676 3537 3735 3576 se

2158 3605 2444 3663 dicebant:
2479 3607 2613 3672 Quid
2650 3607 2890 3674 faciemus
2932 3610 3050 3663 viris
3091 3611 3198 3663 istis
3233 3610 3383 3680 (Act.
3422 3612 3473 3665 4.
3510 3611 3651 3683 16)Ῡ
3682 3613 3735 3666 in

2160 3698 2401 3754 manibus
2428 3699 2543 3753 illos
2567 3698 2852 3764 habebant,
2880 3708 2935 3755 et
2956 3700 3271 3755 dubitabant
3294 3718 3495 3770 secum,
3522 3705 3647 3773 quid
3669 3706 3735 3759 de

2158 3790 2237 3845 eis
2261 3788 2514 3845 facerent.
2542 3790 2731 3853 Tanta,
2761 3800 2970 3860 tamque
2994 3792 3165 3847 valida
3188 3809 3273 3849 res
3293 3804 3375 3847 est
3394 3796 3576 3860 virtus,
3602 3805 3732 3851 tam-

2158 3898 2262 3952 que
2290 3882 2563 3938 imbecillis
2590 3884 2788 3937 malitia
2809 3926 2824 3950 ,
2856 3893 2914 3937 ut
2940 3885 3027 3938 illa
3057 3884 3270 3955 quidem
3290 3927 3304 3953 ,
3334 3886 3456 3940 liect
3483 3889 3731 3956 patiatur,

2157 3974 2351 4037 vincat,
2382 3976 2494 4028 lucc
2523 3990 2650 4029 vero
2674 3985 2727 4030 et
2750 3976 2795 4029 si
2823 3976 2945 4045 quid
2974 3987 3116 4046 agat,
3142 3976 3273 4030 nihil
3300 3977 3444 4032 aliud
3470 3978 3731 4048 proﬁciat,

2156 4079 2316 4134 quam
2341 4065 2481 4133 quod
2507 4080 2655 4119 suam
2685 4066 2870 4135 prodat
2896 4067 3273 4122 inﬁrmitatem.

2229 4156 2443 4211 Moralis
2475 4158 2774 4211 exhortatio.
2803 4189 2873 4198 —
2902 4159 2956 4213 ld
2986 4160 3235 4226 scientes,
3264 4160 3463 4227 dilecti,
3492 4176 3733 4231 magnam

2158 4248 2364 4302 virtutis
2404 4248 2690 4304 habeamus
2731 4252 3023 4316 rationem,
3065 4261 3119 4306 et
3154 4253 3278 4306 vitia
3329 4253 3585 4322 fugiamus
3616 4270 3631 4306 :
3665 4255 3733 4308 ita

2157 4338 2298 4393 enim
2341 4348 2395 4391 et
2434 4354 2715 4406 supernam
2759 4343 2977 4410 gratiam
3023 4344 3174 4399 nobis
3213 4345 3613 4399 conciliabimus
3636 4384 3649 4407 ,
3681 4354 3734 4398 et

2158 4429 2329 4484 futura
2360 4446 2742 4499 consequemur
2776 4434 2908 4486 bona
2938 4451 2953 4489 :
2980 4451 3098 4504 qua:
3140 4436 3290 4489 nobis
3330 4436 3577 4490 omnibus
3606 4450 3734 4490 eve-

2158 4523 2321 4587 niant,
2346 4523 2513 4591 gratia
2538 4534 2592 4577 et
2618 4525 2975 4581 misericordia
3011 4528 3215 4581 Domini
3246 4529 3409 4582 nostri
3437 4527 3563 4583 Jesu
3581 4527 3734 4583 Chri-

2157 4613 2245 4677 sti,
2277 4614 2361 4667 cui
2402 4613 2488 4677 sit,
2516 4628 2635 4668 cum
2681 4615 2835 4669 Patre
2861 4626 2914 4669 et
2950 4618 3385 4686 Spiritusancto,
3416 4619 3600 4688 gloria,
3634 4618 3734 4672 im-

2156 4704 2381 4773 perium,
2412 4703 2598 4769 honor,
2625 4722 2764 4761 nunc
2789 4718 2842 4762 et
2867 4723 3098 4777 semper,
3126 4720 3180 4764 et
3210 4711 3260 4763 in
3291 4711 3484 4765 smcula
3512 4711 3735 4765 sarculo-

2157 4811 2293 4852 rum.
2324 4797 2511 4851 Amen.

2727 4931 3005 4987 HOMILIA
3044 4933 3151 4989 LII.

2157 5087 2433 5146 Seminavit
2461 5097 2625 5140 autem
2652 5086 2800 5141 Isaac
2826 5090 2878 5140 in
2910 5098 3041 5141 terra
3066 5089 3175 5152 illa,
3196 5098 3247 5144 et
3269 5088 3457 5143 invenit
3482 5092 3732 5159 centupli-

2356 5196 2477 5233 cans
2502 5180 2743 5233 hordeum
2771 5179 2821 5232 in
2846 5196 2979 5232 anno
3009 5180 3097 5233 illo
3124 5179 3275 5249 (Cen.
3298 5180 3388 5235 26.
3417 5183 3530 5251 i2).

2230 5313 2277 5366 1.
2309 5311 2576 5380 Reliquias
2597 5311 2713 5366 heri
2735 5311 2995 5366 dictorum
3026 5326 3202 5380 operte
3224 5311 3449 5380 pretium
3472 5320 3555 5367 est
3574 5312 3733 5367 hodie

2155 5403 2380 5460 reddere
2415 5414 2608 5458 vestrm
2645 5404 2888 5467 caritati,
2933 5413 2986 5457 et
3030 5404 3251 5471 repetita
3292 5404 3555 5459 sermonis
3595 5405 3733 5459 serie

2156 5496 2344 5549 iterum
2378 5492 2559 5547 videre
2586 5503 2835 5561 quantam
2860 5495 3035 5560 justus
3063 5491 3207 5545 Isaac
3234 5506 3517 5561 supernam
3557 5494 3730 5561 provi-

2153 5584 2389 5640 dentiam
2419 5582 2490 5637 sit
2519 5592 2856 5651 assequutus.
2892 5581 3021 5634 Nam
3051 5583 3139 5649 qui
3177 5582 3225 5636 ei
3271 5581 3611 5650 prohibuerat
3640 5582 3731 5634 dc-

2162 5691 2407 5733 scensum
2430 5676 2480 5730 in
2507 5671 2803 5747 Egyptum,
2828 5683 2877 5727 ct
2904 5673 3105 5728 dixerat
3134 5690 3144 5726 :
3178 5672 3365 5728 Habita
3386 5675 3435 5727 in
3458 5684 3588 5727 terra
3619 5684 3728 5737 hac,
