4150 6276
391 287 501 342 455

389 428 451 464 τε
477 409 579 479 τῆς
594 409 799 472 οἰκείας
824 409 1089 478 ὑπακοῆς,
1112 408 1200 461 καί
1224 408 1297 477 μὴ
1314 408 1558 478 καταϐῇς
1583 410 1662 471 εἰς
1676 407 1970 475 Αἴγυπτον,

392 495 510 548 ἀλλ’
543 492 780 547 ἐνταῦθα
817 492 966 561 μένε.
1019 488 1173 554 Εἶδες
1202 490 1337 543 Θεοῦ
1364 490 1794 560 φιλανθρωπίαν,
1826 491 1973 551 ὅπως

388 577 479 630 διὰ
508 577 608 646 τῆς
641 577 862 646 μνήμης
909 573 1007 643 τῆς
1042 572 1245 642 ἀρετῆς
1280 572 1374 625 τοῦ
1417 573 1621 642 πατρὸς
1647 571 1837 625 τούτου
1880 571 1972 622 τὸν

390 660 647 729 λογισμὸν
699 658 998 727 ἐνεύρωσε;
1048 654 1369 723 Κατῴκησε
1414 655 1504 716 δὲ,
1552 656 1736 724 φησὶν,
1774 654 1971 707 Ἰσαὰκ

388 743 457 794 ἐν
484 740 788 809 Γεράροις.
842 741 985 811 Ὅρα
1025 741 1138 799 τοῖς
1182 739 1363 800 αὐτοῖς
1400 738 1494 790 καὶ
1533 736 1719 789 τοῦτον
1755 736 1970 806 περιπί-

390 842 590 877 πτοντα
615 824 818 894 σχεδὸν,
840 818 922 884 οἷς
953 823 981 873 6
1015 819 1198 890 πατὴρ
1228 820 1571 890 περιέπεσεν.
1618 818 1833 886 Ἐπειδὴ
1861 816 1969 895 γὰρ

388 908 485 977 τὴν
504 908 816 975 κατοίκησιν
844 905 1133 974 ἐποιήσατο
1153 904 1210 953 ἐν
1223 903 1288 953 Γε
1298 905 1501 971 ράροις,
1521 900 1966 966 Ἐπηρώτησαν,

388 991 583 1059 φησὶν,
627 993 679 1043 οί
712 988 926 1056 ἄνδρες
974 986 1079 1039 τοῦ
1110 986 1298 1037 τόπου
1341 984 1474 1050 περὶ
1509 983 1618 1050 τῆς
1654 981 1969 1046 Ῥεϐέκκας

388 1072 499 1139 τῆς
521 1071 803 1139 γυναικός
823 1070 1029 1133 αὐτοῦ,
1044 1068 1140 1121 καί
1159 1064 1345 1130 εἷπεν,
1365 1063 1619 1133 Ἀδελφή
1638 1082 1756 1133 μου
1774 1064 1962 1116 ἐστίν·

387 1154 625 1223 ἐφοϐήθη
654 1153 762 1224 γὰρ
797 1154 1005 1223 μήποτε
1027 1151 1418 1204 ἀποκτείνωσιν
1447 1149 1632 1209 αὑτὸν,
1661 1148 1965 1216 ἡττώμενοι

384 1236 479 1288 τοῦ
508 1236 737 1297 κάλλους
768 1238 866 1305 τῆς
889 1234 1166 1301 γυναικός.
1187 1232 1433 1299 Μήποτε
1459 1230 1589 1301 γὰρ,
1623 1230 1804 1299 φησὶν,
1827 1227 1967 1281 ἀπο-

385 1318 701 1370 κτείνωσιν
736 1317 925 1369 αὺτύν
956 1318 1009 1368 οἱ
1044 1314 1259 1381 ἄνδρες
1295 1313 1400 1367 τοῦ
1437 1313 1624 1365 τόπου
1671 1310 1804 1377 περὶ
1847 1311 1964 1363 Ῥε-

385 1400 622 1465 ϐέκκας,
644 1400 733 1454 ὅτι
762 1400 945 1467 ὡραία
971 1398 1045 1466 τῇ
1076 1398 1210 1466 ὄψει
1237 1394 1337 1466 ἦν.
1384 1396 1646 1464 Ἐγένετο
1673 1393 1742 1446 δὲ
1773 1396 1963 1446 πολυ-

385 1484 626 1549 χρόνιος
660 1482 802 1534 ἐκεῖ.
844 1481 1213 1548 Παρακύψας
1249 1478 1318 1532 δὲ
1349 1476 1653 1546 Ἀϐιμέλεχ
1696 1472 1817 1529 εἶδε
1856 1475 1964 1529 τὸν

398 1564 591 1618 Ἰσαὰκ
619 1563 898 1623 παίζοντα
918 1563 1066 1630 μετὰ
1090 1561 1399 1627 Ῥεϐέκκας
1422 1558 1530 1626 τῆς
1549 1558 1830 1629 γυναικός
1852 1559 1962 1611 αὐ-

383 1650 508 1713 τοῦ,
538 1649 636 1701 καὶ
671 1648 967 1701 ἐκάλεσεν
998 1647 1205 1709 αὐτόν,
1242 1647 1341 1699 καί
1372 1642 1545 1699 εἶπεν
1575 1642 1735 1708 αὐτῷ
1761 1660 1774 1674 ·
1807 1639 1962 1708 Ἀρά

381 1748 448 1798 γε
481 1730 633 1799 γυνή
692 1745 808 1783 σου
859 1730 1071 1790 ἑστίν;
1111 1728 1174 1781 Τί
1213 1728 1301 1780 ὅτι
1335 1723 1520 1792 εἶπες,
1558 1723 1807 1792 ’Ᾰδελςρή
1840 1741 1959 1791 μου

379 1816 586 1875 ἐστίν;
620 1811 837 1882 Ἐπειδὴ
861 1813 924 1863 ἐκ
945 1812 1051 1863 τῶν
1069 1810 1382 1880 τεκμηρίων
1403 1807 1657 1879 ἐφωράθη
1685 1810 1713 1860 6
1731 1807 1955 1871 δίκαιος,

378 1896 560 1947 οὐκέτι
596 1895 777 1948 λοιπὸν
816 1896 1078 1964 ἀρνεῖται,
1102 1893 1217 1947 ἀλλ’
1249 1892 1517 1961 ὁμολογεῖ,
1542 1892 1636 1943 καὶ
1661 1891 1759 1959 τὴν
1782 1888 1958 1940 αἰτίαν

379 1978 617 2047 φανερὰν
647 1976 958 2045 καθίστησι,
1003 1975 1070 2027 δι’
1102 1975 1171 2043 ἢν
1200 1973 1434 2042 ἀδελφὴν
1476 1972 1701 2023 καλέσαι
1744 1969 1950 2022 κατεδέο

380 2058 525 2121 ξατο.
558 2056 703 2114 Ehe
724 2058 854 2127 γὰρ.
888 2059 1045 2127 φησὶ,
1069 2056 1317 2121 Μήποτε
1336 2057 1618 2109 ἀποθάνω
1646 2052 1717 2105 δι’
1745 2051 1957 2115 αὐτήν·

378 2142 407 2192 6
432 2140 525 2193 τοῦ
554 2141 784 2194 Θανάτου
816 2140 980 2207 φόϐος
1015 2139 1095 2199 είς
1118 2136 1275 2189 τοῦτό
1302 2153 1369 2205 με
1398 2135 1571 2187 ἐλθεῖν
1615 2132 1961 2201 κατηνάγκαμ-

381 2239 491 2273 σεν.
526 2223 684 2283 Ἴσως
714 2221 769 2272 δὲ
802 2218 1135 2289 μεμαθηκὼς
1163 2215 1254 2287 ἦν,
1303 2220 1383 2270 ὅτι
1412 2217 1505 2269 καὶ
1544 2219 1572 2269 6
1600 2216 1781 2286 πατὴρ
1804 2214 1960 2268 τοῦτο

378 2301 440 2352 τὸ
482 2301 664 2371 δρᾶμα
714 2301 1125 2362 κατασκευάσας
1181 2299 1437 2352 διέσωσεν
1478 2298 1690 2361 ἐαυτὸν,
1741 2297 1834 2350 καὶ
1871 2297 1958 2350 διὰ

378 2383 535 2436 τοῦτο
558 2384 652 2434 καὶ
675 2383 835 2445 αὐτὸς
862 2383 1065 2452 ταύτην
1104 2379 1233 2453 ἦλθε
1264 2383 1366 2452 τὴν
1394 2381 1528 2435 ὁδόν.
1573 2380 1711 2432 Ἀλλ’
1746 2383 1774 2432 ὁ
1812 2379 1958 2449 βασι-

379 2464 503 2527 λεὺς
528 2464 747 2518 ἔναυλον
778 2465 915 2535 ἔχων
946 2467 1044 2536 τὴν
1078 2466 1300 2534 μνήμην
1339 2457 1413 2518 ὧν
1455 2462 1719 2515 πέπονθεν
1742 2464 1836 2516 ἐπὶ
1863 2463 1954 2517 τοῦ

378 2546 714 2616 πατριάρχου
742 2547 839 2616 τὴν
860 2548 1072 2617 Σάρραν
1101 2546 1455 2615 ἀφελόμενος,
1482 2546 1823 2616 παραχρῆμα
1852 2545 1956 2600 ὑπὸ

376 2628 472 2695 τῆς
501 2627 703 2681 ἀνωθεν
734 2630 1103 2699 ἐπιτιμήσεως
1137 2628 1331 2685 ἐαυτὸν
1361 2627 1657 2681 ὑπεύθυνον
1680 2628 1971 2697 καταστή-’

376 2726 496 2771 σας.
526 2712 657 2779 φησί
688 2710 822 2780 πρὸς
844 2712 1005 2763 αὐτόν
1025 2728 1037 2741 ·
1070 2712 1132 2764 Τί
1161 2711 1335 2764 τοῦτο
1364 2710 1698 2775 ἐποίησος;
1726 2710 1954 2777 Μικροῦ

374 2790 659 2859 ἐκοιμήθη
689 2809 780 2857 τις
812 2792 920 2847 τοῦ
949 2792 1164 2861 γένους
1189 2810 1309 2861 μου
1342 2792 1494 2860 μετὰ
1532 2788 1639 2857 τῆς
1672 2793 1954 2860 γυναικός

373 2887 513 2935 σου,
541 2875 638 2928 καὶ
670 2874 967 2943 ἐπήγαγες
995 2875 1071 2927 ἂν
1102 2876 1193 2944 ἐφ’
1222 2873 1379 2942 ἡμᾶς
1404 2873 1673 2944 ἄγνοιαν.
1716 2874 1950 2943 Ταύτην,

374 2960 527 3023 φησι,
544 2957 642 3027 τὴν
674 2956 887 3026 ἀπάτην
912 2958 1003 3009 καὶ
1034 2956 1134 3026 ἤδη
1162 2957 1471 3026 ὑπέστημεν
1497 2956 1601 3009 ὑπὸ
1633 2954 1725 3008 τοῦ
1748 2956 1951 3026 πατρὸς

373 3038 464 3091 τοῦ
498 3039 591 3093 σοῦ
612 3077 627 3101 ,
674 3039 767 3093 καὶ
793 3038 888 3092 νῦν
930 3040 978 3090 εἰ
1009 3038 1082 3109 μὴ
1116 3038 1320 3107 ταχέως
1355 3038 1683 3107 συνείδομεν,
1716 3037 1785 3091 τὰ
1816 3038 1953 3091 αὑτὰ

374 3120 441 3173 ἂν
464 3120 757 3190 ἐμέλλομεν
783 3120 1094 3189 ὑπομένειν,
1128 3120 1238 3177 Καὶ
1261 3120 1557 3189 ἐπήγαγες
1584 3119 1661 3175 ἂν
1681 3120 1773 3188 ἐφ’
1795 3119 1952 3187 ἡμᾶς

373 3201 638 3271 ἄγνοιαν.
676 3204 784 3256 Καὶ
824 3202 931 3270 7&9
963 3203 1057 3254 καὶ
1100 3202 1220 3254 τότε
1260 3203 1325 3255 δι’
1355 3203 1574 3270 ἄγνοιαν
1622 3204 1951 3273 ἁμαρτάνειν

372 3285 685 3355 ἐμέλλομεν,
723 3286 815 3338 καὶ
838 3285 930 3338 νῦν
960 3285 1063 3336 ὑπὸ
1088 3286 1183 3355 τῆς
1208 3286 1426 3352 ἀγνοίας
1452 3285 1647 3356 μικροῦ
1673 3287 1779 3337 δεῖν
1805 3287 1949 3354 ἡμᾶς

374 3368 523 3440 [504]
560 3369 800 3439 ἁμαρτία
834 3372 1149 3438 περιπεσεῖν
1184 3368 1616 3439 παρεσκεύασας.
1653 3368 1949 3432 Συνέτιιξε

376 3452 464 3515 δὲ,
492 3454 673 3522 φησὶν,
707 3453 1010 3519 Ἀϐιμέλεχ
1036 3449 1112 3515 τῷ
1135 3451 1259 3515 λαῷ
1288 3452 1473 3504 αὑτοῦ
1502 3451 1693 3519 ,λέγων
1713 3466 1725 3480 ⁸
1760 3451 1883 3514 Πᾶς
1916 3455 1948 3505 ό

371 3533 701 3601 ἁπτόμενος
734 3533 839 3586 τοῦ
866 3533 1176 3601 ἀνθρώπου
1204 3534 1439 3596 τούτου,
1462 3533 1500 3599 ἣ
1528 3532 1630 3599 τῆς
1666 3532 1947 3603 γυναικὸς

369 3616 575 3680 αὐτοῦ,
605 3616 860 3670 θανάτου
901 3616 1113 3684 ἔνοχος
1135 3616 1322 3669 ἔσται.
1344 3615 1484 3687 Ὅρα
1516 3617 1648 3668 Θεοῦ
1672 3617 1943 3687 πρόνοιαν,

371 3697 471 3766 ὅρα
509 3698 831 3767 κηδεμονίαν
862 3700 1088 3765 ἄφατον.
1142 3699 1201 3749 '0
1246 3698 1353 3767 7&9
1398 3698 1563 3749 εἰπὼν
1614 3697 1796 3767 αὐτῷ’
1848 3698 1944 3765 Μὴ

371 3778 633 3843 καταϐᾔς
649 3782 737 3845 εἰς
760 3780 1202 3848 Αἴγυπτον,καί
1229 3780 1491 3831 κατοίκει
1518 3780 1587 3831 ἐν
1604 3778 1677 3845 τῇ
1708 3778 1785 3847 γῆ
1808 3781 1946 3832 ταύ-

370 3879 466 3928 τῃ,
502 3863 599 3914 καὶ
628 3863 834 3930 ἔσομαι
878 3863 1025 3929 μετὰ
1051 3862 1167 3914 σοῦ
1188 3879 1201 3891 ·
1237 3858 1388 3923 οὗτος
1414 3858 1480 3931 ῆν
1514 3864 1543 3914 6
1580 3862 1751 3914 ταῦτα
1775 3863 1946 3914 πάντα

369 3941 688 4011 οἰκονομῶν,
722 3944 814 3994 καὶ
837 3944 924 3994 τὸν
952 3943 1155 3994 δίκαιον
1178 3944 1234 3993 ἐν
1261 3943 1494 4014 τοσαύτῃ
1523 3943 1790 4013 ἀσφαλείᾳ
1819 3944 1946 3995 καθ⁹

371 4025 543 4086 ιστάς.
564 4024 761 4077 Σκόπει
782 4022 890 4095 γὰρ
908 4024 996 4078 τὸν
1022 4024 1241 4094 βασιλέα
1259 4025 1414 4096 ἔργον
1436 4024 1593 4078 τοῦτο
1607 4024 1942 4095 ποιούμενον,

369 4106 509 4159 ὥστε
535 4107 592 4160 ἐν
622 4107 775 4176 ἀδείᾳ
810 4107 1013 4174 διάγειν
1044 4108 1226 4171 αὐτον,
1258 4109 1352 4161 καὶ
1392 4110 1570 4179 πάσης
1605 4109 1944 4178 ἀπηλλάχθαι

369 4189 667 4256 φροντίδος.
696 4188 933 4241 Θάνατον
957 4188 1086 4259 γὰρ,
1119 4191 1303 4260 φησὶν,
1326 4191 1618 4260 ἠπείλησεν
1645 4191 1865 4258 ἅπασιν,
1895 4193 1947 4245 εί

368 4288 451 4334 τις
480 4271 675 4340 ἅψαιτο
704 4270 889 4335 αὑτοῦ,
923 4272 954 4341 ἢ
979 4275 1075 4341 τῆς
1106 4275 1357 4340 γυναικὸς
1390 4274 1570 4326 αὑτοῦ.
1592 4273 1805 4344 Ἐπειδὴ
1836 4274 1943 4343 γάρ

367 4348 519 4415 οὗτος
550 4349 617 4423 ἦν
647 4354 675 4405 6
701 4353 882 4419 φόϐος,
908 4357 937 4407 6
957 4354 1050 4407 τοῦ
1075 4354 1305 4409 θανάτου
1332 4354 1827 4431 λέγωνκατασείων
1848 4356 1941 4408 τοῦ

368 4437 575 4488 δικαίου
600 4438 699 4505 τὴν
726 4437 979 4499 διάνοιαν,
998 4437 1084 4490 διὰ
1105 4430 1261 4489 τοῦτο
1288 4439 1383 4491 καὶ
1402 4430 1585 4490 τοῦτον
1614 4437 1942 4507 ἐκϐληθῆναι

368 4519 666 4587 πεποίηκεν
716 4519 746 4569 6
780 4518 1156 4588 φιλάνθρωπος
1198 4520 1491 4587 Δεσπότης,
1548 4521 1641 4572 καὶ
1688 4522 1745 4572 ὲν
1794 4522 1943 4591 πάσῃ

368 4600 635 4669 ἀσφαλείᾳ
662 4600 820 4652 αὑτὸν
848 4600 1030 4653 λοιπὸν
1061 4600 1287 4666 διάγειν.
1310 4601 1417 4653 Καὶ
1436 4601 1537 4670 ὅρα
1559 4602 1619 4653 τὸ
1635 4594 1942 4672 θαῦμαστὺν

368 4682 462 4735 καὶ
474 4681 786 4752 παράδοξον,
806 4682 922 4744 πῶς
937 4683 1237 4752 εὐμήχανος
1261 4683 1335 4735 ὢν
1360 4683 1451 4735 καὶ
1475 4685 1634 4751 σοφὸς
1656 4686 1747 4737 καί⁷
1767 4687 1940 4740 πάντα

367 4764 508 4817 κατά
541 4765 602 4816 τὸ
641 4764 885 4835 βούλημα
927 4765 986 4817 τὸ
1030 4768 1226 4818 οἰκεῖον
1257 4766 1699 4834 μετασκευάξων.
1744 4771 1837 4822 καὶ
1884 4771 1942 4824 ἐν

365 4847 590 4917 ἀπόροις
622 4847 786 4918 πόρον
816 4848 1101 4916 εὑρίσκων,
1120 4847 1206 4898 διὰ
1227 4847 1334 4900 τῶν
1363 4848 1616 4901 ἐναντίων
1645 4849 1823 4902 αύτῶν
1848 4851 1943 4904 καὶ

366 4929 635 4999 πολεμίων
661 4926 797 4983 εἶναι
826 4930 1162 5000 νομίζεσθαι.
1190 4930 1278 4983 διὰ
1293 4930 1495 4983 τούτων
1521 4933 1619 5002 τὴν
1646 4933 1942 5002 ἀσφάλειαν

364 5015 477 5074 τοῖς
514 5010 660 5073 ἰδίοις
696 5011 991 5081 θεράπουσι
1025 5012 1275 5079 γενέσθαι
1310 5014 1577 5083 προξενεῖ.
1618 5015 1784 5068 Πόθεν
1810 5017 1938 5087 7&9,

365 5093 485 5146 εἰπέ
518 5110 625 5162 μοι,
656 5095 683 5146 6
706 5093 954 5162 βασιλεὺς
978 5089 1131 5156 οὗτος
1147 5096 1414 5165 τοσαύτην
1428 5095 1518 5147 τοῦ
1536 5095 1743 5150 δικαίου
1774 5101 1940 5151 ποιεῖ-

363 5193 453 5228 ται
475 5177 571 5246 τὴν
588 5175 863 5245 πρόνοιαν,
883 5178 1162 5245 μονονουχὶ
1184 5178 1571 5247 ἀνακηρύττων
1588 5180 1747 5232 αὑτὸν
1771 5182 1938 5235 ἀπασι

365 5261 475 5320 τοῖς
494 5257 591 5328 τὴν
611 5257 761 5309 πόλιν
782 5257 1010 5317 οἰκοῦσι,
1026 5259 1117 5311 καὶ
1142 5260 1411 5329 περιφανῆ
1432 5260 1644 5324 δεικνὺς
1666 5264 1762 5316 καὶ
1785 5281 1937 5334 περι-

367 5338 698 5393 σπούδαστον
729 5338 908 5408 αὑτῷ;
940 5339 1096 5391 Οὕτω
1123 5341 1216 5392 καὶ
1246 5343 1272 5393 ὀ
1304 5341 1770 5414 Ναϐουχοδονόσορ
1801 5346 1945 5414 μετάέ

365 5421 426 5474 τὸ
454 5421 628 5489 βαλεῖν
652 5423 732 5484 εἰς
760 5421 853 5491 τὴν
874 5422 1102 5491 κάμινον
1132 5425 1250 5485 τοὺς
1287 5422 1481 5487 παῖδας
1509 5426 1636 5488 τοὺς
1660 5429 1827 5496 τρεῖς,
1844 5429 1937 5479 καὶ

364 5503 452 5557 διὰ
482 5504 588 5556 τῶν
627 5505 964 5573 πραγμάτων
998 5504 1188 5573 μαθεῖν
1222 5506 1331 5557 τῶν
1356 5508 1490 5561 νέων
1517 5508 1624 5559 τῶν
1657 5508 1936 5578 αἰχμαλώ-

366 5602 475 5640 των
511 5586 609 5657 τὴν
640 5586 858 5656 ἀρετὴν,
892 5586 1011 5639 τότε
1058 5588 1447 5658 ἀνακηρύττειν
1479 5591 1672 5654 αὐτοὺς
1711 5590 1931 5661 ἤρξατο,

372 5673 459 5723 καὶ
512 5668 781 5739 πανταχοῦ
819 5668 903 5722 διὰ
936 5669 1033 5739 τῆς
1075 5671 1277 5734 οἰκείας
1325 5671 1566 5745 γλώττης
1620 5679 1934 5744 περιφανεῖς

1343 284 1412 339 IN
1450 284 1604 341 CAP.
1645 282 1815 338 XXVI
1875 282 2121 339 GE‘NES.
2154 284 2387 344 HOMIL.
2429 288 2538 345 LII.

3531 291 3640 348 456

2082 407 2360 477 καθιστᾷν.
2383 408 2550 462 Τοῦτο
2570 410 2678 480 γάρ
2707 412 2821 462 ἐστι
2843 410 3075 480 μάλιστα
3096 410 3196 479 τῆς
3223 409 3534 482 περιουσίας
3549 412 3652 480 τῆς

2078 488 2172 540 τοῦ
2204 489 2338 541 Θεοῦ
2372 491 2671 560 δυνάμεως,
2707 493 2834 543 ὃταν
2863 491 2949 544 διὰ
2978 492 3083 543 τῶν
3106 492 3315 562 ἐχθρῶν
3339 493 3651 563 ἀνακηρύτ-

2076 571 2262 623 τεσθαι
2292 573 2418 634 τοὺς
2441 574 2602 626 αὑτοῦ
2624 574 2841 637 δούλους
2869 574 3278 645 παρασκευάζῃ.
3314 575 3423 627 Καὶ
3455 576 3483 626 6
3515 574 3652 644 μετά

2079 651 2249 721 θυμοῦ
2282 653 2378 723 τὴν
2399 655 2624 724 κάμινον
2642 656 2853 725 ἐκείνην
2879 656 3172 724 ἐξαφθῆναι
3196 658 3442 725 ποιήσας,
3466 656 3650 727 ἐπειδὴ

2076 730 2242 796 εῐδεν,
2283 735 2364 786 ὅτι
2396 735 2482 787 διὰ
2534 737 2631 807 τὴν
2670 736 2875 790 ἀνωθεν
2907 738 3242 807 συμμαχίαν,
3294 739 3384 790 καὶ
3418 739 3518 806 τῆς
3559 739 3649 790 τοῦ

2077 816 2246 885 πυρὸς
2294 818 2574 887 ἐνεργείας
2622 821 2963 889 περιεγένετο
3002 822 3033 889 ή
3083 822 3190 872 τῶν
3219 820 3423 873 παίδων
3461 821 3647 892 ἁρετὴ,

2075 895 2272 966 ἀθρόον
2308 899 2770 969 μεταϐαλλόμενος
2795 901 3102 970 ὲκραύγασε
3124 902 3296 969 λέγων
3316 920 3330 932 ·
3358 906 3423 955 οι
3442 902 3649 956 δοῦλοι

2073 979 2181 1033 τοῦ
2213 980 2361 1034 Θεοῦ
2385 981 2491 1034 τοῦ
2516 984 2804 1048 ὑψίστου.
2842 984 2982 1052 Ὀρα
3013 984 3085 1052 μὴ
3117 985 3273 1053 μόνον
3297 985 3493 1046 αὐτοὺς
3522 985 3649 1038 ἀνα-

2073 1078 2143 1132 κη
2153 1061 2430 1131 ρύττοντα,
2449 1063 2582 1116 ἀλλὰ
2609 1067 2700 1117 καὶ
2716 1066 2808 1117 τὸν
2830 1066 3104 1135 Δεσπότην
3119 1067 3225 1121 τῶν
3241 1068 3375 1120 ὅλων
3392 1086 3404 1099 ·
3435 1070 3498 1120 Ol
3512 1067 3649 1120 δοῦ-

2070 1146 2168 1196 λοι
2196 1145 2303 1215 γὰρ
2332 1145 2436 1198 τοῦ
2470 1146 2637 1209 Θεοῦ,
2658 1146 2811 1216 φησὶ,
2837 1146 2944 1200 τοῦ
2964 1149 3250 1214 ὑψίστου,
3274 1149 3561 1213 ἐξέλθετε.
3583 1149 3647 1199 Τί

2071 1225 2329 1293 γέγονεν;
2373 1228 2435 1279 οὑ
2468 1230 2531 1282 σὺ
2566 1231 2630 1298 τῇ
2674 1229 2913 1299 τιμωρίᾳ
2944 1230 3299 1299 παρέδωκας;
3348 1233 3407 1283 οὐ
3455 1232 3518 1284 σὺ
3554 1232 3648 1283 ἐπὶ

2069 1307 2322 1361 τοσοῦτον
2348 1310 2680 1379 ἐκκαυθῆναι
2712 1311 2810 1381 τὴν
2842 1314 3070 1381 κάμινον
3109 1314 3473 1382 προσέταξας;
3514 1314 3642 1376 Ναὶ,

2070 1392 2233 1461 φησίν
2257 1408 2270 1422 ·
2307 1392 2442 1444 ἀλλὰ
2468 1393 2559 1445 νῦν
2588 1395 2699 1464 όρῶ
2727 1394 2851 1459 ξένα
2887 1397 2980 1448 καὶ
3017 1396 3292 1465 παράδοξα
3326 1396 3643 1465 πράγματα.

2068 1474 2142 1526 Τὸ
2168 1473 2276 1545 γὰρ
2308 1480 2566 1545 στοιχεῖον
2594 1477 2749 1530 τοῦτο
2776 1478 2873 1547 τῆς
2915 1479 3120 1542 οἰκείας
3147 1480 3425 1548 ἐνεργείας
3460 1478 3648 1532 ἐπιλαα

2069 1554 2312 1626 θόμενον,
2352 1557 2539 1629 ὥσπερ
2578 1559 2796 1630 δεσμοῖς
2834 1578 2941 1612 τισι
2973 1560 3199 1631 πεδηθὲν
3218 1602 3231 1624 ,
3260 1561 3523 1629 τοσαύτην
3551 1564 3647 1613 ἐπ-

2067 1638 2303 1702 εδείξατο
2319 1639 2417 1709 τὴν
2439 1642 2702 1712 ὑπακοὴν,
2731 1642 2808 1703 ώς
2830 1642 2963 1711 μηδὲ
2984 1642 3090 1695 τῶν
3120 1644 3320 1713 τριχῶν
3340 1642 3645 1712 ἐφάψασθαι

2067 1720 2263 1774 αὐτῶν.
2300 1723 2459 1774 Ὅθεν
2485 1724 2601 1776 ἔστι
2626 1725 2873 1784 συνιδεῖν,
2898 1727 2979 1778 ὃτι
3008 1726 3147 1795 ὑπὲρ
3180 1726 3524 1797 ἀνθρωπίνην
3547 1727 3647 1793 φύ-

2067 1820 2153 1855 σιν
2178 1804 2294 1856 ἐστὶ
2327 1804 2386 1857 τὸ
2412 1806 2657 1872 γεγονὸς.
2686 1808 2780 1860 καὶ
2799 1800 3105 1879 ἀπόρρητός
3134 1826 3217 1871 τις
3241 1811 3335 1862 καὶ
3360 1809 3477 1861 θεία
3497 1810 3646 1861 δύνα-

2070 1885 2161 1953 μίς
2185 1886 2330 1937 ἐστιν
2355 1888 2387 1955 ή
2417 1887 2592 1940 ταῦτα
2622 1889 2983 1959 ἐργαζομένη,
3017 1890 3111 1943 καὶ
3140 1890 3248 1943 τῶν
3283 1891 3485 1943 παίδων
3520 1892 3647 1943 τού-

2064 1982 2172 2017 των
2208 1967 2475 2037 τοσαύτην
2518 1970 2812 2040 ποιουμένη
2868 1972 2967 2041 τνὴν
3008 1972 3285 2041 πρόνοιαν.
3315 1967 3469 2035 Εἶδες
3510 1971 3643 2025 Θεοῦ

2066 2046 2257 2113 φιλανθ
2267 2050 2497 2118 ρωπίαν,
2525 2050 2672 2112 ὅπως
2689 2052 2789 2104 οὑκ
2814 2053 3305 2122 ἐγκαταλιμπάνων
3322 2054 3447 2116 τοὺς
3484 2054 3644 2118 ἰδίους

2066 2128 2403 2199 θεράποντας
2437 2133 2811 2204 συνεχώρησεν
2846 2136 2928 2197 εἰς
2955 2135 3051 2204 τὴν
3082 2137 3310 2205 κάμινον
3336 2136 3646 2206 εἰσενεχθῆ-

2065 2228 2175 2273 ναι,
2204 2213 2339 2267 ἀλλά
2361 2216 2455 2267 καί
2482 2217 2677 2278 αὐτοὺς
2706 2217 3026 2287 βουλόμενος
3051 2219 3456 2290 λαμπροτέρους
3488 2221 3644 2291 ἐργά-

2066 2293 2283 2356 σασθαι,
2322 2297 2416 2348 καὶ
2454 2298 2556 2365 τὴν
2599 2299 2804 2351 οἰκείαν
2830 2300 3058 2370 δύναμιν
3085 2301 3515 2371 ἐνδεικνύμενος,
3547 2303 3642 2354 καὶ

2062 2374 2154 2427 τοῦ
2185 2376 2458 2449 βαρϐάρου
2490 2380 2830 2448 κατεμάλαξε
2867 2383 2964 2452 τὴν
2995 2384 3251 2446 διάνοιαν,
3274 2385 3367 2436 καὶ
3393 2383 3491 2454 τὴν
3516 2400 3641 2436 τοσ-

2061 2457 2229 2527 αύτην
2268 2460 2648 2531 μακροθυμίαν
2688 2465 3029 2531 ἐπεδείξατο;
3060 2466 3195 2518 Οὑδὲ
3224 2465 3332 2536 7&9
3356 2466 3496 2519 οὕτω
3521 2465 3643 2518 θαυ-

2064 2543 2266 2611 μαστὸν
2298 2539 2384 2613 ἦν,
2423 2546 2471 2597 εἰ
2503 2546 2655 2614 παρά
2686 2547 2785 2617 τὴν
2822 2548 2997 2617 ἀρχὴν
3035 2548 3305 2600 ἐκώλυσεν
3339 2549 3533 2611 αὑτοὺς
3561 2551 3641 2612 εἰς

2059 2625 2158 2696 τὴν
2190 2627 2418 2696 κάμινον
2445 2628 2802 2698 ἐμϐληθῆναι,
2832 2632 2909 2690 ὡς
2940 2630 3036 2685 νῦν
3083 2631 3522 2702 θαυμαστότερον
3548 2633 3639 2700 γέ-

2059 2726 2205 2777 γονε,
2223 2712 2316 2762 καὶ
2328 2710 2461 2763 πολὺ
2488 2712 2547 2763 τὸ
2574 2713 2892 2782 παράδοξον,
2921 2714 3002 2766 ὅτι
3036 2716 3129 2767 καὶ
3151 2718 3208 2766 ἐν
3238 2715 3386 2784 μέσῳ
3403 2714 3481 2784 τῷ
3507 2716 3639 2784 πυρί

2059 2793 2421 2860 τυγχάνοντας
2449 2794 2600 2846 οὐδὲν
2632 2796 2798 2865 ἀηδὲς
2832 2796 3022 2849 παθεῖν
3052 2797 3446 2867 συνεχώρησεν.
3472 2799 3639 2849 Ὅταν

2059 2874 2167 2943 7&9
2192 2875 2359 2936 αὐτὸς
2388 2875 2663 2945 βούληται,
2690 2878 2783 2929 καὶ
2810 2879 2936 2941 τοὺς
2964 2880 3022 2931 ἐν
3045 2879 3241 2947 ,μέσοις
3263 2879 3459 2942 δεινοῖς
3479 2878 3633 2950 [505]

2058 2956 2459 3025 γεγενημένους
2481 2958 2784 3027 άνωτέρους
2812 2958 3120 3030 καθίστησι,
3148 2963 3241 3013 καὶ
3262 2962 3385 3023 τοὺς
3413 2964 3638 3030 πάσχον-

2057 3055 2157 3101 τας
2186 3040 2293 3091 τῶν
2315 3039 2609 3093 ποιούντων
2633 3040 3032 3109 δυνατωτέρους
3058 3043 3449 3112 ἀπεργάζεται.
3468 3044 3638 3097 Τοῦτο

2059 3122 2153 3175 καὶ
2178 3122 2269 3176 ἐπὶ
2300 3121 2407 3174 τῶν
2436 3123 2747 3176 ἀποστόλων
2771 3124 3006 3191 ἐγένετο.
3060 3129 3123 3179 Οἰ
3157 3127 3369 3197 ἔχοντες
3409 3128 3517 3197 γὰρ
3540 3129 3635 3180 αὑ-

2057 3204 2182 3265 τοὺς
2209 3204 2648 3274 ἀπειλημμένους
2679 3208 2736 3260 ἐν
2761 3206 2839 3276 τῷ
2873 3208 3042 3277 μέσῳ,
3080 3210 3174 3262 καὶ
3204 3211 3487 3279 μονονουχὶ
3509 3211 3636 3273 τοὺς

2055 3284 2273 3348 ὀδόντας
2300 3286 2559 3355 θήγοντες
2586 3291 2705 3340 κατ’
2735 3290 2935 3352 αὑτῶν,
2960 3292 3094 3360 πρὸς
3119 3291 3381 3363 ἀλλήλους
3418 3294 3631 3362 ελεγονο

2061 3369 2121 3421 Τι’
2149 3368 2483 3438 ποιήσομεν
2506 3370 2629 3436 τοῖς
2644 3372 2975 3438 ἀνθίώποις
2995 3376 3262 3441 τούτοις;
3291 3377 3635 3447 ὑποχειρίους

2054 3454 2250 3516 αὑτοὺς
2271 3454 2506 3523 ἔχοντες,
2536 3456 2595 3507 ἐν
2622 3456 2830 3527 ἀπορίᾳ
2862 3457 3333 3528 καθειστήκεισαν.
3369 3459 3633 3515 Τοσοῦτόν

2054 3537 2245 3605 ἐστινὴ
2274 3535 2440 3606 ἀρετὴ
2460 3537 2694 3605 ἰσχυρὸν,
2716 3539 2811 3590 καὶ
2836 3538 3008 3603 οὕτως
3029 3543 3062 3610 ή
3098 3542 3267 3595 κακία
3296 3541 3534 3608 ἀσθενὲς,
3556 3542 3633 3605 ὡς

2053 3618 2264 3685 ἐκείνην
2285 3619 2380 3687 μὲν
2398 3621 2489 3671 καὶ
2506 3623 2562 3672 ἐν
2586 3619 2664 3689 τῷ
2685 3622 2915 3691 πάσχειν
2930 3616 3319 3693 περιγίνεσθαι,
3337 3626 3540 3696 ταύτην
3572 3627 3632 3679 δὲ

2051 3705 2144 3759 καὶ
2168 3705 2224 3755 ἐν
2256 3704 2333 3772 τῷ
2362 3708 2536 3756 ποιεῖν
2555 3705 2652 3775 τὴν
2669 3708 2873 3762 οἰκείαν
2899 3709 3182 3763 ἀσθένειαν
3204 3711 3628 3767 ἐπιδείκνυσθαι.

2117 3784 2294 3853 Ὅπερ
2362 3784 2563 3846 εἰδότες
2596 3824 2609 3849 ,
2666 3788 2969 3857 ἀγαπητοὶ,
3029 3791 3195 3844 πολὺν
3266 3793 3362 3860 τῆς
3429 3792 3628 3864 ἀρετῆς

2052 3864 2333 3932 ποιώμεθα
2376 3866 2553 3932 λόγον,
2598 3867 2690 3919 καὶ
2712 3868 3006 3938 φεύγωμεν
3060 3871 3159 3941 τὴν
3209 3873 3427 3926 κακίαν.
3473 3875 3629 3927 Οὕτω

2051 3945 2159 4014 γὰρ
2188 3947 2282 3997 καὶ
2314 3948 2412 4016 τὴν
2455 3946 2662 4000 ἀνωθεν
2699 3951 3116 4022 ἐπισπασόμεθα
3154 3956 3345 4025 ῥοπὴν,
3382 3956 3478 4008 καὶ
3519 3956 3628 4009 τῶν

2055 4027 2352 4098 μελλόντων
2378 4029 2770 4101 ἐπιτευξόμεθα
2798 4032 3019 4101 ἀγαθῶν
3038 4052 3055 4075 -’
3084 4029 3158 4088 ὧν
3186 4037 3395 4103 γένοιτο
3422 4037 3629 4101 πάντας

2049 4114 2197 4181 ἡμᾶς
2226 4114 2520 4180 ἐπιτυχεῖν,
2557 4113 2740 4181 χάριτι
2768 4117 2863 4168 καὶ
2891 4117 3268 4189 φιλανθρωπίᾳ
3302 4119 3396 4172 τοῦ
3417 4121 3624 4191 Κυρίου

2050 4195 2205 4265 ήμῶν
2221 4194 2392 4264 Ἰησοῦ
2418 4193 2669 4265 Χριστοῦ,
2702 4196 2819 4266 μεθ’
2845 4191 2907 4251 οῦ
2935 4199 3013 4269 τῷ
3037 4202 3229 4272 Πατρί,
3254 4202 3369 4271 ἄμα
3390 4203 3467 4273 τῷ
3486 4204 3626 4275 ἁγίῳ

2050 4276 2345 4346 Πνεύματι,
2392 4278 2535 4341 δόξα,
2572 4278 2792 4347 κράτος,
2832 4280 2985 4351 τιμὴ.
3016 4282 3111 4336 νῦν
3155 4285 3245 4337 καὶ
3288 4285 3395 4348 ἀεὶ,
3423 4286 3516 4339 καὶ
3544 4287 3625 4350 εἰς

2035 4359 2172 4421 τοὺς
2210 4358 2410 4422 αἰῶνας
2435 4359 2543 4413 τῶν
2573 4360 2804 4415 αἰώνων.
2855 4363 3046 4433 Ἀμήν.

2637 4464 2879 4518 ΟΜΙΛΙΑ
2910 4468 3037 4522 NB’.

2053 4585 2335 4651 Ἕσπειρε
2380 4582 2448 4636 δὲ
2499 4587 2704 4644 Ἰσαὰκ
2743 4590 2813 4643 ἐν
2845 4590 2920 4660 τῇ
2960 4593 3039 4661 γῇ
3075 4595 3295 4663 ἐκείνῃ,
3324 4598 3420 4651 καί
3446 4594 3623 4666 εὗρεν

2077 4666 2603 4721 ἐκατοστεύουσαν
2624 4671 2837 4739 κριθὴν
2864 4675 2935 4729 ἐν
2968 4674 3048 4739 τῷ
3079 4677 3330 4742 ἐνιαυτῷ
3356 4680 3581 4747 ἐκείνῳ.

2117 4755 2185 4801 α’.
2217 4750 2297 4802 Τά
2328 4748 2554 4819 λείψανα
2577 4751 2685 4804 τῶν
2707 4752 2834 4822 χθὲς
2853 4756 3155 4826 εἰρημένων
3171 4760 3465 4828 ἀναγκαῖον
3485 4763 3621 4817 ἀπο-

2046 4832 2226 4917 δοῦναι
2251 4834 2503 4917 *σήμερον
2527 4837 2593 4904 τῇ
2619 4835 2857 4907 ὑμετέρᾳ
2886 4839 3095 4912 ἀγάπῃ,
3126 4844 3218 4896 καὶ
3244 4843 3338 4897 τοῦ
3355 4844 3511 4912 λόγου
3523 4846 3620 4917 τὴν

2046 4914 2364 4968 ἀκολουθίαν
2386 4915 2751 4979 ἀναλαϐόντας
2770 4918 2896 4972 ἰδεῖν
2912 4921 3071 4976 πάλιν
3081 4924 3171 4977 τὸν
3185 4924 3391 4981 δίκαιον
3414 4914 3617 4991 Ἰσαὰκ.

2039 4997 2174 5069 ὅσης
2211 4996 2471 5049 ἀπολαύει
2502 4998 2601 5067 τῆς
2658 5000 2865 5053 ἄνωθεν
2898 5003 3242 5074 κηδεμονίας.
3293 5008 3350 5061 '0
3380 5008 3488 5078 7&9
3517 5010 3617 5079 τὴν

2046 5081 2125 5142 εἰς
2139 5080 2409 5146 Αἴγυπτον
2434 5079 2657 5134 κάθοδον
2688 5083 2852 5137 αὑτοῦ
2878 5085 3217 5152 διακωλύσας
3236 5128 3249 5151 ,
3283 5092 3377 5143 καὶ
3407 5091 3577 5147 εἰπὼν
3596 5133 3613 5157 ,

2044 5162 2319 5228 Παροίκει
2347 5161 2416 5214 ἐν
2446 5161 2519 5229 τῇ
2547 5161 2622 5232 γῇ
2652 5166 2837 5233 ταύτῃ
2860 5207 2874 5229 ,
2908 5168 3006 5223 καὶ
3039 5168 3253 5239 ἔσομαι
3282 5176 3431 5241 μετά
3459 5174 3575 5227 σοῦ
3594 5218 3609 5240 ,

2044 5243 2214 5306 οὕτως
2256 5243 2416 5295 αὑτὸν
2458 5245 2544 5297 διὰ
2585 5246 2800 5301 πάντων
2847 5253 3117 5323 περιφανῆ
3149 5255 3499 5324 καθίστησιν,
3538 5256 3613 5319 ὠς

2048 5328 2161 5395 μετ’
2211 5327 2271 5377 ού
2335 5326 2468 5378 πολὺ
2518 5328 2802 5396 ἐπίφθονον
2857 5333 3017 5386 αὑτὸν
3066 5335 3317 5401 γενέσθαι
3362 5337 3613 5407 παράτῷ

2051 5406 2265 5476 βασιλεῖ
2298 5409 2572 5479 Γεράρων.
2615 5410 2877 5481 Ὀρῶντες
2900 5414 3009 5484 γὰρ
3038 5416 3199 5468 αὑτοῦ
3228 5417 3350 5469 καθ’
3377 5406 3613 5489 ἑκάστην

2042 5490 2255 5561 ἡμέραν
2290 5491 2655 5563 αὐξανομένην
2681 5496 2779 5565 τὴν
2804 5497 3085 5566 εὐπορίαν,
3116 5498 3471 5554 ἐδεδοίκεισαν
3503 5500 3613 5553 λοι-

2043 5574 2143 5624 πον
2164 5572 2255 5625 τοῦ
2288 5574 2477 5644 ἀνδρὸς
2514 5576 2606 5647 τὴν
2649 5578 2835 5631 αὐτόθι
2863 5580 3179 5649 κατοίκησιν
3200 5620 3213 5643 ,
3251 5584 3342 5635 καὶ
3379 5601 3611 5654 μετανα-

2046 5659 2232 5728 στῆναι
2261 5658 2467 5711 ἐκεῖθεν
2495 5662 3008 5728 καταναγκάζουσιν.
3031 5663 3211 5727 ’Λξιον
3239 5666 3292 5717 δὲ
3321 5670 3409 5720 καὶ
3434 5670 3609 5721 αὐτῶν
