4150 6276
512 317 622 376 457

507 427 743 482 ἀκοῦσαι
787 427 899 481 τῶν
952 429 1209 501 ῥημάτων
1249 431 1350 498 τῆς
1399 430 1546 492 θείας
1594 427 1836 498 Γραφῆς,
1869 423 1957 476 ἴνα
2000 420 2089 473 διὰ

509 512 728 564 πάντων
768 510 1089 580 θεασώμεθα
1119 512 1212 564 τοῦ
1256 512 1392 565 Θεοῦ
1437 514 1538 582 τὴν
1588 512 1822 572 εὔνοιαν,
1850 507 1916 576 ἥν
1960 503 2090 574 περὶ

515 597 638 656 τοὺς
667 595 833 648 αὐτοῦ
860 595 1075 656 οἰκέτας
1108 594 1492 648 ἐπιδείκνυται.
1533 597 1818 657 Ἕσπειρε
1841 590 1910 643 δὲ
1935 628 1950 650 ,
1983 605 2089 655 φη-

518 676 623 740 σὶν,
651 677 859 730 Ἰσαὰκ
879 677 949 727 ἐν
968 673 1043 742 τῇ
1058 675 1135 742 γῇ
1160 677 1388 743 ἐκείνῃ.
1420 676 1517 730 καὶ
1544 671 1723 742 εὗρεν
1734 670 2090 726 ἐκατοστεύ-

515 774 713 810 ουσαν
741 758 952 826 κριθὴν
978 758 1048 810 ἐν
1081 758 1162 822 τῷ
1192 757 1446 822 ἐνιαυτῷ
1497 759 1725 820 ἐκείνῳ.
1772 755 1970 808 Σκόπει
2003 769 2093 822 μοι

514 836 607 890 τοῦ
636 837 766 890 Θεοῦ
795 839 892 907 τήν
921 839 1112 906 σοφίαν
1130 856 1142 868 ·
1178 839 1264 892 ἵνα
1298 840 1444 910 δείξῃ
1478 838 1556 908 τῷ
1582 839 1776 907 δικαίῳ
1820 837 1903 889 ὅτι
1929 836 2092 905 δημι-

516 919 709 990 ουργὸς
739 919 814 973 ῶν
842 919 944 988 τῆς
983 921 1218 988 φύσεως,
1250 922 1344 974 καὶ
1387 921 1446 986 ἐξ
1477 922 1695 991 ἀπόρων
1721 922 1887 989 πόρον
1918 934 2095 986 παρα-

519 1004 665 1070 σχεῖν
694 1000 936 1064 δύναται,
969 1004 1061 1055 καὶ
1083 1003 1162 1055 ὅτι
1189 1005 1284 1057 καὶ
1310 1003 1370 1068 ἐξ
1387 1004 1561 1074 ἀρχῆς
1583 1003 1744 1066 αὐτὸς
1768 1002 1865 1072 τὴν
1893 1001 1996 1069 γῆν
2019 998 2097 1069 τῷ

517 1083 701 1153 οἰκείῳ
733 1085 1116 1153 προστάγματι
1150 1086 1391 1156 διήγειρε
1426 1088 1562 1157 πρὸς
1599 1084 1697 1155 τὴν
1734 1085 1842 1136 τῶν
1867 1082 2097 1154 καρπῶν

519 1166 774 1235 βλάστην,
789 1167 1244 1236 παρασκευάσαςελι
1259 1169 1346 1220 τὸν
1356 1169 1560 1221 δίκαιον
1573 1165 2098 1222 ἑκατονταπλασίονα

516 1246 626 1300 τῶν
657 1248 750 1300 ὑπ’
796 1248 960 1301 αὐτοῦ
995 1249 1311 1320 σπαρέντων
1339 1251 1431 1302 ἐπὶ
1456 1251 1556 1320 τῆς
1587 1250 1690 1318 γῆς
1713 1251 1738 1288 b
1772 1247 2098 1319 κομίσασθαι

517 1329 587 1382 τὰ
627 1329 936 1400 δράγματα,
988 1331 1124 1401 ὁμοῦ
1160 1333 1254 1384 καὶ
1301 1333 1464 1386 αὐτὸν
1509 1335 1566 1384 ἐν
1606 1331 1811 1384 πλείονι
1840 1330 2101 1392 καθιστὰς

519 1413 773 1482 εὐπορίᾳ,
796 1412 874 1483 τῷ
897 1414 1124 1483 μηδενὸς
1150 1416 1208 1467 ἐν
1228 1416 1388 1486 χρείᾳ
1413 1415 1686 1483 γενέσθαι,
1712 1415 1997 1477 κάκείνους
2012 1413 2100 1467 διὰ

518 1496 629 1548 τῶν
671 1495 848 1565 ἔργων
883 1496 1168 1560 διδάσκων,
1208 1498 1339 1567 ὅσης
1387 1500 1416 1552 0
1459 1499 1664 1561 δίκαιος
1701 1497 1960 1551 ἀπολαύει
2004 1497 2102 1565 τῆς

522 1577 726 1632 ἀνωθεν
753 1579 945 1648 ῥοπῆς.
981 1579 1052 1632 Εὐ
1061 1582 1300 1651 μήχανος
1318 1582 1427 1652 γάρ
1447 1582 1521 1635 ὢν
1551 1583 1644 1636 καὶ
1674 1581 1854 1650 σοφὸς,
1883 1581 1972 1633 διά
1995 1580 2101 1632 τῶν

523 1660 703 1716 αὐτῶν
731 1661 988 1724 πολλάκις
1021 1663 1359 1733 πραγμάτων
1415 1666 1658 1731 καὶτοὺς
1688 1663 1918 1725 οἰκείους
1947 1663 2103 1732 εὐερ-

523 1747 692 1812 γετεῖ,
721 1745 959 1807 καὶτοὺς
987 1743 1068 1798 ἔτι
1095 1745 1541 1816 πεπλανημένους
1555 1743 1897 1799 διδάσκεσθαι
1928 1761 2105 1815 παρα-

525 1827 778 1891 σκευάζει
793 1827 890 1896 τῆς
905 1827 1110 1889 οἰκείας
1131 1828 1385 1896 προνοίας
1403 1829 1502 1899 τὴν
1517 1827 1919 1900 δύναμινῌὶθϐ]
1935 1828 2104 1881 Τοῦτο

525 1911 620 1962 καὶ
650 1909 787 1979 μετά
818 1908 990 1961 ταῦτα
1017 1909 1159 1962 κατὰ
1189 1910 1288 1980 τὴν
1317 1911 1592 1978 Αἴγυπτον
1619 1911 1933 1980 εἰργάσατο,
1961 1911 2104 1962 ἐκείο

522 2009 634 2054 νοις
681 1991 780 2061 μὲν
827 1991 924 2053 τὰς
965 1992 1237 2063 τιμωρίας
1260 1993 1590 2061 ἐπαγαγὼν,
1625 1994 1718 2046 τὸν
1747 1993 1804 2046 δέ
1833 1991 1961 2046 λαὸν
1996 1991 2105 2044 τῶν

536 2073 882 2145 Ἰσραηλιτῶν
907 2074 1089 2144 ἀπαθῆ
1121 2076 1514 2145 διαφυλάττων.
1555 2077 1884 2146 Ἐμάνθανον
1913 2075 2021 2145 γὰρ
2041 2075 2104 2127 οὐ

527 2157 688 2224 μόνον
731 2156 820 2211 διὰ
856 2157 956 2226 τῆς
994 2158 1115 2210 κατ’
1155 2158 1334 2211 αὐτῶν
1389 2159 1812 2230 ἀγανακτήσεως
1861 2157 1956 2210 τοῦ
1996 2157 2106 2209 τῶν

523 2238 658 2292 ὅλων
680 2238 815 2292 Θεοῦ
851 2240 944 2292 καὶ
974 2240 1306 2311 δημιουργοῦ
1334 2241 1431 2311 τὴν
1453 2241 1702 2310 δύναμιν,
1732 2240 1868 2293 ἀλλά
1893 2241 1985 2292 καὶ
2021 2238 2108 2292 διὰ

522 2321 621 2391 τῆς
649 2321 902 2390 προνοίας
927 2322 1025 2391 τῆς
1043 2324 1122 2385 εἰς
1149 2323 1410 2386 ἐκείνους.
1442 2325 1553 2377 Καὶ
1573 2317 1720 2376 οὗτοι
1746 2322 1906 2376 πάλιν
1925 2322 2026 2374 οὐκ
2041 2322 2107 2374 ἐκ

522 2404 624 2472 τῆς
653 2405 733 2466 εἰς
763 2405 959 2466 αὐτοὺς
983 2405 1239 2474 προνοίας
1271 2405 1365 2458 καὶ
1394 2405 1720 2475 κηδεμονίας
1745 2405 1903 2476 μόνον
1931 2404 2107 2456 ἐδιδάο

530 2502 720 2537 σκοντο
744 2485 838 2537 τοῦ
855 2485 992 2538 Θεοῦ
1019 2488 1118 2556 τὴν
1147 2487 1589 2554 ὑπερϐάλλουσαν
1610 2489 1738 2556 περί
1761 2487 1957 2548 αὐτοὺς
1983 2485 2105 2556 φιλ-

529 2567 862 2637 ανθρωπίαν,
897 2567 1032 2620 ἀλλά
1055 2569 1149 2620 καὶ
1173 2569 1240 2621 δι’
1263 2562 1338 2623 ὧν
1360 2569 1598 2632 ἐκείνους
1627 2569 1813 2643 ἐώρων
1839 2569 1956 2622 καθ’
1981 2568 2107 2622 ἐκά·

532 2668 664 2720 στην
694 2651 908 2721 ἡμέραν
949 2651 1048 2703 τάς
1085 2651 1299 2720 πληγὰς
1335 2651 1673 2722 δεχομένους.
1713 2653 1819 2705 Καὶ
1867 2652 1955 2706 διά
2000 2651 2108 2706 τῶν

531 2734 711 2788 αὐτῶν
739 2734 1081 2805 πραγμάτων
1104 2735 1197 2787 καὶ
1220 2737 1332 2798 τοῖς
1351 2735 1571 2797 οἰκείοις
1595 2737 1690 2788 καὶ
1714 2737 1827 2797 τοῖς
1849 2734 2110 2798 ἐναντίοις

532 2817 739 2870 ἐδείκνυ
755 2817 854 2886 τῆς
880 2815 1086 2879 οἰκείας
1108 2817 1390 2887 δυνάμεως
1402 2816 1499 2889 τὴν
1518 2817 1840 2888 ὑπερϐολήν.
1873 2817 1983 2870 Καὶ
2001 2817 2110 2887 γάρ

533 2900 672 2955 αὐτά
699 2901 768 2954 τά
799 2903 1033 2970 στοιχεῖα
1065 2901 1163 2971 τὴν
1195 2900 1326 2970 παρ’
1357 2900 1566 2955 ἑαυτῶν
1588 2901 1860 2955 διακονίαν
1888 2902 1982 2954 καὶ
2013 2901 2110 2971 τὴν

533 2985 776 3054 ὑπακοὴν
803 2984 1168 3038 ἐπιδείκνυται
1195 2985 1306 3046 τοῖς
1334 2983 1664 3053 ὁμοδούλοίς,
1707 2986 1836 3039 ὅταν
1857 2985 1886 3036 0
1907 2984 2112 3037 Δεσπό-

531 3085 632 3140 της
662 3067 921 3132 εὐνοϊκῶς
956 3068 1095 3138 πρὸς
1121 3067 1320 3131 αὐτοὺς
1342 3067 1625 3138 διακέηται
1655 3080 1703 3123 ο.
1736 3070 1846 3122 Καὶ
1865 3069 2023 3123 τοῦτο
2044 3069 2111 3124 ἀν

531 3169 617 3214 τις
647 3151 892 3205 θεάσοιτο
941 3150 1162 3219 γεγονὸς
1188 3151 1282 3203 ἐπὶ
1311 3148 1405 3203 τοῦ
1432 3150 1640 3204 δικαίου
1685 3152 1897 3206 τούτου.
1936 3153 2112 3224 Ὅπερ

533 3235 720 3291 ἄλλοτε
747 3235 780 3304 ή
812 3235 972 3302 φύσις
994 3233 1096 3302 τῆς
1124 3235 1228 3303 γῆς
1263 3233 1365 3286 οὐκ
1390 3233 1720 3300 ἐπεδείξατο,
1745 3235 1904 3289 τοῦτο
1933 3236 2021 3290 διὰ
2047 3237 2109 3290 τὸ

537 3318 866 3387 πρόσταγμα
887 3316 980 3368 τοῦ
1011 3316 1121 3367 τῶν
1145 3315 1282 3368 ὅλων
1301 3315 1437 3368 Θεοῦ
1473 3316 1570 3370 νῦν
1601 3317 1988 3382 ἐπιδείκνυται,
2019 3320 2113 3373 καὶ

536 3398 800 3467 τοσαύτην
823 3399 1023 3468 ήνεγκε
1049 3397 1148 3467 τὴν
1173 3396 1345 3466 φοράν
1363 3437 1379 3462 ,
1405 3397 1482 3460 ὡς
1513 3397 1707 3468 ἀθρόον
1740 3400 1798 3452 ἐν
1828 3400 2114 3472 περιουσία

538 3481 706 3551 πολλῇ
741 3480 1076 3550 καταστῆναι
1105 3479 1197 3532 τὸν
1227 3479 1430 3534 Ἰσαάκ.
1453 3480 1773 3548 Εὺλόγνησε
1798 3480 1905 3553 γάρ
1927 3483 2115 3536 αὑτὸν

539 3568 572 3618 ό
600 3565 764 3628 Θεὸς,
781 3563 878 3616 καὶ
899 3561 1112 3630 ὑψώθη
1133 3566 1166 3616 ό
1186 3561 1513 3630 ἅνθρωπος,
1533 3563 1632 3617 καί
1653 3566 1988 3632 προϐαίνων
1997 3567 2116 3634 μεί-

539 3647 651 3708 ζων
677 3646 926 3715 ἐγίνετο,
941 3646 1052 3710 ἕως
1071 3641 1144 3702 οὗ
1159 3644 1349 3715 μέγας
1367 3645 1604 3713 ἐγένετο
1623 3647 1877 3716 σφόδρα.
1897 3647 2115 3721 Ἐπειδὴ

539 3729 648 3801 γάρ
665 3731 786 3784 τότε
821 3731 878 3784 ἐν
907 3729 1116 3792 τούτοις
1145 3725 1215 3800 ἦν
1235 3728 1304 3781 τά
1325 3731 1424 3800 τής
1452 3729 1712 3800 εὐπορίας
1733 3733 1844 3796 τοῖς
1865 3731 2114 3798 δικαίοις,

539 3814 598 3866 ἐν
615 3815 682 3884 τῇ
703 3813 800 3884 τῆς
821 3813 924 3882 γῆς
949 3811 1182 3883 εὐπορίᾳ
1207 3812 1300 3865 καί⁵
1323 3812 1382 3867 ἐν
1401 3811 1481 3882 τῷ
1500 3813 1608 3866 τῶν
1624 3813 1955 3884 θρεμμάτων
1980 3816 2117 3887 πλή-

541 3896 645 3960 θει,
677 3895 765 3949 διὰ
785 3895 941 3950 τοῦτό
963 3912 1149 3967 φησιν,
1173 3895 1527 3964 Εὐλότηονεν
1553 3897 1740 3951 αὐτὸν
1768 3900 1802 3951 o’
1819 3898 1983 3964 Θεὸς,
2017 3901 2116 3954 καί

538 3978 750 4048 ὑψώθη
782 3980 814 4032 ό
837 3979 1164 4046 ἄνθρωπος,
1192 3978 1313 4033 ἀντὶ
1335 3977 1454 4041 τοῦ,
1485 3978 1729 4051 Εὑπορος
1752 3982 1986 4049 ἐγένετο
2021 3984 2117 4037 καὶ

539 4063 640 4132 οὐχ
667 4061 854 4122 ἁπλῶς
890 4061 1140 4132 εὔπορος,
1171 4061 1307 4114 ἀλλά
1339 4061 1456 4125 καὶ,
1490 4061 1733 4125 Μείζων,
1771 4064 1965 4132 φησὶν,
1998 4065 2118 4133 ἐγί-

541 4161 701 4204 νετο.
723 4143 833 4208 ἕως
859 4139 932 4198 οὗ
956 4143 1144 4212 μέγας
1160 4141 1398 4211 ἐγένετο
1429 4142 1683 4210 σφόδρα.
1701 4143 1982 4214 Ἐννόησον
2009 4147 2117 4218 γὰρ

543 4227 668 4279 ὅσον
696 4221 786 4294 ἦν,
814 4223 1343 4278 ἑκατονταπλασίονα
1369 4223 1478 4276 τῶν
1507 4226 1638 4293 παρ’
1653 4224 1818 4278 αὐτοῦ
1842 4227 2116 4280 καταὸαλο

543 4307 785 4376 λομένων
817 4305 1193 4374 ὑποδέχεσθαι.
1210 4306 1274 4358 Εἰ
1301 4305 1359 4358 δὲ
1385 4303 1542 4358 τοῦτό
1571 4322 1654 4358 σοι
1681 4305 1821 4376 μέγα
1846 4308 2116 4376 φαίνεται,

547 4388 740 4441 σκόπει
765 4387 865 4458 τὴν
893 4387 1140 4439 ἐπίτασιν
1166 4387 1267 4456 τῆς
1285 4386 1380 4442 τοῦ
1407 4385 1543 4440 Θεοῦ
1575 4387 1987 4460 φιλανθρωπίας
2004 4431 2019 4456 ,
2051 4393 2119 4464 ἢν

543 4469 638 4524 τοῦ
662 4469 852 4540 χρόνου
875 4468 1155 4538 προϊόντος
1185 4468 1314 4538 περὶ
1337 4470 1484 4539 ἡμᾶς
1513 4470 1839 4536 ἐπεδείξατο.
1859 4474 1982 4538 Τοῖς
2010 4475 2118 4546 γὰρ

547 4553 687 4626 μετά
728 4551 826 4624 τὴν
854 4549 1017 4604 αὐτοῦ
1051 4551 1352 4621 παρουσίαν
1385 4553 1485 4624 τὴν
1518 4553 1720 4624 ἀρετὴν
1753 4555 2027 4626 μετιοῦσιν
2056 4559 2117 4610 οὐ

547 4636 708 4708 μόνον
740 4634 1268 4688 ἑκατονταπλασίονα
1298 4634 1530 4688 ἐνταῦθα
1551 4637 1811 4706 παρέχειν
1839 4640 2118 4709 ὑπισχνείο

541 4737 654 4783 ται,
679 4718 816 4772 ἀλλά
842 4718 937 4770 καί
957 4717 1054 4788 τὴν
1074 4716 1290 4771 αἰώνιον
1313 4715 1457 4788 ζωὴν
1479 4719 1572 4771 καί
1596 4719 1694 4788 τὴν
1717 4720 1993 4787 βασιλείαν
2012 4723 2120 4775 τῶν

543 4803 786 4874 οὐρανῶν
816 4804 896 4866 εἰς
929 4800 1249 4854 ἀπόλαυσιν.
1278 4797 1431 4864 Εἶδες
1471 4801 1778 4870 φιλοτιμίαν
1807 4804 2076 4857 Δεσπότου
2102 4822 2116 4871 ;

545 4883 685 4947 εἶδες
715 4885 964 4938 ἐπίτασιν
991 4884 1346 4955 εὐεργεσίας;
1373 4879 1513 4945 εἶδες
1547 4883 1712 4936 πόσον
1741 4886 1872 4955 ήμῖν
1901 4888 2122 4958 κεχάρι-

548 4985 671 5021 σται
694 4970 728 5036 ή
760 4967 855 5019 τοῦ
881 4967 1215 5034 Μονογενοῦς
1243 4967 1549 5038 παρουσίας
1585 4967 1732 5030 ὅπως
1759 4968 1982 5036 ἀφάτων
2011 4970 2120 5023 τῶν

549 5046 892 5114 πραγμάτων
916 5045 1015 5114 τὴν
1044 5045 1344 5114 ἐναλλαγὴν
1373 5045 1704 5116 εἰργάσατος
1739 5047 1782 5097 Τ
1785 5047 1922 5099 αῦτα
1942 5047 2121 5102 τοίνυν

547 5131 778 5190 ἕκαστος
811 5126 930 5179 καθ’
961 5127 1151 5180 ἐαυτὸν
1179 5127 1528 5198 λογιζόμενος
1548 5169 1562 5192 ,
1596 5129 1690 5181 καὶ
1717 5128 1860 5199 ὁρῶν
1881 5130 1978 5202 τὴν
2003 5132 2119 5184 δια-

549 5209 740 5284 φορὰν,
763 5210 857 5264 καὶ
887 5209 1006 5262 τίνα
1038 5209 1136 5278 μὲν
1163 5206 1254 5280 ἦν,
1271 5210 1307 5263 ἀ
1330 5215 1442 5275 τοῖς
1465 5213 1576 5282 πρὸ
1604 5213 1702 5282 τῆς
1731 5214 1952 5283 χάριτος
1978 5232 2121 5287 παρ-

548 5300 694 5370 έχειν
747 5297 1108 5368 ὑπισχνεῖται,
1129 5295 1249 5348 τίνα
1268 5297 1326 5349 δέ
1356 5298 1494 5366 μετὰ
1517 5299 1616 5369 τὴν
1641 5301 1820 5370 χάριν,
1854 5301 2122 5367 δοξαζέτω

548 5390 651 5443 κάν
681 5385 859 5456 τούτῳ
877 5385 976 5457 τὴν
1001 5384 1228 5454 ἄπειρον
1253 5383 1418 5438 αὐτοῦ
1454 5386 1882 5457 φιλανθρωπίαν,
1919 5392 2012 5445 καὶ
2047 5392 2121 5462 μὴ

547 5477 614 5546 τῇ
647 5474 755 5528 τῶν
788 5472 998 5544 καιρῶν
1029 5470 1297 5542 ἐναλλαγῇ
1343 5471 1403 5524 τὸ
1432 5473 1538 5525 πᾶν
1567 5474 1938 5546 ἐπιγραφέτω.
1982 5478 2119 5531 Ἀλλ’

549 5565 644 5618 ἐπὶ
667 5564 766 5633 τὴν
789 5559 1115 5615 ἀκολουθίαν
1136 5557 1230 5612 τοῦ
1251 5558 1337 5628 λόγ
1350 5576 1412 5612 ου
1438 5561 1749 5615 ἐπανελθεῖν
1775 5563 2000 5631 δίκαιον,
2029 5570 2123 5622 καὶ

554 5652 681 5704 ἰδεῖν
729 5652 876 5712 ὅπως
911 5650 961 5702 οἰ
1003 5651 1061 5702 ἐν
1103 5648 1362 5721 Γεράροις
1399 5648 1630 5722 ὁρῶντες
1663 5652 1753 5706 τοῦ
1786 5653 1994 5708 δικαίου
2025 5657 2121 5727 τὴν

614 5775 641 5804 ⁸
668 5775 779 5823 Sav.
809 5774 935 5833 conj.
968 5774 1311 5836 παρεσκεύασε.

616 5835 641 5874 1»
664 5837 891 5893 Quinque
920 5835 1181 5898 ιηεεζπαρά
1199 5842 1279 5894 τῆς
1302 5843 1400 5896 γῆς.

616 5899 639 5928 θ
666 5899 765 5948 Alii
788 5898 1033 5942 διάκειται.

1194 315 1253 374 S.
1293 317 1579 375 JOANNIS
1613 307 2099 371 CHRYSOSTOMI
2137 306 2462 365 ARCIIIEP.
2497 310 3050 368 CONSTANTINOP.

2202 421 2404 492 πολλὴν
2460 424 2725 495 εὐπορίαν
2752 465 2768 489 ,
2802 425 2882 487 εἰς
2934 423 3108 491 ζῆλον
3135 420 3541 491 διηγέρθησαν,
3580 432 3703 474 και
3739 420 3864 472 ἀπ-

2199 503 2442 557 ελαύνειν
2468 507 2631 561 αὐτὸν
2663 507 2871 559 ἐκεῖθεν
2904 505 3244 574 ἐπεχείρουν.
3265 503 3648 568 Ἐζήλωσαν
3681 501 3820 569 γὰρ
3840 541 3866 566 ,

2201 589 2386 655 φησὶν,
2421 589 2606 642 αὑτὸν
2629 591 2684 642 οἱ
2711 587 3082 654 Φυλιστιείμ.
3115 581 3254 640 Εἶτα
3280 586 3450 649 δεῖξαι
3485 583 3860 655 βουλομένη

2201 670 2385 738 ήθεία
2415 669 2636 740 Γραφὴ,
2685 671 2744 722 ἐν
2789 669 2897 721 τίνι
2924 669 3014 722 τὸν
3053 667 3214 738 ζῆλον
3247 668 3686 730 ἐπεδείκνυντο,
3738 667 3860 718 ἐπ·-

2202 754 2395 821 ήγαγεο
2419 754 2528 807 Καὶ
2565 752 2761 806 πάντα
2792 751 2831 806 d
2867 750 3105 820 ὤρυξαν
3133 750 3357 820 φρέατα
3387 753 3442 804 οἱ
3485 748 3748 814 παῖδες
3776 748 3862 802 ἐν

2203 833 2284 899 τῷ
2307 835 2502 902 χρόνῳ
2530 834 2638 888 τοῦ
2659 833 2880 901 πατρὸς
2899 833 3105 897 αὐτοῦ,
3133 832 3472 902 ἐνέφραξαν
3495 833 3714 894 αὐτὰ,
3736 830 3873 884 καὶ.

2203 916 2558 983 ἐνέπλησαν
2581 915 2715 985 τῆς.
2743 917 2945 970 Σκόπει
2979 916 3120 986 πόση
3162 915 3270 969 τῶν
3295 915 3482 969 αὐτόθι
3516 918 3556 986 ἡ
3615 915 3875 974 auxia...

2203 999 2280 1062 ὡς
2309 999 2404 1053 καί⁷
2430 1000 2540 1053 τῶν
2569 999 2778 1054 ὑδάτων
2805 999 3068 1070 φθονῆσαι
3098 999 3178 1070 τῷ
3206 999 3400 1069 δικαίῳ
3425 1039 3441 1065 ,
3472 999 3577 1053 καὶ
3621 996 3772 1052 οὐδὲ
3817 997 3868 1049 ἁ

2209 1081 2460 1150 βασιλεὺς
2489 1083 2518 1135 0
2545 1084 2602 1135 ἐν
2625 1081 2863 1154 τοσαύτῃ
2887 1081 3174 1153 περιουσία
3193 1081 3472 1145 καθεστὼς
3494 1082 3854 1150 κατασχεῖν

2206 1166 2297 1218 τὸν
2347 1166 2537 1234 φθόνον
2561 1165 2590 1205 ἀ
2645 1167 2866 1236 ἴσχυσεν
2891 1205 2907 1228 ,
2953 1164 3091 1218 ἀλλά
3145 1181 3344 1234 φησιν·
3387 1167 3666 1222 Ἀπελθε
3725 1164 3851 1232 ἀφ]

2208 1247 2394 1317 ἡμῶν,
2410 1247 2499 1301 ὅτι
2516 1247 2921 1315 δυνατώτερος
2932 1246 3102 1315 ἡμῶν
3111 1247 3322 1316 ἐγένου
3337 1247 3605 1316 σφόδρα.
3630 1247 3849 1314 Πολλὴ

2208 1333 2241 1400 ή
2261 1331 2645 1401 ἀγνωμοσύνη.
2661 1331 2819 1394 Τίνος
2838 1329 2947 1401 γὰρ
2967 1330 3153 1382 ἕνεκεν
3174 1329 3325 1400 [507]
3347 1330 3630 1383 ἀπελαύνε
3643 1347 3705 1391 ις
3735 1330 3848 1381 τὸν

2207 1415 2414 1468 δίκαιον
2439 1432 2454 1481 ;
2484 1414 2558 1484 μὴ
2578 1414 2688 1484 γὰρ
2717 1412 3022 1482 ἐλυμήνατό
3053 1429 3106 1465 τι
3126 1415 3238 1475 τοῖς
3261 1414 3401 1477 σοῖς;
3437 1414 3512 1483 μὴ
3544 1413 3680 1483 γὰρ
3707 1413 3844 1482 ἠδί-

2210 1496 2346 1566 κησέ
2370 1514 2458 1562 τι;
2495 1496 2656 1548 Ἀλλά
2685 1495 2925 1548 τοιοῦτον
2958 1498 2986 1548 0
3025 1494 3244 1563 φθόνοςο
3286 1495 3436 1547 οὐδὲν
3477 1497 3630 1565 μετὰ
3668 1496 3845 1563 λογιο

2212 1579 2350 1650 σμοῦ
2383 1579 2792 1649 διαπράττεται.
2831 1577 2962 1630 Δέον
2991 1579 3101 1647 γάρ
3140 1577 3302 1630 αὐτὸν
3332 1577 3694 1648 θεασάμενον
3729 1596 3840 1631 10-

2212 1661 2414 1732 σαύτης
2439 1661 2648 1722 εὐνοίας
2671 1659 3015 1714 ἀπολαύοντα
3038 1660 3130 1714 τὸν
3159 1660 3364 1713 δίκαιον
3394 1660 3546 1732 παρά
3563 1661 3678 1714 τοῦ
3708 1660 3862 1712 τῶν-

2209 1743 2347 1798 ὅλων
2369 1742 2526 1809 Θεοῦ,
2548 1743 2748 1814 μᾶλλον
2774 1742 3076 1814 περιέπειν,
3103 1743 3302 1812 μᾶλλον
3338 1741 3706 1814 θεραπεύειν,
3734 1743 3836 1796 ἵνα

2210 1827 2299 1881 διὰ
2318 1826 2417 1896 τῆς
2449 1829 2529 1890 εἰς
2553 1829 2760 1879 ἐκεῖνον
2783 1825 2951 1896 τιμῆς
2983 1826 3358 1895 ἐπισπάσηται
3382 1825 3476 1878 καὶ
3503 1827 3686 1888 αὐτὸς
3716 1825 3835 1894 τὴν

2213 1908 2420 1962 ἄνωθεν
2465 1911 2638 1980 ῥοπήν
2661 1925 2676 1939 ⁸
2709 1911 2738 1962 0
2769 1907 2824 1960 δὲ
2856 1907 2918 1960 οὐ
2957 1908 3117 1977 μόνον
3149 1907 3304 1960 τοῦτο
3333 1909 3395 1960 οὐ
3440 1910 3623 1969 ποιεῖ,
3668 1907 3840 1960 ἀλλά

2213 1991 2308 2044 καὶ
2363 1990 2688 2045 ἀπελαύνειν
2725 1991 3026 2060 ἐπιχειρεῖ,
3059 1989 3150 2041 καί
3193 2005 3364 2059 φησι*
3401 1991 3660 2044 Ἀπελθε
3709 1990 3831 2057 ἀέρ’

2213 2073 2413 2142 ἡμῶν,
2463 2075 2553 2127 ὅτι
2611 2072 3016 2140 δυνατώτερος
3070 2070 3238 2140 ’ἡμῶν
3276 2071 3488 2141 ἐγένου
3530 2071 3824 2140 σφόδρα.

2215 2156 2466 2210 Τοιοῦτον
2502 2155 2611 2228 γὰρ
2643 2157 2676 2226 ἡ
2715 2155 2982 2225 βασκανία
3005 2173 3017 2186 ’
3058 2155 3158 2207 οὐκ
3195 2155 3446 2225 ἀνέχεται
3475 2156 3674 2223 πράως
3708 2153 3828 2222 τὴν

2215 2239 2420 2311 ἐτέρων
2436 2239 2773 2309 εὐπραγίαν,
2801 2236 2936 2290 ἀλλὰ
2963 2235 3061 2307 τὴν
3088 2237 3183 2289 τοῦ
3227 2237 3459 2306 πλησίον
3491 2235 3828 2307 εὐημερίαν

2214 2325 2420 2378 οἰκείαν
2449 2321 2794 2391 δυσπραγίαν
2838 2315 2980 2374 εἶναι
3019 2319 3266 2389 νομίζει,
3298 2321 3393 2373 καὶ
3431 2321 3658 2388 τήκεται
3687 2319 3826 2380 τοῖς

2213 2405 2308 2458 τοῦ
2339 2403 2566 2475 πλησίον
2588 2403 2810 2472 ἀγαθοῖς
2831 2418 2844 2431 ο
2885 2402 2915 2454 0
2948 2400 3012 2471 δὴ
3053 2402 3148 2454 καὶ
3179 2402 3412 2456 ἐνταῦθα
3451 2402 3705 2470 γέγονεν.
3750 2401 3832 2453 '0.

2215 2489 2324 2558 γάρ
2365 2486 2656 2556 βασιλεὺς,
2700 2487 2729 2538 0
2758 2485 2859 2554 τῆς
2892 2484 3099 2547 πόλεως
3145 2485 3362 2554 ἀπάσης
3397 2485 3496 2554 τὴν
3544 2483 3821 2549 ἐξουσίαν

2217 2577 2376 2647 έχων,
2407 2577 2502 2630 καὶ
2531 2577 2739 2639 πάντας
2767 2575 2872 2628 ὑπὸ
2899 2577 2998 2647 τὴν
3027 2576 3253 2646 ἀπειλὴν
3284 2575 3382 2646 τὴν
3404 2574 3596 2628 ἐαυτοῦ
3629 2574 3815 2644 έχων,

2215 2667 2296 2738 τῷ
2317 2667 2453 2738 ξένῳ
2472 2706 2487 2730 ,
2511 2667 2591 2737 τῷ
2618 2667 2791 2737 ἀλήτῃ
2813 2705 2828 2730 ,
2854 2667 2950 2720 καὶ
2976 2666 3223 2721 ἐντεῦθεν
3255 2669 3389 2730 ἐκεῖ,
3418 2667 3670 2720 κάκεῖθεν
3695 2659 3816 2720 ὧδε

2221 2753 2666 2826 μετανισταμένῳ
2691 2753 2856 2823 φησίν
2876 2769 2890 2784 °
2921 2755 3172 2808 Ἄπελθε
3191 2754 3291 2807 ἀπ’
3315 2753 3483 2822 ἐμοῦ,
3503 2753 3588 2806 ὅτι
3621 2754 3816 2807 δυνα-

2218 2839 2466 2908 τώτερος
2491 2837 2661 2905 ’ἡμῶν
2681 2837 2893 2906 ἐγένου
2918 2839 3175 2907 σφόδρα.
3196 2840 3304 2892 Καὶ
3331 2840 3544 2908 άληθῶς
3565 2841 3817 2892 δυνατώ-

2217 2943 2374 2998 τερος
2398 2920 2486 2996 ἦν,
2515 2923 2614 2994 τὴν
2643 2923 2848 2978 ἀνωθεν
2881 2926 3196 2996 συμμαχίαν
3220 2925 3358 2996 ἔχων
3391 2927 3450 2978 ἐν
3476 2926 3665 2986 ἀπασι,
3702 2926 3817 2980 καὶ

2219 3012 2324 3067 ὑπὸ
2353 3011 2452 3082 τῆς
2487 3010 2582 3064 τοῦ
2622 3010 2758 3064 Θεοῦ
2789 3011 2970 3077 δεξιᾶς
3007 3012 3429 3083 φρουρούμενος.
3473 3012 3584 3066 Ποῦ
3615 3014 3812 3066 τοίνυν

2218 3099 2545 3163 ἀπελαύνεις
2568 3098 2660 3151 τὸν
2684 3098 2891 3152 δίκαιον
2914 3099 3046 3166 ;οὑκ
3076 3094 3233 3153 οἶσθα
3253 3101 3356 3162 ὃτι,
3383 3100 3516 3152 ὅπου
3541 3098 3609 3153 ἀν
3634 3099 3812 3152 αὑτὸν

2219 3186 2473 3240 ἀπελθεῖν
2509 3185 2781 3257 συμϐαίνῃ
2799 3227 2814 3251 ,
2847 3187 2905 3238 ἐν
2932 3187 3044 3248 τοῖς
3071 3187 3164 3239 τοῦ
3188 3187 3458 3239 Δεσπότου
3487 3185 3581 3239 τοῦ
3603 3185 3810 3240 ἐαυτοῦ

2220 3270 2360 3328 εἶναι
2391 3273 2554 3326 αὐτὸν
2580 3271 2793 3342 ἀνάγκη
2822 3289 2836 3338 ;
2867 3280 2967 3325 οὐκ
2997 3272 3287 3325 ἐπαίδευσέ
3312 3289 3371 3325 σε
3401 3272 3509 3326 τῶν
3539 3271 3813 3342 πραγμά-

2221 3377 2328 3414 των
2361 3361 2396 3431 ή
2432 3362 2616 3429 πεῖρα,
2647 3359 2728 3412 ὅτι
2764 3359 2800 3429 ή
2834 3358 2929 3411 τοῦ
2959 3358 3095 3412 Θεοῦ
3128 3359 3249 3429 χείρ
3279 3359 3424 3412 ἐστιν
3456 3361 3491 3428 ή
3523 3360 3808 3428 περιφανῆ

2222 3447 2314 3501 τὸν
2355 3447 2562 3500 δίκαιον
2604 3445 2919 3500 καθιστῶσα
2942 3462 2956 3511 ;
2984 3445 3142 3508 Τίνος
3173 3441 3267 3498 οῦν
3295 3445 3480 3498 ἕνεκεν
3506 3444 3572 3498 δι’
3602 3439 3677 3498 ὧν
3705 3444 3814 3497 τὸν

2222 3533 2430 3587 δίκαιον
2461 3531 2786 3591 ἀπελαύνεις
2809 3571 2823 3595 ,
2859 3531 2958 3600 τὴν
3003 3531 3142 3601 πρὸς
3188 3532 3279 3584 τὸν
3305 3532 3472 3585 αὐτοῦ
3520 3532 3810 3600 Δεσπότην

2223 3618 2615 3690 ἀγνωμοσύνην
2645 3616 3054 3680 ἐπιδείκνυσαι,
3105 3619 3200 3671 καὶ
3247 3618 3367 3672 οὐδὲ
3401 3620 3434 3688 ή
3491 3618 3659 3688 πολλή
3701 3617 3807 3671 τοῦ

2224 3706 2415 3777 ἀνδρὸς
2433 3705 2704 3758 ἐπιείκεια
2728 3703 3106 3774 περιγενέσθαι
3127 3703 3366 3774 ἠδυνήθη
3385 3705 3485 3773 τῆς
3505 3704 3808 3774 βασκανίας

2223 3793 2324 3862 τῆς
2352 3792 2471 3863 σῆς,
2495 3790 2607 3844 ἀλλ’
2631 3788 2888 3860 ήττηθεὶς
2908 3789 3014 3842 ὑπὸ
3035 3788 3130 3842 τοῦ
3154 3789 3361 3854 πάθους
3385 3792 3464 3853 είς
3486 3790 3645 3862 ἔργον
3665 3791 3807 3857 ἀγα-

2224 3881 2344 3948 γεῖν
2373 3878 2620 3940 σπεύδεις
2636 3876 2728 3930 τὸν
2761 3875 2978 3944 φθόνον,
3015 3874 3110 3929 καὶ
3137 3875 3299 3929 πάλιν
3335 3877 3676 3947 μετανάστην
3702 3892 3802 3943 γεο

2226 3965 2412 4021 νέσθαι
2443 3962 2886 4036 παρασκευάζεις
2914 3965 3006 4018 τὸν
3047 3963 3200 4017 οὐδέν
3237 3980 3296 4016 σε
3325 3963 3652 4033 ήδικηκότα;
3686 3963 3806 4016 Οὐκ

2225 4051 2371 4116 οἶδας
2409 4055 2492 4108 ὅτι
2523 4053 2630 4106 κᾶν
2659 4053 2739 4116 εἰς
2768 4052 2938 4121 αὐτὴν
2990 4052 3090 4120 τὴν
3138 4051 3342 4121 ἔρημον
3374 4051 3628 4105 ἀπελθεῖν
3671 4066 3805 4104 κατ-

2225 4141 2563 4211 αναγκάσῃς,
2577 4137 2746 4200 οὓτως
2768 4138 3073 4208 εὐμήχανον
3096 4137 3208 4206 ἔχει
3223 4137 3518 4207 Δεσπότην,
3539 4138 3615 4200 ώς
3641 4137 3804 4190 κάκεῖ

2225 4227 2516 4296 γενόμενον
2535 4263 2550 4288 ,
2583 4222 2762 4293 πολλῷ
2788 4223 2948 4276 πλέον
2981 4224 3441 4294 περιφανέστερον
3470 4225 3633 4278 αὐτὸν
3664 4227 3804 4278 ἀπο-

2225 4312 2429 4378 δεῖξαι;
2458 4311 2622 4365 Οὐδὲν
2647 4310 2756 4381 γάρ
2788 4310 3132 4382 ἰσχυρότερον
3159 4309 3254 4364 τοῦ
3285 4311 3387 4380 τῆς
3428 4311 3634 4365 ἀνωθεν
3664 4330 3798 4381 συμ-

2229 4398 2432 4470 μαχίας
2457 4397 2826 4460 ἀπολαύοντος
2842 4436 2857 4462 ,
2884 4395 3071 4470 ὥσπερ
3110 4398 3265 4451 οὐδὲν
3291 4399 3678 4469 ἀσθενέστερον
3703 4399 3800 4452 τοῦ

2225 4488 2325 4557 τῆς
2349 4485 2556 4538 ἐκεῖθεν
2590 4483 2838 4555 βοηθείας
2869 4485 3259 4556 ήρημωμένου.

2299 4573 2363 4643 β’.
2384 4567 2559 4648 ᾖδες,
2590 4571 2864 4640 ἀγαπητὴ
2890 4572 2982 4624 καὶ
3014 4572 3108 4626 τοῦ
3135 4571 3396 4642 βασιλέως
3419 4573 3676 4644 Γεράρων
3707 4579 3796 4631 καὶ

2228 4661 2448 4714 πάντων
2463 4658 2572 4712 τῶν
2592 4658 2778 4712 αὐτόθι
2798 4657 3092 4712 οἰκούντων
3110 4661 3212 4729 τῆς
3237 4659 3463 4731 γνώμης
3482 4662 3582 4730 τὴν
3607 4661 3804 4732 μοχθη-

2229 4748 2386 4819 ρίαν;
2419 4747 2562 4817 Ὅρα
2607 4743 2820 4798 καὶτοῦ
2870 4745 3082 4798 δικαίου
3113 4746 3212 4816 τὴν
3244 4746 3445 4817 πολλὴν
3475 4748 3800 4809 ἐπιείκειαν,

2227 4833 2346 4896 πῶς
2365 4834 2463 4886 οὐκ
2490 4831 2754 4902 ἐφρόνησε
2788 4829 2949 4900 μέγα,
2979 4833 3099 4886 οὐδέ
3127 4833 3270 4904 ὀρῶν
3293 4831 3381 4888 διὰ
3405 4835 3514 4886 τῶν
3544 4837 3802 4904 πραγμά-

2227 4939 2336 4978 των
2363 4921 2564 4990 πολλὴν
2605 4921 2698 4972 τοῦ
2733 4919 2870 4973 Θεοῦ
2901 4921 3000 4990 τὴν
3033 4922 3206 4994 ῥοπὴν
3234 4921 3362 4993 περὶ
3391 4922 3552 4975 αὐτὸν
3578 4925 3800 4994 γινομέ-

2227 5027 2348 5079 νην,
2378 5007 2741 5078 κατεξανέστη
2775 5007 2870 5064 τοῦ
2902 5007 3165 5077 βασιλέως
3187 5048 3206 5072 ,
3231 5011 3298 5080 τῇ
3329 5008 3423 5062 τοῦ
3455 5010 3805 5080 συμμαχοῦν-

2227 5114 2319 5158 τος
2340 5094 2488 5164 αὑτῷ
2514 5094 2741 5164 δυνάμει
2762 5094 3034 5157 πεποιθώς
3053 5110 3068 5126 ο
3093 5094 3230 5148 ἀλλά
3251 5096 3502 5167 καθάπερ
3529 5115 3611 5160 τις
3639 5099 3802 5169 ἀνὴρ,

2229 5183 2322 5236 καὶ
2357 5180 2793 5252 ἀπροστάτευτος
2817 5222 2831 5244 ,
2871 5181 2967 5234 καὶ
3012 5180 3309 5252 οὐδαμόθεν
3354 5183 3613 5253 οὐδεμιᾶς
3662 5186 3802 5239 ἀπο-

2227 5269 2407 5324 λαύων
2439 5266 2720 5339 βοηθείας,
2748 5263 2891 5322 οὕτω
2925 5268 3063 5338 μετά
3109 5268 3311 5337 πολλῆς
3350 5269 3454 5340 τῆς
3479 5274 3805 5337 ἐπιεικείας,

2227 5357 2348 5414 οὐδὲ
2399 5355 2559 5430 μέχρι
2600 5354 2773 5422 λόγων
2804 5354 3103 5417 ἀντιτείνας
3128 5355 3205 5427 τῷ
3252 5356 3496 5427 βασιλεῖ,
3539 5359 3710 5414 ἐποίει
3740 5361 3804 5414 10

2230 5447 2360 5517 παρ’
2392 5443 2557 5498 αὐτοῦ
2611 5443 2966 5513 κελευόμενον
2991 5481 3007 5508 ,
3065 5447 3160 5500 καὶ
3203 5446 3407 5510 εὐθέως
3440 5448 3647 5502 ἐκεῖθεν
3695 5451 3805 5503 ἀπ-

2229 5535 2502 5594 ἀνίστατο,
2535 5529 2630 5584 καὶ
2659 5529 2995 5600 πορρωτέρω.
3014 5532 3322 5600 γενόμενος,
3347 5535 3669 5588 κατέστελλε
3705 5536 3808 5589 τοῦ

2231 5619 2434 5680 πάθους
2465 5615 2563 5685 τὴν
2593 5615 2786 5682 φλόγα,
2817 5615 2953 5684 όμοῦ
2982 5617 3075 5668 καὶ
3103 5619 3203 5687 τὴν
3233 5619 3675 5691 ὑπερϐάλλουσαν
3702 5625 3802 5676 a0-

2230 5705 2322 5760 τοῦ
2354 5703 2650 5762 ἐπιείκειαν
2671 5702 3074 5770 ἐνδεικνύμενος
3092 5742 3107 5766 ,
3131 5706 3381 5760 κάκείνου
3412 5709 3476 5762 τὸ
3502 5709 3672 5771 πάθος
3701 5727 3801 5762 πα-

2233 5789 2660 5864 ραμυθούμενος.
2696 5786 2806 5840 Kal
2831 5787 3102 5855 ἀπῆλθεν
3134 5792 3380 5860 ἐκεῖθεν,
3409 5796 3505 5850 καὶ
3539 5797 3799 5864 κατῴκη-

2291 5906 2317 5944 Ol
2343 5907 2556 5963 Quatuor
2581 5915 2695 5950 mss.
2720 5901 2799 5947 τὸν
2819 5899 2982 5962 ψόγον.
