4150 6276
365 303 469 360 857

359 429 410 472 et
439 435 523 472 ero
552 429 710 473 tecum
742 436 760 475 :
789 421 877 475 ille
904 423 957 475 In
986 424 1231 479 omnibus
1263 434 1369 481 tam
1397 430 1601 505 clarum
1627 445 1750 485 cum
1784 431 1907 487 fecit
1926 476 1939 497 ,

359 519 417 564 ut
437 526 540 565 non
563 513 732 566 multo
757 522 877 583 post
899 515 1148 570 invidiam
1174 531 1411 574 moveret
1436 522 1573 591 regis
1597 522 1943 579 Gerarorum.

356 599 609 655 Videntes
629 603 770 656 enim
791 604 906 672 ejus
932 606 1280 660 substantiam
1308 610 1546 678 quotidie
1572 614 1772 681 augeri,
1799 626 1942 669 metu

353 692 528 746 affecti
560 703 680 746 sunt
702 694 841 763 quod
864 695 933 749 Ibi
963 711 1142 750 secum
1176 698 1457 764 habitaret,
1482 710 1534 754 et
1565 703 1943 771 transmigrare

354 781 479 836 inde
505 793 814 853 coegerunt.
850 786 1070 855 Dignum
1100 797 1276 841 autem
1303 798 1405 853 est,
1436 799 1493 843 ut
1517 791 1626 859 ipsa
1654 791 1941 861 Scriptura:

355 873 517 927 verba
562 874 868 937 audiamus,
903 886 959 929 ut
998 892 1094 946 per
1121 880 1297 932 omnia
1330 879 1600 934 videamus
1637 882 1731 936 Dei
1771 882 1939 938 bene-

350 961 658 1027 volentiam,
686 977 843 1032 quam
876 979 1001 1035 erga
1031 965 1256 1022 famulos
1283 982 1410 1023 suos
1437 968 1689 1024 declarat.
1721 971 1809 1024 12.
1840 970 1940 1025 Se-

349 1055 557 1107 minavit
592 1064 794 1122 autem,
826 1056 1029 1127 inquit,
1063 1056 1215 1111 Isaac
1251 1061 1303 1113 iu
1345 1070 1479 1114 terra
1514 1062 1635 1127 illa,
1668 1072 1713 1115 et
1750 1064 1937 1117 invenit

347 1145 692 1213 ceutuplicans
722 1146 964 1200 hordeum
984 1148 1035 1199 in
1062 1164 1195 1202 anno
1217 1150 1325 1203 illo.
1353 1149 1483 1204 Vide
1512 1152 1662 1216 mihi,
1687 1152 1931 1219 obsecro,

348 1235 442 1291 Dei
472 1236 813 1304 sapientiam,
845 1245 905 1291 ut
933 1239 1176 1292 ostendat
1203 1239 1345 1309 justo
1370 1254 1429 1294 se
1461 1250 1665 1295 natura:
1694 1243 1934 1296 condito-

346 1342 462 1382 rem
494 1343 633 1392 esse,
664 1338 717 1383 et
746 1330 796 1383 in
827 1330 986 1385 rebus
1017 1330 1325 1386 difficilibus
1353 1332 1523 1385 facilia
1550 1334 1725 1386 omnia
1758 1332 1933 1389 facere

342 1434 503 1488 posse
534 1437 547 1473 :
579 1434 642 1474 ac
677 1421 767 1490 qui
808 1421 876 1475 ab
915 1421 1067 1475 initio
1100 1432 1298 1477 terram
1328 1437 1427 1476 suo
1465 1423 1713 1477 mandato
1748 1423 1933 1478 fecerit

340 1510 588 1566 idoneam
609 1512 674 1567 ad
702 1512 1049 1583 proferendos
1075 1513 1297 1577 fructus,
1322 1513 1460 1568 idem
1489 1530 1629 1568 nunc
1652 1513 1849 1569 efliciat
1874 1524 1931 1569 ut

341 1603 668 1671 ceutuplices
700 1602 885 1657 reddat
925 1618 1022 1673 pro
1059 1605 1186 1658 satis
1218 1605 1515 1673 manipulos
1546 1621 1560 1658 :
1591 1605 1748 1659 simul
1780 1606 1931 1660 illum

338 1693 397 1746 in
428 1701 567 1746 tanta
600 1694 869 1749 affluentia
903 1695 1233 1749 constituens
1257 1737 1271 1762 ,
1310 1704 1369 1749 ut
1406 1696 1602 1749 nullius
1648 1697 1880 1766 indigeat
1911 1714 1924 1750 :

336 1794 497 1854 atque
525 1786 658 1840 alios
686 1801 780 1855 per
808 1801 969 1856 opera
1000 1787 1229 1855 docens,
1262 1798 1458 1857 quanta
1492 1805 1718 1859 superna
1758 1792 1926 1860 gratia

334 1879 508 1947 justus
536 1877 757 1932 fruatur.
789 1877 1140 1949 Omnipotens
1169 1881 1313 1934 enim
1341 1890 1395 1934 et
1420 1882 1632 1949 sapiens
1669 1882 1806 1935 Deus
1833 1896 1927 1949 per

336 1985 425 2025 res
449 1970 661 2024 easdem
698 1970 1004 2040 frequenter
1042 1970 1304 2025 benefacit
1340 1971 1482 2035 suis;
1513 1980 1565 2025 et
1591 1979 1741 2024 curat
1765 1972 1925 2024 etiam

336 2069 396 2112 ut
438 2060 471 2114 ii
516 2076 724 2129 quoque
766 2062 855 2131 qui
901 2062 1074 2114 adhuc
1112 2061 1163 2113 in
1208 2076 1391 2115 errore
1431 2070 1739 2125 versantur,
1773 2075 1923 2115 suam

334 2153 586 2205 virtutem
627 2162 681 2205 et
724 2153 1017 2221 potentiam
1055 2151 1351 2205 addiscunt.
1395 2151 1507 2206 IIoc
1554 2161 1738 2219 postea
1780 2160 1831 2204 et
1871 2151 1924 2204 in

334 2241 569 2312 Egypto
610 2242 732 2295 fecit
764 2258 775 2294 :
811 2242 914 2295 illis
942 2242 1081 2295 enim
1115 2256 1300 2311 poenas
1330 2240 1625 2309 irrogabat,
1655 2240 1922 2295 Israelilas

335 2350 464 2389 vero
510 2335 705 2386 illaesos
753 2333 1123 2386 conservabat.
1172 2332 1455 2386 Discebant
1497 2331 1639 2385 enim
1684 2347 1787 2385 non
1828 2347 1915 2385 so-

334 2426 445 2482 lum
492 2440 585 2493 per
626 2424 1041 2493 indignationem
1085 2424 1216 2487 Dei,
1248 2438 1347 2492 qua
1388 2422 1485 2491 ipsi
1532 2422 1917 2491 puniebantur,

334 2515 573 2570 omnium
599 2513 814 2583 Opificis
841 2514 1128 2578 virtutem,
1166 2513 1257 2567 sed
1286 2514 1444 2566 etiam
1474 2528 1569 2581 per
1602 2512 1919 2566 sollicitudi-

334 2622 456 2662 nem
492 2622 648 2675 quam
690 2606 744 2658 in
784 2604 901 2657 illos
928 2603 1229 2657 exhibebat.
1262 2603 1329 2657 Et
1356 2602 1549 2658 iterum
1575 2618 1678 2656 non
1707 2619 1770 2657 ex
1807 2604 1919 2657 sola

334 2698 657 2770 providentia
688 2706 741 2751 et
778 2697 1167 2759 sollicitudine,
1200 2712 1355 2766 quam
1383 2696 1807 2766 experiebantur,
1839 2696 1921 2750 di-

332 2791 553 2845 scebant
594 2790 863 2858 ingentem
901 2788 993 2842 Dei
1024 2788 1314 2842 bonitatem
1344 2806 1359 2842 :
1390 2786 1484 2841 sed
1516 2788 1673 2840 etiam
1704 2801 1799 2857 per
1827 2802 1921 2841 eos

330 2882 522 2951 quibus
558 2879 794 2950 quotidie
837 2878 1083 2933 videbant
1110 2886 1187 2932 tot
1219 2878 1397 2948 plagas
1425 2878 1665 2947 irrogari.
1698 2878 1798 2931 Per
1823 2892 1918 2930 ca-

328 2974 452 3027 dem
475 2971 620 3026 enim
648 2985 810 3039 opera
836 2980 890 3024 et
916 2969 1047 3033 suis,
1074 2978 1128 3024 et
1162 2967 1481 3022 adversariis
1511 2967 1777 3021 indicabat
1805 2982 1916 3021 sua:

327 3065 580 3135 potentiae
626 3061 1066 3131 magnitudinem.
1117 3059 1252 3114 Nam
1294 3060 1558 3114 elementa
1604 3060 1717 3128 ipsa
1762 3073 1914 3112 suum

325 3153 681 3209 ministerium
730 3161 784 3207 et
830 3152 1149 3222 obsequium
1189 3152 1462 3205 conservis
1511 3150 1913 3214 demonstrant,

328 3242 539 3317 quando
565 3242 824 3297 benevole
866 3242 1121 3296 Dominus
1145 3256 1267 3310 erga
1298 3240 1415 3293 illos
1442 3239 1691 3293 afficitur.
1721 3239 1790 3294 Et
1816 3240 1917 3293 hoc

327 3336 509 3404 tuique
548 3334 737 3388 viderit
777 3334 896 3403 quis
940 3332 1063 3387 huic
1104 3332 1251 3401 justo
1298 3331 1625 3400 contingere.
1676 3330 1731 3384 Id
1772 3330 1913 3385 enim

326 3428 467 3498 quod
506 3427 704 3498 alioqui
748 3436 934 3481 natura
977 3434 1132 3480 terrae
1171 3440 1275 3478 non
1315 3423 1529 3490 habuit,
1565 3423 1665 3476 hoc
1700 3432 1915 3492 pr0pter

327 3520 634 3575 mandatum
662 3520 1028 3574 universorum
1061 3518 1151 3572 Dei
1183 3532 1322 3570 nunc
1356 3516 1555 3585 profert
1580 3523 1723 3569 tanta
1752 3514 1911 3570 uber-

325 3620 461 3675 tate,
504 3620 560 3664 ιιι
596 3618 816 3680 repente
858 3609 1009 3662 valde
1048 3607 1238 3676 opibus
1279 3605 1554 3660 abundans
1591 3604 1810 3660 effectus
1844 3604 1913 3658 sit

323 3700 489 3755 Isaac.
518 3699 779 3753 Benediait
808 3699 969 3763 enim,
998 3698 1196 3767 inquit,
1229 3713 1339 3750 eum
1368 3695 1506 3749 Deus
1525 3738 1539 3761 ,
1573 3696 1660 3749 15.
1689 3706 1736 3748 et
1765 3694 1911 3748 exal-

324 3802 457 3847 tatus
480 3803 552 3846 est
577 3792 746 3856 homo,
769 3805 814 3847 et
840 3792 1117 3861 procedens
1142 3792 1306 3859 major
1326 3789 1493 3857 ﬁebat,
1520 3789 1676 3842 donec
1699 3805 1911 3858 magnus

322 3889 488 3953 factus
526 3895 595 3937 est
630 3883 797 3936 valde.
830 3882 959 3936 Nam
986 3882 1107 3951 quia
1137 3890 1263 3935 tunc
1290 3881 1612 3934 abundantia
1645 3879 1908 3949 justorum

322 3986 437 4033 erat
467 3977 517 4029 in
550 3976 822 4030 fertilitate
852 3985 1042 4037 terrai,
1070 3984 1124 4027 et
1150 3975 1201 4027 in
1233 3972 1571 4027 multitudine
1609 3986 1860 4041 pecorum
1894 3987 1907 4026 :

325 4080 601 4138 propterea
640 4067 801 4129 dicit,
836 4064 1099 4119 Benedixit
1126 4081 1239 4118 eum
1271 4064 1410 4119 Deus
1433 4105 1448 4130 ,
1479 4074 1525 4117 et
1557 4063 1808 4117 exaltatus
1837 4072 1911 4118 est

323 4163 475 4215 homo
495 4203 510 4227 ,
540 4159 591 4214 id
616 4168 698 4214 est
717 4201 732 4224 ,
761 4157 1048 4213 abundavit
1076 4174 1091 4211 :
1118 4164 1172 4210 ct
1197 4171 1301 4210 non
1332 4155 1645 4224 simpliciter
1673 4154 1909 4209 abunda-

316 4255 430 4318 vit,
462 4251 556 4306 sed
587 4260 639 4305 et
671 4247 873 4320 Major,
905 4248 1114 4318 inquit,
1140 4248 1289 4317 ﬁebat
1317 4248 1472 4299 donec
1497 4261 1710 4315 magnus
1740 4245 1906 4313 facta:

317 4357 389 4400 est
417 4345 580 4398 valde.
613 4342 905 4397 Considera
933 4341 1073 4395 enim
1102 4348 1357 4409 quantum
1399 4338 1505 4404 sit,
1547 4352 1642 4406 pro
1682 4336 1747 4391 iis
1786 4351 1905 4405 quae

317 4436 613 4491 seminabat
637 4433 943 4502 centuplum
972 4432 1236 4500 accipere.
1268 4429 1418 4497 Quod
1457 4428 1503 4482 si
1538 4428 1638 4482 hoc
1666 4427 1756 4483 tibi
1786 4443 1902 4483 ma-

317 4547 480 4602 gnum
510 4530 735 4592 videtur,
760 4526 1036 4581 considera
1066 4524 1379 4578 immensam
1408 4521 1500 4575 Dei
1527 4521 1865 4574 clementiam
1886 4561 1901 4585 ,

319 4638 480 4692 quam
504 4634 755 4690 processu
784 4617 1037 4685 temporis
1066 4630 1188 4683 erga
1217 4629 1313 4667 nos
1337 4611 1641 4668 declaravit.
1667 4611 1736 4665 Iis
1761 4612 1904 4664 enim

317 4716 407 4785 qui
438 4722 557 4783 post
579 4713 693 4781 ejus
717 4709 1005 4764 adventum
1030 4708 1279 4761 virtutem
1306 4713 1575 4768 exercent,
1601 4720 1703 4759 non
1731 4703 1903 4757 solum

316 4804 626 4873 centuplum
665 4802 751 4855 hic
793 4798 1087 4867 promittit,
1116 4797 1208 4851 sed
1238 4804 1290 4850 et
1322 4797 1486 4851 vitam
1523 4806 1779 4847 aeternam
1803 4833 1817 4856 ,
1850 4802 1905 4847 et

317 4896 469 4966 regni
487 4894 739 4953 malorum
767 4890 1177 4960 possessionem.
1202 4886 1389 4940 Vidisti
1414 4884 1784 4941 liberalitatem
1806 4883 1905 4936 Do-

315 4990 483 5044 mini?
519 4986 697 5040 vidisti
728 4982 1091 5037 beneficentize
1118 4977 1500 5050 augmentum?
1528 4976 1705 5030 vidisti
1736 4992 1902 5044 quau-

319 5090 429 5135 tum
460 5078 613 5132 nobis
648 5075 867 5143 largitus
892 5083 975 5128 est
1004 5070 1257 5141 unigeniti
1298 5069 1420 5128 Filii
1462 5067 1555 5121 Dei
1597 5066 1903 5121 adVentus?

317 5170 582 5241 quomodo
608 5167 930 5225 ineffabilem
955 5178 1136 5219 rerum
1163 5161 1631 5219 commutationem
1654 5168 1902 5229 operatus

317 5263 439 5317 est?
479 5260 604 5314 ﬂare
645 5257 802 5328 igitur
840 5254 1202 5324 unusquisque
1236 5251 1372 5321 apud
1405 5265 1463 5305 se
1487 5249 1821 5319 expendens,
1850 5258 1902 5304 et

316 5355 501 5409 videns
526 5349 877 5406 differentiam
904 5349 1043 5402 inter
1065 5362 1127 5400 ea
1150 5360 1267 5415 quae
1293 5344 1395 5397 illis
1417 5353 1540 5397 ante
1563 5343 1744 5412 gratia:
1772 5352 1898 5406 tem-

318 5463 418 5517 pus
459 5443 695 5514 promitti
732 5439 1006 5504 solebant,
1038 5446 1092 5491 et
1133 5451 1195 5489 ea
1232 5450 1351 5504 quae
1389 5448 1529 5487 nunc
1562 5441 1683 5501 post
1718 5430 1901 5501 gratia:

322 5549 547 5607 tempus,
574 5534 832 5605 glorificet
855 5531 1017 5586 etiam
1042 5530 1096 5583 in
1130 5527 1231 5582 hoc
1260 5526 1573 5582 immensam
1600 5523 1714 5593 ejus
1742 5522 1901 5577 mise-

320 5629 602 5686 ricordiam
622 5669 635 5690 ,
667 5634 721 5680 et
758 5639 825 5678 ne
857 5631 1165 5692 temporum
1190 5615 1468 5672 mutationi
1499 5624 1666 5668 totum
1701 5612 1901 5667 adscri-

322 5723 428 5785 bat.
460 5721 523 5782 At
550 5734 642 5791 par
671 5726 749 5772 est
774 5723 831 5770 ut
862 5712 931 5768 ad
968 5710 1161 5767 seriem
1202 5706 1463 5765 sermonis
1502 5704 1780 5765 redeamus
1801 5742 1816 5770 ,
1846 5710 1899 5757 ut

1398 316 1462 370 Il‘
1501 316 1651 373 CAP.
1690 318 1875 373 XXVI.
1920 320 2161 380 GENES.
2204 328 2432 390 IIOMIL.
2475 336 2586 392 LII.

3528 369 3630 426 458

2057 438 2327 499 videamus
2360 452 2625 516 quomodo
2665 454 2918 514 Gerareni
2964 464 3200 522 videntes
3235 470 3454 530 affluere
3487 479 3632 545 justo

2046 543 2219 628 Opes,
2242 534 2295 588 in
2336 542 2728 600 :emulationem
2775 557 3045 617 provocati
3086 559 3301 628 abigere
3339 580 3462 620 eum
3487 534 3631 626 vinde

2046 624 2220 729 conati
2247 638 2389 729 sunt.
2422 632 2509 692 M,
2542 632 2615 684 1E
2622 639 2797 690 mutati
2819 653 2931 694 sunt
2958 646 3090 697 enim
3115 624 3243 709 euut,
3270 652 3457 720 lnquit,
3489 624 3627 729 Phy;

2047 711 2235 766 listiim.
2269 716 2464 775 Deinde
2490 736 2787 784 monstrare
2822 734 3007 789 volens
3033 736 3303 808 Scriptura
3336 711 3542 813 divina,
3573 711 3627 806 in

2043 816 2149 867 quo
2169 806 2561 865 :emulationem
2580 814 2939 888 declararunt,
2966 806 3197 883 subdidit
3221 848 3234 884 :
3265 835 3345 888 l5.
3374 836 3436 888 Et
3458 806 3628 895 onum

2042 900 2220 957 puteos
2240 935 2254 959 ,
2281 899 2710 994 quos-effoderunt
2735 912 2863 963 servi
2892 924 3112 985 tempOre
3131 923 3288 988 patris
3314 929 3422 993 ejus
3440 968 3456 994 ,
3484 929 3627 982 obtu~

2039 996 2298 1045 raverunt,
2330 1000 2377 1039 et
2406 989 2737 1059 impleverunt
2766 1007 2919 1053 terra.

2110 1070 2311 1127 Invidia
2357 1076 2723 1138 Germ-enarunt
2751 1102 2960 1153 quanta.
2987 1126 3048 1134 —
3077 1097 3364 1158 Considera
3411 1122 3605 1176 quanta

2038 1161 2251 1219 illorum
2276 1166 2568 1225 incolarum
2597 1175 2830 1243 malitia,
2858 1182 2949 1249 qui
2997 1194 3050 1237 et
3091 1202 3256 1256 aquas
3294 1161 3444 1260 justd
3482 1199 3619 1255 invi-

2037 1251 2201 1349 dent:
2235 1272 2405 1325 neque
2436 1277 2527 1315 rex
2552 1304 2566 1326 ,
2593 1266 2681 1331 qui
2724 1266 2772 1320 in
2803 1277 2945 1324 tanta
2993 1251 3252 1341 potestate
3294 1251 3409 1337 erat
3434 1327 3447 1349 ,
3483 1289 3619 1342 invi-

2034 1342 2175 1399 diam
2215 1347 2232 1378 ¹
2256 1351 2531 1406 continere
2570 1358 2774 1423 potuit;
2808 1360 2903 1414 sed
2947 1363 3077 1418 dicit
3108 1387 3121 1418 ;
3159 1370 3245 1422 16.
3273 1372 3367 1425 Abi
3403 1342 3615 1445 ornabis,

2033 1438 2152 1504 quia
2182 1443 2432 1507 potentior
2457 1446 2596 1499 nobis
2618 1450 2781 1517 factus
2804 1466 2855 1504 es
2881 1455 3044 1509 valde.
3084 1457 3267 1529 Magna
3295 1438 3619 1522 malevoleu;

1978 1576 1980 1580 _
2038 1527 2130 1581 tia.
2161 1529 2321 1621 Cujus
2347 1535 2513 1600 gratia
2543 1537 2709 1607 abigis
2727 1540 2927 1609 justum
2955 1546 2979 1597 εν
3009 1563 3133 1601 num
3162 1527 3333 1621 aliqua
3360 1554 3412 1610 in
3439 1573 3496 1612 re
3525 1560 3618 1614 tibi

2032 1618 2206 1671 nocuit
2222 1620 2250 1701 χῖ
2289 1636 2415 1675 num
2442 1624 2684 1692 injuriam
2709 1629 2927 1686 intulit?
2957 1634 3060 1689 Sed
3095 1638 3163 1691 ita
3199 1618 3267 1696 si;
3290 1643 3447 1699 habet
3478 1648 3617 1703 invi-

2029 1708 2148 1773 dia;
2177 1711 2307 1766 nihil
2330 1729 2450 1768 cum
2479 1719 2685 1774 ratione
2714 1736 2984 1791 operatur.
3010 1729 3137 1783 Cum
3166 1734 3305 1788 enim
3345 1743 3615 1806 oportuis-

2028 1810 2110 1853 set
2129 1818 2272 1867 eum,
2300 1820 2456 1872 quem
2482 1808 2692 1864 videbat
2721 1823 2863 1868 tanta
2894 1821 3128 1874 omnium
3163 1825 3253 1879 Dei
3284 1826 3610 1886 benevolen-

2029 1891 2099 1945 tia
2144 1890 2429 1962 fruentem,
2460 1900 2626 1967 magis
2660 1901 2839 1958 fovere
2878 1918 2932 1960 et
2956 1909 3165 1977 colere,
3199 1926 3255 1969 ut
3305 1918 3507 1975 honore
3558 1924 3613 1978 in

2028 1980 2174 2034 illum
2203 1984 2397 2040 collato
2416 2026 2431 2049 ,
2461 1989 2618 2041 etiam
2648 1990 2759 2059 ipse
2780 1994 3013 2050 divinum
3041 2001 3137 2054 sibi
3167 2002 3403 2060 favorem
3431 2013 3612 2065 conci-

2028 2069 2181 2124 liaret
2213 2088 2227 2124 :
2255 2071 2343 2127 ille
2385 2091 2489 2128 non
2522 2077 2695 2132 solum
2729 2080 2830 2136 hoc
2869 2100 2973 2137 non
3024 2086 3184 2156 facit,
3214 2094 3306 2146 sed
3349 2099 3612 2165 expellere

2028 2168 2194 2215 tentat
2224 2178 2286 2216 ac
2312 2163 2440 2218 dicit
2469 2184 2481 2218 :
2509 2167 2596 2221 16.
2630 2169 2723 2222 Abi
2765 2188 2795 2223 a
2824 2175 2985 2240 nobis,
3015 2178 3133 2244 quia
3178 2185 3335 2235 multo
3364 2163 3613 2252 potentior

2026 2253 2194 2319 factus
2214 2268 2286 2318 es,
2318 2270 2468 2322 quam
2489 2272 2581 2309 nos
2602 2274 2794 2314 sumus.
2824 2261 2900 2316 Ita
2928 2280 3085 2333 agere
3122 2270 3259 2323 solet
3284 2274 3570 2331 invidentia
3593 2294 3607 2340 ;

2028 2356 2134 2393 non
2172 2350 2347 2410 potest
2387 2344 2613 2415 benigne
2665 2349 2844 2405 videre
2885 2354 3106 2409 aliorum
3136 2356 3482 2430 felicitatem,
3516 2368 3607 2421 sed

2026 2429 2330 2487 felicitatem
2356 2436 2579 2503 proximi
2610 2452 2761 2493 suam
2793 2452 2939 2509 putat
2966 2444 3349 2515 infelicitatem,
3379 2462 3432 2506 et
3464 2429 3608 2509 tabe-

2024 2520 2125 2572 scit
2155 2520 2306 2575 bonis
2332 2524 2560 2591 proximi
2586 2544 2598 2579 :
2630 2526 2680 2581 id
2703 2530 2844 2597 quod
2874 2541 2922 2585 el
2954 2533 3039 2587 hic
3064 2537 3272 2591 accidit.
3307 2540 3417 2594 Rex
3440 2545 3603 2608 enim,

2022 2610 2123 2665 sub
2142 2613 2292 2680 cujus
2322 2622 2580 2683 potestate
2608 2624 2712 2672 tota
2736 2622 2921 2676 civitas
2949 2634 3083 2690 erat,
3114 2636 3165 2681 et
3192 2628 3392 2684 habens
3420 2649 3606 2690 omnes

2022 2702 2121 2755 sub
2146 2718 2302 2757 manu
2332 2718 2447 2772 sua,
2479 2710 2782 2777 peregrino,
2815 2728 2969 2782 vago,
3001 2714 3104 2770 huc
3132 2728 3185 2772 et
3214 2719 3339 2775 illuc
3359 2724 3606 2793 migranti

2020 2793 2149 2847 dicit
2176 2795 2310 2851 :Abi
2332 2814 2363 2849 a
2387 2798 2529 2852 nobis
2554 2840 2567 2861 ,
2595 2802 2713 2870 quia
2757 2806 3006 2872 potentior
3029 2810 3195 2878 factus
3226 2828 3298 2874 es,
3324 2830 3473 2882 quam
3514 2834 3605 2871 nos

2020 2899 2209 2937 sumus.
2240 2884 2308 2939 Et
2347 2902 2470 2941 vere
2498 2891 2764 2956 potentior
2784 2902 2897 2947 erat
2918 2937 2931 2960 ,
2968 2911 3256 2965 supernum
3298 2906 3604 2972 prwsidium

2023 2973 2225 3029 habens
2271 2976 2323 3030 in
2373 2978 2641 3048 omnibus,
2668 2980 2999 3055 dexteraque
3044 2987 3135 3042 Dei
3181 2992 3432 3046 munitus.
3488 2998 3603 3062 Quo

2021 3064 2181 3134 igitur
2213 3066 2381 3137 abigis
2404 3069 2605 3138 justum
2629 3071 2653 3124 ?
2679 3073 2891 3142 ignoras
2929 3077 3069 3146 quod
3104 3095 3439 3151 quocumque
3480 3100 3600 3139 eum

2019 3156 2096 3210 ire
2120 3159 2380 3227 coegeris,
2417 3175 2630 3231 semper
2652 3164 2753 3217 erit
2782 3164 2832 3217 in
2858 3165 2920 3219 iis
2944 3183 3062 3236 quae
3094 3168 3301 3224 Domini
3329 3173 3411 3226 sui
3435 3177 3604 3228 sunt?

2020 3262 2124 3300 non
2152 3247 2334 3303 docuit
2378 3259 2430 3305 te
2468 3267 2648 3306 rerum
2678 3257 3003 3323 experientia
3026 3299 3039 3319 ,
3071 3258 3163 3312 Dei
3214 3276 3428 3315 manum
3459 3278 3596 3329 esse,

2016 3351 2135 3405 qum
2162 3337 2423 3393 illustrem
2451 3340 2574 3396 facit
2602 3350 2656 3396 et
2684 3355 2963 3399 conservat
2981 3346 3183 3415 justum
3205 3350 3420 3417 ?Quare
3444 3353 3601 3419 igitur

2014 3423 2277 3495 abigendo
2301 3427 2530 3497 justum,
2562 3446 2687 3503 erga
2735 3433 3014 3489 Dominum
3062 3438 3179 3506 ejus
3234 3448 3287 3494 te
3330 3446 3596 3510 ingratum

2019 3514 2299 3571 declaras?
2320 3528 2374 3573 et
2399 3536 2570 3589 neque
2595 3537 2784 3593 magna
2806 3525 2905 3578 viri
2936 3529 3288 3583 mansuetudo
3315 3538 3457 3583 tuam
3495 3532 3595 3585 do-

2013 3622 2162 3662 mare
2189 3608 2363 3677 potuit
2404 3610 2678 3679 invidiam,
2710 3614 2802 3668 sed
2833 3615 3003 3670 victus
3039 3633 3069 3671 a
3111 3620 3317 3681 morbo,
3346 3621 3595 3677 invidiam

2013 3714 2176 3768 opere
2196 3701 2454 3769 comples,
2484 3713 2538 3757 et
2563 3704 2752 3758 iterum
2781 3705 3009 3775 migrare
3052 3724 3173 3761 eum
3204 3709 3380 3777 cogis,
3408 3712 3495 3779 qui
3540 3728 3594 3781 in

2012 3791 2161 3844 nullo
2183 3799 2233 3844 te
2260 3790 2431 3844 laesit?
2458 3792 2645 3847 Nescis
2663 3794 2802 3861 quod
2833 3796 2957 3849 licet
2987 3797 3039 3850 in
3071 3798 3390 3866 ipsissimam
3413 3802 3597 3856 solitu-

2012 3877 2192 3933 dinem
2222 3893 2345 3933 eum
2384 3880 2599 3950 fugaris,
2630 3882 2792 3937 habet
2820 3892 2994 3939 tamen
3040 3886 3107 3939 ita
3137 3888 3388 3944 solertem
3418 3891 3594 3946 Domi-

2011 3986 2159 4036 num,
2183 3979 2240 4024 ut
2258 3986 2318 4024 se
2338 3971 2418 4025 vel
2442 3971 2548 4026 illic
2567 3958 2866 4028 versantem
2884 3975 3051 4029 multo
3071 3977 3346 4033 clariorem
3370 3980 3595 4037 reddere

2010 4062 2215 4131 possit?
2231 4062 2369 4117 Nihil
2387 4063 2527 4118 enim
2545 4064 2811 4121 robustius
2829 4082 2893 4122 eo
2909 4069 2993 4137 qui
3014 4068 3201 4123 fruitur
3220 4086 3450 4139 superno
3464 4088 3591 4141 pra:-

2009 4154 2145 4209 sidio
2169 4170 2181 4207 :
2206 4154 2343 4209 sicut
2360 4155 2488 4209 nihil
2500 4156 2758 4211 infirmius
2775 4173 2840 4213 eo
2853 4160 2939 4228 qui
2962 4159 3044 4213 tali
3060 4161 3254 4214 auxilio
3267 4161 3587 4219 destituitur.

2079 4243 2133 4296 2.
2177 4242 2326 4297 Nihil
2350 4245 2600 4300 robustius
2625 4263 2680 4301 eo
2708 4264 2857 4315 quem
2896 4248 3030 4303 Deus
3060 4251 3227 4320 juvat.
3255 4280 3328 4292 —-
3356 4253 3545 4308 Vidisti
3570 4296 3583 4318 ,

2010 4335 2228 4403 dilecte,
2257 4346 2312 4391 et
2331 4338 2470 4407 regis
2494 4338 2814 4393 Gcrarorum
2832 4381 2847 4405 ,
2876 4348 2931 4394 et
2959 4342 3195 4395 omnium
3216 4344 3306 4412 qui
3335 4342 3404 4398 ibi
3440 4344 3591 4399 habi-

2011 4426 2193 4479 tabant
2214 4426 2407 4480 mentis
2433 4427 2727 4481 malitiam?
2753 4428 2883 4483 Vide
2911 4440 2965 4483 et
2986 4429 3112 4497 justi
3161 4446 3403 4500 magnam
3434 4448 3588 4486 man-

2007 4517 2364 4580 suetudinem,
2392 4517 2661 4586 quomodo
2691 4532 2796 4572 non
2832 4519 3141 4586 superbivit,
3192 4536 3364 4590 neque
3401 4522 3586 4578 videns

2006 4608 2181 4675 reipsa
2206 4605 2443 4659 divinam
2473 4606 2573 4659 sibi
2601 4610 2824 4676 gratiam
2853 4608 3107 4662 assistere
3125 4648 3141 4673 ,
3175 4618 3357 4664 contra
3383 4626 3586 4681 regem,

2006 4696 2173 4752 frctus
2196 4696 2594 4751 commilitantis
2621 4696 2838 4761 virtute,
2866 4696 3150 4750 iusurrexit
3175 4714 3187 4749 :
3213 4698 3306 4751 sed
3331 4699 3480 4767 quasi
3506 4702 3591 4754 vir

2007 4788 2150 4841 omni
2183 4787 2476 4857 patrocinio
2503 4800 2713 4851 carens,
2745 4794 2798 4839 et
2827 4785 3031 4839 nullum
3062 4786 3313 4840 auxilium
3343 4787 3588 4843 alicunde

2006 4886 2340 4947 exspectans,
2375 4876 2539 4930 multa
2566 4890 2685 4930 cum
2720 4875 3143 4939 mansuetudine,
3176 4891 3243 4931 ne
3266 4877 3440 4932 verbis
3465 4880 3586 4948 qui-

2005 4971 2127 5025 dem
2155 4972 2405 5025 resistens
2426 5009 2440 5032 ,
2495 4968 2719 5022 faciebat
2742 4967 2881 5037 quod
2908 4966 3007 5022 sibi
3033 4981 3063 5021 a
3091 4982 3213 5038 rege
3244 4970 3588 5040 prarcipieba-

2007 5073 2092 5117 tur
2116 5104 2130 5128 ,
2162 5071 2215 5115 et
2243 5061 2418 5115 statim
2448 5061 2590 5114 illinc
2618 5060 2863 5115 discessit
2888 5078 2901 5114 :
2928 5070 2977 5113 et
3004 5060 3226 5116 ulterius
3249 5078 3584 5132 progressus,

2007 5153 2262 5223 repressit
2302 5149 2628 5221 aegritudinis
2682 5149 2988 5211 flammam,
3033 5150 3191 5204 simul
3238 5160 3295 5206 et
3333 5153 3580 5206 eximiam

2004 5259 2152 5299 suam
2184 5243 2639 5298 mansuetudinem
2667 5241 2965 5308 declarans,
2984 5252 3037 5297 et
3062 5243 3200 5297 illius
3221 5244 3581 5312 perturbatum

2005 5336 2239 5391 animum
2267 5335 2534 5403 mitigans.
2569 5334 2655 5387 17.
2690 5333 2756 5386 Et
2807 5333 2928 5386 abiit
2982 5333 3116 5397 inde,
3161 5341 3207 5385 et
3250 5332 3491 5385 habitavit
3528 5334 3581 5386 in

2002 5428 2132 5485 valle
2159 5426 2486 5481 Gerarorum.
2533 5425 2598 5479 Et
2626 5424 2677 5479 id
2704 5423 2844 5494 quod
2889 5423 3159 5492 discipulis
3186 5422 3296 5476 suis
3333 5422 3581 5478 omnibus

2004 5520 2245 5576 Christus
2284 5517 2573 5573 adveniens
2607 5515 2866 5585 praecipit,
2896 5515 3117 5569 dicens:
3149 5512 3366 5579 Quando
3412 5528 3579 5581 perse-

2003 5620 2214 5684 quentur
2251 5627 2357 5678 vos,
2401 5610 2557 5681 fugite
2603 5608 2655 5662 in
2684 5608 2841 5660 alium
2876 5607 3041 5660 locum
3084 5602 3294 5675 (Matth.
3321 5605 3408 5661 10.
3436 5603 3527 5677 23)
3559 5622 3572 5659 :

2064 5711 2079 5742 ¹
2116 5717 2318 5770 Quatuor
2340 5715 2471 5771 Mss,
2493 5705 2882 5771 increpationcm.
