4150 6276
597 291 705 348 459

597 402 698 457 hoc
722 401 810 456 ille
833 401 942 470 jam
966 398 1215 468 operibus
1239 396 1536 454 exhibebat.
1566 397 1629 450 Et
1654 395 1793 450 sicut
1821 393 1984 447 David
2017 393 2152 447 Sau-

601 494 666 547 lis
688 507 930 562 magnam
955 490 1202 544 invidiam
1233 487 1582 556 reprimebat,
1611 484 1866 540 secedens
1884 493 1939 538 et
1962 481 2162 538 subdu-

593 599 723 636 ccns
742 597 820 644 se,
849 591 903 635 et
934 580 1071 634 illius
1099 576 1446 646 refrigerabat
1480 575 1723 629 ardorem
1752 574 1824 646 (l.
1859 571 1985 641 Reg.
2020 571 2119 640 i9)
2145 586 2158 622 :

593 673 782 728 eodem
808 686 935 725 sane
954 669 1112 724 modo
1131 677 1185 722 et
1205 669 1376 736 justus
1402 667 1488 722 ille
1514 666 1861 742 apostolicum
1904 663 2032 719 illud
2062 664 2162 718 im-

590 766 803 835 plebat:
832 761 964 814 Date
987 763 1151 814 locum
1171 761 1260 813 ine
1291 758 1461 830 (Rom.
1483 758 1569 813 12.
1596 757 1683 826 19)
1711 773 1725 810 :
1753 765 1808 814 et
1833 756 2013 812 relicta
2035 755 2160 809 civi-

589 865 714 918 tate,
743 854 870 909 exiit
893 854 944 906 in
967 852 1180 910 vallem.
1206 851 1467 917 Craterum
1504 849 1622 905 vide
1647 859 1893 924 quantam
1920 848 2027 920 illic
2054 847 2155 901 ite-

588 960 704 1000 rum
757 942 1212 997 mansuetudinem
1251 955 1361 1008 prte
1402 955 1461 996 se
1496 940 1634 1008 tulit.
1681 939 1862 1010 Neque
1901 940 2042 1013 enim
2073 938 2158 994 hic

586 1035 705 1088 linis
730 1033 826 1090 fuit
853 1032 1211 1088 molestiarum
1242 1047 1257 1084 :
1286 1046 1410 1085 nam
1435 1045 1554 1084 cum
1584 1030 1742 1084 etiam
1770 1029 1874 1082 illic
1901 1038 2074 1102 esset,
2103 1037 2158 1084 et

584 1127 758 1180 fontes
773 1125 1005 1193 effodere
1021 1124 1200 1188 vellet,
1221 1123 1363 1176 rixas
1381 1130 1678 1184 moverunt.
1705 1121 1788 1174 l8.
1815 1119 1969 1177 Fodit
1989 1121 2154 1184 enim,

585 1217 774 1285 inquit,
797 1225 1008 1286 puteos,
1036 1229 1159 1286 quos
1203 1223 1318 1266 ante
1360 1213 1502 1281 pueri
1543 1213 1699 1284 patris
1745 1213 1852 1281 ejus
1895 1213 2150 1280 fecerant,

579 1317 628 1360 et
656 1307 1004 1360 obturaverunt
1031 1303 1342 1373 Pltylistiim,
1373 1313 1420 1355 et
1439 1302 1672 1370 imposuit
1697 1303 1768 1355 eis
1793 1303 2017 1373 nomina,
2043 1316 2156 1372 qum

580 1408 726 1467 pater
747 1413 868 1451 suus
894 1397 1221 1462 imposuerat.
1259 1393 1344 1448 i9.
1375 1391 1439 1446 Et
1467 1393 1722 1463 foderunt,
1754 1392 1922 1460 inquit
1949 1432 1964 1456 ,
2012 1394 2153 1460 pueri

579 1487 752 1553 Isaac,
781 1497 828 1540 et
860 1487 1147 1542 invenerunt
1183 1492 1386 1554 puteum
1429 1498 1574 1547 aqua:
1613 1482 1819 1536 viventis
1857 1497 1875 1535 :
1908 1481 2007 1535 hoc
2032 1490 2149 1546 est,

578 1577 766 1630 subtus
791 1574 1142 1638 scaturientis.
1172 1572 1263 1627 20.
1295 1572 1360 1626 Et
1385 1573 1702 1643 litigaverunt
1730 1579 1956 1642 pastores
1993 1570 2150 1625 Cera-

576 1681 768 1729 rorum,
804 1664 1019 1720 dicentes
1045 1679 1162 1716 suas
1188 1678 1294 1726 esse
1317 1678 1494 1730 aquas.

648 1752 982 1806 Mansuetudo
1001 1768 1115 1804 vera
1135 1766 1264 1820 qua’.
1281 1750 1535 1804 Patientia
1555 1749 1740 1812 Isaaci.
1754 1749 1921 1804 —Hic
1941 1765 2149 1820 quoque

575 1843 706 1904 nihil
745 1841 1020 1896 contendit
1060 1843 1235 1910 justus
1255 1882 1270 1907 ,
1300 1856 1470 1908 neque
1494 1841 1814 1904 obluctatur,
1842 1841 1935 1895 sed
1985 1842 2144 1896 etiam

575 1933 873 2000 pastoribus
902 1931 1061 1986 cedit.
1083 1932 1206 1986 llzec
1233 1931 1375 1986 enim
1405 1931 1896 1993 verevmansuetudo
1917 1940 2020 1995 est,
2040 1947 2144 1987 non

571 2023 786 2092 quando
815 2023 934 2092 quis
959 2021 1192 2076 offensus
1221 2037 1249 2075 a
1279 2023 1664 2092 potentioribus
1693 2033 1969 2078 mansuete
1999 2022 2099 2078 fert
2127 2041 2141 2078 :

567 2112 659 2168 sed
691 2111 898 2182 quando
921 2111 1039 2180 quis
1084 2111 1152 2166 ab
1179 2111 1244 2166 iis
1285 2112 1445 2167 etiam
1475 2113 1565 2182 qui
1595 2113 1871 2167 inferiores
1896 2121 2144 2181 putantur

567 2202 800 2258 offensus
829 2203 969 2258 cedit
997 2220 1009 2256 :
1036 2212 1161 2262 tunc
1190 2203 1332 2268 enim
1355 2203 1473 2273 ejus
1500 2204 1590 2271 qui
1609 2202 1874 2258 invaditur
1893 2218 2144 2258 mansue-

567 2293 733 2350 tudini
757 2303 922 2346 tmum
949 2293 1267 2348 adscribitur
1293 2310 1306 2346 :
1339 2309 1463 2348 nam
1491 2292 1622 2346 alias
1642 2293 1842 2348 diceret
1863 2293 1999 2360 quis,
2021 2308 2142 2346 eum

567 2383 1021 2450 mansuetudinem
1049 2383 1330 2436 simulasse
1353 2424 1370 2449 ,
1399 2383 1521 2451 quia
1558 2397 1662 2435 non
1696 2390 1873 2450 posset
1897 2383 2144 2459 potentiae

566 2472 880 2527 offendentis
908 2473 1175 2526 resistere.
1208 2471 1313 2526 Sed
1343 2480 1400 2526 ut
1427 2473 1602 2527 discas
1626 2487 1746 2526 eum
1765 2471 1873 2540 regi
1894 2471 2140 2540 cessisse,

566 2579 672 2636 non
696 2571 908 2632 prepter
928 2563 1212 2631 potentiam
1236 2562 1349 2632 ejus
1373 2604 1388 2628 ,
1420 2562 1515 2618 sed
1545 2577 1640 2617 suo
1665 2577 1813 2616 more
1845 2573 2091 2637 agentem
2125 2581 2138 2616 :

566 2651 690 2707 vide
719 2651 986 2720 quomodo
1009 2651 1149 2714 idem
1175 2652 1314 2720 apud
1333 2663 1568 2722 pastores
1598 2651 1771 2707 faciat.
1799 2653 1865 2706 Et
1889 2653 2027 2708 sicut
2055 2653 2142 2708 ille

568 2747 803 2811 dicebat,
835 2745 1031 2799 Recede
1079 2763 1112 2798 a
1153 2746 1295 2800 nobis
1325 2763 1344 2800 :
1374 2755 1428 2801 et
1483 2748 1682 2812 statim,
1725 2747 1879 2816 quasi
1923 2756 2142 2814 accepto

565 2841 817 2896 mandato
837 2879 852 2902 ,
891 2839 1145 2894 abscessit
1168 2858 1181 2892 :
1204 2841 1277 2894 ita
1315 2848 1370 2895 et
1395 2854 1562 2904 nunc,
1592 2840 1891 2911 pastoribus
1946 2839 2141 2895 hedcrc

565 2930 929 2998 cupientibus,
959 2938 1012 2984 et
1061 2937 1281 2998 puteum
1317 2929 1422 2984 sibi
1468 2930 1885 2996 vindicantibus,
1917 2930 2136 2986 recedit.

567 3021 743 3088 Atque
788 3029 845 3073 ut
888 3029 1145 3090 perpetuo
1169 3019 1306 3074 hanc
1333 3020 1646 3089 injustitiam
1675 3024 1871 3074 scirent
1918 3021 2135 3089 posteri,

561 3123 752 3163 nomen
779 3109 1000 3177 imponit
1021 3119 1180 3179 puteo
1204 3126 1270 3164 ex
1299 3125 1364 3165 eo
1383 3110 1526 3178 quod
1551 3110 1830 3165 acciderat.
1855 3110 2137 3165 Enimvero

568 3200 689 3272 quia
720 3199 1052 3252 manifestam
1080 3200 1404 3253 admiserant
1432 3199 1762 3270 injustitiam,
1795 3198 2000 3253 Vocavit
2043 3215 2137 3253 no-

560 3303 674 3340 men
704 3288 840 3356 putei
863 3327 878 3352 ,
911 3285 1035 3339 Loci
1081 3287 1347 3356 iujustitia.
1385 3287 1453 3342 Et
1495 3299 1610 3342 erat
1637 3299 1820 3356 postea
1839 3329 1854 3354 ,
1881 3289 2031 3358 quasi
2083 3289 2136 3343 in

566 3376 813 3429 columna
834 3390 992 3439 aerea,
1023 3375 1251 3443 posteris
1282 3391 1471 3430 nomen
1501 3376 1604 3431 loci
1633 3376 1872 3431 doctrina
1908 3386 1962 3431 et
1988 3393 2136 3432 man-

561 3463 860 3519 suetudinis
881 3464 1040 3533 justi,
1075 3473 1129 3519 et
1157 3465 1449 3533 iniquitatis
1475 3466 1708 3520 illorum.
1756 3466 1963 3522 Nomen
1990 3469 2134 3523 enim

558 3553 660 3609 loci
693 3554 934 3620 faciebat,
980 3565 1038 3609 ut
1059 3555 1298 3625 quisquis
1321 3564 1537 3624 rogaret
1563 3571 1848 3627 quarenam
1876 3558 1953 3611 sic
1975 3573 2136 3612 voca-

557 3657 726 3711 retur,
758 3644 987 3700 disceret
1013 3653 1069 3700 et
1103 3645 1266 3715 hujus
1307 3646 1556 3701 virtutem
1583 3687 1598 3712 ,
1626 3656 1679 3702 et
1710 3647 1976 3717 ingentem
2013 3648 2134 3701 illo-

555 3749 674 3788 rum
715 3734 991 3788 malitiam.
1031 3733 1651 3806 Animadverte,quteso,
1673 3736 1942 3806 quomodo
1971 3737 2131 3790 etiam

559 3825 647 3888 hic
675 3841 822 3880 suam
845 3833 1032 3897 augeat
1056 3823 1324 3893 virtutem,
1355 3843 1450 3898 per
1473 3828 1650 3885 omnia
1676 3829 2131 3890 mansuetudinem

554 3931 706 3970 suam
741 3915 999 3971 exhibens
1024 3958 1040 3982 ,
1069 3925 1123 3971 et
1153 3916 1227 3970 illi
1257 3916 1455 3987 ingenti
1482 3919 1748 3987 nequitia,
1777 3920 1936 3974 etiam
1984 3919 2132 3974 inviti

551 4007 751 4075 justum
783 4006 1128 4062 illustriorem
1173 4005 1400 4065 reddere
1445 3991 1706 4078 satagunt.
1755 4006 1938 4076 Neque
1989 4008 2132 4062 enim

553 4097 788 4151 contenti
815 4095 877 4150 iis
897 4111 1016 4164 qua:
1051 4095 1304 4162 fecerant,
1331 4104 1608 4164 postquam
1637 4096 1796 4166 alium
1835 4094 2133 4152 effoderunt

552 4195 790 4255 puteum,
831 4185 1022 4248 iterum
1063 4185 1281 4250 instant,
1312 4186 1590 4254 rixatnque
1613 4193 1846 4238 movent.
1877 4185 1968 4239 21.
1994 4183 2130 4245 Pro-

553 4277 712 4346 fectus
739 4275 899 4338 enim,
927 4273 1118 4340 inquit,
1145 4273 1305 4338 illinc,
1339 4273 1468 4346 fodit
1497 4282 1701 4343 puteum
1729 4274 1888 4327 alium
1914 4291 1932 4329 :
1958 4275 2130 4345 litiga-

556 4369 674 4426 bunt
696 4376 862 4420 autem
893 4366 1041 4418 etiam
1063 4365 1124 4418 de
1150 4364 1262 4431 illo,
1289 4376 1334 4418 et
1361 4365 1633 4419 nominavit
1647 4382 1782 4432 eum,
1802 4365 2127 4439 Inimicitias.

552 4457 651 4514 llic
679 4457 870 4510 iterum
893 4457 1255 4516 animadverte
1277 4457 1405 4528 justi
1427 4459 1783 4527 prudentiam.
1814 4459 1929 4514 Non
1959 4463 2130 4514 omni-

549 4564 622 4604 no
671 4557 908 4622 puteum,
935 4557 991 4608 ut
1039 4548 1265 4614 videtur,
1309 4549 1662 4616 abstulerunt,
1695 4549 1789 4605 sed
1838 4551 2129 4618 contende-

547 4642 677 4696 bant
726 4657 740 4694 :
781 4651 841 4696 et
894 4641 1005 4698 visa
1056 4638 1338 4694 manifesta
1393 4639 1690 4710 injustitia,
1744 4639 2126 4696 discesserunt.

547 4733 833 4802 Propterea
865 4732 1170 4787 Inimicitias
1195 4748 1315 4787 eum
1338 4733 1640 4802 appellavit,
1667 4732 1808 4802 quod
1829 4733 2130 4794 inimicitia-

543 4840 663 4880 rum
693 4825 878 4882 fuisset
899 4826 1136 4880 .occasio.
1168 4824 1434 4896 Cmterttm
1463 4825 1701 4895 quotidie
1735 4825 2123 4895 propemodum

546 4913 670 4966 talia
699 4912 875 4967 ferens
901 4913 968 4967 ab
997 4914 1063 4970 iis
1077 4915 1178 4986 .qui
1206 4916 1477 4985 regionem
1508 4914 1842 4980 incolebant,
1873 4931 1980 4969 non
2003 4931 2128 4986 gra-

546 5004 708 5057 vatim
733 5005 870 5070 tulit,
902 5019 1005 5058 non
1037 5006 1244 5078 ahjecto
1273 5008 1369 5073 fuit
1398 5008 1600 5074 animo,
1631 5021 1736 5062 non
1760 5009 2012 5077 cogitavit
2036 5024 2126 5063 se-

544 5109 689 5160 cum,
712 5107 885 5162 neque
910 5093 1043 5147 dixit
1068 5112 1082 5148 :
1111 5095 1246 5149 Ecce
1272 5111 1340 5150 ne
1387 5107 1665 5168 puteorum
1695 5098 1906 5168 quidem
1945 5107 2001 5153 ut
2027 5101 2127 5154 sim

544 5184 814 5248 dominus,
843 5183 971 5238 mihi
998 5183 1154 5244 datur
1195 5203 1208 5240 :
1249 5201 1317 5240 an
1339 5202 1447 5242 non
1473 5203 1704 5257 superno
1729 5189 1934 5243 auxilio
1959 5190 2125 5244 desti-

547 5287 690 5336 tutus
712 5292 827 5340 sum
848 5276 871 5328 ?
890 5292 958 5330 an
989 5292 1093 5331 non
1134 5277 1387 5331 Dominus
1415 5278 1620 5359 abiecta
1648 5295 1775 5334 cura
1798 5281 1900 5335 mei
1931 5282 2128 5337 oblitus

545 5368 669 5424 est?
707 5367 848 5428 Nihil
895 5367 1158 5439 ejusmodi
1204 5369 1290 5432 vel
1342 5369 1475 5424 dixit
1522 5370 1608 5426 vel
1662 5373 1913 5442 cogitavit
1968 5391 1981 5428 :
2031 5375 2126 5429 sed

545 5458 723 5514 omnia
751 5474 940 5529 magna
956 5473 1087 5514 cum
1121 5459 1530 5516 mansuetudine
1552 5461 1826 5530 toleravit,
1851 5473 1905 5517 et
1929 5462 2128 5520 idcirco

549 5552 741 5619 dignus
761 5551 858 5606 fuit
886 5551 1119 5620 habitus,
1151 5551 1241 5623 qui
1267 5550 1511 5622 ampliori
1541 5551 1719 5617 divino
1748 5553 1943 5608 auxilio
1971 5555 2125 5623 adju-

547 5649 777 5695 varetur.
826 5642 952 5698 Nam
986 5658 1099 5701 nrec
1123 5659 1240 5716 quae
1270 5651 1582 5712 evenerunt,
1607 5645 1936 5713 exercitatio,
1964 5630 2019 5701 ut
2049 5647 2123 5702 ita.

1301 288 1357 344 S.
1397 285 1673 343 JOANNIS
1694 284 2167 342 CHRYSOSTOMI
2196 283 2515 340 ARCHIEP.
2543 285 3072 343 CONSTANTINOP.

3695 339 3708 348 ,
3765 286 3869 344 {ﬁt

2271 393 2464 468 dicam,
2487 395 2697 451 virtutis
2731 397 2861 466 justi
2897 397 3066 453 fuere.
3102 397 3238 454 Dicit
3259 399 3400 453 enim
3425 417 3438 452 :
3579 398 3880 470 Profectus

2269 483 2429 549 illinc,
2456 487 2585 554 fodit
2610 496 2814 556 puteum
2849 488 3026 563 alium,
3075 497 3124 541 et
3159 504 3261 541 non
3299 491 3669 546 contenderunt
3711 507 3878 560 super

2268 573 2358 626 illo
2383 589 2402 628 :
2431 584 2478 628 et
2497 579 2835 646 agnominavit
2861 594 3040 633 nomen
3058 581 3167 654 ejus
3189 617 3207 644 ,
3232 578 3596 644 Latitudinem,
3633 582 3825 636 dicens
3851 598 3876 638 .°

2271 661 2403 738 Quia
2427 680 2559 717 nunc
2581 666 2807 736 dilatavit
2829 683 2921 722 nos
2948 667 3198 740 Dominus
3217 707 3234 734 ,
3264 677 3311 722 et
3335 685 3554 724 crescere
3592 656 3699 726 nos
3748 672 3877 740 fecit

2266 769 2418 822 super
2449 763 2658 809 terram.
3011 738 3015 743 I

2336 842 2390 896 5.
2432 841 2617 896 Gratus
2635 847 2832 899 animus
2860 843 3053 900 Isaaci.
3091 846 3230 902 Deus
3258 848 3409 918 exigit
3432 857 3488 903 ut
3506 851 3711 921 gratias
3733 867 3869 922 aga-

2263 947 2393 1005 mus.
2414 963 2485 974 —
2509 933 2641 1008 Vide
2654 944 2860 1006 gratum
2887 938 3120 1008 animum
3143 939 3293 1012 justi.
3313 939 3444 1018 Nam
3481 956 3602 998 cum
3641 925 3876 1014 priores.

2263 1018 2435 1084 fontes
2453 1021 2682 1092 diripere
2695 1034 3086 1100 tentarent,non
3103 1044 3243 1098 aegre
3255 1031 3390 1108 tulit,
3409 1046 3514 1108 non
3534 1031 3861 1090 obluctatus

2262 1120 2341 1166 est
2364 1129 2378 1164 :
2400 1113 2556 1166 sedin
2573 1115 2684 1168 sola
2703 1124 2978 1190 puteorum
3000 1119 3356 1196 appellatione
3374 1106 3592 1194 malitia:
3621 1125 3859 1180 illorqu

2261 1201 2596 1260 indelebilem
2607 1207 2816 1277 reliquit
2833 1211 3160 1282 memoriam.
3183 1210 3279 1274 llic
3294 1227 3420 1266 vero
3431 1214 3554 1282 quia
3571 1215 3724 1271 nulla
3743 1217 3866 1274 fue-

2260 1301 2382 1348 runt
2407 1293 2698 1364 obstacula,
2720 1297 2812 1352 sed
2835 1312 2958 1353 cum
2987 1301 3132 1355 omni
3159 1302 3404 1366 libertate
3431 1285 3709 1361 laboribus
3742 1309 3865 1362 suis

2259 1380 2359 1454 frui
2376 1381 2542 1446 licuit,
2566 1393 2731 1438 totum
2761 1385 2943 1441 tribuit
2971 1388 3099 1443 Deo.
3125 1375 3512 1460 Vocauitenim,
3532 1393 3736 1464 inquit,
3758 1415 3859 1466 pu-

2257 1476 2388 1540 teum
2408 1472 2572 1536 illum,
2595 1472 2928 1530 Latitudinem
2952 1492 2972 1531 :
2998 1487 3051 1534 et
3070 1478 3260 1534 deinde
3281 1474 3670 1549 interpretatus
3686 1501 3856 1550 voca-

2257 1558 2435 1616 bulum
2455 1603 2468 1624 ,
2500 1561 2628 1619 dicit
2656 1582 2668 1615 :
2700 1565 2922 1635 Propter
2976 1568 3076 1622 hoc
3106 1569 3462 1636 Latitudinem
3508 1588 3673 1640 voco,
3713 1575 3854 1642 Quia

2256 1649 2481 1704 dilatavit
2523 1651 2767 1708 Dominus
2808 1666 2856 1710 et
2885 1659 3028 1711 auxit
3055 1675 3146 1718 nos
3189 1677 3340 1733 super
3386 1672 3589 1718 terram.
3651 1666 3852 1722 Vidisti

2255 1739 2394 1808 piam
2429 1751 2680 1810 mentem,
2708 1745 2974 1813 quomodo
3021 1763 3125 1802 non
3169 1747 3305 1803 facta
3343 1753 3619 1812 mentione
3663 1765 3850 1810 tanta-

2253 1847 2371 1886 rum
2397 1833 2758 1889 difficultatum
2796 1853 2914 1907 qua:
2962 1839 3294 1906 obstiterant,
3325 1841 3586 1899 bonorum
3631 1856 3850 1902 tantum

2252 1923 2510 1985 meminit,
2545 1933 2600 1980 ct
2628 1941 2722 1993 pro
2754 1927 2858 1982 illis
2901 1930 3102 1995 gratias
3129 1931 3237 1985 Deo
3261 1933 3405 2002 agit,
3435 1935 3629 1990 etdicit
3656 1954 3671 1987 :
3711 1938 3854 2004 Quia

2251 2010 2478 2065 dilatavit
2503 2012 2747 2076 Dominus
2768 2033 2877 2082 nos,
2909 2027 2956 2069 et
2983 2019 3126 2070 auxit
3147 2036 3237 2073 nos
3264 2038 3418 2090 super
3437 2026 3665 2078 terram?
3695 2027 3848 2081 Nihil

2254 2102 2397 2156 enim
2437 2111 2543 2156 tam
2586 2116 2860 2175 acceptum
2887 2106 3018 2174 Deo,
3042 2116 3098 2161 ut
3121 2109 3296 2163 anima
3346 2120 3494 2180 grata
3537 2121 3593 2167 et
3637 2116 3853 2183 gratias

2254 2205 2438 2260 agens.
2484 2192 2617 2248 Nam
2686 2210 2807 2249 cum
2883 2195 3177 2252 innumeris
3247 2198 3526 2257 beneﬁciis
3595 2206 3855 2272 quotidie

2249 2296 2434 2354 omnes
2463 2300 2560 2338 nos
2587 2295 2966 2356 prosequatur,
3006 2288 3121 2342 sive
3164 2288 3392 2344 velimus
3417 2291 3535 2347 sive
3561 2294 3804 2350 nolimus
3829 2337 3846 2360 ,

2249 2372 2364 2434 sive
2389 2360 2450 2428 ea
2479 2374 2709 2430 sciamus
2736 2376 2847 2431 sive
2891 2378 3214 2446 ignoremus,
3244 2380 3374 2433 nihil
3409 2389 3586 2437 tamen
3610 2384 3765 2439 aliud
3813 2401 3856 2440 a-

2249 2463 2400 2518 nobis
2416 2464 2605 2534 exigit,
2645 2481 2802 2536 quam
2833 2476 2888 2520 ut
2923 2468 3212 2524 habeamus
3234 2470 3456 2539 gratiam
3483 2487 3580 2541 pro
3615 2473 3680 2526 iis
3721 2490 3846 2543 qua:

2246 2554 2401 2606 nobis
2427 2569 2683 2609 concessa
2714 2565 2856 2623 sunt,
2883 2567 2941 2612 ut
2965 2573 3060 2626 pro
3089 2558 3176 2611 illa
3205 2559 3317 2628 ipsa
3345 2561 3633 2629 gratiarum
3663 2565 3846 2617 actio»

2249 2660 2316 2698 ne
2346 2645 2413 2699 ad
2440 2647 2694 2716 ampliora
2720 2647 2892 2702 danda
2926 2661 3262 2718 provocetur.
3291 2651 3402 2706 Hoc
3430 2663 3484 2707 ut
3516 2657 3688 2721 scias,
3720 2657 3852 2711 vide

2249 2735 2518 2804 quomodo
2539 2738 2716 2804 justus
2746 2737 2835 2810 ille
2863 2741 2997 2809 grati
3023 2740 3307 2815 admodum
3341 2743 3503 2796 animi
3528 2759 3685 2798 causa
3737 2748 3838 2800 de-

2245 2839 2354 2878 nuo
2378 2838 2667 2894 supernum
2697 2829 2952 2882 meruerit
2983 2831 3175 2883 visum.
3208 2830 3338 2894 Nam
3361 2835 3608 2901 quoniam
3640 2838 3835 2890 condi-

2245 2929 2404 2985 gnum
2435 2930 2546 2969 suze
2568 2916 2776 2971 virtutis
2805 2918 3074 2985 specimen
3104 2908 3438 2986 exhibuerat,
3463 2930 3518 2975 et
3543 2924 3680 2991 apud
3727 2925 3836 2978 Ge-

2243 3021 2486 3074 rarenos,
2513 3017 2568 3062 et
2591 3024 2710 3062 cum
2739 3025 2830 3062 rex
2852 3025 2973 3063 eum
3000 3011 3314 3079 expelleret,
3338 3021 3391 3066 et
3417 3027 3547 3074 cum,
3583 3023 3842 3082 pastores

2243 3110 2432 3170 puteos
2454 3100 2725 3155 auferrent
2752 3118 2765 3153 :
2798 3101 3054 3171 benignus
3089 3103 3341 3157 Dominus
3363 3105 3523 3158 veluti
3542 3108 3840 3160 continua-

2244 3197 2393 3244 turus
2419 3189 2534 3258 ejus
2562 3189 2889 3245 alacritatem
2912 3232 2926 3257 ,
2956 3192 3066 3260 jam
3097 3192 3166 3246 ob
3205 3193 3464 3263 insignem
3492 3194 3634 3248 illam
3668 3212 3824 3248 man-

2242 3279 2576 3333 suetudinem
2624 3295 2744 3332 eum
2787 3291 3061 3348 acceptum
3101 3280 3347 3337 habens:
3391 3293 3671 3353 postquam
3733 3286 3829 3340 25.

2243 3367 2479 3421 Ascendit
2525 3369 2666 3422 illinc
2707 3369 2775 3422 ad
2825 3381 3029 3440 puteum
3064 3373 3342 3440 juramenti
3364 3415 3378 3437 ,
3408 3373 3499 3428 24.
3529 3375 3662 3428 uisus
3684 3388 3762 3429 est
3784 3380 3832 3430 ei

2241 3457 2487 3512 Dominus
2512 3459 2565 3512 in
2589 3469 2732 3513 nocte
2755 3460 2865 3526 illa,
2889 3471 2936 3514 et
2951 3461 3077 3515 dixit
3102 3479 3121 3516 :
3148 3461 3258 3533 Ego
3273 3480 3385 3516 sum
3407 3463 3544 3518 Deus
3571 3465 3834 3520 Abraham

2241 3552 2398 3621 patris
2426 3553 2518 3618 tui,
2549 3569 2611 3606 ne
2634 3553 2808 3606 timeas
2840 3540 3042 3606 .‘tecum
3065 3555 3196 3607 enim
3216 3571 3348 3619 sum,
3371 3565 3418 3608 et
3436 3555 3723 3609 benedicam
3754 3569 3825 3622 te,

2240 3652 2288 3696 et
2314 3641 2655 3712 multiplicabo
2679 3659 2848 3696 semen
2900 3653 3039 3696 tuum
3095 3653 3296 3713 propter
3322 3645 3578 3698 Abraham
3628 3655 3826 3716 patrem

2240 3741 2400 3785 tuum.
2445 3731 2592 3787 Visus
2643 3741 2714 3786 est
2756 3733 2822 3799 ei,
2860 3732 3048 3802 inquit,
3078 3734 3132 3787 in
3171 3744 3316 3788 nocte
3361 3734 3474 3788 illa.
3528 3735 3826 3791 Considera

2239 3821 2335 3877 Dei
2359 3822 2804 3877 sollicitudinem:
2837 3833 2894 3877 ut
2924 3823 3071 3876 illum
3101 3824 3365 3878 refocillet
3392 3841 3456 3880 ac
3488 3827 3823 3882 tideutioretn

2238 3912 2445 3976 reddat,
2475 3923 2696 3983 apparet
2721 3914 2789 3980 ei,
2820 3924 2872 3968 et
2896 3913 3058 3968 dicit:
3094 3913 3201 3984 Ego
3245 3932 3354 3969 sum
3396 3914 3538 3970 Deus
3560 3917 3821 3970 Abraham

2237 4004 2398 4074 patris
2425 4005 2523 4067 tui,
2557 4016 2759 4073 patrem
2788 4012 2932 4058 tuum
2973 4004 3262 4074 gloriﬁcavi
3288 4015 3342 4058 et
3378 4005 3514 4059 adeo
3556 4007 3832 4061 celebrem

2239 4093 2480 4162 reddidi,
2537 4109 2600 4148 ac
2654 4096 2988 4164 peregrinum
3044 4095 3408 4164 advenamque
3479 4095 3823 4151 illustriorem

2237 4185 2482 4238 omnibus
2509 4184 2696 4239 incolis
2720 4184 2845 4239 feci.
2883 4185 2991 4256 Ego
3009 4201 3126 4240 sum
3158 4185 3247 4239 ille
3272 4227 3286 4250 ,
3313 4187 3403 4255 qui
3432 4185 3581 4240 hunc
3601 4187 3671 4241 ita
3699 4202 3824 4242 cre-

2235 4292 2387 4333 scere
2407 4278 2757 4342 curavi,etin
2794 4279 3041 4333 omnibus
3094 4293 3277 4332 curam
3327 4280 3445 4346 ejus
3505 4279 3668 4349 gessi.
3711 4281 3833 4349 Ego

2237 4384 2354 4423 sum
2378 4385 2393 4424 :
2424 4369 2505 4422 Ne
2534 4369 2690 4438 igitur
2709 4372 2904 4426 timeas.
2933 4370 3068 4437 Quid
3089 4370 3188 4425 sibi
3208 4370 3484 4436 vultillud,
3509 4371 3591 4426 Ne
3610 4371 3826 4427 timeas!

2235 4459 2311 4514 Ne
2334 4460 2428 4514 tibi
2468 4462 2660 4515 mirqu
2687 4463 2931 4518 videatur
2949 4463 3089 4532 quod
3139 4464 3207 4516 ab
3258 4463 3571 4518 Abimelech
3614 4465 3688 4518 sis
3728 4480 3827 4519 ex.

2235 4551 2437 4621 pulsus,
2469 4552 2606 4620 quod
2634 4566 2664 4605 a
2696 4553 2995 4621 pastoribus
3024 4553 3098 4607 sis
3153 4551 3345 4621 injuria
3388 4553 3630 4608 affectus.
3659 4555 3824 4610 Multa

2237 4643 2358 4697 talia
2389 4653 2441 4698 et
2467 4653 2616 4712 pater
2641 4652 2762 4699 tuus
2789 4644 3026 4715 pertulit,
3049 4653 3106 4700 et
3140 4645 3264 4700 inde
3288 4645 3569 4715 gloriosior
3603 4645 3821 4702 effectus

2233 4743 2336 4787 est.
2393 4733 2471 4788 Ne
2525 4733 2686 4800 igitur
2707 4735 2810 4789 hoc
2847 4745 2899 4790 te
2937 4743 3173 4790 terreat:
3206 4732 3317 4806 Ego
3341 4736 3471 4790 enim
3497 4749 3657 4790 tecum
3685 4754 3818 4792 sum.

2235 4823 2434 4882 Idcirco
2456 4825 2571 4879 haec
2601 4825 2711 4879 ﬁeri
2738 4827 3007 4895 permitto,
3041 4827 3198 4880 simul
3235 4827 3421 4881 volens
3449 4837 3506 4882 et
3535 4828 3820 4882 declarare

2235 4924 2378 4970 tuam
2403 4916 2653 4969 virtutem
2676 4954 2693 4980 ,
2723 4924 2777 4970 et
2802 4917 3132 4971 manifestari
3173 4918 3371 4972 mentis
3398 4917 3614 4973 illorum
3644 4920 3820 4988 pravi.-

2235 5014 2416 5070 tatem,
2441 5013 2497 5058 ut
2519 5005 2710 5058 horum
2738 5007 2977 5082 omnium
3013 5019 3177 5060 causa
3218 5014 3272 5060 te
3309 5021 3596 5072 coronem;
3627 5007 3817 5061 Tecum

2233 5097 2363 5149 enim
2391 5111 2523 5148 sum.
2557 5095 2682 5153 Ideo
2729 5107 2784 5150 et
2831 5097 3058 5152 invictus
3085 5097 3213 5162 eris,
3238 5106 3398 5167 atque
3448 5097 3818 5152 infestantibus

2234 5188 2519 5258 potentior,
2553 5197 2607 5242 et
2637 5187 3010 5242 invadentibus
3040 5187 3248 5244 fortior.
3278 5187 3347 5242 Et
3388 5197 3588 5242 tantam
3615 5190 3689 5242 tui
3718 5204 3815 5242 cu-

2233 5294 2348 5334 ram
2400 5279 2626 5345 habebo,
2662 5290 2720 5334 ut
2764 5279 3055 5335 invidiosus
3099 5281 3203 5336 illis
3246 5281 3321 5335 sis
3373 5279 3585 5334 futurus
3641 5298 3655 5333 :
3702 5279 3822 5350 Ego

2233 5375 2366 5426 enim
2397 5381 2557 5426 tecum
2596 5390 2710 5426 sunt
2734 5414 2751 5439 ,
2783 5383 2829 5427 et
2867 5373 3158 5427 benedicam
3185 5383 3232 5426 te
3254 5415 3269 5437 ,
3293 5383 3340 5428 et
3365 5372 3711 5443 multiplicabo
3733 5389 3816 5426 se-

2234 5478 2347 5516 men
2399 5473 2538 5516 tuum
2567 5473 2770 5534 propter
2797 5463 3052 5516 Abraham
3076 5475 3268 5534 patrem
3297 5473 3458 5516 tuum.

2304 5554 2442 5608 Deus
2461 5571 2551 5609 cur
2570 5571 2622 5609 se
2647 5555 2780 5608 dicat
2802 5553 2967 5609 Deum
2993 5554 3286 5608 Abrahami.
3313 5583 3384 5594 ——
3408 5551 3695 5608 Considera
3725 5551 3818 5608 be.

2235 5648 2544 5719 Dignitatem
2589 5649 2706 5706 Dei.
2735 5645 2867 5704 Nam
2912 5656 3189 5719 postquam
3213 5647 3379 5714 dixit,
3404 5645 3512 5717 Ego
3541 5660 3652 5700 sunt
3678 5643 3819 5700 Deus
