4150 6276
315 324 423 379 459
516 306 519 307 ί

315 455 432 497 σεν
455 437 525 493 ἐν
557 435 630 506 τῇ
661 436 915 507 φάραγγι
949 434 1247 504 Γεράρων.
1287 437 1397 489 Καὶ
1439 432 1578 506 ὅπερ
1611 439 1639 490 6
1668 433 1900 508 Χριστὸς

317 521 758 593 παραγενόμενος
774 525 886 584 τοῖς
909 521 1177 590 μαθηταῖς
1201 520 1503 572 ἐνετέλλετο
1525 521 1905 588 λέγων,Ὄταν

317 605 617 658 δίώκωσιν
641 602 799 672 ὑμᾶς
817 643 832 666 ,
858 603 1108 672 φεύγετε
1135 602 1368 670 ἑτέρωθι
1389 643 1404 666 ,
1435 601 1596 656 τοῦτο
1634 606 1727 657 καὶ
1753 599 1905 668 οὗτος

319 688 423 758 ἤδη
450 687 536 740 διὰ
560 685 666 739 τῶν
696 686 872 756 ἔργων
907 686 1166 756 ἐπλήρου.
1196 685 1306 736 Καὶ
1337 684 1588 756 καθάπερ
1623 686 1786 738 Δαυῒδ
1811 685 1903 739 τοῦ

319 769 495 821 Σαοὺλ
531 768 618 820 τὸν
648 768 814 820 πολὺν
854 767 1046 836 φθόνον
1077 765 1457 819 καταστέλλων
1483 805 1498 828 ,
1528 766 1616 820 διὰ
1644 769 1741 837 τῆς
1775 769 1908 820 ἀνα-

322 852 617 922 χωρήσεως
643 850 832 903 ἐαυτὸν
861 849 1168 917 ὑπεξάγων,
1189 845 1395 902 ἐκείνου
1423 849 1522 920 τὴν
1553 850 1752 920 πολλὴν
1775 868 1909 921 παρ·

323 929 580 997 εμυθείτο
614 929 920 998 φλεγμονὴν
944 943 957 957 ⁸
989 928 1080 979 τὸν
1115 926 1279 980 αὐτὸν
1329 926 1394 996 δὴ
1429 929 1630 1000 τρόπον
1658 930 1752 980 καὶ
1775 930 1804 980 6
1827 928 1909 980 δί-

326 1027 483 1071 καιος
497 1005 650 1072 οὗτος
666 1011 902 1081 ἐπλήρου
923 1010 986 1062 τὸ
1001 1009 1355 1063 ἀποστολικὸν
1368 1012 1544 1063 ἐκεῖνο
1555 1009 1756 1078 λόγιον,
1771 1011 1910 1064 Δότε

326 1094 518 1146 τόπον
559 1091 633 1160 τῇ
667 1093 811 1161 ὀργῇ
839 1110 852 1122 ·
885 1093 978 1146 καὶ
1011 1091 1326 1146 καταλιπὼν
1365 1091 1461 1161 τὴν
1508 1092 1662 1146 πόλιν
1695 1091 1908 1162 ἐξῆλθε,

331 1169 484 1240 [508]
509 1171 708 1238 φησὶν,
740 1174 799 1224 ἐν
826 1174 894 1242 τῇ
925 1171 1192 1241 φάραγγι.
1240 1169 1378 1222 Ἀλλ’
1407 1172 1508 1242 ὅρα
1546 1171 1711 1224 αὐτὸν
1755 1166 1914 1224 κάκεῖ

332 1252 474 1321 μετά
497 1252 699 1322 πολλῆς
717 1253 816 1322 τῆς
841 1253 1140 1315 ἐπιεικείας
1165 1253 1266 1322 τὴν
1294 1251 1543 1304 ἔνστασιν
1566 1252 1912 1322 ἐνδεικνύμε-

329 1351 441 1386 νον.
473 1334 608 1387 υύδέ
634 1335 740 1404 γὰρ
767 1334 929 1406 μέχρι
952 1334 1142 1388 τούτου
1166 1335 1296 1402 ἔστη
1315 1333 1383 1387 τὰ
1403 1333 1572 1396 δεινὰ,
1597 1333 1732 1387 ἀλλά
1755 1335 1916 1388 κάκεῖ

330 1417 610 1486 γενομένῳ
639 1418 734 1470 καὶ
781 1417 850 1470 τὰ
882 1418 1094 1488 φρέατα
1125 1416 1382 1488 ἀνορύξαι
1410 1416 1719 1486 βουλομένῳ
1749 1419 1917 1486 μάχε-

333 1497 463 1550 σθαι
486 1499 824 1570 ἐπεχείρουν.
845 1498 1060 1566 Ὠρυξε
1084 1499 1214 1569 γὰρ,
1240 1499 1394 1567 φησί,
1412 1498 1485 1552 τὰ
1504 1500 1750 1567 φρέατα,
1769 1498 1918 1565 ἅπερ

330 1581 500 1654 ἦσαν
513 1589 566 1639 οι
586 1585 795 1651 παῖδες
811 1585 917 1639 τοῦ
935 1586 1160 1653 πατρὸς
1187 1585 1373 1639 αὐτοῦ
1393 1587 1808 1654 πεποιηκότες,
1821 1585 1918 1638 καὶ

329 1670 676 1739 ἐνέφραξαν
685 1671 838 1724 αὐτὰ
848 1674 902 1725 οἱ
920 1671 1224 1725 Φυλιστιεὶ
1225 1689 1269 1739 μ
1278 1711 1292 1733 ,
1308 1671 1403 1723 καὶ
1415 1670 1786 1738 έπέθηκεναὺ
1798 1669 1923 1736 τοῖς

332 1757 410 1810 τὰ
429 1757 708 1824 ὀνόματα,
735 1756 884 1824 ἅπερ
900 1753 977 1826 ἦν
1000 1759 1033 1810 ό
1057 1757 1254 1824 πατὴρ
1273 1758 1516 1824 ἐπιθείς.
1539 1758 1645 1810 Καὶ
1662 1756 1920 1825 ὤρυξαν,

334 1844 597 1913 φησὶν.οι
638 1843 849 1909 παῖδες
891 1845 1109 1908 Ἰσαὰκ,
1152 1845 1249 1898 καὶ
1270 1841 1454 1912 εὗρον
1489 1844 1674 1913 φρέαρ
1706 1844 1925 1910 ὕδατος

334 1925 597 1991 ζῶντος,
661 1928 783 1980 ἀντὶ
849 1926 990 1990 τοῦ,
1051 1927 1298 1981 κάτωθεν
1349 1927 1759 1991 άναϐλύζοντος.
1817 1925 1927 1981 Καὶ

334 2083 544 2136 αὐτῶν
564 2077 715 2136 εἶναι
733 2082 800 2135 τὸ
831 2082 1005 2150 ὕδωρ.

435 2165 544 2218 Καὶ
597 2163 717 2217 οὐδέ
777 2163 1011 2217 ἐνταῦθα
1065 2163 1359 2232 φιλονεικεῖ
1417 2165 1446 2216 6
1510 2163 1751 2230 δίκαιος,
1811 2163 1930 2218 οὐδέ

336 2247 664 2310 ἀντιτείνει,
746 2247 877 2299 ἀλλά
938 2247 1035 2298 καὶ
1105 2239 1217 2309 τοῖς
1305 2247 1525 2316 ποιμέσι
1589 2251 1927 2319 παραχωρεῖ.

337 2331 521 2384 Τοῦτο
549 2328 658 2398 γάρ
727 2329 939 2398 ἀληθῶς
977 2328 1279 2394 ἐπιείκεια,
1333 2329 1428 2398 οὐχ
1470 2330 1597 2383 ὅταν
1645 2348 1730 2393 τις
1784 2330 1932 2401 παρά

338 2413 458 2465 τῶν
493 2413 550 2464 ἐν
601 2411 891 2481 δυναστείᾳ.
943 2410 1298 2480 ἀδικούμενος
1360 2411 1499 2480 φέρῃ
1572 2413 1779 2481 πράως,
1817 2412 1932 2466 ἀλλ’

339 2497 480 2547 ὅταν
508 2494 602 2547 καὶ
633 2495 736 2547 ὑπὸ
775 2494 884 2546 τῶν
929 2493 1298 2562 νομιζομένων
1343 2493 1746 2562 ὑποδεεστέρων
1792 2491 1932 2548 εἶναι

340 2576 787 2648 ἐπηρεαζόμενος
811 2577 1116 2646 παραχωρῇ
1140 2591 1152 2603 ⁸
1173 2574 1405 2627 ἐνταῦθα
1430 2574 1657 2644 μὲνγὰρ
1679 2579 1743 2645 τῇ
1771 2579 1934 2630 ἐπιει-

341 2662 475 2730 κείᾳ
527 2659 592 2713 ἄν
630 2676 716 2722 τις
754 2659 814 2711 τὸ
848 2661 955 2712 πᾶν
987 2658 1263 2726 λογίσαιτο
1310 2656 1406 2710 τοῦ
1454 2659 1931 2729 ὲπηρεαζομένουο

340 2745 468 2796 ἐκεῖ
494 2743 550 2796 δὲ
584 2744 713 2806 ῖσως
746 2760 828 2804 τις
862 2742 1006 2794 εἴποι
1027 2781 1042 2804 ,
1086 2743 1174 2794 διὰ
1205 2741 1266 2793 τὸ
1298 2742 1372 2812 μὴ
1410 2741 1667 2796 δύνασθαι
1698 2744 1933 2798 ἀντιτεί-

342 2844 466 2880 νειν
507 2830 572 2898 τῇ
605 2826 892 2896 δυναστείᾳ
935 2824 1030 2878 τοῦ
1079 2824 1432 2896 ⁴ίγδικηκότος,
1484 2825 1582 2896 τὴν
1631 2827 1935 2880 ἐπιείκειαν

344 2909 776 2962 ἐπιδείκνυσθαι.
822 2908 960 2960 Ἀλλ’
993 2907 1080 2960 ἵνα
1117 2907 1292 2979 μάθῃς
1338 2907 1419 2959 ὅτι
1455 2909 1548 2960 καὶ
1582 2910 1674 2961 ἐπὶ
1705 2909 1799 2962 τοῦ
1843 2910 1937 2978 βα-

346 2990 573 3054 σιλ⁹έως,
592 2992 653 3043 οὑ
678 2990 765 3043 διὰ
792 2990 886 3061 τὴν
911 2988 1485 3053 ἐκείνουιδυναστείαν,
1510 2990 1820 3056 ἐπεδείξατο
1840 2991 1938 3061 τὴν

345 3075 690 3138 ἐπιείκειαν,
733 3073 866 3126 ἀλλά
902 3071 992 3125 διὰ
1022 3071 1112 3124 τὸν
1150 3069 1349 3124 οἰκεῖον
1380 3072 1579 3141 τρόπον
1599 3111 1613 3135 ,
1646 3073 1747 3142 δρα
1776 3073 1938 3126 αὐτὸν

347 3159 450 3211 καὶ
472 3157 564 3208 ἐπὶ
592 3155 699 3208 τῶν
722 3155 992 3225 ποιμένων
1017 3155 1078 3207 τὸ
1100 3153 1231 3206 αὐτὸ
1262 3153 1533 3206 ποιοῦντα.
1552 3156 1660 3206 Καὶ
1686 3154 1938 3227 καθάπερ

347 3241 563 3302 ἐκεῖνος
592 3238 1050 3307 έλεγεν,”Απε.λθε
1071 3234 1170 3305 ἀφ’
1199 3232 1383 3303 ἡμῶν,
1403 3236 1496 3288 καί¹
1523 3233 1744 3299 εὐθέως,
1767 3236 1938 3290 καθάὲ

350 3339 462 3393 περ
523 3321 803 3392 ἐπίταγμα
843 3319 1161 3389 δεχόμενος,
1215 3319 1593 3387 ὑπανεχώρειο
1645 3317 1788 3372 οὑτω
1845 3319 1939 3373 καί⁵

349 3406 474 3468 νῦν,
497 3404 606 3457 τῶν
637 3403 906 3473 ποιμένων
932 3401 1256 3471 ἐπηρεάζειν
1285 3399 1721 3470 ἐπιχειρούντων,
1757 3404 1849 3455 καὶ
1878 3401 1940 3455 τὸ

352 3487 533 3559 φρέαρ
564 3485 981 3555 οἰκειουμένων,
1023 3484 1358 3552 παραχωρεῖ.
1388 3484 1500 3536 Καὶ
1551 3483 1638 3536 ἵνα
1686 3484 1940 3556 διηνεκὴς

352 3569 386 3643 ᾗ
429 3565 540 3632 τοῖς
577 3568 715 3638 μετὰ
739 3565 909 3620 ταῦτα
937 3567 969 3635 ἡ
1000 3565 1199 3632 γνῶσις
1225 3565 1322 3633 τῆς
1347 3564 1584 3630 ἀδικίας,
1617 3565 1786 3634 ὄνομα
1820 3569 1940 3620 ἐπι-

353 3653 539 3721 τίθησι
566 3649 642 3722 τῷ
672 3649 864 3720 φρέατι
888 3649 952 3701 ἐκ
982 3647 1076 3702 τοῦ
1110 3647 1532 3718 συμϐεϐηκότος.
1579 3649 1794 3721 Ἐπειδὴ
1832 3651 1941 3720 γάρ

358 3733 600 3804 φανερὰν
641 3731 982 3796 ἐπεδείξαντο
1010 3731 1108 3798 τὴν
1139 3728 1352 3782 ἀδικίαν
1371 3767 1386 3791 ,
1421 3725 1702 3800 Ἐκάλεσε
1723 3768 1740 3796 ,
1783 3734 1938 3800 φησί,

356 3818 426 3870 τὸ
456 3816 642 3884 ὄνομα
660 3814 766 3867 τοῦ
799 3813 1074 3882 φρέατος,
1111 3813 1304 3865 Τόπον
1333 3811 1552 3865 ἀδικία.
1586 3811 1691 3864 Καὶ
1720 3809 1789 3882 ἦν
1827 3812 1938 3866 λοι-

361 3901 465 3953 πὸν
494 3899 742 3967 καθάπερ
775 3898 831 3948 ἐν
858 3895 1027 3965 στήλῃ
1057 3894 1230 3962 χαλκῇ
1264 3894 1324 3944 τὸ
1350 3893 1520 3962 ὄνομα
1548 3893 1640 3945 τοῦ
1670 3895 1837 3948 τόπου
1863 3894 1940 3947 δι-

360 3977 630 4034 δασκαλία
659 3977 772 4037 τοῖς
815 3973 945 4040 ἐξῆς
987 3973 1081 4024 καὶ
1108 3971 1209 4038 τῆς
1236 3969 1330 4022 τοῦ
1381 3971 1590 4024 δικαίου
1619 3973 1940 4038 ἐπιεικείας,

361 4063 456 4116 καί
480 4061 579 4130 τῆς
604 4056 828 4110 ἐκείνων
849 4053 1260 4123 ἀγνωμοσύνης.
1297 4052 1370 4106 Τὸ
1397 4051 1506 4123 γὰρ
1533 4053 1702 4125 ὄνομα
1723 4053 1816 4108 τοῦ
1850 4056 1940 4110 τό-

364 4163 470 4200 που
497 4145 725 4196 ’ἑκαστον
774 4137 1152 4209 παρεσκεύαζε
1189 4137 1288 4207 τὴν
1314 4137 1496 4191 αἰτίαν
1527 4138 1627 4208 τῆς
1665 4156 1940 4210 προσηγο-

367 4230 490 4302 ρίας
521 4224 856 4290 μανθάνοντα
878 4219 1168 4289 γινώσκειν
1191 4220 1286 4302 τοῦ
1325 4221 1422 4290 μὲν
1455 4221 1554 4290 τὴν
1586 4222 1808 4293 ἀρετὴν,
1833 4221 1940 4275 τῶν

363 4301 420 4364 δέ
448 4323 475 4351 ει
507 4311 606 4377 τῆς
642 4303 839 4368 κακίας
862 4303 960 4374 τὴν
989 4301 1314 4372 ὑπερϐολήν.
1349 4304 1456 4354 Καὶ
1489 4302 1680 4355 σκόπει
1704 4303 1821 4366 πῶς
1845 4305 1941 4358 καὶ

362 4390 516 4457 οὗτος
554 4389 810 4445 ἐπιτείνει
833 4387 930 4456 τὴν
957 4385 1164 4438 οἰκείαν
1191 4385 1390 4454 ἀρετὴν
1413 4424 1427 4445 ,
1461 4383 1548 4437 διὰ
1573 4386 1791 4439 πάντων
1823 4387 1942 4440 ἐπι-

363 4475 576 4536 δεικνὺς
599 4470 791 4525 ἐαυτοῦ
817 4471 914 4539 τὴν
939 4467 1260 4527 ἐπιείκειαν,
1293 4467 1532 4518 κάκεῖνοι
1568 4469 1634 4536 τῇ
1667 4467 1938 4540 ὑπερϐολῇ

367 4557 468 4629 τῆς
501 4555 697 4629 κακίας
745 4549 998 4620 λαμπρὸν
1025 4548 1118 4601 καὶ
1156 4548 1705 4629 άκοντεςπειρῶνται
1737 4550 1828 4602 τὸν
1864 4551 1942 4603 δί-

368 4627 519 4693 καιον
546 4627 880 4704 ἀποφαίνειν.
917 4630 1050 4684 Οὐδέ
1070 4630 1178 4698 γὰρ
1206 4628 1562 4698 ἀρκεσθέντες
1587 4672 1600 4695 ,
1631 4633 1792 4686 πάλιν
1825 4632 1939 4685 ἕτε-

367 4736 462 4788 ρον
488 4715 738 4787 ὀρύξαντι
767 4709 942 4781 φρέαρ
965 4706 1318 4788 ἐπιτίθενται.
1337 4707 1588 4788 Ἇπάρας
1604 4710 1935 4788 γὰρ,φησὶν,

363 4783 628 4855 ἐκεῖθεν,
662 4788 853 4860 ὤρυξε
891 4785 1075 4856 φρέαρ
1124 4783 1330 4851 ἕτερον
1352 4801 1364 4815 ο
1395 4784 1701 4851 ἐκρίνοντο
1729 4785 1797 4839 δὲ
1843 4788 1942 4840 καὶ

365 4880 498 4949 περὶ
527 4876 782 4938 ἐκείνου,
805 4869 902 4925 καὶ
923 4868 1313 4949 ἐπωνόμασεν
1339 4867 1506 4949 αὑτό,
1541 4868 1596 4918 Ἐ
1600 4868 1790 4949 χᾷρία.
1811 4869 1943 4922 Σκό-

365 4946 457 5013 πεὶ
480 4957 644 5011 πάλιν
670 4953 764 5007 τοῦ
793 4950 999 5005 δικαίου
1028 4947 1127 5017 τὴν
1155 4946 1387 4999 σύνεσιν.
1437 4947 1700 5000 Ἐνταῦθα
1731 4948 1791 5000 οὐ
1814 4950 1944 5002 πάν-

363 5057 434 5110 τη
454 5081 466 5100 ,
498 5038 574 5101 ὡς
608 5035 751 5088 ἔοικε
774 5074 788 5094 ,
817 5032 876 5084 τὸ
904 5029 1081 5101 φρέαρ
1116 5026 1426 5110 ἀφείλοντο,
1612 5027 1944 5098 διαμαχεσά.

369 5108 556 5201 μενοι,
591 5115 850 5186 καὶπρὸς
883 5113 944 5166 τὸ
987 5109 1260 5181 προφανὲς
1301 5108 1402 5176 τῆς
1449 5108 1662 5172 ἀδικίας
1709 5111 1942 5180 ὁρῶντες

366 5189 702 5273 ἀπέστησαν.
735 5192 836 5251 Διά
854 5195 1012 5268 τοῦτο
1039 5192 1163 5262 Ἑχο
1175 5191 1292 5273 ρίαν
1318 5189 1448 5273 00:6
1476 5191 1940 5273 προσηγόρευσεν,

367 5269 780 5352 ἐπειδὴέχθρας
815 5276 1067 5335 ὑπόθεσις
1099 5271 1354 5340 κατέστη.
1385 5269 1500 5352 ῨΚαὶ
1539 5269 1658 5322 καθ’
1677 5271 1939 5352 νέκάστην,

366 5366 440 5430 ὡς
465 5351 659 5424 εἰπεῖν,
680 5359 783 5412 ὑπὸ
812 5357 920 5409 τῶν
945 5354 1222 5424 ἐγχωρίων
1255 5351 1477 5406 τοιαῦτα
1503 5351 1811 5424 ὑπομένων,
1843 5353 1943 5404 οὐκ

370 5443 741 5513 ἐδυσχέρανεν,
760 5438 879 5490 οὐδὲ
919 5433 1252 5513 μικρόψιιχόν
1277 5449 1327 5483 τι
1355 5431 1683 5513 ἐπεδείξατο,
1714 5431 1834 5513 οὐδέ
1860 5434 1944 5483 ἐν-

369 5508 708 5590 ενόησεπρὸς
729 5516 940 5576 ἐαυτὸν,
956 5513 1074 5564 οὐδὲ
1088 5508 1258 5590 εἰπεν,
1273 5513 1354 5590 ὅτι
1368 5509 1501 5590 Οὐδὲ
1517 5509 1677 5590 μέχρι
1694 5526 1729 5577 φ
1740 5509 1942 5590 ρεάτων

369 5585 659 5666 ρπολαύείν
703 5595 818 5664 εἰμὶ
854 5594 1042 5664 κύριος
1064 5609 1076 5621 ·
1102 5585 1210 5660 ἆρα
1255 5589 1329 5660 μὴ
1368 5588 1572 5660 ἔρημος
1600 5587 1796 5654 γέγονα
1846 5589 1944 5659 τῆς

370 5681 572 5734 ἄνωθεν
603 5679 808 5750 ροπῆς;
844 5671 950 5746 ἆρα
989 5673 1062 5744 μὴ
1095 5676 1194 5745 τῆς
1223 5673 1477 5750 προνοίας
1511 5670 1811 5750 ἐστέρημαι
1844 5671 1944 5750 τῆς

376 5757 525 5829 παρὰ
552 5747 643 5810 τοῦ
665 5747 931 5808 Δεσπότου
953 5771 966 5818 ;
985 5753 1148 5805 Οὐδὲν
1174 5749 1375 5804 τούτων
1401 5749 1502 5802 οὐκ
1528 5747 1827 5819 ἐνενόησεν,
1846 5749 1946 5800 οὐκ

373 5823 672 5904 ἐλογίσατο,
687 5833 822 5904 ἀλλά
844 5834 958 5903 μετ’
980 5830 1278 5894 ἐπιεικείας
1293 5829 1510 5896 ἁπάσης
1526 5827 1738 5880 ἅπαντα
1760 5827 1942 5904 έφερε.

375 5902 651 5985 Διάίὸθθ]
689 5902 855 5965 τοῦτο
889 5909 984 5962 καὶ
1032 5907 1273 5970 πλείονος
1316 5905 1563 5976 ἀπήλαυε
1593 5904 1692 5970 τῆς
1740 5902 1946 5956 ἄνωθεν

439 6001 465 6026 ⁸
495 5992 623 6046 Edit.
649 5994 734 6044 τοῦ
761 5994 828 6042 δέ.
854 5990 952 6040 Sed
974 5991 1068 6038 τῶν
1102 5991 1152 6038 δέ
1177 5988 1322 6038 habet
1345 5988 1491 6038 Coisl.
1522 5991 1574 6034 el
1598 5986 1806 6042 coniecit
1832 5985 1945 6034 Sav.

1242 302 1311 372 IN
1350 317 1500 374 CAP.
1547 317 1712 373 xxv:
1776 316 2021 374 GENES.
2070 319 2302 374 HOMIL.
2345 317 2453 376 ιιι.

3480 323 3584 380 460

2011 441 2346 509 συμμαχίας.
2371 439 2554 491 Ταῦτα
2587 438 2728 509 γὰρ,
2757 437 2831 502 ὼς
2865 437 3070 500 εἰπεῖν,
3110 436 3177 490 τὰ
3222 437 3584 508 συμϐαίνοντα

2010 523 2287 591 γυμνασία
2316 538 2399 584 τις
2432 517 2499 590 ἦν
2541 521 2637 590 τῆς
2682 519 2776 572 τοῦ
2823 519 3029 572 δικαίου
3063 519 3282 590 ἀρετῆς.
3324 521 3584 587 Ἀπάμας

2010 603 2119 674 γάρ
2139 644 2153 666 ,
2193 604 2376 674 φησὶν,
2407 603 2657 663 ἐκεῖθεν,
2689 603 2880 669 ὤρυξε
2906 601 3091 669 φρέαρ
3109 602 3332 668 ἓτερον.
3351 603 3448 655 καὶ
3473 606 3585 655 οὐκ

2010 687 2386 756 ἐμαχέσαντο
2411 687 2545 755 περί
2568 685 2754 740 αὑτοῦ
2773 701 2786 716 ο
2810 685 2907 738 καὶ
2931 685 3282 752 ἐπωνόμασε
3313 686 3380 738 τὸ
3401 685 3586 754 ὄνομα

2012 770 2228 830 αὑτοῦ,
2269 769 2648 836 Εὐρυχωρία,
2678 767 2892 836 λέγων,
2941 768 3096 819 Διότι
3135 765 3252 820 νῦν
3288 767 3588 820 ἐπλάγυνε

2013 851 2226 918 Κύριος
2260 851 2438 918 ἡμῖν,
2473 850 2572 904 καὶ
2598 850 2872 916 ηὔξησεν
2901 848 3060 918 ἡμᾶς
3090 848 3189 902 ἐπὶ
3212 847 3321 916 τῆς
3346 848 3478 917 γῆς.

2083 939 2152 1000 γ’.
2174 933 2318 1004 Ὅρα
2347 932 2766 1002 εὐγνωμοσύνην
2784 933 2878 984 τοῦ
2901 933 3133 986 δικαίου.
3179 930 3373 984 Ἦνίκα
3399 931 3495 1001 μὲν
3522 930 3592 984 τὰ

2017 1017 2257 1087 πρότερα
2283 1016 2492 1086 φρέατα
2512 1016 2709 1067 ἐκεῖνοι
2731 1009 3188 1085 παρασπάσασθαι
3211 1014 3591 1085 ἐπεχείρησαν,

2017 1100 2116 1151 οὐκ
2143 1097 2518 1169 ἐδυσχέρανεν,
2539 1096 2638 1149 οὑκ
2658 1097 2982 1156 ἀντέτεινεν.
3004 1095 3140 1149 ἀλλὰ
3165 1097 3322 1166 μόνον
3341 1097 3408 1166 τῇ
3424 1113 3594 1167 προσ-

2018 1180 2216 1251 ηγορίᾳ
2243 1178 2351 1232 τῶν
2397 1179 2649 1249 φρεάτων
2692 1178 3073 1244 ἀνεξάλειπτον
3116 1179 3213 1248 τὴν
3251 1180 3467 1248 μνήμην
3498 1180 3594 1247 τῆς

2020 1263 2244 1314 ἐκείνων
2270 1261 2466 1323 κακίας
2492 1259 2818 1314 ἐναπετίθει.
2849 1259 3113 1312 Ἐνταῦθα
3136 1260 3192 1312 δὲ
3215 1260 3597 1328 πάλιν,ἐπειδὴ

2020 1343 2194 1405 οὐδεὶς
2211 1341 2459 1411 ἐμποδὼν
2483 1343 2726 1409 γέγονεν,
2750 1341 2886 1394 ἀλλά
2909 1341 3045 1411 μετά
3075 1341 3256 1403 ἀδείας
3284 1341 3462 1409 πάσης
3491 1341 3598 1393 τῶν

2023 1425 2237 1477 οἰκείων
2271 1424 2446 1477 πόνων
2470 1424 2735 1492 ἀπήλαυε,
2772 1423 2834 1476 τὸ
2876 1424 2985 1476 πᾶν
3023 1423 3311 1492 ἀνατίθησι
3354 1422 3434 1492 τῷ
3458 1421 3596 1492 Θεῷ.

2036 1507 2326 1560 Ἐκάλεσε
2356 1507 2463 1578 γὰρ
2491 1506 2638 1560 αὐτὸ
2657 1547 2672 1571 ,
2707 1507 3110 1576 Εὐρυχωρίαν.
3147 1501 3281 1558 Εἶτα
3310 1505 3600 1575 ἐρμηνεύει

2025 1591 2196 1659 αὐτὴν
2225 1588 2325 1658 τὴν
2352 1589 2752 1662 προσηγορίαν⁶
2785 1589 2872 1641 διὰ
2898 1588 3055 1641 τοῦτο
3076 1627 3091 1649 ,
3127 1589 3290 1658 φησὶν
3309 1629 3323 1651 ,
3349 1587 3604 1657 Εὐρυχω-

2031 1672 2172 1743 ρίαν,
2201 1669 2360 1724 τοῦτο
2378 1671 2549 1732 καλῶ,
2587 1672 2710 1723 Ὅτι
2739 1670 3040 1724 ἐπλάτυνε
3069 1671 3281 1738 Κύριος
3308 1667 3474 1737 ¹ἡμῖν,
3504 1669 3603 1720 καὶ

2026 1754 2300 1821 ηὔξησεν
2317 1751 2473 1821 ἡμᾶς
2499 1751 2599 1804 ἐπὶ
2621 1751 2732 1820 τῆς
2757 1751 2889 1821 γῆς.
2908 1748 3062 1815 Εἶδες
3083 1751 3308 1822 γνώμην
3336 1750 3602 1819 φιλόθεον,

2031 1835 2148 1898 πῶς
2173 1835 2281 1887 τῶν
2307 1836 2365 1887 ἐν
2402 1834 2554 1904 μέσῳ
2584 1834 2860 1905 δυσχερῶν
2907 1834 3162 1904 οὐδεμίαν
3200 1838 3416 1905 μνήμην
3449 1850 3606 1900 ποιηο

1966 1975 1983 1984 ,
2032 1920 2288 1988 σάμενος,
2310 1918 2419 1970 τῶν
2449 1917 2704 1989 χρηστῶν
2732 1917 2891 1986 μόνον
2925 1917 3288 1988 μεμνημένος,
3306 1917 3444 1986 ὑπὲρ
3465 1916 3606 1975 ὲκεί-

333 1999 716 2074 έμαχέσαντο
769 2008 824 2058 οὶ
885 2005 1160 2074 ποιμένες
1219 2005 1500 2074 Γεράρων
1523 2047 1540 2071 ,
1586 2005 1928 2074 φάσκοντες
1971 1994 1978 2002 ’

2031 2017 2123 2052 νου
2149 1999 2248 2068 τὴν
2277 2000 2626 2072 εὐχαριστίαν
2658 1999 2940 2069 ἀναφέρει,
2957 2000 3051 2052 καί
3075 2015 3260 2068 φησιν,
3285 1998 3404 2050 Ὅτι
3425 1995 3607 2049 ἐπλάο

2032 2077 2175 2136 τυνε
2189 2083 2400 2149 Κύριος
2420 2081 2582 2150 ἡμῖν,
2611 2082 2710 2134 καὶ
2730 2081 3000 2148 ηὔξησεν
3022 2080 3178 2149 ἡμᾶς
3197 2080 3294 2134 ἐπὶ
3325 2078 3434 2148 τῆς
3462 2077 3606 2149 γῆςξ

2035 2165 2200 2219 Οὑδέν
2223 2165 2330 2236 γὰρ
2359 2164 2531 2227 οὕτως
2553 2165 2582 2217 6
2601 2164 2732 2226 Θεὸς
2760 2161 3099 2234 ἀποδέχεται,
3120 2165 3196 2226 ὡς
3213 2163 3390 2234 ψυχὴν
3415 2160 3609 2228 εὐγνώ-

2039 2267 2174 2319 μονα
2214 2248 2307 2301 καὶ
2338 2247 2654 2318 εὐχάριστον
2673 2263 2686 2276 υ
2719 2248 2813 2300 καὶ
2860 2247 3025 2316 μυρία
3056 2245 3176 2298 καθ’
3205 2244 3612 2316 ἑκάστηνήμέ-

2037 2349 2137 2402 ραν
2176 2330 2420 2392 ἅπαντας
2447 2329 2597 2400 ἡμᾶς
2628 2328 2930 2398 εὐεργετῶν
2955 2329 3048 2382 καὶ
3079 2329 3302 2398 ἑκόντας
3335 2329 3428 2380 καὶ
3462 2329 3614 2382 ἀκον⁶

2035 2432 2164 2476 τας,
2197 2413 2290 2467 καὶ
2321 2412 2528 2474 εἰδότας
2555 2412 2648 2465 καὶ
2683 2409 3008 2479 ἀγνοοῦντας
3032 2451 3046 2474 ,
3079 2411 3230 2463 οὐδὲν
3266 2409 3450 2480 ἕτερον
3480 2408 3610 2480 παρ’

2035 2497 2193 2568 ήμῶν
2224 2494 2489 2566 ἐπιζητεῖ,
2521 2494 2554 2560 ἦ
2586 2493 2648 2545 τὸ
2673 2494 2902 2565 χάριτας
2932 2493 3130 2546 είδέναι
3154 2491 3300 2561 αὐτῷ
3326 2493 3464 2563 ὑπὲρ
3506 2493 3614 2544 τῶν

2037 2584 2116 2644 εἰς
2152 2581 2301 2651 ἡμᾶς
2333 2577 2739 2646 γεγενημένων,
2775 2576 2859 2629 ἵνα
2909 2577 3001 2628 καὶ
3038 2576 3178 2646 ὑπὲρ
3217 2575 3408 2628 τούτου
3449 2574 3614 2627 αὐτοῦ

2039 2665 2200 2718 πάλιν
2227 2662 2444 2715 πλείονα
2480 2660 2579 2731 τὴν
2605 2659 2837 2737 ἀμοιϐὴν
2867 2661 3001 2728 ἡμῖν
3049 2659 3326 2731 παράσχῃ.
3366 2659 3476 2711 Καὶ
3529 2659 3615 2710 ἵνα

2041 2747 2218 2819 μάθῃς
2242 2785 2256 2808 ,
2284 2746 2385 2816 ὅρα
2409 2743 2500 2796 τὸν
2532 2741 2737 2795 δίκαιον
2762 2740 2947 2794 τοῦτον
2978 2740 3066 2794 διὰ
3093 2742 3194 2809 τὴν
3230 2741 3430 2812 πολλὴν
3449 2740 3615 2794 αὐτοῦ

2038 2828 2456 2897 εὐγνωμοσύνην
2491 2825 2650 2878 πάλιν
2682 2825 2778 2890 τῆς
2800 2822 3003 2876 ἄνωθεν
3023 2824 3340 2892 ἐπιφανείας
3364 2823 3616 2891 ἀξιούμεο

2039 2929 2148 2965 νον.
2189 2909 2407 2979 Ἐπειδὴ
2437 2908 2543 2978 γὰρ
2577 2905 2852 2978 ἀρκοῦσαν
2881 2906 3111 2975 βάσανον
3127 2906 3226 2974 τῆς
3256 2905 3463 2968 οἰκείας
3485 2905 3617 2976 ἀρε·

2038 2994 2140 3062 τῆς
2166 2991 2478 3056 ἐπεδείξατο
2507 2989 2598 3042 ἐπί
2627 3005 2686 3041 τε
2718 2987 2825 3040 τῶν
2873 2989 2928 3040 ἐν
2959 2987 3220 3058 Γεράροις
3239 3027 3254 3048 ,
3301 2989 3393 3041 ἐπί
3424 3005 3483 3040 τε
3523 2985 3617 3040 τοῦ

2043 3074 2308 3146 βασιλέως
2345 3070 2730 3141 ἀπωθουμένου
2759 3069 2942 3130 αὑτὸν,
2973 3070 3064 3121 ἐπί
3096 3087 3155 3121 τε
3197 3069 3306 3122 τῶν
3347 3069 3619 3138 ποιμένων

1993 3211 1997 3215 ,
2043 3155 2458 3228 παρασττώντων
2477 3155 2545 3207 τὰ
2578 3152 2809 3223 φρέατα,
2842 3149 3030 3222 ὥσπερ
3062 3151 3331 3222 νευρῶσαι
3360 3151 3618 3220 βουλόμε-

2044 3258 2134 3305 νος
2163 3239 2330 3295 αὐτοῦ
2361 3239 2460 3310 τὴν
2502 3235 2809 3308 προθυμίαν
2851 3236 2880 3286 6
2913 3233 3293 3304 φιλάνθρωπος
3321 3235 3618 3303 Δεσπότης,

2046 3325 2141 3378 καὶ
2177 3322 2274 3394 τῆς
2306 3318 2603 3381 ἐπιεικείας
2640 3317 2800 3371 αὐτὸν
2837 3316 3229 3387 ἀποδεχόμενος
3268 3317 3368 3386 τῆς
3399 3317 3618 3388 πολλῆς,

2038 3406 2230 3478 ἐπειδὴ
2271 3403 2467 3472 Ἀνέϐη
2497 3401 2726 3456 ἐκεῖθεν
2753 3401 2779 3440 ιι
2820 3399 2917 3452 ἐπὶ
2951 3399 3016 3452 τὸ
3063 3399 3251 3468 Φρέαρ
3279 3399 3387 3454 τοῦ
3416 3400 3618 3468 ὅρκου,

2044 3493 2208 3561 ὤφθη
2239 3487 2398 3554 αὺτῷ
2413 3488 2625 3554 Κύριος
2648 3486 2717 3537 ὲν
2748 3482 2824 3551 τῇ
2848 3483 3021 3537 νυκτὶ
3059 3483 3259 3552 ἐκείνῃ
3285 3526 3300 3548 ,
3332 3483 3427 3537 καὶ
3456 3484 3618 3537 εἶπεο

2058 3574 2197 3644 Ἐγὼ
2223 3577 2338 3643 εἰμι
2369 3575 2402 3626 ὀ
2433 3571 2576 3635 θεὸς
2629 3567 2880 3636 Ἀϐραὰμ
2917 3567 3024 3621 τοῦ
3078 3568 3302 3636 πατρός
3354 3584 3468 3622 σου
3493 3582 3507 3596 ⁸
3533 3564 3621 3636 μὴ

2045 3659 2266 3730 φοϐοῦ·
2292 3655 2444 3725 μετὰ
2473 3652 2590 3708 σοῦ
2623 3651 2732 3720 γάρ
2757 3653 2894 3721 εἰμι,
2925 3649 3022 3704 καί
3044 3651 3361 3720 εὐλογήσω
3390 3652 3485 3713 σε,
3521 3650 3620 3703 καί

2045 3737 2334 3808 πληθυνῶ
2363 3736 2430 3790 τὸ
2457 3734 2694 3804 σπέρμα
2722 3751 2838 3789 σου
2867 3734 2964 3787 διὰ
2997 3733 3241 3801 Ἀϐραὰμ
3265 3735 3374 3786 τὸν
3401 3732 3624 3799 πατέρα

2047 3839 2184 3877 σου.
2221 3821 2413 3886 Ὠφθη
2438 3814 2617 3880 αὐτῷ.
2648 3817 2831 3887 φησὶν,
2861 3817 2932 3867 ὲν
2955 3813 3028 3882 τῇ
3053 3816 3224 3867 νυκτὶ
3250 3815 3472 3882 ἐκείνη.
3497 3814 3626 3867 Σκό-

2047 3919 2138 3956 πει
2167 3901 2301 3954 Θεοῦ
2350 3897 2695 3969 κηδεμονίαν.
2729 3899 2846 3950 ’Ὶνα
2875 3896 2984 3964 γὰρ
3024 3896 3185 3950 αὐτὸν
3232 3897 3620 3966 ἀνακτήσηται,

2047 3987 2143 4039 καὶ
2175 3984 2396 4055 θαρρεῖν
2446 3980 2838 4051 παρασκευάσῃ
2864 4018 2879 4041 ,
2916 3979 3262 4048 ἐπιφαίνεται
3310 3978 3489 4048 αὐτῷ,
3530 3979 3622 4031 καί

2047 4083 2213 4138 φησιν
2231 4081 2246 4095 ’
2279 4062 2419 4132 Ἐγώ
2444 4065 2560 4133 ειμι
2589 4065 2621 4116 ό
2646 4062 2791 4129 Θεὸς
2833 4063 3079 4130 Ἀϐραὰμ
3104 4061 3212 4115 τοῦ
3237 4064 3459 4129 πατρός
3481 4078 3620 4120 σου,

2041 4153 2075 4204 6
2103 4151 2193 4202 τὸν
2215 4146 2423 4216 πατέρα
2444 4145 2533 4197 τὸν
2563 4142 2654 4196 σὺν
2681 4143 2922 4209 ἐπίδοξον
2946 4142 3283 4213 πεποιηκὼς,
3301 4145 3394 4196 καὶ¹
3417 4145 3475 4196 ἐν
3495 4160 3623 4196 τοσ-

2048 4233 2188 4303 αύτῃ
2240 4228 2562 4300 περιφανείᾳ
2603 4230 2972 4298 καταστήσας,
3010 4229 3106 4280 καὶ
3136 4227 3284 4293 ξένον
3313 4227 3439 4280 ὄντα
3469 4243 3623 4297 περι-

2048 4315 2381 4387 φανέστερον
2428 4309 2538 4364 τῶν
2579 4312 2856 4380 ἐγχωρίων
2905 4310 3356 4380 ἀπεργασάμενος
3393 4320 3438 4361 π.
3483 4307 3624 4375 Ἐγώ

2048 4401 2164 4468 εἰμι
2192 4398 2398 4456 ἐκεῖνος
2427 4395 2457 4446 6
2485 4395 2692 4445 ἐκεῖνον
2729 4391 2900 4455 οὓτως
2936 4392 3237 4463 αὐξηθῆναι
3273 4392 3623 4463 παρασκευά-

2051 4499 2150 4544 σας
2177 4520 2192 4545 ,
2229 4477 2324 4531 καὶ
2359 4475 2602 4546 μεγάλην
2634 4475 2722 4528 διά
2751 4477 2973 4531 πάντων
3007 4477 3108 4546 τὴν
3143 4477 3270 4546 περὶ
3300 4477 3460 4530 αὐτὸν
3490 4475 3624 4544 πρό-

2049 4575 2198 4612 νοιαν
2234 4553 2662 4623 ἐπιδειξάμενος.
2713 4553 2853 4621 Ἐγώ
2889 4556 3034 4622 εἰμι·
3065 4555 3160 4622 Μὴ
3200 4556 3377 4606 τοίνυν
3410 4553 3620 4622 φοϐοῦ.

2050 4637 2116 4690 Τί
2144 4638 2281 4699 ἐστι,
2313 4632 2408 4699 Μὴ
2439 4633 2626 4701 φοϐοῦ
2645 4647 2663 4694 ;
2685 4633 2776 4701 Μή
2812 4648 2872 4684 σε
2892 4631 3062 4684 ταῦτα
3091 4631 3362 4694 ξενιζέτω,
3385 4633 3445 4684 τὸ
3471 4630 3623 4700 πα·ρά

2048 4714 2144 4769 τοῦ
2192 4711 2478 4782 Ἀϐιμέλεχ
2501 4710 2778 4780 ἐλαθῆναι,
2805 4709 2864 4762 τὸ
2890 4711 3042 4779 παρά
3071 4709 3179 4762 τῶν
3211 4709 3481 4779 ποιμένων
3506 4708 3623 4761 ἁδι-

2050 4795 2303 4866 κηθῆναι.
2327 4789 2504 4843 Πολλά
2528 4788 2751 4842 τοιαῦτα
2777 4789 2868 4841 καὶ
2899 4789 2928 4840 ό
2966 4791 3146 4859 πατὴρ
3244 4787 3333 4849 σὸς
3365 4785 3621 4866 πέπονθε,

2051 4864 2147 4928 καὶ
2183 4864 2280 4925 διὰ
2316 4869 2520 4922 τούτων
2567 4867 2941 4936 λαμπρότερος
2979 4865 3279 4934 ἀνεδείχθη.
3307 4865 3398 4935 Μὴ
3443 4864 3622 4917 τοίνυν

2048 4951 2225 5007 ταῦτά
2263 4967 2321 5002 σε
2353 4947 2585 5017 φοϐείτω
2608 4963 2622 4976 ο
2664 4946 2823 5000 Μετὰ
2871 4944 2988 4999 σοῦ
3031 4946 3139 5015 γάρ
3173 4943 3323 5014 [510]
3355 4947 3488 5013 εἰμι.
3523 4943 3624 4997 Διά

2050 5031 2208 5086 τοῦτο
2233 5026 2406 5081 ταῦτα
2437 5024 2679 5093 γίνεσθαι
2713 5024 2978 5094 συγχωρῶ
2997 5063 3012 5087 ,
3054 5023 3187 5094 ὁμοῦ
3227 5024 3318 5076 καὶ
3349 5023 3408 5074 σὲ
3439 5021 3621 5092 βουλό-

2055 5125 2213 5180 μενος
2241 5105 2328 5158 διὰ
2349 5107 2446 5174 τῆς
2473 5101 2771 5164 ἐπιεικείας
2796 5099 3128 5180 ἐνδείξασθαι
3153 5101 3250 5171 τὴν
3273 5101 3482 5180 οἰκείαν
3496 5101 3623 5180 ἀρε-

2049 5178 2169 5258 τὴν,
2201 5183 2471 5240 κάκείνων
2497 5182 2597 5251 τῆς
2626 5180 2852 5251 γνώμης
2879 5179 2976 5250 τὴν
3001 5179 3300 5251 μοχθηρίαν
3327 5178 3621 5258 κατάδηλον

2052 5255 2224 5321 ἅπασι
2251 5261 2524 5330 γενέσθαι,
2557 5260 2643 5312 ἵνα
2674 5259 2732 5312 σέ
2759 5261 2851 5312 καὶ
2881 5259 3020 5330 ὑπὲρ
3042 5259 3244 5312 τούτων
3269 5255 3616 5325 στεφανώσω-

2051 5343 2209 5400 Μετὰ
2240 5340 2356 5394 σοῦ
2393 5337 2502 5408 γάρ
2525 5340 2658 5407 εἰμι.
2688 5337 2765 5390 Δι’
2817 5337 2845 5388 ὂ
2877 5337 2972 5390 καὶ
3015 5335 3306 5406 ἀχείρωτος
3341 5334 3436 5403 ἔσῃ
3461 5371 3476 5394 ,
3526 5333 3620 5385 καὶ

2049 5423 2160 5476 τῶν
2195 5418 2571 5488 πολεμούντων
2591 5416 2982 5485 δυνατώτερος,
3013 5417 3106 5467 καὶ
3140 5413 3246 5466 τῶν
3288 5409 3619 5479 ἐπηρεαζόν-

2050 5497 2550 5570 των·ίσχυρότερος.
2582 5497 2691 5550 Καὶ
2719 5498 2751 5566 ὴ
2796 5497 2891 5566 μὲν
2921 5496 3050 5564 παρ’
3091 5490 3225 5562 ἐμοῦ
3259 5491 3494 5570 ,πρόνοια
3529 5489 3621 5570 καί

2052 5569 2340 5649 ἐπίφθονόν
2380 5595 2439 5631 σε
2490 5577 2814 5648 ἐργάσεταιο
2855 5576 3014 5628 Μετὰ
3051 5571 3167 5625 σοῦ
3195 5569 3305 5649 γάρ
3337 5571 3486 5636 εἰμι,
3523 5569 3623 5649 καί

2052 5645 2365 5728 εὐλογήσω
2411 5645 2532 5722 σε,
2555 5645 2651 5709 καὶ
2683 5651 2971 5722 πληθυνῶ
3008 5651 3072 5704 τὸ
3107 5648 3342 5716 σπέρμα
3373 5662 3488 5699 σου
3525 5645 3624 5699 διὰ

2067 5739 2320 5808 Ἀϐραὰμ
2349 5740 2456 5792 τὸν
2486 5735 2710 5801 πατέρα
2749 5748 2887 5787 σου.

2100 5804 2297 5870 Σκόπεὶ
2313 5815 2446 5870 Θεοῦ
2466 5811 2893 5883 φιλανθρωπίαν.
2911 5807 3114 5869 Εἰπὼν,
3132 5804 3277 5875 Ἐγώ
3297 5806 3410 5876 εἰμι
3429 5808 3460 5858 d
3478 5804 3621 5868 Θεὸς

2120 5903 2311 5968 bSavil.
2339 5909 2392 5952 et
2413 5910 2528 5968 htres
2566 5913 2683 5968 Ensg.
2732 5897 3090 5968 ἀνέϐηβνωθεν
3128 5895 3242 5968 ἐπί..
3445 5950 3460 5968 I

2119 5969 2141 5996 ⁸
2167 5967 2265 6018 Sex
2279 5979 2393 6014 mss.
2408 5965 2624 6014 ὄντατῶν
2645 5959 2882 6022 ἐγχωρίων
2892 5957 3210 6019 λαμπρότερον
3223 5957 3613 6016 ἀπεργασάμενος·
