4150 6276
336 318 431 376 481

336 435 551 487 Abraha:
572 432 728 503 patris
749 432 841 496 tui,
869 442 921 485 et
948 430 1180 485 ostendit
1203 434 1471 498 quomodo
1491 430 1590 482 sibi
1615 429 1917 484 vindicave-

337 526 431 589 rit,
458 525 839 593 propriumque
870 525 1051 578 fecerit
1084 522 1457 591 patriarcliam,
1488 523 1559 574 ita
1590 530 1648 575 ut
1676 521 1925 590 dignatus

338 618 408 670 sit
435 630 495 670 se
523 630 716 668 vocare
744 609 917 669 Deum»
936 614 1163 669 Abrahae
1184 655 1199 677 ,
1230 622 1390 683 atque
1420 613 1675 667 Dominus
1701 627 1764 666 ac
1790 628 1924 666 con-

338 706 483 760 ditor
505 706 671 767 orbis,
697 704 856 759 unius
883 704 1111 757 hominis
1141 704 1303 757 Deum
1333 718 1394 757 se
1420 702 1633 768 dixerit,
1658 718 1764 756 non
1791 717 1924 756 con-

340 797 562 851 cludens
577 798 628 850 in
645 810 751 851 uno
766 794 1058 863 patriarcha
1076 794 1364 848 dominium
1381 809 1559 860 suum,
1574 794 1665 848 sed
1680 809 1925 863 magnam

344 887 397 939 in
426 886 573 938 illum
604 900 751 937 suam
780 885 1199 938 benevolentiam
1229 892 1534 936 monstrans
1567 900 1579 935 :
1610 883 1701 945 ita,
1732 883 1922 951 inquit,

332 988 458 1026 eum
492 975 619 1027 mihi
651 974 747 1028 feci
780 975 1075 1043 proprium,
1104 982 1162 1027 ut
1185 973 1323 1041 apud
1347 988 1434 1027 me
1464 982 1735 1042 reputetur
1760 974 1924 1039 tanti,

343 1066 523 1132 quanti
553 1066 641 1119 alii
671 1080 859 1118 omnes
890 1082 904 1119 :
950 1064 1072 1117 ideo
1114 1063 1181 1116 Et
1216 1064 1558 1132 multiplicabo
1584 1080 1750 1118 semen
1786 1073 1928 1116 tuum

346 1166 553 1224 propter
577 1154 834 1207 Abraham
860 1163 1052 1225 patrem
1073 1162 1232 1206 tuum.
1262 1154 1469 1213 Multas,
1502 1153 1698 1220 inquit,
1729 1154 1799 1206 illi
1831 1154 1927 1207 de-

348 1246 451 1298 beo
472 1245 850 1298 retributiones
876 1245 946 1297 ob
976 1257 1129 1297 suam
1154 1243 1205 1296 in
1234 1258 1319 1297 me
1342 1242 1697 1297 obedientiam
1729 1261 1741 1296 :
1772 1243 1930 1311 igitur

347 1345 566 1404 propter
589 1336 735 1389 illum
762 1333 1114 1404 Multiplicabo
1135 1350 1300 1388 semen
1320 1343 1502 1395 tuum;
1528 1334 1759 1387 simulet
1784 1334 1928 1401 justo

351 1427 595 1480 ﬁduciam
637 1427 861 1491 indidit,
892 1435 947 1481 et
979 1425 1114 1479 facta
1144 1425 1307 1492 patris
1333 1425 1601 1479 mentione
1624 1465 1640 1489 ,
1666 1425 1732 1478 ad
1764 1440 1928 1477 temu-

350 1500 559 1572 Iandain
577 1529 843 1587 paternam
857 1519 1101 1571 virtutem
1117 1518 1436 1585 provocavit.
1455 1517 1737 1585 Postquam
1752 1526 1927 1571 autem

353 1618 492 1662 tanta
515 1610 560 1662 ei
580 1609 712 1662 bona
732 1609 990 1678 promisit,
1007 1608 1098 1663 ΞΒ.
1114 1607 1434 1676 ιΕάὶΙὶοαυίι,
1457 1608 1644 1676 inquit.
1664 1608 1730 1661 ibi
1746 1609 1925 1673 altare,

349 1709 397 1752 et
438 1699 680 1752 invocavit
708 1715 887 1752 nomen
916 1698 1152 1761 Domini,
1181 1708 1227 1752 et
1265 1700 1377 1766 ﬁxit
1413 1700 1518 1754 illic
1555 1700 1931 1754 tabernaculum

350 1804 518 1844 suum.
538 1789 672 1855 Quid
687 1799 790 1853 est,
811 1789 1109 1857 Afdiﬁcavit
1128 1790 1232 1844 illic
1248 1790 1441 1843 altare?
1457 1789 1756 1846 Gratiarum
1774 1791 1933 1846 actio-

351 1893 467 1943 nes,
484 1879 670 1947 inquit,
687 1881 793 1934 illic
809 1880 1030 1934 Domino
1044 1880 1251 1944 obtulit,
1266 1881 1354 1949 qui
1370 1891 1564 1934 tantam
1581 1896 1675 1950 pro
1685 1897 1744 1936 se
1753 1895 1934 1949 gesse-

350 1975 432 2019 rat
448 1968 879 2024 sollicitudinem.
906 1970 975 2022 Et
995 1970 1231 2041 foderunt
1249 1971 1355 2023 illic
1370 1972 1512 2039 pueri
1536 1970 1688 2024 Isaac
1707 1983 1929 2039 puteum.

352 2056 574 2111 Demum
613 2075 733 2113 cum
767 2061 1061 2113 securitare
1090 2060 1236 2128 degit
1259 2060 1435 2127 justus
1469 2081 1482 2115 :
1516 2076 1636 2113 nam
1665 2061 1753 2129 qui
1780 2061 1931 2115 dixe-

350 2158 467 2211 rat,
506 2147 615 2217 Ego
646 2161 806 2202 tecum
829 2165 974 2214 sum,
1006 2158 1053 2201 et
1089 2149 1378 2202 benedicam
1403 2158 1482 2215 te,
1509 2158 1557 2202 et
1590 2150 1934 2217 multiplicabo

351 2253 518 2291 semen
541 2250 681 2291 tuum
705 2255 723 2291 :
753 2240 865 2306 ipse
890 2239 1047 2292 simul
1066 2254 1187 2292 eum
1211 2250 1264 2294 et
1291 2240 1590 2304 illustravit,
1617 2248 1672 2294 et
1691 2242 1934 2295 onmihus

353 2326 479 2380 fecit
518 2329 881 2395 spectabilem.
929 2328 1108 2396 Itaque
1135 2328 1255 2383 vide
1286 2329 1590 2384 Abimelech
1624 2331 1771 2384 illum
1800 2372 1815 2396 ,
1844 2332 1934 2399 qui

354 2417 572 2487 abigere
596 2433 717 2472 eum
744 2433 1024 2488 aggressus
1052 2428 1155 2482 est,
1180 2434 1243 2473 ac
1265 2420 1418 2483 dixit,
1446 2420 1540 2473 Abi
1559 2437 1590 2472 a
1613 2422 1770 2487 nobis,
1795 2436 1935 2476 nunc

354 2510 422 2563 ad
448 2525 569 2564 eum
599 2511 955 2565 accedentem.
985 2512 1074 2565 26.
1102 2511 1200 2563 lvit
1229 2512 1390 2575 enim,
1417 2512 1600 2579 inquit,
1626 2512 1934 2578 Abimelech,

356 2611 404 2651 et
433 2604 700 2669 prtefectus
723 2602 945 2669 gymccei
969 2610 1014 2654 et
1037 2601 1142 2653 dna:
1165 2602 1407 2654 exercitus
1435 2603 1579 2669 ejus;
1608 2600 1697 2655 28.
1730 2612 1777 2654 et
1806 2603 1937 2655 dixit

353 2690 427 2742 eis
460 2689 612 2741 Isaac
654 2705 673 2742 :
709 2690 881 2754 Quare
917 2690 1118 2744 venistis
1155 2691 1222 2743 ad
1256 2691 1375 2743 me?
1402 2706 1488 2743 vos
1518 2700 1686 2744 autem
1714 2692 1830 2744 odio
1859 2707 1937 2745 me

358 2778 622 2843 habuistis,
652 2788 699 2832 et
726 2778 988 2848 expulistis
1017 2797 1049 2833 a
1073 2780 1229 2834 vobis.
1265 2780 1425 2845 Vide,
1446 2779 1678 2835 Obsecro
1697 2823 1711 2844 ,
1740 2793 1935 2851 quanta

353 2869 428 2923 sit
448 2870 797 2925 mansuetudo
813 2871 962 2939 justi.
989 2871 1182 2927 Videns
1203 2886 1294 2927 eos
1314 2887 1343 2926 a
1365 2873 1555 2941 quibus
1577 2872 1783 2942 fugatus
1799 2883 1934 2941 erat,

353 2967 412 3012 et
439 2959 529 3028 qui
557 2970 701 3014 tanto
725 2975 845 3015 eum
868 2961 993 3015 odio
1018 2960 1224 3015 fuerant
1254 2963 1582 3031 prosequuti,
1605 2978 1746 3018 nunc
1770 2963 1934 3018 veluti

358 3050 625 3118 supplices
651 3050 717 3104 ad
744 3066 802 3105 se
822 3052 1023 3116 venire,
1049 3067 1151 3106 non
1172 3051 1464 3121 superbivit
1489 3062 1671 3107 contra
1692 3069 1805 3117 eos,
1830 3068 1934 3108 non

358 3140 499 3193 elato
526 3140 622 3194 fuit
671 3141 868 3207 animo,
924 3157 1130 3195 memor
1183 3158 1367 3196 eorum
1415 3158 1533 3211 qua:
1574 3144 1673 3197 sibi
1702 3159 1732 3197 a
1760 3145 1938 3198 Domi-

358 3246 430 3285 no
457 3232 595 3286 dicta
638 3232 842 3287 fuerant
867 3275 880 3298 ,
910 3249 1081 3303 neque
1109 3233 1303 3288 virtute
1331 3234 1536 3288 Domini
1569 3234 1733 3289 fretus
1766 3234 1939 3289 insur-

362 3322 495 3374 rcxit
541 3332 724 3375 contra
754 3337 932 3391 regem
962 3340 975 3375 :
1004 3322 1096 3377 sed
1135 3325 1326 3377 iterum
1353 3333 1662 3379 consuetam
1693 3340 1939 3381 mansue-

363 3411 596 3465 tudinem
626 3429 731 3480 prte
754 3427 813 3466 se
840 3412 1036 3479 ferens,
1060 3428 1179 3467 cum
1210 3429 1393 3483 magna
1418 3414 1634 3469 lenitate
1654 3416 1936 3471 verborum

360 3499 492 3553 dixit
530 3501 609 3555 eis
641 3519 655 3555 :
687 3500 854 3565 Quare
890 3504 1089 3556 venistis
1118 3504 1186 3555 ad
1228 3520 1306 3556 me
1336 3503 1362 3556 ?
1389 3520 1475 3557 vos
1502 3515 1669 3557 autem
1706 3505 1824 3559 odio
1862 3523 1940 3561 me

361 3592 634 3656 habuistis,
666 3604 713 3647 et
739 3610 769 3648 a
792 3596 927 3648 vobis
944 3596 1223 3665 expulistis.
1255 3596 1460 3661 Quare,
1495 3597 1694 3666 inquit,
1722 3599 1936 3652 censui-

359 3683 457 3736 stis
492 3692 551 3737 nt
579 3685 727 3738 vobis
753 3686 1067 3739 veniendum
1107 3687 1175 3740 sit
1214 3686 1278 3739 ad
1311 3702 1397 3741 me
1425 3689 1701 3756 expulsum
1732 3696 1786 3743 et
1813 3689 1936 3744 odio

361 3772 637 3828 habitum?
662 3775 751 3829 28.
782 3774 847 3828 Et
877 3778 1110 3830 dixerunt
1139 3791 1157 3829 :
1192 3776 1422 3830 Videntes
1451 3778 1664 3832 vidimus
1689 3780 1805 3845 quia
1833 3779 1940 3833 Do-

359 3864 527 3915 minus
571 3875 765 3929 tecum,
797 3875 842 3917 et
871 3866 1088 3918 diximus
1114 3881 1133 3918 :
1158 3864 1279 3917 Fiat
1320 3867 1589 3920 exsecratio
1616 3868 1746 3922 inter
1775 3885 1866 3922 nos
1891 3878 1939 3923 et

360 3955 490 4005 inter
519 3964 595 4019 te,
628 3964 674 4007 et
700 3954 1021 4022 disponemus
1052 3954 1213 4023 foedus
1243 3964 1405 4008 tecum
1426 3996 1441 4022 ,
1472 3955 1560 4010 29.
1589 3966 1643 4009 ut
1668 3973 1729 4010 ne
1764 3957 1941 4025 feceris

362 4043 619 4095 nobicnm
644 4043 831 4095 malum
848 4086 861 4104 ,
888 4045 1015 4097 sicut
1045 4060 1135 4097 nos
1162 4060 1263 4097 non
1291 4046 1565 4098 abominati
1587 4062 1759 4100 sumus
1784 4057 1862 4114 te,
1893 4058 1941 4103 et

360 4138 609 4205 quomodo
641 4150 799 4192 tecum
840 4140 960 4193 bene
994 4158 1166 4195 sumus
1204 4144 1282 4195 usi
1304 4182 1321 4208 ,
1348 4152 1396 4196 et
1438 4144 1718 4199 dimisimus
1746 4155 1793 4199 te
1826 4162 1941 4202 cum

365 4246 508 4297 pace,
538 4240 585 4282 et
612 4247 743 4283 nunc
770 4232 1051 4286 benedictus
1077 4243 1130 4286 tu
1158 4250 1191 4287 a
1217 4232 1457 4289 Domino.

433 4322 487 4373 4.
533 4321 661 4376 Vide
686 4331 937 4391 quantum
964 4326 1383 4381 mansuetudinis
1409 4328 1570 4383 robur
1592 4370 1608 4396 ,
1639 4339 1940 4400 quantaque

364 4411 571 4465 virtutis
612 4415 866 4481 potentia.
910 4414 1041 4469 Nam
1069 4415 1158 4485 qui
1199 4417 1404 4485 pridem
1446 4419 1769 4489 abegerant,
1799 4437 1940 4478 nunc

364 4497 579 4548 veniunt
605 4496 671 4550 ad
702 4499 1035 4567 peregrinum
1056 4540 1071 4562 ,
1097 4500 1164 4553 ad
1194 4502 1361 4554 virum
1389 4503 1600 4558 civitate
1627 4516 1894 4561 carentem
1918 4548 1934 4572 ,

362 4585 426 4637 ad
468 4602 708 4639 erronem
741 4608 753 4641 :
781 4598 835 4642 et
866 4602 969 4641 non
996 4589 1165 4643 solum
1191 4589 1520 4646 satisfaciunt
1542 4632 1557 4655 ,
1589 4608 1653 4647 ac
1683 4605 1939 4650 excusant

362 4690 422 4731 se
464 4677 531 4731 de
574 4679 639 4732 iis
675 4694 793 4747 qua:
832 4682 1241 4745 commiserant,
1269 4691 1323 4736 et
1359 4694 1695 4752 peccatorum
1725 4687 1937 4741 veniam

366 4776 570 4836 petunt,
600 4769 692 4824 scd
720 4779 773 4824 et
805 4772 1091 4839 prmdicant
1112 4774 1332 4841 justum,
1365 4775 1703 4845 indicantque
1729 4779 1829 4833 sibi
1860 4780 1940 4833 in-

362 4874 579 4913 cussmn
604 4872 823 4924 metum,
853 4878 914 4916 ac
940 4863 1258 4919 confitentur
1281 4881 1429 4918 suam
1462 4866 1820 4921 infirmitatem
1842 4910 1856 4932 ,
1887 4878 1941 4923 ct

358 4951 487 5019 justi
512 4966 753 5021 magnam
780 4963 1041 5008 testantur
1060 4956 1327 5009 virtutem.
1353 4956 1487 5022 Quid
1511 4958 1650 5010 enim
1675 4959 1941 5013 robustius

363 5058 428 5095 eo
474 5044 560 5111 qui
601 5058 781 5098 secum
827 5044 985 5099 habet
1022 5046 1222 5099 Deum?
1274 5046 1540 5112 Videntes,
1573 5049 1778 5117 inquit,
1807 5051 1940 5119 quod

366 5132 613 5187 Dominus
634 5144 796 5187 tecum
820 5146 912 5188 est.
936 5135 1089 5191 Unde
1113 5136 1261 5190 vobis
1283 5136 1366 5190 illa
1394 5137 1651 5191 scientia?
1674 5138 1936 5205 Profecto,

364 5223 578 5287 dicunt,
611 5240 695 5279 res
726 5226 852 5295 ipsa:
880 5241 978 5280 nos
1004 5226 1317 5281 docuerunt.
1346 5227 1585 5283 Vidimus
1614 5238 1667 5284 te
1694 5231 1938 5286 abactum

365 5313 696 5382 abigentibns
722 5315 993 5369 fortiorem
1023 5316 1216 5369 factum
1248 5330 1398 5381 esse,
1430 5326 1484 5370 et
1512 5328 1756 5372 vexatum
1788 5335 1879 5374 eos
1911 5337 1940 5374 a

366 5405 557 5470 quibus
594 5405 855 5458 vexabare
883 5420 1161 5473 superasse
1187 5446 1200 5469 ,
1234 5415 1287 5460 et
1314 5422 1376 5460 ex
1408 5422 1584 5460 rerum
1615 5409 1753 5462 serie
1783 5410 1970 5463 intel--

368 5495 592 5547 leximus
636 5505 687 5548 te
732 5510 963 5564 superno
997 5496 1096 5550 frui
1136 5498 1350 5550 auxilio.
1400 5497 1513 5552 Iloc
1547 5508 1723 5553 autem
1751 5500 1941 5555 divina:

369 5584 775 5653 di~pcnsati0nis
799 5601 931 5655 opus
959 5595 1041 5640 est
1062 5628 1074 5649 ,
1102 5586 1243 5657 quod
1272 5601 1423 5641 mens
1448 5603 1631 5642 eorum
1657 5589 1941 5660 obstupue-

372 5678 441 5729 rit
465 5678 684 5743 justum,
716 5687 769 5732 et
792 5680 930 5749 quod
958 5679 1056 5735 hoc
1080 5680 1443 5749 cognoverint.
1473 5680 1731 5748 Quoniam
1756 5682 1935 5752 igitur,

1402 314 1464 367 IN
1503 314 1655 369 CAP.
1697 313 1881 369 XXVI.
1924 312 2165 371 GENES.
2210 317 2435 372 IlOMlL
2480 316 2583 373 LII.

3509 320 3612 377 46%

2032 429 2217 497 inquit,
2250 431 2504 484 Dominus
2531 439 2726 491 tecum,
2760 429 2873 482 Fiat
2893 431 3165 483 exsecratio
3190 431 3316 484 inter
3336 448 3444 486 nos.
3475 434 3606 489 Vide

2027 519 2295 585 quomodo
2316 520 2621 587 impellente
2642 520 2961 573 conscientia
2986 522 3301 589 semetipsos
3324 524 3602 591 reprelieno

2029 607 2157 662 dere
2186 609 2457 675 festinant,
2489 625 2610 663 cum
2642 612 2815 663 nullus
2838 610 2975 663 alius
2998 621 3170 679 cogat,
3200 612 3282 666 vel
3312 611 3444 666 facta
3469 611 3605 678 obji-

2030 697 2153 752 ciat.
2181 697 2311 752 Nam
2341 699 2442 753 nisi
2470 699 2713 767 injuriam
2738 698 3016 764 fecissetis,
3035 716 3197 769 quare
3215 716 3245 754 a
3263 703 3405 768 justo
3427 704 3605 771 petitis

2030 795 2088 839 ut
2117 786 2323 840 ineatur
2364 786 2571 841 foedus?
2599 787 2702 842 Sed
2734 789 2804 841 ita
2834 803 2892 843 se
2922 787 3076 843 habet
3110 791 3361 859 injustitia
3390 809 3401 843 :
3431 795 3608 861 quoti-

2031 874 2117 928 die
2143 876 2466 929 conscientia
2494 876 2720 941 mordet,
2752 887 2806 931 et
2833 879 3020 932 silente
3049 893 3114 933 eo
3135 881 3222 948 qui
3246 880 3477 934 ull'ensus
3502 890 3637 946 est;

2034 979 2240 1032 [)(Bllalll
2273 975 2430 1034 atque
2472 966 2729 1019 rationem
2769 967 2907 1035 exigi
2955 978 3142 1036 putant
3179 970 3266 1037 qui
3298 971 3609 1038 injustitiam

2032 1066 2157 1111 sunt
2181 1058 2385 1125 operati
2416 1076 2428 1110 :
2451 1059 2689 1126 quotidie
2716 1070 2999 1128 anguntur,
3022 1070 3076 1115 et
3100 1064 3249 1131 quasi
3272 1065 3614 1134 sibimetipsis

2036 1148 2388 1215 prsescribnnt
2419 1159 2757 1216 peccatorum
2784 1164 3000 1204 suorum
3026 1151 3300 1206 ultionem.
3332 1152 3385 1207 Id
3411 1169 3531 1208 cum
3558 1165 3614 1210 et

2033 1237 2105 1289 illi
2133 1237 2479 1296 didicissent.
2513 1238 2633 1303 Sit,
2667 1238 2942 1306 inquiunt,
2971 1242 3245 1293 exsecratio
3283 1243 3413 1295 inter
3452 1260 3543 1297 nos
3566 1255 3614 1297 et

2031 1327 2161 1379 inter
2205 1335 2270 1378 te.
2322 1326 2521 1380 Deinde
2562 1327 2744 1380 dicunt
2789 1327 2997 1395 qualem
3036 1332 3451 1385 exsecrationem
3497 1333 3611 1388 fieri

2033 1419 2215 1472 velint.
2251 1415 2318 1469 Et
2356 1417 2591 1471 inibimus
2634 1409 2798 1487 {trdus
2826 1428 3024 1483 tecum,
3057 1429 3110 1471 ut
3148 1436 3210 1473 ne
3253 1420 3429 1487 feceris
3472 1423 3613 1475 nobis

2033 1511 2261 1571 malum,
2290 1510 2419 1563 sicut
2456 1526 2547 1563 nos
2585 1526 2683 1563 non
2716 1526 2890 1564 sumus
2922 1520 2967 1563 te
2992 1510 3285 1564 abominati.
3318 1512 3449 1566 Vide
3475 1529 3612 1582 quu-

2034 1599 2193 1654 modo
2218 1599 2499 1669 pugnantia
2528 1600 2665 1654 inter
2693 1614 2751 1655 se
2778 1615 2888 1670 prae
2918 1601 3112 1655 mentis
3139 1615 3335 1670 angore
3356 1611 3410 1655 et
3436 1602 3614 1657 turba-

2037 1689 2178 1741 tione
2203 1690 2488 1756 loquuntur
2516 1704 2532 1743 :
2565 1687 2645 1742 Ne
2674 1689 2849 1757 feceris
2888 1688 3030 1741 nobis
3071 1690 3282 1742 malum.
3325 1689 3498 1757 Quare
3536 1692 3614 1745 sic

2040 1780 2288 1835 timuistis
2322 1780 2521 1849 justum
2547 1820 2563 1844 ,
2594 1781 2833 1835 videntes
2871 1797 2993 1835 eum
3024 1789 3219 1835 tantam
3248 1798 3359 1853 pra:
3387 1798 3445 1837 se
3475 1784 3616 1841 ferre

2035 1869 2495 1922 mansuetudinem
2524 1884 2646 1937 erga
2678 1884 2770 1923 eos
2798 1870 2886 1937 qui
2918 1870 3280 1924 lacessebant?
3309 1871 3413 1926 Sed
3442 1873 3617 1928 incon.

2037 1971 2221 2027 ruptus
2240 1958 2402 2028 judex
2427 2000 2441 2025 ,
2469 1961 2789 2014 conscientia
2811 2002 2825 2027 ,
2857 1976 2952 2016 eos
2978 1962 3261 2027 excitavit,
3292 1974 3345 2018 et
3374 1964 3614 2019 animad-

2037 2058 2304 2103 verterunt
2332 2059 2586 2119 quantum
2617 2066 2741 2119 erga
2767 2052 2966 2118 justum
2998 2052 3187 2121 ingrati
3218 2052 3411 2108 fuerint
3440 2071 3454 2107 :
3486 2070 3614 2123 pro~

2040 2147 2222 2207 ptcrea
2258 2154 2367 2207 pra:
2396 2140 2584 2193 timore
2612 2152 2769 2209 atque
2795 2140 3079 2196 formidine
3117 2157 3219 2196 non
3254 2143 3531 2199 attendunt
3557 2159 3616 2199 se

2038 2228 2245 2282 diversa
2272 2238 2325 2282 et
2348 2230 2630 2298 pugnantia
2655 2231 2817 2299 loqui.
2851 2230 2932 2284 Ne
2956 2234 3164 2300 feceris,
3194 2234 3395 2303 inquit,
3425 2236 3615 2289 malum

2038 2317 2293 2370 nobiscum
2317 2357 2332 2382 ,
2364 2319 2493 2371 sicut
2538 2335 2627 2372 nos
2660 2331 2707 2373 te
2748 2336 2848 2373 non
2889 2320 3159 2375 abominati
3202 2341 3392 2379 sumus.
3441 2326 3616 2392 Quare

2040 2410 2197 2477 igitur
2221 2411 2509 2479 abcgistis?
2551 2411 2743 2465 Verum
2784 2412 2958 2480 justus
3002 2429 3105 2467 non
3149 2417 3277 2483 petit
3315 2416 3611 2479 rationem,

2038 2514 2210 2567 neque
2239 2501 2535 2568 expostulat
2553 2540 2568 2564 ,
2603 2516 2773 2570 neque
2796 2517 2979 2555 eorum
3003 2503 3144 2558 dicta
3169 2506 3358 2573 arguit.
3388 2505 3453 2560 Et
3482 2524 3611 2576 quo—

2037 2591 2188 2642 modo
2211 2630 2223 2653 ,
2254 2591 2454 2658 inquit,
2487 2592 2606 2644 bene
2631 2600 2679 2645 te
2704 2592 2780 2644 usi
2807 2609 2980 2646 sumus
3002 2633 3016 2655 ,
3044 2603 3089 2647 et
3118 2595 3397 2650 dimisimus
3426 2607 3474 2651 te
3500 2615 3615 2651 cum

2041 2695 2163 2747 pace
2185 2721 2199 2743 ,
2247 2692 2293 2733 et
2322 2697 2455 2733 nunc
2482 2691 2536 2734 tu
2562 2681 2846 2737 benedictus
2873 2700 2905 2736 a
2942 2683 3180 2739 Domino.
3210 2686 3370 2743 Vides
3408 2704 3502 2743 eos
3526 2704 3616 2744 su-

2040 2786 2256 2840 pernam
2297 2773 2577 2827 vindictam
2616 2775 2873 2829 timuisse.
2914 2775 3114 2830 Norant
3149 2779 3289 2832 enim
3318 2780 3459 2849 quod
3495 2781 3617 2836 licet

2041 2863 2153 2930 ipse
2179 2872 2391 2932 propter
2417 2865 2794 2918 humanitatem
2823 2881 2972 2919 suam
3000 2882 3104 2921 non
3136 2868 3476 2925 ulcisceretur
3495 2888 3615 2941 qum

2040 2950 2274 3006 fecerant
2297 2993 2312 3017 ,
2341 2968 2463 3007 eum
2505 2964 2649 3009 certe
2676 2954 2766 3023 qui
2814 2964 3012 3010 tantam
3036 2958 3150 3023 ejus
3178 2971 3358 3012 curam
3387 2961 3615 3027 agebat,

2040 3044 2386 3112 repetiturum
2415 3058 2535 3099 esse
2560 3046 2818 3099 rationem
2847 3061 3027 3099 eorum
3050 3061 3165 3115 quas
3192 3047 3457 3115 injustuin
3481 3052 3613 3105 facta

2041 3134 2253 3190 fuerant
2283 3153 2294 3188 :
2326 3146 2608 3205 eaprOpter
2630 3137 2831 3206 justum
2876 3137 3121 3207 placant,
3165 3147 3218 3192 et
3246 3149 3452 3207 pactum
3483 3142 3616 3197 inire

2041 3240 2161 3279 cum
2203 3241 2267 3280 eo
2308 3228 2559 3289 student,
2590 3228 2749 3281 simul
2789 3237 2841 3282 et
2881 3242 2976 3297 pro
3022 3229 3084 3282 iis
3126 3246 3242 3297 qua:
3290 3229 3423 3284 facta
3464 3241 3617 3286 erant

2041 3316 2298 3370 rationem
2342 3317 2624 3372 reddentes
2648 3358 2663 3382 ,
2696 3328 2750 3373 et
2792 3319 2844 3372 in
2889 3318 3118 3373 futurum
3148 3321 3484 3375 securitatem
3516 3323 3615 3376 sibi

2041 3408 2404 3462 conciliantes.
2451 3410 2539 3463 50.
2571 3408 2634 3461 Et
2674 3410 2789 3480 fecit
2826 3410 2899 3463 eis
2925 3451 2940 3476 ,
2984 3410 3185 3480 inquit,
3228 3412 3541 3477 convivium,
3572 3421 3616 3466 et

2041 3500 2358 3553 comederunt
2382 3509 2427 3553 et
2451 3500 2677 3554 biberunt
2705 3502 2830 3555 :51.
2861 3512 2905 3556 et
2936 3519 3048 3555 cum
3074 3504 3404 3558 surrexissent
3432 3522 3577 3558 mane
3598 3546 3615 3573 ,

2033 3592 2226 3662 juravit
2250 3593 2589 3663 unusquisque
2617 3594 2845 3662 proximo
2874 3610 2965 3647 suo
2990 3635 3004 3657 ,
3033 3604 3078 3647 et
3101 3594 3289 3648 dimisit
3316 3612 3398 3649 eos
3423 3596 3575 3649 Isaac
3598 3637 3613 3662 ,

2041 3693 2087 3736 et
2118 3684 2448 3737 discesserunt
2472 3684 2535 3737 ab
2561 3700 2618 3737 eo
2645 3702 2759 3737 cum
2786 3686 2965 3739 salute.
2994 3685 3126 3740 Vide
3163 3688 3290 3754 justi
3320 3687 3615 3755 benignita-

2043 3783 2148 3828 tem
2176 3815 2191 3837 .
2222 3775 2488 3842 quomodo
2512 3789 2632 3828 cum
2665 3776 2741 3828 eis
2769 3776 2969 3845 absque
3002 3777 3300 3831 vindicandi
3330 3778 3615 3846 cupiditate

2045 3864 2277 3931 loquitur
2306 3882 2318 3917 :
2348 3874 2400 3917 et
2429 3878 2535 3917 non
2569 3866 2737 3919 solum
2768 3866 3095 3918 obliviscitur
3122 3882 3306 3919 eorum
3336 3883 3452 3936 qua:
3481 3868 3531 3921 in
3560 3882 3619 3923 se

2046 3956 2201 4018 facta,
2224 3954 2318 4009 sed
2344 3970 2530 4024 magna
2555 3955 2910 4023 hospitalitate
2939 3957 3056 4010 illos
3075 3958 3289 4026 excipit.
3317 3957 3455 4011 Fecit
3477 3961 3618 4013 enim

2043 4047 2114 4101 eis
2129 4047 2425 4112 convivium,
2447 4055 2495 4099 et
2520 4048 2834 4101 comederunt
2861 4056 2907 4101 et
2936 4048 3176 4102 biberunt.
3208 4048 3462 4103 Convivio
3489 4053 3620 4105 satis

2045 4145 2190 4191 certa
2227 4137 2318 4190 dat
2350 4145 2656 4205 argumenta
2680 4176 2694 4199 ,
2723 4151 2783 4191 se
2821 4152 2927 4191 non
2968 4137 3080 4192 fore
3118 4154 3406 4194 memorem
3434 4156 3618 4194 eorum

2044 4242 2163 4297 quae
2186 4227 2240 4280 in
2267 4240 2324 4281 se
2351 4226 2746 4281 commiserant.
2772 4226 2840 4281 Et
2858 4229 3046 4282 dimisit
3069 4245 3170 4295 eos,
3200 4231 3387 4300 inquit,
3411 4242 3454 4283 et
3479 4232 3619 4286 abie-

2042 4329 2159 4373 runt
2183 4336 2295 4372 cum
2320 4320 2500 4374 salute.
2528 4317 2852 4389 Significavit
2873 4336 2967 4390 per
2993 4321 3093 4376 hoc
3118 4322 3292 4376 divina
3319 4323 3614 4393 Scriptura,

2042 4424 2137 4466 eos
2166 4426 2358 4480 magno
2394 4427 2514 4465 cum
2553 4412 2741 4466 timore
2771 4412 3081 4478 advenisse,
3115 4415 3405 4483 perieulum
3431 4432 3607 4484 essita-

2043 4507 2249 4554 ctantes
2272 4541 2288 4563 ,
2316 4510 2369 4554 et
2393 4500 2460 4554 de
2484 4514 2890 4556 rerum‘summa
2914 4544 2927 4568 ,
2961 4513 3017 4557 ut
3050 4505 3117 4559 ita
3143 4506 3313 4560 dicam
3339 4549 3354 4573 ,
3386 4509 3576 4561 anxios
3603 4548 3617 4569 ,

2044 4602 2103 4647 ut
2154 4603 2469 4647 excusarent
2512 4608 2610 4656 se,
2657 4594 2724 4648 ad
2770 4595 2969 4662 justum
3012 4598 3372 4652 centendisse.
3432 4599 3620 4657 Vidisti

2044 4684 2312 4754 quomodo
2338 4683 2466 4738 nihil
2491 4685 2713 4739 validius
2739 4685 2969 4740 virtute?
2996 4686 3126 4739 nihil
3154 4688 3415 4754 potentius
3435 4704 3620 4757 super-

2043 4776 2127 4830 nis
2153 4775 2362 4832 auxiliis
2383 4774 2558 4829 freto?
2581 4774 2770 4829 Postea
2791 4775 2918 4829 dicit
2943 4793 2955 4828 :
2983 4775 3068 4829 '52.
3093 4774 3157 4827 In
3179 4777 3259 4830 die
3282 4776 3370 4829 illo
3395 4778 3621 4833 abierunt

2043 4866 2184 4935 pueri
2219 4864 2367 4918 Isaac
2385 4905 2400 4929 ,
2431 4873 2478 4917 et
2502 4865 2737 4933 foderunt
2761 4873 2984 4933 puteum,
3012 4874 3057 4918 et
3084 4866 3317 4919 dixerunt
3347 4883 3365 4917 :
3398 4867 3512 4922 Non
3538 4871 3618 4922 in-

2042 4958 2262 5010 venimus
2302 4971 2504 5027 aquam.
2534 4956 2620 5010 35.
2650 4954 2717 5006 Et
2752 4956 2940 5012 vocavit
2973 4971 3087 5008 eum
3107 4997 3121 5019 ,
3149 4955 3521 5010 Juramentum.
3556 4955 3618 5007 Et

2041 5049 2228 5102 idcirco
2251 5048 2444 5101 vocavit
2471 5063 2648 5100 nomen
2674 5048 2895 5113 civitati,
2926 5045 3116 5101 Puteus
3140 5049 3409 5115 juramenti
3427 5088 3442 5110 ,
3467 5064 3621 5116 usque

2041 5141 2093 5191 in
2127 5140 2421 5191 hodiernum
2449 5139 2601 5191 diem.
2632 5137 2761 5199 Vide
2787 5147 2839 5191 et
2864 5137 2965 5201 hic,
2990 5154 3053 5191 ex
3081 5139 3142 5190 iis
3163 5154 3279 5208 qua)
3306 5139 3437 5191 facta
3459 5147 3616 5201 sunt,

2044 5231 2162 5285 loco
2192 5247 2381 5291 nomen
2423 5231 2746 5300 impositum.
2778 5230 2907 5283 Nam
2936 5232 3055 5300 quia
3083 5230 3278 5286 elI'osso
3307 5242 3462 5298 puteo
3490 5230 3615 5282 nihil

2044 5322 2358 5373 invenerunt
2379 5320 2429 5373 in
2453 5320 2539 5373 die
2561 5319 2650 5373 illo
2669 5334 2772 5388 quo
2788 5320 3086 5388 juramenta
3115 5321 3249 5373 inter
3273 5334 3330 5372 se
3357 5318 3613 5383 fecerunt,

2044 5408 2264 5463 Puteum
2308 5408 2592 5475 jnramenti
2634 5410 2839 5462 vocavit
2878 5424 3067 5461 nomen
3096 5408 3193 5461 lori
3219 5448 3232 5465 .
3266 5418 3319 5459 ut
3359 5406 3613 5459 factorum

2046 5499 2262 5553 duraret
2308 5500 2582 5553 memoria.
2632 5499 2817 5553 Vidisti
2863 5499 3129 5568 quomodo
3169 5497 3343 5566 jnsms
3375 5497 3495 5559 ille,
3526 5495 3616 5564 qui

2043 5609 2215 5661 neque
2241 5608 2269 5644 a
2299 5592 2413 5662 lege
2436 5592 2675 5646 eruditus
2713 5592 2843 5658 fuit,
2873 5604 3043 5659 neque
3070 5589 3133 5643 ad
3164 5589 3393 5657 aliquem
3423 5589 3613 5640 virtute

2048 5685 2326 5755 praeditum
2355 5684 2617 5754 respicere
2646 5683 2835 5751 potuit,
2864 5681 2957 5735 sed
2988 5682 3149 5750 patris
3175 5678 3393 5749 vestigia
3423 5693 3617 5748 sequu-
