4150 6276
514 317 619 371 463

515 440 621 494 tus,
644 439 698 484 rt
720 429 911 485 ductus
936 445 964 483 a
994 431 1314 485 conscientia
1337 429 1584 500 magistra
1617 429 1862 482 humanm
1889 437 2090 481 natura:

516 522 670 575 insita
691 563 705 585 ,
737 531 932 575 tantam
965 519 1203 575 exhibuit
1243 518 1667 588 philosophiam?
1709 520 1838 586 Quae
1861 518 2001 572 enim
2033 516 2102 571 ab

515 626 584 664 eo
612 611 749 663 facta
789 619 948 673 sunt,
981 617 1084 662 n'on
1112 608 1283 662 solum
1312 609 1772 664 mansuetudinem
1801 609 2103 662 indicabant

513 702 669 771 justi,
697 702 790 756 sed
818 711 871 755 et
900 709 1158 768 przrcepta
1184 699 1381 754 Christi
1408 701 1520 753 suis
1551 700 1699 754 illum
1725 700 1976 767 operibus
2005 700 2104 753 im-

521 793 670 861 plere
711 791 1080 846 Ostendebant.
1121 791 1252 844 Nam
1285 792 1336 845 id
1372 793 1514 861 quod
1553 790 1797 846 Christus
1829 791 2103 861 discipulis

519 882 630 936 suis
666 881 978 953 percipiens
1011 889 1066 935 et
1103 883 1398 936 admonens
1424 882 1673 946 dicebat,
1708 899 1774 936 ne
1798 883 1947 937 solos
1983 882 2102 936 dili.

515 975 699 1042 gentes
726 970 1045 1039 diligerent,
1076 972 1168 1026 sed
1198 983 1252 1026 et
1278 988 1400 1042 erga
1432 973 1677 1027 inimicos
1707 974 1980 1027 caritatem
2007 989 2103 1028 ex-

519 1061 762 1116 hiberem
796 1060 813 1131 (
840 1060 1025 1114 Matth.
1059 1062 1113 1116 5.
1140 1063 1248 1132 44)
1281 1081 1293 1115 :
1325 1062 1424 1118 hoc
1454 1065 1542 1118 ille
1583 1079 1722 1117 nunc
1751 1065 1916 1118 Inulto
1949 1073 2102 1118 antea

521 1149 812 1219 implebat,
863 1160 916 1205 et
971 1163 1111 1206 tanta
1167 1153 1526 1222 hospitalitate
1574 1155 1831 1209 tractabat
1876 1169 1970 1208 eos
2012 1154 2101 1224 qui

519 1247 712 1310 magno
756 1243 929 1312 ipsum
971 1243 1095 1298 odio
1139 1247 1440 1315 prosequuti
1486 1247 1693 1299 fuerant
1727 1264 1738 1299 :
1781 1260 2102 1315 omnemque

519 1331 764 1387 vindictae
789 1333 1126 1401 cupiditatem
1153 1337 1332 1390 animo
1358 1351 1454 1390 suo
1478 1337 1808 1390 excludehat.

589 1425 644 1478 5.
687 1423 906 1478 Moralis
935 1426 1183 1496 epilogus.
1218 1456 1289 1465 —
1331 1428 1442 1492 Qua
1471 1428 1628 1496 igitur
1656 1442 1751 1480 nos
1782 1427 1930 1482 venia
1958 1426 2100 1494 digni

517 1513 720 1568 erimus
742 1555 758 1580 ,
790 1516 877 1583 qui
921 1523 1038 1584 post
1067 1515 1288 1585 gratiam
1311 1558 1325 1582 ,
1358 1527 1473 1586 post
1503 1527 1699 1571 tantam
1728 1517 2020 1571 doctrinam
2049 1525 2104 1570 et

517 1602 810 1658 Salvatoris
837 1614 1096 1674 przcccpta
1123 1645 1139 1669 ,
1169 1621 1341 1676 neque
1365 1606 1431 1660 ad
1459 1607 1614 1677 hujus
1643 1608 1770 1676 justi
1799 1622 2101 1662 mensuram

520 1696 802 1764 pervenire
827 1696 1108 1750 valemus?
1134 1697 1202 1750 Et
1225 1698 1350 1767 quid
1374 1699 1514 1763 dico,
1536 1699 1604 1753 ad
1623 1699 1738 1769 ejus
1758 1698 2104 1754 mensuram?

523 1788 702 1854 Neque
751 1801 916 1856 prope
958 1788 1168 1843 adstare
1215 1805 1515 1858 possumus.
1565 1792 1730 1846 Tanta
1773 1793 1913 1846 enim
1963 1807 2104 1847 nunc

523 1876 736 1930 malitia:
778 1875 1098 1931 abundantia
1139 1879 1359 1934 obduxit
1399 1882 1576 1934 omnia
1601 1922 1616 1945 ,
1649 1890 1705 1936 ut
1737 1891 1792 1937 et
1823 1882 2102 1952 diligentes

519 1967 738 2036 diligere
765 1975 849 2022 res
876 1967 1159 2024 admodum
1190 1985 1306 2025 rara
1330 1973 1424 2026 sit.
1458 1972 1609 2028 Unde
1651 1975 1810 2043 igitur
1835 1975 1988 2029 nubis
2017 1989 2103 2028 sa-

520 2060 645 2112 lutis
688 2073 846 2129 spes,
889 2060 934 2114 si
966 2061 1260 2130 publicanis
1301 2063 1594 2120 deteriores
1635 2065 1926 2120 fuerimus?
1968 2065 2104 2120 sicut

521 2147 649 2204 dicit
677 2150 939 2205 Christus.
974 2151 1035 2206 Si
1073 2152 1281 2223 diligitis
1305 2153 1569 2224 diligentes
1596 2173 1710 2222 vos,
1739 2157 1862 2225 quid
1885 2157 2105 2227 amplius

521 2241 727 2308 facitis?
753 2244 918 2296 nenae
944 2251 991 2298 et
1018 2244 1273 2314 publicani
1313 2247 1407 2300 hoc
1432 2249 1626 2318 faciunt
1654 2249 1674 2318 (
1704 2247 1841 2302 Ibid.
1871 2267 1918 2303 v.
1944 2249 2013 2304 46
2041 2247 2103 2319 )?

524 2331 589 2385 Et
626 2331 868 2387 Christus
906 2334 1120 2403 quidem
1159 2336 1341 2391 volens
1376 2351 1472 2391 nos
1504 2338 1572 2392 ad
1600 2351 1864 2394 summum
1895 2341 2104 2395 virtutis

522 2422 706 2476 venire
741 2422 1003 2493 fastigium
1027 2465 1042 2490 ,
1075 2424 1179 2479 illis
1217 2428 1523 2494 superiores
1551 2429 1663 2483 vult
1691 2444 1811 2485 esse
1843 2449 1856 2485 :
1885 2447 1983 2485 nos
2011 2447 2105 2485 au-

525 2522 630 2566 tem
656 2513 935 2568 inferiores
960 2531 1079 2571 esse
1107 2517 1400 2573 studemus.
1432 2520 1496 2573 Et
1523 2521 1648 2590 quid
1675 2521 1794 2576 dico
1819 2564 1834 2588 ,
1865 2523 2106 2592 publica-

523 2604 642 2657 nis?
688 2605 989 2661 Deteriores
1027 2617 1081 2661 et
1123 2609 1443 2674 latronibus,
1475 2620 1528 2665 et
1560 2612 1922 2680 sepulcrorum
1963 2614 2105 2668 dirc-

526 2695 782 2763 ptoribus,
813 2706 866 2751 et
891 2696 1191 2753 homicidis.
1223 2699 1426 2753 Etenim
1461 2701 1511 2754 hi
1543 2717 1732 2757 omnes
1759 2703 1984 2774 diligunt
2011 2721 2105 2761 eus

525 2789 614 2857 qui
654 2803 777 2858 erga
804 2803 862 2844 se
891 2790 1028 2845 bene
1065 2791 1240 2846 alfecti
1279 2803 1438 2858 sunt,
1467 2803 1520 2848 et
1549 2809 1914 2864 saepenumero
1944 2798 2101 2852 etiam

525 2894 624 2947 pro
669 2879 877 2934 dilectis
923 2881 1306 2948 periclitantur.
1362 2883 1496 2950 Quid
1547 2885 1707 2954 igitur
1749 2885 1907 2942 fuerit
1951 2888 2104 2942 nobis

527 2969 916 3034 miserabilius,
961 2971 1048 3040 qui
1097 2981 1294 3027 tantam
1337 2989 1365 3028 a
1413 2974 1638 3031 Domino
1684 2978 2102 3034 misericordiam

525 3062 664 3118 nacti
691 3077 896 3128 sumus,
924 3075 976 3119 et
1007 3065 1282 3122 innumera
1315 3067 1452 3122 mala
1479 3069 1788 3125 facientibus
1812 3071 2105 3126 deteriores

525 3151 860 3208 imeiimur?
904 3155 1136 3211 Obsecro
1180 3157 1377 3227 igitur,
1423 3164 1716 3229 cogitemus
1764 3171 1817 3216 et
1861 3162 2101 3231 supplicii

522 3246 934 3315 magnitudinem
959 3288 973 3311 ,
1010 3257 1064 3302 et
1120 3250 1444 3304 confusionis
1483 3264 1602 3321 qua:
1638 3252 1762 3306 alibi
1810 3251 1983 3307 futura
2023 3255 2107 3308 est

522 3340 830 3403 gravitatem
851 3379 866 3401 ,
898 3351 961 3392 ac
986 3339 1068 3392 vel
1099 3341 1286 3394 saltem
1317 3351 1455 3395 nunc
1491 3351 1724 3396 nostram
1751 3358 2103 3412 agnoscamus

523 3428 972 3494 generositatem,
1013 3439 1068 3484 et
1110 3431 1537 3500 obtemperemus
1573 3433 1830 3487 doctrinae
1872 3435 2101 3503 Christi,

525 3530 592 3571 ac
619 3533 724 3571 non
754 3518 925 3573 solum
957 3534 1056 3575 nos
1078 3521 1355 3591 diligentes
1384 3523 1591 3578 siu‘ce're
1616 3524 1894 3594 diligamus
1916 3567 1930 3588 ,
1959 3528 2104 3581 omni

525 3621 562 3661 υ
580 3607 652 3661 lio
676 3618 729 3662 et
754 3609 946 3665 invidia
973 3611 1039 3666 ab
1064 3613 1342 3668 animabus
1367 3616 1560 3670 nostris
1584 3615 1870 3671 eliminatis
1893 3635 1906 3670 :
1932 3619 2023 3672 sed
2051 3628 2108 3673 et

527 3715 621 3754 eos
649 3701 736 3772 qui
768 3700 1031 3758 hostiliter
1060 3717 1157 3758 nos
1187 3715 1574 3777 persequuntur
1595 3751 1610 3774 ,
1640 3709 1862 3779 diligere
1889 3713 2104 3767 studea-

525 3805 676 3844 mus:
707 3807 879 3862 neque
905 3794 1044 3848 enim
1072 3795 1226 3850 aliter
1267 3797 1489 3852 salutem
1519 3800 1770 3870 consequi
1804 3816 1900 3855 nos
1936 3802 2110 3871 possi-

524 3881 628 3937 bile
653 3886 773 3947 erit,
807 3885 905 3940 nisi
939 3885 1035 3940 hac
1064 3887 1371 3944 incedamus
1399 3890 1481 3944 via
1508 3899 1601 3946 :et
1629 3892 1796 3962 niagis
1820 3903 1980 3963 quam
2009 3908 2106 3950 eos

529 3976 615 4043 qui
647 3990 744 4028 nos
773 3975 1020 4048 diligunt,
1050 3979 1171 4033 illos
1200 3979 1421 4050 diligere
1450 3983 1774 4051 studeamus,
1804 3987 1987 4054 utpote
2017 3989 2103 4056 qui

528 4067 682 4121 nobis
708 4067 1104 4147 innumerorum
1135 4071 1393 4126 boi;0rum
1421 4073 1526 4126 sint
1549 4085 1814 4129 auctores.
1851 4075 1939 4131 Sic
1962 4077 2104 4131 enim

527 4167 582 4212 et
620 4168 955 4227 peccatorum
1001 4169 1302 4214 nostrorum
1344 4163 1710 4217 remissionem
1749 4165 2024 4229 invenire,
2053 4169 2107 4222 et

531 4249 800 4303 hmniliata
832 4259 1010 4306 mente
1035 4264 1089 4306 et
1116 4254 1341 4306 contrita
1379 4255 1555 4308 anima
1585 4253 1750 4310 Deum
1778 4258 1981 4325 precari
2007 4273 2104 4327 po-

529 4340 770 4396 terimus.
798 4342 930 4408 Quia
957 4358 1078 4396 cum
1107 4344 1279 4396 anima
1317 4344 1385 4398 ab
1411 4345 1553 4398 omni
1580 4346 1702 4400 odio
1737 4347 1900 4402 libera
1930 4359 2108 4404 mcut‘e

529 4433 808 4502 tranquilla
832 4442 914 4488 est
933 4475 948 4497 ,
981 4431 1258 4488 Dominum
1286 4436 1470 4490 s'edulo
1497 4437 1708 4492 invocat
1727 4480 1742 4504 ,
1776 4441 2107 4510 multumque

527 4521 630 4579 sibi
658 4537 885 4590 superne
913 4525 1164 4579 auxilium
1193 4527 1439 4581 conciliat
1468 4544 1482 4586 :
1509 4527 1648 4597 Quod
1679 4530 1832 4584 nobis
1860 4531 2106 4586 omnibus

527 4617 851 4672 concedatur
871 4660 885 4681 ,
916 4619 1082 4687 gratia
1114 4627 1167 4674 et
1198 4618 1516 4690 benignitate
1555 4622 1760 4676 Domini
1789 4625 1954 4678 nostri
1981 4624 2106 4680 Jcsu

527 4707 724 4762 Christi
742 4751 756 4770 ,
785 4711 865 4762 cui
894 4709 1060 4778 gloria
1089 4724 1209 4762 cum
1240 4709 1395 4765 Patre
1421 4721 1473 4764 et
1501 4721 1684 4766 sancto
1709 4707 1937 4781 Spiritu,
1967 4729 2108 4770 nunc

529 4808 582 4853 et
607 4809 835 4869 semper,
865 4809 918 4854 et
943 4801 993 4855 in
1019 4802 1211 4855 saecula
1241 4802 1572 4855 smeulorum.
1608 4803 1797 4858 Amen.

1095 4890 1374 4947 HOMILIA
1412 4882 1542 4947 Lill.

530 4979 658 5033 [Crat
687 4989 848 5033 autem
878 4979 1015 5035 Esau
1038 4999 1284 5037 annorum
1313 4985 1664 5054 quadraginta,
1689 4995 1733 5038 et
1761 4986 1904 5039 duxit
1927 4986 2108 5041 Iudith

602 5069 764 5138 ﬁliam
806 5069 926 5123 Beel
958 5071 1035 5142 (a)
1072 5069 1301 5137 Chetta’i,
1354 5083 1399 5126 et
1446 5075 1715 5128 Basemath
1756 5078 1914 5143 ﬁliam
1962 5077 2109 5130 Elom

602 5159 762 5223 Evtei,
791 5169 837 5213 et
859 5162 1220 5229 exasperabant
1247 5161 1396 5217 Isaac
1435 5175 1482 5219 ct
1530 5164 1804 5220 Rcbccram
1839 5167 1986 5238 (Gen.
2015 5167 2106 5224 ‘26.

604 5253 692 5307 54.
721 5252 836 5323 55).

606 5370 657 5423 Ι.
684 5371 796 5439 Age
824 5378 876 5422 et
907 5367 1061 5423 hodie
1090 5367 1133 5422 si
1165 5369 1334 5437 placet
1364 5373 1730 5440 aggrediamur
1756 5390 1815 5430 ea
1846 5393 1960 5445 qua:
1991 5377 2106 5431 heri

594 5490 666 5550 (a)
698 5488 961 5536 Ilebraicus
984 5493 1150 5550 textus
1169 5485 1316 5534 tam.
1360 5481 1558 5543 Vulgata
1601 5492 1740 5534 recte
1767 5485 1933 5550 _I_'eeri.
1983 5493 2108 5535 Voce

529 5547 861 5598 autcmmttna
891 5549 1015 5607 Beel,
1041 5557 1264 5598 accurate
1289 5551 1634 5606 interpretatur
1650 5547 1810 5595 versio
1827 5556 1982 5595 Grtcca
2002 5561 2106 5606 Βιῆλ.

529 5619 674 5660 Pnrro
697 5611 800 5658 ha‘c
823 5611 983 5659 versio
1004 5618 1163 5659 ϐιτεεδ
1189 5613 1396 5660 maxime
1420 5609 1631 5656 omnium
1649 5608 1707 5654 ad
1733 5607 2010 5657 Heliraicam
2034 5609 2108 5657 le-

528 5676 738 5734 ctionem
750 5672 949 5720 accedit.
969 5680 1080 5722 Nam
1103 5673 1229 5734 quod
1257 5686 1344 5732 sup
1362 5671 1551 5731 legatur
1575 5683 1669 5734 pro
1690 5679 1825 5728 Beer,
1842 5679 1925 5718 aut
1949 5670 2104 5734 acori,

529 5735 582 5782 id
615 5732 739 5782 haud
771 5734 920 5782 dubie
947 5741 1108 5784 ortum
1121 5732 1193 5784 ex
1222 5733 1619 5783 transmutatione
1645 5733 1890 5780 literarqu
1907 5732 2103 5780 Ilebrai-

1262 315 1316 373 S.
1357 315 1631 373 JOANNIS
1671 311 2139 370 CIIRYSOSTOMI
2183 311 2498 370 ARCHIEP.
2542 315 3072 372 CUNSTANTINOP.

3680 315 3798 373 464

2205 428 2344 483 dicta
2388 439 2699 498 sequuntur,
2724 441 2775 485 et
2811 431 3039 500 singula,
3065 439 3321 500 quantum
3352 429 3506 485 nobis
3533 431 3796 486 concedi-

2201 527 2308 585 tur,
2334 521 2658 588 aperiamus,
2685 532 2740 575 ut
2767 520 2985 574 domum
3013 535 3136 574 cum
3162 520 3385 574 utilitate
3414 521 3590 590 aliqua
3616 520 3799 576 redire

2203 609 2491 678 possimus.
2520 610 2804 665 Videamus
2839 611 3018 680 igitur,
3049 619 3169 680 qua:
3196 611 3422 678 primum
3463 610 3596 665 lecta
3641 624 3794 668 sunt.

2203 701 2292 754 54.
2320 699 2446 754 Erat
2471 709 2639 754 autem
2668 700 2826 766 Esai,
2851 702 3040 770 inquit,
3082 718 3331 754 annorum
3358 703 3716 772 quadraginta,
3744 715 3799 758 et

2207 791 2404 860 accepit
2427 790 2612 844 Iudith
2637 793 2799 858 ﬁliam
2835 791 2957 845 Berl
2983 790 3214 856 Chetmi,
3241 801 3289 844 et
3321 789 3591 845 Basematlt
3627 794 3796 859 ﬁliam

2206 879 2358 934 Elom
2385 880 2526 933 Emi
2551 896 2570 933 :
2606 881 2696 936 35.
2729 893 2776 934 et
2811 881 3180 951 exasperabant
3217 878 3370 934 Isaac
3409 891 3457 934 et
3492 880 3790 934 Rebeccam.

2208 972 2340 1026 Vide
2356 981 2550 1042 quanta
2567 988 2631 1027 ex
2650 973 2832 1042 paucis
2854 972 2936 1026 his
2953 972 3130 1026 verbis
3150 971 3349 1025 addisci
3369 971 3794 1041 possunt.Quare

2206 1064 2349 1118 enim
2379 1065 2534 1119 nobis
2559 1074 2840 1119 numerum
2887 1079 3147 1118 annorum
3197 1063 3341 1117 Esau
3383 1065 3647 1132 signavit?
3671 1063 3790 1118 Non

2206 1155 2408 1223 absque
2444 1169 2635 1219 causa,
2677 1155 2770 1210 sed
2825 1167 2880 1208 ut
2933 1163 3261 1209 senectutem
3301 1153 3568 1208 discamus
3616 1152 3786 1218 Isaac,

2206 1258 2432 1312 eumque
2451 1245 2560 1312 jam
2587 1254 2895 1313 provectum
2923 1244 3085 1298 fuisse
3106 1252 3282 1298 aetate.
3310 1242 3440 1296 Nam
3462 1242 3506 1296 si
3528 1257 3795 1297 memores

2207 1333 2461 1387 fuerimus
2482 1349 2665 1389 eorum
2692 1351 2811 1404 qua!
2837 1343 2991 1388 antea
3013 1335 3152 1388 dicta
3179 1342 3322 1397 sunt,
3343 1343 3394 1386 et
3421 1343 3564 1395 eum,
3580 1332 3795 1401 quando

2210 1425 2409 1494 accepit
2424 1424 3096 1494 Rebeccam,quadraginta
3115 1440 3376 1479 annorum
3396 1424 3797 1493 fuisse,quando

2208 1523 2384 1568 autem
2418 1515 2524 1568 nati
2552 1523 2676 1570 sunt
2704 1516 2752 1570 ei
2784 1516 2898 1582 lilii,
2931 1530 3193 1570 annorum
3223 1515 3494 1584 sexaginta
3515 1531 3546 1568 ιι
3564 1517 3796 1570 sciemus

2209 1622 2330 1662 eum
2364 1623 2505 1661 nunc
2531 1610 2895 1663 centenarium
2925 1623 3066 1675 esse,
3095 1619 3152 1663 et
3177 1609 3230 1662 in
3259 1607 3673 1678 profundissima
3707 1623 3797 1662 se-

2209 1710 2443 1756 neczute.
2473 1703 2734 1767 Quoniam
2763 1702 2907 1756 enim
2948 1701 3170 1771 posthac
3201 1709 3512 1755 narraturus
3536 1709 3638 1760 est.
3662 1715 3797 1768 quo-

2209 1795 2373 1848 modo
2398 1808 2506 1863 prae
2547 1797 2698 1848 senio
2729 1793 3009 1848 hebetatos
3031 1793 3218 1847 oculos
3242 1792 3507 1857 habuerit,
3539 1791 3656 1846 ideo
3695 1806 3798 1844 nu-

2212 1899 2416 1938 merum
2440 1899 2704 1938 annorum
2734 1885 2875 1938 Esau
2901 1889 3156 1953 assignat,
3177 1892 3235 1938 ut
3266 1883 3389 1938 inde
3415 1893 3623 1952 tempus
3649 1881 3799 1936 Isaac

2210 1986 2359 2030 certo
2396 1976 2535 2030 scire
2584 1977 2872 2045 possimus.
2914 1975 3204 2045 Propterea
3242 1973 3404 2039 dicit,
3447 1973 3573 2026 Erat
3611 1983 3782 2026 autem

2211 2068 2354 2122 Esaii
2380 2083 2628 2122 annorum
2672 2067 3031 2138 quadraginta.
3082 2066 3284 2120 Deinde
3327 2075 3381 2120 ut
3429 2066 3658 2120 sciamus
3701 2064 3798 2118 lilii

2210 2161 2326 2229 ejus
2367 2159 2744 2224 temeritatem,
2775 2159 2866 2227 qui
2897 2171 3091 2211 uxores
3129 2156 3360 2211 ducebat
3398 2171 3430 2210 a
3471 2155 3735 2224 gentibus,
3761 2168 3796 2207 a

2211 2253 2402 2321 quibus
2429 2265 2532 2303 non
2561 2249 2864 2318 oportebat,
2891 2248 3184 2303 declaravit
3213 2249 3387 2312 nobis,
3423 2263 3584 2301 unam
3631 2247 3798 2301 fuisse

2211 2358 2275 2398 ex
2302 2357 2498 2413 genere
2515 2341 2896 2407 Chettzeorum,
2913 2340 3069 2394 aliam
3094 2349 3270 2394 autem
3299 2355 3363 2394 ex
3385 2354 3582 2410 genere
3606 2338 3794 2392 Emo-

2211 2449 2366 2498 rum;
2397 2433 2640 2502 quamvis
2683 2431 2816 2485 nihil
2852 2431 2960 2485 tale
3006 2445 3127 2484 eum
3174 2445 3332 2499 agere
3380 2431 3674 2500 oportebat,
3703 2429 3797 2498 qui

2213 2525 2487 2580 didicisset
2504 2532 2753 2594 quantam
2772 2523 3095 2594 diligentiam
3126 2521 3426 2592 patriarcha
3445 2521 3792 2585 adhibuisset,

2211 2616 2524 2684 praecipiens
2552 2627 2710 2667 servo
2733 2626 2854 2674 suo,
2884 2624 2938 2666 ut
2965 2612 3032 2666 de
3051 2613 3368 2682 cognatione
3387 2626 3483 2666 sua
3518 2612 3624 2663 filio
3647 2611 3796 2664 Isaac

2208 2705 2563 2760 adduceretur
2589 2718 2751 2757 uxor:
2770 2704 2889 2772 quia
2913 2702 3072 2756 etiam
3105 2711 3275 2756 mater
3297 2702 3532 2772 ipsorum
3555 2699 3793 2754 Rebecca

2209 2807 2275 2850 ex
2300 2795 2536 2850 Charran
2570 2800 2807 2848 venerat.
2837 2791 3030 2846 Verum
3062 2802 3121 2846 ut
3165 2791 3347 2845 statim
3375 2791 3444 2844 ab
3483 2790 3632 2844 initio
3667 2804 3795 2843 suos

2211 2890 2539 2944 inordinatos
2591 2901 2770 2942 mores
2819 2883 3098 2950 indicaret,
3132 2884 3447 2938 inconsultis
3493 2883 3792 2952 parentilms

2213 2981 2332 3034 illas
2359 2978 2529 3032 duxit.
2561 2978 2626 3032 Et
2653 2986 2710 3031 ut
2736 2976 2967 3030 sciamus
2994 2989 3152 3044 quam
3191 2973 3329 3027 male
3354 2981 3575 3026 moratae
3602 2972 3791 3025 mulie-

2211 3083 2300 3124 res
2343 3068 2554 3132 fuerint,
2584 3067 2714 3121 dicit
2758 3065 3033 3133 Scriptura
3074 3079 3089 3116 :
3143 3063 3211 3116 Et
3255 3071 3397 3116 eram
3444 3070 3794 3131 exasperantes

2210 3161 2363 3217 Isaac
2399 3172 2446 3215 et
2495 3159 2790 3214 Rebeccam.
2846 3159 2909 3211 Et
2945 3155 3071 3226 quid
3111 3166 3194 3211 est
3233 3155 3332 3209 hac
3381 3154 3578 3208 malitia
3618 3153 3791 3222 pejus,

2213 3251 2425 3322 quando
2454 3251 2557 3304 illae
2580 3263 2702 3318 quae
2727 3261 2940 3302 omnem
2982 3241 3242 3301 honorem
3288 3244 3597 3314 impendere
3637 3243 3796 3298 debe-

2212 3343 2362 3409 bant,
2381 3357 2485 3396 non
2507 3341 2679 3395 solum
2703 3340 2804 3394 hoc
2831 3354 2934 3392 non
2953 3338 3198 3409 agebant,
3213 3337 3308 3391 sed
3334 3346 3389 3391 et
3413 3336 3480 3390 ad
3496 3336 3794 3392 contentio-

2213 3451 2334 3490 ncm
2383 3442 2580 3504 paratas
2621 3431 2813 3487 erant?
2862 3431 2987 3485 Haec
3030 3440 3207 3484 autem
3236 3429 3414 3484 omnia
3461 3443 3566 3483 non
3595 3429 3795 3496 absque

2212 3541 2370 3581 causa
2405 3524 2623 3577 historia
2665 3523 2821 3576 nobis
2869 3520 3164 3590 significat;
3213 3518 3308 3574 sed
3355 3527 3413 3572 ut
3441 3527 3644 3588 postea,
3674 3532 3794 3570 cum

2215 3617 2413 3672 videris
2425 3616 2722 3670 Rebeccam
2742 3609 2906 3668 Iacob
2927 3612 3114 3682 majori
3134 3610 3505 3666 benevolentia
3527 3609 3794 3680 prosequi,

2212 3709 2388 3783 discas
2416 3719 2535 3762 eam
2568 3720 2672 3760 non
2712 3704 2904 3772 iniuria
2931 3714 3044 3758 rem
3087 3717 3208 3758 eam
3234 3701 3447 3757 fecisse.
3473 3699 3589 3756 Jam
3619 3711 3794 3753 autem

2215 3814 2282 3854 ne
2319 3798 2512 3854 seriem
2550 3803 2833 3851 contextus
2871 3793 3277 3862 praeveniamus,
3320 3791 3516 3861 scripta
3556 3791 3667 3859 ipsa
3705 3803 3795 3844 se-

2213 3893 2460 3958 quamur.
2497 3888 2548 3941 Ι.
2581 3885 2799 3939 Factum
2824 3893 2895 3938 est
2920 3893 3086 3937 autem
3121 3890 3385 3952 postquam
3429 3881 3591 3935 senuit
3620 3879 3792 3946 Isaac,

2212 3993 2258 4038 et
2277 3981 2490 4036 hebetati
2515 3987 2630 4034 sunt
2653 3977 2786 4032 oculi
2811 3978 2921 4048 ejus
2941 3976 3008 4028 ad
3029 3975 3296 4029 videndum
3316 3972 3474 4046 (Cap.
3514 3972 3656 4043 27):
3686 3972 3794 4041 jam

2214 4076 2378 4137 enim,
2396 4072 2588 4141 inquit,
2609 4084 2717 4139 pra:
2737 4069 2891 4123 senio
2919 4066 3101 4121 videre
3129 4080 3234 4119 non
3257 4072 3496 4134 poterat:
3528 4073 3576 4116 et
3605 4063 3795 4115 vocavit

2216 4166 2355 4220 Esau
2373 4164 2536 4229 ﬁlium
2561 4175 2710 4215 suum
2735 4169 2857 4213 natu
2882 4158 3148 4227 majorem,
3165 4164 3212 4208 et
3235 4155 3362 4208 dixit
3382 4154 3428 4207 ei
3444 4169 3462 4206 :
3491 4153 3546 4206 2.
3574 4153 3679 4206 Fili
3703 4152 3788 4217 mi,

2215 4272 2326 4310 ecce
2356 4256 2518 4315 senui,
2556 4262 2602 4306 et
2632 4251 2797 4304 nescio
2826 4250 2960 4302 diem
2986 4248 3161 4301 mortis
3180 4260 3324 4299 mete.
3357 4247 3410 4301 5.
3460 4244 3616 4298 Nunc
3643 4245 3795 4316 igitur

2214 4359 2357 4397 sume
2395 4353 2540 4394 arma
2584 4350 2690 4404 tua,
2732 4338 3019 4409 pharetram
3063 4346 3111 4390 et
3151 4351 3344 4401 arcum,
3375 4343 3422 4388 et
3465 4333 3696 4404 egredere
3740 4333 3794 4388 ia

2214 4449 2471 4502 campum,
2513 4440 2561 4485 et
2603 4445 2784 4484 venare
2825 4427 2950 4482 mihi
2989 4427 3332 4491 cenationem,
3364 4426 3417 4480 4.
3459 4435 3507 4478 et
3543 4429 3627 4495 {ac
3671 4425 3794 4477 mihi

2215 4527 2404 4591 edulia,
2446 4525 2575 4578 sicut
2606 4539 2696 4592 ego
2748 4536 2884 4587 amo,
2927 4528 2974 4574 et
3002 4517 3132 4586 aﬂ‘er
3169 4517 3314 4584 mihi,
3355 4526 3412 4569 ut
3439 4517 3714 4580 comedam,
3741 4525 3796 4567 ut

2215 4615 2470 4670 benedirat
2511 4623 2558 4667 te
2599 4613 2769 4665 anima
2811 4626 2944 4677 mea,
2983 4609 3276 4680 priusquam
3311 4623 3402 4678 ego
3447 4607 3654 4658 moriar.
3699 4605 3796 4659 Hic

2215 4708 2458 4770 obsecro,
2476 4705 2688 4768 dilecte,
2720 4700 3088 4756 animadverte
3116 4698 3430 4752 immensam
3464 4695 3554 4750 Dei
3585 4697 3795 4764 sapien-

2215 4802 2364 4863 tiam,
2393 4805 2449 4852 e‘t
2493 4795 2763 4866 quomodo
2814 4801 2964 4863 pater
3005 4790 3218 4859 quidem
3259 4789 3538 4859 genuinam
3583 4800 3695 4857 prae
3737 4799 3796 4841 se

2217 4893 2396 4946 ferens
2445 4887 2815 4949 dilectionem,
2865 4885 2982 4938 haec
3031 4883 3316 4952 imperavit
3365 4882 3539 4945 Esau;
3583 4881 3796 4950 sapiens

2215 4991 2392 5035 autem
2419 4988 2473 5032 et
2497 4979 2836 5046 omnipotens
2867 4975 3122 5029 Dominus
3149 4989 3245 5042 per
3273 4973 3570 5028 Rebeccam
3601 4971 3795 5041 pracdi-

2217 5073 2448 5126 ctinuem
2497 5083 2646 5123 suam
2693 5066 2902 5136 impleri
2945 5072 3115 5130 curat,
3143 5065 3342 5118 docens
3389 5079 3504 5130 nos,
3537 5075 3792 5134 quantum

2215 5163 2426 5216 valeant
2449 5160 2615 5213 virtus
2641 5166 2694 5213 et
2713 5171 2920 5212 morum
2944 5158 3196 5211 suavitas.
3225 5155 3319 5210 ille
3345 5157 3486 5209 enim
3513 5164 3568 5209 et
3593 5157 3662 5210 ob
3689 5156 3797 5224 pri-

2217 5252 2633 5322 mogenituram,
2667 5258 2722 5302 et
2751 5249 2822 5302 ob
2867 5248 3029 5316 patris
3072 5261 3195 5317 erga
3224 5261 3282 5300 se
3317 5245 3650 5300 affectionem
3684 5247 3792 5314 pri-

2219 5356 2417 5400 matum
2461 5359 2518 5398 se
2560 5342 2756 5396 habere
2799 5349 3010 5410 putans,
3041 5339 3195 5395 simul
3229 5339 3515 5395 destitutus
3544 5339 3794 5394 omnibus

2219 5443 2462 5496 inventus
2482 5447 2584 5502 est,
2609 5437 2729 5506 quia
2755 5451 2874 5504 qua:
2904 5436 2956 5489 in
2983 5448 3041 5490 se
3066 5440 3237 5500 erant,
3260 5431 3451 5487 ali'crre
3478 5431 3676 5486 noluit:
3706 5430 3794 5486 hic

2215 5542 2416 5597 autem,
2441 5527 2561 5598 quia
2597 5526 2888 5580 domestica
2910 5534 3023 5578 erat
3052 5523 3247 5578 virtute
3275 5522 3546 5592 praeditus,
3575 5531 3629 5576 et
3667 5535 3791 5590 gra-

2213 5681 2393 5732 carum,
2417 5676 2526 5727 quae
2550 5663 2835 5732 frequenter
2858 5661 3026 5714 accidit
3063 5663 3114 5712 in
3135 5659 3312 5723 Bibliis,
3336 5669 3389 5714 ut
3411 5662 3460 5712 in
3477 5657 3783 5722 Prolegomo-

2217 5734 2290 5780 nis
2311 5723 2604 5786 ad'ttexapla
2620 5723 2934 5772 ostendimus.
3375 5757 3388 5767 .
