4150 6276
398 348 504 416 863

397 474 557 544 φύσει
589 475 654 544 τῇ
694 462 1010 546 ἀνθρωπίνῂ
1053 472 1372 544 ἐγκειμένου
1413 473 1493 546 τῷ
1535 474 1796 527 συνειδότι
1838 474 1978 527 διδα-

398 557 596 610 σκάλου
607 556 800 627 όδηγού
808 573 989 626 μενος,
1002 556 1267 625 τοσαύτην
1284 556 1603 624 φιλοσοφίαν
1614 556 1975 622 ἐπεδείκνυτος

397 641 476 693 Τά
510 641 619 707 7&9
650 639 989 710 γεγενημένα
1024 639 1086 690 ού
1117 639 1278 709 μόνον
1306 638 1405 708 τὴν
1432 638 1735 713 ἐπιείκειαν
1767 638 1975 691 ἐδείκνυ

398 720 487 773 τοῦ
509 721 718 774 δικαίου
743 722 933 774 τούτου
949 737 964 751 ·
996 721 1132 774 ἀλλά
1159 721 1253 775 καὶ
1275 720 1345 774 τά
1372 719 1466 773 τοῦ
1492 718 1731 791 Χριστοῦ
1759 736 1975 790 παραγ-

397 804 646 874 γέλματα
668 804 736 858 δι’
763 804 942 858 αὐτῶν
965 805 1074 858 τῶν
1100 804 1277 876 ἐργων
1301 803 1465 857 αὑτὸν
1486 803 1729 874 πληροῦν
1760 803 1977 872 ἀπέφηο

398 902 476 939 νε.
527 888 637 941 Καὶ
673 887 808 958 ὅπερ
852 888 886 940 ὁ
922 888 1157 961 Χριστὸς
1206 886 1361 961 ἐλεγε
1405 886 1821 954 διαταττόμενος
1862 888 1975 947 τοῖς

402 969 667 1041 μαθηταῖς
694 972 789 1024 καὶ
833 960 1135 1042 παραινῶν,
1173 972 1234 1023 ού
1285 960 1444 1040 μόνον
1485 971 1612 1032 τοὺς
1647 968 1974 1037 ἀγαπῶντας

399 1052 638 1125 ἀγαπᾷν,
659 1054 793 1107 ἀλλά
818 1056 911 1109 καὶ
939 1053 1075 1126 πρὸς
1091 1055 1217 1116 τοὺς
1243 1053 1469 1123 ἐχθροὺς
1488 1052 1588 1122 τὴν
1608 1052 1829 1120 ἀγάπην
1856 1053 1976 1104 ἐπι·

398 1135 728 1200 δείκνυσθαι,
769 1138 928 1193 τοῦτο
966 1131 1122 1201 οὗτος
1158 1138 1364 1191 ἀνωθεν
1411 1135 1685 1207 ἐπλήρου,
1717 1133 1973 1205 καὶπρὸς

399 1221 525 1281 τοὺς
566 1219 816 1273 τοσοῦτον
848 1223 1005 1291 μῖσος
1033 1222 1162 1292 περὶ
1189 1220 1351 1273 αὐτὸν
1381 1218 1683 1290 ἐσχηκότας
1704 1216 1974 1285 τοσαύτην

398 1302 744 1356 ἐπεδείκνυτο
780 1304 877 1376 τὴν
918 1304 1239 1379 φιλοξενίαν,
1261 1302 1440 1356 καὶτὸ
1481 1304 1581 1373 τῆς
1607 1299 1973 1373 μνησικακίας

400 1386 569 1448 πάθος
592 1384 815 1457 ἐξώριξε
841 1389 939 1457 τῆς
966 1385 1162 1441 ἐαυτοῦ
1196 1387 1397 1456 ψυχῆς.

470 1476 532 1524 ε’.
551 1470 706 1532 Τίνος
729 1467 823 1523 οὖν
840 1470 906 1524 ἀν
919 1469 1109 1540 εἴημεν
1120 1471 1152 1538 ἡ
1163 1471 1281 1538 μεῖς
1299 1467 1627 1538 συγγνώμης
1641 1466 1799 1531 ἄξιοι,
1813 1467 1846 1535 ἡ
1855 1465 1973 1535 μείς

399 1553 449 1605 οἱ
490 1551 629 1622 μετά
674 1553 772 1623 τὴν
799 1552 992 1625 χάριν,
1028 1553 1123 1605 καὶ
1157 1551 1255 1622 τὴν
1286 1550 1552 1620 τοσαύτην
1591 1548 1970 1612 διδασκαλίαν,

400 1636 493 1689 καὶ
520 1637 587 1689 τά
610 1635 704 1688 τοῦ
734 1636 983 1706 Σωτῆρος
1008 1634 1461 1705 παραγγέλματα,
1491 1633 1610 1686 οὐδὲ
1631 1632 1692 1686 τὸ
1714 1631 1847 1685 αὐτὸ
1878 1629 1972 1699 μέ-

398 1736 527 1790 τρον
546 1719 624 1789 τῷ
652 1719 844 1789 δικαίῳ
863 1720 1038 1789 τούτῳ
1056 1717 1258 1788 φθάσαι
1278 1718 1409 1772 δυνά
1415 1735 1563 1788 μενοι
1580 1722 1596 1783 ';
1622 1717 1730 1770 Καὶ
1748 1715 1802 1769 τί
1829 1715 1972 1782 λέγω

398 1790 458 1855 τδ
483 1803 615 1855 αὐτὸ
650 1802 877 1873 μέτρονς
922 1801 1081 1855 Ἀλλά
1111 1802 1246 1872 μηδὲ
1269 1802 1434 1869 ἐγγὺς
1461 1801 1649 1870 στῆναι
1676 1798 1967 1870 ἰσχύοντες.

398 1884 644 1956 Τοσαύτη
684 1886 793 1957 γὰρ
824 1884 918 1939 νῦν
948 1885 1252 1939 ἐπεπόλασε
1274 1884 1375 1953 τῆς
1394 1883 1592 1946 κακίας
1611 1885 1644 1953 ἡ
1672 1880 1967 1952 ὑπερϐολὴ,

389 1967 470 2029 ὡς
498 1968 723 2022 σπάνιον
752 1962 894 2021 εἶναι
919 1967 1013 2022 καὶ
1036 1969 1161 2029 τοὺς
1178 1966 1510 2035 ἀγαπῶντας
1539 1966 1776 2035 ἀγαπᾷν.
1801 1963 1971 2017 Πόθεν

390 2049 487 2106 οὖν
515 2054 645 2123 ἡμῖν
662 2051 815 2105 ἔσται
838 2051 1112 2122 σωτηρίας
1136 2050 1310 2115 ἐλπὶς,
1342 2051 1389 2103 εἱ
1423 2049 1710 2120 μέλλοιμεν
1734 2046 1830 2101 καὶ
1863 2044 1971 2098 τῶν

394 2135 643 2188 τελωνῶν
686 2134 902 2205 χείρους
933 2133 1208 2201 γίνεσθαι;
1256 2131 1438 2193 καθώς
1468 2148 1631 2200 φησιν
1674 2130 1704 2183 ὁ
1736 2127 1971 2199 Χριστὸς

394 2217 589 2285 λέγων,
634 2212 777 2272 Ἐὰν
825 2215 1089 2285 ἀγαπᾶτε
1138 2215 1282 2278 τοὺς
1307 2212 1662 2282 ἀγαπῶντας
1689 2209 1877 2280 ὑμᾶς,
1914 2211 1972 2262 τί

396 2298 695 2366 περισσὸν
730 2298 989 2358 ποιεῖτες
1036 2297 1170 2365 οὐχί
1208 2295 1308 2349 καί
1340 2297 1393 2347 oi
1437 2292 1688 2349 τελῶναι
1721 2293 1787 2346 τὸ
1824 2292 1971 2347 αὐτύ

396 2382 675 2445 samiae;
709 2381 822 2434 Καὶ
866 2381 895 2432 ὁ
938 2381 1035 2450 μὲν
1077 2380 1308 2449 Χριστὸς
1343 2376 1659 2447 βουλόμενος
1706 2377 1853 2447 ἡμᾶς
1890 2377 1970 2437 είς

396 2466 495 2533 τὴν
512 2464 687 2535 άκραν
707 2462 952 2534 κορυφὴν
972 2462 1071 2531 τῆς
1093 2461 1292 2531 ἀρετῆς
1305 2460 1567 2523 ἀνελθεῖν,
1589 2459 1809 2513 ἐκείνων
1833 2459 1969 2511 ἀνω-

394 2546 586 2616 τέρους
622 2543 756 2599 εἶναι
792 2545 1069 2615 βούλεται·
1110 2545 1271 2612 ἡμεῖς
1320 2543 1379 2595 δὲ
1412 2541 1680 2594 κάκείνων
1715 2541 1969 2603 ἐλάττους

392 2626 533 2681 εἷναι
566 2626 1053 2699 σπεύδομεν.[515]
1078 2627 1187 2679 Καὶ
1206 2626 1260 2679 τί
1286 2624 1428 2693 λέγω
1447 2623 1723 2687 τελωνῶν;
1752 2623 1968 2693 χείρους

394 2713 490 2764 καὶ
502 2710 613 2765 τῶν
627 2710 858 2782 λῃστῶν,
876 2712 973 2763 καὶ
997 2709 1104 2761 τῶν
1119 2726 1184 2761 τυ
1188 2708 1517 2779 μϐωρύχων,
1534 2706 1628 2759 καὶ
1655 2704 1763 2759 τῶν
1778 2706 1967 2776 ἀνδρο-

395 2794 590 2862 φόνων.
630 2795 735 2849 Καὶ
756 2792 865 2864 γάρ
885 2791 1086 2845 τούτων
1113 2791 1343 2852 ἕκαστος
1364 2790 1455 2842 τὸν
1482 2789 1616 2859 πρὸς
1644 2788 1806 2843 αὑτὸν
1829 2790 1968 2856 ἀγα-

393 2877 638 2947 πητικῶς
673 2876 1011 2946 διακείμενον
1049 2875 1261 2945 ἀγαπᾷ,
1295 2874 1390 2927 καὶ
1436 2873 1695 2931 πολλάκις
1725 2876 1817 2927 καὶ
1848 2891 1968 2926 κιν-

392 2960 629 3013 δυνεύειν
657 2960 796 3031 ὺπέρ
834 2958 928 3013 τοῦ
959 2959 1243 3029 ἀγαπητοῦ
1277 2958 1646 3028 καταδέχεται.
1681 2958 1745 3009 Τί
1774 2954 1866 3011 οῦν
1899 2956 1967 3011 ἂν

390 3044 479 3113 εἴη
510 3043 665 3115 ἡμῶν
696 3042 1069 3114 ἐλεεινότερον,
1094 3043 1224 3096 ὅταν
1256 3042 1305 3094 οί
1349 3041 1613 3110 τοσαύτης
1647 3041 1967 3107 ἀξιωθέντες

392 3143 471 3179 πα
478 3126 545 3199 ρὰ
566 3126 659 3178 τοῦ
678 3125 813 3178 Θεοῦ
838 3124 1244 3195 φιλανθρωπίας
1263 3125 1372 3178 τῶν
1392 3125 1561 3196 μυρία
1581 3124 1966 3195 ἐργασαμένων

392 3212 539 3265 κακὲ
573 3207 955 3282 εὑρισκώμεθα
988 3210 1238 3281 χείρους;
1268 3207 1605 3272 Ἐννοοῦντες
1630 3208 1832 3269 τοίνυν,
1859 3225 1966 3260 πα-

392 3292 637 3362 ρακαλῶ,
662 3292 756 3346 καὶ
783 3294 882 3364 τῆς
900 3292 1171 3363 τιμωρίας
1194 3290 1297 3362 τῆς
1320 3293 1440 3344 ἐκεῖ
1467 3291 1758 3361 γινομένης
1784 3290 1845 3342 τὸ
1869 3289 1965 3359 μέ-

392 3376 573 3445 γεθος,
605 3375 817 3445 καὶτῆς
845 3374 1107 3447 αἰσχύνης
1132 3375 1234 3446 τῆς
1254 3374 1490 3429 ἐνταῦθα
1510 3374 1608 3447 τὴν
1634 3373 1961 3446 ὑπερϐολὴν.

392 3460 491 3529 ὀψὲ
524 3458 657 3529 γοῦν
680 3474 811 3510 ποτε
836 3458 935 3529 τὴν
961 3457 1169 3511 οἰκείαν
1198 3458 1511 3529 ἐπιγνῶμεν
1534 3459 1832 3527 εὐγένειαν,
1867 3457 1963 3511 καὶ

392 3543 705 3615 πειθώμεθα
736 3544 803 3613 τῇ
836 3541 932 3596 τοῦ
960 3541 1196 3612 Χριστοῦ
1216 3542 1557 3615 διδασκαλίᾳ,
1579 3544 1674 3596 καὶ
1706 3542 1780 3613 μὴ
1803 3542 1961 3612 μόνον

390 3628 517 3690 τοὺς
545 3627 874 3695 ἀγαπῶντας
913 3624 1215 3696 ἀγαπιῖιμεν
1251 3625 1508 3697 γνησίως,
1542 3628 1720 3679 πᾶσαν
1752 3625 1961 3695 βασκαι-

391 3710 510 3763 νίαν
529 3711 624 3764 καὶ
650 3709 841 3779 φθόνον
874 3707 1209 3781 ἐξορίζοντες
1236 3708 1337 3779 τῆς
1356 3708 1566 3762 ἑαυτῶν
1594 3708 1796 3779 ψυχῆς,
1822 3708 1961 3764 ἀλλά

391 3792 494 3846 κᾶν
528 3791 812 3863 ἐχθρωδῶς
832 3809 977 3855 τινες
1000 3786 1106 3846 ὦσι
1137 3784 1274 3861 πρὸς
1304 3792 1452 3861 ἡμᾶς
1483 3792 1837 3861 διακείμενοι,
1869 3793 1962 3844 καὶ

390 3875 610 3938 τούτους
636 3876 855 3945 ἀγαπᾷν
895 3872 1313 3944 σπουδάζωμενο
1348 3874 1443 3927 καὶ
1476 3872 1586 3945 γὰρ
1622 3873 1745 3926 οὐδὲ
1759 3874 1962 3943 ἑτέρως

394 3957 632 4028 σωθῆναι
647 3957 872 4011 δυνατὸν
895 3958 1069 4027 ἡμᾶς,
1089 3954 1167 4026 μὴ
1189 3954 1396 4026 ταύτην
1422 3955 1675 4018 ἐλθόντας
1695 3956 1793 4021 τὴν
1807 3945 1925 4008 ὁδόν
1942 3972 1957 3986 ·

391 4041 485 4095 καὶ
525 4041 724 4111 μᾶλλον
752 4038 859 4092 τῶν
905 4037 1247 4107 ἀγαπώντων
1293 4039 1442 4108 ἡμᾶς
1478 4036 1699 4101 τούτους
1741 4037 1962 4107 ἀγαπᾷν

391 4121 802 4192 σπουδάζωμεν,
826 4120 921 4174 ἆτε
947 4120 1013 4193 δὴ
1050 4121 1261 4191 μυρίων
1281 4122 1414 4191 ἡμῖν
1438 4120 1549 4173 τῶν
1573 4119 1795 4189 ἀγαθῶν
1827 4138 1961 4190 προσ

392 4204 577 4271 ξένους
610 4204 949 4275 γινομένους.
980 4202 1140 4256 υῦτω
1166 4202 1275 4275 7&9
1307 4204 1400 4257 καὶ
1424 4202 1533 4257 τῶν
1559 4204 1960 4275 ἡμαρτημένων

389 4292 521 4359 ἡμῖν
546 4290 643 4359 τὴν
669 4286 1014 4358 συγχώρησιν
1043 4284 1308 4357 εὕρασθαι
1324 4287 1685 4358 δυνησόμεθα,
1705 4287 1798 4340 καὶ
1821 4287 1960 4358 μετά

389 4372 830 4442 κατεσταλμένης
869 4369 1110 4434 διανοίας
1141 4370 1236 4424 καὶ
1264 4370 1731 4446 συντετριμμένης
1779 4370 1957 4441 ψυχῆς

387 4459 486 4520 τὰς
518 4456 653 4527 πρὸς
667 4455 759 4509 τὸν
777 4453 909 4507 Θεὸν
940 4454 1148 4515 ἱκεσίας
1175 4453 1467 4506 ποιεῖσθαι.
1492 4454 1662 4507 Ὅταν
1677 4454 1787 4524 γὰρ
1810 4454 1957 4523 ψυχὴ

388 4538 546 4601 ἐκτὸς
576 4538 805 4607 γένηται
835 4535 1017 4605 πάσης
1036 4535 1355 4605 ἀπεχθείας,
1380 4536 1475 4589 καὶ
1499 4536 1592 4589 τὸν
1621 4536 1879 4606 λογισμὸν
1899 4538 1958 4589 ἐν

388 4621 603 4690 γαλήνῃ
632 4618 915 4691 ἱδρυμένον
947 4618 1067 4690 εχη,
1105 4616 1243 4686 μετά
1269 4616 1468 4686 πολλῆς
1499 4618 1598 4688 τῆς
1628 4619 1840 4690 νήψεως
1866 4619 1958 4673 τὸν

389 4701 667 4770 Δεσπότην
705 4699 983 4761 καλοῦσα,
1026 4699 1227 4770 πολλὴν
1258 4700 1557 4753 ἐπισπᾶται
1600 4700 1697 4771 τὴν
1751 4701 1957 4756 ἄνωθεν

393 4783 597 4855 ροπήνο
636 4777 706 4855 ἧς
734 4781 946 4849 γένοιτο
974 4781 1183 4844 πάντας
1211 4782 1360 4852 ἡμᾶς
1404 4781 1722 4852 ἀξιωθῆναι,
1772 4783 1957 4854 χάριτι

389 4866 483 4921 καὶ
521 4864 897 4936 φιλανθρωπίᾳ
925 4863 1019 4917 τοῦ
1060 4865 1269 4932 ¹Κυρίου
1299 4864 1457 4935 ήμῶν
1494 4864 1667 4933 Ἰησοῦ
1693 4866 1954 4937 Χριστοῦ,

393 4948 512 5022 μεθ’
541 4942 602 5003 οὗ
638 4948 715 5019 τῷ
750 4949 925 5019 Πατρὶ
971 4950 1005 5019 ἠ
1044 4946 1193 5012 δόξα,
1226 4946 1342 5018 ἅμα
1375 4946 1459 5017 τῷ
1486 4948 1625 5019 άγίῳ
1656 4948 1954 5021 Πνεύματι,

388 5032 481 5086 νῦν
504 5032 597 5085 καὶ
620 5031 727 5094 ἀεὶ,
750 5031 844 5084 καὶ
869 5032 949 5093 εἰς
971 5030 1100 5092 τοὺς
1122 5029 1323 5094 αἰῶνας
1343 5029 1453 5084 τῶν
1479 5031 1711 5085 αἰώνων.
1758 5033 1951 5104 Ἀμήν.

980 5177 1222 5231 ΟΜΙΛΙΛ
1252 5178 1376 5234 ΝΡ.

386 5289 495 5346 Ἦν
520 5291 590 5345 δὲ
605 5361 610 5362 ν
628 5290 811 5347 Ἡσαῦ
837 5289 987 5362 ἐτῶν
1013 5291 1485 5358 τεσσαράκοντα,
1508 5292 1605 5345 καί
1634 5293 1813 5348 ἔλαϐε
1839 5294 1956 5362 τὴν

468 5361 683 5433 Ἰουδίθ
703 5361 996 5433 θυγατέρα
1040 5362 1203 5433 Βεὴλ
1244 5362 1350 5415 τοῦ
1370 5363 1686 5433 -Χετταίου,
1713 5366 1821 5433 καί
1836 5361 1952 5433 τὴν

453 5432 732 5508 βφιεεμάθ
756 5430 1262 5508 θυταῖξραζελὼέι
1290 5431 1658 5508 τρῦεῠοειου.
1677 5435 1773 5488 και
1789 5430 1953 5505 ἦσάν

453 5499 752 5569 ἐρίζοὺσαι
786 5499 868 5565 τῷ
913 5500 1119 5555 Ἰσαὰκ
1149 5501 1248 5555 καί
1285 5499 1359 5569 τῇ
1406 5502 1701 5570 Ῥεϐέκκα.
1749 5520 1760 5529 ·

454 5608 527 5663 α’.
549 5610 685 5682 Φέρε
718 5609 812 5663 καὶ
845 5610 1101 5682 σήμερον,
1120 5611 1169 5663 εἰ
1186 5610 1350 5673 δοκεῖ,
1380 5611 1449 5665 τὰ
1465 5610 1593 5681 ἑξῆς
1608 5612 1715 5666 τῶν
1730 5613 1854 5683 χθὲς
1875 5616 1951 5667 εἰ-

386 5692 636 5761 ρημένων
664 5693 1001 5757 ἐπελθόντες,
1029 5694 1172 5746 κατὰ
1189 5694 1249 5746 τὸ
1263 5696 1396 5764 ἡμῖν
1418 5694 1696 5765 ἐγχωροῦν
1712 5696 1949 5750 ἀναπτύ-

388 5771 565 5843 ξωμεν
591 5775 820 5828 ἕκαστον
856 5774 967 5828 τῶν
1008 5777 1431 5848 γεγραμμένων,
1461 5778 1547 5831 ἵνα
1571 5777 1669 5849 τὴν
1697 5777 1946 5836 ἐντεῦθεν

672 5870 946 5932 ΡΔτιιοι.
993 5868 1110 5932 Gn.
1155 5872 1309 5937 LIV.

1456 342 1530 414 IN
1566 342 1718 414 ω».
1754 354 1943 416 xxvu
1968 356 2215 415 GENES.
2263 357 2498 416 nomL.
2540 355 2675 413 Lm.

3552 355 3660 413 εει

2083 475 2352 544 ὠφέλειαν
2394 473 2844 547 καρπωσάμενοι,
2881 471 3054 536 οῦτως
3087 472 3267 525 οἴκαδε
3292 471 3659 541 ἀναχωρήσου-

2084 574 2207 627 μεν.
2244 559 2475 628 Ἴδωμεν
2506 558 2687 611 τοίνυν
2724 556 2823 628 τὴν
2853 556 3026 626 ἀρχὴν
3069 556 3179 609 τῶν
3206 555 3657 624 ἀνεγνωσμένων.

2081 636 2192 693 Ἦν
2240 640 2309 692 δὲ
2348 641 2555 703 Ἡσαῦ,
2612 640 2797 710 φησὶν,
2844 638 2996 692 ἐτῶν
3030 636 3505 706 τεσσαράκοντα,
3561 635 3659 690 καὶ

2081 721 2261 775 ἔλαϐε
2287 722 2404 790 τὴν
2442 722 2659 777 ἰουδίθ
2692 722 2982 791 θυγατέρα
3015 720 3176 788 Βεὴλ
3209 718 3315 773 τοῦ
3349 718 3658 781 Χετταίου,

2083 804 2181 858 καὶ
2207 804 2322 871 τὴν
2333 805 2614 873 Βασεμὰθ
2635 804 2927 872 θυγατέρα
2960 803 3145 870 Ἐλὼμ
3168 801 3272 854 τοῦ
3288 802 3533 864 Εὐαίου,
3559 798 3659 852 καὶ

2080 881 2245 962 ἦσαν
2256 885 2563 959 ἐρίζουσαι
2586 886 2667 952 τῷ
2711 886 2917 941 Ἰσαὰκ
2940 886 3041 941 καί
3070 884 3145 953 τῇ
3184 884 3485 950 Ῥεϐέκκα.
3511 883 3657 951 Ὅρα

2081 968 2225 1024 πόσα
2255 969 2323 1021 ἐκ
2345 967 2456 1022 τῶν
2494 968 2690 1037 ὀλίγων
2720 969 2924 1022 τούτων
2967 968 3226 1039 ῥημάτων
3253 967 3369 1021 ἐστι
3400 980 3655 1034 καταμα-

2081 1052 2216 1106 θεῖν.
2245 1052 2405 1115 Τίνος
2419 1052 2527 1122 γάρ
2548 1052 2734 1105 ἕνεκεν
2751 1054 2880 1122 ἡμῖν
2908 1052 2999 1105 τὸν
3021 1052 3254 1122 ἀριθμὸν
3277 1050 3384 1103 τῶν
3401 1048 3536 1102 ἐτῶν
3557 1044 3652 1100 τοῦ

2090 1136 2263 1190 Ἡσαῦ
2287 1137 2560 1207 ἐσήμανεν
2584 1152 2599 1201 ;
2623 1137 2736 1206 Οὐχ
2753 1134 3089 1199 άπλῶς,ἁλλ’
3106 1136 3192 1187 ἵνα
3216 1133 3462 1187 ἐντεῦθεν
3487 1146 3644 1184 κατα.-

2083 1220 2344 1290 μάθωμεν
2370 1220 2464 1273 τοῦ
2502 1219 2686 1273 Ἰσαάκ
2708 1219 2769 1273 τὸ
2800 1219 2998 1290 γῆρας,
3021 1219 3116 1272 καὶ
3135 1219 3218 1270 ὅτι
3240 1216 3425 1269 λοιπὸν
3455 1212 3655 1286 προϐε-

2079 1300 2265 1373 ϐηκὼς
2293 1296 2382 1371 ἦν.
2436 1302 2562 1355 Ἐὰν
2590 1301 2699 1373 7&9
2720 1301 3184 1373 μνημονεύσωμεν
3206 1299 3312 1351 τῶν
3344 1293 3653 1366 ἔμπροσθεν

2077 1385 2404 1455 εἰρημένων,
2432 1385 2529 1438 καὶ
2553 1385 2660 1449 ὅτι,
2688 1384 2853 1455 ἡνίκα
2885 1385 2984 1454 μὲν
3015 1383 3173 1436 ἔλαϐε
3199 1382 3296 1453 τὴν
3330 1379 3652 1451 Ῥεϐέκκαν,

2078 1468 2172 1522 καὶ
2203 1468 2365 1531 αὐτὸς
2391 1466 2803 1539 τεσσαράκοντα
2827 1467 2963 1520 ἐτῶν
2989 1465 3302 1534 ἐτύγχανεν,
3323 1463 3412 1515 ὅτε
3440 1461 3499 1513 δὲ
3529 1459 3651 1513 ἐτέε-

2076 1551 2281 1622 χθησαν
2312 1552 2363 1604 οἱ
2398 1551 2604 1614 παῖδες,
2650 1549 2915 1621 ἐξήκοντα
2944 1548 3084 1601 ἐτῶν
3130 1544 3221 1618 ἦν,
3267 1543 3525 1614 εἰσόμεθα
3551 1542 3653 1620 ,ὅτι

2076 1634 2171 1709 νῦν
2200 1635 2495 1688 ἐκατοστοῦ
2517 1634 2703 1688 λοιπὸν
2733 1633 2886 1697 ἔτους
2905 1632 3103 1695 ἐπιϐάς
3118 1632 3177 1683 ἐν
3200 1629 3483 1700 βαθυτάτῳ
3504 1627 3654 1698 γήρᾳ

2076 1718 2391 1788 ἐτύγχανεν.
2423 1718 2641 1788 Ἐπειδὴ
2667 1719 2773 1787 γὰρ
2794 1717 2977 1787 μέλλει
3003 1714 3141 1786 μετά
3162 1714 3332 1768 ταῦτα
3347 1710 3653 1782 διηγεῖσθαι

2074 1804 2229 1870 ἡμῖν,
2262 1800 2416 1874 [5M]
2446 1802 2521 1865 ώς
2548 1801 2654 1855 ὑπὸ
2681 1800 2775 1854 τοῦ
2806 1802 2993 1871 γήρως
3023 1797 3365 1869 ἀμϐλυτέρας
3397 1796 3523 1864 ἔσχε
3552 1792 3651 1855 τάς

2074 1886 2246 1955 δψεις.
2288 1884 2377 1939 διὰ
2419 1884 2576 1939 τοῦτο
2602 1885 2712 1938 τῶν
2749 1885 2887 1937 ἐτῶν
2931 1882 3024 1937 τοῦ
3070 1882 3239 1935 Ἦσαῦ
3281 1880 3371 1933 τὸν
3420 1876 3652 1949 ἀριθμὸν

2075 1969 2370 2038 ἐσήμανεν,
2411 1958 2500 2022 ἵνα
2537 1967 2786 2021 ἐντεῦθεν
2814 1966 3012 2020 εἰδέναι
3045 1965 3257 2035 ἔχωμεν
3284 1960 3527 2033 ἀκριϐῶς
3554 1956 3649 2010 τοῦ

2089 2049 2276 2104 Ἰσαὰκ
2304 2050 2396 2103 τὸν
2426 2044 2635 2121 χρόνον.
2662 2049 2762 2102 Διά
2786 2047 2943 2102 τοῦτο
2972 2048 3177 2117 ἔλεγεν,
3211 2042 3331 2101 Ἦν
3358 2044 3425 2096 δὲ
3459 2040 3650 2096 Ἡσαῦ

2074 2131 2226 2186 ἐτῶν
2255 2132 2729 2202 τεσσαράκοντα.
2766 2127 2899 2185 Εἶτα
2935 2131 3022 2184 ἵνα
3055 2129 3315 2202 μάθωμεν
3343 2123 3437 2180 τοῦ
3455 2122 3650 2202 παιδὸς

2074 2214 2174 2285 τὴν
2224 2201 2579 2286 προπέτειαν,
2616 2216 2709 2268 καὶ
2744 2217 2825 2268 ὅτι
2869 2212 3022 2284 παρὰ
3058 2201 3167 2265 τῶν
3202 2209 3396 2269 ἐθνῶν,
3442 2201 3517 2261 ὧν
3549 2206 3651 2259 οὐκ

2075 2299 2263 2369 ἐχρῆν.
2313 2299 2413 2362 τὰς
2442 2298 2691 2369 γαμετὰς
2724 2300 2985 2367 ἠγάγετο,
3026 2296 3293 2367 ἐδήλωσεν
3322 2295 3473 2363 ἡμῖν,
3500 2291 3581 2342 δτι
3614 2289 3648 2358 ἡ

2078 2382 2176 2451 μὲν
2219 2382 2284 2435 ἐκ
2323 2378 2417 2433 τοῦ
2446 2382 2637 2449 γένους
2681 2382 2790 2434 τῶν
2834 2380 3114 2433 Χετταίων
3161 2374 3253 2448 ἦν,
3287 2379 3320 2447 ή
3351 2376 3407 2428 δὲ
3445 2375 3510 2426 ἐκ
3539 2371 3651 2424 τῶν

2073 2465 2315 2517 Εὐαίων*
2349 2464 2526 2517 καίτοι
2554 2480 2618 2531 γε
2647 2464 2814 2534 ἐχρῆν
2834 2463 2998 2516 αὐτὸν
3027 2461 3289 2532 μαθόντα,
3318 2459 3451 2527 ὅσην
3479 2461 3648 2508 σπου-

2071 2547 2168 2617 δὴν
2197 2549 2225 2600 ό
2251 2547 2598 2618 πατριάρχης
2616 2548 2912 2618 ἐποιήσατο
2929 2544 3373 2621 διαστελλόμενος
3398 2540 3476 2612 τῷ
3498 2539 3651 2594 παιδί⁵

2070 2632 2149 2703 τῷ
2182 2630 2395 2694 ἑαυτοῦ,
2436 2630 2578 2684 ὥστε
2620 2632 2685 2683 ἐκ
2718 2631 2818 2699 τῆς
2864 2630 3040 2699 φυλῆς
3083 2626 3251 2682 αὐτοῦ
3294 2624 3540 2696 γαμετὴν
3570 2621 3650 2693 τῷ

2085 2715 2269 2768 Ἰσαάκ
2301 2714 2545 2782 ἐνέγκαι,
2583 2714 2678 2766 καὶ
2714 2714 2797 2765 δτι
2828 2714 2861 2783 ἡ
2893 2715 3076 2783 μήτηρ
3104 2710 3282 2765 αὐτῶν
3316 2712 3349 2779 ή
3384 2706 3650 2761 Ῥεϐέκκα

2071 2798 2135 2850 ἐκ
2149 2797 2247 2867 τῆς
2270 2796 2493 2867 Χαρρὰν
2509 2796 2753 2865 ὡρμᾶτο,
2776 2795 2942 2866 μηδὲν
2963 2795 3205 2848 τοιοῦτον
3233 2787 3644 2863 βουλεύσασθαι.

2084 2879 2222 2932 Ἀλλ’
2254 2877 2341 2931 ἴνα
2365 2881 2430 2931 ἐκ
2464 2877 2765 2949 προοιμίων
2792 2877 2943 2949 δείξῃ
2972 2878 3080 2931 τῶν
3105 2877 3321 2930 οἰκείων
3344 2874 3563 2945 τρόπων
3587 2872 3649 2925 τὸ

2071 2961 2326 3023 ἄτακτον,
2356 2960 2641 3031 προλαϐὼν
2675 2960 2889 3023 ἐκείνας
2917 2960 3175 3029 ἠγάγετο.
3208 2960 3318 3011 Καὶ
3344 2958 3430 3011 ἵνα
3463 2955 3640 3026 μάθω-

2073 3062 2172 3116 μεν
2210 3044 2317 3097 τῶν
2361 3042 2637 3111 γυναικῶν
2684 3042 2745 3095 τὸ
2792 3042 3113 3113 δύστροπον,
3155 3041 3320 3111 φησὶν
3357 3042 3390 3110 ἡ
3429 3036 3643 3109 Γραφὴν

2069 3127 2178 3182 Kal
2213 3122 2376 3196 ἦσαν
2401 3122 2700 3194 ἐρίζουσαι
2734 3125 2816 3192 τῷ
2857 3125 3065 3180 Ἰσαὰκ
3094 3126 3195 3180 καί
3235 3123 3309 3192 τῇ
3350 3120 3643 3187 Ῥεϐέκκα.

2069 3209 2182 3265 Καὶ
2208 3209 2261 3263 τί
2290 3210 2357 3263 ἂν
2391 3208 2477 3282 εῐη
2515 3210 2721 3280 ταύτης
2760 3210 2861 3280 τῆς
2896 3208 3197 3280 μοχθηρίας
3246 3204 3642 3281 χαλεσπιτπερον,

2068 3294 2195 3348 ὅταν
2219 3293 2277 3347 αἱ
2299 3293 2479 3347 πᾶσαν
2505 3294 2671 3364 τιμὴν
2699 3292 2993 3363 ἀπονέμειν
3021 3291 3351 3361 όφεὶλουσαι,
3383 3289 3458 3359 μὴ
3485 3287 3645 3356 μόνον

2066 3377 2226 3431 τοῦτο
2266 3377 2341 3448 μὴ
2386 3375 2638 3439 ποιῶσιν,
2680 3374 2817 3427 ἀλλά
2858 3376 2955 3427 καὶ
2994 3375 3131 3445 πρὸς
3164 3372 3495 3442 φιλονεικίαν
3537 3386 3643 3423 πα-

2068 3460 2515 3535 ρασκευάζωνται
2540 3475 2555 3524 ;
2593 3458 2783 3510 Ταῦτα
2812 3457 2869 3511 δέ
2902 3459 3081 3512 πάντα
3109 3457 3207 3526 οὑχ
3238 3454 3423 3517 ἁπλῶς
3446 3455 3579 3524 ἡμῖν
3606 3453 3641 3522 ἡ

2070 3544 2281 3614 ἱστορία
2320 3541 2598 3613 σημαίνει,
2623 3540 2739 3594 ἀλλ’
2778 3541 2866 3595 ἵνα
2896 3540 3035 3612 μετά
3057 3539 3251 3605 ταῦτα,
3289 3537 3507 3591 ἐπειδὰν
3525 3536 3641 3607 ἴδῃς

2065 3628 2164 3697 τὴν
2200 3627 2496 3681 Ῥεϐέκκαν
2519 3625 2656 3697 πρὸς
2687 3625 2779 3680 τὸν
2823 3624 3019 3679 Ἰακὼϐ
3059 3622 3261 3692 πολλὴν
3302 3622 3400 3693 τὴν
3430 3619 3641 3674 εὔνοιαν

2067 3709 2535 3780 ἐπιδεικνυμένην,
2575 3707 2753 3780 μάθῃς
2796 3708 2873 3768 ὡς
2911 3707 3011 3760 οὐκ
3039 3706 3267 3768 ἀπεικὸς
3300 3706 3531 3775 πρᾶγμα
3560 3702 3639 3755 δι-

2066 3793 2383 3863 επράττετο.
2420 3792 2568 3853 Τέως
2596 3792 2654 3843 δέ
2695 3791 2783 3843 ἵνα
2810 3789 2886 3860 μὴ
2911 3790 3011 3858 τὴν
3038 3787 3357 3842 ἀκολουθίαν
3392 3785 3639 3857 προφθά-

2069 3892 2273 3946 σωμεν,
2291 3875 2475 3937 αὐτοῖς
2491 3872 2755 3943 ἐπώμεθα
2779 3876 2890 3935 τοῖς
2902 3871 3331 3943 γεγραμμένοις.
3371 3869 3641 3940 Ἐγένετο

2066 3959 2135 4012 δὲ
2153 3958 2303 4028 μετὰ
2323 3958 2389 4011 τὸ
2414 3954 2673 4026 γηρᾶσαι
2697 3956 2805 4009 τὸν
2843 3955 3061 4021 Ἰσαὰκ,
3088 3954 3185 4008 καὶ
3204 3954 3641 4023 ἠμϐλύνθησαν

2065 4046 2120 4097 οἱ
2149 4041 2441 4110 ὀφθαλμοί
2474 4038 2661 4094 αὐτοῦ
2693 4039 2802 4093 τοῦ
2830 4036 3011 4106 όρᾷνο
3049 4038 3149 4091 οὐκ
3182 4037 3262 4092 ἔτι
3292 4041 3422 4109 γὰρ,
3450 4036 3635 4106 φησιν.

2067 4125 2171 4178 ὑπὸ
2200 4123 2294 4177 τοῦ
2323 4124 2509 4194 γήρως
2536 4123 2669 4193 όρᾷν
2701 4120 2966 4189 ἠδύνατοο
2996 4121 3109 4177 Kal
3131 4120 3431 4175 ἐκάλεσεν·
3456 4118 3638 4174 Ἠσαῦ

2063 4208 2172 4263 τὸν
2198 4208 2333 4262 υἱὸν
2346 4206 2533 4262 αὑτοῦ
2556 4206 2661 4259 τὸν
2683 4206 3111 4275 πρεσϐύτερον,
3136 4206 3235 4259 καὶ
3253 4200 3424 4258 εἶπεν
3446 4201 3607 4268 αὺτῷ
3621 4220 3634 4232 ·

2063 4291 2159 4346 Υίέ
2179 4308 2318 4359 μου,
2356 4288 2485 4344 ἰδοὺ
2513 4288 2628 4357 ἐγὼ
2654 4288 2970 4359 γεγήρακα,
3003 4290 3101 4342 καί
3128 4291 3202 4343 οὐ
3223 4286 3492 4357 γινώσκω
3522 4286 3639 4353 τὴν

2062 4373 2290 4444 ἡμέραν
2304 4372 2414 4440 τῆς
2430 4376 2603 4425 tam
2610 4371 2717 4439 τῆς
2736 4390 2855 4441 μου
2865 4414 2878 4427 .
2896 4371 3028 4428 Νῦν
3047 4367 3160 4427 οὖν
3172 4371 3318 4426 ,λάϐε
3333 4370 3398 4424 τὸ
3413 4369 3639 4434 σκεῦός

2060 4472 2202 4520 σου,
2226 4454 2338 4521 τήν
2364 4471 2427 4507 τε
2446 4455 2746 4523 φαρέτραν
2769 4454 2868 4508 καί
2888 4455 2955 4507 τὸ
2975 4455 3174 4519 τόξον,
3196 4453 3523 4518 wall-558.108
3549 4454 3638 4517 είς

2062 4540 2131 4593 τὸ
2167 4536 2398 4598 πεδίον,
2426 4536 2526 4591 καί
2551 4536 2854 4603 θήρευσόν
2873 4554 2975 4604 μοι
3001 4538 3214 4604 θήραν,
3246 4537 3345 4589 καὶ
3374 4536 3638 4602 ποίησόν

2058 4640 2159 4692 μοι
2191 4619 2508 4688 ἐδέσματα,
2537 4620 2620 4684 ὡς
2654 4618 2809 4686 φιλῶ
2835 4619 2970 4687 ἐγὼ,
3011 4620 3107 4672 καὶ
3139 4619 3351 4688 ἕνεγκέ
3377 4636 3501 4686 μοι,
3535 4618 3637 4669 ἵνα

2061 4704 2248 4774 φάγω,
2274 4704 2435 4767 ὅπως
2462 4701 2773 4769 εὐλογήσῃ
2787 4716 2864 4754 σε
2877 4702 2915 4768 ἡ
2931 4700 3101 4769 ψυχή
3122 4718 3263 4768 μου,
3277 4699 3418 4767 πρὶν
3434 4699 3475 4767 ἢ
3495 4701 3637 4753 ἁπο-

2061 4786 2267 4841 θανεὶν
2287 4802 2382 4855 με.
2421 4783 2685 4838 Ἐνταῦθά
2715 4800 2804 4854 μοι
2836 4783 3047 4849 σκόπει,
3076 4782 3349 4851 ἀγαπητέ,
3372 4782 3472 4853 τὴν
3499 4782 3636 4851 ἄφα-

2059 4886 2151 4924 τον
2178 4868 2272 4922 τοῦ
2303 4866 2439 4920 Θεοῦ
2468 4866 2683 4936 σοφίαν,
2713 4865 2809 4918 καί
2830 4865 2978 4927 ὅπως
3005 4866 3035 4917 ὁ
3065 4864 3165 4935 μέν
3195 4865 3376 4936 πατὴρ
3398 4865 3497 4936 τὴν
3528 4882 3632 4935 φυ-

2062 4952 2221 5024 σικὴν
2265 4949 2647 5022 φιλοστοργίαν
2681 4947 3121 5017 ἐπιδεικνύμενος
3151 4948 3324 5003 ταῦτα
3352 4948 3634 5016 διετάξατο

2057 5036 2139 5106 τῷ
2176 5036 2377 5089 Ἠσαῦ·
2413 5036 2441 5087 ὁ
2468 5034 2526 5087 δὲ
2564 5033 2728 5102 σοφὸς
2757 5032 2850 5087 καὶ
2895 5033 3202 5104 εὐμήχανος
3230 5035 3506 5107 Δεσπότης
3543 5035 3633 5089 διά

2057 5120 2157 5189 τῆς
2202 5116 2496 5179 Ῥεϐέκκας
2530 5116 2631 5186 τὴν
2664 5116 2869 5170 οἰκείαν
2892 5116 3196 5189 πρόρρησιν
3226 5120 3305 5182 εἰς
3340 5118 3500 5189 ἔργον
3545 5118 3634 5183 ἐξ·

2056 5199 2344 5271 ενεχθῆναι
2366 5198 2793 5270 παρασκευάζει,
2816 5198 3083 5253 διδάσκων
3104 5202 3254 5271 ἡμᾶς
3268 5202 3365 5271 ὅση
3382 5201 3481 5270 τῆς
3501 5201 3632 5270 ἀρε-

2055 5284 2154 5353 τῆς
2186 5284 2219 5353 ἡ
2246 5283 2399 5353 ἰσχὺς
2417 5282 2513 5335 καὶ
2538 5281 2641 5352 τῆς
2665 5281 2777 5335 τῶν
2792 5282 3008 5353 τρόπων
3030 5284 3351 5347 ἐπιεικείας.
3386 5282 3498 5337 Καὶ
3521 5282 3635 5353 7&9

2059 5367 2265 5427 ἐκεῖνος
2297 5365 2396 5435 μὲν
2418 5364 2517 5418 καὶ
2550 5365 2662 5417 ἀπὸ
2691 5364 2798 5417 τῶν
2830 5365 3233 5436 πρωτοτοκίων,
3264 5366 3357 5419 καὶ
3382 5364 3491 5418 ἀπὸ
3527 5365 3628 5434 τῆς

2055 5450 2149 5504 τοῦ
2183 5449 2391 5521 πατρὸς
2419 5450 2549 5520 περὶ
2583 5449 2746 5502 αὐτὸν
2779 5448 3071 5512 διαθέσεως
3100 5448 3170 5502 τὰ
3194 5450 3439 5520 πρωτεῖα
3478 5448 3627 5519 ἔχειν

2054 5533 2311 5604 νομίζων,
2348 5532 2542 5603 ἀθρόον
2572 5533 2828 5587 ἁπάντων
2850 5533 3055 5604 ἐρημος
3087 5534 3398 5605 ηὑρίσκετο,
3431 5533 3622 5605 ἐπειδὴ

2054 5618 2123 5671 τὰ
2146 5615 2277 5687 παρ’
2305 5616 2501 5670 ἐαυτοῦ
2527 5619 2858 5685 εἰσενεγκεῖν
2891 5618 2991 5670 οὐκ
3018 5616 3327 5688 ἠϐουλήθη·
3362 5610 3516 5681 οὗτος
3540 5617 3620 5678 δέ,

2053 5699 2242 5769 ἐπειδὴ
2281 5698 2492 5752 οίκοθεν
2528 5694 2596 5769 ἦν
2638 5700 2926 5772 ἐνάρετος,
2968 5701 3061 5753 καὶ
3105 5700 3203 5770 τὴν
3245 5699 3450 5755 ἄνωθεν
3509 5695 3623 5771 εἶχε

2054 5781 2225 5854 ῥοπὴν
2257 5782 2651 5855 συμμαχοῦσαν
2678 5784 2844 5855 αὐτῷ,
2887 5783 2980 5837 καὶ
3013 5784 3236 5846 ἄκοντος
3274 5784 3368 5838 τοῦ
3412 5785 3618 5855 πατρὸς

3216 5883 3251 5945 6
