4168 6264
525 332 633 390 665

521 453 624 524 τὴν
643 451 774 522 παρ’
800 452 966 506 αὐτοῦ
995 453 1242 522 εὐλογίαν
1263 457 1582 513 ἐπισπᾶται.
1617 461 1782 514 Οὐδὲν
1805 460 1915 532 γὰρ
1944 465 2088 532 ἰσχυ-

527 536 748 606 ρότερον
775 535 870 589 τοῦ
920 536 1069 606 παρὰ
1113 537 1212 608 τῆς
1247 537 1428 603 δεξιᾶς
1460 541 1675 610 ἐκείνης
1708 541 2091 614 βοηθουμένου.

525 617 669 688 Ὅρα
695 616 826 685 γοῦν
851 618 1092 688 ἀκριϐῶς
1107 618 1342 682 ἅπαντα,
1363 621 1450 673 ἵνα
1467 622 1645 693 μάθῃς
1659 625 1760 694 τῆς
1784 627 2095 692 οἰκονομίας

523 700 623 768 τὴν
645 700 974 772 ὑπερϐολὴν,
1007 701 1100 753 καὶ
1128 700 1242 764 πῶς
1263 704 1292 754 6
1319 703 1416 772 μὲν
1447 706 1546 774 τῆς
1573 707 1785 760 ἐκεῖθεν
1809 709 2099 762 ἀπολαύων

525 782 720 851 ῥοπῆς,
771 782 968 850 πολλῆς
1014 784 1074 835 ἐν
1128 783 1330 836 ἅπασιν
1368 783 1615 850 ἀξιοῦται
1647 789 1746 858 τῆς
1783 791 2094 861 συνεργίας,

524 862 664 915 ὥστε
691 862 790 933 τὴν
828 863 921 916 τοῦ
953 864 1156 936 πατρὸς
1189 865 1440 934 εὐλογίαν
1469 871 1550 932 είς
1573 870 1737 924 αὐτὸν
1777 875 2099 944 μετενεχθῆ-

523 963 610 998 ναι
637 963 648 973 ·
674 946 702 996 6
722 946 778 998 δὲ
812 946 1030 1000 πάντων
1059 948 1438 1021 διαμαρτάνει,
1469 953 1859 1024 προδεδομένος
1886 956 2098 1010 οἴκοθεν

523 1026 612 1081 διὰ
636 1029 734 1099 τὴν
758 1029 866 1081 τῶν
887 1030 1104 1100 τρόπων
1126 1033 1448 1105 μοχθηρίαν.
1493 1037 1772 1091 Ῥεϐέκκα
1801 1039 1890 1103 δὲ,
1912 1043 2094 1110 φησὶν,

523 1110 751 1179 ἤκουσε
789 1114 1127 1180 λαλοῦντος
1169 1116 1367 1169 Ἰσαὰκ
1414 1117 1564 1184 πρὸς
1608 1119 1790 1173 Ἡσαῦ
1821 1123 1928 1175 τὸν
1965 1123 2099 1176 υἱὸν

523 1195 728 1248 αὐτοῦ.
763 1196 1088 1264 Ἐπορεύθη
1110 1197 1180 1250 δὲ
1210 1198 1391 1254 Ἠσαῦ
1412 1203 1498 1266 είς
1519 1203 1583 1255 τὸ
1609 1203 1819 1257 πεδίον
1845 1204 2099 1273 θηρᾶσαι

523 1277 714 1346 θήραν
742 1277 821 1343 τῷ
855 1279 1029 1346 πατρί
1063 1282 1270 1336 αὐτοῦ.
1316 1279 1466 1337 Εἴπε
1501 1285 1570 1337 δὲ
1623 1287 1903 1341 Ῥεϐέκκα
1951 1289 2100 1356 πρὸς

522 1361 629 1413 τὸν
654 1362 790 1415 υἱὸν
815 1361 1005 1429 αὐτῆς
1022 1362 1128 1416 τὸν
1157 1363 1420 1418 ἐλάσσω.
1439 1367 1537 1419 Διά
1561 1368 1612 1420 τί
1630 1371 1960 1441 προσέθηκε,
1989 1373 2100 1425 Τὸν

521 1442 798 1506 ἐλάσσω;
838 1444 1054 1514 Ἐπειδὴ
1077 1446 1330 1517 ἀνωτέρω
1357 1441 1531 1512 εἶπεν,
1558 1450 1640 1503 ὅτι
1665 1451 1818 1523 [515]
1855 1452 2098 1506 Ἐκὰλε-

523 1537 638 1578 σεν
682 1525 877 1580 Ἰσαὰκ
899 1526 1006 1579 τὸν
1031 1527 1165 1580 υἱὸν
1191 1529 1374 1583 αὑτοῦ
1403 1529 1508 1584 τὸν
1543 1535 1967 1602 πρεσϐύτερον,
2012 1536 2099 1588 ἵνα

528 1605 785 1676 μάθωμεν
809 1607 916 1660 τίνι
947 1606 1042 1661 νῦν
1064 1609 1365 1679 διαλέγεται
1387 1614 1420 1683 ἡ
1465 1614 1749 1680 Ῥεϐέκκα,
1775 1616 1926 1686 φησὶ,
1945 1617 2099 1686 Πρὸς

525 1689 634 1742 τὸν
645 1689 910 1755 ἐλάσσω,
933 1692 1076 1745 τοῦτ’
1091 1693 1226 1759 ἔστι,
1247 1695 1338 1750 τὸν
1371 1695 1586 1750 Ἰακώϐ⁸
1609 1697 1720 1751 Ἴδε
1730 1698 1843 1768 ἐγὼ
1861 1699 2100 1768 ἤκουσα

526 1773 630 1826 τοῦ
659 1776 880 1842 πατρός
904 1792 1020 1830 σου
1043 1779 1378 1844 λαλοῦντος
1406 1781 1555 1848 πρὸς
1591 1781 1772 1838 Ἠσαῦ
1802 1782 1909 1836 τὸν
1928 1783 2100 1838 ἀδελ-

526 1856 644 1923 φόν
671 1871 808 1922 σου,
843 1858 940 1910 καὶ
971 1859 1290 1928 λέγοντοςο
1332 1862 1576 1930 Ἕνεγκέ
1603 1880 1706 1932 μοι
1751 1865 1961 1933 θήραν,
1997 1867 2098 1919 καί

527 1941 790 2006 ποίησόν
809 1958 910 2010 μοι
939 1942 1259 2011 ἐδέσματα,
1293 1945 1391 1997 ἵνα
1433 1946 1639 2016 φαγὼν
1669 1949 1985 2018 εὐλογήσω
2027 1964 2100 2004 σε

524 2023 801 2076 ἐναντίον
845 2027 1088 2092 Κυρίου,
1125 2027 1239 2095 πρὸ
1278 2029 1383 2083 τοῦ
1420 2030 1746 2085 ἀποθανεῖν
1769 2049 1865 2101 με.
1915 2033 2098 2087 Ταῦτα

529 2105 626 2174 μὲν
659 2105 866 2174 ἤκουσα
885 2108 977 2161 τοῦ
1009 2111 1213 2180 πατρός
1237 2128 1330 2163 σου
1361 2111 1497 2182 πρὸς
1517 2113 1608 2167 τὸν
1635 2115 1862 2184 ἀδελφόν
1886 2133 1980 2169 σου
2007 2117 2099 2170 τὸν

539 2189 705 2242 Ἡσαῦ
733 2190 1136 2261 διαλεγομένου.
1171 2191 1304 2247 Νῦν
1323 2190 1454 2260 οὖν,
1479 2195 1588 2257 υἱὲ,
1607 2197 1788 2250 ἄκουέ
1804 2217 1922 2267 μου
1949 2199 2100 2252 καθά

525 2287 623 2323 σοι
641 2271 755 2340 ἐγὼ
773 2273 1150 2344 ἐντέλλομαι,
1171 2277 1266 2330 καί
1292 2279 1604 2346 πορευθείς
1617 2282 1704 2346 εἰς
1722 2280 1795 2333 τὰ
1813 2284 2098 2348 πρόϐατα,

523 2354 669 2408 λάϐε
691 2373 792 2423 μοι
815 2356 1042 2411 ἐκεῖθεν
1056 2357 1164 2411 δύο
1180 2359 1422 2427 ἐρίφους
1437 2361 1713 2428 ἁπαλοὺς
1732 2364 1830 2416 καί
1853 2365 2097 2430 καλοὺς,

525 2437 625 2489 καί
653 2436 886 2502 ποιήσω
915 2440 1138 2505 αὐτοὺς
1183 2440 1483 2510 ἐδέσματα
1517 2443 1596 2508 τῷ
1637 2447 1817 2512 πατρί
1849 2462 1990 2510 σου,
2020 2448 2096 2512 ὡς

525 2518 707 2587 φιλεῖ,
732 2519 830 2572 καί
872 2522 1161 2587 εἰσοίσεις
1189 2522 1268 2587 τῷ
1306 2525 1485 2592 πατρί
1513 2539 1651 2592 σου,
1690 2526 1787 2580 καί
1829 2527 2098 2596 φάγεται,

526 2602 687 2667 ὅπως
717 2603 1030 2673 εὐλογήσῃ
1052 2617 1129 2658 σε
1156 2608 1189 2660 ό
1224 2606 1421 2676 πατήρ
1448 2625 1566 2663 σου
1600 2612 1713 2678 πρὸ
1744 2609 1851 2664 τοῦ
1881 2611 2101 2666 ἀποθα-

525 2685 656 2738 νεῖν
675 2688 881 2740 αὐτόν.

584 2768 649 2838 β’.
662 2771 802 2841 Ὅρα
823 2770 1027 2842 μητρὸς
1043 2771 1442 2844 φιλοστοργίαν,
1466 2774 1665 2844 μᾶλλον
1680 2775 1736 2828 δὲ
1751 2775 1887 2829 Θεοῦ
1897 2780 2102 2832 οἰκονο-

530 2851 680 2919 μίαν.
708 2853 881 2916 Αὐτὸς
910 2853 1016 2923 γὰρ
1047 2851 1116 2925 ἦν
1144 2858 1172 2910 6
1200 2857 1296 2910 καὶ
1324 2856 1528 2926 ταύτην
1558 2859 1696 2930 πρὸς
1723 2859 1826 2929 τὴν
1861 2861 2100 2930 συμϐου-

525 2934 626 3004 λὴν
659 2935 966 3009 διεγείρων,
999 2939 1094 2991 καὶ
1121 2939 1182 2992 τὸ
1215 2940 1324 2994 πᾶν
1354 2941 1767 3013 κατορθωθῆναι
1796 2941 1986 2996 ποιῶν.
2017 2941 2104 2998 Εἷ-

525 3019 615 3082 δες
656 3021 754 3090 τῆς
790 3022 996 3092 μητρὸς
1026 3023 1128 3094 τὴν
1168 3023 1420 3096 ἀρίστην.
1445 3025 1789 3097 συμϐουλήν;
1830 3027 1974 3098 Ὅρα
2007 3029 2102 3081 καὶ

523 3102 620 3156 τοῦ
677 3102 869 3157 Ἰακὼϐ
917 3104 978 3157 τὸ
1017 3107 1507 3178 περιεσκεμμένον,
1550 3109 1662 3164 καὶ.
1688 3109 1836 3172 ὅπως
1876 3108 1964 3163 διά
2004 3110 2103 3180 τῆς

526 3186 871 3258 ἀποκρίσεως
897 3185 1007 3240 τῶν
1046 3189 1261 3242 οἰκείων
1290 3189 1506 3262 τρόπων
1538 3190 1776 3244 δείκνυσι
1810 3191 1907 3262 τὴν
1933 3193 2104 3245 ἐπιεί-

465 3291 480 3300 ο
527 3285 700 3322 κειαν.
734 3263 882 3322 Εἷπε
914 3270 1044 3337 γὰρ,
1076 3272 1229 3340 φησὶ,
1284 3258 1432 3339 πρές
1464 3272 1579 3340 τὴν
1603 3275 1832 3342 μητέρα
1864 3258 2064 3328 ἀὑτοῦ
2084 3291 2098 3305 ⁸

532 3352 748 3404 Ἔστιν
775 3354 808 3404 ὀ
838 3346 1101 3420 ἀδελφός
1115 3370 1235 3421 μου
1274 3354 1457 3408 Ἠσαῦ
1483 3355 1638 3424 ἀνὴρ
1659 3355 1874 3421 δασὺς,
1895 3356 2009 3426 ἐγὼ
2036 3357 2105 3410 δέ

529 3433 686 3502 ἀνὴρ
711 3434 876 3499 λεῖος
895 3451 909 3466 ·
939 3433 1172 3504 μήποτε
1203 3438 1550 3506 ψηλαφήσῃ
1590 3455 1667 3507 με
1695 3441 1727 3493 ό
1755 3440 1972 3506 πατὴρ,
2003 3445 2102 3497 καί

531 3518 743 3584 ἔσομαι
763 3517 1042 3571 ἐναντίον
1061 3519 1244 3573 αὑτοῦ
1264 3519 1345 3586 ὠς
1360 3521 1770 3588 καταφρονῶν,
1789 3523 1886 3573 καὶ
1905 3523 2105 3589 ἐπάξω

530 3598 763 3668 ἐμαυτῷ
809 3599 1094 3666 κατάραν,
1126 3600 1225 3654 καὶ
1270 3603 1380 3656 οὐκ
1429 3604 1734 3673 εὐλογίαν.
1782 3606 1960 3679 Πολλὴ
2007 3609 2102 3663 τοῦ

531 3682 721 3745 παιδὸς
747 3683 778 3750 ή
807 3683 1215 3753 εὐγνωμοσύνη,
1245 3685 1338 3738 καὶ
1365 3686 1397 3754 ἡ
1422 3685 1557 3755 πρὸς
1582 3686 1672 3740 τὸν
1693 3689 1906 3760 πατέρα
1921 3691 2102 3754 αἰδώς.

531 3765 774 3830 Δέδοικα,
796 3765 949 3836 φησὶ,
972 3767 1045 3836 μὴ
1069 3768 1147 3829 εἰς
1165 3765 1224 3819 τὸ
1252 3768 1492 3821 ἐναντίον
1525 3771 1701 3839 μοιτά
1729 3771 1827 3841 τῆς
1862 3773 2100 3845 σπουδῆς

533 3848 737 3920 ἐπέλθῃ
752 3863 800 3912 «ι,
827 3849 900 3920 μὴ
921 3849 1056 3914 δόξω
1072 3849 1446 3925 ἐναντιοῦσθαι
1465 3854 1530 3922 τῇ
1545 3850 1638 3904 τοῦ
1658 3855 1862 3926 πατρὸς
1886 3855 2103 3928 γνωμῃ,

532 3933 626 3986 καὶ
649 3933 769 3984 ἀντὶ
796 3932 896 4002 τῆς
925 3932 1174 4000 εὐλογίας
1203 3933 1448 4005 κατάραν
1477 3937 1890 4008 ἐπισπάσωμαι.
1927 3940 1992 3993 Τί
2015 3937 2106 3995 οῦν

531 4017 567 4086 ἡ
608 4015 891 4080 Ῥεϐέκκα,
926 4018 958 4086 ὴ
990 4015 1265 4086 θαυμασία
1309 4018 1402 4070 καὶ
1455 4017 1843 4090 φιλόστοργο;;
1889 4023 2105 4094 Ἐπειδὴ

533 4098 634 4151 οὐκ
663 4098 722 4162 ἐξ
744 4098 951 4162 οἰκείας
967 4097 1192 4168 γνώμης
1221 4100 1380 4168 μόνον
1411 4100 1568 4153 τοῦτο
1583 4101 1954 4173 διεπράττετο,
1973 4107 2108 4159 ἀλλά

533 4181 628 4233 καὶ
655 4184 721 4250 τῇ
740 4180 944 4234 ἄνωθεν
967 4181 1292 4249 ὑπηρετεῖτο
1320 4183 1643 4252 προρρήσει,
1671 4185 1851 4237 πᾶσαν
1873 4187 2108 4257 σπουδὴν

533 4265 767 4315 ποιεῖται
810 4263 903 4314 τὸν
943 4262 1108 4330 φόϐον
1151 4263 1352 4328 ἐξελεῖν
1398 4263 1494 4315 τοῦ
1537 4264 1744 4331 παιδὸς,
1772 4267 1865 4320 καὶ
1910 4267 2108 4340 θάρσος

533 4343 944 4406 ἐνθεῖναι,ὥστε
967 4343 1063 4414 τὴν
1097 4361 1158 4396 συ
1168 4343 1407 4415 μϐουλὴν
1431 4347 1509 4408 εἰς
1538 4345 1697 4416 ἔργον
1719 4348 1948 4418 ἀγαγεῖν
1967 4366 1981 4380 ⁸
2014 4352 2109 4405 καὶ

531 4429 632 4498 οὐχ
661 4427 1000 4496 ὑπισχνεῖται
1031 4426 1180 4497 αὐτῷ
1203 4428 1284 4480 ὅτι
1315 4427 1600 4498 δυνήσεται
1626 4433 2106 4503 παρακρούσασθαι

531 4511 623 4565 τὸν
648 4510 862 4582 πατέρα
885 4510 979 4564 καὶ
1004 4509 1186 4564 λαθεῖν
1203 4527 1216 4541 ·
1243 4510 1381 4564 ἀλλά
1407 4512 1461 4565 τί
1482 4528 1496 4578 ;
1530 4512 1657 4566 Ἐπ’
1679 4514 1785 4583 ἐμὲ
1811 4516 1851 4584 ἠ
1884 4516 2109 4585 κατάρα

530 4611 668 4661 σου,
700 4595 916 4649 τέκνον
937 4611 951 4625 ο
978 4595 1172 4664 μόνον
1208 4594 1566 4651 ὑπάκουσον
1595 4597 1707 4665 τῆς
1734 4598 1942 4668 φωνῆς
1963 4618 2106 4668 μου,

529 4686 626 4739 καί
657 4682 966 4752 πορευθείς
989 4682 1198 4751 ἔνεγκέ
1232 4701 1348 4753 μοι.
1373 4683 1492 4738 Κᾶν
1521 4683 1746 4754 γένηται
1773 4686 2011 4740 τοιοῦτόν
2031 4704 2106 4754 τι,

529 4768 718 4838 φησὶν,
751 4767 905 4821 οὐδὲν
935 4767 1098 4830 αὐτὸς
1121 4767 1542 4841 παραϐλαϐήσῃ.
1577 4768 1669 4840 Μὴ
1691 4769 1873 4822 τοίνυν
1902 4769 2104 4842 δείσῃς,

527 4850 665 4904 ἀλλά
685 4850 902 4920 θαρρῶν
934 4849 1310 4904 Ὑπάκουσόν
1325 4869 1446 4919 μου
1471 4849 1582 4918 τῆς
1599 4850 1826 4918 φωνῆς,
1849 4853 1945 4904 καὶ
1966 4854 2106 4906 ποίει

527 4934 597 4988 τά
624 4932 756 5001 παρ’
787 4931 921 5001 ἐμοῦ
951 4949 1033 4986 σοι
1061 4934 1554 5004 συμϐουλευθέντα.
1587 4934 1758 4988 Τοῦτο
1780 4935 1995 5006 ἀληθῶς
2021 4955 2108 5006 φι-

529 5014 815 5084 λοστοργία
834 5015 1060 5085 μητρὸς,
1077 5017 1138 5070 τὸ
1159 5018 1299 5090 ὑπὲρ
1321 5018 1413 5072 τοῦ
1431 5019 1622 5084 παιδδς
1638 5018 1872 5091 ἑτοίμως
1893 5021 2108 5075 ἅπαντα

528 5096 942 5166 καταδέχεσθαι.
968 5096 1152 5151 Ταῦτα
1173 5100 1402 5155 εἰποῦσα
1431 5101 1619 5171 ίσχυσε
1645 5101 1846 5166 ἐξελεῖν
1865 5101 1960 5156 τοῦ
1982 5119 2109 5157 παι-

527 5183 618 5244 δὸς
650 5181 742 5233 τὸν
775 5177 963 5248 φόϐον.
993 5180 1105 5233 Καὶ
1131 5183 1441 5250 πορευθείς
1455 5184 1634 5239 ἔλαϐε
1661 5185 1762 5240 καί
1791 5185 2010 5256 ἤνεγκε
2033 5186 2109 5256 τῇ

525 5263 704 5336 μητρί
725 5262 912 5334 αρτοῦ
927 5278 946 5297 ο
967 5263 1067 5318 καί
1093 5262 1383 5332 ἐποίησεν
1399 5266 1700 5338 ἐδέσματα
1741 5268 1896 5325 καθὰ
1912 5270 2108 5339 ἐφίλει

527 5354 561 5404 ό
587 5347 788 5418 πατὴρ
805 5347 1018 5404 αὐτοῦ.
1056 5348 1168 5403 Καί
1188 5347 1486 5414 λαϐοῦσα,
1522 5353 1708 5422 φησιν,
1744 5355 1785 5420 ἡ
1827 5353 2109 5409 Ῥεϐέκκα

527 5434 644 5500 τὴν
663 5431 899 5500 στολὴν
923 5431 1030 5487 τοῦ
1059 5430 1196 5487 υἱοῦ
1217 5429 1410 5500 αὐτῆς
1434 5433 1542 5488 τοῦ
1561 5434 1968 5504 πρεσϐυτέρου
1993 5436 2109 5505 τὴν

528 5517 746 5582 καλ-ὴν,
787 5515 828 5584 ἡ
858 5512 938 5585 ἦν
980 5517 1117 5584 παρ’
1155 5514 1312 5585 αὐτῇ
1352 5516 1423 5570 ἐν
1470 5515 1552 5582 τῷ
1596 5518 1760 5585 οῑκῳ,
1814 5519 2110 5573 ἐνέδυσεν

542 5599 752 5655 Ἰακὼϐ
781 5601 886 5654 τὸν
909 5599 1046 5654 υίὸν
1067 5598 1259 5668 αὐτῆς
1279 5600 1388 5654 τὸν
1409 5599 1720 5668 νεώτερον,
1751 5602 1850 5656 καί
1877 5602 1949 5656 τὰ
1974 5600 2108 5669 δέρ-

530 5699 684 5751 ματα
713 5681 831 5736 τῶν
859 5684 1079 5752 ἐρίφων
1107 5682 1418 5752 περιέθηκε
1461 5683 1597 5752 περί
1629 5683 1773 5752 τοὺς
1803 5683 1833 5724 δ
1853 5685 2106 5755 ,βραχίο-

595 5838 620 5866 ⁸
645 5838 725 5884 Sic
745 5836 912 5893 Coisl.,
935 5837 1114 5884 melius
1136 5850 1276 5894 quam
1303 5837 1442 5891 edili,
1467 5837 1550 5897 qui
1576 5833 1761 5897 habent
1787 5834 1986 5883 ἐπέλθοι.
2017 5833 2086 5883 Eo

594 5898 622 5936 b
647 5899 872 5954 Ouinuue
899 5911 1010 5945 mss.
1040 5906 1090 5946 el
1111 5898 1230 5946 Bibl.
1255 5895 1526 5959 περιέθηκεν
1550 5897 1624 5944 ἐπὶ
1647 5895 1769 5949 τούς.

1233 338 1288 394 S.
1329 339 1614 399 JOANNIS
1653 342 2138 400 CHRYSOSTOMI
2181 342 2504 401 ARCHIEP.
2544 339 3092 400 CONSTANT|NOP.

3681 339 3797 394 466

2207 478 2318 524 rm:
2337 464 2541 528 αὐτοῦ,
2562 461 2659 514 καί
2687 461 2783 514 ἐπὶ
2811 458 2886 513 τὰ
2906 455 3102 526 γυμνὰ
3116 451 3222 507 τοῦ
3245 449 3552 520 τραχήλου
3571 453 3797 514 αὐτοῦ.

2207 545 2300 596 καί
2321 544 2504 597 ἔδωκε
2524 545 2594 597 τὰ
2609 542 2907 612 ἐδέσματα
2923 540 3022 594 καί
3044 537 3184 602 τοὺς
3202 536 3442 603 ἄρτους,
3461 536 3567 601 οὓς
3583 537 3799 604 ἐποίηο

2204 641 2336 687 σεν,
2374 628 2461 691 είς
2504 627 2610 688 τὰς
2645 626 2847 692 χεῖρας
2894 621 3093 675 Ἰακὼϐ
3123 619 3228 672 τοῦ
3263 617 3398 672 υἱοῦ
3432 617 3644 685 αὐτῆς.
3687 619 3798 675 καὶ

2204 707 2520 776 εἰσήνεγκε
2557 704 2638 771 τῷ
2669 705 2842 774 πατρί
2880 703 3089 758 αὐτοῦ.
3132 701 3242 754 Θέα
3293 718 3383 770 μοι
3414 701 3648 754 ἐνταῦθα
3685 702 3797 771 τῆς

2217 792 2512 852 Ῥεϐέκκας
2547 789 2686 860 μετά
2712 790 2809 858 τῆς
2866 784 3249 856 φιλοστοργίας
3289 783 3387 837 καὶ
3432 783 3532 852 τὴν
3582 783 3798 854 πολλὴν

2208 874 2418 941 σοφίαν.
2479 873 2696 942 Ἐπειδὴ
2747 869 2856 940 γὰρ
2889 865 3042 921 εἶπεν
3076 869 3354 937 ἀνωτέρω,
3394 866 3477 918 ὅτι
3509 867 3538 918 6
3583 866 3682 935 μὲν
3719 861 3796 935 ἦν

2203 954 2390 1018 δασὺς,
2418 956 2446 1006 6
2477 954 2534 1006 δέ
2561 953 2722 1015 λεῖος,
2751 951 2849 1021 τὴν
2874 951 3086 1020 στολὴν,
3123 951 3309 1020 φησὶν,
3338 948 3588 1001 ἐνέδυσεν
3617 947 3794 1001 αὐτὸν

2203 1037 2298 1090 τοῦ
2343 1037 2534 1102 Ἡσαῦ,
2565 1037 2659 1088 καὶ
2682 1034 2751 1086 τά
2782 1034 3027 1103 δέρματα
3057 1031 3384 1102 περιέθηκεν
3413 1030 3584 1101 αὐτῷ,
3630 1029 3789 1102 [516]

2205 1121 2301 1173 καὶ
2332 1119 2667 1188 πανταχόθεν
2701 1134 2801 1186 σχη
2813 1116 3085 1186 ματίσασα
3114 1115 3298 1177 αὐτὸν,
3326 1114 3402 1175 ὡς
3429 1113 3530 1184 τὴν
3565 1115 3792 1183 ἀπάτην

2205 1203 2286 1264 εἰς
2320 1201 2478 1273 ἔργον
2503 1200 2697 1263 ἐλθεῖν,
2723 1198 2888 1251 δοῦσα
2913 1198 2981 1250 τά
3010 1196 3280 1266 ἐδέσματα
3307 1196 3401 1250 καὶ
3432 1197 3559 1258 τοὺς
3583 1194 3792 1266 ἄρτους

2205 1286 2284 1347 εἰς
2313 1285 2410 1346 τάς
2436 1286 2646 1353 χεῖρας,
2676 1279 3054 1350 παρεσκεύασε
3087 1281 3458 1349 προσαγαγεῖν
3484 1279 3562 1348 τῷ
3592 1279 3787 1349 πατρί.

2207 1367 2406 1419 Σκόπει
2438 1383 2526 1436 μοι
2557 1364 2720 1418 πάλιν
2754 1363 3006 1426 ἐνταῦθα,
3044 1361 3161 1424 πῶς
3191 1361 3294 1430 τῆς
3328 1361 3533 1415 ἄνωθεν
3559 1361 3792 1432 χάριτος

2205 1446 2272 1520 ἦν
2301 1450 2362 1503 τὸ
2404 1451 2532 1502 πᾶν.
2563 1448 2733 1501 Ὅταν
2761 1445 2871 1517 γὰρ
2918 1448 3081 1516 ἡμεῖς
3123 1444 3199 1497 τά
3228 1447 3359 1515 παρ’
3412 1443 3621 1496 ἑαυτῶν
3668 1447 3789 1497 εἰσ-

2206 1532 2536 1602 ενέγκωμεν,
2558 1530 2791 1600 δαψιλῶς
2830 1527 3207 1598 ἀπολαύσομεν
3239 1527 3334 1579 καὶ
3373 1525 3472 1597 τῆς
3506 1526 3656 1596 παρὰ
3686 1525 3790 1578 τοῦ

2206 1613 2338 1666 Θεοῦ
2368 1612 2680 1684 συνεργίας.
2704 1613 2823 1665 Ἵνα
2849 1611 2957 1681 γὰρ
2999 1610 3073 1680 μὴ
3101 1606 3455 1679 ρᾳθυμῶμεν,
3493 1609 3630 1680 μηδὲ
3653 1609 3790 1661 ἀνα-

2208 1696 2560 1759 πεπτωκότες
2581 1690 2750 1766 ὦμεν,
2774 1693 3023 1764 βούλεται
3039 1694 3133 1747 καὶ
3151 1695 3183 1762 ἡ
3193 1693 3299 1761 μᾶς
3315 1709 3368 1744 τι
3386 1691 3787 1763 συνεισφέρειν,

2209 1781 2274 1834 ἵν’
2314 1780 2456 1833 οὕτω
2490 1780 2586 1834 καὶ
2614 1780 2683 1833 τά
2717 1780 2844 1848 παρ’
2884 1775 3077 1832 ἑαυτοῦ
3111 1775 3476 1846 ἐπιδείξηται·
3533 1775 3628 1829 καὶ
3659 1775 3788 1828 οὗτε

2207 1865 2268 1918 τὸ
2298 1866 2405 1919 πᾶν
2441 1863 2540 1933 τῆς
2581 1862 2785 1917 ἀνωθεν
2829 1861 3039 1930 γίνεται
3091 1858 3362 1930 βοηθείας,
3395 1857 3530 1912 ἀλλά
3563 1859 3645 1912 δεῖ
3691 1859 3791 1912 καὶ

2208 1949 2354 2018 ἡμᾶς
2385 1964 2438 2000 τι
2463 1947 2891 2012 συνεισενεγκεῖν
2907 1959 2920 1972 ·
2951 1941 3076 1995 οὔτε
3095 1942 3224 2013 παρ’
3250 1939 3408 2012 ἡμῶν
3429 1940 3589 1996 πάλιν
3614 1941 3789 1995 ἀπαι-

2205 2033 2289 2083 τεῖ
2314 2030 2374 2084 τὸ
2403 2031 2532 2092 πᾶν,
2558 2027 2713 2092 εἰδὼς
2743 2028 2842 2098 τῆς
2877 2026 3154 2099 ἡμετέρας
3186 2025 3468 2088 ἀσθενείας
3493 2025 3592 2097 τὴν
3616 2025 3791 2096 ὐπερ-

2208 2112 2389 2182 ϐολὴν,
2422 2111 2558 2166 ἀλλά
2589 2110 2689 2182 τὴν
2725 2111 2933 2164 οἰκείαν
2973 2108 3386 2179 φιλανθρωπίαν
3427 2108 3787 2179 μιμούμενος,

2207 2195 2302 2248 καὶ
2319 2193 2640 2265 βουλόμενος
2653 2194 2904 2266 ἀφορμήν
2919 2209 3040 2245 τινα
3069 2191 3272 2254 λαϐεῖν,
3301 2191 3441 2244 ὥστε
3464 2191 3563 2260 τὴν
3577 2190 3790 2244 οἰκείαν

2208 2277 2517 2348 φιλοτιμίαν
2549 2275 3218 2345 ἐπιδείξασθαι,ἀναμένει
3240 2275 3310 2328 τὰ
3335 2276 3463 2345 παρ’
3485 2273 3637 2344 ἡμῶν
3673 2276 3788 2326 εἰσ-

2207 2359 2489 2431 ενεχθῆναι
2509 2377 2522 2391 ·
2557 2361 2694 2430 ὅπερ
2727 2360 2820 2413 καὶ
2843 2358 2940 2411 νῦν
2967 2357 3277 2427 γεγένηται.
3314 2356 3531 2427 Ἐπειδὴ
3553 2357 3661 2427 γάρ
3689 2355 3788 2409 καὶ

2206 2446 2234 2496 6
2269 2443 2462 2497 Ἰακὼϐ
2494 2442 2588 2496 καὶ
2609 2443 2643 2512 ἠ
2671 2440 2959 2504 Ῥεϐέκκα,
2983 2440 3128 2512 άπερ
3153 2440 3320 2511 ἐχρῆν
3347 2440 3440 2510 ἀφ’
3465 2439 3674 2492 ἑαυτῶν
3693 2455 3788 2507 γε-

2208 2526 2413 2589 νέσθαι,
2438 2525 2794 2595 πεποιήκασι,
2822 2522 2916 2577 καὶ
2937 2525 2965 2576 6
2991 2522 3090 2593 μὲν
3117 2523 3397 2594 ὑπήκουσε
3415 2522 3517 2592 τῆς
3546 2521 3788 2591 συμϐου⁹

2207 2609 2307 2678 λῆς
2335 2619 2358 2648 ο
2393 2608 2492 2676 τῆς
2526 2607 2753 2678 μητρὸς,
2775 2608 2809 2677 ὴ
2831 2606 2887 2660 δέ
2921 2606 2992 2658 τά
3029 2607 3156 2678 παρ’
3180 2605 3380 2674 ἐαυτῆς
3408 2605 3584 2659 πάντα
3613 2603 3787 2674 ἐπλή-

2210 2707 2375 2761 ρωσε,
2401 2693 2523 2744 τότε
2555 2690 2740 2744 λοιπὸν
2762 2690 2858 2743 καὶ
2882 2690 2911 2742 6
2937 2689 3140 2758 ἀγαθὸς
3168 2688 3445 2757 Δεσπότης
3473 2686 3535 2740 τὸ
3567 2687 3788 2741 πάντων

2208 2774 2628 2846 δυσχερέστερον
2674 2773 2832 2827 τοῦτο
2883 2774 3000 2844 μετ’
3054 2770 3305 2834 εὐκολίας
3346 2770 3644 2841 ἀνυσθῆναι
3689 2787 3788 2823 πε-

2209 2858 2424 2928 ποίηκε,
2471 2857 2531 2912 τὸ
2575 2857 2650 2928 μὴ
2701 2856 2957 2926 γενέσθαι
2989 2854 3290 2927 κατάδηλον
3325 2853 3428 2924 τῆς
3465 2854 3680 2924 ἀπάτης
3723 2855 3787 2908 τὸ

2207 2941 2392 3011 δρᾶμα
2418 2943 2496 3012 τῷ
2542 2941 2748 2996 Ἰσαάκ.
2802 2940 3019 3012 Ἐπειδὴ
3052 2940 3162 3010 γὰρ
3198 2939 3540 3010 προσήνεγκε
3569 2937 3639 2991 τὰ
3669 2937 3788 2992 ἐδέ-

2211 3042 2392 3095 σματα
2412 3024 2490 3095 τῷ
2509 3025 2697 3094 πατρὶ,
2715 3019 2879 3078 Εἵπεο
2901 3024 2997 3090 Τίς
3020 3018 3079 3076 εἷ
3092 3022 3196 3088 σὺ,
3219 3021 3468 3084 τέκνσν;
3489 3021 3599 3076 Καὶ
3617 3015 3787 3075 εἷπεν

2222 3107 2420 3162 Ἰακὼϐ
2445 3105 2526 3172 τῷ
2559 3107 2734 3176 πατρί
2765 3105 2951 3162 αὐτοῦ
2971 3122 2986 3139 ο
3034 3103 3179 3176 Ἐγώ
3206 3105 3324 3174 ειμι
3374 3104 3564 3160 Ἡσαῦ
3603 3107 3636 3160 ό
3657 3105 3787 3170 υιός

2209 3203 2328 3244 σου
2353 3193 2385 3244 ό
2418 3193 2790 3259 πρωτότοκος
2810 3205 2824 3221 ·
2851 3186 3152 3256 πεποίηκά
3177 3201 3297 3253 σοι,
3333 3186 3486 3242 καθὰ
3522 3186 3788 3255 λελάλη-

2211 3271 2324 3340 κάς
2354 3291 2476 3343 μοι.
2513 3273 2804 3338 Ἀναστὰς
2843 3271 3114 3338 κάθισον,
3141 3273 3240 3326 καί
3263 3271 3414 3342 φάγε
3435 3272 3506 3326 ἐκ
3541 3272 3652 3340 τῆς
3679 3271 3786 3339 θή-

2205 3373 2318 3427 ρας
2337 3374 2480 3427 μου,
2511 3356 2671 3421 ὅπως
2691 3356 3003 3427 εὐλογήσῃ
3030 3373 3107 3426 με
3135 3357 3172 3425 ἠ
3201 3355 3371 3426 ψυχή
3402 3371 3539 3411 σου.
3585 3357 3787 3410 Ἐννόει

2215 3457 2306 3511 μοι
2339 3440 2456 3511 μεθ’
2489 3440 2620 3510 ὅσης
2658 3440 2898 3508 ἀγωνίας
2943 3440 3116 3494 ταῦτα
3161 3440 3462 3511 ἐφθέγγετο
3497 3442 3526 3494 6
3569 3441 3785 3498 Ἰακώϐ.

2224 3523 2282 3578 Ὀ
2314 3525 2422 3594 γὰρ
2452 3525 2510 3577 ἐν
2543 3523 2847 3594 προοιμίοις
2875 3523 3044 3578 εἰπὼν
3078 3527 3144 3596 τῇ
3178 3525 3367 3596 μητρὶ,
3397 3525 3673 3596 Φοϐοῦμαι
3711 3527 3788 3597 μὴ

2212 3607 2397 3672 ἐπάξω
2414 3605 2636 3678 ἐμαυτῷ
2661 3609 2929 3678 κατάραν,
2949 3607 3042 3661 καὶ
3065 3606 3166 3660 οὐκ
3191 3606 3458 3674 εὐλογίαν,
3483 3605 3576 3661 νῦν
3601 3609 3658 3661 ἐν
3678 3609 3791 3680 ὅσῳ

2213 3691 2365 3761 φόϐῳ
2409 3689 2761 3759 καθειστήκει
2806 3689 3058 3743 τοσοῦτον
3105 3689 3291 3761 δρᾶμα
3325 3689 3788 3760 ὐποκρινόμενος;

2226 3773 2364 3827 Ἀλλ’
2405 3772 2590 3844 ἐπειδὴ
2620 3771 2752 3836 Θεὸς
2789 3769 2856 3844 ἦν
2901 3775 2930 3826 6
2974 3771 3249 3844 συνεργῶν
3296 3775 3408 3836 τοῖς
3457 3774 3786 3844 γινομένοις,

2215 3857 2430 3912 ἅπαντα
2465 3858 2544 3920 εἰς
2572 3856 2730 3927 ἔργον
2763 3855 2931 3927 ἐξῄει.
2964 3855 3028 3909 Τί
3055 3851 3168 3923 οὖν,
3200 3854 3267 3910 ἂν
3288 3857 3429 3910 εἴποι
3450 3874 3553 3921 τις,
3589 3857 3684 3909 καὶ
3711 3857 3790 3928 τῷ

2213 3941 2396 4012 ψεύδει
2428 3939 2504 4010 τῷ
2541 3940 2766 4010 τοιούτῳ
2795 3939 2925 4002 Θεὸς
2965 3942 3307 4012 συνήργησε;
3349 3940 3441 4010 Μὴ
3474 3939 3659 4004 ἁπλῶς
3704 3940 3789 4005 ἐξέ

2215 4023 2371 4089 ἐταζε
2399 4024 2460 4076 τὸ
2481 4023 2786 4092 γινόμενον,
2815 4023 3087 4094 ἀγαπητέ,
3115 4022 3249 4076 ἀλλά
3274 4023 3365 4076 τὸν
3396 4023 3594 4076 σκοπὸν
3623 4041 3792 4076 κατα-

2217 4106 2478 4177 μάνθανε,
2513 4106 2607 4158 καὶ
2628 4107 2710 4158 ὅτι
2734 4105 2796 4158 οὐ
2820 4104 3079 4176 βιωτικῆς
3105 4104 3290 4159 ἕνεκέν
3315 4123 3460 4170 τινος
3480 4106 3790 4170 πλεονεξίας

2214 4189 2372 4243 τοῦτο
2396 4189 2622 4257 ἐγίνετο,
2650 4187 2786 4241 ἀλλὰ
2808 4185 2902 4240 τοῦ
2927 4187 3134 4259 πατρὸς
3154 4187 3253 4259 τὴν
3277 4188 3526 4256 εὐλογίαν
3555 4188 3790 4241 ἐπισπά-

2218 4271 2414 4324 σασθαι
2447 4269 2808 4333 ἐσπούδαζενο
2843 4269 3019 4334 ἄλλως
3061 4269 3118 4323 δὲ
3148 4271 3198 4323 εί
3243 4269 3458 4340 μέλλοις
3503 4269 3691 4334 ἁπλῶς
3721 4270 3791 4323 τὰ

2216 4353 2479 4424 γινόμενα
2527 4351 2824 4419 ἐξετάζειν,
2872 4353 2968 4406 καὶ
3009 4352 3085 4424 μὴ
3124 4353 3216 4408 τὸν
3263 4355 3464 4408 σκοπὸν
3514 4353 3790 4424 πανταχοῦ

2216 4437 2513 4506 ἐπιζητεῖν,
2537 4435 2638 4505 ὅρα
2659 4435 2685 4473 ά
2719 4452 2802 4488 σοι
2822 4435 2912 4489 τὸν
2937 4437 3284 4509 πατριάρχην
3313 4437 3656 4491 παιδοκτόνον
3673 4438 3792 4490 ὀνοο

2219 4523 2432 4593 μάζειν,
2456 4520 2666 4574 καὶτὸν
2687 4519 2872 4583 Φινεὲς
2893 4519 3238 4592 ἀνδροφόνον.
3279 4521 3416 4574 Ἀλλ’
3439 4519 3561 4573 οὔτε
3583 4521 3790 4584 ἐκεῖνος

2216 4605 2588 4670 παιδοκτόνος,
2620 4603 2758 4658 ἀλλά
2793 4605 2888 4659 καὶ
2921 4603 3041 4658 λίαν
3082 4603 3456 4675 φιλόστοργος,
3505 4605 3555 4657 εἰ
3578 4602 3674 4657 καί
3705 4620 3790 4666 τις

2215 4689 2373 4753 ἄλλος
2392 4703 2406 4718 ·
2453 4687 2576 4741 οὔτε
2603 4682 2757 4750 οὗτος
2803 4686 3148 4758 ἀνδροφόνος,
3187 4686 3324 4741 ἀλλά
3350 4688 3412 4740 τὸ
3448 4687 3648 4757 μᾶλλον
3694 4687 3790 4740 καὶ

2215 4773 2355 4842 ἄγαν
2386 4773 2633 4843 ζηλωτής
2669 4784 2716 4826 υ.
2757 4770 3046 4841 Ἐκάτερος
3067 4769 3176 4838 γὰρ
3203 4769 3381 4823 αὐτῶν
3405 4770 3466 4824 τὸ
3494 4769 3684 4824 δοκοῦν
3710 4769 3790 4842 τῷ

2214 4854 2332 4926 Θεῷ
2349 4855 2716 4925 διεπράττετο.
2745 4854 2943 4924 Διόπερ
2971 4854 3000 4906 6
3033 4856 3128 4923 μὲν
3151 4853 3239 4906 διὰ
3257 4854 3357 4925 τὴν
3385 4854 3632 4926 ὑπακοὴν
3671 4853 3796 4906 πολ·

2214 4939 2312 5009 λῆς
2338 4937 2584 5002 ἀξιοῦται
2611 4936 2712 5007 τῆς
2732 4935 2938 4990 ἀνωθεν
2963 4937 3196 5008 ἀμοιϐῆς
3214 4952 3228 4967 ·
3251 4937 3280 4989 6
3297 4936 3354 4990 δέ
3385 4936 3474 4990 διά
3502 4937 3595 4990 τὸν
3629 4936 3792 5007 ζῆλον

2215 5021 2668 5094 ἀνακηρύττεται.
2712 5022 2902 5089 Ἕστη
2936 5018 3066 5090 γὰρ,
3101 5019 3255 5092 φησὶ,
3288 5019 3513 5086 Φινεὲς,
3547 5020 3649 5074 καί
3693 5021 3792 5084 ἐε-

2215 5105 2487 5159 ιλάσατο.
2513 5104 2574 5157 Εἰ
2599 5102 2778 5156 τοίνυν
2802 5101 2960 5171 φόνος
2982 5101 3304 5174 εὐδοκίμησε
3329 5103 3425 5156 καὶ
3448 5102 3793 5157 παιδοκτονία

2214 5191 2274 5243 ἐν
2295 5188 2546 5250 ἐκείνοις,
2578 5185 2764 5257 ἐπειδὴ
2784 5184 2928 5239 κατά
2943 5185 3080 5239 Θεοῦ
3103 5185 3328 5257 γνώμην
3352 5187 3589 5255 ἐγένετο,
3613 5186 3710 5242 καὶ
3731 5188 3791 5240 οὐ

2213 5273 2327 5334 τοῖς
2358 5270 2605 5338 γεγονόσι
2631 5267 2994 5339 προσέχομεν,
3020 5267 3160 5322 ἀλλά
3185 5267 3266 5339 τῷ
3293 5269 3484 5340 σκοπῷ
3511 5269 3618 5323 τῶν
3645 5286 3793 5337 γινο-

2217 5353 2417 5424 μένων,
2450 5354 2544 5406 καὶ
2571 5354 2636 5424 τῇ
2669 5350 2776 5404 τῶν
2800 5351 3180 5422 πεποιηκότων
3197 5352 3415 5424 γνώμῃ,
3441 5353 3622 5424 πολλῷ
3653 5354 3792 5424 μᾶλ-

2213 5436 2305 5489 λον
2337 5435 2432 5488 καὶ
2468 5433 2701 5487 ἐνταῦθα
2729 5433 2887 5487 τοῦτο
2918 5432 3230 5502 λογίζεσθαι
3259 5436 3388 5506 χρή.

2283 5526 2351 5587 γ’.
2367 5517 2457 5588 Μὴ
2469 5518 2646 5572 τοίνυν
2661 5514 2819 5569 τοῦτο
2833 5517 3046 5581 σκόπει,
3063 5518 3145 5571 δτι
3159 5515 3350 5587 ψεῦδος
3363 5513 3432 5588 ῆν
3440 5517 3512 5570 τὰ
3527 5517 3794 5586 λεγόμενα

2217 5601 2367 5673 παρά
2390 5600 2484 5654 τοῦ
2528 5597 2747 5665 Ἰακὼϐ,
2775 5599 2889 5651 ἀλλ’
2921 5601 3097 5654 ἐκεῖνο
3131 5601 3322 5666 ἐννόει,
3358 5601 3444 5655 ὅτι
3471 5600 3794 5672 βουλόμενος

2279 5768 2301 5795 ε

2281 5768 2301 5795 ε
2328 5765 2556 5871 Ουίηιῗιιθ
2574 5765 2957 5832 πηδηύπήκουσι
3059 5766 3323 5874 συὲιϐσυλῇ.

2281 5826 2305 5896 ξι
2325 5826 2468 5896 μοι-ρ
2491 5823 2752 5896 :‘qt‘Sav‘ll;
2777 5825 2908 5896 ᾧρα.¹
2927 5825 3076 5876 Consl.
3139 5843 3197 5889 ρα
3221 5844 3299 5874 σοι
3321 5827 3400 5874 καὶ
3423 5844 3466 5876 τ.
3491 5842 3546 5874 τι.

2279 5889 2306 5959 ⁸,
2321 5887 2464 5936 Coisl.
2482 5886 2603 5934 ἀλλὰ
2625 5885 2705 5932 καὶ
2731 5885 2957 5942 ζηλωτής.

2527 5775 2556 5811 e
2574 5763 2957 5826 mss._v§mﬁxouc§
2975 5770 3034 5825 τῇ
3059 5766 3323 5826 συμϐουλῇ.
