4168 6264
369 349 469 405 163

361 457 483 501 nam
510 462 799 517 supernam
830 446 1014 503 habuit
1037 448 1429 517 subsidiariam,
1460 451 1619 507 etiam
1655 454 1820 509 invito
1846 468 1939 523 pa-

361 548 437 593 tre
468 538 613 593 illius
639 539 1068 595 benedictionem
1106 541 1318 611 abripit.
1351 541 1491 596 Nihil
1535 544 1676 598 enim
1720 545 1942 600 validius

358 646 422 683 eo
453 630 543 700 qui
591 629 778 684 dextra
822 631 907 685 illa
953 631 1252 700 adjuvatur.
1276 631 1412 687 Vide
1456 635 1616 703 igitur
1660 635 1945 705 diligenter

357 722 557 787 ouitiia,
585 731 644 775 ut
664 722 839 777 discas
862 723 1271 793 dispensationis
1290 724 1661 780 excellentiam
1688 741 1702 791 ;
1734 735 1787 781 et
1810 742 1944 796 quo-

357 810 517 865 modo
539 810 624 865 hic
644 811 856 880 quidem
882 812 967 865 illa
993 813 1160 882 gratia
1193 812 1379 880 fretus,
1406 829 1655 886 magnum
1685 815 1739 871 in
1766 818 1941 871 omni-

359 900 456 954 bus
501 901 756 957 auxilium
804 911 859 958 et
901 904 1333 973 cooperationem
1385 905 1717 976 adipiscitur,
1764 908 1836 962 ita
1887 916 1944 964 ut

360 990 524 1058 patris
566 991 620 1046 in
665 1008 786 1047 eum
840 994 1190 1050 transferatur
1235 995 1539 1053 benedictio
1574 1016 1587 1053 :
1622 998 1712 1055 ille
1762 1010 1941 1056 autem

358 1081 536 1135 omnia
581 1083 794 1153 amittit,
823 1085 1054 1154 perdens
1084 1088 1425 1157 semetipsum
1472 1098 1691 1160 propter
1732 1105 1942 1147 morum

359 1172 708 1243 iniquitatem.
733 1175 785 1230 5.
824 1174 1049 1231 Rebecca
1078 1187 1264 1243 autent,
1298 1179 1486 1249 inquit,
1516 1180 1706 1235 audivit
1730 1182 1941 1251 loquen-

356 1267 453 1315 tem
475 1261 626 1317 Isaac
654 1281 765 1318 cum
797 1264 937 1320 Esas't
960 1267 1067 1336 ﬁlio
1093 1284 1205 1321 suo.
1235 1266 1336 1322 Ivit
1365 1279 1533 1324 autem
1559 1269 1701 1325 Esau
1720 1272 1772 1326 in
1797 1289 1941 1327 cant-

360 1371 499 1421 pum,
529 1364 583 1408 ut
609 1367 871 1410 venaretur
912 1359 1139 1429 prwdam
1164 1360 1303 1428 patri
1343 1378 1454 1415 suo.
1496 1361 1548 1416 6.
1594 1362 1735 1416 Dixit
1774 1374 1942 1418 autem

362 1444 585 1498 Rebecca
614 1446 682 1499 ad
723 1448 885 1514 ﬁlium
910 1465 1059 1503 suum
1087 1451 1366 1520 juniorcm.
1395 1453 1568 1519 Quare
1593 1454 1808 1523 adjecit,
1841 1456 1942 1510 Ju-

360 1535 591 1589 niorem?
635 1536 769 1603 Quia
810 1540 1057 1608 superius
1099 1540 1326 1607 dixerat,
1368 1542 1571 1598 Vocavit
1596 1544 1749 1600 Isaac
1777 1547 1940 1615 ﬁlium

357 1642 501 1679 suum
532 1637 650 1681 natu
696 1631 957 1699 majorem,
989 1640 1044 1687 ut
1084 1633 1350 1690 discamus
1375 1637 1461 1691 cui
1505 1652 1649 1693 nunc
1690 1639 1941 1710 loquatur

358 1718 619 1789 Rebecca,
652 1722 838 1792 inquit,
864 1724 945 1777 Ad
958 1726 1238 1795 juniorem,
1263 1727 1364 1784 hoc
1383 1738 1485 1797 est,
1515 1731 1699 1787 Jacob.
1730 1733 1935 1802 Audivi,

356 1810 545 1880 inquit,
569 1822 760 1881 patrem
787 1824 927 1867 tuum
953 1818 1231 1886 loquentem
1268 1836 1386 1873 cum
1412 1820 1554 1877 Esaii
1579 1828 1736 1895 fratre
1760 1837 1865 1892 tuo,
1891 1834 1938 1879 et

347 1902 594 1955 dicentem
616 1917 635 1955 :
660 1904 711 1956 7.
734 1904 878 1971 A/fer
902 1907 1024 1959 mihi
1054 1909 1385 1977 venationem,
1409 1921 1455 1965 et
1482 1918 1567 1985 [ac
1592 1915 1716 1968 mihi
1742 1916 1933 1982 edulia,

351 2000 406 2044 ut
431 2008 547 2045 cum
575 1995 857 2063 comedere,
900 1998 1190 2051 benedicam
1218 2009 1264 2053 te
1287 2017 1459 2056 coram
1500 2004 1740 2072 Domino,
1770 2007 1938 2076 prius-

348 2100 501 2150 quam
539 2088 728 2140 moriar
754 2105 868 2159 ego.
907 2089 1033 2144 llaec
1072 2092 1283 2160 quidem
1311 2094 1487 2149 audivi
1537 2103 1740 2165 patrem
1790 2106 1935 2153 tuum

348 2175 500 2230 fratri
531 2191 622 2232 tuo
647 2178 790 2233 Esau
818 2181 1146 2249 loquentem.
1190 2183 1246 2237 8.
1291 2183 1447 2239 Nunc
1483 2186 1658 2256 igitur,
1681 2188 1779 2257 ﬁli,
1812 2189 1937 2242 audi

349 2282 429 2318 me
447 2267 577 2320 sicut
602 2284 691 2337 ego
715 2268 804 2322 tibi
826 2271 1086 2342 prwcipio,
1114 2271 1169 2328 9.
1197 2281 1243 2327 et
1277 2275 1404 2330 vade
1424 2276 1493 2330 ad
1518 2294 1653 2346 oves,
1682 2288 1726 2333 et
1750 2281 1935 2335 sumito

350 2356 475 2409 mihi
500 2357 619 2410 inde
646 2358 774 2413 duos
795 2360 970 2415 luedos
995 2371 1189 2418 teneros
1214 2374 1261 2418 et
1290 2368 1466 2435 bonos,
1501 2377 1546 2422 et
1567 2371 1755 2439 faciam
1778 2387 1841 2426 ex
1863 2373 1935 2427 eis

350 2448 523 2501 edulia
543 2451 675 2519 patri
692 2462 796 2517 tuo,
813 2461 866 2505 ut
882 2465 1051 2508 autat:
1071 2456 1156 2511 10.
1176 2467 1223 2511 et
1244 2457 1434 2528 inferes
1458 2461 1594 2529 patri
1610 2472 1695 2516 tuo
1724 2472 1771 2517 et
1802 2480 1935 2518 com-

351 2539 484 2607 edet,
504 2550 559 2593 ut
576 2543 836 2598 benedicta
866 2555 913 2599 te
932 2557 1073 2616 pater
1099 2559 1212 2604 tuus
1234 2551 1526 2621 priusquam
1537 2557 1782 2610 moriatur
1800 2558 1925 2627 ipse.

417 2631 472 2685 2.
517 2631 741 2687 Rebecca
769 2637 821 2688 in
845 2636 994 2692 rebus
1020 2655 1131 2708 qua:
1154 2642 1221 2693 ad
1246 2641 1639 2700 benedictionem
1663 2647 1844 2703 Jacobi
1866 2653 1930 2707 ab

349 2721 533 2776 lsaaco
571 2734 816 2795 spectant,
853 2736 900 2781 et
929 2745 1026 2782 suo
1068 2733 1232 2786 amori
1263 2743 1309 2787 et
1352 2734 1449 2803 ipsi
1493 2736 1590 2790 Dei
1630 2740 1930 2796 ministravit

347 2814 586 2882 oraculo;
606 2820 871 2886 cooperari
888 2837 979 2875 nos
1007 2824 1112 2876 vult
1139 2825 1332 2901 auxilio
1363 2844 1454 2882 suo
1486 2828 1658 2897 Deus;
1698 2851 1798 2889 non
1838 2852 1929 2891 ca-

346 2915 586 2971 uperatur
617 2909 897 2964 mendacio.
921 2941 995 2952 -—
1014 2914 1147 2970 Vide
1175 2932 1424 2988 magnum
1456 2923 1641 2977 matris
1666 2940 1928 2996 amorem,

347 2997 455 3053 imo
498 3000 950 3070 dispensationem
979 3006 1094 3061 Dei.
1138 3006 1255 3078 lpse
1279 3012 1422 3066 enim
1461 3024 1577 3069 erat
1604 3019 1695 3085 qui
1735 3019 1784 3072 ei
1826 3021 1931 3077 hoc

345 3092 629 3147 consilium
660 3094 826 3163 dedit,
858 3105 911 3152 et
937 3100 1114 3153 omnia
1149 3100 1286 3158 bene
1305 3117 1463 3174 agere
1488 3109 1710 3162 curavit.
1737 3108 1930 3167 Vidisti

346 3184 532 3240 matris
566 3186 822 3255 optimum
848 3190 1171 3246 consilium?
1212 3192 1343 3250 Vide
1372 3202 1426 3250 et
1451 3195 1617 3254 Jacob
1640 3200 1928 3269 providen-

348 3275 470 3328 tiam
495 3292 511 3330 :
539 3285 594 3331 et
630 3280 897 3347 quomodo
923 3283 1274 3352 respondens,
1298 3299 1514 3343 suorum
1544 3305 1753 3347 morum
1792 3294 1929 3349 indi-

344 3374 431 3419 cat
476 3370 960 3426 mansuetudinem.
1008 3376 1095 3430 ll.
1144 3376 1290 3432 Dixit
1335 3381 1496 3448 enim,
1544 3384 1732 3454 inquit,
1781 3390 1929 3443 matri

345 3473 450 3511 sua:
480 3473 499 3511 :
526 3458 620 3513 Est
655 3460 815 3530 frater
844 3480 982 3519 meus
1022 3468 1097 3521 vir
1124 3469 1374 3539 hispidus,
1410 3489 1501 3543 ego
1538 3486 1704 3529 autem
1735 3478 1810 3531 vir
1834 3479 1927 3533 la:-

345 3548 417 3601 vis
438 3564 457 3601 :
486 3549 573 3604 12.
600 3567 663 3605 ne
689 3556 818 3622 forte
840 3565 1108 3613 contrectet
1142 3577 1222 3613 me
1256 3573 1404 3632 pater
1429 3582 1585 3632 meus,
1622 3578 1669 3621 et
1695 3584 1780 3622 ero
1812 3581 1930 3625 ante

344 3655 457 3692 eum
494 3643 635 3710 quasi
669 3656 1007 3716 contemnens,
1046 3661 1094 3702 et
1122 3651 1359 3706 inducam
1405 3655 1529 3709 milii
1570 3658 1668 3727 ipsi
1710 3660 1927 3715 maledi-

344 3735 579 3804 ctionem,
608 3754 708 3791 non
743 3740 1155 3799 benedictionem.
1185 3745 1369 3817 Magna
1398 3750 1546 3817 pueri
1573 3751 1847 3817 honestas,
1875 3763 1930 3808 et

346 3826 398 3881 in
426 3838 629 3898 patrem
664 3836 983 3889 reverentia.
1022 3836 1231 3903 Timeo,
1263 3840 1450 3908 inquit,
1484 3858 1551 3895 ne
1575 3843 1627 3896 in
1658 3843 1928 3900 diversum

346 3918 593 3975 eveniant
624 3923 793 3976 studia
816 3940 957 3991 mea,
989 3940 1056 3981 ne
1094 3927 1276 3983 videar
1303 3930 1571 3986 adversari
1614 3936 1779 4002 patris
1808 3950 1930 3991 sen-

346 4010 544 4078 lentiae,
575 4019 630 4066 et
655 4028 751 4081 pro
797 4014 1169 4074 benedictione
1213 4021 1642 4079 maledictionem
1670 4027 1801 4082 mihi
1828 4029 1927 4083 ad-

342 4100 556 4155 ducam.
579 4104 716 4169 Quid
740 4105 899 4176 igitur
917 4107 1180 4177 Rebecca,
1205 4112 1532 4169 admirabilis
1557 4116 1647 4171 illa
1670 4128 1720 4172 et
1741 4134 1928 4175 amans

346 4192 478 4247 lilii?
506 4193 638 4260 Quia
664 4211 770 4250 non
797 4213 862 4253 ex
896 4213 991 4254 sua
1029 4209 1231 4256 tantum
1257 4207 1520 4260 sententia
1556 4207 1800 4277 faciebat,
1832 4210 1927 4266 sed

342 4289 399 4336 et
446 4281 628 4339 divino
658 4288 993 4345 ministrabat
1019 4294 1257 4360 oraculo,
1290 4294 1411 4351 ideo
1447 4300 1592 4353 omni
1629 4301 1808 4356 studio
1836 4317 1929 4358 co-

344 4381 507 4426 natur
541 4378 779 4433 eximere
822 4396 989 4450 puero
1018 4392 1237 4450 metum,
1263 4395 1319 4441 et
1358 4387 1556 4444 addere
1598 4392 1827 4460 animos,
1870 4401 1928 4448 ut

342 4469 622 4524 consilium
651 4471 887 4539 perliciat
918 4491 931 4527 :
968 4490 1068 4530 nec
1095 4478 1356 4545 promittit
1383 4481 1432 4534 ei
1458 4482 1598 4551 quod
1640 4486 1811 4551 possit
1833 4485 1926 4540 de-

344 4555 529 4613 ludere
549 4569 776 4628 patrem,
800 4572 853 4617 et
883 4565 1052 4620 latere
1077 4583 1090 4619 :
1120 4567 1213 4621 sed
1242 4569 1406 4638 quid?
1434 4572 1519 4626 15.
1544 4570 1611 4626 In
1632 4591 1711 4628 me
1734 4577 1926 4630 recidat

344 4649 630 4704 maledictio
668 4655 797 4721 Itwc,
842 4655 919 4722 ﬁli
958 4657 1029 4709 nti
1062 4673 1082 4711 :
1125 4668 1320 4713 tantum
1369 4663 1514 4719 obedi
1548 4667 1657 4719 voci
1697 4684 1842 4734 mete,
1879 4680 1927 4724 et

342 4737 530 4794 vadens
574 4739 705 4808 affer
728 4743 873 4798 mihi.
920 4745 988 4799 Et
1031 4747 1077 4801 si
1122 4746 1283 4805 fuerit
1324 4750 1523 4821 aliquid
1562 4754 1686 4821 tale,
1732 4756 1923 4828 inquit,

342 4829 476 4886 nihil
510 4832 603 4886 tibi
644 4834 874 4891 nocebit.
906 4836 987 4894 Ne
1029 4838 1187 4910 igitur
1215 4843 1422 4911 timeas,
1463 4846 1556 4901 sed
1586 4847 1723 4903 bene
1757 4850 1926 4907 ﬁdens

342 4920 503 4977 Obedi
521 4925 630 4979 voci
656 4941 799 4994 mete,
814 4937 881 4984 .et
905 4928 991 4986 fac
1009 4945 1130 4999 qua:
1146 4932 1240 4988 tibi
1265 4936 1634 4993 consuluntur.
1659 4939 1785 4996 Hrec
1802 4957 1927 4997 vere

341 5022 578 5069 materna
608 5015 825 5074 dilectio
859 5030 963 5086 est,
996 5031 1055 5078 ut
1091 5038 1188 5094 pro
1218 5042 1383 5095 puero
1408 5038 1592 5097 parata
1634 5032 1705 5086 sit
1747 5034 1925 5089 omnia

336 5102 498 5159 terre.
541 5104 636 5160 His
659 5106 812 5163 dictis
857 5110 1025 5166 ﬁlium
1069 5128 1102 5168 a
1149 5115 1341 5184 timore
1387 5118 1649 5175 liberavit.
1684 5122 1770 5178 14.
1799 5121 1925 5178 Cum

338 5196 492 5265 igitur
535 5199 735 5255 abiisset
750 5241 781 5265 ,.
798 5207 1017 5274 sumpsit
1058 5217 1105 5261 et
1132 5210 1299 5264 attulit
1328 5213 1478 5266 matri
1524 5229 1635 5269 suae
1675 5231 1696 5269 :
1741 5227 1788 5270 et
1810 5220 1925 5289 fecit

339 5291 529 5357 edulia,
553 5294 681 5347 sicut
706 5296 911 5351 amabat
948 5309 1091 5370 pater
1117 5303 1247 5372 ejus.
1272 5304 1359 5358 15.
1390 5303 1458 5359 Et
1495 5316 1550 5359 ut
1582 5310 1793 5379 sumpsit
1821 5310 1923 5365 Re.

338 5381 506 5447 becca,
541 5386 731 5454 inquit,
754 5389 939 5442 stolam
975 5391 1073 5460 ﬁlii
1108 5395 1187 5446 sui
1224 5396 1436 5450 senioris
1461 5398 1748 5467 pulchram,
1770 5417 1922 5471 quam

340 5475 549 5529 habebat
576 5479 716 5548 apud
757 5496 811 5534 se
835 5482 992 5550 domi,
1029 5485 1192 5539 induit
1237 5487 1396 5542 Jacob
1436 5490 1599 5551 ﬁlium
1646 5509 1794 5546 suum
1830 5495 1925 5563 ju-

339 5565 550 5630 niorem,
584 5567 673 5621 16.
703 5578 750 5622 et
777 5572 990 5639 pellibus
1019 5575 1279 5630 hwdorum
1306 5579 1511 5632 brae/tia
1529 5581 1683 5651 ejus:
1713 5592 1760 5637 et
1787 5585 1924 5637 nuda
2020 5630 2023 5631 ν

339 5655 457 5708 colli
476 5657 585 5724 ejus
612 5660 962 5729 circumdedit,
981 5666 1066 5719 17.
1090 5676 1134 5720 et
1155 5667 1293 5721 dedit
1318 5669 1509 5737 edulia,
1530 5680 1578 5724 et
1608 5688 1763 5741 panes
1798 5690 1922 5741 quos

341 5744 526 5813 fecerat
570 5750 623 5804 in
670 5768 851 5810 manus
890 5755 1051 5812 Iacob
1078 5759 1174 5828 ﬁlii
1203 5761 1303 5829 sui,
1332 5772 1377 5816 et
1419 5761 1599 5819 obtulit
1643 5767 1777 5836 patri
1807 5783 1915 5823 suo.

1348 334 1415 391 IN
1450 336 1602 393 CAP.
1645 336 1857 393 XXVII.
1899 336 2138 395 GENES.
2180 338 2411 397 llOMlL.
2450 340 2582 398 LIII.

3537 357 3644 412 466

2052 450 2208 518 Vide,
2256 453 2502 520 obsecro,
2536 454 2622 510 hic
2671 454 2927 514 Rebeccae
2964 473 3097 517 cum
3126 477 3316 535 magna
3359 464 3644 524 dilectione

2049 542 2388 614 conjunelam
2442 560 2618 601 raram
2664 550 2999 618 sapientiam.
3044 553 3175 609 Nam
3224 556 3345 626 quia
3394 558 3640 628 superius

2051 633 2204 701 dixit,
2225 636 2371 691 illum
2399 638 2611 707 quidem
2640 638 2907 710 hispidum
2934 659 3074 710 esse,
3103 644 3244 702 hunc
3269 663 3396 703 vero
3417 649 3605 704 laevom

2050 726 2206 793 stola,
2227 727 2415 798 inquit,
2441 730 2581 783 Esau
2604 730 2774 786 induit
2794 749 2934 797 eum,
2959 743 3011 789 et
3034 736 3260 805 pellibus
3287 740 3638 797 circumdedit

2049 829 2193 882 eum,
2223 825 2276 870 et
2306 831 2427 871 cum
2461 818 2691 889 undique
2718 836 2838 876 eum
2866 823 2932 878 ad
2955 823 3322 897 deceptionem
3353 830 3638 886 instruxis-

2050 913 2151 971 set,
2183 905 2319 961 datis
2346 906 2536 963 eduliis
2565 917 2620 964 et
2641 912 2866 979 panibus
2891 915 2942 967 in
2976 930 3184 984 manus,
3213 918 3388 974 ell'ecit
3415 930 3469 976 ut
3499 923 3637 993 patri

2049 992 2284 1050 afferret.
2314 995 2607 1053 Considera
2651 1000 2738 1054 hic
2762 1017 2993 1067 rursum,
3026 1007 3292 1076 quomodo
3328 992 3515 1066 omnia,
3543 1027 3640 1067 su-

2048 1100 2212 1155 perna
2239 1090 2405 1159 gratia
2432 1092 2731 1147 evenerint.
2757 1094 2889 1149 Nam
2912 1099 3124 1167 quando
3146 1102 3288 1170 quod
3316 1119 3347 1158 a
3378 1105 3530 1161 nobis
3554 1116 3637 1161 est

2047 1178 2342 1247 oll'erimus,
2376 1183 2593 1254 largiter
2627 1185 2863 1241 divinam
2891 1194 3324 1260 cooperationem
3349 1200 3636 1268 consequi-

2046 1285 2187 1324 mur.
2223 1271 2358 1326 Nam
2382 1281 2439 1328 ut
2469 1290 2537 1330 ne
2567 1275 2779 1333 desides
2815 1286 2869 1333 et
2897 1282 3069 1349 supini
3099 1284 3287 1351 simus,
3334 1288 3446 1343 vult
3472 1292 3633 1344 etiam

2046 1375 2144 1416 nos
2165 1362 2362 1434 aliquid
2392 1366 2655 1435 conferre,
2683 1384 2788 1439 quo
2816 1371 2893 1427 sic
2920 1372 3006 1426 illa
3034 1389 3127 1429 sua
3155 1375 3421 1447 exhibeat,
3450 1388 3504 1434 et
3526 1397 3633 1436 non

2046 1459 2214 1506 totum
2240 1454 2309 1508 sit
2337 1457 2555 1525 superni
2585 1460 2791 1528 auxilii,
2825 1461 2918 1516 sed
2945 1474 3190 1533 oporteat
3223 1468 3386 1523 etiam
3415 1486 3512 1525 nos
3538 1472 3633 1524 ali-

2046 1544 2169 1613 quid
2194 1545 2348 1601 simul
2373 1547 2596 1615 alferre;
2628 1566 2803 1622 neque
2819 1567 2847 1606 a
2869 1553 3020 1609 nobis
3042 1556 3236 1611 iterum
3256 1559 3419 1630 exigit
3439 1568 3628 1629 totum,

2044 1633 2219 1691 sciens
2247 1637 2569 1695 inﬁrmitatis
2595 1652 2792 1697 nostra:
2824 1646 3271 1712 magnitudinem:
3293 1648 3385 1705 sed
3414 1666 3508 1720 pro
3534 1667 3629 1706 sua

2044 1726 2397 1797 benignitate,
2423 1740 2477 1785 et
2500 1732 2684 1786 volens
2724 1736 3061 1791 occasionem
3107 1739 3336 1809 aliquam
3363 1746 3628 1813 accipere,

2045 1826 2100 1870 ut
2123 1832 2272 1871 suam
2295 1818 2532 1875 declaret
2560 1821 2950 1888 liberalitatem,
2970 1836 3248 1897 exspectat
3273 1838 3330 1884 ut
3348 1830 3634 1888 alferamus

2041 1921 2160 1975 quae
2198 1922 2227 1961 a
2271 1908 2421 1962 nobis
2452 1921 2613 1964 sunt:
2641 1911 2692 1965 id
2724 1914 2863 1983 quod
2890 1925 2944 1969 et
2970 1931 3111 1971 nunc
3139 1916 3337 1974 factum
3362 1931 3464 1975 est.
3497 1922 3628 1977 Nam

2041 1997 2161 2066 quia
2212 1998 2377 2054 Jaeob
2415 2010 2470 2055 et
2519 2001 2758 2058 Rebecca
2807 2004 3047 2061 fecerunt
3085 2022 3147 2062 ca
3184 2024 3304 2078 qua:
3342 2025 3372 2063 a
3411 2025 3469 2067 se
3516 2011 3629 2068 ﬁeri

2041 2086 2361 2154 Oportebat:
2396 2098 2449 2143 et
2495 2090 2583 2145 ille
2631 2094 2845 2163 quidem
2876 2096 3108 2152 obedivit
3150 2100 3375 2155 consilio
3419 2103 3627 2168 matris,

2042 2174 2157 2229 haec
2210 2187 2389 2232 autem
2417 2180 2597 2236 omnia
2627 2198 2746 2252 qua:
2796 2185 2863 2239 ad
2908 2202 2967 2243 se
3014 2190 3313 2245 attinebant
3355 2191 3627 2262 implevit:

2042 2274 2167 2321 tunc
2211 2268 2348 2322 ultra
2401 2270 2572 2326 bonus
2619 2273 2872 2331 Dominus
2918 2293 3107 2349 magna
3151 2281 3401 2337 facilitate
3445 2283 3630 2352 perﬁci

2038 2359 2244 2413 curavit
2288 2360 2429 2429 quod
2456 2364 2693 2419 omnium
2740 2376 2855 2420 erat
2884 2368 3275 2440 difﬁcillimum,
3308 2389 3375 2429 ne
3423 2372 3627 2431 fraudis

2039 2446 2198 2517 hujus
2225 2448 2399 2505 fabula
2424 2460 2548 2507 nota
2579 2466 2725 2510 esset
2750 2455 2950 2513 lsaaco.
2982 2460 3112 2515 Nam
3144 2473 3426 2535 postquam
3449 2467 3627 2522 attulit

2036 2536 2211 2593 edulia
2261 2542 2419 2610 patri,
2450 2543 2536 2599 19.
2569 2544 2712 2599 Dixit
2755 2549 2821 2601 ad
2861 2566 3015 2605 eum:
3049 2551 3171 2619 Quis
3212 2564 3265 2609 tu
3294 2573 3367 2624 es,
3398 2557 3475 2626 ﬁli
3498 2559 3524 2612 .9
3552 2559 3622 2612 Et

2036 2628 2167 2682 dixit
2209 2630 2370 2686 Jacob
2396 2634 2465 2686 ad
2508 2647 2698 2705 patrem
2730 2655 2876 2694 suum
2907 2658 2927 2695 :
2970 2640 3082 2714 Ego
3120 2662 3232 2700 sum
3263 2645 3403 2703 Esau
3428 2649 3627 2721 primo-

2034 2721 2231 2790 genilus
2272 2732 2388 2778 tuus
2414 2741 2434 2780 :
2466 2726 2565 2797 feci
2608 2728 2696 2782 tibi
2738 2731 2867 2785 sicut
2915 2734 3147 2804 loquutus
3188 2738 3313 2792 mihi
3340 2756 3411 2796 es.
3459 2740 3626 2812 Surge

2033 2828 2174 2883 ergo,
2194 2815 2328 2880 sede,
2354 2825 2400 2869 et
2421 2821 2625 2873 comede
2653 2821 2716 2875 de
2743 2824 3005 2879 venatione
3027 2843 3156 2892 mea,
3181 2839 3235 2883 ut
3260 2830 3517 2885 benedicat
3546 2850 3625 2888 me

2034 2906 2205 2959 anima
2230 2916 2337 2963 tua.
2357 2908 2647 2966 Considera
2673 2913 2774 2979 hic,
2809 2916 3054 2985 obsecro,
3074 2929 3267 2989 quanta
3291 2938 3413 2976 cum
3438 2925 3625 2982 anxie-

2037 3002 2144 3051 tate
2163 2998 2324 3054 verba
2352 3000 2469 3055 lucc
2496 3002 2745 3072 loquutus
2770 3005 2840 3060 sit
2863 3006 3048 3062 Jacob.
3070 3009 3173 3077 Qui
3196 3012 3335 3067 enim
3360 3014 3623 3085 principio

2035 3084 2239 3143 dixerat
2264 3092 2423 3145 matri
2451 3109 2464 3146 :
2495 3092 2683 3149 Timeo
2714 3110 2782 3150 ne
2807 3096 3054 3152 inducam
3090 3114 3251 3170 super
3278 3118 3366 3158 me
3402 3084 3625 3161 maledi-

2034 3176 2283 3246 ctionem,
2323 3189 2378 3236 et
2427 3198 2532 3237 non
2590 3184 3055 3244 benedictionem:
3102 3206 3244 3248 nunc
3286 3195 3529 3264 expende
3570 3198 3622 3251 in

2033 3278 2233 3337 quanto
2255 3271 2446 3327 timore
2467 3275 2789 3331 constitutus
2821 3276 2999 3347 fuerit,
3024 3280 3114 3351 qui
3144 3290 3343 3339 tantam
3389 3284 3620 3340 fabulam

2033 3358 2253 3427 ageret?
2280 3359 2473 3415 Verum
2507 3364 2631 3433 quia
2680 3366 2818 3421 Deus
2848 3378 2964 3423 erat
2991 3370 3079 3439 qui
3125 3374 3513 3442 c00perabatur
3558 3376 3623 3431 iis

2032 3465 2152 3520 qua:
2181 3451 2398 3522 ﬁebant,
2428 3457 2605 3512 omnia
2634 3473 2796 3528 opere
2832 3472 2955 3516 sunt
2993 3463 3230 3535 impleta.
3262 3467 3398 3534 Quid
3439 3468 3619 3538 igitur,

2031 3543 2176 3598 dicet
2216 3546 2428 3616 aliquis,
2460 3560 2849 3619 cooperatusne
2876 3554 3017 3610 Deus
3046 3562 3131 3611 est
3170 3559 3487 3614 mendacio?
3532 3561 3623 3615 Di-

2031 3636 2187 3705 leete,
2218 3654 2287 3694 ne
2314 3640 2532 3712 indages
2576 3652 2783 3700 tantum
2808 3647 2946 3717 quod
2974 3648 3046 3715 ﬁt,
3079 3650 3171 3705 sed
3218 3652 3435 3708 attende
3459 3654 3619 3709 etiam

2031 3742 2272 3798 scopum,
2304 3740 2359 3785 et
2389 3733 2529 3802 quod
2579 3734 2629 3788 id
2660 3750 2768 3790 non
2810 3736 3011 3792 factum
3040 3740 3108 3794 sit
3140 3743 3444 3811 temporalis
3473 3757 3622 3797 com-

2031 3818 2176 3873 modi
2198 3820 2281 3875 vel
2307 3823 2542 3877 avaritiac
2567 3838 2748 3891 causa,
2779 3827 2873 3880 sed
2895 3829 3034 3898 quod
3076 3830 3163 3884 ille
3190 3832 3353 3900 patris
3396 3833 3622 3889 benedi—

2033 3912 2266 3968 ctionem
2295 3914 2394 3969 sibi
2424 3929 2735 3986 comparare
2766 3919 3002 3975 studeret
3036 3938 3050 3976 :
3089 3922 3289 3994 alioqui
3319 3925 3363 3979 si
3395 3926 3464 3979 ita
3493 3926 3621 3981 sim-

2034 4002 2242 4072 pliciter
2276 4021 2394 4077 quae
2446 4007 2577 4062 ﬁunt
2622 4011 3021 4067 examinalurus
3065 4028 3144 4081 es,
3192 4031 3365 4087 neque
3407 4033 3621 4089 semper

2033 4107 2252 4165 scopum
2283 4097 2534 4169 exquiras
2558 4140 2572 4165 ,
2618 4100 2740 4156 vide
2768 4117 2837 4158 ne
2866 4114 2920 4159 et
2947 4105 3307 4174 patriarcham
3335 4108 3427 4163 ﬁlii
3455 4110 3620 4166 inter-

2032 4185 2311 4255 fectorem,
2343 4197 2398 4243 et
2421 4189 2679 4246 Phineem
2718 4192 3039 4250 homicidam
3068 4188 3268 4252 dicas‘.
3299 4199 3496 4254 Verum
3523 4216 3619 4257 ne-

2031 4294 2137 4349 que
2165 4280 2433 4335 Abraham
2482 4283 2574 4338 lilii
2621 4285 2882 4340 homicida
2927 4286 3043 4355 fuit,
3073 4288 3165 4343 sed
3196 4298 3250 4344 et
3274 4290 3427 4346 valde
3453 4290 3502 4346 ei
3542 4292 3620 4347 af-

2034 4369 2202 4425 fectus
2226 4381 2373 4437 erat,
2404 4374 2448 4427 si
2480 4374 2598 4443 quis
2636 4376 2771 4431 alius
2798 4395 2811 4431 :
2858 4393 3030 4448 neque
3060 4379 3286 4436 Phinees
3330 4380 3616 4447 homicida,

2031 4462 2125 4517 sed
2154 4465 2270 4517 zelo
2302 4465 2509 4533 plenus.
2540 4466 2771 4537 Uterque
2800 4470 2942 4523 enim
2969 4471 3107 4540 quod
3139 4472 3247 4527 Deo
3270 4473 3614 4542 probabatur,

2030 4552 2278 4609 faciebat.
2309 4554 2665 4622 Quamobrem
2694 4558 2786 4613 ille
2820 4575 2914 4629 per
2933 4561 3310 4628 obedientiam,
3334 4565 3557 4619 multam
3586 4580 3617 4620 a

2034 4646 2145 4700 Deo
2188 4647 2670 4702 remunerationem
2726 4654 3048 4718 promeruit;
3099 4652 3185 4707 hic
3230 4669 3358 4707 vero
3398 4664 3618 4726 propter

2031 4739 2201 4794 zelum
2244 4741 2578 4810 pranlicatur.
2633 4742 2834 4797 Dicitur
2871 4744 3015 4798 enim
3045 4762 3058 4798 :
3088 4744 3234 4800 Stetit
3287 4745 3528 4814 Pltinees,
3573 4758 3618 4803 et

2031 4833 2249 4902 placavit
2275 4832 2445 4902 (Psal.
2480 4833 2603 4888 105.
2636 4834 2747 4904 50).
2793 4833 2848 4888 Si
2873 4833 3035 4903 igitur
3064 4834 3406 4891 homicidium
3433 4849 3488 4893 et
3516 4839 3618 4895 ﬁlii

2030 4923 2207 4979 credes
2254 4923 2586 4994 placuerunt,
2636 4924 2758 4995 quia
2807 4924 3100 4980 secundum
3152 4926 3246 4981 Dei
3296 4930 3616 4986 sententiam

2033 5013 2258 5081 ﬁebant,
2309 5029 2409 5070 nec
2460 5015 2783 5069 attendimus
2823 5015 2888 5070 ad
2926 5015 3095 5083 facta,
3141 5017 3233 5072 sed
3282 5019 3348 5075 ad
3398 5034 3617 5091 scopum

2031 5121 2217 5161 eorum
2243 5122 2363 5177 qua:
2392 5107 2732 5175 gerebantur,
2766 5117 2820 5163 et
2845 5107 2910 5163 ad
2939 5108 3268 5189 voluntatem
3310 5125 3496 5165 eorum
3524 5113 3615 5181 qui

2030 5197 2316 5253 fecerunt:
2366 5199 2534 5253 multo
2562 5200 2732 5270 magis
2759 5208 2814 5255 et
2861 5199 2948 5255 hic
2994 5201 3429 5272 perpendendum
3473 5202 3612 5258 istud

2031 5290 2209 5346 fuerit.

2101 5384 2155 5438 5.
2185 5384 2261 5438 Ne
2288 5384 2445 5454 igitur
2483 5384 2584 5440 hoc
2610 5386 2925 5454 considera,
2967 5387 3109 5457 quod
3151 5386 3281 5441 falsa
3323 5386 3520 5442 fuerint
3548 5404 3610 5444 ea

2028 5490 2147 5544 qua:
2173 5472 2481 5531 dicebantur
2505 5491 2535 5530 a
2563 5475 2780 5545 Jacobo,
2812 5476 2906 5533 sed
2935 5477 3062 5532 illud
3097 5477 3267 5547 cogita
3287 5518 3302 5545 ,
3344 5477 3611 5534 volentem

2093 5658 2109 5689 ί
2146 5661 2288 5725 Juxta
2306 5654 2581 5727 atorelzet'
2603 5654 2741 5727 Savil.
2789 5651 3151 5727 sie-legendum
3169 5660 3285 5727 lest,
3413 5661 3611 5727 scopum

2028 5718 2272 5786 exquiras,
2288 5714 2902 5786 jamtiltidicendum'erit
2944 5713 3273 5776 patriarcham
3308 5729 3409 5766 esse
3422 5713 3513 5779 ﬁlii
3533 5714 3609 5765 in-

2031 5776 2347 5842 terfectorem,
2363 5782 2411 5829 et
2438 5778 2657 5830 Phineem
2675 5776 2979 5828 trornicidam.
