4168 6264
524 351 629 406 ἇῦἹ

512 465 695 538 Βριιιιι
723 466 1120 538 praedictionem
1150 464 1356 537 impleri
1377 506 1393 533 ,
1420 466 1594 519 omnia
1609 474 1663 518 ut
1680 464 1757 520 sic
1778 464 1965 519 fierent
1988 463 2100 519 dis-

506 531 852 625 !pensavisse.
878 559 942 612 Et
964 568 1019 611 ut
1050 558 1188 612 scias
1206 557 1372 610 Deum
1402 556 1580 610 omnia
1601 554 1769 610 facilia
1787 554 2101 619 reddidisse,

525 649 685 702 etiam
707 663 768 704 ea
789 665 906 720 qua:
925 648 1154 703 dillicilia
1179 656 1363 702 erant:
1386 646 1505 702 vide
1522 646 1787 717 quomodo
1802 646 1977 715 justus
1998 660 2101 699 non

530 742 765 808 potuerit
794 741 1047 810 suspicari
1090 739 1328 795 fraudem
1351 780 1365 804 ,
1412 738 1506 793 sed
1547 753 1829 809 persuasus
1857 737 1923 792 sit
1950 736 2105 793 dictis

526 833 692 888 Jacob
710 874 724 899 ,
755 841 809 888 ct
823 848 941 887 eum
964 831 1137 888 edulia
1161 832 1260 886 ista
1281 831 1619 897 comedisset,
1644 829 2103 886 benedictionibus

527 937 649 977 eum
694 931 1015 977 remuneret.
1088 921 1157 976 Et
1202 936 1308 975 non
1357 920 1501 991 prius
1549 935 1578 973 a
1624 920 1902 974 venatione
1947 918 2106 973 rediit

528 991 705 1078 Esau,
747 1028 904 1083 quam
957 1012 1134 1067 omnia
1183 1020 1363 1067 essent
1409 1011 1623 1079 impleta
1652 1027 1667 1064 :
1695 1019 1753 1065 ut
1794 1025 1888 1079 per
1926 1009 2101 1063 omnia

526 1106 780 1171 sciamus,
818 1104 1089 1159 voluntate
1131 1104 1221 1159 Dei
1271 1104 1383 1158 bch
1421 1112 1566 1173 gesta
1606 1104 1789 1157 fuisse.
1827 1102 1910 1156 20.
1962 1101 2103 1154 Dixit

522 1203 714 1263 autem,
743 1195 941 1266 inquit,
984 1195 1136 1250 Isaac
1159 1210 1179 1250 :
1206 1194 1342 1262 Quid
1370 1196 1496 1261 hoc,
1534 1195 1669 1266 quod
1696 1203 1798 1247 tam
1827 1194 1925 1247 cito
1962 1193 2102 1246 inve-

523 1286 681 1355 nisti,
708 1286 786 1356 ﬁli
805 1287 830 1341 ?
867 1287 966 1341 Ille
998 1298 1166 1343 autem
1207 1288 1333 1343 dixit
1365 1303 1385 1342 .‘
1415 1287 1564 1355 Quod
1604 1287 1809 1341 tradidit
1858 1285 2105 1341 Dominus

528 1378 666 1433 Deus
690 1392 805 1433 tuus
830 1396 999 1434 coram
1027 1397 1123 1435 me.
1148 1379 1335 1435 Adhuc
1361 1381 1412 1435 in
1442 1381 1694 1448 angustiis
1718 1378 1892 1433 stabat
1918 1377 2102 1443 Jacob,

527 1470 923 1539 augebaturque
940 1470 1225 1540 plurimum
1248 1471 1410 1525 timor
1426 1470 1540 1541 ejus
1560 1488 1574 1525 :
1593 1486 1776 1525 verum
1797 1469 1910 1523 lucc
1927 1469 2103 1523 omnia

528 1571 813 1631 propterea
844 1561 975 1617 facta
1007 1571 1159 1628 sunt,
1193 1571 1252 1617 ut
1286 1562 1549 1617 discamus
1577 1561 1736 1617 rebus
1766 1560 1892 1630 ipsis
1921 1559 2103 1614 Domi-

531 1667 658 1704 num
704 1668 806 1705 non
837 1652 1148 1721 simpliciter
1191 1666 1339 1706 suam
1386 1650 1658 1705 declarare
1698 1648 2103 1703 sollicitudinem

529 1749 584 1795 ct
631 1741 1053 1810 providentiam,
1098 1741 1197 1797 nisi
1238 1740 1425 1796 viderit
1473 1751 1525 1796 et
1565 1748 1800 1795 nostrum
1852 1738 2105 1794 accedere

529 1829 811 1886 fervorem.
859 1831 936 1888 Ne
975 1831 1116 1887 enim
1162 1841 1445 1901 prattcrcas
1476 1830 1649 1886 obiter
1677 1830 1814 1886 hunc
1842 1844 2063 1899 agonem
2085 1870 2101 1896 ,

527 1920 748 1986 dilecte,
782 1922 873 1976 sed
901 1921 1205 1977 consideres
1232 1924 1300 1977 de
1326 1937 1500 1977 rerum
1533 1936 1737 1977 summa
1769 1920 1931 1975 fuisse
1960 1918 2101 1989 peri-

528 2011 706 2065 culum
733 2027 997 2082 :cumque
1024 2015 1213 2067 timore
1238 2028 1301 2068 ac
1329 2020 1561 2067 tremore
1588 2012 1798 2081 plenum
1830 2011 2011 2080 fuisse,
2038 2025 2105 2066 ne

530 2112 747 2172 propter
793 2103 1215 2158 benedictionem
1258 2103 1409 2159 fieret
1437 2104 1580 2159 omni
1622 2101 1976 2158 maledictioni
2004 2101 2103 2157 ob-

531 2194 740 2250 noxius.
783 2192 985 2250 Deinde
1012 2195 1218 2266 inquit,
1245 2194 1337 2251 2!.
1366 2194 1508 2249 Dixit
1535 2193 1686 2249 Isaac
1705 2193 2105 2264 :Appropinqua

528 2288 672 2354 mihi,
712 2296 762 2343 et
788 2288 1103 2342 contrectabo
1141 2296 1219 2355 te,
1256 2288 1364 2356 ﬁli,
1404 2304 1471 2341 an
1516 2288 1585 2342 sis
1612 2286 1749 2355 filius
1776 2303 1915 2342 meus
1938 2284 2100 2354 Esaii,

528 2376 606 2430 rel
631 2393 750 2431 non.
782 2376 990 2432 Etenim
1013 2377 1084 2433 ob
1104 2392 1287 2433 vocem
1310 2378 1579 2446 paululum
1600 2377 1872 2433 dubitabat
1892 2377 2064 2446 justus
2087 2395 2102 2433 :

531 2466 624 2521 sed
647 2466 767 2535 quia
783 2466 1107 2537 dispensatio
1129 2467 1395 2537 implenda
1418 2477 1555 2533 erat,
1579 2482 1683 2523 non
1707 2468 1945 2538 permisit
1967 2468 2105 2524 Dens

532 2566 593 2612 ut
638 2557 792 2613 dolus
832 2559 1138 2615 sentiretur.
1190 2559 1281 2613 22.
1330 2559 1761 2631 Appropinquavit
1804 2568 2007 2627 autem,
2059 2567 2105 2613 et

531 2649 853 2703 contrectauit
875 2666 1010 2715 eum,
1041 2659 1087 2703 et
1117 2649 1281 2704 dixit:
1308 2648 1420 2704 Vox
1446 2648 1645 2719 quidem
1668 2666 1763 2704 uox
1784 2649 1965 2716 Jacob,
1994 2666 2104 2702 nta-

532 2756 624 2793 nus
648 2748 813 2793 autem
834 2757 1009 2794 manus
1034 2734 1174 2794 Esau
1198 2756 1215 2794 :
1235 2750 1280 2793 et
1306 2758 1405 2794 non
1431 2741 1632 2811 agnovit
1660 2756 1790 2794 eum.
1819 2737 1951 2795 Vide
1976 2754 2107 2811 quo-

533 2831 692 2885 modo
731 2833 976 2887 ostendat
1021 2842 1186 2887 totum
1230 2850 1258 2886 a
1307 2832 1398 2888 Dei
1448 2834 1615 2903 gratia
1669 2847 1915 2888 manasse
1943 2850 1957 2886 :
1985 2847 2104 2901 quas

528 2921 797 2976 efficiebat
819 2962 834 2986 ,
875 2930 933 2976 ut
961 2923 1073 2993 ipse
1104 2922 1232 2977 nihil
1258 2921 1448 2978 borum
1475 2929 1815 2993 agnosceret,
1850 2932 1905 2979 et
1940 2921 2104 2979 Jacob

532 3022 747 3082 paterna
779 3013 1042 3069 frueretur
1078 3014 1464 3071 benedictione.
1498 3014 1562 3068 Et
1594 3032 1691 3069 non
1721 3014 1924 3086 agnovit
1950 3030 2096 3080 eum,

529 3103 724 3172 inquit;
762 3114 903 3158 erant
928 3106 1061 3159 enim
1098 3123 1275 3160 manus
1304 3106 1411 3175 ejus
1453 3106 1579 3160 sicut
1608 3122 1785 3160 manus
1826 3103 1985 3160 Esau.
2009 3105 2098 3160 24.

529 3192 596 3245 Et
626 3195 772 3259 dixit,
805 3194 943 3251 Tune
965 3211 1018 3250 es
1045 3197 1182 3265 filius
1212 3214 1349 3251 meus
1374 3196 1546 3251 Esau?
1565 3196 1694 3252 Vide
1722 3196 1933 3262 iterum,
1964 3214 2102 3268 quo-

530 3286 691 3340 modo
706 3287 931 3341 ostendit
948 3287 1123 3342 divina
1135 3289 1425 3358 Scriptura,
1446 3288 1585 3360 quod
1607 3289 1896 3345 dubitasset
1906 3289 2099 3359 justus.

531 3374 674 3429 Dia‘it
700 3377 839 3430 enim
860 3420 875 3443 ,
922 3378 1123 3447 inquit,
1158 3378 1296 3433 Num
1325 3389 1379 3434 tu
1414 3396 1466 3434 es
1509 3380 1646 3449 ﬁlius
1673 3396 1812 3434 meus
1841 3379 2019 3434 Esau?
2046 3390 2104 3435 ut

527 3481 593 3519 cx
619 3481 685 3521 eo
708 3482 917 3536 quoque
941 3469 1169 3523 sciamus
1190 3510 1205 3533 ,
1251 3479 1454 3539 patrem
1481 3470 1673 3525 victum
1710 3471 1933 3525 naturali
1968 3472 2100 3526 aii'e-

527 3557 702 3611 ctione
727 3562 901 3611 omnia
925 3559 1113 3615 fecisse
1136 3580 1148 3614 :
1176 3561 1343 3615 Deum
1371 3571 1569 3626 autem,
1592 3562 1680 3632 qui
1711 3560 1882 3617 futura
1910 3561 2100 3633 prtcvi-

530 3647 650 3712 det,
696 3658 750 3703 et
798 3648 1047 3703 virtutum
1086 3660 1205 3706 nota
1245 3666 1431 3707 servos
1471 3666 1598 3708 suos
1635 3651 1887 3723 insignire
1927 3651 2099 3721 solet,

527 3739 702 3792 omnia
728 3739 869 3795 hunc
895 3741 947 3795 in
974 3743 1188 3797 modum
1216 3742 1627 3813 dispensavisse.
1652 3744 1719 3799 Et
1747 3743 1880 3799 dixit
1905 3742 2096 3799 Iacob:

526 3827 661 3900 Ego.
701 3830 984 3901 Postquam
1031 3834 1171 3889 enim
1216 3834 1379 3902 dixit,
1416 3834 1556 3889 Nunt
1599 3845 1651 3889 tu
1693 3852 1744 3890 es
1788 3834 1926 3890 Esau
1964 3837 2100 3905 ﬁlius

525 3920 701 3974 meus?
724 3931 777 3976 et
796 3922 946 3987 dixit,
974 3920 1081 3995 Ego
1100 3942 1117 3979 :
1136 3924 1285 3991 dixit,
1315 3925 1404 3980 25.
1434 3925 1575 3993 A/I'er
1600 3927 1742 3990 mihi,
1773 3937 1819 3981 et
1843 3928 2101 3982 comedam

525 4012 589 4065 de
628 4014 883 4068 uenatione
911 4025 996 4068 tua
1018 4058 1033 4083 ,
1077 4017 1175 4086 ﬁli,
1206 4026 1260 4071 ut
1293 4018 1549 4072 benedicat
1578 4029 1624 4073 te
1647 4021 1817 4073 anima
1842 4036 1951 4073 mea
1975 4035 1992 4073 :
2012 4020 2098 4074 vix

524 4104 733 4158 tandem
760 4120 789 4159 a
814 4121 937 4161 cura
966 4109 1189 4163 solvitur
1212 4110 1406 4177 Jacob,
1446 4122 1492 4163 et
1533 4112 1702 4165 attulit
1731 4114 1859 4182 patri
1891 4113 2058 4167 edulia
2078 4152 2099 4182 ,

521 4197 785 4265 attulitque
812 4199 977 4251 vinum
997 4241 1013 4266 ,
1054 4208 1100 4253 et
1143 4200 1281 4255 bibit.
1312 4200 1400 4255 26.
1430 4202 1497 4254 Et
1540 4203 1669 4255 dixit
1694 4204 1739 4255 ei
1768 4219 1788 4256 :
1816 4204 2007 4258 Accede
2032 4206 2101 4259 ad

523 4301 632 4350 me,
659 4295 705 4339 et
734 4286 962 4342 osculare
988 4305 1067 4343 me
1085 4331 1101 4356 ,
1135 4291 1232 4358 ﬁli.
1271 4290 1362 4346 27.
1391 4291 1455 4345 Et
1477 4292 1717 4346 accedens
1744 4294 1994 4349 osculatus
2027 4303 2099 4349 est

520 4392 671 4443 eum;
718 4387 763 4431 et
809 4378 1048 4436 odoratus
1087 4391 1159 4436 est
1200 4382 1403 4436 odorem
1450 4383 1847 4438 vestimentorum
1876 4386 2017 4453 eius,
2051 4396 2099 4441 et

522 4467 769 4522 benedixit
795 4484 907 4523 eum
924 4512 939 4537 ,
966 4486 1026 4524 ac
1054 4472 1200 4526 dixit.
1230 4472 1360 4527 Vide
1386 4473 1576 4529 divina:
1602 4475 1884 4545 Scriptura:
1915 4476 2099 4533 obser-

518 4558 806 4613 vationem.
837 4558 1119 4632 Postquam
1149 4562 1526 4633 interrogavit,
1560 4563 1700 4619 Num
1743 4575 1796 4620 tu
1836 4583 1887 4622 es
1916 4567 2053 4621 Esau
2073 4568 2099 4621 .’

517 4658 570 4704 ct
598 4648 749 4715 dixit,
778 4649 889 4723 Ego
911 4668 931 4706 :
950 4652 1143 4709 iterum
1170 4657 1519 4710 contrectavit
1542 4671 1689 4725 eum,
1712 4666 1766 4712 et
1789 4657 2097 4712 subdubita-

514 4739 628 4805 bat,
658 4757 777 4796 cum
805 4756 869 4798 ex
895 4758 1027 4799 voce
1045 4760 1181 4815 pene
1202 4745 1593 4801 simulationem
1622 4746 2091 4817 deprehendisset:

511 4840 567 4886 et
595 4831 788 4886 iterum
832 4833 1208 4906 interrogavit,
1254 4835 1395 4891 Num
1422 4846 1475 4890 tu
1501 4853 1553 4892 es
1580 4838 1718 4905 [ilius
1747 4854 1883 4893 meus
1918 4837 2099 4895 Esau?

513 4930 571 4976 et
597 4921 748 4987 dixit,
774 4922 993 4994 Ego:et
1020 4935 1203 4995 postea
1243 4928 1417 4983 attulit
1446 4927 1493 4983 ei
1514 4970 1530 4995 ,
1561 4937 1616 4983 et
1642 4928 1873 4984 comedit
1897 4948 1911 4984 :
1934 4939 2090 4999 tunc,

507 5012 718 5082 inquit,
769 5013 1039 5071 Osculatus
1082 5029 1153 5073 est
1190 5037 1326 5089 eum,
1353 5030 1399 5075 et
1449 5021 1694 5076 benedixit
1737 5038 1870 5077 eum.
1912 5022 1980 5079 Ut
2026 5037 2092 5078 ne

512 5103 637 5171 quis
660 5104 906 5172 opinetur
928 5121 1048 5160 eum
1080 5109 1131 5162 in
1164 5124 1444 5179 personam
1486 5112 1624 5166 Esau
1666 5112 2087 5168 benedictionem

507 5196 734 5263 fecisse,
765 5197 858 5252 sed
903 5196 957 5253 in
1003 5199 1151 5254 illum
1187 5219 1342 5272 quem
1378 5205 1645 5260 osculatus
1670 5214 1752 5260 est
1774 5224 1787 5260 :
1809 5215 2086 5277 propterea

506 5300 895 5344 commemorat
914 5290 1089 5346 divina
1120 5292 1407 5363 Scriptura,
1441 5295 1582 5365 quod
1611 5296 1880 5352 osculatus
1905 5308 2005 5361 est,
2035 5306 2089 5352 et

506 5381 779 5436 benedixit
825 5382 1004 5451 illum,
1049 5397 1208 5453 quem
1260 5387 1528 5441 osculatus
1572 5395 1673 5443 est.
1722 5386 1975 5442 Odoratus
2016 5398 2088 5442 est

504 5474 635 5526 enim
663 5474 866 5527 adorent
903 5475 1305 5530 uestimentorum
1349 5479 1457 5549 ejus
1498 5487 1545 5532 et
1586 5477 1834 5532 benedixit
1867 5494 2013 5542 eum,
2042 5488 2087 5531 et

498 5564 577 5616 dia
589 5565 625 5617 it
654 5581 673 5617 :
702 5563 832 5618 Ecce
857 5566 985 5620 odor
1007 5566 1103 5636 ﬁlii
1125 5567 1221 5620 mei
1242 5609 1256 5633 ,
1294 5568 1419 5621 sicut
1456 5567 1582 5622 odor
1608 5569 1721 5641 agri
1748 5568 1915 5638 pleni,
1941 5585 2086 5637 quem

497 5655 751 5711 benedixit
778 5657 1046 5714 Dominus.
1068 5660 1158 5715 28.
1195 5660 1257 5715 Et
1286 5660 1423 5715 dabit
1443 5662 1531 5715 tibi
1563 5660 1695 5717 Deus
1720 5663 1782 5715 de
1812 5678 1925 5715 rore
1950 5663 2081 5728 recti,

500 5755 545 5797 et
573 5746 635 5797 de
658 5747 957 5816 pinguedine
982 5761 1149 5817 term,
1177 5763 1222 5805 et
1248 5752 1615 5808 multitudinem
1633 5753 1870 5824 frumenti
1890 5761 1938 5808 et
1959 5754 2077 5808 vini.

1246 349 1304 407 S.
1342 349 1616 407 JOANNIS
1650 345 2117 406 CHRYSOSTOMI
2156 346 2474 405 ARCHIEP.
2514 343 3051 411 CONSTANTINOP.

3696 356 3807 414 468

2217 462 2349 530 Det,
2380 463 2586 533 inquit,
2617 464 2875 520 Dominus
2896 465 3037 521 Deus
3062 464 3194 533 tibi,
3218 465 3309 536 qui
3335 462 3509 522 edulia
3538 469 3760 525 attulisti
3780 514 3801 539 ,

2211 555 2298 623 qui
2340 570 2371 609 a
2420 571 2505 611 me
2537 557 2776 612 osculum
2824 557 3200 627 accepistizEt
3240 560 3458 614 serviant
3492 562 3579 615 tibi
3603 575 3797 633 gentes.

2216 644 2349 700 Vide
2389 647 2659 716 quomodo
2704 650 3125 703 necessariorum
3168 650 3375 720 copiam
3409 652 3506 722 ipsi
3553 665 3800 724 precatus

2215 738 2321 804 sit,
2350 738 2543 794 deinde
2570 740 2919 810 principatum
2945 740 3180 811 gentium
3203 782 3220 809 ,
3255 742 3551 813 pra'dicens
3578 755 3632 801 et
3652 746 3797 802 futu-

2209 845 2322 885 ram
2350 830 2465 904 ejus
2492 833 2896 903 prosperitatem
2917 841 3175 888 eteorum
3202 834 3289 904 qui
3320 835 3388 889 ab
3417 851 3481 890 eo
3505 848 3797 894 nascuntur

2211 920 2614 976 incrementum.
2647 921 2715 976 Et
2739 925 2950 977 adorent
2989 932 3038 978 te
3072 924 3340 995 principes.
3384 922 3501 981 Non
3547 942 3716 984 suum
3743 932 3795 985 ei

2210 1020 2529 1080 apprecatur
2555 1014 2789 1083 gentium
2827 1014 3209 1084 subiectionem
3230 1056 3243 1079 ,
3276 1016 3369 1071 sed
3408 1019 3565 1073 etiam
3592 1020 3792 1088 princi-

2212 1116 2359 1170 pum.
2391 1100 2456 1155 Et
2482 1103 2553 1157 sis
2578 1105 2809 1159 dominus
2840 1104 3016 1173 fratris
3045 1106 3136 1159 tui.
3166 1104 3300 1161 Vide
3335 1108 3601 1176 quomodo
3624 1111 3795 1165 servit

2204 1192 2400 1262 justus,
2429 1195 2588 1250 ctiam
2632 1196 2918 1265 ignorans,
2970 1196 3062 1250 Dei
3102 1197 3383 1252 voluntati.
3424 1198 3609 1255 Onmia
3648 1202 3790 1255 enim

2213 1284 2327 1339 lucc
2352 1292 2570 1354 propter
2597 1285 2699 1341 hoc
2723 1284 3170 1355 dispensabantur
3192 1328 3207 1352 ,
3236 1296 3294 1341 ut
3322 1286 3408 1341 hic
3433 1297 3651 1357 propter
3679 1291 3789 1345 vir-

2210 1382 2376 1429 tutem
2406 1375 2597 1446 dignus
2617 1415 2632 1441 ,
2663 1377 2883 1445 recipiat
2922 1376 3365 1432 benedictionem.
3411 1377 3478 1431 Et
3510 1380 3792 1434 adorabunt

2209 1475 2258 1521 te
2296 1467 2392 1537 ﬁlii
2433 1468 2592 1538 patris
2629 1470 2721 1522 tui.
2762 1469 2928 1523 Filios
2967 1470 3243 1525 consuevit
3287 1469 3561 1540 Scriptura
3598 1486 3792 1528 vocare

2209 1571 2423 1612 omnem
2453 1560 2849 1628 generationem
2875 1575 2889 1612 :
2915 1560 3051 1614 sicut
3076 1568 3128 1614 et
3154 1559 3239 1614 hic
3263 1600 3277 1624 ,
3324 1560 3460 1615 filios
3486 1562 3649 1630 patris
3676 1564 3745 1616 tui
3772 1583 3788 1619 :

2208 1662 2273 1702 ac
2300 1649 2343 1702 si
2373 1649 2492 1719 quis
2511 1648 2715 1704 diceret
2734 1664 2825 1704 eos
2847 1650 2935 1720 qui
2956 1665 3022 1705 ex
3043 1651 3247 1706 semine
3274 1650 3417 1706 Esau
3437 1652 3594 1707 futuri
3615 1665 3788 1710 erant.

2210 1736 2327 1791 Non
2355 1738 2496 1792 enim
2524 1737 2658 1794 alios
2697 1738 2835 1793 filios
2868 1738 3054 1795 habuit
3098 1739 3275 1806 Isaac,
3312 1755 3468 1811 quam
3514 1742 3613 1797 bos
3654 1745 3791 1798 duos

2209 1828 2379 1882 solos.
2406 1826 2506 1895 Qui
2547 1829 2800 1883 maledicit
2839 1838 2917 1896 te,
2955 1830 3019 1885 sit
3054 1830 3348 1885 maledictus
3369 1848 3389 1886 :
3417 1834 3506 1902 qui
3548 1835 3792 1889 benedicit

2210 1925 2276 1983 te,
2309 1917 2372 1972 sit
2400 1917 2703 1972 benedictus.
2733 1918 2873 1975 Ecce
2896 1920 3203 1975 coronidem
3228 1918 3635 1989 benedictionis,
3663 1939 3792 1979 ecce

2210 2021 2472 2063 summam
2502 2009 2737 2065 omnium
2758 2010 3038 2077 bonorum,
3071 2026 3191 2067 esse
3215 2011 3573 2069 benedictum.
3603 2015 3789 2072 Vidisti

2213 2099 2305 2154 Dei
2332 2099 2710 2156 clementiam?
2747 2100 2847 2169 Qui
2876 2101 3124 2157 timuerat
3150 2117 3218 2157 ne
3244 2104 3671 2161 maledictionem
3700 2121 3795 2161 ac-

2209 2189 2411 2261 ciperet
2434 2207 2532 2261 pro
2555 2191 2944 2258 benedictione,
2973 2207 3077 2248 non
3106 2193 3280 2248 solum
3304 2208 3422 2249 eum
3451 2204 3593 2250 tanta
3626 2197 3791 2267 largi-

2212 2289 2318 2335 tate
2339 2279 2736 2337 bencdictiones
2753 2296 2784 2337 a
2806 2292 2953 2351 patre
2975 2291 3210 2351 reportat
3232 2300 3246 2337 :
3264 2283 3359 2339 sed
3380 2293 3433 2339 et
3460 2284 3534 2339 illi
3563 2286 3786 2341 utaledi-

2208 2380 2419 2436 cuntur,
2442 2372 2530 2440 qui
2551 2379 2814 2427 attentarit
2839 2386 2961 2428 eum
2984 2372 3323 2429 maledicere.
3344 2374 3480 2430 Hine
3500 2376 3789 2445 discamus,

2208 2460 2349 2529 quod
2376 2461 2587 2530 quando
2612 2463 2732 2533 quis
2767 2461 3059 2518 secundum
3087 2463 3411 2521 voluntatem
3438 2467 3530 2523 Dei
3552 2483 3645 2523 sua
3672 2469 3783 2523 dis-

2211 2565 2434 2620 pensare
2475 2552 2617 2618 vult,
2666 2561 2812 2608 tanto
2841 2568 3072 2624 superno
3131 2554 3368 2611 subsidio
3392 2555 3699 2627 adjuvatur,
3730 2568 3789 2614 ut

2210 2641 2312 2697 hoc
2344 2642 2501 2711 plane
2533 2644 2707 2715 reipsa
2734 2646 3058 2715 experiatur.
3087 2644 3218 2713 Quis
3247 2646 3388 2701 enim
3419 2663 3525 2703 non
3553 2648 3786 2705 admire-

2211 2739 2296 2785 tur
2335 2739 2391 2787 et
2429 2733 2770 2803 Obstupescat
2810 2736 2903 2791 Dei
2948 2735 3266 2792 ineffabilem
3315 2737 3787 2808 dispensationem,

2208 2822 2348 2891 quod
2386 2838 2490 2879 non
2530 2823 2677 2894 prius
2710 2825 2853 2881 Esau
2881 2829 2949 2882 de
2978 2828 3258 2884 venatione
3292 2828 3599 2899 advenerit,
3629 2847 3786 2903 quam

2207 2915 2506 2971 solveretur
2529 2915 2723 2973 fabula:
2752 2918 2892 2974 illius
2919 2929 3287 2990 argumentum
3309 2963 3324 2989 ,
3368 2931 3421 2977 et
3459 2924 3669 2994 quando
3698 2925 3791 2979 ille

2207 3015 2420 3077 accepta
2446 3007 2814 3065 benedictione
2840 3024 2869 3064 a
2898 3020 3048 3079 patre
3069 3012 3354 3070 discessit?
3377 3014 3490 3072 Hoc
3514 3014 3657 3069 enim
3688 3030 3787 3070 nos

2206 3095 2399 3154 docere
2420 3099 2607 3156 volens
2631 3099 2819 3155 beatus
2846 3101 3019 3157 Moses
3049 3104 3264 3175 adjicit:
3285 3107 3374 3162 '50.
3401 3106 3474 3161 Et
3499 3111 3689 3178 factum
3714 3117 3788 3161 est

2207 3198 2470 3259 postquam
2493 3190 2701 3245 cessauit
2732 3190 2880 3246 Isaac
2909 3191 3197 3249 benedicere
3218 3194 3377 3252 Jacob
3408 3198 3569 3265 [ilium
3597 3213 3743 3252 suum
3764 3212 3787 3251 :

2205 3290 2252 3335 et
2282 3281 2471 3350 factum
2508 3292 2581 3336 est
2620 3284 2825 3353 quando
2850 3286 2999 3339 exivit
3024 3284 3183 3341 Iacob
3224 3306 3257 3342 a
3294 3290 3425 3360 facie
3450 3289 3601 3344 Isaac
3626 3288 3786 3361 patris

2204 3371 2303 3437 sui,
2332 3387 2445 3426 ecce
2470 3370 2610 3427 Εεαᾶ
2637 3377 2796 3444 frater
2820 3391 2943 3429 suus
2969 3378 3101 3430 venit
3122 3377 3186 3432 de
3204 3380 3481 3434 venatione.

2274 3459 2330 3514 4.
2361 3460 2616 3529 Quidquid
2644 3472 2901 3531 peractum
2929 3465 2994 3518 sit
3012 3507 3027 3531 ,
3056 3477 3166 3537 post
3191 3469 3458 3523 adventum
3482 3468 3639 3539 Esau,
3665 3487 3785 3523 nar-

2204 3561 2284 3604 rat
2339 3554 2721 3609 commentando
2774 3555 3191 3627 Chrysostomus;
3237 3561 3593 3617 benedictionis
3644 3562 3788 3617 Esau

2204 3643 2471 3713 explicatio
2517 3660 2777 3701 nutrierunt
2817 3649 3027 3703 claudit.
3059 3680 3133 3691 —
3169 3651 3301 3707 Vide
3347 3655 3615 3723 quomodo
3667 3663 3787 3724 post

2204 3733 2347 3789 illius
2379 3735 2585 3791 exitum
2621 3737 2756 3793 alter
2792 3741 2968 3794 statim
3008 3739 3245 3798 advenit.
3288 3744 3404 3799 Non
3446 3746 3546 3800 hoc
3584 3745 3786 3816 absque

2203 3834 2362 3876 causa
2386 3820 2469 3876 vel
2510 3829 2709 3879 temere
2746 3822 2961 3889 factum,
2986 3826 3078 3880 sed
3109 3837 3165 3883 ut
3195 3830 3443 3899 ignorans
3482 3830 3696 3886 aﬂ‘crret
3730 3841 3785 3885 et

2206 3911 2320 3981 ipse
2340 3912 2537 3982 edulia,
2563 3924 2617 3971 et
2640 3930 2669 3969 a
2702 3925 2849 3985 patre
2876 3917 3175 3973 addiscerct
3214 3936 3327 3975 rem
3368 3930 3531 3975 totum
3570 3930 3632 3977 ut
3666 3931 3781 3977 acta

2205 4014 2341 4059 erat.
2372 4005 2504 4061 Nam
2532 4006 2576 4060 si
2603 4007 2655 4061 in
2686 4007 2903 4065 fratrem
2932 4008 3225 4078 incidisset,
3258 4011 3477 4067 forsitan
3512 4021 3567 4067 et
3610 4013 3780 4082 ipsum

2204 4095 2579 4162 interemisset,
2611 4097 2781 4154 victus
2809 4100 2883 4153 ira
2913 4117 2927 4153 :
2956 4099 3046 4170 qui
3074 4101 3216 4156 enim
3248 4102 3348 4156 boc
3369 4111 3551 4171 postea
3580 4102 3783 4157 delibe-

2204 4189 2358 4255 ravit,
2384 4189 2553 4244 multo
2577 4191 2745 4261 magis
2771 4191 2896 4246 dum
2923 4202 3171 4262 ageretur
3199 4196 3490 4264 negotium,
3521 4195 3571 4249 id
3599 4204 3777 4250 atten-

2204 4288 2387 4335 tasset.
2413 4280 2518 4336 Sed
2549 4295 2740 4337 manus
2780 4282 2873 4337 Dei
2913 4292 3048 4350 erat,
3086 4298 3204 4353 quae
3236 4299 3455 4353 puerum
3488 4284 3732 4339 servabat
3761 4303 3775 4340 :

2203 4379 2256 4425 et
2303 4370 2444 4426 hunc
2492 4370 2705 4442 quidem
2760 4371 2975 4443 dignum
3022 4373 3394 4431 benedictione
3444 4374 3657 4442 effecit,
3712 4376 3777 4430 il-

2204 4462 2310 4516 lum
2364 4471 2542 4519 autem
2559 4477 2615 4524 et
2640 4467 3014 4525 benedictione
3029 4467 3261 4538 privavit
3278 4479 3332 4524 et
3347 4468 3775 4538 primogenitum.

2201 4555 2291 4610 5i.
2340 4554 2408 4611 Ut
2454 4566 2621 4613 autem
2665 4557 2883 4624 aduenit,
2934 4558 3123 4630 inquit,
3172 4561 3287 4631 fecit
3333 4570 3380 4614 et
3429 4560 3539 4631 ipse
3583 4560 3775 4627 etlulia,

2201 4657 2248 4702 et
2287 4649 2453 4701 attulit
2492 4651 2625 4715 patri
2663 4666 2777 4717 suo,
2817 4660 2865 4705 et
2903 4651 3077 4705 dixit:
3103 4652 3294 4721 Surget
3332 4660 3478 4721 pater
3512 4667 3688 4718 meus,
3732 4660 3781 4705 et

2201 4740 2424 4793 comedat
2456 4742 2519 4794 de
2560 4743 2821 4795 venatione
2842 4743 2939 4810 filii
2974 4744 3071 4808 sui,
3105 4753 3158 4794 ut
3194 4742 3455 4797 benedicat
3493 4758 3572 4797 me
3606 4744 3780 4796 atu'rua

2199 4842 2305 4886 tua.
2334 4832 2483 4897 Vide,
2500 4833 2744 4901 obsecro,
2768 4833 2956 4888 iterum
2970 4833 3170 4901 justum
3193 4833 3509 4902 perturbari,
3526 4842 3580 4888 et
3601 4842 3779 4887 urente

2197 4925 2445 4980 cruciari.
2486 4923 2619 4978 Nam
2664 4933 2721 4979 ut
2757 4925 2977 4991 audivit,
3001 4926 3089 4981 32.
3120 4924 3265 4980 Dixit
3296 4942 3309 4979 :
3338 4924 3534 4993 Quises
3557 4925 3651 4979 tu?
3680 4924 3781 4979 Ille

2197 5026 2365 5070 autent
2403 5016 2530 5069 dixit
2559 5031 2579 5069 :
2608 5014 2718 5084 Ego
2745 5032 2858 5069 sunt
2898 5016 3035 5085 [ilius
3069 5026 3185 5071 tuus
3223 5016 3583 5087 primogenitus
3611 5013 3774 5070 Esau.

2198 5106 2328 5162 Vide
2352 5105 2619 5175 quomodo
2646 5106 2874 5174 superbe
2901 5121 2961 5161 se
2987 5114 3137 5175 gerat
3163 5106 3213 5159 in
3241 5121 3300 5161 re
3330 5106 3576 5175 praesenti
3615 5122 3631 5160 :
3670 5118 3778 5159 ιιοιι

2194 5199 2325 5254 satis
2345 5197 2442 5268 ipsi
2476 5195 2574 5251 fuit
2597 5195 2797 5261 dicere,
2822 5196 2935 5267 Ego
2960 5213 3071 5251 sunt
3096 5196 3235 5251 Esau
3256 5212 3276 5252 :
3295 5196 3389 5253 sed
3405 5193 3626 5259 addidit,
3659 5193 3780 5247 Pri-

2195 5291 2494 5362 mogenitus.
2543 5290 2632 5345 55.
2681 5288 2950 5359 Obstupuit
2986 5299 3156 5343 autem
3190 5287 3340 5344 Isaac
3380 5297 3586 5358 stupore
3626 5288 3778 5340 uehe-

2194 5381 2369 5446 menti,
2390 5390 2440 5434 et
2466 5380 2593 5434 dixit
2613 5394 2636 5434 :
2654 5378 2779 5445 Quis
2804 5380 2958 5449 igitur
2985 5389 3190 5433 venatus
3210 5387 3281 5433 est
3300 5377 3426 5431 mihi
3446 5375 3773 5439 certationem,

2191 5481 2240 5526 et
2265 5470 2435 5525 attulit
2460 5470 2606 5536 mihi,
2634 5478 2680 5525 et
2704 5469 2899 5523 comedi
2923 5469 2987 5524 de
3016 5469 3245 5523 omnibus
3270 5477 3540 5536 antequam
3561 5474 3615 5518 tu
3634 5465 3775 5518 ueni-

2190 5582 2271 5620 res
2301 5583 2316 5621 :
2344 5574 2390 5619 et
2419 5564 2647 5619 benedixi
2676 5580 2810 5627 eum,
2837 5572 2885 5617 et
2909 5563 2973 5617 sit
2993 5561 3317 5617 benedictus?
3346 5559 3477 5615 Vide
3506 5555 3777 5628 quomodo

2193 5660 2245 5715 in
2274 5658 2622 5730 perplexitate
2655 5656 2974 5711 constitutus
3007 5656 3203 5723 justus,
3225 5662 3281 5709 et
3305 5666 3526 5708 narrans
3549 5648 3773 5711 factum,

2197 5749 2400 5807 addidit
2437 5759 2612 5813 tamen
2649 5749 2878 5818 graviter
2917 5746 3057 5802 illius
3095 5745 3328 5802 animum
3354 5743 3675 5800 vulnerans:
3704 5735 3773 5793 Et
