4168 6264
545 372 653 432 169

546 485 770 561 καιρίαν
799 485 991 557 ἐκείνῳ
1011 485 1184 549 διδοὺς
1204 485 1304 558 τὴν
1333 484 1568 555 πληγὴν,
1589 483 1668 548 τδ,
1699 483 1806 538 Καὶ
1829 483 2130 552 εὐλόγηκα

545 571 756 634 αὐτὸν,
787 571 886 624 καί
923 568 1329 638 εὐλογημένος
1355 567 1534 620 ἔστω.
1571 566 1740 620 Τοῦτο
1777 567 1834 620 δέ
1881 567 2054 620 ἐποίει
2103 567 2132 618 6

547 652 758 716 δίκαιος
803 653 904 722 τῆς
942 649 1035 706 τοῦ
1082 649 1218 704 Θεοῦ
1269 649 1464 718 σοφίας
1500 648 1800 719 ὁδηγούσης
1829 647 1993 702 αὑτοῦ
2033 649 2131 719 τὴν

549 735 815 804 γλῶτταν,
858 735 944 787 ἵνα
986 735 1163 788 πάντα
1207 733 1346 803 μετὰ
1392 732 1677 805 ἀκριϐείας
1711 733 1918 797 ἐκεῖνος
1947 731 2132 803 μαθὼν

549 817 746 870 εἰδέναι
772 817 892 888 ἔχῃ,
917 816 994 880 ὼς
1011 815 1164 871 οὐδὲν
1195 816 1344 889 αὑτῷ
1372 817 1532 870 πλέον
1555 816 1708 870 ἐσται
1737 814 1860 868 οὑτε
1891 816 1998 870 ἀπὸ
2023 816 2131 870 τῶν

550 898 933 970 πρωτοτοκίων
965 911 1014 962 ι,
1052 897 1174 952 οὔτε
1204 899 1312 952 ἀπὸ
1349 899 1448 970 τῆς
1481 898 1674 971 θήρας.
1723 899 2006 965 Ἀκούσας
2039 899 2129 963 δὲ,

549 981 734 1050 φησὶν,
776 980 958 1034 Ἡσαῦ
1009 981 1304 1050 ἀνεϐόησε
1338 979 1548 1052 φωνὴν
1593 980 1870 1050 μεγάλην
1895 981 2132 1049 σφόδρα

507 1127 512 1130 _
547 1065 649 1117 καί
677 1064 916 1130 πικράν.
947 1064 1014 1117 Τί
1046 1065 1184 1130 ἐστι,
1221 1064 1434 1132 Φωνὴν
1461 1065 1736 1134 μεγάλην
1771 1065 2006 1134 σφόδρα
2032 1067 2132 1118 καί

549 1147 805 1216 πικρὰν;
828 1147 932 1202 Τὸν
951 1147 1121 1219 θυμὸν
1141 1147 1362 1218 ᾐνίξατο
1383 1148 1473 1202 διὰ
1499 1148 1592 1201 τοῦ
1625 1151 1888 1219 ῥήματος,
1918 1149 2012 1203 καὶ
2033 1148 2131 1218 τῆς

545 1223 738 1302 ὀργῆς,
793 1225 862 1301 ἦς
912 1230 1154 1301 ἐπλήσθη
1205 1229 1374 1284 ταῦτα
1419 1229 1624 1301 μαθὼν,
1659 1232 1759 1301 τὴν
1803 1231 2126 1302 ὑπερϐολήν.

545 1313 661 1369 Καὶ
687 1309 878 1378 εῖπεν,
911 1313 1272 1382 Εὐλόγησον
1313 1313 1392 1381 δὴ
1433 1314 1604 1383 κάμὲ,
1635 1313 1838 1382 πάτερ.
1882 1310 2030 1367 Εἶπεν
2061 1313 2130 1367 δὲ

545 1395 730 1462 αὐτῷ·
778 1395 1005 1452 Ἐλθὼν
1037 1399 1070 1449 ό
1103 1396 1362 1464 ἀδελφός
1389 1410 1506 1452 σου
1533 1398 1682 1466 μετὰ
1709 1396 1914 1459 δόλου,
1951 1398 2129 1453 ἔλαϐε

547 1479 666 1548 τὴν
685 1479 972 1546 εὐλογίαν
999 1494 1136 1532 σου.
1161 1479 1474 1549 Προλαϐὼν,
1502 1480 1686 1550 φησὶν,
1717 1483 1746 1534 6
1778 1480 2004 1549 ἀδελφός
2033 1497 2125 1533 σου

546 1562 650 1632 τὴν
670 1561 918 1630 εὐλογίαν
939 1561 1120 1614 πᾶσαν
1148 1561 1496 1616 ἐπεσπάσατο
1526 1562 1666 1632 μετά
1692 1562 1891 1634 πολλῆς
1917 1565 2017 1634 τῆς
2041 1563 2127 1616 δα-

547 1644 782 1712 ψιλείας.
822 1644 930 1696 Καὶ
965 1644 1050 1697 ἱνα
1075 1644 1238 1714 γνῷς,
1273 1645 1355 1698 ὅτι
1385 1647 1418 1715 ή
1452 1645 1658 1699 ἀνωθεν
1687 1647 1846 1718 χάρις
1868 1643 1938 1717 ἦν
1969 1649 2001 1715 ἡ
2035 1645 2126 1698 τὸν

549 1727 758 1780 δίκαιον
811 1726 1157 1796 ἀπατηθῆναι
1195 1729 1600 1799 συνεργήσασα,
1641 1729 1744 1800 ὅρα
1789 1728 1906 1791 πῶς
1967 1728 2126 1791 αὐτὸς

549 1809 707 1862 τοῦτο
732 1808 984 1880 ὁμολογεῖ
1016 1808 1208 1877 λέγων,
1251 1810 1470 1865 Ἐλθὼν
1503 1814 1537 1865 ὁ
1556 1811 1819 1879 ἀδελφός
1838 1825 1956 1864 σου
1977 1812 2128 1880 μετὰ

549 1890 758 1952 δόλου,
795 1891 1074 1962 μονονουχὶ
1098 1891 1532 1962 ἀπολογούμενος
1559 1893 1634 1962 τῷ
1656 1893 1830 1957 παιδὶ,
1857 1892 1950 1946 καὶ
1981 1893 2128 1948 διδά-

551 1989 698 2027 σκων
747 1974 929 2036 αὐτὸν,
979 1974 1316 2044 ὄτιἎγνοῶν
1367 1977 1451 2028 ἐπ’
1487 1979 1692 2029 ἐκεῖνον
1745 1975 1846 2039 τὰς
1883 1974 2128 2044 εὐλογίας

548 2057 914 2127 ἐποιησάμην,
967 2057 1063 2110 καὶ
1109 2058 1192 2111 ὅτι
1224 2059 1317 2121 Et;
1373 2058 1434 2110 σέ
1483 2057 1685 2122 ταύτας
1729 2058 1944 2129 ἕτοιμος
1981 2060 2127 2129 ήμην

549 2139 894 2210 ποιήσασθαι·
915 2139 1029 2193 ἀλλ’
1046 2141 1275 2206 ἐκεῖνος,
1300 2139 1527 2194 Ἐλθὼν
1543 2141 1694 2211 μετὰ
1722 2141 1926 2204 δόλου,
1951 2142 2128 2195 ἔλαϐε

545 2222 664 2292 τὴν
688 2224 972 2293 εὐλογίαν
992 2240 1132 2278 σου·
1165 2225 1234 2279 τὰ
1264 2225 1347 2278 σοὶ
1373 2224 1894 2296 παρασκευασθέντα
1923 2227 2128 2288 ἐκεῖνος

546 2308 785 2374 ἐδέξατο·
807 2308 869 2360 οὑ
901 2307 1052 2378 παρά
1081 2308 1180 2377 τὴν
1211 2307 1351 2378 ἐμὴν
1381 2306 1440 2361 δέ
1466 2309 1644 2361 αἰτίαν
1673 2307 1883 2376 γέγονε.
1907 2309 2016 2364 Καὶ
2045 2304 2127 2360 εἷ-

547 2405 646 2456 πε,
675 2393 859 2463 φησὶν,
891 2390 1094 2447 Ἠσαῦ·
1125 2392 1372 2456 Δικαίως
1397 2392 1704 2459 ἐπεκλήθη
1735 2392 1804 2444 τὸ
1825 2391 2012 2460 ὄνομα
2031 2394 2130 2446 αὐ-

546 2473 656 2527 τοῦ
683 2473 895 2528 Ἰακώϐ·
925 2472 1234 2541 ὲπτέρνικε
1261 2472 1372 2541 γάρ
1391 2489 1466 2542 με
1485 2473 1602 2542 ἤδη
1629 2472 1908 2541 δεύτερον
1929 2474 2125 2528 τοῦτο·

547 2555 624 2610 τά
673 2572 737 2609 τε
773 2553 1141 2624 πρωτοτόκια
1178 2572 1296 2624 μου
1328 2555 1578 2625 εἰλήφει,
1629 2557 1727 2610 καὶ
1768 2556 1884 2610 νῦν
1917 2556 2132 2624 εἴληφε

547 2637 664 2706 τὴν
683 2639 972 2709 εὐλογίαν
995 2655 1130 2704 μου.
1165 2638 1238 2690 Οὐ
1271 2638 1470 2708 μάτην,
1513 2639 1666 2710 φησὶ,
1721 2639 1818 2710 τῆς
1856 2655 2131 2708 προσηγο-

551 2720 674 2792 ρίας
700 2720 903 2792 ταύτης
931 2719 1158 2790 ἠξιώθη·
1187 2720 1514 2791 πτερνισμδς
1538 2721 1644 2792 γὰρ
1679 2721 2038 2792 ἑρμηνεύεται
2066 2721 2132 2774 τὸ

549 2805 720 2876 ὄνομα
763 2805 950 2870 αὑτοῦ,
999 2806 1136 2877 ὅπερ
1187 2799 1339 2868 οὗτος
1387 2807 1467 2869 είς
1516 2805 1616 2875 ἐμὲ
1668 2804 2000 2870 ἐπεδείξατο,
2038 2805 2131 2858 καὶ

549 2888 660 2942 τῶν
711 2889 1093 2959 πρωτοτοκίων
1143 2889 1523 2961 ἀποστερήσας
1565 2889 1660 2944 καὶ
1701 2890 1801 2960 τῆς
1857 2890 2128 2958 εὐλογίας.

549 2974 616 3028 Τί
645 2969 738 3028 οὖν
757 2977 786 3028 6
821 2974 990 3028 Ἠσαῦ
1021 2975 1154 3047 πρὸς
1199 2975 1410 3040 Ἰσαάκ;
1445 2977 1566 3044 οὐχ
1595 2975 1895 3030 ὑπελίπου
1912 2993 2015 3044 μοι
2044 2977 2133 3029 εὐ-

549 3059 786 3128 λογίαν,
818 3059 1044 3126 πάτερ;
1091 3058 1450 3127 Ἀποκριθεὶς
1487 3059 1556 3112 δὲ
1588 3060 1784 3114 Ἰσαὰκ
1829 3056 2000 3114 εἶπεν
2023 3061 2132 3114 αὺ-

551 3141 650 3207 τῷ·
674 3141 948 3206 Μάνθανε,
977 3141 1161 3212 φησὶν,
1189 3143 1270 3195 ὅτι
1308 3144 1489 3206 πάσας
1515 3143 1593 3206 είς
1615 3143 1774 3196 αὐτὸν
1805 3143 2004 3212 ἐξέχεα
2035 3141 2133 3204 τὰς

549 3222 820 3296 εὐλογίας,
843 3227 915 3279 El
935 3228 1143 3294 κύριον
1159 3225 1346 3280 αὐτὸν
1370 3225 1630 3294 ἐποίησὰ
1663 3243 1801 3281 σου.
1835 3227 1978 3296 Ὅρα
2015 3224 2135 3289 πῶς

551 3309 758 3374 εὐθέως
789 3309 898 3363 ἀπὸ
927 3308 1118 3362 τούτου
1157 3308 1406 3378 ἄρχεται,
1435 3309 1532 3362 καὶ
1563 3309 1714 3363 οὐδὲν
1739 3309 1926 3380 ἓτερον
1962 3309 2132 3377 λέγει,

551 3395 688 3448 ἀλλά
712 3395 812 3466 τὴν
844 3393 1088 3446 δουλείαν
1122 3393 1271 3464 αὐτῷ
1297 3395 1551 3466 σημαίνει
1577 3395 1670 3448 καὶ
1700 3395 1800 3465 τήν
1833 3396 2131 3465 ὑποταγήν·

552 3477 648 3531 καί
700 3493 886 3547 φησιν,
935 3478 1007 3530 ει
1051 3475 1257 3544 κύριον
1311 3477 1499 3532 αὐτόν
1537 3477 1798 3544 ἐποίησὰ
1843 3493 1980 3541 σου,
2035 3477 2133 3530 καὶ

555 3560 788 3625 πάντας
827 3558 967 3626 τοὺς
1005 3558 1308 3627 ἀδελφοὺς
1340 3561 1527 3616 αὐτοῦ
1565 3557 1824 3626 οίκέτας,
1861 3561 2009 3626 σίτῳ
2037 3559 2136 3613 καὶ

553 3644 700 3710 οϊνῳ
730 3641 1022 3710 ἐστήριξα
1047 3642 1253 3696 αὐτόν·
1285 3644 1384 3697 σοὶ
1411 3641 1479 3696 δὲ
1513 3642 1568 3696 τί
1591 3643 1846 3709 ποιήσω,
1885 3643 2137 3706 τέκνον;

554 3728 722 3782 Οὐδὲν
745 3727 931 3798 ἕτερον
959 3727 1145 3782 λοιπὸν
1175 3727 1576 3782 ὑπολέλειπται·
1609 3729 1657 3780 εί
1683 3727 1950 3797 δεσπότην
1977 3726 2137 3778 αὐτὸν

553 3810 787 3882 ἐποίησά
823 3827 939 3872 σου,
988 3812 1082 3866 καὶ
1115 3811 1322 3874 πάντας
1361 3809 1524 3865 αὑτοῦ
1557 3809 1774 3874 οἰκέτας
1807 3811 1934 3872 τοὺς
1979 3810 2136 3864 ἀδελ-

555 3897 712 3965 φοὺς,
730 3895 824 3949 καὶ
839 3895 990 3968 [520]
1011 3897 1116 3950 τῶν
1133 3895 1449 3964 ἀναγκαίων
1469 3893 1618 3966 αὑτῷ
1643 3896 1742 3966 τὴν
1763 3895 2024 3964 ἀφθονίαν
2041 3896 2138 3948 ἐπ-

553 3979 829 4052 ηυξάμην,
855 3979 909 4033 τί
941 3977 1126 4033 λοιπὸν
1149 3978 1336 4050 ἕτερον
1367 3979 1612 4033 λείπεται
1633 3995 1646 4044 ;
1671 3975 1818 4032 Εἷπε
1841 3977 1910 4030 δὲ
1945 3977 2136 4034 Ἠσαῦ

555 4065 708 4132 πρὸς
754 4065 861 4119 τὸν
911 4065 1138 4132 πατέρα
1181 4063 1388 4118 αὐτοῦ·
1440 4062 1537 4130 Μὴ
1581 4063 1828 4130 εὐλογία
1881 4063 1986 4130 μία
2036 4061 2138 4116 σοί

557 4148 709 4210 ἐστι,
737 4145 957 4215 πάτερ;
985 4146 1341 4215 Εὐλόγησον
1372 4144 1448 4211 δὴ
1481 4144 1649 4211 κάμέ.
1693 4144 1910 4214 Ἐπειδὴ
1933 4145 2134 4214 ἢκουσε

557 4228 652 4282 τοῦ
695 4230 897 4300 πατρὸς
953 4229 1219 4292 εἰπόντος,
1271 4227 1382 4282 Καὶ
1437 4228 1746 4295 εὺλόγησα
1792 4227 1997 4293 αὐτὸν,
2039 4227 2139 4280 καί

557 4309 964 4382 εὐλογημένος
1004 4311 1196 4374 ἐσται,
1255 4305 1375 4362 εἶτα
1423 4311 1518 4363 καὶ
1565 4311 1666 4381 τὴν
1697 4310 1950 4378 εὐλογίαν
1989 4309 2138 4380 αὑτῷ

561 4399 742 4450 πᾶσαν
779 4395 945 4465 δήλην
989 4393 1233 4464 ἐποίησε,
1277 4393 1398 4446 τότε
1441 4395 1624 4462 φησὶν,
1673 4395 2028 4463 Εὐλόγησον
2061 4393 2140 4464 δὴ

561 4479 736 4549 κάμὲ,
763 4479 966 4547 πάτερ·
989 4478 1076 4548 μὴ
1115 4479 1224 4548 γὰρ
1261 4479 1371 4548 μία
1410 4479 1510 4532 σοί
1544 4479 1713 4532 ἐστιν
1741 4478 2018 4547 εὐλογία;
2049 4481 2139 4550 Μὴ

561 4567 671 4636 γὰρ
695 4563 793 4634 οὐχ
829 4563 1012 4625 ἱκανὸς
1053 4563 1116 4615 σὺ
1158 4562 1302 4632 κάμὲ
1321 4561 1552 4628 ἀξιῶσαι
1581 4565 1678 4632 τῆς
1701 4562 1850 4632 παρά
1879 4561 1972 4614 σοῦ
1999 4562 2142 4614 εὐλο-

561 4650 708 4719 γίας,
741 4649 833 4701 τὸν
865 4646 1007 4700 οὑτω
1033 4644 1183 4716 ποιρά
1217 4644 1310 4698 σοῦ
1338 4645 1715 4714 ἀγαπώμενον,
1745 4645 1837 4697 τὸν
1871 4645 2142 4714 πρωτότοο

563 4751 677 4798 κον,
707 4731 802 4787 τὸν
826 4731 914 4786 διά
941 4731 1040 4802 τὴν
1067 4729 1238 4800 θήραν
1268 4729 1417 4800 παρά
1445 4729 1538 4782 σοῦ
1565 4729 1967 4792 ἀποσταλέντα;
2009 4729 2142 4781 Συν-

562 4821 684 4889 έχεε
724 4816 812 4869 διὰ
841 4816 948 4868 τῶν
982 4815 1240 4884 ῥημάτων
1269 4813 1360 4866 τὸν
1391 4813 1624 4882 πατέρα.
1653 4809 2144 4878 Κατανυχθέντος

562 4900 696 4970 γὰρ,
740 4899 921 4969 φησὶν,
981 4897 1178 4952 Ἰσαὰκ
1221 4896 1520 4962 ἀνεϐόησε
1572 4893 1744 4962 φωνῇ
1797 4893 2000 4956 Ἠσαῦ,
2048 4893 2145 4946 καί

561 4987 889 5040 ἔκλαυσεν.
915 4978 1038 5035 Εἷδε
1067 4983 1158 5034 τὸν
1189 4980 1399 5052 πατέρα
1420 4982 1477 5033 ἐν
1507 4979 1786 5048 ἀμηχανίᾳ
1811 4977 2143 5050 ὑπάρχοντα,

534 5067 661 5146 ικαὶ
691 5066 752 5118 οὑ
779 5065 1093 5146 δυνάμενον,
1122 5064 1240 5117 οὑδέ
1265 5064 1591 5134 ἀνεχόμενον
1606 5063 1748 5146 ,ἀνατ
1759 5061 1919 5146 ρέψαι
1947 5061 2143 5146 τάλήδη

541 5144 848 5224 ἶγεγονότα·
889 5145 984 5198 καὶ
1013 5147 1042 5198 ὁ
1083 5147 1180 5216 μὲν
1207 5149 1272 5216 τῇ
1307 5146 1401 5216 βοῇ
1445 5147 1534 5199 καὶ
1567 5145 1842 5215 κλαυθμὸν
1875 5144 2144 5214 προσέθη-

566 5249 684 5298 κεν,
741 5232 822 5294 είς
871 5229 1092 5282 πλείονα
1139 5230 1482 5298 συμπάθειαν
1534 5230 1760 5296 ἀγαγεῖν
1804 5229 1894 5280 τὸν
1936 5227 2149 5299 πατέρα

568 5316 907 5390 βουλόμενος.
938 5312 1226 5383 υίκτείρας
1247 5313 1302 5364 δέ
1325 5311 1486 5364 αὑτὸν
1511 5314 1539 5364 6
1572 5313 1774 5374 Ἰσαὰκ,
1806 5308 1956 5364 εἶπεν
1975 5311 2144 5381 αὑτῷ·

577 5402 727 5458 Ἰδοὺ
772 5399 892 5456 ἀπὸ
943 5397 1054 5466 τῆς
1101 5397 1380 5463 πιότητος
1421 5395 1530 5462 τῆς
1577 5393 1688 5462 γῆς
1731 5394 1900 5448 ἔσται
1933 5396 1970 5460 ἡ
2009 5413 2149 5448 κατ-

567 5487 812 5554 οἰκησίς
863 5499 1000 5548 σου,
1057 5481 1154 5536 καί
1198 5481 1316 5536 ἀπὸ
1351 5477 1459 5547 τῆς
1500 5479 1724 5548 δρόσου
1753 5478 1860 5533 τοῦ
1891 5480 2151 5546 οὐρανοῦ

567 5571 820 5634 ἄνωθεν,
861 5569 958 5624 καὶ
999 5567 1100 5622 ἐπὶ
1147 5565 1224 5634 τῇ
1264 5565 1532 5634 μαχαίρᾳ
1582 5579 1698 5616 σου
1740 5562 1915 5630 ζήσῃ,
1943 5561 2152 5626 καὶτῷ

567 5649 812 5719 ἀδελφῷ
843 5665 960 5704 σου
993 5649 1368 5712 δουλεύσεις·
1395 5646 1566 5699 ἔσται
1595 5643 1662 5697 δὲ
1700 5645 1880 5710 ἡνίκα
1903 5643 1982 5696 ἂν
2011 5645 2152 5696 καθ-

569 5730 720 5798 έλῃς
750 5729 848 5782 καί
873 5730 1144 5796 ὲκλύσῃς
1177 5727 1284 5781 τὸν
1307 5725 1485 5795 ζυγὸν
1517 5725 1702 5780 αὐτοῦ
1728 5725 1846 5779 ἀπὸ
1887 5723 1992 5777 τοῦ
2021 5739 2156 5790 τρα-

572 5807 771 5881 χήλου
798 5823 932 5862 σου.
969 5807 1203 5876 Ἐπειδὴ,
1229 5807 1384 5878 φησὶ,
1423 5807 1516 5859 καὶ
1546 5805 1706 5866 αὐτὸς
1733 5805 1827 5872 τῆς
1856 5805 1985 5872 παρ’
2020 5801 2152 5881 ἐμοῦ

578 5877 828 5954 εὐλογίας
864 5886 1170 5938 ἀπολαῦσαι
1211 5877 1516 5954 ἐπιθυμεῖς,
1543 5884 1778 5953 μάνθανε
1807 5885 1889 5934 ὅτι
1917 5884 2014 5951 οὐχ
2040 5877 2152 5936 οἷόν

640 5971 666 6002 ⁸
687 5973 948 6042 _Sex.mss.
982 5979 1032 6021 el
1055 5971 1164 6020 SAV.
1192 5971 1526 6036 πρωτοτόκων.
1564 5968 1737 6020 Morel.
1765 5965 1945 6026 melius
1968 5981 2152 6028 πρωτο-

587 6046 786 6082 τοκιων.

1247 370 1305 426 S.
1345 367 1626 427 JOANNIS
1663 363 2142 425 CHRYSOSTOMI
2178 363 2498 423 ARCHIEP.
2537 361 3088 425 CONSTANTINOP.

3709 367 3830 424 4το

2233 494 2290 548 τέ
2319 512 2386 566 με
2415 497 2632 550 ἐναντία
2657 499 2724 570 τῇ
2747 498 2841 552 τοῦ
2872 487 3007 554 Θεοῦ
3025 497 3216 570 γνώμῃ
3239 497 3662 570 διαπράξασθαι·
3680 498 3824 554 ἀλλὰ

2230 578 2325 632 καὶ
2347 579 2430 631 σοὶ
2463 579 2562 649 μέν
2591 581 2892 652 ἐπεύχομαι
2919 583 3018 650 τὴν
3047 582 3154 634 ἀπὸ
3183 581 3283 651 τῆς
3305 581 3498 651 δρόσου
3535 581 3629 635 τοῦ
3651 583 3820 653 059a-

2229 659 2324 713 νοῦ
2349 661 2672 715 ἀπόλαυσιν·
2691 663 2799 716 ῐσθι
2827 663 2884 716 δέ
2912 661 3118 732 μέλλων
3143 663 3440 734 πολεμικὸν
3460 663 3822 730 ἀναδέξασθαι

2233 740 2368 812 βίον·
2419 743 2548 798 Ἐπί
2603 743 2680 812 τῇ
2723 745 2990 814 μαχαίρᾳ
3030 746 3140 815 γάρ
3183 761 3300 800 σου
3354 744 3541 816 ζήσῃ,
3593 749 3694 801 καί
3734 747 3818 812 τῷ

2230 823 2468 893 ἁδελφῷ
2497 839 2615 881 σου
2640 827 3018 894 δουλεύσεις.

2301 913 2361 959 ε’.
2381 907 2542 960 Ἀλλά
2563 908 2752 978 μηδεὶς
2771 907 2984 962 ἀκούων
2999 907 3172 963 ταῦτα
3188 909 3499 975 ξενιξέσθω,
3515 909 3658 981 ὁρῶν
3674 913 3824 980 μετά

2229 989 2404 1043 ταῦτα
2439 990 2532 1044 τὸν
2569 991 2795 1060 ἀδελφὸν
2838 993 3045 1064 ἀλήτην
3077 993 3366 1064 γενόμενον
3415 993 3506 1046 διὰ
3531 992 3623 1045 τὸν
3659 991 3815 1062 παρὰ

2229 1071 2418 1126 τούτου
2447 1071 2633 1142 φόϐον,
2655 1072 2750 1126 καὶ
2771 1075 2850 1138 είς
2869 1075 2968 1144 τὴν
2990 1074 3275 1145 ἀλλοτρίαν
3297 1075 3669 1146 ἐπειγόμενον,
3701 1093 3810 1145 μη-

2229 1157 2287 1210 δὲ
2309 1159 2421 1220 τοῖς
2451 1157 2757 1230 προοιμίοις
2777 1158 3078 1228 προσέχων,
3099 1159 3366 1227 νομιζέτω
3388 1159 3695 1212 διαπίπτειν
3709 1159 3808 1230 τὴν

2230 1219 2554 1314 πρόρῥησίν.
2589 1219 2755 1295 ’Ὅταν
2787 1219 2896 1313 γ’ἀρ
2924 1219 3252 1312 δ’λεσπότης
3277 1259 3330 1295 τι
3365 1219 3830 1318 ὑπόσχηται,κάῖι

2229 1323 2448 1378 ἐναντία
2489 1323 2596 1377 τῶν
2631 1323 2979 1394 ὑποσχέσεων
3025 1325 3222 1395 ἴδωμεν
3255 1328 3312 1379 ἐν
3357 1329 3470 1392 τοῖς
3506 1329 3812 1398 προοιμίοις

2230 1405 2569 1470 ἐκϐαίνοντα,
2604 1408 2680 1478 μὴ
2713 1406 3092 1480 θορυϐὠμεθα·
3122 1409 3181 1461 οὑ
3206 1409 3313 1480 γὰρ
3341 1405 3452 1462 οἷόν
3473 1409 3535 1463 τέ
3558 1426 3688 1462 ποτε
3711 1409 3814 1480 μέ-

2231 1506 2322 1560 χρι
2352 1489 2538 1554 τέλους
2567 1489 2906 1562 διαμαρτεῖν.
2931 1491 3101 1546 Τοῦτο
3119 1491 3176 1545 δέ
3201 1492 3430 1560 γίνεται,
3463 1493 3550 1546 ῖνα
3571 1493 3813 1564 λαμπρό-

2229 1589 2376 1643 τεροι
2411 1571 2501 1624 διὰ
2533 1573 2748 1626 πάντων
2775 1574 2825 1625 οἱ
2850 1571 3048 1627 δίκαιοι
3079 1573 3438 1642 δεικνύμενοι,
3470 1575 3570 1646 τὴν
3601 1593 3816 1646 περιου-

2232 1653 2352 1707 σίαν
2382 1654 2483 1724 τῆς
2519 1653 2613 1707 τοῦ
2655 1654 2790 1708 Θεοῦ
2831 1655 3116 1727 δυνάμεως
3143 1656 3444 1727 κατάδηλον
3473 1658 3606 1727 ἡμῖν
3639 1657 3812 1710 ἅπασι

2228 1735 2481 1805 γενέσθαι
2533 1737 3012 1808 παρασκευάσωσι.
3045 1739 3159 1792 Καὶ
3203 1739 3289 1808 ἐφ’
3326 1739 3560 1794 ἑκάστου
3593 1739 3703 1794 τῶν
3731 1739 3814 1792 δι-

2229 1819 2401 1874 καίων
2429 1819 2588 1873 τοῦτο
2631 1819 2906 1891 εὑρήσεις,
2952 1823 3000 1874 εί
3054 1821 3374 1892 βουληθείης
3419 1824 3640 1886 ἁπάσας
3673 1823 3816 1894 μετά

2229 1903 2516 1973 ἀκριϐείας
2541 1903 2778 1956 κατιδεῖν
2805 1903 2903 1968 τάς
2938 1905 3200 1976 ἱστορίας,
3231 1906 3258 1958 ὃ
3292 1905 3356 1977 δὴ
3391 1907 3482 1958 καὶ
3514 1905 3610 1960 νῦν
3647 1906 3816 1974 γεγέ-

2229 2001 2407 2054 νηται.
2449 1985 2540 2056 Μὴ
2573 1985 2677 2058 γὰρ
2709 1985 2772 2058 δὴ
2795 1986 2954 2040 τοῦτο
2985 1987 3122 2058 ἴδῃς,
3147 1989 3229 2042 ὅτι
3265 1987 3362 2042 νῦν
3393 1988 3594 2052 εὐθέως
3633 1987 3814 2058 φυγάς

2229 2067 2458 2138 ἐγίνετο,
2489 2066 2627 2120 ἀλλά
2659 2067 2757 2137 τὴν
2798 2068 2936 2139 μετά
2969 2069 3141 2122 ταῦτα
3173 2071 3530 2140 περιφάνειαν
3571 2071 3814 2139 λογίζου,

2229 2150 2324 2203 καὶ¹
2345 2150 2425 2202 ὅτι
2444 2147 2535 2201 τοῦ
2558 2149 2750 2220 χρόνου
2775 2151 3222 2222 παραδραμόντος
3251 2151 3413 2216 αὐτὸς
3439 2147 3590 2215 οὗτος
3611 2155 3638 2206 6
3660 2153 3815 2222 φοϐεσ

2232 2232 2324 2302 ρὸς
2347 2231 2492 2302 αὐτῷ
2521 2231 2760 2300 γεγονὼς
2786 2233 3056 2304 τοσαύτην
3085 2235 3212 2303 περὶ
3247 2234 3408 2287 αὑτὸν
3442 2235 3814 2288 ἐπιδείκνυται

2229 2318 2328 2385 τὴν
2361 2315 2511 2379 αίδὼ,
2547 2317 2642 2369 καὶ
2665 2317 2748 2370 ὅτι
2787 2319 2867 2380 είς
2893 2317 3160 2387 τοσαύτην
3194 2313 3323 2389 ἦλθε
3355 2317 3512 2381 δόξαν
3546 2319 3684 2389 μετά
3711 2319 3813 2388 τὴν

2230 2399 2322 2452 ἐπὶ
2366 2401 2466 2470 τῆς
2507 2395 2664 2468 ξένης
2711 2397 3100 2470 ταλαιπωρίαν,
3131 2401 3207 2461 ὡς
3235 2399 3328 2452 καὶ
3377 2404 3500 2463 τοὺς
3543 2400 3602 2465 ἐξ
3643 2400 3814 2454 αὑτοῦ

2228 2480 2518 2550 τεχθέντας
2539 2482 2617 2545 είς
2645 2480 2872 2552 ἄπειρον
2903 2481 3109 2549 πλῆθος
3132 2481 3446 2551 ἐκταθῆναι,
3479 2484 3572 2535 καὶ
3599 2483 3683 2536 διὰ
3711 2487 3818 2554 τῆς

2229 2564 2420 2639 τούτου
2451 2563 2824 2635 προσηγορίας
2847 2564 2994 2618 ἅπαν
3023 2563 3084 2618 τὸ
3109 2563 3258 2628 ἔθνος
3285 2565 3808 2636 χαρακτηρίζεσθαι.

2231 2648 2368 2701 Νυνὶ
2405 2647 2462 2700 δὲ
2493 2646 2819 2700 διδάσκουσα
2843 2647 2990 2718 ἡμᾶς
3027 2647 3060 2717 ἡ
3093 2646 3210 2700 θεία
3235 2647 3429 2719 Γραφὴ
3460 2647 3552 2701 τοῦ
3579 2649 3812 2717 ἀδελφοῦ

2227 2733 2319 2784 τὸν
2344 2729 2534 2800 θυμὸν,
2571 2731 2665 2785 καὶ
2696 2731 2778 2784 ὅτι
2814 2731 2952 2802 πρὸς
2978 2731 3138 2798 φόνον
3171 2731 3474 2796 ἀπέϐλεπε,
3517 2733 3668 2803 φησί·
3699 2733 3810 2786 Καὶ

2229 2813 2491 2868 ἐνεκότει
2523 2811 2708 2868 Ἠσαῦ
2748 2812 2831 2877 τῷ
2863 2812 3064 2868 Ἰακὼὸ
3088 2811 3220 2881 περὶ
3250 2812 3360 2880 τῆς
3391 2815 3693 2882 εὐλογίαςν
3737 2809 3816 2884 ἧς

2231 2897 2582 2966 ηὐλόγησεν
2606 2896 2794 2950 αὐτὸν
2823 2897 2856 2950 ὁ
2885 2895 3082 2964 πατὴρ
3113 2895 3321 2950 αὐτοῦ.
3365 2896 3475 2949 Καὶ
3503 2897 3590 2950 ἵνα
3631 2898 3812 2968 μάθω-

2233 2998 2354 3052 μεν,
2401 2981 2482 3034 ὅτι
2531 2981 2628 3050 οὐχ
2663 2979 2848 3043 ἁπλῶς
2881 2977 3016 3050 ὀργὴ
3049 2975 3117 3050 ἦν
3148 2978 3478 3052 πρόσκαιρος
3518 2979 3692 3045 τοῦτο,
3725 2981 3814 3034 διά

2231 3065 2332 3132 τῆς
2381 3063 2578 3127 λέξεως
2627 3064 2899 3133 ἐσήμανεν
2953 3062 3085 3132 ἡμῖν
3136 3063 3238 3132 τῆς
3283 3063 3481 3125 κακίας
3514 3063 3680 3116 αὑτοῦ
3715 3063 3816 3136 τὴν

2233 3148 2559 3220 ὑπερϐολήν.
2598 3147 2888 3202 Ἐνεκότει
2909 3145 3041 3218 γὰρ,
3064 3147 3249 3218 φησὶν,
3270 3145 3392 3200 ἀντὶ
3415 3146 3532 3212 τοῦ,
3555 3147 3814 3212 ἐνέκειτο,

2233 3231 2519 3302 ἐπέμενεν.
2554 3229 2631 3293 ὡς
2663 3229 2758 3283 καί¹
2789 3227 2876 3282 διά
2909 3228 3018 3282 τῶν
3050 3229 3312 3300 ῥημάτων
3337 3229 3436 3300 τήν
3470 3230 3528 3283 ἐν
3555 3229 3633 3300 τῷ
3665 3229 3816 3300 βάθει

2233 3311 2615 3386 κρυπτομένην
2636 3310 2860 3382 γνώμην
2885 3311 3122 3382 φανερὰν
3141 3314 3497 3384 καταστῆσαι.
3521 3309 3670 3367 Ehe
3685 3313 3818 3383 γὰρ,

2233 3397 2422 3465 φησὶν,
2473 3397 2545 3450 ἐν
2589 3393 2664 3464 τῇ
2704 3395 2962 3462 διανοίᾳ·
3013 3393 3456 3464 Ἑγγισάτωσαν
3504 3398 3566 3449 al
3604 3395 3816 3465 ἡμέραι

2233 3481 2340 3534 τοῦ
2376 3479 2638 3545 πένθους
2667 3479 2774 3534 τοῦ
2797 3480 3023 3548 πατρός
3041 3495 3182 3548 μου,
3216 3479 3318 3532 ἳνα
3347 3478 3682 3532 ἀποκτείνω
3717 3479 3819 3533 Ἰα⁴

2235 3563 2360 3618 κὼϐ
2387 3564 2495 3618 τόν
2527 3563 2796 3631 ἀδελφόν
2815 3579 2948 3631 μου.
2981 3561 3190 3624 Ὄντως
3223 3559 3332 3632 ἀρα
3367 3561 3460 3614 καὶ
3488 3561 3597 3615 τῶν
3630 3578 3820 3632 μαινο-

2239 3646 2414 3715 μένων
2439 3645 2618 3698 αὑτῶν
2653 3645 2755 3697 οὐκ
2801 3643 3022 3698 ἔλαττον
3057 3645 3085 3696 6
3120 3641 3460 3714 θυμούμενος
3491 3643 3814 3716 παραπαίει.

2235 3728 2438 3782 Σκόπει
2473 3725 2624 3799 [521]
2653 3725 2783 3797 γάρ,
2825 3727 2976 3790 ὅπως
3003 3724 3253 3796 καθάπερ
3294 3725 3418 3789 τοὺς
3459 3725 3822 3797 μαινομένους

2236 3813 2264 3864 6
2305 3812 2514 3882 δαίμων
2562 3811 2770 3872 ἐκεῖνος
2821 3806 3148 3863 ἐπεισελθὼν
3186 3806 3456 3879 ἔκφρονας
3505 3806 3818 3879 ἐργάζεται,

2239 3895 2336 3948 καὶ
2368 3893 2587 3948 ἐναντία
2606 3895 2717 3956 τοῖς
2741 3891 3038 3962 ὁρωμένοις
3065 3891 3488 3962 διαπράττεσθαι
3513 3892 3817 3945 ἀναπείθει.

2239 3980 2314 4032 Οὐ
2345 3979 2453 4051 γὰρ
2490 3977 2689 4049 ὁρῶσιν
2723 3973 2911 4044 ὑγιῶς,
2947 3971 3070 4026 οὔτε
3105 3973 3290 4045 ἕτερόν
3322 3993 3374 4027 τι
3402 3975 3818 4046 διαπράττονται

2237 4061 2347 4114 τῶν
2369 4061 2676 4132 χρησίμων,
2705 4057 2840 4111 ἀλλά
2873 4057 3120 4128 καθάπερ
3140 4057 3238 4121 τὰς
3259 4056 3540 4128 αἰσθήσεις
3570 4074 3822 4128 πεπηρω-

2243 4145 2414 4214 μένοι,
2481 4144 2573 4195 καὶ
2623 4141 2687 4194 τὸ
2753 4140 3088 4210 διακριτικὸν
3151 4139 3580 4210 διαφθείραντες,
3649 4139 3820 4204 οὑτως

2241 4229 2455 4282 ἅπαντα
2483 4223 2821 4296 ἐργάζονται.
2849 4222 3004 4276 Οὕτω
3027 4224 3120 4277 καὶ
3155 4226 3204 4277 οί
3234 4223 3587 4294 θυμούμενοι,
3614 4223 3675 4276 οὑ
3697 4222 3822 4285 τοὺς

2243 4311 2514 4380 παρόντας
2547 4306 3021 4374 ἐπιγινώσκουσιν,
3052 4307 3112 4358 οὐ
3147 4305 3464 4373 συγγενείας
3495 4305 3818 4375 μέμνηνται,

2239 4392 2302 4445 οὑ
2332 4391 2533 4461 φιλίας,
2571 4390 2633 4442 οὐ
2667 4387 2976 4459 συνηθείας,
3012 4388 3110 4440 οὐκ
3151 4387 3480 4458 ἀξιώματος.
3525 4389 3624 4440 οὐκ
3661 4387 3820 4441 ἄλλου

2243 4477 2384 4539 τινὸς
2421 4473 2628 4528 ἔννοιαν
2663 4470 3052 4542 λαμϐάνουσιν,
3085 4471 3200 4524 ἀλλ’
3237 4471 3349 4524 ὅλοι
3389 4471 3496 4524 ὑπὸ
3523 4471 3616 4523 τοῦ
3649 4467 3821 4540 θυμοῦ

2241 4556 2661 4630 τυραννούμενοι
2685 4556 2822 4610 κατὰ
2843 4557 3101 4627 κρημνῶν
3125 4556 3397 4626 φέρονται.
3427 4555 3494 4608 Τί
3525 4551 3617 4608 οὖν
3647 4552 3710 4606 ἂν
3735 4555 3819 4623 εἴη

2242 4643 2350 4696 τῶν
2374 4642 2630 4696 τοιούτων
2661 4639 3039 4710 ἐλεεινότερον,
3070 4641 3197 4692 ὅταν
3225 4639 3444 4702 ἁλόντες
3469 4639 3572 4691 ὑπὸ
3597 4637 3692 4689 τοῦ
3721 4637 3825 4690 πά·-

2246 4727 2392 4791 θους,
2431 4725 2525 4778 καὶ
2553 4723 2884 4794 αἰχμάλωτοι
2907 4722 3208 4792 γενόμενοι,
3247 4723 3339 4774 καὶ
3376 4721 3510 4791 πρὸς
3547 4721 3704 4788 φόνον
3728 4721 3826 4772 ἐπ-

2246 4811 2517 4879 είγονται;
2549 4808 2646 4860 Διά
2689 4806 2845 4859 τοῦτο
2889 4807 2917 4858 ὁ
2963 4805 3230 4874 μακάριος
3273 4803 3485 4866 Παῦλος
3535 4805 3635 4873 τὴν
3670 4803 3826 4872 ῥίζαν

2246 4893 2563 4948 ἀποσπάσαι
2587 4889 2908 4960 βουλόμενος
2946 4885 3040 4939 τοῦ
3083 4885 3275 4950 κακοῦ,
3303 4887 3532 4958 γράφων
3573 4885 3826 4956 παρῄνει,

2246 4977 2387 5030 οὕτω
2407 4975 2605 5042 λέγων,
2637 4971 2812 5027 Πᾶσα
2834 4969 2979 5038 ὀργὴ
3009 4970 3106 5023 καὶ
3139 4969 3326 5039 θυμὸς
3355 4971 3453 5022 καὶ
3483 4970 3711 5038 κραυγὴ
3736 4970 3830 5036 ἁρ-

2247 5061 2403 5126 θήτω
2433 5061 2534 5127 ἀφ’
2561 5055 2730 5125 ὑμῶν
2765 5054 2890 5108 σὺν
2913 5053 3080 5122 πάσῃ
3109 5054 3304 5120 κακίᾳ.
3337 5055 3411 5106 Οὐ
3449 5054 3630 5124 μόνον,
3663 5053 3819 5122 φησὶ,

2248 5143 2550 5214 θυμοῦσθαι
2597 5141 2740 5209 ὑμᾶς
2781 5139 2841 5191 οὐ
2889 5137 3168 5208 βούλομαι,
3213 5137 3333 5190 οὑδέ
3381 5139 3455 5208 μὴ
3488 5135 3828 5207 ὀργίζεσθαι,

2249 5228 2385 5281 ἀλλὰ
2418 5225 2553 5296 μηδέ
2585 5225 2722 5295 μετά
2753 5225 3000 5292 κραυγῆς
3037 5223 3150 5284 τοῖς
3189 5221 3416 5290 πλησίον
3460 5217 3828 5286 διαλέγεσθαι,

2251 5312 2500 5382 κραυγὴν
2528 5307 2760 5362 ἐνταῦθα
2793 5306 2988 5374 λέγων,
3015 5307 3114 5376 τὴν
3143 5305 3248 5358 ὑπὸ
3271 5303 3366 5357 τοῦ
3409 5303 3583 5372 θυμοῦ
3613 5301 3834 5370 γινομέ-

2251 5413 2368 5466 νην.
2405 5395 2572 5446 Ὅταν
2600 5391 2708 5461 γὰρ
2737 5390 2797 5442 τὺ
2832 5389 3000 5453 πάθος
3031 5389 3240 5442 ἔνδοθεν
3283 5387 3639 5456 διεγείρηται,
3679 5387 3772 5438 καὶ
3799 5385 3832 5454 ἠ

2254 5489 2450 5561 καρδία
2498 5485 2725 5556 οἰδαίνῃ,
2769 5484 2870 5536 οὐκ
2923 5482 3004 5535 ἔτι
3052 5481 3236 5534 λοιπὸν
3294 5483 3326 5550 ἡ
3379 5480 3602 5546 γλῶσσα
3651 5478 3833 5548 ἠρέμα

2254 5581 2590 5652 φθέγγεσθαι
2616 5575 3056 5648 ἀνέχεται,-ἀλλά
3085 5575 3182 5645 τὴν
3213 5573 3452 5627 διάθεσιν
3485 5572 3582 5642 τῆς
3609 5571 3835 5642 καρδίας

2256 5675 2624 5745 ἐμφαίνουσα,
2661 5669 2797 5740 μετά
2826 5669 3070 5738 κραυγῆς
3117 5667 3194 5736 τῷ
3235 5665 3458 5736 πλησίον
3492 5662 3834 5731 διαλέγεσθαι

2257 5765 2688 5838 παρασκευάζει.
2741 5755 3071 5830 Βουλόμενος
3133 5757 3226 5814 οὖν
3277 5763 3336 5814 ἐν
3377 5762 3588 5832 γαλήνῃ
3627 5757 3836 5823 διάγειν

2257 5837 2494 5921 διηνεκεῖ
2518 5851 2642 5908 τοὺς
2669 5845 2818 5913 αὑτῷ
2843 5845 3195 5913 πειθομένους
3213 5848 3242 5894 ὁ
3271 5847 3538 5914 μακάριος
3563 5837 3736 5902 οὗτος,
3759 5840 3837 5890 εί-

2265 5935 2401 5996 πὼν,
2433 5929 2606 5984 Πᾶσα
2637 5927 2805 5995 ὀργὴ.
2855 5927 3020 5992 ἔδειξε
3047 5927 3098 5980 τί
3144 5930 3260 5979 ἐστι
3285 5925 3461 5982 Πᾶσα
3487 5925 3656 5994 ὀργὴ,
3681 5924 3712 5991 ή
3741 5922 3832 5988 ἀφ’

2264 6019 2378 6074 οἵου
2407 6016 2474 6087 δή
2503 6029 2626 6067 ποτε
2660 6012 2980 6083 πράγματος
3027 6011 3338 6081 κινουμένη·
3367 6011 3466 6065 καί
3502 6011 3610 6074 πᾶς
3647 6005 3834 6075 θυμὸς
