4168 6264
457 357 568 416 ιὸθ

453 474 686 528 benedixi
709 489 841 541 eum,
873 481 920 528 et
947 473 1020 528 sit
1035 472 1335 527 benedictus.
1370 469 1482 525 lloc
1502 478 1682 525 autem
1713 470 1940 527 faciebat
1961 471 2046 542 ju-

453 574 592 632 stus,
621 566 880 636 sapientia
925 565 1017 620 Dei
1057 564 1198 620 illius
1244 565 1473 634 linguam
1511 565 1808 636 dirigente,
1837 573 1897 619 ut
1923 579 2044 620 cum

455 657 550 710 ille
577 649 756 710 omnia
784 655 1067 726 diligenter
1088 655 1401 720 didicisset,
1441 656 1584 712 scire
1633 663 1813 726 posset
1840 654 1973 710 nihil
1997 655 2045 710 ei

453 745 669 815 profore
695 745 781 800 vel
810 745 1304 814 pritnogenituram,
1330 745 1416 800 vel
1437 747 1792 801 venationem.
1821 745 1911 800 54.
1939 744 2048 798 An-

453 837 577 892 ditis
609 837 923 893 sermonibus
956 837 1134 907 patris,
1166 837 1309 892 Εεαᾶ
1349 838 1584 892 clamavit
1626 853 1744 893 voce
1775 853 1965 909 magna
2001 845 2049 891 et

451 929 653 982 acerba.
692 927 831 996 Quid
862 937 946 982 est
971 969 987 995 ,
1035 926 1162 982 Voce
1187 943 1372 998 magna
1399 936 1447 983 et
1471 927 1691 983 acerba?
1725 928 2046 998 Indignatio-

453 1035 581 1075 nem
626 1018 946 1090 signiﬁcavit
987 1033 1086 1088 per
1123 1019 1366 1086 verbum,
1393 1026 1452 1075 et
1489 1020 1621 1074 iram
1665 1033 1911 1090 magnam
1943 1008 2047 1088 qua

453 1123 748 1165 succensus
771 1117 855 1165 est
892 1124 1014 1165 eum
1045 1108 1160 1164 hare
1185 1109 1481 1165 didicisset.
1511 1105 1582 1164 Et
1605 1109 1764 1174 dixit,
1789 1108 2011 1164 Benedic
2031 1148 2047 1174 ,

454 1200 682 1266 obsecro,
707 1208 755 1254 et
780 1207 880 1266 me,
913 1209 1074 1269 pater.
1112 1199 1204 1256 55.
1242 1198 1388 1254 Dixit
1412 1208 1580 1253 autem
1610 1199 1656 1255 ei
1677 1214 1696 1254 :
1721 1198 1910 1254 Frater
1931 1209 2050 1254 tuus

455 1292 590 1346 venit
617 1306 731 1345 cum
771 1291 910 1357 dolo,
943 1299 993 1346 et
1031 1291 1220 1362 accepit
1258 1290 1649 1346 benedictionem
1679 1300 1838 1345 tuam.
1867 1289 2039 1356 Prior,

455 1379 648 1451 inquit,
686 1378 849 1436 frater
883 1388 1004 1436 tuus
1037 1380 1460 1436 benedictionem
1490 1395 1703 1436 onmem
1732 1380 1960 1436 ubertim
1988 1387 2043 1434 et

454 1471 674 1538 copiose
698 1470 945 1540 abripuit.
981 1469 1050 1525 Et
1071 1476 1126 1526 ut
1144 1464 1831 1539 sciassupernamgratiam
1854 1470 1923 1525 ad
1943 1470 2044 1524 hoc

459 1559 984 1628 fuissecooperatam
1004 1599 1022 1627 ,
1066 1568 1125 1614 ut
1163 1559 1337 1628 justus
1371 1559 1728 1628 deciperetur,
1757 1559 1879 1614 vide
1909 1574 2046 1629 quo-

459 1647 622 1702 modo
648 1648 763 1717 ipse
791 1647 893 1702 hoc
917 1647 1144 1704 fateatur
1165 1649 1352 1704 dicens
1380 1665 1396 1702 :
1434 1647 1582 1703 Venit
1613 1651 1772 1719 frater
1791 1660 1907 1703 tuus
1932 1666 2044 1704 cum

458 1739 580 1793 dolo
603 1755 622 1792 :
643 1739 795 1808 quasi
823 1749 1042 1796 excuset
1068 1755 1128 1796 se
1154 1741 1296 1811 apud
1332 1741 1496 1797 lilium
1519 1783 1535 1808 ,
1576 1753 1631 1796 et
1672 1743 1821 1798 illum
1859 1744 2048 1799 doceat

459 1829 665 1898 dicens,
706 1830 959 1900 ignorans
985 1831 1060 1885 illi
1086 1831 1489 1888 benedictiones
1515 1831 1771 1901 impendi,
1798 1841 1852 1888 et
1888 1847 2044 1902 para-

459 1928 544 1976 tus
572 1935 720 1976 eram
763 1921 856 1977 tibi
891 1935 984 1978 eas
1025 1923 1205 1994 largiri
1235 1940 1249 1978 :
1278 1924 1372 1978 sed
1397 1924 1489 1978 ille
1526 1923 1668 1978 Venit
1693 1940 1806 1977 cum
1838 1923 1976 1988 dolo,
1999 1935 2048 1977 et

455 2013 652 2082 accepit
678 2011 1071 2068 benedictionem
1093 2023 1268 2081 tuam;
1289 2029 1409 2084 qua:
1429 2015 1523 2070 tibi
1550 2024 1844 2085 praeparata
1871 2025 2041 2081 erant,

432 2101 550 2157 ille
575 2103 849 2172 praeripuit
875 2121 888 2156 :
917 2118 1024 2157 non
1051 2103 1155 2158 hoc
1177 2119 1298 2158 mea
1322 2104 1476 2174 culpa
1506 2104 1703 2160 factum
1727 2112 1830 2160 est.
1857 2105 1946 2160 56.
1976 2105 2044 2158 Et

458 2195 612 2263 dixit,
639 2196 811 2265 inquit
831 2237 846 2263 ,
876 2194 1019 2251 Esat‘t
1047 2212 1065 2251 :
1091 2197 1245 2251 Recte
1268 2207 1496 2249 vocatum
1518 2205 1591 2250 est
1619 2213 1800 2252 nomen
1823 2203 1932 2265 ejus
1955 2196 1986 2250 ,Ι
1993 2213 2051 2249 α-

459 2284 585 2350 cob;
607 2287 946 2355 supplantavit
973 2289 1105 2340 enim
1133 2302 1212 2339 me
1227 2288 1341 2356 jam
1366 2288 1584 2340 secundo
1607 2303 1626 2341 :
1649 2297 1698 2342 et
1718 2289 2050 2359 primogenita

463 2393 576 2430 mea
601 2379 817 2444 tulerat,
844 2387 888 2431 et
911 2395 1043 2432 nunc
1067 2380 1259 2447 accepit
1288 2379 1680 2433 benedictionem
1707 2396 1889 2433 nteant.
1931 2380 2048 2435 Non

439 2467 520 2521 in
549 2483 765 2536 vanum,
790 2469 978 2538 inquit,
1009 2485 1202 2525 nomen
1234 2471 1336 2525 hoc
1359 2470 1574 2525 sortitus
1602 2481 1680 2524 est
1709 2472 2048 2541 :supplanta-

461 2561 662 2614 tionem
680 2560 823 2616 enim
843 2562 1248 2631 interpretamur
1264 2577 1457 2616 nomen
1478 2563 1590 2632 ejus
1609 2561 1683 2634 (a)
1701 2578 1715 2615 :
1743 2562 1794 2616 id
1809 2563 1948 2632 quod
1962 2562 2048 2617 hic

464 2650 518 2704 in
543 2665 628 2704 me
648 2650 952 2714 declaravit,
977 2660 1032 2706 et
1056 2652 1469 2722 primogenitura
1490 2663 1547 2708 et
1563 2653 1935 2708 benedictione
1959 2668 2047 2708 me

463 2741 696 2809 privans.
735 2741 870 2806 Quid
904 2743 1060 2811 igitur
1079 2743 1144 2796 ad
1178 2743 1323 2798 Isaac
1351 2744 1492 2799 Esai't
1519 2760 1532 2797 :
1563 2742 1686 2798 Non
1713 2745 1974 2798 reservasti
1998 2755 2046 2798 et

463 2831 590 2884 milti
615 2831 1022 2898 benedictionem,
1048 2835 1224 2902 pater?
1247 2834 1336 2888 57.
1363 2835 1641 2904 Respondit
1675 2844 1843 2888 autem
1869 2833 2043 2898 Isaac,

460 2931 509 2974 et
535 2922 665 2976 dixit
690 2921 831 2976 Esau
855 2939 875 2976 :
901 2924 1075 2989 Disce,
1103 2925 1292 2994 inquit,
1320 2925 1463 2994 quod
1497 2940 1686 2980 omnes
1720 2925 2046 2980 benedictio-

463 3025 562 3066 nes
593 3011 652 3067 in
676 3027 803 3068 eum
824 3013 1007 3079 effudi,
1037 3014 1162 3068 Cum
1199 3032 1314 3069 eum
1352 3015 1554 3086 fecerint
1591 3015 1855 3069 dominum
1881 3025 2042 3068 tuum.

465 3090 600 3157 Vide
617 3103 886 3173 quomodo
913 3107 1090 3159 statim
1116 3107 1182 3159 ab
1213 3107 1314 3160 hoc
1341 3106 1634 3171 exorditur,
1661 3113 1716 3161 et
1743 3105 1875 3161 nihil
1901 3105 2045 3160 aliud

461 3193 513 3248 ei
539 3209 698 3265 quam
725 3196 1033 3251 servitutem
1061 3197 1322 3266 significat
1347 3207 1404 3252 et
1427 3197 1810 3267 subjectionem
1837 3214 1850 3250 :
1877 3212 1942 3252 ac
1965 3196 2048 3251 di-

461 3285 537 3339 cit
563 3302 575 3338 :
599 3285 660 3339 Si
683 3301 798 3338 eum
835 3286 933 3358 feci
971 3286 1230 3340 dominum
1264 3298 1423 3354 tutan,
1451 3298 1498 3340 et
1522 3304 1693 3343 omnes
1727 3292 1909 3359 fratres
1935 3289 2045 3358 ejus

459 3389 647 3442 servos,
670 3375 918 3443 frumento
953 3386 1001 3430 et
1034 3376 1149 3430 uino
1175 3378 1392 3432 stabilivi
1425 3394 1539 3432 eum
1563 3394 1581 3433 :
1607 3379 1696 3433 tibi
1731 3391 1898 3434 autem
1925 3378 2047 3448 quid

464 3466 670 3536 faciam,
695 3467 809 3535 ﬁli?
831 3466 970 3522 Nihil
997 3467 1136 3522 aliud
1164 3469 1302 3523 ultra
1327 3469 1566 3524 relictum
1587 3479 1671 3525 est
1693 3488 1706 3526 :
1728 3485 1850 3524 cum
1871 3469 2046 3524 domi-

461 3573 588 3613 num
615 3573 736 3613 eum
767 3559 979 3615 fecerim
1005 3568 1175 3626 tuum,
1203 3572 1258 3616 et
1284 3576 1470 3617 omnes
1491 3561 1685 3619 fratres
1713 3564 1957 3632 famulos,
1990 3572 2046 3619 et

461 3663 640 3704 rerum
665 3664 1082 3706 necessariarum
1110 3651 1404 3708 ubertatem
1434 3663 1680 3723 precatus
1699 3655 1748 3710 ei
1773 3657 1898 3724 sim,
1915 3657 2042 3726 quid

459 3740 766 3794 aliud‘ultra
792 3742 1036 3796 relictum
1063 3743 1182 3797 est?
1211 3744 1300 3798 58.
1322 3743 1464 3798 Dixit
1487 3754 1654 3798 autem
1689 3745 1830 3800 Esati
1857 3747 1925 3798 ad
1952 3763 2044 3815 pa-

461 3842 586 3885 trem
608 3849 756 3888 suum
778 3849 797 3887 :
819 3833 959 3888 Nunt
991 3835 1266 3889 benedictio
1294 3851 1396 3889 una
1427 3837 1514 3890 tibi
1541 3846 1636 3903 est,
1663 3839 1840 3906 pater?
1875 3837 2042 3892 Bene-

462 3924 564 3988 dic,
583 3923 805 3991 obsecro,
827 3933 874 3979 et
895 3942 993 3979 me.
1015 3925 1278 3992 Quoniam
1299 3925 1496 3980 audivit
1515 3935 1720 3996 patrem
1736 3927 2000 3982 dicentem
2025 3945 2038 3981 :

463 4013 528 4068 Et
563 4015 792 4070 benedixi
825 4032 958 4084 eum,
982 4024 1031 4070 et
1067 4017 1353 4070 benedictus
1379 4018 1490 4084 erit,
1519 4026 1681 4087 atque
1714 4033 1928 4072 omnem
1967 4019 2041 4074 illi

459 4107 654 4162 deinde
678 4107 1102 4164 benedictionem
1131 4107 1485 4164 manifestavit
1515 4126 1531 4164 :
1564 4118 1690 4164 tunc
1723 4109 1910 4179 inquit,
1937 4109 2040 4164 Be-

460 4201 625 4268 nedic,
648 4201 924 4268 obsecro,et
938 4211 1193 4272 nte,pater
1214 4217 1235 4256 ε
1251 4217 1370 4255 nunt
1395 4218 1500 4256 una
1528 4201 1614 4256 tibi
1632 4201 1906 4256 benedictio
1925 4213 1997 4256 est
2015 4203 2040 4256 ξ)

455 4291 574 4349 Non
603 4302 754 4363 potes
778 4302 832 4348 et
853 4293 987 4348 mihi
1016 4300 1160 4348 tuam
1189 4293 1610 4350 benedictionem
1641 4295 1915 4364 impartiri,
1948 4297 2036 4366 qui

457 4383 526 4436 ita
547 4398 578 4440 a
601 4391 654 4439 te
674 4383 892 4454 diligor,
911 4384 1005 4453 qui
1032 4385 1432 4454 primogenitus,
1455 4386 1546 4455 qui
1574 4401 1603 4440 a
1637 4394 1687 4440 te
1709 4387 1768 4442 in
1794 4387 2036 4442 venatio-

458 4488 584 4527 nem
621 4473 816 4530 missus
850 4476 1007 4530 sum?
1046 4474 1402 4530 Conturbavit
1439 4487 1642 4545 patrem
1664 4478 1861 4533 verbis.
1889 4479 2038 4533 Cam-

458 4573 641 4631 puncto
664 4574 831 4619 autem
855 4565 1026 4634 Isaac,
1053 4566 1240 4635 inquit,
1257 4567 1488 4621 clamauit
1513 4583 1631 4621 voce
1657 4587 1839 4640 magna
1870 4570 2031 4637 Esait,

455 4668 502 4713 et
547 4659 704 4727 ﬂeuit.
747 4659 891 4713 Vidit
935 4668 1137 4728 patrem
1175 4661 1398 4715 consilio
1437 4660 1746 4717 destitutum
1771 4704 1786 4729 ,
1835 4673 1888 4718 et
1928 4680 2034 4719 non

457 4763 637 4819 posse,
665 4764 839 4819 neque
876 4749 1014 4805 velle
1051 4764 1302 4805 revocare
1331 4767 1448 4820 qu.c
1473 4751 1610 4807 facta
1633 4764 1758 4808 sunt
1788 4772 1800 4808 :
1829 4763 1884 4808 et
1919 4756 2032 4810 cla-

455 4839 592 4895 mori
617 4840 776 4903 etiam
804 4839 999 4907 adjecit
1031 4840 1323 4910 ploratum,
1352 4852 1410 4897 ut
1433 4842 1500 4896 ad
1526 4843 1779 4912 majorem
1809 4845 2030 4900 commi-

453 4930 773 4986 scrationem
830 4941 1035 5001 patrem
1089 4932 1344 4988 flecteret.
1399 4933 1643 4989 Misenus
1695 4935 1872 5005 itaque
1917 4937 2029 5006 ejus

454 5021 601 5080 Isaae
624 5021 756 5076 dixit
784 5022 833 5076 ei
867 5041 880 5076 :
909 5023 998 5078 59.
1028 5023 1160 5078 Ecce
1188 5023 1250 5079 de
1277 5025 1580 5095 pinguedine
1602 5035 1746 5082 teme
1772 5029 1865 5082 erit
1893 5030 2034 5084 [tabi-

453 5115 578 5169 tatio
611 5123 720 5181 tua,
753 5125 800 5168 et
837 5115 899 5168 de
937 5132 1051 5170 rore
1087 5117 1198 5170 cadi
1232 5117 1464 5186 desuper,
1486 5118 1576 5172 40.
1600 5127 1646 5172 et
1672 5123 1725 5173 in
1748 5121 1919 5189 gladio
1947 5131 2032 5175 tuo

451 5204 602 5271 vives,
634 5214 682 5259 et
726 5205 873 5274 fratri
902 5215 987 5258 tuo
1015 5206 1195 5260 servies
1225 5222 1244 5259 :
1271 5208 1361 5259 erit
1390 5217 1560 5261 autem
1584 5210 1786 5277 quando
1813 5210 2032 5278 depones

450 5305 498 5348 et
519 5295 744 5350 exsolves
763 5297 946 5366 jugum
971 5296 1082 5365 ejus
1106 5313 1136 5348 a
1159 5298 1290 5350 collo
1316 5307 1420 5351 tuo.
1448 5297 1727 5365 Quoniam,
1760 5301 1946 5370 inquit,
1978 5311 2032 5356 et

455 5386 569 5455 ipse
597 5401 768 5442 meam
796 5387 1218 5443 benedictionem
1245 5389 1537 5457 desideras,
1578 5391 1722 5448 disce
1764 5409 1870 5448 non
1911 5409 2030 5449 esse

453 5477 702 5545 possibile
731 5487 789 5532 ut
814 5493 966 5550 agam
991 5495 1109 5549 qua:
1132 5480 1322 5535 divinae
1348 5483 1600 5537 voluntati
1627 5485 1849 5539 adversa
1874 5495 2025 5550 sunt;

451 5566 543 5623 sed
565 5575 618 5622 et
643 5567 734 5622 tibi
756 5569 970 5640 quidem
992 5584 1268 5641 apprecor,
1284 5580 1341 5627 ut
1362 5589 1482 5628 rore
1501 5574 1614 5629 caeli
1639 5574 1832 5630 fruaris
1854 5593 1869 5630 :
1889 5577 2027 5632 scias

520 5680 595 5751 (α)
784 5689 909 5742 Elteb
927 5694 1144 5764 Hebraeis
1160 5703 1238 5747 est
1253 5695 1416 5760 planta
1438 5695 1593 5761 pedis,
1616 5697 1722 5749 sive
1749 5699 1895 5751 etiam
1911 5712 2025 5764 sup-

449 5762 696 5825 plantam,
705 5764 836 5816 unde
847 5763 1021 5819 factum
1039 5763 1192 5844 Spit”-

1458 356 1522 412 ιΝ
1559 357 1710 413 CAP.
1753 357 1964 414 XXVII.
2007 360 2252 416 GENES.
2295 360 2522 416 HOMIL.
2567 360 2698 415 ΙΛΙΙὶ

3643 360 3745 413 4ῗο

2153 482 2332 528 autem
2363 481 2414 529 te
2441 473 2724 529 militarem
2751 473 2912 528 vitam
2938 480 3180 530 acturum
3212 487 3333 530 esse
3358 489 3372 527 :
3397 472 3612 528 namJn
3630 475 3744 544 gla-

2152 563 2238 617 dio
2264 573 2349 617 tuo
2368 564 2518 628 viues,
2540 573 2588 618 et
2610 563 2761 634 fratri
2784 571 2871 618 tuo
2891 564 3108 618 servies.

2222 655 2276 709 5.
2315 653 2583 710 Caeterum
2625 655 2801 711 nullus
2840 654 2956 710 haec
2998 654 3220 710 audiens
3263 657 3524 719 miretur,
3551 652 3742 709 videns

2152 753 2277 815 post
2302 744 2419 800 hinc
2447 745 2665 800 fratrem
2698 745 2815 815 ejus
2841 755 3116 816 vagantem
3146 746 3216 801 ob
3243 745 3385 802 illius
3411 754 3611 804 metum
3637 787 3653 811 ,
3681 755 3738 800 et

2149 836 2204 892 in
2235 846 2433 892 terram
2458 837 2689 892 alienam
2716 838 3129 894 contendentem
3155 855 3168 891 :
3201 851 3373 907 neque
3396 835 3546 892 initia
3568 843 3744 892 atten-

2151 926 2304 993 dens,
2326 926 2596 982 existimet
2608 927 2917 982 vaticinium
2935 927 3206 983 excidere.
3235 927 3370 986 Nam
3395 926 3744 998 quando.l)o~

2150 1017 2330 1072 minus
2356 1016 2558 1086 aliquid
2585 1017 2864 1087 pollicetur
2881 1057 2898 1083 ,
2925 1019 3028 1072 etsi
3055 1017 3320 1073 contraria
3347 1017 3412 1073 iis
3439 1033 3558 1088 qum
3587 1017 3741 1087 polli—

2148 1116 2300 1163 cetur
2325 1106 2600 1162 videamus
2630 1107 2684 1161 in
2714 1106 2977 1177 principio
3004 1108 3219 1164 evenire
3237 1148 3253 1173 ,
3282 1123 3386 1164 non
3420 1109 3739 1166 turbentur:

2149 1211 2325 1268 neque
2353 1198 2498 1253 enim
2529 1197 2780 1267 possibile
2807 1206 2892 1255 est
2919 1209 2978 1254 ut
3003 1199 3070 1254 ad
3094 1199 3254 1254 finem
3278 1215 3446 1270 usque
3472 1199 3738 1270 promissa

2151 1288 2420 1344 excidant.
2455 1287 2568 1344 Hoc
2591 1297 2772 1348 autem
2801 1288 2891 1355 fit,
2923 1297 2980 1343 ut
3006 1287 3282 1380 dumJ'usti
3310 1304 3404 1358 per
3431 1290 3607 1344 omnia
3633 1289 3740 1380 ful-

2149 1380 2380 1450 gidiores
2404 1380 2700 1436 redduntur
2715 1421 2730 1444 ,
2755 1380 3133 1436 abundantiam
3146 1379 3368 1434 ’virtutis
3392 1381 3486 1434 Dei
3509 1379 3734 1435 ntauife-

2151 1481 2287 1526 stam
2308 1471 2458 1525 nobis
2481 1472 2724 1526 omnibus
2740 1471 2954 1526 faciant.
2982 1471 3050 1525 Et
3071 1471 3122 1524 in
3136 1485 3455 1540 unoquoque
3469 1470 3734 1540 justorum

2152 1561 2256 1615 hoc
2286 1563 2556 1625 invenies,
2586 1563 2631 1617 si
2659 1562 2887 1616 volueris
2921 1562 3170 1636 historias
3195 1561 3428 1630 singulas
3457 1561 3741 1629 diligenter

2149 1653 2594 1718 animadvertere,
2625 1653 2765 1723 quod
2813 1668 2941 1707 sane
2982 1667 3122 1706 nunc
3165 1667 3372 1721 quoque
3411 1652 3604 1704 factum
3631 1657 3734 1705 est.

2149 1744 2227 1798 Nc
2257 1743 2356 1799 hoc
2377 1745 2640 1809 attendas,
2665 1745 2805 1813 quod
2839 1759 2977 1798 nunc
2999 1744 3173 1797 statim
3207 1744 3460 1812 profugus
3490 1743 3558 1797 sit
3583 1785 3596 1806 ,
3641 1745 3736 1796 sed

2149 1837 2320 1906 cogita
2369 1837 2592 1906 gloriam
2629 1851 2750 1905 quae
2779 1837 2999 1905 posthac
3033 1845 3315 1905 sequetur;
3369 1845 3425 1889 ut
3471 1835 3739 1905 quomodo

2153 1928 2407 1996 temporis
2449 1941 2700 1996 processu
2748 1927 2834 1982 hic
2873 1927 2988 1996 ipse
3033 1930 3112 1981 sic
3153 1925 3405 1980 terribilis
3440 1927 3521 1983 illi,
3549 1927 3737 1989 factus,

2150 2025 2354 2072 tantam
2395 2033 2517 2087 erga
2563 2031 2686 2072 eum
2725 2017 2958 2071 declaret
3001 2016 3361 2071 reverentiam
3410 2034 3422 2068 :
3471 2015 3738 2084 quomodo

2151 2111 2279 2165 item
2299 2109 2352 2164 in
2381 2119 2581 2163 tantam
2603 2109 2806 2164 venerit
2832 2108 3056 2179 gloriam
3079 2115 3200 2177 post
3223 2121 3506 2171 aerumnas,
3529 2121 3660 2174 quas
3683 2107 3735 2158 in

2152 2212 2292 2259 terra
2321 2202 2491 2256 aliena
2514 2201 2655 2267 tulit,
2683 2210 2742 2254 ut
2769 2200 2859 2270 qui
2885 2215 2949 2254 ex
2977 2200 3092 2268 ipso
3121 2199 3229 2252 nati
3255 2208 3400 2264 sunt,
3423 2198 3476 2251 in
3508 2198 3737 2252 immen-

2150 2309 2267 2349 sam
2291 2292 2683 2348 multitudinem
2726 2299 3085 2361 propagentur
3107 2329 3123 2356 ,
3155 2297 3210 2344 et
3237 2289 3354 2358 ejus
3382 2288 3597 2344 nomine
3627 2297 3733 2342 tota

2149 2383 2708 2455 genscognominctur
2727 2391 2782 2437 et
2802 2381 3132 2452 insigniatur.
3164 2380 3314 2435 Nunc
3338 2389 3516 2434 autem
3540 2380 3738 2434 docens

2149 2491 2247 2530 nos
2284 2475 2461 2529 divina
2501 2473 2774 2543 Scriptura
2823 2475 3000 2528 fratris
3035 2472 3482 2542 it‘tdignationem,
3527 2487 3630 2541 qua
3669 2473 3736 2526 ad

2149 2568 2492 2623 homicidium
2527 2567 2828 2635 spectabat,
2863 2566 3034 2636 inquit
3067 2583 3079 2619 :
3111 2567 3198 2620 41.
3230 2564 3298 2618 Et
3318 2565 3434 2618 odio
3455 2566 3594 2635 gravi
3617 2581 3738 2633 pro-

2147 2660 2444 2731 sequebatur
2479 2659 2622 2714 Esat'i
2661 2658 2822 2713 Jacob
2859 2668 3060 2729 propter
3088 2657 3500 2722 benedictionem,
3525 2675 3622 2728 qua
3648 2675 3734 2711 oe-

2148 2755 2408 2808 nedixerat
2449 2769 2562 2807 eum
2599 2762 2739 2822 pater
2779 2769 2920 2807 suns.
2965 2753 3030 2806 Et
3071 2761 3129 2806 ut
3169 2753 3400 2806 sciamus
3429 2767 3534 2806 non
3576 2751 3735 2806 fuisse

2147 2844 2444 2914 simplicem
2475 2842 2807 2899 subitaneam
2843 2843 3008 2907 iram,
3039 2857 3134 2911 per
3163 2842 3460 2899 dictionem
3483 2842 3734 2896 nobissi-

2146 2936 2417 3005 gnificavit
2438 2934 2656 2988 malitia:
2681 2933 2796 3002 ejus
2823 2947 3122 2987 excessum.
3154 2931 3307 2987 Gravi
3327 2934 3735 3002 adioproseque-

2147 3025 2316 3091 batur,
2345 3024 2474 3078 dicit
2503 3040 2516 3076 :
2545 3022 2647 3077 hoc
2665 3032 2766 3088 est,
2796 3023 3024 3076 instabat
3047 3029 3102 3077 et
3127 3023 3504 3090 perseverabat
3527 3021 3728 3084 odium,

2149 3119 2220 3172 ita
2250 3125 2307 3172 ut
2334 3124 2392 3172 et
2414 3123 2649 3170 mentem
2675 3117 2726 3168 in
2753 3113 3016 3184 profundo
3055 3114 3310 3169 latentem
3345 3129 3440 3184 per
3463 3114 3620 3167 verba
3660 3114 3734 3166 si-

2146 3209 2444 3280 gnificaret.
2474 3207 2619 3262 Dixit
2639 3208 2772 3262 enim
2799 3207 2853 3260 in
2877 3207 3027 3261 corde
3045 3222 3135 3260 suo
3158 3221 3176 3260 :
3197 3205 3608 3277 Appropinqttent
3627 3205 3732 3258 dies

2147 3301 2314 3356 luctus
2357 3300 2515 3370 patris
2555 3299 2678 3364 mei,
2717 3306 2773 3352 ut
2817 3297 3045 3352 occidant
3089 3296 3248 3350 Jacob
3292 3298 3499 3366 fratrem
3545 3311 3728 3348 meant.

2147 3389 2284 3446 Vere
2309 3391 2526 3446 omnino
2555 3389 2600 3446 is
2633 3388 2723 3459 qui
2757 3388 3002 3444 irascitur
3043 3403 3150 3442 non
3193 3387 3370 3442 minus
3395 3401 3554 3455 quam
3582 3387 3615 3439 ii
3640 3387 3732 3455 qui

2147 3481 2332 3538 furiosi
2355 3490 2501 3548 sunt,
2517 3481 2733 3536 insanit.
2762 3478 3049 3536 Considera
3072 3477 3215 3533 enim
3235 3477 3502 3548 quomodo
3519 3476 3728 3530 dannon

2147 3575 2240 3630 ille
2283 3573 2422 3630 sicut
2460 3574 2784 3628 insanientes
2829 3571 3235 3640 subingressus,
3277 3577 3455 3624 mente
3495 3568 3732 3622 destituit

2146 3681 2279 3736 quos
2303 3666 2558 3734 corripit,
2585 3674 2641 3719 et
2665 3663 2853 3718 suadet
2879 3671 2934 3717 ut
2962 3663 3118 3731 plane
3150 3661 3417 3716 contraria
3448 3657 3640 3713 faciant
3667 3658 3730 3712 iis

2145 3772 2265 3826 quae
2302 3756 2468 3810 oculis
2512 3754 2779 3808 videntur.
2826 3753 3005 3821 Neque
3050 3752 3190 3806 enim
3236 3757 3378 3805 recte
3403 3748 3584 3802 vident
3619 3749 3727 3810 illi,

2147 3859 2321 3914 neque
2368 3843 2511 3897 aliud
2554 3841 2803 3911 quiddam
2850 3840 3050 3894 faciunt
3086 3858 3098 3894 :
3135 3839 3228 3893 sed
3272 3838 3423 3908 quasi
3467 3836 3730 3894 hebetatis

2146 3938 2409 4001 sensibus,
2451 3944 2506 3990 et
2544 3935 2816 4005 judicandi
2851 3935 2900 3989 vi
2941 3935 3156 3998 amissa,
3198 3933 3398 3988 faciunt
3425 3927 3619 3988 omnia.
3654 3930 3729 3987 Ita

2145 4045 2274 4086 sane
2299 4039 2355 4086 et
2372 4027 2462 4100 qui
2491 4028 2812 4095 irascuntur,
2831 4043 2938 4082 non
2966 4036 3258 4097 agnoscunt
3285 4037 3596 4098 przescntes,
3622 4041 3740 4081 non.

2145 4137 2413 4178 memores
2449 4129 2574 4177 sunt
2611 4121 2962 4190 cognationis,
2988 4134 3092 4174 non
3123 4120 3429 4186 amicitiam,
3462 4133 3570 4174 non
3596 4135 3725 4172 eun-

2143 4213 2499 4278 suetudinem,
2523 4227 2630 4267 non
2655 4211 2986 4282 dignitatem,
3008 4227 3180 4280 neque
3204 4209 3489 4280 quidquam
3511 4210 3652 4264 aliud
3674 4211 3728 4264 in

2142 4314 2375 4360 utentem
2399 4303 2713 4370 admittunt,
2743 4302 2838 4358 sed
2867 4302 2957 4357 ira:
2983 4302 3032 4355 vi
3061 4303 3250 4372 pressi,
3281 4303 3333 4355 in
3361 4317 3600 4371 pracccps
3627 4303 3728 4356 mi-

2141 4395 2435 4452 serabiliter
2461 4395 2718 4449 feruntur.
2766 4393 2903 4461 Quid
2931 4393 3091 4462 igitur
3120 4393 3223 4447 illis
3251 4393 3500 4447 miserius
3529 4391 3724 4458 fuerit,

2141 4487 2352 4555 quando
2393 4487 2519 4540 victi
2562 4493 2617 4540 et
2657 4487 2796 4553 capti
2837 4484 2904 4538 ab
2943 4485 3253 4552 aegritudine
3279 4485 3438 4538 animi
3469 4484 3723 4540 etiamad

2142 4576 2484 4630 homicidium
2513 4575 2801 4630 festinant?
2832 4574 3118 4642 Propterea
3146 4575 3333 4627 beatus
3359 4573 3554 4628 Paulus
3581 4573 3724 4628 radi-

2140 4683 2255 4721 cem
2283 4665 2438 4736 hujus
2464 4664 2588 4719 mali
2619 4665 2800 4719 volens
2820 4664 3116 4732 exstirpare
3137 4703 3151 4726 ,
3183 4662 3449 4726 admonet,
3484 4662 3559 4715 sic
3583 4661 3720 4716 scti-

2140 4757 2309 4812 bens:
2343 4755 2520 4810 Omnis
2547 4757 2627 4810 ira
2659 4764 2705 4808 et
2735 4754 3058 4824 indignatio,
3095 4763 3142 4806 et
3183 4753 3373 4805 clamor
3409 4751 3722 4821 auferatura

2139 4848 2273 4901 vobis
2296 4863 2408 4900 cum
2436 4847 2570 4900 omni
2599 4844 2792 4899 ntalitia
2818 4831 3031 4914 (Ep/tes.
3055 4843 3106 4897 4.
3139 4842 3249 4914 51).
3278 4841 3395 4896 Νοη
3420 4841 3614 4909 solum,
3639 4843 3721 4894 in-

2138 4939 2270 5008 quit,
2301 4937 2424 4991 nolo
2453 4951 2550 4992 vos
2583 4949 2900 4991 succensere
2943 4942 2998 4988 et
3036 4933 3314 5003 indignari,
3343 4942 3397 4989 et
3423 4933 3602 5000 irasci,
3625 4933 3719 4988 sed

2138 5043 2309 5098 neque
2328 5041 2446 5083 cum
2471 5027 2702 5081 clamore
2731 5025 2984 5095 proximis
3007 5025 3147 5095 loqui
3177 5041 3189 5078 :
3215 5024 3502 5080 clamorem
3528 5023 3615 5078 hic
3633 5023 3718 5079 di-

2136 5135 2262 5175 cens
2284 5161 2300 5187 ,
2335 5119 2423 5188 qui
2455 5117 2523 5173 ab
2562 5117 2638 5171 ira
2681 5117 2932 5170 nascitur.
2961 5115 3184 5182 Quando
3210 5116 3351 5170 enim
3381 5115 3600 5170 morbus
3632 5114 3719 5169 hic

2137 5212 2455 5266 intrinsecus
2495 5209 2752 5263 excitatur
2795 5216 2847 5261 et
2890 5221 2983 5261 cor
3024 5215 3220 5274 tumet,
3250 5221 3355 5261 non
3375 5207 3483 5276 jam
3511 5207 3636 5261 sinit
3663 5217 3722 5260 ut

2137 5304 2311 5373 lingua
2353 5302 2556 5372 placide
2599 5301 2871 5371 loquatur;
2921 5299 3013 5354 sed
3049 5299 3385 5354 affectionem
3413 5298 3590 5353 cordis
3619 5297 3715 5352 de-

2138 5401 2440 5446 nmustrans
2460 5431 2475 5458 ,
2507 5391 2666 5445 efficit
2689 5400 2746 5444 ut
2775 5389 3008 5444 clamose
3033 5403 3154 5442 cum
3180 5388 3422 5456 proximo
3447 5387 3715 5454 loquatur.

2138 5485 2333 5538 Volens
2362 5484 2518 5552 igitur
2544 5483 2728 5537 beatus
2759 5482 2844 5535 ille
2873 5481 2970 5536 sibi
3001 5481 3428 5548 obtemperantes
3453 5477 3504 5531 in
3533 5492 3716 5546 perpe-

2136 5584 2222 5630 tua
2245 5575 2443 5628 versari
2467 5574 2861 5644 tranquillitate,
2891 5571 3021 5626 dixit
3047 5590 3059 5624 :
3098 5571 3274 5624 Omnis
3299 5570 3378 5622 ira
3408 5570 3532 5638 (hoc
3555 5577 3659 5634 est,
3682 5585 3714 5624 a

2134 5667 2503 5737 qualicumque
2547 5681 2706 5722 causa
2747 5663 3064 5734 moveatur),
3093 5674 3137 5718 et
3160 5665 3334 5719 omnis
3359 5664 3638 5734 indignatio
3667 5672 3714 5716 et

2134 5761 2307 5818 omnis
2343 5759 2534 5817 clamor
2578 5760 2784 5817 tollatur
2815 5774 2846 5811 a
2877 5756 3009 5813 vobis
3037 5755 3267 5814 :deindc
3293 5755 3533 5813 radicem
3551 5753 3713 5823 huius
