4168 6264
493 347 595 403 ιτι

491 460 617 517 mali
659 459 843 516 volens
889 458 1179 521 arefacere.
1228 466 1283 513 et
1324 454 1567 510 inutilem
1613 448 1862 513 reddere,
1903 445 2081 503 dicit:

498 553 628 609 Cum
655 553 792 608 omni
825 553 1037 606 malitia.
1075 548 1212 611 Nam
1250 548 1340 617 qui
1383 547 1465 602 sic
1505 542 1758 609 afﬁcitur,
1785 554 2000 610 semper
2028 538 2083 592 in

495 656 653 718 portu
683 645 833 701 sedet
853 660 883 699 a
905 642 1130 699 terrenis
1149 640 1396 695 fluctibus
1418 636 1587 703 liber;
1610 643 1673 692 et
1687 648 1861 705 neque
1879 642 2086 704 tempe-

498 746 694 791 statem
719 738 889 802 timet,
916 748 1088 804 neque
1111 731 1481 805 naufragium;
1524 727 1621 785 sed
1652 726 1807 798 quasi
1847 725 1905 781 in
1935 732 2085 780 trau-

495 827 762 899 quillitate
805 826 1057 895 navigans
1077 864 1093 891 ,
1123 823 1208 880 vel
1234 823 1288 878 in
1319 820 1531 893 placido
1555 828 1713 898 portu
1746 817 1940 877 sedens
1959 858 1974 883 ,
2010 816 2085 872 ita

499 925 817 987 pascentem
838 915 1002 971 vitam
1026 914 1209 983 trahit,
1236 929 1343 970 non
1367 912 1543 967 solum
1581 910 1652 966 ab
1687 909 1835 965 omni
1871 916 2086 977 pertur-

496 1008 719 1071 batione
741 1007 900 1073 liber,
922 1007 1019 1063 sed
1041 1015 1096 1062 et
1121 1005 1497 1062 immortalium
1526 1012 1582 1059 et
1615 1001 1961 1059 ineﬂ‘abilium
1988 999 2085 1055 bo-

499 1112 689 1155 norum
713 1097 919 1154 fructus
952 1098 1053 1153 sibi
1097 1113 1193 1167 per
1229 1097 1409 1155 omnia
1434 1095 1726 1155 concilians
1757 1111 1771 1148 :
1802 1093 1894 1164 qui
1933 1091 2091 1173 nobis

498 1190 748 1247 omnibus
773 1190 1138 1247 concedantur
1158 1232 1172 1255 ,
1199 1191 1369 1261 gratia
1393 1198 1451 1245 et
1481 1186 1849 1246 misericordia
1876 1184 2087 1241 Domini

498 1282 667 1338 nostri
710 1282 839 1338 lesu
874 1282 1093 1348 Christi,
1123 1282 1338 1352 quicum
1364 1281 1529 1349 Patri,
1560 1290 1616 1337 et
1650 1287 1837 1337 sancto
1865 1276 2089 1348 Spiritui

498 1374 569 1439 sit
592 1374 761 1445 gloria
778 1414 795 1441 ,
839 1374 1046 1439 honor,
1085 1373 1364 1443 imperium
1382 1415 1401 1443 ι
1441 1387 1583 1433 nunc
1610 1380 1665 1429 et
1692 1385 1926 1441 semper,
1954 1378 2011 1426 et
2032 1370 2091 1428 in

499 1466 698 1530 stesttla
726 1466 1063 1522 steculorum‘.
1091 1469 1284 1522 Amen.

1070 1598 1350 1656 llOMlLlA
1387 1598 1523 1661 ιιιγρ

644 1710 871 1774 Rebecca
898 1721 1065 1767 autem
1092 1721 1264 1767 uocato
1291 1713 1407 1782 ﬁlio
1420 1728 1512 1771 suo
1525 1712 1732 1782 juniore
1754 1711 1881 1765 dixit
1901 1712 1947 1765 ei

1088 1801 1239 1875 (Gen.
1263 1803 1355 1857 27.
1387 1802 1504 1874 d2).

574 1914 599 1966 Ι
612 1952 628 1968 .
656 1912 848 1967 Gratim
868 1912 1051 1975 divina:
1073 1915 1340 1969 auxilium.
1376 1913 1694 1971 Conscientia
1711 1916 1961 1989 reﬁciens
1981 1929 2091 1969 ma-

501 2003 969 2074 giam—Vidistis
989 2003 1103 2060 heri
1125 2006 1390 2075 publicani
1412 2006 1550 2064 bene
1568 2006 1816 2063 affectum
1828 2008 2087 2075 animum,

502 2103 557 2155 et
577 2093 786 2149 Domini
810 2094 1127 2153 ineliabilem
1142 2097 1583 2165 misericordiam,
1599 2107 1654 2158 et
1666 2098 1914 2161 Judaeoru
1921 2114 1973 2153 Ill
1986 2108 2093 2154 stu-

501 2184 779 2255 piditatem
800 2185 1115 2243 immensam
1138 2188 1212 2259 (a)
1229 2188 1252 2242 τ
1277 2188 1492 2246 Vidistis
1511 2191 1779 2260 quomodo
1791 2205 1978 2247 omnes
1990 2204 2091 2247 nos

501 2278 757 2335 erudierit
784 2279 969 2335 beatus
989 2280 1288 2347 Matthreus,
1306 2282 1485 2344 statim
1508 2284 1786 2350 obediens,
1809 2294 1866 2342 et
1886 2295 2089 2345 tantam

502 2383 712 2426 morum
736 2371 1086 2427 mutationem
1109 2387 1223 2442 prae
1247 2388 1308 2429 se
1336 2374 1516 2431 ferens
1544 2390 1558 2432 :
1586 2376 1711 2447 quia
1738 2377 1792 2433 in
1818 2378 2091 2433 voluntate

504 2471 711 2531 nostra,
740 2473 861 2533 post
886 2478 1172 2535 supernam
1192 2468 1440 2537 gratiam,
1468 2468 1585 2526 siue
1608 2479 1732 2525 sunt
1756 2480 1812 2526 et
1834 2471 2088 2541 virtutes,

506 2562 563 2610 et
591 2556 718 2610 vitia
742 2573 755 2610 :
787 2564 843 2618 et
870 2558 992 2628 quia
1017 2560 1197 2615 studio
1224 2569 1409 2616 nostro
1433 2576 1716 2631 possumus
1738 2564 1853 2619 fieri
1884 2565 2092 2620 virtuti-

502 2646 606 2703 bus
632 2649 935 2719 conspicui;
967 2661 1020 2707 et
1045 2662 1231 2708 contra
1257 2654 1470 2711 desides
1494 2655 1642 2723 facti,
1662 2658 1713 2712 in
1735 2658 1937 2727 peccati
1962 2674 2093 2728 prm-

502 2738 741 2808 eipitium
767 2740 1001 2797 deferri?
1042 2743 1153 2799 Hoc
1190 2745 1335 2801 enim
1370 2756 1452 2802 est
1483 2762 1589 2819 quo
1613 2764 1644 2803 a
1676 2749 1845 2804 brutis
1883 2749 2089 2805 differi-

499 2849 642 2903 mus,
667 2834 786 2905 quia
816 2838 1021 2893 ratione
1042 2840 1272 2910 insigniti
1301 2855 1485 2898 sumus
1503 2856 1533 2896 a
1554 2842 1785 2914 benigno
1811 2844 1941 2910 Deo,
1960 2843 2089 2899 etin

506 2937 693 2985 natura
722 2941 904 2987 nostra
931 2932 1089 2988 insita
1128 2944 1209 2990 est
1243 2935 1465 2994 scientia
1497 2936 1620 2991 boni
1646 2947 1699 2996 et
1726 2938 1873 3000 mali.
1904 2936 2090 2998 Nullus

500 3037 630 3093 ergo
653 3031 939 3092 praetexat,
978 3040 1041 3081 se
1080 3041 1150 3080 ex
1192 3027 1487 3098 ignorantia
1517 3030 1765 3085 virtutem
1795 3030 2085 3102 negligere,

500 3113 587 3169 vel
610 3115 734 3185 quia
765 3116 971 3180 nullum
996 3116 1190 3173 habeat
1218 3120 1314 3174 via:
1344 3119 1533 3175 ducem
1562 3129 1616 3175 et
1636 3131 2089 3178 commonstrato—-

499 3217 636 3260 rem.
656 3204 1019 3265 Sufficieutem
1039 3212 1183 3264 enim
1204 3211 1515 3281 magistrum
1535 3211 1793 3275 habemus
1812 3214 2089 3269 conscien-

501 3295 652 3360 tiam,
674 3305 728 3350 et
756 3296 871 3351 fieri
896 3312 1003 3362 non
1023 3308 1219 3367 potest,
1242 3308 1300 3362 ut
1324 3304 1443 3371 quis
1469 3304 1559 3358 illo
1581 3303 1890 3373 adjnmento
1911 3305 2087 3374 prive-

501 3393 610 3450 tur.
640 3384 772 3440 Nam
801 3387 965 3442 simul
988 3403 1108 3444 cum
1132 3390 1450 3450 formatione
1475 3393 1704 3449 hominis
1726 3394 1880 3457 insita
1908 3405 1989 3451 est
2009 3395 2089 3451 illi

499 3477 723 3541 scientia
744 3476 1128 3551 faciendorum,
1150 3490 1208 3537 ut
1226 3492 1429 3539 rectum
1457 3501 1612 3539 suum
1641 3485 1879 3541 animum
1905 3488 2085 3547 decla-

498 3583 628 3637 rans
655 3569 707 3623 in
732 3572 983 3639 pnesenti
1004 3572 1129 3641 vita,
1148 3575 1299 3645 quasi
1327 3574 1381 3630 in
1407 3576 1654 3649 palmtra
1679 3578 1904 3647 quadam
1934 3594 2089 3635 exer-

505 3661 700 3720 citatus
740 3660 807 3716 ad
847 3662 1099 3727 virtutum
1160 3665 1369 3723 labores
1397 3709 1414 3735 ,
1454 3668 1735 3739 probitatis
1771 3670 2087 3742 virtutisque

500 3755 718 3837 praemia
748 3764 1020 3826 reportet,
1064 3768 1118 3815 et
1156 3760 1303 3815 brevi
1344 3771 1581 3833 tempore
1608 3764 1660 3818 in
1691 3764 1960 3822 laboribus
1987 3767 2086 3822 de-

496 3861 676 3914 curso,
700 3859 983 3921 perpetuas
1002 3868 1229 3911 coronas
1256 3866 1542 3926 mereatur,
1563 3868 1722 3929 atque
1744 3859 1795 3914 in
1820 3860 1964 3919 ﬂuxo
1985 3860 2087 3917 hoc

496 3941 695 3997 sarcqu
714 3943 964 4001 virtutem
986 3949 1345 4018 amplexatus,
1371 3951 1587 4008 a'ternis
1613 3952 1771 4009 bonis
1797 3953 1849 4008 in
1877 3954 2085 4010 infinita

498 4033 694 4086 saecula
720 4032 942 4090 fruatur.
986 4034 1042 4095 1d
1069 4052 1199 4102 sane
1227 4040 1478 4107 scientes,
1507 4041 1716 4110 fratres,
1746 4055 1985 4101 nostram
2017 4063 2086 4103 ne

495 4122 785 4192 perdamus
807 4126 1167 4197 nobilitatem,
1203 4145 1269 4186 ne
1297 4130 1465 4187 simus
1497 4142 1616 4202 post
1643 4144 1842 4191 tantam
1880 4136 2084 4194 benefi-

497 4214 729 4276 centiam
776 4216 989 4286 ingrati,
1031 4235 1098 4274 ne
1138 4230 1406 4277 sectemur
1450 4224 1767 4294 voluptates,
1817 4244 1938 4299 qua:
1978 4239 2084 4285 tam

498 4304 651 4361 brevi
684 4314 927 4376 tempore
950 4309 1170 4378 durant,
1205 4326 1514 4383 perpetuum
1546 4317 1785 4374 dolorem
1815 4320 1968 4380 nobis
1991 4336 2084 4377 ac—

496 4404 768 4459 cersentes
800 4414 813 4451 :
845 4397 941 4453 sed
989 4408 1113 4456 ante
1159 4416 1257 4457 nos
1303 4417 1516 4477 semper
1560 4406 1828 4467 intuentes
1872 4412 2082 4468 oculum

495 4485 647 4540 illum
671 4487 763 4557 qui
789 4503 1079 4561 numquam
1105 4494 1309 4563 sopitur
1327 4536 1340 4560 ,
1372 4496 1459 4567 qui
1484 4504 1539 4551 et
1565 4498 1879 4557 abscondita
1906 4504 2083 4560 cordis

496 4584 666 4652 novit,
698 4601 784 4652 res
810 4598 1023 4655 nostras
1050 4589 1119 4644 ita
1150 4590 1489 4648 instituamus
1527 4603 1580 4651 et
1617 4598 1989 4665 moderemur,
2030 4609 2084 4655 et

495 4678 688 4732 muniti
711 4678 882 4752 armis,
894 4679 1124 4751 Spiritus
1148 4683 1284 4741 bene
1308 4684 1553 4741 affectum
1576 4688 1812 4747 animum
1831 4691 2084 4755 exhibea-

494 4784 642 4844 mus,
667 4782 725 4826 ut
749 4787 983 4843 superno
1015 4774 1250 4842 fruentes
1282 4778 1511 4847 auxilio,
1544 4779 1752 4834 devicto
1792 4780 1947 4837 hoste
1988 4784 2082 4837 illo

493 4871 548 4919 et
573 4863 880 4919 adversario
920 4875 1100 4924 nostro
1122 4909 1137 4935 ,
1169 4868 1391 4940 ejusque
1420 4870 1858 4929 machinamentis
1883 4873 2082 4937 inutili-

493 4953 595 5009 bus
635 4956 875 5021 redditis,
909 4959 1064 5029 bonis
1106 4961 1212 5021 illis,
1248 4962 1355 5029 frui
1381 4964 1670 5031 valeamus,
1699 4980 1817 5035 qua:
1838 4968 2083 5036 promisit

494 5042 755 5113 Dominus
794 5043 1135 5115 diligentibus
1162 5065 1240 5114 se.
1274 5050 1352 5107 Ne
1377 5068 1505 5124 ergo
1532 5055 1652 5125 quis
1678 5064 1884 5125 spectet
1907 5056 1973 5113 ad
2000 5058 2075 5112 la-

492 5135 680 5190 berem
719 5136 1011 5207 virtutum,
1046 5141 1140 5196 sed
1181 5142 1384 5198 lucrum
1425 5146 1549 5211 inde
1594 5156 1800 5218 partum
1842 5151 2083 5220 cogitans

492 5235 737 5297 prompte
766 5228 977 5284 labores
1006 5232 1278 5301 suscipiat.
1303 5235 1435 5291 Nam
1477 5239 1521 5293 si
1562 5240 1597 5294 ii
1635 5242 1724 5311 qui
1765 5242 1817 5307 in
1853 5246 2082 5300 terrenis

493 5327 776 5378 versantur
804 5324 1056 5397 negotiis,
1081 5333 1135 5381 et
1159 5324 1226 5388 ad
1254 5327 1581 5398 colligendas
1610 5346 1740 5401 opes
1771 5334 2077 5405 insaniunt,

553 5520 635 5601 ςειὶ
659 5522 743 5601 ’ξίρ
766 5532 1182 5601 summovetur.
1199 5524 1413 5601 ,ξθοξιιίιίξι
1457 5530 1540 5580 ubi
1562 5532 1626 5581 de
1651 5535 1905 5601 Publicano
1929 5541 2083 5601 poeni-

487 5584 735 5660 tegt‘e,
758 5586 1031 5660 Judaeorurn
1054 5584 1535 5660 stupiditatendeque
1551 5584 1753 5660 Matt'hazi
1767 5584 2080 5660 5.3651613;

489 5643 682 5714 catione
706 5648 942 5714 agebatur
965 5662 978 5698 :
1003 5660 1066 5714 an
1090 5643 1209 5701 vero
1232 5643 1347 5702 haec
1358 5643 1553 5705 honiilia
1569 5643 1633 5707 ex
1650 5643 2077 5714 wiuﬁfﬁﬁiinié.

488 5708 1164 5791 2.3“.2119'199‘1W"0m
1190 5716 1356 5785 ροὲυίί.
1373 5720 1587 5783 Mittor
1610 5708 1779 5786 auehi
1798 5708 2076 5791 ἐξ

488 5778 825 5833 mnumero
847 5783 975 5837 €550.
1205 5786 1209 5791 '
1268 5778 1273 5781 “
1334 5778 1356 5785 ⁷’
1458 5778 1471 5781 ’
1506 5782 1511 5783 ⁷
1550 5778 1551 5781 “
1643 5778 1667 5786 ”
1860 5783 1864 5787 “
1976 5786 1979 5787 ⁷

1202 344 1261 401 S.
1302 338 1583 398 JOANNIS
1620 327 2101 393 CIIRYSOSTOIH
2147 328 2464 387 ARCHIEP.
2499 329 3033 390 CONSTANTDNOP.

3692 332 3818 388 472

2186 446 2364 501 omnia
2396 456 2639 517 prompte
2674 446 2974 515 suscipiunt
3001 444 3271 512 facienda;
3301 452 3356 500 et
3385 445 3641 516 pertcula
3679 461 3813 500 ma—

2187 538 2280 602 ris,
2304 537 2599 607 naufragia,
2628 538 2920 607 piratarum
2964 535 3184 591 insidias
3223 533 3635 605 prospicientes
3683 551 3814 590 non

2186 629 2519 699 franguntur,
2541 643 2642 684 nec
2667 627 2944 699 segniores
2971 627 3124 693 ﬁunt,
3139 628 3383 695 quamvis
3401 627 3471 682 de
3496 629 3618 681 fine
3653 626 3815 680 nihil

2186 722 2318 781 certi
2350 720 2618 776 habeant:
2639 722 2850 790 qualem
2881 732 2981 773 nos
3009 718 3241 773 habituri
3269 731 3458 773 sumus
3485 718 3814 774 defensio-

2190 828 2336 878 nem,
2360 813 2406 869 si
2435 828 2543 869 non
2568 814 2715 869 omni
2743 812 2926 868 studio
2950 821 3008 868 et
3027 810 3306 869 alacritate
3326 811 3703 883 accingamur-
3729 810 3811 868 ad

2190 904 2443 963 virtutum
2463 904 2638 964 studia
2664 912 2720 961 et
2743 917 2965 974 manu“,
2989 911 3209 972 propter
3248 911 3447 958 a:terna
3473 902 3565 965 illa
3600 902 3813 960 bona?

2189 994 2368 1062 Quare
2394 994 2466 1050 ita
2492 995 2686 1063 ingrati
2719 1007 2907 1050 sumus
2926 992 3254 1049 benefactori
3278 1004 3489 1059 nostro,
3507 1002 3571 1053 οι
3601 1010 3811 1063 neque

2191 1104 2313 1162 qua
2332 1089 2438 1154 iam
2461 1090 2657 1147 donata
2673 1100 2801 1148 sunt
2811 1105 3088 1147 versamus
3102 1090 3493 1159 animo,neque
3507 1087 3812 1157 promissa

2189 1181 2514 1252 cogitamus;
2542 1184 2636 1239 sed
2661 1185 2905 1239 omnium
2946 1181 3327 1252 propemodum
3371 1179 3831 1275 obliti,_trustn‘

2186 1281 2244 1329 et
2263 1274 2316 1326 in
2336 1288 2557 1335 vanum,
2578 1273 2735 1343 quasi
2754 1273 3009 1341 pecudes,
3028 1273 3187 1326 vitam
3210 1280 3373 1325 totam
3394 1270 3773 1338 transigimus
3787 1284 3805 1321 :

2190 1354 2384 1409 animae
2408 1353 2625 1423 quidem
2655 1351 2860 1414 nullam
2881 1352 3143 1410 habentes
3165 1364 3384 1418 curam,
3416 1360 3678 1407 ventrem
3707 1367 3808 1405 au-

2192 1452 2301 1499 tem
2348 1445 2527 1509 solum
2561 1445 2928 1515 dirumpentes
2966 1443 3121 1511 cibis,
3150 1455 3312 1515 atque
3351 1443 3513 1500 etiam
3558 1454 3809 1513 propter

2192 1534 2297 1590 hoc
2338 1535 2541 1591 misero
2578 1535 2792 1605 corpori
2830 1534 3123 1604 perniciem
3158 1543 3429 1605 parantes,
3457 1548 3524 1589 ae
3561 1544 3808 1604 propter

2191 1629 2656 1699 intemperantiam
2676 1637 2734 1684 et
2760 1627 3049 1698 ingluviem
3080 1628 3357 1689 innumera
3381 1624 3538 1684 nobis
3565 1627 3807 1696 negotia.

2191 1718 2415 1781 facimus
2438 1729 2496 1775 et
2517 1719 2860 1786 uocet-simus,
2882 1719 3008 1775 dum
3030 1718 3263 1773 animam
3292 1718 3431 1776 fame
3450 1718 3631 1787 perire
3652 1717 3803 1775 εἰιιίει

2192 1812 2351 1873 mus?
2388 1811 2601 1866 tametsi
2632 1810 2970 1880 praestantior
2992 1809 3170 1864 anima
3191 1809 3259 1864 sit
3284 1824 3445 1879 quam
3465 1822 3673 1879 corpus
3691 1847 3711 1874 ,
3741 1816 3802 1864 et

2190 1904 2366 1960 ablata
2413 1903 2502 1958 illa
2526 1943 2544 1968 ,
2594 1903 2699 1959 hoc
2738 1909 3008 1958 mortuum
3050 1901 3400 1971 relinquatur.
3442 1901 3579 1957 Cum
3622 1901 3803 1971 igitur

2190 2001 2469 2064 oporteret
2504 2001 2561 2050 et
2597 1992 2721 2049 huic
2756 2002 2915 2063 atque
2950 1992 3029 2049 illi
3065 2006 3297 2062 congrua
3325 2002 3382 2049 et
3403 1992 3800 2048 convenientia

2192 2085 2436 2157 praebere
2459 2085 2732 2151 alimenta,
2758 2084 2977 2147 modum
3005 2099 3177 2160 neque
3199 2084 3311 2151 hic,
3335 2099 3508 2155 neque
3538 2085 3652 2139 illic
3681 2099 3801 2143 ser.

2190 2190 2397 2246 vantes,
2430 2178 2643 2250 utrique
2666 2192 2925 2239 uocemus
2956 2196 2970 2233 :
2995 2176 3100 2233 hoc
3128 2177 3247 2248 plus
3275 2191 3433 2247 quam
3461 2186 3683 2247 oportet
3712 2191 3799 2231 sa-

2189 2270 2467 2340 ginantes,
2498 2269 2644 2324 illam
2670 2278 2851 2325 autem
2880 2269 3021 2324 fame
3050 2267 3226 2339 perire
3245 2276 3516 2340 cogentes.
3548 2267 3603 2322 id
3636 2266 3797 2338 quod

2188 2363 2569 2419 universorum
2619 2363 2878 2425 Dominus
2931 2362 3054 2423 loco
3104 2362 3351 2424 maxima:
3398 2363 3797 2434 indignationis

2189 2455 2480 2526 aliquando
2505 2455 2879 2510 interminatus
2897 2463 2983 2510 est
3003 2453 3310 2511 Judteorum
3332 2455 3528 2526 pepulo
3554 2455 3791 2511 dicens:

2188 2544 2337 2601 Dabo
2362 2545 2499 2601 vobis
2527 2562 2629 2601 non
2653 2550 2839 2617 famem
2870 2546 3037 2616 panis,
3063 2562 3224 2615 neque
3245 2546 3381 2600 sitim
3401 2564 3566 2617 aqum,
3585 2548 3681 2602 scd
3702 2551 3789 2619 [a-

2190 2653 2320 2691 ment
2338 2636 2578 2693 audiendi
2608 2652 2889 2692 sermonem
2907 2635 3114 2697 Domini
3139 2637 3317 2707 (Amos
3339 2637 3392 2693 8.
3420 2636 3508 2709 11)
3528 2652 3544 2700 ;
3574 2637 3796 2696 docens.

2190 2742 2311 2792 nos,
2336 2727 2480 2783 illam
2503 2727 2717 2799 quidem
2737 2727 2934 2783 famem
2954 2744 3149 2807 corpus
3169 2729 3507 2791 macileutum
3529 2729 3794 2800 reddere,

2190 2818 2330 2874 hanc
2352 2829 2530 2878 autem
2562 2819 2794 2874 animam
2830 2828 3108 2876 attenuare
3140 2838 3153 2874 :
3185 2819 3413 2890 idipsutn
3434 2860 3452 2886 ,
3481 2820 3626 2891 quod
3668 2820 3786 2876 Do-

2189 2910 2370 2965 minus
2409 2918 2535 2966 tunc
2573 2910 2819 2984 supplicii
2854 2911 2972 2968 loco
3012 2911 3118 2967 illis
3154 2912 3474 2978 minabatur,
3504 2928 3645 2967 nunc
3678 2927 3785 2968 nos

2188 3009 2380 3073 sponte
2418 3000 2572 3057 nobis
2603 3002 2954 3068 attrahimus;
2986 3002 3146 3073 idque
3175 3012 3455 3072 postquam
3483 3004 3622 3059 Deus
3652 3014 3781 3059 tan-9

2189 3099 2298 3146 tam
2328 3092 2499 3148 nostri
2524 3108 2709 3148 curam
2736 3092 3067 3161 declaravit,
3096 3102 3153 3149 et
3175 3093 3505 3163 dispensavit
3525 3133 3542 3161 ,
3573 3104 3630 3149 ut
3649 3110 3783 3155 eum

2188 3198 2460 3242 sacrarum
2485 3184 2880 3255 Seripturarum
2903 3186 3132 3241 lectione
3152 3186 3442 3244 habeamus
3461 3196 3517 3243 et
3536 3201 3569 3242 a
3589 3187 3781 3249 docto.—

2190 3277 2339 3340 ribus
2363 3280 2779 3339 admonitiones.

2259 3370 2384 3426 Cum
2425 3370 2635 3427 lectione
2682 3371 2965 3443 Scriptura
3001 3370 3194 3425 monita
3228 3368 3531 3426 Doctorum.
3551 3401 3624 3412 —
3651 3371 3784 3429 Ideo

2187 3476 2285 3516 oro
2309 3473 2545 3518 vestram
2569 3463 2868 3529 caritatem,
2895 3470 2955 3523 ut
2988 3476 3214 3517 excussa
3253 3462 3460 3519 desidia
3500 3464 3782 3534 paululum

2188 3554 2632 3624 expergiseamini
2658 3593 2676 3621 ,
2700 3564 2754 3610 et
2779 3554 3014 3610 studium
3042 3569 3202 3617 omne
3231 3554 3285 3608 in
3313 3554 3509 3609 animae
3547 3555 3776 3610 salutem

2189 3646 2540 3709 transferatis.
2581 3645 2670 3701 Sic
2709 3646 2856 3700 enim
2882 3626 2996 3701 etqa
3033 3646 3146 3701 Deo
3184 3646 3609 3701 benevolentiam
3643 3647 3777 3711 ube-

2186 3753 2303 3801 rem
2332 3737 2611 3793 attrahetis
2634 3780 2649 3805 ,
2689 3753 2896 3808 nosque
2933 3738 3221 3795 alacriores
3248 3738 3317 3794 ad
3346 3739 3651 3795 docendum
3676 3757 3781 3802 vos

2187 3833 2411 3900 erimus,
2438 3847 2574 3903 quos
2599 3831 2899 3888 videbimus
2921 3833 3151 3889 consilio
3176 3844 3363 3889 nostro
3389 3848 3596 3904 parere.
3629 3835 3774 3902 Que-

2187 3924 2330 3979 niam
2357 3933 2412 3981 et
2436 3925 2688 3996 agricola,
2712 3924 2926 3995 quando
2945 3925 3092 3981 videt
3118 3935 3311 3980 terram
3338 3925 3638 3993 fecundam,
3667 3928 3775 3981 cut

2186 4023 2322 4072 tune
2364 4015 2612 4073 idoneam
2658 4016 3036 4087 fructuumque
3072 4016 3322 4081 feracem,
3352 4025 3503 4086 parat
3524 4031 3584 4074 se
3609 4018 3776 4072 etiam

2188 4108 2301 4178 ipse
2326 4116 2386 4163 ut
2410 4108 2600 4180 majori
2628 4108 2805 4171 studio
2825 4109 2969 4165 illam
2990 4110 3167 4165 colat:
3194 4109 3382 4165 eodem
3408 4109 3568 4164 modo
3596 4118 3650 4164 et
3674 4125 3773 4165 nos

2184 4202 2229 4257 si
2258 4201 2549 4258 viderimus
2578 4212 2815 4258 vestrum
2841 4203 2895 4258 in
2924 4202 3119 4263 divinis
3148 4204 3439 4274 profectum
3457 4241 3474 4269 ,
3504 4210 3559 4257 et
3586 4216 3681 4257 vos
3707 4216 3769 4256 ea

2184 4308 2304 4362 qua:
2325 4306 2356 4347 a
2383 4293 2537 4348 nobis
2564 4292 2833 4360 dicuntur,
2867 4293 3021 4349 factis
3053 4294 3293 4350 studiose
3325 4293 3567 4363 implere,
3596 4292 3769 4362 majo-

2184 4399 2298 4441 rem
2323 4383 2551 4440 docendi
2582 4384 2819 4440 laborem
2845 4384 3216 4442 exhibebimus
3246 4403 3261 4440 :
3294 4392 3479 4455 utpote
3503 4385 3766 4446 scientes,

2185 4491 2284 4537 nos
2305 4490 2410 4532 non
2438 4476 2493 4532 in
2521 4477 2686 4548 petris
2706 4478 2994 4547 seminare,
3018 4477 3112 4533 sed
3140 4477 3193 4533 in
3219 4477 3399 4548 pingui
3421 4484 3478 4531 et
3502 4474 3769 4548 profunda

2187 4580 2349 4625 terra.

2252 4665 2306 4718 2.
2342 4662 2642 4730 Utilitatem,
2662 4681 2763 4721 non
2783 4666 2995 4736 plausus
3010 4665 3324 4735 auditorum,
3350 4666 3531 4735 quierit
3550 4664 3767 4737 Chryse.

2183 4771 2397 4826 stemus.
2422 4760 2596 4817 Radix
2623 4764 2882 4819 homicidii
2914 4765 3199 4820 inuidia.-—
3222 4764 3298 4821 Ea
3336 4767 3478 4821 enim
3513 4766 3583 4823 de
3610 4782 3768 4822 causa

2182 4852 2422 4922 quotidie
2450 4853 2601 4908 vobis
2624 4855 3031 4921 concionamur,
3084 4865 3141 4911 ut
3184 4857 3384 4927 aliquid
3426 4857 3559 4912 lucri
3607 4858 3768 4914 facia-

2185 4944 2281 5009 tis,
2310 4955 2365 4999 et
2390 4942 2618 5000 virtutes
2639 4954 2831 5000 vestrae
2858 4956 3139 5013 crescant,
3169 4963 3374 5018 nosque
3402 4950 3646 5011 lartemur
3672 4964 3767 5003 ve-

2182 5044 2351 5089 strum
2392 5034 2637 5092 videntes
2665 5038 2983 5107 profectum.
3020 5040 3286 5111 Numquid
3315 5043 3458 5097 enim
3488 5051 3688 5097 temere
3718 5050 3771 5097 et

2184 5126 2236 5179 in
2263 5141 2457 5181 vanum
2484 5126 2667 5185 dicere
2694 5129 2961 5198 volumus,
2992 5139 3103 5186 uta
3137 5133 3291 5188 vobis
3318 5133 3533 5187 laudum
3564 5133 3770 5188 fructus

2183 5218 2524 5289 recipiamus,
2555 5228 2609 5275 et
2636 5230 2692 5275 ut
2720 5221 3034 5291 plaudentes
3054 5224 3306 5284 manibus
3330 5224 3630 5279 recedatis?
3651 5221 3767 5277 Non

2184 5311 2286 5367 hoc
2314 5321 2648 5381 spectamus;
2679 5312 2820 5369 absit
2851 5332 2864 5367 :
2903 5314 2999 5370 sed
3038 5324 3271 5371 vestram
3312 5315 3618 5372 utilitatem.
3651 5314 3767 5378 Mea

2184 5406 2416 5473 maxima
2450 5406 2566 5462 laus
2591 5415 2673 5467 est
2702 5417 2757 5462 et
2784 5422 3027 5463 summus
3070 5407 3317 5479 plausus,
3351 5408 3393 5462 si
3420 5407 3541 5477 quis
3566 5421 3595 5461 a
3625 5406 3769 5466 vitiis

2184 5498 2250 5553 ad
2280 5500 2539 5569 virtutem.
2573 5508 2934 5567 convertatur,
2966 5502 3012 5557 si
3037 5504 3157 5574 quis
3186 5512 3342 5557 antea
3371 5503 3556 5570 deses,
3583 5509 3767 5556 nostra

2182 5590 2556 5658 adhortatione
2575 5592 2845 5659 studiosus
2870 5595 2961 5649 fiat
2980 5614 2994 5653 :
3014 5595 3117 5663 hoc
3134 5606 3188 5652 et
3205 5594 3335 5650 mihi
3363 5594 3653 5649 maximum
3684 5591 3766 5645 at-

2182 5684 2289 5740 fert
2313 5685 2561 5745 solatium
2588 5695 2643 5741 et
2672 5686 2911 5759 laudem,
2934 5696 2991 5743 et
3013 5689 3164 5745 vobis
3204 5689 3412 5743 lucrum
3456 5695 3512 5744 et
3552 5680 3767 5749 divitias

2185 5777 2508 5855 spirituaies,
2542 5780 2653 5849 Sed
2677 5797 2789 5850 non
2808 5783 3039 5854 ambigo,
3071 5783 3199 5853 quin
3226 5781 3453 5845 multum
3484 5778 3644 5843 sttuiii
3673 5793 3767 5839 es-
