4168 6264
511 357 619 418 475

515 472 718 543 πολλὴν
760 467 1088 534 ἐπιδείξεσθε
1131 468 1230 538 τὴν
1265 467 1503 537 σπουδὴν
1526 507 1542 532 ,
1573 467 1676 520 οὐκ
1722 465 2080 535 ἀμφιϐάλλιο-

516 551 638 610 οἷδα
664 554 772 624 γὰρ
791 555 872 607 ὅτι
913 551 1238 605 θεοδίδακτοί
1279 553 1424 614 ἐστε,
1453 550 1740 619 δυνάμενοι
1767 550 1860 602 καὶ
1895 549 2087 611 ἀλλους

517 637 810 692 νουθετεῖν.
855 635 952 688 Διά
989 633 1146 686 τοῦτο
1175 631 1408 686 ἐνταῦθα
1437 632 1642 703 στήσας
1679 631 1776 701 τὴν
1809 630 1939 702 περί
1963 630 2088 684 τού-

517 737 613 773 του
641 715 968 787 συμϐουλὴν,
1001 715 1098 785 τῆς
1125 713 1390 783 συνήθους
1415 713 1623 784 ἅψομαι
1657 711 2004 774 διδασκαλίας
2023 713 2088 764 ἐκ

518 803 628 856 τῶν
649 801 742 854 τοῦ
775 797 1044 868 μακαρίου
1070 797 1347 860 Μωῡσέως
1374 797 1653 869 ῥημάτων,
1679 796 1876 867 μᾶλλον
1899 794 1956 848 δὲ
1979 793 2089 847 τῶν

517 883 675 953 παρὰ
693 880 786 936 τοῦ
811 881 968 949 άγίου
991 879 1130 934 Πνεύ
1139 897 1305 949 ματος
1323 880 1389 933 δι’
1416 879 1580 934 αὐτοῦ
1606 881 1738 950 ἡμῖν
1761 881 1881 949 είρη
1891 877 2088 947 μένων,

523 965 695 1036 μικρά
727 980 850 1017 τινα
877 963 957 1026 εἰς
977 962 1040 1014 τὸ
1073 962 1240 1032 μέσον
1269 962 1556 1032 προσθεὶς,
1590 961 1800 1014 ἐκεῖθεν
1827 960 1954 1029 ὑμῖν
1994 960 2090 1028 σή-

523 1064 688 1118 μερον
721 1047 820 1118 τὴν
841 1047 1086 1099 ἑστίασιν
1121 1046 1534 1116 παραθήσομαι.
1571 1044 1872 1098 Ἠκούσατε
1897 1041 2090 1114 πρώην

517 1130 668 1194 ὅπως
699 1127 844 1182 κατά
893 1127 994 1198 τήν
1043 1145 1106 1181 συ
1115 1125 1350 1199 μϐουλήν
1394 1127 1494 1198 τῆς
1535 1127 1829 1189 Ῥεϐέκκας
1875 1125 2091 1180 ἅπαντα

519 1211 961 1282 διαπραξάμενος
983 1210 1014 1264 6
1052 1209 1263 1272 Ἰακὼϐ,
1293 1209 1392 1280 τὴν
1417 1211 1568 1280 παρά
1593 1211 1688 1263 τοῦ
1713 1207 1864 1281 [59.6]
1886 1206 2091 1278 πατρὸς

489 1359 492 1364 _
519 1295 770 1362 εὐλογίαν
802 1293 1169 1356 ἐπεσπάσατο,
1201 1292 1299 1363 τὴν
1329 1292 1616 1364 ἐπαινετὴν
1644 1291 1858 1362 ἐκείνην
1889 1289 2092 1360 κλοπὴν

522 1375 952 1446 ἐπιδειξάμενος,
979 1375 1046 1428 δι’
1071 1375 1100 1428 6
1136 1374 1234 1428 καὶ
1260 1375 1360 1444 τῆς
1389 1374 1542 1444 παρά
1580 1373 1676 1428 τοῦ
1719 1373 1854 1426 Θεοῦ
1899 1388 2090 1442 συνερ-

520 1459 647 1526 γίας
679 1459 980 1528 ἀπήλαυσε,
1005 1457 1100 1510 καὶ
1129 1459 1209 1520 εἰς
1235 1455 1393 1525 ἔργον
1418 1455 1640 1526 ἐξῆλθεν
1669 1455 1820 1525 αύτῷ
1845 1454 1906 1508 τὸ
1931 1469 2094 1506 σπου-

522 1541 816 1609 δαζόμενον
831 1555 848 1570 ·
875 1539 988 1592 ἀλλ’
1009 1539 1196 1608 ἐπειδὴ
1221 1539 1468 1593 ἐντεῦθεν
1486 1538 1634 1608 αὐτῷ
1663 1537 1829 1600 πολὺς
1849 1539 1878 1590 6
1904 1535 2094 1605 φθόνος

523 1624 766 1676 ἐτίκτετο
807 1621 955 1693 παρά
987 1621 1083 1674 τοῦ
1127 1619 1334 1686 Ἠσαῦ,
1383 1621 1476 1674 καὶ
1521 1621 1659 1692 πρὸς
1699 1619 1858 1687 φόνον
1909 1618 2094 1672 λοιπὸν

526 1701 966 1776 παρεσκευάζετο
988 1715 1040 1744 α·
1057 1702 1293 1756 τοιοῦτον
1321 1703 1430 1773 γὰρ
1465 1702 1617 1756 τουτὶ
1633 1701 1694 1754 τὸ
1719 1700 1958 1769 ὀλέθριον
1987 1699 2093 1752 πά-

525 1787 644 1851 θος’
678 1787 740 1840 οὐ
771 1785 1032 1856 πρότερον
1057 1785 1290 1848 ἵσταται,
1315 1785 1508 1855 μέχρις
1531 1784 1596 1838 ἂν
1630 1783 1720 1837 τὸν
1743 1783 1848 1836 ὐπὸ
1873 1783 1967 1835 τοῦ
1997 1783 2097 1836 πά-

525 1867 652 1934 θους
679 1869 870 1923 ἁλόντα
897 1869 1038 1922 κατά
1071 1867 1332 1938 κρημνῶν
1361 1867 1642 1938 ἐνεχθῆναι
1677 1865 2090 1937 παρασκευάσῃ,

525 1951 620 2004 καὶ
654 1949 788 2018 πρὸς
829 1951 929 2020 τὴν
958 1948 1050 2002 τοῦ
1080 1949 1238 2018 φόνου
1277 1949 1622 2020 παρανομίαν
1659 1949 1902 2019 δραμεῖν.
1944 1947 2096 2010 Ῥίζα

526 2033 637 2104 γάρ
665 2033 758 2088 τοῦ
793 2035 951 2102 φόνου
977 2034 1006 2086 6
1025 2032 1236 2102 φθόνος.
1261 2033 1416 2088 Οὐτω
1445 2035 1534 2087 κα³ι
1567 2033 1628 2098 ἐξ
1655 2033 1833 2103 ἀρχῆς
1871 2032 1966 2084 ἐπὶ
1999 2031 2094 2085 τοῦ

527 2117 667 2170 Κάῖν
709 2117 802 2170 καὶ
837 2115 932 2170 ἐπὶ
983 2117 1078 2169 τοῦ
1114 2117 1280 2170 Ἅϐελ
1319 2118 1562 2186 γέγονεν.
1599 2117 1768 2171 Οὐδὲν
1811 2116 1920 2186 γάρ
1959 2115 2097 2184 έχων

526 2200 648 2253 οὐδὲ
711 2201 956 2264 ἐκεῖνος,
991 2201 1051 2253 ού
1104 2199 1332 2271 μικρὸν,
1384 2203 1446 2256 οὐ
1503 2202 1648 2270 μέγα
1696 2199 1988 2269 ἐγκαλέσαι
2019 2199 2098 2270 τῷ

526 2281 760 2352 ἀδελφῷ,
791 2283 977 2352 ἐπειδὴ
1007 2280 1143 2336 εἶδεν
1175 2283 1564 2354 εὐδοκιμοῦντα
1596 2285 1746 2353 παρά
1765 2282 2099 2353 τῷΔεσπότῃ

524 2365 634 2418 τῶν
655 2365 790 2418 ὅλων
808 2364 915 2420 ἀπὸ
933 2363 1032 2435 τῆς
1056 2365 1427 2435 προσ-κομιδῆς
1445 2366 1554 2418 τῶν
1571 2365 1778 2436 δώρων,
1797 2365 1892 2418 καὶ
1911 2364 2099 2418 ἑαυτὸν

525 2447 830 2517 ἀπόϐλητον
857 2448 1220 2518 γεγενημένον
1242 2447 1330 2500 διὰ
1349 2449 1448 2517 τὴν
1469 2449 1676 2501 οἰκείαν
1705 2447 1995 2518 ρᾳθυμίαν,
2021 2449 2100 2510 εἰς

528 2529 722 2598 φθόνον
744 2529 906 2592 εὐθὺς
927 2529 1254 2601 διηγείρετο,
1279 2530 1374 2583 καὶ
1393 2530 1492 2600 τὴν
1523 2529 1678 2600 ῥίζαν
1710 2530 1804 2583 τοῦ
1833 2530 1993 2598 φόνου
2023 2547 2102 2582 τε·

528 2613 640 2666 κὼν
659 2613 717 2666 ἐν
741 2613 806 2683 τῇ
829 2612 1054 2683 διανοίᾳ,
1075 2613 1414 2684 παραχρῆμα
1435 2613 1529 2667 καὶ
1555 2613 1646 2668 τὸν
1670 2615 1877 2686 καρπὸν
1898 2615 2102 2668 ἐκεῖνον

525 2689 760 2750 τδν’όλέθ
770 2713 883 2768 ριον
909 2695 1240 2760 ἐπεδείξατο,
1260 2697 1354 2750 καὶ
1379 2696 1467 2750 τὸν
1491 2696 1650 2765 φόνον
1677 2699 1757 2760 εἰς
1785 2695 1944 2767 ἔργον
1968 2697 2102 2765 ήγα-

529 2796 647 2846 γεν.
667 2777 824 2832 Οῦτω
859 2777 924 2850 δή
953 2777 1050 2832 καὶ
1075 2776 1168 2831 νῦν
1197 2779 1226 2830 6
1255 2777 1428 2832 Ἠσαῦ
1460 2778 1584 2833 ἰδὼν
1622 2779 1712 2832 τὸν
1745 2779 1973 2848 ἀδελφὸν
2003 2778 2102 2842 τὰς

529 2859 784 2930 εὐλογίας
823 2861 974 2934 παρὰ
1005 2861 1102 2915 τοῦ
1132 2861 1338 2936 πατρὸς
1379 2860 1694 2932 δεξάμενον,
1733 2863 1825 2916 καί
1879 2861 1980 2916 ὑπὸ
2007 2861 2102 2914 τοῦ

529 2943 704 3015 θυμοῦ
731 2944 827 2998 καὶ
853 2943 951 3014 τῆς
979 2943 1277 3014 βασκανίας
1303 2946 1384 3008 εἰς
1415 2944 1574 3014 φόνον
1591 2946 1620 2986 b
1645 2944 1967 3017 ἐξενεχθεὶς,
1985 2947 2108 3016 ἐμε-

529 3027 662 3082 λέτα
693 3028 787 3082 τοῦ
831 3026 1063 3098 ἀδελφοῦ
1107 3028 1206 3098 τήν
1247 3029 1545 3098 ἀναίρεσιν.
2073 3045 2078 3052 ’

612 3109 796 3178 ’Λλλ’ή
815 3109 1092 3181 θαυμασία
1107 3111 1288 3182 μήτηρ
1318 3111 1474 3164 τοῦτο
1491 3110 1806 3183 αἰσθομένη,
1827 3110 1989 3168 πάλιν
2010 3111 2107 3182 τὴν

530 3193 806 3264 μητρικὴν
821 3192 1202 3264 φιλοστοργίαν
1215 3210 1282 3246 πε
1291 3194 1342 3262 ρὶ
1351 3193 1440 3248 τὸν
1457 3195 1620 3248 παῖδα
1633 3195 1994 3250 ἐπιδείκνυται
2013 3197 2107 3250 καί⁵

529 3273 840 3346 συμϐουλὴν
857 3275 1064 3341 εἰσάγει
1075 3275 1174 3346 τὴν
1187 3275 1490 3346 δυναμένην
1507 3277 1668 3330 αὐτὸν
1683 3277 1988 3346 ἐξαρπάσαι
2000 3279 2106 3332 τῶν

528 3353 622 3408 τοῦ
638 3353 868 3424 ἀδελφοῦ
881 3352 1100 3424 χειρῶν.
1111 3354 1438 3408 Καλέσασα
1448 3353 1736 3425 γάρ,φησὶ,
1750 3355 1858 3410 τὸν
1871 3359 2004 3411 υἱὸν
2011 3360 2109 3412 αὑ-

527 3433 641 3504 τῆς
659 3433 765 3487 τὸν
779 3433 1088 3500 νεώτερον,
1105 3428 1274 3486 εἶπεν
1287 3432 1466 3496 αὐτῷ·
1502 3433 1657 3489 ἰδοὺ
1681 3434 1862 3490 Ἡσαῦ
1879 3439 1911 3490 ὀ
1932 3436 2108 3492 ἁδελ-

529 3513 646 3582 φός
669 3527 786 3567 σου
811 3511 1050 3566 ἀπειλεῖ
1059 3526 1156 3566 σοι
1177 3512 1525 3566 ἀποκτεῖναί
1545 3513 1773 3566 σε.Νῦν
1793 3509 1906 3568 οὖν
1926 3516 2107 3570 ἀκου-

529 3597 651 3649 σόν
671 3612 792 3664 μου
821 3593 932 3662 τῆς
960 3593 1186 3662 φωνῆς.
1213 3593 1279 3646 Ἦ
1301 3594 1466 3664 πεῖρά
1492 3611 1550 3648 σε
1579 3595 1894 3660 διδασκέτω,
1923 3600 2105 3670 φησὶν,

529 3678 614 3730 ὅτι
633 3677 702 3731 τά
726 3675 978 3745 λυσιτελῆ
997 3693 1078 3728 σοι
1101 3675 1470 3747 συμϐουλεύω,
1494 3677 1586 3730 καὶ
1615 3679 1862 3751 καθάπερ
1882 3679 1984 3752 ήδη
2007 3683 2109 3753 τῆς

531 3761 672 3831 ἐμῆς
701 3759 884 3828 φωνῆς
923 3759 1185 3824 ἀκούσας,
1215 3758 1316 3818 τάς
1343 3759 1584 3830 μεγάλας
1613 3762 1828 3826 ἐκείνας
1862 3763 2108 3833 εὐλογίας

530 3843 826 3897 ἐπεσπάσω
849 3843 998 3914 παρά
1019 3841 1111 3896 τοῦ
1134 3843 1359 3916 πατρὸς,
1389 3841 1530 3898 οὕτω
1555 3845 1619 3916 δὴ
1649 3846 1744 3900 καὶ
1763 3845 1856 3900 νῦν
1877 3847 2109 3906 ἄκουσόν

535 3938 637 3992 μου
674 3921 774 3992 τῆς
801 3923 1005 3992 φωνῆς,
1031 3921 1116 3974 ἵνα
1149 3921 1433 3991 διαφυγεῖν
1457 3923 1694 3998 δυνηθῇς
1735 3925 1832 3980 τοῦ
1875 3925 2106 3997 ἀδελφοῦ

529 4001 632 4065 τάς
655 4001 863 4072 χεῖρας.
895 4000 1050 4054 Οῦτω
1076 3999 1184 4070 γὰρ
1224 4001 1414 4054 ἐαυτὸν
1442 4002 1827 4074 ἐλευθερώσεις
1855 4005 1963 4058 τῶν
1996 4023 2110 4060 κιν-

530 4078 724 4142 δύνων,
753 4077 900 4148 κάμὲ
925 4077 1018 4130 τοῦ
1043 4077 1290 4142 πένθους.
1312 4079 1473 4143 Εἰκὸς
1496 4081 1605 4151 γὰρ
1631 4083 1856 4144 ἐκεῖνον,
1883 4084 1932 4135 εἰ
1955 4083 2110 4137 τοῦτο

529 4157 845 4226 τολμήσειε,
881 4153 1034 4224 δίκην
1063 4155 1462 4228 ἀπαιτηθῆναι,
1491 4157 1584 4209 καὶ
1617 4157 1954 4229 πανταχόθεν
1985 4162 2109 4230 ἐμοὶ

529 4235 636 4304 τῆς
677 4234 870 4304 ὀδύνης
907 4232 1007 4302 τὴν
1040 4234 1290 4286 ἐπίτασιν
1341 4233 1625 4298 αύξεσθαι.
1663 4237 1968 4291 ’Ἄκουσον
1997 4237 2110 4295 οὖν

529 4331 650 4382 μου
685 4311 795 4379 τῆς
821 4311 1046 4379 φωνῆς,
1073 4311 1172 4363 καὶ
1197 4311 1468 4376 ἀναστὰς
1508 4312 1797 4380 ἁπόδραθι
1826 4316 1975 4382 πρὸς
2001 4317 2110 4370 τὸν

531 4388 799 4458 ἀδελφόν
815 4405 933 4456 μου
958 4389 1162 4442 Λάϐαν
1187 4391 1274 4454 εἰς
1299 4391 1552 4458 Χαρρὰν,
1572 4392 1670 4444 καί
1703 4393 1961 4460 οἵκησον
1980 4397 2108 4464 μετ’

531 4471 722 4526 αὐτοῦ
763 4469 987 4540 ἡμέρας
1038 4471 1238 4537 τινὰς,
1283 4471 1394 4537 ἕως
1444 4473 1550 4527 τοῦ
1591 4475 1968 4545 ἀποστρέψαι
2001 4479 2110 4532 τὸν

533 4547 724 4618 θυμὸν
745 4549 844 4604 καί
875 4549 991 4618 τὴν
1021 4548 1210 4618 ὀργὴν
1235 4549 1344 4603 τοῦ
1375 4549 1644 4619 ἀδελφοῦ
1673 4569 1788 4607 σου
1821 4555 1940 4609 ἀπὸ
1968 4557 2104 4621 σοῦ,

531 4629 632 4682 καὶ
657 4627 1006 4694 ἐπιλάθηται
1037 4627 1076 4682 ἂ
1107 4627 1438 4695 πεποίηκας
1467 4629 1660 4695 αὐτῷ·
1691 4631 1790 4684 καὶ
1831 4633 2110 4687 ἀποστεί-

531 4713 698 4762 λασιι
739 4706 1200 4777 μεταπέμψομαι
1247 4721 1320 4760 σε
1369 4708 1600 4762 ἐκεῖθεν
1618 4749 1634 4772 ,
1681 4709 1916 4779 μήποτε
1974 4713 2110 4767 ἀτε-

531 4785 739 4842 κνωθῶ
774 4785 843 4840 ἐκ
877 4785 996 4840 τῶν
1021 4787 1132 4841 δύο
1165 4785 1332 4856 ὑμῶν
1379 4787 1452 4840 ἐν
1491 4788 1684 4856 ἡμέρᾳ
1727 4787 1852 4858 μιᾷ.
1896 4792 2108 4858 Ἄπιθι,

533 4864 690 4936 φησί,
719 4863 866 4932 πρὸς
907 4865 1016 4920 τὸν
1062 4865 1331 4934 ἀδελφόν
1367 4885 1489 4936 μου
1519 4867 1764 4934 Λάϐαν,
1813 4868 1915 4923 καὶ
1959 4871 2110 4926 οίκει

530 4942 660 4997 ἐκεῖ
674 4946 801 5012 μετ’
824 4943 1028 4996 αὑτοῦ.
1049 4945 1209 5007 Εἰκὸς
1231 4945 1341 5015 γάρ
1367 4945 1462 5000 καὶ
1487 4945 1578 5000 τὸν
1602 4947 1878 5017 χωρισμὸν
1903 4950 2110 5006 καὶτὸν

531 5023 590 5076 ἐν
626 5021 774 5092 μέσῳ
814 5021 1002 5100 χρόνον
1039 5021 1252 5098 ἰσχῦσαί
1279 5042 1332 5077 τι
1363 5025 1544 5090 πλέον,
1579 5027 1674 5078 καὶ
1709 5028 2112 5100 παραμυθήσα-

533 5099 666 5179 σθαι
687 5100 748 5153 τὸ
774 5099 966 5179 πάθος,
979 5101 1073 5154 καὶ
1091 5101 1188 5172 τήν
1211 5101 1508 5170 βασκανίαν
1529 5104 1804 5174 λωφῆσαι,
1827 5107 1922 5160 καὶ
1941 5099 2110 5179 λήθην

531 5177 683 5260 αὐτῷ
715 5177 966 5260 γενέσθαι
992 5179 1101 5260 τῶν
1131 5181 1240 5260 ὐπὸ
1289 5180 1383 5260 σοῦ
1420 5183 1803 5260 γεγενημένων
1849 5177 2110 5260 περὶήτήν

532 5259 630 5328 τῆς
676 5256 926 5325 εὐλογίας
978 5257 1204 5328 κλοπήν.
1250 5259 1360 5312 Καὶ
1403 5259 1788 5326 ἐπιλάθηται,
1833 5256 2018 5335 φησὶν,
2067 5256 2112 5320 ἆ

533 5338 872 5406 πεποίηκας
897 5335 1077 5402 αὐτῷ.
1107 5336 1368 5402 Εἰκότως,
1421 5339 1606 5410 φησὶν,
1643 5339 1952 5410 ὀργίζεται·
1989 5344 2055 5397 δι’
2081 5344 2111 5398 ὃ

535 5419 801 5489 προσήκει
831 5415 1074 5470 ἐκκλῖναι
1125 5415 1287 5470 αὐτοῦ
1320 5415 1418 5488 τὴν
1461 5417 1658 5488 ὁρμήν,
1686 5419 1832 5482 ὅπως
1871 5419 1980 5474 ἀπὸ
2015 5421 2108 5474 τοῦ

531 5497 723 5568 χρόνου
773 5495 943 5567 λήθης
985 5495 1347 5565 ἐγγενομένης
1389 5495 1570 5566 αὐτῷ,
1623 5497 1762 5564 μετά
1808 5500 2110 5568 ἀσφαλείας

529 5574 718 5628 λοιπὸν
743 5573 976 5646 δυνηθῇς
1003 5575 1101 5646 τὴν
1133 5573 1361 5627 ἐνταῦθα
1387 5573 1600 5644 οἴκησιν
1625 5577 1972 5646 ποιήσασθαι.
2001 5581 2104 5632 Καί

597 5661 624 5690 ⁸
651 5661 767 5726 Ροεῑ
785 5661 1161 5726 παρεσκευάζετο
1179 5661 1306 5710 male
1324 5659 1484 5726 jn_cd.
1513 5661 1612 5726 leg,
1627 5663 1874 5726 ὀάδελφρς,
1889 5679 1998 5724 quae
2013 5680 2108 5716 vox

533 5721 586 5770 In
595 5721 974 5798 pmyibus'penn'e
997 5735 1111 5798 mss?
1133 5723 1297 5798 Sigea:
1316 5721 1702 5798 ,Ιηείτεροεςίιιεε
1725 5721 1886 5798 vq'rlm.
1903 5721 2004 5798 ῥίζα
2021 5729 2109 5798 γὰρ

535 5781 622 5848 τοῦ
648 5781 1045 5848 φόνουιόίφθρνος,
1079 5784 1256 5848 lnle_r_p.
1285 5781 1682 5848 legisse’videlrur
1703 5787 1782 5833 καὶ
1805 5781 1982 5848 καρπὸς
2021 5781 2106 5836 τοῦ

538 5841 704 5898 φθόνου
725 5841 915 5908 ὁφὸνοξ.
939 5841 1040 5908 Ngc
1061 5857 1150 5892 suo
1173 5841 1322 5894 Marte
1338 5841 1428 5895 'illa
1451 5847 1716 5896 inseruisse
1733 5841 2042 5908 videthrilit.,
2057 5855 2108 5898 ct

533 5911 646 5952 sunt
669 5903 785 5950 vere
807 5904 947 5963 digna
969 5903 1134 5962 Chrys.

596 5965 623 6005 b
647 5963 794 6014 Savil.
817 5971 869 6014 cl
890 5965 1106 6024 quinque
1147 5978 1262 6014 mss.
1285 5965 1462 6026 φθόνον.

1237 353 1295 408 S.
1335 349 1616 410 JOANNIS
1653 347 2134 408 CHRYSOSTOMI
2168 345 2483 404 ARCHIEP.
2521 346 3062 406 CONSTANTINOP.

3667 345 3782 400 474

2199 463 2286 516 ἵνα
2319 465 2394 535 μὴ
2429 465 2578 536 [5‘25]
2617 466 2921 536 δυσχεράνῃ
2963 467 2994 517 6
3033 465 3161 525 παῖς
3199 462 3294 516 ἐπὶ
3335 459 3437 533 τὴν
3487 462 3778 532 ἀλλοτρίαν

2193 541 2414 596 ἀπιέναι
2457 544 3038 614 καταναγκαζόμενος,
3073 543 3178 612 δρα
3209 541 3328 607 πῶς
3365 542 3772 611 παραμυθεῖται

2193 622 2288 675 τοῦ
2335 624 2456 676 νέου
2503 624 2604 694 τήν
2641 623 2840 693 ψυχὴν,
2877 623 3092 692 πρῶτον
3124 621 3224 691 μὲν
3268 619 3499 673 εἰποῦσα
3517 635 3530 649 ’
3573 621 3772 673 Ἄπιθι

2197 699 2344 768 πρὸς
2371 700 2574 754 Αάϐαν
2594 702 2702 756 τὸν
2725 701 2994 769 ἀδελφόν
3010 717 3150 768 μου.
3189 698 3282 767 Μὴ
3315 696 3424 767 γὰρ
3457 697 3594 767 πρδς
3623 696 3772 759 ξένον

2194 778 2340 844 τινά,
2367 779 2522 850 φησὶ,
2551 781 2864 848 κατεπείγω
2892 795 2950 832 σε
2975 779 3264 842 ἀπελθεῖνς
3291 777 3446 844 Πρὸς
3469 775 3577 829 τὸν
3597 775 3774 829 ἃδε.)-

2195 856 2316 924 φὸν
2343 857 2449 910 τὸν
2472 858 2638 926 ἐμὸν,
2671 858 2770 912 καί
2791 858 2942 912 οἶκει
2962 859 3090 925 μετ’
3119 854 3308 910 αὑτοῦ
3337 854 3562 922 ἡμέρας
3581 853 3768 917 τινάς.

2197 935 2432 1007 Βραχύν,
2467 938 2624 1007 φησὶ,
2654 939 2865 1009 χρόνον,
2889 937 3074 1004 ὀλίγας
3107 935 3340 1006 ἡμέρας,
3371 934 3478 998 ἕως
3507 933 3603 986 τοῦ
3634 931 3776 986 παύρ-

2200 1014 2394 1068 σασθαι
2419 1015 2518 1087 τὴν
2543 1015 2734 1088 ὀργήν.
2768 1014 2884 1068 Νῦν
2921 1015 3031 1085 γὰρ
3073 1013 3168 1068 καὶ
3198 1012 3435 1082 ἀκμάζει
3463 1011 3634 1081 αὐτῷ,
3663 1029 3774 1082 φη-

2200 1093 2304 1154 σὶν,
2323 1094 2351 1146 6
2379 1093 2570 1164 θυμὸς,
2599 1095 2692 1148 καὶ
2717 1093 2839 1148 οὔτε
2873 1094 2966 1146 τοῦ
2991 1093 3194 1164 πατρὸς
3219 1091 3353 1144 αίδώ
3373 1107 3494 1144 τινα
3515 1092 3773 1150 ποιεῖται,

2198 1169 2454 1235 καθάπαξ
2483 1171 2913 1243 τυραννούμενος
2959 1169 3064 1223 ὑπὸ
3107 1167 3202 1224 τοῦ
3245 1169 3472 1234 πάθους,
3509 1165 3633 1221 οὐτε
3673 1167 3776 1238 τὴν

2199 1249 2488 1321 ἀδελφικὴν
2529 1251 2761 1322 στοργήν
2809 1253 2867 1304 ἐν
2915 1249 3125 1320 διανοίᾳ
3169 1249 3470 1319 λαμϐάνει,
3509 1247 3624 1301 ἀλλ’
3656 1246 3777 1310 ἐνὸς

2203 1329 2362 1400 μόνου
2399 1331 2642 1398 γίνεται,
2680 1329 2772 1384 τοῦ
2827 1330 2918 1384 τὸν
2977 1330 3146 1399 θυμὸν
3191 1327 3610 1400 ἀποπληρῶσαι.
3661 1327 3777 1380 Καὶ

2200 1407 2615 1466 ἀποστείλασα
2657 1409 3118 1478 μεταπέμψομαί
3160 1423 3234 1462 σε
3281 1408 3535 1478 ταχέως,
3580 1405 3776 1476 φησὶν,

2200 1487 2444 1544 ἐκεῖθεν.
2465 1489 2530 1542 Σὲ
2547 1487 2817 1554 ἐπανάξω.
2843 1489 3032 1542 ’Ἄπιθι
3053 1487 3230 1542 τοίνυν
3256 1486 3775 1558 θαρρὦβτιἈτεο-

2201 1567 2496 1620 στείλασα
2519 1567 2980 1637 μεταπέμψομαι
3005 1580 3107 1620 σε’
3153 1567 3282 1635 περὶ
3313 1566 3422 1636 γὰρ
3455 1564 3548 1618 τοῦ
3579 1563 3776 1626 παντός

2202 1645 2320 1698 ἐστί
2349 1662 2439 1715 μοι
2471 1648 2500 1700 6
2531 1645 2708 1714 ἀγὼν,
2741 1647 2833 1699 καὶ
2875 1645 3004 1718 περί
3039 1645 3365 1716 ἀμφοτέρων
3404 1643 3636 1706 δέδοικα,
3672 1643 3778 1712 μή·

2203 1739 2334 1776 ποτε
2363 1725 2721 1796 ἀποστερηθῶ
2753 1723 3099 1794 ἀμφοτέρων.
3121 1724 3262 1793 Ὅρα
3295 1721 3510 1776 σύνεσιν
3541 1720 3776 1792 μητρός·

2203 1802 2322 1864 πῶς
2349 1801 2557 1856 οἴκοθεν
2583 1803 2896 1874 κινουμένη,
2918 1802 3117 1873 μᾶλλον
3141 1801 3197 1854 δὲ
3229 1804 3294 1872 τῇ
3325 1799 3420 1854 τοῦ
3455 1799 3589 1854 Θεοῦ
3617 1802 3780 1872 προρ-

2206 1883 2362 1952 ρήσει
2389 1883 2482 1935 καὶ
2509 1881 2605 1936 νῦν
2627 1881 3066 1952 ύπηρετουμένη,
3101 1883 3280 1934 ἐκεῖνα
3315 1877 3666 1950 συμϐουλεύει
3699 1877 3780 1947 τῷ

2204 1957 2376 2018 παιδὶ,
2401 1957 2546 2030 άπερ
2579 1959 2608 2011 6
2642 1957 2876 2028 Χριστὸς
2917 1957 3148 2028 παρῄνει
3180 1959 3292 2019 τοῖς
3324 1957 3607 2027 μαθηταῖς,
3639 1973 3780 2025 συμ-

2205 2036 2476 2090 ϐουλεύων
2510 2036 2584 2106 μὴ
2625 2038 2790 2107 ὁμόσε
2831 2039 3032 2106 χωρεῖν
3059 2037 3170 2098 τοῖς
3209 2035 3496 2100 κινδύνοις,
3527 2035 3663 2088 ἀλλά
3693 2033 3784 2086 διὰ

2203 2113 2306 2183 τῆς
2357 2115 2758 2184 ἀναχωρήσεως
2805 2112 3248 2184 παραμυθεῖσθαι
3283 2113 3378 2166 τοῦ
3429 2113 3635 2177 πάθους
3677 2113 3780 2182 τὴν

2209 2193 2430 2261 μανίαν.
2487 2192 2658 2246 Τοῦτο
2715 2192 2898 2246 τοίνυν
2948 2191 3041 2246 καὶ
3094 2192 3232 2262 αὕτη
3286 2192 3650 2261 εἰσηγουμένη
3699 2189 3784 2260 τῷ

2207 2273 2380 2330 παιδὶ.
2414 2273 2677 2344 πρότερον
2705 2273 2854 2342 αὐτῷ
2885 2273 3334 2344 συμϐουλεύσασα
3361 2274 3456 2326 καὶ
3497 2274 3780 2342 παραθαρρ

2209 2351 2415 2420 ρύνασα
2459 2352 2624 2406 αὐτοῦ
2671 2353 2762 2406 τὸν
2809 2353 3100 2422 λογισμὸν,
3132 2353 3273 2406 ὥστε
3329 2353 3406 2423 μὴ
3453 2353 3778 2422 δυσχερᾶναι

2209 2431 2345 2501 πρὸς
2371 2432 2462 2486 τὸν
2489 2432 2792 2503 χωρισμὸν,
2813 2433 2932 2486 τότε
2958 2433 3143 2487 λοιπὸν
3167 2434 3260 2486 καὶ
3289 2433 3543 2504 ἀφορμὴν
3565 2431 3779 2500 εὔλογον

2208 2512 2274 2578 τῇ
2299 2509 2578 2580 ἀποδημίᾳ
2605 2510 2906 2582 περιθεῖναι
2936 2511 3203 2581 βούλεται,
3225 2511 3363 2564 ὥστε
3393 2511 3468 2582 μὴ
3493 2510 3780 2580 προφανῶς

2209 2587 2357 2653 δόξαι
2399 2587 2486 2640 διὰ
2534 2587 2633 2658 τὴν
2679 2587 2773 2642 τοῦ
2812 2589 3041 2658 ἀδελφοῦ
3093 2587 3391 2660 βασκανίαν
3445 2591 3780 2659 ἀναχωρεῖν,

2213 2665 2352 2736 μηδὲ
2393 2666 2487 2720 τὸν
2527 2667 2738 2737 πατέρα
2783 2667 2984 2736 γνῶναι
3011 2669 3109 2740 τὴν
3137 2669 3311 2739 ἀληθῆ
3339 2669 3438 2738 τῆς
3477 2667 3782 2738 ἀποδημίας

2211 2746 2409 2812 αἰτίαν,
2438 2749 2575 2818 μήτε
2599 2749 2692 2802 τοῦ
2723 2749 2895 2804 Ἡσαῦ
2921 2751 3020 2822 τὴν
3039 2751 3178 2804 κατὰ
3199 2750 3364 2805 αὐτοῦ
3392 2750 3781 2819 ἀγανάκτησιν.

2211 2832 2322 2886 Καὶ
2364 2832 2750 2898 εἰσελθοῦσα,
2792 2833 2955 2904 φησί,
3002 2831 3152 2901 πρὸς
3187 2833 3294 2886 τὸν
3342 2833 3546 2888 Ἰσαὰκ
3589 2833 3627 2899 ή
3671 2833 3782 2886 Ῥε-

2213 2914 2394 2968 ϐέκκα
2417 2910 2546 2968 εἷπε
2565 2929 2578 2943 ·
2614 2913 3010 2984 Προσώχθισα
3035 2913 3108 2982 τῇ
3143 2913 3256 2983 ζωῇ
3279 2934 3398 2984 μου
3429 2915 3528 2970 διὰ
3555 2916 3660 2981 τὰς
3685 2919 3784 2970 θυ-

2214 2999 2465 3068 γατέρας
2511 2997 2631 3052 τῶν
2661 2997 2807 3053 υἱῶν
2849 2997 2981 3054 Χέτ.
3031 3001 3102 3054 El
3129 2999 3389 3067 λήψεται
3429 2997 3639 3054 Ἰακὼϐ
3683 3017 3786 3068 γυ-

2213 3077 2393 3132 ναῖκα
2412 3077 2531 3132 ἀπὸ
2556 3075 2673 3131 τῶν
2704 3077 3039 3148 θυγατέρων
3067 3075 3174 3146 τῆς
3201 3075 3311 3148 γῆς
3338 3079 3579 3147 ταύτης,
3609 3079 3706 3133 ἵνα
3727 3077 3785 3132 τί

2213 3176 2317 3227 μοι
2353 3157 2418 3212 τὸ
2455 3157 2594 3226 ζῇν;

2284 3270 2354 3332 γ’.
2387 3261 2587 3316 Σκόπει
2615 3261 2730 3322 πῶς
2755 3260 3111 3332 εὐπρόσωπον
3155 3255 3281 3333 εὗρε
3307 3261 3788 3332 πρόφασιν.”Οταν

2215 3341 2324 3413 γὰρ
2350 3343 2483 3412 ἡμῖν
2510 3345 2542 3412 ή
2567 3339 2770 3395 ἄνωθεν
2796 3340 3120 3412 συμπράττῃ
3137 3341 3306 3408 δεξιά,
3337 3341 3430 3394 καὶ
3459 3341 3528 3394 τά
3555 3341 3788 3412 δυσχερῆ

2216 3423 2412 3478 εὐκολα
2441 3423 2670 3492 γίνεται,
2711 3422 2803 3476 καὶ
2818 3421 2884 3476 τά
2923 3421 3155 3478 δύσκολα
3187 3423 3362 3493 ῥᾴδια.
3405 3425 3556 3477 Ἐπεὶ
3585 3422 3678 3478 οὖν
3695 3425 3788 3478 καὶ

2215 3503 2354 3574 αῦτη
2387 3499 2500 3572 εἷχε
2528 3501 2620 3556 τὸν
2647 3501 2755 3554 τῶν
2787 3500 2922 3556 ὅλων
2959 3501 3091 3555 Θεὸν
3125 3501 3477 3556 συναινοῦντα
3515 3503 3682 3570 αὐτῆς
3718 3507 3785 3574 τῇ

2216 3585 2407 3658 γνώμῃ
2427 3627 2441 3651 ,
2474 3585 2650 3639 πάντα
2683 3583 2753 3636 τά
2787 3583 3060 3653 δυνάμενα
3089 3585 3359 3639 συντελεῖν
3400 3589 3466 3658 τῇ
3506 3588 3788 3658 οἰκονομίᾳ

2215 3669 2282 3737 τῇ
2319 3663 2604 3736 μελλούσῃ,
2643 3663 2738 3716 καὶ
2769 3661 2864 3716 τοῦ
2895 3663 3082 3726 παιδὸς
3119 3667 3186 3736 τῇ
3221 3665 3482 3735 σωτηρίᾳ,
3519 3665 3788 3720 ὑπέϐαλεν

2217 3745 2388 3816 αὐτῆς
2419 3746 2486 3814 τῇ
2525 3741 2753 3810 διανοίᾳ.
2789 3741 3200 3811 Προσώχθισα,
3235 3743 3418 3812 φησὶν,
3453 3743 3525 3811 τῇ
3552 3743 3662 3812 ζωῇ
3689 3743 3788 3798 διὰ

2217 3823 2322 3890 τὰς
2355 3821 2682 3892 θυγατέρας
2705 3819 2824 3874 τῶν
2861 3820 3006 3874 υἱῶν
3025 3821 3155 3874 Χέτ.
3185 3824 3252 3876 El
3293 3823 3550 3891 λήψεται
3587 3825 3794 3878 Ἰακὼϐ

2216 3901 2477 3971 γυναῖκα
2508 3901 2627 3954 ἀπὸ
2655 3899 2772 3953 τῶν
2799 3900 3134 3970 θυγατέρων
3157 3901 3264 3968 τῆς
3292 3899 3400 3970 γῆς
3425 3904 3666 3972 ταύτης,
3689 3905 3790 3958 ἵνα

2217 3982 2275 4035 τί
2301 3997 2404 4049 μοι
2429 3977 2494 4032 τὸ
2525 3977 2664 4047 ζῇν;
2707 3975 2970 4030 Ἐνταῦθα
3009 3977 3339 4032 αἰνίττεσθαί
3379 3997 3467 4050 μοι
3508 3981 3656 4034 δοκεῖ
3681 3983 3787 4034 τῶν

2217 4065 2492 4137 γυναικῶν
2533 4063 2628 4118 τοῦ
2671 4063 2841 4118 Ἠσαῦ
2873 4063 2933 4118 τὸ
2977 4065 3306 4138 δύστροπον.
3349 4069 3442 4121 καὶ
3475 4070 3555 4121 ὅτι
3591 4069 3787 4140 πολλῆς

2219 4145 2412 4215 ἀηδίας
2440 4144 2625 4207 αὐτοῖς
2657 4142 2918 4207 ὑπόθεσις
2947 4144 3219 4210 γεγόνασι.
3253 4147 3361 4199 Καὶ
3395 4149 3503 4218 γὰρ
3533 4149 3794 4220 ἀνωτέρω

2217 4225 2514 4293 διηγήσατο
2541 4225 2674 4293 ήμῖν
2705 4223 2738 4292 ἡ
2785 4221 2909 4276 θεία
2939 4223 3151 4294 Γραφὴ,
3187 4226 3268 4278 ὅτι
3306 4225 3497 4281 ἐλαϐεν
3535 4229 3642 4282 ἀπὸ
3680 4231 3790 4282 τῶν

2217 4309 2496 4364 Χετταίων
2533 4309 2629 4361 καὶ¹
2661 4309 2768 4362 ἀπὸ
2810 4309 2919 4363 τῶν
2959 4311 3174 4365 Εὐαίων
3213 4316 3476 4382 γυναῖκας
3521 4317 3548 4369 ὀ
3595 4317 3786 4384 Ἠσαῦ,

2217 4388 2328 4443 Καὶ
2357 4385 2518 4458 ἦσαν
2545 4387 2844 4456 ἐρίζουσαι
2879 4387 2958 4454 τῷ
3004 4389 3210 4444 Ἰσαὰκ
3251 4391 3345 4444 καί
3387 4393 3462 4462 τῇ
3497 4395 3785 4464 Ῥεϐέκκα.

2218 4467 2388 4522 Τοῦτο
2433 4465 2524 4520 οὖν
2553 4467 2684 4521 αὐτὸ
2717 4467 3024 4540 ὑπομνῆσαι
3055 4471 3215 4524 αὐτὸν
3244 4471 3560 4545 βουλομένη,
3601 4493 3788 4546 μονον-

2217 4549 2336 4618 ουχὶ
2379 4546 2566 4626 ταῦτά,
2599 4563 2726 4616 φησι
2778 4548 2915 4618 πρὸς
2959 4549 3156 4600 αὐτόν·
3181 4546 3342 4612 Οἰδας
3368 4552 3518 4617 ὅπως
3558 4571 3644 4624 μοι
3687 4557 3789 4626 τήν

2219 4627 2366 4699 ζωὴν
2411 4625 2614 4696 πικρὰν
2654 4629 3018 4696 πεποιήκασιν
3066 4627 3124 4679 αἰ
3171 4631 3408 4697 γαμεταί
3445 4631 3538 4684 τοῦ
3583 4625 3787 4700 Ἡσαῦ,

2219 4707 2314 4759 καὶ
2363 4706 2510 4766 ὅπως
2547 4703 2638 4758 διὰ
2679 4704 2778 4774 τὴν
2830 4705 3034 4758 τούτων
3070 4707 3368 4777 μοχθηρίαν
3421 4707 3606 4762 λοιπὸν
3653 4713 3792 4782 πρὸς

2217 4783 2400 4846 πάσας
2437 4783 2688 4853 ἀπεχθῶς
2729 4783 2838 4853 ἔχω
2877 4783 2978 4846 τὰς
3005 4783 3312 4856 θυγατέρας
3341 4787 3452 4840 τῶν
3486 4789 3618 4842 υἱῶν
3653 4791 3788 4856 Χὲτ,

2219 4863 2314 4917 καὶ
2342 4861 2488 4916 ἀπαν
2531 4863 2590 4916 τὸ
2637 4861 2788 4926 ἔθνος
2815 4861 2882 4916 δι’
2919 4863 3131 4926 ἐκείνας
3163 4865 3464 4935 μεμίσηκά.
3510 4868 3573 4922 Et
3611 4871 3791 4924 τοίνυν

2221 4942 2461 5010 συμϐαίη
2493 4942 2588 4994 καὶ
2623 4941 2714 4994 τὸν
2760 4941 2952 4994 Ἰακὼϐ
2991 4943 3058 4995 ἐκ
3101 4943 3306 4997 τούτων
3347 4945 3649 5014 ἀγαγέσθαι
3687 4966 3790 5016 γυ-

2219 5024 2399 5082 ναῖκα,
2431 5019 2560 5072 ποία
2599 5037 2689 5089 μοι
2726 5019 2910 5074 λοιπὸν
2939 5021 3090 5074 ἔσται
3131 5023 3404 5094 σωτηρίας
3437 5026 3628 5092 έλπίς;
3659 5029 3794 5084 Ἵνα

2219 5101 2276 5152 τί
2291 5099 2397 5167 γάρ
2409 5115 2510 5168 μοι
2539 5097 2604 5150 τὸ
2627 5097 2766 5164 ζῇνς
2799 5096 2950 5168 [526]
2975 5099 3036 5151 Εἰ
3054 5098 3162 5170 γὰρ
3199 5100 3411 5164 ἐκείνας
3427 5103 3668 5171 ἐνεγκεῖν
3691 5107 3792 5160 οὐκ

2223 5177 2500 5248 ἰσχύομεν,
2545 5177 2594 5229 εί
2622 5175 2716 5230 καὶ
2747 5171 2900 5240 οὗτος
2939 5176 3132 5245 φθάσει
3175 5179 3281 5232 ἀπὸ
3324 5179 3433 5234 τῶν
3476 5181 3794 5254 θυγατέρων

2217 5259 2318 5328 τῆς
2346 5259 2449 5330 γῇς
2488 5255 2689 5335 ταύτης
2719 5255 2902 5311 λαϐεῖν
2943 5261 3196 5326 γυναῖκα,
3231 5263 3300 5314 τά
3343 5262 3444 5332 τῆς
3473 5261 3618 5333 ζωῆς
3663 5267 3793 5335 ἡμῖν

2218 5337 2443 5406 οἴχεται.
2485 5334 2748 5398 Ἀκούσας
2787 5335 2845 5388 δὲ
2892 5335 3060 5390 ταῦτα
3095 5339 3122 5390 6
3172 5338 3377 5406 Ἰσαὰκ,
3408 5341 3504 5394 καὶ
3541 5344 3621 5405 εἰς
3661 5334 3794 5396 ύπό-

2223 5431 2418 5486 μνησιν
2467 5415 2634 5468 ἐλθὼν
2683 5415 2780 5485 τῆς
2821 5415 3042 5470 ἐκείνων
3087 5418 3284 5482 κακίας
3305 5459 3319 5480 ,
3365 5423 3794 5488 Προσκαλεσιὶο

2214 5513 2400 5566 μενος
2445 5495 2550 5549 τὸν
2587 5493 2814 5558 Ἰακὼϐ,
2841 5497 3159 5566 εὐλόγησε,
3202 5497 3388 5568 φησὶν,
3443 5503 3648 5564 αὑτὸν,
3696 5503 3794 5554 καί

2219 5573 2554 5628 ἐνετείλατο
2600 5571 2760 5638 αὐτῷ
2787 5573 3012 5642 λέγων·
3059 5577 3142 5629 Οὐ
3169 5577 3340 5646 λήψῃ
3383 5579 3635 5646 γυναῖκα
3671 5579 3792 5632 ἀπὸ

2207 5651 2336 5720 ,τῶν
2373 5651 2709 5721 θυγατέρων
2761 5651 2878 5706 τῶν
2921 5655 3271 5708 Χαναναίων
3291 5671 3303 5688 ο
3349 5657 3488 5710 ἀλλ’
3523 5659 3794 5722 ἀναστὰς

2209 5731 2478 5798 ,πορεύου
2497 5731 2584 5793 είς
2621 5729 2734 5797 τὴν
2755 5734 3238 5800 Μεσοποταμίαν.
3257 5737 3342 5800 εἰς
3367 5735 3472 5788 τὸν
3495 5737 3664 5789 οἰκον
3685 5737 3792 5790 τοῦ

2219 5809 2441 5876 πατρὸς
2467 5807 2577 5874 τῆς
2605 5810 2830 5876 μητρός
2853 5823 2990 5873 σου,
3018 5811 3116 5866 καὶ
3143 5811 3288 5866 λάϐε
3311 5815 3546 5880 σεαυτῷ
3567 5815 3794 5870 ἐκεῖθεν

2223 5885 2476 5953 γυναῖκα
2505 5885 2572 5938 ἐκ
2601 5887 2718 5939 τῶν
2743 5890 3079 5956 θυγατέρων
3117 5891 3225 5944 τοῦ
3247 5893 3511 5961 ἀδελφοῦ
3549 5895 3659 5960 τῆς
3681 5913 3792 5962 μη-

2219 5962 2352 6030 τριίς
2389 5976 2526 6016 σου.
2555 5965 2662 6017 Καὶ
2688 5965 2784 6019 οὐκ
2817 5965 2944 6036 ἔστη
2981 5969 3141 6040 μέχρι
3189 5970 3397 6040 τούτου,
3429 5971 3562 6026 ἀλλὰ
3598 5971 3788 6039 βουλόμ

3833 5467 3842 5506 Ι
