4168 6264
490 340 597 397 473

490 450 709 506 hibituri
739 450 888 508 sitis:
912 451 1029 508 scio
1042 452 1184 507 enim
1204 467 1302 509 vos
1326 469 1356 508 a
1380 455 1490 509 Deo
1511 456 1698 511 doctos
1722 471 1864 524 esse,
1887 472 2077 526 posse-

489 558 594 613 que
637 543 797 597 etiam
842 544 976 599 alios
1013 543 1328 601 admonere.
1357 546 1584 615 Propter
1617 547 1720 602 hoc
1755 547 1844 603 hic
1882 548 2076 604 sistens

490 650 669 689 meum
716 636 1022 702 consilium,
1066 651 1286 707 pergam
1327 637 1395 693 ad
1432 640 1643 694 solitam
1680 639 1976 695 doctrinam
2008 656 2074 696 ex

489 726 672 781 verbis
702 716 861 782 beati
880 727 1065 793 Musis,
1112 728 1222 783 imo
1248 728 1476 798 Spiritus
1515 730 1682 785 sancti
1718 746 1814 799 per
1840 746 1961 786 eum
1992 731 2075 787 lo-

442 861 463 913 ,
499 817 747 886 quentis:
793 827 848 873 et
892 818 983 872 ubi
1013 833 1179 890 pauca
1211 819 1454 889 qumdam
1481 835 1832 890 proposuero,
1863 821 2076 876 hodier-

490 924 623 965 num
648 909 801 964 vobis
829 910 975 964 illinc
1010 910 1312 966 convivium
1334 925 1622 979 apponam.
1646 911 1879 967 Audistis
1906 928 2076 982 nuper

490 1001 762 1073 quomodo
787 1000 954 1056 Jacob
999 1002 1175 1055 omnia
1220 1001 1419 1057 faciens
1459 1003 1753 1056 secundum
1785 1005 2071 1059 consilium

490 1095 773 1160 Rebeccaa,
802 1094 970 1164 patris
998 1093 1423 1149 benedictionem
1453 1096 1759 1164 arripuerit,
1786 1095 2078 1151 laudatum-

488 1202 595 1257 que
632 1186 833 1242 furtum
867 1186 1216 1251 commiserit,
1246 1186 1368 1242 ideo
1394 1194 1448 1242 et
1475 1195 1876 1256 cooperatorem
1907 1189 2073 1243 Deum

491 1279 696 1347 habuit,
718 1287 774 1334 et
792 1288 1017 1334 conatus
1036 1279 1153 1348 ejus
1176 1280 1312 1335 bene
1339 1281 1635 1334 successit:
1662 1279 1757 1335 sed
1784 1281 1906 1350 quia
1934 1282 2073 1336 Esau

493 1368 560 1424 ob
588 1369 639 1424 id
666 1368 767 1438 ipsi
795 1369 949 1424 valde
978 1368 1275 1435 invidebat,
1306 1377 1361 1424 et
1390 1384 1448 1425 se
1473 1358 1542 1424 ad
1570 1371 1771 1424 caedem
1798 1386 2072 1441 prtepara-

493 1460 618 1515 bat:
656 1462 728 1515 ita
767 1461 910 1515 enim
950 1477 1010 1517 se
1036 1460 1197 1516 habet
1221 1462 1363 1516 mala
1395 1461 1511 1517 hac
1538 1462 1783 1528 affectio;
1812 1479 1922 1518 non
1948 1474 2073 1519 ante

488 1551 719 1618 desistit,
749 1551 922 1607 donec
950 1567 981 1606 a
1007 1567 1068 1608 se
1105 1562 1317 1623 captum
1349 1554 1402 1607 in
1444 1568 1684 1624 praeceps
1726 1554 1965 1625 dejiciat,
2000 1557 2072 1611 ita

489 1655 548 1699 ut
571 1646 637 1701 ad
669 1646 941 1702 homicidii
977 1656 1159 1703 currat
1183 1648 1377 1703 scelus.
1414 1647 1588 1702 Radix
1625 1648 1767 1703 enim
1800 1648 2069 1704 homicidii

490 1737 684 1793 invidia
728 1738 823 1811 [et
864 1738 1066 1795 fructus
1116 1739 1327 1795 invidiae
1362 1740 1775 1812 homicidium].
1824 1742 1897 1795 Ita
1934 1752 1989 1797 et
2040 1759 2071 1797 a

462 1830 751 1900 principio
778 1830 872 1885 fuit
898 1831 1038 1886 inter
1064 1832 1196 1887 Cain
1231 1842 1286 1888 et
1312 1832 1464 1888 Abel.
1500 1834 1595 1889 Ille
1629 1834 1771 1888 enim
1807 1835 1941 1889 nihil
1982 1834 2074 1889 ha-

493 1918 627 1975 hens
654 1922 740 1977 vel
773 1936 995 1992 parvum
1022 1924 1107 1978 vel
1135 1939 1409 1994 magnum,
1442 1924 1510 1979 de
1532 1940 1638 1994 quo
1662 1935 1936 1981 accusaret
1960 1925 2072 1981 fra-

486 2018 644 2075 trem,
670 2011 758 2065 uhi
785 2011 913 2066 vidit
940 2011 1087 2068 illum
1117 2014 1344 2067 Domino
1374 2013 1585 2083 probari
1604 2024 1824 2085 propter
1848 2015 2073 2070 oblatio-

486 2116 610 2155 nem
643 2118 950 2167 munerum,
981 2117 1040 2158 se
1068 2118 1201 2158 vero
1225 2102 1295 2159 ob
1318 2104 1693 2173 negligentiam
1716 2120 1866 2158 suam
1896 2105 2069 2173 rejici,

485 2192 555 2245 ad
583 2192 835 2246 invidiam
863 2194 1043 2248 statim
1072 2205 1391 2263 provocatus
1419 2204 1538 2249 est:
1567 2204 1621 2250 et
1649 2204 1769 2249 nata
1802 2196 2072 2252 homicidii

488 2282 671 2337 radice
698 2283 749 2336 in
778 2293 958 2338 mente
984 2284 1133 2353 ejus,
1166 2285 1344 2340 statim
1385 2286 1740 2355 perniciosum
1778 2287 1923 2341 illum
1964 2287 2073 2343 fru-

488 2382 635 2426 ctum
661 2373 862 2439 attulit,
887 2382 944 2428 et
967 2372 1312 2429 homicidium
1337 2377 1625 2430 commisit.
1645 2374 1722 2430 Ita
1753 2390 1883 2431 sane
1909 2379 2069 2431 etiam

489 2461 653 2527 Esau,
681 2478 801 2518 cum
826 2463 1031 2519 videret
1067 2466 1339 2534 accepisse
1380 2464 1599 2519 fratrem
1644 2465 2067 2520 benedictionem

486 2566 517 2605 a
560 2561 728 2621 patre,
757 2554 826 2607 ab
864 2554 941 2608 ira
983 2561 1037 2608 et
1074 2554 1270 2609 invidia
1306 2554 1373 2610 ad
1408 2554 1752 2611 homicidium
1801 2556 2065 2621 inductus,

487 2648 845 2705 meditabatur
862 2659 1084 2704 mortem
1113 2650 1309 2705 fratris.

558 2739 826 2804 Quomodo
855 2739 1079 2794 Rebecca
1097 2741 1249 2795 saluti
1264 2742 1488 2812 junioris
1507 2741 1605 2811 ﬁlii
1631 2742 1711 2796 sui
1728 2741 2069 2807 consuluerit;

485 2830 755 2886 consilium
788 2832 851 2885 ab
889 2832 1005 2902 ipsa
1034 2832 1212 2886 datum
1250 2833 1318 2886 ad
1354 2833 1619 2887 consilium
1645 2834 1708 2887 ab
1733 2834 1843 2903 ipso
1872 2833 2069 2888 Christo

487 2922 665 2975 datum
690 2925 923 2991 refertur.
949 2953 1022 2964 —-
1052 2923 1249 2978 Verum
1279 2923 1608 2978 admirabilis
1642 2923 1730 2977 illa
1776 2932 1945 2978 mater
1970 2923 2071 2979 hoc

486 3013 746 3080 sentiens,
787 3014 982 3069 iterum
1020 3022 1321 3069 maternum
1360 3029 1599 3070 amorem
1631 3028 1755 3084 erga
1787 3013 1952 3068 ﬁlium
1976 3012 2071 3068 de-

485 3103 741 3157 claravit:
770 3110 824 3158 et
848 3103 1130 3158 consilium
1158 3104 1335 3158 attulit
1358 3118 1463 3173 quo
1492 3112 1672 3174 posset
1701 3104 1878 3157 fratris
1897 3102 2069 3157 mani-

486 3192 587 3248 bus
633 3194 788 3265 eripi.
828 3194 918 3249 42.
953 3192 1143 3249 Vocato
1179 3195 1331 3261 enim,
1370 3195 1560 3265 inquit,
1594 3194 1702 3264 ﬁlio
1727 3211 1819 3249 suo
1837 3196 2066 3265 juniore,

486 3284 613 3338 dixit
637 3286 684 3339 ei
715 3300 734 3339 :
759 3284 893 3339 Ecce
930 3285 1072 3340 Esau
1108 3290 1265 3356 frater
1304 3296 1418 3340 tuus
1448 3288 1673 3340 minatur
1712 3286 1798 3339 tibi
1834 3297 2066 3341 mortem.

485 3376 575 3430 45.
604 3374 757 3431 Nunc
785 3376 939 3445 igitur
974 3377 1095 3431 audi
1123 3393 1290 3431 vocem
1310 3394 1494 3431 meam.
1518 3377 1857 3447 Experientia
1886 3387 1939 3433 te
1966 3377 2063 3433 do-

484 3476 603 3521 ceat
640 3483 726 3522 me
769 3467 864 3523 tibi
912 3468 1060 3523 utilia
1098 3469 1414 3534 consulere;
1459 3478 1515 3524 et
1554 3469 1697 3524 sicut
1736 3469 1847 3538 jam
1888 3468 2067 3524 audita

485 3576 619 3618 voce
652 3577 792 3630 mea,
836 3577 1054 3633 magnas
1092 3562 1209 3617 illas
1236 3576 1266 3616 a
1294 3570 1442 3632 patre
1485 3561 1884 3617 henedictiones
1922 3575 2067 3616 asse-

483 3662 683 3721 quutus
719 3668 814 3709 es:
843 3654 915 3708 ita
942 3661 996 3709 et
1033 3669 1175 3708 nunc
1216 3653 1338 3707 audi
1379 3668 1564 3708 vocem
1604 3667 1798 3716 meam,
1834 3660 1893 3707 ut
1937 3652 2069 3707 ell‘u-

482 3761 611 3816 gere
639 3747 813 3816 possis
845 3745 1024 3800 fratris
1058 3760 1267 3800 manus.
1298 3745 1387 3800 Sic
1414 3745 1556 3800 enim
1585 3754 1638 3799 et
1670 3744 2005 3813 temetipsum
2035 3758 2065 3797 a

487 3837 735 3905 periculis
775 3836 998 3890 liberum
1042 3835 1256 3899 reddes,
1296 3843 1353 3888 et
1396 3849 1481 3887 me
1510 3848 1540 3886 a
1571 3833 1731 3887 luctu.
1768 3833 2069 3888 Verisimile

485 3928 627 3981 enim
654 3936 738 3982 est
773 3928 943 3993 illum,
970 3926 1014 3979 si
1044 3925 1146 3980 hoc
1181 3940 1342 3979 ausus
1367 3925 1546 3989 fuerit,
1575 3939 1785 3993 pmnam
1816 3924 2066 3979 daturum

485 4032 627 4085 esse,
659 4028 817 4088 atque
846 4018 918 4072 ita
948 4017 1180 4087 undique
1199 4016 1327 4070 mihi
1348 4017 1525 4086 gravis
1544 4016 1697 4071 dolor
1724 4025 1779 4072 et
1804 4016 2067 4071 cruciatus

484 4112 607 4166 erit.
652 4110 787 4165 Audi
809 4110 964 4181 igitur
987 4126 1155 4164 vocem
1182 4125 1364 4177 meam,
1396 4121 1443 4163 et
1457 4125 1623 4180 surge,
1651 4111 1916 4178 statimque
1944 4110 2069 4164 vade

484 4202 552 4254 ad
572 4200 747 4255 Laban
772 4202 980 4270 fratrem
1008 4217 1172 4254 meum
1195 4200 1248 4253 in
1275 4198 1542 4267 Charram,
1566 4201 1656 4255 44.
1689 4208 1734 4253 et
1755 4200 1923 4253 habita
1952 4216 2063 4252 cum

483 4310 541 4348 eo
565 4292 633 4347 ad
655 4293 846 4363 aliquot
875 4292 1003 4357 dies,
1034 4308 1292 4362 usquequo
1315 4300 1569 4344 avertatur
1596 4292 1673 4343 ira
1701 4301 1749 4344 et
1783 4292 2065 4360 indignatio

485 4384 660 4455 fratris
686 4384 761 4436 tui
789 4400 909 4454 erga
942 4392 1007 4448 te,
1033 4382 1121 4437 45.
1145 4388 1191 4436 et
1218 4382 1541 4435 obliviscatur
1564 4396 1676 4451 qua:
1708 4381 1754 4434 ei
1794 4382 1989 4451 fecisti:
2018 4390 2067 4433 et

483 4476 681 4529 mittant
707 4486 754 4528 et
772 4474 1011 4528 reducam
1042 4483 1087 4525 te
1121 4472 1259 4538 inde,
1297 4488 1359 4524 ne
1392 4471 1522 4539 forte
1544 4487 1645 4523 uno
1668 4471 1750 4523 die
1785 4471 1921 4523 vobis
1965 4487 2067 4523 ant-

487 4567 642 4619 bobus
662 4567 825 4619 orber.
855 4566 969 4628 Abi,
999 4565 1187 4635 inquit,
1213 4563 1280 4615 ad
1320 4567 1527 4633 fratrem
1570 4579 1732 4615 meum
1770 4562 1968 4626 Laban,
2006 4571 2051 4616 et

488 4656 658 4709 habita
686 4657 793 4710 illic
818 4672 933 4708 cum
963 4672 1041 4709 eo.
1077 4655 1373 4709 Verisimile
1398 4655 1540 4709 enim
1569 4663 1650 4708 est
1676 4656 2064 4724 separationem

485 4757 543 4805 et
567 4748 822 4817 temporis
845 4760 1156 4816 processura
1183 4761 1338 4815 posse
1363 4744 1562 4814 aliquid
1590 4745 1840 4813 amplius,
1869 4760 2065 4815 nempe

483 4838 728 4909 mitigare
755 4838 910 4902 iram,
944 4836 1202 4890 invidiam
1230 4835 1419 4891 sedare
1442 4843 1497 4891 et
1523 4834 1845 4890 oblivionem
1873 4835 2064 4891 afferre

481 4946 667 4985 eorum
692 4946 812 5000 quae
840 4931 893 4984 in
924 4929 1065 4985 furto
1091 4929 1474 4984 benedictionis
1493 4937 1642 4999 gesta
1665 4939 1808 4983 sunt.
1842 4928 1908 4981 Et
1932 4928 2063 4983 obli-

462 5024 722 5091 Asiscatur,
751 5023 941 5095 inquit,
967 5038 1082 5092 qua:
1106 5024 1283 5093 feceris
1306 5024 1372 5076 ei.
1416 5023 1714 5078 Verisimile
1739 5032 1842 5088 est,
1868 5023 2060 5093 inquit,

481 5131 606 5172 eum
632 5115 795 5171 irasci
823 5117 840 5147 ⁸
867 5133 881 5170 :
914 5114 1036 5171 ideo
1070 5130 1167 5184 par
1190 5124 1272 5170 est
1310 5126 1368 5170 ut
1401 5116 1534 5170 iram
1565 5125 1619 5171 et
1656 5115 1911 5187 impetum
1948 5116 2065 5187 ejus

546 5272 562 5303 ε
599 5277 647 5336 In
675 5282 852 5336 graeco,
873 5285 1178 5336 summoti,
1196 5284 1389 5336 anitum.
1410 5274 1474 5322 Ad
1498 5274 1688 5336 literam
1711 5272 1886 5336 melius
1908 5282 2061 5336 esset,

472 5331 591 5392 jure
612 5331 840 5382 irascitur
864 5347 879 5381 :
904 5340 956 5380 et
981 5331 1193 5396 fortassis
1216 5331 1303 5383 hoc
1320 5336 1486 5383 dicere
1506 5334 1659 5384 voluit
1682 5331 2060 5396 Chrysostomnsl

480 5400 534 5442 Et
557 5408 693 5452 vero,
708 5403 763 5443 ut
783 5397 945 5443 statim
961 5395 1169 5454 videtur,
1194 5408 1337 5445 causa
1350 5396 1517 5443 aderat
1539 5404 1593 5444 ut
1617 5395 1909 5445 irasceretur
1923 5400 2060 5455 Esau,

480 5456 545 5503 ob
565 5465 837 5517 surreptam
875 5458 964 5505 sibi
990 5455 1157 5504 fraude
1191 5458 1636 5518 primogenituram.
1671 5459 1763 5504 Etsi
1787 5460 1916 5505 enim
1937 5458 2065 5509 dicat

483 5520 786 5579 Augustinus,
812 5525 955 5566 Τοιηο
980 5524 1049 5577 IV,
1072 5530 1177 5579 cap.
1206 5519 1281 5577 10,
1330 5524 1437 5579 post
1474 5520 1679 5573 initium,
1728 5518 1773 5566 id
1798 5518 1924 5579 quod
1951 5533 2061 5568 sua-

481 5577 634 5627 dente
656 5588 811 5628 matre
848 5580 965 5628 fecit
985 5577 1143 5636 Jacob,
1170 5592 1264 5629 non
1290 5577 1401 5629 esse
1425 5581 1745 5634 mendacium,
1767 5577 1856 5627 sed
1880 5588 2060 5640 myste-

480 5641 624 5696 rium,
647 5648 699 5689 et
718 5643 822 5701 ipse
843 5642 1201 5704 Chrysostomus
1221 5654 1365 5703 supra
1389 5644 1616 5690 Rebecca:
1643 5648 1693 5690 et
1710 5642 1869 5704 Jacobi
1888 5641 2061 5689 factum

484 5704 829 5765 excusaverit:
843 5703 994 5762 primo
1017 5710 1177 5765 tamen
1201 5705 1375 5755 intuitu
1399 5704 1630 5754 fallaciam
1651 5703 1990 5765 conspicimus,
2007 5711 2061 5753 et

483 5764 602 5811 lanii
619 5765 730 5825 jure
752 5764 1026 5827 indignatus
1048 5763 1255 5815 videtur.

1283 340 1351 399 IN
1386 342 1539 401 CAP.
1576 344 1789 401 XXVII.
1830 345 1918 402 ET
1956 344 2191 402 XXVIII.
2230 347 2472 406 GENES.
2512 351 2740 411 IIOMIL.
2784 356 2896 412 LIV

3663 364 3770 422 Πὸ

2192 462 2449 533 declines,
2480 466 2525 522 si
2565 467 2704 525 forte
2729 486 2827 542 per
2866 480 3071 543 tempus
3105 474 3187 531 rei
3211 484 3372 546 gestae
3401 480 3767 534 obliviscatur.

2187 563 2243 609 et
2268 565 2448 625 postea
2476 573 2598 613 eum
2619 560 2864 617 libertate
2888 565 3060 632 possis
3081 564 3165 620 hic
3191 567 3513 623 domicilium
3537 568 3753 623 habere.

2189 645 2257 700 Et
2286 662 2355 702 ne
2385 647 2525 704 ﬁlius
2549 648 2667 718 ejus
2694 654 2947 720 gravatim
2977 654 3132 723 ferat,
3155 656 3294 725 quod
3314 668 3533 727 cogatur
3558 658 3611 713 in
3633 659 3762 712 alie-

2185 750 2307 789 nam
2349 745 2542 792 terram
2569 739 2763 809 {abirez
2795 743 2915 797 vide
2947 745 3214 809 quomodo
3252 747 3453 801 soletur
3473 748 3609 802 illius
3636 749 3757 801 auio

2184 840 2348 879 mam.
2391 827 2623 881 Primum
2670 831 2884 899 quidem
2922 833 3092 887 dixit:
3121 833 3218 889 Abi
3242 836 3309 889 ad
3333 835 3510 890 Laban
3548 840 3757 908 fratrem

2184 932 2367 970 meum.
2397 917 2533 973 Num
2561 919 2628 974 ad
2656 933 2965 977 extraneum
2996 933 3049 979 et
3081 926 3312 981 alienum
3345 928 3424 982 ire
3466 937 3519 982 te
3552 928 3764 997 jubeo?

2182 1006 2264 1060 Ad
2283 1011 2492 1077 fratrem
2516 1027 2681 1064 meum
2713 1013 2814 1078 abi,
2836 1024 2883 1068 et
2902 1014 3073 1069 habita
3096 1034 3211 1069 cum
3238 1034 3295 1071 eo
3323 1019 3392 1071 ad
3411 1019 3516 1074 dies
3542 1019 3754 1089 aliquot.

2183 1097 2373 1167 Breve,
2404 1101 2590 1171 inquit,
2635 1113 2864 1173 tempus,
2900 1121 3098 1175 paucos
3124 1109 3261 1173 dies,
3304 1125 3581 1179 quousque
3608 1112 3759 1180 quie-

2183 1200 2299 1246 scat
2324 1191 2422 1246 ira.
2449 1192 2600 1247 Nunc
2627 1195 2769 1249 enim
2796 1195 2967 1251 fervet
2990 1197 3282 1266 indignatio
3307 1198 3441 1266 ejus,
3467 1215 3639 1269 neque
3666 1215 3760 1269 pa—

2185 1283 2280 1338 tris
2308 1284 2521 1340 habebit
2548 1288 2899 1342 reverentiam
2937 1288 3015 1343 ira
3051 1290 3219 1344 semel
3247 1289 3555 1357 inundante,
3585 1306 3761 1361 neque

2182 1382 2435 1443 quantum
2478 1375 2724 1431 fraterna:
2758 1378 3135 1433 necessitudini
3186 1378 3376 1433 debeat
3425 1380 3481 1433 in
3526 1389 3757 1434 mentem

2181 1466 2437 1534 accipiet:
2478 1466 2570 1521 sed
2609 1482 2773 1521 unum
2824 1467 2924 1522 hoc
2962 1478 3104 1538 aget,
3135 1477 3191 1521 ut
3224 1466 3456 1523 furorem
3487 1484 3640 1524 suum
3666 1484 3760 1523 ex-

2181 1556 2344 1624 pleat.
2372 1556 2439 1609 Et
2466 1558 2686 1623 mittens,
2718 1558 2893 1612 statim
2936 1559 3052 1613 inde
3085 1560 3325 1611 reducam
3350 1567 3416 1611 te.
3443 1559 3537 1622 Te,
3567 1558 3757 1626 inquit,

2182 1647 2467 1702 revocabo.
2495 1648 2595 1702 Abi
2619 1647 2780 1717 igitur
2807 1649 2941 1703 bona
2970 1664 3090 1703 cum
3120 1647 3349 1707 ﬁducia:
3378 1656 3428 1702 te
3453 1650 3592 1702 enim
3619 1664 3759 1702 nun-

2182 1737 2269 1790 tiis
2291 1751 2357 1791 eo
2387 1738 2563 1791 missis
2600 1738 2888 1794 reducam:
2919 1754 3039 1791 nam
3075 1738 3143 1792 de
3180 1746 3289 1791 toto
3320 1738 3449 1791 mihi
3485 1747 3757 1792 certamen

2180 1836 2281 1891 est,
2313 1827 2379 1882 de
2397 1837 2630 1897 utroque
2658 1831 2812 1883 anxia
2839 1843 2980 1894 sum,
3012 1844 3079 1884 ne
3109 1829 3246 1882 forte
3290 1838 3514 1897 utroque
3558 1831 3753 1898 priver.

2180 1920 2313 1975 Vide
2338 1922 2651 1990 sapientiam
2680 1921 2885 1987 matris,
2921 1934 3041 1991 quae
3075 1934 3105 1973 a
3137 1920 3306 1988 seips-a
3336 1930 3499 1986 mota,
3529 1921 3632 1975 imo
3664 1920 3756 1975 Dei

2179 2009 2507 2078 praedictioni
2535 2010 2695 2065 etiam
2726 2024 2868 2064 nunc
2905 2010 3165 2077 serviens,
3206 2009 3298 2063 illa
3334 2010 3566 2064 consulit
3591 2024 3758 2079 puero

2179 2118 2298 2172 quae
2324 2102 2568 2157 Christus
2604 2102 2879 2173 discipulis
2923 2103 3034 2157 suis
3073 2101 3408 2168 consulebat,
3449 2117 3516 2155 ne
3559 2109 3758 2155 temore

2181 2193 2429 2262 periculis
2459 2207 2517 2248 se
2546 2192 2924 2260 immiscerent,
2958 2193 3051 2248 sed
3079 2206 3293 2247 secessu
3332 2192 3588 2246 insaniam
3618 2190 3758 2245 male

2179 2284 2495 2339 all'eetorum
2533 2283 2917 2339 demulcerent.
2952 2285 3064 2338 Hoc
3112 2285 3269 2353 igitur
3309 2283 3469 2339 etiam
3514 2282 3601 2336 illa
3648 2282 3756 2336 ﬁlio

2176 2378 2422 2443 comulit,
2451 2379 2678 2446 primum
2703 2377 2820 2447 ejus
2845 2377 3023 2431 animo
3053 2377 3295 2430 ﬁduciam
3330 2376 3518 2429 iudens
3558 2383 3613 2429 ut
3643 2375 3756 2429 dis-

2175 2484 2382 2525 cessum
2421 2484 2525 2523 non
2563 2483 2705 2538 aegre
2745 2467 2943 2531 ferret,
2988 2475 3113 2521 tunc
3149 2467 3399 2534 deinceps
3445 2472 3499 2520 et
3542 2479 3756 2519 causam

2176 2558 2451 2613 honestam
2484 2558 2795 2628 profectioni
2824 2558 2940 2627 ejus
2978 2558 3261 2627 excogitat,
3300 2557 3373 2610 ita
3402 2563 3462 2610 ut
3488 2571 3554 2611 ne
3579 2556 3751 2609 mani-

2175 2650 2307 2705 fuste
2335 2651 2573 2705 videatur
2594 2660 2810 2720 propter
2831 2649 3008 2706 fratris
3029 2648 3277 2703 invidiam
3308 2648 3580 2715 recedere,
3617 2663 3757 2702 neve

2174 2752 2325 2813 pater
2338 2744 2471 2798 sciat
2490 2758 2665 2798 veram
2680 2742 3120 2813 peregrinationis
3139 2755 3373 2807 causam,
3390 2739 3535 2794 Esaii
3554 2738 3757 2794 scilicet

2176 2835 2585 2905 indignationem
2612 2842 2794 2890 contra
2815 2834 2980 2888 illum.
2999 2833 3091 2890 46.
3120 2830 3186 2887 Ει
3206 2834 3451 2902 ingressa,
3477 2832 3665 2901 inquit,
3687 2830 3756 2883 ad

2175 2926 2326 2981 Isaac
2348 2926 2572 2980 Rebecca
2597 2926 2762 2981 dixit:
2787 2924 2965 2980 Gravis
2994 2924 3115 2978 mihi
3143 2925 3244 2978 vita
3277 2934 3347 2977 est
3382 2930 3593 2993 propter
3623 2922 3758 2990 ﬁlias

2176 3021 2399 3089 ﬁliorum
2442 3020 2583 3075 Chet.
2625 3021 2687 3075 Si
2730 3018 2975 3089 acceperit
3010 3017 3170 3071 Iacob
3210 3032 3420 3070 uxorem
3455 3016 3519 3069 de
3551 3014 3754 3083 ﬁliabus

2177 3120 2324 3164 teme
2346 3111 2509 3177 istius,
2534 3109 2604 3163 ad
2626 3109 2746 3180 quid
2774 3108 2898 3163 mihi
2919 3109 3019 3162 vita
3037 3108 3063 3161 ?

2249 3202 2303 3256 '5.
2323 3200 2610 3255 Considera
2635 3198 2901 3270 quomodo
2926 3198 3206 3252 honestum
3237 3196 3437 3252 invmit
3456 3196 3753 3251 obtentum.

2175 3292 2397 3358 Quando
2432 3294 2573 3348 enim
2598 3292 2751 3347 nobis
2770 3307 2997 3362 superna
3023 3291 3189 3361 gratia
3216 3290 3547 3360 cooperatrix
3568 3297 3669 3353 est,
3699 3297 3753 3343 et

2172 3385 2404 3441 diflicilia
2422 3383 2595 3440 facilia
2613 3385 2769 3454 ﬁunt,
2788 3394 2842 3440 et
2860 3384 3038 3455 gravia
3056 3385 3215 3440 levia.
3238 3384 3370 3451 Quia
3394 3384 3552 3454 igitur
3567 3391 3622 3438 et
3639 3383 3753 3436 lucc

2174 3477 2360 3532 habuit
2390 3477 2557 3532 Deum
2588 3476 2870 3532 sententiae
2892 3490 3005 3532 sua:
3032 3483 3379 3539 annuentem,
3403 3473 3603 3540 omnia,
3635 3488 3755 3542 quze

2172 3567 2239 3622 ad
2279 3566 2512 3623 futuram
2550 3567 3002 3638 dispensationem
3039 3575 3095 3622 et
3142 3565 3209 3621 ad
3247 3567 3471 3620 salutem
3508 3563 3600 3617 ﬁlii
3623 3577 3754 3618 eon-

2173 3659 2370 3713 ducere
2410 3666 2677 3727 poterant,
2716 3659 2979 3729 suggessit
3014 3657 3131 3725 ejus
3172 3656 3358 3710 menti.
3395 3654 3573 3708 Gravis
3598 3653 3746 3717 mihi,

2175 3749 2365 3819 inquit,
2396 3760 2465 3803 est
2492 3750 2593 3802 vita
2615 3766 2726 3802 mea
2755 3759 2959 3818 propter
2983 3748 3118 3815 ﬁlias
3142 3747 3362 3817 ﬁliorum
3394 3745 3539 3799 Chet.
3566 3744 3626 3798 Si
3663 3760 3755 3796 ac.

2174 3842 2359 3911 ceperit
2392 3840 2551 3894 Jacob
2580 3856 2790 3894 uxorem
2828 3840 2892 3892 de
2919 3838 3122 3907 ﬁliabus
3165 3846 3312 3890 terra:
3339 3836 3511 3907 hujus,
3544 3835 3609 3887 ad
3637 3834 3756 3904 quid

2174 3932 2301 3985 mihi
2325 3931 2475 3985 vita?
2504 3930 2601 3986 Hic
2626 3930 2755 3984 mihi
2783 3928 3085 3999 signiﬁcare
3109 3926 3317 3981 videtur
3342 3925 3603 3995 pessimos
3630 3940 3756 3978 uxo-

2174 4038 2291 4078 rum
2320 4022 2462 4077 Esat'i
2490 4035 2687 4084 mores,
2708 4034 2828 4091 quae
2855 4018 2934 4074 eis
2963 4017 3157 4072 fuerint
3182 4016 3363 4070 multm
3388 4013 3754 4069 amaritudinis

2172 4129 2353 4169 causa.
2386 4113 2596 4168 Etenim
2638 4113 2707 4167 de
2754 4111 2899 4165 Esau
2943 4109 3185 4179 superius
3214 4108 3449 4161 narravit
3483 4104 3634 4158 nobis
3673 4103 3753 4157 di-

2174 4208 2295 4263 vina
2335 4206 2631 4275 Scriptura,
2670 4203 2811 4274 quod
2850 4201 3116 4272 acceperit
3142 4215 3171 4253 a
3200 4197 3451 4255 Chettmis
3483 4208 3538 4252 et
3576 4197 3753 4251 Evzeis

2171 4312 2385 4361 uxores,
2407 4312 2527 4368 quae
2541 4294 2925 4365 exasperabant
2942 4293 3086 4348 Isaac
3104 4300 3155 4347 et
3172 4290 3466 4345 Rebeccam
3493 4286 3645 4359 (Gen.
3661 4286 3755 4340 26.

2175 4389 2265 4444 54.
2296 4387 2426 4458 55).
2472 4387 2598 4441 ΙΙωο
2625 4386 2783 4455 igitur
2824 4385 2878 4439 in
2906 4382 3215 4438 memoriam
3244 4380 3292 4435 ei
3332 4391 3616 4448 suggerere
3658 4391 3754 4430 vo-

2174 4481 2309 4546 lens,
2351 4479 2423 4532 ita
2467 4478 2579 4531 fere
2618 4477 2882 4544 loquitur:
2924 4475 3042 4529 Scis
3077 4472 3342 4544 quomodo
3380 4472 3539 4525 vitam
3577 4484 3749 4524 meam

2173 4569 2565 4625 exacerbarunt
2590 4581 2781 4621 uxores
2812 4567 2972 4630 Esau,
3003 4574 3059 4618 et
3081 4567 3348 4633 quomodo
3387 4572 3602 4632 propter
3636 4562 3752 4614 illa-

2172 4676 2289 4714 rum
2330 4659 2583 4712 malitiam
2612 4658 2663 4710 in
2690 4670 2879 4711 omnes
2904 4656 3039 4709 ﬁlias
3067 4655 3292 4709 ﬁliorum
3321 4654 3452 4707 Chet
3481 4652 3618 4706 male
3638 4652 3753 4705 alli-

2173 4752 2305 4816 cior,
2323 4759 2377 4804 et
2401 4757 2614 4819 propter
2631 4748 2750 4802 illas
2774 4762 2985 4801 omnem
3012 4755 3224 4815 gentem
3254 4760 3472 4798 exesam
3499 4742 3743 4806 habeam;

2172 4843 2215 4896 si
2244 4843 2399 4911 igitur
2427 4840 2701 4908 contingat
2727 4847 2781 4892 et
2803 4836 2969 4891 Jacob
3009 4851 3076 4890 ex
3118 4835 3224 4889 illis
3267 4848 3487 4889 uxorem
3529 4833 3749 4899 ducere,

2171 4948 2290 5002 qua:
2311 4930 2441 4986 mihi
2473 4937 2655 5000 postea
2684 4928 2870 4983 salutis
2892 4927 3054 4994 spes?
3079 4924 3158 4978 Ad
3179 4925 3303 4993 quid
3328 4925 3451 4977 mihi
3479 4932 3590 4977 tum
3623 4924 3750 4975 vita?

2171 5026 2302 5082 Nam
2342 5024 2389 5080 si
2432 5025 2548 5079 illas
2576 5024 2713 5077 l’crrc
2755 5036 2859 5075 non
2889 5034 3189 5089 possumus,
3220 5019 3265 5071 si
3306 5017 3467 5074 etiam
3490 5015 3654 5071 Jacob
3687 5032 3749 5067 ex

2171 5118 2382 5173 ﬁliabus
2422 5126 2576 5171 terra:
2604 5115 2760 5184 hujus
2799 5127 3018 5167 uxorem
3048 5109 3334 5179 acceperit,
3363 5117 3540 5161 actum
3571 5113 3654 5159 est
3682 5105 3749 5158 de

2171 5209 2275 5263 vita
2297 5218 2494 5262 nostra.
2513 5205 2715 5273 Quibus
2734 5202 2929 5258 auditis
2946 5202 3109 5268 Isaac,
3128 5209 3286 5269 atque
3302 5197 3517 5252 malitiae
3539 5196 3748 5248 illarum

2169 5299 2496 5363 recordatus,
2522 5300 2573 5352 1.
2598 5296 2747 5351 Isaac
2778 5294 3026 5348 aduocans
3040 5291 3222 5355 Iacob,
3251 5288 3501 5344 benedixit
3520 5302 3652 5348 eum,
3673 5285 3750 5337 in-

2167 5392 2304 5460 quit,
2317 5400 2361 5444 et
2382 5390 2616 5460 praecepit
2636 5389 2702 5454 ei,
2721 5388 2889 5441 dicens
2902 5401 2922 5437 :
2935 5383 3054 5437 Non
3070 5398 3243 5436 sumes
3257 5395 3463 5433 uxorem
3475 5379 3538 5429 de
3548 5376 3751 5443 ﬁliabus
3812 5414 3817 5421 .

2172 5484 2605 5543 Chananteorum;
2634 5479 2689 5531 2.
2712 5478 2798 5533 sed
2818 5492 2985 5547 surge,
3007 5482 3054 5527 et
3081 5472 3207 5524 vade
3230 5471 3284 5522 in
3306 5465 3744 5535 Mesopotamiam,

2168 5575 2221 5627 in
2249 5573 2453 5626 domum
2487 5572 2645 5640 patris
2667 5570 2841 5622 matris
2876 5577 2997 5630 tute,
3031 5572 3077 5617 et
3100 5562 3272 5630 accipe
3290 5558 3375 5612 tibi
3404 5558 3520 5611 inde
3547 5570 3749 5608 uxorem

2166 5665 2229 5716 de
2258 5662 2458 5729 ﬁliabus
2496 5660 2667 5729 fratris
2714 5658 2889 5711 matris
2932 5665 3028 5709 tute
3066 5651 3224 5724 (Cap.
3267 5648 3395 5719 28).
3441 5646 3620 5715 Neque
3666 5643 3748 5696 his

2168 5762 2450 5809 contentus
2487 5750 2686 5817 verbis,
2726 5747 2892 5804 voluit
2932 5754 2986 5803 et
3029 5743 3347 5801 alacriorem
3377 5755 3497 5798 eum
3528 5734 3749 5791 reddere
