4168 6264
461 306 527 362 '75
1132 301 1187 358 S.
1227 298 1503 357 JOANNIS
1537 287 2011 354 CI‘IRYSOSTOMI
2048 290 2362 351 ARCHIEP.
2390 297 2927 356 CONSTANTINOP.

423 420 477 474 in
519 416 970 487 peregrinatione,
1015 423 1071 469 et
1121 429 1244 469 eum
1298 414 1487 467 iterum
1541 407 1997 465 benedictionibus

422 508 705 564 conlimiat
729 524 792 562 ac
820 508 947 562 dicit
967 501 986 560 ἐ
1014 507 1066 561 5.
1090 504 1230 558 Deus
1267 514 1433 557 autem
1468 518 1607 556 meus
1644 502 1895 555 benedicet
1928 508 1995 560 te,

424 611 471 654 et
495 600 695 670 augebit
711 610 778 665 te,
797 608 845 654 et
868 596 1219 666 multiplicabit
1242 606 1308 662 te,
1330 604 1377 649 et
1396 595 1494 650 eris
1514 594 1567 649 in
1594 592 1998 663 congregationes

422 694 668 760 gentium,
707 692 761 745 4.
803 699 851 742 et
886 688 1025 742 dabit
1063 688 1151 741 tibi
1190 687 1577 741 benedictionem
1601 684 1818 738 Abraha:
1841 683 2000 753 patris

424 782 544 846 mei,
577 782 665 835 tibi
697 790 744 834 et
771 781 950 835 semini
990 789 1077 834 tuo
1117 790 1227 850 post
1255 789 1333 834 te:
1354 788 1409 833 ut
1432 780 1485 832 in
1519 778 1842 832 hereditatem
1869 777 2003 835 arci.

427 869 540 941 pias
585 881 770 923 trrram
820 869 1234 940 peregrinationis
1284 878 1418 934 tute,
1475 882 1628 937 quant
1673 866 1810 919 dedit
1863 864 2002 919 Deus

426 958 664 1013 Abralta.
692 957 822 1013 Vide
847 958 1116 1027 quomodo
1138 959 1315 1027 justus
1355 957 1594 1027 prmdicit
1628 956 1679 1012 ei
1711 956 1912 1022 omnia,
1939 970 2003 1010 ac

426 1047 563 1103 bona
600 1047 648 1103 ei
675 1048 863 1110 viatica
888 1048 979 1103 dat
1006 1057 1060 1105 et
1110 1048 1335 1111 solatia;
1372 1048 1612 1118 prmdicit
1637 1048 1780 1104 enim
1808 1048 1857 1102 ei
1884 1046 2004 1103 red-

430 1136 567 1191 itum
605 1137 1059 1208 hereditatemque
1098 1146 1275 1205 terrae,
1300 1138 1533 1193 futurum
1573 1152 1692 1193 esse
1735 1137 1920 1192 dicens
1946 1147 2005 1192 ut

424 1242 531 1281 non
552 1228 725 1282 solum
752 1228 803 1283 in
826 1229 1214 1283 multitudinem
1238 1237 1459 1294 crescat,
1479 1229 1573 1285 sed
1599 1230 1755 1284 etiam
1781 1243 2005 1299 congre-

368 1336 372 1337 ί
430 1319 675 1387 gationes
709 1320 947 1388 gentium
992 1336 1058 1375 ex
1098 1320 1306 1375 semine
1343 1320 1459 1390 ejus
1486 1320 1842 1389 egrediantur.
1874 1321 2005 1386 Qum

428 1417 490 1462 ut
526 1408 727 1463 audivit
769 1409 931 1475 filius,
979 1410 1219 1479 implevit
1255 1410 1403 1479 jussa
1434 1411 1628 1479 patris,
1656 1417 1713 1464 et
1738 1410 2005 1479 profectus

426 1506 509 1552 est
544 1498 595 1551 in
643 1499 1073 1567 Mesopotamiam
1111 1500 1177 1554 ad
1219 1500 1397 1555 Laban
1439 1501 1625 1554 matris
1666 1499 1907 1554 fratrem.
1936 1498 2007 1553 Et

428 1585 643 1655 iterum,
667 1596 724 1641 ut
747 1588 847 1643 hoc
873 1589 1055 1644 didicit
1085 1590 1246 1652 Esat't,
1287 1605 1480 1659 nempe
1503 1589 1760 1649 Jacobum
1787 1588 2007 1647 benedi-

427 1685 572 1730 ctum
598 1677 760 1733 fuisse
784 1694 815 1733 a
847 1686 1015 1747 patre,
1038 1688 1092 1733 et
1119 1679 1425 1734 mandatum
1451 1680 1720 1748 accepisse
1747 1694 1814 1734 ne
1839 1677 2007 1734 duce-

431 1774 515 1820 ret
536 1781 755 1821 uxorem
779 1783 844 1823 ex
871 1770 1079 1825 liliabus
1095 1769 1537 1837 Chauanacorum,
1552 1772 1646 1825 sed
1668 1770 2008 1827 contendisse

429 1855 485 1909 in
527 1855 1003 1925 MesOpotamiatn:
1047 1861 1197 1939 quasi
1241 1860 1510 1930 corrigere
1552 1862 1736 1917 volens
1771 1870 2008 1917 erratum

431 1959 586 1999 suum
608 1954 663 2001 et
689 1947 897 2016 placare
924 1959 1148 2019 patrem,
1175 1951 1230 2007 9.
1262 1951 1488 2022 Addidit,
1520 1951 1711 2021 inquit,
1741 1962 1789 2006 et
1816 1954 2007 2024 accepit

428 2051 636 2089 uxorem
668 2037 736 2090 ad
766 2038 897 2093 duas
916 2056 1094 2095 uxores
1111 2058 1248 2103 suas,
1267 2042 1426 2110 ﬁliam
1445 2041 1636 2097 Ismael
1653 2043 1748 2109 lilii
1768 2044 2008 2099 Abraltat.

430 2126 637 2195 Vidisti,
667 2129 879 2198 dilecte,
916 2143 1112 2201 quanta
1142 2133 1422 2209 prudentia
1451 2134 1617 2189 lilium
1658 2150 1813 2190 suum
1843 2135 2008 2198 Jacoh

427 2232 462 2272 e
488 2220 736 2287 periculis
781 2222 1146 2277 amantissima
1188 2233 1357 2281 mater
1392 2225 1683 2294 eripuerit:
1709 2226 2009 2295 speciosam

428 2310 727 2365 obtendens
776 2315 1218 2383 peregrinationis
1268 2328 1505 2380 causam,
1547 2325 1602 2369 et
1644 2330 1817 2385 neque
1865 2315 2010 2371 Esait

430 2401 691 2455 malitiam
745 2404 996 2472 prodens,
1032 2420 1206 2474 neque
1249 2406 1383 2474 patri
1431 2422 1644 2465 causam
1671 2408 2008 2464 manifestam

431 2490 704 2556 reddens;
745 2492 839 2547 sed
870 2504 924 2548 et
950 2494 1060 2548 ﬁlio
1090 2494 1417 2552 conveniens
1442 2495 1578 2553 dans
1603 2497 1919 2563 consilium,
1952 2506 2011 2552 ut

430 2594 500 2636 ex
527 2589 670 2637 metu
697 2583 764 2636 ad
789 2598 942 2638 suam
970 2584 1392 2655 amplectendam
1430 2588 1747 2642 sententiam
1773 2587 2008 2643 adduce-

434 2681 605 2738 retur,
630 2672 757 2727 dum
785 2674 948 2729 etiam
978 2675 1113 2744 patri
1140 2685 1521 2746 congruentem
1548 2692 1760 2733 causam
1789 2693 2009 2749 sugges-

429 2760 534 2815 sit?
559 2762 706 2819 Unde
726 2772 780 2820 et
793 2763 970 2834 justus
996 2768 1112 2834 ejus
1132 2766 1287 2822 dictis
1306 2781 1583 2823 assensum
1609 2768 1873 2839 prmbens,
1898 2770 2012 2832 via-

432 2851 540 2908 tico
567 2854 947 2915 benedictionis
976 2857 1288 2920 instructum
1313 2857 1478 2919 Jacob
1503 2859 1723 2917 dimisit.

501 2945 851 3018 Peregrinatio
875 2948 1054 3003 Jacobi
1082 2961 1338 3005 narratur.
1355 2981 1428 2991 --
1450 2952 1713 3007 αξιοι-ιω]
1736 2952 1783 3008 si
1810 2953 2004 3024 placet,

428 3045 484 3093 et
510 3053 612 3093 non
637 3039 1021 3111 defatigamini,
1044 3042 1316 3097 videamus
1334 3044 1602 3113 quomodo
1624 3046 2009 3119 peregrinatio-

429 3145 553 3191 nem
590 3131 988 3189 obieritlacoh.
1035 3133 1154 3187 Non
1198 3148 1424 3203 parvum
1464 3136 1610 3190 enim
1651 3145 1704 3190 et
1744 3135 1867 3191 hinc
1893 3136 2006 3190 fru-

428 3230 573 3275 ctum
604 3222 848 3292 accipcre
879 3238 1160 3292 possumus
1179 3265 1195 3290 ,
1224 3224 1270 3278 si
1302 3225 1701 3285 attenderimus.
1733 3227 2007 3284 Justorum

428 3310 572 3369 enim
602 3316 938 3367 conversatio
977 3322 1030 3368 et
1062 3314 1168 3370 vita
1194 3315 1356 3375 totius
1384 3315 1729 3385 philosophia:
1769 3318 2009 3373 continet

429 3401 752 3457 doctrinam.
776 3402 911 3459 Vide
940 3405 1097 3475 igitur
1123 3404 1263 3462 hunc
1284 3407 1556 3477 juvenem,
1588 3409 1677 3477 qui
1702 3408 1849 3471 domi
1873 3410 2004 3465 edu-

426 3498 600 3559 catus,
633 3493 723 3562 qui
749 3502 903 3548 antea
938 3510 1225 3565 numquam
1252 3498 1688 3566 pcregriuationis
1712 3500 2007 3570 cujuspiam

427 3586 723 3654 periculum
760 3586 991 3654 fecerat,
1037 3604 1327 3657 numquam
1379 3590 1434 3650 in
1478 3601 1739 3646 extranea
1789 3593 2005 3663 regione

427 3686 673 3732 versatus
715 3677 906 3744 fuerat,
949 3694 1121 3748 neque
1163 3695 1325 3750 grave
1364 3682 1561 3751 aliquid
1590 3693 1841 3751 expertus
1864 3693 2001 3752 erat,

425 3768 695 3837 quomodo
725 3769 826 3825 iter
849 3769 1089 3839 arripiat,
1121 3780 1176 3828 et
1203 3772 1347 3827 disce
1378 3772 1721 3844 philosophia.-
1742 3775 1882 3837 illius
1905 3792 2002 3833 ex-

425 3858 747 3914 cellentiam.
789 3859 877 3915 10.
914 3859 983 3914 Et
1017 3879 1243 3932 egressus
1269 3862 1427 3918 Iacob
1461 3880 1492 3917 a
1538 3866 1676 3935 fonte
1704 3868 2002 3934 juramenti,

426 3949 683 4019 profectus
721 3959 793 4005 est
820 3952 873 4005 in
901 3950 1150 4017 Charran,
1194 3953 1282 4008 Η.
1325 3964 1371 4007 et
1400 3956 1616 4016 accurrit
1642 3955 1787 4022 loco,
1818 3965 1863 4010 et
1883 3955 2003 4010 dor.

426 4042 567 4095 mivit
598 4042 736 4096 illic:
774 4043 1028 4097 occidebat
1062 4046 1197 4098 enim
1229 4044 1345 4098 sol:
1374 4055 1420 4099 et
1446 4046 1633 4115 accepit
1661 4046 1725 4101 de
1750 4047 2003 4115 lapidibus

427 4133 543 4199 loci,
564 4145 610 4188 et
639 4136 807 4206 posuit
851 4137 920 4189 ad
952 4146 1104 4208 caput
1140 4154 1306 4201 suum,
1336 4148 1381 4191 et
1407 4138 1643 4192 dormivit
1669 4140 1728 4192 in
1754 4140 1884 4201 loco.
1908 4140 2003 4194 Vi:

424 4225 553 4280 disti
587 4226 908 4282 ineffabilem
944 4228 1374 4297 philosophiam?
1406 4228 1582 4284 vidisti
1618 4230 1887 4300 quomodo
1916 4247 2003 4286 ve—

426 4326 568 4372 teres
594 4318 693 4372 iter
717 4317 1025 4373 faciebant?
1052 4319 1143 4374 Vir
1170 4319 1313 4373 domi
1344 4321 1598 4375 educatus
1628 4320 1836 4393 (rursus
1860 4323 2004 4378 enim

422 4424 487 4466 ea
508 4408 727 4480 dicam),
746 4417 1002 4480 tantoque
1026 4419 1269 4467 assuetus
1295 4412 1556 4469 famulitio
1585 4414 1842 4485 (Simplex
1859 4415 2003 4470 enim

421 4508 555 4567 erat,
584 4501 773 4572 inquit,
803 4511 851 4557 et
880 4502 1017 4557 domi
1041 4503 1272 4559 habitam
1294 4502 1548 4578 [Gen.25.
1569 4506 1662 4577 27]
1690 4508 1730 4577 ),
1764 4508 2002 4584 peregri-

422 4598 667 4659 naturus,
700 4608 869 4663 neque
889 4592 1149 4665 jumentis
1175 4596 1383 4665 egebat,
1408 4612 1580 4666 neque
1605 4597 1882 4663 ministris,
1910 4612 2004 4652 ne—

420 4696 528 4751 que
564 4682 769 4737 viaticis
794 4701 809 4751 ;
837 4685 929 4741 sed
966 4686 1317 4755 apostolicum
1355 4702 1563 4742 morem
1602 4687 1855 4753 imitatus,
1900 4688 2003 4743 iter

422 4772 578 4837 iacit:
605 4783 660 4830 et
687 4789 810 4830 cum
834 4778 1177 4838 occumberet
1207 4778 1311 4845 sol,
1351 4778 1421 4833 ibi
1450 4778 1719 4846 dormivit,
1752 4780 1839 4835 ubi
1878 4793 2001 4836 eum

421 4881 526 4931 post
556 4868 978 4936 comprehendit.
1011 4871 1237 4942 Accepit,
1266 4872 1453 4942 inquit,
1483 4864 1724 4942 lapidem,
1758 4882 1805 4926 et
1836 4875 2001 4940 posuit

420 4956 490 5018 ad
528 4967 680 5026 caput
717 4974 884 5012 suum.
918 4959 1049 5014 Vide
1083 4962 1231 5029 pueri
1264 4963 1466 5015 robur:
1499 4962 1673 5032 lapide
1709 4977 1802 5031 pro
1827 4962 2001 5032 pulvi-

423 5049 539 5110 nari
572 5064 699 5104 usus
719 5058 819 5115 est,
844 5058 900 5105 et
924 5065 1085 5120 super
1112 5053 1472 5120 pavimentum
1510 5053 1778 5109 dormivit.
1815 5054 1997 5123 igitur,

419 5141 673 5212 quoniam
699 5141 834 5197 bene
862 5150 1122 5196 moratam
1150 5144 1383 5198 animam
1424 5143 1673 5211 habebat,
1705 5155 1759 5200 et
1790 5144 2000 5201 virilem

420 5231 688 5301 spiritum,
719 5232 787 5288 ab
816 5233 963 5289 omni
988 5234 1230 5288 smculari
1264 5236 1495 5290 vanitate
1535 5235 1779 5303 liberum,
1821 5237 1999 5293 admi-

421 5327 645 5381 rabilem
674 5325 931 5411 visionem
966 5324 1111 5379 illam
1153 5325 1366 5381 meruit.
1412 5326 1527 5381 Hoc
1554 5327 1695 5382 enim
1715 5342 1870 5384 more
1894 5332 2002 5400 agit

423 5422 675 5477 Dominus
695 5430 907 5488 noster;
936 5420 1148 5492 quando
1171 5421 1310 5477 videt
1330 5421 1561 5477 animam
1581 5423 1716 5479 bene
1731 5424 1996 5492 all'ectam,

419 5513 701 5581 praesentia
727 5528 832 5567 non
873 5512 1050 5583 magni
1077 5510 1381 5581 facientem,
1410 5512 1693 5583 plurimam
1718 5514 1820 5571 sibi
1855 5515 1999 5572 illius

420 5620 600 5657 curam
623 5619 744 5659 esse
767 5604 1022 5659 declarat.
1228 5676 1233 5681 _

490 5696 544 5751 ι.
589 5695 718 5751 Vide
762 5694 915 5767 igitur
947 5696 1146 5767 justum
1182 5696 1331 5759 illum
1360 5695 1414 5755 in
1451 5696 1569 5759 solo
1596 5697 1915 5767 cubantem,
1942 5706 2000 5757 et

3582 302 3687 356 £76

2101 408 2358 464 visionem
2388 411 2653 467 videntem
2678 454 2693 476 ,
2728 412 2834 466 imo
2866 411 3065 466 visione
3095 411 3297 466 Domini
3338 412 3554 483 dignum
3585 415 3681 468 lia-

2102 497 2287 552 bitum.
2317 500 2450 554 Dicit
2474 502 2615 556 enim
2640 519 2653 555 :
2686 501 2995 555 Ubdormivit
3018 543 3035 568 ,
3064 504 3151 560 12.
3177 509 3222 555 et
3260 520 3372 556 ecce
3413 508 3549 558 scala
3573 520 3683 568 erat

2102 588 2304 656 ﬁrmata
2327 606 2478 657 super
2502 600 2706 657 terarum,
2728 595 2875 658 cuius
2902 602 3055 662 caput
3081 594 3387 663 pertingebat
3408 595 3461 647 in
3479 598 3682 659 mlunt,

2102 689 2149 733 et
2176 681 2344 751 angeli
2382 681 2480 735 Dei
2502 683 2832 738 ascendebant
2853 694 2900 738 et
2928 684 3289 738 descendebant
3317 702 3467 753 super
3505 704 3612 741 eam
3637 691 3680 749 ⁸,

2105 772 2193 826 15.
2220 771 2469 827 Dominus
2493 783 2661 828 autem
2683 775 2889 828 innixus
2920 784 3027 829 erat
3072 791 3224 844 super
3247 793 3358 829 eam
3382 817 3395 841 ,
3424 788 3475 830 et
3507 779 3635 832 dixit
3663 820 3679 833 .

2104 859 2218 931 Ego
2237 862 2377 919 Deus
2395 864 2669 930 Abraham,
2692 874 2740 920 et
2760 864 2898 919 Deus
2919 864 3070 918 Isaac
3090 866 3247 934 patris
3267 867 3342 919 tui
3366 882 3385 919 :
3407 884 3467 921 ne
3486 869 3683 925 timeas.

2103 949 2393 1007 Considera
2420 994 2437 1021 ,
2464 956 2722 1019 obsecro,
2754 956 2841 1010 hic
2887 956 3140 1010 eximiam
3190 971 3371 1011 curam
3407 959 3686 1017 clementis

2107 1042 2222 1097 Dei.
2250 1043 2384 1109 Quia
2423 1045 2636 1100 videbat
2677 1061 2799 1100 eum
2846 1047 3138 1102 secundum
3179 1049 3457 1103 consilium
3501 1052 3687 1107 matris

2107 1144 2323 1203 propter
2350 1134 2593 1189 timorem
2640 1136 2815 1190 fratris
2854 1137 3332 1206 peregrinationem
3375 1141 3686 1209 suscipere,

2104 1234 2159 1279 et
2183 1226 2331 1294 quasi
2361 1240 2608 1280 erronem
2639 1227 2921 1296 quemdam
2948 1228 3047 1282 iter
3074 1227 3247 1284 facere
3269 1269 3284 1295 ,
3317 1229 3488 1284 solum
3526 1239 3686 1299 atque

2107 1315 2175 1368 ab
2214 1316 2333 1369 aliis
2358 1315 2679 1371 abstractum
2713 1318 3013 1389 nullamque
3050 1318 3332 1375 habentem
3361 1321 3681 1376 consolatio-

2108 1419 2229 1459 nem
2256 1406 2363 1459 ullo
2391 1420 2458 1461 ex
2489 1407 2627 1474 loco,
2662 1407 2753 1461 sed
2781 1416 2948 1462 totum
2992 1408 3045 1463 in
3095 1423 3387 1478 supernum
3431 1412 3684 1466 auxilium

2108 1494 2472 1562 projicientem
2501 1511 2517 1551 :
2541 1498 2717 1551 statim
2754 1498 2805 1551 in
2835 1498 2949 1567 ipso
2974 1499 3125 1554 initio
3150 1501 3335 1555 volens
3369 1502 3689 1561 continuare

2107 1585 2432 1640 alacritatem
2459 1587 2574 1657 ejus
2592 1628 2608 1653 ,
2636 1589 2684 1643 ei
2718 1599 2974 1659 apparet,
2997 1604 3061 1645 ac
3087 1592 3252 1646 dicit:
3277 1591 3390 1664 Ego
3412 1610 3526 1647 sum
3551 1592 3686 1649 Deus

2109 1676 2383 1741 Abraham,
2407 1688 2452 1731 et
2474 1676 2612 1733 Deus
2638 1678 2789 1734 Isaac
2810 1681 2971 1750 patris
2997 1682 3088 1735 tui.
3114 1681 3225 1753 Ego
3249 1690 3304 1737 et
3333 1683 3684 1753 patriarcltam

2107 1776 2164 1821 et
2188 1778 2388 1836 patrem
2427 1778 2572 1823 tuum
2613 1770 2664 1824 in
2694 1780 2895 1827 tantum
2925 1772 3262 1842 splendorem
3290 1776 3461 1829 erexi.
3487 1775 3563 1831 Ne
3592 1776 3688 1844 igi-

2111 1864 2195 1912 tur
2219 1857 2425 1925 timeas,
2447 1859 2543 1915 sed
2567 1860 2728 1916 crede
2757 1876 2861 1926 me,
2890 1863 2978 1932 qui
3005 1863 3216 1934 implevi
3246 1864 3348 1919 illis
3374 1867 3684 1935 promissio-

2110 1962 2235 2013 nes,
2267 1956 2321 2004 et
2359 1958 2411 2004 te
2447 1966 2564 2005 mea
2594 1967 2719 2006 cura
2749 1962 2803 2009 et
2842 1953 3170 2023 providentia
3200 1955 3558 2025 diguaturum.
3606 1957 3689 2013 Ne

2111 2037 2299 2092 timeas
2347 2053 2477 2110 ergo
2495 2081 2510 2105 ,
2531 2041 2625 2096 sed
2650 2042 2859 2099 confide
2894 2061 2909 2098 :
2940 2053 2999 2099 et
3022 2047 3166 2100 omni
3194 2046 3383 2101 timore
3422 2048 3644 2116 depulso
3667 2090 3686 2115 ,

2110 2127 2271 2186 crede
2289 2129 2354 2184 iis
2378 2146 2497 2199 qua:
2523 2146 2552 2185 a
2575 2147 2662 2187 me
2687 2133 2953 2189 dicuntur.
2979 2134 3181 2190 Etenim
3204 2147 3407 2201 terram,
3430 2140 3481 2192 in
3510 2156 3609 2210 qua
3632 2150 3687 2194 tu

2111 2217 2321 2286 dormis,
2343 2220 2431 2274 tibi
2454 2221 2585 2276 dabo
2609 2232 2655 2276 et
2687 2225 2864 2278 semini
2892 2234 2981 2279 tuo
3000 2266 3017 2292 ,
3048 2228 3133 2281 14.
3170 2237 3218 2280 et
3243 2228 3336 2281 erit
3361 2246 3524 2283 semen
3547 2240 3696 2284 tuum

2109 2307 2237 2362 sicut
2281 2327 2438 2365 arena
2471 2315 2648 2368 maris.
2675 2314 2754 2370 Ne
2781 2326 2968 2385 putes,
2997 2316 3197 2386 inquit,
3232 2320 3351 2389 quia
3398 2320 3449 2374 in
3493 2330 3693 2381 terram

2109 2397 2341 2454 alienam
2365 2416 2506 2457 nunc
2533 2404 2703 2472 vadis,
2734 2406 3044 2473 privandum
3076 2416 3127 2463 te
3154 2417 3293 2463 terra
3322 2409 3374 2463 in
3402 2425 3503 2479 qua
3532 2422 3693 2467 natus

2110 2505 2190 2555 es.
2219 2492 2309 2551 ubi
2352 2493 2637 2562 educatus,
2686 2496 2776 2551 ubi
2820 2496 3115 2553 adolevisti.
3161 2500 3369 2555 Etenim
3417 2502 3507 2555 tibi
3550 2502 3687 2556 dabo

2110 2598 2228 2638 eam
2258 2594 2311 2639 et
2350 2587 2538 2640 semini
2569 2596 2677 2654 tuo,
2719 2589 2860 2658 quod
2889 2591 3027 2646 sicut
3059 2607 3274 2647 arenam
3314 2594 3473 2649 maris
3508 2596 3695 2663 augeri.

2110 2676 2327 2741 Curabo,
2349 2675 2419 2730 Et
2446 2677 2737 2733 dilatabitur
2758 2680 2828 2734 ad
2866 2697 3034 2752 mare,
3074 2692 3122 2737 et
3148 2685 3394 2756 africum,
3422 2695 3469 2738 et
3493 2695 3688 2753 septem-

2111 2766 2340 2833 trionem,
2371 2776 2418 2820 et
2445 2768 2681 2823 orientem
2705 2784 2726 2823 :
2755 2769 2855 2827 hoc
2874 2780 2994 2839 est,
3032 2772 3227 2841 ubique
3269 2774 3640 2843 propagabitur
3669 2790 3686 2827 :

2110 2856 2179 2919 Et
2195 2856 2541 2914 benedicentur
2558 2860 2611 2914 in
2631 2870 2678 2915 te
2698 2877 2868 2915 omnes
2885 2862 3041 2916 tribus
3065 2873 3227 2927 terrae,
3242 2874 3289 2917 et
3305 2864 3356 2918 in
3375 2865 3562 2918 semine
3581 2874 3687 2923 tuo.

2185 2947 2448 3013 Quomodo
2492 2960 2718 3004 exercet“
2758 2951 3013 3021 iustorum
3049 2953 3381 3007 obedientiam
3413 2953 3571 3006 Deus.
3617 2983 3685 2993 —

2112 3038 2245 3095 Vide
2270 3040 2537 3109 quomodo
2555 3040 2667 3111 jam
2694 3041 2869 3096 omnia
2896 3042 2949 3098 ei
2966 3059 3086 3112 quae
3108 3052 3228 3112 post
3247 3044 3458 3114 longum
3481 3054 3687 3112 tempus

2109 3140 2362 3186 eventura
2384 3141 2564 3198 erant,
2596 3133 2859 3203 praedicit.
2891 3132 2986 3188 llic
3013 3134 3156 3189 enim
3182 3149 3301 3189 mos
3336 3144 3419 3189 est
3446 3135 3686 3189 omnium

2110 3220 2359 3287 Domino,
2380 3230 2438 3276 ut
2459 3222 2678 3292 singulis
2706 3222 2918 3292 quidem
2941 3223 3101 3293 justis
3128 3240 3190 3279 se
3216 3224 3269 3278 id
3291 3225 3545 3279 iacturum
3576 3224 3688 3292 pol-

2110 3310 2347 3377 liceatur,
2378 3328 2485 3367 non
2522 3319 2699 3368 autem
2736 3313 2989 3368 continuo
3016 3314 3397 3384 promissiones
3426 3314 3641 3383 impleat
3669 3329 3687 3373 ;

2108 3399 2204 3456 sed
2227 3411 2474 3457 exerceat
2492 3401 2759 3471 justorum
2790 3402 3146 3463 obedientiam
3172 3415 3223 3460 et
3250 3404 3580 3475 patientiam,
3604 3411 3688 3456 ιιι-υ

2107 3507 2212 3561 que
2253 3492 2333 3547 sic
2379 3493 2542 3547 multa
2594 3506 2715 3547 cum
2761 3492 3079 3551 liberalitate
3134 3494 3351 3564 impleat
3402 3494 3686 3563 promissa.

2084 3582 2311 3637 'Deinde
2343 3583 2431 3637 ubi
2460 3583 2724 3653 pollicitus
2748 3592 2831 3639 est
2857 3585 2905 3639 ei
2934 3583 3128 3650 futura,
3157 3600 3277 3640 cum
3308 3585 3570 3653 indigeret
3596 3584 3687 3653 ju-

2106 3683 2222 3729 stus
2251 3675 2304 3736 in
2342 3674 2501 3736 rebus
2541 3675 2888 3744 praesentibus
2916 3690 3020 3730 non
3050 3675 3251 3746 vulgari
3279 3675 3641 3730 consolatione
3669 3691 3689 3729 ξ

2107 3766 2228 3821 vide
2269 3766 2535 3836 quomodo
2575 3766 2834 3837 benignus
2865 3768 3117 3821 Dominus
3155 3765 3327 3822 futura
3355 3766 3685 3835 polliceatur,

2105 3867 2159 3913 et
2189 3873 2287 3935 per
2306 3859 2392 3912 illa
2419 3859 2530 3928 ipsa
2554 3874 2673 3929 qua:
2701 3874 2842 3913 nunc
2871 3859 2922 3913 in
2948 3875 3071 3914 eum
3091 3859 3346 3922 declarat,
3385 3858 3453 3913 de
3490 3858 3595 3912 illis
3620 3860 3687 3911 li-

2106 3948 2317 4005 duciam
2343 3949 2494 4011 indit.
2522 3951 2661 4007 Dicit
2685 3952 2825 4005 enim
2859 3968 2873 4004 :
2903 3950 2983 4007 Ne
3011 3960 3164 4022 putes
3202 3967 3287 4006 me
3312 3950 3427 4005 haec
3451 3951 3561 4005 sola
3592 3950 3691 4009 tibi

2109 4041 2385 4111 polliceri;
2424 4043 2518 4099 sed
2546 4054 2600 4098 et
2642 4058 2783 4099 nunc
2810 4044 2892 4098 l5.
2934 4042 3117 4105 Tecum
3145 4062 3286 4110 sunt,
3311 4044 3595 4098 custodiens
3640 4054 3694 4106 te

2107 4134 2160 4191 in
2188 4134 2324 4194 omni
2353 4134 2452 4198 via,
2479 4150 2579 4200 quo
2603 4136 2765 4191 vadis.
2798 4135 2875 4191 Ne
2905 4136 3065 4206 igitur
3094 4148 3265 4204 putes,
3298 4137 3487 4205 inquit,
3513 4145 3566 4190 te
3591 4150 3681 4190 so-

2109 4225 2217 4280 lum
2259 4226 2355 4281 iter
2403 4225 2578 4281 facere
2618 4216 2651 4280 ε¹
2675 4242 2760 4281 me
2788 4226 3010 4282 habebis
3052 4227 3255 4287 itineris
3294 4226 3574 4290 comitem,
3601 4241 3687 4280 me

2107 4314 2326 4371 habebis
2353 4315 2627 4370 custodem
2659 4316 2713 4372 in
2757 4317 2902 4372 omni
2939 4316 3019 4371 via
3040 4358 3055 4383 ,
3087 4316 3264 4371 etnuia
3308 4316 3402 4371 tibi
3451 4315 3688 4375 difficilia

2108 4406 2278 4463 facilia
2317 4406 2652 4472 reddentem.
2678 4409 2879 4470 Exinde
2925 4410 3093 4480 magis
3134 4424 3335 4480 augens
3361 4408 3687 4463 consolatio-

2108 4517 2260 4567 nem,
2285 4500 2394 4569 jam
2442 4500 2674 4570 prazdicit
2700 4503 2747 4556 ei
2777 4502 3007 4557 reditum
3043 4501 3110 4556 ad
3139 4516 3255 4559 Sua.
3284 4501 3353 4555 Et
3388 4498 3565 4555 recerti
3603 4504 3687 4569 fa-

2106 4594 2236 4653 ciam
2261 4603 2327 4657 te,
2352 4592 2542 4662 inquit,
2571 4593 2624 4647 in
2662 4602 2847 4647 terram
2870 4597 3019 4647 hanc.
3050 4593 3128 4647 Ne
3154 4592 3407 4649 formides
3431 4633 3447 4658 ,
3474 4591 3647 4661 inquit
3668 4630 3687 4655 ,

2104 4684 2256 4756 quasi
2285 4684 2340 4746 in
2364 4684 2535 4739 aliena
2565 4693 2703 4745 terra
2729 4694 3052 4740 versaturus.
3079 4683 3146 4737 Et
3166 4684 3402 4737 reducam
3427 4692 3473 4738 te
3498 4683 3554 4736 in
3583 4692 3688 4735 ter-

2104 4794 2217 4832 ram
2236 4779 2387 4847 hanc,
2410 4788 2456 4831 et
2471 4778 2673 4831 minime
2691 4786 2739 4831 te
2764 4778 3123 4847 derelinquam,
3146 4775 3308 4830 donec
3327 4779 3495 4846 fecero
3520 4774 3691 4829 astutia

2104 4886 2219 4940 qua:
2244 4871 2481 4940 loquutus
2525 4886 2639 4923 sum
2676 4869 2780 4923 tibi.
2812 4868 2926 4923 Non
2973 4867 3262 4938 despiciam
3300 4877 3352 4923 te
3378 4909 3392 4933 ,
3424 4882 3596 4935 neque
3635 4876 3688 4922 te

2105 4960 2312 5017 consilii
2337 4961 2548 5030 inopem
2573 4960 2743 5020 sinam
2768 4974 2782 5025 ;
2807 4958 2901 5019 sed
2926 4958 3042 5017 haec
3070 4974 3417 5029 quacumque
3440 4959 3530 5017 tibi
3561 4974 3686 5027 pro-

2105 5053 2223 5107 misi
2266 5053 2318 5107 in
2360 5067 2494 5123 opus
2530 5052 2808 5107 adducam.
2833 5052 3111 5118 Quomodo
3144 5052 3265 5122 quis
3296 5068 3392 5121 pro
3428 5052 3689 5119 dignitate

2104 5143 2451 5203 admirabitur
2487 5153 2542 5200 et
2582 5143 2921 5214 obstupescet
2947 5141 3187 5197 divinam
3209 5143 3594 5216 benignitatem
3631 5150 3687 5195 et

2104 5236 2529 5297 inmstimabilem
2579 5234 3167 5308 indulgentiam?Vide
3220 5234 3364 5289 enim
3424 5243 3683 5303 quantum

2104 5328 2311 5399 pondus
2336 5328 2745 5398 promissionum
2771 5329 2861 5386 dat
2882 5328 3049 5397 justo,
3071 5335 3125 5382 et
3150 5326 3418 5395 quomodo
3445 5326 3682 5378 auinunn

2104 5423 2221 5493 ejus
2248 5421 2440 5477 erexit.
2470 5421 2654 5492 Cogita
2698 5421 2822 5477 item
2862 5429 2916 5478 et
2958 5418 3085 5489 justi
3126 5417 3282 5485 hujus
3320 5426 3527 5486 gratum
3557 5415 3684 5469 ail‘e-

2157 5531 2174 5562 ί
2202 5529 2271 5576 ita
2295 5526 2460 5577 Codex
2487 5538 2636 5579 unus,
2658 5530 2807 5587 atque
2838 5521 2912 5571 sic
2934 5521 3149 5587 habetur
3175 5523 3223 5587 in
3248 5518 3434 5587 _Dihliis
3466 5518 3676 5587 graecis,

2095 5590 2349 5656 eteadem
2389 5589 2533 5656 modo
2574 5588 2699 5656 legit.
2727 5580 3013 5656 interpres:
3040 5583 3105 5656 ln_
3125 5580 3304 5656 Editis,
3347 5589 3401 5630 et
3432 5582 3545 5656 silis
3574 5594 3679 5656 οτη-

2093 5652 2273 5766 gibust
2297 5652 2409 5702 MSS.
2467 5651 2573 5701 llth
2597 5689 2608 5710 ,
2626 5643 2703 5703 vel
2759 5643 3107 5703 άεδεέηαεὺωιε
3166 5646 3284 5709 (καὶ
3347 5643 3680 5706 κατέϐαινον),

2130 5730 2250 5765 csutt
2280 5751 2291 5763 .
