4168 6264
452 280 554 335 ωδ

452 407 611 463 μενος
640 387 1048 461 προθυμότερον
1071 387 1232 444 αὑτὸν
1262 390 1598 463 ἐργάσασθαι
1624 390 1752 462 περὶ
1776 390 1875 465 τὴν
1901 391 2038 445 ἀπο⁴

452 473 670 544 δημίαν,
706 471 930 536 καὶτὰς
969 474 1101 543 παρ’
1153 472 1319 527 αὑτοῦ
1354 474 1601 542 εὐλογίας
1646 474 1811 527 πάλιν
1846 473 2037 545 προτί-

452 555 596 627 θησι,
626 554 721 609 καί
767 565 968 626 φησιν·
1014 554 1076 608 '0
1113 556 1257 621 Θεός
1284 572 1407 624 μου
1450 556 1773 625 εὐλογήσει
1803 572 1897 620 σε,
1938 556 2036 610 καὶ

451 637 709 703 αὐξήσει
740 653 836 698 σε,
870 636 968 690 καὶ
1008 639 1311 705 πληθυνεῖ
1346 652 1441 705 σε,
1474 639 1575 692 καί
1608 640 1724 708 ἐση
1754 641 1842 704 εἰς
1872 654 2037 692 συν-

452 720 684 792 αγωγὰς
698 720 908 783 ἐθνῶν,
922 720 1023 773 καί
1042 719 1223 774 δώσει
1241 736 1339 775 σοι
1360 722 1476 789 τὴν
1490 724 1778 792 εὐλογίαν
1791 723 2037 789 Ἀϐραὰμ

453 803 558 857 τοῦ
591 802 816 870 πατρός
837 819 979 871 μου,
1019 803 1119 856 σοι
1154 803 1252 856 καὶ
1288 799 1366 871 τῷ
1406 804 1704 874 σπέρματι
1736 819 1853 859 σου
1885 802 2037 872 μετὰ

453 885 547 952 σὲ,
579 882 1029 953 κληρονομῆσαι
1055 884 1170 952 τὴν
1190 884 1304 955 γῆν
1322 884 1433 953 τῆς
1453 885 1870 956 παροικήσεώς
1896 899 2035 951 σου,

454 967 535 1035 ἦν
572 967 797 1021 ἔδωκεν
835 970 869 1021 ὀ
908 968 1054 1034 Θεὸς
1085 967 1165 1033 τῷ
1206 968 1474 1037 Ἁϐραάμ.
1518 969 1661 1040 Ὅρα
1705 970 1798 1023 τὸν
1830 969 2038 1021 δίκαιον

454 1052 663 1115 τοῦτον,
697 1052 847 1115 ὅπως
885 1054 1269 1122 προαναφωνεῖ
1295 1052 1446 1123 αὑτῷ
1486 1050 1724 1116 ἃπαντα,
1752 1052 1847 1105 καὶ
1877 1050 2038 1105 ίκανά

454 1133 601 1205 αὑτῷ
634 1133 826 1202 ἐφόδια
877 1133 1014 1206 πρὸς
1060 1132 1408 1203 παραμυθίαν
1451 1134 1665 1199 δίδωσι,
1708 1133 2039 1205 προμηνύων

464 1217 617 1289 αὑτῷ
668 1216 763 1270 καὶ
804 1216 901 1287 τὴν
931 1216 1189 1270 ἐπάνοδον
1217 1218 1311 1269 καὶ
1350 1215 1450 1285 τῆς
1490 1216 1596 1286 γῆς
1637 1217 1738 1287 τὴν
1776 1217 2037 1288 κληρονο-

457 1302 606 1372 μίαν,
638 1302 732 1354 καὶ
773 1301 855 1353 δτι
913 1300 974 1353 οὑ
1010 1300 1170 1370 μόνον
1224 1301 1303 1363 είς
1347 1298 1551 1369 πλῆθος
1591 1299 1867 1365 ἐπιδώσει,
1902 1299 2039 1353 ἀλλά

456 1387 550 1438 καὶ
610 1383 935 1453 συναγωγὰς
991 1382 1163 1435 ἐθνῶν
1230 1384 1295 1435 ἐκ
1346 1381 1440 1435 τοῦ
1497 1384 1809 1455 σπέρματος
1871 1382 2036 1438 αὐτοῦ

456 1466 831 1531 ἐξελεύσεσθαι
871 1478 922 1522 ι.
989 1465 1176 1518 Ταῦτα
1231 1464 1475 1529 ἀκούσας
1530 1466 1559 1517 6
1612 1468 1741 1529 παῖς
1798 1465 2035 1536 ἐπλήρου

457 1550 522 1603 τά
571 1548 799 1613 δόξαντα
845 1546 924 1619 τῷ
952 1546 1154 1618 πατρὶ,
1191 1548 1286 1600 καὶ
1328 1546 1620 1618 ἐπορεύετο
1665 1550 1746 1611 είς
1777 1548 1876 1620 τὴν
1927 1550 2039 1601 Με-

459 1633 799 1702 σοποταμίαν
840 1634 977 1702 πρὸς
1030 1631 1218 1684 Δάϐαν
1261 1631 1354 1683 τὸν
1390 1632 1491 1702 τῆς
1545 1632 1753 1703 μητρὸς
1791 1632 2035 1701 ἀδελφόν.

468 1714 630 1767 Ἀλλά
656 1714 816 1767 πάλιν
835 1716 863 1767 6
890 1709 1062 1767 Ἦσαῦ
1090 1712 1246 1766 τοῦτο
1271 1714 1481 1784 μαθὼν,
1504 1716 1599 1767 καὶ
1622 1716 1702 1768 ὃτι
1727 1715 2040 1784 εὐλογηθεὶς

458 1797 609 1866 παρά
634 1797 728 1849 τοῦ
768 1797 971 1867 πατρὸς
996 1797 1025 1848 6
1054 1794 1250 1848 Ἰακὼϐ
1287 1795 1508 1860 ἐντολάς
1537 1797 1717 1862 ἔλαϐε,
1754 1799 1831 1870 μὴ
1856 1797 2041 1850 λαϐεῖν

456 1882 692 1945 γυναῖκα
715 1880 780 1931 ἐκ
808 1878 917 1932 τῶν
943 1877 1259 1949 θυγατέρων
1279 1877 1388 1932 τῶν
1414 1878 1756 1944 Χαναναίων,
1786 1879 1900 1933 ἀλλ’
1930 1880 2039 1951 ὦρ-

459 1977 632 2031 μησεν
662 1960 741 2024 είς
774 1960 872 2032 τὴν
899 1960 1353 2031 Μεσοποταμίαν,
1376 1959 1567 2031 ὥσπερ
1595 1961 1886 2031 διορθῶσαι
1916 1962 2042 2032 βου-

454 2042 678 2113 λόμενος
709 2043 768 2097 τὸ
805 2044 1001 2096 οίκεῖον
1030 2046 1300 2113 πταῖσμα,
1330 2044 1426 2096 καὶ
1457 2042 1907 2114 ἐξευμενίσασθαι
1951 2045 2042 2098 τὸν

589 2060 678 2106 νος
709 2060 768 2097 το
805 2060 1001 2096 οικειον
1030 2060 1300 2106 πταισμα,
1330 2060 1426 2096 και
1457 2060 1907 2106 εςευμενισασυαι
1951 2062 1979 2097 τ

455 2061 678 2113 λομενος
709 2061 768 2097 το
805 2061 1001 2096 οικειον
1030 2061 1300 2113 πταισμα,
1330 2061 1426 2096 και
1457 2061 1907 2114 εςευμενισασυαι
1951 2061 2042 2098 τον

455 2125 699 2194 πατέρα,
751 2124 1073 2191 Προσθείς,
1117 2124 1314 2193 φησὶν,
1365 2124 1544 2177 έλαϐε
1588 2125 1844 2195 γυναῖκα
1893 2125 2043 2194 πρὸς

457 2207 585 2271 ταῖς
611 2207 893 2275 γυναιξίν
922 2205 1128 2271 αὐτοῦ,
1162 2207 1455 2276 θυγατέρα
1493 2206 1747 2276 Ἰσμαὴλ
1776 2209 1880 2263 τοῦ
1908 2210 2041 2264 υἱοῦ

468 2288 734 2357 Ἀϐραάμ.
759 2285 932 2354 Εἶδες,
950 2288 1226 2360 ἀγαπητὲ,
1250 2289 1371 2360 μεθ’
1393 2291 1525 2359 δσης
1550 2291 1815 2355 συνέσεως
1834 2293 1868 2361 ή
1895 2292 2042 2362 φιλό-

460 2388 687 2445 στοργος
703 2370 841 2442 αῦτη
857 2372 1040 2443 μήτηρ
1056 2371 1334 2442 ἐξήρπασε
1346 2373 1453 2427 τῶν
1466 2373 1725 2427 κινδύνων
1735 2374 1825 2428 τὸν
1849 2375 2041 2430 Ἰακὼϐ

459 2454 672 2524 πρέπον
715 2456 901 2524 σχῆμα
938 2455 1189 2508 ἐπιθεῖσα
1222 2455 1607 2526 τῇάποδημίᾳ,
1650 2457 1744 2510 καὶ
1777 2455 1899 2510 οὔτε
1946 2459 2039 2512 τοῦ

476 2535 648 2589 Ἡσαῦ
664 2535 762 2607 τήν
782 2535 981 2589 κακίαν
998 2537 1277 2608 ἐξέφηνεν,
1299 2535 1422 2591 οὔτε
1438 2538 1518 2608 τῷ
1540 2541 1706 2610 πατρὶ
1732 2540 1832 2610 τὴν
1862 2540 2042 2595 αἰτίαν

457 2618 623 2689 δήλην
640 2618 915 2688 ἐποίησεν,
944 2617 1080 2671 ἀλλά
1098 2618 1193 2672 καὶ
1216 2619 1353 2689 πρὸς
1383 2619 1476 2674 τὸν
1509 2621 1675 2674 παῖδα
1704 2622 2042 2695 κατάλληλον

456 2700 750 2770 ἐποιήσατο
781 2700 880 2772 τήν
918 2699 1251 2772 συμϐουλὴν,
1272 2702 1359 2755 ίνα
1399 2702 1809 2774 προτρέψασθαι
1838 2705 2040 2777 δυνηθῇ

456 2781 546 2837 διά
564 2782 656 2836 τοῦ
677 2781 842 2851 φόϐου
870 2783 1360 2848 καταδέξασθαιτά
1383 2787 1511 2856 παρ’
1558 2787 1729 2858 αὐτῆς
1752 2787 2039 2860 λεγόμενα,

458 2867 554 2919 καὶ⁸
567 2864 828 2936 τῷπατρὶ
856 2866 1206 2936 ἁρμόζουσαν
1238 2866 1463 2939 γνώμην
1499 2869 1859 2940 είσηγήσατο;
1880 2872 2041 2925 Ὅθεν

458 2950 552 3002 καὶ
564 2948 879 3020 ἐπιδραμὼν
891 2952 918 3003 ὁ
930 2949 1137 3015 δίκαιος
1148 2952 1259 3013 τοῖς
1273 2951 1485 3021 ῥηθεῖσι
1498 2953 1626 3024 παρ’
1640 2954 2044 3024 αὑτῆς,ἐφοδιάρ

462 3048 563 3095 σας
586 3031 706 3096 ταῖς
722 3032 854 3101 παρ’
869 3031 1065 3091 ἐαυτοῦ
1088 3031 1359 3100 εὐλογίαις
1385 3033 1478 3087 τὸν
1506 3034 1699 3088 Ἰακὼϐ
1714 3036 2037 3107 ἐξέπεμψεν.

540 3114 679 3167 Ἀλλ’
727 3115 776 3167 εί
826 3113 993 3177 δοκεῖ,
1030 3115 1127 3167 καὶ
1159 3114 1234 3187 μὴ
1272 3116 1591 3187 ἀπεκάμετε
1649 3120 1857 3190 δί’δωμεν
1895 3122 2043 3185 ὅπως

461 3197 560 3269 τὴν
612 3196 921 3267 ἀποδημίαν
978 3200 1262 3252 ποιεῖταιό
1311 3199 1528 3254 Ἰακώϐ.
1589 3202 1664 3257 Οὐ
1716 3202 1889 3273 μικρά
1935 3204 2042 3275 γὰρ

460 3282 556 3333 καὶ
582 3278 831 3334 ἐντεῦθεν
868 3278 1269 3351 καρπώσασθαι
1320 3281 1683 3354 δυνησόμεθα,
1728 3284 1823 3338 ἐὰν
1876 3303 2043 3357 προσ-

468 3363 696 3433 έχωμεν.
731 3362 842 3417 Kal
863 3362 973 3435 γὰρ
1000 3363 1319 3433 φιλοσοφίας
1344 3364 1563 3437 ἀπάσης
1577 3366 1924 3420 διδασκαλίαν
1942 3385 2041 3419 πε-

460 3448 629 3517 ριέχει
653 3446 762 3499 τῶν
776 3446 1002 3501 δικαίων
1028 3449 1064 3516 ή
1093 3447 1509 3519 διαγωγή.”ορα
1541 3448 1670 3517 γοῦν
1697 3450 1931 3503 ἐνταῦθα
1951 3452 2042 3504 τὺν

456 3530 575 3584 νέον
598 3529 807 3596 τοῦτον,
855 3530 949 3584 τὸν
979 3529 1072 3582 ἐπὶ
1107 3529 1211 3600 τῆς
1256 3531 1432 3594 οξκίας
1476 3532 1777 3603 τραφέντα,
1813 3534 1904 3586 τὸν
1944 3535 2042 3605 οὐχ

456 3613 763 3685 ὁδοιπορίας
786 3615 979 3685 πεῖραν
1001 3614 1262 3685 είληφότα
1288 3616 1442 3679 ποτὲ,
1468 3616 1528 3668 οὑ
1559 3617 1659 3687 τῆς
1693 3618 1750 3669 ἐν
1783 3616 1909 3690 ξένη
1924 3618 2041 3673 δια-

456 3697 778 3767 τριϐῆς,οὑχ
809 3698 1002 3768 ἐτέρας
1031 3699 1175 3761 τινὸς
1208 3700 1685 3768 κακουχίας,ὄπως
1704 3701 2043 3773 ἀπτεταιτῆς

456 3779 792 3850 ὁδοιπορίας,
816 3780 910 3833 καὶ
937 3780 1174 3850 μάνθανε
1206 3784 1306 3852 τῆς
1331 3782 1654 3851 φιλοσοφίας
1675 3786 1773 3854 τὴν
1806 3785 2043 3856 ὑπερϐο-

457 3861 573 3928 λήν.
622 3862 895 3930 Ἐξῆλθε,
931 3865 1116 3934 φησὶν,
1157 3863 1368 3918 Ἰακὼϐ
1396 3866 1512 3919 ἀπὸ
1543 3866 1651 3920 τοῦ
1669 3867 1922 3936 φρέατος
1937 3868 2045 3923 τοῦ

456 3944 659 4013 ὅρκου,
690 3945 788 3998 καί
809 3945 1101 4015 ἐπορεύθη
1156 3948 1245 4011 εις
1288 3945 1546 4015 Χαρρὰν,
1588 3950 1686 4002 καὶ
1729 3948 2045 4019 ἀπήντησε

457 4033 639 4097 τόπῳ,
680 4032 778 4085 καὶ
808 4032 1098 4102 ἐκοιμήθη
1137 4032 1294 4087 ἐκεῖ’
1331 4033 1440 4088 έδυ
1473 4034 1583 4105 γὰρ
1624 4039 1658 4090 ὀ
1707 4035 1912 4104 ἥλιοςο
1942 4036 2044 4091 καὶ

455 4114 675 4170 ἐλαϐεν
709 4114 828 4169 ἀπὸ
854 4114 973 4168 τῶν
987 4116 1174 4170 λίθων
1198 4115 1307 4170 τοῦ
1334 4117 1545 4181 τόπου,
1569 4117 1668 4171 καί
1693 4118 1873 4187 ἔθηκε
1893 4120 2043 4189 πρὸς

456 4196 775 4269 κεφαλὴνὶι
797 4196 1007 4264 αὐτοῦ,
1033 4198 1133 4253 καὶ
1165 4198 1452 4268 ἐκοιμήθη
1478 4200 1549 4253 ἐν
1569 4200 1650 4267 τῷ
1672 4202 1856 4266 τόπῳ.
1884 4198 2042 4268 Εἶδες

455 4283 662 4352 ἄφατον
696 4280 1051 4351 φιλοσοφίαν;
1074 4277 1215 4346 εἶδες
1241 4282 1360 4347 πῶς
1388 4284 1437 4337 οί
1470 4282 1693 4338 παλαιοὶ
1711 4285 1811 4350 τὰς
1833 4286 2040 4341 ὁδοιπο-

458 4366 577 4436 ρίας
602 4363 910 4429 ἐποιοῦντο;
943 4362 1097 4436 [527]
1127 4365 1291 4436 Ἀνὴρ
1328 4367 1387 4419 ἐν
1415 4366 1564 4439 οίκίᾳ
1591 4369 1820 4438 τραφεὶς
1855 4370 2041 4439 (πάλιν

455 4447 563 4519 γὰρ
604 4447 673 4501 τά
705 4446 848 4500 αὑτά
888 4447 1056 4520 ἐρῶ),
1087 4448 1358 4519 τοσαύτης
1390 4449 1708 4514 ἀπολαύσας
1745 4452 2041 4523 θεραπείας

457 4532 821 4599 (Ἄπλαστος
848 4530 980 4600 γὰρ,
1017 4530 1205 4600 φησὶν,
1241 4529 1422 4585 οικῶν
1465 4534 1705 4602 οὶκίαν),
1739 4524 2041 4606 ἀποδημεῖν

462 4611 669 4681 μέλλων
706 4612 805 4681 οὐχ
838 4611 1149 4680 ὑποζυγίων
1185 4612 1407 4683 ἐδεήθη,
1448 4614 1549 4668 οὐκ
1576 4616 1906 4682 ἀκολούθων,
1941 4620 2042 4675 οὑκ

458 4694 705 4763 ἐφοδίων·
751 4695 867 4748 ἀλλ’
896 4694 1256 4749 ἀποστολικὺν
1291 4697 1391 4768 ’ήδη
1436 4698 1772 4769 μιμούμενος
1816 4702 2039 4772 τρόπον,

456 4775 630 4839 οὕτως
648 4776 851 4848 ήπτετο
871 4777 972 4847 τῆς
991 4777 1133 4832 ὁδοῦ.
1155 4779 1266 4832 Καὶ
1286 4779 1476 4851 ἐπειδὴ
1507 4783 1535 4833 6
1566 4781 1738 4851 ἥλιος,
1765 4786 1953 4853 φησὶν,
1972 4782 2042 4857 ἦν

457 4859 591 4930 πρὸς
604 4859 835 4930 δυσμὰς,
858 4860 986 4913 ἔνθα
1006 4861 1345 4934 κατελήφθη,
1367 4864 1485 4917 ἐκεῖ
1504 4864 1782 4925 ἐκάθευδε.
1810 4867 2039 4935 Λαϐὼν,

456 4944 607 5013 φησὶ,
634 4944 809 4997 λίθον
833 4944 1015 5012 ἔθηκε
1043 4946 1195 5014 πρὸς
1221 4947 1500 5017 κεφαλὴν
1535 4947 1743 5003 αὐτοῦ.
1780 4949 1921 5022 Ὅρα
1945 4950 2041 5005 τοῦ

453 5027 640 5091 παιδὸς
678 5028 777 5098 τὴν
808 5028 1057 5100 ἀνδρείαν
1084 5045 1099 5060 ο
1140 5029 1219 5100 τῷ
1266 5030 1399 5102 λίθῳ
1441 5032 1564 5085 ἀντὶ
1597 5034 2041 5107 προσκεφαλαίου

453 5110 746 5182 ἐχρήσατο,
782 5112 877 5164 καὶ
894 5113 988 5164 ἐπὶ
1022 5109 1118 5165 τοῦ
1148 5113 1381 5183 ἐδάφους
1421 5114 1702 5168 ἐκάθευδε.
1721 5116 1822 5170 Διά
1847 5117 2038 5188 τοῦτο,

452 5194 638 5264 ἐπειδὴ
666 5193 955 5265 φιλόσοφον
984 5190 1098 5266 εἶχε
1127 5195 1326 5268 ψυχὴν,
1369 5198 1463 5251 καὶ
1494 5198 1752 5270 φρόνημα
1772 5200 2039 5273 ἀνδρεῖον,

452 5278 546 5329 καὶ
576 5277 759 5348 πάσης
790 5278 1092 5346 φαντασίας
1121 5278 1380 5349 βιωτικῆς
1422 5282 1761 5352 ἀπήλλακτο,
1801 5285 1895 5337 καὶ
1941 5284 2042 5355 τῆς

452 5358 626 5428 ὅψεως
664 5360 880 5431 ἐκείνης
909 5360 1116 5433 ἠξιώθη
1143 5361 1243 5432 τῆς
1275 5362 1621 5435 θαυμαστῆς.
1654 5364 1911 5431 Τοιοῦτος
1930 5367 2041 5438 γάρ

451 5443 481 5494 6
505 5442 831 5514 Δεσπότηςό
882 5444 1183 5516 ήμέτεροςο
1223 5446 1443 5499 ἐπειδὰν
1494 5446 1581 5520 ἴδη
1614 5448 1795 5521 ψυχὴν
1835 5449 2041 5519 εὐγνώ-

457 5542 613 5595 μονα,
645 5526 741 5580 καὶ
778 5526 887 5581 τῶν
908 5528 1191 5600 παρόντων
1213 5529 1275 5582 οὐ
1307 5530 1473 5583 πολὺν
1505 5532 1832 5603 ποιουμένην
1859 5532 2038 5602 λόγον,

455 5609 656 5681 πολλὴν
674 5611 803 5681 περὶ
822 5611 993 5682 αὐτὴν
1024 5612 1124 5683 τήν
1138 5613 1344 5666 οίκείαν
1365 5614 1735 5668 ⁴ἐπιδείκνυται
1756 5614 2036 5684 πρόνοιαν.

524 5694 591 5748 δ’.
625 5694 769 5767 Ὅρα
792 5695 973 5750 τοίνυν
1010 5695 1104 5750 τὸν
1123 5695 1331 5751 δίκαιον
1359 5698 1548 5752 τοῦτον
1579 5698 1671 5752 ἐπὶ⁵
1691 5697 1785 5751 τοῦ
1808 5697 2038 5767 ἐδάφους

458 5776 731 5847 κείμενον,
786 5779 879 5831 καὶ
903 5778 1165 5834 ὀπτασίαν
1196 5780 1431 5851 ὁρῶντα,
1465 5781 1665 5853 μᾶλλον
1706 5781 1764 5836 δὲ
1806 5781 1903 5854 τῆς
1947 5781 2041 5836 τοῦ

522 5869 547 5931 _I
571 5868 715 5931 cois],
739 5871 1424 5931 συναγωγαὶ...ίέεελεύσονται.

522 5928 552 5970 δ
571 5929 775 5992 Septem
800 5928 899 5980 msh
940 5928 994 5981 el.
1018 5930 1141 5983 Bibl.
1166 5934 1281 5993 πρὸς
1304 5934 1529 5997 κεφαλῆς.

1460 266 1530 331 ΙΝ
1569 266 1724 333 CAP.
1764 267 1959 331 XXVII
1986 270 2239 331 GENES.
2277 270 2518 328 HOMIL.
2550 269 2688 329 LIV.

2140 387 2278 442 Θεοῦ
2301 386 2568 452 ὀπτασίας
2598 386 2938 458 ἀξιούμενον.
2974 384 3385 455 Ἔνυπνιὰσθὴ
3414 387 3545 456 γὰρ,
3569 385 3727 459 φησι,

2140 472 2240 525 καὶ
2271 470 2400 525 ιδοὺ
2430 469 2655 540 κλῖμαε
2690 466 2768 540 ἦν
2804 469 3201 538 ἐστηριγμένη
3234 469 3304 523 ἐν
3326 486 3400 538 ττι
3448 467 3550 539 Τᾶν
3584 464 3661 537 ἧς
3686 470 3729 536 ἡ

2139 553 2372 623 κεφαλὴ
2396 553 2704 622 ἀφικνεῖτο
2728 554 2815 619 εις
2840 553 2947 607 τὸν
2971 554 3250 620 οὐρανὸν,
3267 552 3367 606 καὶ
3398 554 3453 605 οι
3483 550 3728 622 ἄγγελοι

2136 637 2245 690 τοῦ
2306 638 2455 690 Θεοῦ
2485 635 2803 690 ἀνέϐαινον
2835 635 2934 690 καί
2972 636 3322 690 κατέϐαινον
3370 633 3465 688 ἐπ’
3509 633 3727 700 αὐτῆςε

2149 719 2213 771 ’0
2253 718 2322 771 δὲ
2357 719 2579 785 Κύριος
2643 717 2964 787 ἐστήρικτο
3015 718 3109 771 ἐπ’
3135 715 3345 786 αὐτῆς,
3387 717 3485 771 καί
3519 711 3726 770 εἶπενο

2144 800 2298 870 ’Ἐγὼ
2323 802 2355 853 ὸ
2387 801 2532 865 Θεὸς
2565 800 2821 869 Ἀϐραὰμ
2842 800 2949 855 τοῦ
2973 801 3195 867 πατρὸς
3217 808 3354 865 σου,
3385 799 3483 853 καί
3510 802 3544 852 ό
3583 797 3728 865 Θεὸς

2151 881 2390 936 Ἰσαάκ·
2426 874 2517 953 μὴ
2549 883 2757 952 φοϐοῦ.
2785 876 2895 936 Θέα
2925 900 3015 953 μοι
3040 882 3276 938 ἐνταῦθα
3305 881 3399 936 τοῦ
3426 880 3729 953 φιλανθρώ-

2139 981 2244 1018 που
2277 964 2412 1017 Θεοῦ
2462 965 2563 1035 τὴν
2600 964 3046 1034 ὑπερϐάλλουσαν
3100 964 3450 1036 κηδεμονίαν.
3510 963 3733 1034 Ἐπειδὴ

2137 1047 2247 1119 γάρ
2270 1046 2414 1117 ἐώρα
2454 1046 2597 1100 κατά
2630 1048 2727 1116 τὴν
2776 1046 3085 1118 συμϐουλὴν
3120 1048 3223 1119 τῆς
3267 1047 3472 1119 μητρὸς
3509 1046 3595 1099 διὰ
3636 1047 3728 1100 τὸν

2139 1130 2234 1184 τοῦ
2262 1129 2495 1199 ἀδελφοῦ
2520 1130 2683 1199 φόϐον
2704 1129 2803 1200 τὴν
2820 1131 3130 1200 ἀποδημίαν
3158 1130 3613 1201 καταδεξάμενον,
3634 1132 3729 1184 καὶ

2140 1212 2389 1281 καθάπερ
2405 1212 2611 1283 ἀλήτην
2630 1212 2746 1265 τινὰ
2772 1212 2917 1266 οὑτω
2942 1213 3041 1283 τὴν
3065 1206 3185 1266 ὁδόν
3216 1214 3540 1283 ποιούμενον
3556 1224 3601 1281 ο,
3632 1215 3730 1267 καὶ

2141 1295 2442 1364 οὐδαμόθεν
2471 1294 2727 1366 οὐδεμίαν
2763 1296 2955 1365 ἔχοντα
2993 1295 3367 1366 παραμυθίαν,
3395 1296 3603 1350 ἀλλάτὸ
3620 1298 3734 1349 πᾶν

2141 1378 2233 1432 ἐπὶ
2257 1379 2357 1450 τὴν
2396 1365 2602 1431 ἀνωθεν
2651 1378 2972 1448 συμμαχίαν
3018 1365 3417 1450 ἐπιρρίψαντα,
3468 1379 3629 1443 εὐθὺς
3667 1382 3727 1432 ἐν

2140 1459 2445 1531 προοιμίοις
2476 1460 2573 1529 τῆς
2615 1460 2735 1513 ὁδοῦ
2762 1460 3030 1531 νευρῶσαι
3072 1462 3238 1515 αὑτοῦ
3266 1462 3366 1532 τὴν
3417 1462 3731 1532 προθυμίαν

2142 1543 2465 1613 βουλόμενος
2492 1543 2834 1612 ἐπιφαίνεται
2868 1544 3032 1615 αὐτῷ.
3066 1544 3159 1599 καί
3192 1562 3358 1614 φησιν
3383 1555 3401 1577 "
3441 1543 3587 1613 Ἐγώ
3613 1547 3731 1614 ειμι

2141 1629 2175 1680 ό
2203 1628 2350 1693 Θεὸς
2394 1626 2675 1697 Ἀϐραὰμ,
2718 1627 2816 1680 καὶ
2863 1631 2895 1681 ὸ
2924 1627 3067 1694 Θεὸς
3126 1628 3331 1683 Ἰσαὰκ
3359 1627 3467 1682 τοῦ
3505 1630 3731 1696 πατρός

2139 1723 2277 1764 σου.
2317 1710 2429 1763 Kal
2452 1710 2542 1763 τὸν
2569 1710 2914 1782 πατριάρχην
2940 1711 3035 1763 καὶ
3061 1711 3153 1764 τὸν
3188 1711 3400 1783 πατέρα
3424 1710 3515 1765 τὸν
3540 1710 3631 1763 σὺν
3648 1712 3732 1790 είς

2138 1792 2405 1863 τοσαύτην
2430 1792 2731 1863 αὐξηθῆναι
2762 1794 3119 1863 περιφάνειαν
3160 1795 3438 1865 πεποίηκα
3460 1808 3478 1825 ⁹
3521 1793 3598 1864 μὴ
3618 1794 3729 1845 τοί-

2141 1892 2237 1929 νυν
2264 1874 2453 1945 φοϐοῦ,
2480 1875 2619 1930 ἀλλά
2641 1875 2860 1929 πίστευε
2892 1878 2973 1930 ὅτι
3001 1876 3132 1945 ἐγὼ,
3163 1880 3191 1931 6
3212 1878 3439 1941 ἐκείνοις
3468 1876 3567 1941 τάς
3596 1878 3729 1930 ὑπο-

2145 1959 2359 2029 σχέσεις
2373 1957 2691 2029 πληρώσας,
2716 1960 2811 2012 καὶ
2836 1959 2895 2011 σέ
2925 1962 3025 2030 τῆς
3052 1962 3191 2032 ἐμῆς
3210 1959 3427 2025 ἀξιώσω
3452 1960 3726 2030 προνοίας.

2143 2046 2229 2119 Μὴ
2252 2032 2345 2101 οὖν
2378 2047 2565 2117 φοϐοῦ,
2598 2047 2737 2101 ἀλλά
2792 2048 3005 2120 θάρσει,
3048 2050 3142 2102 καὶ
3181 2052 3360 2103 πᾶσαν
3386 2049 3585 2104 δειλίαν
3619 2051 3725 2103 ἀπ·-

2142 2130 2425 2200 ωσάμενος
2452 2130 2673 2183 πίστευε
2696 2132 2809 2193 τοῖς
2846 2132 2972 2201 παρ’
2992 2132 3126 2199 ἐμοῦ
3146 2150 3225 2186 σοι
3252 2132 3583 2201 λεγομένοις.
3617 2134 3727 2187 Καὶ

2144 2219 2253 2288 γὰρ
2275 2217 2391 2286 τὴν
2421 2217 2558 2288 γῆν,
2578 2219 2672 2287 ἐφ’
2692 2212 2733 2289 ᾗ
2761 2219 2843 2271 σὺ
2861 2219 3189 2286 καθεύδεις,
3214 2222 3310 2274 σοὶ
3338 2220 3509 2274 δώσω
3535 2220 3732 2289 αὐτὴν

2144 2300 2243 2353 καί
2282 2299 2361 2365 τῷ
2398 2299 2695 2368 σπέρματί
2729 2315 2868 2364 σου,
2902 2300 2999 2354 καὶ
3030 2301 3203 2356 ἔσται
3240 2303 3308 2357 τὸ
3342 2304 3579 2372 σπέρμα
3610 2317 3729 2356 σου

2142 2382 2222 2447 ὡς
2246 2382 2283 2449 ἡ
2312 2381 2507 2451 ἄμμος
2548 2380 2661 2450 τῆς
2692 2382 3032 2449 θαλάσσης.
3084 2384 3177 2455 Μὴ
3216 2385 3442 2456 νομίσῃς
3464 2426 3478 2449 ,
3522 2386 3687 2455 φησὶν
3711 2425 3726 2448 ,

2142 2469 2328 2540 ἐπειδὴ
2352 2470 2445 2523 ἐπὶ
2469 2470 2567 2540 τῆς
2593 2470 2879 2542 ἀλλοτρίας
2902 2471 2995 2523 νῦν
3029 2473 3254 2545 πορεύῃ,
3275 2470 3730 2545 ἀπεστερῆσθαιᾶ

2141 2554 2240 2625 τῆς
2278 2553 2383 2624 γῆς
2417 2553 2646 2624 ταύτης,
2687 2553 2817 2607 ἔνθα
2851 2554 3098 2625 ἐτέχθης,
3134 2556 3261 2609 ἔνθα
3299 2556 3561 2629 ἐτράφης,
3600 2558 3729 2613 ἔνθα

2141 2637 2402 2709 ηὑξήθης.
2428 2638 2538 2690 Kal
2560 2638 2669 2709 γὰρ
2686 2638 2768 2692 σοὶ
2784 2638 2954 2710 αὐτὴν
2972 2639 3213 2710 παρέξω,
3231 2641 3324 2694 καὶ
3346 2640 3424 2711 τῷ
3452 2634 3732 2712 σπέρματί

2144 2740 2259 2786 σου,
2280 2723 2416 2793 ὅπερ
2431 2722 2505 2786 ὼς
2518 2721 2616 2793 τὴν
2632 2722 2815 2793 άμμον
2829 2722 2929 2793 τῆς
2946 2723 3222 2792 θαλάσσης
3238 2723 3538 2795 αὐξηθῆναι
3552 2741 3730 2796 παρα-

2144 2804 2417 2869 σκευάσω,
2442 2804 2549 2859 Καί
2575 2806 3061 2873 πλατυνθήσεται
3081 2809 3230 2875 πρὸς
3248 2806 3592 2871 θάλασσαν,
3627 2806 3729 2861 καὶ

2141 2893 2299 2953 λίϐα,
2322 2890 2689 2959 καὶβορρᾶν,
2709 2892 2809 2945 καὶ
2827 2886 3179 2959 ἀνατολάς-α’
3204 2894 3325 2947 ἀντὶ
3360 2893 3479 2958 τοῦ,
3521 2909 3728 2948 παντα-

2142 2974 2239 3044 χοῦ
2261 2973 2658 3044 ἐκταθήσεταιο
2702 2974 2813 3028 Καὶ
2870 2975 3461 3046 ἐνευλογηθήσονται
3513 2976 3584 3030 ἐν
3624 2977 3726 3031 σοὶ

2143 3056 2332 3111 πᾶσαι
2348 3059 2409 3110 al
2424 3055 2615 3125 φυλαί
2631 3056 2741 3125 τῆς
2756 3056 2889 3127 γῆς,
2909 3058 3007 3111 καὶ
3050 3058 3122 3111 ἐν
3139 3056 3220 3123 τῷ
3250 3059 3548 3127 σπέρματί
3585 3074 3725 3114 σου.

2215 3140 2359 3209 Ὅρα
2401 3139 2515 3203 πῶς
2588 3139 2690 3211 ήδη
2753 3141 2933 3194 πάντα
2994 3140 3146 3211 αὑτῷ
3206 3140 3277 3195 τὰ
3339 3144 3480 3212 μετά
3559 3143 3728 3196 πολὺν

2142 3221 2377 3292 ἐσόμενα
2434 3222 2628 3294 χρόνον
2672 3223 2889 3293 μηνύει.
2958 3223 3115 3277 Οῦτω
3160 3223 3268 3295 γάρ
3323 3225 3441 3288 ἔθος
3487 3224 3566 3295 τῷ
3619 3225 3729 3278 τῶν

2142 3304 2278 3357 ὂλων
2332 3304 2583 3377 Δεσπότῃ
2634 3304 2719 3374 ἐφ’
2777 3305 3008 3360 ἑκάστου
3098 3308 3208 3360 τῶν
3291 3307 3517 3361 δικαίων
3570 3307 3728 3361 τοῦτο

2143 3389 2353 3439 ποιεῖν’
2403 3387 2783 3456 ὑπισχνεῖσθαι
2830 3377 2951 3457 μέν,
3006 3393 3078 3459 μὴ
3134 3390 3477 3462 παραχρῆμα
3531 3390 3588 3443 δὲ
3627 3390 3728 3455 τάς

2144 3469 2466 3539 ὑποσχέσεις
2497 3470 2577 3533 είς
2598 3468 2757 3541 ἔργον
2788 3470 2961 3538 ἄγειν,
3002 3471 3138 3525 ἀλλά
3172 3474 3471 3541 γυμνάζειν
3501 3472 3609 3525 τῶν
3646 3474 3729 3527 δι-

2144 3553 2314 3604 καίων
2341 3552 2441 3625 τὴν
2473 3551 2718 3623 ὑπακοὴν
2758 3554 2851 3606 καὶ
2872 3555 2972 3623 τὴν
2994 3554 3193 3626 πολλὴν
3233 3556 3539 3626 ὑπομονὴν,
3571 3558 3731 3629 [528}

2145 3633 2240 3685 καὶ
2274 3632 2418 3686 οὓτω
2463 3633 2602 3703 μετά
2644 3634 2848 3705 πολλῆς
2896 3636 2995 3706 τῆς
3048 3637 3326 3706 δαψιλείας
3372 3638 3613 3708 πληροῦν
3657 3640 3731 3691 τά.

2145 3715 2568 3783 ἐπαγγελθέντα.
2592 3712 2725 3769 Εἶτα
2764 3718 2952 3789 ἐπειδὴ
2996 3719 3263 3789 ὑπέσχετο
3300 3720 3449 3790 αὐτῷ
3481 3720 3547 3773 τὰ
3596 3720 3728 3791 μέλ-ο

2145 3798 2305 3851 λοντα
2322 3792 2646 3865 μετὰταῦτα
2671 3800 3015 3870 γενήσεσθαι,
3053 3803 3224 3855 ἐδεῖτο
3250 3803 3307 3856 δὲ
3350 3804 3379 3855 6
3417 3804 3623 3868 δίκαιος
3663 3806 3730 3859 οὐ

2145 3882 2246 3950 τῆς
2264 3879 2533 3951 τυχούσης
2555 3880 2953 3951 παρακλήσεως
2981 3883 3076 3936 καὶ
3105 3885 3163 3938 ἐν
3184 3887 3297 3948 τοῖς
3320 3885 3468 3956 αὐτῷ
3489 3888 3727 3956 μάλιστα

2146 3961 2552 4031 προκειμένοις
2583 3962 2684 4032 ὅρα
2718 3962 2808 4017 τὸν
2832 3965 3037 4033 ἀγαθὸν
3070 3966 3367 4039 Δεσπότην,
3386 3968 3505 4032 πῶς
3537 3970 3629 4024 καὶ
3661 3974 3728 4025 τά

2149 4043 2408 4114 μέλλοντα
2460 4045 2820 4116 ὑπισχνεῖται,
2871 4047 2965 4101 καὶ
3018 4048 3085 4101 δι’
3128 4043 3203 4103 ὧν
3250 4050 3344 4104 νῦν
3388 4052 3524 4124 πρὸς
3566 4052 3729 4107 αὐτόν

2143 4128 2529 4194 ἐπιδείκνυται,
2547 4129 2675 4200 περὶ
2703 4130 2928 4185 ἐκείνων
2948 4132 3171 4205 θαρρεῖν
3188 4136 3615 4205 παρασκευάζει.
3634 4139 3730 4209 Μὴ

2141 4210 2253 4282 γάρ
2278 4211 2343 4283 δὴ
2368 4212 2618 4283 νομίσῃς,
2636 4213 2824 4284 φησὶν,
2841 4214 2925 4268 ὅτι
2959 4215 3134 4270 ταῦτα
3164 4218 3303 4288 μόνα
3330 4236 3411 4273 σοι
3434 4220 3730 4291 ὑπισχνοῦ-

2144 4312 2266 4364 μαι,
2295 4294 2431 4350 ἀλλά
2455 4296 2550 4349 καὶ
2583 4295 2679 4351 νῦν
2704 4298 2868 4353 Μετὰ
2897 4299 3018 4354 σοῦ
3036 4301 3154 4370 ειμι
3184 4300 3623 4371 διαφυλάσσων
3654 4318 3729 4357 σε

2141 4376 2213 4430 ἐν
2236 4376 2314 4447 τῇ
2334 4377 2451 4444 ὀδῷ
2469 4377 2659 4447 πάσῃ,
2686 4375 2759 4436 οὔ
2782 4380 2891 4436 ἐὰν
2913 4382 3233 4453 παραθῇς.
3255 4386 3346 4457 Μή
3372 4385 3549 4440 τοίνυν
3571 4388 3728 4459 νομίο

2146 4474 2246 4532 σῃς
2281 4460 2441 4530 μόνος
2470 4460 2569 4533 τὴν
2607 4462 2915 4533 ὁδοιπορίαν
2940 4468 3242 4521 ποιεῖσθαι·
3270 4469 3369 4539 ἐμὲ
3425 4470 3565 4534 ἕξεις
3597 4487 3727 4524 συνο

2141 4543 2442 4615 οδοιπόρον,
2471 4544 2572 4614 ἐμὲ
2593 4544 2735 4610 ἕξεις
2768 4547 2983 4616 φύλακα
3010 4550 3069 4603 ἐν
3102 4551 3251 4623 πάσῃ
3286 4550 3410 4621 ὁδῷ,
3430 4554 3607 4607 πάντα
3644 4572 3726 4608 σοι

2140 4623 2213 4677 τά
2239 4624 2477 4696 δυσχερῆ
2504 4625 2957 4699 ἐξευμαρίζοντα,
3011 4631 3107 4685 καὶ
3154 4633 3223 4685 τὰ
3250 4631 3484 4686 δύσκολα
3530 4634 3727 4689 εὑκολα

2142 4709 2643 4774 κατασκευάζοντα.
2667 4706 2806 4764 Εἶτα
2840 4711 3128 4766 ἐπιτείνων
3158 4713 3306 4785 αὑτῷ
3338 4713 3436 4785 τὴν
3466 4734 3726 4787 παραμυ-

2144 4789 2287 4854 θίαν,
2312 4791 2412 4862 ήδη
2440 4794 2743 4864 προμηνύει
2773 4792 2921 4864 αὑτῷ
2946 4794 3041 4849 καὶ
3066 4794 3164 4867 τὴν
3195 4797 3274 4859 είς
3302 4795 3371 4850 τά
3414 4798 3589 4852 οίκεῖα
3629 4802 3728 4854 ἐπ-

2144 4873 2348 4929 άνοδον.
2362 4874 2471 4928 Καὶ
2486 4875 2848 4945 ἁποστρέψω
2876 4890 2971 4942 σε,
2992 4878 3176 4948 φησὶν,
3202 4882 3289 4947 εις
3311 4880 3426 4948 τὴν
3444 4881 3563 4951 γῆν
3588 4885 3728 4938 ταύ-

2143 4972 2276 5024 την.
2306 4957 2398 5028 Μὴ
2432 4958 2615 5031 δείσῃς
2628 4957 2704 5022 ώς
2724 4958 2818 5012 ἐπὶ
2844 4960 2943 5031 τῆς
2975 4960 3262 5033 ἀλλοτρίας
3294 4963 3477 5017 λοιπὸν
3504 4965 3724 5033 διάξων.

2142 5039 2252 5093 Καὶ
2274 5040 2384 5109 γὰρ
2406 5040 2683 5105 ἐπανάξω
2714 5055 2789 5096 σε
2836 5045 2923 5110 εὶς
2965 5044 3191 5113 ταύτην
3223 5044 3338 5114 τὴν
3368 5044 3504 5115 γῆν,
3528 5050 3623 5103 καὶ
3651 5050 3725 5102 οὐ

2136 5123 2223 5191 μή
2249 5138 2323 5176 σε
2363 5123 2761 5193 ἐγκαταλίπω,
2801 5124 2911 5192 ἕως
2963 5126 3068 5180 τοῦ
3121 5128 3373 5196 ποιῆσαί
3407 5148 3484 5199 με
3532 5130 3727 5184 πάντα

2143 5204 2261 5258 ὅσα
2315 5206 2593 5275 ἐλάλησά
2640 5222 2762 5261 σοι.
2816 5210 2891 5263 Οὑ
2948 5210 3279 5283 περιόψομαί
3340 5228 3419 5277 σε,
3471 5214 3633 5283 φησὶν
3676 5225 3724 5279 ε,

2143 5288 2280 5342 ἀλλά
2335 5287 2509 5343 ταῦτα
2570 5290 2785 5357 πάντα,
2834 5291 2978 5363 ἅπερ
3038 5295 3375 5363 ὑπεσχόμην,
3431 5296 3512 5357 είς
3566 5296 3729 5366 ἔργον

2143 5370 2318 5425 ἐλθεῖν
2352 5374 2774 5443 παρασκευάσω.
2807 5375 2933 5439 Πῶς
2966 5375 3032 5429 ἄν
3070 5394 3152 5439 τις
3181 5378 3303 5429 κατ’
3333 5377 3490 5442 ἀξίαν
3519 5377 3725 5431 ἐκπλα-

2141 5454 2265 5525 γείη
2296 5454 2396 5523 τὴν
2450 5456 2656 5524 ἄφατον
2696 5456 2792 5510 τοῦ
2832 5457 2967 5511 Θεοῦ
3014 5458 3443 5527 φιλανθρωπίαν,
3488 5460 3582 5513 καὶ
3628 5460 3727 5531 τὴν

2142 5537 2585 5608 ὑπερϐάλλουσαν
2644 5540 3091 5610 συγκατάϐασιν;
3142 5541 3285 5610 Ὅρα
3348 5542 3513 5597 πόσον
3564 5543 3728 5613 ὁγκον

2206 5631 2809 5731 ςίιτιίιιηπξξῖιξξιιιηι
2828 5635 2909 5682 καῖ
2936 5634 3077 5695 μόνον
3114 5634 3478 5696 ἀπειλημμένον-

2219 5694 2235 5730 ¹
2262 5694 2361 5743 Alii
2395 5694 2775 5757 ἀποστερεῖσθαι.
2940 5694 2945 5695 ⁷
3292 5694 3298 5696 ⁷
3327 5694 3334 5696 ⁷

2219 5755 2239 5777 ⁸
2263 5755 2337 5826 οὐ
2356 5757 2746 5826 περιόψομαίοε,
2770 5755 2927 5826 φησίν.
2958 5755 3075 5805 Post
3116 5756 3220 5826 haec
3241 5754 3389 5826 verba
3429 5757 3565 5826 aliuq
3582 5755 3727 5816 quid-

2147 5817 2289 5883 piam.
2321 5816 2516 5883 [egisse
2539 5817 2733 5883 vigielur
2777 5816 3043 5878 interpres,
3066 5819 3306 5883 qu__post
3340 5816 3611 5883 haecyerba
3631 5826 3726 5883 ηριι

2148 5874 2419 5950 ᾷεερὶςὶοῇι
2440 5883 2500 5935 ιε,
2522 5877 2715 5948 _adjicil,
2911 5874 2973 5950 'te.
2991 5874 3604 5950 τοηεὶιίὶ’ὺιορςηι,εἱηαιη;
3629 5874 3722 5924 nisi

2148 5938 2277 5988 forte
2307 5939 2413 5988 ιιιεο
2438 5939 2633 6001 majoris
2655 5938 3003 6002 cpriCalionis
3027 5953 3170 5989 causa
3192 5938 3452 5988 addiderit.
