4168 6264
472 246 574 304 ιη

470 361 820 432 ὑποσχέσεων
871 358 1162 430 ἐποιήσατο
1196 357 1331 428 πρὸς
1372 357 1464 410 τὸν
1503 356 1730 418 δίκαιον,
1767 355 1860 408 καὶ
1888 353 2052 418 ὅπως

467 446 637 499 αὐτοῦ
659 443 722 496 τὸ
751 443 1002 513 φρόνημα
1030 439 1363 507 διανέστησε.
1407 439 1516 491 Καὶ
1564 436 1782 490 ἐπειδὰν
1822 434 2037 505 θαυμά-

471 545 573 598 σῃς
611 525 703 580 τοῦ
748 523 880 577 Θεοῦ
914 524 1013 592 τὴν
1065 519 1489 591 φιλανθρωπίαν,
1521 518 1687 572 ἐννόει
1731 518 1824 572 καὶ
1845 517 1939 570 τοῦ
1959 516 2039 569 δι-

470 611 629 664 καίου
684 606 872 660 τούτου
907 606 1004 675 τὴν
1043 603 1480 673 εὐγνωμοσύνην,
1523 602 1614 656 καὶ
1655 603 1737 654 ὃτι
1784 603 1923 670 μετὰ
1952 619 2038 653 το-

470 693 676 754 σαύτας
697 689 1013 760 ὑποσχέσεις
1039 687 1238 738 εἴκοσιν
1269 686 1404 739 ἐτῶν
1431 685 1661 756 ἀριθμὸν
1688 685 2041 757 ταλαιπωρη-

467 776 580 839 θεὶς
617 774 768 843 παρὰ
797 771 872 841 τῷ
915 767 1120 831 Λάϐαν,
1167 769 1268 820 οὐκ
1318 767 1696 838 ἐδυσχέρανεν,
1745 769 1845 821 οὐκ
1877 768 2038 839 ἐνάρ-

467 875 602 926 κησε
630 857 764 926 πρὸς
783 854 842 907 τὸ
871 854 1042 923 μῆκος
1061 852 1154 904 τοῦ
1179 851 1392 922 χρόνου⁸
1414 852 1550 904 ἀλλά
1575 851 1754 905 πάντα
1775 852 2040 920 γενναίως

467 941 694 1010 ἔφερεν,
756 935 1038 1007 ἀναμένων
1075 934 1183 987 τῶν
1231 935 1574 1004 ὑποσχέσεων
1628 934 1690 987 τὸ
1737 936 1908 1000 τέλος,
1948 933 2040 988 καὶ

467 1021 618 1083 εἰδὼς
651 1021 731 1083 ώς
749 1019 854 1089 οὐχ
880 1012 989 1070 οἶόν
1013 1034 1072 1070 τε
1106 1015 1174 1069 τὰ
1205 1015 1355 1086 παρὰ
1383 1015 1476 1068 τοῦ
1505 1015 1639 1068 Θεοῦ
1668 1015 1900 1087 ρηθέντα
1925 1016 2040 1069 δια-

469 1107 676 1169 πεσεῖν,
710 1103 806 1157 καὶ
852 1101 1082 1172 μάλιστα
1119 1099 1336 1152 ἐπειδὰν
1367 1101 1530 1169 ἡμεῖς
1573 1101 1641 1154 τὰ
1675 1101 1804 1170 παρ’
1834 1098 2042 1153 ἑαυτῶν

461 1188 804 1255 εἰσενεγκεῖν
836 1181 1356 1253 σπουδάζωμεν,τὴν
1379 1183 1582 1247 πίστιν,
1617 1184 1715 1253 τὴν
1742 1183 2036 1254 ὑπομονὴν,

469 1272 530 1324 τὸ
559 1271 672 1332 τοῖς
708 1269 873 1338 μήπω
917 1265 1215 1334 γεγονόσιν,
1269 1263 1487 1317 ἐπειδὰν
1518 1266 1546 1317 6
1591 1264 1868 1335 Δεσπότης
1906 1264 2040 1317 ὑπό-

470 1369 690 1424 σχηται,
727 1351 802 1413 ὼς
842 1350 946 1421 ήδη
976 1351 1054 1410 είς
1099 1349 1258 1418 ἔργον
1291 1347 1566 1411 ἐξελθοῦσι
1595 1348 1838 1420 θαρρεῖν.
1871 1349 2040 1402 Τοῦτο

470 1438 576 1507 γὰρ
609 1433 825 1504 ἀληθῶς
854 1433 1052 1496 πίστις,
1082 1431 1143 1483 τὸ
1169 1430 1244 1502 μὴ
1263 1433 1386 1494 ¹τοῖς
1407 1433 1704 1502 ὁρωμένοις
1729 1434 2036 1504 προσέχειν,

471 1521 577 1572 κᾶν
612 1517 828 1575 ἐναντία
918 1516 989 1569 τὰ
1015 1516 1272 1584 γινόμενα
1303 1517 1372 1584 τῇ
1417 1515 1728 1584 ὑποσχέσει,
1749 1517 1884 1570 ἀλλά
1906 1517 2040 1589 θαρ-

469 1604 589 1673 ρεῖν
621 1602 687 1670 τῇ
713 1599 936 1669 δυνάμει
965 1596 1058 1650 τοῦ
1089 1596 1579 1666 ἐπαγγειλαμένου.
1599 1598 1748 1660 Τέως
1763 1599 1820 1651 δὲ
1843 1599 2041 1668 ἴδωμεν

473 1684 566 1737 τοῦ
583 1684 787 1737 δικαίου
809 1682 996 1735 τούτου
1019 1681 1117 1750 τὴν
1137 1680 1573 1751 εὐγνωμοσύνην.
1604 1679 1715 1733 Καὶ
1727 1679 2037 1750 ἐξηγέρθη,

477 1768 660 1836 φησὶν,
709 1766 919 1819 Ἰακὼϐ
952 1763 1070 1818 ἀπὸ
1111 1763 1216 1817 τοῦ
1245 1763 1442 1816 ὕπνου
1479 1761 1685 1829 αὐτοῦ,
1721 1764 1818 1816 καὶ
1839 1761 2038 1828 εἶπεν,

475 1850 567 1902 ὅτι
609 1847 770 1903 Ἐστὶ
805 1846 1105 1914 Κύριοςέν
1142 1844 1222 1910 τῷ
1247 1845 1405 1909 τόπῳ
1433 1845 1638 1912 τούτῳ,
1679 1844 1795 1913 ἐγὼ
1830 1845 1900 1899 δὲ
1929 1851 2041 1901 οὐκ

475 1931 665 2001 ᾔδειν.
705 1934 812 1985 Καὶ
842 1931 1126 1998 ἐφοϐήθη,
1159 1927 1254 1981 καί
1280 1923 1467 1980 εἶπεν
1487 1926 1578 1992 Ὡς
1600 1929 1851 1996 φοϐερὸς
1887 1933 1920 1983 ὀ
1949 1932 2044 1984 τό-

474 2033 587 2081 πος
603 2010 927 2080 οὖτος.ούκ
951 2013 1084 2066 ἐστι
1106 2011 1308 2074 τοῦτο,
1338 2010 1477 2065 ἀλλ’
1496 2011 1535 2079 ἢ
1558 2008 1717 2077 οἶκος
1745 2012 1911 2077 Θεοῦ,
1942 2012 2040 2066 καί

471 2098 626 2166 αὕτη
661 2098 698 2166 η
720 2097 884 2164 πύλη
919 2094 1025 2148 τοῦ
1055 2092 1337 2160 ούρανοῦ.
1366 2093 1772 2160 Καταπλαγεὶς,
1812 2096 1997 2166 φησὶν,
2017 2096 2046 2148 6

472 2187 698 2247 δίκαιος,
713 2182 810 2254 τὴν
831 2181 1027 2253 πολλὴν
1048 2179 1142 2234 τοῦ
1173 2179 1309 2234 Θεοῦ
1341 2179 1748 2250 φιλανθρωπίαν
1777 2182 2041 2252 ἐφοϐήθη,

473 2269 568 2323 καὶ
600 2263 769 2321 εἶπεν⁸
785 2268 906 2320 Οὐκ
932 2265 1064 2319 ἔστι
1086 2263 1261 2317 τοῦτο
1317 2264 1454 2318 ἀλλ’
1481 2265 1518 2330 ἢ
1556 2260 1718 2330 οἶκος
1742 2265 1848 2319 τοῦ
1873 2266 2043 2330 Θεοῦ,

475 2350 573 2406 καὶ
592 2350 742 2416 αὕτη
763 2349 802 2415 ὴ
827 2349 989 2414 πύλη
1011 2346 1115 2400 τοῦ
1131 2345 1410 2414 οὐρανοῦ.
1435 2338 1604 2408 Οὗτος
1627 2346 1656 2397 6
1681 2347 1842 2410 τόπος
1861 2347 2047 2404 λοιπὸν

475 2434 599 2504 ἐμοὶ
624 2428 768 2494 οἶκος
803 2429 896 2483 τοῦ
927 2427 1062 2482 Θεοῦ
1105 2427 1436 2498 νενόμισται.
1484 2427 1764 2500 Τοσαύτης
1801 2424 1892 2483 οῦν
1921 2431 2045 2484 ἐπι-

477 2517 701 2588 φανείας
725 2513 995 2578 ἀξιωθεὶς,
1033 2512 1125 2566 καὶ
1160 2511 1347 2581 αὐτὴν,
1399 2511 1476 2575 ὡς
1506 2513 1700 2576 εἰπεῖν,
1740 2512 1838 2584 τὴν
1871 2512 2045 2583 πύλην

475 2600 571 2652 τοῦ
607 2595 838 2669 οὐρανοῦ
879 2594 1233 2664 θεασάμενος,
1262 2593 1467 2658 δίκαιος
1511 2595 1578 2648 ἂν
1623 2593 1742 2666 εἵην
1770 2595 1868 2668 τὴν
1896 2597 2047 2666 ὀφει-

472 2680 709 2750 λομένην
736 2676 1085 2749 εὐχαριστίαν
1117 2678 1424 2745 ἀνενεγκεῖν
1469 2677 1702 2732 ἐνταῦθα
1735 2677 1812 2749 τῷ
1840 2679 2046 2734 Δεσπό-

474 2781 565 2834 τῃ.
607 2762 713 2816 Καὶ
751 2761 975 2828 ἀνέστη
1026 2759 1250 2826 Ἰακὼϐ,
1289 2761 1387 2814 καὶ
1417 2760 1594 2815 ἔλαϐε
1618 2761 1726 2814 τὸν
1749 2763 1940 2828 λίθον,
1973 2761 2047 2816 ὃν

476 2847 606 2914 εἶχε
648 2845 797 2913 πρὸς
841 2843 1116 2913 κεφαλὴν
1155 2844 1360 2911 αὐτοῦ,
1401 2843 1497 2897 καί
1547 2845 1811 2912 ἔστησεν
1858 2846 2047 2900 αὐτὸν

473 2927 737 2996 στήλην,
757 2925 855 2980 καί
877 2925 1124 2995 ἐπέχεεν
1154 2926 1361 2982 ἔλαιον
1389 2926 1485 2980 ἐπὶ
1519 2926 1585 2981 τὸ
1615 2926 1802 2996 ἄκρον
1832 2929 2044 2997 αὐτῆς.

477 3011 587 3066 Καὶ
623 3009 916 3064 ἐκάλεσεν
951 3009 1160 3064 Ἰακὼϐ
1184 3011 1252 3064 τὸ
1303 3010 1492 3079 ὄνομα
1533 3011 1638 3065 τοῦ
1675 3012 1862 3067 τόπου
1890 3013 2046 3066 ἐκεί-

474 3111 608 3157 νου,
645 3089 818 3159 Οἶκος
843 3092 1011 3147 Θεοῦ.
1045 3093 1293 3162 Ἕτερον
1320 3091 1431 3161 γὰρ
1456 3089 1534 3164 ἦν
1565 3093 1752 3164 ὄνομα
1784 3093 1863 3160 τῷ
1886 3098 2049 3163 τόπῳ

475 3178 543 3230 τὸ
571 3177 873 3246 πρότερον.
914 3176 1130 3247 Ἐπειδὴ
1153 3175 1404 3246 μεγάλων
1439 3176 1646 3247 ἠξιώθη
1677 3176 1764 3230 διὰ
1776 3177 1926 3250 [529]
1947 3179 2049 3248 τῆς

474 3259 765 3324 ὀπτασίας,
791 3261 858 3329 τῇ
889 3256 1228 3330 προσηγορίᾳ
1265 3258 1363 3328 τὴν
1393 3263 1614 3330 μνήμην
1638 3260 2048 3315 ἐναποτίθεσθαι

477 3340 726 3411 βούλεται
758 3339 836 3410 τῷ
859 3339 1027 3410 τόπῳ,
1060 3341 1154 3392 καὶ
1179 3339 1445 3410 ἐπίσημον
1463 3343 1540 3404 είς
1569 3340 1628 3394 τὸ
1657 3341 1782 3412 ἐξῆς
1809 3344 2048 3412 ἐργάσα-

479 3423 624 3494 σθαι».
650 3423 762 3476 Καὶ
795 3422 886 3476 τὸν
913 3421 1061 3474 λίθον
1091 3422 1211 3475 ἀντὶ
1237 3421 1334 3491 τῆς
1377 3423 1575 3493 στήλης
1607 3425 1829 3494 στήσας,
1863 3427 1957 3478 καὶ
1989 3426 2050 3478 τὸ

477 3492 654 3558 ἔλαιον
680 3505 906 3575 ἐπιχέας
939 3503 1116 3574 (τοῦτο
1143 3503 1251 3576 γὰρ
1288 3492 1640 3574 αὐτὸνίμόνον
1676 3492 1819 3568 εἰκὸς
1857 3508 2050 3578 ἐπιφέ-

480 3589 692 3658 ρεσθαι,
728 3588 824 3642 ἂτε
844 3587 1015 3651 οὕτως
1036 3585 1462 3657 ὁδοιποροῦντα),
1493 3586 1658 3658 εὐχὴν
1688 3590 1953 3659 προσάγει
1973 3591 2050 3663 τῷ

479 3670 846 3742 φιλανθρώπῳ
871 3670 988 3742 Θεῷ
1017 3669 1194 3740 πάσης
1230 3669 1505 3741 γέμουσαν
1536 3670 1872 3740 φιλοσοφίας.

549 3783 609 3830 ε’.
645 3776 757 3831 Καὶ
785 3778 832 3830 εἰ
863 3775 1138 3846 βούλεσθε,
1173 3776 1268 3829 καὶ
1298 3775 1475 3829 αὐτῶν
1511 3775 1904 3848 ἐπακούσωμεν
1943 3779 2051 3832 τῶν

479 3860 758 3931 ῥημάτων.
791 3861 1026 3925 Ηύξατο
1055 3861 1182 3932 γὰρ,
1214 3859 1398 3930 φησὶν,
1429 3859 1641 3929 εὐχὴν,
1669 3859 1885 3928 λέγων’
1912 3861 2053 3916 Ἐὰν

402 3979 404 3983 -
476 3937 518 4012 ᾖ
549 3936 761 4011 Κύριος
786 3946 818 3996 ὀ
854 3942 998 4010 Θεὸς
1022 3946 1149 4013 μετ’
1179 3942 1346 4011 ἐμοῦ,
1372 3942 1471 3996 καί
1511 3941 1756 4012 φυλάξῃ
1780 3961 1857 4012 με
1881 3944 1950 3998 ἐν
1977 3942 2055 4014 τῇ

477 4025 598 4092 ὀδῷ
619 4027 824 4095 ταύτῃ,
859 4020 898 4097 ᾖ
937 4026 1052 4095 ἐγὼ
1102 4027 1444 4094 πορεύομαι.
1488 4026 1705 4096 Ἐπειδὴ
1759 4023 1941 4090 εἶπεν,
1970 4028 2052 4082 ὅτι

491 4109 632 4177 Ἐγώ
654 4111 770 4177 εἰμι
791 4109 942 4177 μετὰ
978 4108 1114 4170 σοῦ,
1141 4107 1238 4160 καὶ
1267 4107 1615 4176 διαφυλὰξω
1636 4124 1708 4162 σε
1729 4109 1798 4162 ἐν
1817 4109 1892 4177 τῇ
1911 4109 2049 4177 ὀδῷ,

475 4185 516 4261 ᾗ
545 4189 654 4243 ἐὰν
677 4190 921 4258 πορεύῃ·
939 4189 1028 4242 διὰ
1050 4189 1206 4242 τοῦτο
1236 4190 1330 4243 καὶ
1355 4189 1515 4252 αὐτός
1545 4207 1710 4258 φησιν
1728 4207 1743 4221 ο
1771 4188 1835 4242 Et
1869 4193 2054 4248 ἐκεῖνά

481 4290 573 4344 μοι
605 4272 858 4342 ὑπάρξει,
905 4270 1047 4341 άπερ
1095 4288 1185 4340 μοι
1236 4271 1494 4347 ὑπέσχου.
1543 4267 1678 4326 Εῐτα
1716 4274 1809 4326 καὶ
1837 4275 2052 4344 αἴτησιν

472 4354 685 4408 οἴκοθεν
703 4353 1020 4426 προσφέρει,
1039 4353 1230 4421 λέγων,
1267 4353 1398 4407 Ἐὰν
1411 4352 1493 4417 δῷ
1514 4371 1613 4422 μοι
1635 4357 1848 4423 Κύριος
1871 4357 2054 4425 ἄρτον

478 4436 580 4490 καὶ
611 4435 844 4504 ίμάτιον
867 4435 1308 4502 περιϐαλέσθαι.
1351 4435 1427 4490 Οὐ
1469 4435 1716 4505 πλοῦτον,
1745 4440 1806 4492 οὐ
1833 4457 2052 4511 περιουο

479 4519 603 4572 σίαν
628 4517 750 4571 τινὰ
779 4518 998 4589 ᾔτησεν,
1028 4517 1142 4570 ἀλλ’
1177 4519 1338 4590 ἄρτον
1378 4518 1471 4572 καὶ
1503 4521 1817 4590 ίμάτιον,τὸ
1849 4524 1947 4593 μὲν
1972 4526 2053 4588 είς

475 4597 576 4668 τὴν
609 4595 702 4650 τοῦ
755 4596 1005 4667 σώματος
1039 4595 1352 4668 περιϐολὴν,
1398 4597 1461 4650 τὸ
1490 4597 1545 4650 δέ
1579 4600 1658 4663 εἰς
1703 4603 1910 4671 τροφὴν
1950 4603 2052 4671 τῆς

475 4677 682 4748 χρείας.
715 4677 913 4730 Σκόπει
937 4675 1052 4739 πῶς
1089 4675 1446 4730 ἀποστολικὸν
1485 4679 1815 4749 χαρακτῆρα
1841 4681 1929 4733 διὰ
1954 4683 2052 4752 τῆς

475 4762 741 4831 αἰτήσεως
780 4761 909 4830 ἡμῖν
933 4757 1154 4834 ᾐνίξατο
1181 4775 1194 4790 ο
1230 4759 1373 4814 οὕτω
1405 4760 1606 4830 πολλῆς
1629 4760 1794 4832 ἔγεμε
1833 4764 1932 4832 τῆς
1959 4782 2050 4834 φι-

473 4844 726 4912 λοσοφίας
753 4841 846 4896 τοῦ
873 4843 1078 4896 δικαίου
1116 4843 1176 4896 τὸ
1206 4843 1482 4916 φρόνημα.
1512 4843 1690 4913 Ὅπερ
1715 4845 1822 4916 γὰρ
1848 4848 1876 4900 6
1914 4847 2050 4918 Χρι-

476 4929 598 4990 στὸς
633 4927 806 4994 ἔλεγε,
833 4924 929 4993 Μὴ
971 4926 1282 4995 κτήσησθε
1301 4927 1557 4996 χρυσὸν,
1570 4926 1726 4996 μηδὲ
1743 4927 2047 4998 ἀργύριον,

468 5005 624 5076 μηδὲ
648 5006 758 5059 δύο
787 5003 1060 5074 χιτῶνας,
1105 5005 1264 5059 τοῦτο
1288 5003 1442 5070 οὗτος
1487 5008 1698 5062 οὐδέπω
1739 5011 1870 5080 παρ’
1901 5011 2051 5064 οὐδε-

472 5093 558 5153 νος
577 5088 866 5160 διδαχθεὶς,
901 5088 1013 5141 ἀλλ’
1044 5089 1254 5144 οἴκοθεν
1284 5089 1381 5144 καὶ
1411 5091 1476 5144 ἐκ
1498 5092 1592 5146 τοῦ
1629 5092 1946 5160 ἐγκειμένου
1981 5097 2047 5165 τῇ

473 5176 633 5246 φύσει
657 5179 724 5246 τῇ
753 5175 998 5247 ἡμετέρᾳ
1018 5175 1337 5230 διδασκάλου
1361 5177 1533 5231 ταῦτα
1560 5177 1768 5248 μαθὼν,
1792 5180 2046 5252 ἐπεζήτε⁹

471 5256 624 5326 παρά
647 5254 745 5308 τοῦ
781 5256 1050 5306 Δεσπότου
1085 5254 1234 5324 αὐτῷ
1270 5257 1701 5326 παρασχεθῖψαι,
1744 5256 1908 5329 ἄρτον
1944 5277 2048 5328 φα-

471 5342 589 5406 γεῖν
621 5339 715 5391 καὶ
755 5337 966 5408 ἱμάτιον
997 5336 1406 5408 περιϐαλέσθαι.
1454 5338 1578 5391 Ἐὰν
1605 5339 1780 5394 ταῦτά
1808 5358 1920 5411 μοι,
1948 5360 2053 5412 φη-

474 5423 579 5486 σὶν,
611 5421 826 5493 ὑπάρξῃ
854 5421 946 5474 ἐπὶ
975 5421 1073 5492 τῆς
1104 5420 1411 5492 ἀλλοτρίας,
1447 5420 1556 5474 Καί
1586 5422 1941 5492 ἀποστρέψῃ
1973 5441 2052 5493 με

467 5503 619 5571 μετὰ
677 5505 975 5574 σωτηρίας
1023 5507 1111 5572 εἰς
1155 5503 1264 5558 τὸν
1303 5498 1472 5557 οἷκον
1504 5504 1611 5559 τοῦ
1649 5507 1872 5574 πατρός
1906 5525 2046 5576 μου,

473 5586 724 5659 καθάπερ
779 5588 1062 5659 ὑπέσχετο·
1120 5587 1232 5641 Καὶ
1295 5586 1466 5640 ἔσται
1517 5586 1732 5655 Κύριος
1774 5588 1904 5656 ἐμοὶ
1962 5592 2049 5655 εἱς

477 5668 646 5731 Θεὸν,
697 5671 795 5724 καὶ
849 5673 882 5724 ό
937 5673 1108 5736 λίθος
1159 5664 1358 5736 οὗτος,
1401 5669 1474 5723 ὃν
1508 5667 1746 5737 ἕστησα
1787 5670 2047 5738 στήλην,

477 5751 648 5804 ἔσται
679 5769 775 5820 μοι
797 5749 963 5818 οῖκος
989 5753 1155 5806 Θεοῦ·
1183 5751 1281 5806 καί
1315 5751 1554 5805 πάντων
1573 5745 1661 5805 ὧν
1679 5751 1757 5805 ἄν
1777 5770 1876 5821 μοι
1908 5753 2047 5819 δῷς,

478 5833 740 5904 δεκάτην
767 5836 1196 5891 ἀποδεκατώσω
1221 5835 1372 5890 (ιὺτιί
1392 5849 1510 5889 σοι.
1545 5836 1684 5907 Ὅρα
1716 5834 1810 5888 τοῦ
1840 5834 2048 5889 δικαίου

1181 240 1236 296 S.
1273 237 1555 296 JOANNIS
1585 232 2076 293 CIIRYSOSTOMI
2115 229 2440 292 ARCHIEP.
2479 224 3030 286 CONSTANTINOP.

2146 351 2247 422 τὴν
2299 345 2736 418 εὐγνωμοσύνην.
2785 344 2898 414 Τὴν
2942 341 3156 413 αἴτησιν
3221 340 3320 412 μὲν
3373 339 3720 410 αίτούμενος,

2144 437 2295 492 οὐδὲν
2328 433 2618 496 πολυτελὲς
2652 433 2872 501 αίτῆσαι
2907 429 3250 495 κατεδέξατο,
3285 427 3401 482 ἀλλ’
3434 429 3600 500 ἄρτον
3627 425 3728 480 καὶ

2148 527 2380 600 ἱμάτιονο
2411 523 2838 594 ὑπισχνούμενος
2875 522 2931 574 δὲ
2957 521 3026 574 τὰ
3046 521 3173 591 παρ’
3204 518 3398 572 ἐαυτοῦ
3423 519 3500 591 τῷ
3521 518 3731 573 Δεσπόιο

2144 632 2234 686 τῃ,
2267 613 2422 677 είδὼς
2470 612 2716 665 αὐτοῦτὸ
2756 610 3034 680 φιλότιμον
3062 610 3121 662 ἐν
3161 611 3284 673 ταῖς
3335 609 3588 680 δωρεαῖς,
3629 607 3723 660 καὶ

2144 690 2229 752 ὅὶι
2295 696 2611 767 ὑπερϐαίνει
2670 697 2790 756 ταῖς
2848 693 3148 754 ἀντιδόσεσι
3202 692 3303 755 τὰς
3356 691 3563 753 ἐννοίας
3606 690 3726 767 ,τὰς

2146 765 2443 849 ἡμετέρας,
2482 777 2633 847 φησί·
2681 777 2791 831 Καὶ
2832 776 2931 845 τὴν
2973 774 3176 846 στήλην
3217 774 3422 844 ταύτην
3454 772 3534 836 είς
3575 765 3724 824 οἷκον

2144 861 2280 916 Θεοῦ
2310 861 2436 928 ἐξω,
2465 861 2560 915 καὶ
2589 861 2804 915 πάντων
2831 860 2940 911 τῶν
2971 857 3122 930 παρά
3153 856 3246 910 σοῦ
3270 874 3360 927 μοι
3384 852 3724 927 χορηγουμέ-

2142 963 2247 999 νων
2286 943 2384 1006 τάς
2417 942 2646 1005 δεκάτας
2678 939 3096 996 ἀποδεκατώσω.
3143 935 3294 1002 Εἶδες
3321 937 3547 1009 γνώμην
3576 935 3722 1006 φιλό-

2144 1026 2295 1092 θεον;
2328 1026 2495 1079 Οὕπω
2522 1025 2671 1078 οὐδὲν
2691 1024 2869 1088 ἔλαϐε,
2899 1024 2991 1077 καὶ
3013 1023 3351 1092 ὑπισχνεῖται
3372 1021 3480 1074 τῶν
3505 1018 3724 1091 μελλόνο

2141 1125 2250 1162 των
2277 1107 2426 1178 αὐτῷ
2460 1106 2697 1162 δίδοσθαι
2729 1105 2827 1170 τὰς
2857 1105 3088 1168 δεκάτας
3119 1103 3198 1175 τῷ
3234 1101 3355 1173 Θεῷ
3388 1101 3718 1174 προσοίσειν.

2206 1191 2298 1262 Μὴ
2329 1189 2538 1256 ἁπλῶς,
2560 1189 2854 1260 ἀγαπητοὶ,
2883 1187 3317 1260 παρατρέχωμεν
3336 1185 3404 1238 τὰ
3429 1187 3550 1256 είρη
3561 1183 3716 1254 μένα,

2141 1275 2276 1328 ἀλλὰ
2303 1272 2636 1343 ζηλώσωμεν
2661 1274 2896 1335 ἅπαντες
2921 1269 3108 1324 τοῦτον
3129 1271 3220 1323 τὸν
3243 1269 3470 1331 δίκαιον,
3495 1269 3543 1321 οί
3573 1269 3631 1320 ἐν
3650 1271 3718 1339 τῇ

2142 1357 2326 1426 χάριτι
2354 1355 2445 1408 τὸν
2476 1355 2582 1423 πρὸ
2611 1353 2704 1407 τοῦ
2731 1356 2917 1424 νόμου,
2941 1354 3034 1406 καὶ
3068 1353 3231 1424 μηδὲν
3271 1351 3524 1422 βιωτικὸν
3554 1351 3717 1404 αἰτῶ-

2145 1455 2245 1509 μεν
2286 1437 2438 1509 παρὰ
2473 1437 2567 1489 τοῦ
2615 1437 2905 1490 Δεσπότου.
2953 1436 3090 1488 Οὐδὲ
3146 1434 3254 1506 γάρ
3303 1435 3583 1506 περιμένει
3621 1433 3718 1503 τὴν

2143 1521 2270 1591 παρ’
2293 1520 2450 1591 ἡμῶν
2475 1520 2798 1592 ὑπόμνησιν,
2829 1518 2966 1574 ἀλλά
2989 1519 3090 1574 κᾶν
3116 1519 3189 1589 μὴ
3213 1518 3472 1589 αἰτῶμεν,
3492 1519 3621 1589 ήμῖν
3649 1516 3720 1570 τὰ

2143 1603 2279 1676 πρὸς
2296 1602 2398 1674 τὴν
2418 1602 2605 1675 χρείαν
2625 1604 2900 1674 δωρεῖται.
2933 1601 3273 1655 Ἀνατέλλει
3294 1601 3402 1671 γὰρ
3418 1600 3523 1653 τὸν
3543 1598 3720 1666 ἣλιον

2142 1689 2240 1741 ἐπὶ
2290 1685 2594 1754 πονηροὺς
2636 1687 2734 1740 καί
2783 1685 3062 1754 ἀγαθοὺς,
3111 1685 3210 1738 καί
3242 1684 3452 1753 ,βρέχει
3495 1683 3593 1736 ἐπὶ
3629 1682 3720 1737 δι-

2144 1771 2354 1835 καίους
2392 1769 2492 1822 καί
2520 1769 2786 1834 ἀδίκους.
2818 1769 2927 1821 Καὶ
2971 1766 3285 1838 πειθώμεθα
3327 1766 3478 1836 αὐτῷ
3520 1782 3719 1837 παραιο

2143 1852 2319 1907 νοῦντι
2349 1853 2444 1905 καὶ
2471 1850 2703 1920 λέγοντν
2732 1851 2969 1919 Ζητεῖτε
2998 1848 3233 1919 πρῶτον
3253 1848 3368 1916 τὴν
3390 1848 3719 1913 ,βασιλείαν

2143 1936 2249 1990 τοῦ
2289 1936 2457 2000 Θεοῦ,
2481 1935 2578 1988 καί
2612 1935 2798 1990 ταῦτα
2835 1933 3032 1988 πάντα
3061 1931 3530 2001 προστεθήσεται
3554 1930 3715 2001 ὑμῖν.

2157 2019 2317 2090 Ὁρᾷς
2357 2019 2437 2072 ὅτι
2479 2017 2642 2081 αὐτὸς
2683 2019 2864 2071 ἐκεῖνα
2902 2019 3033 2087 ἡμῖν
3079 2017 3342 2087 ἡτοίμασε
3394 2017 3719 2086 παρασχεῖν,

2145 2101 2238 2154 καὶ
2268 2100 2438 2153 ταῦτα
2472 2102 2530 2154 ἐν
2553 2099 2878 2171 προσθήκης,
2896 2099 3050 2170 μέρει
3075 2099 3256 2151 δοῦναι
3291 2096 3719 2166 ἐπαγγέλλεται;

2143 2186 2237 2258 Μὴ
2257 2186 2435 2238 τοίνυν
2461 2185 2603 2257 άπερ
2642 2186 2698 2237 ἐν
2735 2185 3044 2256 προσθήκης
3079 2184 3236 2255 μέρει
3261 2183 3555 2253 λαμϐάνειν
3594 2183 3721 2253 μέλ-

2144 2270 2276 2333 λεις,
2299 2269 2470 2322 ταῦτα
2495 2269 2569 2332 ὼς
2595 2268 2982 2339 προηγούμενα
3006 2267 3166 2332 αἴτει,
3199 2267 3333 2337 μηδὲ
3362 2266 3721 2338 ἀντιστρέψω-

2147 2369 2246 2422 μεν
2286 2351 2386 2422 τὴν
2417 2351 2593 2416 τάξιν,
2624 2350 2758 2404 ἀλλὰ
2787 2350 3039 2421 ζητῶμεν
3072 2351 3277 2414 ἐκεῖνα,
3309 2348 3490 2412 καθὼς
3523 2350 3720 2403 ἐπέτα-
3799 2371 3806 2375 ·

2146 2436 2258 2502 ξεν,
2283 2435 2369 2487 ἵνα
2389 2434 2655 2488 κάκείνων
2676 2434 2993 2488 καὶτούτων
3013 2435 3071 2486 ἐν
3090 2433 3386 2486 ἀπολαύσει
3414 2430 3718 2503 γενώμεθα.

2145 2517 2245 2570 Διὰ
2274 2516 2382 2586 γὰρ
2409 2515 2567 2570 τοῦτο
2596 2516 2690 2569 καὶ
2720 2518 2775 2569 ἐν
2810 2519 2920 2579 τοῖς
2957 2517 3055 2586 τῆς
3090 2517 3254 2587 εὐχῆς
3293 2517 3529 2587 ῥήμασιν
3563 2517 3722 2587 ὄρους

2147 2599 2279 2670 ἡμῖν
2303 2599 2397 2651 καὶ
2420 2598 2645 2661 κανόνας
2667 2598 2858 2662 τιθεὶς,
2881 2598 3042 2669 μέχρι
3062 2599 3205 2662 τίνος
3232 2599 3312 2652 δεῖ
3340 2599 3438 2669 τὴν
3464 2599 3591 2668 περί
3611 2597 3722 2652 τῶν

2147 2679 2419 2751 βιωτικῶν
2452 2679 2667 2750 αἴτησιν
2690 2681 2980 2746 ποιεῖσθαι,
3019 2680 3087 2734 τὰ
3119 2682 3336 2752 ῥήματα
3367 2679 3516 2752 [5'50]
3540 2681 3722 2734 ἐκεῖνα

2145 2763 2324 2832 λέγειν
2354 2764 2499 2834 ἡμᾶς
2519 2762 2792 2828 ἐκέλευσε,
2817 2763 2886 2816 τά
2910 2763 3090 2834 πάσης
3118 2763 3431 2832 φιλοσοφίας
3457 2763 3719 2834 γέμοντα,

2153 2845 2266 2900 Τὸν
2284 2843 2466 2913 ἄρτον
2493 2843 2660 2914 ἡμῶν
2676 2845 2783 2899 τὸν
2811 2845 3122 2900 ἐπιούσιον
3141 2846 3246 2912 δὸς
3269 2846 3414 2916 ἡμῖν
3427 2845 3718 2915 σήμερον,

2147 2927 2269 2982 ἀντὶ
2303 2926 2420 2991 τοῦ,
2462 2927 2562 2998 τὴν
2606 2927 2704 2998 τῆς
2745 2929 2959 2999 ἡμέρας
3000 2929 3226 3000 τροφήν·
3265 2928 3401 3000 ὅπερ
3440 2931 3468 2982 6
3515 2927 3719 2992 δίκαιος

2146 3006 2320 3079 οὗτος,
2358 3009 2509 3064 οὐδὲν
2541 3009 2745 3063 τούτων
2787 3010 3059 3081 ἀκηκοὼς,
3102 3009 3300 3082 ηὑχετο
3345 3010 3536 3079 λέγων’
3581 3009 3721 3064 Ἐὰν

2147 3094 2231 3159 δῷ
2251 3112 2353 3163 μοι
2382 3095 2596 3164 Κύριος
2628 3092 2812 3163 ἄρτον
2842 3093 3075 3163 φαγεῖν,
3097 3093 3196 3148 καί
3225 3093 3454 3162 ἱμάτιον
3481 3095 3720 3162 περιϐα-

2146 3176 2378 3231 λέσθαι.
2417 3177 2508 3248 Μὴ
2545 3177 2723 3230 τοίνυν
2748 3175 2929 3246 ἕτερόν
2955 3194 3007 3229 τι
3035 3176 3144 3229 τῶν
3179 3175 3446 3246 βιωτικῶν
3481 3177 3720 3246 αίτῶμεν

2149 3260 2277 3330 παρ’
2310 3259 2496 3314 αὐτοῦ.
2541 3259 2780 3325 Ἀνάξιον
2811 3260 2915 3329 γὰρ
2945 3260 3146 3332 σφόδρα
3173 3259 3324 3331 παρὰ
3346 3259 3440 3314 τοῦ
3472 3259 3613 3313 οὕτω
3635 3278 3723 3329 φι-

2147 3342 2370 3412 λοτίμου
2402 3343 2498 3396 καὶ
2517 3342 2785 3412 τοσαύτην
2817 3343 3096 3412 δυνάμεως
3114 3344 3431 3414 περιουσίαν
3453 3344 3722 3413 κεκτημέ-

2149 3442 2240 3480 νου
2274 3423 2451 3478 ταῦτα
2488 3427 2678 3488 αἰτεῖν,
2703 3426 2737 3478 δι
2766 3424 2844 3496 τῷ
2873 3426 3100 3496 παρόντι
3131 3427 3562 3491 συγκαταλύεται
3601 3426 3721 3496 βίῳ,

2149 3506 2242 3561 καὶ
2273 3506 2473 3578 πολλὴν
2501 3508 2612 3577 ἐχει
2633 3506 2729 3579 τὴν
2763 3508 3062 3579 μεταϐολὴν
3086 3509 3179 3561 καὶ
3208 3508 3304 3579 τὴν
3333 3510 3681 3579 μετάπτωσιν
3705 3523 3721 3538 ⁸

2147 3589 2373 3642 τοιαῦτα
2388 3591 2498 3662 γὰρ
2515 3590 2728 3644 ἅπαντα
2744 3591 2815 3644 τά
2829 3592 3164 3663 ἀνθρώπινα,
3181 3593 3281 3647 κᾶν
3298 3593 3526 3647 πλοῦτον
3542 3595 3722 3665 εἴπῃς,

2149 3671 2252 3725 κᾶν
2274 3672 2589 3728 δυναστείαν
2609 3714 2623 3738 ,
2668 3673 2768 3727 κᾶν
2803 3674 2959 3739 δόξαν
2991 3675 3338 3746 ἀνθρωπίνην
3359 3693 3372 3707 ο
3412 3675 3525 3728 ἀλλ’
3565 3676 3727 3729 αίτῶ-

2154 3773 2254 3826 μεν
2286 3756 2352 3809 τά
2391 3757 2480 3810 ἀεὶ¹
2528 3756 2779 3827 μένοντα,
2810 3758 2878 3811 τὰ
2919 3758 3136 3830 διαρκῆ,
3170 3761 3263 3812 καὶ
3293 3759 3596 3831 μεταϐολὴν
3624 3759 3726 3812 οὐκ,

2150 3840 2512 3910 ἐπιστάμενα.
2538 3841 2648 3894 Καὶ
2669 3841 2868 3905 είδότες
2899 3841 2991 3895 τοῦ
3022 3844 3288 3915 ἡμετέρου
3316 3843 3585 3896 Δεσπότου
3625 3843 3726 3912 τὴν

2150 3922 2484 3994 ἀγαθότητα,
2511 3923 2720 3994 μηδένα
2759 3923 3041 3995 ποιώμεθα
3077 3925 3232 3994 λόγον
3272 3925 3380 3979 τῶν
3419 3924 3724 3995 παρόντων,

2151 4005 2288 4059 ἀλλὰ
2322 4009 2504 4060 πᾶσαν
2529 4009 2561 4078 ή
2569 4007 2684 4077 μῶν
2701 4009 2799 4080 τὴν
2819 4009 3052 4079 σπουδὴν
3068 4011 3147 4073 είς
3161 4009 3252 4063 τὸν
3268 4009 3375 4062 τῶν
3393 4007 3728 4079 ἐπουρανίων

2152 4088 2315 4141 πόθον
2345 4091 2792 4161 μεταστήσωμεν.
2812 4091 2873 4143 EE
2900 4090 3006 4163 γὰρ
3046 4091 3155 4145 Τὸν
3185 4092 3363 4159 ἥλιον
3381 4091 3568 4147 αὐτοῦ
3589 4093 3730 4145 ἀνα-

2151 4174 2353 4230 τέλλει
2380 4177 2480 4231 ἐπὶ
2506 4176 2809 4245 πονηροὺς
2839 4177 2938 4229 καὶ
2963 4177 3242 4246 ἀγαθοὺς,
3274 4177 3371 4230 καί
3401 4175 3607 4246 βρέχει
3628 4177 3728 4231 ἐπὶ

2151 4262 2421 4329 δικαίους
2456 4263 2552 4316 καί
2571 4263 2842 4327 ἀδίκους,
2862 4263 3041 4334 πολλῷ
3082 4265 3280 4335 μᾶλλον
3302 4266 3430 4328 τοὺς
3451 4265 3729 4336 ἀπεχομέ-

2151 4362 2276 4408 νους
2305 4346 2404 4416 τῆς
2429 4347 2694 4417 πονηρίας
2713 4348 2807 4401 καὶ
2827 4347 2924 4418 τὴν
2943 4347 3159 4400 ἀδικίαν
3179 4347 3476 4416 φεύγοντας
3493 4352 3552 4401 οὐ
3575 4365 3729 4418 περι-

2150 4427 2362 4497 όψεται,
2396 4427 2534 4481 ἀλλὰ
2563 4429 2763 4499 πολλῆς
2788 4428 3010 4494 ἀξιώσει
3037 4431 3136 4500 τῆς
3174 4433 3430 4501 προνοίας
3451 4472 3464 4495 ,
3497 4432 3589 4486 καὶ
3627 4431 3729 4502 τὴν

2152 4510 2346 4564 ἐαυτοῦ
2377 4511 2704 4581 κηδεμονίαν
2732 4515 2789 4566 ἐν
2816 4513 2987 4566 ἆπασι
3021 4511 3265 4583 παρέξει.
3306 4515 3482 4585 Ὅπερ
3505 4515 3725 4578 είδότες,

2152 4594 2450 4664 ἀγαπητοὶ,
2488 4595 2564 4665 μὴ
2592 4595 2911 4666 ἀπιστῶμεν
2940 4596 3059 4657 ταῖς
3097 4592 3190 4648 τοῦ
3213 4595 3347 4648 Θεοῦ
3380 4596 3726 4666 ὑποσχέσεσι,

2156 4676 2288 4747 μηδὲ
2323 4677 2543 4730 ἐναντία
2571 4670 2646 4730 ὧν
2693 4678 2949 4732 ἐκέλευσε
2977 4677 3455 4749 διαπραττώμεθα.
3494 4679 3575 4732 Τὰ
3617 4679 3727 4752 γὰρ

2152 4759 2246 4813 νῦν
2277 4761 2404 4831 παρ’
2436 4761 2596 4830 ἡμῶν
2618 4761 2878 4831 γινόμενα
2904 4760 3056 4814 οὐδὲν
3093 4761 3463 4816 ἀπιστούντων
3490 4763 3726 4834 διενήνοο

2151 4861 2263 4913 χεν.
2285 4844 2457 4896 Ὅταν
2483 4844 2590 4914 γάρ
2610 4843 2772 4906 αὐτὸς
2801 4844 2900 4914 μὲν
2925 4843 3326 4914 ἐπαγγέλληται
3357 4845 3422 4899 τὰ
3442 4845 3723 4916 μέλλοντα,

2150 4928 2311 4996 ἡμεῖς
2333 4926 2389 4979 δὲ
2422 4926 2499 4997 μὴ
2537 4924 2856 4996 βουλώμεθα
2888 4926 3111 4998 θαρρεῖν
3143 4927 3392 4991 ἐκείνοις.
3440 4928 3576 4982 ἀλλὰ
3614 4930 3728 4993 τοῖς

2151 5009 2419 5080 παροῦσιν
2452 5003 2604 5079 ὦμεν
2646 5008 3082 5081 προσηλωμένοι,
3115 5013 3265 5063 ποῖον
3298 5011 3484 5082 ἕτερον
3531 5013 3728 5082 δεῖγμα

2151 5091 2412 5153 ἀπιστίας
2449 5091 2632 5144 λοιπόν
2675 5109 2762 5155 τις
2809 5093 3182 5164 ἐπιζητήσειε,
3235 5093 3343 5148 τῶν
3388 5095 3728 5165 πραγμάτων

2151 5174 2332 5228 αὐτῶν
2357 5174 2619 5245 λαμπρὰν
2645 5174 2916 5243 ἀφιέντων
2946 5179 3130 5247 φωνήν
3155 5195 3170 5243 ;
3203 5177 3312 5230 Καὶ
3344 5178 3527 5240 πάλιν,
3561 5177 3727 5230 αὐτοῦ

2151 5256 2465 5320 κελεύοντος
2501 5258 2669 5328 μηδὲν
2711 5257 2896 5329 ζητεῖν
2940 5261 3071 5331 παρ’
3100 5261 3265 5313 αὑτοῦ
3301 5260 3409 5314 τῶν
3451 5263 3730 5332 ἐπικήρων

2151 5337 2352 5392 τούτων
2396 5340 2492 5392 καὶ
2543 5339 2830 5409 βιωτικῶν,
2878 5341 2993 5394 ἀλλ’
3033 5343 3259 5397 ἐκείνων
3300 5343 3520 5414 μᾶλλον,
3565 5348 3730 5414 ἡμεῖς

2151 5422 2247 5476 ἀπ’
2283 5423 2534 5486 ἐναντίας
2556 5421 2707 5494 αὑτῷ
2736 5424 3046 5494 ἐρχόμενοι,
3074 5427 3220 5496 άπερ
3255 5424 3375 5480 εἶπε
3408 5427 3483 5497 μὴ
3523 5426 3728 5496 ζητεῖν,

2151 5507 2336 5558 ἐκεῖνα
2366 5504 2662 5575 ζητοῦμεν,
2714 5507 2807 5559 καὶ
2854 5507 2997 5578 ἅπερ
3023 5503 3145 5561 εἷπε
3172 5508 3377 5578 ζητεῖν,
3430 5511 3614 5562 ἐκεῖνα
3667 5510 3731 5563 οὐ

2157 5587 2446 5657 ζητοῦμεν.
2483 5585 2590 5640 Καὶ
2622 5587 2795 5641 ταῦτα
2823 5588 3308 5660 διαπραττόμενοι,
3339 5592 3433 5645 καὶ
3460 5590 3602 5644 οὓτω
3633 5592 3732 5661 ῥᾳ-

2158 5671 2343 5747 θύμως
2387 5669 2459 5722 τὰ
2506 5669 2626 5723 καθ’
2665 5670 2888 5734 ἐαυτοὺς
2935 5670 3283 5739 διοικοῦντες,
3329 5674 3424 5726 καὶ
3463 5666 3730 5743 παροργί-

2156 5752 2338 5817 ζοντες
2377 5751 2469 5803 τὸν
2515 5753 2718 5822 ἥμερον
2754 5751 2847 5804 καὶ
2894 5753 3140 5824 προσηνῆ
3197 5756 3491 5825 Δεσπότην,
3538 5753 3728 5820 ὥσπερ

2158 5833 2536 5904 ἐπιλαθόμενοι
2565 5834 2672 5891 τῶν
2696 5833 2825 5905 παρ’
2868 5835 3026 5908 ἡμῶν
3046 5839 3386 5912 γινομένων,
3416 5839 3514 5908 τὴν
3544 5836 3725 5891 αίτίαν
