4168 6264
406 309 507 365 477

405 434 578 487 ctum,
609 430 666 479 et
702 421 971 493 quomodo
998 428 1120 493 post
1145 420 1267 477 illas
1305 423 1689 493 promi‘ssiones
1718 422 1857 493 apud
1887 422 1990 477 La—

407 517 508 570 ban
548 515 730 584 viginti
775 516 931 569 annis
979 515 1252 571 laboribus
1295 514 1551 579 afflictus,
1584 529 1689 569 non
1734 514 1992 584 gravatim

406 610 553 673 tulit,
584 623 688 662 non
733 609 946 677 segnior
987 607 1086 662 fuit
1126 615 1233 661 tam
1275 607 1525 662 diuturno
1574 616 1850 676 tempore;
1894 607 1991 661 sed

403 698 582 752 omnia
633 697 842 751 fortiter
888 697 1170 763 sustinuit,
1213 705 1527 765 exspectans
1578 697 1990 766 promissionum

408 800 617 859 tempus
643 832 658 854 ,
692 799 744 844 et
767 790 942 844 sciens
971 806 1074 843 non
1102 803 1260 857 posse
1288 789 1603 843 intercidere
1643 804 1763 857 quae
1804 803 1833 841 a
1877 789 1991 843 Deo

405 883 541 936 dicta
574 892 696 936 sunt
728 899 741 935 :
771 883 1003 936 maxime
1032 882 1075 934 si
1102 891 1156 936 et
1198 895 1296 935 nos
1332 881 1521 937 ail'erre
1561 889 1741 935 nostra
1777 881 1989 934 studea-

405 988 542 1036 ntus,
574 972 730 1027 ﬁdem
756 982 810 1027 et
838 973 1166 1040 patientiam,
1188 981 1243 1026 et
1271 972 1340 1025 ita
1368 971 1505 1025 bene
1530 971 1755 1025 ﬁdamus
1782 970 1845 1025 iis
1870 986 1988 1039 qua:

405 1079 431 1115 τι
464 1063 689 1117 Domino
709 1064 970 1132 promissa
1016 1072 1138 1116 sunt
1166 1104 1179 1128 ,
1213 1072 1371 1131 atque
1415 1063 1461 1115 si
1503 1062 1612 1130 jam
1658 1062 1870 1131 impleta
1898 1076 1987 1115 es-

403 1162 540 1207 sent.
570 1154 694 1209 Iltec
721 1155 864 1209 enim
898 1168 1020 1208 vera
1047 1153 1179 1208 ﬁdes
1215 1162 1296 1207 est
1316 1193 1331 1218 ,
1355 1168 1459 1206 non
1486 1152 1759 1207 attendere
1785 1167 1846 1207 ea
1867 1166 1988 1221 qute

405 1246 650 1300 videntur
670 1289 682 1311 ,
716 1247 874 1323 etiam
902 1246 944 1300 si
975 1246 1194 1299 omnino
1227 1245 1334 1300 sint
1362 1246 1582 1299 adversa
1614 1246 1984 1316 promissioni,

404 1339 495 1392 sed
543 1340 640 1392 soli
687 1339 1043 1408 promittentis
1086 1339 1336 1407 potentiae
1385 1338 1673 1392 conﬁdere.
1706 1337 1821 1392 Jam
1861 1352 1988 1392 vero

405 1431 677 1485 videamus
698 1432 826 1501 justi
856 1432 1013 1501 hujus
1040 1440 1244 1502 gratum
1285 1430 1542 1484 animum.
1570 1432 1657 1484 16.
1690 1429 1755 1483 Et
1782 1430 1987 1500 evigila-

406 1522 490 1585 vit,
524 1522 709 1591 inquit,
737 1520 894 1576 Jacab
922 1523 984 1575 de
1017 1538 1192 1576 somno
1218 1538 1330 1583 suo,
1361 1530 1407 1574 et
1434 1522 1561 1574 dixit
1588 1536 1605 1573 :
1635 1520 1880 1574 Dominus
1915 1530 1989 1575 est

406 1615 456 1666 in
506 1615 614 1667 loco
661 1615 785 1681 ista,
818 1631 907 1685 ego
948 1626 1113 1668 autem
1159 1614 1454 1667 nesciebam.
1480 1616 1567 1668 l7.
1596 1613 1662 1667 Et
1714 1614 1910 1675 timuit,
1943 1622 1989 1666 et

407 1705 533 1757 dixit
560 1705 759 1769 :Quam
788 1706 1021 1758 terribilis
1045 1715 1116 1759 est
1146 1706 1285 1758 locus
1307 1705 1432 1758 iste!
1464 1704 1514 1757 Ν
1520 1721 1584 1757 on
1609 1714 1682 1757 est
1712 1704 1805 1757 hoc
1825 1704 1985 1770 aliud,

406 1811 554 1863 quam
603 1796 779 1849 damus
817 1794 914 1848 Dei
944 1811 962 1849 :
991 1806 1035 1850 et
1061 1796 1166 1849 ha’c
1203 1806 1275 1849 est
1307 1807 1451 1865 porta
1496 1797 1627 1850 caeli.
1665 1797 1989 1866 Stupcsceus

406 1886 573 1953 justus
614 1894 831 1955 propter
869 1902 1114 1956 magnam
1156 1886 1578 1941 misericordiam
1621 1888 1742 1953 Dei,
1779 1888 1986 1952 timuit,

404 1975 591 2044 inquit,
616 1984 671 2031 et
695 1976 828 2030 dixit
855 1993 868 2029 :
897 1976 1016 2030 Non
1046 1986 1118 2029 est
1146 1978 1240 2030 Itac
1266 1978 1365 2031 nisi
1384 1977 1562 2031 domus
1587 1976 1698 2043 Dei,
1730 1985 1775 2030 et
1801 1978 1898 2030 ista
1918 1986 1991 2030 est

405 2075 549 2133 parta
583 2066 712 2120 ctali.
755 2066 852 2121 lIic
882 2067 1029 2119 locus
1056 2066 1185 2121 mihi
1222 2065 1445 2137 posthac
1475 2080 1570 2135 pro
1595 2066 1755 2120 domo
1783 2067 1873 2120 Dei
1904 2082 1991 2121 re-

406 2156 691 2223 putabitur.
715 2156 886 2211 Tanta
910 2157 1068 2225 igitur
1090 2157 1295 2210 visione
1318 2156 1509 2225 dignus
1538 2156 1764 2221 habitus,
1791 2165 1845 2211 et
1869 2172 1989 2212 cum

407 2247 575 2315 ipsam
601 2289 616 2313 ,
643 2258 705 2300 ut
738 2248 809 2301 ita
838 2247 1036 2313 dicam,
1069 2246 1219 2316 quasi
1246 2247 1362 2301 caeli
1390 2257 1594 2317 portam
1622 2248 1842 2303 viderim
1864 2288 1879 2313 ,
1909 2248 1992 2318 ju-

408 2343 548 2389 stum
580 2335 757 2401 fuerit,
790 2345 848 2391 ut
875 2337 1109 2392 debitam
1152 2336 1238 2392 hic
1275 2338 1564 2407 gratiarum
1594 2339 1857 2392 actionem
1891 2338 1992 2391 Do-

410 2428 555 2482 mino
596 2427 815 2483 reddam
864 2437 919 2484 et
961 2428 1198 2484 offeram.
1232 2428 1319 2484 l8.
1354 2427 1423 2482 Et
1470 2429 1687 2482 surrexit
1727 2428 1907 2492 Iacob,
1945 2438 1992 2481 et

410 2518 605 2587 accepit
636 2518 853 2587 lapidem
882 2534 1029 2588 quem
1057 2527 1291 2588 posuerat
1318 2519 1388 2571 ad
1421 2527 1573 2587 caput
1606 2534 1785 2585 suum,
1815 2527 1862 2571 et
1886 2526 1990 2570 sta-

410 2612 499 2664 tuit
524 2612 637 2664 eum
663 2611 716 2664 in
741 2611 1043 2677 columnam,
1073 2619 1120 2664 et
1147 2610 1333 2681 infudit
1371 2610 1537 2664 oleum
1565 2627 1718 2679 super
1740 2626 1991 2665 summum

410 2706 536 2767 eius.
580 2702 669 2759 l9.
702 2704 768 2757 Et
812 2704 1001 2758 vacavit
1038 2702 1199 2757 Jacob
1229 2718 1408 2758 nomen
1455 2702 1550 2757 laci
1590 2702 1729 2757 illius
1751 2743 1765 2768 ,
1801 2701 1992 2755 Damus

409 2793 521 2849 Dei.
545 2795 699 2849 Aliud
734 2796 864 2848 enim
893 2803 999 2848 erat
1024 2810 1200 2848 nomen
1243 2795 1353 2848 loco
1384 2803 1555 2848 antea.
1586 2793 1867 2861 Postquam
1894 2806 1989 2846 au-

410 2896 517 2941 tem
544 2902 643 2957 per
673 2887 931 2941 visionem
958 2898 1062 2941 tam
1097 2902 1284 2957 magna
1313 2895 1672 2957 consequutus
1701 2886 1815 2950 fuit,
1838 2900 1995 2939 voca-

412 2978 535 3032 bulo
562 2977 871 3031 memoriam
899 2978 1016 3032 loco
1047 2978 1338 3034 inscribere
1357 2978 1487 3041 vult,
1511 2978 1845 3047 p051erisque
1871 2991 1993 3031 eum

410 3069 587 3124 facere
616 3070 905 3135 celebrem,
938 3069 1111 3139 lapide
1136 3084 1232 3139 pro
1253 3070 1498 3125 columna
1525 3077 1726 3135 erecto,
1753 3068 1995 3139 superfu-

410 3173 574 3228 soque
610 3160 732 3214 oleo
762 3159 1069 3230 (verisimile
1094 3161 1235 3214 enim
1281 3169 1362 3214 est
1382 3159 1522 3230 quod
1551 3158 1678 3214 illud
1708 3159 1876 3213 solum
1912 3174 1999 3213 se-

412 3266 527 3305 cum
589 3234 798 3318 tulcrit,
853 3260 1035 3321 utpote
1110 3251 1210 3306 iter
1276 3250 1559 3321 faciens),
1604 3260 1787 3305 votum
1842 3248 1996 3305 offert

411 3339 639 3409 benigno
669 3340 799 3408 Deo,
829 3342 973 3395 omni
1003 3342 1217 3410 plenum
1247 3341 1598 3411 philOSOphia.

482 3432 534 3485 5.
574 3431 642 3485 Et
692 3431 736 3484 si
777 3432 966 3497 vultis,
997 3433 1157 3485 etiam
1206 3432 1318 3499 ipsa
1360 3433 1636 3486 audiamus
1678 3432 1859 3487 verba.
1900 3430 1991 3486 20.

424 3521 567 3575 Vovit
587 3523 716 3575 enim
744 3532 933 3588 votum,
957 3524 1125 3576 dicens
1148 3539 1166 3576 .'
1194 3523 1254 3577 Si
1281 3523 1429 3593 fuerit
1457 3522 1705 3576 Dominus
1733 3522 1868 3576 Deus
1893 3538 1997 3575 me-

413 3630 547 3677 eum,
577 3622 622 3667 et
643 3614 929 3668 custodierit
952 3631 1028 3668 me
1044 3615 1095 3668 in
1116 3615 1195 3668 via
1222 3614 1333 3680 hac,
1358 3629 1457 3683 qua
1482 3630 1573 3684 ego
1602 3615 1821 3667 ambulo.
1849 3613 1996 3680 Quo-

413 3705 555 3759 niam
592 3704 834 3771 dixerat,
869 3705 978 3776 Ego
1007 3715 1167 3760 tecum
1195 3723 1335 3771 sum,
1366 3715 1413 3759 et
1441 3706 1721 3758 custodiam
1756 3714 1802 3757 te
1840 3704 1893 3757 in
1916 3703 1997 3756 via

416 3796 507 3849 hac
535 3813 633 3867 qna
673 3797 899 3850 ambulas
929 3813 947 3850 :
976 3805 1190 3866 propter
1234 3797 1335 3851 hoc
1376 3805 1429 3851 et
1470 3797 1582 3864 ipse
1616 3795 1745 3848 dicit
1776 3812 1789 3847 :
1822 3794 1875 3849 Si
1906 3795 1996 3848 illa

415 3885 544 3939 mihi
591 3888 867 3948 eveniant,
898 3902 1014 3953 qum
1053 3886 1258 3939 scilicet
1299 3893 1353 3939 te
1402 3885 1643 3939 daturum
1687 3880 1996 3949 promisisti.

415 3967 615 4022 Deinde
645 3976 697 4018 et
729 3964 1041 4033 petitionem
1074 3964 1250 4025 allert,
1291 3962 1474 4015 dicens
1502 3977 1515 4012 :
1541 3961 1603 4014 Si
1632 3960 1830 4013 dederit
1872 3957 1997 4012 mihi

416 4058 666 4111 Dominus
693 4071 877 4125 panem
900 4055 968 4106 ad
990 4054 1425 4117 manducandum,
1447 4061 1493 4105 et
1521 4060 1701 4105 vestem
1733 4051 1801 4104 ad
1831 4061 1997 4123 tegen-

413 4149 553 4200 dum.
582 4146 698 4200 Non
725 4145 858 4200 divit
879 4159 958 4214 as,
988 4159 1092 4199 non
1124 4142 1502 4198 abundantiam
1546 4142 1832 4211 quamdam
1866 4142 1999 4211 peti-

412 4240 514 4305 vit;
549 4241 641 4295 sed
676 4254 862 4308 panem
895 4248 951 4294 et
991 4245 1194 4292 vestem
1224 4247 1313 4291 :et
1346 4236 1480 4290 hanc
1510 4237 1576 4289 ad
1606 4234 1996 4304 contegendum

412 4346 629 4400 corpus,
654 4331 802 4385 illum
824 4345 952 4385 vero
976 4329 1029 4383 in
1055 4329 1419 4384 necessarium
1445 4328 1778 4381 alimentum.
1807 4326 1995 4381 Consi-

412 4422 538 4477 dera
569 4421 838 4491 quomodo
883 4421 1040 4475 nobis
1082 4421 1434 4489 apostolicum
1465 4419 1830 4473 characterem
1861 4418 1996 4486 peti-

414 4517 560 4570 tione
598 4529 691 4568 sua
723 4512 1045 4583 signiﬁcavit
1071 4530 1083 4566 :
1115 4521 1265 4566 tanto
1302 4512 1577 4579 sapientiai
1604 4510 1781 4564 studio
1808 4509 1997 4577 plenus

414 4617 531 4661 erat
555 4606 688 4675 justi
714 4605 947 4660 animus.
971 4604 1104 4659 Nam
1130 4604 1182 4658 id
1212 4602 1355 4672 quod
1382 4603 1626 4659 Christus
1654 4602 1889 4669 dicebat,
1915 4600 1999 4655 Ne

416 4700 717 4767 possideatis
766 4714 978 4761 aurum,
1027 4697 1107 4750 vel
1156 4706 1457 4766 argentum,
1507 4696 1586 4750 vel
1630 4696 1762 4749 duas
1802 4697 2000 4748 tunicas

414 4791 632 4863 (Matth.
667 4790 755 4845 10.
786 4788 843 4859 9)
871 4807 883 4843 :
911 4789 1013 4845 hoc
1040 4788 1142 4844 iste
1175 4788 1412 4843 nondum
1438 4802 1466 4841 a
1495 4802 1762 4858 quoquam
1787 4787 2000 4854 doetus,

414 4884 507 4939 sed
538 4897 567 4937 a
597 4883 798 4952 seipso,
821 4890 877 4936 et
903 4881 971 4936 ab
1000 4880 1164 4935 insito
1186 4888 1390 4934 naturae
1417 4889 1615 4934 nostra;
1645 4879 1901 4946 magistro
1921 4877 2002 4932 di-

413 4976 563 5040 dicit,
583 4984 636 5030 et
657 4972 865 5044 optavit
884 4987 913 5027 a
932 4972 1162 5028 Domino
1181 4987 1279 5027 suo
1301 4972 1525 5040 praeberi
1552 4984 1740 5039 panem
1766 4970 1833 5024 ad
1855 4983 2002 5024 com-

415 5068 717 5133 edendum,
765 5078 819 5121 et
868 5076 1073 5121 vestem
1123 5065 1191 5120 ad
1231 5064 1537 5135 tegendum.
1596 5063 1653 5119 Si
1708 5064 1824 5118 haec
1869 5062 2001 5117 ntihi

415 5159 635 5223 iuerint,
666 5156 860 5226 inquit,
890 5156 942 5210 in
979 5164 1121 5210 terra
1169 5154 1366 5219 aliena,
1397 5152 1488 5208 2i.
1527 5152 1596 5206 Et
1634 5152 1898 5208 reduxerit
1923 5169 2003 5207 me

418 5249 672 5303 Dominus
697 5248 893 5301 salvum
921 5248 975 5299 in
994 5246 1201 5300 domum
1224 5246 1386 5317 patris
1409 5247 1528 5313 mei,
1554 5245 1696 5300 sicut
1721 5243 2002 5315 promisit:

416 5341 512 5394 erit
548 5338 797 5393 Dominus
844 5337 969 5392 mihi
1000 5337 1057 5391 in
1100 5335 1302 5403 Deum,
1333 5334 1421 5391 ΞΩ.
1453 5345 1504 5389 et
1552 5335 1685 5405 lapis
1722 5337 1817 5389 iste
1858 5351 2007 5405 quem

417 5430 553 5484 erexi
588 5431 645 5483 in
685 5430 997 5495 columnam,
1029 5429 1127 5482 erit
1167 5426 1293 5481 nti/ti
1323 5428 1504 5481 damus
1537 5426 1631 5480 Dei
1655 5441 1672 5480 :
1694 5434 1742 5481 et
1775 5427 2003 5481 omnium

418 5537 529 5588 ante
551 5521 676 5575 mihi
697 5521 919 5589 dederis,
940 5520 1164 5574 decimas
1184 5519 1275 5574 tibi
1304 5519 1538 5588 o/feram.
1564 5518 1701 5574 Vide
1724 5520 1852 5589 justi
1880 5534 2003 5590 pro—

419 5614 543 5668 bum
572 5613 843 5669 all'ectum.
881 5612 1101 5669 Petebat
1129 5611 1363 5683 quidem,
1403 5621 1459 5667 at
1504 5611 1637 5667 nihil
1678 5612 1998 5682 pretiosum,

422 5701 517 5761 sed
538 5717 732 5778 panem
752 5719 807 5768 et
827 5714 1032 5766 vestem
1066 5719 1083 5773 ;
1115 5703 1460 5777 promittebat
1490 5715 1666 5763 autem
1697 5714 1752 5762 et
1774 5718 1870 5763 sua
1902 5705 2003 5760 Do-

1443 305 1509 363 lN
1546 304 1701 363 CAP.
1732 302 1971 363 XXVIII.
2005 303 2247 365 GENES.
2289 305 2519 366 HOMIL.
2559 312 2697 370 LIV.

3585 323 3691 384 478

2105 423 2493 497 mino,gnarus
2531 445 2689 500 quam
2732 440 2901 489 certet
2940 433 3277 503 muneribus,
3306 444 3361 492 et
3384 453 3561 509 quam.
3590 460 3690 499 no-

2099 525 2239 572 stras
2278 520 2627 590 cogitationes
2671 525 3014 582 retribuendo
3046 531 3423 598 transcendat,
3465 533 3687 603 aitque:

2100 606 2167 660 Et
2187 611 2487 667 columnam
2515 615 2649 670 hanc
2675 617 2725 671 in
2749 617 2963 673 domum
2987 619 3330 688 Deihabebo,
3357 634 3411 678 et
3439 628 3679 683 omnium

2097 712 2216 764 qute
2242 701 2370 755 mihi
2396 717 2427 756 a
2454 710 2506 757 te
2534 706 3011 773 suppeditabuntur
3036 710 3271 765 decimas
3311 713 3466 770 dabo.
3497 717 3686 772 Vidisti

2096 797 2329 843 mentem
2373 792 2513 860 piam
2541 808 2603 849 ac
2633 796 2933 866 religiosam
2961 799 3146 855 ?Nihil
3172 802 3347 857 adhuc
3370 818 3649 877 acceperat
3672 850 3693 878 ,

2096 886 2148 930 et
2176 880 2420 947 promisit
2453 897 2513 937 se
2542 884 2651 939 Deo
2680 885 2915 943 decimas
2946 904 3131 945 eorum
3156 908 3275 962 qua:
3303 895 3403 952 sibi
3440 897 3687 955 donanda

2093 977 2245 1022 erant
2274 970 2595 1028 oblaturum.

2165 1058 2384 1115 Moralis
2432 1066 2679 1134 epilogus.
2711 1093 2782 1105 —-
2820 1066 2898 1122 Ne
2929 1070 3275 1140 simpliciter,
3300 1075 3513 1143 dilecti,
3544 1093 3683 1147 prae-

2096 1156 2362 1205 tereamus
2388 1167 2506 1221 qua:
2532 1155 2669 1209 dicta
2697 1165 2840 1219 sunt,
2865 1159 2957 1213 sed
2988 1161 3302 1217 aemulemur
3325 1180 3513 1221 omnes
3540 1167 3683 1224 hunc

2090 1238 2291 1308 justum
2325 1258 2339 1293 :
2373 1251 2428 1298 et
2449 1259 2545 1299 nos
2571 1247 2656 1314 qui
2686 1247 2736 1300 in
2759 1249 2946 1316 gratia,
2971 1263 3091 1304 eum
3119 1252 3209 1320 qui
3235 1264 3359 1309 ante
3389 1255 3559 1325 legem
3589 1273 3604 1309 :
3632 1269 3687 1313 et

2094 1331 2227 1386 nihil
2270 1337 2558 1404 temporale
2585 1348 2828 1405 petamus
2871 1354 2898 1391 a
2945 1340 3189 1396 Domino.
3213 1343 3395 1413 Neque
3418 1330 3679 1403 enimex-

2098 1432 2304 1490 spectat
2332 1425 2503 1480 donec
2536 1443 2563 1479 a
2594 1428 2746 1483 nobis
2766 1430 3134 1499 admoneatur,
3167 1434 3260 1488 sed
3288 1446 3343 1489 et
3367 1451 3471 1491 non
3496 1449 3680 1506 peten-

2095 1512 2232 1565 tibus
2271 1516 2424 1570 nobis
2467 1516 2686 1585 largitur
2715 1534 2774 1573 ea
2813 1535 2929 1589 quae
2954 1521 3020 1575 ad
3050 1537 3202 1577 usum
3236 1526 3518 1593 pertinent.
3545 1527 3683 1581 Oriri

2092 1604 2234 1659 enim
2260 1606 2381 1672 facit
2409 1608 2563 1661 salem
2587 1625 2739 1679 super
2767 1611 2928 1663 malas
2952 1621 2995 1664 et
3016 1612 3189 1678 bonos,
3214 1622 3260 1665 ct
3286 1616 3412 1683 pluit
3431 1632 3581 1685 super
3596 1618 3693 1687 ju-

2093 1705 2194 1750 stas
2220 1707 2266 1749 et
2304 1699 2518 1768 injustas
2546 1702 2564 1769 (
2594 1700 2774 1755 Matth.
2804 1703 2858 1755 5.
2881 1704 2996 1771 45).
3028 1704 3093 1756 Et
3116 1705 3396 1760 credamus
3424 1708 3473 1761 ei
3500 1708 3687 1762 admo-

2094 1788 2258 1849 nenti,
2290 1796 2343 1840 et
2363 1787 2557 1843 dicenti
2588 1808 2601 1843 :
2635 1790 2854 1854 Quwrite
2883 1794 3099 1860 primum
3122 1810 3332 1863 regnum
3359 1796 3471 1863 Dei,
3503 1809 3547 1850 et
3578 1800 3686 1852 lucc

2093 1878 2262 1929 omnia
2304 1890 2621 1947 appanentur
2668 1881 2805 1933 vobis
2836 1882 3042 1950 (Matth.
3076 1883 3128 1938 6.
3158 1885 3271 1953 55).
3309 1885 3468 1941 Vides
3511 1888 3687 1956 ipsum

2097 1966 2250 2022 nobis
2279 1969 2439 2022 etiam
2487 1969 2576 2023 illa
2610 1969 2662 2022 in
2694 1970 2891 2025 donum
2926 1975 3343 2043 praiparavisse,
3383 1985 3435 2030 et
3474 1977 3589 2032 haec
3631 1980 3685 2032 in

2097 2056 2227 2111 lucri
2275 2066 2329 2112 et
2374 2060 2592 2114 auetarii
2639 2070 2791 2129 parte
2833 2062 3077 2119 daturum
3122 2077 3182 2118 se
3213 2066 3563 2133 promittere?
3606 2068 3685 2124 Ne

2095 2147 2255 2217 igitur
2295 2163 2356 2203 ea
2396 2165 2513 2218 qua:
2546 2160 2811 2220 tamquam
2853 2152 3075 2207 auetarii
3107 2154 3225 2209 loco
3250 2167 3564 2225 accepturus
3587 2173 3682 2224 es,

2096 2242 2247 2310 quasi
2300 2243 2548 2312 primaria
2600 2251 2721 2312 pete
2753 2261 2766 2298 :
2800 2260 2866 2299 ne
2912 2245 3237 2301 invertamus
3274 2249 3546 2313 ordinem,
3586 2252 3681 2305 sed

2095 2347 2395 2402 quaeramus
2421 2335 2509 2388 illa
2536 2334 2672 2388 sicut
2699 2336 2968 2405 praecepit,
2999 2346 3056 2390 ut
3084 2346 3138 2391 et
3164 2338 3245 2391 his
3274 2347 3329 2393 et
3355 2338 3459 2394 illis
3485 2339 3586 2393 frui
3620 2341 3684 2393 Ii-

2096 2430 2232 2476 ceat.
2261 2423 2334 2477 Ea
2366 2424 2505 2477 enim
2535 2424 2600 2479 de
2634 2438 2791 2479 causa
2822 2424 2874 2479 in
2902 2427 3157 2481 orationis
3184 2436 3383 2482 nostrae
3414 2429 3590 2485 verbis
3616 2431 3683 2484 li-

2096 2513 2250 2567 mites
2275 2523 2329 2567 et
2358 2513 2566 2582 regulas
2589 2514 2740 2569 nobis
2770 2514 3025 2570 Dominus
3051 2517 3392 2585 praescripsit,
3420 2526 3682 2587 quatenus

2096 2603 2321 2673 petenda
2353 2606 2458 2657 sint
2486 2605 2814 2674 temporalia.
2847 2592 3019 2661 Verba
3059 2606 3147 2661 illa
3170 2607 3320 2677 jubet
3360 2624 3457 2665 nos
3480 2610 3684 2677 dicere,

2097 2707 2214 2761 qum
2244 2694 2389 2747 onmi
2423 2694 2759 2764 philosophia
2788 2697 2803 2727 ¹
2833 2704 2955 2751 sunt
2977 2695 3194 2765 referta,
3220 2696 3414 2753 Panem
3452 2710 3684 2756 nostrum

2095 2785 2447 2852 quotidianum
2476 2788 2542 2839 da
2582 2788 2723 2841 nobis
2751 2788 2897 2842 hodie
2928 2789 2946 2861 (
2973 2789 3159 2843 Matth.
3186 2791 3236 2845 6.
3272 2792 3363 2861 Η)
3388 2810 3402 2846 :
3429 2793 3535 2847 diei
3578 2794 3679 2848 ali-

2095 2885 2333 2929 mentum
2361 2918 2374 2942 ,
2403 2876 2575 2946 inquit
2602 2893 2617 2930 :
2650 2877 2699 2931 id
2731 2880 2871 2948 quod
2915 2880 3090 2948 justus
3137 2880 3269 2947 iste,
3300 2883 3509 2937 tametsi
3550 2884 3684 2939 nihil

2098 2963 2286 3019 horum
2314 2966 2574 3031 audierat,
2604 2975 2849 3035 precatus
2874 2976 2976 3035 est,
2995 2968 3177 3023 dicens
3206 2985 3220 3021 :
3254 2970 3317 3024 Si
3340 2970 3533 3025 dederit
3556 2973 3686 3026 mihi

2099 3055 2349 3110 Dominus
2387 3072 2567 3123 panem
2594 3058 2662 3110 ad
2698 3058 3076 3126 comedendum,
3115 3068 3162 3113 et
3199 3070 3379 3113 vestem
3414 3062 3482 3114 ad
3517 3070 3688 3131 tegen-

2099 3147 2240 3202 dum.
2268 3147 2344 3202 Ne
2386 3148 2546 3218 igitur
2577 3150 2868 3219 temporale
2910 3151 3107 3220 aliquid
3149 3152 3287 3205 aliud
3329 3153 3397 3208 ab
3435 3167 3501 3207 eo
3538 3166 3686 3223 peta-

2099 3252 2238 3292 mus.
2263 3239 2540 3309 lndignum
2569 3241 2711 3295 enim
2733 3241 2886 3296 valde
2911 3251 3013 3306 est,
3032 3257 3063 3297 a
3091 3252 3199 3298 tam
3224 3244 3429 3299 liberali
3454 3254 3510 3300 et
3537 3256 3682 3301 tanta

2098 3328 2293 3383 virtute
2340 3332 2609 3397 praestanti
2651 3331 2952 3401 ltujusmodi
2993 3343 3206 3403 petere,
3246 3350 3366 3404 qum
3393 3350 3514 3390 eum
3544 3352 3688 3405 prae-

2099 3417 2238 3472 senti
2260 3419 2366 3473 vita
2402 3419 2783 3486 dissolvuntur,
2815 3430 2868 3477 et
2909 3436 3153 3492 magnam
3189 3423 3602 3479 vicissitudinem
3629 3436 3685 3481 et

2097 3512 2443 3567 mutationem
2467 3513 2846 3582 experiuntur:
2878 3514 2928 3568 id
2949 3530 3115 3584 genus
3136 3517 3276 3570 enim
3299 3526 3422 3570 sunt
3448 3516 3681 3572 humana

2100 3603 2299 3669 omnia,
2330 3604 2443 3658 sive
2469 3604 2683 3659 divitias
2710 3607 2928 3671 dixeris,
2961 3608 3072 3662 sive
3093 3609 3407 3677 potentiam,
3437 3610 3548 3663 sive
3578 3610 3683 3662 bu-

2099 3708 2311 3746 manam
2333 3694 2551 3764 gloriam
2586 3712 2599 3748 :
2631 3696 2723 3750 sed
2750 3705 2992 3765 petamus
3018 3714 3231 3768 semper
3256 3701 3541 3763 manentia,
3572 3703 3685 3755 suf-

2101 3787 2369 3854 ﬁcientia,
2418 3790 2800 3845 vicissitudinis
2843 3792 3041 3846 nescia.
3092 3793 3159 3845 Et
3202 3794 3429 3847 scientes
3478 3794 3688 3848 Domini

2101 3880 2268 3933 nostri
2328 3880 2615 3934 bonitatem
2641 3922 2654 3945 ,
2697 3881 2847 3935 nihili
2891 3882 3184 3950 pendamus
3226 3884 3507 3951 praesentia
3532 3926 3547 3947 ,
3594 3886 3690 3940 sed

2103 3983 2265 4024 omne
2317 3979 2554 4025 nostrum
2615 3972 2846 4027 studium
2910 3974 2964 4027 in
3022 3974 3311 4028 caelestium
3364 3974 3687 4030 desiderium

2099 4061 2506 4118 transferamus.
2537 4064 2667 4119 Nam
2724 4067 2770 4120 si
2816 4066 2990 4120 Solem
3023 4082 3171 4120 suum
3212 4068 3336 4121 oriri
3375 4067 3498 4137 facit
3534 4085 3688 4137 super

2100 4156 2262 4210 malas
2298 4165 2345 4210 et
2372 4156 2548 4224 bonas,
2580 4169 2628 4211 et
2658 4159 2786 4228 pluit
2821 4176 2975 4229 super
2989 4161 3158 4229 justas
3193 4168 3240 4213 et
3264 4160 3496 4229 injustas,
3524 4160 3698 4215 multo

2102 4249 2269 4316 magis
2296 4248 2626 4305 abstinentes
2667 4266 2697 4305 a
2739 4251 2958 4315 malitia,
2991 4260 3044 4305 et
3074 4252 3383 4319 injustitiam
3427 4250 3693 4321 fugientes

2103 4355 2208 4395 non
2239 4342 2537 4410 despiciet:
2570 4342 2662 4397 sed
2706 4344 2870 4398 multa
2912 4343 3100 4415 dignos
3139 4344 3295 4399 ducet
3331 4344 3693 4415 providentia,

2106 4438 2161 4485 et
2206 4445 2297 4485 sua
2351 4432 2707 4488 sollicitudine
2758 4434 2902 4488 omni
2960 4443 3201 4503 tempore
3262 4435 3583 4505 dignabitur.
3638 4436 3695 4491 id

2106 4521 2356 4585 scientes,
2387 4522 2582 4586 dilecti,
2612 4538 2677 4577 ne
2713 4523 2971 4579 increduli
3007 4526 3173 4579 simus
3206 4525 3403 4580 divinis
3432 4526 3697 4594 pollicita-

2106 4610 2358 4677 tionibus,
2387 4627 2557 4681 neque
2583 4614 2846 4667 contraria
2875 4614 2939 4667 iis
2963 4628 3081 4683 qua:
3115 4613 3202 4668 ille
3239 4613 3395 4683 jussit
3415 4613 3692 4669 faciamus.

2108 4699 2396 4756 Enimvero
2426 4710 2679 4771 quantum
2705 4701 2772 4756 ad
2796 4716 2857 4756 ea
2882 4718 2998 4773 qua:
3024 4717 3164 4756 nunc
3188 4717 3218 4756 a
3246 4702 3399 4757 nobis
3423 4703 3575 4770 ﬁunt,
3608 4704 3696 4758 ni-

2109 4790 2183 4846 hil
2226 4792 2295 4845 ab
2340 4790 2641 4847 inﬁdelibus
2671 4790 2983 4846 differimus.
3012 4790 3236 4858 Quando
3260 4790 3403 4847 enim
3432 4792 3547 4863 ipse
3572 4795 3695 4864 qui-

2109 4883 2232 4939 dem
2256 4884 2429 4938 futura
2452 4883 2605 4938 nobis
2627 4882 2906 4953 promittit,
2931 4896 3031 4937 nos
3055 4889 3231 4937 autem
3262 4882 3511 4943 nolumus
3536 4884 3703 4941 ﬁdere

2110 4973 2252 5029 illius
2292 4974 2755 5043 promissionibus,
2790 4972 2884 5028 sed
2922 4972 3275 5043 przesentibus
3309 4987 3494 5029 sumus
3532 4972 3700 5040 afﬁxi,

2111 5066 2254 5136 quod
2293 5066 2435 5120 aliud
2474 5064 2863 5120 incredulitatis
2893 5063 3145 5119 indicium
3174 5065 3349 5120 adhuc
3374 5066 3695 5135 requiritur,

2113 5156 2275 5210 rebus
2306 5154 2437 5224 ipsis
2467 5164 2573 5209 tam
2602 5154 2749 5209 clara
2778 5168 2909 5209 voce
2932 5154 3347 5210 attestantibus?
3374 5155 3441 5209 Et
3465 5170 3699 5220 rursum,

2115 5246 2327 5301 Christo
2348 5246 2565 5315 jubente
2593 5260 2690 5300 nos
2717 5245 2845 5300 nihil
2870 5261 2900 5299 a
2928 5260 2986 5301 se
3005 5254 3190 5316 petere
3214 5244 3480 5315 fragilium
3506 5243 3699 5299 horum

2116 5346 2171 5393 et
2192 5337 2579 5407 temporalium,
2611 5337 2705 5392 sed
2732 5337 2908 5407 potius
2949 5337 3037 5391 illa
3071 5336 3361 5407 postulare,
3389 5350 3486 5390 nos
3520 5335 3568 5390 ei
3608 5350 3698 5390 re-

2117 5438 2410 5500 pugnantes
2431 5471 2446 5495 ,
2475 5444 2593 5498 qua:
2622 5437 2805 5498 petere
2843 5427 3145 5498 prohibuit,
3169 5426 3257 5480 illa
3283 5425 3573 5496 quaerimus
3603 5441 3616 5477 :
3645 5435 3699 5480 et

2119 5534 2238 5591 quae
2260 5520 2418 5589 jussit
2436 5520 2624 5591 quaeri,
2654 5519 2744 5575 illa
2778 5533 2884 5575 non
2912 5518 3219 5589 quierimus.
3250 5515 3319 5571 Et
3354 5514 3469 5571 haec
3497 5516 3698 5571 facien-

2184 5648 2199 5677 ι
2244 5641 2329 5691 Sic
2375 5641 2527 5691 Savil.
2564 5645 2615 5688 et
2656 5635 2879 5698 quinque
2923 5632 3037 5699 Mss.
3082 5631 3254 5699 Morel.
3282 5643 3453 5699 _vero,
3497 5634 3701 5699 paterno

2118 5706 2289 5773 affectu
2317 5692 2710 5767 (φιλοστοργίαςδ,
2736 5692 2843 5761 pro,
2880 5692 3187 5757 philosophia
3210 5692 3549 5756 (φιλοσοφίας).
