4168 6264
554 455 674 516 tes,
700 456 758 504 et
770 443 888 501 tam
913 430 1060 515 pigre
1094 441 1430 513 έὸειιῑιέτιιυθ
1475 447 1654 494 nostra
1685 435 2044 500 mstituentes,
2071 441 2132 488 et

548 537 937 594 ‘exacorbantes
977 533 1157 588 mitem
1193 534 1258 586 ’ἐι
1296 530 1590 584 btnua-num
1631 526 1948 589 Dominum,
1979 523 2130 593 quasi

559 629 709 682 obliti
745 632 930 682 eorum
963 638 1080 693 qua}
1121 635 1220 676 nos
1260 620 1540 675 fecerimus
1560 630 1815 684 ,cau‘sam
1843 615 2132 686 quatrimus

558 720 676 788 ejus
700 732 825 788 erga
856 722 952 769 nes
991 707 1386 783 indignationis,
1415 720 1471 766 et
1507 714 1673 780 quare
1717 723 1816 764 nos
1857 721 2006 776 saepe
2029 705 2130 760 dea

559 810 779 878 spiciat,
805 821 925 861 cum
962 805 1021 858 in
1048 803 1218 858 varias
1249 800 1534 856 incidimus
1567 798 1883 854 tenta-tiones
1909 804 2002 852 :et
2024 809 2131 850 non

558 900 850 969 cogitantes
907 897 1245 965 peccatorum
1307 896 1617 948 nostro'n'tt‘n
1669 889 2083 960 magnitudinem
2109 925 2129 954 ,

559 990 912 1058 nosmetipsOs
951 988 1091 1041 ultro
1115 985 1425 1054 decipimus.
1459 983 1659 1038 Idcirco
1693 982 1954 1047 obsecro,
1981 988 2042 1034 ιιι
2069 979 2133 1034 iis

557 1079 806 1135 omnibus
847 1077 1107 1147 repulsis,
1153 1075 1285 1130 nihil
1335 1073 1489 1128 saluti
1528 1073 1729 1127 nostra:
1766 1068 2130 1141 praferamus.

559 1169 696 1236 Quid
721 1169 863 1224 enim
887 1168 1087 1237 prodest
1112 1165 1320 1231 homini,
1347 1165 1391 1218 si
1427 1163 1582 1217 totum
1607 1162 1850 1216 mundum
1877 1161 2094 1214 lucretur
2114 1198 2131 1224 ,

555 1263 743 1314 anima:
768 1275 883 1312 vero
907 1273 1015 1311 ante
1038 1257 1392 1311 detrimentum
1415 1255 1639 1322 patiatur
1670 1252 1879 1322 (Matth.
1895 1251 1982 1306 l6.
1999 1249 2134 1320 $6)?

561 1351 627 1404 Et
654 1361 1013 1420 supervacuas
1039 1345 1252 1400 divitias
1273 1346 1382 1414 jam
1407 1358 1724 1399 evacuemus
1753 1344 1803 1396 in
1833 1353 2094 1412 pauperes
2112 1372 2132 1407 ι

563 1454 916 1510 tnagnumquc
962 1436 1235 1506 sapientia:
1271 1434 1430 1490 studii
1475 1433 1744 1503 specimen
1789 1433 1845 1488 in
1889 1430 2136 1487 omnibus

559 1531 938 1593 cxbibeamus,
961 1543 1150 1582 vanam
1185 1525 1405 1596 gloriam
1433 1525 1818 1593 despicientes,
1846 1521 2134 1576 humanum

563 1624 753 1676 fastum
781 1619 1170 1679 conculcantes.
1197 1623 1252 1672 et
1275 1630 1432 1670 omne
1452 1615 1685 1670 caritatis
1708 1613 1940 1669 studium
1969 1611 2058 1667 alii
2082 1612 2134 1666 ia

557 1713 699 1766 alios
722 1721 907 1766 mutuo
933 1707 1297 1777 impendentes
1323 1722 1339 1760 :
1369 1714 1427 1760 ut
1448 1713 1506 1760 et
1533 1703 1882 1774 pnrsentibtts
1905 1711 1962 1757 et
1993 1700 2135 1756 futu-

560 1803 640 1858 ris
681 1801 834 1857 bonis
875 1799 1068 1871 perfrui
1112 1811 1433 1861 mereamur,
1476 1795 1642 1860 gratia
1681 1802 1736 1849 et
1774 1793 2135 1849 miseﬁcordia

566 1894 774 1950 Domini
801 1893 965 1946 nostri
996 1890 1124 1945 Jesu
1153 1889 1385 1953 Christi,
1418 1882 1509 1939 cui
1528 1893 1655 1935 cum
1678 1881 1836 1940 Patre
1873 1892 1928 1940 et
1951 1889 2136 1939 sancta)

560 1985 760 2056 Spiritu
786 1983 855 2036 sit
880 1981 1067 2052 gloria,
1097 1979 1399 2049 imperium,
1425 1976 1615 2043 honor,
1644 1989 1784 2031 nunc
1809 1983 1863 2031 et
1887 1979 2132 2043 semper,

555 2079 688 2131 etin
719 2074 911 2130 accola
937 2071 1274 2126 smeuiorum.
1303 2070 1495 2122 Amen.

1139 2199 1418 2256 HOMILIA
1455 2197 1564 2253 LV.

562 2305 630 2372 Et
656 2317 780 2371 dixit
809 2315 981 2369 Labori
1007 2315 1076 2368 ad
1106 2311 1267 2366 Iacob
1293 2327 1312 2367 :
1342 2311 1590 2378 Quoniam
1623 2288 1781 2380 frater
1812 2327 1948 2364 meus
1976 2327 2027 2364 es
2057 2320 2130 2377 tu,

628 2425 729 2464 non
753 2407 934 2462 servies
975 2405 1070 2459 mei
1114 2402 1310 2474 gratis;
1356 2401 1437 2455 dic
1478 2399 1636 2467 mihi,
1682 2414 1794 2471 qua:
1832 2415 2016 2454 merces
2045 2408 2132 2453 tua

633 2501 798 2570 (Gen.
825 2498 917 2554 ‘39.
948 2496 1075 2566 15).

637 2603 692 2672 1.
721 2612 908 2666 Paucis
935 2611 1069 2665 dicta
1093 2609 1202 2664 lteri
1229 2609 1467 2675 resumit;
1496 2609 1849 2678 confidentiam
1872 2609 2054 2664 Jacobi
2074 2611 2130 2664 ia

559 2698 723 2761 Deum
743 2701 1012 2770 pradicet.
1037 2727 1111 2740 --
1129 2699 1270 2753 Satis
1295 2699 1409 2753 heri
1439 2714 1503 2752 ex
1534 2698 1806 2768 pra-ludiis
1830 2699 2132 2768 peregrina-

559 2793 718 2847 tionis
757 2792 884 2860 justi
912 2791 1086 2846 edocti
1114 2803 1298 2844 sumus
1336 2797 1528 2860 quanta
1563 2789 1724 2844 fuerit
1749 2789 1864 2859 ejus
1889 2790 2126 2860 philoso-

557 2883 696 2954 phia:
725 2881 1064 2952 magnitudo,
1099 2888 1315 2949 pmpter
1341 2895 1495 2949 quam
1526 2894 1738 2934 causam
1771 2889 1968 2934 tantam
2008 2893 2129 2947 pm-

558 2973 869 3028 tnissionetu
896 2982 927 3027 ‘a
954 2970 1065 3026 Deo
1088 2980 1447 3040 coitscquutus
1474 2980 1576 3026 est.
1610 2972 1801 3026 lterum
1829 2980 2005 3026 autem
2031 2984 2130 3041 per

553 3080 740 3134 preces
781 3073 836 3119 et
873 3073 1054 3118 votum
1077 3105 1095 3130 ,
1139 3078 1258 3133 quae
1302 3063 1425 3118 fecit
1471 3063 1835 3118 universorum
1881 3065 2124 3132 Domino,

552 3155 901 3211 sufﬁcientem
928 3154 1228 3209 doctrinam
1261 3153 1412 3208 nobis
1433 3154 1679 3209 omnibus
1701 3154 1863 3220 dedit,
1890 3157 1935 3211 si
1965 3155 2129 3211 velle—

551 3254 671 3300 mus
710 3244 778 3299 ad
825 3243 1129 3298 imitandam
1175 3244 1422 3298 virtutem
1465 3244 1606 3298 illius
1633 3245 1870 3300 excitari.
1917 3245 2126 3301 Etenim

550 3335 902 3391 admiratione
941 3333 1159 3404 dignum
1202 3343 1317 3398 est,
1365 3333 1632 3403 quomodo
1659 3335 1908 3390 virtutem
1951 3335 2126 3391 sciens

551 3426 942 3496 promittentis,
975 3433 1029 3479 et
1053 3424 1273 3480 audiens
1314 3424 1724 3493 magnitudinem
1763 3424 1864 3479 sibi
1897 3425 2124 3494 promis-

548 3532 753 3583 sorum,
786 3527 961 3585 neque
997 3516 1077 3571 sic
1102 3530 1350 3586 magnum
1371 3515 1571 3582 aliquid
1600 3524 1654 3570 et
1687 3515 1918 3571 sublime
1946 3526 2126 3584 postu-

549 3608 662 3662 lare
687 3605 1028 3664 attentaverit
1055 3623 1069 3660 :
1092 3606 1190 3662 sed
1219 3605 1306 3660 illa
1333 3606 1606 3660 dumtaxat
1635 3605 1802 3674 petiit,
1832 3622 1950 3676 qua:
1973 3607 2125 3661 audi-

545 3697 644 3754 stis
671 3696 784 3752 heri
808 3737 824 3760 ,
857 3711 1048 3764 nempe
1075 3711 1136 3751 ea
1163 3711 1282 3766 quae
1320 3695 1386 3751 ad
1425 3695 1785 3766 quotidianum
1814 3697 2120 3754 alimentum

544 3786 646 3841 sibi
674 3786 921 3841 sufﬁcere
948 3785 1183 3855 possint,
1209 3793 1266 3840 et
1303 3786 1672 3840 vestimentum
1719 3785 1785 3842 ad
1819 3801 2014 3857 corpus
2041 3796 2121 3842 te-

543 3877 774 3947 gendum
808 3894 821 3930 :
853 3884 909 3931 et
935 3876 1220 3946 promittit,
1255 3875 1300 3932 si
1330 3877 1556 3933 reditum
1588 3877 1688 3932 sibi
1728 3878 1781 3932 in
1809 3893 1903 3938 sua
1930 3894 2120 3936 conoe—

542 3968 633 4022 dat
661 3967 820 4030 Deus,
851 3965 989 4021 sicut
1015 3966 1114 4022 sibi
1143 3966 1495 4037 promiserat,
1537 3967 1782 4023 daturum
1813 3983 1872 4024 se
1901 3969 1973 4023 illi
2001 3983 2118 4024 om-

542 4059 690 4113 nium
717 4073 838 4128 qua:
878 4057 948 4114 ab
987 4072 1054 4112 eo
1081 4057 1305 4127 accipiet
1328 4056 1563 4113 decimas
1592 4074 1606 4112 :
1633 4074 1730 4128 per
1755 4060 1929 4114 omnia
1961 4074 2116 4115 mon-

541 4157 721 4203 strans
744 4148 1052 4218 religionem
1080 4162 1252 4214 suam,
1281 4155 1336 4202 et
1359 4148 1527 4216 ipsum
1552 4147 1859 4203 adscribens
1881 4151 2117 4204 omnium

544 4239 890 4307 largitorem;
935 4236 1197 4306 docetque
1252 4250 1349 4290 nos
1391 4246 1448 4291 ut
1487 4237 1537 4291 ei
1583 4246 1784 4292 tantum
1831 4237 2119 4297 habeamus

542 4328 787 4398 gratiam.
818 4327 1049 4382 Noverat
1075 4329 1216 4380 enim
1251 4325 1426 4395 justus
1469 4326 1785 4382 ineffabilem
1821 4329 1936 4398 ejus
1963 4329 2116 4386 beni—

541 4416 830 4488 gnitatem,
860 4415 964 4470 hoc
989 4416 1294 4485 conjectans
1319 4432 1382 4472 ex
1409 4417 1473 4472 iis
1500 4433 1618 4488 qua:
1648 4418 1699 4472 in
1727 4430 1931 4489 patrem
1960 4436 2116 4478 suum

543 4505 878 4574 exhibuerat,
900 4514 956 4562 et
982 4506 1184 4562 sciebat
1208 4520 1329 4562 eum
1350 4506 1450 4563 sibi
1473 4522 1715 4580 magnam
1736 4511 2114 4568 abundantiam

538 4611 920 4652 concessurum
949 4611 1070 4652 esse
1097 4614 1113 4653 :
1143 4607 1198 4653 et
1228 4597 1414 4653 horum
1443 4599 1654 4669 quidem
1687 4601 1798 4671 ipse
1826 4604 1955 4658 nihil
1985 4605 2117 4674 petit

536 4703 569 4742 a
601 4689 824 4744 Domino
843 4703 1059 4759 ,ncquc
1086 4689 1196 4744 vult
1222 4688 1292 4745 de
1330 4690 1394 4745 iis
1423 4691 1626 4760 precari
1651 4733 1666 4756 ,
1696 4693 1789 4748 sed
1815 4709 1935 4750 cum
1963 4696 2114 4752 deci-

537 4793 654 4833 mas
676 4779 910 4834 omnium
932 4778 1179 4836 daturum
1205 4795 1263 4835 se
1283 4780 1581 4850 pollicetur,
1603 4782 1837 4838 ostendit
1857 4796 2113 4855 quantum

539 4869 593 4923 in
622 4871 868 4926 omnibus
893 4871 1193 4926 conﬁdebat
1219 4870 1336 4941 ejus
1359 4873 1608 4942 potentia:
1645 4875 1735 4943 qui
1776 4876 2111 4944 promiserat.

539 4959 826 5026 Pr0pterea
850 4968 905 5013 et
928 4960 1040 5028 ipse
1058 4961 1277 5030 quando
1298 4965 1418 5017 cum
1439 4977 1506 5018 eo
1523 4963 1858 5033 loquebatur.
1880 4965 2110 5034 dicebat,

538 5046 652 5117 Ego
677 5064 790 5102 sum
818 5047 954 5101 Deus
975 5049 1230 5103 Abraham
1257 5061 1302 5105 et
1327 5051 1478 5108 Isaac
1503 5055 1660 5122 patris
1687 5055 1802 5121 tui;
1841 5072 1905 5110 ne
1937 5057 2112 5114 timeas

543 5138 820 5209 (6131.26.
847 5137 917 5194 24
933 5142 974 5208 ).
1003 5139 1221 5211 Cogita,
1249 5145 1452 5215 inquit,
1484 5155 1542 5203 et
1581 5150 1931 5219 patriarcbam
1959 5155 2110 5224 quasi

542 5231 880 5300 peregrinum
910 5237 965 5283 et
993 5230 1228 5299 ignotum
1257 5233 1309 5288 in
1342 5245 1537 5292 terram
1569 5238 1706 5294 hanc
1733 5240 2031 5308 advenisse,
2058 5253 2113 5299 et

539 5323 592 5374 in
621 5330 818 5374 tantam
843 5320 1048 5375 venisse
1067 5321 1309 5392 gloriam,
1337 5337 1394 5381 ut
1417 5331 1651 5385 omnium
1675 5347 1767 5388 ore
1789 5335 2106 5391 celebretur.

537 5411 725 5480 Cogita
769 5411 897 5464 item
939 5419 994 5466 et
1037 5421 1238 5481 patrem
1276 5425 1453 5486 tuum,
1489 5421 1542 5474 in
1571 5430 1809 5477 extrema
1840 5434 2112 5482 senectute

543 5500 679 5569 patri
695 5515 798 5554 suo
825 5509 1003 5556 natum
1029 5517 1168 5569 esse,
1191 5515 1353 5576 atque
1377 5509 1448 5563 ita
1465 5511 1663 5580 opibus
1684 5526 1894 5569 anetum
1921 5514 2107 5584 fuisse,

542 5599 599 5644 ιιι
629 5590 919 5646 invidiosus
946 5591 1097 5650 ﬁeret
1139 5595 1417 5668 indigenis.
1463 5601 1661 5656 Eadem
1705 5605 1864 5675 igitur
1903 5616 1955 5661 et
1997 5607 2111 5676 ipse

541 5688 808 5752 exspecta,
851 5697 1168 5756 omnemque
1203 5690 1444 5748 timrem
1488 5700 1542 5748 et
1583 5693 1902 5750 anxietatem
1940 5694 2108 5767 depo-

1224 330 1291 386 s.
1325 313 2100 388 tOANNtS'cunvsos’rom
2139 319 2454 380 ARClllEP.
2491 313 3025 378 CONSTANTINOP.

3738 320 3856 376 480

2236 445 2390 498 nens,
2421 431 2898 502 peregrinationem
2935 430 3047 486 obi.
3076 430 3203 486 llaec
3235 438 3416 486 secum
3439 430 3714 502 cogitans
3750 430 3820 500 ιιι
3842 459 3856 474 -

2232 529 2386 588 stus,
2427 535 2535 575 non
2571 520 2641 576 ad
2681 529 3002 592 praesentem
3031 521 3349 592 respiciebat
3375 525 3616 586 statum,
3655 520 3857 591 (nihil

2233 614 2376 669 enim
2415 613 2636 668 omnino
2661 628 2842 669 secum
2883 613 3139 669 afferebat
3176 631 3192 670 :
3230 613 3498 684 quomodo
3537 613 3708 669 enim
3742 628 3854 683 po-

2235 705 2422 760 tuisset
2445 705 2534 775 qui
2561 705 2706 759 solus
2739 713 2855 760 erat
2889 715 2944 762 ct
2969 707 3069 760 iter
3107 703 3284 760 facere
3313 704 3612 775 cogebatur
3634 705 3661 760 ‘!
3686 704 3708 772 )
3743 705 3854 760 sed

2230 796 2341 866 jam
2368 795 2490 852 ﬁdei
2517 796 2689 852 oculis
2715 809 2822 852 non
2861 797 3032 850 multo
3071 805 3195 865 post
3239 796 3468 850 futuram
3511 795 3854 866 praevideo.

2235 885 2611 942 abundantiam
2649 900 2802 941 suam
2823 927 2840 953 ,
2868 886 3173 942 declarabat
3207 895 3410 956 gratam
3439 885 3799 941 voluntatem
3828 902 3848 941 :

2235 985 2293 1031 et
2315 976 2405 1046 qui
2431 975 2562 1030 nihil
2589 975 2763 1032 adhuc
2803 985 3103 1046 acceperat,
3145 983 3340 1043 vovet,
3378 974 3698 1047 digniorem
3734 975 3852 1030 ﬁde

2236 1066 2546 1120 existimans
2576 1063 2978 1134 promissionem
3003 1065 3248 1133 Domini,
3274 1080 3431 1135 quam
3460 1077 3657 1121 mrum
3706 1080 3849 1135 pos-

2236 1153 2553 1209 sessionem.
2595 1154 2777 1224 Neque
2801 1155 2944 1210 enim
2982 1156 3052 1210 ita
3083 1155 3245 1211 ﬁdere
3284 1155 3540 1211 debemus
3567 1156 3668 1211 his
3715 1171 3848 1225 quae

2238 1243 2291 1298 in
2331 1244 2580 1300 manibus
2609 1244 2863 1302 habemus
2893 1254 2948 1302 et
2975 1245 3248 1313 videmus,
3289 1257 3344 1302 ut
3372 1247 3848 1316 promissionihns

2239 1334 2369 1399 Dei,
2416 1335 2622 1390 etiamsi
2668 1350 2775 1390 non
2821 1337 3067 1391 eveniant
3109 1338 3284 1390 statim
3332 1338 3502 1406 primo
3547 1347 3845 1406 tempores

2236 1424 2418 1480 Justus
2460 1426 2618 1496 igitur
2665 1435 2872 1497 sumpta
2919 1428 2984 1480 iis
3025 1442 3143 1497 quae
3189 1428 3327 1482 Deus
3369 1426 3580 1482 dixerat
3627 1426 3840 1482 ﬁducia

2237 1516 2488 1583 maxima,
2521 1517 3001 1586 peregrinationem
3031 1517 3182 1572 obiit.
3211 1517 3327 1584 Quo
3356 1527 3510 1586 pacto
3535 1519 3694 1573 enim
3726 1534 3840 1570 ιιοιι

2237 1603 2429 1660 lisurus
2457 1613 2633 1671 esset,
2676 1605 2761 1660 eui
2800 1606 2994 1659 dictant
3022 1617 3133 1660 erat
3159 1645 3175 1670 ,
3214 1605 3344 1662 Ecce
3374 1623 3463 1676 ego
3491 1616 3664 1660 tecum
3691 1623 3834 1672 sum,

2237 1697 2521 1751 custodiens
2549 1706 2597 1750 te
2619 1696 2672 1750 in
2690 1698 2827 1750 omni
2845 1696 2946 1760 via,
2967 1712 3068 1765 qua
3091 1697 3254 1749 ituras
3281 1704 3332 1750 es
3355 1711 3375 1750 :
3398 1705 3446 1750 et
3467 1697 3838 1767 multiplicabo

2233 1803 2404 1842 semen
2428 1797 2569 1840 tum
2587 1828 2602 1850 ,
2641 1797 2687 1841 et
2715 1788 2954 1841 reducam
2981 1797 3028 1842 te
3053 1789 3231 1842 iterum
3256 1790 3310 1842 iu
3339 1799 3524 1843 terram
3553 1790 3700 1843 hanc
3718 1831 3736 1855 ,
3785 1795 3836 1842 et

2237 1889 2336 1933 uoti
2361 1883 2408 1933 te
2429 1879 2771 1950 derelinquam
2787 1878 2942 1949 (Gen.
2963 1879 3188 1950 28.15),
3214 1894 3485 1950 usqueth
3506 1882 3834 1949 complean-

2233 1976 2323 2024 tur
2349 1969 2608 2038 promissa
2633 1970 2856 2024 omnia?
2883 1969 3079 2036 Verum
3099 2009 3118 2038 ,
3146 1980 3207 2025 ut
3233 1970 3344 2026 lteri
3375 1971 3483 2026 dixi
3510 2013 3526 2038 ,
3555 1974 3742 2044 cogita
3774 1976 3832 2027 et

2233 2059 2656 2128 omnipotentem
2684 2060 2779 2114 Dei
2808 2061 3142 2130 sapientiam,
3171 2069 3227 2117 et
3245 2062 3374 2130 justi
3399 2063 3536 2117 illius
3565 2079 3830 2134 magnam

2233 2149 2545 2219 patientiam
2584 2159 2640 2205 et
2679 2158 2889 2219 gratum
2932 2151 3188 2207 animum.
3231 2153 3476 2210 Surrexit
3515 2154 3666 2208 enim
3702 2163 3827 2222 post

2233 2241 2614 2310 promissitmes
2641 2240 2774 2306 illas,
2805 2249 2861 2295 et
2885 2241 2935 2294 in
2955 2241 3189 2296 Charran
3215 2241 3506 2310 contendit,
3534 2253 3590 2299 et
3618 2245 3827 2300 iterum

2234 2333 2343 2400 agit
2388 2340 2444 2386 ut
2486 2331 2795 2401 peregrinus
2829 2341 2884 2386 et
2929 2347 3124 2402 vagus,
3171 2343 3226 2389 et
3265 2333 3319 2388 in
3359 2333 3606 2390 omnibus
3634 2335 3827 2390 divina

2231 2421 2403 2492 gratia
2433 2421 2642 2486 fruitur,
2673 2422 2901 2493 benigno
2921 2423 3031 2478 Deo
3047 2422 3155 2492 =ipsi
3181 2424 3318 2480 viam
3343 2425 3536 2494 ubique
3567 2437 3823 2494 parante,

2232 2523 2288 2570 et
2313 2529 2463 2568 suam
2489 2514 2895 2585 promissionem
2917 2513 3257 2584 adituplente.
3283 2514 3382 2583 Qui
3410 2517 3552 2571 enim
3579 2517 3824 2582 dixerat,

2232 2602 2423 2660 Tecum
2447 2617 2578 2672 sum,
2609 2604 2893 2659 custodiens
2921 2614 2969 2659 te
3006 2605 3062 2658 in
3089 2604 3225 2660 omni
3251 2606 3364 2672 cia,
3396 2622 3493 2676 qua
3534 2608 3704 2662 iturus
3741 2623 3821 2674 es,

2237 2692 2284 2748 is
2310 2693 2462 2748 duxit
2481 2692 2683 2763 justum
2713 2693 2777 2748 ad
2805 2693 2999 2749 fontem
3025 2708 3197 2762 aquae,
3227 2688 3316 2750 ubi
3341 2695 3607 2766 aqttabant
3632 2706 3818 2766 pasto-

2231 2798 2320 2840 rcs
2359 2791 2520 2838 terrae
2561 2784 2749 2839 incola:
2791 2792 2806 2839 ξ
2849 2799 2880 2840 a
2918 2785 3110 2854 quibus
3152 2799 3275 2856 cum
3322 2786 3704 2858 interrogasset
3749 2789 3816 2844 de

2232 2861 2411 2930 Laban
2444 2874 2606 2930 fratre
2633 2876 2819 2930 matris
2863 2889 3008 2940 sum,
3057 2885 3110 2931 et
3155 2875 3426 2933 didicisset
3469 2877 3649 2934 omnia
3694 2893 3818 2948 quae

2229 2963 2372 3020 circa
2399 2965 2545 3018 illutn
2572 2965 2892 3034 gerebantur
2919 2982 2932 3019 :
2963 2964 3157 3022 deinde
3184 2979 3306 3021 cum
3344 2976 3398 3022 et
3436 2966 3592 3036 hujus
3622 2969 3813 3033 ﬁliam,

2231 3064 2288 3111 et
2307 3068 2497 3125 greges
2523 3055 2690 3111 oculis
2719 3064 3039 3125 spectasset,
3069 3055 3375 3126 videretque
3399 3057 3675 3128 indigenas
3702 3073 3814 3114 non

2229 3143 2478 3200 sufﬁcere
2509 3155 2565 3200 ut
2591 3144 2818 3215 lapidem
2844 3161 2875 3200 a
2901 3145 3044 3201 fonte
3069 3145 3165 3215 ipsi
3195 3157 3522 3215 amoverent,
3559 3157 3618 3205 et
3645 3164 3810 3220 aqua—

2228 3243 2350 3292 rent
2373 3250 2524 3302 oves,
2555 3236 2808 3302 accurrit,
2837 3243 2893 3291 et
2919 3236 2971 3290 id
3014 3237 3155 3306 quod
3200 3238 3272 3292 illi
3312 3237 3488 3293 facere
3523 3255 3631 3295 non
3656 3239 3808 3294 vale-

2229 3327 2387 3391 bant,
2433 3329 2546 3396 ipse
2588 3342 2818 3398 superno
2864 3327 3060 3383 auxilio
3105 3329 3422 3396 roboratus,
3471 3332 3809 3401 prazveuiena

2227 3419 2501 3476 beneﬁciis
2527 3419 2708 3475 Laban
2728 3461 2745 3488 ,
2784 3422 2986 3476 amovit
3017 3421 3241 3491 lapidem
3272 3429 3328 3476 et
3363 3422 3646 3493 adaquavit
3677 3439 3807 3480 oves

2226 3524 2359 3580 quas
2397 3510 2649 3580 pascebat
2676 3510 2898 3567 Rachel.
2937 3511 3066 3566 Dein
3100 3512 3188 3567 ubi
3228 3513 3501 3568 osculatus
3537 3523 3620 3568 est
3657 3514 3806 3585 pucl-

2218 3601 2352 3670 lam,
2383 3612 2438 3657 et
2463 3601 2780 3672 signiﬁcavit
2802 3604 2920 3673 quis
2945 3611 3088 3658 esset
3114 3611 3169 3658 et
3196 3603 3341 3660 unde
3369 3605 3620 3668 venisset,
3653 3623 3804 3660 tttatt-

2225 3695 2297 3748 sit
2323 3694 2440 3763 ipse
2467 3692 2606 3763 apud
2634 3693 2853 3748 fontem.
2877 3692 3072 3748 Verum
3100 3694 3222 3764 quia
3244 3694 3384 3750 Deus
3412 3705 3526 3750 erat
3545 3697 3633 3766 qni
3659 3697 3805 3766 justo

2222 3783 2541 3853 disponebat
2565 3783 2775 3850 omnia,
2807 3783 2894 3839 hic
2916 3792 2972 3840 et
2999 3784 3230 3854 puellam
3259 3786 3508 3842 excitavit
3533 3799 3591 3842 ut
3613 3788 3803 3844 celeri-

2221 3884 2305 3931 ter
2328 3884 2602 3942 curreret,
2625 3884 2786 3946 atque
2815 3875 2930 3932 hate
2957 3877 3299 3934 annuntiaret
3323 3879 3494 3948 patri,
3519 3879 3610 3950 qui
3634 3881 3803 3936 frater

2219 3975 2337 4023 erat
2363 3965 2516 4037 hujus
2544 3967 2732 4023 matris
2764 3984 2777 4020 :
2805 3976 3152 4038 narraretque
3194 3969 3510 4025 beneﬁcium
3547 3973 3692 4042 quod
3733 3971 3804 4026 ah

2219 4076 2288 4116 eo
2315 4060 2608 4130 prazstitum
2647 4070 2790 4116 esset
2824 4070 2880 4117 et
2919 4062 2972 4117 in
3015 4061 3184 4132 ipsam
3221 4070 3277 4118 et
3315 4062 3366 4117 in
3394 4077 3583 4134 greges
3615 4081 3631 4117 :
3658 4067 3714 4121 et
3741 4079 3802 4120 se

2213 4166 2395 4222 neque
2419 4152 2757 4222 peregrinum
2783 4166 2923 4221 esse,
2965 4167 3139 4224 neque
3155 4153 3399 4224 ignotum
3422 4195 3439 4220 ,
3473 4154 3568 4211 sed
3593 4156 3798 4213 sororis

2217 4243 2407 4299 tilium.

2293 4336 2495 4402 Quanta
2523 4345 2740 4390 veterum
2769 4337 3106 4408 hospitalitas.
3133 4337 3382 4409 Exemplo
3406 4338 3588 4394 Jacobi
3615 4341 3792 4410 probat

2217 4426 2389 4481 omnia
2411 4427 2623 4499 feliciter
2645 4428 2908 4482 succedere
2938 4428 2983 4483 ei
3009 4445 3155 4499 quem
3181 4428 3321 4484 Deus
3351 4431 3517 4500 juvat.
3544 4459 3618 4472 —
3649 4431 3794 4486 Con-

2212 4522 2392 4578 sidera
2411 4563 2428 4589 ,
2455 4522 2712 4586 obsecro,
2741 4521 2938 4578 dilecte
2957 4563 2974 4589 ,
3010 4523 3201 4581 divina:
3229 4521 3520 4592 Scriptum
3559 4523 3788 4592 diligen-

2211 4615 2343 4669 tiatu
2363 4655 2379 4681 ,
2427 4613 2695 4684 quomodo
2739 4614 2893 4672 nob'B
2938 4616 3114 4671 omnia
3157 4615 3439 4670 manifeste
3492 4618 3784 4681 recenseat,

2210 4704 2461 4762 docendo
2483 4719 2583 4761 nos
2602 4719 2782 4761 mores
2801 4715 3059 4772 veterum,
3081 4714 3134 4761 et
3152 4715 3366 4777 quanta:
3389 4706 3442 4760 in
3462 4704 3789 4775 excipiendis

2217 4797 2513 4866 hospitibus
2557 4797 2755 4852 fuerint
2779 4797 3088 4852 alacritatis.
3126 4796 3260 4853 Nam
3289 4807 3346 4852 ut
3371 4797 3560 4868 puella:
3590 4797 3790 4852 indica—

2214 4899 2294 4943 ret
2326 4886 2678 4953 alacritatem,
2708 4901 2814 4941 non
2839 4885 3152 4956 simpliciter
3179 4886 3338 4951 dixit,
3365 4901 3484 4941 eam
3511 4886 3707 4940 abiisse
3731 4895 3784 4940 et

2213 4977 2557 5032 annuntiasse
2592 4991 2711 5046 quae
2746 4976 2881 5031 facta
2919 4977 3159 5044 fuerant,
3191 4977 3285 5032 sed
3323 4976 3653 5042 cucurrisse,
3684 4977 3783 5031 hoc

2214 5074 2329 5130 est,
2363 5080 2554 5136 magno
2587 5080 2708 5122 cum
2749 5066 2941 5138 gaudio
2967 5065 3134 5136 (Cap.
3157 5066 3247 5121 29.
3275 5083 3325 5122 υ.
3354 5065 3476 5139 12).
3510 5067 3708 5122 Deinde
3731 5078 3783 5122 et

2215 5157 2281 5211 de
2310 5157 2487 5211 Laban
2506 5197 2523 5223 ,
2550 5157 2639 5226 qui
2678 5165 2830 5227 pater
2858 5157 2999 5212 illius
3038 5167 3192 5224 erat,
3221 5158 3389 5224 dicit,
3419 5159 3560 5230 quod
3593 5159 3782 5215 auditis

2219 5248 2302 5303 his
2329 5264 2357 5301 ιι
2386 5249 2587 5318 virgine
2605 5289 2622 5314 ,
2649 5249 2944 5305 cucurrerit
2965 5259 3026 5304 et
3055 5250 3170 5319 ipse
3208 5251 3260 5305 in
3298 5265 3575 5307 occursum
3597 5251 3775 5321 Jacob,

2213 5346 2267 5392 et
2295 5337 2562 5393 osculatus
2589 5338 2659 5394 sit
2685 5354 2842 5408 eum,
2873 5347 2930 5396 et
2972 5339 3244 5396 induxerit
3279 5340 3334 5396 in
3375 5340 3592 5397 domum
3631 5356 3781 5398 suam

2217 5425 2376 5497 (Ibid.
2402 5442 2449 5480 υ.
2480 5426 2593 5498 13).

2281 5518 2337 5572 2.
2369 5518 2650 5589 PoStquatn
2680 5529 2857 5576 autem
2881 5520 3059 5578 Laban
3089 5523 3266 5579 omnia
3293 5523 3574 5594 diligenter
3601 5522 3782 5581 didicit

2213 5609 2280 5664 ab
2304 5624 2370 5665 eo
2391 5651 2407 5676 ,
2455 5611 2540 5664 14.
2566 5609 2712 5664 Dixit
2730 5652 2745 5675 ,
2785 5611 2956 5682 inquit
2977 5652 2990 5677 ,
3020 5613 3069 5666 ei
3105 5628 3125 5667 :
3153 5613 3236 5668 Ea:
3265 5615 3468 5670 ossibus
3493 5616 3616 5670 meis
3648 5626 3695 5670 et
3721 5630 3783 5668 ea

2213 5715 2364 5755 carne
2385 5713 2493 5754 mea
2518 5716 2569 5755 es
2593 5711 2645 5754 ιιι
2672 5700 2825 5772 (Cap.
2851 5702 2966 5774 29).
2991 5702 3202 5761 Sororis
3220 5745 3238 5774 ,
3263 5705 3469 5780 inquit,
3496 5721 3628 5762 mea:
3655 5718 3779 5761 cum
