4168 6264
322 325 426 380 £79

326 439 595 512 ζητοῦμεν
625 439 724 506 τῆς
753 435 872 488 καθ’
909 429 1067 503 ήμῶν
1126 426 1572 494 ἀγανακτήσεως,
1609 420 1704 473 καὶ
1755 417 1896 478 τίνος

327 527 510 580 ἓνεκεν
539 522 688 591 ἡμᾶς
719 518 977 577 πολλάκις
1007 513 1236 583 περιορᾷ
1267 508 1531 568 ποικίλοις
1579 503 1902 572 πειρασμοῖς

329 605 774 677 περιπίπτοντας,
835 598 924 652 καὶ
980 598 1080 648 οὐκ
1109 593 1399 660 ἐννοοῦμεν
1443 587 1506 640 τὸ
1529 585 1757 657 μέγεθος
1795 582 1903 634 τῶν

329 669 459 760 ἡμῖν
512 683 936 756 ἡμαρτημένων,
989 679 1102 731 ἀλλ’
1152 675 1381 760 ,ἑκόντες
1435 669 1660 760 ἑαυτοὺς
1697 680 1900 760 ,παρα-

328 748 674 839 λογιζόμεθα.
722 748 838 827 Ᾰιὸ,
882 758 1211 832 παρακαλῶ,
1245 756 1418 809 ταῦτα
1463 752 1638 804 πάντα
1686 748 1904 799 ἀποσει-

333 833 575 923 σάμενοι,
613 849 776 920 μηδὲν
804 847 989 916 ἕτερον
1019 844 1117 913 τῆς
1157 840 1361 901 οἰκείας
1401 833 1673 923 σωτηρίας
1715 845 1904 923 προτι-

335 909 543 1007 μῶμεν.
566 909 637 986 ’Ἰξί
659 909 766 1000 γὰρ
796 909 1105 997 ὠφελεῖται
1143 924 1492 1007 ἄνᾷρωπος,
1513 917 1620 969 ἐὰν
1656 911 1787 1007 μὲν.
1800 909 1907 1007 τόν

332 992 563 1086 κόσμον
580 992 1043 1080 ὅλον-κερδήσῃ,
1075 1007 1192 1074 τὴν·
1223 1003 1291 1056 δὲ
1338 993 1790 1086 ψυχὴκῌαὺτοῦ
1813 992 1908 1058 ζη-

327 1075 521 1169 μιωθῇ
543 1116 559 1161 ;
591 1100 698 1152 Καὶ
716 1099 784 1150 τὰ
816 1075 1047 1164 περιττὰ
1069 1090 1178 1142 τῶν
1210 1085 1508 1169 χρημάτων
1535 1081 1634 1151 ’ήδη
1659 1075 1908 1169 κενώσω-

241 1233 249 1243 .
327 1157 434 1253 ’μεν
463 1157 688 1247 είςτοὺς
713 1157 1019 1249 δεομένους,
1037 1173 1130 1227 καὶ
1157 1169 1353 1238 πολλὴν
1371 1169 1428 1219 ἐν
1451 1165 1621 1218 ἆπασι
1644 1162 1742 1230 τὴν
1763 1157 1908 1227 φιλο-

336 1249 527 1336 σοφίαν
575 1261 970 1332 ἐπιδειξώμεθα
1015 1261 1113 1328 τῆς
1163 1253 1394 1325 ματαίας
1433 1249 1588 1318 δόξης
1613 1259 1908 1336 *καταφροῖ

334 1351 552 1414 νοῦντες
573 1361 620 1407 ο,
653 1349 742 1400 τὸν
771 1344 1106 1414 ἀνθρώπινον
1134 1339 1303 1406 τῦφον
1329 1330 1786 1390 καταπατοῦντες,
1817 1327 1909 1378 καὶ

333 1409 650 1503 πολλὴνήτὴν
669 1409 888 1498 ἀγάπην
914 1426 1048 1495 πρὸς
1067 1422 1324 1492 ἀλλήλους
1344 1413 1617 1503 ἐπιδεικνύ
1627 1427 1802 1503 μένοις
1825 1409 1908 1499 ἵνα

335 1517 428 1569 καὶ
459 1516 565 1567 τῶν
588 1512 820 1566 ἐνταῦθα
845 1511 938 1563 καὶ
961 1507 1066 1560 τῶν
1101 1505 1399 1575 μελλόντων
1426 1497 1642 1567 ἀγαθῶν
1674 1490 1908 1546 ἀπολαῦ-

338 1617 425 1653 σαι
450 1597 788 1666 δυνηθῶμεν,
814 1594 996 1664 χάριτι
1023 1590 1120 1642 καὶ
1155 1582 1532 1656 φιλανθρωπίᾳ
1565 1578 1658 1631 τοῦ
1703 1576 1907 1645 Κυρίου

334 1683 488 1752 ἡμῶν
533 1681 705 1752 Ἰησού
732 1659 988 1748 Χριστοῦ,
1024 1673 1138 1743 μεθ’
1155 1663 1216 1724 οὑ
1232 1669 1309 1739 τῷ
1324 1668 1517 1736 [ια-τρὶ,
1539 1665 1654 1732 ἅμα
1674 1661 1748 1729 τῷ
1771 1659 1909 1726 ἁγίῳ

337 1742 632 1833 ιϊνεύματί,
670 1742 817 1824 δόξα,
860 1742 1089 1828 κράτος,
1131 1753 1285 1822 τιμὴ,
1315 1751 1410 1804 νῦν
1450 1749 1544 1802 καὶ
1572 1747 1677 1808 ἀεὶ,
1709 1742 1802 1796 καὶ
1828 1743 1906 1803 εἰς

334 1849 457 1909 τοὺς
491 1846 694 1908 αἰῶνας
716 1844 822 1896 τῶν
853 1841 1083 1894 αἰώνων.
1102 1838 1296 1907 ⁹Αμήν.

778 1953 928 2026 1551]
962 1951 1205 2006 ΟΜΙΛΙΑ
1231 1950 1356 2000 NE'.

337 2063 443 2115 Καὶ
471 2057 599 2114 εἶπε
632 2060 834 2112 Λάσαν
872 2056 952 2121 τῷ
993 2053 1204 2107 Ἰακώϐ
1223 2069 1236 2081 ·
1275 2051 1393 2121 Ὅτι
1438 2046 1547 2121 γὰρ
1574 2045 1601 2082 ι)
1653 2043 1914 2121 ᾁδελφός

401 2113 520 2199 μου
537 2131 593 2182 εἷ
613 2129 718 2191 σὺ,
749 2131 820 2181 οὐ
842 2113 1202 2199 δοῦλεύσεις
1226 2136 1330 2187 μοι
1359 2113 1584 2181 δωρεάν
1602 2131 1614 2143 ·
1635 2113 1913 2180 ἀπάγγει-

405 2194 520 2253 ξλόν
546 2217 667 2267 μοι,
696 2199 787 2264 τίς
818 2200 849 2249 ό
869 2194 1086 2263 μισθός
1112 2207 1250 2244 σου.

407 2312 474 2356 α’.
513 2301 734 2362 Ἱκανῶς
768 2300 918 2368 ἡμᾶς
941 2296 1068 2366 χθὲς
1096 2293 1164 2346 τά
1192 2291 1451 2362 προοίμια
1476 2291 1574 2358 τῆς
1607 2284 1914 2354 ἀποδημίας

339 2391 429 2444 τοῦ
465 2389 674 2443 δικαίου
712 2387 810 2456 τῆς
845 2382 1160 2453 φιλοσοφίας
1197 2377 1362 2432 αὐτοῦ
1398 2375 1460 2428 τὺ
1493 2374 1719 2445 μέγεθος
1756 2372 1914 2423 ἐπαί-

340 2482 514 2544 δευσε,
536 2477 602 2528 δι’
625 2476 689 2544 ἣν
708 2474 884 2527 αἰτίαν
917 2471 1190 2539 τοσαύτης
1209 2469 1307 2536 τῆς
1337 2463 1682 2532 ὑποσχέσεως
1709 2459 1912 2528 ἠξιώθη

343 2562 494 2632 παρά
510 2559 604 2613 τοῦ
624 2543 777 2610 Θεοῦ.
799 2557 1090 2625 Θαρσήσας
1109 2551 1290 2611 πάλιν,
1314 2548 1400 2600 διὰ
1415 2547 1516 2616 τῆς
1538 2545 1804 2614 αἰτήσεως
1820 2543 1915 2595 καὶ

343 2625 440 2712 τῆς
480 2642 678 2712 εὐχῆς,
715 2640 781 2710 ἢν
817 2638 1111 2706 ἐποιήσατο
1149 2627 1284 2703 πρός
1328 2631 1418 2682 τὸν
1446 2629 1554 2682 τῶν
1586 2627 1720 2679 ὅλων
1747 2625 1912 2689 Θεὸν,

344 2709 616 2796 ἀρκοῦσαν
642 2727 773 2794 ἡμῖν
813 2722 984 2775 ἅπασι
1019 2715 1370 2771 διδασκαλίαν
1402 2715 1680 2782 παρεῖχεν,
1711 2711 1759 2762 εί
1800 2709 1915 2778 βου-

343 2789 633 2880 ληθείημεν
663 2789 797 2878 πρὸς
833 2804 1062 2874 μίμησιν
1088 2798 1432 2868 διεγερθῆναι
1468 2796 1566 2864 τῆς
1595 2792 1794 2880 ἀρετῆς
1825 2789 1916 2880 τοῦ

343 2871 572 2947 δικαίου.
610 2871 721 2944 Καί
744 2871 849 2958 γὰρ
878 2871 1158 2956 Θαυμάσαι
1183 2883 1354 2946 ἄξιον,
1391 2881 1537 2941 ὅπως
1569 2877 1663 2929 καὶ
1694 2871 1920 2958 τὴν-δύ-

343 2993 505 3045 ναμιν
539 2973 691 3036 εἰδὼς
713 2971 804 3024 τοῦ
841 2955 1234 3038 ὑποσχομένου,
1271 2966 1363 3016 καὶ
1405 2960 1512 3013 τῶν
1556 2955 1920 3026 ἐπαγγελθέν-

343 3075 448 3111 των
478 3055 624 3126 αὐτῷ
664 3055 724 3108 τὸ
775 3053 1000 3122 μέγεθος
1043 3047 1317 3118 ἀκηκοὼς,
1358 3044 1477 3097 οὐδὲ
1517 3041 1660 3094 οὕτω
1700 3039 1840 3109 μέγα
1867 3053 1919 3089 τι

345 3145 437 3194 καὶ
462 3140 764 3209 ὑπέρογκον
791 3137 1008 3205 αἰτῆσαι
1032 3130 1352 3196 κατεδέξατο
1373 3145 1385 3156 ·
1414 3126 1528 3180 ἀλλ’
1556 3126 1738 3177 ἐκεῖνα
1762 3121 1920 3189 μόνον

347 3207 596 3294 αἰτήσας,
630 3222 774 3291 ἀπε.)
813 3219 937 3289 χθὲς
966 3217 1254 3287 ἠκούσατε,
1295 3214 1395 3265 ὅσα
1424 3209 1558 3284 πρὸς
1587 3207 1682 3277 τὴν
1718 3207 1923 3276 ἐφήμε-

351 3323 440 3376 ρον
468 3305 615 3374 αὐτῴ
647 3303 854 3373 τροφὴν
907 3301 1094 3371 ἀρκεῖν
1126 3297 1376 3366 ἠδύνατο,
1427 3292 1523 3345 καὶ
1573 3289 1668 3358 τὴν
1695 3286 1788 3340 τοῦ
1820 3285 1924 3338 σώ-

352 3407 516 3458 ματος
546 3372 833 3456 περιϐολὴν
858 3383 1180 3451 παρασχεῖν,
1211 3379 1568 3447 ὑπισχνεῖται,
1601 3375 1648 3424 εἰ
1688 3373 1785 3441 τὴν
1827 3372 1924 3421 ἐπ-

353 3452 536 3524 άνοδον
581 3452 728 3538 αὐτῷ
767 3452 864 3536 τὴν
902 3467 981 3527 εἰς
1023 3463 1092 3516 τά
1133 3463 1306 3516 οίκεῖα
1339 3459 1638 3538 χαρίσαιτρ,
1675 3452 1921 3521 καθάπερ

350 3555 633 3622 ὑπέσχετο,
675 3552 890 3604 πάντων
913 3547 1060 3616 αὐτῷ
1088 3547 1319 3607 δεκάτας
1344 3543 1556 3606 δώσειν,
1577 3533 1649 3591 ὧν
1680 3538 1745 3591 ἂν
1771 3535 1922 3588 λάϐοι

348 3639 476 3706 παρ’
507 3621 671 3690 αὑτοῦ
694 3653 706 3665 ·
737 3634 826 3686 διὰ
870 3632 1088 3685 πάντων
1112 3630 1326 3690 δεικνὺς
1355 3625 1516 3679 αὐτοῦ
1548 3625 1607 3676 τὸ
1659 3621 1922 3691 φιλόθεον,

349 3703 444 3772 καί
466 3721 627 3772 αὐτὸν
650 3717 1089 3788 ἐπιγραφόμενος
1118 3713 1223 3765 τῶν
1253 3711 1504 3764 ἁπάντων
1543 3706 1794 3777 χορηγὸν,
1830 3703 1926 3756 καὶ

349 3803 612 3856 διδάσκων
652 3803 799 3871 ἡμᾶς
857 3800 1002 3870 μόνῳ
1049 3795 1196 3864 αὐτῷ
1240 3797 1454 3847 πάντων
1504 3791 1700 3843 εἰδέναι
1742 3789 1922 3858 χάριν.

355 3885 509 3956 ᾟδει
539 3885 646 3954 γάρ
674 3885 702 3935 ό
730 3883 938 3945 δίκαιος
956 3920 969 3943 ,
1000 3880 1154 3942 εἰδὼς
1191 3878 1292 3946 τῆς
1322 3879 1528 3944 ἀφάτου
1555 3871 1716 3925 αὑτοῦ
1741 3871 1926 3956 φιλαν-

354 3949 738 4037 θρωπίαςτὴν
771 3963 1100 4035 ὑπερϐολὴν,
1131 3963 1225 4015 καὶ
1257 3959 1452 4013 ἐννοῶν
1480 3957 1637 4010 τοῦτο
1654 3956 1714 4020 ἐξ
1749 3949 1928 4037 ὧνᾼείς

353 4035 444 4102 τὸν
474 4049 637 4102 αὐτοῦ
663 4035 878 4119 πατέρα
902 4046 1234 4111 ἐπεδείξατο,
1254 4044 1334 4095 ὅτι
1365 4042 1459 4093 καὶ
1487 4039 1649 4092 αὐτὸν
1679 4040 1736 4090 ὲν
1760 4035 1924 4107 πολλῇ

355 4136 686 4205 καταστήσει
710 4135 777 4203 τῇ
808 4130 1094 4201 περιουσίᾳ
1116 4145 1130 4159 ·
1164 4129 1256 4181 καὶ
1284 4126 1488 4179 τούτων
1524 4125 1622 4194 μὲν
1647 4123 1810 4186 αὐτὸς
1835 4122 1926 4174 οὐ-

355 4223 442 4274 δὲν
472 4204 612 4272 αίτεῖ
643 4217 792 4288 παρά
836 4215 929 4269 τοῦ
983 4213 1284 4274 Δεσπότου,
1342 4209 1465 4261 οὐδέ
1511 4207 1758 4288 ἀνέχεται
1800 4204 1928 4274 περ)⁸

357 4303 560 4356 τούτων
596 4284 804 4355 ἱκεσίαν
834 4297 1232 4367 προσαγαγεῖν,
1263 4291 1401 4346 ἀλλά
1447 4290 1512 4342 δι’
1544 4284 1619 4343 ὧν
1663 4288 1928 4357 ὑπέσχετο

357 4387 455 4450 τὰς
484 4386 712 4446 δεκάτας
731 4382 944 4443 δώσειν,
968 4378 1168 4442 ἔδειξεν
1191 4379 1338 4438 ὅπως
1364 4376 1421 4427 ἐν
1443 4373 1614 4426 ᾶπασι
1643 4371 1833 4440 θαρρεῖ
1857 4371 1924 4439 τῇ

358 4471 450 4523 τοῦ
481 4469 850 4537 ὑποσχομένου
871 4464 1120 4532 δυνάμει.
1153 4459 1252 4512 Διά
1270 4459 1382 4527 γὰρ
1423 4454 1582 4537 τοῦτο
1609 4453 1704 4506 καὶ
1743 4451 1924 4537 αὐτὸς,

360 4554 521 4620 ἡνίκα
747 4547 1050 4612 διελέγετο,
1099 4543 1282 4608 ἔλεγεν
1314 4556 1328 4568 °
1374 4536 1514 4606 Ἐγώ
1547 4539 1676 4620 εἰμι
1708 4538 1741 4587 ό
1786 4533 1928 4620 Q805-

374 4616 649 4700 ’Ἀϐραὰμ
680 4616 780 4682 καὶ
816 4627 1014 4681 Ἰσαὰκ
1042 4623 1148 4677 τοῦ
1174 4622 1396 4689 πατρός
1432 4636 1546 4672 σου
1569 4635 1583 4648 ο
1609 4617 1694 4686 μὴ
1719 4616 1924 4700 φοϐοῦ.

375 4698 689 4785 Ἐννόησον,
725 4711 909 4780 φησὶν,
952 4709 1032 4760 ὅτι
1079 4707 1173 4759 καὶ
1216 4706 1244 4756 ὁ
1280 4701 1642 4785 πατριάρχης,
1681 4698 1930 4785 καθάπερ

366 4799 514 4863 ξένος
542 4780 634 4850 καὶ
654 4795 930 4863 ἄγνωστος
953 4792 1030 4852 εἰς
1049 4790 1146 4860 τὴν
1169 4787 1274 4857 γῆν
1298 4784 1500 4852 ταύτην
1523 4780 1928 4852 παραγεγονὼς,

363 4883 442 4943 εἰς
463 4877 731 4946 τοσαύτην
751 4871 883 4947 ἦλθε
912 4871 1296 4944 περιφάνειαν,
1330 4867 1404 4930 ὡς
1435 4867 1492 4918 ἐν
1526 4867 1637 4925 τοῖς
1681 4863 1931 4915 ἁπάντων

366 4957 505 5014 εἶναι
529 4943 786 5030 στόμασι.-
810 4956 919 5010 Καὶ
942 4943 1034 5008 τδν
1059 4953 1270 5024 πατέρα
1294 4951 1349 5003 δὲ
1372 4951 1462 5002 τὸν
1492 4947 1581 5000 σὺν
1599 4943 1834 5030 λογίζου,
1851 4945 1932 5030 ὃτι

365 5047 424 5097 ἐν
451 5027 665 5113 ἐσχάτω
697 5042 844 5111 γήρᾳ
866 5037 944 5109 τῷ
965 5038 1131 5107 πατρὶ
1155 5033 1380 5104 τεχθεὶς,
1412 5030 1584 5092 οὑτως
1603 5027 1834 5113 ηὐξήθη,
1858 5028 1933 5113 ῶς

370 5107 657 5195 ἐπίφθονον
687 5107 936 5192 γενέσθαι
955 5122 1066 5182 τοῖς
1099 5117 1382 5188 ἐγχωρίοις
1401 5115 1588 5167 αὐτόν.
1620 5111 1804 5195 Ταῦτα
1840 5107 1932 5164 οὖν

368 5209 461 5262 καὶ
480 5194 652 5270 αὐτὸς
673 5203 1008 5276 προσδοκῶν,
1036 5202 1211 5254 πάντα
1237 5198 1399 5267 φόϐον
1423 5196 1515 5250 καὶ
1543 5194 1780 5262 ἀγωνίαν
1802 5195 1936 5246 ἀποο

371 5291 710 5358 σεισάμενος,
743 5287 867 5357 ἔχου
909 5285 1009 5354 τῆς
1061 5281 1386 5351 ἀποδημίας.
1445 5276 1630 5331 Ταῦτα
1662 5279 1690 5330 ὁ
1733 5277 1939 5358 δίκαιος

367 5357 743 5440 λογισάμενος,
781 5369 876 5422 καὶ
904 5368 964 5419 οὐ
1000 5365 1135 5438 πρὸς
1169 5363 1265 5434 τὴν
1289 5365 1345 5414 ἐν
1381 5359 1456 5430 τῷ
1501 5360 1729 5430 παρόντι
1767 5357 1934 5411 κατά-

432 5523 461 5552 ⁸
485 5523 582 5572 Alii
602 5523 736 5580 δόξης
759 5522 1092 5584 ὑπερορῶντες.

434 5585 457 5624 ι
487 5571 623 5642 ιιέε,
648 5571 1085 5644 ότὶ’γάρ,ἰιὲ(1όὶοίι
1120 5582 1388 5644 interpres,
1421 5571 1850 5644 _h_ahe_nl’qu‘e_LXX
1889 5577 1944 5621 et

279 5643 290 5650 ’
373 5645 493 5694 infra
518 5635 622 5706 ipsé
641 5635 1040 5706 Chrisbs'tomus;
1071 5643 1148 5690 hic
1165 5635 1313 5690 elia’m
1342 5639 1435 5688 loci
1461 5635 1768 5699 Iegit(loisl.,
1791 5649 1818 5684 a
1843 5646 1942 5695 quo

763 5705 774 5719 Ἰ

373 5708 714 5755 muluavimus.
735 5708 873 5754 Εοιτ.

620 5813 892 5872 ΡΑΤιιοι..
933 5808 1050 5869 Gn.
1094 5807 1246 5872 LIV.

1327 307 1390 361 IN
1429 305 1584 360 CAP.
1620 299 1792 357 XXIX
1832 295 2077 353 GENES.
2121 294 2351 350 llOMiL.
2397 295 2501 348 LV.

3484 285 3588 341 480

2009 431 2196 467 στασιν
2225 413 2430 466 ἀπιδὼν
2470 411 2640 480 (οὐδὲν
2668 412 2774 482 γὰρ
2803 412 2936 472 ὅλως
2977 409 3274 478 ἐπεφέρετο
3295 423 3306 434 ·
3340 403 3454 466 πῶς
3476 405 3585 472 γὰρ

2009 498 2166 567 μόνος
2199 496 2274 550 ὢν
2309 497 2402 550 καὶ
2452 496 2746 567 ὁδοιπορεῖν
2780 492 3216 562 ἀναγκαζόμενος
3237 489 3305 557 ;),
3338 485 3451 539 ἀλλ’
3481 485 3582 554 ήδη

2005 583 2117 642 τοῖς
2143 579 2245 648 τῆς
2281 579 2512 641 πίστεως
2561 577 2860 646 ὀφθαλμοῖς
2888 577 2985 645 τὴν
3023 576 3140 642 μετ’
3167 575 3226 625 οὐ
3279 569 3413 623 πολὺ
3459 567 3590 637 μέλ-

2005 662 2200 714 λουσαν
2237 659 2384 729 αὑτῷ
2412 659 2632 712 ἔσεσθαι
2654 659 2916 728 εὐπορίαν
2943 657 3215 726 προορῶν,
3249 655 3347 723 τὴν
3379 650 3584 704 οἰκείαν

2007 741 2424 811 εὐγνωμοσύνην
2458 741 2848 800 ἐπιδείκνυται,
2874 740 2968 792 καὶ
2993 741 3218 809 μηδέπω
3269 733 3446 790 λαϐὼν
3477 735 3582 786 ὐπ-

2009 827 2287 893 ισχνείται,
2307 823 2749 890 ἀξιοπιστοτέραν
2774 823 2943 891 αὐτῆς
2973 823 3070 890 τῆς
3095 822 3288 890 πείρας
3312 818 3418 870 τῶν
3448 832 3588 885 πραε-

2009 908 2235 975 γμάτων
2259 902 2396 958 εἷναι
2429 904 2662 967 νομίζων
2689 905 2784 975 τὴν
2813 905 3142 972 ἐπαγγελίαν
3173 903 3265 955 τοῦ
3292 899 3586 953 Δεσπὸτου.

2010 989 2141 1041 Οὑδε
2175 989 2282 1058 γὰρ
2327 988 2467 1043 οὕτω
2502 990 2609 1050 τοῖς
2631 987 2930 1056 ὁρωμένοις
2958 987 3052 1038 καὶ
3086 989 3142 1037 ἐν
3170 989 3328 1056 χερσὶ
3351 999 3588 1053 κρατου-

2014 1072 2192 1141 μένοις
2221 1071 2445 1142 θαρρεῖν
2477 1069 2763 1138 ὀφείλομεν
2789 1107 2802 1130 ,
2851 1069 2926 1130 ὡς
2973 1070 3091 1129 ταῖς
3118 1067 3266 1138 παρὰ
3312 1065 3408 1118 τοῦ
3450 1061 3587 1116 Θεοῦ

2011 1155 2354 1222 ὑποσχέσεσι,
2389 1151 2490 1205 κᾶν
2517 1151 2592 1221 μὴ
2631 1151 2761 1220 παρ’
2791 1151 2952 1202 αὑτὸν
2986 1149 3075 1200 τὸν
3100 1148 3286 1218 καιρὸν
3311 1150 3389 1210 είς
3429 1146 3588 1216 ἔργον

2009 1237 2231 1288 ἐκϐῶσι.
2268 1236 2479 1304 Θάρσος
2500 1235 2679 1286 τοίνυν
2715 1234 2966 1302 μέγιστον
2995 1229 3175 1281 λαϐὼν
3216 1233 3278 1281 ἐκ
3303 1230 3411 1280 τῶν
3438 1227 3590 1296 παρά

2008 1317 2101 1370 τοῦ
2129 1316 2262 1370 Θεοῦ
2294 1317 2428 1386 πρὸς
2450 1317 2611 1368 αὐτὸν
2645 1315 2916 1385 ῥηθέντων
2949 1315 2978 1364 ὁ
3027 1313 3252 1374 δίκαιος,
3283 1313 3459 1380 εἴχετο
3489 1312 3590 1380 τῆς

2009 1400 2336 1470 ἀποδημίας.
2365 1400 2486 1461 Πῶς
2517 1398 2626 1468 γὰρ
2647 1401 2747 1450 οὐκ
2766 1397 2957 1466 ἔμελλε
2977 1395 3196 1466 θαρρεῖν
3227 1394 3485 1456 ἀκούσας,
3507 1395 3590 1446 ὅτι

2012 1482 2161 1554 [552]
2208 1483 2359 1536 Ἰὁοὺ
2385 1481 2499 1550 ἐγὼ
2521 1483 2671 1550 μετὰ
2691 1481 2806 1534 σοῦ
2826 1484 2962 1547 εἰμι,
2988 1477 3405 1547 διαφυλάττων
3421 1495 3494 1531 σε
3521 1479 3593 1530 ἐν

2011 1563 2083 1631 τῇ
2132 1564 2249 1630 ὀδῷ
2285 1565 2476 1633 πείσῃ,
2512 1560 2584 1618 οὖ
2611 1563 2718 1616 ἐὰν
2757 1563 3046 1630 πορεύσῃ,
3081 1560 3176 1612 καὶ
3207 1558 3494 1626 πληθυνῶ
3523 1560 3592 1612 τὸ

2011 1647 2246 1715 σπέρμα
2274 1665 2412 1712 σου,
2439 1631 2536 1699 καὶ
2564 1645 2923 1713 ἀποστρέψει)
2937 1661 3011 1696 σε
3041 1642 3224 1696 πάλιν
3244 1647 3329 1709 εὶς
3347 1644 3460 1711 τὴν
3474 1631 3592 1711 γῆν

2012 1731 2256 1797 ταύτην,
2289 1729 2392 1782 καὶ
2422 1732 2493 1782 οὺ
2522 1728 2604 1796 μή
2639 1742 2712 1780 σε
2757 1727 3154 1795 ἐγκαταλίπω,
3183 1726 3285 1787 ἕως
3315 1720 3375 1777 οῦ
3414 1728 3594 1778 πάντα

2014 1815 2291 1879 εὐδοκήσω
2318 1817 2396 1875 εἰς
2420 1812 2576 1882 ἔργον
2601 1813 2829 1879 ἀγαγεῖν
2848 1809 2916 1861 τὰ
2946 1809 3352 1875 ἐπαγγελθέντα
3376 1824 3390 1872 ;
3429 1807 3594 1869 Ἀλλ’,

2017 1898 2151 1966 ὅπερ
2180 1897 2306 1966 χθὲς
2331 1896 2534 1963 ελεγον,
2572 1895 2740 1948 ἐννόει
2772 1895 2864 1946 καὶ
2882 1893 2975 1945 τοῦ
3003 1891 3138 1944 Θεοῦ
3165 1890 3262 1961 τὴν
3287 1893 3596 1962 εὐμήχανον

2019 1983 2229 2046 σοφίαν,
2266 1979 2359 2031 καὶ
2389 1978 2481 2030 τοῦ
2505 1977 2710 2029 δικαίου
2733 1975 2923 2029 τούτου
2965 1977 3063 2045 τὴν
3089 1973 3288 2044 πολλὴν
3318 1974 3594 2044 ὑπομονὴν

2017 2065 2108 2114 καὶ⁴
2130 2060 2566 2129 εὐγνωμοσύνην.
2602 2058 2755 2111 Μετὰ
2784 2059 2892 2129 γὰρ
2925 2059 3126 2121 ταύτας
3147 2058 3244 2120 τὰς
3276 2056 3595 2126 ὑποσχέσεις

2017 2145 2272 2206 ἀναστὰς,
2302 2144 2560 2214 ὥρμησεν
2585 2144 2675 2194 ἐπὶ
2699 2143 2797 2212 τὴν
2827 2142 3071 2212 Χαρρὰν,
3103 2143 3196 2193 καὶ
3218 2141 3378 2194 πάλιν
3395 2143 3591 2210 ἀλήτου

2016 2230 2111 2281 καὶ
2161 2228 2311 2292 ξένου
2353 2229 2551 2296 τρόπον
2582 2228 2815 2280 ποιεῖται
2872 2227 2965 2296 τὴν
3005 2226 3312 2295 ἀποδημίαν
3335 2267 3349 2288 ,
3384 2227 3476 2278 καὶ
3506 2227 3595 2278 διὰ

2017 2314 2232 2363 πάντων
2272 2309 2532 2362 ἀπολαύει
2561 2309 2659 2377 τῆς
2692 2309 2893 2362 ἀνωθεν
2911 2309 3144 2371 εὐνοίας,
3171 2308 3264 2361 τοῦ
3292 2308 3596 2379 φιλανθρώ-

2017 2410 2118 2444 που
2143 2392 2277 2446 Θεοῦ
2321 2393 2535 2444 ἅπαντα
2577 2391 2726 2460 αὐτῷ
2785 2390 3261 2460 προοδοποιοῦντος
3291 2431 3303 2454 ,
3360 2392 3454 2443 καὶ
3496 2391 3596 2460 τὴν

2015 2475 2220 2529 οἰκείαν
2248 2476 2537 2544 ὑπόσχεσιν
2571 2473 2657 2527 διὰ
2682 2474 2790 2526 τῶν
2817 2474 2994 2544 ἔργων
3029 2475 3494 2545 ἐπιδεικνυμένου.
3536 2475 3597 2526 '0

2016 2557 2125 2628 γὰρ
2151 2556 2340 2618 εἰπὼν,
2369 2559 2450 2610 ὅτι
2482 2556 2642 2611 Μετὰ
2671 2557 2786 2611 σοῦ
2816 2561 2953 2626 εἰμι,
2981 2557 3397 2626 διαφυλάττων
3426 2574 3499 2611 σε
3528 2559 3599 2612 ἐν

2017 2639 2088 2706 τῇ
2117 2639 2254 2704 ὀδῷ,
2282 2636 2352 2694 οὗ
2383 2641 2492 2693 ἐὰν
2513 2641 2804 2708 πορεύσῃ,
2837 2637 2990 2704 οὗτος
3026 2641 3274 2712 ὼδήγησε
3303 2642 3395 2694 καὶ
3422 2643 3597 2711 ἤγαγε

2016 2724 2108 2775 τὸν
2129 2723 2334 2776 δίκαιον
2359 2725 2449 2775 ἐπὶ
2477 2724 2536 2776 τὸ
2565 2724 2741 2794 φρέαρ
2757 2724 2850 2776 τοῦ
2875 2724 3083 2786 ὓδατος,
3100 2725 3230 2779 ἔνθα
3258 2726 3504 2789 ἐπότιζω
3529 2726 3599 2779 τὰ

2019 2807 2241 2875 ποίμνια
2264 2808 2313 2858 οί
2343 2806 2596 2876 ἐγχώριοι
2619 2824 2632 2837 ·
2661 2811 2791 2878 παρ’
2818 2803 2892 2860 ὦν
2926 2808 3228 2878 πυθόμενος
3255 2810 3324 2862 τὰ
3347 2810 3475 2880 περὶ
3502 2803 3600 2862 τοῦ

2019 2890 2200 2944 Λάὁαν
2231 2889 2323 2942 τοῦ
2356 2889 2585 2957 ἀδελφοῦ
2607 2891 2705 2961 τῆς
2741 2892 2944 2962 μητρὸς
2976 2891 3160 2950 αὑτοῦ,
3195 2893 3289 2944 καὶ
3315 2893 3502 2963 μαθὼν
3532 2895 3599 2947 τὰ

2021 2977 2138 3026 κατ’
2166 2973 2327 3026 αὐτὸν
2355 2974 2601 3036 ἅπαντα,
2654 2971 2770 3026 εἶτα
2804 2977 2898 3026 καὶ
2936 2975 3034 3045 τὴν
3089 2975 3277 3027 τούτου
3327 2975 3600 3045 θυγατέρα

2021 3058 2114 3108 καὶ
2145 3057 2212 3108 τά
2237 3056 2462 3124 ποίμνια
2490 3055 2844 3125 θεασάμενος,
2872 3056 3010 3126 ὁρῶν
3054 3073 3109 3109 τε
3136 3059 3263 3120 τοὺς
3304 3059 3599 3130 ἐγχωρίους

2021 3141 2082 3192 οὐ
2108 3139 2438 3207 δυναμένους
2471 3140 2657 3200 αὐτοῖς
2700 3140 2931 3210 ἀρκέσαι
2983 3141 3119 3211 πρὸς
3147 3141 3207 3194 τὸ
3243 3143 3599 3211 μετακινῆσαι

2021 3225 2111 3275 τὸν
2135 3222 2279 3274 λίθον
2307 3221 2403 3274 τοῦ
2432 3221 2688 3293 φρέατος,
2720 3225 2815 3276 καὶ
2850 3224 3065 3276 ποτίσαι
3090 3225 3157 3278 τὰ
3195 3225 3460 3293 πρόϐατα,
3489 3229 3603 3279 ἐπιο
3631 3241 3634 3245 ‘

2021 3304 2244 3375 δραμὼν
2294 3316 2317 3343 ο
2372 3300 2545 3370 οὗτος,
2579 3306 2713 3375 ὅπερ
2766 3307 2961 3358 ἐκεῖνοι
3001 3307 3221 3377 ποιῆσαι
3258 3309 3357 3360 οὐκ
3398 3308 3598 3378 ἴσχυον,

2022 3389 2184 3450 αὐτὸς
2217 3388 2321 3440 ὑπὸ
2341 3389 2440 3458 τῆς
2471 3387 2674 3442 ἀνωθεν
2703 3389 3018 3458 συμμαχίας
3037 3389 3603 3461 δυναμούμενος,προ-

2023 3472 2216 3541 φθάνει
2237 3475 2358 3535 ταῖς
2391 3472 2734 3541 εὐεργεσίαις
2755 3472 2844 3524 τὸν
2871 3471 3078 3535 Λὰὁαν,
3111 3474 3203 3525 καὶ
3235 3475 3603 3544 μετακινήσας

2023 3555 2113 3606 τὸν
2134 3554 2278 3607 λίθον
2305 3553 2512 3617 ποτίζει
2529 3555 2597 3606 τά
2628 3555 2895 3624 πρόϐατα,
2936 3555 3074 3624 άπερ
3101 3555 3340 3626 ένεμενή
3373 3557 3599 3627 Ῥαχήλ.

2024 3634 2160 3694 Εἶτα
2203 3639 2588 3706 ἀσπασάμενος
2621 3637 2718 3705 τὴν
2765 3637 2956 3707 κόρην,
2994 3640 3084 3690 καὶ
3129 3640 3402 3709 γνωρίσας
3439 3641 3520 3702 τίς
3541 3657 3601 3693 τε

2026 3721 2132 3790 εἴη,
2152 3722 2246 3772 καὶ
2272 3720 2434 3771 πόθεν
2463 3720 2863 3788 παραγέγονεν,
2895 3719 3086 3787 ἔμενεν
3105 3721 3189 3786 ἐφ’
3221 3721 3438 3774 ἑαυτοῦ.
3458 3721 3603 3773 Ἀλλ’

2027 3802 2216 3871 ἐπειδὴ
2248 3801 2379 3863 Θεὸς
2418 3797 2487 3871 ἣν
2537 3803 2565 3852 ό
2599 3802 2814 3852 ἅπαντα
2855 3799 2933 3869 τῷ
2962 3801 3167 3869 δικαίῳ
3216 3801 3602 3872 προοδοποιῶν,

2029 3881 2182 3947 οὗτος
2207 3885 2300 3938 καὶ
2327 3884 2424 3955 τὴν
2448 3883 2616 3953 κόρην
2641 3883 2882 3953 διήγειρε
2912 3881 3050 3952 μετά
3080 3883 3273 3936 πολλοῦ
3295 3882 3390 3936 τοῦ
3407 3885 3606 3954 τάχους

2028 3968 2255 4038 δραμεῖν
2284 3968 2378 4018 καὶ
2406 3965 2722 4033 ἀναγγεῖλαι
2753 3963 2926 4018 ταῦτα
2961 3965 3040 4036 τῷ
3069 3968 3233 4037 πατρὶ
3251 4006 3265 4032 ,
3296 3967 3354 4031 ὃς
3381 3967 3607 4034 ἀδελφὸς

2031 4052 2293 4120 ἐτύγχανε
2318 4051 2415 4120 τῆς
2435 4049 2625 4102 τούτου
2645 4049 2869 4119 μητρὸς,
2903 4050 2997 4102 καὶ
3023 4051 3385 4121 διηγήσασθαι
3417 4053 3514 4121 τήν
3539 4067 3600 4103 τε

2030 4134 2350 4204 εὐεργεσίαν
2381 4133 2480 4203 τὴν
2533 4132 2664 4201 παρ’
2699 4132 2862 4185 αὐτοῦ
2905 4133 3205 4204 γενομένην
3237 4133 3316 4196 εἷς
3340 4151 3400 4186 τε
3438 4134 3607 4205 αὐτὴν

2029 4217 2122 4271 καὶ
2149 4216 2219 4268 τὰ
2249 4215 2498 4286 ποίμνια,
2532 4216 2626 4267 καὶ
2658 4215 2741 4267 ὅτι
2767 4216 2826 4267 οὐ
2854 4213 3001 4279 ξένος
3026 4217 3109 4279 τίς
3125 4218 3272 4269 ἐστιν
3291 4216 3410 4270 οὐδὲ
3432 4218 3608 4285 ἄγνω-

2031 4317 2174 4362 στος,
2213 4298 2350 4351 ἀλλά
2378 4297 2480 4367 τῆς
2510 4297 2747 4366 ἀδελφῆς
2784 4298 2920 4360 υἱός.

2100 4381 2297 4435 Σκόπει
2330 4398 2438 4452 μοι,
2470 4381 2737 4448 ὰγαπητὲ,
2771 4380 2868 4449 τῆς
2893 4380 3040 4444 θείας
3072 4382 3296 4453 Γραφῆς
3325 4383 3423 4453 τὴν
3450 4383 3610 4453 ἀκρί-

2031 4465 2216 4528 ϐειαν,
2263 4465 2412 4526 ὅπως
2452 4465 2586 4532 ἡμῖν
2631 4466 2844 4517 ἅπαντα
2902 4464 3088 4532 σαφῶς
3134 4466 3434 4537 διηγεῖται,
3482 4485 3611 4520 παι-

2031 4547 2257 4600 δεύουσα
2289 4547 2436 4614 ἡμᾶς
2470 4543 2579 4597 τῶν
2609 4544 2851 4597 παλαιῶν
2887 4547 3013 4608 τοὺς
3051 4547 3309 4616 τρόπους,
3342 4549 3435 4601 καὶ
3478 4551 3610 4618 ὅσην

2033 4629 2406 4682 ἐπεδείκνυντο
2456 4627 2556 4697 τὴν
2610 4626 2916 4697 προθυμίαν
2956 4627 3084 4696 περὶ
3129 4627 3227 4698 τὴν
3284 4629 3606 4697 φιλοξενίαν,

2036 4713 2154 4765 Ἵνα
2171 4713 2276 4780 γάρ
2290 4709 2438 4782 δείξῃ
2461 4709 2556 4762 καὶ
2572 4709 2670 4778 τῆς
2690 4710 2858 4778 κόρης
2884 4708 2943 4760 τὸ
2973 4708 3270 4778 πρόθυμον,
3297 4712 3395 4780 οὐχ
3425 4713 3608 4775 ἁπλῶς

2035 4790 2207 4855 εἶπεν,
2249 4795 2330 4846 ὅτι
2376 4791 2629 4862 Ἀπῆλθε,
2664 4792 2759 4844 καὶ
2795 4792 3098 4860 ἀπήγγειλε
3137 4795 3205 4846 τά
3247 4796 3609 4866 γεγενημένα,

2034 4877 2172 4930 ἀλλὰ
2199 4875 2537 4945 Δραμοῦσα,
2568 4874 2688 4926 ἀντί¹
2721 4872 2836 4939 τοῦ,
2865 4875 3003 4943 μετά
3030 4874 3227 4945 πολλῆς
3253 4876 3353 4945 τῆς
3387 4895 3614 4949 περιχα-

2039 4961 2208 5034 ρείας.
2258 4955 2390 5011 Ε’ίτα
2435 4958 2530 5010 καὶ
2574 4957 2701 5029 περὶ
2747 4957 2842 5010 τοῦ
2888 4957 3093 5022 Λάϐαν,
3135 4959 3193 5022 ὃς
3225 4963 3406 5032 πατὴρ
3443 4964 3613 5034 αὐτῆς

2038 5044 2322 5114 ἐτύγχανε,
2360 5042 2544 5111 φησιν,
2581 5042 2663 5094 ὅτι
2709 5042 2881 5095 ταῦτα
2924 5042 3162 5106 ἀκούσας
3197 5044 3349 5112 παρά
3389 5046 3488 5115 τῆς
3525 5050 3612 5101 κά.

2043 5145 2161 5197 ρης,
2197 5127 2396 5196 έδραμε
2444 5123 2538 5176 καὶ
2581 5125 2741 5187 αὐτὸς
2783 5127 2862 5187 είς
2904 5125 3222 5198 συνάντησιν
3257 5129 3351 5182 τοῦ
3397 5130 3613 5191 Ἰακὼϐ,

2039 5212 2132 5260 καὶ
2181 5206 2564 5278 ἀσπασάμενος
2625 5207 2785 5260 αὐτὸν
2842 5209 3132 5278 εισήγαγεν
3184 5212 3264 5274 εἰς
3320 5211 3413 5264 τὸν
3469 5209 3613 5264 οἷκον

2040 5289 2226 5344 αὐτοῦ.

2115 5376 2178 5446 β’.
2209 5374 2318 5427 Καὶ
2361 5373 2546 5444 μαθὼν
2587 5375 2616 5426 ὁ
2654 5373 2842 5428 Δάϐαν
2887 5375 3101 5430 ἅπαντα
3144 5377 3272 5445 παρ’
3304 5375 3468 5427 αὐτοῦ
3499 5378 3613 5445 μετ’

2042 5458 2345 5531 ἀκριϐείας,
2377 5454 2545 5523 Εἴπε,
2570 5459 2752 5528 φησὶν,
2774 5459 2954 5524 αὐτῷ’
2992 5461 3093 5512 Ἐκ
3113 5457 3230 5512 τῶν
3251 5458 3475 5513 ὀστέων
3503 5477 3612 5530 μου

2044 5543 2145 5599 καὶ
2165 5545 2233 5596 ἐκ
2253 5543 2371 5596 τῶν
2395 5541 2637 5610 σαρκῶν
2670 5560 2789 5612 μου
2819 5540 2878 5598 εἷ
2899 5545 3002 5598 σύ.
3038 5544 3148 5614 Τῆς
3179 5543 3434 5615 ἀδελφῆς,
3462 5545 3612 5614 φησι,

2110 5693 2133 5723 ⁸
2160 5689 2238 5740 Sic
2259 5687 2408 5740 ειη-ἧι.
2435 5693 2483 5737 et
2505 5687 2691 5750 aliquot
2710 5703 2856 5751 mss.;
2884 5689 3054 5740 Morel.
3087 5695 3140 5741 et
3159 5690 3242 5742 alii
3263 5690 3524 5754 ἐκδραμών.

3213 5791 3254 5852 7
