4168 6264
571 331 669 388 ιιι
1158 332 1213 388 S.
1257 329 1542 387 JOAN‘NIS
1599 325 2088 382 CIIIWSOS'I'OMI
2135 324 2448 383 ARCIIIEP.
2489 328 3036 386 CONSTANTINOP.

563 449 662 516 τῆς
689 447 828 516 ἐμῆς
857 444 1138 514 τυγχάνων
1165 445 1296 505 υίὸς,
1322 443 1470 494 οὐδὲν
1495 443 1699 511 ἕτερον,
1739 441 1770 510 ἢ
1817 440 1952 511 σὰρξ
1977 441 2134 510 ἡμῶν

563 528 876 598 τυγχάνεις,
910 529 1003 578 καὶ
1023 526 1245 594 ἀδελφὸς
1272 525 1554 594 ἡμέτερος.
1578 525 1687 577 Καὶ
1709 521 1778 595 ἦν
1809 527 1925 595 μετ’
1947 522 2132 584 αὐτοῦ,

565 615 720 680 φησὶ,
760 611 904 681 μῆνα
954 608 1194 679 ἡμερῶν.
1227 607 1424 660 Λοιπὸν
1447 608 1524 670 ὡς
1565 610 1624 660 ἐν
1655 609 1800 678 οἰκίᾳ
1835 607 1960 678 ἰδία,
1993 605 2136 658 οὕτω

563 695 748 763 διῆγεν
773 693 1040 754 ὁδίκαιος,
1067 693 1124 744 ὲν
1154 690 1307 759 ἀδείᾳ
1327 691 1608 759 τυγχάνων
1636 692 1730 742 καὶ
1758 690 1936 758 πάσης
1959 687 2134 756 ἀπηλ-

564 776 832 846 λαγμένος
855 773 1154 842 φροντίδος.
1200 773 1337 824 Ἀλλ’
1359 771 1544 842 ἐπειδὴ
1569 772 1700 834 Θεὸς
1724 767 1792 841 ἦν
1810 772 1839 823 6
1863 771 1934 823 τὰ
1957 769 2135 822 πάντα

563 858 700 928 πρὸς
721 856 782 908 τὸ
810 855 1085 924 συμφέρον
1105 854 1401 923 οίκονομῶν
1427 852 1504 922 τῷ
1527 853 1719 923 δικαίῳ
1746 852 1939 922 τούτῳ,
1963 852 2057 903 καὶ
2077 853 2156 904 ὲν·

561 941 762 992 ἅπασιν
777 937 924 1006 αὐτῷ
945 937 1041 1007 τὴν
1061 937 1190 1006 παρ’
1209 935 1402 988 ἑαυτοῦ
1431 936 1720 1005 συνεργίαν
1754 933 2130 1005 χαριζόμενος,

559 1017 710 1083 οὗτος
744 1019 835 1072 καὶ
881 1017 975 1070 τοῦ
1009 1018 1190 1071 Λάϐαν
1218 1018 1316 1086 τὴν
1377 1016 1685 1088 προθυμίαν
1731 1018 1994 1087 διήγειρε,
2039 1015 2133 1068 καὶ

557 1104 698 1173 ἐρῶν
731 1101 822 1154 τοῦ
853 1099 1047 1170 ἀνδρὸς
1081 1101 1180 1168 τὴν
1219 1099 1536 1159 ἐπιείκειαν,
1565 1100 1718 1168 ,φησὶ
1757 1099 1893 1167 πρὸς
1931 1099 2094 1150 αὐτόν
2115 1115 2128 1127 ·

558 1185 708 1257 [555]
739 1186 865 1236 ’Ὅτι
903 1184 1014 1251 γὰρ
1037 1181 1298 1249 ἁδελφός
1317 1199 1432 1244 μου
1464 1179 1522 1234 εἴ
1546 1183 1647 1244 σὺ,
1680 1184 1751 1235 οὐ
1777 1182 2132 1246 δουλεύσεις

552 1287 650 1338 μοι
686 1265 946 1334 δωρεάν·
991 1265 1358 1332 ἀπάγγειλόν
1395 1281 1496 1332 μοι
1520 1305 1536 1328 ,
1581 1267 1674 1329 τίς
1710 1269 1742 1317 ό
1775 1266 1989 1332 μισθός
2015 1279 2130 1317 σου

554 1352 746 1404 ἐστίν.
787 1349 924 1419 Ὅρα
965 1347 1080 1408 πῶς
1111 1347 1207 1416 μὲν
1251 1347 1410 1408 αὐτὸς
1441 1345 1776 1416 ἐπεζήτησεν
1819 1347 1988 1408 οὐδὲν,
2019 1346 2046 1397 ό
2073 1345 2130 1397 δὲ

557 1433 743 1486 Λάὸαν
774 1430 932 1500 μόνον
957 1429 1049 1496 ἀφ’
1083 1429 1279 1480 ἑαυτοῦ
1307 1428 1464 1480 τοῦτο
1489 1429 1776 1498 προτίθησι
1809 1429 1886 1498 τῷ
1913 1428 2128 1493 δικαίῳ.

557 1515 666 1566 Καὶ
697 1514 886 1566 σκόπει
922 1527 1010 1580 μοι
1043 1509 1180 1572 πῶς,
1216 1509 1432 1562 ἐπειδὰν
1463 1511 1567 1562 ὑπὸ
1597 1510 1696 1580 τῆς
1717 1509 1920 1563 ἀνωθεν
1951 1510 2130 1580 χειρός

555 1615 637 1658 τις
677 1594 960 1664 βοηθῆται,
1004 1594 1180 1645 πάντα
1227 1591 1374 1661 αὐτῷ
1405 1591 1544 1644 κατά
1583 1591 1709 1661 ῥοῦν
1743 1591 2010 1662 πρόεισιν.
2047 1593 2128 1644 Οὐ

555 1678 908 1740 δουλεύσεις
934 1691 1055 1742 μοι,
1097 1674 1248 1742 φησὶ,
1295 1673 1552 1739 δωρεάν·
1602 1672 1969 1742 ἀπάγγειλόν
2005 1690 2126 1742 μοι,

555 1761 647 1825 τίς
689 1763 719 1812 ό
745 1760 960 1827 μισθός
993 1771 1108 1808 σου
1157 1756 1308 1808 ἐστί.
1351 1753 1536 1806 Καίτοι
1571 1756 1868 1825 ἀγαπητῶς
1908 1752 2051 1826 εἶχεν
2100 1757 2130 1808 6

557 1843 823 1914 μακάριος
847 1837 1018 1901 οὗτος,
1051 1837 1144 1890 καὶ
1177 1837 1236 1889 τὸ
1266 1836 1452 1898 ἁπλῶς
1483 1838 1581 1906 τῆς
1609 1839 1889 1908 ἐφημέρου
1915 1837 2128 1907 τροφῆς

551 1924 865 1985 ἀπολαύειν,
895 1922 985 1973 καὶ
1021 1918 1216 1989 πολλὴν
1242 1919 1334 1971 καὶ
1363 1919 1502 1990 ὑπὲρ
1529 1918 1718 1972 τούτου
1745 1919 1937 1990 ἢθελεν
1981 1917 2128 1987 αὐτῷ

551 2007 708 2078 χάριν
741 2005 882 2074 ἔχειν
902 2018 914 2030 ·
949 2001 1061 2055 ἀλλ’
1088 2000 1274 2070 ἐπειδὴ
1300 2001 1462 2062 αὐτὸς
1491 1999 1688 2070 πολλὴν
1709 2002 1806 2070 τὴν
1829 2000 2128 2052 ἐπιείκειαν

551 2089 880 2153 ἐπεδείξατο,
911 2085 1197 2156 προλαϐὼν
1227 2087 1254 2136 6
1282 2083 1466 2136 Λάΰαν
1493 2082 1683 2151 μισθὸν
1712 2083 1861 2153 αὐτῷ
1889 2083 2126 2135 τελέσειν

551 2174 913 2242 ὑπισχνεῖται,
945 2169 1004 2222 ὃν
1046 2169 1111 2221 ἂν
1141 2167 1304 2229 αὐτὸς
1333 2167 1530 2236 προϐῇ.
1573 2166 1637 2218 Τί
1671 2163 1762 2219 οὖν
1813 2169 1840 2219 6
1883 2167 2124 2232 δίκαιος;

550 2255 694 2325 Ὅρα
715 2271 804 2324 μοι
833 2253 926 2305 καὶ
959 2249 1192 2304 ἐνταῦθα
1217 2248 1317 2316 τῆς
1351 2249 1617 2310 συνέσεως
1639 2247 1802 2300 αὐτοῦ
1825 2248 1924 2318 τὴν
1958 2249 2128 2320 ὑπερ-

550 2337 730 2406 ϐολὴν,
763 2335 855 2388 καὶ
882 2334 998 2396 πῶς
1031 2331 1288 2401 οὐδεμίαν
1323 2329 1436 2399 ἔχει
1471 2331 1600 2399 περὶ
1633 2331 1928 2400 χρημάτων
1953 2330 2130 2382 συλλο-

550 2422 653 2491 γὴν
685 2418 1002 2488 ἐπιθυμίαν,
1034 2417 1154 2468 οὐδὲ
1181 2413 1435 2483 καθάπερ
1477 2411 1746 2481 μισθωτός
1785 2430 1868 2475 τις
1909 2413 2130 2484 ἀκριῧο-

550 2505 789 2570 Αογεῖται
819 2501 954 2570 πρὸς
975 2499 1066 2550 τὸν
1088 2498 1295 2560 Λάὸαν,
1322 2496 1416 2548 καὶ
1440 2495 1626 2564 ἕτερόν
1654 2512 1706 2547 τι
1731 2495 1972 2560 ἀπαιτεῖ,
1993 2496 2130 2550 ἀλλά

553 2584 898 2658 μεμνημένος
920 2581 1018 2650 τῆς
1046 2580 1249 2650 μητρὸς
1281 2579 1373 2631 καὶ
1401 2577 1509 2630 τῶν
1530 2578 1758 2630 ἐντολῶν
1787 2579 1878 2632 τοῦ
1901 2579 2126 2650 πατρὸς,

551 2669 646 2722 καὶ
679 2667 780 2735 τῆς
815 2663 1021 2725 οἰκείας
1053 2660 1406 2730 σωφροσύνης
1435 2660 1648 2722 δεικνὺς
1679 2662 1778 2730 τὴν
1804 2661 2126 2732 ὑπερϐολὴν,

551 2749 686 2820 φησὶ
717 2747 851 2816 πρὸς
874 2745 964 2797 τὸν
993 2744 1178 2798 Λάϐαν
1197 2760 1208 2771 ·
1231 2743 1550 2796 Δουλεύσω
1574 2759 1672 2796 σοι
1697 2743 1847 2798 ἑπτὰ
1869 2744 1970 2811 ἐτη
1997 2744 2129 2812 περὶ

561 2830 790 2900 Ῥαχὴλ
819 2828 928 2896 τῆς
956 2827 1246 2896 θυγατρός
1273 2841 1388 2878 σου
1425 2824 1538 2892 τῆς
1563 2825 1872 2893 νεωτέρας.
1913 2826 2128 2897 Ταύτην

549 2915 657 2986 γὰρ
681 2915 738 2979 ἐξ
762 2913 936 2984 ἀρχῆς
966 2911 1300 2978 θεασάμενος
1325 2909 1416 2960 ἐπὶ
1438 2907 1529 2961 τοῦ
1559 2908 1812 2980 φρέατος,
1844 2911 2126 2980 ἠγάπησα.

553 3001 659 3054 Καὶ
689 2999 792 3068 δρα
825 2993 1243 3063 εὐγνωμοσύνην
1268 2993 1478 3063 ἀνδρός.
1520 2991 1730 3062 Ἑαυτῷ
1757 2995 1850 3044 καὶ
1877 2993 1968 3045 τὸν
1999 2996 2126 3063 χρό-

551 3101 638 3138 νον
665 3081 855 3151 ὁρίζει,
885 3079 979 3135 καὶ
1009 3077 1095 3130 διὰ
1119 3075 1212 3128 τοῦ
1240 3075 1431 3145 χρόνου
1463 3073 1571 3127 τῶν
1599 3075 1736 3127 ἐτῶν
1759 3076 1949 3144 ἱκανὴν
1973 3077 2130 3145 βάσα-

551 3183 636 3218 νον
669 3164 768 3232 τῆς
797 3161 1002 3222 οἰκείας
1035 3157 1389 3228 σωφροσύνης
1427 3157 1672 3227 παρέχει.
1707 3157 1810 3210 Καὶ
1839 3159 1890 3210 τί
1920 3159 2131 3230 θαυμά-

549 3249 684 3313 ζεις,
716 3243 988 3313 ἀγαπητὲ,
1044 3241 1258 3294 ἀκούων
1286 3242 1366 3293 ὅτι
1411 3241 1550 3292 ἑπτὰ
1583 3239 1678 3309 ἐτη
1710 3240 1979 3294 δουλεύειν
2036 3245 2130 3296 ὐπ-

549 3333 740 3402 έσχετο
761 3327 902 3394 ὑπὲρ
939 3326 1036 3396 τῆς
1067 3323 1436 3392 ἀγαπωμένης
1461 3323 1660 3390 κόρης;
1694 3321 1808 3374 Ἵνα
1843 3324 1950 3394 γὰρ
1981 3324 2128 3396 δείξῃ

553 3419 582 3486 ἡ
616 3415 735 3467 θεία
763 3408 975 3481 Γραφὴ.
1011 3409 1156 3468 ὅπως
1198 3408 1225 3458 6
1259 3403 1420 3466 πόθος
1449 3407 1476 3456 6
1505 3403 1671 3466 πολὺς
1705 3406 2003 3475 ὲπετέμετο
2037 3409 2130 3460 καὶ

550 3499 640 3552 τὸν
665 3498 909 3564 κάματον
939 3490 1085 3558 αὐτῴ
1115 3489 1209 3542 καὶ
1253 3487 1346 3540 τοῦ
1391 3487 1582 3556 χρόνου
1631 3487 1692 3538 τὸ
1729 3487 1922 3556 μῆκος,
1957 3491 2128 3560 φησί·

551 3580 660 3634 Καὶ
693 3577 1064 3630 ἐδούλευσεν
1111 3569 1319 3626 Ἰακὼϐ
1373 3569 1504 3638 περὶ
1550 3569 1776 3636 Ῥαχὴλ
1824 3571 1972 3624 ἑπτὰ
2001 3573 2127 3640 ἐτη,

551 3663 648 3716 καὶ
673 3657 837 3730 ἦσαν
855 3655 1132 3709 ἐναντίον
1160 3651 1345 3706 αὐτοῦ
1371 3653 1451 3717 ὡς
1485 3651 1697 3720 ἡμέραι
1732 3653 1946 3722 ὀλίγαι,
1971 3655 2131 3722 nam

550 3746 616 3800 τὸ
650 3739 890 3813 ἀγαπᾷν
913 3737 1099 3792 αὐτὸν
1127 3735 1339 3802 αὐτήν.
1381 3735 1436 3787 Ὀ
1463 3735 1569 3788 τῶν
1597 3734 1754 3801 ἑπτά,
1785 3738 1967 3806 φησὶν,
1993 3738 2130 3792 ἑτῶν

549 3826 781 3900 ἀριθμὸς
834 3822 1011 3890 ὀλίγαι
1066 3818 1268 3890 ἡμέραι
1299 3817 1609 3886 ἐνομίζοντο
1653 3817 1740 3870 διὰ
1769 3818 1866 3889 τὴν
1911 3819 2130 3890 ἀγάπην

549 3910 648 3980 τὴν
683 3904 1126 3977 ὑπερϐάλλουσαν
1167 3903 1263 3972 τὴν
1287 3903 1414 3971 περὶ
1443 3902 1540 3970 τὴν
1583 3901 1768 3972 κόρην.
1811 3903 1976 3953 ’Ὀταν
2023 3905 2132 3973 γὰρ

551 3992 734 4064 τρωθῇ
757 4006 842 4052 τις
871 3988 946 4057 τῷ
976 3986 1124 4056 πόθῳ
1153 3987 1248 4054 τῆς
1281 3987 1520 4053 ἀγάπης,
1553 3985 1705 4036 οὐδὲν
1743 3986 1844 4056 ὁρᾷ
1869 3985 1976 4038 τῶν
2008 3985 2132 4038 δυσ-

552 4075 746 4146 χερῶν,
784 4069 896 4125 arx
933 4069 1076 4137 άπερ
1115 4069 1179 4120 ἂν
1267 4067 1524 4120 κινδύνων
1565 4067 1754 4136 μεστά,
1812 4068 1902 4120 καὶ
1933 4067 2132 4137 πολλῆς

553 4159 746 4226 ἑτέρας
779 4152 1174 4220 ταλαιπωρίας,
1215 4150 1392 4202 πάντα
1423 4148 1636 4214 κούφως
1675 4149 1863 4217 φέρει’
1901 4150 2037 4218 πρὸς
2075 4149 2132 4201 ἓν

552 4241 695 4309 ὁρῶν
731 4237 912 4307 μόνον,
967 4233 1108 4286 ὥστε
1141 4231 1232 4283 τὸν
1261 4233 1454 4282 οἰκεῖον
1493 4229 1886 4300 ἀποπληρῶσαι
1952 4231 2128 4285 πόθον.

639 4319 949 4388 Ἀκούωμεν
981 4317 1030 4368 οἱ
1063 4313 1198 4385 ρᾁυ
1207 4329 1296 4382 μοι
1319 4313 1410 4364 καὶ
1439 4313 1906 4378 ἀναπεπτωκότες,
1930 4315 1978 4366 οί
2007 4315 2132 4368 πολ-

553 4407 652 4478 λὴν
675 4403 802 4474 περὶ
832 4402 923 4453 τὸν
951 4399 1229 4478 Δεσπότην
1261 4395 1653 4466 ἀγνωμοσύνην
1683 4397 2128 4470 ἐπιδεικνύμενοι.

553 4477 619 4544 Et
652 4489 760 4559 γὰρ
787 4489 815 4540 6
847 4485 1054 4546 δίκαιος
1079 4477 1226 4546 οὗτος
1252 4481 1338 4534 διά
1368 4481 1455 4533 τὸν
1477 4481 1573 4550 τῆς
1606 4481 1772 4551 κόρης
1802 4481 1965 4534 πόθον
1995 4484 2134 4538 ἑπτὰ

557 4573 690 4627 ἐτῶν
713 4569 946 4641 ἀριθμὸν
975 4565 1256 4620 δουλεῦσαι
1283 4563 1619 4628 κατεδέξατο,
1653 4563 1746 4614 καὶ
1773 4563 1871 4634 τὴν
1903 4564 2010 4616 ἀπὸ
2037 4565 2134 4632 τῆς

555 4655 879 4726 ποιμενικῆς
905 4649 1279 4719 ταλαιπωρίαν
1315 4647 1622 4716 ὑπομεῖναι,
1665 4646 1756 4697 καὶ
1789 4645 1906 4698 οὐδὲ
1949 4647 2135 4716 αἴσθη-

555 4757 640 4792 σιν
668 4737 972 4809 ἐλάμϐανεν
1001 4734 1060 4786 οὐ
1086 4731 1192 4784 τῶν
1219 4731 1418 4792 πόνων,
1455 4729 1513 4780 οὐ
1543 4726 1635 4779 τοῦ
1668 4729 1872 4798 μήκους
1892 4729 1984 4781 τοῦ
2009 4730 2136 4798 χρό-

553 4839 670 4884 νου,
701 4820 840 4874 ἀλλά
871 4819 1048 4872 πάντα
1079 4813 1225 4883 αὐτῷ
1248 4813 1422 4880 κοῦφα
1450 4810 1542 4863 καὶ
1566 4810 1724 4880 ῥᾴδια
1751 4811 2022 4878 ἐφαίνετο,
2044 4813 2136 4864 καὶ¹

553 4907 620 4974 τῇ
641 4903 934 4972 προσδοκία
957 4903 1053 4968 τῆς
1075 4895 1426 4974 ἀπολαύσεως
1443 4893 1792 4962 τρεφόμενος,
1821 4893 1896 4954 ὡς
1923 4895 2133 4963 ἡμέρας

554 4973 740 5052 ὀλίγας
767 4985 855 5035 τὸν
887 4983 1050 5034 πολὺν
1080 4982 1285 5032 ἐκεῖνον
1313 4973 1450 5029 εἶναι
1485 4975 1670 5045 χρόνον
1695 4975 1943 5042 ἐνόμιζε*
1976 4978 2132 5028 ποίαν

556 5069 716 5139 ⁴ἡμεῖς
751 5065 941 5134 ἕξομεν
971 5063 1260 5128 ἀπολογίαν
1292 5059 1426 5130 μηδὲ
1461 5059 1547 5110 τὸν
1589 5058 1768 5125 ὅμοιον
1808 5059 1972 5112 πόθον
2001 5061 2130 5130 περὶ

555 5151 646 5204 τὸν
681 5149 954 5215 Δεσπότην
975 5146 1064 5198 τὸν
1083 5143 1368 5214 ἡμέτερον,
1397 5141 1485 5194 τὸν
1509 5141 1822 5212 εὐεργέτην,
1853 5141 1942 5194 τὸν
1969 5143 2110 5212 κηδε-

563 5233 720 5302 μόνα,
779 5230 868 5282 τὸν
917 5230 1090 5280 πάντα
1141 5227 1270 5294 ἡμῖν
1317 5223 1597 5292 γινόμενον
1652 5223 2126 5294 ἐπιδεικνύμενοι;

573 5313 709 5367 Ἀλλ’
745 5313 810 5364 ἂν
835 5311 930 5380 μὲν
967 5307 1212 5377 βωτικὸν
1237 5305 1421 5375 κέρδος
1453 5303 1755 5374 πρόκειται,
1783 5307 1957 5359 πάντα
1991 5325 2125 5378 προ-

560 5397 746 5466 Εύμως
771 5393 1056 5462 ὑπομένειν
1085 5388 1404 5461 αἱρούμεθα,
1445 5387 1547 5440 κᾶν
1599 5389 1842 5458 κάματον
1872 5389 1992 5458 ἔχῃ,
2023 5391 2126 5442 κᾶν

560 5479 725 5548 ἀλλην
753 5479 873 5530 τινὰ
923 5473 1308 5544 ταλαιπωρίαν,
1343 5473 1444 5525 κᾶν
1473 5470 1751 5540 αἰσχύνην,
1778 5472 1878 5524 κᾶν
1912 5472 2128 5526 κόλασιν

558 5563 657 5630 τὴν
685 5561 742 5614 ἐν
767 5559 844 5630 τῷ
869 5559 1116 5626 παρόντι,
1157 5555 1253 5626 τὴν
1307 5555 1364 5607 ἐν
1394 5555 1468 5624 τῷ
1501 5553 1744 5622 μέλλοντι
1767 5571 1780 5584 '
1828 5553 1916 5605 διά
1943 5555 1998 5606 δὲ
2031 5555 2128 5624 τὴν

561 5645 834 5714 ἡμετέραν
871 5642 1163 5713 σωτηρίαν,
1205 5639 1298 5692 καὶ
1331 5636 1469 5708 ὑπὲρ
1499 5635 1592 5687 τοῦ
1635 5635 1733 5704 τὴν
1772 5636 1974 5689 ἄνωθεν
2012 5638 2131 5687 ἐπι-

563 5725 873 5782 σπάσασθαι
900 5725 1092 5797 ῥοπὴν,
1110 5723 1296 5795 χαῦνοι
1321 5723 1408 5775 καὶ
1438 5717 1887 5782 ἀναπεπτωκότες
1911 5719 2002 5772 καὶ
2023 5721 2130 5771 δια-

3719 331 3832 386 ιιιε

2245 440 2520 512 λελυμένοι
2543 445 2864 514 φαινόμεθα.
2889 446 2998 498 Καὶ
3027 443 3154 498 ποία
3171 446 3200 514 ἡ
3211 447 3302 514 μίν
3317 443 3466 498 ἔσται
3495 445 3822 518 συγγνώμη,

2243 523 2324 585 τίς
2349 524 2404 575 δὲ
2429 527 2694 594 ἀπολογία
2721 527 2862 580 οὓτω
2891 526 3147 598 ῥᾳθύμως
3173 527 3556 596 διακειμένοις,
3581 530 3676 580 καὶ
3697 529 3824 582 οὐδὲ

2241 603 2366 658 ὅσον
2389 609 2416 659 ὁ
2449 611 2716 679 μακάριος
2747 603 2902 673 οὗτος
2935 613 3064 680 περὶ
3097 610 3264 678 κόρην
3291 610 3382 661 τὸν
3417 607 3581 660 πόθον
3609 610 3824 662 ἐπεδεί-

2245 685 2389 751 ξατο,
2423 692 2689 761 τοσαύτην
2741 693 2962 762 ἀγάπην
2987 694 3118 762 περὶ
3159 693 3250 744 τὸν
3285 691 3416 744 Θεὸν
3447 691 3820 758 ἐπιδείξασθαι

2245 768 2608 840 βουλομένοις,
2637 774 2731 826 καὶ
2761 774 2934 827 ταῦτα
2995 775 3264 836 τοσαύτας
3309 773 3522 844 ἔχοντες
3563 773 3818 843 ἀριθμεῖν

2243 853 2556 922 εὐεργεσίας
2578 857 2658 918 είς
2686 857 2830 926 ἡμᾶς
2871 856 3260 926 γεγενημένας,
3307 857 3402 908 καὶ
3423 855 3542 908 καθ’
3577 856 3818 925 ἑκάστην

2245 931 2392 1006 [554]
2421 937 2632 1008 ἡμέραν
2662 940 2991 1008 γινομένας;
3045 938 3181 990 Ἀλλ’
3218 942 3266 992 εἰ
3311 939 3406 991 καὶ
3436 941 3595 1008 ἡμεῖς
3640 937 3818 1000 οὕτως

2243 1017 2572 1086 ἀγνώμονες,
2613 1020 2727 1072 ἀλλ’
2760 1023 2856 1089 οὐχ
2905 1023 2932 1073 6
2983 1021 3190 1082 Παῦλος
3242 1019 3412 1082 οὔτως
3437 1053 3451 1082 ς
3487 1023 3516 1072 6
3560 1017 3818 1072 τοσοῦτον

2242 1097 2376 1159 ζέων
2399 1101 2478 1169 τῷ
2505 1101 2794 1171 πνεύματι,
2827 1105 2921 1155 καὶ
2948 1103 3338 1172 πεπυρωμένος
3359 1105 3438 1164 είς
3457 1101 3547 1154 τὸν
3577 1103 3704 1171 περὶ
3719 1097 3816 1154 τὸν

2239 1180 2372 1234 Θεὸν
2389 1183 2571 1248 πόθον,
2595 1185 2670 1246 ὡς
2698 1187 2879 1238 ἐκεῖνα
2903 1185 2972 1237 τά
2992 1185 3092 1253 τῆς
3107 1185 3284 1254 ψυχῆς
3309 1183 3473 1236 αὐτοὗ
3497 1181 3622 1246 ἀξια
3643 1183 3832 1251 φθέῖ·

2242 1269 2432 1333 ξασθαι
2468 1273 2688 1341 ῥήματα
2707 1273 2800 1326 καὶ
2825 1274 3146 1342 ἀναϐοῆσαι,
3177 1273 3270 1326 καὶ
3299 1274 3500 1324 εἰπεῖν·
3539 1271 3634 1336 Τίς
3655 1271 3816 1340 ἡμᾶς

2240 1358 2480 1424 χωρίσει
2527 1358 2648 1411 ἀπὸ
2695 1357 2801 1425 τῆς
2837 1359 3074 1427 ἀγάπης
3091 1360 3197 1413 τοῦ
3222 1357 3518 1426 Χριστοῦ;
3547 1359 3688 1427 Ὅρα
3718 1357 3814 1410 λέ-

2239 1441 2374 1507 ξεως
2405 1443 2643 1512 ἔμφασιν
2663 1461 2676 1475 '
2724 1447 2826 1514 ὅρα
2875 1445 3040 1498 πόθου
3069 1445 3392 1516 τυραννικοῦ
3445 1445 3640 1514 μανίαν
3661 1463 3676 1476 ·
3707 1446 3816 1514 ὅρα

2239 1532 2458 1603 ἀγάπην
2481 1535 2900 1604 πεπυρωμένην.
2925 1536 3011 1598 Τίς
3041 1534 3196 1604 ἡμᾶς
3216 1534 3488 1602 χι·›ρίσει;
3513 1535 3600 1596 Τί,
3623 1533 3812 1602 φησὶν,

2239 1619 2403 1680 ἐστὶν,
2439 1619 2468 1671 ὃ
2492 1619 2714 1672 δύναται
2741 1621 2840 1689 τῆς
2871 1621 3091 1688 ἀγάπης
3135 1622 3282 1690 ἡμᾶς
3313 1620 3688 1690 ἀποστερῆσαι
3713 1620 3816 1688 τῆς

2239 1705 2374 1773 πρὸς
2393 1705 2484 1757 τὸν
2514 1705 2645 1758 Θεόν
2665 1723 2679 1768 ;
2701 1706 2754 1758 τί
2779 1705 2888 1758 τῶν
2915 1706 3228 1776 ὁρωμένων,
3267 1705 3322 1757 τί
3355 1705 3464 1758 τῶν
3501 1706 3576 1776 μὴ
3597 1706 3816 1776 ὁρωμὲ-

2241 1809 2346 1844 νων
2367 1809 2381 1855 ;

2308 1876 2375 1946 γ’.
2413 1873 2543 1930 Εἶτα
2584 1877 2902 1948 βουλόμενος
2923 1879 3017 1930 καὶ
3049 1879 3169 1930 κατ’
3200 1873 3338 1940 εἶδος
3365 1878 3576 1932 ἅπαντα
3605 1879 3812 1948 ἀπαρι-

2239 1963 2570 2034 θμήσασθαι,
2597 1966 2688 2017 καὶ
2713 1967 2876 2018 πᾶσιν
2895 1967 3027 2034 ἡμῖν
3051 1964 3350 2034 κατάδηλον
3367 1965 3697 2035 ποιήσασθαι
3719 1967 3814 2018 τὸν

2239 2053 2400 2106 πόθον
2424 2053 2512 2106 τὸν
2533 2052 2856 2114 ἀκάθεκτον,
2877 2053 2936 2104 ὃν
2965 2069 3030 2102 πε
3040 2053 3092 2122 pl
3112 2053 3203 2104 τὸν
3227 2053 3504 2122 Δεσπότην
3527 2053 3814 2122 ἐκέκτητο,

2237 2139 2484 2208 ἐπήγαγε
2518 2139 2688 2206 λέγων
2711 2153 2724 2166 ·
2761 2140 2998 2206 Θλίψις,
3043 2139 3081 2206 ἢ
3113 2140 3500 2206 στενοχωρία,
3529 2140 3567 2206 ἢ
3611 2141 3812 2208 λιμός,

2238 2226 2276 2292 ἢ
2300 2225 2572 2294 διωγμὸς,
2607 2225 2642 2294 ἢ
2677 2227 2996 2295 γυμνότης,
3025 2226 3062 2294 ἢ
3114 2225 3418 2291 κίνδυνος,
3443 2227 3483 2294 ἣ
3514 2226 3814 2294 μάχαιρας

2243 2313 2307 2363 Ὦ
2329 2312 2505 2382 ψυχῆς
2560 2313 2891 2384 μαινομένης
2932 2313 3128 2382 μανίαν
3168 2312 3522 2383 σωφροσύνης
3559 2315 3810 2384 μητέραί

2239 2399 2324 2460 Τί,
2357 2401 2510 2469 φησὶ,
2532 2399 2642 2450 τῶν
2660 2399 3012 2468 ἐπαγομένων
3041 2400 3170 2468 ἡμῖν
3199 2399 3484 2468 δυνήσεται
3513 2401 3658 2470 ἡμᾶς
3678 2403 3816 2452 ἀπο-

2241 2486 2433 2555 στῆσαι
2479 2486 2577 2555 τῆς
2635 2487 2770 2556 πρὸς
2795 2487 2884 2538 τὸν
2941 2486 3074 2538 Θεὸν
3103 2487 3357 2556 ἀγάπηςς
3416 2488 3480 2538 Al
3521 2488 3726 2558 θλίψεις
3753 2491 3814 2542 al

2240 2571 2638 2642 καθημεριναί;
2677 2573 2960 2643 Οὐδαμῶς.
2997 2573 3137 2625 Ἀλλ’
3166 2575 3222 2627 αί
3263 2576 3613 2644 στενοχωρίαν.
3639 2593 3654 2638 ;
3678 2577 3814 2630 Οὐδὲ

2237 2654 2420 2712 αὗται.
2459 2659 2598 2710 Ἀλλ’
2627 2661 2674 2710 οἱ
2700 2659 2957 2729 διωγμοί;
2985 2661 3106 2713 Οὐδ’
3135 2661 3286 2723 ὅλως.
3325 2661 3484 2714 Ἀλλά
3511 2662 3592 2728 τί;
3617 2663 3812 2733 λιμός;

2238 2745 2374 2798 υύδὲ
2406 2745 2581 2799 τοῦτο.
2632 2745 2790 2798 Ἀλλὰ
2827 2747 3094 2812 κίνδυνοι;
3131 2749 3241 2800 Καὶ
3269 2747 3321 2799 τί
3358 2747 3500 2816 λέγω
3533 2749 3689 2818 λιμὸν
3717 2753 3816 2804 καὶ

2238 2835 2552 2904 γυμνότητα
2602 2835 2696 2887 καὶ
2746 2835 3055 2898 κινδύνουςς
3113 2835 3248 2888 ἀλλά
3285 2837 3569 2907 μάχαιρας
3619 2839 3814 2906 Αὐτὸς,

2240 2925 2424 2992 φησὶν,
2455 2926 2482 2976 ὁ
2517 2925 2741 2989 θάνατος
2767 2925 3106 2995 ἐπαγόμενος
3129 2928 3286 2978 τοίτο
3327 2927 3544 2996 ἰσχῦσαι
3573 2929 3632 2980 οὐ
3661 2929 3819 2998 δυνή-

2241 3028 2430 3064 σεται·
2462 3013 2741 3082 ἀμήχανον
2791 3011 2899 3080 γάρ
2951 3011 3042 3064 καὶ
3089 3012 3265 3065 πάντα
3319 3013 3598 3070 ἀδύνατον.
3625 3015 3814 3079 Οὐδεὶς

2238 3097 2323 3149 ἓτε
2334 3113 2423 3168 ρος
2451 3097 2622 3160 οὕτως
2651 3099 2932 3167 ἀγαπῆσαι
2963 3099 3268 3170 κατηξιώθη
3299 3099 3392 3152 τὸν
3413 3102 3709 3173 Δεσπότην,
3737 3102 3816 3166 ὡς

2239 3186 2272 3254 ἠ
2303 3189 2546 3256 μακαρία
2566 3185 2703 3256 αὕτη
2729 3185 2895 3254 ψυχή.
2931 3187 3196 3256 Καθάπερ
3223 3189 3328 3258 γὰρ
3367 3188 3698 3256 ἀπαλλαγεὶς
3719 3189 3812 3242 τοῦ

2243 3273 2511 3342 σώματος,
2537 3274 2629 3326 καὶ
2651 3275 2958 3343 μετάρσιος,
2979 3273 3052 3335 ὡς
3079 3276 3274 3340 εἰπεῖν,
3298 3274 3560 3342 γεγονὼς,
3580 3277 3672 3328 καί¹
3692 3280 3814 3333 οὐδὲ

2241 3361 2333 3412 ἐπὶ
2353 3361 2450 3430 τῆς
2479 3361 2582 3430 γῆς
2613 3359 2844 3429 βαδίζειν
2874 3361 3126 3430 νομίζων,
3155 3361 3324 3424 οὕτως
3345 3363 3560 3416 ἅπαντα
3586 3366 3814 3434 φθέγγε-

2241 3464 2348 3502 ται.
2392 3449 2450 3499 Ὀ
2481 3448 2588 3518 γὰρ
2621 3449 2748 3517 περὶ
2781 3449 2870 3499 τὸν
2893 3449 3024 3502 Θεὸν
3055 3449 3234 3511 πόθος,
3261 3451 3409 3520 καὶὴ
3444 3454 3812 3525 πεπυρωμένη

2241 3535 2426 3604 ἀγάπη
2455 3537 2783 3604 μετέστησεν
2801 3535 2962 3588 αὐτοῦ
2986 3535 3075 3588 τὸν
3095 3537 3348 3606 λογισμὸν
3373 3539 3482 3590 ἀπὸ
3501 3539 3609 3592 τῶν
3631 3539 3815 3614 αἰσθη-

2239 3623 2345 3674 τῶν
2396 3623 2487 3675 ὲπὶ
2519 3622 2585 3675 τά
2634 3624 2819 3692 νοητὰ,
2870 3623 2962 3674 καὶ
2999 3623 3105 3676 ἀπὸ
3157 3624 3265 3676 τῶν
3295 3625 3578 3694 παρόντων
3623 3629 3716 3680 ἐπὶ
3743 3629 3816 3683 τὰ

2245 3711 2523 3782 μέλλοντα,
2549 3712 2644 3764 καὶ
2691 3712 2796 3763 ἀπὸ
2845 3711 2952 3763 τῶν
2977 3711 3319 3781 βλεπομένων
3349 3714 3440 3764 ἐπὶ
3466 3715 3532 3766 τά
3568 3717 3642 3786 μὴ
3675 3716 3814 3786 ὁρώ-

2245 3815 2402 3868 μενα.
2438 3797 2689 3850 Τοιοῦτον
2727 3797 2833 3868 γὰρ
2864 3799 2896 3866 ἡ
2929 3799 3127 3860 πίστις,
3163 3799 3256 3850 καὶ
3299 3800 3332 3869 ἡ
3393 3801 3518 3871 περὶ
3550 3801 3640 3854 τὸν
3681 3804 3814 3858 Θεὸν

2243 3886 2450 3954 ἀγάπη.
2481 3886 2588 3938 Καὶ
2617 3885 2706 3938 ἵνα
2735 3885 2911 3956 μάθῃς
2939 3887 3104 3938 αὐτοῦ
3135 3885 3230 3954 τὴν
3253 3885 3450 3956 πολλὴν
3470 3889 3814 3960 εὐγνωμοσύ-

2241 3991 2358 4044 νην,
2394 3975 2496 4042 όρα
2525 3973 2614 4025 τὸν
2649 3971 2820 4034 οὓτως
2853 3972 3152 4038 ἀγαπῶντα
3181 3973 3268 4026 τὸν
3293 3975 3588 4046 Δεσπότην,
3615 3979 3708 4030 καὶ
3727 3979 3814 4030 ἐκ·

2243 4062 2531 4130 καιόμενον
2563 4061 2640 4123 εἰς
2677 4059 2768 4112 τὸν
2801 4059 2927 4128 περὶ
2977 4059 3137 4112 αὐτὸν
3190 4060 3352 4112 πόθον
3375 4101 3388 4122 ,
3433 4063 3810 4134 ἐλαυνόμενον,

2241 4149 2588 4217 διωκόμενον,
2615 4148 3029 4216 μαστιζόμενον,
3065 4149 3232 4218 μυρία
3279 4150 3424 4203 δεινὰ
3457 4152 3810 4222 ὑπομένοντα,

2243 4237 2337 4289 καὶ
2353 4235 2578 4302 λέγοντα
2597 4251 2611 4264 ’
2643 4235 2744 4288 Ἐν
2763 4234 2968 4298 κόποις
2989 4236 3442 4304 περισσοτέρως,
3467 4239 3538 4291 ἐν
3553 4241 3812 4308 πληγαῖς

2241 4323 2755 4390 ὑπερϐαλλόντως,
2777 4320 2846 4372 ἑν
2869 4320 3144 4385 θανάτοις
3165 4321 3458 4389 πολλάκις
3477 4343 3490 4356 ·
3515 4327 3634 4380 ὑπὸ
3664 4329 3812 4381 ἰου-

2243 4410 2426 4463 δαίων
2441 4407 2722 4472 πεντάκις
2737 4407 3190 4475 τεσσαράκοντα
3215 4411 3372 4478 παρὰ
3387 4413 3536 4479 μίαν
3571 4415 3810 4468 ἔλαϐον·

2243 4497 2371 4564 τρὶς
2401 4495 2801 4562 ἑρῤαϐδίσθην
2819 4511 2833 4524 ·
2860 4495 3021 4557 ἅπαξ
3054 4495 3381 4564 ἐλιθάσθην
3399 4515 3411 4527 ·
3437 4499 3814 4570 νυχθήμερον

2244 4584 2312 4636 ἐν
2339 4582 2419 4647 τῷ
2433 4580 2604 4646 ,βυθῷ
2623 4582 2938 4648 πεποίηκα,
2969 4581 3332 4648 ὁδοιπορίαις
3359 4585 3675 4652 πολλάκις,
3695 4603 3814 4640 κιν-

2245 4671 2446 4734 δύνοις
2474 4667 2770 4737 ποταμῶν,
2801 4669 3106 4733 κινδύνοις
3141 4670 3210 4720 ἐν
3240 4669 3708 4740 ψευδαδέλφοις,
3741 4675 3814 4725 ἐν

2246 4759 2410 4820 κόπῳ
2445 4757 2540 4809 καὶ
2582 4759 2812 4824 μόχθῳ·
2841 4757 2931 4808 καὶ
2958 4755 3192 4808 τοσαῦτα
3243 4758 3466 4826 πάσχων
3513 4759 3694 4830 ἔχαιρε
3719 4761 3811 4814 καὶ

2245 4845 2556 4915 ὴγαλλιᾶτο.
2595 4845 2748 4916 ’ᾘδει
2799 4845 2908 4913 γὰρ
2957 4843 3047 4896 καὶ
3086 4843 3600 4914 ἐπεπληροφόρητο,
3645 4847 3726 4898 ὅτι
3757 4845 3810 4898 οι

2244 4933 2380 5004 πρὸς
2422 4931 2484 4985 τὸ
2531 4933 2700 5000 παρὸν
2753 4931 2901 4982 πόνοι
2928 4929 3034 4982 τῶν
3071 4929 3340 5000 μεγίστων
3366 4931 3514 4998 αὐτῷ
3543 4931 3810 5001 βραδείων

2243 5019 2488 5090 πρόξενοι
2523 5019 2780 5084 γίνονται,
2806 5017 2898 5068 καὶ
2927 5019 2973 5068 οἱ
2997 5016 3224 5068 κίνδυνοι
3258 5017 3550 5084 στεφάνους
3577 5019 3806 5071 ἔτικτον.

2241 5105 2303 5156 Ei
2325 5104 2432 5173 γὰρ
2463 5105 2490 5155 6
2529 5101 2720 5155 Ἰακὼϐ
2752 5102 2837 5154 διὰ
2867 5102 2954 5153 τὸν
2989 5103 3115 5171 περὶ
3144 5102 3244 5172 τὴν
3285 5103 3486 5174 Ῥαχὴλ
3529 5104 3693 5156 πόθον
3734 5105 3811 5166 ὡς

2240 5193 2448 5262 ὴμέρας
2475 5191 2658 5257 ὀλίγας
2697 5189 2804 5241 τῶν
2837 5189 2974 5241 ἑπτὰ
3007 5188 3142 5241 ὲτῶν
3191 5189 3279 5240 τὸν
3309 5189 3539 5259 ἀριθμὸν
3571 5190 3807 5258 ἐνόμιζε,

2241 5277 2416 5348 πολλῷ
2449 5279 2647 5347 μᾶλλον
2675 5279 2702 5328 6
2725 5277 2988 5346 μακάριος
3012 5269 3164 5337 οὗτος
3187 5274 3338 5327 οὐδὲν
3363 5275 3576 5328 ἅπαντα
3608 5277 3810 5346 ἡγεῖτο,

2241 5365 2511 5436 πυρωθεὶς
2543 5361 2687 5427 ἅπαξ
2719 5363 2794 5432 τῷ
2850 5363 2968 5431 περὶ
3009 5363 3100 5416 τὸν
3129 5361 3260 5414 Θεὸν
3285 5361 3454 5434 πόθῳ,
3483 5365 3578 5414 καὶ
3601 5363 3688 5416 διά
3720 5363 3812 5416 τὸν

2241 5452 2600 5522 ἀγαπώμενον
2627 5452 2858 5520 Χριστὸν
2893 5452 3104 5503 ἅπαντα
3151 5449 3451 5519 ὑπομένων.
3487 5451 3812 5504 Σπουδάσω-

2245 5555 2344 5609 μεν
2373 5539 2571 5602 τοίνυν,
2595 5536 2914 5608 παρακαλῶ,
2949 5538 3040 5588 καὶ
3063 5539 3222 5606 ἡμεῖς
3247 5537 3532 5606 ἀγαπῆσαι
3557 5538 3649 5590 τὸν
3673 5537 3816 5606 Χρι-

2244 5626 2386 5681 στόν.
2411 5626 2576 5678 Οὐδὲν
2599 5625 2706 5695 γὰρ
2731 5625 2936 5694 ἕτερον,
2963 5625 3147 5692 φησὶν,
3179 5626 3206 5676 6
3227 5623 3460 5692 Χριστὸς
3489 5623 3644 5693 ζητεῖ
3663 5623 3814 5694 παρά

2245 5713 2360 5778 σοῦ,
2388 5713 2420 5782 ἦ
2451 5713 2511 5766 τὸ
2554 5715 2770 5782 ἀγαπᾷν
2813 5711 2975 5764 αὐτὸν
3011 5710 3162 5782 [555]
3203 5709 3260 5776 ἐξ
3287 5709 3415 5780 ὅλης
3443 5712 3541 5782 τῆς
3563 5710 3814 5782 καρδίας,
