4168 6264
364 267 459 323 681
1390 263 1451 317 lN
1490 260 1648 317 CAP.
1685 259 1875 314 XXIX.
1921 257 2161 314 GENES.
2209 258 2438 316 HOMIL
2482 260 2587 313 LV.

363 383 439 438 sis
464 384 634 443 filius,
669 383 798 437 nihil
840 382 980 437 aliud
1028 396 1185 451 quam
1218 394 1341 434 caro
1384 388 1562 432 nostra
1590 390 1647 432 es
1687 386 1741 430 et
1780 374 1941 429 frater

362 485 566 529 noster.
598 472 663 526 Et
700 484 805 527 erat
844 490 958 525 cum
984 488 1075 537 eo,
1121 470 1317 540 inquit,
1365 469 1433 521 ad
1471 483 1687 521 mensem
1727 466 1941 519 dierum.

364 566 493 620 Dein
533 566 684 633 quasi
728 566 782 618 in
811 564 971 619 domo
998 564 1209 634 propria
1239 561 1379 631 apud
1419 574 1541 614 eum
1583 557 1851 627 impavide
1890 565 1947 611 et

362 659 430 714 ab
457 659 603 714 omni
631 672 759 711 cura
788 657 924 711 liber
961 656 1166 724 agebat.
1213 654 1474 708 Caeterum
1515 649 1765 721 quoniam
1807 648 1945 702 Deus

348 758 501 814 .erat,
534 731 623 818 qui
648 750 826 803 omnia
853 747 917 801 ad
947 747 1225 800 utilitatem
1254 744 1409 813 hujus
1432 742 1559 811 justi
1578 739 1942 809 dispensabat,

364 852 419 897 et
443 842 496 895 in
523 840 772 896 omnibus
798 840 846 894 ei
874 854 1024 893 suam
1051 837 1321 906 praebebat
1346 834 1800 902 cooperationem,
1832 831 1947 899 ipse

365 932 693 987 alacritatem
722 930 901 985 Laban
932 929 1179 983 excitavit
1215 944 1228 981 :
1266 936 1320 980 et
1350 925 1536 979 videns
1564 923 1660 976 viri
1699 935 1947 976 mansue-

366 1024 602 1078 tudinem
626 1062 641 1087 ,
674 1021 805 1075 dicit
838 1020 887 1074 ei
920 1041 933 1075 :
967 1019 1053 1082 15.
1085 1018 1335 1086 Quoniam
1361 1016 1491 1069 enim
1534 1014 1692 1082 frater
1731 1027 1869 1065 meus
1895 1027 1947 1064 es

367 1129 441 1182 tu,
475 1133 577 1170 non
608 1115 791 1170 servies
819 1113 944 1166 mihi
980 1111 1137 1182 gratis
1165 1125 1184 1163 :
1209 1110 1289 1162 dic
1314 1108 1472 1172 mihi,
1499 1122 1611 1171 qua:
1636 1120 1820 1158 merces
1860 1112 1947 1156 tua

364 1210 448 1263 sit.
482 1208 615 1263 Vide
641 1206 910 1276 quomodo
940 1207 1052 1275 ipse
1082 1204 1294 1274 quidem
1333 1201 1547 1271 petebat
1572 1199 1737 1263 nihil,
1767 1197 1945 1251 Laban

366 1310 546 1357 autem
577 1316 607 1355 a
638 1316 697 1355 se
723 1301 824 1354 hoc
853 1299 1101 1368 proponit
1127 1298 1293 1367 justo.
1322 1296 1388 1350 Et
1422 1294 1668 1356 attende,
1699 1292 1943 1354 obsecro,

366 1392 637 1464 quomodo
666 1392 749 1447 cui
775 1391 951 1447 divina
980 1403 1168 1443 manus
1195 1387 1414 1452 assistit,
1446 1385 1494 1439 ei
1519 1383 1697 1438 omnia
1726 1380 1949 1436 feliciter

367 1483 677 1539 succedant.
724 1481 845 1535 Non
887 1481 1070 1534 seruies
1110 1479 1267 1542 mihi,
1301 1477 1503 1546 inquit,
1548 1474 1703 1544 gratis
1735 1472 1949 1526 :indica

369 1577 494 1630 mihi
517 1591 630 1644 quae
666 1590 852 1629 merces
878 1583 965 1626 tua
991 1581 1076 1626 sit.
1112 1568 1365 1638 Quamvis
1389 1568 1573 1622 beatus
1611 1566 1702 1620 ille
1745 1578 1949 1634 magna:

369 1667 605 1723 caritatis
645 1667 766 1722 loco
801 1664 1022 1719 haberet
1047 1662 1128 1717 vel
1166 1659 1476 1730 simpliciter
1513 1656 1824 1727 quotidiano
1849 1654 1949 1708 ali-

370 1767 555 1813 mento
596 1757 735 1819 frui,
781 1755 1108 1823 multamque
1148 1766 1246 1821 pro
1287 1765 1354 1806 eo
1388 1749 1611 1819 gratiam
1657 1746 1946 1802 redderet:

369 1863 553 1903 verum
584 1846 705 1917 quia
734 1847 922 1900 miram
953 1844 1334 1898 humanitatem
1361 1855 1470 1910 prae
1497 1854 1555 1894 se
1583 1837 1804 1901 ferebat,
1829 1837 1947 1891 ideo

367 1938 545 1993 Lahan
570 1936 871 1992 mercedem
891 1937 937 1990 ei
964 1936 1262 2005 pollicetur,
1280 1947 1439 2003 quam
1462 1932 1574 2000 ipse
1590 1928 1946 2000 proposuerit.

366 2028 503 2095 Quid
533 2028 691 2098 igitur
709 2026 922 2097 justus?
950 2026 1105 2093 Vide,
1135 2025 1378 2085 obsecro,
1408 2031 1463 2078 et
1489 2021 1573 2075 hic
1602 2019 1948 2075 excellentem

366 2118 484 2186 ejus
510 2117 852 2188 sagacitatem
872 2158 888 2182 ,
920 2124 975 2170 et
1015 2113 1283 2185 quomodo
1311 2111 1510 2166 nullam
1550 2107 1948 2179 congreganda-

369 2224 487 2261 rum
516 2223 676 2277 opum
704 2207 948 2261 habuerit
975 2220 1179 2260 curam.
1204 2204 1319 2258 Non
1348 2204 1489 2258 enim
1517 2204 1655 2257 sicut
1680 2216 1951 2255 mercena-

367 2300 481 2353 rius
511 2298 704 2366 aliquis
745 2311 867 2351 cum
907 2296 1091 2351 [.aban
1135 2294 1423 2359 convenit,
1454 2301 1509 2348 et
1536 2307 1753 2362 operam
1800 2306 1951 2345 suam

369 2386 718 2456 exquisitiore
744 2384 994 2440 mercede
1024 2384 1201 2445 locat,
1249 2391 1303 2437 et
1326 2382 1468 2436 aliud
1495 2381 1622 2451 quid
1655 2381 1787 2450 petit
1816 2398 1827 2432 :
1857 2379 1951 2433 sed

368 2492 579 2532 memor
621 2476 807 2530 matris
843 2485 899 2530 et
937 2482 1322 2544 praeceptorum
1363 2472 1560 2542 patris,
1592 2482 1646 2527 et
1671 2471 1949 2526 miriﬁcam

370 2570 753 2625 continentiam
781 2584 890 2638 prre
917 2583 976 2623 se
1018 2567 1230 2633 ferens,
1258 2566 1385 2620 dicit
1410 2564 1624 2619 Labano
1654 2581 1669 2617 :
1701 2564 1789 2619 l8.
1823 2563 1949 2617 Ser-

324 2708 325 2711 η
372 2664 505 2715 riam
550 2661 638 2714 tibi
676 2670 866 2729 septem
903 2660 1048 2713 annis
1089 2675 1182 2727 pro
1227 2656 1416 2711 Rachel
1455 2658 1565 2725 ﬁlia
1607 2666 1695 2710 tua
1722 2657 1950 2727 juniore.

370 2755 517 2809 llane
541 2754 680 2807 enim
720 2769 842 2808 mox
871 2762 927 2808 ιιι
952 2752 1091 2823 apud
1125 2752 1323 2807 fontem
1350 2751 1491 2820 vidi,
1520 2752 1714 2805 amavi.
1742 2751 1811 2805 Et
1831 2750 1951 2805 vide

369 2845 793 2900 benevolentiam
823 2844 942 2898 viri.
979 2842 1194 2912 Sibiipsi
1227 2852 1282 2897 et
1309 2854 1513 2913 tempus
1537 2843 1872 2914 praescribit,
1898 2852 1952 2896 et

370 2944 518 2990 tanto
541 2944 779 3003 tempore
800 2932 1071 2990 sufﬁciens
1089 2945 1459 3004 argumentum
1480 2950 1589 2990 suae
1611 2933 1951 2989 continentia:

370 3026 593 3093 praebet.
642 3025 708 3078 Et
751 3023 877 3093 quid
930 3024 1246 3089 admiraris,
1300 3025 1525 3091 dilecte,
1567 3024 1788 3079 audiens
1828 3039 1949 3078 eum

369 3126 574 3186 septem
614 3116 769 3170 annis
806 3130 865 3171 se
909 3116 1228 3171 serviturum
1272 3117 1582 3186 promisisse
1624 3131 1721 3187 pro
1758 3116 1951 3170 dilecta

368 3209 585 3277 puella?
616 3207 683 3263 Ut
710 3209 852 3261 enim
888 3207 1139 3263 ostendat
1167 3207 1320 3263 nobis
1346 3207 1616 3277 Scriptura
1637 3247 1652 3272 ,
1683 3206 1952 3276 quomodo

368 3314 520 3354 amor
564 3314 784 3369 magnus
824 3308 880 3353 et
921 3298 1157 3354 laborem
1202 3306 1257 3353 et
1286 3299 1540 3367 temporis
1569 3298 1952 3368 longitudinem

369 3392 629 3456 succidit,
670 3400 727 3445 et
755 3399 812 3444 ut
852 3391 1015 3447 breve
1039 3390 1310 3445 videretur
1337 3389 1532 3456 effecit,
1563 3389 1691 3445 dicit
1721 3407 1735 3444 :
1760 3389 1850 3445 20.
1886 3389 1952 3443 Et

369 3484 568 3537 servivit
592 3482 755 3537 Jacob
781 3499 872 3553 pro
897 3482 1091 3537 Rachel
1120 3483 1265 3536 annis
1289 3492 1510 3552 septem,
1540 3491 1589 3534 et
1613 3492 1757 3535 erant
1782 3497 1953 3536 coram

369 3592 427 3629 eo
450 3576 597 3644 quasi
621 3575 726 3629 dies
754 3576 939 3643 pauci,
983 3590 1041 3628 eo
1065 3578 1204 3644 quod
1233 3575 1339 3644 ipse
1377 3576 1520 3628 illam
1562 3575 1808 3645 diligeret.
1851 3574 1950 3629 Se-

371 3676 536 3735 ptem,
563 3667 754 3735 inquit,
779 3666 924 3731 anni,
951 3666 1101 3734 pauci
1126 3664 1241 3719 dies
1262 3664 1577 3719 videbantur
1595 3664 1665 3719 ob
1686 3666 1951 3734 ingentem

369 3774 492 3829 erga
519 3759 748 3828 puellam
794 3772 1050 3812 amorem.
1090 3756 1314 3825 Quando
1355 3756 1498 3810 enim
1527 3756 1645 3825 quis
1687 3757 1955 3809 sauciatur

370 3850 608 3905 caritatis
630 3848 919 3914 desiderio,
944 3848 1077 3902 nihil
1104 3848 1321 3902 difficile
1345 3855 1552 3915 spectat
1579 3865 1590 3899 :
1620 3847 1713 3901 sed
1742 3847 1794 3901 id
1815 3848 1954 3915 quod

371 3940 531 3995 fuerit
554 3940 767 4009 plenum
797 3938 1048 4007 periculis
1075 3947 1131 3993 et
1159 3938 1324 3990 multa
1353 3938 1587 4001 miseria,
1615 3939 1804 3992 leviter
1832 3939 1950 4003 fert,

369 4030 435 4083 ad
461 4030 562 4085 hoc
591 4045 752 4084 unum
782 4029 1099 4097 respiciens,
1143 4031 1410 4097 quomodo
1445 4043 1541 4082 suo
1573 4030 1804 4096 potiatur
1832 4040 1955 4084 voto

370 4131 425 4175 et
450 4122 740 4177 desiderio.

442 4210 659 4265 Moralis
680 4211 927 4281 epilogus.
970 4205 1126 4264 Amor
1152 4210 1331 4265 Jacobi
1374 4228 1494 4281 erga
1534 4211 1727 4266 Rachel
1752 4213 1955 4280 indi/fe-

368 4303 581 4356 rentium
600 4311 824 4356 nostram
851 4318 973 4372 ergo
1000 4302 1161 4355 Deum
1184 4302 1463 4372 redarguit.
1511 4303 1776 4368 Quomodo
1804 4304 1953 4357 Pau-

371 4394 449 4447 lus
469 4394 698 4448 dilexerit
719 4393 880 4448 Deum
904 4410 922 4458 ;
942 4395 1107 4463 ipsum
1130 4395 1319 4447 imitari
1347 4410 1464 4448 suos
1490 4397 1745 4451 auditores
1775 4398 1952 4451 horta-

371 4496 471 4538 tur.
503 4514 572 4525 —
598 4485 889 4539 Audiamus
915 4499 1013 4539 nos
1038 4484 1209 4554 ignavi
1240 4494 1298 4537 et
1320 4485 1517 4553 supini,
1542 4486 1806 4554 ingratum
1825 4504 1953 4558 erga

371 4578 538 4631 Deum
564 4578 798 4631 animum
822 4577 1155 4632 exhibentes.
1184 4577 1317 4631 Nam
1342 4576 1387 4628 si
1414 4580 1590 4648 justus
1621 4579 1710 4634 ille
1740 4592 1955 4649 propter

370 4668 563 4735 puella:
591 4683 830 4724 amorem
853 4671 1187 4739 septennium
1215 4673 1418 4726 servire
1448 4672 1691 4743 ferreque
1714 4684 1955 4743 pastora-

368 4758 498 4811 lium
524 4757 764 4813 lahorum
793 4774 1061 4814 aerumnas
1087 4760 1341 4826 decrevit,
1368 4772 1421 4817 et
1440 4776 1547 4817 non
1576 4764 1745 4819 sensit
1764 4765 1849 4819 vel
1878 4766 1954 4818 la-

368 4851 547 4916 bores,
576 4850 659 4906 vel
682 4853 934 4921 temporis
973 4853 1373 4923 longitudinem,
1406 4856 1499 4910 sed
1528 4856 1705 4911 omnia
1732 4858 1779 4912 ei
1819 4857 1955 4912 levia

369 4949 425 4993 et
451 4939 619 4996 facilia
645 4941 985 5009 videbantur,
1022 4946 1523 5015 exspectationeque
1549 4956 1603 5001 et
1628 4963 1723 5017 spe
1750 4948 1954 5003 fruendi

370 5030 552 5097 fultus,
582 5033 652 5085 ita
683 5042 740 5087 ut
762 5033 879 5089 dies
922 5051 1117 5104 paucos
1157 5036 1371 5107 longum
1397 5039 1526 5093 illttd
1557 5049 1767 5109 tempus
1797 5050 1952 5110 puta-

370 5136 451 5180 ret
482 5143 496 5180 :
542 5126 755 5193 qualem
784 5142 883 5181 nos
914 5128 1225 5185 habebimus
1264 5133 1682 5197 excusationem,
1728 5133 1815 5202 qui
1847 5149 1953 5189 non

369 5217 482 5284 pari
510 5217 686 5271 studio
708 5232 833 5287 erga
858 5218 1140 5274 Dominum
1190 5231 1430 5276 nostrum
1457 5232 1511 5277 et
1559 5224 1952 5281 benefactorem

368 5318 423 5363 et
447 5318 770 5374 curatorem,
802 5319 856 5364 et
883 5310 973 5379 qui
999 5312 1150 5367 nobis
1193 5312 1261 5366 sit
1293 5314 1492 5380 omnia,
1519 5314 1824 5371 efficimur?
1849 5317 1954 5373 Sed

372 5396 457 5454 ubi
514 5401 825 5469 praponitur
874 5401 1076 5457 lucrum
1126 5406 1437 5473 temporale,
1487 5407 1663 5462 omnia
1712 5408 1957 5464 alacriter

370 5490 640 5547 sustinere
686 5494 949 5561 volumus,
986 5495 1195 5551 etiamsi
1225 5497 1349 5566 quid
1398 5498 1721 5555 laboriosum
1769 5502 1859 5566 sit,
1902 5512 1956 5558 et
2054 5550 2059 5569 ,

373 5580 524 5635 Valde
556 5597 915 5639 aerumnosum
953 5597 1007 5640 et
1048 5587 1320 5642 sordidum
1345 5630 1359 5655 ,
1393 5600 1447 5645 et
1474 5605 1683 5660 poenam
1716 5592 1769 5647 in
1817 5609 1953 5663 prte-

378 5675 513 5729 Scnti
528 5682 581 5729 et
596 5674 772 5729 futuro
787 5678 979 5733 sarculo
997 5680 1242 5749 prtebens
1264 5699 1276 5737 :
1296 5693 1511 5754 propter
1525 5695 1759 5742 nostram
1778 5699 1952 5745 autem

3542 268 3645 325 432

2055 375 2305 439 salutem,
2334 385 2386 430 et
2418 387 2475 430 ut
2504 391 2793 446 supernum
2823 378 2976 433 tibbis
3008 378 3245 454 favorem
3274 382 3640 448 conciliemus.

2057 466 2265 519 remissi
2292 475 2347 521 et
2372 468 2545 536 supini
2586 477 2640 523 et
2678 468 2922 523 dissoluti
2956 470 3220 526 videmur.
3251 471 3316 525 Et
3344 473 3515 541 qualis
3557 491 3644 528 no-

2059 554 2141 612 bis
2169 560 2273 613 erit
2298 559 2449 614 venia
2477 600 2492 623 ,
2519 562 2758 631 qualisve
2783 564 3054 617 excusatio
3080 564 3158 617 sic
3187 564 3520 635 negligentia:
3544 567 3643 621 deo

2054 646 2200 714 ditis,
2233 649 2317 718 qui
2359 666 2531 720 neque
2571 662 2827 721 quantum
2856 653 3042 709 beatus
3070 654 3157 710 ille
3203 654 3256 709 in
3288 656 3515 725 puellam
3544 658 3643 713 dc—

2054 738 2273 794 claravit
2292 756 2552 808 amorem,
2576 751 2773 797 tantam
2792 744 2843 797 in
2865 745 3027 817 Deum
3049 746 3323 801 caritatem
3346 747 3601 803 habemus
3626 767 3643 802 :

2055 828 2214 898 idque
2239 845 2359 884 cum
2390 839 2530 890 tanta
2564 834 2829 902 possimus
2857 850 3145 892 numerare
3174 837 3431 892 beneﬁcia
3462 838 3513 892 in
3544 855 3646 894 nos

2054 920 2332 987 collocata,
2372 931 2426 975 et
2450 937 2569 991 qum
2596 925 2832 992 quotidie
2871 926 3243 982 collocantur?
3273 928 3379 983 Sed
3406 930 3505 984 etsi
3547 946 3645 984 nos

2056 1017 2163 1064 tam
2197 1010 2393 1081 ingrati
2426 1027 2632 1079 sumus,
2670 1030 2775 1068 non
2807 1016 2878 1069 ita
2905 1026 3050 1072 certe
3091 1018 3277 1073 beatus
3306 1020 3522 1088 Paulus,
3555 1023 3645 1091 qui

2056 1110 2161 1156 tam
2190 1103 2427 1159 fervebat
2450 1105 2711 1173 etignitus
2730 1116 2845 1161 erat
2865 1109 3085 1163 caritate
3107 1111 3159 1164 in
3189 1112 3380 1181 Deum,
3406 1122 3463 1167 ut
3482 1115 3643 1169 verba

2054 1193 2143 1248 illa
2173 1202 2317 1249 tanto
2338 1195 2515 1250 animo
2540 1195 2694 1267 digna
2713 1198 3019 1267 loqueretur
3040 1209 3095 1253 et
3114 1201 3385 1267 clamaret,
3420 1203 3602 1257 dicens
3629 1221 3643 1258 :

2061 1285 2187 1351 Quis
2241 1302 2333 1340 nos
2375 1287 2629 1357 separabit
2659 1305 2691 1340 a
2721 1290 2963 1343 charitate
2983 1289 3213 1344 Christi?
3240 1291 3372 1345 Vide
3399 1292 3649 1347 dictionis

2055 1377 2349 1447 emphasim
2372 1420 2387 1446 ,
2420 1387 2473 1433 et
2512 1378 2766 1434 latentem
2820 1380 2926 1434 vim
2981 1398 2993 1432 :
3046 1381 3169 1436 vide
3200 1384 3398 1437 amoris
3430 1385 3647 1439 violrnti

2056 1469 2345 1536 fervorem,
2375 1470 2497 1525 vide
2531 1471 2808 1526 caritatem
2837 1472 3128 1527 incensam.
3164 1472 3287 1539 Quis
3313 1491 3403 1528 nos
3439 1478 3667 1544 separa;

2054 1560 2122 1612 bit
2158 1558 2181 1631 (
2204 1558 2355 1614 Rom.
2379 1560 2433 1615 8.
2460 1561 2530 1616 55
2554 1561 2615 1632 )?
2658 1562 2816 1630 Quid,
2848 1562 3036 1632 inquit,
3059 1571 3161 1627 est,
3184 1564 3326 1633 quod
3358 1567 3526 1634 possit
3548 1583 3645 1619 nos

2055 1664 2085 1704 a
2106 1649 2363 1704 charitate
2383 1651 2475 1706 Dei
2497 1654 2779 1721 separare?
2807 1654 2933 1724 quid
2950 1654 3088 1710 inter
3107 1654 3334 1711 visibilia
3352 1656 3390 1723 ¹,
3411 1656 3537 1727 quid
3556 1656 3642 1710 in-

2058 1750 2139 1797 ter
2166 1742 2490 1797 invisibilia?

2128 1833 2180 1887 ‘5.
2205 1832 2406 1888 Deinde
2433 1834 2619 1890 volens
2643 1844 2698 1890 et
2722 1836 3075 1905 particulatim
3099 1838 3279 1892 omnia
3308 1854 3642 1903 enumerare,

2056 1930 2109 1975 et
2129 1922 2375 1977 omnibus
2403 1922 2557 1977 nobis
2585 1925 2922 1980 manifestum
2949 1924 3125 1981 facere
3149 1927 3508 1996 insuperabile
3537 1928 3637 1981 de-

2057 2010 2309 2065 siderium
2347 2012 2485 2081 quod
2515 2028 2638 2083 erga
2679 2015 2960 2068 Dominum
3017 2015 3359 2085 possidebat,
3412 2017 3650 2071 subdidit

2057 2104 2239 2159 dicens
2268 2122 2280 2157 :
2310 2104 2589 2160 Tribulatio
2610 2107 2636 2160 ?
2663 2124 2730 2160 an
2755 2110 2988 2178 angustia
3006 2109 3032 2161 ?
3051 2124 3118 2160 an
3145 2106 3343 2177 fames?
3368 2126 3434 2162 an
3462 2127 3632 2175 perse-

2056 2196 2231 2264 quutio
2248 2197 2273 2248 ?
2312 2212 2379 2250 an
2408 2198 2650 2252 auditas?
2677 2214 2742 2251 an
2770 2200 3085 2268 periculum?
3106 2216 3174 2253 an
3198 2200 3440 2270 gladius?
3465 2200 3508 2254 Ο
3536 2201 3651 2254 ani-

2058 2301 2220 2353 mam,
2254 2288 2478 2356 insania,
2502 2306 2619 2359 qure
2644 2292 2984 2345 continentiaa
3010 2301 3180 2346 mater
3209 2301 3310 2356 est,
3347 2291 3608 2346 furentem
3632 2293 3646 2347 l

2058 2378 2217 2447 Quid,
2252 2381 2440 2451 inquit,
2478 2396 2547 2436 ex
2580 2383 2643 2436 iis
2683 2399 2800 2450 quae
2842 2386 2994 2439 nobis
3047 2384 3228 2438 inferri
3277 2395 3519 2454 possunt,
3552 2401 3649 2438 nos

2059 2484 2287 2526 avocare
2332 2486 2362 2525 a
2391 2473 2611 2526 caritate
2658 2489 2776 2542 qua:
2813 2484 2896 2527 est
2923 2475 2972 2528 in
3016 2474 3178 2528 Deum
3208 2476 3439 2545 poterit?
3494 2474 3649 2528 Amic

2056 2563 2262 2617 ctiones
2289 2564 2652 2632 quotidian:c?
2680 2565 2913 2621 Minime.
2951 2567 3262 2637 Angustitc?
3291 2567 3474 2638 Neque
3522 2568 3647 2624 ill-.c.

2055 2654 2193 2709 Num
2218 2658 2695 2726 persequutiones?
2721 2658 2903 2729 Neque
2935 2660 3058 2714 illar.
3085 2660 3188 2715 Sed
3214 2660 3379 2730 quid?
3406 2677 3533 2715 nutn
3566 2662 3645 2714 fa-

2055 2747 2207 2801 mes?
2234 2763 2360 2801 num
2406 2750 2653 2803 nuditas?
2698 2766 2823 2805 num
2852 2753 3123 2819 pericula?
3154 2754 3351 2808 Verum
3376 2754 3502 2823 quid
3531 2754 3653 2806 dico

2058 2836 2273 2905 famem,
2303 2848 2357 2893 et
2383 2841 2699 2907 nuditatem,
2727 2850 2781 2895 et
2826 2842 3065 2910 pericula
3086 2843 3108 2897 ?
3127 2859 3253 2897 num
3282 2845 3529 2913 gladius?
3568 2848 3645 2902 Ne

2058 2946 2203 2986 mors
2230 2933 2445 3002 quidem
2469 2934 2605 3005 ipsa,
2633 2936 2679 2989 si
2724 2936 2990 3005 inﬂigatur
3009 2979 3024 3002 ,
3052 2938 3153 2992 hoc
3178 2940 3373 3007 poterit
3399 2940 3608 2995 efﬁcere
3634 2946 3657 2991 :‘

2058 3023 2110 3078 id
2131 3024 2273 3079 enim
2315 3040 2537 3093 prorsus
2568 3027 2901 3096 impossibile
2943 3039 3046 3083 est.
3078 3030 3264 3085 Nullus
3303 3032 3437 3086 alius
3463 3034 3541 3087 sic
3566 3033 3650 3086 di—

2056 3123 2246 3182 gnatus
2272 3123 2357 3169 est
2402 3115 2623 3186 diligere
2673 3118 2976 3183 Dominum,
3022 3130 3080 3174 ut
3118 3121 3266 3175 beata
3314 3121 3398 3175 illa
3452 3124 3650 3179 anima.

2056 3204 2217 3270 Quasi
2245 3206 2388 3259 enim
2432 3207 2687 3263 liberatus
2728 3226 2756 3262 a
2797 3225 3042 3279 corpore,
3071 3222 3124 3267 et
3166 3214 3408 3269 sublimis
3459 3216 3650 3281 fat-tus,

2058 3306 2116 3349 ut
2139 3296 2218 3351 sic
2231 3296 2426 3362 dicam,
2448 3313 2618 3368 neque
2644 3314 2805 3369 super
2825 3311 3019 3356 terram
3045 3304 3317 3360 ambulare
3336 3322 3395 3361 sc
3425 3317 3638 3375 putans,

2058 3385 2129 3438 ita
2156 3386 2407 3457 loquitur.
2443 3390 2608 3443 Amor
2634 3391 2779 3444 enim
2818 3393 2870 3446 in
2928 3393 3093 3447 Deum
3124 3402 3178 3449 et
3214 3410 3466 3452 succensa
3503 3400 3646 3452 eari-

2057 3485 2139 3531 tas
2179 3487 2413 3535 mentem
2425 3480 2543 3550 ejus
2556 3494 2585 3533 a
2598 3481 3019 3541 sensibilibusad
3038 3485 3338 3553 Spiritualia
3355 3485 3651 3544 transtulit.

2058 3577 2113 3623 et
2136 3584 2165 3623 a
2194 3571 2543 3637 prmsentihns
2558 3572 2624 3625 ad
2649 3572 2843 3639 futura,
2875 3585 2927 3628 et
2956 3591 2985 3627 a
3010 3577 3305 3631 visibilibus
3341 3578 3405 3632 ad
3434 3593 3538 3633 non
3572 3580 3650 3631 vi-

2059 3658 2249 3713 sibilia.
2284 3660 2432 3715 Talis
2460 3662 2600 3716 enim
2637 3679 2722 3716 res
2750 3674 2830 3718 est
2859 3665 2989 3719 ﬁdes
3017 3676 3070 3719 et
3115 3668 3311 3721 caritas
3351 3669 3405 3722 in
3458 3671 3647 3723 Deum.

2061 3750 2125 3804 Et
2154 3760 2210 3803 ut
2235 3751 2410 3805 discas
2438 3768 2688 3823 magnum
2718 3756 2832 3823 ejus
2859 3758 3038 3810 cordis
3067 3758 3316 3813 allectum
3335 3799 3349 3825 ,
3387 3760 3656 3815 videeunt

2061 3843 2148 3911 qui
2180 3845 2256 3897 sic
2281 3845 2564 3900 Dominum
2595 3848 2799 3916 dilexit,
2828 3860 2881 3904 et
2924 3851 2975 3904 in
3017 3852 3130 3921 ejus
3164 3852 3439 3907 caritatem
3495 3869 3655 3908 exar-

2060 3932 2149 3995 sit,
2181 3931 2369 4003 fugari,
2396 3938 2863 4006 persequutionem
2904 3940 3035 4008 pati,
3065 3940 3344 4011 flagellari,
3374 3943 3653 3999 innumera

2060 4022 2239 4088 gravia
2292 4022 2451 4091 ferre,
2485 4035 2539 4079 et
2582 4027 2761 4082 dicere
2795 4050 2807 4083 :
2839 4028 2907 4083 In
2939 4030 3190 4085 laboribus
3216 4033 3570 4098 abundantius,
3602 4037 3655 4088 is

2062 4113 2224 4183 plagis
2251 4132 2405 4184 supra
2433 4119 2657 4182 modum,
2694 4120 2747 4172 iu
2769 4122 3015 4176 mortibus
3037 4126 3322 4193 frequenter
3348 4141 3367 4177 :
3396 4142 3427 4177 a
3450 4126 3648 4180 Judaa’s

2060 4210 2320 4281 quinquies
2358 4210 2705 4282 quadragenas
2750 4229 2853 4266 una
2898 4214 3063 4268 minus
3109 4217 3283 4285 accepi
3323 4231 3345 4272 :
3372 4226 3445 4270 ter
3501 4220 3657 4288 virgis

2061 4318 2223 4356 cassus
2269 4318 2402 4367 sum,
2430 4304 2582 4356 semel
2621 4303 2877 4373 lapidatus
2916 4321 3049 4369 sum,
3084 4314 3157 4359 ter
3183 4308 3505 4377 naufragium
3534 4310 3651 4377 fuci,

2061 4402 2204 4445 nocte
2258 4402 2303 4445 et
2362 4393 2443 4445 die
2490 4394 2544 4446 in
2589 4396 2846 4464 profundo
2895 4397 3049 4449 maris
3101 4398 3217 4466 fui,
3269 4398 3322 4450 in
3388 4399 3647 4452 itineribus

2061 4501 2193 4553 saepe
2217 4526 2231 4549 ,
2289 4486 2522 4553 periculis
2578 4487 2879 4556 ﬂuminum,
2910 4491 3148 4557 periculis
3179 4491 3466 4555 latronum,
3518 4494 3654 4562 peri-

2061 4575 2189 4627 culis
2218 4576 2271 4626 in
2315 4575 2458 4644 falsis
2498 4574 2767 4643 fratribus,
2791 4578 2845 4630 in
2875 4580 3045 4631 labore
3086 4590 3131 4633 et
3160 4596 3384 4632 wrumna
3416 4580 3433 4648 (
3461 4580 3513 4634 2.
3532 4580 3649 4635 Cor.

2064 4665 2150 4719 ll.
2181 4664 2379 4734 23-27)
2407 4681 2422 4719 :
2458 4676 2512 4721 et
2539 4667 2660 4721 talia
2689 4669 2913 4735 patiens,
2958 4670 3223 4738 gaudebat
3250 4680 3304 4724 et
3329 4672 3643 4733 exsultabat.
3690 4742 3695 4747 η

2061 4753 2272 4810 Sciebat
2294 4756 2458 4821 enim,
2488 4759 2898 4827 et‘argumentis
2920 4759 3100 4812 multis
3127 4769 3305 4814 certus
3333 4770 3468 4825 erat,
3496 4762 3641 4817 labo-

2064 4862 2147 4902 res
2174 4859 2465 4918 prtesentes
2495 4851 2724 4905 maxima
2755 4851 2856 4906 sibi
2898 4853 3115 4921 prtemia
3141 4853 3448 4921 conciliare,
3475 4864 3529 4909 et
3556 4870 3649 4923 pc-

2063 4940 2227 4995 ricula
2255 4957 2482 4998 coronas
2512 4958 2716 5011 parere.
2746 4943 2878 5011 Nam
2899 4945 2943 4999 si
2969 4943 3134 4999 Jacob
3164 4955 3380 5015 propter
3406 4961 3645 5003 amorem

2063 5032 2117 5084 in
2144 5032 2427 5087 Rachelem
2449 5034 2601 5103 quasi
2630 5035 2881 5104 pauculos
2905 5036 3022 5091 dies
3042 5039 3378 5107 septennium
3405 5041 3669 5110 putabat.‘

2063 5124 2229 5177 multo
2253 5125 2421 5194 magis
2445 5125 2630 5181 beatus
2656 5127 2744 5182 ille
2769 5128 2946 5181 omnia
2978 5127 3126 5183 nihili
3157 5128 3403 5195 faciebat,
3422 5146 3652 5185 succen-

2061 5228 2153 5270 sus
2179 5216 2345 5269 semel
2367 5231 2550 5273 amore
2571 5218 2621 5271 in
2654 5219 2843 5281 Deum,
2876 5228 2932 5273 et
2969 5229 3187 5289 propter
3214 5219 3487 5275 Christum
3514 5220 3653 5275 dile-

2062 5315 2206 5360 ctum
2235 5307 2412 5362 omnia
2435 5308 2630 5364 ferens.
2660 5310 2978 5366 Studeamus
2996 5312 3172 5381 igitur,
3198 5311 3442 5374 obsecro,
3475 5320 3529 5364 et
3556 5325 3652 5365 nos

2064 5395 2282 5466 diligere
2323 5397 2612 5455 Christum.
2648 5400 2787 5455 Nihil
2814 5402 2957 5458 enim
2984 5401 3147 5467 aliud,
3182 5401 3373 5471 inquit,
3407 5399 3649 5455 Christus

2124 5582 2268 5651 {Sic
2310 5581 2408 5629 duo
2633 5579 3067 5651 atqueuila‘legit
3109 5573 3647 5651 vetus'lnterpres‘3fn

2065 5646 2218 5693 Editis
2239 5645 2361 5695 haec.
2385 5638 2505 5702 quid
2525 5639 2651 5691 inter
2674 5638 2887 5691 visibilia
2910 5641 2971 5695 (τί
3000 5638 3094 5687 eam
3117 5638 3407 5700 ὁρωμένων),
3443 5640 3647 5686 deﬁcie-

2061 5707 2175 5756 bant
2201 5719 2211 5759 ;
2242 5706 2331 5753 sed
2356 5716 2415 5751 ea
2449 5703 2609 5753 series
2634 5703 2929 5766 postulabat.
