4168 6264
375 209 410 286 ‘.~'~
490 272 602 336 ᾧ
697 167 757 285 ii

509 483 681 542 heias
704 489 963 544 mandata
995 491 1112 558 ejus
1141 490 1328 562 (Marc.
1359 491 1446 544 12.
1469 491 1590 560 50).
1637 492 1738 562 Qui
1769 498 1911 552 enim
1941 498 2112 568 diligit

514 581 654 631 sicut
707 588 918 647 oportet
972 582 1155 646 fleam,
1195 583 1530 636 manifestqu
1567 589 1710 659 quod
1759 598 1816 645 et
1860 591 2111 646 mandata

515 670 633 739 ejus
656 667 882 738 implere
910 671 1126 724 nitatur.
1151 671 1376 737 Quando
1406 673 1552 734 enim
1585 681 1702 750 quis
1723 697 1848 751 erga
1869 681 2102 751 aliquem

521 765 757 816 fraterne
782 761 1025 822 afﬁcitur,
1055 762 1236 819 omnia
1289 763 1464 826 facere
1512 774 1709 839 studet,
1757 783 1814 827 ιιι
1855 772 2108 828 dilectum

517 852 784 906 attrahere
805 852 972 922 posti!
1004 846 1055 907 in
1083 868 1328 917 amorem
1355 877 1531 917 suum.
1587 864 1648 916 Et
1701 878 1796 917 nos
1824 877 2037 932 quoque
2063 862 2106 916 si

505 942 798 1027 Allomimlm
827 943 1039 1008 Βῶρος-ο
1067 955 1429 1016 dilexerimus.
1453 953 1697 1008 mandata
1729 954 1842 1022 ejus
1866 953 2106 1022 implere,

513 1023 774 1118 Ἢίῖὶίὶίὶυῖς
801 1059 1008 1111 eorum,
1038 1062 1158 1116 qua:
1187 1045 1508 1100 exacerbare
1535 1052 1782 1114 poterunt
1832 1044 2104 1106 dilectum,

533 1122 709 1196 facere
734 1138 1082 1194 studebimus.
1107 1137 1218 1191 lloc
1244 1135 1402 1191 fuerit
1427 1151 1647 1205 regnum
1685 1135 1959 1202 cmlorum,
2010 1136 2110 1190 hoc

528 1234 790 1292 bonorum
817 1229 1032 1299 fruitio;
1063 1230 1162 1283 hoc
1204 1229 1406 1282 inﬁnita
1449 1227 1584 1281 bona
1625 1229 1882 1294 continet,
1911 1229 1954 1282 si
1983 1243 2106 1297 ger-

525 1348 682 1386 mane
733 1339 786 1386 et
833 1330 970 1385 sicut
1003 1332 1212 1399 Oportet
1263 1335 1383 1378 eum
1429 1319 1676 1378 dilexeris
1711 1336 1723 1374 :
1757 1319 1901 1376 illum
1929 1329 2106 1376 autem

531 1425 738 1478 sincere
784 1423 1088 1491 diligimus,
1121 1415 1164 1473 si
1211 1423 1426 1490 prepter
1468 1417 1740 1473 caritatem
1783 1417 1833 1471 ln
1862 1431 2006 1483 eum,
2055 1426 2110 1472 et

524 1530 648 1583 erga
674 1528 963 1568 conservos
1003 1511 1233 1565 multam.
1275 1511 1622 1564 exhibeamus
1651 1509 2009 1564 dilectionem.
2043 1508 2108 1563 In

524 1605 602 1658 his
627 1604 758 1657 enim
782 1603 974 1655 duobus
995 1601 1264 1664 mandatis,
1307 1599 1496 1669 inquit,
1540 1600 1769 1652 universa
1799 1599 1881 1652 (ea:
1908 1608 1956 1651 et
1985 1615 2106 1668 pro-

525 1698 687 1764 pheta:
731 1697 943 1764 pem/ent
989 1692 1198 1764 (Matt/1.
1240 1691 1329 1744 22.
1384 1689 1490 1762 40)
1522 1708 1533 1742 :
1567 1705 1756 1758 nempe
1812 1699 1870 1743 ut
1922 1690 2109 1760 diligas

529 1788 809 1842 Dominum
839 1787 1003 1839 Deum
1051 1793 1195 1837 tuum
1231 1798 1294 1836 ex
1342 1791 1451 1836 toto
1475 1781 1637 1836 corde
1663 1791 1754 1835 tuo
1775 1822 1789 1848 ,
1825 1790 1879 1836 et
1906 1798 1969 1836 ex
2001 1791 2106 1836 tota

527 1889 705 1933 mente
737 1887 842 1943 tua,
876 1886 928 1930 et
953 1891 1015 1930 ex
1043 1875 1287 1930 omnibus
1315 1873 1512 1927 viribus
1542 1876 1682 1938 tuis;
1719 1882 1772 1926 et
1809 1873 2109 1941 proximum

525 1981 672 2023 tuum
689 1969 826 2022 sicut
861 1967 1088 2035 teipsum
1120 1963 1308 2037 (Marc.
1337 1964 1420 2018 12.
1453 1965 1538 2020 50.
1575 1963 1688 2035 51).
1720 1963 1844 2018 Haec
1872 1963 2106 2018 omnium

528 2060 780 2113 virtutum
805 2060 1033 2122 summa,
1063 2054 1162 2108 hoc
1178 2053 1600 2108 fundamentum.
1628 2054 1796 2108 Simul
1822 2054 1962 2108 enim
1989 2069 2108 2108 cum

524 2149 742 2201 caritate
765 2147 818 2200 in
853 2146 1015 2200 Deum
1041 2144 1333 2213 ingreditur
1359 2143 1573 2198 dilectio
1598 2143 1842 2213 proximi.
1867 2142 1997 2196 Nam
2019 2142 2107 2212 qui

527 2239 688 2291 Deum
711 2235 901 2306 diligit,
935 2250 1040 2288 non
1069 2234 1325 2302 despiciet
1350 2234 1586 2298 fratrem,
1617 2249 1790 2302 neque
1820 2247 1964 2301 opes
1994 2235 2110 2302 plu-

525 2329 618 2393 ris,
653 2341 811 2396 quam
837 2326 1132 2379 membrum
1159 2339 1311 2378 suum
1337 2365 1350 2389 ,
1383 2324 1572 2388 faciet,
1603 2325 1696 2378 sed
1725 2338 1969 2394 magnam
2001 2340 2108 2394 pra:

525 2434 581 2471 se
614 2418 744 2472 feret
773 2417 1180 2485 benignitatem,
1217 2429 1424 2469 memor
1447 2415 1562 2476 eius
1589 2417 1678 2484 qui
1705 2414 1843 2469 dixit
1873 2433 1886 2470 :
1917 2415 2016 2482 Qui
2036 2418 2110 2486 fe-

525 2514 646 2565 cerit
671 2511 864 2582 aliquid
890 2513 977 2564 uni
990 2511 1167 2563 horum
1182 2511 1520 2573 minimarum,
1544 2510 1666 2562 mihi
1683 2509 1854 2577 fecerit
1883 2507 2096 2581 (Matth.

531 2603 622 2657 '25.
647 2602 772 2671 40).
807 2601 872 2656 Et
895 2602 1151 2670 cogitans,
1179 2608 1395 2670 propter
1419 2600 1766 2654 ministerium
1799 2601 1850 2654 in
1890 2615 2107 2656 conser-

528 2710 649 2748 vum
682 2694 846 2747 Deum
874 2693 1044 2760 ipsum
1074 2706 1190 2746 esse
1216 2692 1302 2760 qui
1333 2701 1386 2744 ut
1417 2691 1513 2745 sibi
1555 2690 1846 2760 praestitum
1876 2690 2108 2745 ofﬁcium

530 2785 811 2850 adscribat,
863 2798 1049 2853 magna
1098 2797 1216 2836 cum
1247 2781 1519 2836 alacritate
1563 2782 1740 2836 omnia
1783 2781 2107 2851 Operabitur,

532 2892 879 2948 magnamque
909 2875 1278 2930 liberalitatem
1320 2873 1588 2927 exhibebit
1630 2871 1770 2927 circa
1817 2873 2113 2944 eleemosy-

532 2988 672 3036 nam,
695 2985 796 3024 non
826 2968 890 3023 ad
918 2969 1167 3022 vilitatem
1194 2966 1482 3036 respiciens
1501 2965 1742 3034 pauperis
1760 2965 1846 3034 qui
1873 2973 2109 3033 apparet,

531 3063 622 3116 sed
652 3061 716 3116 ad
767 3059 1181 3132 magnitudinem
1221 3059 1338 3126 ejus
1383 3057 1471 3127 qui
1517 3057 1759 3127 promisit
1802 3071 1860 3112 se
1904 3057 2111 3112 habitu-

531 3169 644 3209 rum
677 3154 894 3224 perinde
926 3167 988 3205 ac
1022 3151 1065 3204 si
1097 3150 1194 3205 sibi
1236 3149 1372 3202 facta
1402 3160 1602 3213 essent,
1634 3163 1983 3218 quaecumque
2035 3145 2114 3200 illi

531 3250 663 3301 facta
691 3246 900 3300 fuerint.
932 3244 1007 3299 Ne
1032 3244 1189 3313 igitur
1231 3253 1610 3310 praetereamus
1634 3241 1964 3309 simpliciter,
1995 3254 2113 3305 oro,

532 3339 733 3392 lucrum
759 3345 1060 3389 nostrarum
1090 3333 1384 3385 animarum
1413 3341 1464 3384 et
1484 3330 1779 3384 remedium
1813 3339 2113 3384 nostrorum

535 3429 828 3480 vulnerum.
860 3424 974 3478 Hoc
994 3423 1156 3486 enim,
1211 3421 1312 3475 hoc
1339 3422 1624 3474 maximum
1668 3421 2009 3490 pltarmacum
2043 3423 2111 3476 ita

535 3519 739 3574 curabit
774 3526 827 3572 et
853 3517 1084 3571 abolebit
1115 3517 1294 3570 ulcera
1340 3516 1637 3568 animarum
1689 3524 1989 3569 nostrarum
2012 3558 2026 3581 ,
2061 3527 2118 3570 ut

537 3626 706 3681 neque
732 3609 1006 3679 vestigium
1031 3621 1202 3677 neque
1225 3607 1440 3661 cicatrix
1464 3606 1636 3676 aliqua
1663 3608 1968 3676 apparitura
1998 3611 2068 3663 sit
2098 3627 2111 3663 :

539 3700 590 3753 id
641 3698 778 3767 quod
827 3698 879 3750 in
922 3697 1162 3765 corporis
1204 3695 1508 3750 vulneribus
1555 3709 1659 3748 non
1713 3703 1796 3749 est
1845 3696 2113 3765 possibile.

537 3789 668 3843 Nam
699 3788 822 3842 licet
858 3787 974 3855 quis
1009 3786 1200 3840 millies
1227 3787 1625 3855 cataplasmata
1656 3797 1870 3855 accepta
1895 3802 1923 3840 a
1953 3789 2120 3842 medi-

548 3885 626 3937 cis
652 3888 994 3952 superponat,
1012 3894 1232 3936 necesse
1251 3889 1332 3935 est
1369 3881 1666 3935 cicatricem
1688 3881 1740 3935 in
1757 3896 1978 3950 corpore
2008 3896 2122 3935 ma-

539 3988 668 4028 nere
693 3988 706 4037 ;
738 3981 789 4026 et
815 3973 1003 4024 merito
1031 3988 1045 4023 :
1072 3985 1263 4039 corpus
1287 3971 1430 4025 enim
1460 3980 1543 4025 cst
1588 3971 1729 4039 quod
1756 3978 1992 4025 curatur.
2024 3971 2120 4024 llic

541 4074 715 4120 autem
744 4063 863 4132 quia
887 4061 1060 4114 anima
1096 4069 1178 4114 est
1205 4075 1322 4129 quae
1349 4068 1566 4112 curatur
1588 4099 1603 4124 ,
1638 4060 1849 4126 quando
1876 4061 1994 4128 quis
2023 4060 2119 4114 bo-

544 4168 664 4207 nam
706 4166 853 4203 suam
899 4149 1228 4203 voluntatem
1267 4147 1520 4211 declarat,
1568 4147 1784 4200 multam
1831 4149 1882 4201 in
1931 4148 2122 4201 melius

546 4241 890 4296 mutationem
912 4239 1109 4306 accipit
1138 4253 1152 4289 ε
1187 4245 1242 4290 et
1276 4237 1353 4290 sic
1378 4235 1556 4290 omnia
1589 4237 1768 4290 ulcera
1799 4237 2041 4307 depellit,
2067 4248 2124 4291 ut

545 4338 733 4385 ventus
779 4328 1069 4382 vehemens
1110 4326 1381 4396 pulverem
1424 4325 1692 4381 deturbat.
1735 4329 1908 4397 Atque
1934 4328 2121 4383 horum

547 4419 782 4475 omnium
831 4416 1090 4486 exemplis
1116 4417 1287 4486 plena:
1333 4425 1457 4471 sunt
1485 4416 1796 4486 Scripturae.
1825 4417 1898 4472 Ita
1929 4419 2124 4472 Paulus

544 4513 818 4584 apostolus
845 4511 1011 4566 factus
1045 4520 1125 4568 est
1153 4527 1218 4566 ex
1241 4520 1642 4581 persequutore,
1665 4523 1716 4569 et
1739 4516 1828 4584 qui
1854 4517 2000 4585 prius
2027 4516 2126 4568 im-

543 4603 810 4676 pugnabat
837 4602 1152 4669 Ecclesiam,
1195 4611 1373 4672 postea
1400 4602 1571 4659 factus
1595 4614 1678 4659 est
1695 4605 1810 4675 ejus
1835 4603 2122 4676 pronubus.

621 4695 676 4748 4.
722 4693 870 4748 Brevi
914 4701 1132 4764 tempore
1161 4702 1322 4762 potest
1365 4693 1661 4748 delictorum
1702 4696 1925 4748 remissio
1971 4696 2126 4764 impe-

551 4786 694 4840 trari.
732 4785 1072 4854 Eleemosyna:
1099 4783 1408 4854 magnitudo.
1431 4783 1704 4838 —Vidisti
1733 4793 1926 4853 quanta
1948 4801 2125 4840 rerum

551 4877 894 4932 vicissitudo?
920 4876 1098 4931 vidisti
1125 4889 1317 4945 quanta
1340 4877 1748 4931 transmutatio?
1773 4875 1861 4932 Sic
1891 4886 1945 4932 et
1966 4879 2122 4942 latro,

551 4968 641 5036 qui
671 4966 832 5020 multa
859 4964 1056 5020 fecerat
1084 4966 1389 5032 homicidia,
1423 4968 1604 5021 inuno
1629 4969 1886 5038 temporis
1912 4980 2125 5037 puncto,

553 5065 770 5127 propter
798 5068 962 5124 pauca
989 5055 1077 5108 illa
1106 5056 1270 5110 verba
1301 5057 1371 5110 ita
1400 5059 1578 5111 omnia
1603 5057 1769 5112 abluit
1809 5067 2045 5127 peccata,
2074 5068 2132 5113 ut

553 5147 763 5202 audiret
791 5161 820 5199 a
868 5144 1091 5198 Domino
1133 5163 1146 5198 :
1201 5145 1368 5201 Hodie
1417 5166 1610 5203 mecum
1657 5153 1753 5204 eris
1798 5152 1851 5204 in
1895 5152 2130 5220 paradiso

559 5241 710 5307 (Luc.
732 5236 824 5291 25.
857 5237 926 5292 43
949 5237 987 5304 ).
1015 5234 1106 5290 Sio
1128 5245 1182 5290 et
1202 5239 1533 5305 publicanus,
1561 5243 1650 5310 qui
1680 5253 2012 5311 percusserat
2039 5260 2131 5310 pe-

556 5341 694 5389 ctus,
728 5335 782 5380 et
803 5340 900 5380 sua
931 5333 1144 5394 peccata
1175 5327 1450 5383 confessus
1469 5342 1604 5396 erat,
1638 5333 1912 5388 descendit
1935 5335 2128 5404 justiﬁ-

558 5429 706 5474 catus
731 5419 919 5486 magis,
945 5431 1102 5488 quam
1150 5416 1451 5474 Pharisatus
1486 5422 1505 5492 (
1540 5421 1625 5474 Id.
1657 5424 1744 5478 18.
1778 5423 1904 5494 15).
1935 5424 2130 5478 Verum

559 5525 748 5564 omnes
781 5509 833 5563 hi
881 5511 1072 5564 anima:
1112 5524 1220 5564 sure
1250 5509 1446 5565 bonum
1488 5513 1732 5568 affectum
1778 5515 2130 5581 declararunt,

560 5611 614 5655 et
653 5600 826 5671 priora
871 5601 1096 5655 confessi
1133 5610 1368 5669 peccata,
1422 5604 1787 5658 remissionem
1839 5603 2131 5660 obtinuere.

569 5691 846 5750 Videamus
875 5701 1051 5751 autem
1073 5703 1125 5749 et
1152 5691 1311 5762 hujus
1301 5695 1573 5780 ~numdati
1595 5695 1772 5762 robur,
1801 5709 1855 5752 et
1881 5711 2131 5769 quautam

1367 280 1640 341 JUANNIS
1680 283 2152 345 (lllliYSOSTUMl
2192 293 2506 352 ARCIIIEP.
2548 300 3078 360 CONSTANTINOP.

387 391 390 396 ’
471 427 474 434 -
503 385 746 463 τρψιὶι·ῖ⁸ι
765 407 800 450 a
831 403 902 463 te,
933 410 1091 469 quam
1116 409 1171 453 ut
1201 401 1371 468 ipsum
1397 401 1584 469 diligas
1613 419 1674 454 ex
1699 411 1810 458 toto
1836 405 2021 472 corde,
2055 416 2110 461 et

3695 310 3806 368 484

2222 409 2558 468 τιΙηιηιΙεηιιίω
2587 415 2692 470 vim
2733 420 2999 487 possideat
3029 422 3170 492 larga
3201 425 3538 495 elccmosyua
3564 467 3579 490 ,
3606 437 3661 481 ut
3688 444 3811 484 cum

2219 497 2561 556 didicerimus
2587 504 2788 560 lucrum
2811 510 2952 576 quod
2979 511 3102 566 inde
3126 516 3382 579 nascitur,
3412 517 3660 571 alacriter
3687 534 3810 574 eam

2221 587 2519 659 largiamur.
2551 594 2708 650 Forte
2733 600 2875 654 enim
2907 610 3052 656 tanta
3082 603 3198 672 ejus
3223 615 3304 659 est
3331 615 3586 676 potestas,
3615 619 3671 662 ut
3701 625 3807 665 non

2219 681 2390 734 solum
2427 694 2638 750 peccata
2682 704 2926 758 purgare,
2955 693 3049 746 sed
3079 703 3130 748 et
3158 705 3382 749 mortem
3411 697 3592 765 fugare
3613 700 3808 754 valeat.

2217 770 2294 824 Et-
2313 773 2595 840 quomodo,
2621 791 2722 846 ego
2749 778 2941 833 dicam.
2975 781 3041 836 Et
3067 785 3206 851 quis,
3235 785 3375 839 dicet
3404 787 3624 855 aliquis,
3651 789 3804 844 elee-

2217 873 2493 931 mosynam
2526 862 2743 931 faciens,
2761 871 3002 938 superior
3023 884 3193 928 morte
3211 873 3379 930 factus
3395 886 3476 930 est
3494 879 3517 930 ?
3536 877 3676 933 Sane
3689 895 3808 932 orn-

2218 966 2312 1006 nes
2343 952 2587 1008 videmur
2608 957 2706 1010 sub
2741 960 2926 1013 mortis
2951 962 3283 1030 tyrannidem
3318 968 3543 1020 venisse.
3579 966 3654 1022 Ne
3683 978 3799 1022 tur-

2214 1043 2376 1109 beris,
2398 1040 2618 1124 dilecte,
2651 1045 2744 1102 sed
2771 1047 2928 1106 rebus
2946 1049 3072 1121 ipsis
3095 1049 3243 1108 disce
3269 1054 3534 1125 quomodo
3551 1055 3754 1110 eleemo
3771 1086 3798 1098 -

2215 1149 2364 1206 synte
2417 1140 2495 1194 vis
2543 1149 2595 1195 et
2649 1143 2834 1196 mortis
2864 1144 2989 1198 vicit
3018 1146 3371 1216 tjrannidem.
3429 1147 3656 1202 Tabitba
3687 1159 3804 1204 erat

2213 1229 2440 1294 mulier,
2475 1232 2627 1301 cujus
2677 1249 2871 1288 nomen
2907 1236 2950 1288 si
2981 1239 3099 1305 quis
3155 1239 3538 1309 interpretatur
3562 1281 3576 1305 ,
3606 1241 3803 1295 dicitur

2214 1317 2452 1373 Dorcas:
2496 1319 2860 1390 luecquotidie
2879 1323 3290 1394 dabatoperam,
3331 1338 3388 1380 ut
3415 1328 3683 1398 colligeret
3723 1344 3797 1384 ex

2213 1413 2551 1485 eleemosyua
2582 1413 2810 1468 divitias.
2848 1415 2914 1468 Et
2960 1417 3237 1482 vestiebat,
3268 1419 3477 1487 inquit,
3500 1418 3710 1484 viduas,
3741 1430 3800 1474 et

2213 1506 2346 1560 alios
2374 1520 2563 1561 omnes
2602 1517 2850 1575 sumptus
2879 1507 2958 1560 eis
2990 1508 3278 1575 praebebat.
3325 1509 3543 1563 Factum
3586 1520 3670 1565 est
3699 1525 3800 1563 au-

2214 1606 2322 1650 tem
2347 1607 2402 1650 ut
2452 1597 2717 1651 infirmata
2750 1599 2861 1667 ipsa
2899 1609 3212 1653 moreretur.
3243 1600 3346 1654 Sed
3375 1601 3494 1654 vide
3533 1603 3800 1672 quomodo

2214 1690 2296 1744 hae
2325 1705 2443 1758 qua:
2471 1692 2538 1744 ab
2586 1691 2671 1744 illa
2702 1691 3041 1757 curabantur,
3074 1701 3128 1746 et
3157 1706 3288 1762 quas
3314 1693 3594 1759 vestiebat,
3635 1693 3800 1748 bene-

2214 1780 2365 1833 licam
2397 1790 2692 1850 opportune
2729 1783 3138 1836 remunerarint.
3183 1783 3396 1836 Stantes
3421 1783 3562 1836 circa
3587 1793 3802 1852 aposto-

2213 1869 2320 1922 lum
2350 1911 2364 1934 ,
2397 1873 2784 1935 monstrabant,
2823 1872 3025 1942 inquit,
3053 1874 3101 1926 ei
3135 1882 3331 1940 vestes,
3358 1881 3414 1927 et
3459 1882 3648 1928 cuncta
3677 1889 3799 1944 qua:

2213 1959 2461 2026 faciebat,
2508 1977 2627 2017 cum
2655 1962 2827 2018 adhuc
2865 1964 2917 2018 in
2966 1965 3212 2020 ltumauis
3240 1975 3420 2036 ageret
3471 1966 3709 2021 Dorcas:
3742 1976 3800 2022 et

2211 2052 2479 2106 alumnam
2507 2054 2867 2124 requirebant,
2901 2055 3166 2126 lacrymas
3205 2057 3616 2127 profundebant,
3645 2068 3700 2114 et
3726 2060 3798 2113 ad

2212 2160 2455 2214 magnam
2485 2147 2880 2203 miserationem
2909 2150 3210 2216 apostolum
3253 2151 3632 2218 provoealiant.
3659 2150 3797 2218 Quid

2213 2237 2372 2306 igitur
2400 2237 2591 2292 beatus
2619 2237 2851 2292 Petrus?
2880 2239 3100 2293 Genibus
3143 2241 3339 2308 positis,
3372 2241 3559 2310 inquit,
3584 2243 3749 2294 oravit
3775 2255 3798 2294 :

2212 2337 2256 2380 et
2277 2342 2540 2382 conversus
2576 2329 2644 2381 ad
2668 2345 2873 2397 corpus,
2903 2330 3070 2384 dixit:
3095 2330 3328 2396 Tabitlta,
3374 2347 3544 2402 surge.
3576 2331 3678 2386 Illa
3703 2348 3798 2384 τηι-

2213 2430 2309 2474 tem
2345 2421 2540 2491 aperuit
2570 2423 2740 2476 oculos
2783 2439 2900 2475 suos
2925 2463 2939 2487 ,
2984 2433 3028 2475 et
3055 2432 3110 2475 ut
3153 2423 3274 2476 cidit
3316 2421 3545 2489 Petrum,
3597 2424 3791 2476 resedit.

2213 2511 2352 2566 Dato
2375 2520 2544 2565 autem
2571 2512 2614 2564 ei
2641 2528 2814 2578 manu,
2837 2513 2990 2565 erexit
3007 2529 3114 2565 eam
3145 2527 3164 2566 :
3189 2519 3236 2565 et
3260 2513 3517 2566 accersitis
3545 2512 3729 2566 sanctis
3748 2521 3796 2564 et

2214 2601 2395 2668 viduis,
2423 2601 2784 2654 commendavit
2804 2601 2907 2655 illis
2932 2617 3041 2655 eam
3058 2603 3217 2655 vivam
3250 2602 3384 2672 (Act.
3413 2603 3466 2657 9.
3491 2604 3608 2672 40).
3641 2601 3790 2655 Vidi-

2214 2693 2279 2746 sti
2303 2692 2549 2746 virtutem
2580 2693 2822 2762 apostoli,
2855 2692 2961 2747 ituo
2978 2694 3249 2760 operantis
3279 2709 3375 2764 per
3404 2709 3530 2748 eum
3552 2692 3798 2747 Domini?

2214 2783 2391 2837 vidisti
2414 2793 2607 2853 quanta
2634 2784 2911 2839 retributio
2931 2784 3294 2840 beneﬁcentiae
3314 2786 3366 2840 in
3395 2785 3600 2851 viduas,
3629 2785 3790 2840 etiam

2216 2875 2268 2929 in
2293 2875 2579 2944 praesenti?
2620 2875 2756 2942 Quid
2786 2878 2927 2931 enim
2955 2887 3181 2942 tantum,
3219 2892 3421 2946 qumso,
3455 2877 3678 2946 praebuit
3705 2875 3795 2929 illa

2218 2969 2406 3033 viduis,
2434 2977 2685 3038 quantum
2717 2969 2820 3024 illa:
2857 2972 2904 3023 ei
2935 2969 3329 3038 rependerunt‘?
3357 2969 3543 3024 Vestes
3576 2968 3800 3038 przebuit

2217 3068 2271 3112 ct
2294 3059 2566 3122 alimenta,
2595 3059 2694 3113 sed
2731 3059 2834 3112 illa:
2873 3060 2940 3113 ad
2965 3062 3125 3113 vitam
3151 3059 3289 3113 hanc
3332 3059 3690 3126 reduxerunt;
3744 3071 3800 3116 et

2218 3159 2445 3204 mortem
2472 3150 2540 3204 ab
2559 3165 2619 3204 ea
2664 3151 2911 3219 fugarunt
2939 3167 2952 3203 :
2984 3151 3090 3203 imo
3118 3165 3222 3203 non
3267 3149 3391 3210 illae,
3419 3150 3514 3204 sed
3555 3151 3799 3208 clemens

2221 3241 2472 3294 Dominus
2495 3249 2675 3294 noster
2700 3248 2913 3310 propter
2935 3255 3116 3294 curam
3138 3255 3296 3310 quam
3325 3240 3428 3294 illis
3449 3242 3796 3310 impenderat.

2222 3329 2438 3384 Vidistis
2484 3329 2754 3398 pharmaci
2799 3331 3114 3399 potentiam,
3147 3331 3520 3386 dilectissimi?
3549 3332 3659 3388 Hoc
3687 3345 3804 3388 om-

2221 3433 2316 3474 nes
2361 3419 2647 3488 nobisipsis
2688 3435 2979 3489 paremus:
3019 3437 3192 3491 neque
3246 3423 3386 3476 enim
3435 3433 3801 3493 sumptuosum

2220 3517 2324 3575 cst,
2357 3511 2599 3579 quamvis
2622 3519 2783 3564 tanta
2807 3513 2877 3565 sit
2904 3513 3132 3575 virtutis,
3158 3511 3252 3566 sed
3273 3522 3326 3567 et
3350 3513 3439 3567 vili
3462 3515 3677 3580 emitur,
3706 3530 3806 3570 nec

2222 3599 2389 3652 multo
2416 3607 2632 3667 sumptu
2678 3599 2898 3669 indiget.
2952 3600 3258 3669 Magnitudo
3284 3604 3425 3656 enim
3451 3602 3804 3675 eleemosy'na:

2223 3703 2326 3743 non
2355 3689 2407 3743 in
2437 3689 2773 3744 multitudine
2795 3691 3136 3760 pecuniarum
3161 3691 3241 3744 vel
3263 3706 3422 3760 opum
3452 3693 3552 3746 sita
3581 3704 3686 3756 est,
3709 3693 3805 3748 sed

2222 3794 2286 3834 ex
2318 3780 2586 3834 alacritate
2609 3779 2844 3834 dantium
2871 3780 3135 3849 judicntur
3159 3781 3368 3852 (Matth.
3401 3783 3489 3836 10.
3526 3781 3640 3852 42).
3668 3783 3806 3838 Pro-

2226 3880 2342 3939 pter
2361 3871 2462 3925 hoc
2486 3879 2541 3925 et
2569 3871 2660 3940 qui
2705 3880 2886 3940 potum
2917 3886 3070 3941 aqua:
3111 3871 3314 3942 frigidm
3343 3872 3510 3938 dedit,
3555 3883 3806 3943 acceptus

2224 3972 2326 4026 est,
2368 3976 2575 4015 necnon
2607 3977 2666 4016 ea
2712 3977 2831 4030 quae
2859 3963 2964 4016 duo
2988 3963 3192 4017 minuta
3232 3963 3284 4016 in
3327 3964 3616 4018 corbonam
3664 3965 3810 4021 misit

2225 4051 2378 4120 (Luc.
2407 4053 2498 4105 2|.
2521 4052 2557 4104 2
2579 4053 2598 4122 )
2619 4095 2632 4116 ,
2680 4062 2739 4105 ut
2782 4052 3066 4115 discamus,
3098 4052 3293 4121 ubique
3339 4061 3542 4107 rectam
3573 4063 3806 4108 mentem

2225 4144 2422 4213 requiri
2450 4144 2517 4196 ab
2544 4144 2909 4198 universorum
2952 4143 3199 4197 Domino.
3233 4143 3372 4198 Fieri
3415 4152 3593 4212 potest
3622 4154 3679 4197 ut
3715 4143 3805 4213 qui

2227 4248 2410 4302 parum
2439 4232 2615 4297 habet,
2645 4248 2893 4302 magnam
2927 4247 3040 4302 pra:
3076 4249 3136 4288 se
3176 4233 3314 4288 ferat
3338 4235 3733 4296 liberalitatem,
3760 4235 3805 4288 si

2229 4341 2416 4394 magna
2443 4330 2583 4379 valet
2607 4326 2875 4380 alacritate
2906 4341 2920 4378 :
2949 4335 3004 4380 et
3025 4325 3116 4394 qui
3146 4325 3311 4379 multa
3335 4326 3570 4394 possidet
3590 4365 3604 4387 ,
3634 4325 3812 4379 minor

2240 4415 2486 4469 videatur
2515 4414 2578 4469 iis
2601 4416 2690 4484 qui
2727 4431 2908 4483 parum
2936 4415 3151 4482 habent,
3183 4424 3401 4485 propter
3423 4415 3623 4471 sordidi
3644 4415 3810 4470 animi

2231 4505 2585 4561 tenacitatem.
2660 4505 3003 4562 Eﬁ'undsmus
3066 4509 3260 4576 igitur,
3313 4521 3530 4577 quam,
3582 4506 3808 4560 faculta-

2233 4606 2310 4651 tes
2354 4604 2562 4651 nostras
2621 4595 2673 4650 in
2697 4611 2894 4665 egenos
2917 4607 3094 4652 mente
3124 4597 3350 4664 liberali,
3382 4613 3448 4652 ex
3475 4597 3538 4651 iis
3564 4612 3684 4666 qua
3708 4609 3809 4649 no-

2232 4690 2313 4744 bis
2338 4688 2592 4743 Dominus
2637 4687 2782 4743 dedit
2811 4707 2824 4742 :
2854 4698 2906 4742 et
2934 4704 3051 4757 qua:
3081 4688 3146 4742 ab
3168 4703 3234 4742 co
3257 4688 3379 4742 data
3407 4698 3549 4753 sunt,
3578 4687 3679 4756 ipsi
3705 4687 3810 4740 ite-

2233 4797 2350 4837 rum
2374 4782 2579 4846 dcmus,
2637 4790 2692 4835 ut
2729 4783 2808 4836 sic
2845 4781 3034 4836 iterum
3076 4791 3256 4836 nostra
3298 4796 3420 4836 cum
3469 4782 3616 4836 lucro
3657 4781 3806 4834 ﬁant.

2234 4875 2401 4928 Tanta
2449 4874 2594 4928 enim
2649 4874 2765 4942 ejus
2817 4882 2900 4927 est
2953 4873 3274 4938 liberalitas,
3329 4885 3388 4929 ut
3429 4874 3551 4929 licet
3587 4873 3813 4942 accipiat

2235 4966 2302 5021 de
2332 4967 2396 5020 iis
2447 4982 2564 5035 quae
2609 4967 2721 5032 ipse
2763 4965 2931 5030 dedit,
2973 4981 3076 5019 non
3109 4974 3255 5034 putet
3299 4975 3476 5020 tamen
3510 4967 3724 5035 propria
3752 4981 3816 5021 se

2235 5060 2498 5126 accipere.
2543 5057 2636 5112 sed
2685 5071 2872 5126 magna
2915 5057 3272 5112 muniﬁcentia
3301 5057 3454 5111 nobis
3479 5072 3542 5112 ea
3575 5056 3814 5111 redditu-

2236 5163 2351 5203 rum
2379 5162 2438 5202 se
2465 5147 2778 5216 pollicetur;
2835 5155 3038 5201 tantum
3088 5148 3134 5201 si
3165 5161 3262 5200 nos
3301 5162 3420 5216 quae
3468 5156 3650 5201 nostra
3689 5155 3818 5201 sunt

2236 5239 2414 5294 iacere
2462 5239 2718 5300 velimus,
2763 5249 2818 5293 et
2842 5237 2920 5292 sic
2962 5239 3280 5308 pauperibus
3306 5255 3610 5310 erogemus,
3664 5240 3816 5309 quasi

2239 5330 2567 5398 deponentes
2617 5343 2677 5383 ea
2736 5329 2788 5382 in
2834 5344 3022 5383 manus
3081 5330 3287 5384 Domini
3340 5349 3354 5384 :
3408 5332 3638 5386 scientes
3663 5345 3814 5399 qua-

2238 5436 2464 5490 cumque
2510 5421 2774 5490 acceperit
2828 5436 3016 5475 manus
3053 5422 3162 5484 illa,
3218 5437 3280 5478 ea
3318 5436 3423 5476 non
3471 5422 3642 5477 solum
3694 5420 3820 5475 red-

2240 5515 2490 5580 dituram,
2535 5514 2630 5570 sed
2663 5514 3007 5582 multiplicata
3051 5516 3204 5571 nobis
3239 5517 3434 5571 iterum
3485 5515 3817 5584 largituram.

2241 5622 2354 5662 sua:
2402 5605 2728 5660 liberalitatis
2762 5605 2983 5675 gloriam
3029 5605 3410 5661 declarantem.
3455 5607 3520 5660 Et
3564 5604 3690 5672 quid
3732 5618 3822 5657 asp

2243 5714 2385 5764 sero,
2408 5711 2470 5753 ea
2507 5695 2732 5750 reddere
2759 5695 3106 5764 multiplicata
3130 5696 3153 5750 ?
3177 5695 3363 5751 Manus
3387 5697 3476 5751 Illa
3500 5710 3604 5750 non
3633 5709 3697 5749 ea
3723 5708 3818 5751 so.-
