4168 6264
383 507 492 559 -καῖ
523 501 696 556 ποιεῖν
719 499 816 562 τὰς
841 497 1057 560 ἐντολὰς
1091 496 1274 551 αὐτοῦ.
1317 497 1376 550 ’0
1405 497 1514 570 γὰρ
1542 491 1768 566 ἀγαπῶν
1795 496 1955 549 αὐτὸν

396 585 520 641 καθ’
544 583 603 637 δν
649 583 730 636 δεῖ
758 581 959 651 τρόπον
1005 581 1245 649 ἀγαπᾷν,
1281 577 1519 647 δηλονότι
1549 580 1642 638 καί
1663 578 1762 642 τὰς
1793 574 1956 630 αὐτοῦ

383 667 675 735 ’ἐπείγεται
719 657 934 724 ἐντολὰς
966 663 1158 715 ποιεῖν.
1194 660 1361 713 ’Ὀταν
1396 662 1502 731 γάρ
1533 677 1617 723 τις
1664 660 1790 730 περί
1840 675 1960 711 τινα

385 748 636 818 -γνησίως
655 747 940 805 διάκειται,
973 744 1151 795 πάντα
1191 744 1449 811 πράττειν
1480 741 1790 805 σπουδάζει,
1814 740 1849 794 θ.
1867 740 1960 794 τὸν

385 827 759 898 ’ἀγαπώμενον
807 824 1127 893 ἐφέλκεσθαι
1155 823 1372 876 δύναται
1411 826 1490 886 εἰς
1515 823 1606 876 τὸν
1640 826 1768 892 περὶ
1799 821 1960 875 αὐτὸν

393 913 586 965 πόθον.
623 908 732 963 Καὶ
764 909 924 978 ἡμεῖς
952 906 1152 967 τοίνυν,
1184 905 1279 957 ἐὰν
1323 906 1693 975 ἀγαπήσωμεν
1723 901 1962 973 γνησίως

391 993 492 1047 τὸν
525 990 823 1058 Δεσπότην,
855 990 948 1041 καὶ
969 987 1068 1049 τὰς
1097 986 1314 1050 ἐντολὰς
1347 986 1511 1040 αὐτοῦ
1551 985 1836 1057 πληρῶσαι
1869 983 1960 1036 δυ·

393 1072 698 1145 νησόμεθα,
730 1072 824 1124 καὶ
855 1070 1019 1140 μηδὲν
1047 1069 1306 1139 πράττειν
1335 1068 1554 1122 ἐκείνων
1584 1068 1691 1120 τῶν
1721 1062 1961 1135 παροξῦ-

401 1175 490 1212 ναι
540 1151 849 1223 δυναμένων
877 1152 970 1203 τὸν
1002 1148 1380 1220 ἀγαπώμενον.
1437 1149 1607 1203 Τοῦτο
1637 1151 1672 1218 ή
1717 1146 1964 1218 βασιλεία

397 1241 510 1295 τῶν
538 1235 804 1309 οὐρανῶν,
832 1231 988 1287 τοῦτο
1021 1235 1054 1303 ή
1092 1233 1386 1295 ἀπόλαυσις
1405 1233 1512 1286 τιῖιν
1537 1231 1783 1300 ἀγαθῶν,
1806 1229 1964 1282 τοῦτο

399 1323 471 1375 τὰ
502 1320 668 1392 μυρία
691 1315 894 1385 ἀγαθὰ,
923 1316 982 1368 τὸ
1018 1314 1416 1384 καταξιωθῆναι
1453 1313 1689 1384 γνησίως
1718 1313 1811 1365 καὶ
1842 1310 1965 1365 καθ’

399 1404 461 1456 δν
481 1403 586 1472 χρὴ
614 1401 677 1471 δὴ
704 1400 902 1472 τρόπον
919 1399 1144 1466 ἀγαπᾷν
1164 1415 1179 1428 ·
1205 1397 1559 1466 ἀγαπήσομεν
1579 1395 1636 1448 δὲ
1659 1394 1822 1447 αὐτὸν
1842 1410 1968 1463 γνη-

402 1488 555 1548 σίως,
586 1483 680 1536 ἐὰν
710 1481 799 1536 διά
823 1481 921 1551 τὴν
951 1482 1079 1550 περὶ
1110 1479 1271 1533 αὐτὸν
1301 1479 1542 1548 ἀγάπην,
1568 1478 1668 1530 ’καὶ
1695 1478 1822 1540 περί
1847 1477 1967 1539 τοὺς

401 1565 726 1637 ὁμοδούλους
780 1562 978 1633 πολλὴν
1027 1561 1418 1630 ἐπιδειξώμεθα
1449 1561 1546 1631 τὴν
1585 1559 1824 1628 ἀγάπην.
1872 1557 1967 1611 Ἐν

402 1650 643 1710 ταύταις
671 1645 812 1715 γὰρ,
853 1645 1014 1714 φησί,
1057 1643 1188 1709 ταῖς
1226 1642 1409 1696 δυσὶν
1447 1642 1720 1708 ἐντολαῖς
1752 1641 1898 1704 ὅλος
1935 1643 1968 1694 ὁ

403 1732 586 1798 νόμος
606 1727 703 1781 καί
730 1731 783 1781 οἰ
805 1726 1098 1795 προφῆται
1130 1725 1465 1794 κρέμανται,
1497 1726 1555 1776 ἐν
1581 1723 1659 1794 τῷ
1687 1719 1968 1791 ἀγαπῆσαι

403 1814 606 1884 Κύριον
629 1811 719 1864 τὸν
748 1811 878 1863 Θεόν
907 1825 998 1862 σου
1033 1809 1091 1872 ἐξ
1113 1809 1240 1876 δλης
1270 1809 1369 1877 τῆς
1390 1807 1612 1877 καρδίας
1637 1823 1728 1858 σου
1750 1845 1764 1868 ,
1794 1806 1886 1858 καὶ
1912 1803 1969 1869 ἐξ

401 1894 531 1965 δλης
555 1894 655 1964 τῆς
685 1891 865 1961 ἰσχύος
905 1903 1028 1952 σου,
1063 1891 1156 1943 καὶ
1183 1890 1242 1954 ἐξ
1270 1890 1399 1959 δλης
1444 1892 1543 1958 τῆς
1572 1887 1808 1948 διανοίας
1851 1903 1966 1950 σου,

404 1979 611 2031 καὶτὸν
645 1975 871 2045 πλησίον
900 1989 992 2026 σου
1020 1973 1095 2036 ὡς
1129 1973 1371 2025 σεαυτόν.
1419 1970 1590 2024 Τοῦτο
1619 1970 1730 2022 τῶν
1763 1968 1972 2038 ἀρετῶν

401 2061 465 2114 τὸ
485 2060 794 2130 κεφάλαιον,
818 2057 976 2110 τοῦτο
1015 2055 1204 2107 πασῶν
1239 2053 1348 2106 τῶν
1372 2052 1466 2106 τοῦ
1513 2051 1648 2106 Θεοῦ
1697 2050 1923 2104 ἐντολῶν
1945 2052 1972 2103 0

405 2142 672 2212 θεμέλιος.
704 2140 784 2210 Τῇ
808 2139 918 2208 γὰρ
955 2137 1142 2207 ἀγάπῃ
1177 2139 1243 2206 τῇ
1272 2135 1400 2206 περί
1429 2135 1520 2187 τὸν
1537 2133 1669 2187 Θεὸν
1697 2131 1974 2202 συνεισέρ-

407 2240 560 2295 χεται
581 2221 675 2275 καί
701 2223 736 2291 ἡ
763 2220 891 2289 περὶ
914 2219 1006 2271 τὸν
1030 2217 1256 2288 πλησίον
1282 2216 1494 2286 ἀγάπη.
1526 2215 1586 2269 Ὀ
1616 2215 1724 2285 γάρ
1746 2213 1976 2282 ἀγαπῶν

405 2307 500 2359 τδν
529 2303 664 2358 Θεὸν
699 2304 763 2355 οὐ
793 2301 1110 2370 περιόψεται
1164 2299 1257 2352 τὸν
1305 2298 1554 2368 ἀδελφὸν,
1587 2297 1708 2350 οὐδέ
1736 2297 1806 2349 τὰ
1840 2298 1976 2367 χρή-

412 2403 560 2458 ματα
602 2385 697 2438 τοῦ
750 2383 950 2438 οἰκείου
983 2383 1176 2452 μέλους
1229 2383 1572 2452 προτιμήσει,
1615 2379 1752 2434 ἀλλά
1775 2379 1975 2450 πολλὴν

409 2469 539 2539 περὶ
569 2467 728 2520 αὐτὸν
756 2465 1080 2529 ἐπιδείξεται
1127 2464 1228 2535 τὴν
1254 2464 1585 2533 φιλοτιμίαν,
1635 2463 1976 2534 μεμνημένος

405 2550 503 2604 τοῦ
549 2549 848 2618 εἰρηκότος,
899 2549 981 2600 ὅτι
1023 2547 1084 2599 Ὀ
1141 2546 1400 2612 ποιήσας
1436 2547 1524 2599 ἐνί
1585 2548 1806 2600 τούτων
1857 2544 1977 2600 τῶν

406 2630 684 2699 ἀδελφῶν
700 2647 819 2697 μου
843 2628 962 2682 τῶν
991 2629 1343 2696 ἐλαχίστων,
1401 2628 1529 2696 ἐμοὶ
1571 2629 1838 2696 ἐποίησε.
1868 2626 1976 2680 Καὶ

408 2714 622 2778 ἐννοῶν,
645 2712 826 2765 ὅτιδιά
845 2713 942 2782 τῆς
958 2714 1038 2774 είς
1065 2712 1155 2764 τὸν
1188 2710 1476 2780 ὁμόδουλον
1494 2711 1786 2781 θεραπείας
1815 2710 1976 2772 αὐτός

407 2801 557 2852 ἐστιν
585 2799 614 2849 0
635 2795 706 2848 10
737 2793 991 2865 γινόμενα
1017 2796 1384 2863 οἰκειούμενος
1424 2796 1452 2847 0
1479 2795 1586 2846 τῶν
1611 2795 1864 2847 ἀπάντων
1889 2796 1978 2844 Δε-

409 2880 631 2950 σπότης,
661 2877 800 2948 μετὰ
833 2878 1031 2947 πολλῆς
1051 2877 1153 2946 τῆς
1183 2877 1487 2948 προθυμίας
1509 2877 1720 2931 ᾶπαντα
1750 2877 1976 2947 ἐργάσε-

406 2979 518 3025 ται,
548 2961 641 3015 καὶ
667 2960 868 3031 πολλὴν
889 2960 988 3030 τὴν
1017 2959 1298 3028 δαψίλειαν
1324 2961 1452 3030 περί
1484 2960 1581 3030 τὴν
1612 2958 1974 3029 ἐλεημοσύνην

408 3043 733 3108 ἐπιδείξεται
751 3073 768 3104 -,
796 3044 858 3094 οὐ
907 3042 1046 3111 πρὸς
1067 3042 1164 3111 τὴν
1193 3043 1463 3095 εὐτέλειαν
1498 3041 1640 3113 ὁρῶν
1667 3042 1759 3094 τοῦ
1794 3059 1978 3111 φαινο-

414 3129 600 3197 μένου,
633 3125 766 3178 άλλά
792 3125 927 3195 πρὸς
957 3125 1019 3178 τὸ
1047 3124 1272 3194 μέγεθος
1325 3125 1418 3177 τοῦ
1449 3124 1774 3178 οἰκειοῦσθαι
1802 3127 1977 3192 ἐπαγ-

409 3209 729 3280 γειλαμένου
759 3209 827 3262 τὰ
848 3209 927 3269 εἰς
957 3207 1081 3268 τοὺς
1105 3208 1342 3277 πένητας
1369 3208 1644 3277 γινόμενα.
1675 3209 1765 3278 Μὴ
1797 3208 1860 3278 δὴ
1882 3225 1979 3262 πα-

413 3293 768 3363 ρατρέχωμεν
794 3289 1001 3353 ἁπλῶς,
1043 3289 1364 3359 παρακαλῶ,
1392 3291 1452 3343 τὸ
1483 3291 1671 3360 κέρδος
1700 3291 1807 3344 τῶν
1841 3293 1978 3362 ἠμε-

410 3375 468 3426 τέ
479 3391 584 3443 ρων
601 3371 808 3440 ψυχῶν,
824 3371 883 3423 τὸ
901 3370 1189 3440 φάρμακον
1204 3370 1310 3422 τῶν
1335 3373 1612 3443 ἡμετέρων
1627 3374 1975 3444 τραυμάτων.

411 3453 583 3506 Τοῦτο
635 3453 764 3523 γὰρ,
813 3451 970 3504 τοῦτο
1015 3452 1247 3522 μάλιστα
1284 3453 1345 3506 τὸ
1386 3454 1674 3524 φάρμακον
1713 3455 1979 3526 τοσαύτην

411 3539 543 3606 ἡμῖν
569 3534 792 3606 παρέξει
837 3533 932 3604 τὴν
967 3535 1278 3605 θεραπείαν,
1309 3539 1402 3589 καί
1431 3537 1600 3601 οὓτως
1633 3539 1884 3607 ἀφανίσει
1912 3540 1981 3593 10

413 3619 544 3689 ελκη
591 3618 699 3670 τῶν
741 3618 1020 3687 ἡμετέρων
1070 3617 1291 3687 ψυχῶν,
1337 3619 1408 3682 ὡς
1477 3620 1610 3688 μηδὲ
1657 3622 1799 3690 ίχνος
1847 3622 1981 3692 μηδὲ

413 3701 574 3768 οὐλὴν
589 3699 1012 3770 καταλειφθῆναι
1035 3716 1048 3728 ·
1077 3703 1210 3771 ὅπερ
1233 3703 1322 3754 ἐπὶ
1344 3702 1449 3754 τῶν
1477 3705 1798 3772 σωματικῶν
1819 3722 1983 3774 τραυ-

419 3782 606 3853 μάτων
630 3783 728 3852 οὐχ
745 3777 855 3835 οἶόν
881 3799 939 3833 τε
967 3782 1236 3850 γενέσθαι.
1261 3784 1379 3836 Κᾶν
1395 3784 1499 3854 γὰρ
1524 3785 1778 3854 μυριάκις
1807 3803 1889 3847 τις
1914 3787 1983 3837 τὰ

418 3865 686 3935 φάρμακα
719 3862 798 3933 τῷ
845 3865 1028 3932 οἰκείῳ
1079 3864 1352 3934 τραύματι
1389 3865 1548 3934 ἐπιθῇ
1598 3864 1666 3916 10
1702 3867 1849 3935 παρά
1874 3866 1982 3917 τῶν

421 3946 621 4017 ἰατρῶν
652 3947 1190 4016 κατασκευαζόμενα,
1221 3949 1434 4017 ἀνάγκη
1473 3947 1570 4016 τὴν
1601 3947 1761 4018 οὐλὴν
1797 3950 1854 4000 ἐν
1908 3947 1985 4017 τῷ

421 4030 633 4099 σώματι
650 4029 1002 4098 ἐναπομένειν
1025 4045 1039 4060 ο
1068 4030 1162 4082 καὶ
1184 4030 1407 4092 εἰκότως
1426 4045 1439 4058 °
1468 4030 1627 4099 σῶμα
1655 4030 1760 4099 γάρ
1783 4032 1898 4082 ἐστι
1925 4031 1986 4081 τὸ

419 4109 874 4180 θεραπευόμενον.
906 4111 1168 4164 Ἐνταῦθα
1196 4112 1252 4165 δὲ
1277 4112 1460 4182 ἐπειδὴ
1484 4111 1626 4182 ψυχή
1656 4114 1802 4164 ἐστιν
1835 4113 1866 4182 ή
1899 4112 1986 4164 οε-

422 4191 795 4264 ραπευομένη,
823 4192 1040 4247 ἐπειδὰν
1065 4193 1162 4264 τὴν
1193 4195 1399 4248 οἰκείαν
1424 4195 1842 4265 εὐγνωμοσύνην
1867 4197 1987 4248 ἐπι-

417 4274 679 4344 δείξηται,
715 4273 914 4346 πολλὴν
938 4275 1147 4346 δέχεται
1180 4276 1277 4344 τὴν
1311 4278 1404 4329 ἐπὶ
1427 4277 1486 4331 τὸ
1516 4277 1721 4346 βέλτιον
1756 4279 1988 4346 μεταϐο-

419 4355 538 4427 λὴν,
569 4357 663 4409 καὶ
695 4356 865 4420 οὕτως
892 4359 1109 4412 ἅπαντα
1145 4358 1500 4427 φυγαδεύεται
1523 4359 1591 4412 τά
1617 4360 1772 4428 ἐλκη,
1805 4361 1880 4423 ὡς
1923 4360 1990 4412 ἂν

422 4439 716 4510 κονιορτὸς,
749 4441 950 4510 ἀνέμου
982 4441 1208 4512 σφοδροῦ
1231 4441 1618 4511 διεγερθέντος.
1658 4444 1766 4496 Καὶ
1788 4442 1994 4495 τούτων

419 4522 674 4574 ἀπάντων
720 4523 828 4575 τῶν
870 4523 1284 4593 ὑποδειγμάτων
1335 4525 1701 4595 ὐπερπλήρεις
1753 4527 1882 4595 ἡμῖν
1933 4527 1989 4578 αἱ

421 4605 657 4674 Γραφαί.
683 4604 869 4667 Οὕτως
892 4608 920 4657 0
942 4607 1206 4674 μακάριος
1235 4605 1442 4668 Παῦλος
1465 4607 1754 4670 ἀπόστολος
1771 4608 1990 4675 γέγονεν

423 4687 531 4740 ἀπὸ
551 4685 800 4753 διώκτου,
827 4688 922 4739 καὶ
944 4689 972 4740 0
997 4688 1259 4758 πρότερον
1289 4689 1502 4759 πορθῶν
1523 4689 1617 4760 τὴν
1647 4691 1986 4761 Ἐκκλησίαν,

425 4767 650 4838 ὕστερον
688 4768 848 4829 αὐτὸς
883 4768 1050 4838 αὐτῆς
1077 4769 1264 4836 γέγονε
1296 4772 1677 4840 νυμφαγωγός.

489 4870 553 4925 δ’.
579 4867 732 4934 Εἶδες
758 4870 934 4941 ἄκραν
967 4870 1066 4940 τὴν
1104 4871 1439 4943 μεταϐολήνς
1479 4871 1615 4936 εἶδες
1648 4875 1852 4944 ἄφατον
1889 4875 1987 4945 τὴν

424 4958 751 5031 μετάστασιν
772 4973 786 5022 ;
815 4956 969 5010 Οὕτω
985 4957 1078 5010 καί
1105 4959 1132 5011 0
1151 4957 1352 5031 λῃστής
1374 4961 1597 5029 μυρίους
1621 4961 1992 5032 ἐργασάμενος

423 5048 634 5116 φόνους,
667 5047 724 5098 ἐν
769 5046 868 5116 μιᾷ
903 5043 1092 5116 καιροῦ
1123 5048 1259 5117 ῥοπῇ
1289 5045 1375 5098 διὰ
1403 5047 1508 5100 τῶν
1541 5047 1735 5116 ὀλίγων
1765 5049 1984 5102 ἐκείνων

425 5133 683 5205 ῥημάτων
708 5131 879 5194 οὕτως
913 5131 1129 5186 ἅπαντα
1162 5133 1459 5202 ἀπενίψατο
1487 5134 1554 5187 10
1593 5136 1984 5206 ἁμαρτήματα,

422 5221 498 5282 ὡς
536 5217 764 5272 ἀκοῦσαι
799 5219 952 5288 παρά
979 5219 1072 5272 τοῦ
1119 5221 1406 5284 Δεσπότου,
1435 5222 1514 5274 ὅτι
1560 5221 1828 5290 Σήμερον
1859 5227 1988 5292 μετ’

424 5305 568 5374 ἐμοῦ
589 5305 704 5373 ἔσῃ
731 5305 800 5358 ἐν
816 5305 894 5370 τῷ
909 5305 1270 5375 παραδείσῳ.
1304 5305 1453 5378 [556]
1477 5306 1633 5361 Οῦτω
1658 5300 1750 5362 καὶ
1775 5311 1804 5361 0
1822 5309 1986 5362 τελώ-

426 5407 542 5462 νης,
568 5391 761 5462 στῆθος
788 5392 1016 5461 πλήξας,
1058 5393 1235 5446 καὶτὰ
1264 5396 1438 5447 οἰκεῖα
1465 5395 1830 5464 ἁμαρτήματα
1853 5398 1985 5465 ὁμο-

425 5479 678 5549 λογήσας,
701 5479 934 5548 κατῆλθε
957 5479 1368 5548 δεδικαιωμένος
1401 5481 1540 5551 ὑπὲρ
1571 5481 1660 5534 τὸν
1673 5483 1982 5552 Φαρισαῖον.

439 5565 598 5618 Ἀλλά
617 5566 820 5619 τούτων
844 5566 940 5634 μὲν
964 5566 1192 5628 ἕκαστος
1226 5566 1406 5635 ψυχῆς
1430 5567 1846 5638 εὐγνωμοσύνην
1867 5571 1987 5622 ἐπι-

427 5650 756 5721 δειξάμενος,
787 5654 882 5706 καὶ
909 5653 978 5704 10
1004 5653 1244 5724 πρότερα
1270 5653 1605 5724 ὁμολογήσας
1647 5656 1983 5726 πταίσματα,

425 5738 680 5808 οὐτωτῆς
705 5742 1097 5809 συγχωρήσεως
1113 5740 1444 5810 ἀπήλαυσεν.
1469 5741 1692 5811 Ἵδωμεν
1716 5741 1770 5793 δέ
1786 5743 1988 5811 ταύτης

427 5826 525 5895 τῆς
551 5827 767 5898 ἐντολῆς
793 5829 886 5897 τὴν
930 5828 1100 5896 ίσχύν,
1123 5828 1216 5881 καὶ
1249 5829 1378 5899 ὅσην
1421 5830 1732 5900 περιουσίας
1765 5830 1991 5901 δύναμιν

434 5913 687 5986 κέκτηται
715 5917 746 5989 ἡ
773 5914 993 5987 δαψιλὴς
1019 5915 1372 5989 ἐλεημοσύνη,
1417 5917 1502 5974 ἵνα
1537 5916 1798 5988 μαθόντες
1820 5918 1880 5974 τὸ
1934 5921 1992 5989 ἐξ

1373 367 1438 436 IN
1477 366 1628 436 ωλι».
1669 365 1840 436 xm
1876 361 2127 437 οὲΝἰεέ.
2168 361 2402 437 ἰιοιιιι..
2435 379 2544 434 Lv.

3516 375 3620 432 480

2056 493 2224 565 αὐτῆς
2260 498 2390 566 ήμῖν
2439 494 2782 564 ἐγγινόμενον
2828 492 3051 562 κέρδος,
3101 488 3390 561 προθύμως
3451 489 3619 557 αὐτὴν

2059 576 2421 646 μετέλθωμεν.
2449 577 2600 645 Τάχα
2648 575 2754 648 γὰρ
2780 573 3014 642 τοσαύτη
3040 574 3208 642 αὐτῆς
3246 574 3279 642 ἠ
3311 571 3619 642 περιουσία,

2055 657 2130 720 ὡς
2161 659 2235 728 μὴ
2269 658 2428 728 μόνον
2453 659 2823 729 ἁμαρτήματα
2854 655 3220 727 ἐκκαθαίρειν,
3249 655 3383 708 ἀλλά
3415 655 3506 708 καὶ
3534 655 3627 708 αὐ⁴

2057 738 2149 791 τὸν
2173 738 2263 790 τὸν
2295 738 2521 791 θάνατον
2555 739 2894 805 φυγαδεύειν.
2927 737 3036 790 Καὶ
3092 737 3234 804 λέγω
3277 737 3367 790 τὸν
3399 737 3620 809 τρόπον.

2059 814 2291 882 Καίτίς,
2325 821 2512 888 φησὶν,
2546 819 2916 888 ἐλεημοσύνην
2943 819 3370 890 ἐπιδειξάμενος,
3404 819 3500 872 τοῦ
3523 819 3625 871 θα-

2059 901 2216 954 νάτου
2257 900 2518 969 κρείττων
2565 900 2795 968 γέγονε;
2848 901 2956 953 Καὶ
3001 901 3107 971 μὴν
3142 902 3384 963 ἅπαντας
3409 901 3626 972 ὁρῶμεν

2062 982 2165 1036 ὐπὸ
2185 982 2284 1054 τὴν
2305 982 2593 1052 τυραννίδα
2611 982 2705 1035 τοῦ
2736 981 2966 1036 θανάτου
2999 984 3333 1052 γινομένους.
3361 983 3451 1054 Μὴ
3469 983 3628 1053 θορυ-

2061 1063 2252 1135 ϐηθῇς,
2283 1064 2551 1137 άγαπητέ,
2580 1064 2714 1118 ἀλλά
2747 1064 2885 1134 μάθε
2917 1064 2983 1117 δι’
3015 1064 3192 1117 αὐτῶν
3237 1065 3345 1117 τῶν
3372 1065 3629 1136 πραγμά-

2061 1163 2190 1207 των,
2222 1147 2369 1209 όπως
2397 1149 2430 1217 ή
2456 1147 2556 1214 τῆς
2608 1145 2975 1216 ἐλεημοσύνης
3033 1145 3258 1216 δύναμις
3292 1146 3508 1216 ἐνίκησε
3536 1147 3631 1198 καλ⁹

2063 1229 2251 1282 τούτου
2284 1229 2382 1298 τὴν
2411 1227 2718 1301 τυραννίδα.
2749 1227 2962 1281 Ταϐιθά
2981 1245 3063 1289 τις
3090 1223 3306 1296 ἐγένετο
3330 1228 3484 1298 γυνὴ,
3509 1228 3632 1298 ἥτις

2062 1310 2520 1380 διερμηνευομένη
2549 1310 2762 1379 λέγεται
2788 1312 2995 1380 Δορκάς
3015 1326 3029 1340 °
3055 1307 3192 1380 αὐτη
3215 1309 3373 1381 ἔργον
3400 1313 3633 1364 ἐποιεῖτο

2065 1391 2183 1444 καθ’
2208 1391 2442 1461 ἑκάστην
2482 1392 2690 1463 ἡμέραν
2709 1391 2805 1462 τὴν
2825 1391 2932 1443 ἀπὸ
2957 1393 3055 1461 τῆς
3086 1391 3453 1462 ἐλεημοσύνης
3480 1392 3634 1443 εὐπο-

2068 1474 2187 1544 ρίαν
2215 1474 2487 1542 συλλέγειν
2507 1476 2674 1546 ἐαυτῇ
2696 1491 2709 1504 ο
2742 1475 2835 1527 καί
2868 1474 3194 1535 ἐνεδίδυσκε,
3223 1475 3377 1544 φησί,
3408 1473 3509 1537 10;
3534 1475 3635 1543 χή-

2068 1573 2186 1626 ρας,
2207 1559 2300 1610 καί
2323 1556 2422 1628 τὴν
2439 1557 2605 1625 ἀλλην
2629 1557 2846 1611 ἃπασαν
2864 1556 3122 1626 εὐπορίαν
3138 1557 3328 1620 αὐταῖς
3354 1560 3630 1628 παρεῖχεν.

2079 1635 2324 1705 Ἐγένετο
2353 1639 2410 1691 δὲ
2463 1639 2838 1709 ἀσθενήσασαν
2889 1639 3056 1708 αὐτὴν
3091 1638 3399 1691 ἀποθανεῖν.
3478 1638 3635 1690 Ἀλλά

2069 1720 2230 1788 βλέπε
2257 1737 2346 1790 μοι
2393 1720 2647 1785 ἐνταῦθα,
2687 1721 2956 1790 ἀγαπητέ,
2982 1721 3098 1782 πῶς
3125 1723 3180 1773 αἱ
3213 1721 3312 1790 τῆς
3342 1721 3636 1793 θεραπείας

2066 1802 2456 1867 ἀπολαύουσαι,
2489 1803 2583 1855 καὶ
2605 1803 2674 1855 10
2701 1803 2925 1872 σώματα
2961 1803 3294 1872 σκεπόμεναι
3324 1804 3418 1857 ἀπ’
3444 1805 3638 1876 αὐτῆς,

2069 1887 2126 1937 ἐν
2152 1883 2326 1955 καιρῷ
2347 1884 2444 1956 τὴν
2469 1885 2744 1954 εὐεργέτιν
2767 1885 3143 1954 ἀμειϐόμεναι,
3166 1885 3525 1955 περιεστῶσαι
3545 1885 3638 1937 τὸν

2068 1965 2384 2030 ἀπόστολον,
2417 1967 2776 2030 ἐπεδείκνυον,
2833 1967 2985 2036 φησὶ,
3025 1966 3093 2019 10
3129 1967 3338 2036 ἱμάτια,
3397 1968 3487 2021 καὶ
3539 1967 3639 2020 ὅσα

2071 2049 2242 2101 ἐποίει
2277 2050 2392 2119 μετ’
2427 2049 2603 2103 αὐτῶν
2642 2045 2776 2102 οὖσα
2808 2051 2840 2119 ἡ
2892 2049 3131 2120 Δορκὰς,
3163 2052 3254 2103 καὶ
3300 2050 3394 2120 τὴν
3446 2051 3638 2121 τροφὸν

2072 2131 2386 2202 ἐπεζήτουν,
2415 2131 2508 2184 καὶ
2531 2131 2736 2202 δάκρυα
2765 2131 2893 2194 ἴσως
2916 2132 3226 2202 προσέχεον,
3256 2133 3348 2185 καὶ
3374 2133 3453 2196 εἰς
3474 2133 3639 2184 πολὺν

2071 2209 2249 2266 οἶκτον
2277 2214 2366 2266 τὸν
2401 2213 2717 2266 Ἀπόστολον
2745 2214 3073 2280 ἐφείλκοντο.
3105 2215 3170 2267 Τί
3196 2210 3288 2268 οὖν
3317 2218 3344 2267 0
3375 2215 3648 2285 μακάριος.

2072 2295 2310 2368 Πέτρος;
2365 2295 2442 2350 Τὰ
2471 2297 2692 2366 γόνατα
2725 2298 2867 2361 θεὶς,
2910 2298 3063 2365 φησὶ,
3099 2300 3502 2367 προσηύξατο,
3540 2302 3640 2353 καὶ

2071 2382 2438 2450 ἐπιστρέψας
2475 2381 2623 2449 πρὸς
2672 2380 2737 2434 τὸ
2768 2380 2937 2451 σῶμα
2957 2422 2970 2446 ,
3002 2381 3131 2437 εἷπε
3155 2401 3168 2414 ’
3208 2385 3416 2438 Ταὸιθὰ
3437 2426 3450 2448 ,
3495 2387 3644 2440 ἀνά-

2071 2468 2268 2530 στηθι.
2315 2464 2376 2518 Ἡ
2401 2463 2467 2516 δὲ
2488 2462 2693 2531 ἤνοιξε
2726 2465 2868 2530 τοὺς
2912 2467 3252 2536 ὀφθαλμοὺς
3295 2469 3505 2538 αὐτῆς,
3545 2471 3644 2523 καί

2075 2545 2288 2600 ἰδοῦσα
2332 2545 2440 2598 τὸν
2482 2547 2740 2614 Πέτρον,
2777 2547 3116 2602 ἀνεκάθισε.
3174 2551 3322 2614 Δοὺς
3378 2551 3446 2604 δὲ
3488 2552 3644 2620 αὐτῇ

2073 2625 2258 2698 χεῖρα,
2273 2628 2612 2695 ἀνέστησεν
2626 2630 2838 2696 αὐτὴν,
2857 2629 2954 2683 καὶ
2971 2632 3260 2699 φωνήσας
3281 2633 3422 2700 τοὺς
3437 2635 3646 2704 ἁγίους

2074 2711 2174 2764 καί
2204 2709 2311 2777 τὰς
2342 2710 2552 2779 χήρας,
2583 2711 2969 2779 παρέστησεν
2999 2713 3196 2782 αὐτὴν
3229 2714 3440 2774 ζῶσαν.
3493 2711 3646 2778 Εἶδες

2073 2792 2298 2862 δύναμιν
2334 2792 2426 2845 τοῦ
2491 2793 2809 2857 ἀποστόλου,
2848 2794 3126 2863 μᾶλλονδὲ
3162 2796 3256 2849 τοῦ
3300 2799 3647 2868 ἐνεργοῦντος

2075 2876 2134 2926 ἐν
2156 2873 2302 2943 αὐτῷ
2348 2875 2652 2939 Δεσπότου;
2696 2872 2832 2938 εἶδες
2859 2877 2959 2944 ὅση
2993 2877 3092 2945 τῆς
3121 2879 3200 2940 είς
3220 2880 3315 2942 τὰς
3345 2882 3522 2951 χήρας
3554 2881 3647 2932 εύ-

2077 2957 2257 3020 ποιίας
2309 2956 2509 3026 ἀμοιϐὴ
2537 2958 2630 3008 καὶ
2663 2957 2719 3010 ἐν
2749 2956 2826 3027 τῷ
2867 2958 3093 3028 παρόντι
3123 2960 3298 3030 καιρῷ
3326 2964 3546 3030 γέγονε;
3582 2961 3648 3013 Τί

2077 3038 2186 3110 γὰρ
2211 3038 2482 3102 τοσοῦτον,
2519 3039 2637 3092 εἰπέ
2667 3057 2776 3109 μοι,
2806 3040 3079 3111 παρέσχεν
3104 3040 3241 3112 αῦτη
3272 3045 3392 3106 ταῖς
3430 3045 3646 3114 χήραις,

2077 3124 2199 3175 ὅσον
2233 3116 2390 3175 αὗται
2416 3121 2585 3192 αὐτὴν
2627 3123 2964 3191 ἠμείψαντο;
3011 3124 3225 3192 Ἱμάτια
3271 3126 3513 3195 παρέσχε
3557 3129 3652 3180 καὶ

2076 3202 2284 3273 τροφάς
2311 3203 2521 3266 αὐταῖς,
2558 3203 2669 3258 ἀλλ’
2687 3201 2846 3258 αῦται
2865 3207 2998 3276 πρὸς
3025 3205 3166 3276 ζωὴν
3201 3207 3368 3278 αὐτὴν
3385 3209 3656 3279 ἐπανήγα-

2077 3289 2194 3356 γον,
2219 3286 2424 3340 καὶτὸν
2445 3287 2673 3342 θάνατον
2695 3288 2752 3353 ἐξ
2778 3290 2947 3358 αὐτῆς
2963 3291 3062 3360 δρα
3073 3291 3327 3346 πετεῦσαι
3356 3293 3617 3365 ἐποίησαν
3636 3311 3648 3323 ·

2083 3369 2280 3440 μᾶλλον
2310 3370 2366 3423 δὲ
2393 3370 2489 3442 οὐχ
2516 3365 2700 3435 αὗται,
2730 3371 2866 3424 ἀλλά
2890 3373 2975 3425 δια
3004 3376 3102 3445 τὴν
3146 3377 3226 3439 είς
3256 3376 3456 3440 ταύτας
3494 3378 3655 3448 θερα-

2081 3451 2237 3505 πείαν
2266 3454 2294 3506 0
2321 3453 2703 3523 φιλάνθρωπος
2726 3455 2884 3524 ἡμῶν
2918 3459 3213 3528 Δεσπότης.
3242 3458 3423 3510 Είδετε
3442 3459 3656 3529 φαρμά-

2081 3551 2178 3587 κου
2213 3535 2458 3605 δύναμιν,
2493 3536 2764 3606 ἀγαπητοί
2788 3554 2802 3603 ;
2827 3538 2994 3590 Τοῦτο
3017 3541 3214 3604 πάντες
3235 3542 3444 3604 ἑαυτοῖς
3483 3559 3652 3595 κατα-

2083 3616 2472 3686 σκευάσωμεν’
2529 3619 2648 3672 οὐδὲ
2706 3620 2812 3690 γὰρ
2870 3620 3156 3684 πολυτελές
3210 3625 3346 3685 ἐστι,
3381 3623 3556 3675 καίτοι
3591 3641 3654 3690 γε

2082 3699 2348 3767 τοσαύτην
2373 3700 2492 3766 ἕχον
2524 3700 2621 3770 τὴν
2643 3700 2890 3769 δύναμιν,
2918 3701 3050 3754 ἀλλὰ
3073 3705 3166 3754 καὶ
3199 3704 3402 3773 σφόδρα
3431 3703 3653 3770 εὐωνον,

2085 3781 2179 3832 καὶ⁹
2206 3780 2326 3832 οὔτε
2363 3780 2608 3850 δαπάνης
2629 3782 2798 3834 δεῖται
2830 3783 3048 3853 πολλῆς.
3071 3784 3143 3836 T0
3169 3785 3278 3855 γὰρ
3303 3786 3401 3854 τῆς
3433 3786 3657 3856 ἐλεημο-

2087 3859 2250 3930 σύνης
2287 3860 2513 3929 μέγεθος
2541 3863 2639 3914 οὐκ
2666 3864 2721 3913 ἐν
2760 3863 2837 3932 τῷ
2876 3865 3066 3935 πλήθει
3091 3867 3200 3918 τῶν
3219 3868 3514 3936 χρημάτων
3540 3868 3658 3938 κρί-

2085 3958 2256 4003 νεται,
2291 3941 2402 3994 ἀλλ’
2433 3943 2490 3995 ἐν
2515 3945 2578 4014 τῇ
2612 3944 2891 4016 προθυμίᾳ
2931 3947 3036 3999 τῶν
3069 3947 3334 4002 διδόντων.
3367 3950 3467 4003 Διά
3502 3949 3659 4003 τοῦτο

2088 4025 2180 4077 καὶ
2201 4026 2229 4076 0
2261 4025 2517 4096 ποτήριον
2544 4026 2752 4096 ψυχροῦ
2787 4029 2910 4091 δοὺς
2935 4029 3229 4094 ἀπόδεκτος
3258 4031 3468 4100 γέγονε,
3500 4034 3592 4085 καὶ
3624 4035 3662 4102 ή

2087 4104 2156 4156 τὰ
2182 4105 2274 4157 δύο
2301 4107 2474 4159 λεπτὰ
2503 4109 2906 4173 καταϐαλοῦσα,
2943 4111 3029 4166 ἵνα
3062 4113 3319 4183 μάθωμεν
3344 4115 3424 4166 ὄτι
3459 4132 3662 4167 παντα-

2090 4188 2184 4258 χοῦ
2219 4189 2443 4260 γνώμην
2469 4191 2636 4260 ὀρθὴν
2667 4193 2914 4263 ἐπιζητεῖ
2941 4195 2970 4247 ὁ
3021 4196 3126 4248 τῶν
3159 4197 3415 4250 ἀπάντων
3457 4199 3662 4250 Δεσπό-

2088 4287 2206 4338 της.
2247 4273 2402 4324 Ἔστι
2449 4272 2709 4337 πολλάκις
2744 4276 2839 4327 καὶ
2889 4277 3044 4345 ὀλίγα
3098 4278 3288 4349 ἔχοντα
3335 4280 3532 4351 πολλὴν
3560 4283 3678 4350 τὴν»

2089 4353 2369 4423 δαψίλειαν
2399 4355 2498 4424 τῆς
2530 4356 2896 4429 ἐλεημοσύνης
2945 4361 3342 4427 ἐπιδείξασθαι,
3393 4365 3523 4417 ὅταν
3627 4366 3660 4433 ἡ

2090 4437 2369 4508 προθυμία
2423 4439 2741 4510 ἐρρωμένη⁸
2801 4443 2894 4494 καί
2929 4445 3090 4497 πάλιν
3137 4447 3195 4497 τὸ
3235 4448 3495 4513 ἐναντίον,
3545 4448 3678 4500 ἐστιε

2091 4521 2184 4572 καὶ
2214 4519 2384 4572 πολλά
2423 4523 2757 4591 κεκτημένον
2795 4524 3050 4578 ἐλάττονα
3099 4527 3330 4596 ὀφθῆναι
3363 4530 3470 4580 τῶν
3505 4531 3663 4596 ὀλίγα

2092 4602 2321 4671 ἐχόντων
2343 4601 2429 4654 διὰ
2457 4603 2553 4684 τὴν
2583 4605 2681 4674 τῆς
2705 4605 2838 4668 ἰδίας
2865 4607 3088 4677 γνώμης
3116 4612 3484 4680 μικρολογίαν.
3512 4611 3661 4684 [557]

2103 4685 2414 4755 Ἐκχέωμεν
2435 4681 2550 4748 οῦν,
2586 4689 2903 4758 παρακαλῶ,
2929 4690 2996 4742 τὰ
3016 4692 3144 4743 ὄντα
3175 4695 3252 4756 εἰς
3279 4695 3403 4757 τοὺς
3430 4695 3485 4746 ἐν
3507 4681 3664 4766 χρείᾷ

2089 4767 2248 4829 ὄντας
2289 4768 2426 4837 μετά
2479 4767 2733 4837 δαψιλοῦς
2771 4770 2994 4842 γνώμης
3020 4815 3032 4837 ,
3096 4775 3154 4838 ἐξ
3191 4769 3264 4827 ὦν
3312 4778 3340 4829 0
3385 4778 3664 4849 Δεσπότης

2091 4851 2222 4918 ἡμῖν
2249 4850 2567 4919 κεχάρισται
2593 4890 2608 4914 ,
2648 4852 2740 4904 καὶ
2767 4853 2905 4905 αὐτὰ
2937 4855 3005 4906 10
3039 4857 3172 4927 παρ’
3203 4857 3367 4910 αὐτοῦ
3402 4863 3536 4930 ἡμῖν
3577 4863 3664 4913 δον-

2092 4931 2250 4984 θέντα
2275 4931 2424 5002 αὐτῷ
2454 4931 2614 4986 πάλιν
2639 4935 2801 5005 ἡμεῖς
2825 4933 3024 5006 δῶμεν,
3063 4937 3149 4992 ἵνα
3177 4937 3318 4993 οῦτω
3342 4941 3500 4996 πάλιν
3525 4945 3682 5014 μετὰ,

2095 5014 2299 5098 πολλῇς
2337 5015 2654 5098 προσθήκης
2690 5019 2934 5089 ἡμέτερα
2970 5021 3212 5090 γένηται.
3269 5024 3516 5096 Τοσαύτη
3555 5026 3664 5098 γὰρ

2091 5096 2254 5149 αὐτοῦ
2281 5097 2314 5167 ἡ
2347 5097 2626 5168 φιλοτιμία
2647 5140 2660 5162 ,
2692 5099 2772 5152 ὅτι
2811 5101 2902 5153 καί
2935 5102 3027 5170 ἀφ’
3059 5097 3133 5157 ὧν
3160 5104 3323 5159 ἔδωκε
3350 5096 3664 5178 λαμϐάνων,

2092 5179 2190 5248 οὐχ
2233 5180 2444 5250 ήγεῖται
2485 5180 2552 5232 10
2598 5181 2702 5234 ἴδια
2750 5181 3044 5253 λαμϐάνειν
3067 5226 3082 5249 ,
3119 5187 3254 5242 ἀλλά
3289 5190 3426 5259 μετὰ
3464 5191 3666 5261 πολλῆς

2096 5265 2228 5333 ἡμῖν
2269 5263 2408 5317 αὐτά
2445 5264 2542 5334 τῆς
2579 5264 2890 5336 φιλοτιμίας
2936 5269 3239 5324 ἀποδιδόναι
3280 5273 3619 5342 ὑπισχνεῖται
3647 5288 3664 5304 ⁶

2099 5345 2256 5414 μόνον
2289 5344 2384 5398 ἐὰν
2421 5347 2580 5415 ἡμεῖς
2617 5349 2683 5400 10
2709 5351 2836 5420 παρ’
2865 5351 3070 5404 ἑαυτῶν
3091 5352 3456 5418 ἐπιδείξασθαι
3477 5353 3667 5426 βουληο

2095 5427 2296 5497 θῶμεν,
2327 5429 2420 5482 καὶ
2454 5429 2703 5498 καθάπερ
2735 5434 2798 5503 τῇ
2829 5432 2921 5485 τοῦ
2958 5433 3092 5486 Θεοῦ
3123 5437 3266 5506 χειρὶ
3287 5436 3456 5490 ταῦτα
3487 5457 3667 5511 παρα-

2096 5512 2539 5582 κατατιθέμενοι,
2575 5513 2747 5577 οὕτως
2771 5515 2910 5568 αὐτά
2941 5520 3051 5580 τοῖς
3080 5518 3273 5589 πένησι
3304 5521 3630 5593 χορηγῶμεν
3651 5566 3670 5590 ,

2097 5594 2295 5657 εἰδότες
2316 5593 2398 5648 ὅτι
2424 5595 2567 5667 άπερ
2600 5596 2665 5649 ἂν
2687 5598 2720 5667 ἡ
2751 5598 2871 5668 χείρ
2896 5599 3076 5670 ἐκείνη
3102 5601 3340 5671 δέξηται,
3363 5604 3461 5657 οὐκ
3487 5605 3680 5661 ἐκεῖνα,

2097 5677 2254 5744 μόνον
2282 5677 2623 5743 ἀποδίδωσιν,
2647 5680 2781 5733 ἀλλά
2810 5681 2903 5734 καὶ
2934 5683 3329 5738 πολυπλασίονα
3353 5685 3422 5740 τὰ
3445 5687 3666 5744 δοθέντα

2099 5754 2252 5822 οὗτος
2275 5761 2404 5830 ἡμῖν
2427 5762 2564 5816 αὐτά
2587 5763 2747 5815 πάλιν
2786 5765 3106 5834 χαρίζεται,
3139 5767 3240 5836 τὴν
3275 5770 3480 5823 οἰκείαν
3520 5771 3669 5840 φιλο-

2101 5844 2290 5912 τιμίαν
2309 5843 2396 5897 διά
2421 5845 2634 5898 πάντων
2656 5846 3115 5918 ἐπιδεικνύμενος.
3160 5851 3268 5903 Καὶ
3297 5853 3350 5904 τί
3379 5853 3519 5920 λέγω
3544 5892 3558 5912 ,
3587 5854 3668 5904 ὅτι

2103 5926 2238 5983 αὐτά
2278 5927 2436 5986 πάλιν
2475 5928 2928 5999 πολυπλασιάζει;
2986 5933 3046 5988 Ἠ
3087 5935 3206 6005 χεὶρ
3247 5936 3425 6007 ἐκείνη
3457 5937 3687 5992 δίδωσινη
