4168 6264
531 369 634 423 485

533 486 630 538 οὐκ
657 482 790 538 αὐτά
823 479 998 550 μόνον,
1035 479 1168 534 ἀλλά
1193 481 1329 550 μετά
1351 480 1554 534 τούτων
1577 480 1670 532 καὶ
1691 479 1787 548 τήν
1821 479 2096 548 βασιλείαν

529 569 638 620 τῶν
660 566 720 617 οὐ
730 563 902 633 ρανῶν
927 563 1198 633 δωρεῖται,
1220 563 1312 615 καὶ
1328 560 1690 631 ἀνακηρύττει
1713 562 1803 614 καὶ
1823 564 2092 631 στεφανοῖ,

530 649 625 702 καὶ
665 647 736 700 τά
783 647 950 717 μυρία
995 644 1172 712 ἀγαθὰ
1216 643 1518 715 χαρίζεται,
1567 641 1664 696 ἐὰν
1712 643 1774 694 ἐκ
1807 643 1916 697 τῶν
1965 643 2094 712 παρ’

527 730 692 784 αὐτοῦ
731 729 989 782 δοθέντων
1031 725 1226 796 μικρόν
1269 743 1321 778 τι
1366 725 1691 791 εἰσενεγκεῖν
1725 721 2090 794 βουληθῶμεν.

527 813 618 883 Μή
657 811 763 881 γάρ
796 808 930 880 βαρύ
954 825 1005 860 τι
1035 809 1128 860 καὶ
1160 807 1395 876 ἐπαχθὲς
1424 807 1552 878 παρ’
1579 805 1734 876 ἡμῶν
1765 807 1904 859 αἰτεῖ
1923 819 1982 871 ες
2013 807 2095 863 Τὰ

527 913 592 947 πε
602 892 753 964 ριττά
783 891 880 958 τῆς
911 889 1097 960 χρείας
1120 887 1364 958 βούλεται
1396 888 1666 956 ἀναγκαῖα
1694 888 1840 958 ἡμᾶς
1867 889 2092 958 ποιήσα-

525 976 668 1040 σθαι,
700 975 792 1028 καὶ
815 973 957 1042 ειπερ
999 971 1123 1039 εἰκῆ
1167 971 1259 1023 καὶ
1295 969 1470 1040 μάτην
1499 970 1558 1021 ἐν
1587 971 1697 1033 τοῖς
1717 969 1982 1040 ταμιείοις
2009 971 2094 1022 ἐν-

521 1058 834 1115 απόκειται,
874 1054 1048 1108 ταῦτα
1085 1051 1330 1121 βούλεται
1367 1051 1455 1120 ὐφ’
1489 1051 1644 1121 ἡμῶν
1689 1051 1868 1104 αὐτῶν
1913 1051 2092 1114 καλῶς

519 1139 929 1209 διανεμηθῆναι,
953 1137 1038 1188 ῖνα
1057 1135 1310 1205 ἀφορμὴν
1331 1134 1509 1189 λαϐὼν
1538 1133 1804 1200 ἐντεῦθεν,
1827 1133 2090 1205 λαμπρῶς

519 1225 666 1292 ήμόὶς
695 1218 1036 1292 στεφανώσῃ.
1081 1216 1307 1268 Σπεύδει
1351 1215 1460 1286 γάρ
1499 1217 1594 1270 καὶ
1637 1216 1950 1284 ἐπείγεται,
1996 1219 2090 1270 καὶ

519 1308 696 1360 πάντα
722 1304 865 1354 ποιεῖ
895 1301 988 1353 καὶ
1024 1297 1488 1368 πραγματεύεται,
1523 1297 1663 1351 ὥστε
1687 1297 1914 1364 ἀξιῶσαι
1943 1299 2088 1369 ἡμᾶς

517 1383 592 1442 ὧν
623 1388 716 1439 καί
743 1381 1124 1454 ἐπηγγείλατο.

587 1467 648 1521 ε’.
676 1469 768 1535 Μὴ
800 1465 977 1519 τοίνυν
1004 1463 1222 1526 ἑαυτοὺς
1253 1461 1729 1531 ἀποστερήσωμεν,
1766 1461 2084 1533 παρακαλῶ,

517 1551 625 1603 τῶν
660 1547 931 1602 τοσούτων
967 1543 1204 1614 ἀγαθῶν.
1247 1544 1307 1596 Εἰ
1356 1543 1462 1614 γὰρ
1493 1544 1542 1596 οἰ
1573 1543 1698 1614 περὶ
1725 1543 1821 1614 τὴν
1854 1545 1957 1614 γῆν
1987 1561 2086 1598 πο-

516 1633 764 1702 νούμενοι
801 1630 895 1684 καὶ
924 1626 1412 1697 ταλαιπωροῦντες,
1443 1625 1541 1688 τάς
1566 1625 1770 1679 ἑαυτῶν
1803 1627 2086 1697 ἀποθήκας

515 1715 818 1777 κενοῦντες,
855 1714 933 1776 εἰς
963 1711 1059 1782 τὴν
1095 1712 1198 1778 γῆν
1233 1708 1628 1762 καταϐάλλουσι
1657 1707 1724 1761 τά
1761 1709 2082 1780 σπέρματα,

515 1801 610 1854 καὶ
636 1798 707 1852 τὰ
729 1795 894 1851 πάλαι
926 1791 1239 1861 συνηγμένα
1283 1789 1653 1860 σκορπίζουσι,
1684 1791 1778 1843 καὶ
1811 1791 1928 1860 μεθ’
1962 1791 2084 1861 ήδο-

517 1882 612 1952 νῆς
652 1879 809 1932 τοῦτο
859 1874 1106 1938 ποιοῦσι,
1141 1875 1205 1943 τῇ
1248 1872 1421 1926 ἐλπίδι
1452 1872 1546 1925 τοῦ
1584 1871 1825 1934 πλείονος
1860 1874 2084 1935 ἐαυτοὺς

515 1959 1017 2036 παραμυθούμενοι,
1061 1957 1154 2010 καὶ
1195 1955 1362 2008 ταῦτα
1397 1954 1594 2017 εἰδότες
1637 1957 1712 2019 ὼς
1765 1956 1860 2008 καὶ
1906 1955 2083 2024 ἀέρων

512 2045 815 2116 ἀνωμαλίαι
867 2041 1142 2104 πολλάκις,
1191 2039 1286 2092 καὶ
1317 2037 1422 2107 γῆς
1465 2039 1742 2110 ἀκαρπία,
1779 2039 1873 2092 καὶ
1901 2039 2082 2108 ἕτεραι

511 2130 701 2184 πολλαὶ
751 2124 1118 2196 περιστάσεις,
1174 2121 1208 2192 ἢ
1265 2119 1500 2192 ἀκρίδων
1591 2120 1980 2192 στρατόπεδον,
2045 2120 2078 2191 ἢ

511 2211 768 2284 ἐρυσίϐης
793 2207 1023 2279 ήέφοδος
1045 2207 1144 2274 τῆς
1161 2204 1484 2276 προσδοκίας
1495 2204 1810 2274 διαμαρτεῖν
1833 2203 2078 2274 ἐποίησε,

509 2291 602 2350 καὶ
626 2295 773 2364 ὅμως
799 2293 916 2353 ταῖς
946 2289 1209 2360 χρησταῖς
1252 2286 1460 2340 ἐλπίσιν
1494 2287 1720 2350 ἑαυτοὺς
1751 2287 2038 2358 τρέφοντες
2061 2321 2078 2350 ,

507 2379 577 2432 τὰ
606 2380 664 2430 ἐν
702 2376 814 2437 τοῖς
854 2371 1119 2440 ταμιείοις
1155 2368 1469 2438 συνηγμένα
1499 2369 1566 2438 τῇ
1596 2371 1666 2438 γῇ
1705 2366 2080 2440 παρακατατί-

509 2461 693 2514 θενται
724 2473 738 2488 ’
771 2453 950 2522 πολλῷ
988 2451 1184 2522 μᾶλλον
1223 2451 1370 2520 ήμᾶς
1412 2449 1481 2502 τά
1526 2449 1710 2513 ἁπλῶς
1745 2449 2080 2521 ἀποκείμενα

511 2539 827 2612 σκορπίζειν
851 2538 928 2598 εἰς
949 2534 1046 2604 τὴν
1079 2532 1188 2584 τῶν
1213 2533 1458 2602 πενήτων
1475 2533 1764 2604 διατροφὴν
1783 2533 2076 2603 προσῆκεν,

509 2626 639 2679 ῑνθα
667 2625 767 2676 οὐκ
799 2620 877 2673 ἐνι
910 2617 1040 2671 ποτέ
1076 2617 1392 2687 διαμαρτεῖν
1412 2614 1506 2668 τοῦ
1534 2615 1738 2680 τέλους,
1766 2616 1886 2669 οὐδέ
1907 2616 2080 2670 δεῖσαι

507 2709 606 2780 τὴν
639 2701 936 2773 ἀποτυχίαν
972 2701 1070 2772 τὴν
1097 2699 1188 2751 ἐπὶ
1216 2698 1789 2780 τῆςᾼγῆςγινομένην.
1837 2699 2080 2768 Ἐσκόρ-

508 2777 650 2843 πισε
675 2789 805 2858 γὰρ,
837 2783 1020 2854 φησὶν,
1050 2781 1232 2836 ἔδωκε
1255 2777 1380 2845 τοῖς
1397 2779 1675 2849 πένησιν.
1737 2779 1876 2834 Ἀλλ’
1917 2782 2081 2836 άκουε

509 2871 728 2926 καὶτῶν
753 2869 878 2938 ἑξῆς
904 2883 916 2897 ’
959 2865 1028 2921 Ἡ
1064 2863 1415 2930 δικαιοσύνη
1456 2862 1642 2916 αὐτοῦ
1661 2863 1832 2932 μένει
1858 2866 1946 2930 εὶς
1975 2866 2081 2917 τὸν

508 2954 693 3010 αἰῶνα
716 2952 822 3006 τοῦ
847 2948 1083 3013 αἰῶνος.
1139 2946 1203 2997 Ὢ
1246 2945 1548 3014 θαυμασίου
1582 2945 1944 3017 σκορπισμοῦ.
1993 2947 2080 2999 Ἐν

511 3039 700 3110 βραχεῖ
743 3034 820 3105 τῷ
861 3031 1037 3104 χρόνῳ
1073 3030 1172 3098 τὴν
1214 3026 1474 3098 διανομὴν
1521 3030 1845 3099 ἐποιήσατο,
1897 3029 1990 3082 καὶ
2021 3030 2081 3082 ἐν

508 3119 742 3190 διτινέκεῖ
777 3116 855 3186 τῷ
897 3114 1052 3170 αἰῶνι
1087 3115 1120 3182 ή
1162 3110 1476 3181 δικαιοσύνη
1525 3111 1687 3165 αὐτοῦ
1719 3113 1980 3182 διαμένει.
2015 3112 2079 3164 Τί

507 3209 694 3256 τούτου
727 3197 1191 3271 μακαριστότερον
1221 3195 1416 3262 γένοιτ’
1459 3193 1524 3247 ἀν
1556 3211 1723 3260 ποτε;
1757 3195 1854 3249 Διά
1888 3195 2077 3260 τοῦτο,

507 3281 848 3356 παρακαλῶ,
899 3281 998 3349 τὴν
1046 3277 1133 3329 διά
1179 3277 1277 3345 τῆς
1325 3274 1691 3356 ἐλεημοσύνης
1737 3276 2080 3348 δικαιοσύνην

507 3355 720 3428 ἑαυτοῖς
773 3359 1221 3428 ἐπισπασώμεθα,
1262 3359 1327 3411 ἵν’
1447 3359 1540 3411 καὶ
1577 3359 1702 3429 περὶ
1739 3359 1896 3428 ἡμῶν
1925 3359 2080 3413 τοῦτο

505 3443 1021 3516 λέγεσθαιᾶξιον,ὅτι
1043 3442 1426 3512 Ἐσκόρπισαν,
1453 3439 1658 3495 ἔδωκαν
1690 3445 1800 3504 τοῖς
1832 3441 2078 3513 πένησιν,

505 3535 539 3602 ὴ
577 3527 889 3597 δικαιοσύνη
927 3523 1104 3578 αὐτῶν
1131 3523 1282 3594 μένει
1311 3525 1390 3586 εἰς
1420 3521 1512 3575 τὸν
1544 3522 1716 3576 αἰῶνα
1745 3522 1838 3576 τοῦ
1863 3523 2076 3588 αῐῶνος.

520 3612 736 3682 ,Επειδὴ
776 3609 884 3684 γὰρ
929 3604 1099 3670 εἶπεν,
1125 3605 1549 3673 Ἐσκόρπισεν,
1590 3604 1832 3668 ἔδωκεν,
1881 3605 1966 3658 ἵνα
2005 3606 2078 3684 μὴ

507 3696 733 3772 νομίσῃς
786 3683 866 3745 ὅτι
909 3690 976 3744 τά
1023 3688 1420 3760 σκορπισθέντα
1463 3685 1745 3752 ἀπώλετο,
1786 3686 1872 3741 διά
1923 3683 2080 3742 τοῦτό

501 3771 712 3852 ταχέως
743 3777 1040 3848 ἐπήγαγεν,
1083 3774 1154 3827 Ἡ
1170 3771 1524 3839 δικαιοσύνη
1560 3771 1746 3825 αὐτοῦ
1786 3771 1954 3841 μένει
1992 3775 2078 3840 εὶς

503 3853 612 3918 τὸν
640 3861 822 3915 αἰῶνα
847 3859 951 3912 τοῦ
981 3856 1213 3922 αἰῶνος.
1256 3853 1512 3908 Ἐκείνων
1533 3894 1548 3919 ,
1589 3854 1720 3924 φησὶ
1738 3895 1752 3918 ,
1789 3855 1897 3908 τῶν
1921 3873 2078 3928 σκορ-

505 3945 801 4008 πισθέντων
821 3944 853 4014 ή
877 3937 1187 4006 δικαιοσύνη
1215 3937 1486 3999 ἀνάλωτος
1515 3937 1652 4009 μένῃ
1665 3938 1710 4006 ι»,
1741 3936 1893 4008 [558]
1917 3939 2078 3992 παντὶ

501 4029 580 4100 τῷ
596 4027 750 4082 αἰῶνι
768 4021 1230 4094 παρεκτεινομένη
1262 4019 1353 4072 καὶ
1373 4019 1638 4089 μηδέποτε
1673 4019 1846 4092 πέρας
1869 4020 2078 4088 λαμϐά-

509 4105 688 4166 νουσα.
741 4109 850 4161 Καὶ
895 4106 1031 4176 μετά
1077 4104 1176 4174 τῆς
1221 4101 1587 4174 ἐλεημοσύνης
1637 4101 1730 4154 καὶ
1774 4103 1872 4172 τῆς
1911 4103 2076 4171 ἄλλης

504 4194 702 4266 ἀρετῆς
736 4188 935 4257 πολλὴν
965 4187 1063 4254 τὴν
1087 4183 1405 4252 ἐπιμέλειαν
1439 4181 1793 4266 ποιησώμεθα
1817 4224 1831 4246 ,
1874 4187 1967 4236 καὶ
2009 4184 2077 4238 τὰ

507 4264 652 4344 πάθη
688 4273 786 4342 τῆς
817 4269 1016 4340 σαρκὸς
1046 4266 1516 4334 καταστέλλωμεν,
1544 4265 1636 4322 καὶ
1668 4264 1998 4336 ἐξορίσωμεν
2013 4268 2074 4320 ἐκ

415 4407 418 4410 ~
501 4361 600 4430 τῆς
633 4355 839 4410 ἑαυτῶν
878 4351 1057 4422 ψυχῆς
1090 4351 1266 4402 πᾶσαν
1299 4348 1589 4416 ἐπιθυμίαν
1629 4349 1826 4401 ἄτοπον
1850 4390 1864 4412 ,
1902 4352 2072 4403 πάντα

501 4429 738 4511 πονηρὸν
766 4435 1045 4505 λογισμὸν,
1077 4433 1266 4504 ὀργὴν,
1298 4429 1486 4500 θυμὸν,
1522 4431 1837 4500 βασκανίαν,
1863 4436 1956 4485 καὶ
1978 4433 2074 4503 τὴν

501 4521 802 4594 εὐμορφίαν
824 4519 924 4588 τῆς
948 4517 1125 4587 ψυχῆς
1147 4515 1234 4568 διὰ
1263 4515 1476 4568 πάντων
1507 4513 1954 4585 καλλωπίζωμεν,
1987 4517 2072 4570 ἵνα

499 4606 724 4680 φαιδρὸν
764 4605 932 4673 αὐτῆς
971 4603 1063 4654 καὶ
1106 4601 1354 4670 λαμπρὸν
1395 4599 1454 4650 τὸ
1489 4597 1680 4660 κάλλος
1727 4599 2067 4660 κατασκευά-

500 4679 692 4754 σαντες
717 4684 1152 4754 ἐπισπασὼμεθα
1181 4684 1393 4743 ἑαυτοῖς
1433 4680 1524 4742 τὸν
1552 4680 1660 4731 τῶν
1689 4679 1931 4749 οὐρανῶν
1979 4683 2074 4732 Δε-

499 4775 738 4844 σπότην,
783 4771 878 4824 καὶ
927 4766 1092 4838 μονὴν
1132 4766 1260 4834 παρ’
1295 4766 1425 4834 ήμῖν
1467 4759 1778 4832 καταξιώσῃ
1828 4764 2068 4832 ποιῆσαι.

502 4857 671 4909 Ἔνθα
716 4854 823 4924 γὰρ
875 4853 940 4905 ἂν
993 4849 1076 4920 ἴδῃ
1125 4849 1298 4917 ψυχῆς
1343 4844 1666 4915 εὐμορφίαν,
1710 4845 1910 4907 εὐθέως
1960 4847 2075 4898 ἐκεῖ

498 4939 811 5010 ἐφίπταται.
842 4933 1011 4998 Αὐτὸς
1035 4931 1142 5004 γὰρ
1169 4929 1408 5000 εἴρηκεν,
1435 4928 1514 4980 ὅτι
1533 4927 1658 4980 Ἐπὶ
1685 4927 1818 4978 τίνα
1838 4927 2072 4980 ἐπιϐλέ-

495 5025 616 5089 ψω,
639 5019 774 5082 ἀλλ’
802 5017 837 5084 ἢ
865 5017 963 5070 ἐπὶ
995 5014 1101 5067 τὸν
1125 5011 1347 5080 πρᾶον,
1380 5012 1476 5065 καί
1513 5011 1802 5080 ἡσύχιον,
1837 5010 1932 5064 καί
1973 5026 2070 5062 τα-

497 5103 730 5167 πεινὸν,
778 5100 876 5154 καὶ
919 5095 1208 5171 τρέμον-τά
1245 5113 1364 5166 μου
1417 5095 1558 5158 τοὺς
1593 5095 1816 5163 λόγους
1839 5110 1858 5158 ;
1923 5089 2073 5158 Εἶδες

496 5187 614 5250 πῶς
642 5184 786 5255 ἡμᾶς
819 5180 1056 5244 ἐδίδαξεν
1083 5179 1298 5231 ἅπαντα
1329 5177 1396 5229 τὰ
1427 5177 1768 5248 πνευματικά
1807 5177 2072 5248 χρώματα

496 5272 563 5324 τά
586 5263 861 5339 δυνάμενα
884 5265 982 5334 τῆς
1007 5261 1184 5332 ψυχῆς
1210 5261 1307 5331 τὴν
1330 5261 1631 5330 εὐμορφίαν
1652 5261 1880 5328 φαιδρὰν
1902 5263 2072 5331 ἀπερ-

495 5351 764 5424 γάσασθαι
799 5361 860 5416 ο;
896 5345 1026 5402 Ἐπὶ
1051 5347 1156 5398 τὸν
1181 5342 1371 5412 πρᾶον
1395 5384 1409 5408 ,
1441 5343 1574 5412 φησὶ
1600 5385 1614 5408 ,
1647 5343 1745 5396 καί
1779 5343 2069 5424 ἡσύχιον,

495 5423 596 5490 καὶ
646 5433 947 5487 ταπεινόν.
1005 5426 1138 5482 Εἶτα
1192 5427 1252 5480 τὸ
1302 5425 1518 5488 πάντων
1575 5423 2073 5479 κατασκευαστικὸν

499 5519 768 5588 ἐπήγαγε,
796 5515 904 5570 Καί
939 5509 1227 5581 τρέμον·τά
1251 5527 1369 5578 μου
1403 5509 1540 5574 τοὺς
1569 5509 1810 5576 λόγους.
1858 5508 1922 5560 Τί
1958 5509 2074 5560 ἐστι

502 5601 580 5658 τὸ.
617 5601 726 5654 Καὶ
751 5595 1040 5668 τρέμοντα
1071 5611 1190 5662 μου
1231 5591 1374 5657 τοὺς
1394 5593 1650 5658 λόγους
1692 5591 1802 5668 Τήν
1832 5590 2074 5660 ὑπακοὴν

565 5697 590 5725 ⁸
617 5691 840 5751 Quinque
865 5701 990 5751 xps_s._
1002 5687 1112 5751 παρ’
1137 5687 1272 5746 ἡμῶν
1304 5683 1524 5740 ἐπιζητεῖ.

561 5753 593 5792 1)
618 5747 777 5800 Savilf
797 5757 848 5795 et
869 5747 1012 5796 Coisl.
1041 5747 1182 5808 μένει.

567 5819 588 5844 ε
625 5803 1162 5872 Ἀπεργάσασθαιεῡυω
1185 5807 1238 5872 ig
1260 5803 1412 5872 e_diti_§
1429 5813 1533 5865 pos!
1549 5807 1671 5872 hanc
1695 5815 1862 5872 yogem
1886 5815 2066 5872 seque-

505 5875 682 5924 bantur
718 5867 816 5926 (καὶ
840 5871 909 5928 τῷ
929 5869 1090 5914 κάλλει
1117 5867 1336 5928 ,σφοδρῶς
1368 5867 1802 5924 ἐξαστρᾶπτεσθαι).
1825 5871 2068 5928 ᾏ-ξρρίραι

513 5948 627 5982 mss.
671 5924 864 5978 abslvnt.
887 5924 1011 5974 'adeo
1038 5924 1298 5984 ἀτεσὲατέί,
1323 5933 1373 5974 ut
1399 5939 1571 5974 mnum
1595 5937 1692 5973 non
1713 5928 1772 5974 sit
1792 5925 1907 5976 sill.
1939 5924 2068 5977 Saxi-

501 5995 621 6048 lium
644 5989 935 6044 los-serium
956 5989 1084 6036 nolis
1105 5999 1133 6046 ρ
1174 5985 1249 6034 25.

1224 366 1279 420 S.
1320 361 2126 420 JOANNISCHRYSOSTOMI
2166 365 2486 423 ΑιιιιιιιΕΡ.
2527 365 3076 423 CONSTANTINOP.

3667 373 3776 428 486

2206 479 2313 532 τῶν
2340 482 2434 534 τοῦ
2471 482 2605 536 Θεοῦ
2635 483 3068 556 προσταγμάτων
3105 481 3171 534 δι’
3219 483 3398 536 αὐτῶν
3441 483 3550 538 τῶν
3599 485 3782 555 εργων

2206 562 2520 632 πληροῦντα
2541 604 2555 629 ,
2598 565 2848 638 καθάπερ
2879 565 2973 618 καὶ
3001 563 3236 633 ἀλλαχοῦ
3269 581 3402 634 φησι
3429 581 3444 596 ·
3477 567 3790 634 Μακάριος·

2205 643 2272 710 ὃς
2329 647 2738 715 καταπτήσσει
2795 647 2992 700 πάντα
3041 645 3115 698 δι’
3173 647 3512 701 εὐλάϐειαν.
3564 649 3628 702 Εἰ
3667 651 3780 720 γὰρ

2203 723 2382 794 ἡμεῖς,
2415 727 2636 781 ἐπειδάν
2691 728 2890 798 ἴδωμεν
2929 727 3146 797 οἰκέτην
3183 728 3451 799 ἡμέτερον
3495 731 3613 799 μετ’
3656 732 3780 784 ἐπι-

2207 806 2425 876 μελείας
2466 808 2665 878 πολλῆς
2701 809 2770 862 τά
2813 809 3161 878 ἐπιτάγματα
3204 809 3514 880 πληροῦντα
3539 811 3608 863 τὰ
3639 809 3778 882 ήμέ-

2200 903 2355 956 τερα,
2387 889 2480 942 καὶ
2508 889 2702 943 πολλοῦ
2725 889 2819 944 τοῦ
2846 890 3011 960 φόϐου
3041 889 3134 944 καὶ
3157 890 3250 943 τοῦ
3285 892 3486 961 τρόμου
3503 932 3519 958 ,
3555 893 3774 947 πλείονα

2199 970 2298 1039 τὴν
2337 973 2464 1040 παρ’
2497 972 2706 1026 ἑαυτῶν
2733 971 2945 1026 εὔνοιαν
2981 972 3076 1024 καὶ
3113 971 3456 1042 συμπάθειαν
3492 976 3571 1038 εἰς
3609 975 3774 1029 αὐτὸν

2199 1051 2614 1122 ἐπιδεικνύμεθα
2637 1070 2650 1084 ·
2675 1053 2854 1124 πολλῷ
2883 1053 3080 1123 μᾶλλον
3111 1053 3178 1106 ἂν
3206 1055 3235 1106 ό
3259 1054 3463 1122 ἀγαθὸς
3497 1057 3774 1126 Δεσπότης

2199 1133 2280 1194 εἰς
2307 1135 2454 1203 ἡμᾶς
2483 1133 2642 1188 τοῦτο
2669 1135 3020 1205 ἐπιδείξηται.
3047 1135 3146 1188 Διά
3170 1133 3330 1188 τοῦτο
3359 1136 3538 1190 τοίνυν
3565 1137 3770 1206 ἔλεγεν*

2212 1213 2336 1268 Ἐπ’
2365 1215 2598 1270 ἐκεῖνον
2620 1217 2922 1285 ἐπιϐλέψω
2953 1217 3062 1270 τὸν
3093 1216 3284 1284 πρᾶον
3301 1255 3317 1280 ,
3357 1219 3455 1272 καί
3491 1219 3770 1288 ἡσύχιον,

2199 1298 2300 1350 καὶ
2331 1299 2622 1368 τρέμοντα
2647 1317 2766 1368 μου
2791 1316 2934 1364 τους
2966 1299 3208 1368 λόγους.
3250 1300 3554 1370 Τρέμωμεν
3567 1302 3770 1365 τοίνυν,

2198 1381 2498 1450 παρακαλῶ
2521 1421 2536 1446 ,
2567 1381 2662 1436 καὶ
2693 1381 2832 1450 μετά
2859 1381 3066 1434 πολλοῦ·
3097 1381 3262 1450 φόϐου
3289 1381 3582 1452 πληρῶμεν
3603 1383 3770 1438 αὐτοῦ

2194 1463 2324 1526 τοὺς
2375 1463 2790 1529 λόγουςοαύτοῦ
2833 1465 2937 1535 γάρ
2975 1467 3080 1517 εἰσι
3123 1463 3272 1532 λόγοι
3313 1464 3382 1516 τά
3433 1466 3564 1536 παρ’
3603 1463 3770 1520 αὐτοῦ

2196 1545 2327 1615 ήμῖν
2374 1547 2595 1600 δοθέντα
2645 1548 3046 1618 προστάγματα
3087 1563 3099 1575 ·
3149 1549 3243 1600 καὶ
3309 1544 3569 1616 μαθόντες
3625 1547 3772 1602 τίσιν

2196 1627 2508 1697 ἀρέσκεται,
2555 1629 2648 1682 καὶ
2693 1628 2813 1682 τίνα
2873 1629 3170 1699 προσίεται,
3223 1629 3410 1683 ἐκεῖνα
3450 1629 3720 1700 μετίωμεν
3749 1667 3766 1694 ,

2195 1711 2287 1762 καὶ
2323 1711 2552 1764 τοιοῦτοι
2591 1712 2841 1781 γενέσθαι
2877 1710 3285 1781 σπουδάζωμεν,
3312 1710 3563 1782 ἡσυχίαν,
3593 1712 3768 1783 πραό-

2194 1805 2350 1860 τητα,
2389 1793 2716 1848 ταπείνωσιν
2748 1792 2956 1864 πολλὴν
2987 1793 3440 1862 ἐπιδεικνύμενοι,
3467 1794 3562 1846 καὶ
3589 1795 3769 1848 πάντα

2193 1873 2262 1926 τά
2295 1874 2426 1946 παρ’
2466 1876 2630 1929 αὐτοῦ
2664 1877 3011 1948 ἐπιτάγματα
3079 1876 3197 1946 μετ’
3235 1875 3520 1940 εὐλαϐείας
3567 1877 3768 1946 πολλῆς

2196 1959 2584 2028 μετερχόμενοι
2613 1960 2707 2012 καὶ
2737 1959 2900 2028 φόϐου
2925 1958 3144 2024 πολλοῦ,
3174 1960 3260 2012 ἵνα
3281 1959 3380 2028 τὴν
3403 1959 3640 2016 διάθεσιν
3667 1961 3768 2030 τῆς

2191 2037 2415 2110 γνώμης
2445 2041 2544 2111 τῆς
2565 2041 2838 2113 ήμετέρας
2861 2041 3260 2112 ἀποδεξάμενος
3294 2041 3325 2093 ὁ
3361 2040 3469 2096 τῶν
3511 2042 3768 2096 ἁπάντων

2191 2121 2484 2193 Δεσπότης,
2498 2125 2592 2176 καὶ
2617 2122 2940 2194 ἀρκεσθεὶςά
2965 2123 3121 2193 ἡμῶν
3141 2126 3208 2194 τῇ
3231 2125 3465 2194 ὑπακοῇ,
3479 2123 3767 2193 ἐπιϐλέψαι

2187 2203 2276 2272 ἐφ’
2307 2206 2452 2274 ἡμᾶς
2473 2206 2808 2277 καταξιώσῃ.
2827 2206 2951 2260 Ἐὰν
2970 2209 3040 2274 γά
3047 2224 3078 2277 ρ
3099 2205 3260 2259 τοῦτο
3289 2209 3512 2276 ποιῆσαι
3532 2205 3767 2260 καταδέη

2193 2283 2370 2354 ξηται,
2387 2288 2444 2340 ἐν
2463 2287 2610 2360 πάσῃ
2626 2287 2894 2358 ἀσφαλείᾳ
2909 2290 2942 2358 ή
2951 2289 3057 2357 μᾶς
3071 2287 3420 2358 καταστήσει·
3439 2286 3770 2355 Ἐπιϐλὲψω

2191 2369 2321 2440 γὰρ,
2351 2371 2535 2440 φησὶν,
2559 2373 2680 2424 ἀντὶ
2703 2371 2822 2436 τοῦ,
2849 2372 3101 2442 προνοίας
3133 2370 3370 2438 ἀξιώσω,
3389 2373 3544 2440 χεῖρα
3569 2369 3763 2440 ὀρέξω,

2191 2453 2246 2506 ἐν
2281 2451 2482 2506 ἀπασιν
2505 2452 2889 2523 ἀντιλήψομαι,
2911 2453 3010 2516 τὰς
3030 2455 3159 2523 παρ’
3193 2451 3430 2522 ἐμαυτοῦ
3459 2451 3768 2520 φιλοτιμίας

2193 2535 2332 2604 μετά
2363 2535 2642 2604 δαψιλείας
2689 2535 2930 2606 παρέξω.
2973 2535 3155 2588 Ταῦτα
3200 2530 3292 2587 οὖν
3323 2533 3538 2587 ἅπαντα
3567 2533 3766 2604 μετίως

2193 2636 2312 2688 μεν,
2353 2619 2677 2692 παρακαλῶ,
2725 2619 2811 2672 ῖνα
2853 2618 3122 2691 ἐπιϐλέψῃ
3153 2617 3245 2672 καὶ
3272 2616 3358 2685 ἐφ’
3406 2617 3553 2686 ήμιῖς
3604 2616 3633 2666 ὁ
3669 2619 3768 2668 Δεε

2190 2701 2414 2772 σπότης,
2434 2702 2528 2754 καὶ
2541 2701 2898 2772 δυνηθείημεν
2917 2700 3011 2754 καὶ
3039 2701 3129 2754 τὸν
3156 2699 3396 2768 παρόντα
3413 2697 3528 2768 βίον
3546 2697 3766 2760 ἀλύπως

2189 2783 2454 2848 διανύσαι,
2482 2785 2574 2838 καὶ
2601 2784 2708 2837 τῶν
2739 2783 3040 2855 μελλόντων
3077 2781 3294 2852 ἀγαθῶν
3325 2783 3600 2851 ἐπιτυχεῖν
3618 2820 3634 2842 ,
3669 2781 3766 2850 χά-

2193 2882 2298 2934 ριτι
2355 2866 2451 2920 καὶ
2505 2865 2884 2937 φιλανθρωπίᾳ
2941 2865 3036 2920 τοῦ
3109 2864 3316 2932 Κυρίου
3375 2863 3532 2933 ήμῶν
3592 2861 3764 2933 Ἰησοῦ

2189 2947 2426 3017 Χριστοῦ
2447 2987 2460 3010 ,
2497 2947 2616 3018 μεθ’
2647 2943 2708 3003 οὗ
2733 2947 2811 3019 τῷ
2845 2947 3022 3020 Πατρὶ
3057 2946 3175 3016 ἅμα
3205 2945 3284 3015 τῷ
3319 2944 3459 3016 άγίῳ
3489 2944 3764 3014 Πνεύματι

2188 3031 2336 3098 δόξα,
2369 3031 2588 3102 κράτος,
2624 3030 2778 3102 τιμή,
2811 3033 2908 3086 νῦν
2945 3031 3038 3084 καὶ
3056 3031 3162 3095 ἀεὶ,
3191 3029 3288 3082 καὶ
3311 3029 3392 3093 εἰς
3415 3029 3542 3092 τοὺς
3563 3028 3765 3090 αἰῶνας

2189 3115 2294 3168 τῶν
2325 3113 2556 3169 αἰώνων.
2603 3115 2794 3185 Ἀμήν.
3115 3161 3120 3166 .

2685 3195 2838 3268 [559]
2861 3197 3104 3268 οΜιΛιΑ
3127 3197 3269 3268 Νςν.

2187 3261 2338 3319 Εἷπε
2385 3265 2453 3318 δὲ
2479 3261 2705 3321 Ἰακὼό
2727 3261 2876 3334 πρὸς
2933 3266 3135 3320 Λάϐαν
3161 3282 3174 3296 ·
3209 3261 3466 3330 ἡἈπόδος
3498 3282 3617 3334 μοι,
3649 3263 3764 3328 τὴν

2258 3335 2512 3404 γυναῖκά
2556 3355 2675 3404 μου
2701 3353 2714 3365 ·
2748 3333 3167 3402 πεπλήρωνται
3219 3335 3329 3403 γὰρ
3391 3338 3450 3388 αἰ
3508 3333 3714 3403 ἡμέραι
3744 3372 3762 3397 ,

2259 3405 2420 3471 ὅπως
2446 3404 2698 3460 εἰσέλθω
2731 3405 2883 3473 πρὸς
2915 3404 3128 3470 αὑτήν.

2259 3487 2329 3541 α’.
2347 3487 2479 3541 Ἀπὸ
2505 3491 2604 3559 τῆς
2632 3489 2850 3558 ἀγάπης
2874 3487 2968 3541 τοῦ
3009 3485 3222 3551 Ἰακὼϐ,
3254 3487 3318 3556 ἣν
3352 3486 3480 3557 περὶ
3503 3485 3600 3558 τὴν
3639 3485 3764 3538 Ῥα-

2189 3569 2289 3640 χὴλ
2311 3570 2640 3638 ἐπεδείξατο,
2666 3574 2747 3634 είς
2775 3572 2874 3640 τὴν
2901 3569 3114 3624 Παύλου
3143 3568 3366 3638 ἀγάπην
3403 3567 3764 3637 μεταστάντες

2186 3652 2335 3722 χθὲς,
2379 3655 2472 3708 καί
2517 3653 2579 3706 τὸ
2633 3653 2858 3723 μέγεθος
2905 3653 3000 3705 τοῦ
3045 3651 3173 3720 περί
3199 3649 3289 3702 τὸν
3327 3650 3560 3721 Χριστὸν
3597 3650 3762 3702 πόθου

2188 3735 2354 3789 αὐτοῦ
2381 3735 2814 3805 καταμαθόντες,
2841 3735 3094 3805 καθάπερ
3120 3735 3222 3787 ὑπὸ
3255 3733 3434 3804 ῥύμης
3460 3733 3603 3796 τινὸς
3635 3749 3765 3802 σφυ-

2186 3818 2448 3890 δροτέρας
2497 3817 2930 3883 ὲξελκυσθέντες,
2973 3817 3179 3870 οὐκέτι
3217 3815 3514 3886 ἰσχύσαμεν
3545 3815 3636 3868 ἐπὶ
3665 3815 3764 3886 τὴν

2187 3900 2508 3954 ἀκολουθίαν
2536 3899 2851 3953 ἐπανελθεῖν
2895 3899 2988 3952 τοῦ
3027 3899 3208 3967 λόγου.
3257 3899 3482 3970 Διόπερ,
3515 3900 3562 3950 εἰ
3585 3897 3759 3964 δοκεῖ,

2189 3988 2426 4056 σήμερον
2459 3987 2570 4046 τοῖς
2601 3983 2727 4052 ἐξῆς
2769 3981 3166 4046 ἐπεξελθόντες,
3215 3981 3284 4034 τά
3328 3979 3611 4050 λειφθέντα
3636 3983 3763 4034 ἁνα-

2185 4067 2583 4138 πληρὼσωμεν,
2641 4066 2728 4117 ἵνα
2774 4064 2867 4117 καὶ
2913 4064 2977 4117 ἐκ
3014 4063 3124 4116 τῶν
3164 4065 3401 4133 σήμερον
3447 4063 3760 4132 λεγομένων

2187 4149 2464 4221 ἀρκοῦσαν
2485 4147 2752 4216 ὠφέλειαν
2777 4145 3222 4216 καρπωσάμενοι,
3245 4145 3414 4207 οὕτως
3444 4145 3621 4198 οἴκαδε
3657 4147 3758 4198 ἐπ-

2185 4233 2511 4301 ανέλθωμεν.
2553 4229 2771 4300 Ἐπειδὴ
2803 4229 2910 4299 γάρ
2936 4228 3224 4298 ἐπληρώθη
3254 4229 3283 4280 ό
3313 4227 3416 4280 τῶν
3446 4227 3583 4280 ἑπτὰ
3621 4227 3760 4280 ἐτῶν

2183 4313 2412 4384 ἀριθμὸς
2423 4353 2436 4374 ,
2448 4311 2555 4367 Καὶ
2573 4307 2755 4380 ἦσαν,
2770 4311 2952 4381 φησὶν,
2967 4310 3222 4364 ἐνώπιον
3237 4311 3442 4363 Ἰακὼϐ
3453 4311 3530 4374 ὡς
3549 4309 3760 4378 ἡμέραι

2184 4395 2379 4463 ὀλίγαι
2415 4395 2449 4445 ό
2483 4390 2772 4455 τοσοῦτος
2813 4391 3032 4458 χρόνος
3069 4389 3168 4443 διὰ
3207 4389 3274 4442 τὸ
3303 4389 3542 4456 ἀγαπᾷν
3571 4389 3760 4442 αὐτὸν·

2183 4473 2394 4539 αὐτὴν,
2427 4465 2556 4522 εἷπε
2580 4466 2660 4532 τῷ
2691 4467 2894 4520 Λάϐαν
2917 4485 2929 4497 ·
2965 4466 3208 4531 Ἀπόδος
3228 4483 3330 4533 μοι
3362 4465 3476 4533 τὴν
3505 4465 3759 4534 γυναῖκά

2177 4569 2296 4620 μου
2320 4567 2334 4586 η
2374 4547 2791 4614 πεπλήρωνται
2829 4546 2936 4616 γὰρ
2973 4549 3032 4598 αἱ
3057 4543 3264 4611 ἡμέραι
3291 4561 3426 4611 μου,
3451 4544 3608 4610 ὅπως
3631 4545 3758 4597 εἰσ-

2181 4631 2333 4684 ἐλθω
2348 4629 2495 4698 πρὸς
2509 4626 2721 4692 αὐτ-ἡν.
2745 4625 3051 4694 Συνήγαγε
3075 4623 3142 4677 δὲ
3157 4625 3354 4678 Λάϐαν
3373 4623 3604 4688 πάντας
3617 4623 3758 4688 τοὺς

2182 4709 2404 4776 ἄνδρας
2436 4705 2543 4760 τοῦ
2569 4705 2778 4768 τόπου,
2823 4703 2921 4756 καὶ
2969 4704 3219 4768 ἐποίησε·
3259 4701 3364 4755 τὸν
3400 4701 3608 4769 γάμον.
3647 4703 3757 4755 Καὶ

2181 4788 2416 4857 ἐγένετο
2459 4783 2706 4850 ἑσπέρα,
2760 4783 2859 4836 καί
2899 4783 3099 4836 ,λαϐὼν
3153 4780 3353 4834 Λιίϐαν
3399 4781 3581 4834 Λείαν
3641 4782 3758 4848 τὴν

2183 4867 2471 4938 θυγατέρα
2511 4863 2698 4918 αὐτοῦ
2719 4901 2733 4928 ,
2767 4863 3088 4931 εισήγαγεν
3117 4860 3310 4926 αὐτὴν
3343 4859 3490 4927 πρὸς
3533 4860 3752 4914 Ἰακὼϐ.

2251 4941 2404 5008 Εἶδες
2427 4944 2486 4996 τὸ
2511 4941 2738 4996 παλαιὸν
2765 4941 2879 5012 μεθ’
2898 4942 3029 5011 ὅσης
3047 4939 3374 5008 σεμνότητος
3399 4939 3525 5002 τοὺς
3544 4939 3757 5008 γάμους

2182 5023 2468 5077 ἐπετέλουν
2495 5041 2510 5088 ;
2549 5021 2910 5080 Ἀκούσατε,οἰ
2933 5019 3062 5089 περὶ
3091 5019 3188 5082 τὰς
3213 5017 3506 5080 σατανικάς
3531 5016 3758 5088 πομπὰς

2182 5101 2526 5172 ἐπτοημένοι,
2564 5101 2656 5152 καὶ
2699 5099 2756 5164 ἐξ
2803 5097 2979 5150 αὐτῶν
3017 5096 3123 5149 τῶν
3163 5097 3460 5167 προοιμίων
3491 5095 3560 5148 τὰ
3586 5094 3764 5165 σεμνά

2181 5181 2273 5234 τοῦ
2304 5181 2481 5250 γάμου
2518 5177 2985 5247 καταισχύνοντες.
3021 5176 3110 5245 Μή
3156 5193 3256 5228 που
3300 5175 3490 5236 αὐλοίς
3535 5176 3606 5244 μή
3654 5192 3758 5228 που

2183 5259 2473 5330 κύμϐαλα;
2531 5259 2602 5328 μή
2655 5273 2756 5309 που
2801 5257 3008 5326 χορεῖαι
3070 5253 3389 5320 σατανικαί;
3447 5254 3604 5314 Τίνος
3647 5253 3759 5323 γὰρ

2182 5339 2387 5400 ἕνεκεν,
2418 5337 2538 5390 εἰπέ
2576 5354 2684 5407 μοι,
2715 5333 2984 5403 τοσαύτην
3009 5331 3185 5403 λύμην
3211 5333 3411 5395 εὐθέως
3446 5333 3758 5401 ἐπεισάγεις

2182 5419 2261 5481 εἰς
2314 5418 2412 5488 τὴν
2449 5415 2662 5477 οἰκίαν,
2708 5415 2800 5467 καὶ
2839 5414 2969 5474 τοὺς
3009 5411 3118 5464 ἀπὸ
3159 5410 3261 5477 τῆς
3303 5411 3507 5480 σκηνῆς
3541 5409 3760 5478 καὶτῆς

2181 5498 2486 5567 ὀρχήστρας
2513 5494 2716 5556 καλεῖς,
2744 5494 2828 5545 ἵνα
2863 5491 3000 5561 μετά
3023 5491 3121 5559 τῆς
3145 5489 3370 5560 ἀκαίρου
3393 5489 3636 5558 δαπάνης
3663 5488 3760 5541 καὶ

2181 5578 2278 5646 τὴν
2329 5579 2424 5644 τῆς
2479 5573 2644 5642 κόρης
2687 5572 2901 5642 λυμήνῃ
2935 5567 3314 5639 σωφροσύνην,
3367 5569 3462 5620 καὶ
3507 5567 3600 5620 τὸν
3639 5567 3760 5646 νέον

2183 5645 2658 5724 ἀναισχυντότερον
2699 5649 2936 5719 ἐργάσῃ;
2979 5648 3284 5717 Ἀγαπητδν
3321 5646 3460 5716 γὰρ,
3511 5647 3606 5700 καὶ
3627 5645 3758 5698 ἀνευ

2183 5733 2384 5787 τούτων
2438 5731 2544 5784 τῶν
2599 5727 3038 5798 ὑπεκκαυμάτων
3065 5768 3078 5788 ,
3135 5725 3349 5795 ἐκείνην
3401 5727 3498 5796 τὴν
3545 5724 3758 5794 ἡλικίαν

2185 5809 2473 5879 δυνηθῆναι
2501 5805 2688 5876 πράως
2715 5805 2958 5871 ἐνεγκεῖν
2987 5801 3074 5854 τὸν
3104 5801 3347 5871 χειμῶνα
3385 5803 3491 5854 τῶν
3520 5801 3706 5854 παθῶν
3743 5819 3754 5828 '

2179 5878 2308 5939 ὅταν
2339 5887 2392 5937 δὲ
2425 5885 2516 5935 καὶ
2553 5881 2788 5935 τοσαῦτα
2885 5883 2950 5934 τά
2980 5880 3066 5932 διὰ
3097 5881 3193 5948 τῆς
3221 5879 3394 5947 ὅψεως
3425 5881 3514 5930 καὶ
3543 5878 3629 5930 διὰ
3659 5879 3756 5948 τῆς

2241 5984 2267 6024 ά
2288 5985 2434 6036 Savil.
2472 5991 2522 6032 et
2542 5983 2710 6032 More].
2741 5983 2998 6044 πιεσθείς,
3019 5981 3158 6030 mulli
3179 5994 3294 6030 mss.
3319 5983 3394 6029 mi
3423 5981 3651 6042 ἀρερϐε-ῗς.
