4168 6264
444 300 549 356 885

448 412 555 464 lum
583 407 775 474 reddit,
817 406 911 461 sed
939 420 1058 460 cum
1100 404 1201 457 illis
1228 417 1443 471 regnum
1474 400 1723 454 caelorum
1748 398 1928 459 donat,
1961 406 2015 450 et

347 496 353 502 ’
447 502 701 562 celebrat,
729 508 890 566 atque
915 506 1154 561 coronat,
1198 498 1580 561 immmeraque
1608 491 1742 543 bona
1774 489 2019 557 largitur,

447 592 605 643 modo
633 605 698 641 cx
722 588 786 641 iis
810 602 927 656 quae
954 588 1023 640 ab
1052 587 1166 653 ipso
1203 585 1325 637 data
1370 591 1493 635 sunt
1525 594 1740 649 parvum
1768 577 2015 647 quiddam

447 680 645 735 inferre
668 678 1011 732 voluerimus.
1039 677 1172 730 Num
1214 689 1376 744 grave
1403 671 1599 741 aliquid
1637 678 1691 723 et
1732 681 2015 721 onerosum

445 786 473 821 a
504 770 657 822 nobis
686 769 950 838 requirit?
991 768 1065 821 Ea
1094 782 1209 836 quae
1234 763 1502 818 abundant
1522 770 1576 815 et
1623 771 2024 827 supervacanea

444 867 570 912 sunt
600 859 770 923 nobis,
798 858 1092 912 necessaria
1122 855 1277 910 nobis
1299 853 1473 907 facere
1495 851 1613 905 vult
1638 868 1655 904 :
1681 860 1739 904 et
1759 864 1877 918 qua:
1904 849 2017 900 fru-

447 958 555 1001 stra
581 957 636 1003 et
652 948 702 1001 in
722 963 911 1001 vanum
934 948 984 1000 in
1004 945 1382 1015 promptuariis
1404 942 1634 1012 reposita
1658 948 1800 1001 sunt,
1827 953 1889 991 ea
1908 937 2024 991 vult.

448 1053 476 1089 a
505 1038 657 1091 nobis
682 1037 814 1090 bene
838 1036 1102 1097 distribui,
1128 1045 1185 1087 nt
1210 1033 1486 1087 occasione
1502 1040 1719 1098 accepta
1746 1029 1888 1093 hinc,
1920 1042 2018 1082 nos

445 1126 725 1194 splendide
750 1134 985 1180 coronet.
1019 1125 1254 1177 Festinat
1274 1123 1417 1178 enim
1445 1131 1497 1175 et
1523 1130 1690 1188 urget,
1719 1128 1876 1188 atque
1905 1133 2019 1171 om-

448 1216 535 1268 nia
557 1215 680 1267 facit
724 1208 776 1269 et
802 1215 1033 1278 molitur,
1072 1223 1129 1267 ut
1152 1212 1339 1282 dignos
1363 1226 1459 1266 nos
1484 1210 1668 1265 reddat
1693 1209 1755 1263 iis
1781 1222 1898 1278 qua:
1933 1208 2020 1263 ille

447 1306 712 1375 promisit.

521 1395 576 1447 5.
606 1393 940 1462 Eleemosyna
968 1390 1361 1444 commendatur.
1383 1418 1452 1428 —
1480 1386 1558 1442 Ne
1582 1386 1761 1457 igitur,
1791 1400 1972 1455 qumso
1999 1425 2021 1451 ,

447 1483 693 1551 nosipsos
746 1482 1011 1550 privemus
1065 1480 1223 1533 tantis
1269 1478 1442 1533 bonis.
1494 1476 1625 1530 Nam
1671 1477 1713 1529 si
1770 1473 2019 1528 laboriosi

446 1571 694 1641 agricola:
717 1586 911 1640 penum
943 1585 1091 1623 suum
1111 1578 1383 1632 evacuant,
1416 1578 1469 1621 et
1495 1565 1695 1619 semina
1720 1574 1874 1617 terra:
1894 1578 2021 1617 con-

447 1658 688 1723 credunt,
720 1670 772 1714 et
798 1661 922 1714 olim
949 1660 1166 1714 collecta
1190 1658 1522 1726 dispergunt,
1550 1656 1708 1724 idque
1750 1669 1872 1708 cum
1921 1669 2020 1708 νο-

449 1749 647 1818 Iuptate
680 1749 900 1812 faciunt,
921 1764 1013 1818 Spe
1036 1749 1234 1817 majora
1257 1745 1546 1816 recipiendi
1573 1761 1633 1799 se
1661 1746 1893 1798 solantes
1925 1762 1938 1797 :
1968 1753 2021 1798 et

446 1841 687 1910 quamvis
703 1840 871 1894 sciant
894 1855 1035 1907 smpe
1047 1840 1184 1893 aeris
1208 1838 1597 1906 intemperiem,
1623 1850 2020 1903 nonnumquam

446 1940 500 1986 et
529 1940 683 1985 terra:
712 1931 1047 1985 sterilitatem
1092 1930 1301 1998 aliaque
1328 1929 1491 1982 multa
1520 1927 1831 1992 accidentia,
1865 1937 1921 1979 ut
1944 1927 2022 1991 Io-

445 2031 715 2076 custarum
744 2022 1036 2075 exercitum
1067 2021 1081 2050 ¹
1104 2061 1118 2083 ,
1151 2029 1204 2073 et
1232 2017 1488 2086 rubiginis
1514 2018 1806 2083 incursum,
1834 2031 2021 2083 exspe-

445 2109 731 2164 ctationem
779 2124 930 2162 suam
980 2106 1276 2171 fefellisse;
1306 2115 1538 2159 attamen
1586 2106 1725 2159 bona
1771 2120 1867 2173 spe
1903 2119 2023 2160 sese

446 2201 677 2262 alentes,
704 2213 765 2251 ea
789 2214 907 2264 quae
932 2199 985 2250 in
1011 2197 1389 2265 promptuariis
1416 2196 1633 2249 collecta
1665 2206 1821 2260 sunt,
1866 2205 2022 2251 teme

447 2290 777 2344 concredunt
806 2305 818 2340 :
851 2288 1017 2342 multo
1038 2290 1204 2356 magis
1221 2302 1317 2340 nos
1332 2302 1448 2356 qua:
1473 2286 1671 2356 absque
1703 2302 1799 2340 usu
1827 2302 2020 2341 recon-

448 2377 558 2433 dita
585 2389 727 2442 sunt,
759 2378 1064 2445 dispergere
1087 2376 1137 2428 in
1169 2390 1455 2445 pauperum
1488 2391 1613 2429 usus
1649 2384 1703 2430 et
1746 2376 2020 2430 educatio-

451 2482 573 2521 nem
600 2468 863 2530 convenit,
892 2466 979 2517 ubi
1005 2480 1291 2532 numquam
1314 2479 1437 2534 spes
1457 2465 1705 2532 eluditur,
1734 2480 1906 2534 neque
1952 2466 2020 2520 tio

448 2555 637 2610 menda
660 2555 829 2622 aliqua
882 2563 1037 2608 terrae
1062 2554 1332 2607 sterilitas.
1361 2554 1495 2607 Dicit
1522 2554 1663 2608 enim
1694 2570 1707 2607 :
1735 2552 2015 2623 Dispersit,

447 2646 584 2699 dedit
603 2646 929 2716 pauperibus.
958 2644 1062 2699 Sed
1092 2645 1213 2698 audi
1239 2645 1397 2699 etiam
1422 2661 1539 2714 qua:
1560 2654 1855 2714 sequuntur
1888 2664 1904 2701 :
1929 2645 2023 2701 Ju-

445 2739 582 2792 stitia
610 2742 717 2807 ejus
734 2747 898 2790 manet
919 2738 971 2790 in
994 2738 1237 2792 steculum
1259 2738 1433 2790 seaculi
1458 2736 1631 2809 (Psal.
1668 2738 1791 2791 ill.
1823 2738 1855 2793 9
1977 2740 2020 2791 0

445 2831 740 2885 mirabilem
770 2831 1095 2883 sementem!
1130 2830 1282 2883 Brevi
1312 2839 1550 2899 tempore
1578 2830 1868 2897 distribuit,
1890 2839 1944 2885 et
1966 2831 2018 2885 in

446 2930 695 2990 perpetua
721 2920 913 2973 szecula
933 2919 1132 2987 justitia
1153 2920 1267 2987 ejus
1302 2928 1593 2987 permanet.
1613 2919 1749 2986 Quid
1766 2920 1869 2975 hoc
1890 2921 2018 2976 bea-

448 3011 557 3063 tius
584 3024 831 3079 umquam
859 3008 1054 3063 fuerit?
1081 3009 1280 3062 Idcirco
1304 3022 1425 3074 oro,
1454 3017 1512 3063 ut
1533 3009 1790 3077 justitiam
1817 3025 1935 3079 quae
1951 3026 2018 3065 ex

448 3098 787 3169 eleemosyna
809 3107 893 3155 est
919 3099 1070 3151 nobis
1098 3099 1455 3166 acquiramus,
1478 3108 1535 3151 ut
1560 3107 1613 3152 et
1642 3098 1707 3152 de
1733 3099 1886 3153 nobis
1935 3100 2018 3153 di-

443 3200 631 3251 catur:
669 3190 1063 3258 Disperserunt,
1112 3190 1371 3243 dederunt
1422 3191 1779 3258 pauperibus,
1816 3190 2019 3259 justitia

444 3295 628 3334 eorum
655 3289 833 3333 manet
859 3281 911 3332 in
942 3278 1191 3333 sarculum
1218 3279 1417 3333 smculi.
1451 3279 1735 3348 Postquam
1762 3280 1903 3332 enim
1938 3280 2019 3333 di-

442 3370 539 3430 xit,
568 3368 842 3444 Dispersit,
871 3369 1030 3434 dedit,
1064 3384 1133 3426 ne
1172 3380 1326 3437 putes
1353 3369 1591 3437 dispersa
1622 3368 1865 3436 periisse,
1900 3368 2018 3421 ideo

443 3459 618 3512 statim
649 3458 882 3514 subdidit
909 3477 921 3512 :
943 3458 1155 3511 Iustitia
1181 3459 1289 3526 ejus
1316 3468 1480 3511 manet
1493 3458 1546 3510 in
1563 3459 1803 3511 swculum
1820 3459 2013 3512 sa’culi.

442 3547 569 3611 Illis,
598 3548 789 3615 inquit,
818 3546 1094 3615 dispersis,
1113 3545 1314 3615 justitia
1338 3546 2011 3614 maneatinexpugnabilis,

440 3638 576 3692 etin
605 3652 764 3692 omne
810 3638 1063 3691 smculum
1116 3652 1176 3691 se
1224 3636 1478 3691 extendat
1519 3652 1806 3706 numquam
1855 3637 2014 3692 ﬁnem

441 3728 707 3783 habitura.
743 3729 911 3797 Atque
933 3744 1055 3782 cum
1082 3729 1420 3797 eleemosyna
1452 3729 1611 3781 etiam
1634 3728 1765 3781 alias
1796 3728 2015 3783 virtutes

440 3817 719 3887 diligenter
740 3832 1005 3882 curemus,
1038 3826 1093 3870 et
1117 3815 1424 3869 all'ectiones
1447 3816 1621 3869 carnis
1638 3820 2014 3884 reprimamus,

440 3916 500 3961 et-
547 3908 884 3961 eliminemus
915 3922 982 3960 ex
1018 3906 1193 3958 anima
1228 3917 1441 3959 omnem
1485 3905 1717 3959 illicitam
1760 3907 2013 3975 concupi-

439 3997 714 4060 scentiam,
738 4011 948 4049 omnem
966 3996 1157 4050 malam
1176 3994 1566 4064 cogitationem,
1595 3994 1748 4060 iram,
1774 3996 2016 4067 indigna-

438 4087 661 4150 tionem,
696 4084 945 4140 invidiam
968 4102 982 4151 ;
1005 4094 1059 4139 et
1078 4098 1330 4138 ornemus
1350 4084 1596 4139 omnibus
1624 4084 1795 4140 modis
1820 4087 2013 4142 anima:

438 4177 903 4246 pulchritudinem,
928 4186 982 4231 ut
1008 4179 1249 4232 claritate
1283 4177 1690 4247 pulchritudinis
1728 4179 1842 4248 ejus
1884 4196 2011 4236 con-

436 4268 681 4322 ciliemus
711 4267 863 4322 nobis
894 4268 1145 4322 caelorum
1176 4268 1479 4334 Dominum,
1514 4277 1569 4322 et
1597 4268 1741 4338 apud
1778 4285 1876 4325 nos
1916 4270 2011 4325 ha-

436 4358 606 4413 bitare
632 4359 896 4428 dignetur.
931 4359 1061 4413 Nam
1099 4359 1186 4412 ubi
1232 4358 1622 4413 videritanimze
1650 4371 2005 4429 venustatem,

435 4449 614 4501 statim
642 4450 905 4502 adveniet.
934 4448 1072 4502 Dixit
1090 4448 1231 4502 enim
1260 4465 1273 4499 :
1307 4447 1473 4517 Super
1492 4465 1639 4519 quem
1664 4451 1822 4503 alium
1842 4454 2008 4521 respi-

434 4538 566 4590 ciam
586 4553 735 4607 quam
761 4553 914 4604 super
942 4545 1257 4589 mansuetum
1284 4545 1331 4588 et
1356 4537 1577 4604 quietum
1601 4548 1645 4591 et
1670 4541 1930 4606 humilem,
1957 4551 2005 4596 et

436 4633 720 4677 trementem
746 4640 1002 4678 sermones
1027 4639 1163 4677 meos
1183 4623 1347 4695 (lsai.
1375 4625 1463 4679 66.
1493 4626 1548 4697 2)
1574 4626 1598 4679 ?
1654 4628 1839 4683 Vidisti
1867 4646 2005 4699 quo-

435 4714 596 4769 modo
639 4729 737 4767 nos
760 4714 942 4769 docuit
969 4728 1154 4767 omnes
1191 4714 1493 4783 spirituales
1533 4717 1762 4782 colores,
1815 4720 2006 4789 quibus

432 4805 624 4859 anima:
651 4804 989 4873 pulchritudo
1016 4813 1192 4874 potest
1234 4804 1515 4861 decorari?
1561 4807 1733 4876 Super
1768 4826 2004 4866 mansue-

431 4904 557 4962 tum,
583 4895 771 4963 inquit,
811 4903 857 4948 et
877 4896 1120 4966 quietum,
1153 4904 1199 4948 et
1227 4896 1486 4950 humilem.
1518 4897 1720 4953 Deinde
1736 4902 1875 4970 quod
1892 4902 2003 4958 hare

429 4986 606 5040 omnia
634 4984 804 5039 efﬁcit
845 4984 1085 5039 addidit:
1117 4982 1185 5038 Et
1230 4995 1516 5041 trementem
1546 5004 1801 5043 sermones
1846 5007 1998 5046 meos.

428 5077 565 5142 Quid
606 5086 708 5143 est,
765 5078 1081 5134 Trementem
1128 5098 1377 5137 sermones
1423 5084 1600 5136 meos?
1636 5083 1999 5141 Obedientiam

429 5166 520 5221 Dei
547 5169 811 5224 mandatis
831 5184 925 5238 per
944 5173 1057 5241 ipsa
1078 5187 1239 5241 opera
1271 5173 1601 5242 implentem,
1625 5175 1765 5243 quod
1795 5185 1849 5230 et
1873 5177 1999 5231 alibi

425 5257 554 5312 dicit
578 5278 591 5311 :
623 5259 809 5315 Beatus
835 5261 921 5331 qui
950 5264 1084 5316 timet
1110 5265 1279 5316 omnia
1303 5274 1504 5333 propter
1536 5267 1771 5333 pietatem
1800 5268 1994 5338 (Prov.

424 5348 512 5402 28.
530 5350 636 5419 III).
652 5349 787 5403 Nam
798 5351 841 5404 si
855 5366 970 5414 nos,
994 5367 1112 5406 eum
1131 5354 1368 5408 videmus
1380 5354 1632 5410 famulum
1652 5360 1739 5427 qui
1755 5361 1996 5414 mandata

424 5447 604 5493 nostra
624 5453 744 5493 cum
760 5440 1037 5510 diligentia
1059 5443 1542 5514 timoreque-multo
1561 5462 1622 5503 ac
1642 5457 1872 5505 tremore
1895 5451 1994 5505 im-

479 5605 492 5634 ¹
524 5603 928 5666 Vox,exercitum
947 5608 1320 5675 (στρατόπεδον),
1339 5613 1484 5664 deest
1504 5614 1553 5671 in
1575 5613 1863 5676 quibusdam
1885 5618 1995 5669 Mss.

1465 290 1529 344 IN
1568 288 1716 343 CAP.
1761 284 1950 341 XXIX.
1994 281 2237 340 GENES.
2271 286 2494 341 IIOMIL.
2538 286 2667 343 LVI.

3592 279 3701 348 ts's

2125 396 2271 461 plere
2298 407 2466 463 curat,
2494 380 2749 467 majorem
2774 414 2898 467 erga
2928 399 3072 453 illum
3103 399 3435 454 declaramus
3462 402 3694 459 benevo-

2125 485 2340 540 lentiam
2392 498 2447 543 et
2492 491 3009 545 commiscrationem
3049 507 3063 544 :
3110 492 3277 547 multo
3319 496 3485 562 magis
3524 496 3698 550 bonus

2125 578 2379 634 Dominus
2398 596 2523 650 erga
2546 597 2642 636 nos
2663 582 2712 636 id
2738 582 3047 637 declarabit.
3081 584 3303 653 Pr0pter
3330 584 3431 639 hoc
3461 585 3690 641 dicebat:

2125 666 2293 736 Super
2320 670 2465 723 illum
2496 672 2758 740 respiciam
2798 681 3110 726 mansuetum
3144 682 3191 726 et
3218 675 3434 741 quietura
3459 715 3475 739 ,
3516 685 3563 728 et
3605 686 3702 728 tre-

2125 770 2334 813 mentem
2352 776 2607 815 sermones
2636 780 2790 817 meos.
2826 763 3137 820 Tremamus
3163 764 3342 835 igitur,
3373 775 3697 828 0ro,etcum

2124 859 2314 916 magno
2354 850 2543 906 timore
2574 865 2848 907 sermones
2887 855 3003 923 ejus
3037 855 3384 923 impleamus;
3414 869 3535 908 nam
3579 854 3710 924 ejus.

2124 947 2248 993 sunt
2271 954 2546 996 sermones
2570 943 2725 997 nobis
2747 944 2815 998 ab
2842 945 2932 999 illo
2958 947 3147 1000 tradita
3171 947 3419 1001 mandata
3451 965 3464 1000 :
3498 956 3553 1001 et
3572 962 3693 1001 cum

2123 1027 2464 1083 didicerimus
2484 1046 2601 1099 qua:
2626 1032 2700 1086 illi
2728 1033 2968 1100 placent,
3012 1044 3069 1089 et
3094 1051 3213 1103 quae
3256 1038 3462 1104 prohat,
3501 1052 3561 1090 ea
3602 1038 3713 1091 ob-

2124 1136 2328 1187 eamus,
2347 1132 2401 1177 et
2427 1123 2561 1178 tales
2585 1124 2699 1178 ﬁeri
2728 1125 3073 1192 studeamus;
3103 1128 3358 1195 quietem,
3389 1139 3697 1184 mansuetu-

2123 1211 2325 1275 dinem,
2351 1212 2701 1269 bumilitatem
2726 1230 2972 1284 magnam
3023 1217 3389 1283 exhibeamus,
3434 1228 3488 1274 et
3515 1222 3695 1275 omnia

2123 1319 2242 1373 qua:
2280 1304 2349 1359 ab
2383 1320 2449 1359 eo
2486 1306 2733 1362 mandata
2774 1319 2898 1361 sunt
2925 1322 3046 1362 eum
3083 1313 3384 1364 reverentia
3422 1321 3477 1365 et
3510 1313 3703 1365 timore

2123 1394 2545 1465 adimpleamus:
2586 1406 2643 1451 ut
2697 1413 2816 1452 cum
2862 1399 3168 1468 approbarit
3210 1399 3459 1455 allectum
3508 1403 3705 1455 mentis

2124 1496 2345 1553 nostrae,
2372 1487 2608 1555 placatus
2656 1480 2832 1543 nostra
2864 1488 3185 1555 obedientia,
3231 1490 3495 1558 respicere
3537 1490 3709 1544 etiam

2124 1591 2286 1645 super
2313 1592 2411 1631 nos
2436 1577 2702 1646 dignetur.
2740 1578 2892 1645 Quod
2912 1578 2957 1632 si
2997 1578 3151 1633 nobis
3175 1579 3469 1649 continget,
3503 1579 3716 1639 erimus.

2126 1683 2222 1736 per
2248 1668 2424 1722 omnia
2455 1669 2630 1723 securi
2655 1687 2668 1721 :
2701 1669 2830 1723 dicit
2849 1670 3013 1733 enim,
3070 1669 3356 1739 Respiciam
3378 1710 3393 1733 ,
3443 1671 3544 1725 hoc
3572 1681 3653 1725 est
3680 1711 3699 1735 ,

2126 1758 2467 1813 Providentia
2490 1774 2606 1813 mea
2631 1759 2908 1828 dignabor,
2940 1775 3155 1813 manum
3186 1761 3476 1829 porrigam,
3511 1762 3562 1813 in
3582 1777 3709 1817 om-,

2126 1846 2283 1900 uibus
2310 1847 2593 1901 auxiliator
2616 1862 2734 1911 ero,
2766 1848 2993 1902 ubertim
3016 1849 3067 1900 in
3098 1862 3219 1901 eum
3252 1864 3424 1903 meam
3471 1851 3701 1906 liberalis

2126 1948 2288 1993 tatem
2305 1937 2637 2006 profundam.
2655 1939 2780 1992 Haec
2796 1940 2950 2007 igitur
2965 1940 3144 1993 omnia
3165 1940 3436 2004 faciamus,
3454 1942 3705 2006 obsecro,

2126 2035 2185 2081 ut
2212 2028 2461 2097 respiciat
2491 2042 2651 2096 super
2684 2045 2780 2083 nos
2811 2029 3093 2094 Dominus,
3147 2045 3251 2097 quo
3288 2038 3341 2083 et
3385 2040 3704 2099 praesentem

2126 2118 2287 2171 vitam
2317 2118 2518 2186 absque
2550 2118 2759 2172 tristitia
2796 2119 3182 2188 transigamns,
3231 2128 3285 2173 et
3333 2120 3506 2175 futura
3557 2121 3694 2175 bona

2126 2209 2377 2277 consequi
2400 2209 2685 2276 possimus,
2708 2210 2872 2278 gratia
2921 2220 2975 2263 et
3002 2210 3331 2280 benignitate
3367 2210 3570 2263 Domini
3610 2226 3705 2263 no-

2127 2300 2222 2353 stri
2243 2299 2368 2354 Jesu
2389 2300 2605 2367 Christi,
2627 2316 2746 2354 cum
2766 2316 2871 2370 quo
2900 2302 3039 2355 Patri
3067 2302 3225 2356 simul
3253 2310 3307 2355 et
3337 2301 3554 2371 Spiritui
3582 2317 3711 2355 san-

2125 2398 2212 2443 cto
2238 2390 2307 2444 sit
2325 2389 2513 2459 gloria,
2542 2390 3244 2457 imperimn,,ltonor,.nunc
3274 2400 3327 2445 ct
3355 2406 3567 2460 semper
3588 2433 3604 2458 ,
3646 2400 3704 2446 ct

2128 2483 2179 2535 in
2206 2482 2400 2537 saecula
2423 2483 2761 2537 saeculorum.
2786 2483 2980 2537 Amen.

2688 2596 2963 2652 HOMILIA
3002 2597 3135 2651 LVI.

2125 2693 2266 2748 Dixit
2289 2702 2453 2747 autem
2479 2692 2639 2746 Iacob
2665 2692 2733 2744 ad
2761 2689 2937 2744 Laban
2963 2708 2982 2745 :
3013 2690 3094 2743 Da
3116 2690 3238 2743 mihi
3260 2705 3468 2743 uxorem
3496 2706 3699 2747 nteant:

2193 2782 2386 2852 impleti
2404 2791 2521 2835 sunt
2547 2785 2679 2835 enim
2704 2780 2830 2845 dies,
2871 2781 3223 2851 ut-ingrediar
3268 2781 3355 2833 ad.
3379 2797 3489 2834 eam
3534 2779 3697 2850 (Gen.

2192 2874 2281 2929 es.
2306 2874 2422 2944 si).

2196 2967 2247 3018 l.
2278 2964 2403 3018 Heri
2432 2979 2461 3018 a
2484 2963 2767 3019 dilectione
2793 2962 2985 3027 Jacob,
3028 2976 3187 3031 quam
3237 2976 3383 3031 erga-
3411 2962 3701 3017 Rachelcm

2123 3055 2379 3120 exhibuit,
2407 3055 2471 3108 ad
2501 3055 2647 3108 Pauli
2673 3054 2945 3108 caritatem
2965 3063 3018 3107 et
3041 3053 3700 3121 magnitudinemamoris,

2123 3161 2281 3215 quem
2310 3159 2434 3214 erga
2461 3144 2731 3199 Christum
2756 3143 2990 3214 gerebat,
3034 3151 3370 3197 transeuntes
3390 3184 3405 3210 ,
3450 3144 3600 3212 quasi
3634 3146 3702 3198 ab

2124 3236 2423 3304 impetuoso
2452 3235 2679 3305 quodam
2717 3242 2951 3288 torrente
2978 3234 3133 3302 rapti,
3182 3248 3290 3287 non
3312 3234 3596 3302 potuimus
3624 3233 3713 3287 ad

2121 3328 2314 3381 seriem
2340 3336 2395 3382 et
2414 3326 3007 3381 contentum-sermonis
3032 3326 3259 3395 regredi.
3280 3324 3423 3388 Ideo,
3442 3325 3488 3380 si
3508 3325 3704 3394 placet,

2122 3416 2280 3471 hodie
2323 3417 2603 3486 sequentia
2626 3416 2882 3486 aggressi,
2929 3430 2992 3470 ea
3030 3430 3150 3485 quae
3184 3424 3312 3471 tunc
3354 3417 3553 3470 relicta.
3578 3428 3709 3471 sunt

2121 3507 2438 3577 impleamus
2462 3526 2476 3562 :
2500 3517 2558 3561 ut
2594 3521 2667 3561 ex:
2701 3506 2767 3561 iis
2811 3520 2931 3575 quae
2976 3504 3133 3560 hodie
3178 3505 3424 3560 dicuntur
3454 3515 3717 3575 percepta:

2122 3597 2349 3652 utilitate
2395 3597 2592 3667 aliqua,
2627 3597 2844 3651 domum
2873 3604 3203 3665 repetamus.
3236 3596 3395 3666 Igitur
3423 3605 3705 3665 pestquam

2122 3686 2371 3756 impletus
2390 3697 2471 3741 est
2497 3697 2700 3756 septem
2729 3702 2989 3741 annorum
3018 3701 3295 3752 numerus,
3346 3685 3437 3740 20.
3486 3685 3553 3739 Et
3594 3690 3702 3756 fue-

2121 3786 2258 3841 runt,
2282 3779 2470 3846 inquit,
2500 3776 2852 3831 coramlacob
2872 3778 3013 3845 quasi
3045 3778 3324 3846 dies.pauci
3354 3785 3434 3831 tot
3462 3778 3584 3830 anni
3635 3779 3697 3831 ob

2120 3867 2307 3919 amoris
2330 3867 2708 3933 vehementiam,
2757 3867 2847 3920 2i.
2880 3867 3008 3920 dixit
3050 3867 3118 3920 ad
3162 3868 3353 3923 Laban.
3389 3866 3536 3927 :Da
3577 3869 3701 3921 mihi

2120 3974 2329 4012 uxorem
2351 3974 2514 4013 meam
2538 3975 2557 4012 :
2582 3960 2774 4029 impleti
2795 3960 2929 4013 enim
2951 3970 3067 4013 sunt
3092 3959 3198 4013 dies
3215 3960 3332 4024 mei,
3361 3970 3415 4012 ut
3441 3960 3699 4028 ingrediar

2122 4049 2191 4102 ad
2219 4066 2350 4103 eam.
2378 4050 2469 4103 22.
2502 4049 2836 4121 Congregavit
2856 4059 3022 4104 autem
3048 4048 3225 4103 Laban
3254 4066 3425 4104 omnes
3457 4051 3592 4104 viros
3621 4050 3711 4103 los.

2118 4140 2184 4204 oi,
2213 4149 2259 4193 et
2285 4141 2401 4211 fecit
2428 4144 2652 4209 nuptias.
2675 4141 2765 4195 25.
2787 4140 2853 4194 Et
2881 4142 3071 4212 factum
3097 4150 3167 4195 est
3189 4156 3409 4209 vespere,
3433 4150 3478 4195 et
3502 4142 3695 4211 accepit

2116 4230 2295 4285 Laban
2317 4232 2464 4285 Liam
2500 4231 2661 4300 ﬁliam
2682 4248 2848 4297 suam,
2880 4232 3258 4302 introduxitque
3282 4249 3393 4285 eam
3417 4232 3485 4285 ad
3509 4231 3693 4286 Jacob.

2186 4324 2265 4378 In.
2282 4326 2533 4379 satanicas
2558 4326 2849 4395 nuptiarum
2880 4341 3090 4394 pompas
3111 4324 3380 4378 invehitur.
3400 4354 3471 4364 —
3503 4324 3691 4379 Vidisti
3706 4367 3717 4384 ,,

2115 4430 2234 4468 cum
2262 4425 2455 4484 quanta
2484 4416 2609 4469 olim
2654 4415 2933 4470 honestate
2964 4415 3173 4484 nuptias
3214 4415 3455 4485 egerint?
3501 4414 3707 4469 Audite.

2114 4508 2201 4576 qui
2234 4506 2495 4560 satanicas
2521 4520 2739 4574 pompas
2766 4505 3123 4569 admiramini,
3154 4514 3207 4559 et
3237 4505 3417 4559 statim
3446 4504 3514 4558 ab
3539 4504 3719 4559 initio.

2114 4598 2414 4666 nuptiarum
2441 4598 2774 4651 honestatem
2800 4596 3063 4650 dedecore
3102 4596 3331 4650 alﬁcitis.
3382 4595 3517 4648 Num
3566 4603 3693 4650 tunc

2114 4690 2293 4743 tibim?
2319 4704 2443 4742 num
2471 4696 2599 4742 tunc
2626 4687 2903 4756 cymbala?
2940 4701 3064 4739 num
3104 4692 3229 4739 tunc
3265 4685 3476 4739 chorezn
3502 4683 3692 4739 diabo-

2111 4781 2269 4836 liczn'l-
2291 4780 2467 4848 Quare
2488 4779 2653 4846 enim,
2684 4779 2769 4833 die
2798 4778 3181 4843 mibi,,tantum
3212 4777 3392 4831 statim
3421 4777 3491 4831 ab
3537 4777 3718 4835 initio.

2109 4875 2361 4928 damnum
2405 4872 2615 4927 inducis
2665 4872 2716 4925 in
2758 4870 2975 4925 domum
3029 4878 3170 4923 tuam
3196 4910 3211 4935 ,
3256 4879 3309 4924 et
3349 4883 3443 4924 eos
3486 4870 3574 4938 qui
3626 4870 3680 4924 in

2110 4965 2370 5026 seenis.,et
2396 4962 2688 5018 orchestris
2718 4975 2936 5029 operam
2959 4960 3139 5014 locant
3159 4974 3338 5026 vocas,
3366 4968 3423 5012 ut
3451 4975 3571 5013 eum
3608 4959 3691 5013 in-

2111 5057 2427 5127 tempestivo
2459 5063 2672 5123 sumptu
2715 5054 2935 5123 virginis
2973 5051 3134 5107 ludas
3174 5053 3592 5116 continentiam,
3637 5064 3691 5107 et

2104 5149 2353 5216 juvenem
2382 5145 2827 5215 impudentiorem
2850 5142 3052 5198 facias?
3075 5142 3321 5213 Optabile
3351 5143 3491 5199 enim
3518 5152 3572 5197 et
3599 5158 3687 5197 ar-

2106 5241 2268 5295 duum
2294 5248 2428 5306 erat,
2455 5237 2656 5307 absque
2699 5236 2801 5291 illis
2829 5235 3099 5290 fomitibus
3143 5235 3286 5288 illam
3334 5242 3547 5287 aetatem
3594 5248 3705 5302 pp-

2108 5332 2269 5385 tuisse
2289 5329 2563 5385 moderate
2587 5327 2725 5382 ferre
2748 5334 3115 5395 tempestatem
3146 5323 3480 5378 aﬂ'eetionum
3513 5341 3527 5377 :
3560 5336 3694 5375 cum.

2105 5431 2280 5477 autem
2330 5430 2386 5475 et
2433 5420 2549 5475 haec
2592 5420 2867 5484 accedant,
2919 5427 3025 5472 tam
3067 5432 3184 5486 quae
3231 5415 3498 5479 videntur,
3524 5430 3684 5485 quam

2103 5531 2223 5587 quae
2261 5514 2566 5579 audiuntur,
2591 5513 2716 5567 dum
2745 5512 2916 5581 majus
2940 5508 3245 5564 accenditur
3273 5506 3573 5561 incendium
3593 5547 3607 5572 ,
3631 5520 3713 5566 et,

2108 5608 2295 5667 fama!
2341 5604 2891 5677 concupiscentiarum
2919 5599 3500 5671 magisinﬂammatur,
3543 5616 3714 5673 (uitis-
