4168 6264
492 451 656 505 modo
677 465 782 504 non
809 457 1025 521 pessum
1070 447 1113 503 it
1157 445 1508 503 adolescentis
1534 446 1749 500 anima?
1775 445 1909 500 Hinc
1932 445 2075 498 enim

491 545 672 597 omnia
695 548 921 611 pereunt
943 547 998 594 et
1020 547 1466 608 corrumpuntur:
1495 536 1617 606 quia
1647 537 1715 590 ab
1737 536 1888 589 initio
1914 533 2079 588 casti-

501 633 587 683 tas
605 641 788 681 eorum
814 627 903 695 qui
936 625 1072 679 inter
1092 639 1151 678 se
1169 623 1478 676 conventnri
1501 628 1624 676 sunt
1649 628 2006 690 oppugnatur,
2024 625 2080 672 et

495 728 640 784 saepe
659 714 926 785 primodie
942 711 1174 782 juvenis,
1201 711 1368 766 oculis
1390 709 1577 764 videns
1601 707 2074 773 incontinentibus,

492 807 605 862 tolo
628 808 889 862 diabolica
917 806 968 859 in
995 804 1173 859 anima
1200 803 1512 865 vulneratur
1539 817 1552 854 :
1583 809 1638 856 et
1666 801 1838 870 puella
1877 812 1974 868 per
2013 813 2077 852 ea

490 915 616 971 qua:
635 897 781 952 audit
806 906 862 952 et
889 896 1034 951 videt
1058 895 1267 964 captiva
1297 894 1374 957 lit,
1403 904 1457 948 et
1477 893 1544 946 ab
1569 906 1634 946 eo
1653 891 1741 946 die
1762 900 1945 958 postea
1958 901 2082 943 cre-

495 999 647 1043 smul
673 989 912 1050 vulnera,
936 987 1214 1056 majusque
1237 986 1294 1039 lit
1317 984 1535 1040 malum.
1565 982 1778 1037 Etenim
1799 981 1940 1035 illinc
1964 991 2078 1034 sta-

494 1079 588 1133 tim
614 1087 671 1134 et
711 1086 951 1134 mutuam
975 1076 1321 1131 concordiam
1348 1074 1684 1139 dilacerant,
1728 1082 1783 1126 et
1835 1085 2076 1125 amorem

491 1169 792 1225 debilitant.
811 1168 1042 1236 Quando
1061 1167 1204 1222 enim
1231 1166 1320 1219 ille
1346 1173 1581 1220 mentem
1608 1163 1672 1216 ad
1703 1162 1862 1216 aliam
1891 1162 2073 1226 vertit,

489 1263 617 1317 hinc
643 1270 698 1316 et
725 1261 850 1316 inde
877 1259 1123 1314 dividens
1151 1259 1408 1320 animum,
1431 1271 1461 1309 ιι
1481 1255 1696 1310 diabolo
1716 1255 1833 1323 ipso
1859 1253 2071 1316 ductus,

489 1352 658 1406 multa
685 1350 1041 1404 amaritudine
1081 1351 1297 1403 domum
1338 1347 1539 1417 implet.
1583 1345 1734 1412 Quod
1781 1345 1828 1400 si
1883 1355 1938 1398 et
1982 1343 2076 1397 illa

487 1443 817 1511 comperitur
843 1442 913 1494 ita
935 1440 1122 1496 affecta
1153 1453 1294 1506 esse,
1325 1453 1389 1493 ex
1412 1438 1543 1507 ipsis
1567 1433 1923 1490 fundamentis
1951 1449 2074 1487 ont-

489 1533 600 1600 nia,
631 1541 688 1587 ut
716 1534 785 1587 ita
813 1533 990 1588 dicam
1011 1572 1026 1598 ,
1079 1531 1499 1587 subvertuntur:
1531 1537 1715 1598 postea
1742 1527 1878 1582 alter
1906 1525 1974 1579 ab
1995 1524 2074 1578 al-

490 1633 608 1678 tero
645 1624 960 1688 occultatur,
1004 1631 1058 1677 et
1092 1625 1185 1680 ille
1237 1619 1451 1691 quidem
1495 1619 1788 1688 suspiciose
1828 1616 2077 1670 observat

492 1730 738 1782 uxorem,
766 1726 823 1771 et
870 1715 1116 1768 similiter
1142 1712 1231 1766 illa
1257 1711 1452 1766 virum.
1480 1712 1654 1778 Atque
1679 1709 1766 1762 ubi
1796 1706 2075 1777 oportebat

490 1809 830 1865 concordiam
879 1823 999 1863 esse
1039 1815 1092 1862 et
1128 1805 1391 1876 copulam,
1423 1804 1620 1873 quippe
1647 1802 1912 1857 debebant
1951 1814 2074 1854 esse

489 1913 616 1956 caro
657 1915 760 1955 una
791 1898 991 1968 (Erunt
1018 1899 1183 1964 enim,
1231 1895 1420 1966 inquit,
1459 1896 1560 1948 duo
1598 1895 1651 1948 in
1691 1908 1892 1946 carnem
1920 1907 2074 1944 unam

488 1989 653 2065 [σενι.
679 1990 734 2044 2.
755 1987 908 2062 24]),
947 1988 1000 2042 hi
1027 1989 1081 2042 in
1111 1997 1254 2042 tanta
1287 1986 1476 2040 vivunt
1510 1984 1876 2046 dissensione,
1920 1983 2070 2052 quasi

487 2081 713 2151 sejuncti
757 2088 960 2134 essent.
994 2077 1245 2133 Diabolus
1269 2078 1415 2133 enim
1443 2076 1819 2144 subingressus
1865 2083 2070 2127 tantam

485 2173 539 2227 in
569 2172 648 2226 eis
677 2171 967 2240 perniciem
996 2177 1269 2239 operatur,
1295 2177 1352 2222 ut
1375 2167 1696 2237 quotidian-m
1717 2181 1910 2236 pugnae
1932 2166 2071 2218 inter

488 2271 582 2318 eos
610 2273 898 2316 nascantur
918 2271 971 2316 ct
995 2277 1024 2315 a
1051 2261 1207 2315 malis
1237 2274 1526 2328 numquam
1555 2258 1787 2312 habeant
1810 2258 2066 2326 quietem.

484 2354 621 2424 Quid
669 2353 813 2408 enim
855 2354 978 2424 quis
1019 2352 1213 2407 dixerit
1241 2351 1508 2422 quomodo
1559 2360 1743 2418 postea
1785 2365 1812 2399 a
1855 2347 2070 2402 famulis

483 2453 918 2509 contemnantur,
949 2443 1216 2511 quomodo
1257 2459 1287 2496 a
1326 2443 1514 2495 vicinis
1552 2440 1855 2503 rideantur,
1908 2453 2069 2508 quam

482 2537 622 2589 l't'eda
651 2533 983 2602 Operentur?
1013 2532 1146 2586 Nam
1173 2532 1311 2585 sicut
1339 2530 1551 2600 quando
1577 2530 1956 2600 gubernatores
1985 2529 2068 2582 in-

482 2639 564 2683 ter
593 2643 652 2683 se
677 2626 956 2690 dissident,
985 2626 1145 2679 etiam
1169 2624 1256 2692 qui
1275 2625 1396 2678 navi
1416 2623 1703 2689 vehuntur,
1735 2637 1834 2675 una
1857 2622 2069 2690 pericli-

484 2728 685 2784 tantur,
712 2730 776 2770 ac
803 2715 994 2769 timent
1019 2728 1086 2768 ne
1109 2729 1234 2770 cum
1269 2715 1388 2770 navi
1415 2715 1823 2782 submergautur
1850 2730 1863 2766 :
1894 2713 1965 2766 ita
2011 2719 2067 2766 et

484 2810 588 2874 hic,
619 2809 664 2862 si
693 2805 968 2862 discordes
1013 2806 1122 2860 sint
1149 2806 1306 2859 viret
1349 2804 1562 2868 mulier,
1609 2817 1944 2872 consequens
1983 2810 2068 2857 est

482 2914 672 2954 omnes
699 2900 789 2970 qui
821 2896 963 2967 apud
1012 2896 1132 2951 illos
1158 2903 1284 2950 sunt
1315 2895 1598 2964 participes
1625 2909 1746 2950 esse
1773 2894 2058 2948 malorum.

484 2993 776 3060 Propterea
802 3004 899 3044 oro
927 2998 984 3042 ut
1009 2987 1124 3043 haec
1153 2988 1330 3044 omnia
1357 2985 1738 3058 praevidcntcs,
1785 2994 2066 3040 consuetu-

479 3086 660 3143 dinem
681 3101 750 3140 ne
777 3083 1076 3139 sectemini.
1108 3081 1232 3137 Scio
1251 3081 1397 3135 enim
1420 3080 1615 3135 multos
1639 3089 1917 3150 receptum
1941 3092 2062 3132 mo—

478 3193 592 3233 rem
619 3175 932 3238 obtendere,
957 3189 1129 3243 neque
1154 3172 1416 3240 patienter
1457 3169 1598 3226 ferre
1625 3183 1681 3225 ut
1709 3170 1824 3226 haec
1849 3186 1880 3224 a
1911 3168 2064 3223 nobis

479 3268 724 3324 dicantur
749 3283 762 3320 :
792 3274 1030 3319 attamen
1056 3277 1275 3317 necesse
1299 3274 1381 3317 est
1405 3271 1461 3315 ut
1486 3277 1585 3316 nos
1609 3262 1753 3315 utilia
1780 3260 2024 3314 dicamus
2043 3297 2060 3323 ,

483 3367 538 3414 et
557 3374 677 3429 qua:
707 3359 827 3411 illos
877 3371 907 3408 a
953 3353 1130 3408 futuro
1155 3355 1418 3423 supplicio
1467 3352 1712 3406 liberent.
1766 3349 1866 3404 Ubi
1916 3350 2064 3403 enim

485 3458 693 3503 tantum
713 3449 906 3502 animae
933 3447 1206 3508 damnum,
1237 3460 1340 3514 qua
1367 3445 1436 3498 de
1477 3458 1637 3497 causa
1677 3441 1808 3496 mihi
1835 3455 2060 3496 consue-

478 3543 716 3596 tudinem
741 3549 1035 3609 prrctcxere
1061 3537 1264 3592 audes?
1295 3538 1434 3591 Ecce
1459 3537 1602 3590 enim
1625 3545 1681 3589 et
1705 3549 1804 3603 ego
1822 3533 1915 3587 tibi
1928 3547 2060 3587 con-

478 3631 813 3688 suetudinem
840 3631 1117 3685 meliorem
1143 3631 1360 3699 objicio,
1392 3645 1510 3699 qum
1524 3629 1662 3698 apud
1693 3637 1904 3683 veteres
1919 3639 2057 3693 erat,

477 3723 690 3792 quando
716 3722 951 3777 nondum
979 3729 1125 3777 tanta
1155 3723 1254 3790 βίω
1280 3720 1553 3790 religionis
1580 3731 1695 3775 erat
1739 3721 1959 3790 agnitio.
1992 3719 2062 3774 Et

478 3831 546 3870 ne
570 3815 772 3884 justum
803 3813 886 3867 hic
908 3812 1074 3868 Jacob
1103 3820 1308 3866 tantum
1352 3812 1572 3883 cogites,
1625 3811 1720 3865 sed
1771 3821 1825 3865 et
1876 3809 2057 3864 Laban

476 3909 652 3964 adhuc
695 3908 960 3962 idolorum
999 3907 1164 3960 cultui
1195 3905 1454 3972 deditum,
1504 3921 1602 3960 nec
1651 3906 1734 3960 vel
1782 3905 2058 3958 minimam

473 4016 618 4056 verte
646 4000 918 4068 religionis
944 3999 1184 4053 notitiam
1217 3998 1522 4062 habentem,
1571 4007 1625 4051 et
1644 4006 1824 4051 tamen
1856 4005 2055 4048 tantam

473 4107 586 4162 pne
611 4105 671 4144 se
690 4091 946 4144 ferentem
974 4089 1389 4158 philosojihiam.
1439 4087 1623 4155 Neque
1645 4087 1791 4140 enim
1816 4085 1932 4138 ιιωο
1961 4085 2058 4138 ho-

472 4192 657 4238 nestas
677 4182 794 4252 ejus
845 4189 983 4246 erat,
1044 4179 1136 4248 qui
1177 4179 1436 4232 ducturus
1483 4178 1734 4245 puellam,
1763 4176 1859 4231 sed
1889 4177 2058 4245 patris

471 4289 592 4330 eam
621 4273 901 4327 tradentis.
925 4271 1049 4325 ldeo
1077 4279 1130 4324 et
1158 4271 1303 4324 illum
1328 4269 1427 4324 feci
1465 4284 1790 4334 sermonem,
1838 4283 1942 4322 non
1989 4269 2056 4322 ad

470 4377 698 4433 sponsos
722 4372 926 4416 tantum
953 4370 1200 4430 spectans
1231 4369 1487 4429 quantum
1506 4361 1572 4414 ad
1611 4369 1880 4429 parentes,
1907 4371 1959 4414 et
1987 4359 2056 4414 ad

471 4464 676 4525 patrem
695 4453 784 4522 qui
804 4451 1058 4522 virginem
1085 4452 1244 4506 locat.
1273 4451 1553 4517 Quomodo
1578 4454 1719 4506 enim
1743 4467 1851 4506 non
1871 4453 2058 4506 absur-

471 4547 598 4600 dum
620 4584 637 4611 ,
669 4547 713 4598 si
766 4557 866 4598 nos
903 4543 994 4613 qui
1025 4552 1226 4596 tantam
1257 4544 1559 4612 accepimus
1605 4543 2050 4609 misericordiam,

467 4645 524 4692 et
567 4645 673 4691 tam
719 4635 1040 4691 terribilium
1092 4634 1546 4705 ineﬂ'abiliumque
1595 4646 2053 4692 sacramentorum

465 4728 755 4800 participes
783 4743 989 4795 sumus,
1023 4727 1195 4783 hacin
1221 4744 1281 4783 re
1311 4726 1591 4782 inferiores
1616 4729 1783 4784 simus
1812 4728 2050 4794 Labano,

469 4824 562 4893 qui
587 4825 751 4879 cultui
784 4824 1047 4879 idolorum
1071 4823 1244 4878 adhuc
1264 4832 1379 4878 erat
1406 4823 1656 4878 deditus?
1682 4826 1874 4878 Annon
1899 4825 2054 4878 audis

465 4913 690 4970 Paulum
718 4915 984 4970 dicentem
1014 4925 1408 4971 sacramentum
1436 4930 1555 4970 esse
1596 4915 1809 4985 nuptias
1843 4927 1898 4969 et
1921 4915 2055 4969 ima-

464 5007 644 5075 ginem
670 5005 973 5060 dilectionis
997 5006 1214 5073 Christi,
1247 5023 1407 5077 quam
1437 5023 1561 5077 erga
1603 5007 1900 5063 Ecclesiam
1946 5023 2050 5062 ex-

468 5097 642 5152 hibuit
675 5095 897 5168 (Ephes.
927 5099 978 5153 5.
1009 5097 1138 5170 52)?
1166 5099 1243 5155 Ne
1271 5101 1428 5171 igitur
1452 5101 1843 5156 confundamus
1867 5101 2052 5171 nosip-

470 5207 582 5256 sos,
615 5201 668 5246 et
697 5191 1031 5246 honestatem
1059 5195 1361 5262 nuptiarum
1387 5209 1813 5264 corrumpamus.
1844 5197 1976 5253 Nam
2003 5201 2046 5252 si

469 5282 683 5353 quidem
735 5283 934 5338 bonum
986 5292 1038 5338 et
1086 5285 1216 5340 utile
1255 5285 1415 5340 fuerit
1463 5289 1789 5356 consilium,
1837 5291 2045 5345 etiamsi

463 5389 572 5430 non
601 5375 671 5429 sit
696 5375 1048 5442 consuetudo,
1079 5378 1208 5431 ﬁat:
1239 5378 1320 5431 sin
1349 5378 1666 5434 damnosum
1699 5389 1755 5435 et
1779 5383 2046 5449 pernicio-

461 5480 583 5522 sum
604 5479 686 5522 est
712 5469 764 5522 id
787 5468 927 5538 quod
947 5484 977 5522 a
1006 5470 1154 5525 vobis
1181 5468 1433 5536 efficitur,
1467 5473 1679 5527 etiamsi
1709 5475 2045 5530 consuetudo

460 5559 550 5624 sit,
575 5561 862 5629 rejiciatur.
894 5561 1028 5616 Nam
1077 5565 1122 5617 si
1178 5562 1278 5616 hoc
1305 5562 1695 5631 admiseritnus,
1741 5577 1796 5621 et
1843 5567 1949 5636 fur,
1991 5577 2046 5623 et

461 5649 690 5713 adulter,
722 5660 780 5706 et
803 5654 1144 5721 quantumvis
1187 5654 1357 5708 malus
1383 5655 1554 5722 alius,
1599 5659 2042 5714 consuetudinem

458 5741 716 5800 obtendet
741 5763 752 5798 :
778 5755 831 5801 at
862 5744 1066 5802 nullum
1099 5745 1224 5802 hinc
1253 5747 1355 5803 illis
1387 5748 1589 5804 lucrum
1620 5759 1702 5807 est
1727 5751 1810 5808 vel
1841 5754 1993 5810 venia
2017 5796 2034 5822 ,

1227 332 1282 389 S.
1318 329 1598 390 JOANNIS
1627 325 2100 388 CHRYSOSTOI!
2137 272 2454 387 ARCHIEI".
2494 331 3028 395 CONSTANTINOP.

3676 351 3784 408 1.88

2188 443 2282 498 sed
2314 446 2486 515 major
2510 451 2690 517 potius
2715 455 3006 523 accusatio,
3039 457 3182 528 quod
3207 459 3404 518 malam
3431 469 3778 522 consuetudi-

2183 550 2306 590 nem
2338 551 2594 606 superare
2617 556 2724 595 non
2756 544 3048 602 valuerint.

2250 627 2307 682 2.
2346 628 2404 684 Si
2443 631 2586 685 enim
2625 636 2948 692 voluerimus
2980 640 3214 710 vigilare,
3241 651 3297 698 et
3339 660 3524 701 curam
3569 647 3770 706 habere

2183 728 2380 772 nostrae
2403 721 2610 789 salutis,
2639 739 2924 793 possumus
2947 736 3005 784 et
3036 746 3067 784 a
3093 734 3228 787 mala
3259 738 3644 793 consuetudine
3670 740 3767 793 dc-

2181 809 2395 875 sistcre,
2433 821 2489 866 et
2528 814 2579 866 in
2624 816 2815 870 bonam
2858 823 3299 878 consuetudinem
3342 841 3442 880 nos
3464 828 3762 884 reducere:

2181 903 2368 972 sicque
2397 908 2623 974 posteris
2651 909 2850 965 nostris
2877 927 2982 966 non
3016 929 3231 983 parvam
3258 918 3502 975 dabimus
3529 924 3767 978 occasio—

2180 1007 2302 1048 nem
2329 995 2514 1049 eadem
2556 997 2815 1064 imitandi,
2847 1010 2902 1055 et
2929 1005 3254 1073 accipiemus
3289 1011 3450 1064 etiam
3491 1025 3588 1066 nos
3617 1028 3765 1067 mer-

2179 1085 2364 1139 cedem
2391 1101 2574 1142 eorum
2611 1103 2730 1160 qua:
2768 1092 2836 1146 ab
2867 1094 2933 1148 iis
2965 1106 3212 1166 aguntur.
3253 1098 3387 1154 Nam
3430 1102 3519 1172 qui
3552 1103 3760 1160 initium

2178 1177 2332 1232 bona:
2361 1179 2459 1234 viae
2483 1181 2731 1252 praebuit,
2767 1185 2853 1239 hic
2897 1199 3083 1242 aucmr
3121 1199 3412 1245 esteorum
3456 1209 3573 1263 qua:
3612 1206 3665 1249 et
3693 1197 3762 1252 ab

2177 1271 2298 1324 aliis
2327 1281 2472 1328 recte
2496 1272 2649 1336 fiunt,
2677 1287 2732 1331 et
2759 1277 3020 1346 duplicem
3046 1282 3267 1352 recipiet
3293 1286 3616 1350 mercedem,
3651 1296 3758 1342 tam

2177 1376 2276 1430 pro
2307 1362 2372 1417 iis
2400 1378 2519 1433 quae
2560 1364 2674 1432 ipse
2717 1377 2861 1422 recte
2907 1368 3052 1435 facit,
3098 1386 3256 1439 quam
3297 1373 3490 1440 quibus
3523 1375 3657 1428 alios
3704 1377 3759 1430 in

2177 1453 2430 1521 Optimam
2472 1455 2611 1508 illam
2637 1457 2840 1512 inducit
2880 1460 3296 1530 philosophiam.
3325 1461 3404 1518 Ne
3431 1465 3756 1532 przetexatis,

2175 1542 2420 1610 obsecro,
2454 1545 2641 1615 frigida
2669 1556 2724 1600 et
2749 1547 2970 1602 ridicula
2995 1551 3158 1605 verba
3186 1552 3322 1618 hmo,
3354 1553 3594 1608 dicentes
3624 1555 3759 1624 legi-

2175 1634 2302 1688 tima
2333 1635 2575 1702 quaedam
2613 1651 2733 1692 esse
2769 1636 2904 1705 hzec,
2946 1648 3001 1694 et
3041 1651 3320 1711 propterea
3348 1643 3558 1714 impleri
3595 1659 3762 1714 oper--

2176 1735 2308 1780 tere.
2337 1725 2454 1781 Non
2477 1730 2617 1782 enim
2640 1728 2755 1784 hare
2771 1731 3060 1801 legitimum
3090 1733 3288 1788 faciunt
3312 1737 3638 1806 conjugium,
3661 1735 3758 1792 sed

2173 1821 2217 1873 si
2247 1821 2535 1875 secundum
2563 1822 2704 1891 leges
2736 1823 2827 1877 Dei
2857 1837 2976 1877 cum
3005 1825 3248 1881 castitate
3274 1835 3328 1881 et
3355 1826 3634 1882 honestate
3667 1827 3758 1882 fiat

2172 1922 2488 1981 conventus,
2534 1925 2588 1970 et
2617 1914 2661 1967 si
2691 1914 2974 1970 concordia
3019 1931 3209 1986 magna
3252 1917 3560 1972 cohmreant
3599 1918 3632 1971 ii
3664 1918 3756 1988 qui

2172 2003 2515 2057 conveniunt.
2558 2003 2832 2059 Noverunt
2871 2005 2973 2060 hoc
2998 2006 3161 2061 etiam
3212 2017 3447 2062 externa:
3477 2006 3622 2077 leges
3655 2024 3669 2061 :
3700 2011 3758 2063 et

2170 2094 2356 2148 audies
2399 2101 2512 2158 eos,
2559 2096 2648 2164 qui
2704 2095 2786 2150 his
2828 2097 3162 2163 studuerunt,
3209 2097 3406 2165 dicere,
3447 2099 3752 2167 conjugium

2171 2185 2302 2238 nihil
2332 2184 2475 2238 aliud
2514 2183 2839 2240 constituere
2864 2202 3023 2256 quam
3058 2188 3521 2243 consuetudinem.
3551 2188 3626 2242 Ne
3656 2189 3754 2259 igi-

2170 2287 2256 2332 tur
2285 2277 2491 2333 divinas
2519 2279 2664 2348 leges
2701 2295 2822 2333 cum
2852 2279 3100 2334 humanis
3149 2281 3619 2350 transgrediamur,
3652 2295 3752 2335 nec

2170 2369 2520 2440 prteferamus
2563 2371 2852 2426 diabolicas
2904 2371 3048 2442 leges
3112 2380 3166 2427 et
3215 2374 3566 2442 perniciosam
3615 2373 3750 2430 hanc

2168 2461 2609 2518 consuetudinem
2639 2481 2652 2516 :
2683 2463 2826 2516 illius
2846 2464 2991 2518 enim
3020 2463 3104 2518 lex
3130 2473 3254 2518 sunt
3281 2463 3416 2530 haec,
3441 2466 3530 2534 qui
3557 2465 3748 2534 gaudet

2168 2553 2235 2608 de
2254 2553 2472 2608 interitu
2501 2562 2704 2607 nostro.
2738 2554 2876 2622 Quid
2915 2554 3073 2624 igitur
3100 2553 3199 2608 hac
3221 2556 3606 2609 consuetudine
3634 2571 3747 2610 ma-

2166 2641 2246 2715 gis
2270 2645 2575 2709 ridiculum,
2614 2646 2826 2716 quando
2851 2647 2932 2700 vir
2974 2656 3029 2701 et
3071 2662 3210 2700 uxor
3237 2647 3534 2702 innumeris
3565 2649 3748 2701 eonvi-

2165 2737 2263 2791 ciis
2284 2747 2338 2792 et
2366 2736 2673 2790 scomntatis
2692 2751 2721 2790 a
2749 2736 2918 2790 servis
2941 2736 3242 2805 nulliusque
3264 2737 3417 2807 pretii
3449 2737 3748 2790 hominibus

2165 2830 2524 2895 incessuntur,
2553 2843 2616 2884 ac
2642 2841 2797 2882 nemo
2827 2837 2910 2882 est
2934 2829 3024 2898 qui
3054 2828 3331 2896 increpet:
3363 2827 3458 2882 sed
3485 2828 3608 2882 licet
3633 2829 3746 2881 eni-

2165 2920 2245 2975 vis
2269 2920 2470 2974 volenti
2499 2919 2564 2974 ad
2596 2935 2873 2990 vesperam
2905 2920 3082 2974 omnia
3117 2921 3281 2990 loqui,
3325 2930 3379 2976 et
3407 2921 3642 2975 convicia
3667 2921 3747 2988 ja.

2164 3029 2288 3069 cere
2316 3013 2368 3067 in
2413 3027 2665 3082 sponsum
2693 3022 2748 3068 et
2776 3012 3070 3082 sponsam?
3099 3012 3166 3066 Et
3212 3013 3262 3066 in
3292 3013 3396 3066 alio
3427 3013 3514 3067 die
3558 3013 3598 3066 si
3627 3012 3744 3081 quis

2163 3113 2450 3160 conaretur
2473 3103 2544 3158 ita
2575 3103 2772 3158 salibus
2802 3103 3071 3168 mordere,
3111 3102 3523 3171 periclitaretur,
3551 3100 3615 3155 ad
3653 3102 3747 3154 tri-

2165 3194 2324 3249 bunal
2353 3194 2709 3250 abduceretur
2735 3202 2788 3248 et
2819 3193 3094 3263 puniretur
3119 3211 3132 3246 :
3162 3202 3287 3248 tunc
3325 3205 3503 3248 autem
3534 3192 3744 3262 quando

2163 3284 2443 3352 plurimam
2489 3284 2770 3352 oportebat
2807 3298 2926 3338 esse
2967 3286 3339 3351 reverentiam,
3379 3284 3743 3353 majoremque

2164 3375 2497 3430 honestatem
2528 3383 2583 3430 et
2609 3375 2928 3440 castitatem,
2962 3384 3104 3429 tanta
3133 3375 3484 3430 obscoenitate
3514 3375 3742 3445 implen-

2163 3475 2250 3521 tur
2284 3465 2462 3521 omnia
2509 3466 2621 3532 illa,
2678 3477 2734 3520 ιιι
2769 3465 3040 3535 probabile
3083 3467 3153 3522 sit
3193 3463 3406 3520 diabolo
3447 3465 3585 3522 duce
3630 3466 3747 3520 [nec

2162 3557 2339 3610 omnia
2371 3557 2585 3610 inventa
2613 3571 2750 3611 esse.
2783 3555 2977 3611 Verum
2997 3573 3064 3611 ne
3092 3573 3235 3628 aegre
3260 3557 3460 3622 feratis,
3487 3573 3617 3613 oro:
3638 3573 3742 3611 non

2161 3648 2304 3704 enim
2331 3649 2533 3718 absque
2554 3663 2714 3703 causa
2738 3649 2789 3702 in
2817 3649 2955 3703 hunc
2969 3665 3270 3704 sermonem
3293 3650 3518 3720 digressi
3538 3665 3741 3716 sumus,

2162 3737 2258 3792 sed
2305 3753 2486 3791 curam
2519 3736 2725 3792 habens
2771 3747 2962 3792 vestrae
2983 3739 3167 3793 Salutis
3196 3749 3249 3795 et
3279 3739 3604 3807 honestatis,
3635 3740 3737 3796 vcl-

2162 3829 2266 3882 lem
2293 3829 2546 3899 optimam
2582 3829 2718 3883 hanc
2746 3832 3090 3886 mutationem
3119 3831 3251 3896 fieri,
3302 3848 3501 3900 vosque
3529 3836 3740 3904 optimis

2161 3921 2320 3990 hujus
2341 3923 2745 3977 consuetudinis
2774 3937 2893 3978 esse
2919 3924 3100 3979 duces.
3145 3924 3277 3979 Nam
3307 3927 3352 3980 si
3395 3926 3567 3980 solum
3598 3927 3736 3995 prin-

2159 4016 2356 4086 cipium
2383 4024 2435 4069 et
2465 4015 2544 4070 via
2577 4016 2667 4070 fiat
2695 4017 2893 4086 operis,
2927 4018 3182 4086 paulatim
3227 4034 3334 4073 uno
3365 4021 3594 4074 alterum
3623 4019 3741 4074 lau-

2160 4107 2320 4162 dabili
2334 4107 2434 4162 hac
2445 4108 2785 4163 aemulatione
2811 4111 3114 4176 mmulante,
3133 4126 3321 4166 omnes
3335 4112 3635 4170 laudatores
3649 4111 3715 4167 ha
3735 4140 3744 4150 -

2157 4199 2350 4255 bebitis
2367 4221 2380 4256 :
2395 4210 2445 4254 ct
2459 4215 2563 4256 non
2582 4207 2783 4253 tantum
2798 4201 2888 4270 qui
2906 4200 3172 4256 civitatem
3187 4202 3440 4269 incolunt,
3461 4203 3739 4259 imitaban-

2158 4298 2244 4346 tur
2259 4291 2512 4359 optimam
2537 4292 2671 4345 hanc
2693 4291 3083 4346 innovationem
3103 4335 3116 4360 ,
3148 4294 3240 4348 sed
3259 4305 3311 4349 et
3329 4310 3423 4351 eos
3441 4295 3530 4364 qui
3560 4310 3742 4364 proctt.

2158 4381 2393 4436 habitant
2438 4381 2804 4447 conciliabitis,
2857 4391 2910 4438 et
2958 4385 3252 4439 imitatores
3293 4393 3503 4440 vestros
3540 4386 3740 4440 consu-

2157 4475 2317 4530 tuetis
2346 4491 2360 4528 :
2389 4482 2548 4543 atque
2573 4475 2792 4544 insuper
2818 4476 2973 4546 longe
2999 4477 3311 4546 ampliorem
3351 4493 3382 4532 a
3411 4479 3523 4534 Deo
3557 4492 3740 4547 repor«

2157 4570 2336 4624 tabitis
2373 4583 2646 4632 coronam,
2685 4570 2825 4639 quod
2858 4579 3075 4640 pr0pter
3115 4571 3207 4626 Dei
3253 4572 3498 4627 timorem
3542 4583 3598 4627 et
3623 4572 3742 4640 ejus

2156 4660 2461 4715 mandatum
2483 4660 2802 4716 diabolicam
2839 4662 2972 4716 hanc
2994 4665 3372 4732 superaveritis
3398 4663 3740 4718 consuetudi-

2157 4769 2299 4809 nem.
2328 4753 2434 4810 Scd
2461 4756 2602 4824 quod
2626 4756 2927 4824 suscepturi
2957 4759 3075 4811 sitis
3104 4774 3292 4828 magna
3333 4759 3607 4813 alacritate
3635 4758 3737 4815 hoc

2154 4854 2396 4900 nostrum
2437 4847 2743 4910 consilium,
2784 4857 2840 4902 et
2879 4862 3044 4916 opere
3076 4849 3364 4918 impleturi,
3417 4849 3572 4903 valde
3611 4863 3732 4902 con-

2153 4937 2281 4994 fido.
2314 4935 2515 4993 Videtis
2542 4939 2684 4993 enim
2735 4953 2832 4992 vos
2873 4953 3062 5008 magna
3107 4953 3228 4993 cum
3253 4939 3527 5008 voluptate
3554 4939 3740 4995 audire

2152 5045 2214 5085 ea
2238 5047 2358 5101 quae
2379 5031 2644 5096 dicuntur,
2679 5029 2729 5083 id
2751 5044 2817 5084 ex
2837 5029 3096 5099 applausu
3123 5039 3175 5085 et
3204 5031 3450 5085 laudibus
3469 5031 3734 5100 conjecto,

2153 5137 2248 5177 vos
2273 5122 2433 5176 etiam
2461 5122 2711 5188 operibus
2739 5120 2879 5175 idem
2917 5121 3090 5190 ipsum
3122 5121 3571 5191 comprobatttros
3595 5137 3715 5176 esse

2154 5215 2440 5281 Propterea
2476 5223 2760 5268 contentus
2784 5214 2961 5277 dictis,
3007 5214 3074 5269 ad
3114 5223 3400 5270 contextus
3429 5215 3626 5268 seriem
3652 5230 3726 5267 re-

2149 5304 2382 5374 grediar.
2410 5302 2479 5361 Et
2509 5308 2642 5373 facta
2667 5315 2760 5368 est,
2793 5306 2980 5373 inquit,
3009 5321 3237 5373 vespera,
3265 5315 3310 5358 et
3338 5305 3533 5374 accepit
3558 5304 3738 5359 Luban

2148 5394 2296 5449 Liam
2324 5395 2484 5463 ﬁliam
2514 5413 2680 5460 suam,
2706 5407 2753 5450 et
2779 5397 3056 5451 introduxit
3082 5414 3195 5451 eam
3221 5397 3290 5450 ad
3319 5395 3503 5450 Iacob.

2223 5485 2489 5550 Quomodo
2505 5502 2538 5540 a
2560 5485 2770 5541 Labano
2797 5488 3034 5557 deceptus
3059 5489 3210 5557 fuerit
3227 5486 3392 5541 Iacob
3415 5503 3436 5551 ;
3465 5488 3575 5557 ejus
3610 5488 3740 5540 sim—

2148 5578 2367 5648 plicilas.
2395 5608 2468 5619 —
2490 5578 2565 5632 Ne
2604 5579 2778 5634 obiter
2822 5581 2984 5634 etiam
3025 5579 3127 5634 hoc
3158 5588 3538 5649 praetereamus
3571 5599 3584 5633 :
3614 5593 3734 5633 nam

2148 5671 2234 5726 hic
2259 5687 2471 5740 quoque
2494 5673 2660 5727 multa
2688 5673 3015 5728 considerari
3046 5685 3270 5744 possunt
3297 5693 3310 5729 :
3339 5675 3569 5743 primum
3609 5673 3721 5726 sim

2151 5762 2360 5833 plicitas
2387 5761 2572 5831 Jacob,
2618 5773 2673 5819 et
2708 5764 2977 5834 quomodo
3005 5764 3074 5820 ab
3101 5765 3247 5821 omni
3290 5763 3492 5822 malitia
3532 5765 3736 5818 alienus
