4168 6264
411 372 512 428 687

412 481 581 551 ἀκοῆς
619 477 899 549 δαψιλεστέ
912 497 1009 550 ραν
1047 466 1352 532 ἀνάπτοντα
1387 478 1486 549 τὴν
1528 479 1707 548 πυρὰν
1728 519 1741 542 ,
1775 480 1867 533 καὶ
1892 480 1990 549 τὴν

413 564 642 634 κάμινον
674 562 781 613 τῶν
808 562 993 615 παθῶν
1022 561 1460 630 φλογωδεστέραν
1488 560 1849 629 ἐργαζόμενα,
1874 562 1991 625 πῶς

412 646 534 714 οὐχὶ
560 643 884 714 ὑποϐρύχιος
913 645 946 713 ἠ
977 643 1070 696 τοῦ
1100 644 1220 695 νέου
1246 643 1389 711 ψυχὴ
1427 644 1713 712 γενήσεται
1738 660 1752 708 ;
1790 644 1999 699 Ἐντεῦ-

414 726 506 779 θεν
544 728 652 795 γάρ
701 726 914 779 ἅπαντα
957 724 1200 777 ἀπόλωλε
1240 726 1334 777 καὶ
1374 723 1725 794 διέφθαρται,
1771 726 1877 777 ἀπὸ
1903 725 1996 777 τοῦ

411 809 513 879 τὴν
543 807 896 877 σωφροσύνην
926 807 986 871 ἐξ
1018 809 1191 878 ἀρχῆς
1219 806 1586 874 διορύττεσθαι
1616 806 1727 857 τῶν
1783 806 2000 875 μελλόν-

414 907 523 943 των
569 890 820 959 ἀλλήλοις
878 890 1119 942 συνιέναι
1153 907 1167 920 ·
1210 891 1301 943 καί
1354 888 1611 950 πολλάκις
1666 890 1731 941 ἐκ
1778 889 2001 958 πρώτης

416 972 631 1044 ἡμέρας
662 969 755 1024 καὶ
785 974 814 1025 6
842 973 960 1035 νέος
985 971 1202 1034 ἐδέξατο
1228 970 1380 1039 βέλος
1410 970 1694 1022 σατανικὸν
1722 972 1779 1023 ἐν
1807 974 1874 1041 τῇ
1898 971 2001 1039 ψυ-

416 1056 486 1124 χῇ
509 1097 523 1120 ,
557 1053 875 1117 ἀκολάστοις
912 1053 1035 1107 ἰδὼν
1075 1053 1407 1122 ὀφθαλμοῖς,
1439 1054 1586 1121 καὶὴ
1614 1054 1749 1123 κόρη
1783 1053 1877 1105 καὶ
1911 1052 2001 1105 διὰ

416 1134 516 1206 τῆς
540 1137 707 1206 ἀκοῆς
739 1137 832 1190 καὶ
857 1136 945 1191 διὰ
972 1136 1069 1206 τῆς
1096 1136 1271 1203 ὅψεως
1296 1134 1637 1203 αἰχμάλωτος
1664 1133 1876 1202 γέγονε,
1906 1134 2000 1187 καὶ

417 1218 589 1271 ταῦτα
634 1218 691 1285 ἐξ
740 1219 955 1289 ἐκείνης
992 1219 1179 1272 λοιπὸν
1226 1217 1327 1286 τῆς
1366 1218 1578 1287 ἡμέρας
1612 1218 1681 1269 τά
1712 1216 2001 1287 τραύματα

419 1300 757 1371 αὐξανόμενα
816 1303 998 1371 μεῖζον
1061 1300 1349 1372 ἐργάζεται
1402 1299 1465 1352 τὸ
1510 1298 1701 1352 κακόν.
1745 1300 1852 1351 Καὶ
1895 1298 2003 1367 γὰρ

419 1382 637 1453 πρῶτον
684 1383 780 1453 μὲν
822 1384 920 1453 τήν
960 1382 1096 1453 πρὸς
1135 1383 1400 1453 ἀλλήλους
1434 1381 1614 1433 αὐτῶν
1638 1381 1889 1450 ὁμόνοιαν
1922 1381 2003 1432 δι-

420 1464 656 1533 ορύττει,
692 1466 785 1517 καὶ
808 1465 897 1517 τὸν
930 1463 1092 1517 πόθον
1119 1462 1718 1532 καταμαραίνει.⁹’οταν
1740 1463 1847 1531 γάρ
1869 1461 2004 1531 πρὸς

421 1548 616 1618 ἑτέραν
651 1549 856 1611 ἐκεῖνος
877 1550 1088 1618 προσχῇ
1119 1550 1183 1618 τῇ
1218 1546 1445 1617 διανοίᾳ,
1471 1540 1572 1600 ὧδε
1593 1548 1818 1599 κάκεῖσε
1850 1562 2005 1616 μερι-

425 1628 649 1699 ζόμενος
690 1630 782 1682 τὸν
824 1629 1115 1698 λογισμὸν,
1165 1628 1259 1680 καὶ
1289 1628 1393 1679 ὑπὸ
1419 1626 1515 1679 τοῦ
1550 1627 1796 1679 διαϐόλου
1839 1624 2001 1677 αὐτοῦ

427 1711 922 1781 στρατηγούμενος,
944 1710 1144 1778 πολλῆς
1170 1709 1360 1779 ἀηδίας
1386 1709 1663 1780 πληρώσει
1684 1709 1780 1778 τὴν
1806 1709 2003 1761 οἰκίαν.

424 1794 487 1845 Εἰ
512 1792 567 1845 δέ
597 1793 821 1863 κάκείνη
844 1793 1088 1863 εὑρεθείη
1110 1791 1348 1845 τοιοῦτόν
1363 1811 1413 1845 τι
1429 1791 1696 1855 παθοῦσα,
1723 1792 1781 1857 ἐξ
1803 1790 2002 1854 αὐτῶν,

423 1872 499 1936 ὡς
524 1875 719 1937 είπεῖν,
750 1874 859 1927 τῶν
889 1875 1104 1944 βάθρων
1127 1874 1339 1928 ἅπαντα
1372 1874 1752 1943 ἀνατρέπεται,
1778 1874 1871 1926 καὶ
1898 1873 2005 1924 λοι-

424 1956 526 2009 πὸν
555 1956 816 2027 ἀλλήλους
842 1957 1194 2028 κρύπτοντες,
1232 1959 1261 2010 6
1292 1957 1391 2024 μὲν
1424 1956 1489 2008 δι’
1517 1956 1750 2025 ὑποψίας
1775 1954 1888 2024 ἐχει
1912 1953 2006 2023 τὴν

423 2037 699 2109 γαμετήν,
740 2042 773 2109 ή
808 2039 865 2093 δέ
903 2040 993 2093 τὸν
1035 2040 1222 2110 ἀνδρα.
1260 2040 1370 2091 Καὶ
1403 2038 1531 2091 ἐνθα
1562 2040 1727 2108 ἐχρῆν
1758 2038 2007 2107 ὁμόνοιαν

424 2116 566 2172 εἶναι
599 2122 694 2173 καί
727 2120 1040 2189 σύνδεσμον,
1060 2120 1155 2172 καὶ
1180 2121 1227 2171 οί
1252 2120 1556 2187 ὀφείλοντες
1587 2119 1721 2188 σὰρξ
1742 2114 1881 2171 εἶναι
1913 2117 2010 2187 μία

425 2199 740 2266 (Ἔσονται
781 2200 911 2269 γὰρ,
954 2201 1143 2267 φησιν,
1191 2203 1245 2253 οί
1294 2200 1404 2253 δύο
1453 2203 1541 2265 εἰς
1587 2202 1786 2267 σάρκα
1816 2199 2007 2269 μίαν),

427 2275 574 2333 οὗτοι
609 2280 761 2351 1-540]
794 2283 852 2333 ἐν
884 2281 1119 2351 τοσαύτῃ
1155 2280 1414 2350 διαιρέσει
1442 2281 1822 2350 τυγχάνουσιν,
1848 2281 1923 2343 ὡς
1962 2282 2010 2333 εί

430 2365 524 2417 καὶ
562 2365 1035 2433 κατατετμημένοι
1057 2358 1213 2433 ἦσαν.
1260 2363 1617 2416 Ἐπεισελθὼν
1642 2366 1748 2433 γάρ
1775 2366 1802 2415 6
1826 2364 2009 2416 διάϐο-

429 2446 522 2508 λος
558 2444 829 2514 τοσαύτην
878 2447 936 2497 ὲν
980 2446 1163 2507 αὐτοῖς
1211 2444 1499 2515 ἐργάζεται
1548 2446 1644 2514 τὴν
1692 2445 1887 2516 λύμην,
1934 2446 2010 2509 ὡς

430 2527 701 2596 πολέμους
730 2527 825 2579 καὶ
859 2528 1037 2596 μάχας
1065 2525 1435 2596 καθημερινὰς
1458 2526 1754 2587 τίκτεσθαι,
1785 2529 1877 2578 καὶ
1909 2545 2011 2596 μη-

428 2605 617 2660 δέποτε
655 2609 970 2661 ἀνάπαυλαν
1002 2608 1145 2676 ἔχειν
1172 2608 1280 2661 τῶν
1320 2608 1524 2661 κακῶν.
1560 2608 1624 2661 Τί
1671 2609 1780 2677 γὰρ
1815 2609 1880 2661 ἀν
1926 2625 2011 2671 τις

431 2694 572 2746 εῐποι
624 2693 804 2745 λοιπὸν
840 2692 946 2744 τῶν
995 2693 1219 2745 οἰκετῶν
1266 2693 1366 2756 τὰς
1412 2695 1863 2764 καταφρονήσεις,
1904 2694 2011 2745 τῶν

431 2774 658 2842 πλησίον
689 2774 981 2827 οἰκούντων
1020 2776 1112 2827 τὸν
1162 2775 1396 2842 γέλωτα,
1449 2775 1548 2837 τὰς
1593 2776 2009 2845 ὰσχημοσύνας;

432 2854 696 2926 Καθάπερ
730 2856 839 2927 γάρ
864 2857 973 2909 τῶν
1006 2857 1352 2928 κυϐερνητῶν
1387 2858 1785 2920 στασιαζόντων
1833 2859 1925 2910 καὶ
1962 2859 2012 2910 οἰ

430 2937 756 3004 ἐμπλέοντες
780 2939 887 2991 τῶν
926 2938 1184 2992 κινδύνων
1216 2939 1641 2993 συναπολαύουσι
1660 2981 1675 3004 ,
1706 2941 1798 2993 καὶ
1818 2939 2015 2993 αὔταν-

430 3016 555 3091 δρον
582 3020 795 3088 ἀνάγκη
822 3021 922 3092 τὴν
948 3020 1082 3073 ναῦν
1116 3021 1634 3089 καταποντισθῆναι·
1665 3022 1806 3073 οὕτω
1824 3023 1888 3091 δὴ
1919 3025 2012 3075 καί⁴

430 3102 685 3166 ἐνταῦθα,
722 3102 814 3155 τοῦ
846 3103 1038 3173 ἀνδρὸς
1065 3104 1159 3155 καὶ
1189 3101 1288 3173 τῆς
1316 3103 1571 3170 γυναικὸς
1600 3104 1734 3173 πρὸς
1756 3105 2014 3173 ἀλλήλους

430 3183 951 3246 διαστασιαζόντων,
986 3183 1079 3236 καὶ
1118 3185 1245 3247 τοὺς
1276 3184 1467 3246 ἄλλους
1500 3184 1743 3247 ἅπαντας
1782 3203 2015 3240 συναποο

429 3264 617 3319 λαύειν
639 3266 749 3318 τῶν
778 3266 963 3318 κακῶν
996 3262 1162 3329 εἰκός.
1185 3266 1281 3319 Διά
1312 3266 1470 3319 τοῦτο
1494 3266 1812 3338 παρακαλῶ,
1839 3269 2016 3322 ταῦτα

435 3349 647 3401 ’ἅπαντα
666 3347 1100 3417 προορωμένους,
1127 3347 1199 3417 μὴ
1216 3350 1281 3418 τῇ
1300 3348 1554 3419 συνηθείᾳ
1578 3350 2010 3403 κατακολουθεῖν.

427 3427 562 3485 υἴδα
580 3431 688 3500 γάρ
713 3430 792 3482 ὅτι
819 3429 1000 3482 πολλοὶ
1022 3430 1226 3499 ταύτην
1257 3432 1387 3500 ήμῖν
1420 3430 1844 3501 προϐαλλόμενοι
1891 3432 2014 3485 οὐδὲ

432 3512 711 3582 ἀνέχονται
755 3511 864 3564 τῶν
917 3514 1046 3582 παρ’
1090 3512 1249 3581 ήμῶν
1288 3512 1596 3582 λεγομένων
1631 3530 1645 3543 ο
1697 3514 1810 3566 ἀλλ’
1866 3515 2014 3583 ὅμως

430 3595 582 3665 ἡμᾶς
626 3594 839 3662 ἀνάγκη
896 3594 964 3647 τά
1013 3593 1260 3664 λυσιτελῆ
1310 3595 1402 3647 καὶ
1459 3594 1529 3646 τὰ
1572 3598 1670 3664 τῆς
1722 3596 2016 3666 μελλούσης

433 3681 703 3743 κολάσεως
745 3678 1116 3750 ἐξαρπάζοντα
1159 3680 1353 3747 λέγειν.
1384 3680 1560 3732 Ὅπου
1585 3682 1693 3750 γάρ
1725 3682 1867 3752 λύμη
1892 3700 2019 3735 τοσ-

436 3764 575 3833 αύτη
615 3761 811 3832 ψυχῆς,
836 3762 979 3824 τίνος
1012 3762 1197 3814 ἐνεκὲν
1219 3778 1307 3830 μοι
1336 3762 1619 3831 συνήθειαν
1670 3762 1846 3831 βούλει
1882 3780 2019 3833 προ-

438 3844 767 3909 ϐάλλεσθαι;
824 3841 956 3896 Ἶδού
998 3843 1154 3909 κάγὼ
1201 3843 1485 3910 συνήθειάν
1532 3859 1614 3895 σοι
1648 3844 2017 3913 προϐάλλομαι

437 3926 681 3997 βελτίονα
705 3963 719 3987 ,
748 3919 783 3997 ᾖ
815 3925 863 3975 οἰ
885 3923 947 3988 ἐξ
973 3924 1145 3994 ἀρχῆς
1176 3923 1471 3991 ἐκέχρηντο
1491 3962 1505 3985 ,
1532 3924 1621 3974 ὅτε
1655 3925 1864 3976 οὐδέπω
1892 3941 2015 3976 τοσ-

439 4011 574 4078 αὕτη
624 4007 824 4075 γνῶσις
873 4003 939 4076 ἦν
984 4008 1081 4075 τῆς
1135 4006 1435 4068 εὐσεϐείας.
1489 4006 1599 4057 Καὶ
1663 4007 1738 4076 μή
1790 4023 1879 4075 μοι
1927 4008 2018 4059 τὸν

439 4092 645 4145 δίκαιον
666 4089 893 4143 ἐνταῦθα
925 4088 1140 4156 λογίζου
1162 4130 1177 4154 ,
1211 4088 1302 4140 τὸν
1342 4086 1535 4140 Ἰακὼϐ
1567 4087 1711 4154 λέγω
1729 4130 1743 4153 ,
1768 4088 1905 4141 ἀλλὰ
1928 4090 2017 4141 τὸν

438 4173 624 4230 Λάϐαν
657 4173 848 4236 ἐννόει,
880 4170 1048 4240 ἀνδρα
1075 4170 1155 4222 ἔτι
1188 4172 1303 4233 τοῖς
1328 4170 1563 4232 εἰδώλοις
1590 4171 2015 4241 προσανέχοντα,

441 4256 535 4310 καὶ
571 4254 828 4324 οὐδεμίαν
855 4253 1052 4321 γνῶσιν
1081 4252 1272 4321 ἔχοντα
1310 4252 1411 4320 τῆς
1443 4252 1745 4315 εὐσεϐείας,
1776 4256 1867 4305 καὶ
1894 4270 2017 4305 τοσ-

446 4337 612 4406 αύτην
660 4334 972 4405 φιλοσοφίαν
1003 4333 1462 4403 ἐπιδεικνύμενον.
1516 4333 1685 4387 Τοῦτο
1713 4334 1821 4405 γὰρ
1839 4335 1902 4388 οὐ
1924 4336 2015 4388 τοῦ

447 4418 724 4490 μέλλοντος
741 4413 810 4488 ἦν
833 4416 1058 4483 ἄγεσθαι
1088 4417 1185 4484 τὴν
1216 4415 1385 4484 κόρην
1406 4415 1467 4466 τὸ
1490 4416 1843 4485 κατόρθωμα,
1883 4418 2018 4470 ἀλλὰ

444 4501 536 4553 τοῦ
568 4499 775 4570 πατρὸς
814 4498 907 4549 τοῦ
941 4499 1040 4567 τὴν
1078 4497 1244 4565 κόρην
1264 4496 1579 4558 ἐκδιδόντος.
1617 4499 1692 4548 Δι’
1719 4497 1747 4549 ὃ
1773 4499 1866 4550 καὶ
1893 4500 2017 4551 τοῦ-

447 4598 539 4634 τον
581 4582 808 4649 ἐκίνησα
828 4580 919 4631 τὸν
947 4579 1122 4645 λόγον,
1152 4578 1273 4645 οὐχὶ
1302 4576 1436 4645 πρὸς
1461 4579 1585 4639 τοὺς
1613 4579 1876 4647 νυμφίους
1898 4597 2020 4633 τοσ-

445 4661 601 4716 οῦτον
637 4661 1076 4729 ἀποτεινόμενος,
1117 4662 1239 4712 ὅσον
1282 4660 1416 4728 πρὸς
1454 4658 1578 4721 τοὺς
1607 4663 2017 4730 γεγεννηκότας,

388 4732 393 4737 ’
450 4746 587 4815 πρὸς
633 4744 723 4796 τὸν
774 4744 987 4812 πατέρα
1032 4742 1127 4794 τοῦ
1168 4742 1421 4809 νυμφίου,
1476 4743 1569 4793 καὶ
1621 4742 1756 4811 πρὸς
1798 4743 1888 4795 τὸν
1923 4744 2020 4813 τὴν

449 4828 614 4896 κόρην
664 4825 938 4878 ἐκδιδόντα
990 4823 1153 4892 φημί.
1210 4822 1334 4884 Πῶς
1362 4823 1468 4892 γὰρ
1506 4823 1604 4875 οὐκ
1642 4823 1838 4877 ἀτοπον
1876 4826 2020 4894 ἡμᾶς

449 4911 572 4972 τούς
601 4908 865 4976 τοσαύτης
892 4905 1301 4965 ἀπολαύσαντας
1329 4904 1731 4974 φιλανθρωπίας
1754 4945 1768 4969 ,
1793 4907 1887 4958 καὶ
1913 4908 2020 4959 τῶν

450 4988 688 5062 φρικτῶν
744 4990 837 5042 καὶ
887 4989 1212 5058 ἀπορρήτων
1271 4988 1587 5056 μυστηρίων
1648 4987 1972 5049 ἀξιωθέντας
2004 5033 2017 5053 ,

447 5074 703 5135 ἐλάττους
751 5070 890 5123 κατὰ
931 5070 1089 5121 τοῦτο
1136 5068 1377 5134 γίνεσθαι
1419 5068 1512 5120 τοῦ
1548 5069 1762 5131 Λάϐαν,
1806 5068 1897 5121 τοῦ
1943 5070 2020 5123 ἔτι

449 5154 643 5207 εἴδωλα
672 5151 1093 5223 θεραπεύοντος;
1132 5152 1201 5203 Ἢ
1229 5151 1327 5202 οὐκ
1355 5150 1569 5211 ἀκούεις
1598 5150 1808 5202 Παύλου
1839 5151 2019 5218 λέγον-

448 5251 559 5298 τος,
582 5236 663 5287 ὅτι
692 5233 985 5302 μυστήριόν
1018 5235 1162 5285 ἐστιν
1193 5233 1222 5283 6
1255 5233 1449 5300 γάμος,
1486 5232 1577 5284 καὶ
1603 5232 1763 5285 εἰκών
1787 5233 1901 5285 ἐστι
1924 5234 2022 5301 τῆς

450 5317 669 5385 ἀγάπης
691 5315 782 5368 τοῦ
812 5314 1082 5384 Χριστοῦ,
1130 5315 1197 5384 ῆν
1227 5315 1354 5384 περὶ
1397 5314 1495 5384 τὴν
1560 5315 1878 5384 Ἐκκλησίαν
1922 5317 2021 5367 ἐπ-

449 5398 714 5463 “Eligam;
741 5397 832 5467 Μὴ
864 5396 1040 5449 τοίνυν
1076 5396 1521 5465 καταισχύνωμεν
1555 5398 1796 5459 ἑαυτοὺς,
1829 5396 1921 5448 καὶ
1955 5395 2022 5449 τὰ

451 5479 625 5548 σεμνά
661 5476 753 5531 τοῦ
790 5479 966 5548 γάμου
1008 5478 1424 5548 διαφθείρωμεν.
1488 5478 1550 5529 Εἰ
1593 5477 1691 5545 μὲν
1723 5479 1829 5547 γὰρ
1860 5477 2021 5530 καλόν

451 5558 567 5613 ἐστι
589 5561 650 5612 τὸ
675 5561 773 5627 τῆς
808 5560 1115 5628 συμϐουλῆς
1143 5560 1235 5611 καὶ
1262 5559 1538 5627 ἐπωφελές
1562 5599 1576 5621 ,
1619 5560 1721 5611 κᾶν
1773 5560 1846 5629 μὴ
1898 5577 2022 5611 συν-

451 5641 686 5713 ήθειαᾷμ
714 5643 944 5710 γινέσθω
980 5656 993 5670 ’
1030 5644 1082 5694 εί
1126 5642 1183 5694 δέ
1217 5642 1417 5711 βλάϐην
1455 5642 1576 5711 ἔχον
1619 5643 1711 5694 καὶ
1744 5642 1909 5694 πολὺν
1932 5642 2021 5694 τὸν

453 5724 671 5794 ὄλεθρον
718 5724 778 5775 τὸ
824 5721 917 5773 νῦν
954 5724 1084 5792 παρ’
1108 5723 1260 5791 ὐμῶν
1290 5723 1698 5793 ἐπιτελούμενον
1719 5765 1733 5788 ,
1772 5723 1872 5776 κᾶν
1900 5741 2020 5775 συν-

461 5807 609 5874 ήθεια
638 5801 693 5877 ᾖ,
719 5804 1082 5871 ἐγκοπτέσθω.
1101 5806 1250 5857 Ἐπεὶ
1280 5808 1326 5858 εἰ
1355 5806 1511 5859 τοῦτο
1546 5808 2016 5877 συγχωρήσαιμεν,

461 5888 549 5943 καὶ
591 5890 617 5941 6
666 5886 925 5953 κλέπτων,
969 5888 1059 5940 καὶ
1098 5890 1125 5941 6
1158 5888 1450 5961 πορνεύων,
1505 5890 1594 5944 καὶ
1634 5892 1659 5943 6
1713 5891 1810 5961 τήν
1854 5889 2017 5961 ἄλλην

1441 368 1508 425 ΙΝ
1542 370 1695 425 CAP.
1735 371 1901 426 XXIX
1944 371 2191 429 GENES.
2235 376 2463 431 HOMIL.
2506 376 2620 430 LVI

3563 376 3668 432 488

2105 485 2321 537 ἅπασαν
2362 486 2556 538 κακίαν
2595 486 3027 554 ἐπιδεικνύμενος
3050 524 3063 548 ,
3097 484 3192 554 τὴν
3224 482 3505 553 συνήθειαν
3540 487 3675 555 ἡμῖν

2100 569 2481 636 προϐαλεῖται·
2526 569 2641 621 ἀλλ’
2693 570 2845 621 οὐδὲν
2891 568 2997 620 ἀπὸ
3040 568 3227 619 τούτου
3282 565 3469 634 κέρδος
3525 568 3675 637 αὐτῷ

2098 651 2268 711 ἔσται,
2300 652 2417 703 οὐδέ
2455 651 2770 721 συγγνώμη,
2797 652 2931 703 ἀλλὰ
2957 651 3052 703 καὶ
3093 650 3258 718 πολλὴ
3287 651 3319 718 ἡ
3350 651 3673 721 κατηγορία,

2098 733 2179 785 ὅτι
2208 734 2305 784 οὐκ
2338 733 2524 801 ἴσχυσε
2551 735 2835 802 συνηθείας
2867 732 3243 803 περιγενέσθαι
3275 733 3532 800 πονηρᾶς.

2170 813 2234 881 β’.
2275 815 2398 866 Ἐὰν
2437 816 2545 884 γὰρ
2586 815 2901 884 βουλώμεθα
2935 816 3158 881 νήφειν,
3208 813 3301 865 καὶ
3345 812 3544 881 πολλὴν
3580 812 3679 881 τῆς

2098 894 2304 947 ἐαυτῶν
2340 898 2611 965 σωτηρίας
2633 897 2897 948 ποιεῖσθαι
2926 898 3023 965 τὴν
3048 894 3323 966 φροντίδα,
3343 893 3680 963 δυνησόμεθα

2098 981 2191 1031 καὶ
2237 979 2334 1048 τῆς
2388 980 2563 1048 κακῆς
2608 979 2893 1048 συνηθείας
2915 978 3246 1046 ἀποστῆναι,
3278 976 3371 1028 καὶ
3398 978 3478 1037 είς
3513 975 3680 1042 καλὴν

2101 1060 2386 1129 συνήθειαν
2424 1062 2649 1122 ἐαυτούς
2681 1061 2905 1127 ἀγαγεῖν
2934 1076 2948 1089 ·
3007 1061 3098 1111 καὶ
3129 1060 3269 1110 οὕτω
3296 1058 3391 1109 καὶ
3423 1061 3532 1120 τοῖς
3562 1057 3680 1125 μεθ’

2101 1142 2248 1209 ήμᾶς
2298 1144 2358 1195 οὐ
2419 1142 2616 1211 μικράν
2670 1142 2979 1211 παρέξομεν
3016 1140 3269 1208 ἀφορμὴν
3305 1139 3400 1191 τοῦ
3438 1139 3505 1191 τὰ
3544 1139 3681 1191 αύτά

2103 1223 2328 1291 ζηλοῦν,
2380 1223 2474 1275 καὶ
2509 1223 2618 1277 τῶν
2657 1224 2750 1274 ὑπ’
2782 1222 3006 1275 ἐκείνων
3036 1221 3485 1290 κατορθουμένων
3521 1223 3682 1289 ἡμεῖς

2104 1303 2388 1375 ληψόμεθα
2421 1304 2512 1357 τὸν
2562 1305 2771 1373 μισθόν.
2814 1305 2871 1356 '0
2898 1305 3006 1373 γὰρ
3032 1303 3133 1373 τὴν
3169 1301 3342 1372 ἀρχὴν
3385 1300 3684 1371 παρασχὼν

2102 1387 2201 1453 τῆς
2231 1387 2402 1456 καλῆς
2436 1386 2576 1451 ὁδοῦ,
2612 1381 2765 1449 οὗτος
2796 1386 3020 1439 καὶτῶν
3044 1385 3135 1453 ὑφ’
3168 1385 3366 1454 ἐτέρων
3386 1384 3682 1451 γινομένων

2105 1466 2251 1539 [541]
2277 1471 2445 1530 αἴτιος
2471 1468 2644 1530 ἔσται,
2677 1470 2773 1521 καὶ
2799 1466 3021 1521 διπλοῦν
3048 1468 3323 1536 κομιεῖται
3350 1465 3439 1516 τὸν
3471 1464 3681 1534 μισθὸν,

2104 1551 2241 1619 ὑπὲρ
2263 1544 2338 1602 ὧν
2357 1568 2414 1602 τε
2438 1550 2599 1613 αὐτὸς
2621 1551 2893 1620 κατορθοῖ,
2915 1551 3055 1620 ὑπὲρ
3082 1544 3154 1601 ὦν
3173 1566 3233 1599 τε
3261 1546 3683 1617 ἐτέρουςὲπάγει

2103 1634 2183 1694 εἰς
2201 1632 2299 1700 τὴν
2325 1634 2553 1702 ἀρίστην
2582 1632 2783 1701 ταύτην
2821 1632 3154 1700 φιλοσοφίαν.
3180 1631 3268 1699 Μή
3295 1647 3385 1699 μοι
3409 1628 3476 1680 τὰ
3501 1628 3684 1699 ψυχρά

2105 1715 2284 1766 ἐκεῖνα
2334 1717 2549 1783 ῥήματα
2593 1716 2686 1767 καί
2732 1713 2966 1781 γέλωτος
3006 1713 3241 1782 γέμοντα
3284 1711 3683 1780 προϐάλλεσθε,

2104 1795 2350 1863 λέγοντες
2382 1796 2587 1864 νόμιμά
2608 1813 2728 1847 τινα
2748 1793 2885 1849 εἶναι
2913 1795 3104 1853 ταῦτα,
3140 1795 3231 1845 καὶ
3256 1793 3344 1845 διά
3369 1793 3525 1845 τοῦτο
3546 1793 3685 1861 πληι-

2109 1877 2332 1947 ροῦσθαι
2360 1880 2483 1947 χρή.
2508 1878 2581 1929 Οὐ
2604 1878 2775 1931 ταῦτα
2789 1879 2895 1947 γὰρ
2918 1877 3147 1945 νόμιμον
3170 1877 3315 1926 ποιεῖ
3330 1874 3683 1933 συνοικέσιον,

2106 1958 2241 2011 ἀλλὰ
2287 1958 2347 2010 τὸ
2398 1958 2538 2012 κατά
2582 1960 2709 2022 τοὺς
2751 1960 2844 2011 τοῦ
2883 1959 3018 2010 Θεοῦ
3056 1957 3252 2026 νόμους
3292 1956 3428 2025 μετά
3472 1972 3687 2024 σωφροη

2111 2040 2274 2109 σύνης
2308 2041 2401 2092 καὶ
2443 2041 2770 2111 σεμνότητος
2803 2043 2900 2111 τὴν
2929 2039 3238 2092 συνέλευσιν
3271 2036 3513 2104 γίνεσθαι
3534 2077 3550 2100 ,
3592 2038 3686 2089 καὶ

2109 2127 2173 2193 τῇ
2204 2124 2422 2192 ὁμονοίᾳ
2454 2124 2867 2193 συμπεπλέχθαι
2919 2122 3050 2184 τοὺς
3076 2120 3340 2191 ⁴ἀλλήλοις
3386 2119 3683 2180 συνιόντας.

2109 2204 2278 2257 Τοῦτο
2319 2205 2414 2256 καὶ
2454 2204 2504 2256 οί
2557 2204 2756 2269 ἔξωθεν
2803 2205 2951 2257 ἴσασι
2983 2204 3174 2273 νόμοι,
3220 2203 3314 2254 καὶ
3343 2200 3548 2270 ἀκούσῃ
3581 2199 3688 2253 τῶν

2109 2287 2237 2355 περὶ
2282 2286 2455 2339 ταῦτα
2497 2285 2867 2355 ἐσχολακότων
2912 2286 3177 2352 λεγόντων
3200 2324 3213 2347 ,
3247 2284 3328 2335 ὅτι
3361 2281 3687 2334 συνοικέσιον

2109 2367 2258 2418 οὐδὲν
2304 2367 2487 2436 ἕτερον
2529 2367 2839 2436 συνίστησιν
2890 2366 2922 2436 ἢ
2976 2366 3249 2435 συνήθεια.
3280 2366 3370 2433 Μὴ
3391 2364 3566 2416 τοίνυν
3597 2364 3687 2415 καὶ

2108 2450 2233 2510 τοὺς
2278 2448 2370 2499 τοῦ
2414 2449 2546 2499 Θεοῦ
2588 2449 2786 2515 νόμους
2815 2448 3149 2518 παραϐῶμεν
3186 2446 3322 2516 μετὰ
3350 2447 3457 2498 τῶν
3484 2445 3688 2516 ἀνθρω-

2110 2530 2295 2591 πίνων,
2337 2530 2431 2581 καὶ
2462 2530 2816 2598 προτιμῶμεν
2844 2530 2971 2591 τοὺς
3004 2528 3340 2589 διαϐολικούς
3370 2527 3565 2596 νόμους
3595 2527 3689 2578 καὶ

2108 2611 2204 2682 τήν
2254 2610 2499 2681 ὀλεθρίαν
2549 2611 2751 2679 ταύτην
2794 2611 3123 2680 συνήθειανο
3160 2611 3366 2663 ἐκείνου
3418 2610 3525 2679 γάρ
3573 2610 3689 2660 ἐστι

2108 2694 2270 2761 νόμος
2296 2693 2489 2757 ταῦτα,
2525 2693 2617 2745 τοῦ
2648 2696 2927 2763 χαίροντος
2960 2695 3047 2745 ἀεὶ
3082 2696 3148 2763 τῇ
3189 2692 3434 2760 ἀπωλείᾳ
3461 2694 3525 2760 τῇ
3558 2692 3691 2759 ήμε-

2108 2775 2261 2843 τέρᾳ.
2321 2775 2385 2826 Τί
2415 2772 2507 2827 οὖν
2534 2775 2600 2829 ἂν
2631 2775 2839 2841 γένοιτο
2869 2776 3396 2844 καταγελαστότερον
3429 2774 3527 2840 τῆς
3558 2789 3691 2823 συνε

2110 2858 2298 2927 ηθείας
2323 2857 2526 2927 ταύτης
2545 2896 2559 2918 ,
2595 2860 2719 2910 ὃταν
2751 2858 2854 2910 ὑπὸ
2891 2859 3116 2909 οἰκετῶν
3138 2858 3232 2910 καὶ
3256 2854 3690 2926 τριωϐολιμαίων

2112 2939 2413 3008 ἀνθρώπων
2444 2940 2753 3009 σκώμματα
2780 2939 2873 2991 καὶ
2898 2939 3162 3009 λοιδορίας
3194 2938 3459 3007 ἀπείρους
3492 2937 3690 3004 δέχων-

2113 3037 2204 3072 ται
2240 3022 2331 3073 καὶ
2357 3024 2384 3073 6
2416 3021 2553 3091 ἀνὴρ
2583 3022 2675 3073 καὶ
2698 3023 2729 3091 ή
2758 3020 2930 3089 γυνὴ,
2955 3022 3049 3072 καὶ
3076 3021 3249 3082 οὐδεὶς
3348 3022 3377 3070 ὁ
3398 3019 3687 3087 ἐπιτιμῶν,

2113 3102 2225 3154 ἀλλ’
2266 3102 2441 3167 ἔξεστι
2479 3103 2557 3172 τῷ
2595 3103 2898 3172 βουλομένῳ
2952 3101 3120 3165 ἀδεῶς
3165 3101 3307 3153 κατὰ
3330 3101 3427 3169 τὴν
3455 3099 3690 3168 ἐσπέραν

2114 3184 2330 3238 ἅπαντα
2375 3185 2722 3253 φθέγγεσθαι,
2756 3188 2846 3237 καὶ
2882 3184 3092 3253 βάλλειν
3126 3186 3237 3244 τοῖς
3271 3181 3567 3250 σκώμμασι
3596 3180 3691 3233 καὶ.

2114 3270 2205 3321 τὸν
2253 3267 2485 3336 νυμφίον
2545 3266 2638 3318 καὶ
2692 3267 2792 3335 τὴν
2846 3266 3093 3336 νύμφην;
3148 3267 3257 3318 Καὶ
3297 3266 3355 3316 ἐν
3393 3263 3555 3331 ἑτέρα
3591 3262 3690 3330 μὲν

2114 3354 2296 3422 ήμέρα
2329 3352 2423 3404 ἐάν
2454 3368 2537 3413 τις
2559 3350 2879 3420 ἐπιχειρήσῃ
2906 3347 3343 3418 λοιδορήσασθαι,
3368 3345 3690 3412 δικαστήρια

2113 3436 2283 3505 αὐτῷ,
2338 3435 2433 3487 καὶ
2482 3434 2794 3501 ἀπαγωγαὶ,
2847 3434 2942 3485 καὶ
2995 3432 3272 3483 κίνδυνοι·
3320 3429 3440 3480 τότε
3489 3426 3566 3489 δέ,
3602 3428 3690 3480 ὅτε

2118 3519 2349 3589 μάλιστα
2388 3517 2585 3587 πολλὴν
2627 3516 2790 3584 ἐχρῆν
2835 3509 2973 3566 εἶναι
3019 3512 3117 3582 τὴν
3152 3511 3303 3575 αἰδὼ,
3350 3509 3548 3579 πολλὴν
3592 3509 3691 3579 τὴν

2114 3599 2478 3668 κοσμιότητα,
2528 3597 2727 3666 πολλὴν
2763 3597 2862 3664 τὴν
2893 3595 3147 3662 ἀγνείαν,
3183 3592 3449 3660 τοσαύτης
3478 3591 3691 3644 ᾶπαντα

2116 3680 2446 3750 πληροῦνται
2475 3680 2572 3747 τῆς
2600 3677 2986 3746 ἀσχημοσύνης
3007 3715 3022 3740 ,
3049 3676 3124 3737 ὡς
3163 3675 3310 3735 εἰκὸς
3334 3675 3423 3726 τὸν
3452 3672 3691 3725 διάϐολον

2116 3760 2524 3831 στρατηγοῦντα
2578 3759 2751 3811 ταῦτα
2804 3758 3018 3810 ἅπαντα
3067 3754 3488 3807 ἐπιδείκνυσθαι.
3533 3753 3689 3806 Ἀλλά

2121 3845 2194 3912 μὴ
2241 3842 2637 3909 δυσχεραίνετε,
2687 3838 2986 3907 παρακαλῶ
3021 3854 3034 3867 ο
3074 3837 3195 3888 οὐδέ
3237 3836 3345 3905 γάρ
3383 3834 3568 3895 ἁπλῶς
3612 3836 3692 3898 είς

2114 3924 2301 3977 τοῦτον
2348 3922 2540 3991 ἐξέϐην
2581 3921 2670 3974 τὸν
2713 3922 2889 3987 λόγον,
2932 3919 3067 3972 ἀλλὰ
3097 3918 3390 3987 κηδόμενος
3414 3917 3565 3986 ὑμῶν
3598 3920 3690 3973 καὶ

2117 4007 2214 4075 τῆς
2257 4004 2526 4074 σωτηρίας
2575 4005 2667 4056 καὶ
2711 4004 2808 4072 τῆς
2860 4000 3174 4069 εὐκοσμίας,
3226 4000 3320 4051 καὶ
3377 3998 3692 4068 βουλόμενος

2118 4089 2260 4158 ύμᾶς
2297 4088 2396 4155 τὴν
2440 4086 2666 4155 ἀρίστην
2702 4086 2904 4153 ταύτην
2947 4082 3241 4151 μεταϐολὴν
3282 4080 3646 4145 ἐπιδείξασθαι
3671 4116 3688 4144 ,

2119 4171 2211 4223 καὶ
2241 4170 2343 4236 τῆς
2374 4169 2546 4237 καλῆς
2578 4167 2780 4235 ταύτης
2808 4165 3088 4232 συνηθείας
3122 4164 3396 4232 ἀρχηγοὺς
3420 4161 3691 4230 καταστῆ-

2118 4269 2221 4305 ναι.
2261 4250 2383 4303 Ἐὰν
2410 4250 2515 4318 γὰρ
2545 4249 2701 4318 μόνον
2734 4246 2876 4317 ἀρχὴ
2920 4246 3014 4298 καὶ
3045 4245 3164 4306 ὁδὸς
3186 4245 3409 4311 γένηται
3438 4242 3531 4295 τοῦ
3554 4243 3690 4313 πρά-

2116 4349 2345 4402 γματος,
2380 4333 2520 4384 κατά
2557 4330 2746 4400 μικρὸν
2776 4325 2855 4391 εἷς
2880 4328 2972 4381 τὸν
2996 4327 3091 4380 ἕνα
3114 4325 3398 4396 ζηλοῦντες
3421 4325 3510 4377 τὸν
3529 4323 3690 4377 καλὸν

2116 4414 2303 4468 τοῦτον
2340 4414 2431 4466 καὶ
2461 4412 2741 4465 ἐπαινετὸν
2768 4411 2950 4479 ζῆλον,
2977 4412 3184 4470 πάντας
3206 4408 3489 4469 ἐπαινέτας
3518 4408 3686 4470 ἕξετε,

2119 4496 2215 4549 καὶ
2235 4496 2294 4548 οὐ
2338 4495 2495 4563 μόνον
2530 4496 2577 4546 οἰ
2617 4494 2717 4560 τὴν
2747 4492 2900 4543 πόλιν
2928 4491 3202 4552 οἰκοῦντες
3228 4491 3554 4559 μιμήσονται
3592 4488 3689 4558 τὴν

2120 4576 2412 4644 καλλίστην
2447 4574 2649 4643 ταύτην
2678 4572 2975 4641 μεταϐολὴν
3000 4609 3014 4635 ,
3043 4570 3179 4623 ἀλλά
3206 4572 3297 4623 καὶ
3326 4571 3447 4631 τοὺς
3474 4569 3690 4639 πόρρω-

2120 4659 2210 4712 θεν
2240 4657 2518 4718 οἰκοῦντας
2543 4652 2939 4717 ἐπισπάσεσθε,
2981 4653 3074 4705 καὶ
3117 4652 3359 4719 ζηλωτὰς
3397 4651 3692 4719 ὑμετέρους

2120 4740 2517 4807 καταστήσετε,
2562 4736 2655 4789 καὶ
2689 4734 3083 4787 πολυπλασίονα
3123 4735 3213 4785 τὸν
3246 4732 3397 4801 παρά
3426 4731 3517 4783 τοῦ
3556 4731 3688 4782 Θεοῦ

2121 4820 2397 4890 κομιεῖσθε
2432 4818 2691 4885 στέφανον
2711 4859 2724 4881 ,
2753 4817 2833 4868 ὅτι
2863 4816 2949 4867 διά
2984 4816 3073 4867 τὸν
3107 4815 3201 4867 τοῦ
3243 4814 3376 4865 Θεοῦ
3411 4813 3571 4881 φόϐον
3596 4812 3689 4864 καὶ

2120 4904 2217 4973 τὴν
2246 4904 2375 4972 παρ’
2407 4898 2570 4952 αὐτοῦ
2604 4897 2839 4968 ἐντολὴν,
2868 4898 2967 4966 τῆς
2993 4898 3283 4965 σατανικῆς
3313 4895 3511 4963 ταύτης
3539 4911 3691 4963 περι-

2120 4986 2379 5053 γεγόνατε
2430 4982 2733 5051 συνηθείας.
2803 4980 2940 5032 Ἀλλ’
2992 4980 3073 5032 ὅτι
3126 4979 3222 5048 μὲν
3282 4977 3495 5041 δέξεσθε
3554 4976 3690 5045 μετά

2121 5067 2427 5138 προθυμίας
2454 5065 2655 5133 ταύτην
2683 5066 2715 5133 ἡ
2725 5062 2838 5133 μῶν
2858 5062 2954 5131 τὴν
2974 5062 3299 5131 συμϐουλὴν,
3318 5061 3409 5113 καὶ
3432 5062 3509 5121 εἰς
3532 5060 3689 5129 ἔργον

2120 5149 2287 5219 αὐτὴν
2320 5148 2506 5213 ἄξετε,
2547 5147 2747 5215 σφόδρα
2783 5145 3100 5213 πέπεισμαι.
3165 5142 3335 5211 Ὁρῶν
3381 5142 3490 5212 γάρ
3547 5144 3688 5210 ὑμᾶς

2125 5232 2262 5301 μετά
2289 5231 2554 5299 τοσαύτης
2579 5230 2769 5299 ἡδονῆς
2796 5226 3087 5288 ἀκούοντας
3107 5224 3215 5278 τῶν
3238 5225 3559 5293 λεγομένων,
3581 5223 3689 5275 ἀπὸ

2120 5313 2213 5367 τοῦ
2248 5314 2439 5383 κρότου
2475 5312 2567 5365 καὶ
2592 5311 2698 5363 τῶν
2722 5308 2957 5361 ἐπαίνων
2983 5306 3331 5377 στοχάζομαι,
3352 5306 3431 5357 ὅτι
3448 5305 3536 5356 καί
3554 5304 3685 5372 πρὸς

2120 5398 2217 5468 τὴν
2258 5396 2347 5450 διὰ
2382 5395 2489 5448 τῶν
2534 5394 2710 5464 ἔργων
2750 5391 3083 5461 κατόρθωσιν
3136 5387 3539 5456 ἐπειχθήσεσθε.
3599 5384 3691 5438 Διδ

2121 5478 2407 5549 ἀρκεσθεὶς
2438 5479 2547 5539 τοῖς
2576 5474 2883 5546 εἰρημένοις
2903 5474 2995 5525 ἐπὶ
3018 5471 3116 5541 τὴν
3142 5469 3461 5524 ἀκολουθίαν
3485 5468 3579 5521 τοῦ
3601 5468 3688 5520 λό-

2122 5578 2219 5628 γου
2267 5558 2539 5629 ἐπανήξω.
2594 5557 2704 5614 Καὶ
2750 5556 3017 5623 ἐγένετο,
3071 5552 3265 5620 φησὶν,
3298 5550 3556 5617 ἑσπέρα,
3590 5551 3687 5603 καὶ

2120 5644 2297 5697 ἔλαϐε
2324 5641 2524 5695 Λάὄαν
2556 5638 2671 5706 τὴν
2699 5639 2880 5692 Λείαν
2902 5636 3013 5703 τὴν
3041 5633 3329 5702 θυγατέρα
3357 5633 3561 5698 αὑτοῦ,
3589 5632 3690 5686 καί

2124 5724 2441 5793 εἰσήγαγεν
2490 5721 2682 5787 αὐτὴν
2730 5720 2879 5787 πρὸς
2922 5718 3029 5771 τὸν
3078 5716 3299 5771 Ἰακώϐ.

2195 5809 2286 5876 Μὴ
2320 5806 2497 5867 ἁπλῶς
2543 5804 2676 5874 μηδέ
2708 5802 2865 5855 τοῦτο
2910 5799 3378 5870 παραδράμωμεν·
3425 5798 3537 5851 ἐστι
3582 5797 3687 5864 γάρ

2128 5889 2217 5943 καὶ
2250 5889 2311 5942 ἐκ
2338 5888 2524 5941 τούτου
2573 5883 2741 5939 πολλὰ
2781 5882 3026 5938 συνιδεῖν·
3057 5881 3114 5935 ἓν
3146 5881 3243 5950 μὲν
3276 5879 3366 5934 τοῦ
3410 5878 3598 5933 Ἰακὼϐ
3626 5876 3685 5928 τὸ
