4168 6264
490 324 592 381 689

489 438 781 497 ἄπλαστον,
817 432 909 487 καὶ
949 433 1097 496 ὅπως
1136 433 1314 504 πάσης
1346 434 1604 504 πονηρίας
1649 433 1804 495 ἐκτὸς
1827 431 1902 485 ὢν
1927 446 2065 497 παρ-

489 518 761 589 εκρούσθη
795 535 808 548 ·
853 517 1103 587 δεύτερον
1171 516 1262 580 δέ,
1315 516 1397 568 ὅτι
1460 517 1600 586 μετά
1662 515 1931 583 τοσαύτης
1979 513 2068 565 εὐ-

488 603 723 672 κοσμίας
774 601 986 654 ἅπαντα
1039 597 1286 666 ἐγίνετο,
1361 599 1450 652 καὶ
1499 597 1734 668 οὐδαμοῦ
1787 595 2067 666 λαμπάδες

490 685 587 738 καὶ
612 686 818 754 χορεῖαι
858 683 952 733 καὶ
987 681 1141 750 φῶτα
1169 681 1266 750 τὴν
1301 683 1490 752 χρείαν
1519 681 1917 753 ὑπερϐαίνοντα
1943 719 1958 743 ,
1992 679 2069 742 ὡς

492 767 588 820 καὶ
627 768 726 835 τὴν
772 763 988 832 ἀπάτην
1016 762 1112 815 τοῦ
1159 763 1344 816 Λάϐαν
1373 765 1452 826 είς
1485 763 1644 834 ἔργον
1678 763 1870 816 ἐλθεῖν.
1912 763 2068 815 Ἔστι

490 849 547 902 δὲ
576 848 666 914 καὶ
696 845 788 899 τοῦ
804 844 988 898 Λάϐαν
1005 844 1256 904 ἐντεῦθεν
1283 846 1608 900 καταλαϐεῖν
1633 846 1730 915 τὴν
1762 845 1886 914 περὶ
1915 842 2064 916 [542]

488 931 580 982 τὸν
618 927 810 981 Ἰακὼϐ
841 927 1244 998 φιλοστοργίαν.
1293 928 1463 981 Τοῦτο
1499 927 1608 998 γάρ
1650 928 2066 997 ἐμηχανήσατο,

491 1011 811 1082 βουλόμενος
854 1011 946 1062 ἐπὶ
989 1009 1172 1062 πλεῖον
1216 1010 1467 1079 κατέχειν
1498 1011 1628 1081 παρ’
1658 1008 1836 1080 ἐαυτῷ
1869 1009 1960 1064 τὸν
1986 1009 2068 1061 δί-

491 1113 662 1148 καιον.
691 1094 908 1163 Ἐπειδὴ
925 1093 1034 1162 γὰρ
1055 1093 1173 1162 ᾔδει
1197 1093 1277 1145 ὅτι
1305 1093 1522 1162 ἐκείνης
1547 1093 1888 1164 περιεκαίετο
1908 1105 1956 1154 ο,
1974 1093 2068 1145 καὶ

489 1179 538 1230 εἰ
566 1177 660 1231 τοῦ
689 1176 1124 1246 σπουδαζομένου
1156 1174 1434 1244 ἐπέτυχεν,
1459 1175 1558 1228 οὐκ
1585 1175 1652 1228 ἂν
1682 1175 1852 1228 είλετο
1884 1175 2066 1228 λοιπὸν

489 1257 591 1330 τῆς
623 1260 787 1321 Λείας
821 1258 1007 1311 ἐνεκεν
1037 1257 1136 1326 τὴν
1161 1257 1403 1310 δουλείαν
1439 1258 1777 1328 ὑποστῆναι,
1820 1257 1940 1310 οὐδέ
1968 1256 2066 1327 τὴν

493 1342 608 1411 μετ’
626 1341 789 1394 αὐτοῦ
813 1341 1122 1409 συνοίκησιν
1141 1357 1154 1370 ·
1177 1340 1263 1392 διά
1288 1339 1446 1392 τοῦτο
1475 1339 1808 1410 θεασάμενος
1832 1343 1860 1393 6
1883 1339 2066 1392 Λάϐαν

487 1422 587 1476 τοῦ
613 1421 807 1492 ἀνδρὸς
829 1423 926 1492 τὴν
955 1422 1176 1492 ἀρετὴν,
1207 1422 1300 1474 καὶ
1329 1421 1522 1474 ἐννοῶν
1546 1423 1620 1485 ὡς
1646 1425 1745 1475 οὐκ
1777 1423 1841 1475 ἂν
1867 1421 2065 1491 ἑτέρως

491 1503 655 1557 αὐτοῦ
689 1505 1028 1572 περιγένοιτο
1065 1505 1158 1556 καὶ
1190 1504 1395 1556 πείσειε
1421 1543 1434 1562 ,
1473 1504 1570 1574 τὴν
1612 1505 1830 1573 ἀπάτην
1865 1503 2066 1572 ταύτην

492 1587 806 1656 εἰργάσατο,
832 1587 925 1639 καὶ
952 1586 1166 1640 δίδωσιν
1197 1587 1347 1657 αὐτῷ
1369 1589 1469 1656 τὴν
1498 1588 1662 1640 Λείαν
1696 1588 1832 1657 μετά
1858 1587 2066 1655 Ζελφᾶς

490 1667 590 1736 τῆς
620 1667 927 1738 παιδίσκης.
970 1664 1104 1721 Εἶτα
1130 1668 1525 1738 ἐγκαλούμενος
1558 1669 1661 1722 ὑπὸ
1691 1669 1781 1722 τοῦ
1819 1670 2026 1722 δικαίου
2047 1708 2061 1731 ,

491 1748 634 1812 τίνος
681 1749 864 1803 ἕνεκεν
891 1749 960 1802 τά
985 1751 1083 1820 τῆς
1115 1751 1331 1818 ἀπάτης
1365 1751 1678 1820 εἰργάσατο,
1709 1751 2065 1820 εὐπρόσωπον

489 1829 784 1898 ἀπολογίαν
810 1832 1120 1902 ἐποιήσατο.
1162 1833 1378 1904 Ἐπειδὴ
1416 1834 1524 1903 γὰρ
1557 1831 1709 1886 εἶπεν
1747 1835 1777 1885 ὁ
1830 1832 2022 1886 Ἰακὼϐ
2047 1872 2061 1896 ,

496 1913 664 1977 Τίνος
681 1913 889 1966 ἕνεκεν
909 1913 1086 1967 τοῦτό
1098 1931 1198 1981 μοι
1217 1915 1546 1982 ὲποίησας;
1567 1919 1638 1970 οὐ
1658 1917 1791 1985 περὶ
1814 1914 1922 1982 τῆς
1954 1917 2067 1968 Ῥα-

489 1995 613 2062 χὴλ
631 1995 969 2049 ἐδούλευσα
993 2010 1092 2050 σοι
1112 2012 1129 2058 ;
1155 1997 1252 2050 καί
1278 1999 1379 2052 ἵνα
1404 2000 1458 2052 τί
1483 2000 1862 2067 παρελογίσω
1880 2014 1991 2067 ys;
2015 1998 2066 2051 τί

489 2093 654 2146 φησιν
671 2079 701 2129 6
719 2077 904 2132 Λάϐαν
925 2094 939 2142 ;
971 2069 1294 2132 Οὺθέἐστιν
1311 2080 1498 2146 οὕτως
1517 2081 1586 2132 ἐν
1603 2080 1682 2146 τῷ
1701 2082 1861 2146 τόπῳ
1880 2082 2069 2146 τούτῳ

487 2157 696 2212 δοῦναι
717 2159 832 2226 τὴν
848 2159 1162 2227 νεωτέραν,
1184 2162 1325 2229 πρὶν
1345 2161 1382 2228 ἢ
1405 2162 1834 2230 πρεσϐυτέραν.
1857 2162 2068 2215 Συντέ-

485 2245 678 2295 λεσον
697 2235 812 2296 οὖν
830 2242 924 2295 καὶ
949 2244 1170 2310 ταύτης
1189 2245 1262 2297 τὰ
1278 2243 1517 2312 ἕϐδομα,
1538 2244 1637 2298 καί
1655 2244 1826 2298 δώσω
1847 2259 1946 2298 σοι
1967 2245 2067 2299 καί

488 2325 712 2390 ταύτην
732 2324 864 2377 ἀντὶ
885 2323 995 2390 τῆς
1013 2326 1318 2394 ἐργασίας,
1341 2321 1413 2394 ἧς
1430 2325 1655 2393 ἐργάσῃ
1677 2328 1810 2394 παρ’
1829 2327 1958 2394 ἐμοὶ
1977 2327 2067 2380 ἔτι

487 2405 638 2471 ἑπτὰ
663 2405 790 2472 ἐτη.
807 2406 970 2475 Ὁρᾷς
995 2407 1076 2458 ὄτι
1105 2405 1263 2458 τοῦτο
1283 2407 1414 2458 αὐτὸ
1441 2407 1828 2477 μηχανώμενος
1853 2408 2070 2462 ἅπαντα

489 2486 911 2540 κατεσκεύασεν.
931 2487 1149 2556 Ἐπειδὴ
1170 2489 1278 2557 γὰρ
1299 2483 1406 2540 εἶδε
1427 2489 1515 2540 τὸν
1536 2489 1708 2558 ἔρωτα
1738 2491 1794 2542 ὃν
1823 2492 1952 2562 περὶ
1971 2492 2068 2562 τὴν

489 2568 659 2638 κόρην
697 2569 957 2637 ἐκέκτητο
980 2610 995 2632 ,
1035 2570 1204 2639 φησί’
1243 2570 1334 2640 Μὴ
1368 2571 1594 2642 νομίσῃς
1643 2573 1930 2643 ἠδικῆσθαί
1985 2590 2065 2630 σε.

504 2651 718 2722 Ἐπειδὴ
740 2651 849 2721 γὰρ
867 2649 1022 2716 οὗτος
1052 2653 1180 2722 παρ’
1201 2653 1357 2722 ἡμῶν
1383 2655 1411 2704 6
1437 2655 1614 2723 νόμος,
1639 2653 1779 2707 ὥστε
1805 2655 2069 2726 πρότερον

487 2733 589 2802 τὴν
609 2733 986 2804 πρεσϐυτέραν
1009 2735 1270 2788 ἐκδιδόναι
1289 2736 1442 2806 ἀνδρί
1462 2753 1474 2765 ·
1503 2737 1591 2789 διὰ
1619 2736 1772 2790 τοῦτο
1795 2739 1892 2807 μὲν
1913 2737 2070 2792 τοῦτο

488 2814 808 2885 γεγένηται·
830 2815 974 2888 λήψῃ
994 2817 1049 2869 δὲ
1068 2818 1162 2870 καὶ
1179 2817 1381 2888 ταύτην
1400 2820 1464 2888 ἢν
1485 2819 1687 2882 ποθεῖς,
1711 2820 1804 2871 ἐάν
1823 2818 1891 2872 τὰ
1910 2821 2069 2889 ὅμοια

490 2895 585 2964 ἐτη
623 2897 718 2950 καὶ
753 2898 892 2969 ὑπὲρ
924 2900 1093 2970 αὐτῆς
1121 2900 1429 2972 δουλεύσης.
1457 2901 1641 2956 Ταῦτα
1670 2900 1907 2965 ἀκούσας
1937 2903 1965 2953 6
1991 2901 2069 2954 δί-

491 2995 644 3042 καιος
681 2979 910 3049 ἑτοίμως
947 2981 1161 3034 ἅπαντα
1197 2983 1552 3047 κατεδέξατο,
1591 2983 1684 3036 καὶ
1724 2983 1860 3053 μετά
1898 2983 2068 3039 ταῦτα

489 3062 651 3132 ἐτερα
676 3063 816 3116 ἐπτά
853 3064 968 3131 ἔτη,
993 3065 1239 3134 Ἔδωκε,
1262 3067 1446 3136 φησὶν,
1467 3066 1626 3133 αὐτῷ
1646 3067 1762 3136 τὴν
1779 3069 2068 3136 θυγατέρα

488 3145 676 3198 αὐτοῦ
709 3145 937 3214 Ῥαχὴλ
958 3147 1230 3215 γυναῖκα.
2039 3194 2042 3196 ν

542 3232 612 3292 γ’.
631 3227 791 3297 Ὁρᾷς
812 3229 973 3282 πάλιν
993 3229 1075 3282 ὅτι
1095 3229 1161 3283 τὰ
1178 3231 1286 3282 τῶν
1302 3230 1492 3299 γάμων
1507 3231 1715 3299 γίνεται
1735 3234 1871 3302 μετά
1889 3233 2068 3304 πάσης

495 3310 868 3378 κοσμιότητος.
888 3310 1023 3362 Ἀλλ’
1040 3313 1254 3366 ἀκούων
1271 3314 1353 3366 ὅτι
1374 3313 1532 3366 ἔλαϐε
1553 3313 1652 3384 τὴν
1672 3316 2066 3386 πρεσϐυτέραν,

497 3389 593 3442 καὶ
613 3391 773 3443 πάλιν
796 3392 895 3460 τὴν
914 3394 1202 3464 νεωτέραν,
1229 3395 1302 3465 μὴ
1328 3396 1625 3466 ταραχθῇς,
1651 3397 1783 3466 μηδὲ
1811 3398 1946 3467 πρὸς
1972 3399 2070 3470 τὴν

491 3471 589 3524 νῦν
625 3475 958 3527 κατάστασιν
993 3475 1061 3528 τά
1096 3477 1217 3529 τότε
1256 3480 1435 3547 κρῖναι
1473 3479 1792 3549 πράγματα.
1815 3481 1946 3533 Τότε
1971 3483 2068 3551 μὲν

492 3553 603 3622 γὰρ
621 3593 635 3617 ,
670 3555 856 3627 ἐπειδὴ
886 3557 1030 3628 ἀρχὴ
1059 3559 1152 3611 καὶ
1179 3560 1441 3630 προοίμια
1465 3555 1556 3629 ἦν,
1590 3565 1947 3632 συνεχωρεῖτο
1975 3564 2068 3616 καὶ

482 3636 614 3688 δυσὶ
634 3638 730 3691 καὶ
745 3640 891 3708 τρισὶ
911 3640 1126 3707 γυναιξὶΙ
1147 3642 1242 3694 καὶ
1267 3641 1474 3695 πλείοσι
1508 3641 1818 3712 μίγνυσθαι,
1839 3642 1979 3698 ὥστε
2009 3647 2070 3698 τὸ

494 3717 653 3786 γένος
680 3720 973 3790 ἐκταθῆναι
989 3739 1005 3753 ο
1026 3722 1144 3776 νυνὶ
1161 3723 1239 3789 δὲ,
1261 3724 1444 3795 ἐπειδὴ
1465 3725 1553 3779 διά
1572 3725 1672 3797 τὴν
1689 3726 1782 3780 τοῦ
1809 3727 1944 3780 Θεοῦ
1975 3730 2071 3799 χά-

496 3817 579 3869 ριν
601 3801 773 3856 καὶτὸ
793 3804 897 3858 τῶν
917 3805 1219 3877 ἀνθρώπων
1238 3808 1392 3876 γένος
1411 3810 1505 3861 ἐπὶ
1528 3809 1662 3864 πολύ
1691 3809 1894 3881 πλῆθος
1919 3812 2071 3864 ἐκτέο

489 3899 671 3948 ταται,
696 3887 877 3938 καὶτὰ
895 3890 994 3958 τῆς
1013 3890 1215 3960 ἀρετῆς
1246 3891 1483 3945 ἐπίδοσιν
1513 3891 1656 3962 ἔσχε.
1680 3893 2068 3962 Παραγενόμε-

490 3981 580 4028 νος
615 3966 724 4037 γάρ
760 3968 790 4019 6
824 3970 1073 4039 Χριστὸς,
1097 3973 1190 4024 καδ⁹
1226 3973 1325 4042 τὴν
1361 3973 1560 4044 ἀρετὴν
1580 3976 1992 4042 καταφυτεύσας
2011 3977 2070 4028 ἐν

491 4050 604 4110 τοῖς
621 4049 947 4123 ἀνθρώποις,
971 4053 1062 4105 καὶ
1081 4054 1364 4121 ἀγγέλους,
1383 4056 1458 4117 ὡς
1478 4057 1670 4118 εἰπεῖν,
1692 4056 1749 4122 ἐξ
1770 4057 2070 4128 ἀνθρώπων

496 4130 689 4194 αὐτοὺς
710 4133 1104 4204 ἐργασάμενος,
1127 4136 1343 4189 ἃπασαν
1360 4137 1564 4206 ταύτην
1582 4140 1680 4208 τὴν
1700 4139 1934 4193 παλαιὰν
1956 4158 2070 4195 συν-

499 4216 687 4285 ήθειαν
719 4215 994 4283 ἐξέκοψεν.
1013 4218 1176 4286 Ὁρᾷς
1195 4218 1312 4280 πῶς
1329 4219 1389 4271 οὐ
1411 4220 1493 4272 δεῖ
1517 4221 1804 4292 συνήθειαν
1831 4225 2068 4294 προϐάλ-

497 4297 702 4361 λεσθαι,
726 4296 860 4348 ἀλλὰ
889 4298 949 4349 τὸ
976 4300 1245 4369 χρήσιμον
1279 4302 1558 4373 πανταχοῦ
1591 4305 1900 4375 ἐπιζητεῖνς
1937 4309 2066 4362 Ἰδοὺ

491 4380 622 4447 γάρ,
644 4376 828 4448 ἐπειδὴ
850 4381 993 4450 κακὴ
1014 4376 1081 4451 ἦν
1101 4381 1239 4454 αὐτη
1262 4384 1294 4454 ἡ
1319 4385 1596 4455 συνήθεια,
1617 4388 1721 4455 ὅρα
1753 4387 1870 4451 πῶς
1889 4389 2068 4456 ἐξεκό-

491 4480 590 4534 πη,
606 4461 699 4514 καὶ
717 4461 1014 4528 οὐκ-ἔξεστι
1035 4463 1130 4517 νῦν
1148 4466 1322 4519 οὐδενὶ
1339 4468 1540 4537 ταύτην
1561 4470 1955 4540 προϐάλλεσθαι
1969 4474 2068 4545 τὴν

493 4543 800 4615 συνήθειαν.
839 4545 1108 4615 Μηδαμοῦ
1143 4546 1320 4601 τοίνυν
1345 4589 1359 4611 ,
1400 4551 1700 4620 παρακαλῶ
1723 4591 1739 4617 ,
1783 4543 2066 4624 συνήθειαν

489 4625 755 4697 ἐπιζήτει,
779 4628 915 4681 ἀλλά
935 4629 998 4682 τὸ
1016 4631 1286 4702 χρήσιμον
1313 4632 1485 4703 ζήτει,
1508 4635 1603 4686 καὶ
1625 4636 1700 4706 μὴ
1719 4637 1780 4688 τὸ
1798 4637 2068 4707 ψυχοϐλα-

488 4712 581 4774 ϐές
601 4727 613 4739 ·
640 4712 733 4763 καὶ
751 4712 868 4764 εἴτι
885 4715 1142 4783 τυγχάνει
1162 4715 1344 4779 καλὸν,
1367 4715 1468 4769 κᾶν
1508 4717 1583 4787 μὴ
1686 4721 1959 4789 συνήθεια,
1983 4739 2066 4790 γι-

488 4794 663 4876 νέσθω
692 4795 822 4864 παρ’
843 4795 1024 4865 ἡμῶν·
1052 4796 1117 4851 ἂν
1143 4797 1198 4849 δέ
1229 4816 1280 4850 τι
1311 4799 1588 4870 βλαϐερὸν,
1613 4800 1712 4853 κᾶν
1732 4803 1790 4854 ἐν
1809 4805 2065 4876 συνηθείᾳ

487 4872 544 4948 ᾖ,
568 4874 857 4944 φεύγωμεν
877 4877 971 4930 καὶ
990 4879 1480 4950 ἀποστρεφώμεθα.
1504 4883 1613 4936 Καὶ
1652 4883 1854 4946 ἔδωκε,
1879 4872 2060 4955 φησὶν,

502 4956 711 5012 Ἰακὼὸ
738 4959 964 5026 Ῥαχὴλ
987 4961 1133 5028 μετὰ
1157 4962 1396 5029 Βάλλας
1416 4964 1523 5032 τῆς
1545 4965 1888 5035 παιδίσκης.
1915 4965 2066 5033 Εἶδες

489 5040 629 5109 πόση
650 5041 682 5110 ή
707 5040 1020 5110 φιλοσοφία;
1043 5045 1237 5113 Μήπου
1258 5047 1606 5116 ἀνδραπόδων
1625 5048 1844 5115 ἀγέλαις
1867 5055 1936 5122 μή
1961 5068 2063 5104 που

487 5126 868 5194 γραμματεῖα,
907 5127 999 5178 καὶ
1038 5127 1321 5198 συνθῆκαι,
1359 5131 1452 5181 καὶ
1491 5130 1730 5200 αἱρέσεις
1767 5133 1968 5188 ἐκεῖναι
2009 5138 2063 5188 αἱ

490 5205 906 5274 καταγέλαστοι,
923 5207 1049 5260 Ἐἀν
1077 5209 1195 5262 τόδε
1215 5211 1460 5280 γένηται,
1482 5213 1574 5264 καὶ
1595 5212 1689 5266 ἐὰν
1708 5215 1822 5268 τόδε
1848 5233 1910 5268 συ
1919 5217 2028 5288 μϐῇ
2048 5235 2062 5283 ;

489 5289 600 5344 Καὶ
635 5289 855 5354 εὐθέως,
881 5290 1008 5360 πρὶν
1044 5292 1077 5362 ἢ
1118 5294 1410 5356 συνελθεῖν,
1432 5297 1480 5348 οἱ
1517 5297 1618 5350 οὐκ
1658 5299 1854 5363 εἰδότες
1889 5301 1997 5353 οὐδ’
2018 5304 2066 5354 εἰ

493 5375 656 5444 μέχρι
682 5373 835 5445 [545]
875 5376 973 5444 τῆς
992 5377 1230 5448 ἑσπέρας
1249 5377 1561 5449 διαμενοῦσι
1579 5383 1628 5445 1³,
1653 5381 1720 5436 τά
1744 5384 1880 5453 μετά
1902 5385 2068 5440 πολὺν

491 5457 726 5526 ἐσόμενα
775 5457 966 5528 χρόνον
1002 5461 1060 5511 ἐν
1094 5463 1206 5523 τοῖς
1242 5464 1639 5531 γραμματείοις
1693 5467 2062 5521 συντιθέασινο

551 5628 578 5692 _'
605 5625 819 5692 gonjjcit
837 5629 987 5679 Savil.
1011 5631 1188 5686 ἐκείνης
1207 5631 1311 5692 πέρι
1337 5631 1538 5679 ἐκαίετο.

551 5687 577 5727 h
599 5685 679 5737 Sic
697 5690 841 5739 Cois].
871 5692 1073 5752 oplime.
1101 5685 1349 5743 Edebaiur
1369 5695 1652 5754 διαμένουσι.
1683 5693 1816 5745 lina.

1195 323 1250 376 S.
1287 317 1571 377 JOANNIS
1599 314 2091 376 CHRYSOSTOMI
2130 313 2448 372 ARCHIEP.
2489 319 3035 379 CONSTANTINOP.

3641 319 3754 378 490

2184 429 2307 482 Ἐάν
2323 431 2562 494 ἄτεκνος,
2579 450 2650 502 φη
2659 433 3050 505 σὶ,τελευτήσῃ,
3062 430 3156 484 ἐάν
3175 430 3358 486 παιδία
3372 430 3640 501 ἐσχηκὼς,
3653 433 3751 484 καὶ

2167 511 2266 563 ὅσα
2302 513 2545 566 τοιαῦτα.
2565 515 2703 566 Ἀλλ’
2723 516 2956 569 ἐνταῦθα
2988 515 3138 568 οὐδὲν
3176 513 3437 576 τοιοῦτον,
3459 513 3596 566 ἀλλά
3619 531 3749 566 παι-

2166 595 2357 663 δίσκην
2380 594 2509 664 μίαν
2529 598 2736 670 ἑκάστῃ
2753 599 2875 662 δοὺς
2894 598 2922 648 6
2945 598 3144 669 πατὴρ,
3163 596 3303 650 οὕτω
3319 597 3418 660 τὰς
3440 597 3753 667 θυγατέρας

2168 676 2421 740 ἐξεδίδου.
2458 679 2763 748 Ἠγάπησε
2814 680 2902 746 δὲ,
2943 681 3098 750 φησὶ,
3133 678 3362 747 Ῥαχὴλ
3407 676 3650 748 μᾶλλον
3703 677 3744 747 ἢ

2167 760 2371 824 Λείαν,
2426 760 2524 812 καί
2575 761 2942 817 ἐδούλευσεν
2993 761 3154 827 αὺτῷ
3207 760 3356 816 ἐπτά
3411 761 3517 826 ἐτη
3551 760 3743 828 ἕτερα.

2181 841 2400 913 Ἐπειδὴ
2437 842 2546 914 γὰρ
2584 843 2644 907 ἐξ
2678 845 2848 916 ἀρχῆς
2869 846 2956 899 διά
2973 846 3072 916 τὴν
3091 844 3391 915 εὐμορφίαν
3411 843 3626 914 ἠράσθη
3643 843 3746 914 τῆς

2167 925 2355 994 κόρης,
2381 925 2532 996 μόλις
2567 925 2624 978 δὲ
2661 931 2841 996 τυχεῖν
2858 939 2879 968 ο
2905 946 3035 982 ποτε
3069 927 3305 997 ἠδυνήθη
3330 925 3422 978 τοῦ
3449 925 3743 988 σπουδαζο-

2171 1008 2355 1078 μένου,
2377 1010 2612 1082 ἐκείνην,
2637 1013 2790 1082 φησὶ,
2814 1011 2973 1064 πλέον
3009 1011 3220 1080 ὴγάπα,
3242 1010 3385 1079 ἤπερ
3421 1009 3518 1078 τὴν
3556 1008 3740 1060 Λείαν.

2167 1093 2277 1145 Καὶ
2313 1093 2422 1163 γὰρ
2456 1097 2488 1164 ἡ
2527 1095 2731 1165 ταύτης
2766 1093 3057 1163 εὐμορφία,
3081 1094 3262 1162 φησὶν,
3285 1091 3562 1160 ἐφείλκετο
3581 1090 3744 1144 αὐτὸν

2167 1176 2247 1238 είς
2267 1175 2357 1227 τὸν
2380 1179 2506 1246 περ)⁸
2524 1179 2699 1248 αὐτὴν
2719 1177 2900 1231 πόθον.
2918 1177 3054 1229 Ἀλλ’
3076 1179 3177 1244 ὅρα
3200 1193 3287 1247 μοι
3307 1173 3540 1228 ἐνταῦθα
3558 1171 3746 1225 λοιπὸν

2165 1258 2259 1310 τοῦ
2300 1260 2569 1312 Δεσπότου
2607 1265 2704 1330 τὴν
2741 1261 2946 1328 ἄφατον
2972 1258 3403 1328 φιλανθρωπίαν,
3428 1256 3655 1318 καὶπῶς
3675 1255 3747 1309 τά

2168 1342 2296 1410 παρ’
2317 1341 2482 1395 αὐτοῦ
2504 1343 2907 1410 ἐπαγγελθέντα
2943 1340 3084 1395 κατά
3107 1340 3298 1412 μικρὸν
3319 1341 3396 1401 εἰς
3417 1338 3576 1406 ἔργον
3596 1339 3742 1405 ἄγει.

2180 1421 2236 1473 Ὁ
2257 1422 2366 1494 γὰρ
2390 1423 2580 1490 εἰπὼν,
2602 1426 2681 1477 ὅτι
2708 1426 2955 1493 Ἔσομαι
2975 1423 3125 1493 μετὰ
3147 1421 3286 1486 σοῦ,
3309 1418 3748 1487 διαφυλάσσων

2165 1519 2240 1558 σε
2263 1504 2328 1557 ἐν
2361 1504 2530 1574 πάσῃ
2564 1505 2700 1571 ὁδῷ,
2721 1501 2762 1577 ᾖ
2787 1508 2896 1561 ἐὰν
2919 1504 3238 1575 πορευθῇς,
3261 1504 3355 1558 καὶ
3385 1503 3464 1555 ὃτι
3493 1499 3749 1563 Αὐξανῶ

2166 1606 2240 1642 σε
2276 1589 2375 1643 καὶ
2411 1589 2718 1656 πληθυνῶ,
2740 1591 2900 1652 αὐτὸς
2936 1591 3030 1644 καὶ
3066 1591 3160 1642 νῦν
3199 1589 3413 1642 ἅπαντα
3449 1585 3741 1652 οἰκονομεῖ.

2166 1673 2276 1726 Καὶ
2312 1673 2398 1725 ἵνα
2435 1672 2635 1744 μάθῃς,
2667 1673 2831 1727 ἄκουε
2867 1674 2961 1726 καὶ
2998 1672 3167 1740 αὐτῆς
3204 1671 3300 1739 τῆς
3338 1669 3486 1731 θείας
3523 1667 3746 1736 Γραφῆς

2165 1755 2324 1809 τοῦτο
2357 1755 2543 1824 σαφῶς
2569 1754 2832 1822 λεγούσης
2848 1771 2860 1786 ·
2881 1755 3041 1809 Ἰδὼν
3071 1753 3141 1806 δὲ
3159 1755 3373 1820 Κύριος
3398 1753 3430 1804 ό
3455 1750 3618 1814 Θεὸς,
3639 1766 3746 1817 φη-

2169 1844 2272 1904 σὶν,
2299 1837 2386 1890 ὅτι
2409 1837 2669 1906 μισεῖται
2697 1839 2860 1900 Λεία,
2883 1837 3090 1905 ἤνοιξε
3113 1835 3228 1903 τὴν
3253 1834 3490 1903 μήτραν
3517 1829 3705 1897 αὐτῆς
3726 1846 3742 1859 ·

2178 1919 2405 1988 Ῥαχὴλ
2441 1921 2509 1973 δὲ
2543 1916 2621 1989 ἦν
2665 1920 2893 1986 στεῖρα.
2935 1920 3043 1974 Καὶ
3087 1916 3389 1971 συνέλαϐε
3424 1913 3568 1968 Λεία
3589 1951 3602 1971 ,
3642 1910 3745 1964 καί

2165 2002 2370 2057 ἔτεκεν
2389 2003 2523 2056 υἱὸν
2551 2001 2630 2066 τῷ
2663 2001 3028 2071 Ἰακώ6.⁶¹ορα
3047 2001 3140 2053 τοῦ
3163 1999 3471 2068 εὐμηχάνου
3490 1992 3624 2046 Θεοῦ
3644 1993 3747 2061 τὴν

2167 2085 2377 2153 σοφίαν.
2397 2083 2612 2154 Ἐπειδὴ
2632 2086 2665 2154 ἡ
2691 2084 2789 2152 μὲν
2817 2083 2925 2136 ἀπὸ
2953 2083 3053 2150 τῆς
3075 2081 3377 2152 εὐμορφίας
3410 2077 3507 2148 τὴν
3532 2073 3746 2128 εὔνοιαν

2166 2167 2517 2221 ἐπεσπάσατο
2551 2164 2643 2219 τοῦ
2679 2166 2891 2237 ἀνδρὸς,
2925 2168 2959 2235 ἡ
2995 2166 3053 2218 δὲ
3086 2163 3290 2233 ταύτης
3323 2158 3758 2229 ἀπεστερημένη

2171 2251 2442 2318 μισεῖσθαι
2479 2248 2685 2310 ἐδόκει,
2721 2247 2924 2316 ταύτην
2963 2247 3060 2317 μὲν
3096 2245 3349 2314 διεγείρει
3387 2241 3524 2312 πρὸς
3556 2239 3746 2308 γονὴν,

2168 2331 2378 2400 ἐκείνης
2397 2331 2453 2382 δέ
2475 2333 2638 2400 πηροῖ
2654 2330 2752 2400 τὴν
2775 2332 3003 2401 μήτραν,
3021 2329 3303 2399 ἀμφότερα
3320 2325 3409 2380 διὰ
3425 2323 3522 2394 τὴν
3539 2321 3747 2376 οἰκείαν

2167 2415 2356 2482 φιλανθ
2367 2413 2574 2484 ρωπίαν
2593 2413 2911 2483 οἰκονομῶν,
2933 2413 3019 2466 ’ίνα
3038 2412 3132 2464 καὶ
3150 2411 3285 2480 αὐτη
3304 2407 3393 2462 διά
3411 2408 3478 2461 τὰ
3499 2405 3558 2470 ἐξ
3573 2404 3754 2472 αὐτῆς·

2166 2499 2458 2567 τικτόμενα
2494 2499 2594 2566 σχῇ
2633 2514 2752 2549 τινα
2788 2495 3160 2567 παραμυθίαν,
3183 2491 3521 2562 ἐφελκομένη
3539 2491 3620 2552 εἰς
3653 2487 3750 2539 τὸν
3833 2517 3837 2520 -

2169 2581 2294 2650 περὶ
2311 2578 2482 2649 αὐτὴν
2507 2579 2666 2631 πόθον
2684 2579 2774 2632 τὸν
2794 2578 2981 2648 ἀνδρα,
3003 2577 3228 2646 κάκείνη
3253 2576 3327 2645 μὴ
3347 2574 3436 2627 διὰ
3463 2572 3522 2624 τὸ
3552 2569 3745 2650 κάλλος

2167 2649 2263 2715 καὶ
2289 2661 2386 2731 τὴν
2419 2660 2720 2732 εὐμορφίαν
2755 2659 3206 2730 κατεξανιστῆται
3242 2657 3340 2726 τῆς
3361 2655 3618 2723 ἀδελφῆς,
3638 2649 3748 2705 Kal

2167 2744 2452 2810 διήνοιξε,
2477 2743 2629 2812 φησὶ,
2651 2742 2766 2809 τὴν
2785 2743 3022 2812 μήτραν
3049 2739 3259 2807 αὐτῆς.
3281 2739 3536 2793 Μάνθανε
3564 2732 3746 2786 ἐντεῦ-

2169 2826 2282 2890 θεν,
2303 2825 2574 2894 ἀγαπητὲ,
2595 2825 2678 2878 ὅτι
2713 2826 2743 2877 6
2779 2823 2887 2877 τῶν
2924 2825 3177 2878 ἁπάντων
3209 2818 3537 2892 δημιουργός
3557 2818 3698 2869 ἐστιν
3717 2815 3749 2866 6

2167 2909 2236 2961 τὰ
2275 2907 2452 2961 πάντα
2488 2907 2805 2977 οἰκονομῶν,
2828 2906 2922 2960 καὶ
2957 2905 3054 2977 τὴν
3091 2906 3252 2974 φύσιν
3282 2903 3451 2971 αὐτὴν
3469 2897 3745 2967 διεγείρων

2169 2990 2304 3062 πρὸς
2323 2990 2505 3060 γονὴν,
2526 2990 2620 3043 καὶ
2638 2991 2720 3042 ὅτι
2738 2989 2890 3042 οὐδὲν
2907 2989 3004 3059 τῆς
3027 2987 3309 3050 συνουσίας
3326 2984 3536 3054 ὄφελος,
3557 2980 3630 3062 μῂ
3647 2981 3746 3048 τῆς

2167 3058 2374 3127 ἄνωθεν
2411 3058 2727 3142 συμμαχίας
2761 3058 3074 3141 γενομένης.
3105 3069 3203 3122 Διά
3237 3067 3346 3139 γάρ
3381 3064 3540 3119 τοῦτο
3575 3058 3751 3125 εἶπενι

2167 3155 2249 3208 ὃτι
2269 3152 2541 3220 Διήνοιξε
2571 3153 2689 3220 τὴν
2713 3152 2950 3223 μήτραν
2980 3153 3190 3219 αὐτῆς,
3213 3152 3300 3204 ἵνα
3319 3148 3534 3217 γνῶμεν
3552 3147 3633 3199 ὅτι
3651 3145 3749 3196 αὐο

2167 3237 2258 3299 τὸς
2291 3239 2320 3290 6
2352 3235 2628 3305 Δεσπότης
2643 3235 2918 3306 ἠϐουλήθη
2937 3235 3036 3305 τὴν
3055 3234 3218 3288 Λείαν
3241 3233 3376 3304 πρὸς
3406 3228 3749 3296 τεκνογονίαν

2167 3319 2449 3389 διεγεῖραι,
2471 3317 2612 3371 ὥστε
2632 3318 2802 3387 αὐτῆς
2835 3317 2934 3387 τὴν
2969 3315 3204 3386 ἀθυμίαν
3231 3308 3748 3386 παραμυθήσασθαι.

2167 3401 2340 3464 Αὐτὸς
2374 3401 2484 3471 γάρ
2517 3401 2670 3452 ἐστιν
2705 3402 2734 3453 6
2768 3400 2861 3452 καὶ
2898 3400 2956 3451 ἐν
2993 3401 3060 3470 τῇ
3086 3401 3266 3468 μήτρα
3303 3396 3642 3450 διαπλάττων
3679 3391 3750 3450 τὰ

2172 3483 2346 3554 βρέφη
2367 3484 2460 3535 καὶ
2480 3481 2779 3550 ζωογονῶν,
2799 3481 3049 3552 καθάπερ
3069 3481 3163 3534 καὶ
3180 3479 3342 3533 Δαυῒδ
3361 3495 3524 3549 φησιν
3547 3493 3561 3508 °
3587 3476 3747 3529 Ἀντ-

2169 3565 2386 3619 ελάϐου
2418 3582 2536 3634 μου
2571 3565 2640 3618 ἐκ
2675 3563 2784 3632 τῆς
2815 3563 3074 3634 γαστρὸς
3106 3564 3332 3632 μητρός
3355 3579 3498 3630 μου.
3519 3559 3630 3612 Καὶ
3646 3558 3749 3628 ὅρα

2170 3647 2288 3710 πῶς
2307 3646 2574 3700 δείκνυσιν
2605 3647 2735 3717 ἡμῖν
2772 3648 2806 3717 ἡ
2846 3645 2966 3699 θεία
2984 3645 3175 3716 Γραφὴ
3195 3645 3286 3696 τὸν
3303 3643 3402 3713 τῆς
3421 3641 3634 3710 φύσεως
3650 3639 3749 3707 δη-

2173 3748 2295 3802 μιου
2306 3730 2432 3801 ργὸν
2465 3727 2700 3800 ἑκάτερα
2717 3731 2784 3799 τῇ
2803 3729 2980 3799 οἰκείᾳ
2996 3727 3221 3798 δυνάμει
3240 3724 3632 3797 ἐργαζόμενον,
3651 3721 3751 3774 καὶ

2167 3813 2267 3883 τῆς
2307 3812 2406 3882 μὲν
2442 3811 2540 3882 τὴν
2581 3813 2791 3882 μήτραν
2826 3810 3177 3884 διεγείροντα,
3197 3815 3294 3878 τῆς
3328 3808 3385 3860 δὲ
3416 3805 3616 3876 Ῥαχὴλ
3652 3806 3750 3855 ἐπ-

2169 3897 2380 3965 έχοντα.
2403 3893 2678 3963 Δεσπότης
2713 3891 2823 3963 γάρ
2861 3891 2938 3946 ὢν
2972 3893 3071 3962 τῆς
3111 3891 3342 3962 φύσεως,
3368 3888 3483 3959 μετ’
3503 3885 3750 3965 εὐκολίας

2169 3963 2386 4031 ἅπαντα
2422 3975 2732 4045 ἐργάζεται.
2764 3975 2876 4028 Καὶ
2911 3973 3230 4036 συνέλαϐε,
3255 3972 3409 4043 φησὶ,
3447 3969 3612 4030 Λεία,
3649 3963 3752 4019 καί

2167 4060 2373 4113 ἔτεκεν
2391 4059 2528 4112 υίὸν
2545 4057 2626 4123 τῷ
2657 4057 2854 4111 Ἰακώϐ
2866 4072 2881 4088 ο
2913 4056 3171 4126 ἐκάλεσε
3189 4054 3258 4108 δὲ
3275 4055 3339 4108 τὸ
3361 4053 3547 4121 ὄνομα
3565 4045 3750 4103 αὑτοῦ

2182 4140 2457 4209 Ῥουϐὴν,
2479 4140 2748 4208 λέγουσα
2767 4155 2782 4171 ο
2807 4140 2928 4192 Ὅτι
2963 4133 3086 4192 είδέ
3115 4155 3234 4207 μου
3271 4137 3487 4202 Κύριος
3516 4130 3629 4199 τὴν
3647 4144 3750 4183 τα-

2170 4225 2478 4288 πείνωσιν,
2500 4221 2618 4274 νῦν
2650 4222 2947 4288 ἀγαπήσει
2975 4238 3053 4290 με
3087 4223 3120 4274 d
3156 4217 3309 4286 ἀνήρ
3324 4216 3613 4286 μου.’⁹ορα
3633 4209 3752 4272 πῶς

2169 4303 2466 4374 εὐγνώμων
2505 4304 2538 4373 ὴ
2567 4304 2725 4374 γυνή.
2746 4303 3112 4372 Θεασάμενος,
3133 4303 3286 4370 φησὶ,
3306 4299 3403 4369 τὴν
3428 4292 3753 4352 ταπείνωσίν

2173 4407 2274 4459 μου
2295 4391 2323 4441 ὁ
2344 4385 2639 4456 Δεσπότης,
2661 4385 2902 4456 παρέσχε
2927 4403 3014 4454 μοι
3033 4385 3124 4437 τὸν
3144 4383 3320 4445 τόκον,
3345 4383 3432 4434 τνα
3452 4380 3540 4433 διά
3557 4376 3748 4430 τούτου

2169 4470 2520 4540 ἀγαπηθῆναι
2555 4468 2787 4538 δυνηθῶ.
2826 4469 2935 4523 Καὶ
2973 4468 3070 4520 θέα
3108 4485 3200 4536 μοι
3229 4464 3331 4518 τοῦ
3365 4462 3746 4534 φιλανθρώπου

2168 4552 2303 4606 Θεοῦ
2336 4551 2434 4622 τὴν
2455 4551 2782 4620 φιλοτιμίαν,
2803 4549 2920 4614 πῶς
2941 4548 3400 4619 ἐπιδαψιλεύεται,
3425 4545 3556 4616 ὁμοῦ
3578 4544 3672 4596 καὶ
3691 4543 3752 4596 τὸ

2167 4634 2261 4689 τοῦ
2297 4633 2508 4688 δικαίου
2547 4633 2770 4704 σπέρμα
2804 4633 3039 4702 αὐξῆσαι
3076 4632 3415 4702 βουλόμενος,
3437 4629 3532 4682 καὶ
3551 4625 3754 4694 ταύτην

2168 4718 2264 4772 νῦν
2303 4715 2681 4786 ποθεινοτέραν
2720 4715 3056 4784 καταστῆσαι
3093 4714 3172 4784 τῷ
3206 4711 3420 4767 Ἰακώϐ.
3457 4707 3566 4763 Καὶ
3605 4722 3755 4760 συν-

2168 4801 2368 4860 έλαϐε,
2389 4800 2542 4868 φησι,
2567 4797 2774 4862 πάλιν,
2809 4797 2907 4850 καὶ
2944 4797 3150 4850 ἔτεκεν
3187 4797 3321 4850 υἱὸν
3355 4795 3635 4859 δεύτερον
3671 4787 3753 4852 τῷ

2181 4882 2409 4946 Ἰακὼϐ,
2431 4881 2529 4934 καὶ
2565 4877 2753 4943 εἶπεν,
2777 4880 2865 4933 ὅτι
2888 4881 3154 4934 ’Ἤκουσε
3173 4880 3388 4946 Κύριος
3424 4876 3515 4928 ὅτι
3543 4871 3755 4942 μισοῦ-

2163 4983 2290 5036 μαι,
2312 4967 2411 5019 καὶ
2450 4963 2796 5032 προσέδωκέ
2827 4981 2928 5033 μοι
2967 4963 3064 5017 καί
3101 4961 3347 5016 τοῦτον·
3381 4959 3478 5012 καὶ
3497 4955 3757 5010 ἐκάλεσε

2167 5051 2232 5103 τὸ
2272 5049 2460 5117 ὄνομα
2494 5046 2682 5101 αὐτοῦ
2719 5046 2982 5116 Συμεών.
3023 5045 3223 5098 Σκόπει
3263 5043 3379 5106 πῶς
3417 5037 3610 5113 [544]
3661 5037 3756 5104 ἀφ’

2169 5134 2401 5186 ἑκάστου
2441 5130 2546 5183 τῶν
2586 5129 2790 5182 παίδων
2829 5130 3142 5200 εὐχαριστεῖ
3158 5126 3235 5196 τῷ
3254 5127 3519 5197 Δεσπότῃ,
3541 5123 3634 5176 κα)⁸
3668 5122 3760 5173 εὐ-

2168 5215 2403 5285 γνώμων
2443 5213 2649 5283 γίνεται
2687 5213 2817 5284 περὶ
2850 5211 2948 5282 τὴν
2986 5209 3588 5282 εὐεργεσίαν.ᾜκουσε
3622 5202 3750 5272 γὰρ,

2171 5298 2324 5369 φησὶ,
2360 5299 2393 5349 ό
2429 5297 2664 5364 Κύριος,
2688 5295 2777 5347 ὅτι
2807 5293 3119 5364 μισοῦμαι,
3143 5293 3242 5346 καί
3279 5287 3630 5358 προσέδωκέ.
3652 5302 3756 5353 μοι

2170 5383 2266 5435 καὶ
2288 5381 2505 5434 τοῦτον
2525 5399 2537 5412 ·
2571 5380 2664 5433 καὶ
2683 5378 2770 5433 διὰ
2789 5377 2945 5434 τοῦτο
2976 5377 3257 5434 Ἐκάλεσε
3275 5375 3342 5429 τὸ
3365 5375 3551 5444 ὄνομα
3568 5369 3764 5426 αὑτοῦ

2176 5463 2437 5533 Συμεών.

2239 5633 2258 5660 ε
2296 5628 2445 5681 Savil.
2470 5630 2522 5676 el
2545 5630 2756 5692 quatuor
2776 5639 2890 5677 mss.
2919 5627 3125 5688 μάλιστα
3143 5628 3194 5676 δὲ
3215 5627 3391 5691 τυχεῖν,
3414 5626 3576 5676 minus
3597 5627 3756 5673 recte.
