4168 6264
413 401 516 458 689

412 512 667 582 deceptus
706 512 815 568 sit:
846 513 1158 581 secundum,
1190 512 1334 587 quod
1363 521 1508 567 tanta
1529 510 1784 567 facilitate
1810 505 1989 564 omnia

416 604 565 667 fiant,
593 612 647 656 ct
665 617 926 673 nusquam
954 604 1245 673 lampades,
1276 604 1505 668 chorea},
1536 602 1781 670 facesque
1804 607 1999 669 pra‘ter

416 705 544 746 usus
583 693 992 749 necessitatem:
1022 695 1092 748 ita
1131 704 1191 748 ut
1230 703 1286 749 et
1320 693 1562 763 deceptio
1601 692 1781 746 Laban
1811 689 1991 743 locum

419 782 684 837 habuerit.
728 785 1024 839 Possumus
1067 794 1247 839 autem
1285 793 1342 840 et
1369 784 1456 838 hic
1488 782 1685 848 videre,
1729 778 1999 849 quomodo

421 873 601 929 Laban
647 889 838 944 magna
881 872 1162 930 aﬁectione
1200 875 1445 930 dilexerit
1480 872 1665 928 Jacob.
1709 871 1821 926 Hoc
1856 870 2003 924 enim

417 974 754 1019 commentus
794 975 894 1032 est,
926 976 985 1021 ut
1006 966 1205 1021 diutius
1248 966 1388 1037 apud
1416 980 1474 1021 se
1496 965 1700 1035 justum
1726 962 2009 1017 retineret.

417 1054 628 1109 Sciebat
648 1055 863 1125 quidem
888 1056 1031 1126 quod
1066 1057 1287 1113 alterius
1314 1071 1499 1112 amore
1536 1056 1806 1124 flagraret,
1838 1062 2000 1121 atque

418 1147 462 1198 si
491 1146 598 1198 voti
636 1160 856 1216 compos
883 1146 1054 1213 ﬁeret,
1086 1163 1192 1202 non
1213 1148 1432 1218 eligeret
1454 1145 1672 1216 posthac
1692 1144 2004 1199 servitutem

424 1244 647 1306 propter
676 1237 826 1292 Liam
853 1239 1141 1301 sustinere,
1174 1253 1275 1295 nec
1299 1237 1458 1293 vellet
1480 1251 1604 1292 cum
1629 1250 1695 1291 eo
1720 1233 1959 1289 habitare
1984 1246 2001 1285 :

418 1335 477 1381 et
502 1338 783 1397 propterea
819 1325 942 1398 qtﬁa
974 1327 1104 1381 vidit
1130 1327 1310 1382 Laban
1341 1327 1594 1382 virtutem
1618 1326 1740 1390 viri,
1769 1334 1819 1378 et
1853 1322 2004 1391 cogi-

423 1416 552 1470 tavit
580 1430 641 1471 se
670 1432 779 1471 non
815 1418 970 1472 aliter
1002 1432 1126 1471 eum
1157 1417 1375 1471 vincere
1403 1426 1457 1471 et
1481 1416 1804 1486 persuadere
1824 1427 2003 1483 posse,

425 1516 496 1561 tta
517 1523 641 1562 eum
665 1506 897 1578 decepit,
919 1517 974 1562 et
992 1507 1139 1563 dedit
1159 1508 1206 1562 ei
1234 1507 1383 1562 Liam
1411 1521 1534 1562 cum
1564 1505 1762 1575 Zelpha
1792 1503 2003 1558 ancilla.

424 1598 628 1654 Deinde
656 1614 778 1652 cum
802 1607 1114 1668 argueretur
1138 1612 1169 1651 a
1192 1598 1338 1666 justo
1369 1596 1510 1666 quod
1543 1610 1665 1649 eum
1686 1594 2005 1662 decepisset,

424 1691 707 1763 honestam
733 1690 910 1744 attulit
955 1691 1376 1745 excusationem.
1406 1689 1538 1743 Nam
1560 1696 1844 1757 postquam
1873 1685 2008 1738 dixit

421 1781 585 1836 Jacoh
614 1798 628 1834 :
660 1781 750 1836 25.
782 1781 949 1847 Quare
973 1780 1097 1833 mihi
1122 1781 1216 1833 hoc
1239 1779 1443 1851 fecisti?
1468 1795 1634 1832 nonne
1667 1786 1871 1847 propter
1895 1774 2008 1829 Ra-

423 1871 534 1923 chel
563 1871 739 1924 servivi
776 1870 906 1923 tibi?
932 1878 979 1923 et
1007 1886 1163 1939 quare
1189 1869 1429 1937 decepisti
1457 1868 1577 1922 me?
1598 1866 1723 1936 quid
1750 1881 1877 1935 ergo
1904 1865 2009 1918 La-

421 1958 565 2013 ban?
603 1958 694 2012 26.
735 1957 859 2013 Non
902 1967 975 2013 est
1008 1959 1079 2012 sic
1123 1959 1177 2011 in
1206 1958 1300 2011 hoc
1350 1958 1461 2010 loco
1502 1964 1555 2009 ut
1590 1955 1810 2009 elocetur
1829 1954 2011 2023 junior

422 2051 563 2118 prius
586 2067 735 2120 quam
761 2052 930 2121 major
958 2059 1099 2104 natu.
1119 2050 1210 2104 27.
1239 2049 1439 2118 Perfice
1461 2048 1617 2117 igitur
1645 2044 2012 2099 hebdomadam

422 2142 587 2205 istius,
634 2150 680 2193 et
725 2141 856 2193 dabo
901 2140 991 2193 tibi
1030 2141 1181 2193 etiam
1224 2138 1355 2191 hanc
1395 2153 1487 2206 pro
1516 2136 1705 2198 labore,
1752 2143 1799 2188 et
1837 2147 2007 2200 opere,

424 2232 558 2297 quod
584 2230 871 2299 operaberis
912 2229 1052 2296 apud
1096 2244 1175 2282 me
1219 2227 1386 2281 adhuc
1429 2226 1576 2279 annis
1612 2233 1818 2294 septem.
1851 2223 2014 2277 Vides

427 2322 578 2375 illum
608 2336 671 2376 ea
699 2319 767 2374 de
788 2334 945 2373 causa
978 2319 1090 2373 haec
1111 2320 1289 2372 omnia
1320 2325 1676 2372 commentum
1706 2330 1846 2369 esse.
1876 2314 2011 2367 Nam

432 2410 554 2479 quia
582 2409 715 2463 vidit
756 2423 993 2463 amorem
1029 2423 1186 2478 quem
1230 2422 1352 2476 erga
1379 2405 1608 2477 puellam
1642 2404 1890 2469 habebat,
1934 2404 2015 2456 in-

428 2501 545 2570 quit
572 2516 587 2553 :
616 2499 691 2554 Ne
716 2508 869 2568 putes
913 2498 1100 2566 injuria
1143 2506 1194 2551 te
1218 2496 1355 2549 afﬁci
1386 2514 1399 2549 :
1433 2494 1691 2560 Quoniam
1724 2492 1839 2547 haec
1873 2491 2013 2560 apud

430 2605 528 2645 nos
557 2590 647 2644 lex
675 2596 776 2654 est,
811 2596 864 2641 ut
885 2588 1112 2656 primum
1142 2585 1340 2655 nuptiis
1379 2585 1615 2638 tradatur
1646 2581 1815 2651 major
1844 2589 1969 2635 natu
1995 2598 2011 2635 :

404 2688 710 2750 propterea
744 2679 849 2733 hoc
878 2679 1092 2748 quidem
1128 2678 1320 2731 factum
1357 2685 1472 2742 est;
1504 2676 1732 2745 accipies
1758 2685 1935 2730 autem
1960 2682 2016 2729 et

431 2772 568 2827 hanc
595 2785 753 2841 quam
775 2784 942 2835 amas,
968 2771 1011 2825 si
1037 2769 1240 2824 similes
1264 2776 1469 2838 septem
1491 2782 1659 2821 annos
1686 2781 1782 2837 pro
1804 2782 1865 2822 ea
1895 2780 2014 2821 ser-

429 2863 614 2918 vieris.
654 2862 856 2929 Quibus
898 2860 1090 2915 auditis
1112 2861 1286 2929 justus
1324 2860 1503 2913 omnia
1546 2867 1792 2929 prompto
1835 2858 2017 2911 animo

429 2953 666 3022 suscepit
690 2969 703 3005 :
735 2960 789 3006 et
810 2961 930 3021 post
953 2951 1050 3005 hos
1076 2951 1208 3005 alios
1230 2964 1400 3004 annos
1439 2958 1641 3017 septem
1669 2948 1767 3018 (a),
1798 2948 1891 3003 28.
1920 2947 2019 3003 De-

432 3044 529 3109 dit,
559 3042 748 3112 inquit,
778 3041 957 3096 Laban
982 3040 1176 3096 Rachel
1196 3042 1358 3109 filiam
1376 3056 1522 3094 suam
1546 3041 1589 3092 ei
1614 3056 1841 3093 uxorem.

504 3136 560 3189 3.
587 3133 886 3205 Polygamia
901 3133 1055 3198 olim;
1087 3148 1219 3186 nunc
1257 3131 1609 3201 monogamia;
1635 3146 1743 3183 cur.
1767 3159 1838 3171 —-
1862 3129 2021 3184 Vides

436 3227 628 3283 iterum
652 3226 861 3294 nuptias
884 3225 997 3279 ﬁeri
1013 3239 1133 3279 cum
1155 3238 1342 3293 magna
1363 3223 1659 3276 honestate.
1679 3220 1787 3277 Sed
1801 3220 2022 3276 audiens

434 3332 559 3370 eum
584 3316 857 3386 accepisse
882 3315 1142 3384 majorem
1168 3322 1316 3380 natu,
1348 3322 1402 3368 et
1428 3322 1609 3382 postea
1636 3313 1920 3379 minorem,
1952 3327 2023 3367 ne

438 3407 666 3461 turberis
690 3423 704 3459 :
732 3421 904 3475 neque
929 3404 1219 3460 secundum
1248 3413 1442 3457 statum
1469 3404 1557 3472 qui
1576 3418 1717 3457 nunc
1738 3412 1841 3468 est,
1862 3417 2024 3472 opera

436 3512 555 3564 quae
585 3506 710 3550 tunc
737 3495 870 3551 facta
899 3504 1023 3550 sunt
1040 3494 1269 3564 judices.
1320 3492 1469 3547 Tunc
1494 3493 1635 3547 enim
1667 3494 1791 3562 quia
1822 3493 2024 3562 princi-

441 3589 524 3657 pia
556 3597 731 3655 erant,
765 3588 1082 3656 permissum
1111 3585 1211 3640 fuit
1235 3599 1358 3640 cum
1400 3584 1605 3640 duabus
1634 3584 1715 3638 vel
1746 3582 1910 3638 tribus
1938 3581 2026 3636 vel

442 3680 681 3750 pluribus
711 3678 967 3733 uxoribus
996 3676 1242 3740 misceri,
1284 3684 1342 3729 ut
1375 3674 1668 3728 humanum
1696 3685 1864 3740 genus
1903 3685 2027 3739 pro-

442 3781 725 3840 pagaretur
748 3787 763 3835 ;
791 3784 933 3823 nunc
959 3784 1086 3823 vero
1112 3768 1235 3837 quia
1258 3782 1350 3837 per
1370 3766 1465 3820 Dei
1488 3767 1711 3833 gratiam
1739 3764 2026 3817 humanum

441 3876 611 3932 genus
650 3860 802 3914 valde
832 3859 1240 3927 multiplicatum
1269 3866 1349 3910 est
1369 3898 1383 3919 ,
1414 3856 1581 3908 virtus
1622 3869 1831 3923 quoque
1860 3854 2030 3907 incre-

446 3960 683 4004 mentum
711 3948 934 4016 accepit.
983 3947 1287 4001 Adveniens
1317 3945 1456 3999 enim
1488 3944 1749 4006 Christus,
1781 3951 1834 3996 et
1862 3946 2031 3995 virtu-

448 4050 557 4094 tem
590 4040 639 4091 in
672 4037 975 4107 hominibus
1006 4034 1631 4105 plantans,angelosque,
1656 4041 1715 4085 ιιι
1741 4033 1808 4084 ita
1835 4031 2029 4095 dicam,

447 4145 512 4184 ex
538 4128 845 4183 hominibus
875 4127 1093 4190 faciens,
1124 4139 1340 4179 omnem
1373 4125 1514 4178 illam
1543 4132 1775 4176 veterem
1807 4136 2036 4175 consuc-

451 4220 685 4276 tudinem
717 4218 965 4273 abolevit.
994 4216 1156 4271 Vides
1191 4214 1459 4286 quomodo
1490 4230 1593 4268 non
1624 4222 1866 4282 oporteat
1903 4227 2034 4265 con-

450 4311 782 4370 Suetudinem
817 4319 1149 4382 praetexere,
1198 4306 1289 4362 sed
1331 4305 1471 4376 quod
1507 4306 1704 4373 justum
1745 4314 1827 4359 est
1856 4304 2032 4372 inqui—

450 4404 610 4458 rere?
632 4402 773 4457 Ecce
797 4402 935 4455 enim
961 4399 1209 4469 quoniam
1233 4399 1370 4452 mala
1402 4404 1513 4451 erat
1542 4396 1655 4450 haec
1682 4394 2031 4463 consuetudo,

452 4495 668 4562 explosa
710 4505 813 4557 est,
864 4503 1051 4546 etnon
1093 4491 1218 4543 licet
1248 4489 1339 4541 ulli
1378 4504 1493 4541 eam
1538 4496 1852 4557 praetexere.
1892 4482 2033 4541 Nus-

454 4599 611 4651 quam
642 4583 799 4653 igitur
822 4623 837 4645 ,
869 4582 1093 4635 obsecro
1118 4619 1133 4643 ,
1165 4577 1604 4632 consuetudinem
1633 4578 1868 4646 inquiras
1893 4593 1908 4641 ;
1941 4575 2036 4630 sed

456 4673 595 4742 quod
618 4673 687 4726 sit
714 4671 845 4724 utile
872 4686 1050 4739 quaere
1071 4710 1086 4734 ,
1129 4684 1234 4722 non
1262 4667 1402 4737 quod
1433 4667 1624 4720 animae
1652 4667 2032 4735 perniciosum;

458 4772 514 4817 et
535 4763 579 4816 si
610 4760 735 4831 quid
763 4770 846 4813 est
867 4760 1082 4822 bonum,
1116 4757 1322 4812 etiamsi
1354 4771 1458 4809 non
1500 4756 1566 4810 sit
1599 4753 1955 4817 consuetudo,
1987 4753 2036 4807 id

460 4855 551 4913 ﬁat
575 4871 603 4909 a
634 4852 785 4907 nobis
817 4851 893 4905 :si
917 4865 1043 4904 vero
1074 4847 1429 4918 perniciosum
1460 4854 1560 4909 est,
1586 4844 1791 4897 etiamsi
1814 4859 2039 4897 consue-

460 4946 586 5000 tudo
615 4944 705 5007 sit,
728 4942 990 5011 fugiamus
1019 4949 1071 4994 et
1101 4952 1431 4992 aversemur.
1459 4936 1549 4990 29.
1579 4934 1640 4987 Et
1658 4934 1815 5011 dedit,
1849 4934 2035 5001 inquit,

466 5035 627 5089 Jacob
657 5008 928 5086 Rachelem
958 5046 1071 5082 cum
1099 5028 1249 5082 Balla
1276 5026 1483 5079 ancilla.
1531 5008 1718 5078 Vidisti
1749 5034 1940 5093 quanta
1973 5024 2041 5076 sit

460 5127 576 5182 haec
602 5122 934 5194 philosophia
953 5121 1052 5191 (b)?
1073 5120 1208 5174 Num
1234 5132 1509 5173 servorum
1524 5130 1712 5185 greges
1727 5114 1749 5167 ?
1766 5131 1887 5168 num
1912 5130 2040 5185 syn-

521 5259 595 5320 (a)
629 5260 712 5307 Hic
733 5256 974 5320 memoria
990 5255 1148 5320 lapsus
1168 5251 1357 5320 videtur
1371 5249 1730 5320 chrysostomus
1746 5259 1853 5320 cum
1878 5246 1944 5295 ait
1957 5252 2041 5293 la-

459 5310 635 5372 bantim
669 5319 842 5368 Jaeobo
875 5310 1127 5365 Rachelem
1150 5313 1343 5361 dedisse
1374 5310 1481 5373 post
1517 5310 1637 5358 alios
1667 5316 1859 5373 septem
1891 5320 2043 5373 annos

460 5369 723 5432 servitutis.
764 5388 874 5428 Nam
911 5392 962 5426 ιιι
993 5376 1227 5424 Hehraico
1261 5369 1397 5421 textu
1443 5378 1494 5420 et
1527 5373 1575 5419 in
1612 5369 1827 5429 Vulgata,
1867 5369 2044 5432 quibus

462 5429 606 5492 etiam
621 5429 892 5493 consonant
901 5446 1010 5487 Lxx
1029 5443 1341 5496 Interpretes,
1360 5434 1551 5496 ductam
1574 5433 1624 5480 in
1646 5444 1851 5496 uxorem
1865 5429 2043 5477 Rache—

463 5504 560 5553 lem
585 5517 694 5554 esse
718 5503 891 5551 dicitur
922 5508 1037 5548 ante
1074 5492 1182 5545 illos
1204 5502 1397 5555 septem
1433 5494 1553 5543 alios
1584 5492 1835 5541 servitutis
1856 5503 2008 5539 annos
2026 5528 2038 5548 ,

464 5573 522 5636 et.
536 5566 810 5628 eonjugium
827 5564 1035 5624 septimo
1060 5566 1166 5620 post
1186 5557 1377 5606 ductam
1412 5556 1538 5604 Liam
1559 5555 1641 5603 die
1662 5559 2041 5603 consummatum

460 5625 924 5795 fulliz‘éarit‘hilosophia
954 5683 1031 5730 hic
1064 5679 1292 5739 accipitur
1336 5691 1423 5740 pro
1446 5675 1753 5738 simplicitate
1777 5687 1963 5723 morum
1990 5680 2041 5721 et

462 5759 549 5795 pro
616 5748 849 5795 unalitate
867 5782 880 5795 .
908 5754 957 5794 ut
979 5756 1109 5795 saeue
1153 5740 1267 5789 alias
1290 5741 1412 5795 apud
1434 5740 1814 5795 Chrysostomum
1840 5744 1889 5785 et
1914 5737 2039 5795 apud

462 5759 549 5807 pro

616 5737 849 5811 ugalitate
866 5782 880 5807 ,
908 5754 957 5794 ut
979 5756 1109 5805 saepe
1153 5737 1267 5789 alias
1290 5737 1412 5801 apud
1434 5737 1814 5801 Chrysostomum
1840 5744 1889 5785 et
1914 5737 2039 5797 apud

464 5816 673 5861 veterea.

1515 399 1581 455 ΙΝ
1619 397 1770 454 CAP.
1816 388 2007 449 XXIX.
2036 383 2279 443 GENES.
2326 388 2556 445 HOMIL.
2599 385 2730 446 LVI.

3584 388 3691 450 490

2106 505 2349 575 grapha?
2384 514 2438 559 et
2466 514 2616 574 pacta
2638 548 2653 573 ,
2683 515 2839 575 atque
2878 505 3214 563 conditiones
3262 506 3366 563 illa:
3407 506 3641 564 ridiculae
3668 527 3685 565 :

2109 598 2172 654 Si
2188 601 2282 654 hoc
2308 601 2481 667 fuerit,
2501 600 2543 651 si
2562 598 2657 651 hoc
2677 600 2892 653 evenerit
2909 599 3015 655 ?Et
3031 600 3331 670 priusquam
3349 602 3688 665 conveniant,

2111 690 2413 745 nescientes
2441 704 2509 742 an
2541 704 2708 758 usque
2732 690 2796 743 ad
2824 705 3100 759 vesperam
3131 701 3401 754 maneant,
3423 708 3543 762 quae
3568 700 3692 761 post

2112 780 2278 833 multa
2305 788 2544 847 tempora
2585 788 2806 834 ventura
2852 789 3022 848 sunt,
3071 782 3123 835 in
3151 782 3320 837 literis
3361 784 3472 838 suis
3508 785 3688 839 consi-

2109 879 2274 939 gnant
2303 889 2316 924 :
2359 871 2422 925 Si
2446 872 2615 925 liberis
2641 888 2845 939 carens,
2882 874 3083 942 inquit,
3124 875 3393 945 defunctus
3426 875 3578 944 fuerit
3605 892 3626 931 :
3646 876 3691 930 si

2114 961 2247 1028 ﬁlios
2270 961 2518 1027 habuerit,
2550 973 2603 1016 et
2630 978 2976 1032 quaacumque
3006 965 3148 1019 talia.
3193 969 3259 1020 At
3288 965 3373 1019 hic
3402 965 3531 1020 nihil
3562 968 3687 1033 tale,

2113 1050 2209 1105 sed
2234 1065 2354 1106 cum
2381 1052 2591 1120 utrique
2618 1066 2768 1106 suam
2797 1052 3042 1107 ancillam
3064 1054 3318 1121 dedisset,
3347 1055 3484 1111 ﬁlias
3511 1057 3692 1111 eloca-

2110 1144 2185 1197 vit
2210 1151 2381 1213 pater.
2435 1144 2526 1197 50.
2574 1142 2765 1197 Dilexit
2800 1153 2970 1197 autem
2995 1185 3010 1210 ,
3046 1145 3249 1215 inquit,
3298 1144 3491 1201 Rachel
3531 1148 3693 1216 magis

2112 1250 2266 1303 quam
2308 1232 2457 1287 Liam
2501 1249 2520 1286 :
2549 1244 2597 1287 et
2639 1234 2838 1287 servivit
2880 1235 2927 1288 ei
2952 1245 3140 1303 septem
3181 1237 3330 1290 annis
3372 1237 3507 1291 aliis.
3557 1238 3692 1304 Quia

2113 1327 2256 1379 enim
2304 1323 2373 1377 ab
2414 1323 2567 1376 initio
2597 1323 2863 1377 adamavit
2892 1324 3118 1392 puellam
3158 1332 3375 1393 propter
3416 1337 3691 1382 venustam

2112 1415 2366 1480 formam,
2392 1422 2447 1467 et
2466 1414 2549 1466 vix
2571 1427 2688 1467 eam
2711 1423 3068 1482 consequutus
3092 1423 3175 1468 est
3198 1431 3210 1466 :
3244 1415 3366 1469 ideo
3389 1430 3505 1469 eam
3527 1419 3694 1486 magis

2114 1504 2299 1560 dilexit
2347 1518 2502 1572 quam
2553 1503 2722 1557 Liam.
2775 1504 2983 1559 Etenim
3032 1504 3171 1559 illius
3218 1515 3466 1560 venustas
3511 1507 3695 1561 allexit

2116 1610 2237 1648 eum
2282 1593 2347 1647 ad
2395 1608 2512 1647 eam
2556 1593 2856 1647 amandam.
2892 1594 3086 1649 Verum
3113 1595 3196 1648 hic
3219 1594 3412 1649 iterum
3439 1595 3559 1649 vide
3588 1596 3694 1651 Do-

2116 1685 2245 1738 mini
2272 1682 2588 1738 ineffabilem
2621 1684 3037 1739 miserieordiam
3060 1726 3075 1751 ,
3112 1694 3166 1740 et
3193 1685 3461 1754 quomodo
3484 1702 3603 1755 qum
3626 1688 3696 1742 ab

2116 1776 2231 1844 ipso
2280 1774 2486 1828 fuerant
2527 1774 2786 1842 promissa
2839 1776 3088 1844 paulatim
3119 1778 3402 1846 compleat.
3447 1777 3579 1832 Nam
3604 1778 3696 1848 qui

2117 1865 2251 1919 dixit
2280 1883 2293 1917 :
2327 1864 2438 1918 Ero
2465 1874 2649 1929 tecum,
2677 1866 2958 1920 custodiens
2982 1876 3029 1919 te
3055 1868 3107 1919 in
3129 1870 3265 1921 omni
3288 1871 3370 1922 via
3395 1886 3495 1937 qua
3520 1870 3699 1922 ambu-

2119 1955 2300 2008 laveris
2327 1970 2345 2007 :
2368 1963 2442 2020 et,
2474 1955 2677 2025 Augebo
2713 1965 2759 2009 et
2798 1956 3145 2026 multiplicabo
3174 1966 3221 2009 te
3261 1956 3410 2027 (Gen.
3442 1958 3533 2012 28.
3564 1957 3693 2030 lii):

2122 2047 2236 2115 ipse
2255 2046 2415 2101 etiam
2438 2062 2579 2101 nunc
2607 2048 2785 2101 omnia
2815 2046 3103 2116 dispensat.
3136 2048 3205 2101 Et
3225 2057 3281 2101 ut
3306 2048 3356 2101 id
3388 2049 3545 2114 scias,
3575 2050 3698 2103 audi

2120 2138 2287 2206 ipsam
2337 2136 2569 2190 divinam
2595 2136 2919 2204 Scripturam
2946 2138 3048 2191 hoc
3091 2136 3369 2192 manifeste
3411 2138 3695 2193 dicentem.

2122 2229 2212 2281 51.
2245 2226 2313 2281 Ut
2339 2228 2463 2280 vidit
2483 2237 2649 2279 autem
2675 2227 2924 2281 Dominus
2953 2228 3108 2292 Deus,
3138 2229 3275 2294 quod
3297 2229 3413 2282 odio
3436 2230 3702 2284 haberetur

2119 2310 2237 2377 Lia,
2267 2312 2464 2380 aperuit
2493 2312 2690 2364 vulvam
2718 2313 2829 2380 ejus
2858 2327 2877 2365 :
2916 2311 3108 2366 Rachel
3151 2322 3319 2366 autem
3354 2322 3462 2366 erat
3491 2315 3699 2368 sterilis.

2118 2404 2210 2459 52.
2250 2403 2320 2457 Ει
2345 2406 2572 2474 concepit
2615 2404 2748 2471 Lia,
2794 2416 2841 2458 et
2886 2396 3076 2476 peperit
3119 2406 3281 2473 ﬁlium
3305 2405 3518 2461 Iacobo.
3566 2407 3702 2462 Vide

2119 2495 2369 2549 solertem
2418 2494 2511 2549 Dei
2556 2496 2890 2563 sapientiam.
2935 2496 3194 2563 Quoniam
3233 2496 3320 2551 illa
3345 2498 3555 2567 quidem
3587 2499 3703 2568 pul-

2119 2584 2422 2640 chritudine
2446 2600 2541 2639 sua
2565 2586 2875 2640 conciliarat
2901 2586 3001 2641 sibi
3027 2587 3249 2657 gratiam
3276 2589 3399 2656 viri,
3437 2588 3552 2644 hinc
3575 2605 3703 2644 vero

2120 2674 2339 2729 minime
2380 2674 2613 2730 formosa
2642 2675 2766 2730 odio
2793 2676 2974 2732 haberi
2996 2678 3104 2731 visa
3133 2686 3217 2733 est
3242 2695 3255 2732 :
3287 2679 3423 2733 hanc
3452 2680 3700 2735 idoneam

2122 2765 2246 2821 facit
2266 2768 2438 2837 partui
2459 2808 2476 2834 ,
2515 2768 2659 2821 illam
2686 2783 2815 2822 vero
2843 2768 3080 2823 inutilem
3106 2786 3121 2835 ;
3160 2771 3274 2825 hare
3300 2771 3459 2826 ambo
3486 2785 3580 2826 sua
3607 2773 3707 2826 mi-

2123 2846 2415 2912 seriCordia
2444 2857 2760 2927 dispensans
2781 2867 2910 2912 utet
2931 2859 3047 2914 haec
3070 2875 3163 2927 per
3187 2861 3385 2915 liberos
3414 2861 3504 2930 qui
3532 2877 3600 2916 ex
3641 2877 3704 2916 ea

2126 2949 2479 3003 nascebantur
2514 2950 2758 3004 solatium
2796 2950 3047 3014 haberet,
3074 2951 3125 3003 in
3157 2952 3235 3004 sui
3266 2966 3501 3005 amorem
3531 2953 3704 3008 virum

2125 3040 2398 3104 alliciens;
2428 3048 2482 3094 et
2510 3040 2599 3093 illa
2625 3055 2693 3095 ne
2718 3049 2933 3109 propter
2957 3040 3401 3109 pulchritudinem
3427 3051 3483 3097 et
3510 3043 3707 3097 formo-

2128 3133 2340 3187 sitatem
2384 3132 2639 3186 adversus
2687 3147 2925 3188 sororem
2977 3132 3293 3203 insurgeret.
3346 3133 3415 3187 Et
3459 3137 3658 3205 aperuit
3690 3176 3706 3201 ,

2128 3223 2332 3293 inquit,
2379 3223 2579 3277 vulvam
2616 3224 2745 3290 ejus.
2789 3222 2942 3278 Disce
2978 3222 3083 3287 hic,
3113 3223 3338 3291 dilecte,
3365 3224 3709 3279 Conditorem

2130 3315 2369 3369 omnium
2401 3314 2579 3368 omnia
2615 3314 2878 3369 moderari
2906 3329 2969 3368 ac
3006 3314 3348 3383 dispensare,
3387 3323 3441 3370 et
3469 3325 3709 3370 naturam

2131 3405 2301 3475 ipsam
2324 3405 2390 3459 ad
2418 3413 2623 3474 partum
2647 3406 2900 3471 excitare,
2922 3405 3226 3476 nullamque
3255 3422 3377 3462 esse
3398 3409 3710 3462 concubitus

2132 3498 2434 3564 utilitatem,
2465 3499 2509 3553 si
2535 3499 2669 3555 absit
2697 3499 2873 3553 divina
2902 3501 3227 3568 cooperatio.
3261 3501 3545 3569 Propterea
3567 3502 3710 3556 enim

2133 3589 2288 3654 dixit,
2318 3588 2528 3659 Aperuit
2556 3590 2754 3645 vulvam
2779 3590 2908 3659 ejus,
2937 3599 2996 3644 ut
3015 3591 3247 3646 sciamus
3275 3592 3507 3646 voluisse
3528 3592 3711 3645 Domi-

2134 3695 2262 3734 num
2293 3679 2441 3733 Liam
2468 3678 2813 3748 procreandis
2862 3679 3043 3734 liberis
3070 3689 3249 3748 aptam
3298 3680 3434 3743 ﬁeri,
3466 3695 3572 3748 quo
3598 3680 3713 3749 ejus

2136 3783 2337 3823 maeror
2367 3768 2642 3821 leniretur.
2688 3767 2806 3835 Ipse
2849 3767 2989 3821 enim
3020 3768 3215 3836 estqui
3262 3767 3312 3821 in
3336 3767 3492 3821 vulva
3522 3768 3716 3837 ﬁgurat

2136 3868 2190 3914 et
2216 3859 2419 3911 animat
2445 3856 2607 3913 foetus
2632 3898 2647 3924 ,
2690 3860 2826 3912 sicut
2853 3867 2907 3911 et
2934 3858 3095 3911 Dauid
3126 3859 3253 3912 dicit
3282 3876 3295 3911 :
3339 3859 3617 3930 Suscepisti
3638 3876 3717 3914 me

2137 3951 2202 4003 de
2229 3958 2368 4003 utero
2390 3949 2566 4003 matris
2594 3965 2719 4003 mea:
2737 3948 2907 4018 (Psal.
2940 3950 3062 4003 158.
3090 3951 3199 4019 l5).
3225 3950 3291 4003 Et
3314 3950 3433 4004 vide
3448 3952 3717 4020 quomodo

2139 4048 2399 4094 monstrat
2438 4040 2591 4094 nobis
2620 4040 2795 4094 divina
2830 4039 3103 4107 Scriptura
3140 4049 3343 4094 natura:
3372 4040 3715 4097 Conditorem

2141 4139 2362 4199 utraque
2396 4144 2492 4195 sua
2522 4130 2718 4184 virtute
2742 4130 3099 4195 efﬁcientem;
3133 4145 3323 4198 nempe
3352 4131 3569 4185 alterius
3598 4134 3717 4187 vul-

2138 4235 2257 4273 vam
2294 4218 2538 4273 idoneam
2577 4220 2889 4275 reddentem
2910 4261 2926 4285 ,
2960 4221 3207 4275 Rachelis
3249 4230 3424 4276 autem
3454 4226 3719 4278 constrino

2139 4318 2372 4381 gentem.
2414 4311 2684 4380 Siquidem
2714 4321 2919 4366 natura:
2958 4312 3212 4366 Dominus
3237 4328 3357 4367 cum
3394 4314 3492 4379 sit,
3541 4318 3719 4371 omnia

2142 4402 2296 4455 facile
2322 4412 2591 4471 operatur.
2636 4402 2703 4455 Et
2742 4403 2989 4470 concepit,
3025 4403 3233 4473 inquit,
3284 4403 3401 4469 Lia,
3446 4414 3494 4458 et
3530 4406 3721 4474 peperit

2144 4494 2305 4561 {ilium
2328 4491 2558 4557 Jacobo;
2589 4496 2877 4561 vocavitque
2903 4511 3086 4548 nomen
3115 4496 3224 4562 eius
3254 4494 3432 4549 Ruben
3452 4536 3465 4559 ,
3499 4497 3669 4549 dicens
3702 4512 3721 4550 :

2148 4587 2279 4653 Qum
2308 4586 2428 4637 vidit
2461 4585 2706 4638 Dominus
2732 4585 2974 4638 vilitatem
3008 4602 3191 4651 meam,
3241 4602 3375 4639 nunc
3420 4586 3596 4656 diliget
3642 4603 3722 4639 me

2142 4680 2216 4732 vir
2250 4695 2407 4731 meus.
2460 4676 2587 4731 Vide
2611 4692 2768 4745 quam
2807 4684 2959 4745 grata
3005 4676 3196 4729 mulier
3236 4676 3365 4730 dicit
3408 4693 3421 4729 :
3468 4676 3723 4731 Dominus

2144 4773 2253 4825 visa
2302 4769 2597 4823 humilitate
2641 4782 2756 4821 mea
2803 4766 3024 4834 praebuit
3056 4766 3183 4819 mihi
3213 4777 3460 4835 partum,
3509 4776 3725 4835 propter

2144 4878 2300 4934 quem
2331 4861 2537 4930 diligor.
2568 4860 2635 4913 Et
2660 4867 2840 4927 specta
2885 4858 2970 4911 hic
2997 4859 3227 4922 iterum,
3272 4856 3540 4925 quomodo
3585 4858 3724 4911 Deus

2148 4953 2455 5009 muneribus
2505 4961 2711 5005 certare
2761 4948 3032 5004 contendit
3077 4963 3198 5001 cum
3227 4962 3325 5011 eo,
3371 4956 3426 5001 et
3466 4946 3724 5002 beneficia

2145 5044 2461 5106 accumulat,
2488 5042 2642 5096 simul
2670 5051 2721 5096 et
2739 5041 2866 5109 justi
2893 5055 3074 5093 semen
3102 5039 3304 5107 augeri,
3328 5049 3381 5092 et
3404 5037 3539 5094 hanc
3558 5039 3728 5108 magis

2147 5135 2345 5190 Jacobo
2364 5132 2643 5187 amabilem
2670 5129 2819 5183 reddi
2838 5130 3039 5183 volens.
3058 5130 3147 5184 33.
3178 5128 3250 5195 Et,
3265 5130 3507 5199 concepit,
3535 5129 3726 5198 inquit,

2147 5229 2345 5291 iterum,
2395 5233 2441 5278 et
2486 5222 2675 5293 peperit
2700 5221 2882 5288 ﬁlium
2909 5219 3188 5274 secundum
3213 5219 3405 5273 Iacobo
3425 5261 3440 5285 ,
3479 5229 3525 5271 et
3551 5219 3676 5272 dicit
3706 5230 3727 5273 :

2148 5319 2351 5372 Audiuit
2397 5317 2643 5369 Dominus
2682 5315 2814 5383 quod
2844 5314 2960 5367 odio
2989 5313 3173 5365 habeor
3196 5354 3211 5377 ,
3254 5322 3300 5364 et
3338 5311 3571 5380 apposuit
3601 5311 3724 5363 mihi

2148 5420 2193 5463 et
2214 5410 2383 5472 hunc;
2411 5416 2455 5461 et
2482 5406 2675 5459 vocavit
2714 5421 2890 5458 nomen
2911 5405 3022 5474 ejus
3067 5400 3567 5473 Symeon.AAttende
3589 5416 3726 5470 quo-

2149 5501 2308 5556 modo
2338 5515 2434 5569 per
2462 5498 2699 5567 singulos
2728 5510 2922 5565 pueros
2948 5495 3146 5563 gratias
3172 5493 3281 5562 agit
3307 5492 3551 5555 Domino,
3576 5501 3631 5546 et
3658 5492 3730 5548 ob

2153 5592 2407 5647 beneﬁcia
2458 5599 2662 5659 gratum
2701 5588 2935 5641 animum
2986 5584 3241 5639 declarat.
3271 5581 3495 5648 Audiuit,
3541 5588 3681 5637 enim
3708 5622 3727 5649 ,

2152 5685 2351 5753 inquit,
2398 5683 2663 5747 Dominus,
2692 5681 2827 5750 quod
2867 5678 2983 5731 odio
3027 5676 3230 5741 habeor,
3269 5685 3315 5729 et
3340 5675 3575 5745 apposuit
3604 5676 3729 5730 mihi

2150 5782 2299 5835 etiam
2327 5778 2459 5831 hunc
2489 5792 2504 5828 :
2534 5782 2816 5844 propterea
2844 5768 3047 5825 Yocavit
3074 5784 3256 5828 nomen
3278 5768 3385 5836 ejus
3412 5765 3657 5838 Symeon.
