4168 6264
541 502 595 555 4.
628 497 814 554 Vidisti
843 494 1106 568 quomodo
1131 507 1232 546 non
1255 490 1593 558 simpliciter,
1627 498 1797 552 neque
1841 493 2041 536 temere

471 592 683 644 nomina
696 589 832 643 natis
847 586 1123 642 indiderit?
1140 580 1500 638 Vocavitenim
1517 593 1637 632 eum
1652 577 1904 645 Symeon,
1919 586 2044 640 quo-

473 680 612 734 niam
651 677 850 731 audivit
883 675 1131 730 Dominus
1157 669 1253 741 (α).
1290 669 1450 724 Nobis
1487 665 1746 736 siquidem
1789 661 2044 716 Hebraico

474 769 723 822 idiomate
755 781 846 834 per
870 764 970 818 hoc
1012 777 1204 816 nomen
1245 760 1503 829 signatur,
1547 754 1688 825 quod
1730 752 1906 806 audita
1952 750 2042 802 sit.

472 857 562 911 54.
591 855 656 908 Et
684 854 909 922 concepit
947 853 1164 916 iterum,
1216 859 1262 902 et
1305 848 1496 918 peperit
1541 845 1704 912 ﬁlium
1728 881 1743 907 ,
1783 851 1830 894 et
1875 839 2044 891 dixit:

474 945 629 1000 Nunc
656 945 890 1014 temporis
913 942 1053 1012 apud
1073 957 1150 995 me
1191 941 1283 994 erit
1319 940 1395 992 uir
1425 952 1603 1001 meus;
1645 934 1816 1003 peperi
1843 932 1975 985 enim
2001 928 2046 982 ei

473 1047 572 1091 tres
597 1037 730 1103 ﬁlios
752 1051 772 1089 :
797 1045 998 1106 propter
1027 1038 1121 1087 hoc
1141 1032 1331 1086 uocauit
1359 1045 1538 1082 nomen
1561 1027 1698 1080 illius
1721 1023 1862 1078 Leui.
1890 1021 2049 1075 Vide-

475 1138 560 1181 tnr
585 1128 713 1182 mihi
755 1127 843 1181 hic
870 1125 1174 1196 signiﬁcari,
1203 1137 1320 1177 eam
1341 1120 1480 1175 natis
1509 1117 1714 1173 duobus
1756 1115 1879 1168 ﬁliis
1915 1127 2048 1166 non-

472 1221 599 1276 dum
630 1220 861 1290 potuisse
888 1219 1104 1273 allicere
1129 1217 1296 1269 virum
1314 1256 1329 1281 ,
1356 1213 1445 1282 qui
1475 1209 1664 1264 adhuc,
1681 1209 1733 1263 in
1759 1204 2048 1261 Rachelem

475 1311 923 1380 propensiorerat
950 1325 963 1360 ε
998 1307 1117 1360 ideo
1141 1305 1306 1368 dicit,
1341 1302 1493 1354 Nunc
1527 1299 1765 1368 temporis
1798 1295 1935 1363 apud
1970 1309 2050 1346 me

473 1403 568 1456 erit
597 1402 671 1453 uir
702 1415 861 1452 meus.
908 1397 1172 1452 Fortassis
1214 1395 1452 1448 accessio
1494 1389 1634 1443 tertii
1664 1389 1836 1440 virum
1872 1397 2050 1438 meum

475 1491 665 1545 reddet
707 1488 1062 1549 benevolum,
1119 1495 1172 1540 ct
1222 1483 1412 1537 melius
1433 1481 1563 1534 mihi
1604 1478 1867 1533 affectum.
1913 1474 2051 1528 Ecce

475 1581 618 1634 enim
659 1591 767 1634 tres
797 1576 934 1632 ﬁlios
961 1577 1008 1630 ei
1049 1574 1248 1644 peperi.
1294 1573 1383 1626 55.
1417 1569 1485 1624 Et
1513 1568 1736 1638 concepit
1775 1565 1942 1619 adhuc
1981 1565 2046 1632 ﬁ-

481 1671 605 1724 lium
621 1711 635 1732 ,
667 1685 727 1722 ac
751 1667 962 1738 peperit,
978 1675 1030 1718 et
1057 1666 1183 1718 dixit
1210 1679 1229 1716 :
1254 1661 1406 1715 Nunc
1430 1661 1596 1712 adhuc
1623 1657 1759 1710 istud
1783 1653 2054 1722 conﬁtebor

481 1760 698 1814 Domino
724 1773 744 1811 :
777 1768 1037 1827 prapterea
1081 1755 1269 1806 uocauit
1311 1766 1490 1804 nomen
1525 1750 1636 1818 ejus
1671 1745 1883 1800 Judam.
1915 1741 2054 1810 Quid

478 1861 580 1914 est,
613 1849 759 1903 Istud
785 1846 1056 1914 conﬁtebor
1077 1843 1338 1898 Domino?
1366 1838 1651 1908 Conﬁtebor
1677 1837 1765 1891 hic
1793 1837 1933 1890 idem
1973 1841 2056 1888 est

480 1959 566 2005 ac,
588 1941 794 1998 Gratias
817 1954 990 2008 agam,
1016 1946 1069 1992 et
1091 1934 1399 2006 gloriﬁcabo
1419 1948 1563 1998 eum,
1591 1932 1713 2002 quia
1735 1939 1788 1984 et
1807 1937 2054 1999 quartum

480 2035 609 2090 mihi
635 2031 828 2101 adjecit
856 2029 1044 2090 ﬁlium,
1067 2037 1122 2082 et
1144 2035 1340 2080 tantam
1371 2023 1500 2078 mihi
1527 2019 1903 2077 abundantiam
1927 2031 2057 2072 con-

479 2125 638 2180 cessit
668 2141 683 2178 :
713 2131 768 2177 et
795 2135 916 2191 quae
942 2119 1013 2174 ob
1035 2118 1275 2186 corporis
1301 2114 1691 2170 deformitatem
1718 2110 1786 2164 de
1808 2109 1905 2162 viri
1930 2120 2056 2176 erga

482 2232 567 2270 me
605 2210 974 2269 benevolentia
1005 2207 1360 2278 periclitatum
1400 2219 1579 2266 eram,
1627 2213 1768 2254 nunc
1805 2213 2055 2268 procrea-

483 2309 626 2362 tione
665 2305 889 2358 ﬁliorum
910 2317 941 2355 a
982 2302 1092 2355 Deo
1121 2296 1251 2352 mihi
1281 2296 1434 2359 data,
1479 2302 1534 2347 et
1556 2290 1803 2346 maeroris
1831 2302 2057 2342 excessu

481 2398 724 2452 discusso
745 2435 762 2459 ,
805 2406 925 2456 me,
954 2403 1072 2458 quae
1105 2386 1176 2441 ob
1201 2384 1594 2440 deformitatem
1632 2379 1757 2434 odio
1804 2377 2056 2442 habehar,

482 2485 786 2540 consolatus
804 2488 905 2542 est,
929 2478 1215 2544 odiumque
1235 2471 1501 2528 transtulit
1521 2471 1574 2522 in
1595 2482 1835 2522 sororem
1861 2473 2058 2520 meam.

487 2576 556 2632 Ut
588 2572 774 2643 peperit
795 2579 962 2628 autem
998 2565 1188 2620 ludam
1212 2604 1228 2628 ,
1281 2563 1489 2631 inquit,
1529 2558 1736 2612 cessavit
1773 2571 1974 2628 parere.
2007 2557 2058 2608 i.

483 2666 611 2722 Cum
635 2673 802 2716 autem
827 2660 1028 2712 uidisset
1051 2656 1245 2709 Rachel
1271 2654 1387 2724 quia
1408 2669 1507 2705 non
1534 2650 1805 2720 peperisset
1833 2647 2024 2701 Jacobo
2042 2688 2058 2712 ,

484 2756 722 2812 aemulata
739 2761 816 2807 est
848 2751 994 2804 Liam
1026 2763 1248 2802 sororem
1273 2762 1416 2799 suam
1437 2785 1451 2808 ,
1493 2752 1540 2796 et
1561 2743 1687 2795 dixit
1723 2741 1914 2794 Jacobo
1933 2782 1948 2806 ,
1981 2740 2063 2794 Da

485 2846 610 2901 mihi
640 2843 810 2913 ﬁlios:
841 2841 919 2894 sin
946 2841 1130 2906 minus,
1163 2837 1354 2890 moriar
1378 2851 1469 2904 ego
1507 2833 1659 2904 (Cap.
1687 2831 1798 2902 '50).
1822 2831 2061 2886 lnconsi-

485 2936 668 2993 derata
693 2943 747 2989 et
771 2932 1045 2986 muliebris
1071 2938 1152 2984 est
1189 2929 1304 2982 haec
1331 2927 1514 2996 petitio
1541 2925 1837 2994 animmque
1861 2924 2064 2994 zeloty-

485 3030 570 3098 pia
602 3027 940 3094 impugnata»,
972 3021 1052 3074 Da
1075 3020 1196 3073 mihi
1221 3019 1374 3082 ﬁlios.
1403 3016 1517 3070 Non
1548 3015 1761 3077 audisti,
1795 3013 1933 3082 quod
1957 3029 2062 3067 non

485 3119 584 3173 viri
629 3114 940 3170 concubitus
982 3111 1060 3165 illi
1105 3118 1312 3178 partum
1338 3107 1641 3176 praebuerit,
1684 3104 1777 3159 sed
1811 3103 2064 3156 Dominus

486 3211 628 3266 Deus
651 3226 666 3263 :
692 3208 781 3277 qui
807 3204 872 3260 Ut
900 3203 1056 3266 vidit,
1087 3198 1286 3270 inquit,
1315 3197 1447 3269 quod
1475 3196 1591 3249 odio
1623 3195 1904 3256 haberetur,
1945 3209 2066 3260 ape-

486 3304 588 3356 ruit
633 3300 830 3352 uuluam
860 3297 968 3366 ejus
989 3294 1014 3346 ?
1050 3293 1228 3358 Quare
1273 3303 1304 3342 a
1352 3289 1464 3341 viro
1493 3286 1629 3354 petis
1655 3299 1716 3338 ea
1741 3298 1860 3352 quae
1907 3297 2065 3350 supra

489 3403 732 3448 naturam
761 3395 907 3450 sunt,
934 3392 990 3438 et
1017 3382 1202 3436 relicto
1240 3387 1441 3433 natur-.e
1490 3375 1715 3429 Domino
1760 3373 1932 3425 virum
1975 3386 2065 3424 ar-

490 3482 609 3552 guis
637 3520 652 3544 ,
680 3477 768 3546 qui
789 3474 855 3529 ad
889 3475 990 3528 hoc
1014 3471 1146 3526 nihil
1183 3467 1425 3524 conferre
1451 3465 1541 3518 tibi
1574 3463 1802 3532 poterit?
1832 3460 1913 3514 Da
1943 3461 2068 3514 mihi

491 3575 649 3644 ﬁlios:
680 3573 760 3625 sin
785 3569 971 3631 minus,
996 3564 1181 3617 moriar
1209 3577 1320 3631 ego.
1346 3558 1516 3614 Grave
1541 3555 1738 3610 malum
1761 3562 1844 3608 est
1869 3553 2068 3622 zeloty-

490 3665 600 3735 pia,
630 3671 684 3716 et
710 3658 908 3715 desinit
937 3658 989 3710 in
1016 3653 1375 3724 insipientiam
1405 3666 1418 3702 ς
1449 3649 1500 3702 id
1533 3647 1674 3717 quod
1709 3656 1764 3701 et
1797 3645 1917 3698 huic
1942 3659 2068 3699 eve-

490 3756 586 3812 nit.
617 3754 812 3809 Videas
831 3751 973 3806 enim
993 3749 1216 3803 chorum
1246 3745 1473 3798 liliorum
1502 3742 1723 3806 sororis,
1755 3749 1809 3795 et
1828 3739 2065 3808 cogitans

489 3862 644 3904 suam
683 3843 1026 3900 solitudinem
1048 3881 1064 3905 ,
1113 3853 1220 3893 non
1248 3837 1449 3892 ferebat
1488 3835 1624 3892 hanc
1649 3833 2021 3888 contumeliam
2047 3868 2066 3898 ,

488 3952 664 4007 neque
687 3935 961 3989 continere
988 3938 1200 4001 poterat
1225 3928 1602 3997 cogitationem
1626 3939 1744 3993 qua:
1789 3938 1847 3976 se
1886 3922 2067 3975 turba-

489 4031 612 4093 bat,
642 4027 734 4083 sed
773 4027 859 4080 illa
885 4023 1202 4094 insipientiae
1241 4021 1394 4089 plena
1424 4019 1581 4072 verba
1608 4015 1958 4084 loquebatur:
1988 4013 2070 4066 Da

489 4120 615 4174 mihi
643 4118 775 4186 ﬁlios
805 4132 823 4169 :
848 4117 926 4169 sin
955 4114 1139 4178 minus,
1163 4110 1352 4164 moriar
1379 4123 1490 4177 ego.
1524 4105 1786 4160 Fortassis
1802 4104 1942 4174 _vidit
1966 4103 2069 4157 viri

491 4226 616 4280 erga
643 4209 791 4262 illam
814 4219 1049 4260 amorem
1075 4242 1090 4267 ,
1138 4209 1192 4255 et
1213 4198 1432 4267 putabat
1456 4210 1518 4251 ea
1541 4194 1609 4249 de
1637 4209 1793 4248 causa
1821 4195 1964 4248 illam
1993 4200 2071 4246 tot

493 4301 636 4356 ﬁlios
659 4297 926 4362 habuisse,
957 4302 1011 4348 et
1038 4308 1098 4347 se
1136 4290 1372 4347 nondum
1390 4288 1662 4359 peperisse
1694 4305 1707 4339 :
1743 4285 1881 4340 unde
1901 4286 2066 4354 dicit,

493 4389 578 4444 Da
606 4387 729 4441 mihi
756 4387 910 4454 ﬁlios.
960 4381 1160 4438 Deinde
1187 4389 1385 4435 terrere
1428 4377 1613 4432 volens
1637 4377 1828 4442 virum,
1851 4376 2026 4430 subdit
2052 4393 2065 4430 :

494 4479 646 4547 Quod
671 4478 714 4532 si
741 4477 902 4530 ruinas
926 4516 940 4540 ,
991 4474 1180 4527 moriar
1203 4487 1312 4542 ego.
1358 4469 1494 4537 Quid
1520 4469 1675 4539 igitur
1702 4470 1818 4536 pius
1848 4477 1901 4523 ct
1943 4468 2068 4522 reli-

490 4571 671 4642 giosus
697 4567 901 4623 Jacob?
928 4567 982 4620 2.
1017 4563 1312 4620 Succensuit
1331 4603 1346 4625 ,
1373 4561 1561 4630 inquit,
1590 4560 1658 4613 ad
1686 4559 1832 4614 verba
1859 4560 1995 4620 lucc,
2024 4568 2070 4612 et

491 4663 621 4717 din't
648 4663 695 4716 ei
720 4675 740 4715 :
767 4656 1031 4728 Numquid
1053 4671 1144 4725 pro
1175 4654 1280 4707 Deo
1299 4669 1388 4724 ego
1408 4669 1518 4705 sum
1541 4693 1556 4718 ,
1585 4651 1671 4720 qui
1695 4651 1863 4720 fructu
1888 4650 2070 4704 uentris

493 4761 540 4806 te
561 4751 810 4824 priuauit?
828 4749 1003 4816 Quare
1024 4746 1278 4801 derelicto
1303 4753 1503 4797 natura:
1531 4741 1754 4794 Domino
1775 4741 2069 4808 reprehen-

491 4847 697 4901 sionem
741 4841 870 4896 mihi
914 4838 1156 4894 inducis?
1188 4837 1279 4890 llle
1315 4845 1399 4890 est
1437 4834 1526 4903 qui
1553 4832 1776 4901 privavit
1825 4840 1876 4886 te
1899 4831 2069 4885 fructu

491 4933 714 4990 ventris.
739 4932 916 4998 Quare
945 4944 1052 4983 non
1088 4928 1156 4983 ab
1183 4928 1272 4982 illo
1296 4927 1465 4996 petis,
1512 4924 1603 4993 qui
1649 4931 1822 4992 potest
1860 4920 2069 4990 aperire

492 5033 704 5082 natura:
727 5021 1012 5084 ofﬁcinam,
1039 5027 1093 5072 et
1112 5016 1412 5072 facundam
1442 5015 1618 5069 facere
1637 5013 1884 5066 vulvam?
1915 5011 2072 5066 Disce

492 5118 654 5189 igitur
676 5115 825 5170 illum
852 5127 971 5168 esse
997 5112 1082 5181 qui
1113 5121 1162 5165 te
1193 5110 1414 5180 privavit
1444 5108 1617 5162 fructu
1643 5107 1842 5161 ventris
1866 5106 1971 5171 tui,
2015 5115 2071 5160 et

490 5209 664 5266 sorori
695 5217 799 5263 tute
826 5213 1024 5262 tantam
1053 5203 1447 5259 faecunditatem
1477 5200 1738 5270 praestitit.
1761 5199 1838 5252 Ne
1863 5199 2018 5268 igitur
2038 5213 2070 5252 a

491 5315 580 5356 me
606 5313 813 5370 quaeras
833 5312 950 5367 quae
977 5295 1215 5364 praebere
1241 5308 1348 5346 non
1377 5306 1611 5359 possum,
1635 5300 1688 5345 et
1712 5302 1935 5358 quorum
1963 5303 2068 5342 non

488 5406 609 5448 sum
637 5390 900 5443 dominus.
933 5386 1064 5441 Nam
1098 5383 1144 5439 si
1174 5383 1274 5436 hoc
1300 5383 1354 5436 in
1384 5397 1469 5436 me
1514 5380 1696 5434 fuisset
1717 5421 1732 5444 ,
1773 5379 1990 5433 omnino
2018 5388 2072 5433 te

491 5481 662 5539 sorori
692 5480 1041 5549 [tt-attulissem
1065 5521 1078 5543 ,
1113 5475 1368 5544 majorem
1408 5489 1530 5543 erga
1568 5483 1620 5528 te
1649 5473 2068 5528 benevolentiam

489 5571 710 5630 habens.
763 5574 832 5625 At
870 5577 1082 5640 quando
1121 5567 1326 5622 etiamsi
1382 5567 1432 5620 in
1486 5567 1746 5620 inﬁnitum
1787 5567 1971 5636 majori
2021 5575 2070 5622 te

553 5759 631 5826 (ιι)
651 5766 680 5808 tt
699 5769 814 5808 voce
833 5767 1042 5817 namque
1057 5753 1200 5810 seu
1216 5754 1414 5815 audiuit,
1430 5753 1674 5804 derivatur
1692 5750 1838 5827 pm:
1853 5764 2067 5815 symeon.

1171 381 1227 435 S.
1269 375 1542 434 JOANNIS
1580 364 2058 426 CHRYSOSTOMI
2101 361 2975 426 ΑΒΟΙΙΙΕΡᾙΟΟΝΞΤΑΝΤΙΝΟΡ.

3623 363 3733 426 ΔΕΒ

2146 483 2468 551 complectar
2496 484 2862 540 benevolentia
2884 526 2901 552 ,
2947 483 3080 539 nihil
3125 483 3218 540 tibi
3243 484 3298 540 in
3329 486 3432 540 hoc
3472 486 3729 554 prodesse

2148 581 2335 642 potero
2358 615 2372 640 ,
2414 577 2481 630 ab
2509 577 2598 630 illo
2625 591 2806 646 quaere
2827 619 2844 643 ,
2885 578 2973 646 qui
3000 585 3056 633 et
3083 577 3419 632 sterilitatem
3455 576 3646 632 aﬁ'erre
3669 588 3726 632 et

2149 664 2358 720 solvere
2380 676 2572 734 potest.
2599 667 2733 722 Vide
2752 668 2877 736 justi
2901 668 3255 738 prodendam,
3278 668 3545 738 quomodo
3564 669 3731 722 etiam-

2149 755 2218 808 ob
2247 755 2392 810 illius
2417 755 2555 810 dicta
2581 771 2918 821 succensens,
2953 771 3266 826 responsum
3299 758 3372 812 illi
3400 758 3492 812 dat
3511 759 3725 826 sapien-

2153 844 2370 899 tissimis
2395 848 2570 900 verbis
2599 863 2613 899 :
2640 846 2839 903 docens
2867 848 3149 918 diligenter
3175 849 3375 913 omnia,
3404 859 3732 918 causamque

2151 934 2518 1000 manifestans,
2547 945 2606 988 ut
2628 952 2732 991 non
2761 937 2948 992 relicto
2967 938 3194 992 Domino
3214 949 3418 1008 quaerat
3441 939 3508 992 ab
3528 939 3634 993 alio
3663 953 3727 995 ea

2151 1038 2271 1093 quae
2300 1024 2390 1078 ille
2411 1024 2558 1079 solus
2595 1031 2844 1094 [instare
2871 1035 3063 1096 potest.
3109 1027 3272 1097 Igitur
3299 1037 3357 1083 ut
3379 1027 3563 1084 didicit
3584 1029 3732 1099 quod

2153 1116 2347 1170 sterilis
2366 1116 2504 1171 facta
2529 1127 2670 1172 esset
2693 1131 2724 1171 a
2755 1118 2866 1173 Deo
2889 1159 2905 1184 ,
2949 1127 3005 1174 et
3043 1119 3231 1174 videns
3265 1133 3506 1176 sororem
3544 1118 3736 1177 liberis

2153 1202 2346 1260 ﬂorere
2371 1246 2387 1270 ,
2436 1207 2519 1262 vel
2562 1207 2830 1262 mediocre
2863 1209 3117 1264 solatium
3150 1210 3427 1279 requirens
3449 1252 3464 1275 ,
3511 1211 3639 1265 dicit
3661 1213 3737 1266 ad‘

2153 1293 2318 1350 Iacob
2347 1313 2363 1350 :
2391 1295 2650 1362 Quoniam
2675 1312 2820 1351 nunc
2843 1297 3070 1354 docuisti
3111 1313 3198 1354 me
3220 1307 3328 1353 nan
3369 1299 3522 1369 culpa
3549 1310 3634 1354 tua
3657 1299 3731 1355 li-

2158 1385 2300 1439 beris
2328 1399 2512 1441 carere
2530 1424 2546 1451 ,
2578 1387 2764 1441 saltem
2795 1388 3039 1442 ancillam
3064 1395 3234 1442 meum
3258 1390 3457 1457 accipe,
3489 1389 3734 1460 ﬁliosque

2156 1492 2223 1532 ex
2247 1492 2308 1532 ea
2338 1493 2556 1547 procrea
2576 1517 2592 1542 ,
2639 1487 2696 1532 ut
2714 1493 2934 1548 parvum
2980 1479 3192 1549 aliquod
3219 1480 3463 1534 solatium
3494 1480 3735 1537 invenire

2157 1571 2376 1640 possim,
2399 1585 2461 1625 ea
2478 1571 2608 1625 mihi
2627 1572 2900 1626 vindicans
2922 1587 3042 1642 quas
3061 1573 3128 1626 ab
3149 1573 3237 1626 illa
3263 1582 3564 1628 nascentur.
3587 1575 3641 1628 4.
3666 1574 3738 1628 Et

2157 1660 2294 1714 dedit
2332 1662 2398 1726 ei,
2429 1661 2632 1731 inquit,
2666 1661 2871 1716 Ballam
2895 1662 3133 1716 ancillam
3159 1678 3301 1716 suam
3330 1679 3536 1716 uxorem
3560 1679 3579 1718 :
3599 1665 3652 1719 5.
3688 1675 3737 1719 et

2158 1753 2361 1806 intrauit
2387 1753 2456 1807 ad
2484 1767 2628 1819 eam;
2666 1763 2714 1807 et
2739 1756 2997 1824 concepit,
3041 1763 3088 1808 et
3116 1756 3306 1825 peperit
3326 1756 3489 1824 ﬁlium
3510 1755 3735 1823 Iacobo,

2159 1844 2210 1898 6.
2239 1852 2288 1896 et
2309 1845 2437 1898 dixit
2462 1843 2656 1898 Rachel
2681 1844 2976 1900 :Judicauit
3018 1847 3143 1900 mihi
3184 1845 3323 1901 Deus
3343 1889 3358 1914 ,
3402 1858 3450 1901 et
3483 1849 3740 1902 exaudiuit

2157 1942 2329 1989 uocem
2352 1952 2535 2001 meam,
2567 1938 2801 2006 deditque
2820 1939 2944 1992 mihi
2969 1939 3155 2007 ﬁlium.
3188 1939 3408 2009 Propter
3430 1942 3529 1995 ‘hoc
3548 1943 3739 1995 uocauit

2159 2027 2342 2080 nomen
2367 2028 2476 2098 ejus
2499 2027 2615 2082 Dan
2650 2028 2749 2100 (α).
2789 2029 2983 2084 Habuit
3006 2030 3183 2098 aliquo
3197 2029 3361 2086 modo
3383 2032 3618 2099 pariente
3644 2047 3740 2085 an-

2161 2121 2280 2176 cilla
2321 2123 2405 2176 vel
2450 2123 2666 2178 brevem
2711 2125 3176 2180 consolationem:
3221 2126 3342 2182 ideo
3387 2128 3499 2196 ipsa
3543 2143 3739 2183 nomen

2163 2229 2330 2285 puero
2360 2218 2619 2285 imponit,
2645 2219 2947 2288 gratiasque
2988 2219 3096 2288 agit
3129 2220 3350 2274 Domino
3386 2235 3483 2289 pro
3512 2229 3653 2274 nato.
3683 2221 3738 2274 7.

2163 2305 2230 2359 Et
2258 2307 2505 2376 concepit,
2527 2308 2715 2376 inquit,
2738 2308 2916 2362 iterum
2943 2307 3092 2362 Bulla
3113 2351 3129 2374 ,
3164 2319 3210 2362 et
3238 2311 3427 2378 peperit
3448 2311 3652 2378 ﬁlium;
3680 2312 3734 2364 8.

2163 2406 2211 2451 et
2239 2397 2366 2452 dixit
2396 2399 2590 2452 Rachel
2615 2414 2634 2452 :
2662 2399 2867 2468 Adjuuit
2891 2415 2970 2452 me
3004 2397 3141 2453 Deus
3161 2440 3174 2462 ,
3225 2411 3271 2452 et
3305 2410 3603 2454 conuersata
3630 2417 3741 2453 sunt

2163 2503 2278 2540 cunt
2307 2504 2477 2541 sorore
2501 2504 2629 2554 mea,
2657 2497 2702 2541 et
2725 2489 2939 2542 inualui.
2982 2488 3048 2541 Et
3081 2491 3272 2543 uocauit
3301 2507 3481 2543 nomen
3502 2493 3608 2561 ejus
3637 2490 3744 2544 Ne-

2166 2577 2435 2647 pltthalim.
2474 2577 2542 2631 Et
2583 2578 2763 2632 didicit
2795 2588 2979 2649 postea
3017 2578 3297 2634 manifeste
3331 2595 3427 2648 per
3460 2582 3753 2648 ancillam,

2165 2667 2420 2722 Iacobum
2460 2684 2565 2721 non
2607 2669 2661 2722 in
2701 2683 2860 2722 causa
2901 2667 3063 2723 fuisse
3092 2685 3257 2738 quare
3296 2669 3475 2724 liberis
3515 2679 3745 2724 careret.

2167 2757 2293 2812 ideo
2321 2768 2475 2812 natos
2494 2759 2644 2827 quasi
2671 2772 2796 2812 suos
2833 2757 2972 2812 ﬁlios
2999 2758 3276 2824 educavit,
3327 2767 3382 2813 et
3424 2761 3636 2813 nomina
3659 2760 3744 2814 eis

2173 2849 2444 2917 imposuit,
2480 2849 2762 2902 maximam
2795 2849 2917 2904 inde
2940 2849 3040 2904 sibi
3063 2850 3162 2918 ipsi
3189 2851 3602 2906 consolationem
3626 2867 3746 2906 esse

2169 2947 2302 2992 rata.
2328 2937 2383 2990 9.
2412 2937 2478 2991 Ut
2502 2947 2668 2991 autent
2690 2939 2811 2991 uidit
2832 2940 2927 2990 Lia
2950 2940 3082 3007 quod
3102 2949 3338 2994 cessasset
3359 2951 3554 3009 parere,
3577 2949 3620 2993 et
3634 2942 3746 3009 ipsa

2169 3028 2408 3080 ancillam
2456 3044 2601 3081 suam
2645 3028 2891 3098 Zelpham
2929 3031 3065 3082 dedit
3091 3028 3280 3083 Iacobo
3310 3042 3511 3084 uxorem
3535 3047 3554 3084 :
3583 3033 3663 3084 10.
3699 3039 3748 3083 et

2169 3119 2430 3186 concepit,
2459 3128 2508 3172 et
2537 3121 2755 3190 peperit,
2789 3120 2875 3172 if.
2905 3119 2972 3172 Et
2995 3119 3124 3172 dixit
3144 3119 3240 3172 Lia
3268 3137 3287 3174 :
3321 3119 3602 3174 Fortunata
3629 3123 3706 3191 [ui
3729 3163 3744 3187 ,

2172 3208 2272 3262 hoc
2297 3217 2416 3272 est,
2484 3209 2599 3263 Voti
2644 3223 2862 3278 compos
2887 3211 3021 3263 facta
3060 3225 3199 3264 sum.
3247 3210 3310 3263 Et
3337 3214 3528 3265 uocauit
3569 3229 3748 3266 nomen

2170 3301 2280 3368 ejus
2324 3299 2456 3353 God.
2504 3300 2570 3354 Et
2599 3303 2844 3370 quoniam
2885 3302 3063 3370 reipsa
3106 3302 3282 3355 evenit
3319 3303 3456 3371 quod
3497 3305 3746 3371 Optabat,

2170 3389 2374 3444 vocavit
2418 3405 2610 3443 nomen
2645 3390 2760 3459 ejus
2798 3389 2931 3443 Gad.
2966 3389 3052 3443 12.
3107 3389 3172 3442 Et
3206 3393 3430 3460 concepit
3471 3394 3669 3458 adhuc,
3702 3406 3752 3448 et

2174 3482 2364 3549 peperit
2405 3480 2564 3534 alium
2596 3483 2728 3536 :13.
2784 3482 3008 3550 dixitque
3051 3481 3148 3535 Lia
3195 3499 3214 3536 :
3255 3482 3412 3536 Beata
3453 3502 3546 3555 ego
3571 3527 3587 3550 ,
3631 3488 3751 3555 quia

2172 3569 2365 3624 beatam
2391 3587 2468 3624 me
2487 3571 2651 3624 dicent
2677 3573 2910 3626 mulieres
2938 3590 2955 3627 :
2981 3583 3028 3626 et
3049 3577 3240 3628 vocavit
3266 3591 3444 3629 nomen
3470 3578 3579 3645 ejus
3603 3577 3744 3630 Aser.

2243 3664 2296 3718 5.
2341 3663 2528 3717 Vidisti
2561 3664 2827 3732 quomodo
2853 3673 2905 3718 ct
2929 3665 3042 3719 haec
3071 3676 3223 3719 natos
3248 3681 3314 3720 ex
3347 3667 3536 3719 ancilla
3565 3675 3620 3720 ut
3648 3667 3750 3720 sibi

2173 3757 2416 3827 proprios
2437 3757 2676 3819 haberet,
2705 3765 2758 3810 et
2787 3757 2992 3809 beatam
3025 3771 3082 3810 se
3110 3771 3227 3810 esse
3253 3753 3413 3820 dicat,
3441 3765 3496 3810 et
3520 3757 3748 3811 beatitu-

2172 3851 2295 3904 dine
2319 3848 2528 3918 dignam
2559 3852 2627 3902 ob
2656 3849 3074 3916 procreationem
3115 3845 3360 3900 ﬁliorum.
3397 3845 3502 3901 Sed
3546 3848 3666 3902 vide
3686 3863 3750 3902 ea

2173 3955 2382 4009 quoque
2402 3955 2518 4008 qnte
2544 3949 2661 4007 post
2692 3938 2804 3992 haec
2832 3946 2978 4007 gesta
3008 3947 3150 4004 sunt,
3177 3948 3232 3990 ut
3259 3939 3434 3992 discas
3481 3938 3754 4008 quomodo

2173 4033 2446 4102 zelotypiaa
2473 4031 2680 4084 all‘ectio
2708 4030 2810 4085 huc
2831 4040 2885 4085 et
2909 4030 3034 4084 illuc
3060 4031 3330 4093 transibat,
3365 4039 3419 4082 et
3448 4046 3586 4083 nunc
3614 4029 3745 4092 hcce,

2175 4138 2315 4176 nunc
2356 4122 2439 4175 illa
2477 4121 2898 4190 itnpngnabatur.
2925 4121 3009 4173 Μ.
3041 4117 3108 4172 Et
3131 4121 3242 4184 ivit,
3275 4120 3461 4188 inquit,
3496 4119 3671 4172 Ruben
3698 4119 3751 4170 in

2175 4215 2347 4268 diebus
2373 4214 2544 4266 messis
2577 4214 2804 4274 triticew,
2838 4223 2883 4265 et
2911 4212 3093 4265 inuenit
3131 4212 3266 4264 mala
3295 4212 3749 4279 ntundragorarunt

2173 4306 2227 4358 in
2254 4321 2398 4375 agro,
2427 4315 2472 4357 et
2503 4303 2667 4356 attulit
2693 4319 2753 4356 ea
2778 4305 2927 4356 matri
2952 4319 3077 4356 sure.
3112 4303 3345 4371 Dixitque
3375 4302 3562 4355 (lac/cel
3601 4301 3706 4354 Lia:
3731 4315 3752 4354 :

2175 4399 2257 4453 Da
2287 4398 2411 4450 mihi
2437 4396 2498 4449 de
2522 4395 2870 4467 mandragoris
2897 4397 2992 4466 ﬁlii
3018 4397 3111 4448 tui.
3137 4395 3220 4449 15.
3249 4393 3394 4447 Dixit
3420 4405 3590 4446 autem
3619 4393 3709 4444 Lia
3737 4399 3752 4445 ὲ

2178 4493 2297 4548 Non
2323 4493 2443 4546 satis
2467 4489 2552 4542 tibi
2573 4489 2706 4560 quod
2729 4489 2961 4558 accepisti
2993 4490 3153 4541 virum
3175 4487 3381 4538 meum?
3411 4502 3528 4537 num
3549 4495 3594 4536 et
3617 4498 3752 4534 man-

2175 4588 2416 4654 dragoras
2445 4583 2540 4650 ﬁlii
2570 4584 2666 4635 ntei
2693 4581 2945 4650 accipies?
2989 4579 3146 4634 Vides
3186 4577 3451 4645 quomodo
3481 4572 3752 4642 a‘griludi-

2177 4692 2298 4729 nem
2344 4675 2503 4728 animi
2535 4674 2708 4727 verbis
2735 4666 3067 4726 manifestam
3119 4668 3273 4722 facit?
3315 4666 3436 4719 Non
3478 4666 3598 4719 satis
3641 4663 3749 4728 tibi,

2176 4768 2363 4835 inquit,
2396 4765 2528 4834 quod
2547 4766 2782 4833 accepisti
2807 4765 2968 4816 virum
2995 4761 3196 4814 meum?
3226 4776 3344 4811 num
3369 4767 3414 4811 et
3445 4757 3751 4824 mandrago-

2175 4875 2259 4911 ras
2293 4858 2385 4926 ﬁlii
2413 4858 2508 4909 mei
2533 4855 2787 4924 accipies?
2821 4853 2962 4906 Discit
3008 4861 3177 4904 autem
3229 4849 3422 4903 Rachel
3447 4864 3464 4900 :
3491 4846 3613 4900 Non
3638 4847 3708 4898 sic
3732 4859 3758 4898 :'

2177 4951 2394 5002 dormiat
2421 4959 2585 5002 tecum
2614 4956 2756 4999 nocte
2783 4945 2878 4998 hac
2908 4962 2997 5015 pro
3028 4942 3377 5013 mandragoris
3417 4939 3510 5008 ﬁlii
3554 4951 3649 4990 tut.
3679 4936 3757 4989 Da

2176 5042 2303 5096 mihi
2321 5041 2386 5093 de
2402 5040 2786 5108 mandragoris,
2811 5047 2861 5092 et
2879 5037 3058 5105 accipe
3081 5034 3238 5090 hodie
3261 5043 3436 5087 tecum
3465 5032 3633 5084 virum
3654 5028 3752 5100 (b).

2180 5134 2308 5187 Vide
2336 5130 2602 5202 quomodo
2627 5130 2907 5184 exhibetur
2920 5127 3128 5181 alTectui
3155 5124 3397 5178 Rachelis
3423 5121 3641 5174 omnino
3662 5121 3756 5174 de-

2175 5225 2336 5278 ditus.
2371 5223 2502 5277 Nam
2531 5224 2574 5278 si
2607 5230 2752 5275 tanto
2773 5220 2938 5276 choro
2967 5220 3192 5272 liliorum
3224 5217 3333 5270 Lia:
3363 5225 3507 5278 nato,
3537 5215 3632 5268 luit
3657 5213 3753 5267 ad-

2238 5445 2310 5508 (a)
2344 5445 2581 5496 Hebraice
2615 5449 2688 5527 Π.
2723 5444 2864 5495 Radix
2901 5452 2976 5494 est
3000 5440 3365 5526 Wjudimrit.
3411 5441 3528 5488 Hinc
3577 5450 3758 5487 nomen

2175 5551 2329 5601 puero
2351 5539 2528 5598 datum,
2549 5545 2604 5587 ut
2627 5539 2677 5585 in
2701 5544 2841 5586 textu
2862 5537 3054 5586 dicitur.

2239 5622 2310 5683 (b)
2345 5622 2638 5671 Existimavit
2660 5629 2803 5669 vetus
2839 5627 3084 5683 Interprcs
3115 5620 3219 5668 haec
3244 5617 3394 5683 verba
3415 5631 3480 5668 ex
3505 5623 3647 5683 textu
3680 5614 3761 5683 bi-

2175 5677 2454 5799 Emcsse.
2493 5683 2585 5734 sed
2621 5690 2736 5733 sunt
2769 5695 2798 5730 a
3196 5680 3383 5742 adjecta
3424 5677 3764 5741 explicationis
