  <div class='ocr_page' id='page_1' title='image "/cluster/home/n/w/nwhite01/storage/ocr_20150623/54/mdp.39015078384420/121.png"; bbox 0 0 4168 6264; ppageno 0'>
   <div class='ocr_carea' id='block_1_1' title="bbox 475 261 578 318">
    <p class='ocr_par' dir='ltr' id='par_1_1' title="bbox 475 261 578 318">
     <span class='ocr_line' id='line_1_1' title="bbox 475 261 578 318; baseline -0.019 -1"><span class='ocrx_word' id='word_1_1' title='bbox 475 261 578 318; x_wconf 72' lang='grc'>495</span> 
     </span>
    </p>
   </div>
   <div class='ocr_carea' id='block_1_2' title="bbox 473 370 2056 444">
    <p class='ocr_par' dir='ltr' id='par_1_2' title="bbox 473 370 2056 444">
     <span class='ocr_line' id='line_1_2' title="bbox 473 370 2056 444; baseline -0.003 -16"><span class='ocrx_word' id='word_1_2' title='bbox 473 373 766 443; x_wconf 73' lang='grc' dir='ltr'>τικτούσης</span> <span class='ocrx_word' id='word_1_3' title='bbox 785 373 881 442; x_wconf 80' lang='grc' dir='ltr'>τῆς</span> <span class='ocrx_word' id='word_1_4' title='bbox 905 373 938 424; x_wconf 76' lang='grc' dir='ltr'><strong>Λ</strong></span> <span class='ocrx_word' id='word_1_5' title='bbox 949 371 1085 436; x_wconf 73' lang='grc' dir='ltr'>είας,</span> <span class='ocrx_word' id='word_1_6' title='bbox 1108 375 1188 426; x_wconf 84' lang='grc' dir='ltr'>ἐτι</span> <span class='ocrx_word' id='word_1_7' title='bbox 1210 373 1343 443; x_wconf 77' lang='grc' dir='ltr'>πρὸς</span> <span class='ocrx_word' id='word_1_8' title='bbox 1365 375 1462 442; x_wconf 86' lang='grc' dir='ltr'>τὴν</span> <span class='ocrx_word' id='word_1_9' title='bbox 1491 373 1690 444; x_wconf 77' lang='grc' dir='ltr'>Ῥαχὴλ</span> <span class='ocrx_word' id='word_1_10' title='bbox 1711 370 1778 443; x_wconf 82' lang='grc' dir='ltr'>ἦν</span> <span class='ocrx_word' id='word_1_11' title='bbox 1801 373 2056 444; x_wconf 85' lang='grc' dir='ltr'>προσκεί-</span> 
     </span>
    </p>
   </div>
   <div class='ocr_carea' id='block_1_3' title="bbox 480 455 2058 526">
    <p class='ocr_par' dir='ltr' id='par_1_3' title="bbox 480 455 2058 526">
     <span class='ocr_line' id='line_1_3' title="bbox 480 455 2058 526; baseline -0.001 -18"><span class='ocrx_word' id='word_1_12' title='bbox 480 473 640 526; x_wconf 78' lang='grc' dir='ltr'>μενος</span> <span class='ocrx_word' id='word_1_13' title='bbox 660 458 722 526; x_wconf 83' lang='grc' dir='ltr'>τῇ</span> <span class='ocrx_word' id='word_1_14' title='bbox 745 455 947 526; x_wconf 75' lang='grc' dir='ltr'>εὐνοίᾳ,</span> <span class='ocrx_word' id='word_1_15' title='bbox 970 457 1016 507; x_wconf 88' lang='grc' dir='ltr'>εί</span> <span class='ocrx_word' id='word_1_16' title='bbox 1040 455 1114 524; x_wconf 84' lang='grc' dir='ltr'>μὴ</span> <span class='ocrx_word' id='word_1_17' title='bbox 1139 455 1297 508; x_wconf 88' lang='grc' dir='ltr'>τοῦτο</span> <span class='ocrx_word' id='word_1_18' title='bbox 1315 458 1575 522; x_wconf 84' lang='grc' dir='ltr'>ἐγεγόνει,</span> <span class='ocrx_word' id='word_1_19' title='bbox 1599 455 1714 518; x_wconf 85' lang='grc' dir='ltr'>πῶς</span> <span class='ocrx_word' id='word_1_20' title='bbox 1732 455 1797 508; x_wconf 81' lang='grc' dir='ltr'>ἂν</span> <span class='ocrx_word' id='word_1_21' title='bbox 1817 457 2058 522; x_wconf 75' lang='grc' dir='ltr'>ἐνεγκεῖν</span> 
     </span>
    </p>
   </div>
   <div class='ocr_carea' id='block_1_4' title="bbox 476 535 2058 609">
    <p class='ocr_par' dir='ltr' id='par_1_4' title="bbox 476 535 2058 609">
     <span class='ocr_line' id='line_1_4' title="bbox 476 535 2058 609; baseline -0.003 -17"><span class='ocrx_word' id='word_1_22' title='bbox 476 543 512 609; x_wconf 79' lang='grc' dir='ltr'><strong>ἡ</strong></span> <span class='ocrx_word' id='word_1_23' title='bbox 537 541 666 592; x_wconf 86' lang='grc' dir='ltr'>Λεία</span> <span class='ocrx_word' id='word_1_24' title='bbox 688 539 921 609; x_wconf 79' lang='grc' dir='ltr'>ἠδυνήθη</span> <span class='ocrx_word' id='word_1_25' title='bbox 944 537 1036 608; x_wconf 86' lang='grc' dir='ltr'>τὴν</span> <span class='ocrx_word' id='word_1_26' title='bbox 1061 538 1196 607; x_wconf 82' lang='grc' dir='ltr'>μετά</span> <span class='ocrx_word' id='word_1_27' title='bbox 1215 537 1311 605; x_wconf 83' lang='grc' dir='ltr'>τῆς</span> <span class='ocrx_word' id='word_1_28' title='bbox 1331 537 1567 605; x_wconf 82' lang='grc' dir='ltr'>ἀδελφῆς</span> <span class='ocrx_word' id='word_1_29' title='bbox 1587 537 1896 607; x_wconf 79' lang='grc' dir='ltr'>συνοίκησιν</span> <span class='ocrx_word' id='word_1_30' title='bbox 1917 553 1931 600; x_wconf 91' lang='lat'><strong>;</strong></span> <span class='ocrx_word' id='word_1_31' title='bbox 1971 535 2058 598; x_wconf 88' lang='grc' dir='ltr'>Ὠς</span> 
     </span>
    </p>
   </div>
   <div class='ocr_carea' id='block_1_5' title="bbox 477 618 2060 691">
    <p class='ocr_par' dir='ltr' id='par_1_5' title="bbox 477 618 2060 691">
     <span class='ocr_line' id='line_1_5' title="bbox 477 618 2060 691; baseline -0.001 -19"><span class='ocrx_word' id='word_1_32' title='bbox 477 621 588 691; x_wconf 88' lang='grc' dir='ltr'>γάρ</span> <span class='ocrx_word' id='word_1_33' title='bbox 609 621 858 684; x_wconf 77' lang='grc' dir='ltr'>ἐξουσίαν</span> <span class='ocrx_word' id='word_1_34' title='bbox 879 620 1095 672; x_wconf 76' lang='grc' dir='ltr'>ἅπασαν</span> <span class='ocrx_word' id='word_1_35' title='bbox 1117 619 1312 688; x_wconf 80' lang='grc' dir='ltr'>ἔχουσα</span> <span class='ocrx_word' id='word_1_36' title='bbox 1333 618 1426 671; x_wconf 91' lang='grc' dir='ltr'>τοῦ</span> <span class='ocrx_word' id='word_1_37' title='bbox 1465 619 1680 689; x_wconf 79' lang='grc' dir='ltr'>ἀνδρὸς,</span> <span class='ocrx_word' id='word_1_38' title='bbox 1699 619 1843 672; x_wconf 74' lang='grc' dir='ltr'>οὕτω</span> <span class='ocrx_word' id='word_1_39' title='bbox 1875 619 2060 689; x_wconf 78' lang='grc' dir='ltr'>προΐε-</span> 
     </span>
    </p>
   </div>
   <div class='ocr_carea' id='block_1_6' title="bbox 477 700 2061 772">
    <p class='ocr_par' dir='ltr' id='par_1_6' title="bbox 477 700 2061 772">
     <span class='ocr_line' id='line_1_6' title="bbox 477 700 2061 772; baseline -0.003 -16"><span class='ocrx_word' id='word_1_40' title='bbox 477 721 570 756; x_wconf 74' lang='grc' dir='ltr'>ιιαι</span> <span class='ocrx_word' id='word_1_41' title='bbox 599 705 706 755; x_wconf 90' lang='grc' dir='ltr'>τῶν</span> <span class='ocrx_word' id='word_1_42' title='bbox 744 701 1128 772; x_wconf 88' lang='grc' dir='ltr'>μανδραγορῶν</span> <span class='ocrx_word' id='word_1_43' title='bbox 1158 700 1248 756; x_wconf 74' lang='grc' dir='ltr'>τὸν</span> <span class='ocrx_word' id='word_1_44' title='bbox 1283 701 1512 771; x_wconf 72' lang='grc' dir='ltr'>ἅνδραα,</span> <span class='ocrx_word' id='word_1_45' title='bbox 1543 701 1636 754; x_wconf 90' lang='grc' dir='ltr'>καί</span> <span class='ocrx_word' id='word_1_46' title='bbox 1657 717 1817 772; x_wconf 87' lang='grc' dir='ltr'>φησι·</span> <span class='ocrx_word' id='word_1_47' title='bbox 1843 703 2061 767; x_wconf 82' lang='grc' dir='ltr'>Κοιμη-</span> 
     </span>
    </p>
   </div>
   <div class='ocr_carea' id='block_1_7' title="bbox 479 781 2054 854">
    <p class='ocr_par' dir='ltr' id='par_1_7' title="bbox 479 781 2054 854">
     <span class='ocr_line' id='line_1_7' title="bbox 479 781 2054 854; baseline -0.002 -14"><span class='ocrx_word' id='word_1_48' title='bbox 479 786 640 854; x_wconf 82' lang='grc' dir='ltr'>θήτω</span> <span class='ocrx_word' id='word_1_49' title='bbox 675 785 938 852; x_wconf 80' lang='grc' dir='ltr'>σήμερον</span> <span class='ocrx_word' id='word_1_50' title='bbox 966 783 1118 851; x_wconf 78' lang='grc' dir='ltr'>μετὰ</span> <span class='ocrx_word' id='word_1_51' title='bbox 1153 783 1268 838; x_wconf 87' lang='grc' dir='ltr'>σοῦ</span> <span class='ocrx_word' id='word_1_52' title='bbox 1306 783 1440 838; x_wconf 80' lang='grc' dir='ltr'>ἀντὶ</span> <span class='ocrx_word' id='word_1_53' title='bbox 1475 783 1594 836; x_wconf 83' lang='grc' dir='ltr'>τῶν</span> <span class='ocrx_word' id='word_1_54' title='bbox 1609 781 2054 852; x_wconf 70' lang='grc' dir='ltr'>μανδραγορῶν.</span> 
     </span>
    </p>
   </div>
   <div class='ocr_carea' id='block_1_8' title="bbox 479 867 2056 939">
    <p class='ocr_par' dir='ltr' id='par_1_8' title="bbox 479 867 2056 939">
     <span class='ocr_line' id='line_1_8' title="bbox 479 867 2056 939; baseline -0.003 -17"><span class='ocrx_word' id='word_1_55' title='bbox 479 869 594 938; x_wconf 85' lang='grc' dir='ltr'>Πλή</span> <span class='ocrx_word' id='word_1_56' title='bbox 605 868 774 939; x_wconf 90' lang='grc' dir='ltr'>ρωσόν</span> <span class='ocrx_word' id='word_1_57' title='bbox 796 884 916 936; x_wconf 87' lang='grc' dir='ltr'>μου,</span> <span class='ocrx_word' id='word_1_58' title='bbox 941 869 1103 936; x_wconf 82' lang='grc' dir='ltr'>φησὶ,</span> <span class='ocrx_word' id='word_1_59' title='bbox 1125 867 1224 937; x_wconf 85' lang='grc' dir='ltr'>τὴν</span> <span class='ocrx_word' id='word_1_60' title='bbox 1245 867 1540 935; x_wconf 83' lang='grc' dir='ltr'>ἐπιθυμίαν</span> <span class='ocrx_word' id='word_1_61' title='bbox 1558 867 1654 936; x_wconf 81' lang='grc' dir='ltr'>τὴν</span> <span class='ocrx_word' id='word_1_62' title='bbox 1675 867 1768 918; x_wconf 62' lang='grc' dir='ltr'>ἐπὶ¹</span> <span class='ocrx_word' id='word_1_63' title='bbox 1786 869 1897 929; x_wconf 83' lang='grc' dir='ltr'>τοῖς</span> <span class='ocrx_word' id='word_1_64' title='bbox 1923 883 2056 936; x_wconf 90' lang='grc' dir='ltr'>μαν-</span> 
     </span>
    </p>
   </div>
   <div class='ocr_carea' id='block_1_9' title="bbox 477 949 2062 1021">
    <p class='ocr_par' dir='ltr' id='par_1_9' title="bbox 477 949 2062 1021">
     <span class='ocr_line' id='line_1_9' title="bbox 477 949 2062 1021; baseline -0.001 -18"><span class='ocrx_word' id='word_1_65' title='bbox 477 951 787 1021; x_wconf 86' lang='grc' dir='ltr'>δραγόραις,</span> <span class='ocrx_word' id='word_1_66' title='bbox 808 951 901 1001; x_wconf 64' lang='grc' dir='ltr'>καὶ⁴</span> <span class='ocrx_word' id='word_1_67' title='bbox 935 949 1090 1019; x_wconf 82' lang='grc' dir='ltr'><strong>δέχου</strong></span> <span class='ocrx_word' id='word_1_68' title='bbox 1127 950 1217 1002; x_wconf 84' lang='grc' dir='ltr'>τὸν</span> <span class='ocrx_word' id='word_1_69' title='bbox 1255 949 1442 1020; x_wconf 78' lang='grc' dir='ltr'>ἄνδρα.</span> <span class='ocrx_word' id='word_1_70' title='bbox 1467 950 1960 1018; x_wconf 72' lang='grc' dir='ltr'>ΠαραγενομένΟυ</span> <span class='ocrx_word' id='word_1_71' title='bbox 1992 949 2062 1001; x_wconf 78' lang='grc' dir='ltr'>δὲ</span> 
     </span>
    </p>
   </div>
   <div class='ocr_carea' id='block_1_10' title="bbox 477 1025 2056 1100">
    <p class='ocr_par' dir='ltr' id='par_1_10' title="bbox 477 1025 2056 1100">
     <span class='ocr_line' id='line_1_10' title="bbox 477 1025 2056 1100; baseline 0 -16"><span class='ocrx_word' id='word_1_72' title='bbox 477 1033 588 1086; x_wconf 84' lang='grc' dir='ltr'>τοῦ</span> <span class='ocrx_word' id='word_1_73' title='bbox 612 1032 826 1095; x_wconf 80' lang='grc' dir='ltr'>Ἰακὼϐ,</span> <span class='ocrx_word' id='word_1_74' title='bbox 845 1031 1182 1096; x_wconf 81' lang='grc' dir='ltr'>ἐξελθοῦσα</span> <span class='ocrx_word' id='word_1_75' title='bbox 1201 1035 1288 1096; x_wconf 82' lang='grc' dir='ltr'>εἰς</span> <span class='ocrx_word' id='word_1_76' title='bbox 1306 1032 1688 1100; x_wconf 76' lang='grc' dir='ltr'>συνάντησιν</span> <span class='ocrx_word' id='word_1_77' title='bbox 1701 1033 1736 1098; x_wconf 80' lang='grc' dir='ltr'><strong><em>ἠ</em></strong></span> <span class='ocrx_word' id='word_1_78' title='bbox 1749 1031 1892 1085; x_wconf 82' lang='grc' dir='ltr'>Λεία</span> <span class='ocrx_word' id='word_1_79' title='bbox 1907 1025 2056 1084; x_wconf 75' lang='grc' dir='ltr'>εἴπεο</span> 
     </span>
    </p>
   </div>
   <div class='ocr_carea' id='block_1_11' title="bbox 477 1113 2060 1184">
    <p class='ocr_par' dir='ltr' id='par_1_11' title="bbox 477 1113 2060 1184">
     <span class='ocr_line' id='line_1_11' title="bbox 477 1113 2060 1184; baseline -0.001 -14"><span class='ocrx_word' id='word_1_80' title='bbox 477 1116 637 1184; x_wconf 80' lang='grc' dir='ltr'>Πρὸς</span> <span class='ocrx_word' id='word_1_81' title='bbox 654 1115 758 1184; x_wconf 81' lang='grc' dir='ltr'>ἐμὲ</span> <span class='ocrx_word' id='word_1_82' title='bbox 777 1117 1098 1182; x_wconf 67' lang='grc' dir='ltr'>εἰσελεύσῃ</span> <span class='ocrx_word' id='word_1_83' title='bbox 1119 1114 1387 1182; x_wconf 80' lang='grc' dir='ltr'>σήμερον</span> <span class='ocrx_word' id='word_1_84' title='bbox 1401 1129 1418 1145; x_wconf 78' lang='grc' dir='ltr'><strong>ο</strong></span> <span class='ocrx_word' id='word_1_85' title='bbox 1447 1115 1818 1183; x_wconf 82' lang='grc' dir='ltr'>μεμίσθωμαι</span> <span class='ocrx_word' id='word_1_86' title='bbox 1849 1113 1959 1184; x_wconf 76' lang='grc' dir='ltr'>γάρ</span> <span class='ocrx_word' id='word_1_87' title='bbox 1986 1129 2060 1168; x_wconf 92' lang='grc' dir='ltr'><em>σε</em></span> 
     </span>
    </p>
   </div>
   <div class='ocr_carea' id='block_1_12' title="bbox 477 1195 2060 1266">
    <p class='ocr_par' dir='ltr' id='par_1_12' title="bbox 477 1195 2060 1266">
     <span class='ocr_line' id='line_1_12' title="bbox 477 1195 2060 1266; baseline -0.001 -15"><span class='ocrx_word' id='word_1_88' title='bbox 477 1197 744 1266; x_wconf 78' lang='grc' dir='ltr'>σήμερον</span> <span class='ocrx_word' id='word_1_89' title='bbox 770 1197 904 1252; x_wconf 74' lang='grc' dir='ltr'>ἀντὶ</span> <span class='ocrx_word' id='word_1_90' title='bbox 937 1196 1057 1249; x_wconf 85' lang='grc' dir='ltr'>τῶν</span> <span class='ocrx_word' id='word_1_91' title='bbox 1071 1195 1497 1266; x_wconf 79' lang='grc' dir='ltr'>μανδραγορῶν</span> <span class='ocrx_word' id='word_1_92' title='bbox 1517 1197 1621 1250; x_wconf 86' lang='grc' dir='ltr'>τοῦ</span> <span class='ocrx_word' id='word_1_93' title='bbox 1641 1197 1775 1250; x_wconf 85' lang='grc' dir='ltr'>υἱοῦ</span> <span class='ocrx_word' id='word_1_94' title='bbox 1789 1213 1928 1264; x_wconf 84' lang='grc' dir='ltr'>μου.</span> <span class='ocrx_word' id='word_1_95' title='bbox 1949 1195 2060 1250; x_wconf 84' lang='lat' dir='ltr'>Kal</span> 
     </span>
    </p>
   </div>
   <div class='ocr_carea' id='block_1_13' title="bbox 475 1277 2060 1350">
    <p class='ocr_par' dir='ltr' id='par_1_13' title="bbox 475 1277 2060 1350">
     <span class='ocr_line' id='line_1_13' title="bbox 475 1277 2060 1350; baseline -0.001 -18"><span class='ocrx_word' id='word_1_96' title='bbox 475 1280 954 1350; x_wconf 78' lang='grc' dir='ltr'>ἐκοιμήθη,¹φησὶ,</span> <span class='ocrx_word' id='word_1_97' title='bbox 968 1277 1328 1346; x_wconf 79' lang='grc' dir='ltr'>μετὰαὺτῆς</span> <span class='ocrx_word' id='word_1_98' title='bbox 1347 1279 1460 1345; x_wconf 79' lang='grc' dir='ltr'>τὴν</span> <span class='ocrx_word' id='word_1_99' title='bbox 1476 1279 1664 1332; x_wconf 81' lang='grc' dir='ltr'>νύκτα</span> <span class='ocrx_word' id='word_1_100' title='bbox 1677 1279 1935 1346; x_wconf 81' lang='grc' dir='ltr'>ἐκείνην.</span> <span class='ocrx_word' id='word_1_101' title='bbox 1949 1277 2060 1332; x_wconf 87' lang='lat' dir='ltr'>Kal</span> 
     </span>
    </p>
   </div>
   <div class='ocr_carea' id='block_1_14' title="bbox 475 1359 2060 1428">
    <p class='ocr_par' dir='ltr' id='par_1_14' title="bbox 475 1359 2060 1428">
     <span class='ocr_line' id='line_1_14' title="bbox 475 1359 2060 1428; baseline -0.002 -13"><span class='ocrx_word' id='word_1_102' title='bbox 475 1361 824 1428; x_wconf 83' lang='grc' dir='ltr'>ἐπήκουσεν</span> <span class='ocrx_word' id='word_1_103' title='bbox 859 1365 890 1413; x_wconf 86' lang='grc' dir='ltr'><em>ὀ</em></span> <span class='ocrx_word' id='word_1_104' title='bbox 931 1360 1074 1424; x_wconf 87' lang='grc' dir='ltr'>Θεὸς</span> <span class='ocrx_word' id='word_1_105' title='bbox 1111 1361 1311 1424; x_wconf 83' lang='grc' dir='ltr'>Λείας.</span> <span class='ocrx_word' id='word_1_106' title='bbox 1333 1359 1432 1412; x_wconf 78' lang='grc' dir='ltr'>καί</span> <span class='ocrx_word' id='word_1_107' title='bbox 1455 1359 1854 1413; x_wconf 69' lang='grc' dir='ltr'><em>συλλαϐοῦσα</em></span> <span class='ocrx_word' id='word_1_108' title='bbox 1893 1359 2060 1412; x_wconf 76' lang='grc' dir='ltr'>ἔτεκε</span> 
     </span>
    </p>
   </div>
   <div class='ocr_carea' id='block_1_15' title="bbox 476 1437 2061 1511">
    <p class='ocr_par' dir='ltr' id='par_1_15' title="bbox 476 1437 2061 1511">
     <span class='ocr_line' id='line_1_15' title="bbox 476 1437 2061 1511; baseline -0.001 -15"><span class='ocrx_word' id='word_1_109' title='bbox 476 1445 586 1496; x_wconf 83' lang='grc' dir='ltr'>τὸν</span> <span class='ocrx_word' id='word_1_110' title='bbox 602 1443 873 1511; x_wconf 83' lang='grc' dir='ltr'>πέμπτον</span> <span class='ocrx_word' id='word_1_111' title='bbox 891 1443 1042 1494; x_wconf 78' lang='grc' dir='ltr'>υἱόν.</span> <span class='ocrx_word' id='word_1_112' title='bbox 1058 1441 1166 1495; x_wconf 85' lang='grc' dir='ltr'>Καὶ</span> <span class='ocrx_word' id='word_1_113' title='bbox 1185 1437 1312 1494; x_wconf 80' lang='grc' dir='ltr'>εἷπε</span> <span class='ocrx_word' id='word_1_114' title='bbox 1331 1442 1476 1494; x_wconf 81' lang='grc' dir='ltr'>Λεία</span> <span class='ocrx_word' id='word_1_115' title='bbox 1492 1440 1740 1495; x_wconf 80' lang='grc' dir='ltr'>·”Εδωκέ</span> <span class='ocrx_word' id='word_1_116' title='bbox 1753 1457 1853 1508; x_wconf 85' lang='grc' dir='ltr'>μοι</span> <span class='ocrx_word' id='word_1_117' title='bbox 1869 1444 1901 1494; x_wconf 86' lang='grc' dir='ltr'><em>ὁ</em></span> <span class='ocrx_word' id='word_1_118' title='bbox 1918 1441 2061 1506; x_wconf 84' lang='grc' dir='ltr'>Θεὸς</span> 
     </span>
    </p>
   </div>
   <div class='ocr_carea' id='block_1_16' title="bbox 478 1519 2061 1593">
    <p class='ocr_par' dir='ltr' id='par_1_16' title="bbox 478 1519 2061 1593">
     <span class='ocr_line' id='line_1_16' title="bbox 478 1519 2061 1593; baseline 0 -16"><span class='ocrx_word' id='word_1_119' title='bbox 478 1525 587 1577; x_wconf 80' lang='grc' dir='ltr'>τὸν</span> <span class='ocrx_word' id='word_1_120' title='bbox 599 1526 820 1593; x_wconf 83' lang='grc' dir='ltr'>μισθόν</span> <span class='ocrx_word' id='word_1_121' title='bbox 841 1542 982 1592; x_wconf 83' lang='grc' dir='ltr'>μου,</span> <span class='ocrx_word' id='word_1_122' title='bbox 1003 1525 1132 1578; x_wconf 84' lang='grc' dir='ltr'>ἀνθ’</span> <span class='ocrx_word' id='word_1_123' title='bbox 1153 1519 1224 1578; x_wconf 85' lang='grc' dir='ltr'>οὗ</span> <span class='ocrx_word' id='word_1_124' title='bbox 1254 1523 1448 1576; x_wconf 75' lang='grc' dir='ltr'>ἔδωκα</span> <span class='ocrx_word' id='word_1_125' title='bbox 1468 1523 1582 1590; x_wconf 82' lang='grc' dir='ltr'>τὴν</span> <span class='ocrx_word' id='word_1_126' title='bbox 1599 1523 1928 1589; x_wconf 79' lang='grc' dir='ltr'>παιδίσκην</span> <span class='ocrx_word' id='word_1_127' title='bbox 1941 1541 2061 1592; x_wconf 83' lang='grc' dir='ltr'>μου</span> 
     </span>
    </p>
   </div>
   <div class='ocr_carea' id='block_1_17' title="bbox 476 1604 2065 1674">
    <p class='ocr_par' dir='ltr' id='par_1_17' title="bbox 476 1604 2065 1674">
     <span class='ocr_line' id='line_1_17' title="bbox 476 1604 2065 1674; baseline -0.001 -14"><span class='ocrx_word' id='word_1_128' title='bbox 476 1606 560 1670; x_wconf 85' lang='grc' dir='ltr'>τῷ</span> <span class='ocrx_word' id='word_1_129' title='bbox 593 1607 768 1673; x_wconf 75' lang='grc' dir='ltr'>ἀνδρί</span> <span class='ocrx_word' id='word_1_130' title='bbox 797 1623 938 1674; x_wconf 84' lang='grc' dir='ltr'>μου.</span> <span class='ocrx_word' id='word_1_131' title='bbox 961 1605 1070 1659; x_wconf 82' lang='grc' dir='ltr'>Καὶ</span> <span class='ocrx_word' id='word_1_132' title='bbox 1106 1604 1362 1658; x_wconf 78' lang='grc' dir='ltr'>ἐκάλεσε</span> <span class='ocrx_word' id='word_1_133' title='bbox 1393 1605 1460 1658; x_wconf 81' lang='grc' dir='ltr'>τὸ</span> <span class='ocrx_word' id='word_1_134' title='bbox 1493 1607 1679 1674; x_wconf 81' lang='grc' dir='ltr'>ὄνομα</span> <span class='ocrx_word' id='word_1_135' title='bbox 1697 1605 1883 1660; x_wconf 81' lang='grc' dir='ltr'>αὐτοῦ</span> <span class='ocrx_word' id='word_1_136' title='bbox 1915 1607 2065 1659; x_wconf 89' lang='grc' dir='ltr'>Ἰσα-</span> 
     </span>
    </p>
   </div>
   <div class='ocr_carea' id='block_1_18' title="bbox 478 1686 2064 1759">
    <p class='ocr_par' dir='ltr' id='par_1_18' title="bbox 478 1686 2064 1759">
     <span class='ocr_line' id='line_1_18' title="bbox 478 1686 2064 1759; baseline -0.002 -17"><span class='ocrx_word' id='word_1_137' title='bbox 478 1691 616 1759; x_wconf 83' lang='grc' dir='ltr'>χὰρ,</span> <span class='ocrx_word' id='word_1_138' title='bbox 641 1689 674 1741; x_wconf 87' lang='grc' dir='ltr'><strong><em>ὅ</em></strong></span> <span class='ocrx_word' id='word_1_139' title='bbox 709 1690 838 1742; x_wconf 80' lang='grc' dir='ltr'>ἐστι</span> <span class='ocrx_word' id='word_1_140' title='bbox 869 1688 1106 1755; x_wconf 81' lang='grc' dir='ltr'>μισθός.</span> <span class='ocrx_word' id='word_1_141' title='bbox 1126 1687 1479 1752; x_wconf 75' lang='grc' dir='ltr'>Ἐπήκουσε,</span> <span class='ocrx_word' id='word_1_142' title='bbox 1501 1689 1686 1758; x_wconf 79' lang='grc' dir='ltr'>φησὶν,</span> <span class='ocrx_word' id='word_1_143' title='bbox 1707 1690 1740 1740; x_wconf 84' lang='grc' dir='ltr'>ό</span> <span class='ocrx_word' id='word_1_144' title='bbox 1775 1687 1915 1752; x_wconf 81' lang='grc' dir='ltr'><em>Θεὸς</em></span> <span class='ocrx_word' id='word_1_145' title='bbox 1955 1686 2064 1754; x_wconf 81' lang='grc' dir='ltr'>τῆς</span> 
     </span>
    </p>
   </div>
   <div class='ocr_carea' id='block_1_19' title="bbox 479 1761 2062 1843">
    <p class='ocr_par' dir='ltr' id='par_1_19' title="bbox 479 1761 2062 1843">
     <span class='ocr_line' id='line_1_19' title="bbox 479 1761 2062 1843; baseline 0 -17"><span class='ocrx_word' id='word_1_146' title='bbox 479 1773 680 1838; x_wconf 84' lang='grc' dir='ltr'>Λείας.</span> <span class='ocrx_word' id='word_1_147' title='bbox 709 1772 922 1840; x_wconf 79' lang='grc' dir='ltr'>Ἐπειδὴ</span> <span class='ocrx_word' id='word_1_148' title='bbox 945 1769 1092 1841; x_wconf 83' lang='grc' dir='ltr'>ἐώρα</span> <span class='ocrx_word' id='word_1_149' title='bbox 1111 1771 1418 1824; x_wconf 84' lang='grc' dir='ltr'>κατὼδυνον</span> <span class='ocrx_word' id='word_1_150' title='bbox 1438 1772 1605 1843; x_wconf 83' lang='grc' dir='ltr'>αὐτὴν</span> <span class='ocrx_word' id='word_1_151' title='bbox 1625 1761 1788 1826; x_wconf 75' lang='grc' dir='ltr'>οὖσαν</span> <span class='ocrx_word' id='word_1_152' title='bbox 1809 1773 1902 1825; x_wconf 71' lang='grc' dir='ltr'>καὶ</span> <span class='ocrx_word' id='word_1_153' title='bbox 1921 1789 2062 1840; x_wconf 79' lang='grc' dir='ltr'>παρ-</span> 
     </span>
    </p>
   </div>
   <div class='ocr_carea' id='block_1_20' title="bbox 480 1855 2060 1926">
    <p class='ocr_par' dir='ltr' id='par_1_20' title="bbox 480 1855 2060 1926">
     <span class='ocr_line' id='line_1_20' title="bbox 480 1855 2060 1926; baseline -0.001 -17"><span class='ocrx_word' id='word_1_154' title='bbox 480 1855 957 1926; x_wconf 86' lang='grc' dir='ltr'>ευδοκιμουμένην,</span> <span class='ocrx_word' id='word_1_155' title='bbox 980 1855 1282 1924; x_wconf 81' lang='grc' dir='ltr'>ἐπήκουσεν</span> <span class='ocrx_word' id='word_1_156' title='bbox 1319 1855 1486 1924; x_wconf 79' lang='grc' dir='ltr'>αὐτῆς</span> <span class='ocrx_word' id='word_1_157' title='bbox 1525 1856 1554 1906; x_wconf 88' lang='grc' dir='ltr'>ὁ</span> <span class='ocrx_word' id='word_1_158' title='bbox 1589 1855 1742 1918; x_wconf 81' lang='grc' dir='ltr'>Θεὸς,</span> <span class='ocrx_word' id='word_1_159' title='bbox 1773 1855 1870 1908; x_wconf 71' lang='grc' dir='ltr'>καὶ</span> <span class='ocrx_word' id='word_1_160' title='bbox 1907 1855 2060 1908; x_wconf 81' lang='grc' dir='ltr'>ἔτεκε</span> 
     </span>
    </p>
   </div>
   <div class='ocr_carea' id='block_1_21' title="bbox 479 1930 2062 2009">
    <p class='ocr_par' dir='ltr' id='par_1_21' title="bbox 479 1930 2062 2009">
     <span class='ocr_line' id='line_1_21' title="bbox 479 1930 2062 2009; baseline 0 -19"><span class='ocrx_word' id='word_1_161' title='bbox 479 1939 574 1991; x_wconf 77' lang='grc' dir='ltr'>καὶ</span> <span class='ocrx_word' id='word_1_162' title='bbox 595 1933 765 1990; x_wconf 74' lang='grc' dir='ltr'>εἶπενο</span> <span class='ocrx_word' id='word_1_163' title='bbox 785 1937 1156 2006; x_wconf 84' lang='grc' dir='ltr'>Ἐκομισάμην</span> <span class='ocrx_word' id='word_1_164' title='bbox 1180 1937 1367 2008; x_wconf 86' lang='grc' dir='ltr'>μισθὸν</span> <span class='ocrx_word' id='word_1_165' title='bbox 1390 1938 1528 2007; x_wconf 81' lang='grc' dir='ltr'>ὑπὲρ</span> <span class='ocrx_word' id='word_1_166' title='bbox 1543 1930 1618 1990; x_wconf 81' lang='grc' dir='ltr'>ὧν</span> <span class='ocrx_word' id='word_1_167' title='bbox 1637 1937 1814 1990; x_wconf 80' lang='grc' dir='ltr'>ἔδωκα</span> <span class='ocrx_word' id='word_1_168' title='bbox 1826 1938 1926 2009; x_wconf 81' lang='grc' dir='ltr'>τὴν</span> <span class='ocrx_word' id='word_1_169' title='bbox 1945 1955 2062 1992; x_wconf 86' lang='grc' dir='ltr'>παι-</span> 
     </span>
    </p>
   </div>
   <div class='ocr_carea' id='block_1_22' title="bbox 481 2019 2061 2090">
    <p class='ocr_par' dir='ltr' id='par_1_22' title="bbox 481 2019 2061 2090">
     <span class='ocr_line' id='line_1_22' title="bbox 481 2019 2061 2090; baseline 0 -18"><span class='ocrx_word' id='word_1_170' title='bbox 481 2020 670 2089; x_wconf 84' lang='grc' dir='ltr'>δίσκην</span> <span class='ocrx_word' id='word_1_171' title='bbox 711 2036 832 2090; x_wconf 87' lang='grc' dir='ltr'>μου.</span> <span class='ocrx_word' id='word_1_172' title='bbox 855 2020 952 2072; x_wconf 81' lang='grc' dir='ltr'>Διά</span> <span class='ocrx_word' id='word_1_173' title='bbox 993 2019 1146 2072; x_wconf 86' lang='grc' dir='ltr'>τοῦτο</span> <span class='ocrx_word' id='word_1_174' title='bbox 1185 2019 1441 2073; x_wconf 78' lang='grc' dir='ltr'>ἐκάλεσεν</span> <span class='ocrx_word' id='word_1_175' title='bbox 1477 2019 1640 2072; x_wconf 83' lang='grc' dir='ltr'>αὐτὸν</span> <span class='ocrx_word' id='word_1_176' title='bbox 1671 2020 1908 2090; x_wconf 84' lang='grc' dir='ltr'>Ἰσαχάρ.</span> <span class='ocrx_word' id='word_1_177' title='bbox 1951 2020 2061 2074; x_wconf 81' lang='grc' dir='ltr'>Καὶ</span> 
     </span>
    </p>
   </div>
   <div class='ocr_carea' id='block_1_23' title="bbox 479 2100 2061 2166">
    <p class='ocr_par' dir='ltr' id='par_1_23' title="bbox 479 2100 2061 2166">
     <span class='ocr_line' id='line_1_23' title="bbox 479 2100 2061 2166; baseline 0.001 -10"><span class='ocrx_word' id='word_1_178' title='bbox 479 2103 817 2156; x_wconf 75' lang='grc' dir='ltr'>συνέλαϐεν</span> <span class='ocrx_word' id='word_1_179' title='bbox 851 2103 970 2166; x_wconf 78' lang='grc' dir='ltr'>ἔτι,</span> <span class='ocrx_word' id='word_1_180' title='bbox 1009 2103 1108 2156; x_wconf 81' lang='grc' dir='ltr'>καὶ</span> <span class='ocrx_word' id='word_1_181' title='bbox 1145 2103 1350 2156; x_wconf 72' lang='grc' dir='ltr'>ἔτεκεν</span> <span class='ocrx_word' id='word_1_182' title='bbox 1383 2103 1519 2156; x_wconf 77' lang='grc' dir='ltr'>υἱὸν</span> <span class='ocrx_word' id='word_1_183' title='bbox 1552 2102 1748 2158; x_wconf 80' lang='grc' dir='ltr'>ἕκτον.</span> <span class='ocrx_word' id='word_1_184' title='bbox 1787 2103 1896 2158; x_wconf 86' lang='lat' dir='ltr'>Kal</span> <span class='ocrx_word' id='word_1_185' title='bbox 1931 2100 2061 2158; x_wconf 80' lang='grc' dir='ltr'>εἷπε</span> 
     </span>
    </p>
   </div>
   <div class='ocr_carea' id='block_1_24' title="bbox 479 2183 2061 2252">
    <p class='ocr_par' dir='ltr' id='par_1_24' title="bbox 479 2183 2061 2252">
     <span class='ocr_line' id='line_1_24' title="bbox 479 2183 2061 2252; baseline 0.001 -14"><span class='ocrx_word' id='word_1_186' title='bbox 479 2185 624 2238; x_wconf 80' lang='grc' dir='ltr'><em>Λεία</em></span> <span class='ocrx_word' id='word_1_187' title='bbox 640 2200 654 2214; x_wconf 90' lang='grc'><strong>·</strong></span> <span class='ocrx_word' id='word_1_188' title='bbox 693 2183 1023 2252; x_wconf 81' lang='grc' dir='ltr'>Δεδώρηταί</span> <span class='ocrx_word' id='word_1_189' title='bbox 1051 2202 1155 2252; x_wconf 80' lang='grc' dir='ltr'>μοι</span> <span class='ocrx_word' id='word_1_190' title='bbox 1193 2188 1226 2239; x_wconf 87' lang='grc' dir='ltr'><em>ὁ</em></span> <span class='ocrx_word' id='word_1_191' title='bbox 1258 2188 1401 2251; x_wconf 87' lang='grc' dir='ltr'><em>Θεὸς</em></span> <span class='ocrx_word' id='word_1_192' title='bbox 1421 2184 1612 2252; x_wconf 84' lang='grc' dir='ltr'>δῶρον</span> <span class='ocrx_word' id='word_1_193' title='bbox 1631 2186 1840 2239; x_wconf 82' lang='grc' dir='ltr'>καλόν.</span> <span class='ocrx_word' id='word_1_194' title='bbox 1859 2187 1961 2240; x_wconf 87' lang='grc' dir='ltr'><em>Ἐν</em></span> <span class='ocrx_word' id='word_1_195' title='bbox 1983 2187 2061 2252; x_wconf 86' lang='grc' dir='ltr'>τῷ</span> 
     </span>
    </p>
   </div>
   <div class='ocr_carea' id='block_1_25' title="bbox 479 2264 2060 2336">
    <p class='ocr_par' dir='ltr' id='par_1_25' title="bbox 479 2264 2060 2336">
     <span class='ocr_line' id='line_1_25' title="bbox 479 2264 2060 2336; baseline 0.002 -17"><span class='ocrx_word' id='word_1_196' title='bbox 479 2264 598 2320; x_wconf 82' lang='grc' dir='ltr'>νῦν</span> <span class='ocrx_word' id='word_1_197' title='bbox 615 2264 796 2332; x_wconf 79' lang='grc' dir='ltr'>καιρῷ</span> <span class='ocrx_word' id='word_1_198' title='bbox 814 2266 1054 2332; x_wconf 82' lang='grc' dir='ltr'>αἱρετιεῖ</span> <span class='ocrx_word' id='word_1_199' title='bbox 1061 2283 1138 2334; x_wconf 85' lang='grc' dir='ltr'>με</span> <span class='ocrx_word' id='word_1_200' title='bbox 1158 2270 1191 2320; x_wconf 87' lang='grc' dir='ltr'>ό</span> <span class='ocrx_word' id='word_1_201' title='bbox 1209 2267 1364 2334; x_wconf 82' lang='grc' dir='ltr'>ἀνήρ</span> <span class='ocrx_word' id='word_1_202' title='bbox 1378 2283 1498 2336; x_wconf 84' lang='grc' dir='ltr'>μου</span> <span class='ocrx_word' id='word_1_203' title='bbox 1515 2284 1525 2296; x_wconf 92' lang='grc'><strong>·</strong></span> <span class='ocrx_word' id='word_1_204' title='bbox 1543 2267 1754 2320; x_wconf 79' lang='grc' dir='ltr'><em>τέτοκα</em></span> <span class='ocrx_word' id='word_1_205' title='bbox 1771 2268 1881 2336; x_wconf 71' lang='grc' dir='ltr'>γὰρ</span> <span class='ocrx_word' id='word_1_206' title='bbox 1900 2268 2060 2334; x_wconf 87' lang='grc' dir='ltr'>αὐτῷ</span> 
     </span>
    </p>
   </div>
   <div class='ocr_carea' id='block_1_26' title="bbox 480 2347 2056 2417">
    <p class='ocr_par' dir='ltr' id='par_1_26' title="bbox 480 2347 2056 2417">
     <span class='ocr_line' id='line_1_26' title="bbox 480 2347 2056 2417; baseline 0 -15"><span class='ocrx_word' id='word_1_207' title='bbox 480 2349 650 2414; x_wconf 73' lang='grc' dir='ltr'><em>υἱοὺς</em></span> <span class='ocrx_word' id='word_1_208' title='bbox 682 2347 770 2412; x_wconf 76' lang='grc' dir='ltr'>ἐξ.</span> <span class='ocrx_word' id='word_1_209' title='bbox 794 2349 901 2400; x_wconf 87' lang='lat' dir='ltr'><em>Kal</em></span> <span class='ocrx_word' id='word_1_210' title='bbox 934 2347 1192 2402; x_wconf 80' lang='grc' dir='ltr'>ἐκάλεσε</span> <span class='ocrx_word' id='word_1_211' title='bbox 1220 2349 1286 2400; x_wconf 85' lang='grc' dir='ltr'>τὸ</span> <span class='ocrx_word' id='word_1_212' title='bbox 1306 2350 1494 2417; x_wconf 83' lang='grc' dir='ltr'>ὄνομα</span> <span class='ocrx_word' id='word_1_213' title='bbox 1513 2349 1699 2402; x_wconf 83' lang='grc' dir='ltr'>αὐτοῦ</span> <span class='ocrx_word' id='word_1_214' title='bbox 1719 2349 2056 2404; x_wconf 78' lang='grc' dir='ltr'>Ζαϐουλὼν.</span> 
     </span>
    </p>
   </div>
   <div class='ocr_carea' id='block_1_27' title="bbox 480 2429 2056 2502">
    <p class='ocr_par' dir='ltr' id='par_1_27' title="bbox 480 2429 2056 2502">
     <span class='ocr_line' id='line_1_27' title="bbox 480 2429 2056 2502; baseline 0 -19"><span class='ocrx_word' id='word_1_215' title='bbox 480 2429 704 2492; x_wconf 82' lang='grc' dir='ltr'>Λοιπὸν,</span> <span class='ocrx_word' id='word_1_216' title='bbox 746 2431 929 2498; x_wconf 76' lang='grc' dir='ltr'>φησὶν,</span> <span class='ocrx_word' id='word_1_217' title='bbox 969 2430 1267 2500; x_wconf 86' lang='grc' dir='ltr'>ἐπέραστος</span> <span class='ocrx_word' id='word_1_218' title='bbox 1305 2430 1497 2498; x_wconf 83' lang='grc' dir='ltr'>ἔσομαι</span> <span class='ocrx_word' id='word_1_219' title='bbox 1535 2429 1691 2498; x_wconf 87' lang='grc' dir='ltr'>κάγὼ</span> <span class='ocrx_word' id='word_1_220' title='bbox 1728 2431 1880 2500; x_wconf 87' lang='grc' dir='ltr'>ἀνδρί</span> <span class='ocrx_word' id='word_1_221' title='bbox 1921 2448 2020 2502; x_wconf 88' lang='grc' dir='ltr'>μου</span> <span class='ocrx_word' id='word_1_222' title='bbox 2043 2447 2056 2460; x_wconf 89' lang='grc'><strong>·</strong></span> 
     </span>
    </p>
   </div>
   <div class='ocr_carea' id='block_1_28' title="bbox 481 2511 2058 2583">
    <p class='ocr_par' dir='ltr' id='par_1_28' title="bbox 481 2511 2058 2583">
     <span class='ocr_line' id='line_1_28' title="bbox 481 2511 2058 2583; baseline 0.001 -19"><span class='ocrx_word' id='word_1_223' title='bbox 481 2513 666 2566; x_wconf 75' lang='grc' dir='ltr'>ἔτεκον</span> <span class='ocrx_word' id='word_1_224' title='bbox 686 2512 794 2580; x_wconf 84' lang='grc' dir='ltr'>γὰρ</span> <span class='ocrx_word' id='word_1_225' title='bbox 815 2513 872 2578; x_wconf 79' lang='grc' dir='ltr'>ἐξ</span> <span class='ocrx_word' id='word_1_226' title='bbox 894 2511 1060 2574; x_wconf 82' lang='grc' dir='ltr'>υἱούς.</span> <span class='ocrx_word' id='word_1_227' title='bbox 1084 2511 1180 2563; x_wconf 84' lang='grc' dir='ltr'>Διά</span> <span class='ocrx_word' id='word_1_228' title='bbox 1199 2512 1355 2564; x_wconf 89' lang='grc' dir='ltr'>τοῦτο</span> <span class='ocrx_word' id='word_1_229' title='bbox 1375 2512 1599 2565; x_wconf 86' lang='grc' dir='ltr'>ἐκάλεσε</span> <span class='ocrx_word' id='word_1_230' title='bbox 1617 2513 1676 2564; x_wconf 84' lang='grc' dir='ltr'>τὸ</span> <span class='ocrx_word' id='word_1_231' title='bbox 1696 2513 1862 2583; x_wconf 80' lang='grc' dir='ltr'>ὄνομα</span> <span class='ocrx_word' id='word_1_232' title='bbox 1895 2511 2058 2568; x_wconf 85' lang='grc' dir='ltr'>αὐτοῦ</span> 
     </span>
    </p>
   </div>
   <div class='ocr_carea' id='block_1_29' title="bbox 482 2593 2060 2662">
    <p class='ocr_par' dir='ltr' id='par_1_29' title="bbox 482 2593 2060 2662">
     <span class='ocr_line' id='line_1_29' title="bbox 482 2593 2060 2662; baseline 0.001 -13"><span class='ocrx_word' id='word_1_233' title='bbox 482 2595 1007 2650; x_wconf 82' lang='grc' dir='ltr'>Ζαϐουλὼν.”Ετεκε</span> <span class='ocrx_word' id='word_1_234' title='bbox 1033 2594 1101 2647; x_wconf 83' lang='grc' dir='ltr'>δὲ</span> <span class='ocrx_word' id='word_1_235' title='bbox 1131 2595 1227 2648; x_wconf 75' lang='grc' dir='ltr'>καί</span> <span class='ocrx_word' id='word_1_236' title='bbox 1263 2593 1574 2662; x_wconf 50' lang='grc' dir='ltr'>θυγατέρα,</span> <span class='ocrx_word' id='word_1_237' title='bbox 1597 2596 1693 2648; x_wconf 80' lang='grc' dir='ltr'><em>καὶ</em></span> <span class='ocrx_word' id='word_1_238' title='bbox 1713 2597 1972 2650; x_wconf 74' lang='grc' dir='ltr'>ἐκάλεσε</span> <span class='ocrx_word' id='word_1_239' title='bbox 1993 2597 2060 2650; x_wconf 85' lang='grc' dir='ltr'>τὸ</span> 
     </span>
    </p>
   </div>
   <div class='ocr_carea' id='block_1_30' title="bbox 483 2675 2062 2749">
    <p class='ocr_par' dir='ltr' id='par_1_30' title="bbox 483 2675 2062 2749">
     <span class='ocr_line' id='line_1_30' title="bbox 483 2675 2062 2749; baseline 0.001 -19"><span class='ocrx_word' id='word_1_240' title='bbox 483 2677 672 2742; x_wconf 84' lang='grc' dir='ltr'>ὄνομα</span> <span class='ocrx_word' id='word_1_241' title='bbox 693 2675 880 2744; x_wconf 82' lang='grc' dir='ltr'>αὐτῆς</span> <span class='ocrx_word' id='word_1_242' title='bbox 897 2677 1088 2732; x_wconf 85' lang='grc' dir='ltr'>Δεῖνα.</span> <span class='ocrx_word' id='word_1_243' title='bbox 1107 2675 1408 2744; x_wconf 77' lang='grc' dir='ltr'>Ἐμνήσθη</span> <span class='ocrx_word' id='word_1_244' title='bbox 1429 2677 1496 2728; x_wconf 84' lang='grc' dir='ltr'>δὲ</span> <span class='ocrx_word' id='word_1_245' title='bbox 1523 2680 1556 2730; x_wconf 88' lang='grc' dir='ltr'><em>ὁ</em></span> <span class='ocrx_word' id='word_1_246' title='bbox 1592 2677 1752 2742; x_wconf 82' lang='grc' dir='ltr'><em>Θεὸς,</em></span> <span class='ocrx_word' id='word_1_247' title='bbox 1778 2679 1929 2748; x_wconf 77' lang='grc' dir='ltr'>φησὶ,</span> <span class='ocrx_word' id='word_1_248' title='bbox 1951 2679 2062 2749; x_wconf 80' lang='grc' dir='ltr'>τῆς</span> 
     </span>
    </p>
   </div>
   <div class='ocr_carea' id='block_1_31' title="bbox 495 2757 2062 2830">
    <p class='ocr_par' dir='ltr' id='par_1_31' title="bbox 495 2757 2062 2830">
     <span class='ocr_line' id='line_1_31' title="bbox 495 2757 2062 2830; baseline 0.003 -18"><span class='ocrx_word' id='word_1_249' title='bbox 495 2760 744 2828; x_wconf 75' lang='grc' dir='ltr'>Ῥαχὴλ,</span> <span class='ocrx_word' id='word_1_250' title='bbox 765 2759 864 2812; x_wconf 86' lang='grc' dir='ltr'>καί</span> <span class='ocrx_word' id='word_1_251' title='bbox 896 2758 1242 2824; x_wconf 77' lang='grc' dir='ltr'>ἐπήκουσεν</span> <span class='ocrx_word' id='word_1_252' title='bbox 1261 2757 1466 2825; x_wconf 80' lang='grc' dir='ltr'>αὐτῆς,</span> <span class='ocrx_word' id='word_1_253' title='bbox 1492 2760 1588 2812; x_wconf 81' lang='grc' dir='ltr'>καὶ</span> <span class='ocrx_word' id='word_1_254' title='bbox 1609 2760 1852 2826; x_wconf 81' lang='grc' dir='ltr'>ἤνοιξεν</span> <span class='ocrx_word' id='word_1_255' title='bbox 1871 2763 2062 2830; x_wconf 83' lang='grc' dir='ltr'>αὐτῆς</span> 
     </span>
    </p>
   </div>
   <div class='ocr_carea' id='block_1_32' title="bbox 481 2840 2066 2910">
    <p class='ocr_par' dir='ltr' id='par_1_32' title="bbox 481 2840 2066 2910">
     <span class='ocr_line' id='line_1_32' title="bbox 481 2840 2066 2910; baseline 0.003 -15"><span class='ocrx_word' id='word_1_256' title='bbox 481 2842 598 2910; x_wconf 76' lang='grc' dir='ltr'>τὴν</span> <span class='ocrx_word' id='word_1_257' title='bbox 634 2843 884 2910; x_wconf 80' lang='grc' dir='ltr'>μήτραν.</span> <span class='ocrx_word' id='word_1_258' title='bbox 919 2841 1026 2894; x_wconf 86' lang='lat' dir='ltr'><em>Kal</em></span> <span class='ocrx_word' id='word_1_259' title='bbox 1063 2840 1378 2902; x_wconf 73' lang='grc' dir='ltr'>συνέλαϐε,</span> <span class='ocrx_word' id='word_1_260' title='bbox 1415 2842 1512 2894; x_wconf 85' lang='grc' dir='ltr'>καὶ</span> <span class='ocrx_word' id='word_1_261' title='bbox 1548 2841 1714 2896; x_wconf 75' lang='grc' dir='ltr'>ἔτεκε</span> <span class='ocrx_word' id='word_1_262' title='bbox 1747 2843 1825 2909; x_wconf 81' lang='grc' dir='ltr'>τῷ</span> <span class='ocrx_word' id='word_1_263' title='bbox 1858 2846 2066 2900; x_wconf 80' lang='grc' dir='ltr'>Ἰακὼϐ</span> 
     </span>
    </p>
   </div>
   <div class='ocr_carea' id='block_1_33' title="bbox 481 2923 2062 2993">
    <p class='ocr_par' dir='ltr' id='par_1_33' title="bbox 481 2923 2062 2993">
     <span class='ocr_line' id='line_1_33' title="bbox 481 2923 2062 2993; baseline 0 -12"><span class='ocrx_word' id='word_1_264' title='bbox 481 2929 635 2982; x_wconf 77' lang='grc' dir='ltr'>υἱόν.</span> <span class='ocrx_word' id='word_1_265' title='bbox 660 2927 806 2980; x_wconf 60' lang='lat' dir='ltr'>Eine</span> <span class='ocrx_word' id='word_1_266' title='bbox 823 2923 892 2976; x_wconf 74' lang='grc' dir='ltr'>δὲ</span> <span class='ocrx_word' id='word_1_267' title='bbox 923 2923 1146 2990; x_wconf 72' lang='grc' dir='ltr'><em>Ῥαχὴλ</em></span> <span class='ocrx_word' id='word_1_268' title='bbox 1167 2941 1180 2956; x_wconf 93' lang='grc'><strong>·</strong></span> <span class='ocrx_word' id='word_1_269' title='bbox 1217 2924 1441 2992; x_wconf 68' lang='grc' dir='ltr'>Ἀφεῒλέ</span> <span class='ocrx_word' id='word_1_270' title='bbox 1471 2942 1588 2993; x_wconf 83' lang='grc' dir='ltr'>μου</span> <span class='ocrx_word' id='word_1_271' title='bbox 1609 2929 1642 2978; x_wconf 85' lang='grc' dir='ltr'>ό</span> <span class='ocrx_word' id='word_1_272' title='bbox 1663 2926 1806 2992; x_wconf 85' lang='grc' dir='ltr'><em>Θεὸς</em></span> <span class='ocrx_word' id='word_1_273' title='bbox 1824 2927 1890 2981; x_wconf 84' lang='grc' dir='ltr'>τὸ</span> <span class='ocrx_word' id='word_1_274' title='bbox 1913 2927 2062 2982; x_wconf 81' lang='grc' dir='ltr'>ὄνει-</span> 
     </span>
    </p>
   </div>
   <div class='ocr_carea' id='block_1_34' title="bbox 481 3005 2059 3079">
    <p class='ocr_par' dir='ltr' id='par_1_34' title="bbox 481 3005 2059 3079">
     <span class='ocr_line' id='line_1_34' title="bbox 481 3005 2059 3079; baseline 0.003 -20"><span class='ocrx_word' id='word_1_275' title='bbox 481 3006 608 3072; x_wconf 80' lang='grc' dir='ltr'>δος.</span> <span class='ocrx_word' id='word_1_276' title='bbox 632 3005 738 3058; x_wconf 85' lang='lat' dir='ltr'><em>Kal</em></span> <span class='ocrx_word' id='word_1_277' title='bbox 760 3005 1018 3060; x_wconf 82' lang='grc' dir='ltr'><em>ἐκάλεσε</em></span> <span class='ocrx_word' id='word_1_278' title='bbox 1057 3007 1123 3060; x_wconf 84' lang='grc' dir='ltr'>τὸ</span> <span class='ocrx_word' id='word_1_279' title='bbox 1157 3007 1344 3075; x_wconf 80' lang='grc' dir='ltr'>ὄνομα</span> <span class='ocrx_word' id='word_1_280' title='bbox 1373 3008 1558 3061; x_wconf 78' lang='grc' dir='ltr'>αὐτοῦ</span> <span class='ocrx_word' id='word_1_281' title='bbox 1592 3008 1822 3076; x_wconf 71' lang='grc' dir='ltr'>Ἰωσὴφ,</span> <span class='ocrx_word' id='word_1_282' title='bbox 1845 3009 2059 3079; x_wconf 78' lang='grc' dir='ltr'>λέγου-</span> 
     </span>
    </p>
   </div>
   <div class='ocr_carea' id='block_1_35' title="bbox 483 3085 2059 3159">
    <p class='ocr_par' dir='ltr' id='par_1_35' title="bbox 483 3085 2059 3159">
     <span class='ocr_line' id='line_1_35' title="bbox 483 3085 2059 3159; baseline 0.003 -19"><span class='ocrx_word' id='word_1_283' title='bbox 483 3101 566 3140; x_wconf 83' lang='grc' dir='ltr'><em>σα</em></span> <span class='ocrx_word' id='word_1_284' title='bbox 580 3103 592 3116; x_wconf 91' lang='grc'><strong>·</strong></span> <span class='ocrx_word' id='word_1_285' title='bbox 613 3085 940 3154; x_wconf 79' lang='grc' dir='ltr'>Προσέθετό</span> <span class='ocrx_word' id='word_1_286' title='bbox 955 3104 1056 3154; x_wconf 82' lang='grc' dir='ltr'>μοι</span> <span class='ocrx_word' id='word_1_287' title='bbox 1075 3090 1108 3140; x_wconf 84' lang='grc' dir='ltr'><em>ὁ</em></span> <span class='ocrx_word' id='word_1_288' title='bbox 1130 3088 1273 3154; x_wconf 83' lang='grc' dir='ltr'><em>Θεὸς</em></span> <span class='ocrx_word' id='word_1_289' title='bbox 1293 3087 1426 3142; x_wconf 82' lang='grc' dir='ltr'>υἱὸν</span> <span class='ocrx_word' id='word_1_290' title='bbox 1442 3089 1663 3157; x_wconf 76' lang='grc' dir='ltr'>ἕτερον.</span> <span class='ocrx_word' id='word_1_291' title='bbox 1684 3090 1732 3144; x_wconf 74' lang='grc' dir='ltr'>Ἀ</span> <span class='ocrx_word' id='word_1_292' title='bbox 1737 3090 1908 3158; x_wconf 67' lang='grc' dir='ltr'>φεῖλέ</span> <span class='ocrx_word' id='word_1_293' title='bbox 1915 3110 2059 3159; x_wconf 83' lang='grc' dir='ltr'>μου,</span> 
     </span>
    </p>
   </div>
   <div class='ocr_carea' id='block_1_36' title="bbox 483 3167 2058 3244">
    <p class='ocr_par' dir='ltr' id='par_1_36' title="bbox 483 3167 2058 3244">
     <span class='ocr_line' id='line_1_36' title="bbox 483 3167 2058 3244; baseline 0.004 -24"><span class='ocrx_word' id='word_1_294' title='bbox 483 3170 668 3239; x_wconf 79' lang='grc' dir='ltr'>φησὶν.</span> <span class='ocrx_word' id='word_1_295' title='bbox 689 3172 720 3221; x_wconf 86' lang='grc' dir='ltr'>ό</span> <span class='ocrx_word' id='word_1_296' title='bbox 750 3170 892 3234; x_wconf 76' lang='grc' dir='ltr'><em>Θεὸς</em></span> <span class='ocrx_word' id='word_1_297' title='bbox 913 3167 977 3221; x_wconf 86' lang='grc' dir='ltr'>τὸ</span> <span class='ocrx_word' id='word_1_298' title='bbox 1001 3169 1230 3234; x_wconf 77' lang='grc' dir='ltr'>ὄνειδος</span> <span class='ocrx_word' id='word_1_299' title='bbox 1245 3187 1258 3200; x_wconf 92' lang='grc'><strong>·</strong></span> <span class='ocrx_word' id='word_1_300' title='bbox 1285 3171 1440 3222; x_wconf 77' lang='grc' dir='ltr'>ἔλυσε</span> <span class='ocrx_word' id='word_1_301' title='bbox 1462 3173 1558 3241; x_wconf 85' lang='grc' dir='ltr'>τὴν</span> <span class='ocrx_word' id='word_1_302' title='bbox 1579 3173 1882 3242; x_wconf 87' lang='grc' dir='ltr'>στείρωσιν,</span> 
     </span>
    </p>
   </div>
   <div class='ocr_carea' id='block_1_37' title="bbox 484 3252 2061 3328">
    <p class='ocr_par' dir='ltr' id='par_1_37' title="bbox 484 3252 2061 3328">
     <span class='ocr_line' id='line_1_37' title="bbox 484 3252 2061 3328; baseline 0.003 -22"><span class='ocrx_word' id='word_1_303' title='bbox 484 3252 818 3321; x_wconf 76' lang='grc' dir='ltr'>κατηλλάγη,</span> <span class='ocrx_word' id='word_1_304' title='bbox 843 3253 934 3304; x_wconf 73' lang='grc' dir='ltr'>καὶ</span> <span class='ocrx_word' id='word_1_305' title='bbox 953 3253 1192 3323; x_wconf 85' lang='grc' dir='ltr'>διήγειρέ</span> <span class='ocrx_word' id='word_1_306' title='bbox 1214 3270 1314 3322; x_wconf 90' lang='grc' dir='ltr'>μου</span> <span class='ocrx_word' id='word_1_307' title='bbox 1335 3257 1470 3323; x_wconf 88' lang='grc' dir='ltr'>πρὸς</span> <span class='ocrx_word' id='word_1_308' title='bbox 1492 3255 1830 3308; x_wconf 63' lang='grc' dir='ltr'>παιδοποιίαν</span> <span class='ocrx_word' id='word_1_309' title='bbox 1845 3257 1941 3326; x_wconf 86' lang='grc' dir='ltr'>τὴν</span> <span class='ocrx_word' id='word_1_310' title='bbox 1965 3259 2061 3328; x_wconf 84' lang='grc' dir='ltr'>μή·</span> 
     </span>
    </p>
   </div>
   <div class='ocr_carea' id='block_1_38' title="bbox 483 3331 2058 3405">
    <p class='ocr_par' dir='ltr' id='par_1_38' title="bbox 483 3331 2058 3405">
     <span class='ocr_line' id='line_1_38' title="bbox 483 3331 2058 3405; baseline 0.003 -19"><span class='ocrx_word' id='word_1_311' title='bbox 483 3351 638 3403; x_wconf 88' lang='grc' dir='ltr'>τραν,</span> <span class='ocrx_word' id='word_1_312' title='bbox 658 3335 752 3387; x_wconf 73' lang='grc' dir='ltr'>καὶ</span> <span class='ocrx_word' id='word_1_313' title='bbox 771 3331 1110 3402; x_wconf 77' lang='grc' dir='ltr'>ἡλευθέρωσέ</span> <span class='ocrx_word' id='word_1_314' title='bbox 1133 3350 1198 3402; x_wconf 88' lang='grc' dir='ltr'>με</span> <span class='ocrx_word' id='word_1_315' title='bbox 1219 3333 1310 3386; x_wconf 88' lang='grc' dir='ltr'>τοῦ</span> <span class='ocrx_word' id='word_1_316' title='bbox 1332 3334 1655 3405; x_wconf 83' lang='grc' dir='ltr'>ὀνειδισμοῦ.</span> <span class='ocrx_word' id='word_1_317' title='bbox 1677 3337 1786 3390; x_wconf 84' lang='lat' dir='ltr'>Kal</span> <span class='ocrx_word' id='word_1_318' title='bbox 1804 3337 2058 3391; x_wconf 81' lang='grc' dir='ltr'><em>ἐκάλεσε</em></span> 
     </span>
    </p>
   </div>
   <div class='ocr_carea' id='block_1_39' title="bbox 482 3415 2060 3488">
    <p class='ocr_par' dir='ltr' id='par_1_39' title="bbox 482 3415 2060 3488">
     <span class='ocr_line' id='line_1_39' title="bbox 482 3415 2060 3488; baseline 0.003 -19"><span class='ocrx_word' id='word_1_319' title='bbox 482 3419 551 3469; x_wconf 79' lang='grc' dir='ltr'>τὸ</span> <span class='ocrx_word' id='word_1_320' title='bbox 581 3417 770 3484; x_wconf 83' lang='grc' dir='ltr'>ὄνομα</span> <span class='ocrx_word' id='word_1_321' title='bbox 803 3415 986 3468; x_wconf 85' lang='grc' dir='ltr'>αὐτοῦ</span> <span class='ocrx_word' id='word_1_322' title='bbox 1025 3417 1264 3483; x_wconf 66' lang='grc' dir='ltr'>Ἰωσηρ,</span> <span class='ocrx_word' id='word_1_323' title='bbox 1288 3416 1556 3485; x_wconf 74' lang='grc' dir='ltr'>,λέγουσα</span> <span class='ocrx_word' id='word_1_324' title='bbox 1572 3434 1585 3448; x_wconf 76' lang='grc'><strong><em>⁸</em></strong></span> <span class='ocrx_word' id='word_1_325' title='bbox 1609 3420 1944 3484; x_wconf 82' lang='grc' dir='ltr'>Προσέθετό</span> <span class='ocrx_word' id='word_1_326' title='bbox 1957 3439 2060 3488; x_wconf 81' lang='grc' dir='ltr'>μοι</span> 
     </span>
    </p>
   </div>
   <div class='ocr_carea' id='block_1_40' title="bbox 485 3496 2062 3573">
    <p class='ocr_par' dir='ltr' id='par_1_40' title="bbox 485 3496 2062 3573">
     <span class='ocr_line' id='line_1_40' title="bbox 485 3496 2062 3573; baseline 0.003 -23"><span class='ocrx_word' id='word_1_327' title='bbox 485 3500 519 3550; x_wconf 82' lang='grc' dir='ltr'>ό</span> <span class='ocrx_word' id='word_1_328' title='bbox 561 3499 704 3561; x_wconf 75' lang='grc' dir='ltr'><em>Θεὸς</em></span> <span class='ocrx_word' id='word_1_329' title='bbox 743 3497 878 3550; x_wconf 82' lang='grc' dir='ltr'>υίὸν</span> <span class='ocrx_word' id='word_1_330' title='bbox 915 3496 1136 3563; x_wconf 79' lang='grc' dir='ltr'>ἕτερον.</span> <span class='ocrx_word' id='word_1_331' title='bbox 1156 3497 1317 3568; x_wconf 82' lang='grc' dir='ltr'>Ὁρᾷς</span> <span class='ocrx_word' id='word_1_332' title='bbox 1349 3500 1466 3561; x_wconf 86' lang='grc' dir='ltr'>πῶς</span> <span class='ocrx_word' id='word_1_333' title='bbox 1485 3502 1540 3552; x_wconf 89' lang='grc' dir='ltr'>αἰ</span> <span class='ocrx_word' id='word_1_334' title='bbox 1561 3498 1654 3552; x_wconf 87' lang='grc' dir='ltr'>τοῦ</span> <span class='ocrx_word' id='word_1_335' title='bbox 1675 3500 1810 3552; x_wconf 82' lang='grc' dir='ltr'>Θεοῦ</span> <span class='ocrx_word' id='word_1_336' title='bbox 1833 3501 2062 3573; x_wconf 80' lang='grc' dir='ltr'>ὑποσχέ-</span> 
     </span>
    </p>
   </div>
   <div class='ocr_carea' id='block_1_41' title="bbox 489 3591 2061 3667">
    <p class='ocr_par' dir='ltr' id='par_1_41' title="bbox 489 3591 2061 3667">
     <span class='ocr_line' id='line_1_41' title="bbox 489 3591 2061 3667; baseline 0.004 -24"><span class='ocrx_word' id='word_1_337' title='bbox 489 3609 600 3656; x_wconf 83' lang='grc' dir='ltr'>σεις</span> <span class='ocrx_word' id='word_1_338' title='bbox 633 3591 772 3646; x_wconf 87' lang='grc' dir='ltr'>κατά</span> <span class='ocrx_word' id='word_1_339' title='bbox 809 3593 1001 3663; x_wconf 76' lang='grc' dir='ltr'>μικρὸν</span> <span class='ocrx_word' id='word_1_340' title='bbox 1022 3593 1100 3655; x_wconf 83' lang='grc' dir='ltr'>εἰς</span> <span class='ocrx_word' id='word_1_341' title='bbox 1120 3591 1277 3661; x_wconf 74' lang='grc' dir='ltr'>ἔργον</span> <span class='ocrx_word' id='word_1_342' title='bbox 1297 3591 1522 3663; x_wconf 80' lang='grc' dir='ltr'>ἐξῄεσαν</span> <span class='ocrx_word' id='word_1_343' title='bbox 1543 3613 1556 3661; x_wconf 91' lang='grc'>;</span> <span class='ocrx_word' id='word_1_344' title='bbox 1591 3595 1721 3648; x_wconf 77' lang='grc' dir='ltr'>Ἰδοὺ</span> <span class='ocrx_word' id='word_1_345' title='bbox 1741 3595 1848 3666; x_wconf 76' lang='grc' dir='ltr'>γὰρ</span> <span class='ocrx_word' id='word_1_346' title='bbox 1867 3597 2061 3667; x_wconf 89' lang='grc' dir='ltr'>ἀθρόον</span> 
     </span>
    </p>
   </div>
   <div class='ocr_carea' id='block_1_42' title="bbox 487 3687 2059 3761">
    <p class='ocr_par' dir='ltr' id='par_1_42' title="bbox 487 3687 2059 3761">
     <span class='ocr_line' id='line_1_42' title="bbox 487 3687 2059 3761; baseline 0.004 -21"><span class='ocrx_word' id='word_1_347' title='bbox 487 3687 667 3741; x_wconf 80' lang='grc' dir='ltr'>πόσων</span> <span class='ocrx_word' id='word_1_348' title='bbox 704 3687 908 3740; x_wconf 80' lang='grc' dir='ltr'>παίδων</span> <span class='ocrx_word' id='word_1_349' title='bbox 943 3687 1103 3757; x_wconf 79' lang='grc' dir='ltr'>χορὸν</span> <span class='ocrx_word' id='word_1_350' title='bbox 1139 3688 1168 3739; x_wconf 88' lang='grc' dir='ltr'>ὁ</span> <span class='ocrx_word' id='word_1_351' title='bbox 1203 3687 1406 3752; x_wconf 83' lang='grc' dir='ltr'>δίκαιος</span> <span class='ocrx_word' id='word_1_352' title='bbox 1446 3688 1568 3759; x_wconf 75' lang='grc' dir='ltr'>ἔσχε</span> <span class='ocrx_word' id='word_1_353' title='bbox 1589 3691 1675 3744; x_wconf 82' lang='grc' dir='ltr'>διὰ</span> <span class='ocrx_word' id='word_1_354' title='bbox 1695 3691 1903 3761; x_wconf 83' lang='grc' dir='ltr'>τὴντοῦ</span> <span class='ocrx_word' id='word_1_355' title='bbox 1926 3693 2059 3746; x_wconf 83' lang='grc' dir='ltr'>Θεοῦ</span> 
     </span>
    </p>
   </div>
   <div class='ocr_carea' id='block_1_43' title="bbox 487 3769 2060 3846">
    <p class='ocr_par' dir='ltr' id='par_1_43' title="bbox 487 3769 2060 3846">
     <span class='ocr_line' id='line_1_43' title="bbox 487 3769 2060 3846; baseline 0.004 -23"><span class='ocrx_word' id='word_1_356' title='bbox 487 3771 615 3838; x_wconf 77' lang='grc' dir='ltr'>περὶ</span> <span class='ocrx_word' id='word_1_357' title='bbox 651 3769 811 3822; x_wconf 81' lang='grc' dir='ltr'>αὐτὸν</span> <span class='ocrx_word' id='word_1_358' title='bbox 849 3769 1123 3840; x_wconf 87' lang='grc' dir='ltr'>πρόνοιαν.</span> <span class='ocrx_word' id='word_1_359' title='bbox 1143 3771 1360 3842; x_wconf 81' lang='grc' dir='ltr'>Ἐπειδὴ</span> <span class='ocrx_word' id='word_1_360' title='bbox 1381 3773 1488 3844; x_wconf 79' lang='grc' dir='ltr'>γὰρ</span> <span class='ocrx_word' id='word_1_361' title='bbox 1508 3773 1704 3843; x_wconf 81' lang='grc' dir='ltr'>πολλὴν</span> <span class='ocrx_word' id='word_1_362' title='bbox 1725 3775 1821 3845; x_wconf 81' lang='grc' dir='ltr'>τὴν</span> <span class='ocrx_word' id='word_1_363' title='bbox 1853 3775 2060 3846; x_wconf 78' lang='grc' dir='ltr'>ὑπομο-</span> 
     </span>
    </p>
   </div>
   <div class='ocr_carea' id='block_1_44' title="bbox 487 3859 2060 3936">
    <p class='ocr_par' dir='ltr' id='par_1_44' title="bbox 487 3859 2060 3936">
     <span class='ocr_line' id='line_1_44' title="bbox 487 3859 2060 3936; baseline 0.003 -20"><span class='ocrx_word' id='word_1_364' title='bbox 487 3864 582 3934; x_wconf 86' lang='grc' dir='ltr'>νὴν</span> <span class='ocrx_word' id='word_1_365' title='bbox 621 3859 931 3927; x_wconf 72' lang='grc' dir='ltr'>ἐπεδείξατο</span> <span class='ocrx_word' id='word_1_366' title='bbox 966 3863 1024 3914; x_wconf 88' lang='grc' dir='ltr'>ἐν</span> <span class='ocrx_word' id='word_1_367' title='bbox 1062 3862 1486 3934; x_wconf 84' lang='grc' dir='ltr'>δεκατέσσαρσιν</span> <span class='ocrx_word' id='word_1_368' title='bbox 1523 3863 1669 3917; x_wconf 76' lang='grc' dir='ltr'>ἔτεσι</span> <span class='ocrx_word' id='word_1_369' title='bbox 1704 3865 1800 3936; x_wconf 88' lang='grc' dir='ltr'>τὴν</span> <span class='ocrx_word' id='word_1_370' title='bbox 1820 3866 2060 3920; x_wconf 88' lang='grc' dir='ltr'>δουλείαν</span> 
     </span>
    </p>
   </div>
   <div class='ocr_carea' id='block_1_45' title="bbox 485 3951 2061 4027">
    <p class='ocr_par' dir='ltr' id='par_1_45' title="bbox 485 3951 2061 4027">
     <span class='ocr_line' id='line_1_45' title="bbox 485 3951 2061 4027; baseline 0.004 -23"><span class='ocrx_word' id='word_1_371' title='bbox 485 3951 881 4020; x_wconf 74' lang='grc' dir='ltr'>ἀσπαζόμενος,</span> <span class='ocrx_word' id='word_1_372' title='bbox 901 3951 990 4006; x_wconf 81' lang='grc' dir='ltr'>διά</span> <span class='ocrx_word' id='word_1_373' title='bbox 1007 3953 1164 4004; x_wconf 88' lang='grc' dir='ltr'>τοῦτο</span> <span class='ocrx_word' id='word_1_374' title='bbox 1184 3954 1277 4006; x_wconf 81' lang='grc' dir='ltr'>καὶ</span> <span class='ocrx_word' id='word_1_375' title='bbox 1297 3954 1326 4004; x_wconf 85' lang='grc' dir='ltr'>ό</span> <span class='ocrx_word' id='word_1_376' title='bbox 1343 3953 1449 4006; x_wconf 86' lang='grc' dir='ltr'>τῶν</span> <span class='ocrx_word' id='word_1_377' title='bbox 1470 3954 1604 4007; x_wconf 77' lang='grc' dir='ltr'>ὅλων</span> <span class='ocrx_word' id='word_1_378' title='bbox 1625 3955 1755 4018; x_wconf 85' lang='grc' dir='ltr'>Θεὸς</span> <span class='ocrx_word' id='word_1_379' title='bbox 1773 3957 2061 4027; x_wconf 81' lang='grc' dir='ltr'>ἀμειϐόμε-</span> 
     </span>
    </p>
   </div>
   <div class='ocr_carea' id='block_1_46' title="bbox 487 4042 2059 4117">
    <p class='ocr_par' dir='ltr' id='par_1_46' title="bbox 487 4042 2059 4117">
     <span class='ocr_line' id='line_1_46' title="bbox 487 4042 2059 4117; baseline 0.004 -23"><span class='ocrx_word' id='word_1_380' title='bbox 487 4059 576 4106; x_wconf 90' lang='grc' dir='ltr'>νος</span> <span class='ocrx_word' id='word_1_381' title='bbox 593 4043 687 4095; x_wconf 90' lang='grc' dir='ltr'>τοῦ</span> <span class='ocrx_word' id='word_1_382' title='bbox 707 4042 911 4095; x_wconf 82' lang='grc' dir='ltr'>δικαίου</span> <span class='ocrx_word' id='word_1_383' title='bbox 947 4043 1006 4095; x_wconf 85' lang='grc' dir='ltr'>τὸ</span> <span class='ocrx_word' id='word_1_384' title='bbox 1043 4043 1308 4110; x_wconf 79' lang='grc' dir='ltr'>φιλόθεον,</span> <span class='ocrx_word' id='word_1_385' title='bbox 1331 4045 1409 4105; x_wconf 87' lang='grc' dir='ltr'>εἰς</span> <span class='ocrx_word' id='word_1_386' title='bbox 1438 4043 1692 4106; x_wconf 84' lang='grc' dir='ltr'>τοσοῦτον</span> <span class='ocrx_word' id='word_1_387' title='bbox 1711 4046 1872 4097; x_wconf 84' lang='grc' dir='ltr'>αὐτὸν</span> <span class='ocrx_word' id='word_1_388' title='bbox 1892 4047 2059 4117; x_wconf 78' lang='grc' dir='ltr'>αὐξη-</span> 
     </span>
    </p>
   </div>
   <div class='ocr_carea' id='block_1_47' title="bbox 487 4123 2058 4195">
    <p class='ocr_par' dir='ltr' id='par_1_47' title="bbox 487 4123 2058 4195">
     <span class='ocr_line' id='line_1_47' title="bbox 487 4123 2058 4195; baseline 0.002 -19"><span class='ocrx_word' id='word_1_389' title='bbox 487 4123 645 4192; x_wconf 79' lang='grc' dir='ltr'>θῆναι</span> <span class='ocrx_word' id='word_1_390' title='bbox 684 4125 1111 4195; x_wconf 70' lang='grc' dir='ltr'>παρεσκεύασεν,</span> <span class='ocrx_word' id='word_1_391' title='bbox 1135 4125 1210 4186; x_wconf 83' lang='grc' dir='ltr'>ὡς</span> <span class='ocrx_word' id='word_1_392' title='bbox 1248 4125 1533 4192; x_wconf 85' lang='grc' dir='ltr'>ἐπίφθονον</span> <span class='ocrx_word' id='word_1_393' title='bbox 1568 4127 1818 4193; x_wconf 85' lang='grc' dir='ltr'>γενέσθαι</span> <span class='ocrx_word' id='word_1_394' title='bbox 1855 4128 2058 4192; x_wconf 73' lang='grc' dir='ltr'>λοιπὸν,</span> 
     </span>
    </p>
   </div>
   <div class='ocr_carea' id='block_1_48' title="bbox 487 4207 2058 4282">
    <p class='ocr_par' dir='ltr' id='par_1_48' title="bbox 487 4207 2058 4282">
     <span class='ocr_line' id='line_1_48' title="bbox 487 4207 2058 4282; baseline 0.004 -18"><span class='ocrx_word' id='word_1_395' title='bbox 487 4211 564 4274; x_wconf 83' lang='grc' dir='ltr'>ὡς</span> <span class='ocrx_word' id='word_1_396' title='bbox 581 4214 644 4264; x_wconf 87' lang='grc' dir='ltr'>ἐκ</span> <span class='ocrx_word' id='word_1_397' title='bbox 662 4211 768 4263; x_wconf 89' lang='grc' dir='ltr'>τῶν</span> <span class='ocrx_word' id='word_1_398' title='bbox 789 4211 918 4280; x_wconf 82' lang='grc' dir='ltr'>ἐξῆς</span> <span class='ocrx_word' id='word_1_399' title='bbox 941 4211 1316 4281; x_wconf 80' lang='grc' dir='ltr'>μαθησόμεθα,</span> <span class='ocrx_word' id='word_1_400' title='bbox 1330 4207 1409 4274; x_wconf 81' lang='grc' dir='ltr'>οἷς</span> <span class='ocrx_word' id='word_1_401' title='bbox 1421 4211 1720 4282; x_wconf 79' lang='grc' dir='ltr'>ἐϐουλόμην</span> <span class='ocrx_word' id='word_1_402' title='bbox 1733 4215 2058 4280; x_wconf 79' lang='grc' dir='ltr'>ἐπεξελθεῖν.</span> 
     </span>
    </p>
   </div>
   <div class='ocr_carea' id='block_1_49' title="bbox 563 4299 2062 4370">
    <p class='ocr_par' dir='ltr' id='par_1_49' title="bbox 563 4299 2062 4370">
     <span class='ocr_line' id='line_1_49' title="bbox 563 4299 2062 4370; baseline 0.005 -16"><span class='ocrx_word' id='word_1_403' title='bbox 563 4299 638 4365; x_wconf 84' lang='grc' dir='ltr'>ς’.</span> <span class='ocrx_word' id='word_1_404' title='bbox 659 4299 794 4353; x_wconf 82' lang='grc' dir='ltr'>Ἀλλ’</span> <span class='ocrx_word' id='word_1_405' title='bbox 817 4301 904 4352; x_wconf 85' lang='grc' dir='ltr'>ἵνα</span> <span class='ocrx_word' id='word_1_406' title='bbox 937 4299 1010 4369; x_wconf 83' lang='grc' dir='ltr'>μὴ</span> <span class='ocrx_word' id='word_1_407' title='bbox 1038 4303 1117 4361; x_wconf 85' lang='grc' dir='ltr'>εἰς</span> <span class='ocrx_word' id='word_1_408' title='bbox 1139 4299 1274 4353; x_wconf 82' lang='grc' dir='ltr'>πολὺ</span> <span class='ocrx_word' id='word_1_409' title='bbox 1307 4300 1478 4370; x_wconf 83' lang='grc' dir='ltr'>μῆκος</span> <span class='ocrx_word' id='word_1_410' title='bbox 1505 4301 1594 4354; x_wconf 87' lang='grc' dir='ltr'>τὸν</span> <span class='ocrx_word' id='word_1_411' title='bbox 1622 4303 1778 4368; x_wconf 83' lang='grc' dir='ltr'>λόγον</span> <span class='ocrx_word' id='word_1_412' title='bbox 1801 4305 2062 4361; x_wconf 88' lang='grc' dir='ltr'>ἐκτείνον-</span> 
     </span>
    </p>
   </div>
   <div class='ocr_carea' id='block_1_50' title="bbox 487 4381 2055 4455">
    <p class='ocr_par' dir='ltr' id='par_1_50' title="bbox 487 4381 2055 4455">
     <span class='ocr_line' id='line_1_50' title="bbox 487 4381 2055 4455; baseline 0.004 -19"><span class='ocrx_word' id='word_1_413' title='bbox 487 4399 579 4446; x_wconf 88' lang='grc' dir='ltr'>τες</span> <span class='ocrx_word' id='word_1_414' title='bbox 601 4381 950 4452; x_wconf 83' lang='grc' dir='ltr'>παρενοχλεῖν</span> <span class='ocrx_word' id='word_1_415' title='bbox 976 4381 1216 4452; x_wconf 77' lang='grc' dir='ltr'>δόξωμεν</span> <span class='ocrx_word' id='word_1_416' title='bbox 1237 4384 1301 4452; x_wconf 81' lang='grc' dir='ltr'>τῇ</span> <span class='ocrx_word' id='word_1_417' title='bbox 1327 4382 1567 4454; x_wconf 83' lang='grc' dir='ltr'>ὑμετέρᾳ</span> <span class='ocrx_word' id='word_1_418' title='bbox 1586 4385 1793 4455; x_wconf 83' lang='grc' dir='ltr'>ἀγάπῃ.</span> <span class='ocrx_word' id='word_1_419' title='bbox 1817 4389 1864 4439; x_wconf 90' lang='grc' dir='ltr'>εί</span> <span class='ocrx_word' id='word_1_420' title='bbox 1891 4387 2055 4454; x_wconf 84' lang='grc' dir='ltr'>δοκεῖ,</span> 
     </span>
    </p>
   </div>
   <div class='ocr_carea' id='block_1_51' title="bbox 489 4464 2061 4539">
    <p class='ocr_par' dir='ltr' id='par_1_51' title="bbox 489 4464 2061 4539">
     <span class='ocr_line' id='line_1_51' title="bbox 489 4464 2061 4539; baseline 0.006 -23"><span class='ocrx_word' id='word_1_421' title='bbox 489 4465 559 4520; x_wconf 78' lang='grc' dir='ltr'>τὰ</span> <span class='ocrx_word' id='word_1_422' title='bbox 595 4465 888 4536; x_wconf 88' lang='grc' dir='ltr'>λειπόμενα</span> <span class='ocrx_word' id='word_1_423' title='bbox 912 4465 990 4528; x_wconf 90' lang='grc' dir='ltr'>εἰς</span> <span class='ocrx_word' id='word_1_424' title='bbox 1016 4464 1114 4534; x_wconf 78' lang='grc' dir='ltr'>τὴν</span> <span class='ocrx_word' id='word_1_425' title='bbox 1154 4464 1280 4534; x_wconf 76' lang='grc' dir='ltr'>ἑξῆς</span> <span class='ocrx_word' id='word_1_426' title='bbox 1307 4466 1756 4534; x_wconf 86' lang='grc' dir='ltr'>ταμιευσάμενοι,</span> <span class='ocrx_word' id='word_1_427' title='bbox 1783 4469 1874 4522; x_wconf 77' lang='grc' dir='ltr'>τὸν</span> <span class='ocrx_word' id='word_1_428' title='bbox 1904 4471 2061 4539; x_wconf 89' lang='grc' dir='ltr'>λόγον</span> 
     </span>
    </p>
   </div>
   <div class='ocr_carea' id='block_1_52' title="bbox 488 4547 2062 4624">
    <p class='ocr_par' dir='ltr' id='par_1_52' title="bbox 488 4547 2062 4624">
     <span class='ocr_line' id='line_1_52' title="bbox 488 4547 2062 4624; baseline 0.003 -21"><span class='ocrx_word' id='word_1_429' title='bbox 488 4547 722 4604; x_wconf 84' lang='grc' dir='ltr'>ἐνταῦθα</span> <span class='ocrx_word' id='word_1_430' title='bbox 762 4547 1218 4617; x_wconf 87' lang='grc' dir='ltr'>καταπαύσωμεν,</span> <span class='ocrx_word' id='word_1_431' title='bbox 1249 4550 1425 4600; x_wconf 87' lang='grc' dir='ltr'>ἐκεῖνο</span> <span class='ocrx_word' id='word_1_432' title='bbox 1457 4549 1884 4619; x_wconf 82' lang='grc' dir='ltr'>παραινέσαντες</span> <span class='ocrx_word' id='word_1_433' title='bbox 1909 4555 2062 4624; x_wconf 87' lang='grc' dir='ltr'>ὑμῶν</span> 
     </span>
    </p>
   </div>
   <div class='ocr_carea' id='block_1_53' title="bbox 487 4629 2061 4704">
    <p class='ocr_par' dir='ltr' id='par_1_53' title="bbox 487 4629 2061 4704">
     <span class='ocr_line' id='line_1_53' title="bbox 487 4629 2061 4704; baseline 0.008 -26"><span class='ocrx_word' id='word_1_434' title='bbox 487 4635 554 4704; x_wconf 74' lang='grc' dir='ltr'>τῇ</span> <span class='ocrx_word' id='word_1_435' title='bbox 588 4631 808 4703; x_wconf 82' lang='grc' dir='ltr'>ἀγάπῃ,</span> <span class='ocrx_word' id='word_1_436' title='bbox 855 4630 1163 4702; x_wconf 87' lang='grc' dir='ltr'>μεμνῆσθαι</span> <span class='ocrx_word' id='word_1_437' title='bbox 1203 4629 1310 4684; x_wconf 87' lang='grc' dir='ltr'>τῶν</span> <span class='ocrx_word' id='word_1_438' title='bbox 1343 4631 1672 4701; x_wconf 77' lang='grc' dir='ltr'>εἰρημένων,</span> <span class='ocrx_word' id='word_1_439' title='bbox 1705 4631 1903 4702; x_wconf 81' lang='grc' dir='ltr'>ζηλοῦν</span> <span class='ocrx_word' id='word_1_440' title='bbox 1953 4637 2061 4690; x_wconf 90' lang='grc' dir='ltr'>τῶν</span> 
     </span>
    </p>
   </div>
   <div class='ocr_carea' id='block_1_54' title="bbox 490 4711 2064 4784">
    <p class='ocr_par' dir='ltr' id='par_1_54' title="bbox 490 4711 2064 4784">
     <span class='ocr_line' id='line_1_54' title="bbox 490 4711 2064 4784; baseline 0.002 -16"><span class='ocrx_word' id='word_1_441' title='bbox 490 4714 735 4768; x_wconf 88' lang='grc' dir='ltr'>παλαιῶν</span> <span class='ocrx_word' id='word_1_442' title='bbox 772 4713 869 4784; x_wconf 87' lang='grc' dir='ltr'>τὴν</span> <span class='ocrx_word' id='word_1_443' title='bbox 895 4713 1116 4784; x_wconf 85' lang='grc' dir='ltr'>ἀρετὴν,</span> <span class='ocrx_word' id='word_1_444' title='bbox 1144 4711 1285 4765; x_wconf 76' lang='grc' dir='ltr'>οὕτω</span> <span class='ocrx_word' id='word_1_445' title='bbox 1317 4713 1442 4774; x_wconf 83' lang='grc' dir='ltr'>τοὺς</span> <span class='ocrx_word' id='word_1_446' title='bbox 1463 4713 1657 4776; x_wconf 88' lang='grc' dir='ltr'>παῖδας</span> <span class='ocrx_word' id='word_1_447' title='bbox 1686 4716 1893 4770; x_wconf 85' lang='grc' dir='ltr'>ἑαυτῶν</span> <span class='ocrx_word' id='word_1_448' title='bbox 1918 4719 2064 4772; x_wconf 87' lang='grc' dir='ltr'>ἐκδι-</span> 
     </span>
    </p>
   </div>
   <div class='ocr_carea' id='block_1_55' title="bbox 487 4795 2059 4868">
    <p class='ocr_par' dir='ltr' id='par_1_55' title="bbox 487 4795 2059 4868">
     <span class='ocr_line' id='line_1_55' title="bbox 487 4795 2059 4868; baseline 0.003 -17"><span class='ocrx_word' id='word_1_449' title='bbox 487 4797 656 4860; x_wconf 87' lang='grc' dir='ltr'>δόναι,</span> <span class='ocrx_word' id='word_1_450' title='bbox 677 4795 820 4849; x_wconf 72' lang='grc' dir='ltr'>οὕτω</span> <span class='ocrx_word' id='word_1_451' title='bbox 837 4795 934 4858; x_wconf 90' lang='grc' dir='ltr'>τάς</span> <span class='ocrx_word' id='word_1_452' title='bbox 958 4795 1260 4865; x_wconf 77' lang='grc' dir='ltr'>θυγατέρας</span> <span class='ocrx_word' id='word_1_453' title='bbox 1277 4798 1392 4858; x_wconf 91' lang='grc' dir='ltr'>τοῖς</span> <span class='ocrx_word' id='word_1_454' title='bbox 1416 4796 1668 4865; x_wconf 77' lang='grc' dir='ltr'>νυμφίοις</span> <span class='ocrx_word' id='word_1_455' title='bbox 1689 4798 2059 4868; x_wconf 86' lang='grc' dir='ltr'>παραδιδόναι,</span> 
     </span>
    </p>
   </div>
   <div class='ocr_carea' id='block_1_56' title="bbox 487 4877 2064 4948">
    <p class='ocr_par' dir='ltr' id='par_1_56' title="bbox 487 4877 2064 4948">
     <span class='ocr_line' id='line_1_56' title="bbox 487 4877 2064 4948; baseline 0.003 -17"><span class='ocrx_word' id='word_1_456' title='bbox 487 4877 632 4931; x_wconf 78' lang='grc' dir='ltr'>οὕτω</span> <span class='ocrx_word' id='word_1_457' title='bbox 655 4877 741 4930; x_wconf 85' lang='grc' dir='ltr'>διὰ</span> <span class='ocrx_word' id='word_1_458' title='bbox 769 4877 864 4948; x_wconf 85' lang='grc' dir='ltr'>τῆς</span> <span class='ocrx_word' id='word_1_459' title='bbox 890 4877 1094 4939; x_wconf 90' lang='grc' dir='ltr'>οἰκείας</span> <span class='ocrx_word' id='word_1_460' title='bbox 1119 4877 1318 4947; x_wconf 83' lang='grc' dir='ltr'>ἀρετῆς</span> <span class='ocrx_word' id='word_1_461' title='bbox 1353 4877 1456 4948; x_wconf 87' lang='grc' dir='ltr'>τὴν</span> <span class='ocrx_word' id='word_1_462' title='bbox 1489 4878 1634 4947; x_wconf 83' lang='grc' dir='ltr'>παρά</span> <span class='ocrx_word' id='word_1_463' title='bbox 1666 4879 1758 4932; x_wconf 84' lang='grc' dir='ltr'>τοῦ</span> <span class='ocrx_word' id='word_1_464' title='bbox 1799 4881 1932 4934; x_wconf 87' lang='grc' dir='ltr'>Θεοῦ</span> <span class='ocrx_word' id='word_1_465' title='bbox 1975 4883 2064 4936; x_wconf 78' lang='grc' dir='ltr'>εύ-</span> 
     </span>
    </p>
   </div>
   <div class='ocr_carea' id='block_1_57' title="bbox 489 4959 2062 5037">
    <p class='ocr_par' dir='ltr' id='par_1_57' title="bbox 489 4959 2062 5037">
     <span class='ocr_line' id='line_1_57' title="bbox 489 4959 2062 5037; baseline 0.003 -22"><span class='ocrx_word' id='word_1_466' title='bbox 489 4978 637 5015; x_wconf 82' lang='grc' dir='ltr'>νοιαν</span> <span class='ocrx_word' id='word_1_467' title='bbox 661 4959 1084 5014; x_wconf 81' lang='grc' dir='ltr'>ἐπισπάσασθαι.</span> <span class='ocrx_word' id='word_1_468' title='bbox 1115 4959 1285 5037; x_wconf 53' lang='grc' dir='ltr'>’ίΟταν</span> <span class='ocrx_word' id='word_1_469' title='bbox 1313 4961 1419 5030; x_wconf 81' lang='grc' dir='ltr'>γάρ</span> <span class='ocrx_word' id='word_1_470' title='bbox 1445 4963 1652 5025; x_wconf 83' lang='grc' dir='ltr'>ἐκεῖνος</span> <span class='ocrx_word' id='word_1_471' title='bbox 1674 4965 1806 5033; x_wconf 83' lang='grc' dir='ltr'>ἡμῖν</span> <span class='ocrx_word' id='word_1_472' title='bbox 1831 4965 2062 5037; x_wconf 82' lang='grc' dir='ltr'>εὐμενὴς</span> 
     </span>
    </p>
   </div>
   <div class='ocr_carea' id='block_1_58' title="bbox 488 5035 2063 5118">
    <p class='ocr_par' dir='ltr' id='par_1_58' title="bbox 488 5035 2063 5118">
     <span class='ocr_line' id='line_1_58' title="bbox 488 5035 2063 5118; baseline 0.005 -24"><span class='ocrx_word' id='word_1_473' title='bbox 488 5039 547 5118; x_wconf 80' lang='grc' dir='ltr'>ᾗ,</span> <span class='ocrx_word' id='word_1_474' title='bbox 573 5041 672 5095; x_wconf 82' lang='grc' dir='ltr'>κᾶν</span> <span class='ocrx_word' id='word_1_475' title='bbox 700 5039 784 5094; x_wconf 88' lang='grc' dir='ltr'>ἐπ’</span> <span class='ocrx_word' id='word_1_476' title='bbox 807 5040 1091 5110; x_wconf 82' lang='grc' dir='ltr'>ἀλλοτρίας</span> <span class='ocrx_word' id='word_1_477' title='bbox 1123 5035 1294 5110; x_wconf 80' lang='grc' dir='ltr'>ὦμεν,</span> <span class='ocrx_word' id='word_1_478' title='bbox 1323 5045 1423 5094; x_wconf 80' lang='grc' dir='ltr'>κᾶν</span> <span class='ocrx_word' id='word_1_479' title='bbox 1459 5044 1672 5097; x_wconf 87' lang='grc' dir='ltr'>πάντων</span> <span class='ocrx_word' id='word_1_480' title='bbox 1708 5035 1920 5116; x_wconf 75' lang='grc' dir='ltr'>ἔρημοι,</span> <span class='ocrx_word' id='word_1_481' title='bbox 1962 5035 2063 5102; x_wconf 68' lang='grc' dir='ltr'>κάν</span> 
     </span>
    </p>
   </div>
   <div class='ocr_carea' id='block_1_59' title="bbox 495 5122 2059 5203">
    <p class='ocr_par' dir='ltr' id='par_1_59' title="bbox 495 5122 2059 5203">
     <span class='ocr_line' id='line_1_59' title="bbox 495 5122 2059 5203; baseline 0.004 -25"><span class='ocrx_word' id='word_1_482' title='bbox 495 5125 686 5199; x_wconf 70' lang='grc' dir='ltr'>μηδενὶ</span> <span class='ocrx_word' id='word_1_483' title='bbox 737 5122 1026 5194; x_wconf 83' lang='grc' dir='ltr'>γνώριμοι,</span> <span class='ocrx_word' id='word_1_484' title='bbox 1063 5123 1279 5177; x_wconf 86' lang='grc' dir='ltr'>πάντων</span> <span class='ocrx_word' id='word_1_485' title='bbox 1313 5125 1545 5194; x_wconf 78' lang='grc' dir='ltr'>ἐσόμεθα</span> <span class='ocrx_word' id='word_1_486' title='bbox 1589 5125 2059 5203; x_wconf 67' lang='grc' dir='ltr'>περιφανέστερα.</span> 
     </span>
    </p>
   </div>
   <div class='ocr_carea' id='block_1_60' title="bbox 490 5207 2063 5282">
    <p class='ocr_par' dir='ltr' id='par_1_60' title="bbox 490 5207 2063 5282">
     <span class='ocr_line' id='line_1_60' title="bbox 490 5207 2063 5282; baseline -0.003 -19"><span class='ocrx_word' id='word_1_487' title='bbox 490 5209 658 5263; x_wconf 78' lang='grc' dir='ltr'>οὐδὲν</span> <span class='ocrx_word' id='word_1_488' title='bbox 695 5207 804 5278; x_wconf 87' lang='grc' dir='ltr'>γάρ</span> <span class='ocrx_word' id='word_1_489' title='bbox 837 5207 1293 5277; x_wconf 84' lang='grc' dir='ltr'>μακαριστότερον</span> <span class='ocrx_word' id='word_1_490' title='bbox 1341 5207 1529 5278; x_wconf 81' lang='grc' dir='ltr'>ἀνδρὸς</span> <span class='ocrx_word' id='word_1_491' title='bbox 1579 5211 1682 5262; x_wconf 83' lang='grc' dir='ltr'>ὑπὸ</span> <span class='ocrx_word' id='word_1_492' title='bbox 1722 5213 1820 5282; x_wconf 84' lang='grc' dir='ltr'>τῆς</span> <span class='ocrx_word' id='word_1_493' title='bbox 1859 5217 2063 5271; x_wconf 77' lang='grc' dir='ltr'>ἄνωθεν</span> 
     </span>
    </p>
   </div>
   <div class='ocr_carea' id='block_1_61' title="bbox 493 5286 2067 5366">
    <p class='ocr_par' dir='ltr' id='par_1_61' title="bbox 493 5286 2067 5366">
     <span class='ocr_line' id='line_1_61' title="bbox 493 5286 2067 5366; baseline -0.002 -27"><span class='ocrx_word' id='word_1_494' title='bbox 493 5288 672 5361; x_wconf 74' lang='grc' dir='ltr'>χειρὸς</span> <span class='ocrx_word' id='word_1_495' title='bbox 702 5286 1084 5366; x_wconf 3' lang='grc' dir='ltr'>βοηθουμένους.</span> <span class='ocrx_word' id='word_1_496' title='bbox 1112 5286 1481 5366; x_wconf 38' lang='grc' dir='ltr'>Ἐκείνης-γάρ</span> <span class='ocrx_word' id='word_1_497' title='bbox 1508 5287 1794 5344; x_wconf 80' lang='grc' dir='ltr'>ἀπολαύων</span> <span class='ocrx_word' id='word_1_498' title='bbox 1814 5294 1913 5363; x_wconf 84' lang='grc' dir='ltr'>τῆς</span> <span class='ocrx_word' id='word_1_499' title='bbox 1935 5311 2067 5366; x_wconf 85' lang='grc' dir='ltr'>συμ-</span> 
     </span>
    </p>
   </div>
   <div class='ocr_carea' id='block_1_62' title="bbox 493 5362 2065 5440">
    <p class='ocr_par' dir='ltr' id='par_1_62' title="bbox 493 5362 2065 5440">
     <span class='ocr_line' id='line_1_62' title="bbox 493 5362 2065 5440; baseline 0.014 -33"><span class='ocrx_word' id='word_1_500' title='bbox 493 5367 695 5436; x_wconf 75' lang='grc' dir='ltr'>μαχίας</span> <span class='ocrx_word' id='word_1_501' title='bbox 727 5367 825 5417; x_wconf 73' lang='grc' dir='ltr'>καὶ</span> <span class='ocrx_word' id='word_1_502' title='bbox 857 5364 883 5416; x_wconf 77' lang='grc' dir='ltr'>ὁ</span> <span class='ocrx_word' id='word_1_503' title='bbox 933 5365 1197 5434; x_wconf 86' lang='grc' dir='ltr'>μακάριος</span> <span class='ocrx_word' id='word_1_504' title='bbox 1237 5362 1428 5415; x_wconf 81' lang='grc' dir='ltr'>Ἰακὼϐ</span> <span class='ocrx_word' id='word_1_505' title='bbox 1475 5367 1566 5418; x_wconf 78' lang='grc' dir='ltr'>ἐπὶ</span> <span class='ocrx_word' id='word_1_506' title='bbox 1611 5362 1878 5440; x_wconf 75' lang='grc' dir='ltr'>τοσαύτην</span> <span class='ocrx_word' id='word_1_507' title='bbox 1923 5362 2065 5429; x_wconf 80' lang='grc' dir='ltr'>κατά</span> 
     </span>
    </p>
   </div>
   <div class='ocr_carea' id='block_1_63' title="bbox 495 5443 2064 5519">
    <p class='ocr_par' dir='ltr' id='par_1_63' title="bbox 495 5443 2064 5519">
     <span class='ocr_line' id='line_1_63' title="bbox 495 5443 2064 5519; baseline -0.003 -21"><span class='ocrx_word' id='word_1_508' title='bbox 495 5446 688 5516; x_wconf 79' lang='grc' dir='ltr'>μικρὸν</span> <span class='ocrx_word' id='word_1_509' title='bbox 745 5443 954 5515; x_wconf 78' lang='grc' dir='ltr'>ηὐξήθη</span> <span class='ocrx_word' id='word_1_510' title='bbox 1023 5443 1396 5513; x_wconf 70' lang='grc' dir='ltr'>περιφάνειαν,</span> <span class='ocrx_word' id='word_1_511' title='bbox 1445 5443 1519 5506; x_wconf 80' lang='grc' dir='ltr'>ὼς</span> <span class='ocrx_word' id='word_1_512' title='bbox 1573 5447 1665 5498; x_wconf 79' lang='grc' dir='ltr'>καὶ</span> <span class='ocrx_word' id='word_1_513' title='bbox 1719 5449 1898 5516; x_wconf 76' lang='grc' dir='ltr'>αὐτοῖς</span> <span class='ocrx_word' id='word_1_514' title='bbox 1955 5457 2064 5519; x_wconf 77' lang='grc' dir='ltr'>τοῖς</span> 
     </span>
    </p>
   </div>
   <div class='ocr_carea' id='block_1_64' title="bbox 495 5523 2065 5596">
    <p class='ocr_par' dir='ltr' id='par_1_64' title="bbox 495 5523 2065 5596">
     <span class='ocr_line' id='line_1_64' title="bbox 495 5523 2065 5596; baseline 0.004 -14"><span class='ocrx_word' id='word_1_515' title='bbox 495 5527 915 5596; x_wconf 75' lang='grc' dir='ltr'>ὑποδεξαμένοις</span> <span class='ocrx_word' id='word_1_516' title='bbox 944 5525 1228 5594; x_wconf 79' lang='grc' dir='ltr'>ἐπίφθονος</span> <span class='ocrx_word' id='word_1_517' title='bbox 1257 5523 1526 5591; x_wconf 85' lang='grc' dir='ltr'>γενέσθαι.</span> <span class='ocrx_word' id='word_1_518' title='bbox 1557 5527 1726 5582; x_wconf 82' lang='grc' dir='ltr'>Τοῦτο</span> <span class='ocrx_word' id='word_1_519' title='bbox 1762 5535 1940 5588; x_wconf 82' lang='grc' dir='ltr'>τοίνυν</span> <span class='ocrx_word' id='word_1_520' title='bbox 1973 5539 2065 5592; x_wconf 78' lang='grc' dir='ltr'>καὶ</span> 
     </span>
    </p>
   </div>
   <div class='ocr_carea' id='block_1_65' title="bbox 557 5676 2061 5740">
    <p class='ocr_par' dir='ltr' id='par_1_65' title="bbox 557 5676 2061 5740">
     <span class='ocr_line' id='line_1_65' title="bbox 557 5676 2061 5740; baseline 0.001 -13"><span class='ocrx_word' id='word_1_521' title='bbox 557 5681 586 5710; x_wconf 75' lang='grc'>⁸</span> <span class='ocrx_word' id='word_1_522' title='bbox 609 5679 807 5728; x_wconf 71' lang='grc' dir='ltr'>Ετίἱιιιηι</span> <span class='ocrx_word' id='word_1_523' title='bbox 831 5684 938 5727; x_wconf 78' lang='lat' dir='ltr'>erat</span> <span class='ocrx_word' id='word_1_524' title='bbox 963 5679 1079 5740; x_wconf 79' lang='grc' dir='ltr'>μετὰ</span> <span class='ocrx_word' id='word_1_525' title='bbox 1109 5679 1190 5725; x_wconf 82' lang='grc' dir='ltr'>τὸν</span> <span class='ocrx_word' id='word_1_526' title='bbox 1235 5678 1395 5740; x_wconf 72' lang='grc' dir='ltr'>ἀνδρα.</span> <span class='ocrx_word' id='word_1_527' title='bbox 1428 5676 1832 5738; x_wconf 65' lang='grc' dir='ltr'>Ρταιροείιίυηριιι</span> <span class='ocrx_word' id='word_1_528' title='bbox 1871 5687 2061 5740; x_wconf 70' lang='lat' dir='ltr'>delevi-</span> 
     </span>
    </p>
   </div>
   <div class='ocr_carea' id='block_1_66' title="bbox 493 5739 1820 5807">
    <p class='ocr_par' dir='ltr' id='par_1_66' title="bbox 493 5739 1820 5807">
     <span class='ocr_line' id='line_1_66' title="bbox 493 5739 1820 5807; baseline -0.003 -14"><span class='ocrx_word' id='word_1_529' title='bbox 493 5755 621 5807; x_wconf 78' lang='lat' dir='ltr'>mus,</span> <span class='ocrx_word' id='word_1_530' title='bbox 647 5739 840 5800; x_wconf 57' lang='grc' dir='ltr'>ποτε,</span> <span class='ocrx_word' id='word_1_531' title='bbox 865 5739 1036 5801; x_wconf 76' lang='lat' dir='ltr'>SaviL,</span> <span class='ocrx_word' id='word_1_532' title='bbox 1059 5747 1113 5789; x_wconf 80' lang='grc' dir='ltr'>ει</span> <span class='ocrx_word' id='word_1_533' title='bbox 1135 5741 1266 5788; x_wconf 79' lang='lat' dir='ltr'><strong>serie</strong></span> <span class='ocrx_word' id='word_1_534' title='bbox 1289 5739 1660 5800; x_wconf 72' lang='lat' dir='ltr'>pustulaulibus.</span> <span class='ocrx_word' id='word_1_535' title='bbox 1689 5744 1820 5794; x_wconf 71' lang='lat' dir='ltr'>Enn.</span> 
     </span>
    </p>
   </div>
   <div class='ocr_carea' id='block_1_67' title="bbox 1163 255 3021 318">
    <p class='ocr_par' dir='ltr' id='par_1_67' title="bbox 1163 255 3021 318">
     <span class='ocr_line' id='line_1_67' title="bbox 1163 255 3021 318; baseline -0.002 -2"><span class='ocrx_word' id='word_1_536' title='bbox 1163 262 1218 316; x_wconf 90' lang='lat' dir='ltr'>S.</span> <span class='ocrx_word' id='word_1_537' title='bbox 1261 261 1544 318; x_wconf 65' lang='lat' dir='ltr'>JOANNIS</span> <span class='ocrx_word' id='word_1_538' title='bbox 1583 255 2076 316; x_wconf 79' lang='lat' dir='ltr'>CIIRYSOSTOMI</span> <span class='ocrx_word' id='word_1_539' title='bbox 2119 257 2436 314; x_wconf 75' lang='lat' dir='ltr'>ARCHIEP.</span> <span class='ocrx_word' id='word_1_540' title='bbox 2475 259 3021 316; x_wconf 72' lang='lat' dir='ltr'>CONSTANTINOP.</span> 
     </span>
    </p>
   </div>
   <div class='ocr_carea' id='block_1_68' title="bbox 3632 261 3742 318">
    <p class='ocr_par' dir='ltr' id='par_1_68' title="bbox 3632 261 3742 318">
     <span class='ocr_line' id='line_1_68' title="bbox 3632 261 3742 318; baseline 0.009 -2"><span class='ocrx_word' id='word_1_541' title='bbox 3632 261 3742 318; x_wconf 69' lang='grc'>494</span> 
     </span>
    </p>
   </div>
   <div class='ocr_carea' id='block_1_69' title="bbox 2158 369 3736 444">
    <p class='ocr_par' dir='ltr' id='par_1_69' title="bbox 2158 369 3736 444">
     <span class='ocr_line' id='line_1_69' title="bbox 2158 369 3736 444; baseline 0.001 -22"><span class='ocrx_word' id='word_1_542' title='bbox 2158 372 2318 438; x_wconf 80' lang='grc' dir='ltr'>ἡμεῖς</span> <span class='ocrx_word' id='word_1_543' title='bbox 2348 373 2755 444; x_wconf 76' lang='grc' dir='ltr'>σπουδάζωμεν,</span> <span class='ocrx_word' id='word_1_544' title='bbox 2781 374 2919 428; x_wconf 81' lang='grc' dir='ltr'>ὥστε</span> <span class='ocrx_word' id='word_1_545' title='bbox 2951 375 3047 442; x_wconf 85' lang='grc' dir='ltr'>τῆς</span> <span class='ocrx_word' id='word_1_546' title='bbox 3076 369 3284 424; x_wconf 83' lang='grc' dir='ltr'>ἐκεῖθεν</span> <span class='ocrx_word' id='word_1_547' title='bbox 3309 369 3592 436; x_wconf 75' lang='grc' dir='ltr'>ἀξιοῦσθαι</span> <span class='ocrx_word' id='word_1_548' title='bbox 3615 373 3736 444; x_wconf 81' lang='grc' dir='ltr'>βοη-</span> 
     </span>
    </p>
   </div>
   <div class='ocr_carea' id='block_1_70' title="bbox 2161 453 3734 528">
    <p class='ocr_par' dir='ltr' id='par_1_70' title="bbox 2161 453 3734 528">
     <span class='ocr_line' id='line_1_70' title="bbox 2161 453 3734 528; baseline 0.004 -25"><span class='ocrx_word' id='word_1_549' title='bbox 2161 453 2329 518; x_wconf 84' lang='grc' dir='ltr'>θείας,</span> <span class='ocrx_word' id='word_1_550' title='bbox 2357 457 2449 509; x_wconf 82' lang='grc' dir='ltr'>καὶ</span> <span class='ocrx_word' id='word_1_551' title='bbox 2482 459 2556 526; x_wconf 82' lang='grc' dir='ltr'>μὴ</span> <span class='ocrx_word' id='word_1_552' title='bbox 2605 458 2742 528; x_wconf 83' lang='grc' dir='ltr'>πρὸς</span> <span class='ocrx_word' id='word_1_553' title='bbox 2775 457 2872 519; x_wconf 79' lang='grc' dir='ltr'>τὰς</span> <span class='ocrx_word' id='word_1_554' title='bbox 2921 455 3266 525; x_wconf 83' lang='grc' dir='ltr'>ἀνθρωπίνας</span> <span class='ocrx_word' id='word_1_555' title='bbox 3299 455 3734 527; x_wconf 88' lang='grc' dir='ltr'>καταφεύγωμεν</span> 
     </span>
    </p>
   </div>
   <div class='ocr_carea' id='block_1_71' title="bbox 2157 534 3730 610">
    <p class='ocr_par' dir='ltr' id='par_1_71' title="bbox 2157 534 3730 610">
     <span class='ocr_line' id='line_1_71' title="bbox 2157 534 3730 610; baseline 0.003 -24"><span class='ocrx_word' id='word_1_556' title='bbox 2157 534 2496 602; x_wconf 85' lang='grc' dir='ltr'>δυναστείας,</span> <span class='ocrx_word' id='word_1_557' title='bbox 2531 540 2664 609; x_wconf 87' lang='grc' dir='ltr'>μηδέ</span> <span class='ocrx_word' id='word_1_558' title='bbox 2691 539 2790 609; x_wconf 82' lang='grc' dir='ltr'>τὴν</span> <span class='ocrx_word' id='word_1_559' title='bbox 2822 538 3026 591; x_wconf 89' lang='grc' dir='ltr'>τούτων</span> <span class='ocrx_word' id='word_1_560' title='bbox 3053 538 3386 608; x_wconf 85' lang='grc' dir='ltr'>προστασίαν</span> <span class='ocrx_word' id='word_1_561' title='bbox 3415 537 3730 610; x_wconf 78' lang='grc' dir='ltr'>διώκωμενο</span> 
     </span>
    </p>
   </div>
   <div class='ocr_carea' id='block_1_72' title="bbox 2157 619 3736 690">
    <p class='ocr_par' dir='ltr' id='par_1_72' title="bbox 2157 619 3736 690">
     <span class='ocr_line' id='line_1_72' title="bbox 2157 619 3736 690; baseline 0.001 -20"><span class='ocrx_word' id='word_1_562' title='bbox 2157 619 2307 671; x_wconf 84' lang='grc' dir='ltr'>οὐδὲν</span> <span class='ocrx_word' id='word_1_563' title='bbox 2337 621 2444 690; x_wconf 84' lang='grc' dir='ltr'>γὰρ</span> <span class='ocrx_word' id='word_1_564' title='bbox 2473 621 2676 690; x_wconf 86' lang='grc' dir='ltr'>ταύτης</span> <span class='ocrx_word' id='word_1_565' title='bbox 2701 620 3188 690; x_wconf 71' lang='grc' dir='ltr'>ἐπισφαλέστερον·</span> <span class='ocrx_word' id='word_1_566' title='bbox 3219 621 3312 672; x_wconf 78' lang='grc' dir='ltr'>καὶ</span> <span class='ocrx_word' id='word_1_567' title='bbox 3333 619 3539 687; x_wconf 88' lang='grc' dir='ltr'>τοῦτοή</span> <span class='ocrx_word' id='word_1_568' title='bbox 3571 623 3736 689; x_wconf 85' lang='grc' dir='ltr'>πεῖρα</span> 
     </span>
    </p>
   </div>
   <div class='ocr_carea' id='block_1_73' title="bbox 2161 701 3734 772">
    <p class='ocr_par' dir='ltr' id='par_1_73' title="bbox 2161 701 3734 772">
     <span class='ocr_line' id='line_1_73' title="bbox 2161 701 3734 772; baseline 0.002 -20"><span class='ocrx_word' id='word_1_569' title='bbox 2161 701 2268 754; x_wconf 90' lang='grc' dir='ltr'>τῶν</span> <span class='ocrx_word' id='word_1_570' title='bbox 2291 703 2630 772; x_wconf 86' lang='grc' dir='ltr'>πραγμάτων</span> <span class='ocrx_word' id='word_1_571' title='bbox 2653 705 2800 772; x_wconf 84' lang='grc' dir='ltr'>ἡμᾶς</span> <span class='ocrx_word' id='word_1_572' title='bbox 2825 703 2982 772; x_wconf 85' lang='grc' dir='ltr'>ἱκανὴ</span> <span class='ocrx_word' id='word_1_573' title='bbox 3007 701 3230 768; x_wconf 84' lang='grc' dir='ltr'>διδάξαι.</span> <span class='ocrx_word' id='word_1_574' title='bbox 3257 701 3368 756; x_wconf 76' lang='grc' dir='ltr'>Καὶ</span> <span class='ocrx_word' id='word_1_575' title='bbox 3386 701 3494 772; x_wconf 85' lang='grc' dir='ltr'>γὰρ</span> <span class='ocrx_word' id='word_1_576' title='bbox 3517 701 3734 772; x_wconf 79' lang='grc' dir='ltr'>ὁρῶμεν</span> 
     </span>
    </p>
   </div>
   <div class='ocr_carea' id='block_1_74' title="bbox 2162 782 3735 854">
    <p class='ocr_par' dir='ltr' id='par_1_74' title="bbox 2162 782 3735 854">
     <span class='ocr_line' id='line_1_74' title="bbox 2162 782 3735 854; baseline 0.002 -19"><span class='ocrx_word' id='word_1_577' title='bbox 2162 783 2282 836; x_wconf 87' lang='grc' dir='ltr'>καθ’</span> <span class='ocrx_word' id='word_1_578' title='bbox 2307 785 2543 854; x_wconf 85' lang='grc' dir='ltr'>ἑκάστην</span> <span class='ocrx_word' id='word_1_579' title='bbox 2572 785 2782 854; x_wconf 80' lang='grc' dir='ltr'>ἡμέραν</span> <span class='ocrx_word' id='word_1_580' title='bbox 2807 782 3140 853; x_wconf 75' lang='grc' dir='ltr'>ὀξυρρόπους</span> <span class='ocrx_word' id='word_1_581' title='bbox 3167 783 3265 846; x_wconf 81' lang='grc' dir='ltr'>τὰς</span> <span class='ocrx_word' id='word_1_582' title='bbox 3296 783 3613 854; x_wconf 79' lang='grc' dir='ltr'>μεταϐολὰς,</span> <span class='ocrx_word' id='word_1_583' title='bbox 3639 784 3735 838; x_wconf 76' lang='grc' dir='ltr'>καὶ</span> 
     </span>
    </p>
   </div>
   <div class='ocr_carea' id='block_1_75' title="bbox 2163 866 3736 939">
    <p class='ocr_par' dir='ltr' id='par_1_75' title="bbox 2163 866 3736 939">
     <span class='ocr_line' id='line_1_75' title="bbox 2163 866 3736 939; baseline 0.001 -21"><span class='ocrx_word' id='word_1_584' title='bbox 2163 866 2241 928; x_wconf 86' lang='grc' dir='ltr'>εἰς</span> <span class='ocrx_word' id='word_1_585' title='bbox 2273 867 2336 918; x_wconf 82' lang='grc' dir='ltr'>τὸ</span> <span class='ocrx_word' id='word_1_586' title='bbox 2371 867 2612 920; x_wconf 86' lang='grc' dir='ltr'>ἐναντίον</span> <span class='ocrx_word' id='word_1_587' title='bbox 2651 868 2868 922; x_wconf 72' lang='grc' dir='ltr'>ἅπαντα</span> <span class='ocrx_word' id='word_1_588' title='bbox 2916 868 3386 939; x_wconf 84' lang='grc' dir='ltr'>περιτρεπόμενα,</span> <span class='ocrx_word' id='word_1_589' title='bbox 3429 867 3526 920; x_wconf 71' lang='grc' dir='ltr'>καὶ</span> <span class='ocrx_word' id='word_1_590' title='bbox 3554 866 3644 920; x_wconf 85' lang='grc' dir='ltr'>τὸν</span> <span class='ocrx_word' id='word_1_591' title='bbox 3673 868 3736 920; x_wconf 87' lang='grc' dir='ltr'>ἐν</span> 
     </span>
    </p>
   </div>
   <div class='ocr_carea' id='block_1_76' title="bbox 2159 949 3734 1022">
    <p class='ocr_par' dir='ltr' id='par_1_76' title="bbox 2159 949 3734 1022">
     <span class='ocr_line' id='line_1_76' title="bbox 2159 949 3734 1022; baseline -0.002 -19"><span class='ocrx_word' id='word_1_592' title='bbox 2159 951 2224 1019; x_wconf 81' lang='grc' dir='ltr'>τῇ</span> <span class='ocrx_word' id='word_1_593' title='bbox 2245 950 2506 1004; x_wconf 77' lang='grc' dir='ltr'>ἀνωτάτω</span> <span class='ocrx_word' id='word_1_594' title='bbox 2525 951 2795 1021; x_wconf 77' lang='grc' dir='ltr'>εὐημερίᾳ</span> <span class='ocrx_word' id='word_1_595' title='bbox 2818 951 2925 1022; x_wconf 85' lang='grc' dir='ltr'>πρὸ</span> <span class='ocrx_word' id='word_1_596' title='bbox 2953 949 3150 1020; x_wconf 82' lang='grc' dir='ltr'>μικροῦ</span> <span class='ocrx_word' id='word_1_597' title='bbox 3167 949 3520 1019; x_wconf 84' lang='grc' dir='ltr'>τυγχάνοντα,</span> <span class='ocrx_word' id='word_1_598' title='bbox 3539 949 3734 1019; x_wconf 88' lang='grc' dir='ltr'>ἀθρόον</span> 
     </span>
    </p>
   </div>
   <div class='ocr_carea' id='block_1_77' title="bbox 2159 1031 3736 1103">
    <p class='ocr_par' dir='ltr' id='par_1_77' title="bbox 2159 1031 3736 1103">
     <span class='ocr_line' id='line_1_77' title="bbox 2159 1031 3736 1103; baseline -0.001 -19"><span class='ocrx_word' id='word_1_599' title='bbox 2159 1034 2238 1094; x_wconf 87' lang='grc' dir='ltr'>είς</span> <span class='ocrx_word' id='word_1_600' title='bbox 2265 1034 2498 1103; x_wconf 80' lang='grc' dir='ltr'>ἐσχάτην</span> <span class='ocrx_word' id='word_1_601' title='bbox 2537 1033 2874 1103; x_wconf 88' lang='grc' dir='ltr'>δυσπραγίαν</span> <span class='ocrx_word' id='word_1_602' title='bbox 2903 1032 3362 1102; x_wconf 81' lang='grc' dir='ltr'>καταφερόμενον,</span> <span class='ocrx_word' id='word_1_603' title='bbox 3391 1033 3488 1086; x_wconf 77' lang='grc' dir='ltr'>καὶ</span> <span class='ocrx_word' id='word_1_604' title='bbox 3526 1031 3597 1084; x_wconf 90' lang='grc' dir='ltr'>τά</span> <span class='ocrx_word' id='word_1_605' title='bbox 3623 1032 3736 1084; x_wconf 85' lang='grc' dir='ltr'>τῶν</span> 
     </span>
    </p>
   </div>
   <div class='ocr_carea' id='block_1_78' title="bbox 2161 1109 3733 1184">
    <p class='ocr_par' dir='ltr' id='par_1_78' title="bbox 2161 1109 3733 1184">
     <span class='ocr_line' id='line_1_78' title="bbox 2161 1109 3733 1184; baseline -0.003 -16"><span class='ocrx_word' id='word_1_606' title='bbox 2161 1115 2468 1168; x_wconf 86' lang='grc' dir='ltr'>καταδίκων</span> <span class='ocrx_word' id='word_1_607' title='bbox 2501 1115 2762 1178; x_wconf 82' lang='grc' dir='ltr'>πολλάκις</span> <span class='ocrx_word' id='word_1_608' title='bbox 2803 1116 3162 1184; x_wconf 84' lang='grc' dir='ltr'>ὑπομένοντα.</span> <span class='ocrx_word' id='word_1_609' title='bbox 3204 1115 3370 1178; x_wconf 87' lang='grc' dir='ltr'>Ποίας</span> <span class='ocrx_word' id='word_1_610' title='bbox 3415 1109 3507 1166; x_wconf 85' lang='grc' dir='ltr'>οὖν</span> <span class='ocrx_word' id='word_1_611' title='bbox 3551 1113 3616 1166; x_wconf 80' lang='grc' dir='ltr'>ἂν</span> <span class='ocrx_word' id='word_1_612' title='bbox 3645 1114 3733 1182; x_wconf 76' lang='grc' dir='ltr'>εἴη</span> 
     </span>
    </p>
   </div>
   <div class='ocr_carea' id='block_1_79' title="bbox 2161 1195 3734 1268">
    <p class='ocr_par' dir='ltr' id='par_1_79' title="bbox 2161 1195 3734 1268">
     <span class='ocr_line' id='line_1_79' title="bbox 2161 1195 3734 1268; baseline -0.003 -17"><span class='ocrx_word' id='word_1_613' title='bbox 2161 1197 2464 1267; x_wconf 84' lang='grc' dir='ltr'>παρανοίας</span> <span class='ocrx_word' id='word_1_614' title='bbox 2493 1198 2698 1252; x_wconf 89' lang='grc' dir='ltr'>τούτων</span> <span class='ocrx_word' id='word_1_615' title='bbox 2739 1198 3095 1268; x_wconf 85' lang='grc' dir='ltr'>μεταδιώκειν</span> <span class='ocrx_word' id='word_1_616' title='bbox 3127 1197 3225 1267; x_wconf 85' lang='grc' dir='ltr'>τὴν</span> <span class='ocrx_word' id='word_1_617' title='bbox 3257 1195 3590 1268; x_wconf 84' lang='grc' dir='ltr'>προστασίαν</span> <span class='ocrx_word' id='word_1_618' title='bbox 3621 1195 3734 1247; x_wconf 83' lang='grc' dir='ltr'>τῶν</span> 
     </span>
    </p>
   </div>
   <div class='ocr_carea' id='block_1_80' title="bbox 2163 1275 3732 1351">
    <p class='ocr_par' dir='ltr' id='par_1_80' title="bbox 2163 1275 3732 1351">
     <span class='ocr_line' id='line_1_80' title="bbox 2163 1275 3732 1351; baseline -0.002 -19"><span class='ocrx_word' id='word_1_619' title='bbox 2163 1281 2220 1332; x_wconf 89' lang='grc' dir='ltr'>ἐν</span> <span class='ocrx_word' id='word_1_620' title='bbox 2263 1280 2500 1349; x_wconf 84' lang='grc' dir='ltr'>τοσαύτῃ</span> <span class='ocrx_word' id='word_1_621' title='bbox 2548 1280 2742 1351; x_wconf 83' lang='grc' dir='ltr'>ἀδηλίᾳ</span> <span class='ocrx_word' id='word_1_622' title='bbox 2779 1280 3173 1350; x_wconf 80' lang='grc' dir='ltr'>τυγχανόντων,</span> <span class='ocrx_word' id='word_1_623' title='bbox 3217 1279 3312 1332; x_wconf 77' lang='grc' dir='ltr'>καὶ</span> <span class='ocrx_word' id='word_1_624' title='bbox 3343 1277 3464 1330; x_wconf 80' lang='grc' dir='ltr'>οὐδὲ</span> <span class='ocrx_word' id='word_1_625' title='bbox 3495 1276 3563 1330; x_wconf 82' lang='grc' dir='ltr'>τὰ</span> <span class='ocrx_word' id='word_1_626' title='bbox 3610 1275 3732 1330; x_wconf 84' lang='grc' dir='ltr'>καθ’</span> 
     </span>
    </p>
   </div>
   <div class='ocr_carea' id='block_1_81' title="bbox 2161 1357 3734 1431">
    <p class='ocr_par' dir='ltr' id='par_1_81' title="bbox 2161 1357 3734 1431">
     <span class='ocr_line' id='line_1_81' title="bbox 2161 1357 3734 1431; baseline -0.003 -18"><span class='ocrx_word' id='word_1_627' title='bbox 2161 1363 2384 1424; x_wconf 76' lang='grc' dir='ltr'>ἑαυτοὺς</span> <span class='ocrx_word' id='word_1_628' title='bbox 2415 1361 2612 1414; x_wconf 76' lang='grc' dir='ltr'>ἱκανῶν</span> <span class='ocrx_word' id='word_1_629' title='bbox 2635 1362 2802 1414; x_wconf 78' lang='grc' dir='ltr'>ὅντων</span> <span class='ocrx_word' id='word_1_630' title='bbox 2832 1361 2970 1431; x_wconf 83' lang='grc' dir='ltr'>μετὰ</span> <span class='ocrx_word' id='word_1_631' title='bbox 2997 1361 3294 1430; x_wconf 83' lang='grc' dir='ltr'>ἀσφαλείας</span> <span class='ocrx_word' id='word_1_632' title='bbox 3323 1359 3618 1422; x_wconf 78' lang='grc' dir='ltr'>διαθεῖναι;</span> <span class='ocrx_word' id='word_1_633' title='bbox 3641 1357 3734 1410; x_wconf 77' lang='grc' dir='ltr'>Διὸ</span> 
     </span>
    </p>
   </div>
   <div class='ocr_carea' id='block_1_82' title="bbox 2163 1441 3736 1516">
    <p class='ocr_par' dir='ltr' id='par_1_82' title="bbox 2163 1441 3736 1516">
     <span class='ocr_line' id='line_1_82' title="bbox 2163 1441 3736 1516; baseline -0.005 -17"><span class='ocrx_word' id='word_1_634' title='bbox 2163 1445 2342 1516; x_wconf 86' lang='grc' dir='ltr'>πάσης</span> <span class='ocrx_word' id='word_1_635' title='bbox 2378 1445 2476 1516; x_wconf 84' lang='grc' dir='ltr'>μὲν</span> <span class='ocrx_word' id='word_1_636' title='bbox 2509 1445 2855 1515; x_wconf 83' lang='grc' dir='ltr'>ἀνθρωπίνης</span> <span class='ocrx_word' id='word_1_637' title='bbox 2882 1444 3214 1514; x_wconf 85' lang='grc' dir='ltr'>προστασίας</span> <span class='ocrx_word' id='word_1_638' title='bbox 3241 1443 3462 1504; x_wconf 78' lang='grc' dir='ltr'>ἑαυτοὺς</span> <span class='ocrx_word' id='word_1_639' title='bbox 3496 1441 3736 1507; x_wconf 88' lang='grc' dir='ltr'>ἀποστή-</span> 
     </span>
    </p>
   </div>
   <div class='ocr_carea' id='block_1_83' title="bbox 2165 1524 3736 1600">
    <p class='ocr_par' dir='ltr' id='par_1_83' title="bbox 2165 1524 3736 1600">
     <span class='ocr_line' id='line_1_83' title="bbox 2165 1524 3736 1600; baseline -0.005 -18"><span class='ocrx_word' id='word_1_640' title='bbox 2165 1547 2367 1598; x_wconf 90' lang='grc' dir='ltr'>σωμεν,</span> <span class='ocrx_word' id='word_1_641' title='bbox 2394 1529 2728 1600; x_wconf 85' lang='grc' dir='ltr'>μεμνημένοι</span> <span class='ocrx_word' id='word_1_642' title='bbox 2747 1527 2954 1581; x_wconf 77' lang='grc' dir='ltr'>καὶτοῦ</span> <span class='ocrx_word' id='word_1_643' title='bbox 2982 1528 3254 1598; x_wconf 85' lang='grc' dir='ltr'>προφήτου</span> <span class='ocrx_word' id='word_1_644' title='bbox 3285 1525 3532 1593; x_wconf 86' lang='grc' dir='ltr'>λέγοντος</span> <span class='ocrx_word' id='word_1_645' title='bbox 3549 1539 3564 1551; x_wconf 77' lang='grc'>⁶</span> <span class='ocrx_word' id='word_1_646' title='bbox 3590 1524 3736 1574; x_wconf 76' lang='grc' dir='ltr'>Ἐπι-</span> 
     </span>
    </p>
   </div>
   <div class='ocr_carea' id='block_1_84' title="bbox 2161 1605 3736 1680">
    <p class='ocr_par' dir='ltr' id='par_1_84' title="bbox 2161 1605 3736 1680">
     <span class='ocr_line' id='line_1_84' title="bbox 2161 1605 3736 1680; baseline -0.005 -15"><span class='ocrx_word' id='word_1_647' title='bbox 2161 1611 2490 1680; x_wconf 81' lang='grc' dir='ltr'>κατάρατος</span> <span class='ocrx_word' id='word_1_648' title='bbox 2517 1611 2848 1679; x_wconf 78' lang='grc' dir='ltr'>ἄνθρωπος,</span> <span class='ocrx_word' id='word_1_649' title='bbox 2879 1612 2946 1677; x_wconf 88' lang='grc' dir='ltr'>ὃς</span> <span class='ocrx_word' id='word_1_650' title='bbox 2973 1611 3086 1677; x_wconf 81' lang='grc' dir='ltr'>τὴν</span> <span class='ocrx_word' id='word_1_651' title='bbox 3113 1609 3332 1663; x_wconf 73' lang='grc' dir='ltr'>ἐλπίδα</span> <span class='ocrx_word' id='word_1_652' title='bbox 3361 1607 3486 1676; x_wconf 78' lang='grc' dir='ltr'>ἔχει</span> <span class='ocrx_word' id='word_1_653' title='bbox 3515 1607 3608 1659; x_wconf 81' lang='grc' dir='ltr'>ἐπ’</span> <span class='ocrx_word' id='word_1_654' title='bbox 3631 1605 3736 1658; x_wconf 79' lang='grc' dir='ltr'>ἇν-</span> 
     </span>
    </p>
   </div>
   <div class='ocr_carea' id='block_1_85' title="bbox 2163 1686 3736 1764">
    <p class='ocr_par' dir='ltr' id='par_1_85' title="bbox 2163 1686 3736 1764">
     <span class='ocr_line' id='line_1_85' title="bbox 2163 1686 3736 1764; baseline -0.008 -15"><span class='ocrx_word' id='word_1_655' title='bbox 2163 1700 2417 1763; x_wconf 82' lang='grc' dir='ltr'>θρωπον.</span> <span class='ocrx_word' id='word_1_656' title='bbox 2448 1695 2609 1764; x_wconf 84' lang='grc' dir='ltr'>Ὁρᾷς</span> <span class='ocrx_word' id='word_1_657' title='bbox 2629 1695 2710 1748; x_wconf 81' lang='grc' dir='ltr'>ὅτι</span> <span class='ocrx_word' id='word_1_658' title='bbox 2737 1695 2766 1746; x_wconf 89' lang='grc' dir='ltr'>ὁ</span> <span class='ocrx_word' id='word_1_659' title='bbox 2787 1694 3026 1756; x_wconf 87' lang='grc' dir='ltr'>τοιοῦτος</span> <span class='ocrx_word' id='word_1_660' title='bbox 3053 1693 3114 1745; x_wconf 88' lang='grc' dir='ltr'>οὑ</span> <span class='ocrx_word' id='word_1_661' title='bbox 3145 1692 3305 1762; x_wconf 88' lang='grc' dir='ltr'>μόνον</span> <span class='ocrx_word' id='word_1_662' title='bbox 3330 1689 3572 1759; x_wconf 76' lang='grc' dir='ltr'>ἀνόητος,</span> <span class='ocrx_word' id='word_1_663' title='bbox 3601 1686 3736 1738; x_wconf 79' lang='grc' dir='ltr'>ἀλλά</span> 
     </span>
    </p>
   </div>
   <div class='ocr_carea' id='block_1_86' title="bbox 2163 1769 3736 1848">
    <p class='ocr_par' dir='ltr' id='par_1_86' title="bbox 2163 1769 3736 1848">
     <span class='ocr_line' id='line_1_86' title="bbox 2163 1769 3736 1848; baseline -0.006 -16"><span class='ocrx_word' id='word_1_664' title='bbox 2163 1779 2258 1832; x_wconf 79' lang='grc' dir='ltr'>καὶ</span> <span class='ocrx_word' id='word_1_665' title='bbox 2287 1777 2705 1848; x_wconf 87' lang='grc' dir='ltr'>ἐπικατάρατος,</span> <span class='ocrx_word' id='word_1_666' title='bbox 2733 1775 2828 1831; x_wconf 76' lang='grc' dir='ltr'>ἀτε</span> <span class='ocrx_word' id='word_1_667' title='bbox 2860 1777 2923 1848; x_wconf 86' lang='grc' dir='ltr'>δὴ</span> <span class='ocrx_word' id='word_1_668' title='bbox 2951 1775 3264 1830; x_wconf 84' lang='grc' dir='ltr'>καταλιπὼν</span> <span class='ocrx_word' id='word_1_669' title='bbox 3291 1775 3383 1827; x_wconf 83' lang='grc' dir='ltr'>τὸν</span> <span class='ocrx_word' id='word_1_670' title='bbox 3411 1772 3520 1824; x_wconf 90' lang='grc' dir='ltr'>τῶν</span> <span class='ocrx_word' id='word_1_671' title='bbox 3563 1769 3736 1824; x_wconf 84' lang='grc' dir='ltr'>ἀπάν-</span> 
     </span>
    </p>
   </div>
   <div class='ocr_carea' id='block_1_87' title="bbox 2163 1851 3738 1932">
    <p class='ocr_par' dir='ltr' id='par_1_87' title="bbox 2163 1851 3738 1932">
     <span class='ocr_line' id='line_1_87' title="bbox 2163 1851 3738 1932; baseline -0.007 -18"><span class='ocrx_word' id='word_1_672' title='bbox 2163 1879 2270 1914; x_wconf 86' lang='grc' dir='ltr'>των</span> <span class='ocrx_word' id='word_1_673' title='bbox 2303 1861 2592 1930; x_wconf 87' lang='grc' dir='ltr'>Δεσπότην,</span> <span class='ocrx_word' id='word_1_674' title='bbox 2636 1860 2730 1914; x_wconf 76' lang='grc' dir='ltr'>καὶ</span> <span class='ocrx_word' id='word_1_675' title='bbox 2773 1861 2908 1932; x_wconf 85' lang='grc' dir='ltr'>πρὸς</span> <span class='ocrx_word' id='word_1_676' title='bbox 2951 1860 3041 1912; x_wconf 81' lang='grc' dir='ltr'>τὸν</span> <span class='ocrx_word' id='word_1_677' title='bbox 3069 1856 3355 1928; x_wconf 83' lang='grc' dir='ltr'>ὁμόδουλον</span> <span class='ocrx_word' id='word_1_678' title='bbox 3387 1855 3618 1925; x_wconf 81' lang='grc' dir='ltr'>τρέχων,</span> <span class='ocrx_word' id='word_1_679' title='bbox 3643 1851 3738 1905; x_wconf 82' lang='grc' dir='ltr'>τὸν</span> 
     </span>
    </p>
   </div>
   <div class='ocr_carea' id='block_1_88' title="bbox 2163 1934 3736 2014">
    <p class='ocr_par' dir='ltr' id='par_1_88' title="bbox 2163 1934 3736 2014">
     <span class='ocr_line' id='line_1_88' title="bbox 2163 1934 3736 2014; baseline -0.008 -16"><span class='ocrx_word' id='word_1_680' title='bbox 2163 1945 2284 1998; x_wconf 88' lang='grc' dir='ltr'>οὐδέ</span> <span class='ocrx_word' id='word_1_681' title='bbox 2313 1943 2490 2013; x_wconf 81' lang='grc' dir='ltr'>ἐαυτῷ</span> <span class='ocrx_word' id='word_1_682' title='bbox 2513 1942 2744 2014; x_wconf 79' lang='grc' dir='ltr'>ἀρκέσαι</span> <span class='ocrx_word' id='word_1_683' title='bbox 2769 1942 3098 2011; x_wconf 88' lang='grc' dir='ltr'>δυνάμενον;</span> <span class='ocrx_word' id='word_1_684' title='bbox 3123 1938 3414 2008; x_wconf 74' lang='grc' dir='ltr'>Φεύγωμεν</span> <span class='ocrx_word' id='word_1_685' title='bbox 3437 1937 3613 1988; x_wconf 88' lang='grc' dir='ltr'>τοίνυν</span> <span class='ocrx_word' id='word_1_686' title='bbox 3636 1934 3736 2003; x_wconf 85' lang='grc' dir='ltr'>τὴν</span> 
     </span>
    </p>
   </div>
   <div class='ocr_carea' id='block_1_89' title="bbox 2164 2018 3734 2098">
    <p class='ocr_par' dir='ltr' id='par_1_89' title="bbox 2164 2018 3734 2098">
     <span class='ocr_line' id='line_1_89' title="bbox 2164 2018 3734 2098; baseline -0.01 -16"><span class='ocrx_word' id='word_1_687' title='bbox 2164 2027 2406 2097; x_wconf 88' lang='grc' dir='ltr'>κατάραν</span> <span class='ocrx_word' id='word_1_688' title='bbox 2436 2027 2660 2098; x_wconf 88' lang='grc' dir='ltr'>ταύτην,</span> <span class='ocrx_word' id='word_1_689' title='bbox 2702 2023 3023 2096; x_wconf 79' lang='grc' dir='ltr'>παρακαλῶ,</span> <span class='ocrx_word' id='word_1_690' title='bbox 3067 2023 3163 2076; x_wconf 73' lang='grc' dir='ltr'>καὶ</span> <span class='ocrx_word' id='word_1_691' title='bbox 3201 2022 3300 2091; x_wconf 85' lang='grc' dir='ltr'>τὴν</span> <span class='ocrx_word' id='word_1_692' title='bbox 3334 2019 3522 2073; x_wconf 79' lang='grc' dir='ltr'>ἐλπίδα</span> <span class='ocrx_word' id='word_1_693' title='bbox 3553 2018 3734 2070; x_wconf 78' lang='grc' dir='ltr'>πᾶσαν</span> 
     </span>
    </p>
   </div>
   <div class='ocr_carea' id='block_1_90' title="bbox 2163 2098 3732 2180">
    <p class='ocr_par' dir='ltr' id='par_1_90' title="bbox 2163 2098 3732 2180">
     <span class='ocr_line' id='line_1_90' title="bbox 2163 2098 3732 2180; baseline -0.01 -14"><span class='ocrx_word' id='word_1_694' title='bbox 2163 2115 2257 2168; x_wconf 77' lang='grc' dir='ltr'>ἐπὶ</span> <span class='ocrx_word' id='word_1_695' title='bbox 2286 2114 2379 2166; x_wconf 73' lang='grc' dir='ltr'>τὸν</span> <span class='ocrx_word' id='word_1_696' title='bbox 2416 2111 2548 2166; x_wconf 84' lang='grc' dir='ltr'>Θεὸν</span> <span class='ocrx_word' id='word_1_697' title='bbox 2602 2109 3047 2180; x_wconf 85' lang='grc' dir='ltr'>μεταστήσωμεν.</span> <span class='ocrx_word' id='word_1_698' title='bbox 3087 2103 3234 2175; x_wconf 81' lang='grc' dir='ltr'>Αὕτη</span> <span class='ocrx_word' id='word_1_699' title='bbox 3271 2103 3378 2174; x_wconf 82' lang='grc' dir='ltr'>γάρ</span> <span class='ocrx_word' id='word_1_700' title='bbox 3418 2101 3608 2171; x_wconf 84' lang='grc' dir='ltr'>βεϐαία</span> <span class='ocrx_word' id='word_1_701' title='bbox 3636 2098 3732 2151; x_wconf 81' lang='grc' dir='ltr'>καὶ</span> 
     </span>
    </p>
   </div>
   <div class='ocr_carea' id='block_1_91' title="bbox 2163 2183 3731 2266">
    <p class='ocr_par' dir='ltr' id='par_1_91' title="bbox 2163 2183 3731 2266">
     <span class='ocr_line' id='line_1_91' title="bbox 2163 2183 3731 2266; baseline -0.01 -16"><span class='ocrx_word' id='word_1_702' title='bbox 2163 2197 2417 2266; x_wconf 86' lang='grc' dir='ltr'>ἀκίνητος</span> <span class='ocrx_word' id='word_1_703' title='bbox 2443 2195 2535 2249; x_wconf 74' lang='grc' dir='ltr'>καὶ</span> <span class='ocrx_word' id='word_1_704' title='bbox 2567 2193 2864 2264; x_wconf 83' lang='grc' dir='ltr'>μεταϐολὴν</span> <span class='ocrx_word' id='word_1_705' title='bbox 2888 2191 2988 2245; x_wconf 83' lang='grc' dir='ltr'>οὐκ</span> <span class='ocrx_word' id='word_1_706' title='bbox 3015 2187 3391 2259; x_wconf 85' lang='grc' dir='ltr'>ἐπιδεχομένη,</span> <span class='ocrx_word' id='word_1_707' title='bbox 3423 2183 3731 2266; x_wconf 11' lang='grc' dir='ltr'>καθάπερᾷή</span> 
     </span>
    </p>
   </div>
   <div class='ocr_carea' id='block_1_92' title="bbox 2165 2264 3732 2348">
    <p class='ocr_par' dir='ltr' id='par_1_92' title="bbox 2165 2264 3732 2348">
     <span class='ocr_line' id='line_1_92' title="bbox 2165 2264 3732 2348; baseline -0.011 -14"><span class='ocrx_word' id='word_1_708' title='bbox 2165 2283 2256 2334; x_wconf 75' lang='grc' dir='ltr'>ἐπὶ</span> <span class='ocrx_word' id='word_1_709' title='bbox 2289 2264 2396 2333; x_wconf 85' lang='grc' dir='ltr'>τῶν</span> <span class='ocrx_word' id='word_1_710' title='bbox 2423 2277 2742 2348; x_wconf 81' lang='grc' dir='ltr'>ἀνθρώπων.</span> <span class='ocrx_word' id='word_1_711' title='bbox 2769 2277 2840 2328; x_wconf 86' lang='grc' dir='ltr'><strong><em>Ἦ</em></strong></span> <span class='ocrx_word' id='word_1_712' title='bbox 2870 2275 2977 2344; x_wconf 87' lang='grc' dir='ltr'>γὰρ</span> <span class='ocrx_word' id='word_1_713' title='bbox 3006 2273 3232 2336; x_wconf 87' lang='grc' dir='ltr'>θάνατος</span> <span class='ocrx_word' id='word_1_714' title='bbox 3260 2268 3490 2324; x_wconf 88' lang='grc' dir='ltr'>ἐνταῦθα</span> <span class='ocrx_word' id='word_1_715' title='bbox 3519 2264 3732 2333; x_wconf 75' lang='grc' dir='ltr'>διέκοψε</span> 
     </span>
    </p>
   </div>
   <div class='ocr_carea' id='block_1_93' title="bbox 2164 2348 3732 2434">
    <p class='ocr_par' dir='ltr' id='par_1_93' title="bbox 2164 2348 3732 2434">
     <span class='ocr_line' id='line_1_93' title="bbox 2164 2348 3732 2434; baseline -0.01 -18"><span class='ocrx_word' id='word_1_716' title='bbox 2164 2364 2262 2434; x_wconf 84' lang='grc' dir='ltr'>τὴν</span> <span class='ocrx_word' id='word_1_717' title='bbox 2301 2360 2655 2433; x_wconf 81' lang='grc' dir='ltr'>προστασίαν,</span> <span class='ocrx_word' id='word_1_718' title='bbox 2694 2357 2788 2411; x_wconf 79' lang='grc' dir='ltr'>καὶ</span> <span class='ocrx_word' id='word_1_719' title='bbox 2820 2356 3058 2425; x_wconf 81' lang='grc' dir='ltr'>γυμνοὺς</span> <span class='ocrx_word' id='word_1_720' title='bbox 3087 2356 3182 2407; x_wconf 75' lang='grc' dir='ltr'>καὶ</span> <span class='ocrx_word' id='word_1_721' title='bbox 3215 2353 3454 2422; x_wconf 78' lang='grc' dir='ltr'>ἐρήμους</span> <span class='ocrx_word' id='word_1_722' title='bbox 3485 2348 3732 2434; x_wconf 79' lang='grc' dir='ltr'>γενέσθαι</span> 
     </span>
    </p>
   </div>
   <div class='ocr_carea' id='block_1_94' title="bbox 2165 2431 3734 2516">
    <p class='ocr_par' dir='ltr' id='par_1_94' title="bbox 2165 2431 3734 2516">
     <span class='ocr_line' id='line_1_94' title="bbox 2165 2431 3734 2516; baseline -0.011 -16"><span class='ocrx_word' id='word_1_723' title='bbox 2165 2431 2540 2516; x_wconf 79' lang='grc' dir='ltr'>παρεσκεύασε</span> <span class='ocrx_word' id='word_1_724' title='bbox 2567 2444 2692 2505; x_wconf 83' lang='grc' dir='ltr'>τοὺς</span> <span class='ocrx_word' id='word_1_725' title='bbox 2719 2443 2810 2494; x_wconf 77' lang='grc' dir='ltr'>ἐπὶ</span> <span class='ocrx_word' id='word_1_726' title='bbox 2841 2441 3028 2493; x_wconf 90' lang='grc' dir='ltr'>τοῦτον</span> <span class='ocrx_word' id='word_1_727' title='bbox 3063 2435 3504 2505; x_wconf 87' lang='grc' dir='ltr'>καταφεύγοντας</span> <span class='ocrx_word' id='word_1_728' title='bbox 3523 2449 3536 2464; x_wconf 91' lang='grc'><strong>·</strong></span> <span class='ocrx_word' id='word_1_729' title='bbox 3563 2431 3734 2516; x_wconf 18' lang='grc' dir='ltr'>ἦῃκαὶ</span> 
     </span>
    </p>
   </div>
   <div class='ocr_carea' id='block_1_95' title="bbox 2165 2515 3730 2600">
    <p class='ocr_par' dir='ltr' id='par_1_95' title="bbox 2165 2515 3730 2600">
     <span class='ocr_line' id='line_1_95' title="bbox 2165 2515 3730 2600; baseline -0.011 -18"><span class='ocrx_word' id='word_1_730' title='bbox 2165 2515 2272 2600; x_wconf 80' lang='grc' dir='ltr'>πρδ</span> <span class='ocrx_word' id='word_1_731' title='bbox 2307 2527 2400 2581; x_wconf 88' lang='grc' dir='ltr'>τοῦ</span> <span class='ocrx_word' id='word_1_732' title='bbox 2444 2527 2674 2580; x_wconf 87' lang='grc' dir='ltr'>θανάτου</span> <span class='ocrx_word' id='word_1_733' title='bbox 2727 2522 2998 2596; x_wconf 81' lang='grc' dir='ltr'>μεταϐολὴ</span> <span class='ocrx_word' id='word_1_734' title='bbox 3029 2519 3367 2593; x_wconf 88' lang='grc' dir='ltr'>πραγμάτων</span> <span class='ocrx_word' id='word_1_735' title='bbox 3407 2515 3730 2600; x_wconf 69' lang='grc' dir='ltr'>ἐπελθοῦσα.</span> 
     </span>
    </p>
   </div>
   <div class='ocr_carea' id='block_1_96' title="bbox 2166 2596 3740 2677">
    <p class='ocr_par' dir='ltr' id='par_1_96' title="bbox 2166 2596 3740 2677">
     <span class='ocr_line' id='line_1_96' title="bbox 2166 2596 3740 2677; baseline -0.011 -14"><span class='ocrx_word' id='word_1_736' title='bbox 2166 2596 2380 2665; x_wconf 74' lang='grc' dir='ltr'>ἅπαντα</span> <span class='ocrx_word' id='word_1_737' title='bbox 2429 2609 2607 2677; x_wconf 85' lang='grc' dir='ltr'>ἄκυρα</span> <span class='ocrx_word' id='word_1_738' title='bbox 2645 2607 2843 2676; x_wconf 78' lang='grc' dir='ltr'>ἀμφοῖν</span> <span class='ocrx_word' id='word_1_739' title='bbox 2893 2605 3182 2672; x_wconf 87' lang='grc' dir='ltr'>πεποίηκε.</span> <span class='ocrx_word' id='word_1_740' title='bbox 3229 2600 3340 2654; x_wconf 75' lang='grc' dir='ltr'>Καὶ</span> <span class='ocrx_word' id='word_1_741' title='bbox 3383 2597 3584 2652; x_wconf 89' lang='grc' dir='ltr'>τούτων</span> <span class='ocrx_word' id='word_1_742' title='bbox 3625 2596 3740 2660; x_wconf 29' lang='grc' dir='ltr'>τῶν,</span> 
     </span>
    </p>
   </div>
   <div class='ocr_carea' id='block_1_97' title="bbox 2167 2677 3734 2763">
    <p class='ocr_par' dir='ltr' id='par_1_97' title="bbox 2167 2677 3734 2763">
     <span class='ocr_line' id='line_1_97' title="bbox 2167 2677 3734 2763; baseline -0.012 -16"><span class='ocrx_word' id='word_1_743' title='bbox 2167 2689 2622 2763; x_wconf 83' lang='grc' dir='ltr'>παραδειγμάτων</span> <span class='ocrx_word' id='word_1_744' title='bbox 2652 2689 2757 2750; x_wconf 77' lang='grc' dir='ltr'>πᾶς</span> <span class='ocrx_word' id='word_1_745' title='bbox 2787 2687 2946 2756; x_wconf 82' lang='grc' dir='ltr'>γέμει</span> <span class='ocrx_word' id='word_1_746' title='bbox 2975 2689 3002 2739; x_wconf 90' lang='grc' dir='ltr'>ὁ</span> <span class='ocrx_word' id='word_1_747' title='bbox 3041 2685 3170 2754; x_wconf 86' lang='grc' dir='ltr'>βίος.</span> <span class='ocrx_word' id='word_1_748' title='bbox 3208 2683 3299 2736; x_wconf 75' lang='grc' dir='ltr'>Διὸ</span> <span class='ocrx_word' id='word_1_749' title='bbox 3340 2681 3461 2734; x_wconf 79' lang='grc' dir='ltr'>ούδέ</span> <span class='ocrx_word' id='word_1_750' title='bbox 3495 2677 3734 2763; x_wconf 68' lang='grc' dir='ltr'>συγγνιῦ-</span> 
     </span>
    </p>
   </div>
   <div class='ocr_carea' id='block_1_98' title="bbox 2168 2759 3737 2846">
    <p class='ocr_par' dir='ltr' id='par_1_98' title="bbox 2168 2759 3737 2846">
     <span class='ocr_line' id='line_1_98' title="bbox 2168 2759 3737 2846; baseline -0.011 -17"><span class='ocrx_word' id='word_1_751' title='bbox 2168 2759 2274 2846; x_wconf 84' lang='grc' dir='ltr'>μης</span> <span class='ocrx_word' id='word_1_752' title='bbox 2312 2759 2449 2827; x_wconf 74' lang='grc' dir='ltr'>είσίν</span> <span class='ocrx_word' id='word_1_753' title='bbox 2483 2772 2640 2836; x_wconf 82' lang='grc' dir='ltr'>ἄξιοι,</span> <span class='ocrx_word' id='word_1_754' title='bbox 2695 2772 2744 2823; x_wconf 88' lang='grc' dir='ltr'>οἰ</span> <span class='ocrx_word' id='word_1_755' title='bbox 2795 2770 2933 2840; x_wconf 88' lang='grc' dir='ltr'>μετὰ</span> <span class='ocrx_word' id='word_1_756' title='bbox 2970 2767 3068 2838; x_wconf 83' lang='grc' dir='ltr'>τὴν</span> <span class='ocrx_word' id='word_1_757' title='bbox 3113 2765 3382 2834; x_wconf 87' lang='grc' dir='ltr'>τοσαύτην</span> <span class='ocrx_word' id='word_1_758' title='bbox 3425 2765 3631 2846; x_wconf 29' lang='grc' dir='ltr'>πεῖραν-</span> <span class='ocrx_word' id='word_1_759' title='bbox 3651 2759 3737 2846; x_wconf 67' lang='grc' dir='ltr'>ἐτι</span> 
     </span>
    </p>
   </div>
   <div class='ocr_carea' id='block_1_99' title="bbox 2165 2841 3739 2928">
    <p class='ocr_par' dir='ltr' id='par_1_99' title="bbox 2165 2841 3739 2928">
     <span class='ocr_line' id='line_1_99' title="bbox 2165 2841 3739 2928; baseline -0.011 -16"><span class='ocrx_word' id='word_1_760' title='bbox 2165 2841 2261 2912; x_wconf 82' lang='grc' dir='ltr'>ἀνθ</span> <span class='ocrx_word' id='word_1_761' title='bbox 2269 2855 2476 2928; x_wconf 78' lang='grc' dir='ltr'>ρωπίνῃ</span> <span class='ocrx_word' id='word_1_762' title='bbox 2495 2855 2642 2926; x_wconf 67' lang='grc'>[548]</span> <span class='ocrx_word' id='word_1_763' title='bbox 2659 2853 2961 2924; x_wconf 78' lang='grc' dir='ltr'>προστασίᾳ</span> <span class='ocrx_word' id='word_1_764' title='bbox 2977 2849 3424 2921; x_wconf 83' lang='grc' dir='ltr'>προστετηκὸτες,</span> <span class='ocrx_word' id='word_1_765' title='bbox 3439 2846 3531 2928; x_wconf 63' lang='grc' dir='ltr'>και</span> <span class='ocrx_word' id='word_1_766' title='bbox 3551 2841 3739 2928; x_wconf 77' lang='grc' dir='ltr'>πολλά-</span> 
     </span>
    </p>
   </div>
   <div class='ocr_carea' id='block_1_100' title="bbox 2165 2923 3740 3004">
    <p class='ocr_par' dir='ltr' id='par_1_100' title="bbox 2165 2923 3740 3004">
     <span class='ocr_line' id='line_1_100' title="bbox 2165 2923 3740 3004; baseline -0.013 -9"><span class='ocrx_word' id='word_1_767' title='bbox 2165 2959 2252 3004; x_wconf 88' lang='grc' dir='ltr'>κις</span> <span class='ocrx_word' id='word_1_768' title='bbox 2269 2923 2280 2928; x_wconf 49' lang='grc'><em>”</em></span> <span class='ocrx_word' id='word_1_769' title='bbox 2304 2941 2394 2994; x_wconf 83' lang='grc' dir='ltr'>ὑπ’</span> <span class='ocrx_word' id='word_1_770' title='bbox 2421 2923 2598 2992; x_wconf 79' lang='grc' dir='ltr'>αύτῶν</span> <span class='ocrx_word' id='word_1_771' title='bbox 2624 2923 2924 2989; x_wconf 81' lang='grc' dir='ltr'>δοκούντων</span> <span class='ocrx_word' id='word_1_772' title='bbox 2962 2929 3100 2986; x_wconf 78' lang='grc' dir='ltr'>εἶναι</span> <span class='ocrx_word' id='word_1_773' title='bbox 3140 2928 3458 3002; x_wconf 84' lang='grc' dir='ltr'>προστατῶν</span> <span class='ocrx_word' id='word_1_774' title='bbox 3481 2927 3548 2980; x_wconf 86' lang='grc' dir='ltr'>τὰ</span> <span class='ocrx_word' id='word_1_775' title='bbox 3571 2943 3640 2996; x_wconf 90' lang='grc' dir='ltr'>μυ</span> <span class='ocrx_word' id='word_1_776' title='bbox 3650 2923 3740 2994; x_wconf 87' lang='grc' dir='ltr'>ρία</span> 
     </span>
    </p>
   </div>
   <div class='ocr_carea' id='block_1_101' title="bbox 2161 3009 3740 3092">
    <p class='ocr_par' dir='ltr' id='par_1_101' title="bbox 2161 3009 3740 3092">
     <span class='ocr_line' id='line_1_101' title="bbox 2161 3009 3740 3092; baseline -0.012 -15"><span class='ocrx_word' id='word_1_777' title='bbox 2161 3023 2310 3077; x_wconf 78' lang='grc' dir='ltr'>δεινὰ</span> <span class='ocrx_word' id='word_1_778' title='bbox 2331 3022 2712 3092; x_wconf 83' lang='grc' dir='ltr'>ὑπομένοντες.</span> <span class='ocrx_word' id='word_1_779' title='bbox 2737 3016 2982 3086; x_wconf 84' lang='grc' dir='ltr'>Τοσαύτη</span> <span class='ocrx_word' id='word_1_780' title='bbox 3012 3016 3120 3086; x_wconf 77' lang='grc' dir='ltr'>γάρ</span> <span class='ocrx_word' id='word_1_781' title='bbox 3149 3015 3251 3084; x_wconf 82' lang='grc' dir='ltr'>τῆς</span> <span class='ocrx_word' id='word_1_782' title='bbox 3281 3011 3478 3074; x_wconf 85' lang='grc' dir='ltr'>κακίας</span> <span class='ocrx_word' id='word_1_783' title='bbox 3508 3012 3542 3080; x_wconf 81' lang='grc' dir='ltr'><strong>ἡ</strong></span> <span class='ocrx_word' id='word_1_784' title='bbox 3573 3009 3740 3092; x_wconf 84' lang='grc' dir='ltr'>ὑπερ-</span> 
     </span>
    </p>
   </div>
   <div class='ocr_carea' id='block_1_102' title="bbox 2165 3089 3738 3172">
    <p class='ocr_par' dir='ltr' id='par_1_102' title="bbox 2165 3089 3738 3172">
     <span class='ocr_line' id='line_1_102' title="bbox 2165 3089 3738 3172; baseline -0.01 -16"><span class='ocrx_word' id='word_1_785' title='bbox 2165 3104 2315 3172; x_wconf 83' lang='grc' dir='ltr'>ϐολὴ,</span> <span class='ocrx_word' id='word_1_786' title='bbox 2343 3104 2418 3166; x_wconf 85' lang='grc' dir='ltr'>ὡς</span> <span class='ocrx_word' id='word_1_787' title='bbox 2443 3089 2542 3156; x_wconf 76' lang='grc' dir='ltr'>καὶ</span> <span class='ocrx_word' id='word_1_788' title='bbox 2568 3103 2692 3162; x_wconf 81' lang='grc' dir='ltr'>τοὺς</span> <span class='ocrx_word' id='word_1_789' title='bbox 2715 3099 3112 3169; x_wconf 83' lang='grc' dir='ltr'>θεραπεύοντας</span> <span class='ocrx_word' id='word_1_790' title='bbox 3145 3098 3258 3158; x_wconf 85' lang='grc' dir='ltr'>τοῖς</span> <span class='ocrx_word' id='word_1_791' title='bbox 3287 3093 3550 3152; x_wconf 77' lang='grc' dir='ltr'>ἐναντίοις</span> <span class='ocrx_word' id='word_1_792' title='bbox 3579 3089 3738 3160; x_wconf 82' lang='grc' dir='ltr'>ἀμεί-</span> 
     </span>
    </p>
   </div>
   <div class='ocr_carea' id='block_1_103' title="bbox 2163 3174 3732 3239">
    <p class='ocr_par' dir='ltr' id='par_1_103' title="bbox 2163 3174 3732 3239">
     <span class='ocr_line' id='line_1_103' title="bbox 2163 3174 3732 3239; baseline -0.01 0"><span class='ocrx_word' id='word_1_793' title='bbox 2163 3186 2373 3239; x_wconf 84' lang='grc' dir='ltr'>ϐεσθαι.</span> <span class='ocrx_word' id='word_1_794' title='bbox 2413 3186 2535 3237; x_wconf 77' lang='grc' dir='ltr'>Ἐπὶ</span> <span class='ocrx_word' id='word_1_795' title='bbox 2559 3184 2614 3236; x_wconf 84' lang='grc' dir='ltr'>δὲ</span> <span class='ocrx_word' id='word_1_796' title='bbox 2639 3183 2731 3236; x_wconf 91' lang='grc' dir='ltr'>τοῦ</span> <span class='ocrx_word' id='word_1_797' title='bbox 2756 3181 2860 3234; x_wconf 86' lang='grc' dir='ltr'>τῶν</span> <span class='ocrx_word' id='word_1_798' title='bbox 2886 3181 3020 3233; x_wconf 83' lang='grc' dir='ltr'>ὅλων</span> <span class='ocrx_word' id='word_1_799' title='bbox 3049 3179 3186 3231; x_wconf 83' lang='grc' dir='ltr'>Θεοῦ</span> <span class='ocrx_word' id='word_1_800' title='bbox 3221 3177 3366 3230; x_wconf 76' lang='grc' dir='ltr'>ἅπαν</span> <span class='ocrx_word' id='word_1_801' title='bbox 3389 3174 3698 3228; x_wconf 85' lang='grc' dir='ltr'>τούναντίον</span> <span class='ocrx_word' id='word_1_802' title='bbox 3718 3189 3732 3200; x_wconf 92' lang='grc'>·</span> 
     </span>
    </p>
   </div>
   <div class='ocr_carea' id='block_1_104' title="bbox 2163 3257 3740 3338">
    <p class='ocr_par' dir='ltr' id='par_1_104' title="bbox 2163 3257 3740 3338">
     <span class='ocr_line' id='line_1_104' title="bbox 2163 3257 3740 3338; baseline -0.009 -15"><span class='ocrx_word' id='word_1_803' title='bbox 2163 3271 2257 3323; x_wconf 72' lang='grc' dir='ltr'>καὶ</span> <span class='ocrx_word' id='word_1_804' title='bbox 2287 3267 2734 3338; x_wconf 85' lang='grc' dir='ltr'>ἀγνωμονοῦντας</span> <span class='ocrx_word' id='word_1_805' title='bbox 2767 3267 2913 3336; x_wconf 76' lang='grc' dir='ltr'>ἡμᾶς</span> <span class='ocrx_word' id='word_1_806' title='bbox 2947 3264 3204 3318; x_wconf 79' lang='grc' dir='ltr'>ἑκάστοτε</span> <span class='ocrx_word' id='word_1_807' title='bbox 3247 3262 3526 3332; x_wconf 82' lang='grc' dir='ltr'>εὐεργετεῖ</span> <span class='ocrx_word' id='word_1_808' title='bbox 3549 3259 3598 3323; x_wconf 67' lang='grc' dir='ltr'>δ,</span> <span class='ocrx_word' id='word_1_809' title='bbox 3639 3257 3740 3310; x_wconf 74' lang='grc' dir='ltr'>καὶ</span> 
     </span>
    </p>
   </div>
   <div class='ocr_carea' id='block_1_105' title="bbox 2161 3341 3738 3420">
    <p class='ocr_par' dir='ltr' id='par_1_105' title="bbox 2161 3341 3738 3420">
     <span class='ocr_line' id='line_1_105' title="bbox 2161 3341 3738 3420; baseline -0.008 -16"><span class='ocrx_word' id='word_1_810' title='bbox 2161 3351 2259 3420; x_wconf 80' lang='grc' dir='ltr'>τὴν</span> <span class='ocrx_word' id='word_1_811' title='bbox 2291 3353 2494 3404; x_wconf 81' lang='grc' dir='ltr'>οἰκείαν</span> <span class='ocrx_word' id='word_1_812' title='bbox 2535 3349 2797 3418; x_wconf 84' lang='grc' dir='ltr'>ἀπονέμει</span> <span class='ocrx_word' id='word_1_813' title='bbox 2827 3347 3182 3414; x_wconf 85' lang='grc' dir='ltr'>προστασίαν,</span> <span class='ocrx_word' id='word_1_814' title='bbox 3211 3345 3274 3396; x_wconf 85' lang='grc' dir='ltr'>οὐ</span> <span class='ocrx_word' id='word_1_815' title='bbox 3307 3344 3441 3413; x_wconf 74' lang='grc' dir='ltr'>πρὸς</span> <span class='ocrx_word' id='word_1_816' title='bbox 3473 3341 3570 3411; x_wconf 86' lang='grc' dir='ltr'>τὴν</span> <span class='ocrx_word' id='word_1_817' title='bbox 3601 3341 3738 3410; x_wconf 87' lang='grc' dir='ltr'>ήμε-</span> 
     </span>
    </p>
   </div>
   <div class='ocr_carea' id='block_1_106' title="bbox 2161 3421 3738 3504">
    <p class='ocr_par' dir='ltr' id='par_1_106' title="bbox 2161 3421 3738 3504">
     <span class='ocr_line' id='line_1_106' title="bbox 2161 3421 3738 3504; baseline -0.008 -18"><span class='ocrx_word' id='word_1_818' title='bbox 2161 3434 2326 3504; x_wconf 84' lang='grc' dir='ltr'>τέραν</span> <span class='ocrx_word' id='word_1_819' title='bbox 2353 3433 2494 3504; x_wconf 88' lang='grc' dir='ltr'>ὁρῶν</span> <span class='ocrx_word' id='word_1_820' title='bbox 2523 3431 2934 3502; x_wconf 84' lang='grc' dir='ltr'>ἀγνωμοσύνην,</span> <span class='ocrx_word' id='word_1_821' title='bbox 2965 3429 3101 3481; x_wconf 84' lang='grc' dir='ltr'>ἀλλά</span> <span class='ocrx_word' id='word_1_822' title='bbox 3125 3426 3222 3497; x_wconf 81' lang='grc' dir='ltr'>τὴν</span> <span class='ocrx_word' id='word_1_823' title='bbox 3249 3425 3452 3478; x_wconf 83' lang='grc' dir='ltr'>οἰκείαν</span> <span class='ocrx_word' id='word_1_824' title='bbox 3479 3428 3538 3476; x_wconf 83' lang='grc' dir='ltr'>ἐν</span> <span class='ocrx_word' id='word_1_825' title='bbox 3565 3421 3738 3476; x_wconf 73' lang='grc' dir='ltr'>ἅπασι</span> 
     </span>
    </p>
   </div>
   <div class='ocr_carea' id='block_1_107' title="bbox 2165 3507 3738 3586">
    <p class='ocr_par' dir='ltr' id='par_1_107' title="bbox 2165 3507 3738 3586">
     <span class='ocr_line' id='line_1_107' title="bbox 2165 3507 3738 3586; baseline -0.007 -17"><span class='ocrx_word' id='word_1_826' title='bbox 2165 3517 2572 3586; x_wconf 85' lang='grc' dir='ltr'>φιλανθρωπίαν</span> <span class='ocrx_word' id='word_1_827' title='bbox 2606 3514 2965 3584; x_wconf 88' lang='grc' dir='ltr'>μιμούμενος·</span> <span class='ocrx_word' id='word_1_828' title='bbox 2998 3510 3064 3583; x_wconf 84' lang='grc' dir='ltr'>ἧς</span> <span class='ocrx_word' id='word_1_829' title='bbox 3098 3512 3305 3579; x_wconf 85' lang='grc' dir='ltr'>γένοιτο</span> <span class='ocrx_word' id='word_1_830' title='bbox 3341 3509 3550 3570; x_wconf 88' lang='grc' dir='ltr'>πάντας</span> <span class='ocrx_word' id='word_1_831' title='bbox 3591 3507 3738 3576; x_wconf 75' lang='grc' dir='ltr'>ἡμᾶς</span> 
     </span>
    </p>
   </div>
   <div class='ocr_carea' id='block_1_108' title="bbox 2164 3589 3738 3668">
    <p class='ocr_par' dir='ltr' id='par_1_108' title="bbox 2164 3589 3738 3668">
     <span class='ocr_line' id='line_1_108' title="bbox 2164 3589 3738 3668; baseline -0.008 -16"><span class='ocrx_word' id='word_1_832' title='bbox 2164 3599 2488 3660; x_wconf 86' lang='grc' dir='ltr'>ἀπολαῦσαι,</span> <span class='ocrx_word' id='word_1_833' title='bbox 2513 3599 2691 3668; x_wconf 86' lang='grc' dir='ltr'>χάριτι</span> <span class='ocrx_word' id='word_1_834' title='bbox 2721 3598 2814 3650; x_wconf 69' lang='grc' dir='ltr'>καὶ</span> <span class='ocrx_word' id='word_1_835' title='bbox 2838 3595 3218 3664; x_wconf 74' lang='grc' dir='ltr'>φιλανθρωπία</span> <span class='ocrx_word' id='word_1_836' title='bbox 3239 3593 3334 3645; x_wconf 90' lang='grc' dir='ltr'>τοῦ</span> <span class='ocrx_word' id='word_1_837' title='bbox 3353 3591 3560 3661; x_wconf 80' lang='grc' dir='ltr'>Κυρίου</span> <span class='ocrx_word' id='word_1_838' title='bbox 3581 3589 3738 3658; x_wconf 82' lang='grc' dir='ltr'>ἡμῶν</span> 
     </span>
    </p>
   </div>
   <div class='ocr_carea' id='block_1_109' title="bbox 2176 3671 3738 3753">
    <p class='ocr_par' dir='ltr' id='par_1_109' title="bbox 2176 3671 3738 3753">
     <span class='ocr_line' id='line_1_109' title="bbox 2176 3671 3738 3753; baseline 0.013 -20"><span class='ocrx_word' id='word_1_839' title='bbox 2176 3683 2351 3753; x_wconf 83' lang='grc' dir='ltr'>Ἰησοῦ</span> <span class='ocrx_word' id='word_1_840' title='bbox 2402 3679 2659 3752; x_wconf 80' lang='grc' dir='ltr'>Χριστοῦ,</span> <span class='ocrx_word' id='word_1_841' title='bbox 2711 3679 2829 3751; x_wconf 80' lang='grc' dir='ltr'>μεθ’</span> <span class='ocrx_word' id='word_1_842' title='bbox 2867 3674 2928 3732; x_wconf 66' lang='grc' dir='ltr'>οὗ</span> <span class='ocrx_word' id='word_1_843' title='bbox 2959 3679 3036 3748; x_wconf 76' lang='grc' dir='ltr'>τῷ</span> <span class='ocrx_word' id='word_1_844' title='bbox 3073 3678 3277 3748; x_wconf 68' lang='grc' dir='ltr'>Πατρὶν</span> <span class='ocrx_word' id='word_1_845' title='bbox 3318 3677 3434 3746; x_wconf 62' lang='grc' dir='ltr'>ἅμα</span> <span class='ocrx_word' id='word_1_846' title='bbox 3477 3672 3556 3743; x_wconf 73' lang='grc' dir='ltr'>τῷ</span> <span class='ocrx_word' id='word_1_847' title='bbox 3597 3671 3738 3741; x_wconf 64' lang='grc' dir='ltr'>ἁγίῳ</span> 
     </span>
    </p>
   </div>
   <div class='ocr_carea' id='block_1_110' title="bbox 2163 3758 3737 3836">
    <p class='ocr_par' dir='ltr' id='par_1_110' title="bbox 2163 3758 3737 3836">
     <span class='ocr_line' id='line_1_110' title="bbox 2163 3758 3737 3836; baseline -0.006 -18"><span class='ocrx_word' id='word_1_848' title='bbox 2163 3766 2459 3836; x_wconf 85' lang='grc' dir='ltr'>Πνεύματι,</span> <span class='ocrx_word' id='word_1_849' title='bbox 2488 3765 2632 3829; x_wconf 80' lang='grc' dir='ltr'>δόξα,</span> <span class='ocrx_word' id='word_1_850' title='bbox 2665 3765 2882 3833; x_wconf 89' lang='grc' dir='ltr'>κράτος,</span> <span class='ocrx_word' id='word_1_851' title='bbox 2919 3765 3071 3834; x_wconf 79' lang='grc' dir='ltr'>τιμὴ,</span> <span class='ocrx_word' id='word_1_852' title='bbox 3115 3763 3210 3816; x_wconf 89' lang='grc' dir='ltr'>νῦν</span> <span class='ocrx_word' id='word_1_853' title='bbox 3254 3763 3347 3816; x_wconf 75' lang='grc' dir='ltr'>καὶ</span> <span class='ocrx_word' id='word_1_854' title='bbox 3389 3760 3497 3822; x_wconf 80' lang='grc' dir='ltr'>ἀεὶ,</span> <span class='ocrx_word' id='word_1_855' title='bbox 3537 3759 3626 3811; x_wconf 70' lang='grc' dir='ltr'>καὶ</span> <span class='ocrx_word' id='word_1_856' title='bbox 3655 3758 3737 3819; x_wconf 83' lang='grc' dir='ltr'>είς</span> 
     </span>
    </p>
   </div>
   <div class='ocr_carea' id='block_1_111' title="bbox 2162 3845 3138 3916">
    <p class='ocr_par' dir='ltr' id='par_1_111' title="bbox 2162 3845 3138 3916">
     <span class='ocr_line' id='line_1_111' title="bbox 2162 3845 3138 3916; baseline -0.006 -14"><span class='ocrx_word' id='word_1_857' title='bbox 2162 3851 2287 3910; x_wconf 73' lang='grc' dir='ltr'>τοὺς</span> <span class='ocrx_word' id='word_1_858' title='bbox 2315 3849 2516 3911; x_wconf 87' lang='grc' dir='ltr'>αἰῶνας</span> <span class='ocrx_word' id='word_1_859' title='bbox 2544 3847 2651 3900; x_wconf 90' lang='grc' dir='ltr'>τῶν</span> <span class='ocrx_word' id='word_1_860' title='bbox 2681 3845 2909 3902; x_wconf 88' lang='grc' dir='ltr'>αἰώνων.</span> <span class='ocrx_word' id='word_1_861' title='bbox 2944 3845 3138 3916; x_wconf 84' lang='grc' dir='ltr'>Ἀμήν.</span> 
     </span>
    </p>
   </div>
   <div class='ocr_carea' id='block_1_112' title="bbox 2755 3970 3152 4024">
    <p class='ocr_par' dir='ltr' id='par_1_112' title="bbox 2755 3970 3152 4024">
     <span class='ocr_line' id='line_1_112' title="bbox 2755 3970 3152 4024; baseline -0.008 0"><span class='ocrx_word' id='word_1_862' title='bbox 2755 3970 2994 4024; x_wconf 76' lang='grc' dir='ltr'>ΟΜῘΛΙΛ</span> <span class='ocrx_word' id='word_1_863' title='bbox 3029 3970 3077 4021; x_wconf 84' lang='grc' dir='ltr'><strong>Ν</strong></span> <span class='ocrx_word' id='word_1_864' title='bbox 3081 3971 3152 4022; x_wconf 90' lang='grc' dir='ltr'>Ζ’.</span> 
     </span>
    </p>
   </div>
   <div class='ocr_carea' id='block_1_113' title="bbox 2175 4041 3738 4121">
    <p class='ocr_par' dir='ltr' id='par_1_113' title="bbox 2175 4041 3738 4121">
     <span class='ocr_line' id='line_1_113' title="bbox 2175 4041 3738 4121; baseline -0.004 -17"><span class='ocrx_word' id='word_1_865' title='bbox 2175 4053 2440 4121; x_wconf 76' lang='grc' dir='ltr'>Ἐγένετο</span> <span class='ocrx_word' id='word_1_866' title='bbox 2475 4051 2590 4121; x_wconf 48' lang='grc' dir='ltr'>δὲ,</span> <span class='ocrx_word' id='word_1_867' title='bbox 2603 4052 2690 4121; x_wconf 13' lang='grc' dir='ltr'>ὡς,</span> <span class='ocrx_word' id='word_1_868' title='bbox 2719 4052 2888 4121; x_wconf 65' lang='grc' dir='ltr'>ἔτεκε</span> <span class='ocrx_word' id='word_1_869' title='bbox 2927 4050 3150 4117; x_wconf 76' lang='grc' dir='ltr'><em>Ῥαχὴλ</em></span> <span class='ocrx_word' id='word_1_870' title='bbox 3182 4051 3288 4102; x_wconf 83' lang='grc' dir='ltr'>τὸν</span> <span class='ocrx_word' id='word_1_871' title='bbox 3313 4045 3545 4121; x_wconf 63' lang='grc' dir='ltr'>Ἰωσὴφ,</span> <span class='ocrx_word' id='word_1_872' title='bbox 3567 4041 3738 4121; x_wconf 56' lang='grc' dir='ltr'>εἶπεν</span> 
     </span>
    </p>
   </div>
   <div class='ocr_carea' id='block_1_114' title="bbox 2236 4115 3736 4187">
    <p class='ocr_par' dir='ltr' id='par_1_114' title="bbox 2236 4115 3736 4187">
     <span class='ocr_line' id='line_1_114' title="bbox 2236 4115 3736 4187; baseline -0.005 -13"><span class='ocrx_word' id='word_1_873' title='bbox 2236 4115 2268 4174; x_wconf 72' lang='grc' dir='ltr'><em>ὅ</em></span> <span class='ocrx_word' id='word_1_874' title='bbox 2295 4120 2486 4176; x_wconf 84' lang='grc' dir='ltr'>Ἰακὼὸ</span> <span class='ocrx_word' id='word_1_875' title='bbox 2519 4115 2829 4182; x_wconf 78' lang='grc' dir='ltr'>τῷΛᾶϐαν’</span> <span class='ocrx_word' id='word_1_876' title='bbox 2854 4115 3230 4174; x_wconf 64' lang='grc' dir='ltr'>Ἀπόστειλόν</span> <span class='ocrx_word' id='word_1_877' title='bbox 3251 4135 3349 4187; x_wconf 82' lang='grc' dir='ltr'>με,</span> <span class='ocrx_word' id='word_1_878' title='bbox 3374 4118 3474 4170; x_wconf 77' lang='grc' dir='ltr'>ἵνα</span> <span class='ocrx_word' id='word_1_879' title='bbox 3498 4115 3736 4170; x_wconf 76' lang='grc' dir='ltr'>ἁπέλοω</span> 
     </span>
    </p>
   </div>
   <div class='ocr_carea' id='block_1_115' title="bbox 2233 4187 3521 4257">
    <p class='ocr_par' dir='ltr' id='par_1_115' title="bbox 2233 4187 3521 4257">
     <span class='ocr_line' id='line_1_115' title="bbox 2233 4187 3521 4257; baseline -0.003 -14"><span class='ocrx_word' id='word_1_880' title='bbox 2233 4193 2318 4254; x_wconf 78' lang='grc' dir='ltr'>είς</span> <span class='ocrx_word' id='word_1_881' title='bbox 2347 4191 2453 4243; x_wconf 81' lang='grc' dir='ltr'>τὸν</span> <span class='ocrx_word' id='word_1_882' title='bbox 2477 4193 2662 4244; x_wconf 79' lang='grc' dir='ltr'>τόπον</span> <span class='ocrx_word' id='word_1_883' title='bbox 2691 4207 2811 4257; x_wconf 79' lang='grc' dir='ltr'>μου</span> <span class='ocrx_word' id='word_1_884' title='bbox 2844 4189 2944 4242; x_wconf 80' lang='grc' dir='ltr'>καὶ</span> <span class='ocrx_word' id='word_1_885' title='bbox 2983 4193 3068 4254; x_wconf 77' lang='grc' dir='ltr'>εἰς</span> <span class='ocrx_word' id='word_1_886' title='bbox 3099 4187 3215 4256; x_wconf 77' lang='grc' dir='ltr'>τὴν</span> <span class='ocrx_word' id='word_1_887' title='bbox 3241 4187 3359 4257; x_wconf 77' lang='grc' dir='ltr'>γῆν</span> <span class='ocrx_word' id='word_1_888' title='bbox 3381 4205 3521 4255; x_wconf 79' lang='grc' dir='ltr'>μου.</span> 
     </span>
    </p>
   </div>
   <div class='ocr_carea' id='block_1_116' title="bbox 2235 4278 3736 4355">
    <p class='ocr_par' dir='ltr' id='par_1_116' title="bbox 2235 4278 3736 4355">
     <span class='ocr_line' id='line_1_116' title="bbox 2235 4278 3736 4355; baseline -0.006 -17"><span class='ocrx_word' id='word_1_889' title='bbox 2235 4291 2304 4338; x_wconf 87' lang='grc' dir='ltr'>α’.</span> <span class='ocrx_word' id='word_1_890' title='bbox 2332 4283 2411 4336; x_wconf 86' lang='grc' dir='ltr'>Τά</span> <span class='ocrx_word' id='word_1_891' title='bbox 2451 4278 2747 4353; x_wconf 84' lang='grc' dir='ltr'>λειπόμενα</span> <span class='ocrx_word' id='word_1_892' title='bbox 2786 4283 2894 4337; x_wconf 72' lang='grc' dir='ltr'>τιῖιν</span> <span class='ocrx_word' id='word_1_893' title='bbox 2929 4283 3056 4355; x_wconf 83' lang='grc' dir='ltr'>χθὲς</span> <span class='ocrx_word' id='word_1_894' title='bbox 3101 4285 3403 4353; x_wconf 83' lang='grc' dir='ltr'>εἰρημένων</span> <span class='ocrx_word' id='word_1_895' title='bbox 3443 4281 3736 4348; x_wconf 77' lang='grc' dir='ltr'>ἀναγκαῖον</span> 
     </span>
    </p>
   </div>
   <div class='ocr_carea' id='block_1_117' title="bbox 2165 4361 3736 4437">
    <p class='ocr_par' dir='ltr' id='par_1_117' title="bbox 2165 4361 3736 4437">
     <span class='ocr_line' id='line_1_117' title="bbox 2165 4361 3736 4437; baseline -0.005 -17"><span class='ocrx_word' id='word_1_896' title='bbox 2165 4365 2452 4420; x_wconf 68' lang='grc' dir='ltr'>ἀτωδοῦναι</span> <span class='ocrx_word' id='word_1_897' title='bbox 2476 4367 2539 4435; x_wconf 85' lang='grc' dir='ltr'>σή</span> <span class='ocrx_word' id='word_1_898' title='bbox 2549 4381 2612 4434; x_wconf 91' lang='grc' dir='ltr'>με</span> <span class='ocrx_word' id='word_1_899' title='bbox 2622 4382 2712 4436; x_wconf 89' lang='grc' dir='ltr'>ρον</span> <span class='ocrx_word' id='word_1_900' title='bbox 2729 4369 2793 4436; x_wconf 85' lang='grc' dir='ltr'>τῇ</span> <span class='ocrx_word' id='word_1_901' title='bbox 2820 4367 3059 4437; x_wconf 76' lang='grc' dir='ltr'>ὑμετέρα</span> <span class='ocrx_word' id='word_1_902' title='bbox 3077 4365 3283 4435; x_wconf 81' lang='grc' dir='ltr'>ἀγάπῃ,</span> <span class='ocrx_word' id='word_1_903' title='bbox 3313 4365 3400 4418; x_wconf 82' lang='grc' dir='ltr'>ἵνα</span> <span class='ocrx_word' id='word_1_904' title='bbox 3421 4364 3515 4418; x_wconf 76' lang='grc' dir='ltr'>καὶ</span> <span class='ocrx_word' id='word_1_905' title='bbox 3539 4366 3604 4416; x_wconf 89' lang='grc' dir='ltr'>ἐκ</span> <span class='ocrx_word' id='word_1_906' title='bbox 3629 4361 3736 4413; x_wconf 92' lang='grc' dir='ltr'>τῶν</span> 
     </span>
    </p>
   </div>
   <div class='ocr_carea' id='block_1_118' title="bbox 2164 4443 3737 4519">
    <p class='ocr_par' dir='ltr' id='par_1_118' title="bbox 2164 4443 3737 4519">
     <span class='ocr_line' id='line_1_118' title="bbox 2164 4443 3737 4519; baseline -0.004 -18"><span class='ocrx_word' id='word_1_907' title='bbox 2164 4448 2260 4501; x_wconf 87' lang='grc' dir='ltr'>νῦν</span> <span class='ocrx_word' id='word_1_908' title='bbox 2287 4448 2592 4518; x_wconf 85' lang='grc' dir='ltr'>λεγομένων</span> <span class='ocrx_word' id='word_1_909' title='bbox 2615 4449 2708 4501; x_wconf 78' lang='grc' dir='ltr'>καὶ</span> <span class='ocrx_word' id='word_1_910' title='bbox 2735 4449 2832 4519; x_wconf 82' lang='grc' dir='ltr'>τὴν</span> <span class='ocrx_word' id='word_1_911' title='bbox 2855 4449 2952 4501; x_wconf 88' lang='grc' dir='ltr'>τοῦ</span> <span class='ocrx_word' id='word_1_912' title='bbox 2978 4447 3113 4500; x_wconf 87' lang='grc' dir='ltr'>Θεοῦ</span> <span class='ocrx_word' id='word_1_913' title='bbox 3141 4447 3486 4517; x_wconf 87' lang='grc' dir='ltr'>κηδεμονίαν,</span> <span class='ocrx_word' id='word_1_914' title='bbox 3517 4447 3583 4516; x_wconf 75' lang='grc' dir='ltr'>ἢν</span> <span class='ocrx_word' id='word_1_915' title='bbox 3607 4443 3737 4516; x_wconf 76' lang='grc' dir='ltr'>περὶ</span> 
     </span>
    </p>
   </div>
   <div class='ocr_carea' id='block_1_119' title="bbox 2162 4527 3735 4596">
    <p class='ocr_par' dir='ltr' id='par_1_119' title="bbox 2162 4527 3735 4596">
     <span class='ocr_line' id='line_1_119' title="bbox 2162 4527 3735 4596; baseline -0.003 -12"><span class='ocrx_word' id='word_1_916' title='bbox 2162 4532 2254 4584; x_wconf 82' lang='grc' dir='ltr'>τὸν</span> <span class='ocrx_word' id='word_1_917' title='bbox 2289 4529 2478 4584; x_wconf 84' lang='grc' dir='ltr'>Ἰακὼϐ</span> <span class='ocrx_word' id='word_1_918' title='bbox 2521 4531 2882 4595; x_wconf 87' lang='grc' dir='ltr'>ἐπεδείκνυτο,</span> <span class='ocrx_word' id='word_1_919' title='bbox 2920 4531 3014 4585; x_wconf 75' lang='grc' dir='ltr'>καὶ</span> <span class='ocrx_word' id='word_1_920' title='bbox 3041 4531 3102 4583; x_wconf 82' lang='grc' dir='ltr'>τὺ</span> <span class='ocrx_word' id='word_1_921' title='bbox 3133 4529 3226 4582; x_wconf 89' lang='grc' dir='ltr'>τοῦ</span> <span class='ocrx_word' id='word_1_922' title='bbox 3253 4530 3460 4583; x_wconf 85' lang='grc' dir='ltr'>δικαίου</span> <span class='ocrx_word' id='word_1_923' title='bbox 3493 4527 3735 4596; x_wconf 85' lang='grc' dir='ltr'>φιλόθεον</span> 
     </span>
    </p>
   </div>
   <div class='ocr_carea' id='block_1_120' title="bbox 2165 4613 3730 4685">
    <p class='ocr_par' dir='ltr' id='par_1_120' title="bbox 2165 4613 3730 4685">
     <span class='ocr_line' id='line_1_120' title="bbox 2165 4613 3730 4685; baseline -0.002 -19"><span class='ocrx_word' id='word_1_924' title='bbox 2165 4613 2592 4683; x_wconf 85' lang='grc' dir='ltr'>καταμαθόντες,</span> <span class='ocrx_word' id='word_1_925' title='bbox 2633 4613 2966 4685; x_wconf 82' lang='grc' dir='ltr'>ζηλώσωμεν</span> <span class='ocrx_word' id='word_1_926' title='bbox 2995 4613 3088 4668; x_wconf 90' lang='grc' dir='ltr'>τοῦ</span> <span class='ocrx_word' id='word_1_927' title='bbox 3143 4614 3334 4684; x_wconf 75' lang='grc' dir='ltr'>ἀνδρδς</span> <span class='ocrx_word' id='word_1_928' title='bbox 3365 4614 3464 4684; x_wconf 80' lang='grc' dir='ltr'>τὴν</span> <span class='ocrx_word' id='word_1_929' title='bbox 3509 4613 3730 4682; x_wconf 88' lang='grc' dir='ltr'>ἀρετήν.</span> 
     </span>
    </p>
   </div>
   <div class='ocr_carea' id='block_1_121' title="bbox 2166 4695 3734 4768">
    <p class='ocr_par' dir='ltr' id='par_1_121' title="bbox 2166 4695 3734 4768">
     <span class='ocr_line' id='line_1_121' title="bbox 2166 4695 3734 4768; baseline -0.001 -19"><span class='ocrx_word' id='word_1_930' title='bbox 2166 4696 2300 4749; x_wconf 80' lang='grc' dir='ltr'>Οὐδὲ</span> <span class='ocrx_word' id='word_1_931' title='bbox 2335 4695 2442 4766; x_wconf 77' lang='grc' dir='ltr'>γάρ</span> <span class='ocrx_word' id='word_1_932' title='bbox 2483 4696 2668 4760; x_wconf 79' lang='grc' dir='ltr'>ἁπλῶς</span> <span class='ocrx_word' id='word_1_933' title='bbox 2696 4699 2826 4768; x_wconf 80' lang='grc' dir='ltr'>ἡμῖν</span> <span class='ocrx_word' id='word_1_934' title='bbox 2852 4697 2950 4761; x_wconf 84' lang='grc' dir='ltr'>τὰς</span> <span class='ocrx_word' id='word_1_935' title='bbox 2990 4698 3226 4766; x_wconf 89' lang='grc' dir='ltr'>ἱστορίας</span> <span class='ocrx_word' id='word_1_936' title='bbox 3266 4696 3466 4756; x_wconf 80' lang='grc' dir='ltr'>ταύτας</span> <span class='ocrx_word' id='word_1_937' title='bbox 3495 4695 3734 4765; x_wconf 75' lang='grc' dir='ltr'>ἀναγράο</span> 
     </span>
    </p>
   </div>
   <div class='ocr_carea' id='block_1_122' title="bbox 2165 4769 3732 4850">
    <p class='ocr_par' dir='ltr' id='par_1_122' title="bbox 2165 4769 3732 4850">
     <span class='ocr_line' id='line_1_122' title="bbox 2165 4769 3732 4850; baseline -0.002 -18"><span class='ocrx_word' id='word_1_938' title='bbox 2165 4796 2331 4842; x_wconf 88' lang='grc' dir='ltr'>πτους</span> <span class='ocrx_word' id='word_1_939' title='bbox 2351 4781 2384 4849; x_wconf 86' lang='grc' dir='ltr'>ή</span> <span class='ocrx_word' id='word_1_940' title='bbox 2406 4779 2498 4831; x_wconf 88' lang='grc' dir='ltr'>τοῦ</span> <span class='ocrx_word' id='word_1_941' title='bbox 2521 4779 2658 4832; x_wconf 88' lang='grc' dir='ltr'>Πνεύ</span> <span class='ocrx_word' id='word_1_942' title='bbox 2667 4797 2832 4849; x_wconf 90' lang='grc' dir='ltr'>ματος</span> <span class='ocrx_word' id='word_1_943' title='bbox 2854 4781 3011 4850; x_wconf 85' lang='grc' dir='ltr'>χάρις</span> <span class='ocrx_word' id='word_1_944' title='bbox 3033 4779 3285 4847; x_wconf 88' lang='grc' dir='ltr'>γενέσθαι</span> <span class='ocrx_word' id='word_1_945' title='bbox 3308 4769 3732 4850; x_wconf 84' lang='grc' dir='ltr'>παρεσκεύασεν,</span> 
     </span>
    </p>
   </div>
   <div class='ocr_carea' id='block_1_123' title="bbox 2165 4857 3737 4934">
    <p class='ocr_par' dir='ltr' id='par_1_123' title="bbox 2165 4857 3737 4934">
     <span class='ocr_line' id='line_1_123' title="bbox 2165 4857 3737 4934; baseline -0.003 -20"><span class='ocrx_word' id='word_1_946' title='bbox 2165 4860 2280 4914; x_wconf 81' lang='grc' dir='ltr'>ἀλλ’</span> <span class='ocrx_word' id='word_1_947' title='bbox 2307 4862 2394 4914; x_wconf 86' lang='grc' dir='ltr'>ἵνα</span> <span class='ocrx_word' id='word_1_948' title='bbox 2429 4861 2566 4932; x_wconf 85' lang='grc' dir='ltr'>πρὸς</span> <span class='ocrx_word' id='word_1_949' title='bbox 2599 4861 2826 4930; x_wconf 87' lang='grc' dir='ltr'>μίμησιν</span> <span class='ocrx_word' id='word_1_950' title='bbox 2859 4864 3004 4933; x_wconf 79' lang='grc' dir='ltr'>ἡμᾶς</span> <span class='ocrx_word' id='word_1_951' title='bbox 3034 4862 3271 4934; x_wconf 83' lang='grc' dir='ltr'>διεγείρῃ</span> <span class='ocrx_word' id='word_1_952' title='bbox 3309 4863 3403 4915; x_wconf 80' lang='grc' dir='ltr'>καὶ</span> <span class='ocrx_word' id='word_1_953' title='bbox 3433 4859 3592 4931; x_wconf 77' lang='grc' dir='ltr'>ζῆλον</span> <span class='ocrx_word' id='word_1_954' title='bbox 3627 4857 3737 4911; x_wconf 88' lang='grc' dir='ltr'>τῶν</span> 
     </span>
    </p>
   </div>
   <div class='ocr_carea' id='block_1_124' title="bbox 2165 4941 3739 5016">
    <p class='ocr_par' dir='ltr' id='par_1_124' title="bbox 2165 4941 3739 5016">
     <span class='ocr_line' id='line_1_124' title="bbox 2165 4941 3739 5016; baseline -0.001 -20"><span class='ocrx_word' id='word_1_955' title='bbox 2165 4943 2436 5014; x_wconf 78' lang='grc' dir='ltr'>ἐναρέτων</span> <span class='ocrx_word' id='word_1_956' title='bbox 2460 4943 2688 5013; x_wconf 86' lang='grc' dir='ltr'>ἀνδρῶν.</span> <span class='ocrx_word' id='word_1_957' title='bbox 2715 4945 2882 4997; x_wconf 81' lang='grc' dir='ltr'>Ὅταν</span> <span class='ocrx_word' id='word_1_958' title='bbox 2910 4945 3017 5016; x_wconf 84' lang='grc' dir='ltr'>γὰρ</span> <span class='ocrx_word' id='word_1_959' title='bbox 3040 4945 3358 5014; x_wconf 87' lang='grc' dir='ltr'>ἀκούσωμεν</span> <span class='ocrx_word' id='word_1_960' title='bbox 3386 4944 3478 4996; x_wconf 90' lang='grc' dir='ltr'>τοῦ</span> <span class='ocrx_word' id='word_1_961' title='bbox 3513 4943 3612 5014; x_wconf 81' lang='grc' dir='ltr'>μὲν</span> <span class='ocrx_word' id='word_1_962' title='bbox 3639 4941 3739 5013; x_wconf 80' lang='grc' dir='ltr'>τήν</span> 
     </span>
    </p>
   </div>
   <div class='ocr_carea' id='block_1_125' title="bbox 2169 5025 3738 5098">
    <p class='ocr_par' dir='ltr' id='par_1_125' title="bbox 2169 5025 3738 5098">
     <span class='ocr_line' id='line_1_125' title="bbox 2169 5025 3738 5098; baseline -0.002 -20"><span class='ocrx_word' id='word_1_963' title='bbox 2169 5025 2467 5096; x_wconf 78' lang='grc' dir='ltr'>ὑπομονὴν,</span> <span class='ocrx_word' id='word_1_964' title='bbox 2490 5025 2582 5079; x_wconf 89' lang='grc' dir='ltr'>τοῦ</span> <span class='ocrx_word' id='word_1_965' title='bbox 2603 5025 2658 5079; x_wconf 85' lang='grc' dir='ltr'>δὲ</span> <span class='ocrx_word' id='word_1_966' title='bbox 2679 5029 2776 5097; x_wconf 82' lang='grc' dir='ltr'>τὴν</span> <span class='ocrx_word' id='word_1_967' title='bbox 2801 5028 3172 5098; x_wconf 81' lang='grc' dir='ltr'>σωφροσύνην,</span> <span class='ocrx_word' id='word_1_968' title='bbox 3197 5028 3388 5098; x_wconf 86' lang='grc' dir='ltr'>ἐτέρου</span> <span class='ocrx_word' id='word_1_969' title='bbox 3412 5027 3473 5080; x_wconf 87' lang='grc' dir='ltr'>τό</span> <span class='ocrx_word' id='word_1_970' title='bbox 3497 5027 3622 5096; x_wconf 82' lang='grc' dir='ltr'>περὶ</span> <span class='ocrx_word' id='word_1_971' title='bbox 3640 5025 3738 5094; x_wconf 77' lang='grc' dir='ltr'>τὴν</span> 
     </span>
    </p>
   </div>
   <div class='ocr_carea' id='block_1_126' title="bbox 2169 5108 3736 5183">
    <p class='ocr_par' dir='ltr' id='par_1_126' title="bbox 2169 5108 3736 5183">
     <span class='ocr_line' id='line_1_126' title="bbox 2169 5108 3736 5183; baseline 0.005 -19"><span class='ocrx_word' id='word_1_972' title='bbox 2169 5113 2467 5180; x_wconf 77' lang='grc' dir='ltr'>φιλοξενίαν</span> <span class='ocrx_word' id='word_1_973' title='bbox 2503 5111 2738 5180; x_wconf 78' lang='grc' dir='ltr'>ἕτοιμον,</span> <span class='ocrx_word' id='word_1_974' title='bbox 2768 5113 2862 5166; x_wconf 74' lang='grc' dir='ltr'>καὶ</span> <span class='ocrx_word' id='word_1_975' title='bbox 2891 5113 3119 5166; x_wconf 80' lang='grc' dir='ltr'>ἑκάστου</span> <span class='ocrx_word' id='word_1_976' title='bbox 3157 5114 3257 5183; x_wconf 88' lang='grc' dir='ltr'>τὴν</span> <span class='ocrx_word' id='word_1_977' title='bbox 3287 5111 3490 5182; x_wconf 84' lang='grc' dir='ltr'>πολλὴν</span> <span class='ocrx_word' id='word_1_978' title='bbox 3515 5108 3736 5182; x_wconf 72' lang='grc' dir='ltr'>ἀρετὴν.</span> 
     </span>
    </p>
   </div>
   <div class='ocr_carea' id='block_1_127' title="bbox 2170 5192 3740 5266">
    <p class='ocr_par' dir='ltr' id='par_1_127' title="bbox 2170 5192 3740 5266">
     <span class='ocr_line' id='line_1_127' title="bbox 2170 5192 3740 5266; baseline -0.004 -17"><span class='ocrx_word' id='word_1_979' title='bbox 2170 5197 2262 5249; x_wconf 78' lang='grc' dir='ltr'>καὶ</span> <span class='ocrx_word' id='word_1_980' title='bbox 2291 5197 2438 5258; x_wconf 82' lang='grc' dir='ltr'>ὅπως</span> <span class='ocrx_word' id='word_1_981' title='bbox 2467 5195 2668 5248; x_wconf 87' lang='grc' dir='ltr'>τούτων</span> <span class='ocrx_word' id='word_1_982' title='bbox 2690 5195 2917 5260; x_wconf 75' lang='grc' dir='ltr'>ἕκαστος</span> <span class='ocrx_word' id='word_1_983' title='bbox 2945 5196 3206 5266; x_wconf 79' lang='grc' dir='ltr'>διέλαμψε</span> <span class='ocrx_word' id='word_1_984' title='bbox 3231 5197 3326 5248; x_wconf 70' lang='grc' dir='ltr'>καὶ</span> <span class='ocrx_word' id='word_1_985' title='bbox 3351 5192 3740 5265; x_wconf 84' lang='grc' dir='ltr'>περιφανέστε-</span> 
     </span>
    </p>
   </div>
   <div class='ocr_carea' id='block_1_128' title="bbox 2173 5269 3740 5351">
    <p class='ocr_par' dir='ltr' id='par_1_128' title="bbox 2173 5269 3740 5351">
     <span class='ocr_line' id='line_1_128' title="bbox 2173 5269 3740 5351; baseline -0.003 -19"><span class='ocrx_word' id='word_1_986' title='bbox 2173 5296 2263 5349; x_wconf 88' lang='grc' dir='ltr'>ρος</span> <span class='ocrx_word' id='word_1_987' title='bbox 2291 5277 2530 5348; x_wconf 82' lang='grc' dir='ltr'>γέγονεν,</span> <span class='ocrx_word' id='word_1_988' title='bbox 2563 5281 2642 5342; x_wconf 88' lang='grc' dir='ltr'>εἰς</span> <span class='ocrx_word' id='word_1_989' title='bbox 2669 5281 2850 5349; x_wconf 76' lang='grc' dir='ltr'>ὅμοιον</span> <span class='ocrx_word' id='word_1_990' title='bbox 2876 5278 3252 5351; x_wconf 85' lang='grc' dir='ltr'>διεγειρόμεθα</span> <span class='ocrx_word' id='word_1_991' title='bbox 3281 5278 3460 5349; x_wconf 81' lang='grc' dir='ltr'>ζῆλον.</span> <span class='ocrx_word' id='word_1_992' title='bbox 3486 5277 3621 5348; x_wconf 76' lang='grc' dir='ltr'>Φέρε</span> <span class='ocrx_word' id='word_1_993' title='bbox 3645 5269 3740 5328; x_wconf 79' lang='grc' dir='ltr'>οὖν</span> 
     </span>
    </p>
   </div>
   <div class='ocr_carea' id='block_1_129' title="bbox 2167 5363 3737 5433">
    <p class='ocr_par' dir='ltr' id='par_1_129' title="bbox 2167 5363 3737 5433">
     <span class='ocr_line' id='line_1_129' title="bbox 2167 5363 3737 5433; baseline -0.001 -15"><span class='ocrx_word' id='word_1_994' title='bbox 2167 5364 2260 5418; x_wconf 73' lang='grc' dir='ltr'>καὶ</span> <span class='ocrx_word' id='word_1_995' title='bbox 2286 5363 2354 5416; x_wconf 79' lang='grc' dir='ltr'>τὰ</span> <span class='ocrx_word' id='word_1_996' title='bbox 2390 5363 2681 5432; x_wconf 85' lang='grc' dir='ltr'>λειπόμενα</span> <span class='ocrx_word' id='word_1_997' title='bbox 2708 5363 2805 5433; x_wconf 84' lang='grc' dir='ltr'>τῆς</span> <span class='ocrx_word' id='word_1_998' title='bbox 2841 5364 2984 5417; x_wconf 87' lang='grc' dir='ltr'>κατά</span> <span class='ocrx_word' id='word_1_999' title='bbox 3025 5367 3115 5418; x_wconf 84' lang='grc' dir='ltr'>τὸν</span> <span class='ocrx_word' id='word_1_1000' title='bbox 3141 5364 3346 5418; x_wconf 89' lang='grc' dir='ltr'>δίκαιον</span> <span class='ocrx_word' id='word_1_1001' title='bbox 3375 5365 3561 5418; x_wconf 87' lang='grc' dir='ltr'>τοῦτον</span> <span class='ocrx_word' id='word_1_1002' title='bbox 3595 5365 3737 5416; x_wconf 84' lang='grc' dir='ltr'>ἱστο-</span> 
     </span>
    </p>
   </div>
   <div class='ocr_carea' id='block_1_130' title="bbox 2173 5445 3737 5519">
    <p class='ocr_par' dir='ltr' id='par_1_130' title="bbox 2173 5445 3737 5519">
     <span class='ocr_line' id='line_1_130' title="bbox 2173 5445 3737 5519; baseline -0.002 -19"><span class='ocrx_word' id='word_1_1003' title='bbox 2173 5447 2292 5519; x_wconf 89' lang='grc' dir='ltr'>ρίας</span> <span class='ocrx_word' id='word_1_1004' title='bbox 2323 5447 2557 5516; x_wconf 84' lang='grc' dir='ltr'>σήμερον</span> <span class='ocrx_word' id='word_1_1005' title='bbox 2587 5445 2920 5510; x_wconf 84' lang='grc' dir='ltr'>ἐπελθόντες,</span> <span class='ocrx_word' id='word_1_1006' title='bbox 2959 5447 3111 5511; x_wconf 85' lang='grc' dir='ltr'>τέλος</span> <span class='ocrx_word' id='word_1_1007' title='bbox 3154 5447 3430 5517; x_wconf 84' lang='grc' dir='ltr'>ἐπιθῶμεν</span> <span class='ocrx_word' id='word_1_1008' title='bbox 3459 5445 3538 5516; x_wconf 81' lang='grc' dir='ltr'>τῷ</span> <span class='ocrx_word' id='word_1_1009' title='bbox 3573 5447 3737 5516; x_wconf 85' lang='grc' dir='ltr'>λόγῳ.</span> 
     </span>
    </p>
   </div>
   <div class='ocr_carea' id='block_1_131' title="bbox 2182 5527 3735 5599">
    <p class='ocr_par' dir='ltr' id='par_1_131' title="bbox 2182 5527 3735 5599">
     <span class='ocr_line' id='line_1_131' title="bbox 2182 5527 3735 5599; baseline 0 -17"><span class='ocrx_word' id='word_1_1010' title='bbox 2182 5529 2444 5599; x_wconf 72' lang='grc' dir='ltr'>Ἐγένετο</span> <span class='ocrx_word' id='word_1_1011' title='bbox 2469 5529 2558 5592; x_wconf 84' lang='grc' dir='ltr'>δὲ,</span> <span class='ocrx_word' id='word_1_1012' title='bbox 2585 5529 2769 5598; x_wconf 64' lang='grc' dir='ltr'>φησιν,</span> <span class='ocrx_word' id='word_1_1013' title='bbox 2803 5531 2886 5594; x_wconf 83' lang='grc' dir='ltr'>ὡς</span> <span class='ocrx_word' id='word_1_1014' title='bbox 2910 5531 3076 5584; x_wconf 75' lang='grc' dir='ltr'>ἔτεκε</span> <span class='ocrx_word' id='word_1_1015' title='bbox 3108 5531 3326 5599; x_wconf 75' lang='grc' dir='ltr'>Ῥαχὴλ</span> <span class='ocrx_word' id='word_1_1016' title='bbox 3351 5531 3458 5584; x_wconf 84' lang='grc' dir='ltr'>τὸν</span> <span class='ocrx_word' id='word_1_1017' title='bbox 3501 5527 3735 5596; x_wconf 71' lang='grc' dir='ltr'>Ἰωσὴφ,</span> 
     </span>
    </p>
   </div>
   <div class='ocr_carea' id='block_1_132' title="bbox 2169 5609 3739 5683">
    <p class='ocr_par' dir='ltr' id='par_1_132' title="bbox 2169 5609 3739 5683">
     <span class='ocr_line' id='line_1_132' title="bbox 2169 5609 3739 5683; baseline -0.001 -16"><span class='ocrx_word' id='word_1_1018' title='bbox 2169 5609 2338 5668; x_wconf 79' lang='grc' dir='ltr'>εἶπεν</span> <span class='ocrx_word' id='word_1_1019' title='bbox 2392 5611 2589 5666; x_wconf 81' lang='grc' dir='ltr'>Ἰακὼϐ</span> <span class='ocrx_word' id='word_1_1020' title='bbox 2643 5613 2726 5676; x_wconf 82' lang='grc' dir='ltr'>τῷ</span> <span class='ocrx_word' id='word_1_1021' title='bbox 2770 5611 2999 5666; x_wconf 77' lang='grc' dir='ltr'>Λάϐαν·</span> <span class='ocrx_word' id='word_1_1022' title='bbox 3049 5613 3429 5668; x_wconf 77' lang='grc' dir='ltr'>Ἀπόστειλόν</span> <span class='ocrx_word' id='word_1_1023' title='bbox 3479 5629 3582 5683; x_wconf 82' lang='grc' dir='ltr'>με,</span> <span class='ocrx_word' id='word_1_1024' title='bbox 3638 5613 3739 5667; x_wconf 73' lang='grc' dir='ltr'>ἵνα</span> 
     </span>
    </p>
   </div>
   <div class='ocr_carea' id='block_1_133' title="bbox 2229 5751 3236 5817">
    <p class='ocr_par' dir='ltr' id='par_1_133' title="bbox 2229 5751 3236 5817">
     <span class='ocr_line' id='line_1_133' title="bbox 2229 5751 3236 5817; baseline -0.001 -16"><span class='ocrx_word' id='word_1_1025' title='bbox 2229 5752 2258 5792; x_wconf 70' lang='grc' dir='ltr'>δ</span> <span class='ocrx_word' id='word_1_1026' title='bbox 2282 5751 2379 5801; x_wconf 83' lang='lat' dir='ltr'>Sex</span> <span class='ocrx_word' id='word_1_1027' title='bbox 2405 5765 2516 5800; x_wconf 88' lang='lat' dir='ltr'>mss.</span> <span class='ocrx_word' id='word_1_1028' title='bbox 2537 5755 2658 5814; x_wconf 80' lang='grc' dir='ltr'>ἡμᾶς</span> <span class='ocrx_word' id='word_1_1029' title='bbox 2679 5753 2746 5814; x_wconf 70' lang='grc' dir='ltr'>ἐφ’</span> <span class='ocrx_word' id='word_1_1030' title='bbox 2770 5753 2972 5811; x_wconf 76' lang='grc' dir='ltr'>ἑκάστης</span> <span class='ocrx_word' id='word_1_1031' title='bbox 2995 5753 3236 5817; x_wconf 74' lang='grc' dir='ltr'>εὐεργετεῖ.</span> 
     </span>
    </p>
   </div>
  </div>
