4168 6264
462 285 561 339 €95

460 400 562 452 huc
595 415 776 455 amore
803 406 968 472 magis
1001 420 1289 473 propensus
1321 410 1370 462 in
1404 410 1686 468 llaeheleni
1706 434 1719 469 :
1742 418 1784 469 si
1817 419 1915 473 hoc
1933 437 2035 473 non

458 492 646 545 fuisset
676 493 889 558 factum,
922 499 1187 564 quomodo
1227 499 1366 555 ferre
1412 509 1666 570 potuisset
1712 508 1800 561 Lia
1840 514 2038 565 sororis

457 583 899 639 contubernium?
929 587 995 641 Ut
1031 591 1174 643 enim
1216 606 1429 647 omnem
1465 595 1561 649 viri
1595 608 1902 664 potestatem
1942 602 2038 654 ha-

461 672 612 735 bens,
638 674 704 727 ita
730 677 985 742 permittit
1010 681 1057 732 ei
1090 696 1184 749 pro
1205 685 1571 754 mandragoris
1594 688 1786 753 virum,
1816 702 1869 745 et
1888 692 2033 746 dicit:

460 762 693 816 Dormiat
709 766 856 819 hodie
872 777 1031 821 tecum
1057 787 1148 838 pro
1174 774 1542 845 mandragoris.
1568 778 1813 845 Satisfac,
1847 782 2034 851 inquit,

464 871 583 908 meo
607 856 891 922 desiderio,
923 869 977 913 et
1002 862 1181 930 accipe
1202 866 1394 919 virum.
1414 868 1498 923 16.
1528 870 1831 926 Adveniente
1848 884 2033 940 autem,

464 943 652 1011 inqttit,
682 944 862 1012 Iacob,
898 965 1095 1017 egressa
1136 953 1187 1004 in
1218 970 1480 1007 occursunt
1508 959 1619 1024 ejus
1647 959 1739 1011 Lia
1764 962 1893 1015 dixit
1918 979 1936 1016 .'
1961 964 2037 1017 Ad

466 1050 544 1086 me
568 1036 862 1104 ingredieris
884 1038 1061 1104 hodie;
1092 1044 1315 1096 mercede
1333 1046 1465 1097 enim
1490 1048 1706 1103 conduxi
1732 1060 1777 1103 te
1803 1054 1925 1104 mihi
1946 1070 2037 1122 pro

463 1126 814 1194 mandragoris
839 1131 936 1189 ﬁlii
957 1132 1089 1184 mei:
1120 1141 1164 1185 ct
1205 1133 1437 1187 dormivit
1483 1153 1598 1189 cum
1647 1155 1705 1191 ea
1754 1151 1899 1195 nocte
1921 1143 2031 1197 illa.

464 1216 551 1268 17.
586 1215 652 1268 Ει
678 1220 929 1271 exaudivit
957 1220 1090 1274 Deus
1118 1221 1284 1289 Liant,
1317 1234 1361 1276 et
1401 1228 1624 1294 concepit
1650 1237 1697 1280 et
1724 1233 1910 1297 peperit
1937 1231 2035 1284 Ia-

461 1307 585 1359 cobo
607 1310 833 1376 quintunt
860 1310 1040 1377 ﬁlium.
1066 1314 1153 1365 I8.
1180 1313 1246 1365 Et
1274 1316 1401 1367 dixit
1426 1315 1521 1368 Lia
1539 1334 1557 1370 :
1578 1317 1728 1371 Dedit
1756 1322 1879 1373 mihi
1901 1322 2037 1376 Deus

463 1398 738 1449 mercedem
758 1415 935 1461 meam,
961 1417 1018 1453 eo
1038 1403 1172 1470 quod
1189 1404 1305 1456 dedi
1328 1407 1567 1459 ancillam
1593 1424 1755 1462 nteant
1783 1411 1887 1465 viro
1904 1428 2031 1464 meo.

464 1486 531 1538 Et
557 1490 744 1540 vocavit
768 1506 947 1542 nomen
976 1492 1089 1559 ejus
1111 1490 1344 1560 Isachar,
1368 1497 1501 1564 quod
1524 1506 1596 1550 est
1622 1514 1826 1553 merces.
1861 1500 2037 1553 Exau-

462 1576 604 1640 divit,
636 1577 821 1646 inquit,
854 1578 990 1633 Deus
1018 1580 1181 1634 Liant.
1214 1583 1342 1650 Quia
1365 1585 1578 1640 videbat
1601 1602 1716 1641 eam
1744 1588 2030 1654 dolentem,

461 1682 633 1735 neque
663 1668 813 1722 valde
841 1671 1029 1723 marito
1058 1683 1349 1741 acceptam,
1382 1676 1651 1731 exaudivit
1674 1693 1811 1742 eam,
1845 1679 2031 1748 inquit,

460 1758 622 1823 Deus,
651 1771 703 1813 et
732 1764 953 1828 peperit,
985 1777 1048 1816 ac
1071 1763 1234 1820 dixit:
1259 1765 1374 1819 Tuli
1417 1768 1738 1834 mercedem,
1781 1785 1847 1825 eo
1890 1773 2032 1841 quod

456 1846 576 1900 dedi
610 1850 851 1902 ancillam
894 1866 1087 1905 meam.
1141 1853 1422 1922 Propterea
1466 1858 1673 1912 vocavit
1702 1874 1892 1912 nomen
1918 1860 2033 1929 ejus

457 1936 686 1991 Isachar.
721 1940 806 1993 I9.
844 1939 908 1993 Et
949 1944 1177 2011 concepit
1216 1944 1383 1996 adhuc
1429 1945 1544 2009 Lia,
1578 1956 1624 1999 et
1648 1950 1842 2016 peperit
1870 1950 2032 2016 ﬁlium

454 2038 665 2080 sextum.
698 2029 788 2082 20.
828 2029 898 2082 Et
930 2033 1057 2085 dixit
1089 2032 1186 2085 Lia
1207 2051 1226 2086 :
1250 2032 1465 2086 Donavit
1504 2035 1628 2088 mihi
1666 2036 1802 2090 Deus
1845 2038 2033 2091 donum

455 2118 659 2169 bonum.
694 2118 846 2171 Nunc
873 2122 1108 2189 temporis
1136 2138 1213 2175 me
1240 2123 1383 2192 eliget
1408 2125 1483 2176 vir
1507 2141 1674 2190 meus;
1708 2128 1873 2194 peperi
1899 2128 2033 2180 enim

456 2210 501 2260 ei
530 2211 663 2274 ﬁlios
690 2226 797 2263 sex.
827 2211 893 2263 Et
923 2214 1113 2265 vocavit
1149 2230 1327 2266 nomen
1352 2216 1461 2283 ejus
1484 2214 1731 2269 Zabulon.
1781 2216 2028 2284 Posthac,

456 2302 640 2369 inquit,
667 2301 909 2355 amabilis
936 2318 1028 2357 ero
1055 2313 1109 2358 et
1136 2319 1254 2373 ego,
1277 2306 1397 2374 quia
1420 2310 1595 2374 peperi
1622 2322 1713 2360 sex
1738 2308 1889 2362 lilios.
1909 2308 2031 2364 Ideo

455 2392 663 2443 vocavit
694 2405 882 2445 nomen
908 2394 1023 2459 ejus
1059 2392 1312 2447 Zabulon.
1355 2395 1443 2448 2I.
1473 2395 1677 2463 Peperit
1702 2407 1867 2451 autem
1889 2409 1937 2452 et
1964 2400 2029 2467 ﬁ—

454 2479 595 2543 liam,
621 2488 668 2531 et
703 2482 890 2533 vocavit
919 2498 1096 2535 nomen
1138 2485 1248 2553 ejus
1296 2483 1449 2537 Dina.
1490 2485 1580 2539 22.
1622 2487 2028 2542 Recordatusesl

453 2578 620 2621 autent
642 2568 779 2621 Deus
806 2570 1061 2634 Rachelis,
1086 2582 1133 2625 et
1162 2575 1417 2627 exaudivit
1442 2592 1574 2641 eam,
1619 2586 1665 2629 et
1693 2579 1889 2646 aperuit
1914 2580 2024 2649 ejus

451 2660 665 2713 vulvam.
690 2660 778 2715 23.
803 2661 870 2715 Et
898 2667 1143 2734 concepit,
1175 2675 1222 2719 et
1245 2667 1432 2736 peperit
1457 2668 1620 2737 ﬁlium
1641 2670 1851 2725 Iacobo.
1880 2672 2025 2726 Dixit

447 2762 611 2806 autem
664 2754 885 2807 Rachel:
907 2755 1125 2810 Abstulit
1149 2774 1181 2809 a
1207 2774 1285 2811 me
1324 2758 1461 2813 Deus
1489 2762 1813 2830 opprobrium
1836 2780 2020 2819 meum.

445 2843 536 2897 2i.
582 2842 646 2895 Et
695 2845 885 2897 vocavit
927 2862 1107 2899 nomen
1153 2849 1263 2917 ejus
1302 2847 1510 2919 Ioseph,
1550 2852 2024 2923 dicens:Apposuit

447 2934 574 2986 mihi
599 2933 730 2988 Deus
752 2937 912 3003 ﬁlium
941 2938 1118 2991 alium.
1153 2940 1368 2993 Abstulit
1391 2957 1421 2993 a
1446 2957 1543 3005 me,
1566 2942 1754 3012 inquit,
1782 2942 1916 2997 Deus
1932 2961 2020 3014 op-

447 3026 734 3093 probrium;
755 3027 909 3081 solvit
928 3030 1287 3084 sterilitatem:
1312 3032 1566 3101 propitius
1583 3033 1750 3088 factus
1769 3043 1851 3089 est
1868 3035 2019 3101 mihi,

446 3123 499 3167 et
522 3115 763 3169 idoneam
792 3116 915 3170 fecit
951 3118 1015 3171 ad
1046 3120 1427 3187 procreandum
1465 3122 1599 3175 ﬁlios
1621 3124 1861 3192 vulvam,
1892 3126 2024 3181 libe-

448 3222 665 3274 ramque
692 3223 777 3261 me
805 3207 923 3263 fecit
944 3209 1011 3262 ab
1052 3211 1336 3279 opprobrio
1358 3226 1499 3266 meo.
1526 3213 1594 3266 Et
1620 3217 1807 3268 vocavit
1842 3233 2020 3271 nomen

442 3298 551 3366 ejus
577 3296 788 3367 Ioseph,
816 3299 986 3351 dicens
1008 3315 1027 3352 .·
1058 3302 1305 3369 Apposuit
1337 3303 1459 3355 mihi
1482 3302 1618 3358 Deus
1645 3306 1807 3371 [ilium
1834 3306 2013 3361 alium.

443 3386 602 3440 Vides
630 3389 894 3456 quomodo
933 3390 1185 3458 paulatim
1228 3393 1609 3460 promissiones
1654 3396 1748 3450 Dei
1795 3398 1847 3450 in
1885 3413 2019 3466 opus

436 3490 667 3541 egressa:
692 3479 848 3531 sunt?
875 3478 1011 3532 Ecce
1054 3480 1195 3533 enim
1238 3492 1491 3548 quantum
1528 3493 1748 3552 repente
1795 3487 2017 3541 chorum

439 3566 670 3619 filiorum
700 3570 837 3622 circa
882 3584 940 3622 se
973 3569 1151 3623 habuit
1192 3571 1388 3638 justus,
1429 3584 1645 3642 propter
1686 3576 2017 3631 manifestam

440 3656 532 3709 Dei
572 3672 694 3725 erga
725 3673 783 3711 se
828 3660 1228 3726 providentiam.
1274 3662 1532 3726 Quoniam
1579 3666 1720 3717 enim
1770 3681 2015 3734 magnam

437 3760 545 3813 prae
574 3762 632 3800 sc
664 3749 778 3802 tulit
807 3750 1127 3817 patientiam,
1160 3753 1559 3818 quatuordecim
1598 3755 1750 3807 annis
1784 3760 2013 3808 servitu-

438 3844 543 3888 tem
566 3838 758 3902 ferens,
784 3848 1058 3905 propterea
1078 3850 1132 3893 et
1158 3840 1527 3894 universorum
1554 3843 1806 3898 Dominus
1828 3860 2009 3898 remu-

436 3941 630 3979 nerans
650 3928 776 3995 justi
806 3929 1079 3997 pietatem,
1130 3931 1180 3983 in
1223 3940 1427 3983 tantum
1453 3946 1575 3984 eum
1600 3947 1841 3988 crescere
1868 3935 2010 4001 fecit,

437 4026 494 4068 ut
523 4025 575 4069 et
601 4019 820 4085 posthac
847 4020 1133 4073 invidiosus
1174 4021 1288 4074 aliis
1326 4021 1499 4087 ﬁeret,
1530 4024 1665 4077 sicut
1693 4040 1756 4078 ex
1783 4041 2013 4094 sequen-

433 4107 576 4160 tibus
605 4108 889 4174 discemus,
918 4125 1036 4178 qua:
1062 4110 1251 4164 vellem
1278 4122 1618 4181 pertractare.

536 4200 591 4253 6.
652 4200 865 4254 Moralis
927 4201 1150 4273 epilogus
1192 4218 1212 4266 ,'
1272 4204 1549 4258 humanum
1601 4207 1846 4259 auxilium
1906 4224 2007 4260 non

426 4293 1042 4359 querendum—Verum
1074 4309 1140 4348 ne
1180 4295 1434 4363 prolixius
1475 4310 1778 4350 sermonem
1816 4306 2006 4352 exten-

404 4364 650 4443 damus,
692 4366 829 4436 neve
874 4382 1127 4436 molestus
1168 4398 1288 4438 esse
1316 4385 1497 4438 videar
1538 4386 1743 4439 caritati
1776 4395 2001 4453 vestrm,

430 4470 475 4522 si
507 4471 697 4537 placet,
747 4488 864 4540 qua:
894 4474 1091 4542 reliqua
1116 4484 1239 4528 sunt
1265 4475 1316 4528 in
1355 4486 1662 4544 sequentem
1694 4478 2002 4533 concionem

431 4563 788 4625 reservaturi,
823 4562 1063 4617 finiamus
1117 4564 1203 4617 hic
1245 4580 1547 4621 sermonem
1574 4608 1589 4632 ,
1632 4568 1756 4621 illud
1787 4570 1998 4623 interim

428 4650 699 4703 caritatem
747 4662 974 4705 vestram
1002 4654 1382 4722 admonentes,
1414 4665 1471 4709 ut
1492 4672 1675 4711 eorum
1704 4673 1821 4727 quae
1860 4659 1997 4713 dicta

427 4748 553 4792 sunt
580 4755 869 4807 memores,
901 4743 1174 4797 imitemini
1219 4746 1511 4814 priscorum
1554 4749 1799 4802 virtutem
1820 4789 1835 4815 ,
1866 4750 1999 4805 filias

424 4827 684 4883 elocando
711 4869 727 4895 ,
771 4846 967 4899 pueros
1011 4835 1193 4903 nuptui
1242 4835 1529 4901 tradendo,
1588 4846 1764 4891 vestra
1805 4839 1999 4893 virtute

426 4920 516 4972 Dei
547 4920 767 4987 gratiam
799 4923 1082 4978 conciliare
1118 4926 1267 4979 vobis
1291 4926 1570 4980 studendo.
1611 4926 1741 4980 Nam
1765 4942 1882 4981 cum
1908 4928 1997 4982 ille

423 5009 577 5063 nobis
599 5010 800 5063 amicus
828 5010 1001 5075 fuerit,
1030 5014 1238 5068 etiamsi
1269 5017 1318 5068 in
1340 5016 1509 5071 aliena
1541 5026 1679 5071 terra
1706 5016 1957 5072 fuerimus
1978 5058 1991 5082 ,

422 5100 630 5154 etiamsi
657 5101 725 5153 ab
767 5104 1010 5157 omnibus
1031 5106 1301 5171 destituti,
1334 5110 1539 5163 etiamsi
1577 5111 1737 5164 nullis
1764 5111 1992 5179 cogniti,

418 5191 665 5245 omnibus
705 5193 903 5246 erimus
953 5194 1225 5249 clariores.
1268 5197 1404 5250 Nihil
1449 5199 1588 5252 enim
1637 5200 1840 5255 beatius
1881 5201 1995 5254 viro

418 5296 644 5350 superna
673 5298 832 5338 manu
880 5285 1078 5353 adjuto.
1115 5289 1321 5343 Etenim
1353 5290 1536 5344 beatus
1574 5291 1736 5346 Iacob
1765 5294 1855 5347 illo
1885 5293 1990 5348 fre-

420 5383 503 5427 tus
545 5376 830 5442 pra-sidio,
880 5377 935 5431 in
980 5388 1173 5433 tantam
1216 5382 1465 5449 paulatim
1508 5384 1729 5452 gloriam
1779 5396 1992 5440 evectus

417 5474 527 5528 est,
559 5475 695 5521 utet
740 5468 801 5521 iis
839 5470 926 5538 qui
968 5478 1073 5523 tam
1122 5472 1289 5525 amice
1329 5484 1671 5542 exceperant,
1704 5476 1992 5530 invidiosus

417 5555 481 5606 sit
512 5555 695 5609 factus.
724 5555 834 5611 Hoc
861 5558 1019 5628 igitur
1044 5567 1098 5614 et
1120 5575 1216 5615 nos
1244 5562 1552 5617 Studeamus
1575 5605 1590 5630 ,
1623 5573 1678 5618 ut
1703 5579 1989 5633 supernum

418 5646 751 5716 anquiramus
786 5649 1036 5704 auxilium
1058 5692 1070 5716 ,
1102 5661 1155 5705 et
1194 5666 1297 5708 non
1324 5653 1390 5709 ad
1420 5652 1677 5710 humanos
1723 5654 1992 5725 confugia-

1480 298 1540 352 ΙΝ
1580 298 1726 357 CAP.
1775 305 1940 361 XXX.
1982 308 2492 366 GENES.'IIO.\III..
2537 315 2691 370 LVII.

3617 332 3714 407 ωε

2147 440 2263 475 mus
2286 426 2607 495 principatus
2626 469 2641 493 ,
2673 446 2840 499 neque
2868 434 3071 488 illorum
3098 439 3394 504 praesidium
3417 451 3704 503 sectemur:

2144 516 2270 567 nihil
2302 520 2442 571 cnim
2474 523 2855 587 periculosius;
2907 526 2955 578 id
2985 528 3124 595 quod
3168 544 3344 584 rerum
3390 536 3717 601 experientia

2141 604 2268 656 satis
2297 606 2571 661 discimus.
2599 611 2803 665 Etenim
2837 615 3072 668 videmus
3110 620 3342 686 quotidie
3367 636 3453 675 res
3484 639 3541 677 se
3569 634 3709 680 tanta

2144 695 2417 751 velocitate
2443 698 2506 751 ad
2533 703 2873 756 mutationem
2905 705 3187 772 inclinare,
3213 719 3267 763 et
3292 714 3423 765 verti
3454 716 3503 766 in
3531 715 3709 769 diver-

2141 799 2257 837 sum
2284 788 2491 853 omnia,
2522 804 2750 858 eumque
2776 793 2864 860 qui
2896 793 2947 847 in
2976 810 3178 850 summa
3206 802 3558 868 prosperitate
3588 820 3714 872 pau-

2142 871 2192 925 lo
2221 883 2342 927 ante
2367 884 2511 939 erat,
2545 878 2721 931 subito
2747 880 2796 933 in
2825 891 3111 938 extremam
3141 886 3496 943 infelicitatem
3522 871 3706 961 dejici,

2140 976 2202 1015 ac
2232 979 2381 1016 reum
2408 980 2550 1033 sazpe
2594 969 2698 1036 agi.
2726 969 2946 1033 Quanta:
2989 974 3146 1041 igitur
3184 977 3500 1046 insipientia:
3527 982 3707 1039 fuerit.

2140 1050 2327 1105 horum
2352 1068 2588 1122 quaerere
2616 1059 2917 1125 praesidium
2937 1101 2952 1124 ,
2984 1063 3071 1130 qui
3099 1067 3149 1117 in
3178 1074 3283 1119 tam
3328 1068 3531 1123 incerto
3576 1082 3716 1125 Statu

2142 1154 2417 1198 versantur
2439 1187 2455 1212 ,
2487 1162 2550 1200 ac
2574 1163 2641 1202 ne
2683 1164 2777 1203 sua
2822 1151 3035 1218 quidem
3062 1164 3284 1221 possunt
3330 1158 3381 1210 in
3414 1166 3525 1213 tuto
3548 1162 3714 1216 collo-

2141 1232 2312 1285 care?
2356 1233 2478 1286 ldeo
2520 1236 2586 1289 ab
2612 1238 2753 1290 omni
2804 1239 3034 1293 humano
3076 1245 3320 1310 praesidio
3362 1246 3712 1317 desistamus,

2140 1337 2404 1376 memores
2429 1327 2587 1377 etiam
2610 1328 2881 1395 pr0phetze
2904 1329 3128 1384 dicentis
3160 1350 3173 1384 :
3205 1333 3504 1390 Maledictus
3531 1339 3680 1392 homo
3696 1377 3712 1404 ,

2137 1411 2221 1476 qui
2258 1428 2399 1478 spem
2442 1416 2581 1478 ponit
2623 1416 2676 1467 in
2714 1418 2912 1471 homine
2940 1418 3070 1486 (Ier.
3106 1422 3192 1474 l7.
3221 1423 3298 1490 5).
3332 1423 3495 1479 Vides
3541 1427 3703 1481 talem

2141 1499 2405 1555 hominem
2438 1519 2541 1556 non
2588 1505 2758 1558 solum
2808 1507 3175 1576 insipientem,
3224 1512 3316 1565 sed
3346 1514 3505 1567 etiam
3542 1516 3713 1571 male-

2137 1588 2331 1642 dictum
2358 1606 2475 1645 esse
2499 1610 2512 1645 :
2543 1600 2723 1662 utpote
2750 1598 2840 1664 qui
2868 1599 3049 1651 relicto
3078 1600 3301 1655 Domino
3330 1604 3563 1657 omnium
3588 1643 3605 1668 ,
3644 1606 3711 1659 ad

2136 1692 2451 1733 conservum
2494 1685 2697 1750 currit,
2742 1686 2833 1753 qui
2874 1689 3215 1757 semetipsum
3253 1692 3439 1759 juvare
3482 1696 3714 1763 nequit?

2136 1767 2421 1838 Fugiamus
2450 1773 2606 1841 igitur
2659 1778 3080 1834 maledictionem
3130 1780 3295 1845 hanc,
3340 1800 3469 1849 oro,
3514 1797 3571 1839 et
3594 1802 3713 1841 om-

2136 1873 2257 1912 nem
2305 1874 2454 1928 spem
2484 1863 2534 1914 in
2576 1863 2741 1918 Deum
2780 1868 3177 1923 transferamus.
3226 1872 3327 1925 Ista
3370 1874 3511 1928 enim
3541 1876 3708 1930 solida

2136 1955 2217 2001 est
2243 1957 2295 2000 et
2338 1948 2623 2005 immobilis
2648 1963 2701 2007 et
2730 1958 2906 2009 nescia
2941 1958 3347 2026 vicissitudinis,
3378 1963 3527 2031 cujus
3557 1964 3710 2033 plena

2138 2047 2219 2090 est
2248 2037 2333 2091 illa
2358 2055 2515 2108 quam
2543 2042 2592 2095 in
2637 2042 2938 2099 hominibus
2964 2046 3239 2103 habemus.
3276 2052 3368 2104 Vel
3398 2054 3538 2105 enim
3570 2070 3714 2109 mors

2138 2126 2271 2180 tollit
2298 2128 2583 2184 humanum
2630 2135 2959 2202 prcesidium,
2987 2147 3041 2190 et
3069 2152 3162 2191 eos
3187 2140 3274 2207 qui
3306 2140 3369 2194 ad
3401 2143 3499 2195 hoc
3524 2142 3710 2197 confu-

2134 2216 2629 2286 giunt,,solitarios
2675 2223 2946 2293 nudosque
2986 2227 3236 2297 relinquit
3283 2238 3383 2283 :et
3426 2230 3508 2284 vel
3555 2231 3712 2285 etiam

2132 2316 2255 2358 ante
2303 2319 2529 2362 mortem
2571 2314 2792 2365 mutatio
2836 2330 3013 2369 rerum
3060 2319 3318 2372 ambobus
3364 2320 3539 2375 omnia
3579 2336 3712 2375 vana

2132 2395 2322 2449 reddit.
2376 2397 2535 2451 Plena
2562 2408 2645 2453 est
2696 2402 2809 2457 haec
2850 2405 2953 2458 vita
2983 2408 3238 2476 exemplis
3267 2410 3479 2464 talibus.
3513 2410 3636 2465 Ideo
3666 2412 3703 2464 ii

2130 2495 2249 2555 post
2269 2496 2464 2541 tantam
2493 2491 2880 2568 experientiam
2913 2495 3060 2548 nulla
3085 2498 3235 2550 venia
3266 2507 3388 2551 sunt
3415 2498 3588 2567 digni,
3623 2500 3710 2568 qui

2127 2576 2301 2630 adhuc
2344 2577 2572 2633 lmrnano
2622 2566 2883 2635 nituntur.
2906 2585 3181 2652 praesidio,
3213 2596 3267 2639 et
3304 2603 3444 2656 stupe
3473 2566 3540 2641 ab
3568 2566 3700 2653 illis,

2128 2666 2216 2733 qui
2267 2667 2345 2720 eis
2376 2669 2620 2736 opitulari
2671 2671 3018 2739 videbantur,
3072 2675 3271 2729 infinita
3323 2678 3462 2731 mala
3506 2677 3707 2732 ferunt.

2126 2756 2372 2825 Eousque
2398 2760 2538 2813 enim
2560 2763 2726 2814 crevit
2752 2764 2966 2827 malitia,
2993 2774 3043 2815 ut
3071 2766 3204 2819 mala
3236 2767 3526 2836 rependant
3550 2768 3706 2823 etiam

2130 2848 2196 2901 iis
2221 2851 2308 2918 qui
2343 2854 2485 2919 ipSos
2532 2867 2870 2922 summopere
2898 2856 3161 2908 colebant.
3198 2857 3393 2910 Verum
3418 2859 3556 2926 apud
3586 2860 3706 2912 uni-

2126 2953 2398 2992 versorum
2432 2940 2593 2994 Deum
2624 2957 2778 2996 secus
2812 2959 2899 2997 res
2928 2958 2985 2997 se
3014 2944 3168 2997 habet
3196 2963 3210 3010 ;
3243 2960 3363 2998 nam
3390 2946 3512 3000 licet
3535 2948 3706 3016 quoti-

2126 3029 2211 3083 die
2236 3029 2424 3101 ingrati
2454 3033 2620 3086 simus
2640 3074 2653 3095 ,
2684 3033 2945 3088 benefacit
2972 3044 3145 3089 tamen
3168 3077 3182 3100 ,
3212 3051 3415 3105 suoque
3455 3038 3705 3108 praesidio

2126 3136 2223 3174 nos
2248 3137 2352 3175 non
2379 3123 2643 3185 destituit,
2677 3141 2780 3178 non
2827 3125 2895 3179 ad
2952 3127 3209 3195 ingratum
3242 3138 3481 3182 nostrum
3530 3130 3702 3199 respi-

2123 3213 2269 3265 ciens
2294 3214 2548 3278 animum,
2569 3216 2659 3268 sed
2688 3217 2739 3267 in
2764 3216 3009 3270 omnibus
3040 3234 3134 3285 pro
3155 3233 3247 3270 sua
3276 3232 3438 3286 agens
3463 3219 3693 3273 clemeno

2124 3302 2231 3355 tia:
2262 3318 2363 3372 qua
2396 3305 2545 3358 nobis
2596 3307 2844 3360 omnibus
2893 3307 2993 3360 frui
3040 3309 3361 3362 concedatur
3386 3352 3399 3373 ,
3432 3311 3601 3375 gratia
3646 3319 3699 3364 et

2121 3393 2482 3446 misericordia
2530 3395 2736 3448 Domini
2783 3398 2949 3449 nostri
2980 3396 3105 3451 Jesu
3147 3396 3381 3465 Christi,
3430 3414 3551 3452 eum
3594 3414 3701 3467 quo

2121 3481 2262 3535 l‘atri
2302 3483 2458 3535 simul
2489 3495 2540 3537 et
2583 3484 2798 3553 Spiritui
2822 3496 3004 3540 sancto
3043 3489 3113 3541 sit
3140 3488 3302 3556 gloria
3328 3529 3343 3553 ,
3377 3488 3655 3556 imperium
3679 3529 3696 3554 ,

2121 3572 2319 3637 honor,
2367 3590 2507 3628 nunc
2537 3586 2590 3630 et
2631 3592 2873 3646 semper,
2916 3588 2968 3632 et
3017 3580 3068 3631 iu
3111 3580 3302 3632 szecula
3357 3580 3692 3633 saeculorum.

2118 3662 2306 3717 Amen.

2649 3775 2928 3829 lIOMILIA
3004 3777 3161 3830 LVII.

2118 3884 2337 3938 Factum
2360 3895 2430 3938 est
2458 3896 2624 3938 autem
2651 3898 2911 3955 postquam
2938 3891 3126 3957 peperit
3156 3890 3345 3943 Rachel
3370 3889 3581 3960 Ioseph,
3609 3892 3691 3943 dii

2130 4034 2133 4039 ,
2184 3977 2255 4030 xit
2283 3975 2444 4028 Iacob
2465 3976 2531 4027 ad
2560 3975 2727 4029 Laban
2760 3993 2777 4029 :
2804 3976 3012 4030 Dimitte
3036 3994 3128 4039 me,
3162 3988 3215 4030 ut
3245 3979 3418 4031 abeant
3445 3981 3495 4033 in
3524 3982 3689 4033 locum

2186 4084 2349 4120 meum
2368 4077 2412 4119 et
2441 4068 2493 4120 in
2520 4077 2701 4120 terram
2727 4086 2884 4122 nteant
2903 4068 3055 4138 (Gen.
3072 4072 3159 4124 30.
3186 4071 3292 4139 25).

2183 4199 2234 4251 1.
2253 4198 2500 4268 Exempla
2522 4210 2811 4253 sanctorum
2836 4202 3079 4255 imitanda
3115 4203 3256 4256 nobis
3296 4204 3528 4272 proponit
3553 4204 3690 4259 Scri-

2109 4299 2279 4354 ptura.
2313 4289 2699 4344 Mansuetudine
2740 4292 2869 4344 nihil
2906 4292 3135 4345 validius.
3168 4323 3237 4333 —
3261 4293 3527 4363 Reliquias
3571 4294 3684 4349 heri

2106 4377 2365 4431 dictorum
2421 4389 2657 4433 nostrum
2693 4392 2773 4434 est
2798 4381 2955 4436 hodie
2982 4391 3171 4437 vestra:
3196 4385 3399 4438 caritati
3422 4385 3680 4451 reddere,

2107 4481 2162 4521 ut
2199 4484 2262 4521 ex
2308 4469 2391 4521 his
2420 4484 2535 4537 qua:
2567 4487 2705 4523 nttnc
2750 4472 2998 4527 dicuntur
3026 4475 3292 4528 discentes
3318 4484 3372 4529 et
3399 4476 3682 4544 providen-

2108 4561 2230 4612 tiam
2262 4561 2381 4620 Dei,
2411 4577 2567 4630 quam
2605 4577 2727 4631 erga
2754 4563 2919 4617 Jacob
2946 4564 3256 4630 declaravit,
3277 4575 3331 4619 et
3351 4567 3477 4633 justi
3511 4567 3681 4634 pieta-

2107 4660 2212 4703 tem
2243 4660 2572 4719 spectantes,
2606 4652 2869 4705 imitemur
2897 4654 3011 4721 ejus
3040 4653 3300 4708 virtutem.
3332 4652 3512 4722 Neque
3531 4656 3673 4709 enim

2104 4746 2305 4812 absque
2347 4760 2504 4799 causa
2555 4746 2724 4799 sancti
2776 4746 3003 4814 Spiritus
3043 4749 3209 4816 gratia
3256 4748 3479 4816 scriptas
3526 4748 3673 4803 nobis

2104 4836 2315 4904 reliquit
2358 4835 2517 4891 hasce
2565 4837 2845 4901 historias,
2878 4837 2971 4891 sed
3016 4847 3071 4891 ut
3099 4839 3165 4891 ad
3203 4838 3592 4893 aemulationem
3624 4850 3679 4894 et.

2105 4928 2447 4981 imitationem
2499 4938 2762 4982 tantorum
2832 4931 3062 4983 virorum
3127 4939 3394 4998 provocet.
3454 4930 3678 4996 Quando

2102 5018 2242 5070 enim
2303 5018 2546 5072 audimus
2602 5019 2755 5088 hujus
2820 5020 3031 5087 quidem
3090 5020 3474 5087 obedientiam,
3527 5022 3677 5075 istius

2102 5119 2276 5162 autem
2320 5110 2731 5173 continentiam,
2764 5111 2905 5164 illius
2948 5126 3073 5164 vero
3102 5112 3152 5163 in
3199 5112 3493 5179 hospitibus
3521 5112 3672 5164 colli-

2099 5201 2284 5270 gt-ndis
2310 5201 2718 5255 sollicitudinem
2740 5243 2755 5269 ,
2788 5218 3137 5271 magnamque
3160 5203 3486 5272 singulorum
3512 5204 3677 5255 virtu-

2101 5302 2306 5350 tem.ae
2354 5293 2618 5362 quomodo
2678 5294 3004 5360 claruerint,
3069 5296 3134 5349 ad
3187 5295 3379 5348 similia
3437 5292 3673 5347 facienda

2099 5386 2413 5439 excitamur.
2454 5388 2564 5455 Age
2596 5387 2753 5454 igitur
2780 5388 2844 5441 ad
2877 5404 2935 5442 ea
2970 5405 3087 5456 qua:
3122 5388 3299 5441 relicta
3330 5394 3452 5438 sunt
3495 5385 3549 5438 in
3594 5384 3674 5438 Iti-

2098 5476 2260 5529 storia
2292 5475 2435 5530 illius
2455 5476 2580 5544 justi
2612 5477 2766 5531 hodie
2786 5478 3123 5543 accedentes,
3155 5477 3312 5531 finem
3340 5480 3671 5544 imponamus

2096 5566 2346 5619 sermoni.
2389 5565 2478 5621 25.
2530 5565 2746 5621 Factum
2801 5578 2874 5621 est
2916 5579 3115 5631 autem,
3165 5568 3365 5637 inquit,
3412 5578 3671 5637 postquam

2092 5661 2285 5726 peperit
2317 5657 2505 5723 Rachel
2529 5642 2755 5728 Ioseph,
2781 5658 2908 5713 dixit
2934 5658 3091 5712 Iacob
3116 5659 3182 5712 ad
3216 5658 3388 5713 Laban
3417 5675 3435 5712 :
3466 5657 3673 5712 Dimitte
