  <div class='ocr_page' id='page_1' title='image "/cluster/home/n/w/nwhite01/storage/ocr_20150623/54/mdp.39015078384420/123.png"; bbox 0 0 4168 6264; ppageno 0'>
   <div class='ocr_carea' id='block_1_1' title="bbox 480 327 586 386">
    <p class='ocr_par' dir='ltr' id='par_1_1' title="bbox 480 327 586 386">
     <span class='ocr_line' id='line_1_1' title="bbox 480 327 586 386; baseline -0.019 -2"><span class='ocrx_word' id='word_1_1' title='bbox 480 327 586 386; x_wconf 64' lang='grc'><strong>495</strong></span> 
     </span>
    </p>
   </div>
   <div class='ocr_carea' id='block_1_2' title="bbox 482 411 2060 505">
    <p class='ocr_par' dir='ltr' id='par_1_2' title="bbox 482 437 2060 505">
     <span class='ocr_line' id='line_1_2' title="bbox 482 437 2060 505; baseline -0.004 -11"><span class='ocrx_word' id='word_1_2' title='bbox 482 460 558 494; x_wconf 86' lang='lat' dir='ltr'><strong>me</strong></span> <span class='ocrx_word' id='word_1_3' title='bbox 583 485 598 505; x_wconf 89' lang='lat'><strong>,</strong></span> <span class='ocrx_word' id='word_1_4' title='bbox 628 453 680 494; x_wconf 87' lang='lat' dir='ltr'><strong>ut</strong></span> <span class='ocrx_word' id='word_1_5' title='bbox 710 443 882 496; x_wconf 78' lang='lat' dir='ltr'><strong>abeam</strong></span> <span class='ocrx_word' id='word_1_6' title='bbox 906 444 956 498; x_wconf 84' lang='lat' dir='ltr'><strong>in</strong></span> <span class='ocrx_word' id='word_1_7' title='bbox 996 445 1160 496; x_wconf 76' lang='lat' dir='ltr'><strong>locant</strong></span> <span class='ocrx_word' id='word_1_8' title='bbox 1204 459 1368 496; x_wconf 84' lang='lat' dir='ltr'><strong>meum</strong></span> <span class='ocrx_word' id='word_1_9' title='bbox 1391 451 1436 496; x_wconf 86' lang='lat' dir='ltr'><strong>et</strong></span> <span class='ocrx_word' id='word_1_10' title='bbox 1463 442 1514 494; x_wconf 86' lang='lat' dir='ltr'><strong>in</strong></span> <span class='ocrx_word' id='word_1_11' title='bbox 1541 450 1728 500; x_wconf 85' lang='lat' dir='ltr'><strong>terram</strong></span> <span class='ocrx_word' id='word_1_12' title='bbox 1757 455 1936 492; x_wconf 83' lang='lat' dir='ltr'><strong>meum.</strong></span> <span class='ocrx_word' id='word_1_13' title='bbox 1969 437 2060 492; x_wconf 66' lang='lat'><strong>9.6.</strong></span> 
     </span>
    </p>
   </div>
   <div class='ocr_carea' id='block_1_3' title="bbox 487 530 2061 602">
    <p class='ocr_par' dir='ltr' id='par_1_3' title="bbox 487 530 2061 602">
     <span class='ocr_line' id='line_1_3' title="bbox 487 530 2061 602; baseline -0.005 -12"><span class='ocrx_word' id='word_1_14' title='bbox 487 534 664 590; x_wconf 77' lang='lat' dir='ltr'><strong>Redde</strong></span> <span class='ocrx_word' id='word_1_15' title='bbox 691 537 813 588; x_wconf 79' lang='lat' dir='ltr'><strong>mihi</strong></span> <span class='ocrx_word' id='word_1_16' title='bbox 838 552 1018 590; x_wconf 76' lang='lat' dir='ltr'><strong>uxores</strong></span> <span class='ocrx_word' id='word_1_17' title='bbox 1039 549 1084 587; x_wconf 88' lang='lat' dir='ltr'><strong>ct</strong></span> <span class='ocrx_word' id='word_1_18' title='bbox 1111 534 1243 601; x_wconf 80' lang='lat' dir='ltr'><strong>ﬁlios</strong></span> <span class='ocrx_word' id='word_1_19' title='bbox 1264 549 1398 592; x_wconf 75' lang='lat' dir='ltr'><strong>uicos</strong></span> <span class='ocrx_word' id='word_1_20' title='bbox 1422 550 1516 602; x_wconf 84' lang='lat' dir='ltr'><strong>pro</strong></span> <span class='ocrx_word' id='word_1_21' title='bbox 1543 531 1720 600; x_wconf 84' lang='lat' dir='ltr'><strong>quibus</strong></span> <span class='ocrx_word' id='word_1_22' title='bbox 1746 532 1925 584; x_wconf 76' lang='lat' dir='ltr'><strong>servivi</strong></span> <span class='ocrx_word' id='word_1_23' title='bbox 1954 530 2061 583; x_wconf 83' lang='lat' dir='ltr'><strong>tibi.</strong></span> 
     </span>
    </p>
   </div>
   <div class='ocr_carea' id='block_1_4' title="bbox 487 622 2066 694">
    <p class='ocr_par' dir='ltr' id='par_1_4' title="bbox 487 622 2066 694">
     <span class='ocr_line' id='line_1_4' title="bbox 487 622 2066 694; baseline -0.001 -16"><span class='ocrx_word' id='word_1_24' title='bbox 487 625 622 680; x_wconf 74' lang='lat' dir='ltr'><strong>Vide</strong></span> <span class='ocrx_word' id='word_1_25' title='bbox 645 627 770 694; x_wconf 88' lang='lat' dir='ltr'><strong>justi</strong></span> <span class='ocrx_word' id='word_1_26' title='bbox 817 641 1060 694; x_wconf 79' lang='lat' dir='ltr'><strong>magnam</strong></span> <span class='ocrx_word' id='word_1_27' title='bbox 1091 626 1142 678; x_wconf 92' lang='lat' dir='ltr'><strong>in</strong></span> <span class='ocrx_word' id='word_1_28' title='bbox 1171 625 1360 678; x_wconf 77' lang='lat' dir='ltr'><strong>allectu</strong></span> <span class='ocrx_word' id='word_1_29' title='bbox 1413 623 1730 690; x_wconf 75' lang='lat' dir='ltr'><strong>probitatem</strong></span> <span class='ocrx_word' id='word_1_30' title='bbox 1752 663 1767 688; x_wconf 89' lang='lat'><strong>,</strong></span> <span class='ocrx_word' id='word_1_31' title='bbox 1796 622 2066 692; x_wconf 84' lang='lat' dir='ltr'><strong>quomodo</strong></span> 
     </span>
    </p>
   </div>
   <div class='ocr_carea' id='block_1_5' title="bbox 485 713 2066 781">
    <p class='ocr_par' dir='ltr' id='par_1_5' title="bbox 485 713 2066 781">
     <span class='ocr_line' id='line_1_5' title="bbox 485 713 2066 781; baseline -0.001 -15"><span class='ocrx_word' id='word_1_32' title='bbox 485 718 677 772; x_wconf 80' lang='lat' dir='ltr'><strong>videns</strong></span> <span class='ocrx_word' id='word_1_33' title='bbox 699 717 974 770; x_wconf 78' lang='lat' dir='ltr'><strong>manifeste</strong></span> <span class='ocrx_word' id='word_1_34' title='bbox 997 715 1160 768; x_wconf 88' lang='lat' dir='ltr'><strong>Deum</strong></span> <span class='ocrx_word' id='word_1_35' title='bbox 1183 714 1264 768; x_wconf 88' lang='lat' dir='ltr'><strong>sui</strong></span> <span class='ocrx_word' id='word_1_36' title='bbox 1291 713 1490 768; x_wconf 88' lang='lat' dir='ltr'><strong>habere</strong></span> <span class='ocrx_word' id='word_1_37' title='bbox 1509 729 1689 768; x_wconf 88' lang='lat' dir='ltr'><strong>curam</strong></span> <span class='ocrx_word' id='word_1_38' title='bbox 1715 754 1730 776; x_wconf 88' lang='lat'><strong>,</strong></span> <span class='ocrx_word' id='word_1_39' title='bbox 1759 728 1862 766; x_wconf 89' lang='lat' dir='ltr'><strong>non</strong></span> <span class='ocrx_word' id='word_1_40' title='bbox 1887 727 2066 781; x_wconf 84' lang='lat' dir='ltr'><strong>snper-</strong></span> 
     </span>
    </p>
   </div>
   <div class='ocr_carea' id='block_1_6' title="bbox 486 804 2066 872">
    <p class='ocr_par' dir='ltr' id='par_1_6' title="bbox 486 804 2066 872">
     <span class='ocr_line' id='line_1_6' title="bbox 486 804 2066 872; baseline -0.004 -10"><span class='ocrx_word' id='word_1_41' title='bbox 486 806 614 862; x_wconf 82' lang='lat' dir='ltr'><strong>bivit</strong></span> <span class='ocrx_word' id='word_1_42' title='bbox 641 817 820 860; x_wconf 86' lang='lat' dir='ltr'><strong>contra</strong></span> <span class='ocrx_word' id='word_1_43' title='bbox 853 805 1065 869; x_wconf 84' lang='lat' dir='ltr'><strong>Laban,</strong></span> <span class='ocrx_word' id='word_1_44' title='bbox 1113 804 1206 858; x_wconf 88' lang='lat' dir='ltr'><strong>sed</strong></span> <span class='ocrx_word' id='word_1_45' title='bbox 1252 820 1371 858; x_wconf 88' lang='lat' dir='ltr'><strong>cum</strong></span> <span class='ocrx_word' id='word_1_46' title='bbox 1423 819 1612 872; x_wconf 84' lang='lat' dir='ltr'><strong>magna</strong></span> <span class='ocrx_word' id='word_1_47' title='bbox 1660 804 2066 856; x_wconf 87' lang='lat' dir='ltr'><strong>mansuetudine</strong></span> 
     </span>
    </p>
   </div>
   <div class='ocr_carea' id='block_1_7' title="bbox 488 893 2062 960">
    <p class='ocr_par' dir='ltr' id='par_1_7' title="bbox 488 893 2062 960">
     <span class='ocr_line' id='line_1_7' title="bbox 488 893 2062 960; baseline -0.001 -14"><span class='ocrx_word' id='word_1_48' title='bbox 488 895 656 959; x_wconf 80' lang='lat' dir='ltr'><strong>dixit,</strong></span> <span class='ocrx_word' id='word_1_49' title='bbox 709 896 916 948; x_wconf 83' lang='lat' dir='ltr'><strong>Dimitte</strong></span> <span class='ocrx_word' id='word_1_50' title='bbox 947 911 1056 960; x_wconf 85' lang='lat' dir='ltr'><strong>me,</strong></span> <span class='ocrx_word' id='word_1_51' title='bbox 1112 904 1167 948; x_wconf 89' lang='lat' dir='ltr'><strong>ut</strong></span> <span class='ocrx_word' id='word_1_52' title='bbox 1205 896 1400 948; x_wconf 84' lang='lat' dir='ltr'><strong>abcruu.</strong></span> <span class='ocrx_word' id='word_1_53' title='bbox 1457 893 1594 948; x_wconf 82' lang='lat' dir='ltr'><strong>Vere</strong></span> <span class='ocrx_word' id='word_1_54' title='bbox 1636 893 1768 948; x_wconf 80' lang='lat' dir='ltr'><strong>nihil</strong></span> <span class='ocrx_word' id='word_1_55' title='bbox 1811 909 2062 948; x_wconf 84' lang='lat' dir='ltr'><strong>mansue-</strong></span> 
     </span>
    </p>
   </div>
   <div class='ocr_carea' id='block_1_8' title="bbox 486 979 2066 1056">
    <p class='ocr_par' dir='ltr' id='par_1_8' title="bbox 486 979 2066 1056">
     <span class='ocr_line' id='line_1_8' title="bbox 486 979 2066 1056; baseline -0.001 -16"><span class='ocrx_word' id='word_1_56' title='bbox 486 987 666 1040; x_wconf 90' lang='lat' dir='ltr'><strong>tudine</strong></span> <span class='ocrx_word' id='word_1_57' title='bbox 711 986 970 1052; x_wconf 79' lang='lat' dir='ltr'><strong>validius,</strong></span> <span class='ocrx_word' id='word_1_58' title='bbox 1015 987 1150 1040; x_wconf 86' lang='lat' dir='ltr'><strong>nihil</strong></span> <span class='ocrx_word' id='word_1_59' title='bbox 1213 979 1516 1056; x_wconf 80' lang='lat' dir='ltr'><strong>potentius.</strong></span> <span class='ocrx_word' id='word_1_60' title='bbox 1557 987 1690 1041; x_wconf 79' lang='lat' dir='ltr'><strong>Vide</strong></span> <span class='ocrx_word' id='word_1_61' title='bbox 1719 987 1876 1054; x_wconf 87' lang='lat' dir='ltr'><strong>igitur</strong></span> <span class='ocrx_word' id='word_1_62' title='bbox 1931 1001 2066 1054; x_wconf 86' lang='lat' dir='ltr'><strong>quo-</strong></span> 
     </span>
    </p>
   </div>
   <div class='ocr_carea' id='block_1_9' title="bbox 486 1079 2070 1148">
    <p class='ocr_par' dir='ltr' id='par_1_9' title="bbox 486 1079 2070 1148">
     <span class='ocr_line' id='line_1_9' title="bbox 486 1079 2070 1148; baseline 0.002 -17"><span class='ocrx_word' id='word_1_63' title='bbox 486 1079 645 1132; x_wconf 83' lang='lat' dir='ltr'><strong>modo</strong></span> <span class='ocrx_word' id='word_1_64' title='bbox 693 1080 922 1148; x_wconf 85' lang='lat' dir='ltr'><strong>primum</strong></span> <span class='ocrx_word' id='word_1_65' title='bbox 993 1081 1398 1134; x_wconf 72' lang='lat' dir='ltr'><strong>mansuetudine</strong></span> <span class='ocrx_word' id='word_1_66' title='bbox 1450 1096 1580 1135; x_wconf 87' lang='lat' dir='ltr'><strong>usus</strong></span> <span class='ocrx_word' id='word_1_67' title='bbox 1617 1121 1630 1141; x_wconf 89' lang='grc'>,</span> <span class='ocrx_word' id='word_1_68' title='bbox 1683 1081 1858 1136; x_wconf 85' lang='lat' dir='ltr'><strong>elTecit</strong></span> <span class='ocrx_word' id='word_1_69' title='bbox 1907 1091 1962 1133; x_wconf 87' lang='lat' dir='ltr'><strong>ut</strong></span> <span class='ocrx_word' id='word_1_70' title='bbox 2014 1089 2070 1134; x_wconf 85' lang='lat' dir='ltr'><strong>et</strong></span> 
     </span>
    </p>
   </div>
   <div class='ocr_carea' id='block_1_10' title="bbox 484 1169 2067 1242">
    <p class='ocr_par' dir='ltr' id='par_1_10' title="bbox 484 1169 2067 1242">
     <span class='ocr_line' id='line_1_10' title="bbox 484 1169 2067 1242; baseline 0.001 -18"><span class='ocrx_word' id='word_1_71' title='bbox 484 1169 662 1224; x_wconf 86' lang='lat' dir='ltr'><strong>Laban</strong></span> <span class='ocrx_word' id='word_1_72' title='bbox 703 1186 892 1240; x_wconf 86' lang='lat' dir='ltr'><strong>magna</strong></span> <span class='ocrx_word' id='word_1_73' title='bbox 931 1173 978 1224; x_wconf 88' lang='lat' dir='ltr'><strong>ei</strong></span> <span class='ocrx_word' id='word_1_74' title='bbox 1020 1172 1388 1227; x_wconf 71' lang='lat' dir='ltr'><strong>benevolentia</strong></span> <span class='ocrx_word' id='word_1_75' title='bbox 1417 1173 1796 1242; x_wconf 88' lang='lat' dir='ltr'><strong>responderit.</strong></span> <span class='ocrx_word' id='word_1_76' title='bbox 1835 1174 1924 1227; x_wconf 70' lang='grc'><strong>27.</strong></span> <span class='ocrx_word' id='word_1_77' title='bbox 1973 1174 2067 1226; x_wconf 88' lang='lat' dir='ltr'><strong>Di-</strong></span> 
     </span>
    </p>
   </div>
   <div class='ocr_carea' id='block_1_11' title="bbox 481 1261 2068 1334">
    <p class='ocr_par' dir='ltr' id='par_1_11' title="bbox 481 1261 2068 1334">
     <span class='ocr_line' id='line_1_11' title="bbox 481 1261 2068 1334; baseline 0.002 -20"><span class='ocrx_word' id='word_1_78' title='bbox 481 1261 556 1314; x_wconf 79' lang='lat' dir='ltr'><strong>:t‘it</strong></span> <span class='ocrx_word' id='word_1_79' title='bbox 589 1262 722 1314; x_wconf 83' lang='lat' dir='ltr'><strong>enim</strong></span> <span class='ocrx_word' id='word_1_80' title='bbox 747 1263 820 1326; x_wconf 86' lang='lat' dir='ltr'><strong>ei,</strong></span> <span class='ocrx_word' id='word_1_81' title='bbox 855 1263 1062 1331; x_wconf 88' lang='lat' dir='ltr'><strong>inquit,</strong></span> <span class='ocrx_word' id='word_1_82' title='bbox 1102 1261 1275 1315; x_wconf 85' lang='lat' dir='ltr'><strong>Laban</strong></span> <span class='ocrx_word' id='word_1_83' title='bbox 1304 1279 1324 1315; x_wconf 90' lang='lat'><strong><em>:</em></strong></span> <span class='ocrx_word' id='word_1_84' title='bbox 1373 1263 1433 1316; x_wconf 89' lang='lat' dir='ltr'><strong>Si</strong></span> <span class='ocrx_word' id='word_1_85' title='bbox 1457 1265 1624 1317; x_wconf 76' lang='lat' dir='ltr'><strong>inveni</strong></span> <span class='ocrx_word' id='word_1_86' title='bbox 1659 1265 1873 1334; x_wconf 83' lang='lat' dir='ltr'><strong>gratiam</strong></span> <span class='ocrx_word' id='word_1_87' title='bbox 1899 1281 2068 1317; x_wconf 86' lang='lat' dir='ltr'><strong>coram</strong></span> 
     </span>
    </p>
   </div>
   <div class='ocr_carea' id='block_1_12' title="bbox 484 1352 2068 1425">
    <p class='ocr_par' dir='ltr' id='par_1_12' title="bbox 484 1352 2068 1425">
     <span class='ocr_line' id='line_1_12' title="bbox 484 1352 2068 1425; baseline 0.004 -23"><span class='ocrx_word' id='word_1_88' title='bbox 484 1360 532 1402; x_wconf 82' lang='lat' dir='ltr'><strong>te</strong></span> <span class='ocrx_word' id='word_1_89' title='bbox 555 1391 570 1408; x_wconf 88' lang='lat'><strong>.</strong></span> <span class='ocrx_word' id='word_1_90' title='bbox 613 1352 858 1420; x_wconf 77' lang='lat' dir='ltr'><strong>siquidem</strong></span> <span class='ocrx_word' id='word_1_91' title='bbox 896 1356 1178 1422; x_wconf 79' lang='lat' dir='ltr'><strong>conjectare</strong></span> <span class='ocrx_word' id='word_1_92' title='bbox 1213 1365 1346 1407; x_wconf 86' lang='lat' dir='ltr'><strong>certo</strong></span> <span class='ocrx_word' id='word_1_93' title='bbox 1385 1371 1588 1423; x_wconf 85' lang='lat' dir='ltr'><strong>possunt</strong></span> <span class='ocrx_word' id='word_1_94' title='bbox 1623 1356 1762 1425; x_wconf 76' lang='lat' dir='ltr'><strong>quod</strong></span> <span class='ocrx_word' id='word_1_95' title='bbox 1801 1357 2068 1411; x_wconf 66' lang='lat' dir='ltr'><strong>benedice-</strong></span> 
     </span>
    </p>
   </div>
   <div class='ocr_carea' id='block_1_13' title="bbox 484 1441 2069 1512">
    <p class='ocr_par' dir='ltr' id='par_1_13' title="bbox 484 1441 2069 1512">
     <span class='ocr_line' id='line_1_13' title="bbox 484 1441 2069 1512; baseline 0.004 -20"><span class='ocrx_word' id='word_1_96' title='bbox 484 1441 550 1492; x_wconf 87' lang='lat' dir='ltr'><strong>rit</strong></span> <span class='ocrx_word' id='word_1_97' title='bbox 574 1457 652 1492; x_wconf 85' lang='lat' dir='ltr'><strong>me</strong></span> <span class='ocrx_word' id='word_1_98' title='bbox 677 1441 814 1494; x_wconf 85' lang='lat' dir='ltr'><strong>Deus</strong></span> <span class='ocrx_word' id='word_1_99' title='bbox 838 1443 889 1494; x_wconf 85' lang='lat' dir='ltr'><strong>in</strong></span> <span class='ocrx_word' id='word_1_100' title='bbox 915 1443 1142 1512; x_wconf 82' lang='lat' dir='ltr'><strong>ingressu</strong></span> <span class='ocrx_word' id='word_1_101' title='bbox 1161 1453 1247 1496; x_wconf 87' lang='lat' dir='ltr'><strong>tuo</strong></span> <span class='ocrx_word' id='word_1_102' title='bbox 1267 1445 1382 1500; x_wconf 67' lang='lat'><strong>.28.</strong></span> <span class='ocrx_word' id='word_1_103' title='bbox 1411 1444 1598 1498; x_wconf 85' lang='lat' dir='ltr'><strong>Indica</strong></span> <span class='ocrx_word' id='word_1_104' title='bbox 1627 1445 1756 1498; x_wconf 80' lang='lat' dir='ltr'><strong>mihi</strong></span> <span class='ocrx_word' id='word_1_105' title='bbox 1795 1448 2069 1500; x_wconf 79' lang='lat' dir='ltr'><strong>mercedem</strong></span> 
     </span>
    </p>
   </div>
   <div class='ocr_carea' id='block_1_14' title="bbox 487 1531 2070 1604">
    <p class='ocr_par' dir='ltr' id='par_1_14' title="bbox 487 1531 2070 1604">
     <span class='ocr_line' id='line_1_14' title="bbox 487 1531 2070 1604; baseline 0.006 -23"><span class='ocrx_word' id='word_1_106' title='bbox 487 1541 648 1594; x_wconf 87' lang='lat' dir='ltr'><strong>tuam,</strong></span> <span class='ocrx_word' id='word_1_107' title='bbox 679 1541 728 1584; x_wconf 93' lang='lat' dir='ltr'><strong>et</strong></span> <span class='ocrx_word' id='word_1_108' title='bbox 775 1531 926 1586; x_wconf 83' lang='lat' dir='ltr'><strong>dabo.</strong></span> <span class='ocrx_word' id='word_1_109' title='bbox 955 1532 1070 1585; x_wconf 80' lang='lat' dir='ltr'><strong>Non</strong></span> <span class='ocrx_word' id='word_1_110' title='bbox 1119 1534 1303 1601; x_wconf 87' lang='lat' dir='ltr'><strong>ignoro</strong></span> <span class='ocrx_word' id='word_1_111' title='bbox 1327 1575 1342 1600; x_wconf 94' lang='lat'><strong>,</strong></span> <span class='ocrx_word' id='word_1_112' title='bbox 1375 1536 1580 1602; x_wconf 86' lang='lat' dir='ltr'><strong>inquit,</strong></span> <span class='ocrx_word' id='word_1_113' title='bbox 1617 1546 1736 1604; x_wconf 87' lang='lat' dir='ltr'><strong>post</strong></span> <span class='ocrx_word' id='word_1_114' title='bbox 1781 1536 2070 1590; x_wconf 84' lang='lat' dir='ltr'><strong>adventum</strong></span> 
     </span>
    </p>
   </div>
   <div class='ocr_carea' id='block_1_15' title="bbox 489 1623 2074 1690">
    <p class='ocr_par' dir='ltr' id='par_1_15' title="bbox 489 1623 2074 1690">
     <span class='ocr_line' id='line_1_15' title="bbox 489 1623 2074 1690; baseline 0.004 -16"><span class='ocrx_word' id='word_1_115' title='bbox 489 1631 636 1675; x_wconf 89' lang='lat' dir='ltr'><strong>tuum</strong></span> <span class='ocrx_word' id='word_1_116' title='bbox 658 1623 1063 1690; x_wconf 69' lang='lat' dir='ltr'><strong>locupletiorem</strong></span> <span class='ocrx_word' id='word_1_117' title='bbox 1085 1625 1214 1678; x_wconf 88' lang='lat' dir='ltr'><strong>mihi</strong></span> <span class='ocrx_word' id='word_1_118' title='bbox 1237 1626 1467 1680; x_wconf 83' lang='lat' dir='ltr'><strong>divinam</strong></span> <span class='ocrx_word' id='word_1_119' title='bbox 1496 1629 1918 1682; x_wconf 80' lang='lat' dir='ltr'><strong>benevolentiam</strong></span> <span class='ocrx_word' id='word_1_120' title='bbox 1944 1644 2074 1684; x_wconf 84' lang='lat' dir='ltr'><strong>cou—</strong></span> 
     </span>
    </p>
   </div>
   <div class='ocr_carea' id='block_1_16' title="bbox 489 1713 2074 1788">
    <p class='ocr_par' dir='ltr' id='par_1_16' title="bbox 489 1713 2074 1788">
     <span class='ocr_line' id='line_1_16' title="bbox 489 1713 2074 1788; baseline 0.006 -24"><span class='ocrx_word' id='word_1_121' title='bbox 489 1713 694 1780; x_wconf 85' lang='lat' dir='ltr'><strong>tigisse.</strong></span> <span class='ocrx_word' id='word_1_122' title='bbox 723 1713 886 1782; x_wconf 83' lang='lat' dir='ltr'><strong>Igitur</strong></span> <span class='ocrx_word' id='word_1_123' title='bbox 913 1715 1036 1784; x_wconf 87' lang='lat' dir='ltr'><strong>quia</strong></span> <span class='ocrx_word' id='word_1_124' title='bbox 1073 1717 1246 1769; x_wconf 86' lang='lat' dir='ltr'><strong>sentio</strong></span> <span class='ocrx_word' id='word_1_125' title='bbox 1271 1718 1526 1772; x_wconf 83' lang='lat' dir='ltr'><strong>beneﬁcia</strong></span> <span class='ocrx_word' id='word_1_126' title='bbox 1553 1734 1672 1786; x_wconf 70' lang='lat' dir='ltr'><strong>qum</strong></span> <span class='ocrx_word' id='word_1_127' title='bbox 1695 1719 1824 1772; x_wconf 91' lang='lat' dir='ltr'><strong>mihi</strong></span> <span class='ocrx_word' id='word_1_128' title='bbox 1855 1729 2074 1788; x_wconf 79' lang='lat' dir='ltr'><strong>propter</strong></span> 
     </span>
    </p>
   </div>
   <div class='ocr_carea' id='block_1_17' title="bbox 486 1806 2072 1880">
    <p class='ocr_par' dir='ltr' id='par_1_17' title="bbox 486 1806 2072 1880">
     <span class='ocr_line' id='line_1_17' title="bbox 486 1806 2072 1880; baseline 0.007 -25"><span class='ocrx_word' id='word_1_129' title='bbox 486 1806 772 1859; x_wconf 83' lang='lat' dir='ltr'><strong>adventum</strong></span> <span class='ocrx_word' id='word_1_130' title='bbox 822 1817 972 1862; x_wconf 87' lang='lat' dir='ltr'><strong>tuum</strong></span> <span class='ocrx_word' id='word_1_131' title='bbox 1017 1809 1137 1862; x_wconf 84' lang='lat' dir='ltr'><strong>data</strong></span> <span class='ocrx_word' id='word_1_132' title='bbox 1183 1819 1336 1872; x_wconf 89' lang='lat' dir='ltr'><strong>sunt,</strong></span> <span class='ocrx_word' id='word_1_133' title='bbox 1367 1820 1617 1880; x_wconf 84' lang='lat' dir='ltr'><strong>quantam</strong></span> <span class='ocrx_word' id='word_1_134' title='bbox 1657 1812 1738 1866; x_wconf 87' lang='lat' dir='ltr'><strong>vis</strong></span> <span class='ocrx_word' id='word_1_135' title='bbox 1768 1813 2072 1868; x_wconf 85' lang='lat' dir='ltr'><strong>mercedem</strong></span> 
     </span>
    </p>
   </div>
   <div class='ocr_carea' id='block_1_18' title="bbox 489 1896 2072 1975">
    <p class='ocr_par' dir='ltr' id='par_1_18' title="bbox 489 1896 2072 1975">
     <span class='ocr_line' id='line_1_18' title="bbox 489 1896 2072 1975; baseline 0.008 -29"><span class='ocrx_word' id='word_1_136' title='bbox 489 1896 683 1958; x_wconf 87' lang='lat' dir='ltr'><strong>iudica,</strong></span> <span class='ocrx_word' id='word_1_137' title='bbox 707 1904 762 1950; x_wconf 90' lang='lat' dir='ltr'><strong>et</strong></span> <span class='ocrx_word' id='word_1_138' title='bbox 783 1913 881 1966; x_wconf 86' lang='lat' dir='ltr'><strong>ego</strong></span> <span class='ocrx_word' id='word_1_139' title='bbox 912 1909 1154 1968; x_wconf 84' lang='lat' dir='ltr'><strong>prompte</strong></span> <span class='ocrx_word' id='word_1_140' title='bbox 1185 1903 1468 1968; x_wconf 83' lang='lat' dir='ltr'><strong>praestabo.</strong></span> <span class='ocrx_word' id='word_1_141' title='bbox 1499 1904 1786 1958; x_wconf 83' lang='lat' dir='ltr'><strong>Considera</strong></span> <span class='ocrx_word' id='word_1_142' title='bbox 1817 1915 2072 1975; x_wconf 87' lang='lat' dir='ltr'><strong>quantum</strong></span> 
     </span>
    </p>
   </div>
   <div class='ocr_carea' id='block_1_19' title="bbox 489 1988 2070 2060">
    <p class='ocr_par' dir='ltr' id='par_1_19' title="bbox 489 1988 2070 2060">
     <span class='ocr_line' id='line_1_19' title="bbox 489 1988 2070 2060; baseline 0.009 -23"><span class='ocrx_word' id='word_1_143' title='bbox 489 1988 662 2040; x_wconf 83' lang='lat' dir='ltr'><strong>valeat</strong></span> <span class='ocrx_word' id='word_1_144' title='bbox 691 1989 1044 2044; x_wconf 80' lang='lat' dir='ltr'><strong>mansuetudo</strong></span> <span class='ocrx_word' id='word_1_145' title='bbox 1071 2007 1084 2044; x_wconf 93' lang='lat'><strong>:</strong></span> <span class='ocrx_word' id='word_1_146' title='bbox 1117 2007 1186 2046; x_wconf 89' lang='lat' dir='ltr'><strong>ne</strong></span> <span class='ocrx_word' id='word_1_147' title='bbox 1215 1995 1573 2060; x_wconf 85' lang='lat' dir='ltr'><strong>perfunctorie</strong></span> <span class='ocrx_word' id='word_1_148' title='bbox 1599 1997 1798 2051; x_wconf 89' lang='lat' dir='ltr'><strong>dictum</strong></span> <span class='ocrx_word' id='word_1_149' title='bbox 1829 2009 2070 2052; x_wconf 81' lang='lat' dir='ltr'><strong>transea-</strong></span> 
     </span>
    </p>
   </div>
   <div class='ocr_carea' id='block_1_20' title="bbox 490 2081 2072 2160">
    <p class='ocr_par' dir='ltr' id='par_1_20' title="bbox 490 2081 2072 2160">
     <span class='ocr_line' id='line_1_20' title="bbox 490 2081 2072 2160; baseline 0.009 -31"><span class='ocrx_word' id='word_1_150' title='bbox 490 2093 645 2142; x_wconf 85' lang='lat' dir='ltr'><strong>mus;</strong></span> <span class='ocrx_word' id='word_1_151' title='bbox 675 2081 770 2134; x_wconf 87' lang='lat' dir='ltr'><strong>sed</strong></span> <span class='ocrx_word' id='word_1_152' title='bbox 791 2082 1010 2136; x_wconf 87' lang='lat' dir='ltr'><strong>attende</strong></span> <span class='ocrx_word' id='word_1_153' title='bbox 1037 2085 1309 2151; x_wconf 88' lang='lat' dir='ltr'><strong>quomodo</strong></span> <span class='ocrx_word' id='word_1_154' title='bbox 1329 2086 1506 2154; x_wconf 88' lang='lat' dir='ltr'><strong>justus</strong></span> <span class='ocrx_word' id='word_1_155' title='bbox 1539 2104 1710 2158; x_wconf 87' lang='lat' dir='ltr'><strong>neque</strong></span> <span class='ocrx_word' id='word_1_156' title='bbox 1740 2092 2072 2160; x_wconf 79' lang='lat' dir='ltr'><strong>cogitaverit,</strong></span> 
     </span>
    </p>
   </div>
   <div class='ocr_carea' id='block_1_21' title="bbox 490 2173 2076 2249">
    <p class='ocr_par' dir='ltr' id='par_1_21' title="bbox 490 2173 2076 2249">
     <span class='ocr_line' id='line_1_21' title="bbox 490 2173 2076 2249; baseline 0.013 -30"><span class='ocrx_word' id='word_1_157' title='bbox 490 2182 666 2238; x_wconf 84' lang='lat' dir='ltr'><strong>neque</strong></span> <span class='ocrx_word' id='word_1_158' title='bbox 709 2173 1041 2228; x_wconf 88' lang='lat' dir='ltr'><strong>mentionem</strong></span> <span class='ocrx_word' id='word_1_159' title='bbox 1069 2175 1271 2241; x_wconf 85' lang='lat' dir='ltr'><strong>iecerit,</strong></span> <span class='ocrx_word' id='word_1_160' title='bbox 1307 2193 1483 2247; x_wconf 89' lang='lat' dir='ltr'><strong>neque</strong></span> <span class='ocrx_word' id='word_1_161' title='bbox 1525 2182 1830 2249; x_wconf 86' lang='lat' dir='ltr'><strong>requisierit</strong></span> <span class='ocrx_word' id='word_1_162' title='bbox 1869 2199 2076 2238; x_wconf 88' lang='lat' dir='ltr'><strong>mercc-</strong></span> 
     </span>
    </p>
   </div>
   <div class='ocr_carea' id='block_1_22' title="bbox 489 2257 2078 2338">
    <p class='ocr_par' dir='ltr' id='par_1_22' title="bbox 489 2257 2078 2338">
     <span class='ocr_line' id='line_1_22' title="bbox 489 2257 2078 2338; baseline 0.012 -28"><span class='ocrx_word' id='word_1_163' title='bbox 489 2257 612 2312; x_wconf 84' lang='lat' dir='ltr'><strong>dem</strong></span> <span class='ocrx_word' id='word_1_164' title='bbox 662 2261 944 2329; x_wconf 88' lang='lat' dir='ltr'><strong>laborum;</strong></span> <span class='ocrx_word' id='word_1_165' title='bbox 971 2265 1065 2320; x_wconf 89' lang='lat' dir='ltr'><strong>sed</strong></span> <span class='ocrx_word' id='word_1_166' title='bbox 1115 2267 1217 2321; x_wconf 90' lang='lat' dir='ltr'><strong>hoc</strong></span> <span class='ocrx_word' id='word_1_167' title='bbox 1246 2269 1418 2323; x_wconf 87' lang='lat' dir='ltr'><strong>solum</strong></span> <span class='ocrx_word' id='word_1_168' title='bbox 1460 2269 1694 2338; x_wconf 79' lang='lat' dir='ltr'><strong>dixerit,</strong></span> <span class='ocrx_word' id='word_1_169' title='bbox 1725 2273 1902 2328; x_wconf 82' lang='lat' dir='ltr'><strong>Redde</strong></span> <span class='ocrx_word' id='word_1_170' title='bbox 1953 2278 2078 2330; x_wconf 84' lang='lat' dir='ltr'><strong>mihi</strong></span> 
     </span>
    </p>
   </div>
   <div class='ocr_carea' id='block_1_23' title="bbox 489 2353 2077 2427">
    <p class='ocr_par' dir='ltr' id='par_1_23' title="bbox 489 2353 2077 2427">
     <span class='ocr_line' id='line_1_23' title="bbox 489 2353 2077 2427; baseline 0.013 -26"><span class='ocrx_word' id='word_1_171' title='bbox 489 2365 677 2406; x_wconf 73' lang='lat' dir='ltr'><strong>uxores</strong></span> <span class='ocrx_word' id='word_1_172' title='bbox 701 2361 748 2406; x_wconf 90' lang='lat' dir='ltr'><strong>et</strong></span> <span class='ocrx_word' id='word_1_173' title='bbox 769 2353 950 2408; x_wconf 85' lang='lat' dir='ltr'><strong>liberos</strong></span> <span class='ocrx_word' id='word_1_174' title='bbox 981 2373 1074 2424; x_wconf 90' lang='lat' dir='ltr'><strong>pro</strong></span> <span class='ocrx_word' id='word_1_175' title='bbox 1107 2357 1287 2426; x_wconf 92' lang='lat' dir='ltr'><strong>quibus</strong></span> <span class='ocrx_word' id='word_1_176' title='bbox 1308 2361 1485 2413; x_wconf 81' lang='lat' dir='ltr'><strong>servivi</strong></span> <span class='ocrx_word' id='word_1_177' title='bbox 1515 2361 1636 2427; x_wconf 86' lang='lat' dir='ltr'><strong>tibi,</strong></span> <span class='ocrx_word' id='word_1_178' title='bbox 1662 2375 1719 2416; x_wconf 86' lang='lat' dir='ltr'><strong>ut</strong></span> <span class='ocrx_word' id='word_1_179' title='bbox 1745 2365 1918 2417; x_wconf 87' lang='lat' dir='ltr'><strong>abeam</strong></span> <span class='ocrx_word' id='word_1_180' title='bbox 1944 2382 1961 2421; x_wconf 93' lang='lat'><strong><em>:</em></strong></span> <span class='ocrx_word' id='word_1_181' title='bbox 1989 2368 2077 2422; x_wconf 85' lang='lat' dir='ltr'><strong>ille</strong></span> 
     </span>
    </p>
   </div>
   <div class='ocr_carea' id='block_1_24' title="bbox 495 2443 2076 2526">
    <p class='ocr_par' dir='ltr' id='par_1_24' title="bbox 495 2443 2076 2526">
     <span class='ocr_line' id='line_1_24' title="bbox 495 2443 2076 2526; baseline 0.011 -33"><span class='ocrx_word' id='word_1_182' title='bbox 495 2443 756 2496; x_wconf 85' lang='lat' dir='ltr'><strong>reveritus</strong></span> <span class='ocrx_word' id='word_1_183' title='bbox 772 2443 900 2510; x_wconf 88' lang='lat' dir='ltr'><strong>justi</strong></span> <span class='ocrx_word' id='word_1_184' title='bbox 925 2461 1168 2515; x_wconf 86' lang='lat' dir='ltr'><strong>magnam</strong></span> <span class='ocrx_word' id='word_1_185' title='bbox 1193 2451 1520 2519; x_wconf 60' lang='lat' dir='ltr'><strong>atquitatem,</strong></span> <span class='ocrx_word' id='word_1_186' title='bbox 1551 2453 1721 2522; x_wconf 88' lang='lat' dir='ltr'><strong>inquit</strong></span> <span class='ocrx_word' id='word_1_187' title='bbox 1754 2473 1766 2508; x_wconf 95' lang='lat'>:</span> <span class='ocrx_word' id='word_1_188' title='bbox 1797 2456 1890 2510; x_wconf 91' lang='lat' dir='ltr'><strong>Dic</strong></span> <span class='ocrx_word' id='word_1_189' title='bbox 1919 2473 2076 2526; x_wconf 88' lang='lat' dir='ltr'><strong>quam</strong></span> 
     </span>
    </p>
   </div>
   <div class='ocr_carea' id='block_1_25' title="bbox 493 2530 2077 2614">
    <p class='ocr_par' dir='ltr' id='par_1_25' title="bbox 493 2530 2077 2614">
     <span class='ocr_line' id='line_1_25' title="bbox 493 2530 2077 2614; baseline 0.015 -32"><span class='ocrx_word' id='word_1_190' title='bbox 493 2530 575 2586; x_wconf 86' lang='lat' dir='ltr'><strong>vis</strong></span> <span class='ocrx_word' id='word_1_191' title='bbox 607 2531 698 2586; x_wconf 90' lang='lat' dir='ltr'><strong>tibi</strong></span> <span class='ocrx_word' id='word_1_192' title='bbox 725 2535 1030 2589; x_wconf 87' lang='lat' dir='ltr'><strong>mercedem</strong></span> <span class='ocrx_word' id='word_1_193' title='bbox 1061 2553 1088 2588; x_wconf 89' lang='lat' dir='ltr'><strong>a</strong></span> <span class='ocrx_word' id='word_1_194' title='bbox 1118 2553 1204 2592; x_wconf 90' lang='lat' dir='ltr'><strong>me</strong></span> <span class='ocrx_word' id='word_1_195' title='bbox 1232 2539 1380 2605; x_wconf 88' lang='lat' dir='ltr'><strong>dari,</strong></span> <span class='ocrx_word' id='word_1_196' title='bbox 1404 2552 1456 2596; x_wconf 88' lang='lat' dir='ltr'><strong>ct</strong></span> <span class='ocrx_word' id='word_1_197' title='bbox 1476 2544 1620 2598; x_wconf 92' lang='lat' dir='ltr'><strong>illam</strong></span> <span class='ocrx_word' id='word_1_198' title='bbox 1654 2561 1896 2614; x_wconf 86' lang='lat' dir='ltr'><strong>prompte</strong></span> <span class='ocrx_word' id='word_1_199' title='bbox 1917 2549 2077 2606; x_wconf 79' lang='lat' dir='ltr'><strong>dabo.</strong></span> 
     </span>
    </p>
   </div>
   <div class='ocr_carea' id='block_1_26' title="bbox 499 2621 2082 2712">
    <p class='ocr_par' dir='ltr' id='par_1_26' title="bbox 499 2621 2082 2712">
     <span class='ocr_line' id='line_1_26' title="bbox 499 2621 2082 2712; baseline 0.015 -40"><span class='ocrx_word' id='word_1_200' title='bbox 499 2621 690 2674; x_wconf 80' lang='lat' dir='ltr'><strong>Annon</strong></span> <span class='ocrx_word' id='word_1_201' title='bbox 722 2638 842 2676; x_wconf 89' lang='lat' dir='ltr'><strong>cum</strong></span> <span class='ocrx_word' id='word_1_202' title='bbox 875 2625 992 2694; x_wconf 86' lang='lat' dir='ltr'><strong>ipso</strong></span> <span class='ocrx_word' id='word_1_203' title='bbox 1017 2639 1174 2683; x_wconf 87' lang='lat' dir='ltr'><strong>erant</strong></span> <span class='ocrx_word' id='word_1_204' title='bbox 1207 2633 1462 2688; x_wconf 89' lang='lat' dir='ltr'><strong>mulieres</strong></span> <span class='ocrx_word' id='word_1_205' title='bbox 1491 2643 1545 2689; x_wconf 89' lang='lat' dir='ltr'><strong>et</strong></span> <span class='ocrx_word' id='word_1_206' title='bbox 1573 2639 1719 2705; x_wconf 86' lang='lat' dir='ltr'><strong>pueri</strong></span> <span class='ocrx_word' id='word_1_207' title='bbox 1739 2641 1760 2692; x_wconf 86' lang='lat'>?</span> <span class='ocrx_word' id='word_1_208' title='bbox 1781 2639 1956 2704; x_wconf 81' lang='lat' dir='ltr'><strong>Quare</strong></span> <span class='ocrx_word' id='word_1_209' title='bbox 1985 2643 2082 2712; x_wconf 87' lang='lat' dir='ltr'><strong>igi-</strong></span> 
     </span>
    </p>
   </div>
   <div class='ocr_carea' id='block_1_27' title="bbox 502 2712 2084 2800">
    <p class='ocr_par' dir='ltr' id='par_1_27' title="bbox 502 2712 2084 2800">
     <span class='ocr_line' id='line_1_27' title="bbox 502 2712 2084 2800; baseline 0.017 -38"><span class='ocrx_word' id='word_1_210' title='bbox 502 2719 589 2764; x_wconf 88' lang='lat' dir='ltr'><strong>tur</strong></span> <span class='ocrx_word' id='word_1_211' title='bbox 610 2712 772 2778; x_wconf 79' lang='lat' dir='ltr'><strong>dixit,</strong></span> <span class='ocrx_word' id='word_1_212' title='bbox 797 2714 976 2770; x_wconf 81' lang='lat' dir='ltr'><strong>Redde</strong></span> <span class='ocrx_word' id='word_1_213' title='bbox 1001 2720 1126 2773; x_wconf 83' lang='lat' dir='ltr'><strong>mihi</strong></span> <span class='ocrx_word' id='word_1_214' title='bbox 1154 2738 1334 2776; x_wconf 79' lang='lat' dir='ltr'><strong>uxores</strong></span> <span class='ocrx_word' id='word_1_215' title='bbox 1359 2735 1404 2777; x_wconf 86' lang='lat' dir='ltr'><strong>et</strong></span> <span class='ocrx_word' id='word_1_216' title='bbox 1425 2743 1608 2794; x_wconf 85' lang='lat' dir='ltr'><strong>pueros</strong></span> <span class='ocrx_word' id='word_1_217' title='bbox 1630 2730 1654 2782; x_wconf 86' lang='lat'><strong><em>?</em></strong></span> <span class='ocrx_word' id='word_1_218' title='bbox 1683 2731 1848 2800; x_wconf 91' lang='lat' dir='ltr'><strong>Digno</strong></span> <span class='ocrx_word' id='word_1_219' title='bbox 1879 2733 2084 2789; x_wconf 87' lang='lat' dir='ltr'><strong>honore</strong></span> 
     </span>
    </p>
   </div>
   <div class='ocr_carea' id='block_1_28' title="bbox 499 2815 2083 2892">
    <p class='ocr_par' dir='ltr' id='par_1_28' title="bbox 499 2815 2083 2892">
     <span class='ocr_line' id='line_1_28' title="bbox 499 2815 2083 2892; baseline 0.018 -39"><span class='ocrx_word' id='word_1_220' title='bbox 499 2815 624 2855; x_wconf 88' lang='lat' dir='ltr'><strong>eum</strong></span> <span class='ocrx_word' id='word_1_221' title='bbox 672 2817 1028 2875; x_wconf 84' lang='lat' dir='ltr'><strong>prosequutus</strong></span> <span class='ocrx_word' id='word_1_222' title='bbox 1057 2820 1176 2879; x_wconf 88' lang='lat' dir='ltr'><strong>est,</strong></span> <span class='ocrx_word' id='word_1_223' title='bbox 1213 2829 1476 2885; x_wconf 87' lang='lat' dir='ltr'><strong>suumque</strong></span> <span class='ocrx_word' id='word_1_224' title='bbox 1519 2836 1722 2876; x_wconf 89' lang='lat' dir='ltr'><strong>morem</strong></span> <span class='ocrx_word' id='word_1_225' title='bbox 1775 2841 1870 2892; x_wconf 89' lang='lat' dir='ltr'><strong>per</strong></span> <span class='ocrx_word' id='word_1_226' title='bbox 1904 2827 2083 2882; x_wconf 88' lang='lat' dir='ltr'><strong>omnia</strong></span> 
     </span>
    </p>
   </div>
   <div class='ocr_carea' id='block_1_29' title="bbox 499 2890 2079 2982">
    <p class='ocr_par' dir='ltr' id='par_1_29' title="bbox 499 2890 2079 2982">
     <span class='ocr_line' id='line_1_29' title="bbox 499 2890 2079 2982; baseline 0.018 -40"><span class='ocrx_word' id='word_1_227' title='bbox 499 2890 773 2957; x_wconf 84' lang='lat' dir='ltr'><strong>observat,</strong></span> <span class='ocrx_word' id='word_1_228' title='bbox 798 2903 852 2949; x_wconf 87' lang='lat' dir='ltr'><strong>et</strong></span> <span class='ocrx_word' id='word_1_229' title='bbox 881 2896 1048 2954; x_wconf 88' lang='lat' dir='ltr'><strong>libere</strong></span> <span class='ocrx_word' id='word_1_230' title='bbox 1076 2899 1352 2959; x_wconf 88' lang='lat' dir='ltr'><strong>discedere</strong></span> <span class='ocrx_word' id='word_1_231' title='bbox 1379 2909 1648 2965; x_wconf 88' lang='lat' dir='ltr'><strong>vnlt.Vide</strong></span> <span class='ocrx_word' id='word_1_232' title='bbox 1678 2890 1834 2982; x_wconf 80' lang='lat' dir='ltr'><strong>igitur</strong></span> <span class='ocrx_word' id='word_1_233' title='bbox 1856 2931 1920 2969; x_wconf 80' lang='lat' dir='ltr'><strong>ex</strong></span> <span class='ocrx_word' id='word_1_234' title='bbox 1955 2932 2079 2971; x_wconf 86' lang='lat' dir='ltr'><strong>ver-</strong></span> 
     </span>
    </p>
   </div>
   <div class='ocr_carea' id='block_1_30' title="bbox 503 2981 2082 3065">
    <p class='ocr_par' dir='ltr' id='par_1_30' title="bbox 503 2981 2082 3065">
     <span class='ocr_line' id='line_1_30' title="bbox 503 2981 2082 3065; baseline 0.02 -33"><span class='ocrx_word' id='word_1_235' title='bbox 503 2981 583 3034; x_wconf 87' lang='lat' dir='ltr'><strong>bis</strong></span> <span class='ocrx_word' id='word_1_236' title='bbox 607 2982 736 3051; x_wconf 86' lang='lat' dir='ltr'><strong>ipsis</strong></span> <span class='ocrx_word' id='word_1_237' title='bbox 765 2989 1032 3054; x_wconf 90' lang='lat' dir='ltr'><strong>quomodo</strong></span> <span class='ocrx_word' id='word_1_238' title='bbox 1057 2996 1280 3049; x_wconf 85' lang='lat' dir='ltr'><strong>attraxit</strong></span> <span class='ocrx_word' id='word_1_239' title='bbox 1301 2995 1594 3065; x_wconf 83' lang='lat' dir='ltr'><strong>Labanum,</strong></span> <span class='ocrx_word' id='word_1_240' title='bbox 1615 3011 1668 3056; x_wconf 92' lang='lat' dir='ltr'><strong>ut</strong></span> <span class='ocrx_word' id='word_1_241' title='bbox 1697 2981 1755 3058; x_wconf 81' lang='lat' dir='ltr'><strong>se</strong></span> <span class='ocrx_word' id='word_1_242' title='bbox 1780 3009 2082 3064; x_wconf 87' lang='lat' dir='ltr'><strong>mercedem</strong></span> 
     </span>
    </p>
   </div>
   <div class='ocr_carea' id='block_1_31' title="bbox 501 3071 2084 3169">
    <p class='ocr_par' dir='ltr' id='par_1_31' title="bbox 501 3071 2084 3169">
     <span class='ocr_line' id='line_1_31' title="bbox 501 3071 2084 3169; baseline 0.02 -46"><span class='ocrx_word' id='word_1_243' title='bbox 501 3071 752 3128; x_wconf 89' lang='lat' dir='ltr'><strong>daturum</strong></span> <span class='ocrx_word' id='word_1_244' title='bbox 783 3089 974 3145; x_wconf 83' lang='lat' dir='ltr'><strong>sponte</strong></span> <span class='ocrx_word' id='word_1_245' title='bbox 1006 3085 1316 3152; x_wconf 84' lang='lat' dir='ltr'><strong>promittat,</strong></span> <span class='ocrx_word' id='word_1_246' title='bbox 1349 3099 1506 3159; x_wconf 89' lang='lat' dir='ltr'><strong>atque</strong></span> <span class='ocrx_word' id='word_1_247' title='bbox 1535 3093 1851 3150; x_wconf 84' lang='lat' dir='ltr'><strong>electionem</strong></span> <span class='ocrx_word' id='word_1_248' title='bbox 1884 3101 1932 3153; x_wconf 88' lang='lat' dir='ltr'><strong>ei</strong></span> <span class='ocrx_word' id='word_1_249' title='bbox 1961 3115 2084 3169; x_wconf 85' lang='lat' dir='ltr'><strong>per-</strong></span> 
     </span>
    </p>
   </div>
   <div class='ocr_carea' id='block_1_32' title="bbox 501 3164 2088 3260">
    <p class='ocr_par' dir='ltr' id='par_1_32' title="bbox 501 3164 2088 3260">
     <span class='ocr_line' id='line_1_32' title="bbox 501 3164 2088 3260; baseline 0.021 -46"><span class='ocrx_word' id='word_1_250' title='bbox 501 3164 696 3220; x_wconf 83' lang='lat' dir='ltr'><strong>mittat.</strong></span> <span class='ocrx_word' id='word_1_251' title='bbox 747 3167 884 3236; x_wconf 87' lang='lat' dir='ltr'><strong>Quid</strong></span> <span class='ocrx_word' id='word_1_252' title='bbox 930 3171 1092 3241; x_wconf 85' lang='lat' dir='ltr'><strong>igitur</strong></span> <span class='ocrx_word' id='word_1_253' title='bbox 1137 3175 1354 3244; x_wconf 85' lang='lat' dir='ltr'><strong>justus?</strong></span> <span class='ocrx_word' id='word_1_254' title='bbox 1379 3180 1512 3237; x_wconf 85' lang='lat' dir='ltr'><strong>Vide</strong></span> <span class='ocrx_word' id='word_1_255' title='bbox 1560 3188 1916 3244; x_wconf 80' lang='lat' dir='ltr'><strong>excellentem</strong></span> <span class='ocrx_word' id='word_1_256' title='bbox 1963 3164 2088 3260; x_wconf 72' lang='lat' dir='ltr'><strong>ejus</strong></span> 
     </span>
    </p>
   </div>
   <div class='ocr_carea' id='block_1_33' title="bbox 505 3263 2091 3346">
    <p class='ocr_par' dir='ltr' id='par_1_33' title="bbox 505 3263 2091 3346">
     <span class='ocr_line' id='line_1_33' title="bbox 505 3263 2091 3346; baseline 0.021 -37"><span class='ocrx_word' id='word_1_257' title='bbox 505 3263 993 3346; x_wconf 84' lang='lat' dir='ltr'><strong>mansuetudinem,</strong></span> <span class='ocrx_word' id='word_1_258' title='bbox 1018 3274 1286 3338; x_wconf 88' lang='lat' dir='ltr'><strong>quomodo</strong></span> <span class='ocrx_word' id='word_1_259' title='bbox 1315 3291 1488 3346; x_wconf 82' lang='lat' dir='ltr'><strong>neque</strong></span> <span class='ocrx_word' id='word_1_260' title='bbox 1513 3279 1591 3334; x_wconf 87' lang='lat' dir='ltr'><strong>sic</strong></span> <span class='ocrx_word' id='word_1_261' title='bbox 1616 3297 1875 3338; x_wconf 87' lang='lat' dir='ltr'><strong>onerosus</strong></span> <span class='ocrx_word' id='word_1_262' title='bbox 1896 3296 1948 3340; x_wconf 88' lang='lat' dir='ltr'><strong>et</strong></span> <span class='ocrx_word' id='word_1_263' title='bbox 1975 3303 2091 3340; x_wconf 92' lang='lat' dir='ltr'><strong>mo-</strong></span> 
     </span>
    </p>
   </div>
   <div class='ocr_carea' id='block_1_34' title="bbox 505 3345 2090 3436">
    <p class='ocr_par' dir='ltr' id='par_1_34' title="bbox 505 3345 2090 3436">
     <span class='ocr_line' id='line_1_34' title="bbox 505 3345 2090 3436; baseline 0.021 -37"><span class='ocrx_word' id='word_1_264' title='bbox 505 3345 676 3406; x_wconf 85' lang='lat' dir='ltr'><strong>lestus</strong></span> <span class='ocrx_word' id='word_1_265' title='bbox 704 3362 789 3406; x_wconf 87' lang='lat' dir='ltr'><strong>est</strong></span> <span class='ocrx_word' id='word_1_266' title='bbox 830 3353 1071 3412; x_wconf 86' lang='lat' dir='ltr'><strong>Labauo.</strong></span> <span class='ocrx_word' id='word_1_267' title='bbox 1103 3360 1208 3416; x_wconf 87' lang='lat' dir='ltr'><strong>Sed</strong></span> <span class='ocrx_word' id='word_1_268' title='bbox 1232 3365 1356 3433; x_wconf 90' lang='lat' dir='ltr'><strong>quid</strong></span> <span class='ocrx_word' id='word_1_269' title='bbox 1374 3345 1599 3436; x_wconf 78' lang='lat' dir='ltr'><strong>&#39;tlpsum</strong></span> <span class='ocrx_word' id='word_1_270' title='bbox 1633 3381 1822 3427; x_wconf 85' lang='lat' dir='ltr'><strong>testem</strong></span> <span class='ocrx_word' id='word_1_271' title='bbox 1847 3375 1972 3430; x_wconf 84' lang='lat' dir='ltr'><strong>facit</strong></span> <span class='ocrx_word' id='word_1_272' title='bbox 2007 3380 2090 3433; x_wconf 90' lang='lat' dir='ltr'><strong>sui</strong></span> 
     </span>
    </p>
   </div>
   <div class='ocr_carea' id='block_1_35' title="bbox 509 3437 2092 3538">
    <p class='ocr_par' dir='ltr' id='par_1_35' title="bbox 509 3437 2092 3538">
     <span class='ocr_line' id='line_1_35' title="bbox 509 3437 2092 3538; baseline 0.024 -49"><span class='ocrx_word' id='word_1_273' title='bbox 509 3437 728 3495; x_wconf 81' lang='lat' dir='ltr'><strong>affectus</strong></span> <span class='ocrx_word' id='word_1_274' title='bbox 758 3452 814 3497; x_wconf 89' lang='lat' dir='ltr'><strong>et</strong></span> <span class='ocrx_word' id='word_1_275' title='bbox 835 3445 1134 3506; x_wconf 89' lang='lat' dir='ltr'><strong>ofﬁciorum</strong></span> <span class='ocrx_word' id='word_1_276' title='bbox 1167 3469 1410 3522; x_wconf 89' lang='lat' dir='ltr'><strong>suorum,</strong></span> <span class='ocrx_word' id='word_1_277' title='bbox 1442 3469 1495 3512; x_wconf 90' lang='lat' dir='ltr'><strong>et</strong></span> <span class='ocrx_word' id='word_1_278' title='bbox 1526 3476 1638 3515; x_wconf 77' lang='lat' dir='ltr'><strong>sum</strong></span> <span class='ocrx_word' id='word_1_279' title='bbox 1664 3467 1808 3518; x_wconf 91' lang='lat' dir='ltr'><strong>omni</strong></span> <span class='ocrx_word' id='word_1_280' title='bbox 1853 3477 2092 3538; x_wconf 88' lang='lat' dir='ltr'><strong>tempore</strong></span> 
     </span>
    </p>
   </div>
   <div class='ocr_carea' id='block_1_36' title="bbox 507 3529 2096 3629">
    <p class='ocr_par' dir='ltr' id='par_1_36' title="bbox 507 3529 2096 3629">
     <span class='ocr_line' id='line_1_36' title="bbox 507 3529 2096 3629; baseline 0.023 -49"><span class='ocrx_word' id='word_1_281' title='bbox 507 3529 560 3582; x_wconf 90' lang='lat' dir='ltr'><strong>in</strong></span> <span class='ocrx_word' id='word_1_282' title='bbox 593 3530 683 3585; x_wconf 91' lang='lat' dir='ltr'><strong>illo</strong></span> <span class='ocrx_word' id='word_1_283' title='bbox 711 3536 996 3592; x_wconf 85' lang='lat' dir='ltr'><strong>serviendo</strong></span> <span class='ocrx_word' id='word_1_284' title='bbox 1027 3540 1440 3601; x_wconf 81' lang='lat' dir='ltr'><strong>benevolentiae.</strong></span> <span class='ocrx_word' id='word_1_285' title='bbox 1462 3551 1552 3605; x_wconf 76' lang='lat'><strong>‘29.</strong></span> <span class='ocrx_word' id='word_1_286' title='bbox 1577 3550 1657 3606; x_wconf 85' lang='lat' dir='ltr'><strong>Tu</strong></span> <span class='ocrx_word' id='word_1_287' title='bbox 1682 3557 1812 3608; x_wconf 81' lang='lat' dir='ltr'><strong>nosti</strong></span> <span class='ocrx_word' id='word_1_288' title='bbox 1835 3598 1848 3620; x_wconf 93' lang='lat'><strong>,</strong></span> <span class='ocrx_word' id='word_1_289' title='bbox 1879 3529 2050 3629; x_wconf 72' lang='lat' dir='ltr'><strong>inquit</strong></span> <span class='ocrx_word' id='word_1_290' title='bbox 2073 3537 2096 3627; x_wconf 28' lang='grc' dir='ltr'><strong>,Ι</strong></span> 
     </span>
    </p>
   </div>
   <div class='ocr_carea' id='block_1_37' title="bbox 511 3622 2091 3715">
    <p class='ocr_par' dir='ltr' id='par_1_37' title="bbox 511 3622 2091 3715">
     <span class='ocr_line' id='line_1_37' title="bbox 511 3622 2091 3715; baseline 0.02 -42"><span class='ocrx_word' id='word_1_291' title='bbox 511 3622 729 3682; x_wconf 81' lang='lat' dir='ltr'><strong>qualiter</strong></span> <span class='ocrx_word' id='word_1_292' title='bbox 757 3627 845 3680; x_wconf 82' lang='lat' dir='ltr'><strong>tibi</strong></span> <span class='ocrx_word' id='word_1_293' title='bbox 882 3632 1140 3686; x_wconf 82' lang='lat' dir='ltr'><strong>servierim</strong></span> <span class='ocrx_word' id='word_1_294' title='bbox 1169 3635 1186 3666; x_wconf 80' lang='grc'><strong>¹</strong></span> <span class='ocrx_word' id='word_1_295' title='bbox 1208 3676 1222 3700; x_wconf 91' lang='grc'><strong><em>,</em></strong></span> <span class='ocrx_word' id='word_1_296' title='bbox 1264 3647 1309 3689; x_wconf 92' lang='lat' dir='ltr'><strong>et</strong></span> <span class='ocrx_word' id='word_1_297' title='bbox 1349 3653 1540 3708; x_wconf 88' lang='lat' dir='ltr'><strong>quanta</strong></span> <span class='ocrx_word' id='word_1_298' title='bbox 1584 3645 1770 3714; x_wconf 83' lang='lat' dir='ltr'><strong>fuerint</strong></span> <span class='ocrx_word' id='word_1_299' title='bbox 1796 3622 1974 3715; x_wconf 73' lang='lat' dir='ltr'><strong>pecora</strong></span> <span class='ocrx_word' id='word_1_300' title='bbox 2005 3622 2091 3706; x_wconf 84' lang='lat' dir='ltr'><strong>tua</strong></span> 
     </span>
    </p>
   </div>
   <div class='ocr_carea' id='block_1_38' title="bbox 509 3715 2092 3802">
    <p class='ocr_par' dir='ltr' id='par_1_38' title="bbox 509 3715 2092 3802">
     <span class='ocr_line' id='line_1_38' title="bbox 509 3715 2092 3802; baseline 0.022 -43"><span class='ocrx_word' id='word_1_301' title='bbox 509 3726 722 3766; x_wconf 84' lang='lat' dir='ltr'><strong>mecum.</strong></span> <span class='ocrx_word' id='word_1_302' title='bbox 750 3715 838 3771; x_wconf 79' lang='lat'><strong>50.</strong></span> <span class='ocrx_word' id='word_1_303' title='bbox 865 3717 1040 3775; x_wconf 78' lang='lat' dir='ltr'><strong>Parva</strong></span> <span class='ocrx_word' id='word_1_304' title='bbox 1063 3725 1196 3778; x_wconf 87' lang='lat' dir='ltr'><strong>enim</strong></span> <span class='ocrx_word' id='word_1_305' title='bbox 1234 3738 1374 3782; x_wconf 87' lang='lat' dir='ltr'><strong>erant</strong></span> <span class='ocrx_word' id='word_1_306' title='bbox 1403 3746 1572 3784; x_wconf 88' lang='lat' dir='ltr'><strong>coram</strong></span> <span class='ocrx_word' id='word_1_307' title='bbox 1599 3750 1698 3802; x_wconf 88' lang='lat' dir='ltr'><strong>me,</strong></span> <span class='ocrx_word' id='word_1_308' title='bbox 1730 3746 1778 3788; x_wconf 88' lang='lat' dir='ltr'><strong>et</strong></span> <span class='ocrx_word' id='word_1_309' title='bbox 1801 3748 1950 3790; x_wconf 87' lang='lat' dir='ltr'><strong>aucta</strong></span> <span class='ocrx_word' id='word_1_310' title='bbox 1975 3751 2092 3795; x_wconf 88' lang='lat' dir='ltr'><strong>sunt</strong></span> 
     </span>
    </p>
   </div>
   <div class='ocr_carea' id='block_1_39' title="bbox 509 3802 2092 3887">
    <p class='ocr_par' dir='ltr' id='par_1_39' title="bbox 509 3802 2092 3887">
     <span class='ocr_line' id='line_1_39' title="bbox 509 3802 2092 3887; baseline 0.021 -34"><span class='ocrx_word' id='word_1_311' title='bbox 509 3802 564 3854; x_wconf 87' lang='lat' dir='ltr'><strong>in</strong></span> <span class='ocrx_word' id='word_1_312' title='bbox 609 3820 846 3877; x_wconf 87' lang='lat' dir='ltr'><strong>magnam</strong></span> <span class='ocrx_word' id='word_1_313' title='bbox 883 3813 1287 3887; x_wconf 83' lang='lat' dir='ltr'><strong>multitudinem,</strong></span> <span class='ocrx_word' id='word_1_314' title='bbox 1319 3831 1366 3875; x_wconf 87' lang='lat' dir='ltr'><strong>et</strong></span> <span class='ocrx_word' id='word_1_315' title='bbox 1392 3821 1642 3880; x_wconf 73' lang='lat' dir='ltr'><strong>benedixit</strong></span> <span class='ocrx_word' id='word_1_316' title='bbox 1671 3839 1718 3882; x_wconf 86' lang='lat' dir='ltr'><strong>te</strong></span> <span class='ocrx_word' id='word_1_317' title='bbox 1741 3829 1991 3886; x_wconf 82' lang='lat' dir='ltr'><strong>Dominus</strong></span> <span class='ocrx_word' id='word_1_318' title='bbox 2025 3835 2092 3886; x_wconf 90' lang='lat' dir='ltr'><strong>ad</strong></span> 
     </span>
    </p>
   </div>
   <div class='ocr_carea' id='block_1_40' title="bbox 513 3897 2094 3994">
    <p class='ocr_par' dir='ltr' id='par_1_40' title="bbox 513 3897 2094 3994">
     <span class='ocr_line' id='line_1_40' title="bbox 513 3897 2094 3994; baseline 0.021 -45"><span class='ocrx_word' id='word_1_319' title='bbox 513 3897 690 3994; x_wconf 71' lang='lat' dir='ltr'><strong>pedem</strong></span> <span class='ocrx_word' id='word_1_320' title='bbox 714 3917 880 3958; x_wconf 87' lang='lat' dir='ltr'><strong>meum</strong></span> <span class='ocrx_word' id='word_1_321' title='bbox 901 3921 920 3958; x_wconf 92' lang='lat'><strong><em>:</em></strong></span> <span class='ocrx_word' id='word_1_322' title='bbox 945 3924 1081 3962; x_wconf 86' lang='lat' dir='ltr'><strong>nunc</strong></span> <span class='ocrx_word' id='word_1_323' title='bbox 1107 3911 1263 3981; x_wconf 82' lang='lat' dir='ltr'><strong>igitur</strong></span> <span class='ocrx_word' id='word_1_324' title='bbox 1287 3919 1492 3982; x_wconf 84' lang='lat' dir='ltr'><strong>quando</strong></span> <span class='ocrx_word' id='word_1_325' title='bbox 1531 3919 1718 3988; x_wconf 85' lang='lat' dir='ltr'><strong>faciam</strong></span> <span class='ocrx_word' id='word_1_326' title='bbox 1763 3933 1808 3976; x_wconf 88' lang='lat' dir='ltr'><strong>et</strong></span> <span class='ocrx_word' id='word_1_327' title='bbox 1846 3941 1934 3994; x_wconf 86' lang='lat' dir='ltr'><strong>ego</strong></span> <span class='ocrx_word' id='word_1_328' title='bbox 1967 3929 2094 3982; x_wconf 73' lang='lat' dir='ltr'><strong>mihi</strong></span> 
     </span>
    </p>
   </div>
   <div class='ocr_carea' id='block_1_41' title="bbox 509 3987 2091 4073">
    <p class='ocr_par' dir='ltr' id='par_1_41' title="bbox 509 3987 2091 4073">
     <span class='ocr_line' id='line_1_41' title="bbox 509 3987 2091 4073; baseline 0.021 -33"><span class='ocrx_word' id='word_1_329' title='bbox 509 3987 608 4054; x_wconf 83' lang='lat' dir='ltr'><strong>ipsi</strong></span> <span class='ocrx_word' id='word_1_330' title='bbox 630 3990 836 4048; x_wconf 83' lang='lat' dir='ltr'><strong>domum</strong></span> <span class='ocrx_word' id='word_1_331' title='bbox 854 3995 881 4048; x_wconf 71' lang='grc' dir='ltr'><strong>ι</strong></span> <span class='ocrx_word' id='word_1_332' title='bbox 903 3997 980 4053; x_wconf 88' lang='lat' dir='ltr'><strong>Te</strong></span> <span class='ocrx_word' id='word_1_333' title='bbox 1001 4015 1136 4055; x_wconf 86' lang='lat' dir='ltr'><strong>voco</strong></span> <span class='ocrx_word' id='word_1_334' title='bbox 1152 4014 1344 4060; x_wconf 87' lang='lat' dir='ltr'><strong>testem</strong></span> <span class='ocrx_word' id='word_1_335' title='bbox 1365 3987 1608 4064; x_wconf 83' lang='lat' dir='ltr'><strong>laborum</strong></span> <span class='ocrx_word' id='word_1_336' title='bbox 1635 3987 2091 4073; x_wconf 69' lang='grc' dir='ltr'><strong>ηιθοτυιηῖνιάίειί</strong></span> 
     </span>
    </p>
   </div>
   <div class='ocr_carea' id='block_1_42' title="bbox 511 4077 2094 4175">
    <p class='ocr_par' dir='ltr' id='par_1_42' title="bbox 511 4077 2094 4175">
     <span class='ocr_line' id='line_1_42' title="bbox 511 4077 2094 4175; baseline 0.023 -46"><span class='ocrx_word' id='word_1_337' title='bbox 511 4077 653 4131; x_wconf 89' lang='lat' dir='ltr'><strong>enim</strong></span> <span class='ocrx_word' id='word_1_338' title='bbox 679 4093 881 4150; x_wconf 87' lang='lat' dir='ltr'><strong>quanto</strong></span> <span class='ocrx_word' id='word_1_339' title='bbox 909 4091 1086 4144; x_wconf 86' lang='lat' dir='ltr'><strong>studio</strong></span> <span class='ocrx_word' id='word_1_340' title='bbox 1114 4104 1167 4147; x_wconf 90' lang='lat' dir='ltr'><strong>et</strong></span> <span class='ocrx_word' id='word_1_341' title='bbox 1199 4094 1299 4149; x_wconf 85' lang='lat' dir='ltr'><strong>ﬁde</strong></span> <span class='ocrx_word' id='word_1_342' title='bbox 1329 4100 1506 4154; x_wconf 87' lang='lat' dir='ltr'><strong>omnia</strong></span> <span class='ocrx_word' id='word_1_343' title='bbox 1545 4102 1963 4162; x_wconf 86' lang='lat' dir='ltr'><strong>administrarim</strong></span> <span class='ocrx_word' id='word_1_344' title='bbox 1983 4150 1999 4175; x_wconf 89' lang='lat'><strong>,</strong></span> <span class='ocrx_word' id='word_1_345' title='bbox 2030 4126 2094 4166; x_wconf 90' lang='lat' dir='ltr'><strong>ac</strong></span> 
     </span>
    </p>
   </div>
   <div class='ocr_carea' id='block_1_43' title="bbox 513 4171 2090 4264">
    <p class='ocr_par' dir='ltr' id='par_1_43' title="bbox 513 4171 2090 4264">
     <span class='ocr_line' id='line_1_43' title="bbox 513 4171 2090 4264; baseline 0.023 -47"><span class='ocrx_word' id='word_1_346' title='bbox 513 4171 780 4232; x_wconf 89' lang='lat' dir='ltr'><strong>quomodo</strong></span> <span class='ocrx_word' id='word_1_347' title='bbox 828 4175 880 4227; x_wconf 89' lang='lat' dir='ltr'><strong>in</strong></span> <span class='ocrx_word' id='word_1_348' title='bbox 927 4191 1092 4245; x_wconf 88' lang='lat' dir='ltr'><strong>parvo</strong></span> <span class='ocrx_word' id='word_1_349' title='bbox 1138 4198 1362 4238; x_wconf 87' lang='lat' dir='ltr'><strong>numero</strong></span> <span class='ocrx_word' id='word_1_350' title='bbox 1405 4192 1701 4258; x_wconf 88' lang='lat' dir='ltr'><strong>acceperim</strong></span> <span class='ocrx_word' id='word_1_351' title='bbox 1737 4210 1928 4263; x_wconf 85' lang='lat' dir='ltr'><strong>pecora</strong></span> <span class='ocrx_word' id='word_1_352' title='bbox 1967 4171 2090 4264; x_wconf 82' lang='lat' dir='ltr'><strong>tua,</strong></span> 
     </span>
    </p>
   </div>
   <div class='ocr_carea' id='block_1_44' title="bbox 516 4258 2090 4344">
    <p class='ocr_par' dir='ltr' id='par_1_44' title="bbox 516 4258 2090 4344">
     <span class='ocr_line' id='line_1_44' title="bbox 516 4258 2090 4344; baseline 0.024 -40"><span class='ocrx_word' id='word_1_353' title='bbox 516 4271 634 4324; x_wconf 72' lang='lat' dir='ltr'><strong>qum</strong></span> <span class='ocrx_word' id='word_1_354' title='bbox 654 4258 927 4330; x_wconf 88' lang='lat' dir='ltr'><strong>diligentia</strong></span> <span class='ocrx_word' id='word_1_355' title='bbox 950 4267 1326 4340; x_wconf 85' lang='lat' dir='ltr'><strong>vigilantiaque</strong></span> <span class='ocrx_word' id='word_1_356' title='bbox 1353 4291 1468 4328; x_wconf 89' lang='lat' dir='ltr'><strong>mea</strong></span> <span class='ocrx_word' id='word_1_357' title='bbox 1497 4278 1549 4331; x_wconf 91' lang='lat' dir='ltr'><strong>in</strong></span> <span class='ocrx_word' id='word_1_358' title='bbox 1579 4258 1781 4336; x_wconf 82' lang='lat' dir='ltr'><strong>tantum</strong></span> <span class='ocrx_word' id='word_1_359' title='bbox 1811 4258 2090 4344; x_wconf 82' lang='lat' dir='ltr'><strong>numerum</strong></span> 
     </span>
    </p>
   </div>
   <div class='ocr_carea' id='block_1_45' title="bbox 515 4357 2092 4446">
    <p class='ocr_par' dir='ltr' id='par_1_45' title="bbox 515 4357 2092 4446">
     <span class='ocr_line' id='line_1_45' title="bbox 515 4357 2092 4446; baseline 0.023 -47"><span class='ocrx_word' id='word_1_360' title='bbox 515 4361 760 4405; x_wconf 88' lang='lat' dir='ltr'><strong>crescere</strong></span> <span class='ocrx_word' id='word_1_361' title='bbox 798 4357 1000 4409; x_wconf 86' lang='lat' dir='ltr'><strong>curavi.</strong></span> <span class='ocrx_word' id='word_1_362' title='bbox 1035 4359 1238 4416; x_wconf 86' lang='lat' dir='ltr'><strong>Deinde</strong></span> <span class='ocrx_word' id='word_1_363' title='bbox 1267 4375 1571 4423; x_wconf 86' lang='lat' dir='ltr'><strong>monstrans</strong></span> <span class='ocrx_word' id='word_1_364' title='bbox 1601 4385 1750 4426; x_wconf 89' lang='lat' dir='ltr'><strong>suam</strong></span> <span class='ocrx_word' id='word_1_365' title='bbox 1781 4376 2092 4446; x_wconf 84' lang='lat' dir='ltr'><strong>religionem</strong></span> 
     </span>
    </p>
   </div>
   <div class='ocr_carea' id='block_1_46' title="bbox 521 4438 2096 4530">
    <p class='ocr_par' dir='ltr' id='par_1_46' title="bbox 521 4438 2096 4530">
     <span class='ocr_line' id='line_1_46' title="bbox 521 4438 2096 4530; baseline 0.023 -41"><span class='ocrx_word' id='word_1_366' title='bbox 521 4438 690 4507; x_wconf 87' lang='lat' dir='ltr'><strong>inquit</strong></span> <span class='ocrx_word' id='word_1_367' title='bbox 715 4459 728 4495; x_wconf 87' lang='lat'><strong>:</strong></span> <span class='ocrx_word' id='word_1_368' title='bbox 762 4442 1023 4501; x_wconf 75' lang='lat' dir='ltr'><strong>Benedixit</strong></span> <span class='ocrx_word' id='word_1_369' title='bbox 1064 4453 1196 4505; x_wconf 85' lang='lat' dir='ltr'><strong>enim</strong></span> <span class='ocrx_word' id='word_1_370' title='bbox 1223 4463 1269 4505; x_wconf 89' lang='lat' dir='ltr'><strong>te</strong></span> <span class='ocrx_word' id='word_1_371' title='bbox 1295 4454 1543 4514; x_wconf 84' lang='lat' dir='ltr'><strong>Dominus</strong></span> <span class='ocrx_word' id='word_1_372' title='bbox 1585 4461 1653 4513; x_wconf 88' lang='lat' dir='ltr'><strong>ad</strong></span> <span class='ocrx_word' id='word_1_373' title='bbox 1679 4465 1856 4530; x_wconf 82' lang='lat' dir='ltr'><strong>pedem</strong></span> <span class='ocrx_word' id='word_1_374' title='bbox 1881 4438 2050 4522; x_wconf 69' lang='lat' dir='ltr'><strong>meum</strong></span> <span class='ocrx_word' id='word_1_375' title='bbox 2076 4487 2096 4525; x_wconf 91' lang='lat'><strong><em>:</em></strong></span> 
     </span>
    </p>
   </div>
   <div class='ocr_carea' id='block_1_47' title="bbox 519 4533 2094 4622">
    <p class='ocr_par' dir='ltr' id='par_1_47' title="bbox 519 4533 2094 4622">
     <span class='ocr_line' id='line_1_47' title="bbox 519 4533 2094 4622; baseline 0.022 -39"><span class='ocrx_word' id='word_1_376' title='bbox 519 4548 652 4586; x_wconf 86' lang='lat' dir='ltr'><strong>nunc</strong></span> <span class='ocrx_word' id='word_1_377' title='bbox 681 4533 838 4606; x_wconf 85' lang='lat' dir='ltr'><strong>igitur</strong></span> <span class='ocrx_word' id='word_1_378' title='bbox 862 4541 1066 4608; x_wconf 81' lang='lat' dir='ltr'><strong>quando</strong></span> <span class='ocrx_word' id='word_1_379' title='bbox 1087 4547 1273 4615; x_wconf 81' lang='lat' dir='ltr'><strong>faciam</strong></span> <span class='ocrx_word' id='word_1_380' title='bbox 1303 4559 1350 4602; x_wconf 87' lang='lat' dir='ltr'><strong>et</strong></span> <span class='ocrx_word' id='word_1_381' title='bbox 1373 4566 1464 4622; x_wconf 89' lang='lat' dir='ltr'><strong>ego</strong></span> <span class='ocrx_word' id='word_1_382' title='bbox 1489 4554 1614 4608; x_wconf 84' lang='lat' dir='ltr'><strong>mihi</strong></span> <span class='ocrx_word' id='word_1_383' title='bbox 1639 4557 1880 4614; x_wconf 87' lang='lat' dir='ltr'><strong>domum?</strong></span> <span class='ocrx_word' id='word_1_384' title='bbox 1908 4561 2094 4618; x_wconf 82' lang='lat' dir='ltr'><strong>Vidisti</strong></span> 
     </span>
    </p>
   </div>
   <div class='ocr_carea' id='block_1_48' title="bbox 517 4628 2094 4718">
    <p class='ocr_par' dir='ltr' id='par_1_48' title="bbox 517 4628 2094 4718">
     <span class='ocr_line' id='line_1_48' title="bbox 517 4628 2094 4718; baseline 0.02 -38"><span class='ocrx_word' id='word_1_385' title='bbox 517 4628 678 4681; x_wconf 85' lang='lat' dir='ltr'><strong>etiam</strong></span> <span class='ocrx_word' id='word_1_386' title='bbox 730 4631 842 4698; x_wconf 90' lang='lat' dir='ltr'><strong>ipse</strong></span> <span class='ocrx_word' id='word_1_387' title='bbox 885 4643 1004 4702; x_wconf 89' lang='lat' dir='ltr'><strong>post</strong></span> <span class='ocrx_word' id='word_1_388' title='bbox 1057 4654 1233 4694; x_wconf 86' lang='lat' dir='ltr'><strong>meum</strong></span> <span class='ocrx_word' id='word_1_389' title='bbox 1274 4642 1558 4699; x_wconf 88' lang='lat' dir='ltr'><strong>adventum</strong></span> <span class='ocrx_word' id='word_1_390' title='bbox 1596 4651 1821 4718; x_wconf 86' lang='lat' dir='ltr'><strong>gratiam</strong></span> <span class='ocrx_word' id='word_1_391' title='bbox 1861 4651 2094 4710; x_wconf 81' lang='lat' dir='ltr'><strong>divinam</strong></span> 
     </span>
    </p>
   </div>
   <div class='ocr_carea' id='block_1_49' title="bbox 520 4724 2096 4816">
    <p class='ocr_par' dir='ltr' id='par_1_49' title="bbox 520 4724 2096 4816">
     <span class='ocr_line' id='line_1_49' title="bbox 520 4724 2096 4816; baseline 0.02 -46"><span class='ocrx_word' id='word_1_392' title='bbox 520 4727 637 4773; x_wconf 90' lang='lat' dir='ltr'><strong>tuas</strong></span> <span class='ocrx_word' id='word_1_393' title='bbox 667 4724 882 4779; x_wconf 83' lang='lat' dir='ltr'><strong>auxisse</strong></span> <span class='ocrx_word' id='word_1_394' title='bbox 909 4725 1207 4788; x_wconf 80' lang='lat' dir='ltr'><strong>facultates.</strong></span> <span class='ocrx_word' id='word_1_395' title='bbox 1239 4733 1388 4790; x_wconf 86' lang='lat' dir='ltr'><strong>Nunc</strong></span> <span class='ocrx_word' id='word_1_396' title='bbox 1420 4737 1601 4805; x_wconf 80' lang='lat' dir='ltr'><strong>igitur,</strong></span> <span class='ocrx_word' id='word_1_397' title='bbox 1635 4745 1885 4810; x_wconf 89' lang='lat' dir='ltr'><strong>quoniam</strong></span> <span class='ocrx_word' id='word_1_398' title='bbox 1917 4757 1972 4800; x_wconf 88' lang='lat' dir='ltr'><strong>et</strong></span> <span class='ocrx_word' id='word_1_399' title='bbox 1997 4761 2096 4816; x_wconf 87' lang='lat' dir='ltr'><strong>ego</strong></span> 
     </span>
    </p>
   </div>
   <div class='ocr_carea' id='block_1_50' title="bbox 514 4821 2096 4902">
    <p class='ocr_par' dir='ltr' id='par_1_50' title="bbox 514 4821 2096 4902">
     <span class='ocr_line' id='line_1_50' title="bbox 514 4821 2096 4902; baseline 0.021 -42"><span class='ocrx_word' id='word_1_400' title='bbox 514 4825 633 4876; x_wconf 80' lang='lat' dir='ltr'><strong>quae</strong></span> <span class='ocrx_word' id='word_1_401' title='bbox 657 4829 789 4870; x_wconf 75' lang='lat' dir='ltr'><strong>mete</strong></span> <span class='ocrx_word' id='word_1_402' title='bbox 814 4831 967 4874; x_wconf 86' lang='lat' dir='ltr'><strong>erant</strong></span> <span class='ocrx_word' id='word_1_403' title='bbox 995 4821 1262 4878; x_wconf 85' lang='lat' dir='ltr'><strong>facultatis</strong></span> <span class='ocrx_word' id='word_1_404' title='bbox 1291 4830 1469 4884; x_wconf 89' lang='lat' dir='ltr'><strong>omnia</strong></span> <span class='ocrx_word' id='word_1_405' title='bbox 1501 4847 1688 4902; x_wconf 86' lang='lat' dir='ltr'><strong>magna</strong></span> <span class='ocrx_word' id='word_1_406' title='bbox 1711 4835 1874 4888; x_wconf 89' lang='lat' dir='ltr'><strong>animi</strong></span> <span class='ocrx_word' id='word_1_407' title='bbox 1903 4837 2096 4892; x_wconf 79' lang='lat' dir='ltr'><strong>alacri-</strong></span> 
     </span>
    </p>
   </div>
   <div class='ocr_carea' id='block_1_51' title="bbox 519 4906 2096 4996">
    <p class='ocr_par' dir='ltr' id='par_1_51' title="bbox 519 4906 2096 4996">
     <span class='ocr_line' id='line_1_51' title="bbox 519 4906 2096 4996; baseline 0.02 -42"><span class='ocrx_word' id='word_1_408' title='bbox 519 4913 628 4957; x_wconf 82' lang='lat' dir='ltr'><strong>tate</strong></span> <span class='ocrx_word' id='word_1_409' title='bbox 659 4906 860 4963; x_wconf 84' lang='lat' dir='ltr'><strong>faciens</strong></span> <span class='ocrx_word' id='word_1_410' title='bbox 881 4953 896 4978; x_wconf 90' lang='lat'><strong>,</strong></span> <span class='ocrx_word' id='word_1_411' title='bbox 929 4915 1540 4992; x_wconf 71' lang='lat' dir='ltr'><strong>ministeriumpcrfeci,</strong></span> <span class='ocrx_word' id='word_1_412' title='bbox 1569 4933 1624 4978; x_wconf 90' lang='lat' dir='ltr'><strong>et</strong></span> <span class='ocrx_word' id='word_1_413' title='bbox 1651 4928 1822 4996; x_wconf 86' lang='lat' dir='ltr'><strong>gratia</strong></span> <span class='ocrx_word' id='word_1_414' title='bbox 1852 4929 1945 4983; x_wconf 88' lang='lat' dir='ltr'><strong>Dei</strong></span> <span class='ocrx_word' id='word_1_415' title='bbox 1984 4945 2096 4984; x_wconf 82' lang='lat' dir='ltr'><strong>ma-</strong></span> 
     </span>
    </p>
   </div>
   <div class='ocr_carea' id='block_1_52' title="bbox 521 4995 2094 5088">
    <p class='ocr_par' dir='ltr' id='par_1_52' title="bbox 521 4995 2094 5088">
     <span class='ocr_line' id='line_1_52' title="bbox 521 4995 2094 5088; baseline 0.02 -41"><span class='ocrx_word' id='word_1_416' title='bbox 521 4995 714 5088; x_wconf 83' lang='lat' dir='ltr'><strong>nifesta</strong></span> <span class='ocrx_word' id='word_1_417' title='bbox 735 5002 845 5054; x_wconf 89' lang='lat' dir='ltr'><strong>visa</strong></span> <span class='ocrx_word' id='word_1_418' title='bbox 867 5013 978 5059; x_wconf 89' lang='lat' dir='ltr'><strong>est:</strong></span> <span class='ocrx_word' id='word_1_419' title='bbox 997 5006 1200 5076; x_wconf 89' lang='lat' dir='ltr'><strong>justum</strong></span> <span class='ocrx_word' id='word_1_420' title='bbox 1228 5022 1312 5066; x_wconf 89' lang='lat' dir='ltr'><strong>est</strong></span> <span class='ocrx_word' id='word_1_421' title='bbox 1338 5023 1394 5067; x_wconf 89' lang='lat' dir='ltr'><strong>ut</strong></span> <span class='ocrx_word' id='word_1_422' title='bbox 1416 5024 1470 5068; x_wconf 90' lang='lat' dir='ltr'><strong>et</strong></span> <span class='ocrx_word' id='word_1_423' title='bbox 1497 5031 1596 5085; x_wconf 83' lang='lat' dir='ltr'><strong>ego</strong></span> <span class='ocrx_word' id='word_1_424' title='bbox 1621 5018 1748 5072; x_wconf 86' lang='lat' dir='ltr'><strong>mihi</strong></span> <span class='ocrx_word' id='word_1_425' title='bbox 1779 5020 1876 5088; x_wconf 90' lang='lat' dir='ltr'><strong>ipsi</strong></span> <span class='ocrx_word' id='word_1_426' title='bbox 1903 5021 2094 5078; x_wconf 85' lang='lat' dir='ltr'><strong>faciam</strong></span> 
     </span>
    </p>
   </div>
   <div class='ocr_carea' id='block_1_53' title="bbox 521 5087 2095 5174">
    <p class='ocr_par' dir='ltr' id='par_1_53' title="bbox 521 5087 2095 5174">
     <span class='ocr_line' id='line_1_53' title="bbox 521 5087 2095 5174; baseline 0.018 -34"><span class='ocrx_word' id='word_1_427' title='bbox 521 5087 760 5142; x_wconf 88' lang='lat' dir='ltr'><strong>domum.</strong></span> <span class='ocrx_word' id='word_1_428' title='bbox 787 5091 923 5158; x_wconf 87' lang='lat' dir='ltr'><strong>Quid</strong></span> <span class='ocrx_word' id='word_1_429' title='bbox 961 5109 1089 5163; x_wconf 87' lang='lat' dir='ltr'><strong>est,</strong></span> <span class='ocrx_word' id='word_1_430' title='bbox 1128 5101 1258 5155; x_wconf 84' lang='lat' dir='ltr'><strong>Mihi</strong></span> <span class='ocrx_word' id='word_1_431' title='bbox 1301 5103 1488 5160; x_wconf 79' lang='lat' dir='ltr'><strong>faciam</strong></span> <span class='ocrx_word' id='word_1_432' title='bbox 1532 5107 1747 5162; x_wconf 89' lang='lat' dir='ltr'><strong>domum</strong></span> <span class='ocrx_word' id='word_1_433' title='bbox 1771 5087 1878 5164; x_wconf 61' lang='lat' dir='ltr'><strong>tm</strong></span> <span class='ocrx_word' id='word_1_434' title='bbox 1905 5122 2006 5174; x_wconf 86' lang='lat' dir='ltr'><strong>est,</strong></span> <span class='ocrx_word' id='word_1_435' title='bbox 2041 5115 2095 5170; x_wconf 86' lang='grc' dir='ltr'>ιη</span> 
     </span>
    </p>
   </div>
   <div class='ocr_carea' id='block_1_54' title="bbox 520 5179 2099 5258">
    <p class='ocr_par' dir='ltr' id='par_1_54' title="bbox 520 5179 2099 5258">
     <span class='ocr_line' id='line_1_54' title="bbox 520 5179 2099 5258; baseline 0.017 -27"><span class='ocrx_word' id='word_1_436' title='bbox 520 5179 767 5236; x_wconf 81' lang='lat' dir='ltr'><strong>libertate</strong></span> <span class='ocrx_word' id='word_1_437' title='bbox 809 5193 990 5252; x_wconf 88' lang='lat' dir='ltr'><strong>postea</strong></span> <span class='ocrx_word' id='word_1_438' title='bbox 1036 5203 1240 5256; x_wconf 84' lang='lat' dir='ltr'><strong>verser,</strong></span> <span class='ocrx_word' id='word_1_439' title='bbox 1273 5202 1327 5248; x_wconf 89' lang='lat' dir='ltr'><strong>et</strong></span> <span class='ocrx_word' id='word_1_440' title='bbox 1366 5209 1547 5250; x_wconf 83' lang='lat' dir='ltr'><strong>Curam</strong></span> <span class='ocrx_word' id='word_1_441' title='bbox 1599 5197 1790 5254; x_wconf 83' lang='lat' dir='ltr'><strong>domus</strong></span> <span class='ocrx_word' id='word_1_442' title='bbox 1831 5217 1964 5256; x_wconf 72' lang='lat' dir='ltr'><strong>mea:</strong></span> <span class='ocrx_word' id='word_1_443' title='bbox 2003 5203 2099 5258; x_wconf 88' lang='lat' dir='ltr'><strong>ha—</strong></span> 
     </span>
    </p>
   </div>
   <div class='ocr_carea' id='block_1_55' title="bbox 519 5272 2098 5359">
    <p class='ocr_par' dir='ltr' id='par_1_55' title="bbox 519 5272 2098 5359">
     <span class='ocr_line' id='line_1_55' title="bbox 519 5272 2098 5359; baseline 0.015 -33"><span class='ocrx_word' id='word_1_444' title='bbox 519 5272 697 5326; x_wconf 87' lang='lat' dir='ltr'><strong>beam.</strong></span> <span class='ocrx_word' id='word_1_445' title='bbox 733 5274 857 5328; x_wconf 67' lang='grc' dir='ltr'><strong>11ωο</strong></span> <span class='ocrx_word' id='word_1_446' title='bbox 883 5285 940 5330; x_wconf 90' lang='lat' dir='ltr'><strong>ut</strong></span> <span class='ocrx_word' id='word_1_447' title='bbox 969 5281 1171 5334; x_wconf 89' lang='lat' dir='ltr'><strong>audivit</strong></span> <span class='ocrx_word' id='word_1_448' title='bbox 1203 5281 1404 5351; x_wconf 86' lang='lat' dir='ltr'><strong>Laban,</strong></span> <span class='ocrx_word' id='word_1_449' title='bbox 1437 5287 1525 5342; x_wconf 78' lang='lat'><strong>5|.</strong></span> <span class='ocrx_word' id='word_1_450' title='bbox 1555 5287 1701 5344; x_wconf 69' lang='lat' dir='ltr'><strong>Dixit</strong></span> <span class='ocrx_word' id='word_1_451' title='bbox 1722 5292 1768 5346; x_wconf 87' lang='lat' dir='ltr'><strong>ei</strong></span> <span class='ocrx_word' id='word_1_452' title='bbox 1799 5307 1818 5346; x_wconf 89' lang='lat'><strong><em>:</em></strong></span> <span class='ocrx_word' id='word_1_453' title='bbox 1845 5292 1979 5359; x_wconf 83' lang='lat' dir='ltr'><strong>Quid</strong></span> <span class='ocrx_word' id='word_1_454' title='bbox 2010 5293 2098 5349; x_wconf 90' lang='lat' dir='ltr'><strong>tibi</strong></span> 
     </span>
    </p>
   </div>
   <div class='ocr_carea' id='block_1_56' title="bbox 517 5363 2098 5449">
    <p class='ocr_par' dir='ltr' id='par_1_56' title="bbox 517 5363 2098 5449">
     <span class='ocr_line' id='line_1_56' title="bbox 517 5363 2098 5449; baseline 0.016 -33"><span class='ocrx_word' id='word_1_455' title='bbox 517 5364 644 5418; x_wconf 72' lang='lat' dir='ltr'><strong>dabo</strong></span> <span class='ocrx_word' id='word_1_456' title='bbox 661 5363 689 5420; x_wconf 75' lang='lat'><strong>1’</strong></span> <span class='ocrx_word' id='word_1_457' title='bbox 715 5367 850 5434; x_wconf 85' lang='lat' dir='ltr'><strong>Quid</strong></span> <span class='ocrx_word' id='word_1_458' title='bbox 882 5370 961 5424; x_wconf 86' lang='lat' dir='ltr'><strong>vis</strong></span> <span class='ocrx_word' id='word_1_459' title='bbox 981 5387 1009 5426; x_wconf 91' lang='lat' dir='ltr'><strong>a</strong></span> <span class='ocrx_word' id='word_1_460' title='bbox 1029 5387 1114 5428; x_wconf 90' lang='lat' dir='ltr'><strong>me</strong></span> <span class='ocrx_word' id='word_1_461' title='bbox 1145 5375 1242 5429; x_wconf 89' lang='lat' dir='ltr'><strong>tibi</strong></span> <span class='ocrx_word' id='word_1_462' title='bbox 1272 5376 1424 5431; x_wconf 83' lang='lat' dir='ltr'><strong>dari?</strong></span> <span class='ocrx_word' id='word_1_463' title='bbox 1448 5379 1718 5436; x_wconf 88' lang='lat' dir='ltr'><strong>Conﬁteor</strong></span> <span class='ocrx_word' id='word_1_464' title='bbox 1742 5385 1906 5449; x_wconf 82' lang='lat' dir='ltr'><strong>enim,</strong></span> <span class='ocrx_word' id='word_1_465' title='bbox 1936 5395 1990 5440; x_wconf 90' lang='lat' dir='ltr'><strong>et</strong></span> <span class='ocrx_word' id='word_1_466' title='bbox 2017 5388 2098 5442; x_wconf 90' lang='lat' dir='ltr'><strong>in-</strong></span> 
     </span>
    </p>
   </div>
   <div class='ocr_carea' id='block_1_57' title="bbox 521 5455 2098 5537">
    <p class='ocr_par' dir='ltr' id='par_1_57' title="bbox 521 5455 2098 5537">
     <span class='ocr_line' id='line_1_57' title="bbox 521 5455 2098 5537; baseline 0.017 -31"><span class='ocrx_word' id='word_1_467' title='bbox 521 5455 666 5511; x_wconf 87' lang='lat' dir='ltr'><strong>ﬁcias</strong></span> <span class='ocrx_word' id='word_1_468' title='bbox 696 5473 801 5512; x_wconf 91' lang='lat' dir='ltr'><strong>non</strong></span> <span class='ocrx_word' id='word_1_469' title='bbox 841 5475 907 5515; x_wconf 89' lang='lat' dir='ltr'><strong>eo</strong></span> <span class='ocrx_word' id='word_1_470' title='bbox 935 5477 949 5515; x_wconf 90' lang='lat'>:</span> <span class='ocrx_word' id='word_1_471' title='bbox 979 5464 1091 5517; x_wconf 90' lang='lat' dir='ltr'><strong>scio</strong></span> <span class='ocrx_word' id='word_1_472' title='bbox 1117 5467 1258 5520; x_wconf 85' lang='lat' dir='ltr'><strong>enim</strong></span> <span class='ocrx_word' id='word_1_473' title='bbox 1301 5481 1496 5537; x_wconf 88' lang='lat' dir='ltr'><strong>quanta</strong></span> <span class='ocrx_word' id='word_1_474' title='bbox 1531 5471 1659 5526; x_wconf 88' lang='lat' dir='ltr'><strong>mihi</strong></span> <span class='ocrx_word' id='word_1_475' title='bbox 1689 5472 1888 5530; x_wconf 89' lang='lat' dir='ltr'><strong>fuerint</strong></span> <span class='ocrx_word' id='word_1_476' title='bbox 1925 5491 1957 5532; x_wconf 88' lang='lat' dir='ltr'><strong>a</strong></span> <span class='ocrx_word' id='word_1_477' title='bbox 1987 5477 2098 5533; x_wconf 89' lang='lat' dir='ltr'><strong>Deo</strong></span> 
     </span>
    </p>
   </div>
   <div class='ocr_carea' id='block_1_58' title="bbox 521 5545 2095 5638">
    <p class='ocr_par' dir='ltr' id='par_1_58' title="bbox 521 5545 2095 5638">
     <span class='ocr_line' id='line_1_58' title="bbox 521 5545 2095 5638; baseline 0.017 -40"><span class='ocrx_word' id='word_1_478' title='bbox 521 5545 663 5612; x_wconf 85' lang='lat' dir='ltr'><strong>data,</strong></span> <span class='ocrx_word' id='word_1_479' title='bbox 693 5558 746 5603; x_wconf 86' lang='lat' dir='ltr'><strong>et</strong></span> <span class='ocrx_word' id='word_1_480' title='bbox 795 5551 936 5620; x_wconf 91' lang='lat' dir='ltr'><strong>quod</strong></span> <span class='ocrx_word' id='word_1_481' title='bbox 991 5555 1325 5613; x_wconf 80' lang='lat' dir='ltr'><strong>benedixerit</strong></span> <span class='ocrx_word' id='word_1_482' title='bbox 1375 5575 1460 5618; x_wconf 88' lang='lat' dir='ltr'><strong>me</strong></span> <span class='ocrx_word' id='word_1_483' title='bbox 1499 5563 1639 5620; x_wconf 88' lang='lat' dir='ltr'><strong>Deus</strong></span> <span class='ocrx_word' id='word_1_484' title='bbox 1679 5563 1747 5620; x_wconf 88' lang='lat' dir='ltr'><strong>ad</strong></span> <span class='ocrx_word' id='word_1_485' title='bbox 1796 5566 2095 5638; x_wconf 81' lang='lat' dir='ltr'><strong>ingressum</strong></span> 
     </span>
    </p>
   </div>
   <div class='ocr_carea' id='block_1_59' title="bbox 586 5705 1492 5778">
    <p class='ocr_par' dir='ltr' id='par_1_59' title="bbox 586 5705 1492 5778">
     <span class='ocr_line' id='line_1_59' title="bbox 586 5705 1492 5778; baseline 0.019 -24"><span class='ocrx_word' id='word_1_486' title='bbox 586 5705 603 5737; x_wconf 79' lang='lat'>&#39;</span> <span class='ocrx_word' id='word_1_487' title='bbox 636 5713 842 5765; x_wconf 83' lang='lat' dir='ltr'><strong>Quatuor</strong></span> <span class='ocrx_word' id='word_1_488' title='bbox 865 5721 989 5775; x_wconf 67' lang='lat' dir='ltr'><strong>Mss,</strong></span> <span class='ocrx_word' id='word_1_489' title='bbox 1015 5729 1121 5778; x_wconf 76' lang='lat' dir='ltr'><strong>qtae</strong></span> <span class='ocrx_word' id='word_1_490' title='bbox 1149 5719 1232 5770; x_wconf 83' lang='lat' dir='ltr'><strong>tibi</strong></span> <span class='ocrx_word' id='word_1_491' title='bbox 1255 5723 1492 5773; x_wconf 83' lang='lat' dir='ltr'><strong>dederim.</strong></span> 
     </span>
    </p>
   </div>
   <div class='ocr_carea' id='block_1_60' title="bbox 1246 319 3042 384">
    <p class='ocr_par' dir='ltr' id='par_1_60' title="bbox 1246 319 3042 384">
     <span class='ocr_line' id='line_1_60' title="bbox 1246 319 3042 384; baseline 0.002 -4"><span class='ocrx_word' id='word_1_492' title='bbox 1246 327 1296 380; x_wconf 90' lang='lat' dir='ltr'><strong>S.</strong></span> <span class='ocrx_word' id='word_1_493' title='bbox 1341 324 1613 380; x_wconf 68' lang='lat' dir='ltr'><strong>JOANNIS</strong></span> <span class='ocrx_word' id='word_1_494' title='bbox 1651 319 2124 376; x_wconf 69' lang='grc' dir='ltr'><strong>ειιιιγςςοςγτωιι</strong></span> <span class='ocrx_word' id='word_1_495' title='bbox 2165 321 2476 378; x_wconf 72' lang='lat' dir='ltr'><strong>AllClllEl’.</strong></span> <span class='ocrx_word' id='word_1_496' title='bbox 2519 323 3042 384; x_wconf 68' lang='lat' dir='ltr'><strong>CONSTANTINOP.</strong></span> 
     </span>
    </p>
   </div>
   <div class='ocr_carea' id='block_1_61' title="bbox 3663 334 3772 388">
    <p class='ocr_par' dir='ltr' id='par_1_61' title="bbox 3663 334 3772 388">
     <span class='ocr_line' id='line_1_61' title="bbox 3663 334 3772 388; baseline 0 0"><span class='ocrx_word' id='word_1_497' title='bbox 3663 334 3772 388; x_wconf 67' lang='grc' dir='ltr'>ιω</span> 
     </span>
    </p>
   </div>
   <div class='ocr_carea' id='block_1_62' title="bbox 2177 441 3774 520">
    <p class='ocr_par' dir='ltr' id='par_1_62' title="bbox 2177 441 3774 520">
     <span class='ocr_line' id='line_1_62' title="bbox 2177 441 3774 520; baseline 0.01 -30"><span class='ocrx_word' id='word_1_498' title='bbox 2177 448 2348 494; x_wconf 88' lang='lat' dir='ltr'><strong>tuum.</strong></span> <span class='ocrx_word' id='word_1_499' title='bbox 2376 441 2517 494; x_wconf 65' lang='lat' dir='ltr'><strong>Dixit</strong></span> <span class='ocrx_word' id='word_1_500' title='bbox 2545 455 2714 497; x_wconf 86' lang='lat' dir='ltr'><strong>autem</strong></span> <span class='ocrx_word' id='word_1_501' title='bbox 2758 446 2805 497; x_wconf 87' lang='lat' dir='ltr'><strong>ei</strong></span> <span class='ocrx_word' id='word_1_502' title='bbox 2847 445 3008 500; x_wconf 76' lang='lat' dir='ltr'><strong>Jacob</strong></span> <span class='ocrx_word' id='word_1_503' title='bbox 3037 465 3056 500; x_wconf 90' lang='lat'><em>:</em></span> <span class='ocrx_word' id='word_1_504' title='bbox 3089 445 3210 502; x_wconf 78' lang='lat' dir='ltr'><strong>Non</strong></span> <span class='ocrx_word' id='word_1_505' title='bbox 3260 449 3407 504; x_wconf 86' lang='lat' dir='ltr'><strong>dabis</strong></span> <span class='ocrx_word' id='word_1_506' title='bbox 3454 453 3578 504; x_wconf 81' lang='lat' dir='ltr'><strong>milii</strong></span> <span class='ocrx_word' id='word_1_507' title='bbox 3613 454 3774 520; x_wconf 79' lang='lat' dir='ltr'><strong>quid-</strong></span> 
     </span>
    </p>
   </div>
   <div class='ocr_carea' id='block_1_63' title="bbox 2175 530 3770 609">
    <p class='ocr_par' dir='ltr' id='par_1_63' title="bbox 2175 530 3770 609">
     <span class='ocr_line' id='line_1_63' title="bbox 2175 530 3770 609; baseline 0.011 -30"><span class='ocrx_word' id='word_1_508' title='bbox 2175 544 2350 595; x_wconf 85' lang='lat' dir='ltr'><strong>quam.</strong></span> <span class='ocrx_word' id='word_1_509' title='bbox 2375 530 2436 584; x_wconf 86' lang='lat' dir='ltr'><strong>Si</strong></span> <span class='ocrx_word' id='word_1_510' title='bbox 2457 546 2572 584; x_wconf 85' lang='lat' dir='ltr'><strong>vero</strong></span> <span class='ocrx_word' id='word_1_511' title='bbox 2593 533 2770 600; x_wconf 79' lang='lat' dir='ltr'><strong>feceris</strong></span> <span class='ocrx_word' id='word_1_512' title='bbox 2787 536 2986 588; x_wconf 80' lang='lat' dir='ltr'><strong>verbum</strong></span> <span class='ocrx_word' id='word_1_513' title='bbox 3012 537 3180 604; x_wconf 85' lang='lat' dir='ltr'><strong>istud,</strong></span> <span class='ocrx_word' id='word_1_514' title='bbox 3209 540 3391 592; x_wconf 82' lang='lat' dir='ltr'><strong>iterum</strong></span> <span class='ocrx_word' id='word_1_515' title='bbox 3418 557 3622 609; x_wconf 84' lang='lat' dir='ltr'><strong>pascam</strong></span> <span class='ocrx_word' id='word_1_516' title='bbox 3647 557 3770 597; x_wconf 71' lang='lat' dir='ltr'><strong>oves</strong></span> 
     </span>
    </p>
   </div>
   <div class='ocr_carea' id='block_1_64' title="bbox 2173 622 3760 700">
    <p class='ocr_par' dir='ltr' id='par_1_64' title="bbox 2173 622 3760 700">
     <span class='ocr_line' id='line_1_64' title="bbox 2173 622 3760 700; baseline 0.012 -30"><span class='ocrx_word' id='word_1_517' title='bbox 2173 628 2306 674; x_wconf 85' lang='lat' dir='ltr'><strong>tuus.</strong></span> <span class='ocrx_word' id='word_1_518' title='bbox 2331 622 2468 676; x_wconf 83' lang='lat' dir='ltr'><strong>Nihil</strong></span> <span class='ocrx_word' id='word_1_519' title='bbox 2497 625 2620 678; x_wconf 89' lang='lat' dir='ltr'><strong>volo</strong></span> <span class='ocrx_word' id='word_1_520' title='bbox 2644 641 2676 680; x_wconf 85' lang='lat' dir='ltr'><strong>a</strong></span> <span class='ocrx_word' id='word_1_521' title='bbox 2703 635 2756 680; x_wconf 92' lang='lat' dir='ltr'><strong>te</strong></span> <span class='ocrx_word' id='word_1_522' title='bbox 2783 629 3044 683; x_wconf 88' lang='lat' dir='ltr'><strong>mercedis</strong></span> <span class='ocrx_word' id='word_1_523' title='bbox 3075 633 3293 684; x_wconf 88' lang='lat' dir='ltr'><strong>nomine</strong></span> <span class='ocrx_word' id='word_1_524' title='bbox 3323 641 3629 700; x_wconf 82' lang='lat' dir='ltr'><strong>reportare,</strong></span> <span class='ocrx_word' id='word_1_525' title='bbox 3661 635 3760 688; x_wconf 84' lang='lat' dir='ltr'><strong>sed</strong></span> 
     </span>
    </p>
   </div>
   <div class='ocr_carea' id='block_1_65' title="bbox 2177 711 3761 792">
    <p class='ocr_par' dir='ltr' id='par_1_65' title="bbox 2177 711 3761 792">
     <span class='ocr_line' id='line_1_65' title="bbox 2177 711 3761 792; baseline 0.009 -28"><span class='ocrx_word' id='word_1_526' title='bbox 2177 711 2278 765; x_wconf 89' lang='lat' dir='ltr'><strong>hoc</strong></span> <span class='ocrx_word' id='word_1_527' title='bbox 2325 721 2528 766; x_wconf 85' lang='lat' dir='ltr'><strong>tantum</strong></span> <span class='ocrx_word' id='word_1_528' title='bbox 2587 716 2727 782; x_wconf 87' lang='lat' dir='ltr'><strong>quod</strong></span> <span class='ocrx_word' id='word_1_529' title='bbox 2779 717 2902 771; x_wconf 85' lang='lat' dir='ltr'><strong>dico</strong></span> <span class='ocrx_word' id='word_1_530' title='bbox 2945 720 3256 788; x_wconf 83' lang='lat' dir='ltr'><strong>suscipere,</strong></span> <span class='ocrx_word' id='word_1_531' title='bbox 3285 733 3340 776; x_wconf 89' lang='lat' dir='ltr'><strong>et</strong></span> <span class='ocrx_word' id='word_1_532' title='bbox 3371 721 3563 774; x_wconf 79' lang='lat' dir='ltr'><strong>Iterum</strong></span> <span class='ocrx_word' id='word_1_533' title='bbox 3605 741 3761 792; x_wconf 76' lang='lat' dir='ltr'><strong>pasco</strong></span> 
     </span>
    </p>
   </div>
   <div class='ocr_carea' id='block_1_66' title="bbox 2175 803 3766 881">
    <p class='ocr_par' dir='ltr' id='par_1_66' title="bbox 2175 803 3766 881">
     <span class='ocr_line' id='line_1_66' title="bbox 2175 803 3766 881; baseline 0.009 -29"><span class='ocrx_word' id='word_1_534' title='bbox 2175 815 2290 853; x_wconf 78' lang='lat' dir='ltr'><strong>oves</strong></span> <span class='ocrx_word' id='word_1_535' title='bbox 2319 811 2452 858; x_wconf 87' lang='lat' dir='ltr'><strong>tuas.</strong></span> <span class='ocrx_word' id='word_1_536' title='bbox 2477 803 2630 868; x_wconf 79' lang='lat' dir='ltr'><strong>Quod</strong></span> <span class='ocrx_word' id='word_1_537' title='bbox 2676 815 2858 860; x_wconf 88' lang='lat' dir='ltr'><strong>autem</strong></span> <span class='ocrx_word' id='word_1_538' title='bbox 2905 808 3058 873; x_wconf 86' lang='lat' dir='ltr'><strong>volo,</strong></span> <span class='ocrx_word' id='word_1_539' title='bbox 3090 809 3192 863; x_wconf 89' lang='lat' dir='ltr'><strong>hoc</strong></span> <span class='ocrx_word' id='word_1_540' title='bbox 3222 820 3326 864; x_wconf 89' lang='lat' dir='ltr'><strong>est.</strong></span> <span class='ocrx_word' id='word_1_541' title='bbox 3363 811 3498 866; x_wconf 69' lang='lat' dir='ltr'><strong>Vide</strong></span> <span class='ocrx_word' id='word_1_542' title='bbox 3537 813 3766 881; x_wconf 85' lang='lat' dir='ltr'><strong>justum,</strong></span> 
     </span>
    </p>
   </div>
   <div class='ocr_carea' id='block_1_67' title="bbox 2174 893 3770 969">
    <p class='ocr_par' dir='ltr' id='par_1_67' title="bbox 2174 893 3770 969">
     <span class='ocr_line' id='line_1_67' title="bbox 2174 893 3770 969; baseline 0.009 -26"><span class='ocrx_word' id='word_1_543' title='bbox 2174 893 2296 960; x_wconf 88' lang='lat' dir='ltr'><strong>quia</strong></span> <span class='ocrx_word' id='word_1_544' title='bbox 2323 896 2558 960; x_wconf 88' lang='lat' dir='ltr'><strong>speravit</strong></span> <span class='ocrx_word' id='word_1_545' title='bbox 2585 895 2638 948; x_wconf 90' lang='lat' dir='ltr'><strong>in</strong></span> <span class='ocrx_word' id='word_1_546' title='bbox 2667 897 2874 950; x_wconf 84' lang='lat' dir='ltr'><strong>auxilio</strong></span> <span class='ocrx_word' id='word_1_547' title='bbox 2903 898 3116 962; x_wconf 91' lang='lat' dir='ltr'><strong>divino,</strong></span> <span class='ocrx_word' id='word_1_548' title='bbox 3147 902 3322 968; x_wconf 86' lang='lat' dir='ltr'><strong>qualia</strong></span> <span class='ocrx_word' id='word_1_549' title='bbox 3355 913 3614 969; x_wconf 86' lang='lat' dir='ltr'><strong>proponat</strong></span> <span class='ocrx_word' id='word_1_550' title='bbox 3657 903 3770 956; x_wconf 86' lang='lat' dir='ltr'><strong>La-</strong></span> 
     </span>
    </p>
   </div>
   <div class='ocr_carea' id='block_1_68' title="bbox 2173 984 3770 1058">
    <p class='ocr_par' dir='ltr' id='par_1_68' title="bbox 2173 984 3770 1058">
     <span class='ocr_line' id='line_1_68' title="bbox 2173 984 3770 1058; baseline 0.008 -21"><span class='ocrx_word' id='word_1_551' title='bbox 2173 984 2332 1038; x_wconf 89' lang='lat' dir='ltr'><strong>bano.</strong></span> <span class='ocrx_word' id='word_1_552' title='bbox 2360 986 2448 1038; x_wconf 70' lang='lat'><strong>52.</strong></span> <span class='ocrx_word' id='word_1_553' title='bbox 2491 985 2796 1041; x_wconf 70' lang='lat' dir='ltr'><strong>Praetereunt</strong></span> <span class='ocrx_word' id='word_1_554' title='bbox 2817 1031 2832 1052; x_wconf 86' lang='lat'><strong>,</strong></span> <span class='ocrx_word' id='word_1_555' title='bbox 2865 991 3070 1058; x_wconf 87' lang='lat' dir='ltr'><strong>inquit,</strong></span> <span class='ocrx_word' id='word_1_556' title='bbox 3121 1007 3234 1044; x_wconf 73' lang='lat' dir='ltr'><strong>ocos</strong></span> <span class='ocrx_word' id='word_1_557' title='bbox 3260 1002 3360 1044; x_wconf 68' lang='lat' dir='ltr'><strong>tum</strong></span> <span class='ocrx_word' id='word_1_558' title='bbox 3405 993 3571 1058; x_wconf 78' lang='lat' dir='ltr'><strong>hodie,</strong></span> <span class='ocrx_word' id='word_1_559' title='bbox 3593 1005 3639 1048; x_wconf 84' lang='lat' dir='ltr'><strong>et</strong></span> <span class='ocrx_word' id='word_1_560' title='bbox 3677 1011 3770 1049; x_wconf 86' lang='lat' dir='ltr'><strong>se-</strong></span> 
     </span>
    </p>
   </div>
   <div class='ocr_carea' id='block_1_69' title="bbox 2175 1078 3765 1152">
    <p class='ocr_par' dir='ltr' id='par_1_69' title="bbox 2175 1078 3765 1152">
     <span class='ocr_line' id='line_1_69' title="bbox 2175 1078 3765 1152; baseline 0.008 -26"><span class='ocrx_word' id='word_1_561' title='bbox 2175 1092 2327 1146; x_wconf 81' lang='lat' dir='ltr'><strong>grego</strong></span> <span class='ocrx_word' id='word_1_562' title='bbox 2361 1078 2501 1129; x_wconf 84' lang='lat' dir='ltr'><strong>illinc</strong></span> <span class='ocrx_word' id='word_1_563' title='bbox 2531 1095 2726 1130; x_wconf 82' lang='lat' dir='ltr'><strong>omnem</strong></span> <span class='ocrx_word' id='word_1_564' title='bbox 2755 1097 2894 1134; x_wconf 84' lang='lat' dir='ltr'><strong>ovem</strong></span> <span class='ocrx_word' id='word_1_565' title='bbox 2945 1083 3138 1148; x_wconf 79' lang='lat' dir='ltr'><strong>fuscam</strong></span> <span class='ocrx_word' id='word_1_566' title='bbox 3183 1083 3236 1134; x_wconf 80' lang='lat' dir='ltr'><strong>in</strong></span> <span class='ocrx_word' id='word_1_567' title='bbox 3290 1085 3436 1152; x_wconf 83' lang='lat' dir='ltr'><strong>agnis</strong></span> <span class='ocrx_word' id='word_1_568' title='bbox 3457 1124 3471 1148; x_wconf 92' lang='lat'><strong>,</strong></span> <span class='ocrx_word' id='word_1_569' title='bbox 3504 1095 3552 1137; x_wconf 88' lang='lat' dir='ltr'><strong>et</strong></span> <span class='ocrx_word' id='word_1_570' title='bbox 3590 1087 3765 1138; x_wconf 85' lang='lat' dir='ltr'><strong>omm&#39;s</strong></span> 
     </span>
    </p>
   </div>
   <div class='ocr_carea' id='block_1_70' title="bbox 2175 1169 3768 1241">
    <p class='ocr_par' dir='ltr' id='par_1_70' title="bbox 2175 1169 3768 1241">
     <span class='ocr_line' id='line_1_70' title="bbox 2175 1169 3768 1241; baseline 0.006 -22"><span class='ocrx_word' id='word_1_571' title='bbox 2175 1169 2494 1221; x_wconf 85' lang='lat' dir='ltr'><strong>subalbicans</strong></span> <span class='ocrx_word' id='word_1_572' title='bbox 2535 1179 2580 1220; x_wconf 80' lang='lat' dir='ltr'><strong>et</strong></span> <span class='ocrx_word' id='word_1_573' title='bbox 2624 1171 2880 1224; x_wconf 84' lang='lat' dir='ltr'><strong>maculosa</strong></span> <span class='ocrx_word' id='word_1_574' title='bbox 2918 1173 2972 1224; x_wconf 87' lang='lat' dir='ltr'><strong>in</strong></span> <span class='ocrx_word' id='word_1_575' title='bbox 3023 1173 3190 1241; x_wconf 87' lang='lat' dir='ltr'><strong>capris</strong></span> <span class='ocrx_word' id='word_1_576' title='bbox 3230 1174 3324 1225; x_wconf 86' lang='lat' dir='ltr'><strong>erit</strong></span> <span class='ocrx_word' id='word_1_577' title='bbox 3376 1174 3502 1226; x_wconf 86' lang='lat' dir='ltr'><strong>mihi</strong></span> <span class='ocrx_word' id='word_1_578' title='bbox 3549 1191 3768 1229; x_wconf 77' lang='lat' dir='ltr'><strong>merces.</strong></span> 
     </span>
    </p>
   </div>
   <div class='ocr_carea' id='block_1_71' title="bbox 2176 1257 3776 1333">
    <p class='ocr_par' dir='ltr' id='par_1_71' title="bbox 2176 1257 3776 1333">
     <span class='ocr_line' id='line_1_71' title="bbox 2176 1257 3776 1333; baseline 0.003 -20"><span class='ocrx_word' id='word_1_579' title='bbox 2176 1258 2265 1313; x_wconf 77' lang='grc'><strong>55.</strong></span> <span class='ocrx_word' id='word_1_580' title='bbox 2295 1257 2366 1312; x_wconf 83' lang='lat' dir='ltr'><strong>Et</strong></span> <span class='ocrx_word' id='word_1_581' title='bbox 2391 1261 2624 1312; x_wconf 71' lang='lat' dir='ltr'><strong>exaudiet</strong></span> <span class='ocrx_word' id='word_1_582' title='bbox 2652 1277 2730 1313; x_wconf 79' lang='lat' dir='ltr'><strong>nte</strong></span> <span class='ocrx_word' id='word_1_583' title='bbox 2743 1261 2948 1331; x_wconf 85' lang='lat' dir='ltr'><strong>justitiu</strong></span> <span class='ocrx_word' id='word_1_584' title='bbox 2975 1277 3086 1315; x_wconf 80' lang='lat' dir='ltr'><strong>mea</strong></span> <span class='ocrx_word' id='word_1_585' title='bbox 3109 1264 3162 1314; x_wconf 88' lang='lat' dir='ltr'><strong>in</strong></span> <span class='ocrx_word' id='word_1_586' title='bbox 3183 1263 3266 1316; x_wconf 85' lang='lat' dir='ltr'><strong>die</strong></span> <span class='ocrx_word' id='word_1_587' title='bbox 3291 1264 3534 1329; x_wconf 82' lang='lat' dir='ltr'><strong>crastino,</strong></span> <span class='ocrx_word' id='word_1_588' title='bbox 3552 1266 3668 1333; x_wconf 87' lang='lat' dir='ltr'><strong>quia</strong></span> <span class='ocrx_word' id='word_1_589' title='bbox 3689 1273 3776 1318; x_wconf 80' lang='lat' dir='ltr'><strong>est</strong></span> 
     </span>
    </p>
   </div>
   <div class='ocr_carea' id='block_1_72' title="bbox 2175 1356 3775 1426">
    <p class='ocr_par' dir='ltr' id='par_1_72' title="bbox 2175 1356 3775 1426">
     <span class='ocr_line' id='line_1_72' title="bbox 2175 1356 3775 1426; baseline 0.004 -23"><span class='ocrx_word' id='word_1_590' title='bbox 2175 1367 2364 1404; x_wconf 82' lang='lat' dir='ltr'><strong>merces</strong></span> <span class='ocrx_word' id='word_1_591' title='bbox 2385 1367 2494 1403; x_wconf 85' lang='lat' dir='ltr'><strong>mea</strong></span> <span class='ocrx_word' id='word_1_592' title='bbox 2511 1368 2680 1404; x_wconf 86' lang='lat' dir='ltr'><strong>coram</strong></span> <span class='ocrx_word' id='word_1_593' title='bbox 2713 1363 2760 1406; x_wconf 88' lang='lat' dir='ltr'><strong>te</strong></span> <span class='ocrx_word' id='word_1_594' title='bbox 2781 1369 2800 1403; x_wconf 86' lang='lat'><strong><em>:</em></strong></span> <span class='ocrx_word' id='word_1_595' title='bbox 2823 1370 2970 1406; x_wconf 83' lang='lat' dir='ltr'><strong>omne</strong></span> <span class='ocrx_word' id='word_1_596' title='bbox 2999 1356 3134 1422; x_wconf 90' lang='lat' dir='ltr'><strong>quod</strong></span> <span class='ocrx_word' id='word_1_597' title='bbox 3154 1371 3254 1407; x_wconf 90' lang='lat' dir='ltr'><strong>non</strong></span> <span class='ocrx_word' id='word_1_598' title='bbox 3277 1358 3431 1426; x_wconf 87' lang='lat' dir='ltr'><strong>fuerit</strong></span> <span class='ocrx_word' id='word_1_599' title='bbox 3453 1357 3775 1410; x_wconf 80' lang='lat' dir='ltr'><strong>maculosum</strong></span> 
     </span>
    </p>
   </div>
   <div class='ocr_carea' id='block_1_73' title="bbox 2175 1444 3772 1520">
    <p class='ocr_par' dir='ltr' id='par_1_73' title="bbox 2175 1444 3772 1520">
     <span class='ocr_line' id='line_1_73' title="bbox 2175 1444 3772 1520; baseline 0.004 -24"><span class='ocrx_word' id='word_1_600' title='bbox 2175 1451 2221 1496; x_wconf 85' lang='lat' dir='ltr'><strong>et</strong></span> <span class='ocrx_word' id='word_1_601' title='bbox 2248 1444 2384 1496; x_wconf 87' lang='lat' dir='ltr'><strong>varie</strong></span> <span class='ocrx_word' id='word_1_602' title='bbox 2403 1444 2627 1497; x_wconf 82' lang='lat' dir='ltr'><strong>atbicans</strong></span> <span class='ocrx_word' id='word_1_603' title='bbox 2655 1446 2708 1497; x_wconf 90' lang='lat' dir='ltr'><strong>in</strong></span> <span class='ocrx_word' id='word_1_604' title='bbox 2733 1447 2922 1515; x_wconf 85' lang='lat' dir='ltr'><strong>capris,</strong></span> <span class='ocrx_word' id='word_1_605' title='bbox 2941 1447 3143 1516; x_wconf 85' lang='lat' dir='ltr'><strong>etquod</strong></span> <span class='ocrx_word' id='word_1_606' title='bbox 3171 1447 3343 1516; x_wconf 86' lang='lat' dir='ltr'><strong>rufum</strong></span> <span class='ocrx_word' id='word_1_607' title='bbox 3360 1449 3412 1500; x_wconf 88' lang='lat' dir='ltr'><strong>in</strong></span> <span class='ocrx_word' id='word_1_608' title='bbox 3437 1449 3605 1520; x_wconf 86' lang='lat' dir='ltr'><strong>agnis,</strong></span> <span class='ocrx_word' id='word_1_609' title='bbox 3627 1453 3772 1519; x_wconf 87' lang='lat' dir='ltr'><strong>furto</strong></span> 
     </span>
    </p>
   </div>
   <div class='ocr_carea' id='block_1_74' title="bbox 2177 1534 2731 1588">
    <p class='ocr_par' dir='ltr' id='par_1_74' title="bbox 2177 1534 2731 1588">
     <span class='ocr_line' id='line_1_74' title="bbox 2177 1534 2731 1588; baseline 0.004 -2"><span class='ocrx_word' id='word_1_610' title='bbox 2177 1534 2431 1587; x_wconf 83' lang='lat' dir='ltr'><strong>sublatum</strong></span> <span class='ocrx_word' id='word_1_611' title='bbox 2461 1535 2554 1588; x_wconf 86' lang='lat' dir='ltr'><strong>erit</strong></span> <span class='ocrx_word' id='word_1_612' title='bbox 2577 1553 2608 1587; x_wconf 91' lang='lat' dir='ltr'><strong>a</strong></span> <span class='ocrx_word' id='word_1_613' title='bbox 2631 1553 2731 1588; x_wconf 83' lang='lat' dir='ltr'><strong>me.</strong></span> 
     </span>
    </p>
   </div>
   <div class='ocr_carea' id='block_1_75' title="bbox 2247 1625 3761 1701">
    <p class='ocr_par' dir='ltr' id='par_1_75' title="bbox 2247 1625 3761 1701">
     <span class='ocr_line' id='line_1_75' title="bbox 2247 1625 3761 1701; baseline 0.009 -23"><span class='ocrx_word' id='word_1_614' title='bbox 2247 1625 2302 1679; x_wconf 71' lang='lat'><strong>2.</strong></span> <span class='ocrx_word' id='word_1_615' title='bbox 2349 1627 2630 1680; x_wconf 83' lang='lat' dir='ltr'><strong>Considera</strong></span> <span class='ocrx_word' id='word_1_616' title='bbox 2670 1628 2794 1697; x_wconf 89' lang='lat' dir='ltr'><strong>justi</strong></span> <span class='ocrx_word' id='word_1_617' title='bbox 2853 1629 3204 1697; x_wconf 86' lang='lat' dir='ltr'><strong>prudentiam.</strong></span> <span class='ocrx_word' id='word_1_618' title='bbox 3253 1633 3514 1701; x_wconf 87' lang='lat' dir='ltr'><strong>Quoniam</strong></span> <span class='ocrx_word' id='word_1_619' title='bbox 3553 1635 3761 1691; x_wconf 86' lang='lat' dir='ltr'><strong>sciebat</strong></span> 
     </span>
    </p>
   </div>
   <div class='ocr_carea' id='block_1_76' title="bbox 2177 1717 3766 1791">
    <p class='ocr_par' dir='ltr' id='par_1_76' title="bbox 2177 1717 3766 1791">
     <span class='ocr_line' id='line_1_76' title="bbox 2177 1717 3766 1791; baseline 0.006 -21"><span class='ocrx_word' id='word_1_620' title='bbox 2177 1724 2373 1785; x_wconf 86' lang='lat' dir='ltr'><strong>quanta</strong></span> <span class='ocrx_word' id='word_1_621' title='bbox 2398 1717 2498 1772; x_wconf 84' lang='lat' dir='ltr'><strong>sibi</strong></span> <span class='ocrx_word' id='word_1_622' title='bbox 2521 1733 2750 1787; x_wconf 85' lang='lat' dir='ltr'><strong>superne</strong></span> <span class='ocrx_word' id='word_1_623' title='bbox 2773 1721 2938 1788; x_wconf 86' lang='lat' dir='ltr'><strong>gratia</strong></span> <span class='ocrx_word' id='word_1_624' title='bbox 2965 1721 3259 1791; x_wconf 82' lang='lat' dir='ltr'><strong>aﬁ&#39;ulgerct,</strong></span> <span class='ocrx_word' id='word_1_625' title='bbox 3276 1734 3332 1777; x_wconf 87' lang='lat' dir='ltr'><strong>et</strong></span> <span class='ocrx_word' id='word_1_626' title='bbox 3356 1725 3634 1779; x_wconf 87' lang='lat' dir='ltr'><strong>videbatur</strong></span> <span class='ocrx_word' id='word_1_627' title='bbox 3661 1727 3766 1780; x_wconf 87' lang='lat' dir='ltr'><strong>sibi</strong></span> 
     </span>
    </p>
   </div>
   <div class='ocr_carea' id='block_1_77' title="bbox 2180 1811 3774 1884">
    <p class='ocr_par' dir='ltr' id='par_1_77' title="bbox 2180 1811 3774 1884">
     <span class='ocr_line' id='line_1_77' title="bbox 2180 1811 3774 1884; baseline 0.006 -21"><span class='ocrx_word' id='word_1_628' title='bbox 2180 1811 2470 1865; x_wconf 88' lang='lat' dir='ltr'><strong>secundum</strong></span> <span class='ocrx_word' id='word_1_629' title='bbox 2498 1821 2702 1867; x_wconf 63' lang='lat' dir='ltr'><strong>naturas</strong></span> <span class='ocrx_word' id='word_1_630' title='bbox 2724 1815 2968 1868; x_wconf 88' lang='lat' dir='ltr'><strong>ordinem</strong></span> <span class='ocrx_word' id='word_1_631' title='bbox 2997 1817 3078 1868; x_wconf 89' lang='lat' dir='ltr'><strong>vel</strong></span> <span class='ocrx_word' id='word_1_632' title='bbox 3103 1815 3322 1872; x_wconf 87' lang='lat' dir='ltr'><strong>difﬁcile</strong></span> <span class='ocrx_word' id='word_1_633' title='bbox 3353 1833 3471 1872; x_wconf 88' lang='lat' dir='ltr'><strong>esse</strong></span> <span class='ocrx_word' id='word_1_634' title='bbox 3495 1860 3508 1884; x_wconf 88' lang='lat'><strong>,</strong></span> <span class='ocrx_word' id='word_1_635' title='bbox 3542 1819 3623 1873; x_wconf 88' lang='lat' dir='ltr'><strong>vel</strong></span> <span class='ocrx_word' id='word_1_636' title='bbox 3649 1833 3774 1872; x_wconf 89' lang='lat' dir='ltr'><strong>om-</strong></span> 
     </span>
    </p>
   </div>
   <div class='ocr_carea' id='block_1_78' title="bbox 2183 1900 3775 1970">
    <p class='ocr_par' dir='ltr' id='par_1_78' title="bbox 2183 1900 3775 1970">
     <span class='ocr_line' id='line_1_78' title="bbox 2183 1900 3775 1970; baseline 0.006 -18"><span class='ocrx_word' id='word_1_637' title='bbox 2183 1901 2310 1953; x_wconf 91' lang='lat' dir='ltr'><strong>nino</strong></span> <span class='ocrx_word' id='word_1_638' title='bbox 2337 1900 2668 1970; x_wconf 88' lang='lat' dir='ltr'><strong>impossibile</strong></span> <span class='ocrx_word' id='word_1_639' title='bbox 2698 1906 2898 1970; x_wconf 87' lang='lat' dir='ltr'><strong>(rarum</strong></span> <span class='ocrx_word' id='word_1_640' title='bbox 2932 1904 3075 1958; x_wconf 90' lang='lat' dir='ltr'><strong>enim</strong></span> <span class='ocrx_word' id='word_1_641' title='bbox 3101 1914 3183 1959; x_wconf 86' lang='lat' dir='ltr'><strong>est</strong></span> <span class='ocrx_word' id='word_1_642' title='bbox 3211 1907 3418 1960; x_wconf 88' lang='lat' dir='ltr'><strong>varium</strong></span> <span class='ocrx_word' id='word_1_643' title='bbox 3462 1922 3581 1961; x_wconf 87' lang='lat' dir='ltr'><strong>esse</strong></span> <span class='ocrx_word' id='word_1_644' title='bbox 3615 1908 3775 1962; x_wconf 46' lang='lat' dir='ltr'><strong>colo‘</strong></span> 
     </span>
    </p>
   </div>
   <div class='ocr_carea' id='block_1_79' title="bbox 2181 1990 3772 2066">
    <p class='ocr_par' dir='ltr' id='par_1_79' title="bbox 2181 1990 3772 2066">
     <span class='ocr_line' id='line_1_79' title="bbox 2181 1990 3772 2066; baseline 0.007 -25"><span class='ocrx_word' id='word_1_645' title='bbox 2181 2005 2292 2042; x_wconf 89' lang='lat' dir='ltr'><strong>rem</strong></span> <span class='ocrx_word' id='word_1_646' title='bbox 2317 1990 2575 2058; x_wconf 87' lang='lat' dir='ltr'><strong>pecudum</strong></span> <span class='ocrx_word' id='word_1_647' title='bbox 2598 2007 2787 2046; x_wconf 87' lang='lat' dir='ltr'><strong>recens</strong></span> <span class='ocrx_word' id='word_1_648' title='bbox 2817 1993 3106 2066; x_wconf 88' lang='lat' dir='ltr'><strong>natarum),</strong></span> <span class='ocrx_word' id='word_1_649' title='bbox 3130 1995 3243 2050; x_wconf 68' lang='lat' dir='ltr'><strong>lucc</strong></span> <span class='ocrx_word' id='word_1_650' title='bbox 3271 1997 3402 2065; x_wconf 88' lang='lat' dir='ltr'><strong>petit</strong></span> <span class='ocrx_word' id='word_1_651' title='bbox 3427 1998 3493 2051; x_wconf 89' lang='lat' dir='ltr'><strong>ab</strong></span> <span class='ocrx_word' id='word_1_652' title='bbox 3523 2013 3608 2062; x_wconf 87' lang='lat' dir='ltr'><strong>eo,</strong></span> <span class='ocrx_word' id='word_1_653' title='bbox 3629 1999 3772 2052; x_wconf 86' lang='lat' dir='ltr'><strong>unde</strong></span> 
     </span>
    </p>
   </div>
   <div class='ocr_carea' id='block_1_80' title="bbox 2183 2080 3778 2154">
    <p class='ocr_par' dir='ltr' id='par_1_80' title="bbox 2183 2080 3778 2154">
     <span class='ocr_line' id='line_1_80' title="bbox 2183 2080 3778 2154; baseline 0.005 -22"><span class='ocrx_word' id='word_1_654' title='bbox 2183 2081 2424 2149; x_wconf 89' lang='lat' dir='ltr'><strong>petitioni</strong></span> <span class='ocrx_word' id='word_1_655' title='bbox 2451 2080 2565 2149; x_wconf 86' lang='lat' dir='ltr'><strong>ejus</strong></span> <span class='ocrx_word' id='word_1_656' title='bbox 2593 2081 2772 2136; x_wconf 87' lang='lat' dir='ltr'><strong>Laban</strong></span> <span class='ocrx_word' id='word_1_657' title='bbox 2805 2083 2981 2136; x_wconf 89' lang='lat' dir='ltr'><strong>statim</strong></span> <span class='ocrx_word' id='word_1_658' title='bbox 3020 2086 3225 2151; x_wconf 85' lang='lat' dir='ltr'><strong>annuit,</strong></span> <span class='ocrx_word' id='word_1_659' title='bbox 3259 2097 3312 2139; x_wconf 88' lang='lat' dir='ltr'><strong>et</strong></span> <span class='ocrx_word' id='word_1_660' title='bbox 3343 2086 3513 2154; x_wconf 88' lang='lat' dir='ltr'><strong>inquit</strong></span> <span class='ocrx_word' id='word_1_661' title='bbox 3538 2104 3552 2139; x_wconf 91' lang='lat'><strong>:</strong></span> <span class='ocrx_word' id='word_1_662' title='bbox 3579 2089 3662 2142; x_wconf 71' lang='grc'><strong>54.</strong></span> <span class='ocrx_word' id='word_1_663' title='bbox 3690 2089 3778 2143; x_wconf 81' lang='lat' dir='ltr'><strong>Sit</strong></span> 
     </span>
    </p>
   </div>
   <div class='ocr_carea' id='block_1_81' title="bbox 2176 2172 3778 2241">
    <p class='ocr_par' dir='ltr' id='par_1_81' title="bbox 2176 2172 3778 2241">
     <span class='ocr_line' id='line_1_81' title="bbox 2176 2172 3778 2241; baseline 0.006 -18"><span class='ocrx_word' id='word_1_664' title='bbox 2176 2172 2332 2241; x_wconf 76' lang='lat' dir='ltr'><strong>juxta</strong></span> <span class='ocrx_word' id='word_1_665' title='bbox 2359 2174 2562 2225; x_wconf 79' lang='lat' dir='ltr'><strong>verbum</strong></span> <span class='ocrx_word' id='word_1_666' title='bbox 2587 2185 2746 2226; x_wconf 76' lang='lat' dir='ltr'><strong>ruunt.</strong></span> <span class='ocrx_word' id='word_1_667' title='bbox 2772 2173 2860 2229; x_wconf 76' lang='grc'><strong>53.</strong></span> <span class='ocrx_word' id='word_1_668' title='bbox 2893 2175 2956 2227; x_wconf 83' lang='lat' dir='ltr'><strong>Et</strong></span> <span class='ocrx_word' id='word_1_669' title='bbox 2983 2177 3150 2229; x_wconf 82' lang='lat' dir='ltr'><strong>divisit</strong></span> <span class='ocrx_word' id='word_1_670' title='bbox 3169 2178 3222 2229; x_wconf 88' lang='lat' dir='ltr'><strong>in</strong></span> <span class='ocrx_word' id='word_1_671' title='bbox 3248 2178 3329 2230; x_wconf 87' lang='lat' dir='ltr'><strong>die</strong></span> <span class='ocrx_word' id='word_1_672' title='bbox 3353 2177 3444 2232; x_wconf 89' lang='lat' dir='ltr'><strong>illa</strong></span> <span class='ocrx_word' id='word_1_673' title='bbox 3473 2180 3637 2232; x_wconf 82' lang='lat' dir='ltr'><strong>hircos</strong></span> <span class='ocrx_word' id='word_1_674' title='bbox 3665 2195 3778 2233; x_wconf 77' lang='lat' dir='ltr'><strong>ma-</strong></span> 
     </span>
    </p>
   </div>
   <div class='ocr_carea' id='block_1_82' title="bbox 2185 2261 3776 2336">
    <p class='ocr_par' dir='ltr' id='par_1_82' title="bbox 2185 2261 3776 2336">
     <span class='ocr_line' id='line_1_82' title="bbox 2185 2261 3776 2336; baseline 0.005 -22"><span class='ocrx_word' id='word_1_675' title='bbox 2185 2261 2382 2314; x_wconf 80' lang='lat' dir='ltr'><strong>culosos</strong></span> <span class='ocrx_word' id='word_1_676' title='bbox 2409 2272 2454 2315; x_wconf 89' lang='lat' dir='ltr'><strong>et</strong></span> <span class='ocrx_word' id='word_1_677' title='bbox 2475 2263 2844 2319; x_wconf 83' lang='lat' dir='ltr'><strong>subalbicantes</strong></span> <span class='ocrx_word' id='word_1_678' title='bbox 2863 2308 2878 2330; x_wconf 90' lang='lat'><strong>,</strong></span> <span class='ocrx_word' id='word_1_679' title='bbox 2911 2275 2958 2319; x_wconf 88' lang='lat' dir='ltr'><strong>et</strong></span> <span class='ocrx_word' id='word_1_680' title='bbox 2985 2283 3156 2320; x_wconf 85' lang='lat' dir='ltr'><strong>omnes</strong></span> <span class='ocrx_word' id='word_1_681' title='bbox 3190 2283 3370 2336; x_wconf 88' lang='lat' dir='ltr'><strong>capras</strong></span> <span class='ocrx_word' id='word_1_682' title='bbox 3401 2271 3684 2323; x_wconf 84' lang='lat' dir='ltr'><strong>maculosos</strong></span> <span class='ocrx_word' id='word_1_683' title='bbox 3725 2279 3776 2324; x_wconf 88' lang='lat' dir='ltr'><strong>et</strong></span> 
     </span>
    </p>
   </div>
   <div class='ocr_carea' id='block_1_83' title="bbox 2185 2352 3776 2426">
    <p class='ocr_par' dir='ltr' id='par_1_83' title="bbox 2185 2352 3776 2426">
     <span class='ocr_line' id='line_1_83' title="bbox 2185 2352 3776 2426; baseline 0.005 -20"><span class='ocrx_word' id='word_1_684' title='bbox 2185 2352 2570 2418; x_wconf 82' lang='lat' dir='ltr'><strong>subalbicantes,</strong></span> <span class='ocrx_word' id='word_1_685' title='bbox 2602 2365 2646 2407; x_wconf 86' lang='lat' dir='ltr'><strong>et</strong></span> <span class='ocrx_word' id='word_1_686' title='bbox 2679 2371 2826 2409; x_wconf 88' lang='lat' dir='ltr'><strong>omne</strong></span> <span class='ocrx_word' id='word_1_687' title='bbox 2867 2359 3002 2424; x_wconf 88' lang='lat' dir='ltr'><strong>quod</strong></span> <span class='ocrx_word' id='word_1_688' title='bbox 3042 2367 3148 2410; x_wconf 88' lang='lat' dir='ltr'><strong>erat</strong></span> <span class='ocrx_word' id='word_1_689' title='bbox 3181 2359 3232 2410; x_wconf 89' lang='lat' dir='ltr'><strong>in</strong></span> <span class='ocrx_word' id='word_1_690' title='bbox 3278 2359 3350 2411; x_wconf 87' lang='lat' dir='ltr'><strong>eis</strong></span> <span class='ocrx_word' id='word_1_691' title='bbox 3395 2360 3700 2426; x_wconf 84' lang='lat' dir='ltr'><strong>candidum,</strong></span> <span class='ocrx_word' id='word_1_692' title='bbox 3730 2369 3776 2414; x_wconf 82' lang='lat' dir='ltr'><strong>et</strong></span> 
     </span>
    </p>
   </div>
   <div class='ocr_carea' id='block_1_84' title="bbox 2188 2445 3776 2516">
    <p class='ocr_par' dir='ltr' id='par_1_84' title="bbox 2188 2445 3776 2516">
     <span class='ocr_line' id='line_1_84' title="bbox 2188 2445 3776 2516; baseline 0.006 -21"><span class='ocrx_word' id='word_1_693' title='bbox 2188 2459 2336 2496; x_wconf 86' lang='lat' dir='ltr'><strong>onme</strong></span> <span class='ocrx_word' id='word_1_694' title='bbox 2353 2445 2490 2514; x_wconf 86' lang='lat' dir='ltr'><strong>quod</strong></span> <span class='ocrx_word' id='word_1_695' title='bbox 2509 2455 2614 2498; x_wconf 86' lang='lat' dir='ltr'><strong>erat</strong></span> <span class='ocrx_word' id='word_1_696' title='bbox 2649 2449 2850 2516; x_wconf 86' lang='lat' dir='ltr'><strong>fuscum</strong></span> <span class='ocrx_word' id='word_1_697' title='bbox 2885 2448 2936 2500; x_wconf 91' lang='lat' dir='ltr'><strong>in</strong></span> <span class='ocrx_word' id='word_1_698' title='bbox 2976 2449 3166 2513; x_wconf 85' lang='lat' dir='ltr'><strong>ovibus,</strong></span> <span class='ocrx_word' id='word_1_699' title='bbox 3189 2457 3232 2502; x_wconf 89' lang='lat' dir='ltr'><strong>et</strong></span> <span class='ocrx_word' id='word_1_700' title='bbox 3263 2449 3399 2502; x_wconf 87' lang='lat' dir='ltr'><strong>dedit</strong></span> <span class='ocrx_word' id='word_1_701' title='bbox 3437 2467 3529 2516; x_wconf 84' lang='lat' dir='ltr'><strong>per</strong></span> <span class='ocrx_word' id='word_1_702' title='bbox 3571 2469 3776 2505; x_wconf 86' lang='lat' dir='ltr'><strong>manum</strong></span> 
     </span>
    </p>
   </div>
   <div class='ocr_carea' id='block_1_85' title="bbox 2192 2535 3778 2608">
    <p class='ocr_par' dir='ltr' id='par_1_85' title="bbox 2192 2535 3778 2608">
     <span class='ocr_line' id='line_1_85' title="bbox 2192 2535 3778 2608; baseline 0.008 -22"><span class='ocrx_word' id='word_1_703' title='bbox 2192 2535 2413 2601; x_wconf 79' lang='lat' dir='ltr'><strong>filiorum</strong></span> <span class='ocrx_word' id='word_1_704' title='bbox 2436 2553 2641 2590; x_wconf 89' lang='lat' dir='ltr'><strong>suorum</strong></span> <span class='ocrx_word' id='word_1_705' title='bbox 2670 2555 2688 2590; x_wconf 88' lang='lat'><strong><em>:</em></strong></span> <span class='ocrx_word' id='word_1_706' title='bbox 2717 2539 2803 2593; x_wconf 80' lang='lat'><strong>&#39;56.</strong></span> <span class='ocrx_word' id='word_1_707' title='bbox 2825 2547 2872 2592; x_wconf 87' lang='lat' dir='ltr'><strong>et</strong></span> <span class='ocrx_word' id='word_1_708' title='bbox 2901 2540 3016 2608; x_wconf 70' lang='lat' dir='ltr'><strong>fecit</strong></span> <span class='ocrx_word' id='word_1_709' title='bbox 3029 2540 3217 2593; x_wconf 88' lang='lat' dir='ltr'><strong>distare</strong></span> <span class='ocrx_word' id='word_1_710' title='bbox 3243 2542 3372 2594; x_wconf 88' lang='lat' dir='ltr'><strong>viam</strong></span> <span class='ocrx_word' id='word_1_711' title='bbox 3403 2544 3553 2595; x_wconf 84' lang='lat' dir='ltr'><strong>trium</strong></span> <span class='ocrx_word' id='word_1_712' title='bbox 3583 2544 3778 2598; x_wconf 82' lang='lat' dir='ltr'><strong>dierum</strong></span> 
     </span>
    </p>
   </div>
   <div class='ocr_carea' id='block_1_86' title="bbox 2191 2625 3780 2700">
    <p class='ocr_par' dir='ltr' id='par_1_86' title="bbox 2191 2625 3780 2700">
     <span class='ocr_line' id='line_1_86' title="bbox 2191 2625 3780 2700; baseline 0.006 -24"><span class='ocrx_word' id='word_1_713' title='bbox 2191 2625 2320 2677; x_wconf 83' lang='lat' dir='ltr'><strong>inter</strong></span> <span class='ocrx_word' id='word_1_714' title='bbox 2345 2642 2403 2678; x_wconf 88' lang='lat' dir='ltr'><strong>ea</strong></span> <span class='ocrx_word' id='word_1_715' title='bbox 2424 2635 2472 2678; x_wconf 87' lang='lat' dir='ltr'><strong>et</strong></span> <span class='ocrx_word' id='word_1_716' title='bbox 2495 2627 2626 2680; x_wconf 88' lang='lat' dir='ltr'><strong>inter</strong></span> <span class='ocrx_word' id='word_1_717' title='bbox 2648 2625 2826 2681; x_wconf 85' lang='lat' dir='ltr'><strong>Jacob.</strong></span> <span class='ocrx_word' id='word_1_718' title='bbox 2853 2627 3147 2696; x_wconf 80' lang='lat' dir='ltr'><strong>Separavn,</strong></span> <span class='ocrx_word' id='word_1_719' title='bbox 3169 2629 3355 2696; x_wconf 87' lang='lat' dir='ltr'><strong>inquit,</strong></span> <span class='ocrx_word' id='word_1_720' title='bbox 3378 2647 3564 2700; x_wconf 77' lang='lat' dir='ltr'><strong>greges</strong></span> <span class='ocrx_word' id='word_1_721' title='bbox 3587 2647 3780 2688; x_wconf 87' lang='lat' dir='ltr'><strong>secun-</strong></span> 
     </span>
    </p>
   </div>
   <div class='ocr_carea' id='block_1_87' title="bbox 2193 2715 3778 2786">
    <p class='ocr_par' dir='ltr' id='par_1_87' title="bbox 2193 2715 3778 2786">
     <span class='ocr_line' id='line_1_87' title="bbox 2193 2715 3778 2786; baseline 0.007 -18"><span class='ocrx_word' id='word_1_722' title='bbox 2193 2715 2318 2769; x_wconf 88' lang='lat' dir='ltr'><strong>dum</strong></span> <span class='ocrx_word' id='word_1_723' title='bbox 2349 2719 2760 2786; x_wconf 77' lang='lat' dir='ltr'><strong>pmpositionem</strong></span> <span class='ocrx_word' id='word_1_724' title='bbox 2790 2719 2956 2774; x_wconf 79' lang='lat' dir='ltr'><strong>Jaeob</strong></span> <span class='ocrx_word' id='word_1_725' title='bbox 2981 2762 2994 2783; x_wconf 92' lang='lat'><strong>,</strong></span> <span class='ocrx_word' id='word_1_726' title='bbox 3029 2731 3083 2774; x_wconf 88' lang='lat' dir='ltr'><strong>et</strong></span> <span class='ocrx_word' id='word_1_727' title='bbox 3111 2721 3256 2775; x_wconf 88' lang='lat' dir='ltr'><strong>dedit</strong></span> <span class='ocrx_word' id='word_1_728' title='bbox 3285 2723 3406 2775; x_wconf 88' lang='lat' dir='ltr'><strong>ﬁliis</strong></span> <span class='ocrx_word' id='word_1_729' title='bbox 3437 2729 3546 2778; x_wconf 89' lang='lat' dir='ltr'><strong>suis</strong></span> <span class='ocrx_word' id='word_1_730' title='bbox 3571 2743 3585 2778; x_wconf 94' lang='lat'>:</span> <span class='ocrx_word' id='word_1_731' title='bbox 3615 2724 3778 2780; x_wconf 84' lang='lat' dir='ltr'><strong>Jacob</strong></span> 
     </span>
    </p>
   </div>
   <div class='ocr_carea' id='block_1_88' title="bbox 2195 2811 3780 2882">
    <p class='ocr_par' dir='ltr' id='par_1_88' title="bbox 2195 2811 3780 2882">
     <span class='ocr_line' id='line_1_88' title="bbox 2195 2811 3780 2882; baseline 0.008 -23"><span class='ocrx_word' id='word_1_732' title='bbox 2195 2819 2360 2862; x_wconf 85' lang='lat' dir='ltr'><strong>autem</strong></span> <span class='ocrx_word' id='word_1_733' title='bbox 2401 2811 2538 2878; x_wconf 88' lang='lat' dir='ltr'><strong>pavit</strong></span> <span class='ocrx_word' id='word_1_734' title='bbox 2582 2811 2795 2881; x_wconf 82' lang='lat' dir='ltr'><strong>pecudes</strong></span> <span class='ocrx_word' id='word_1_735' title='bbox 2821 2811 2993 2864; x_wconf 84' lang='lat' dir='ltr'><strong>Labnn</strong></span> <span class='ocrx_word' id='word_1_736' title='bbox 3022 2813 3260 2882; x_wconf 74' lang='lat' dir='ltr'><strong>reliquas.</strong></span> <span class='ocrx_word' id='word_1_737' title='bbox 3294 2813 3610 2879; x_wconf 87' lang='lat' dir='ltr'><strong>Qualcsnam</strong></span> <span class='ocrx_word' id='word_1_738' title='bbox 3657 2819 3780 2872; x_wconf 78' lang='lat' dir='ltr'><strong>lite?</strong></span> 
     </span>
    </p>
   </div>
   <div class='ocr_carea' id='block_1_89' title="bbox 2195 2899 3782 2960">
    <p class='ocr_par' dir='ltr' id='par_1_89' title="bbox 2195 2899 3782 2960">
     <span class='ocr_line' id='line_1_89' title="bbox 2195 2899 3782 2960; baseline 0.005 -9"><span class='ocrx_word' id='word_1_739' title='bbox 2195 2899 2404 2953; x_wconf 82' lang='lat' dir='ltr'><strong>Nullam</strong></span> <span class='ocrx_word' id='word_1_740' title='bbox 2437 2901 2640 2956; x_wconf 90' lang='lat' dir='ltr'><strong>scilicet</strong></span> <span class='ocrx_word' id='word_1_741' title='bbox 2683 2902 2940 2957; x_wconf 88' lang='lat' dir='ltr'><strong>habentes</strong></span> <span class='ocrx_word' id='word_1_742' title='bbox 2971 2904 3169 2957; x_wconf 89' lang='lat' dir='ltr'><strong>coloris</strong></span> <span class='ocrx_word' id='word_1_743' title='bbox 3195 2905 3526 2959; x_wconf 82' lang='lat' dir='ltr'><strong>varietatem.</strong></span> <span class='ocrx_word' id='word_1_744' title='bbox 3549 2907 3656 2960; x_wconf 90' lang='lat' dir='ltr'><strong>Hoc</strong></span> <span class='ocrx_word' id='word_1_745' title='bbox 3683 2921 3782 2959; x_wconf 85' lang='lat' dir='ltr'><strong>au-</strong></span> 
     </span>
    </p>
   </div>
   <div class='ocr_carea' id='block_1_90' title="bbox 2197 2992 3779 3066">
    <p class='ocr_par' dir='ltr' id='par_1_90' title="bbox 2197 2992 3779 3066">
     <span class='ocr_line' id='line_1_90' title="bbox 2197 2992 3779 3066; baseline 0.004 -22"><span class='ocrx_word' id='word_1_746' title='bbox 2197 3001 2302 3044; x_wconf 88' lang='lat' dir='ltr'><strong>tem</strong></span> <span class='ocrx_word' id='word_1_747' title='bbox 2353 3001 2520 3046; x_wconf 89' lang='lat' dir='ltr'><strong>totum</strong></span> <span class='ocrx_word' id='word_1_748' title='bbox 2561 2992 2754 3048; x_wconf 85' lang='lat' dir='ltr'><strong>factum</strong></span> <span class='ocrx_word' id='word_1_749' title='bbox 2807 3004 2909 3060; x_wconf 87' lang='lat' dir='ltr'><strong>est,</strong></span> <span class='ocrx_word' id='word_1_750' title='bbox 2941 3005 2998 3047; x_wconf 89' lang='lat' dir='ltr'><strong>ut</strong></span> <span class='ocrx_word' id='word_1_751' title='bbox 3038 2996 3212 3063; x_wconf 81' lang='lat' dir='ltr'><strong>justus</strong></span> <span class='ocrx_word' id='word_1_752' title='bbox 3233 2995 3410 3064; x_wconf 90' lang='lat' dir='ltr'><strong>reipsa</strong></span> <span class='ocrx_word' id='word_1_753' title='bbox 3453 3005 3779 3066; x_wconf 81' lang='lat' dir='ltr'><strong>compertam</strong></span> 
     </span>
    </p>
   </div>
   <div class='ocr_carea' id='block_1_91' title="bbox 2198 3081 3781 3158">
    <p class='ocr_par' dir='ltr' id='par_1_91' title="bbox 2198 3081 3781 3158">
     <span class='ocr_line' id='line_1_91' title="bbox 2198 3081 3781 3158; baseline 0.005 -24"><span class='ocrx_word' id='word_1_754' title='bbox 2198 3081 2419 3136; x_wconf 84' lang='lat' dir='ltr'><strong>haberet</strong></span> <span class='ocrx_word' id='word_1_755' title='bbox 2451 3083 2540 3138; x_wconf 89' lang='lat' dir='ltr'><strong>Dei</strong></span> <span class='ocrx_word' id='word_1_756' title='bbox 2570 3098 2695 3152; x_wconf 84' lang='lat' dir='ltr'><strong>erga</strong></span> <span class='ocrx_word' id='word_1_757' title='bbox 2727 3099 2785 3138; x_wconf 90' lang='lat' dir='ltr'><strong>se</strong></span> <span class='ocrx_word' id='word_1_758' title='bbox 2827 3084 3253 3158; x_wconf 74' lang='lat' dir='ltr'><strong>providentiam,</strong></span> <span class='ocrx_word' id='word_1_759' title='bbox 3283 3099 3337 3140; x_wconf 88' lang='lat' dir='ltr'><strong>et</strong></span> <span class='ocrx_word' id='word_1_760' title='bbox 3372 3087 3550 3141; x_wconf 88' lang='lat' dir='ltr'><strong>Laban</strong></span> <span class='ocrx_word' id='word_1_761' title='bbox 3577 3087 3781 3142; x_wconf 76' lang='lat' dir='ltr'><strong>videret</strong></span> 
     </span>
    </p>
   </div>
   <div class='ocr_carea' id='block_1_92' title="bbox 2197 3174 3782 3248">
    <p class='ocr_par' dir='ltr' id='par_1_92' title="bbox 2197 3174 3782 3248">
     <span class='ocr_line' id='line_1_92' title="bbox 2197 3174 3782 3248; baseline 0.003 -23"><span class='ocrx_word' id='word_1_762' title='bbox 2197 3183 2452 3241; x_wconf 88' lang='lat' dir='ltr'><strong>quantum</strong></span> <span class='ocrx_word' id='word_1_763' title='bbox 2479 3174 2572 3228; x_wconf 81' lang='lat' dir='ltr'><strong>Dei</strong></span> <span class='ocrx_word' id='word_1_764' title='bbox 2613 3176 2864 3230; x_wconf 83' lang='lat' dir='ltr'><strong>auxilium</strong></span> <span class='ocrx_word' id='word_1_765' title='bbox 2895 3175 3116 3231; x_wconf 79' lang='lat' dir='ltr'><strong>haberet</strong></span> <span class='ocrx_word' id='word_1_766' title='bbox 3139 3177 3320 3232; x_wconf 85' lang='lat' dir='ltr'><strong>Jacob.</strong></span> <span class='ocrx_word' id='word_1_767' title='bbox 3341 3179 3429 3232; x_wconf 81' lang='lat'><strong>57.</strong></span> <span class='ocrx_word' id='word_1_768' title='bbox 3458 3178 3662 3248; x_wconf 81' lang='lat' dir='ltr'><strong>Accepit</strong></span> <span class='ocrx_word' id='word_1_769' title='bbox 3682 3195 3782 3230; x_wconf 86' lang='lat' dir='ltr'><strong>au-</strong></span> 
     </span>
    </p>
   </div>
   <div class='ocr_carea' id='block_1_93' title="bbox 2200 3263 3782 3338">
    <p class='ocr_par' dir='ltr' id='par_1_93' title="bbox 2200 3263 3782 3338">
     <span class='ocr_line' id='line_1_93' title="bbox 2200 3263 3782 3338; baseline 0.005 -24"><span class='ocrx_word' id='word_1_770' title='bbox 2200 3271 2296 3315; x_wconf 87' lang='lat' dir='ltr'><strong>tem</strong></span> <span class='ocrx_word' id='word_1_771' title='bbox 2324 3263 2509 3326; x_wconf 85' lang='lat' dir='ltr'><strong>Jacob,</strong></span> <span class='ocrx_word' id='word_1_772' title='bbox 2543 3265 2732 3333; x_wconf 85' lang='lat' dir='ltr'><strong>inquit,</strong></span> <span class='ocrx_word' id='word_1_773' title='bbox 2757 3267 2849 3318; x_wconf 86' lang='lat' dir='ltr'><strong>sibi</strong></span> <span class='ocrx_word' id='word_1_774' title='bbox 2906 3268 3094 3336; x_wconf 79' lang='lat' dir='ltr'><strong>virgam</strong></span> <span class='ocrx_word' id='word_1_775' title='bbox 3143 3270 3447 3338; x_wconf 84' lang='lat' dir='ltr'><strong>styracinam</strong></span> <span class='ocrx_word' id='word_1_776' title='bbox 3483 3270 3690 3322; x_wconf 84' lang='lat' dir='ltr'><strong>viridem</strong></span> <span class='ocrx_word' id='word_1_777' title='bbox 3732 3277 3782 3322; x_wconf 81' lang='lat' dir='ltr'><strong>et</strong></span> 
     </span>
    </p>
   </div>
   <div class='ocr_carea' id='block_1_94' title="bbox 2197 3353 3783 3424">
    <p class='ocr_par' dir='ltr' id='par_1_94' title="bbox 2197 3353 3783 3424">
     <span class='ocr_line' id='line_1_94' title="bbox 2197 3353 3783 3424; baseline 0.006 -20"><span class='ocrx_word' id='word_1_778' title='bbox 2197 3353 2576 3422; x_wconf 83' lang='lat' dir='ltr'><strong>amygdalinam</strong></span> <span class='ocrx_word' id='word_1_779' title='bbox 2599 3365 2642 3407; x_wconf 86' lang='lat' dir='ltr'><strong>et</strong></span> <span class='ocrx_word' id='word_1_780' title='bbox 2670 3357 2883 3424; x_wconf 85' lang='lat' dir='ltr'><strong>platani,</strong></span> <span class='ocrx_word' id='word_1_781' title='bbox 2915 3369 2960 3408; x_wconf 87' lang='lat' dir='ltr'><strong>et</strong></span> <span class='ocrx_word' id='word_1_782' title='bbox 2981 3357 3302 3411; x_wconf 80' lang='lat' dir='ltr'><strong>decorticarit</strong></span> <span class='ocrx_word' id='word_1_783' title='bbox 3327 3357 3487 3412; x_wconf 75' lang='lat' dir='ltr'><strong>Iacob</strong></span> <span class='ocrx_word' id='word_1_784' title='bbox 3515 3375 3598 3412; x_wconf 86' lang='lat' dir='ltr'><strong>eas</strong></span> <span class='ocrx_word' id='word_1_785' title='bbox 3617 3360 3668 3412; x_wconf 86' lang='lat' dir='ltr'><strong>in</strong></span> <span class='ocrx_word' id='word_1_786' title='bbox 3695 3361 3783 3414; x_wconf 82' lang='lat' dir='ltr'><strong>de-</strong></span> 
     </span>
    </p>
   </div>
   <div class='ocr_carea' id='block_1_95' title="bbox 2197 3443 3784 3518">
    <p class='ocr_par' dir='ltr' id='par_1_95' title="bbox 2197 3443 3784 3518">
     <span class='ocr_line' id='line_1_95' title="bbox 2197 3443 3784 3518; baseline 0.006 -25"><span class='ocrx_word' id='word_1_787' title='bbox 2197 3443 2570 3496; x_wconf 85' lang='lat' dir='ltr'><strong>corticationem</strong></span> <span class='ocrx_word' id='word_1_788' title='bbox 2604 3443 2809 3506; x_wconf 87' lang='lat' dir='ltr'><strong>albam,</strong></span> <span class='ocrx_word' id='word_1_789' title='bbox 2841 3447 3089 3500; x_wconf 82' lang='lat' dir='ltr'><strong>abradens</strong></span> <span class='ocrx_word' id='word_1_790' title='bbox 3103 3447 3240 3515; x_wconf 83' lang='lat' dir='ltr'><strong>quod</strong></span> <span class='ocrx_word' id='word_1_791' title='bbox 3283 3449 3480 3512; x_wconf 84' lang='lat' dir='ltr'><strong>viride;</strong></span> <span class='ocrx_word' id='word_1_792' title='bbox 3506 3451 3784 3518; x_wconf 83' lang='lat' dir='ltr'><strong>apparebat</strong></span> 
     </span>
    </p>
   </div>
   <div class='ocr_carea' id='block_1_96' title="bbox 2198 3533 3784 3606">
    <p class='ocr_par' dir='ltr' id='par_1_96' title="bbox 2198 3533 3784 3606">
     <span class='ocr_line' id='line_1_96' title="bbox 2198 3533 3784 3606; baseline 0.007 -24"><span class='ocrx_word' id='word_1_793' title='bbox 2198 3539 2366 3584; x_wconf 84' lang='lat' dir='ltr'><strong>autem</strong></span> <span class='ocrx_word' id='word_1_794' title='bbox 2385 3533 2435 3584; x_wconf 82' lang='lat' dir='ltr'><strong>in</strong></span> <span class='ocrx_word' id='word_1_795' title='bbox 2463 3533 2615 3603; x_wconf 86' lang='lat' dir='ltr'><strong>virgis</strong></span> <span class='ocrx_word' id='word_1_796' title='bbox 2637 3535 2824 3590; x_wconf 82' lang='lat' dir='ltr'><strong>album.</strong></span> <span class='ocrx_word' id='word_1_797' title='bbox 2855 3536 2989 3606; x_wconf 87' lang='lat' dir='ltr'><strong>quod</strong></span> <span class='ocrx_word' id='word_1_798' title='bbox 3014 3539 3343 3591; x_wconf 85' lang='lat' dir='ltr'><strong>dccorticarat</strong></span> <span class='ocrx_word' id='word_1_799' title='bbox 3367 3541 3576 3593; x_wconf 86' lang='lat' dir='ltr'><strong>varium.</strong></span> <span class='ocrx_word' id='word_1_800' title='bbox 3597 3541 3686 3594; x_wconf 79' lang='lat'><strong>38.</strong></span> <span class='ocrx_word' id='word_1_801' title='bbox 3711 3539 3784 3593; x_wconf 77' lang='lat' dir='ltr'><strong>Et</strong></span> 
     </span>
    </p>
   </div>
   <div class='ocr_carea' id='block_1_97' title="bbox 2198 3622 3848 3700">
    <p class='ocr_par' dir='ltr' id='par_1_97' title="bbox 2198 3622 3848 3700">
     <span class='ocr_line' id='line_1_97' title="bbox 2198 3622 3848 3700; baseline 0.008 -28"><span class='ocrx_word' id='word_1_802' title='bbox 2198 3622 2438 3690; x_wconf 87' lang='lat' dir='ltr'><strong>apposuit</strong></span> <span class='ocrx_word' id='word_1_803' title='bbox 2463 3625 2648 3694; x_wconf 84' lang='lat' dir='ltr'><strong>virgas,</strong></span> <span class='ocrx_word' id='word_1_804' title='bbox 2667 3642 2792 3693; x_wconf 82' lang='lat' dir='ltr'><strong>quas</strong></span> <span class='ocrx_word' id='word_1_805' title='bbox 2811 3627 3150 3694; x_wconf 79' lang='lat' dir='ltr'><strong>decorticat&#39;it,</strong></span> <span class='ocrx_word' id='word_1_806' title='bbox 3173 3629 3225 3680; x_wconf 88' lang='lat' dir='ltr'><strong>in</strong></span> <span class='ocrx_word' id='word_1_807' title='bbox 3246 3630 3446 3683; x_wconf 86' lang='lat' dir='ltr'><strong>canales</strong></span> <span class='ocrx_word' id='word_1_808' title='bbox 3469 3632 3779 3700; x_wconf 87' lang='lat' dir='ltr'><strong>aquatorios,</strong></span> <span class='ocrx_word' id='word_1_809' title='bbox 3841 3679 3848 3686; x_wconf 90' lang='lat'><strong>.</strong></span> 
     </span>
    </p>
   </div>
   <div class='ocr_carea' id='block_1_98' title="bbox 2199 3717 3781 3791">
    <p class='ocr_par' dir='ltr' id='par_1_98' title="bbox 2199 3717 3781 3791">
     <span class='ocr_line' id='line_1_98' title="bbox 2199 3717 3781 3791; baseline 0.005 -23"><span class='ocrx_word' id='word_1_810' title='bbox 2199 3725 2256 3768; x_wconf 89' lang='lat' dir='ltr'><strong>ut</strong></span> <span class='ocrx_word' id='word_1_811' title='bbox 2280 3731 2393 3767; x_wconf 87' lang='lat' dir='ltr'><strong>cum</strong></span> <span class='ocrx_word' id='word_1_812' title='bbox 2417 3717 2635 3768; x_wconf 81' lang='lat' dir='ltr'><strong>venirent</strong></span> <span class='ocrx_word' id='word_1_813' title='bbox 2659 3717 2872 3785; x_wconf 87' lang='lat' dir='ltr'><strong>pecudes</strong></span> <span class='ocrx_word' id='word_1_814' title='bbox 2891 3717 2959 3768; x_wconf 91' lang='lat' dir='ltr'><strong>ad</strong></span> <span class='ocrx_word' id='word_1_815' title='bbox 2988 3717 3274 3784; x_wconf 80' lang='lat' dir='ltr'><strong>bibendum,</strong></span> <span class='ocrx_word' id='word_1_816' title='bbox 3299 3721 3613 3790; x_wconf 84' lang='lat' dir='ltr'><strong>conciperent</strong></span> <span class='ocrx_word' id='word_1_817' title='bbox 3631 3739 3781 3791; x_wconf 83' lang='lat' dir='ltr'><strong>pecu-</strong></span> 
     </span>
    </p>
   </div>
   <div class='ocr_carea' id='block_1_99' title="bbox 2199 3806 3776 3881">
    <p class='ocr_par' dir='ltr' id='par_1_99' title="bbox 2199 3806 3776 3881">
     <span class='ocr_line' id='line_1_99' title="bbox 2199 3806 3776 3881; baseline 0.007 -25"><span class='ocrx_word' id='word_1_818' title='bbox 2199 3806 2286 3858; x_wconf 86' lang='lat' dir='ltr'><strong>des</strong></span> <span class='ocrx_word' id='word_1_819' title='bbox 2323 3809 2595 3860; x_wconf 83' lang='lat' dir='ltr'><strong>secundum</strong></span> <span class='ocrx_word' id='word_1_820' title='bbox 2623 3809 2808 3878; x_wconf 81' lang='lat' dir='ltr'><strong>virgas.</strong></span> <span class='ocrx_word' id='word_1_821' title='bbox 2851 3807 2942 3862; x_wconf 78' lang='lat'><strong>59.</strong></span> <span class='ocrx_word' id='word_1_822' title='bbox 2971 3807 3037 3860; x_wconf 84' lang='lat' dir='ltr'><strong>Et</strong></span> <span class='ocrx_word' id='word_1_823' title='bbox 3075 3810 3420 3878; x_wconf 75' lang='lat' dir='ltr'><strong>concipit-bant</strong></span> <span class='ocrx_word' id='word_1_824' title='bbox 3457 3815 3668 3881; x_wconf 81' lang='lat' dir='ltr'><strong>pecudes</strong></span> <span class='ocrx_word' id='word_1_825' title='bbox 3693 3827 3776 3866; x_wconf 81' lang='lat' dir='ltr'><strong>sc-</strong></span> 
     </span>
    </p>
   </div>
   <div class='ocr_carea' id='block_1_100' title="bbox 2197 3898 3780 3968">
    <p class='ocr_par' dir='ltr' id='par_1_100' title="bbox 2197 3898 3780 3968">
     <span class='ocr_line' id='line_1_100' title="bbox 2197 3898 3780 3968; baseline 0.003 -18"><span class='ocrx_word' id='word_1_826' title='bbox 2197 3898 2417 3950; x_wconf 85' lang='lat' dir='ltr'><strong>cundum</strong></span> <span class='ocrx_word' id='word_1_827' title='bbox 2447 3899 2610 3968; x_wconf 84' lang='lat' dir='ltr'><strong>virgas</strong></span> <span class='ocrx_word' id='word_1_828' title='bbox 2631 3940 2644 3962; x_wconf 90' lang='lat'><strong>,</strong></span> <span class='ocrx_word' id='word_1_829' title='bbox 2677 3909 2722 3950; x_wconf 86' lang='lat' dir='ltr'><strong>et</strong></span> <span class='ocrx_word' id='word_1_830' title='bbox 2755 3908 3052 3967; x_wconf 80' lang='lat' dir='ltr'><strong>pepererunt</strong></span> <span class='ocrx_word' id='word_1_831' title='bbox 3079 3899 3288 3968; x_wconf 83' lang='lat' dir='ltr'><strong>pecudes</strong></span> <span class='ocrx_word' id='word_1_832' title='bbox 3309 3901 3571 3966; x_wconf 86' lang='lat' dir='ltr'><strong>subalbas,</strong></span> <span class='ocrx_word' id='word_1_833' title='bbox 3601 3918 3780 3954; x_wconf 77' lang='lat' dir='ltr'><strong>macu-</strong></span> 
     </span>
    </p>
   </div>
   <div class='ocr_carea' id='block_1_101' title="bbox 2198 3991 3781 4063">
    <p class='ocr_par' dir='ltr' id='par_1_101' title="bbox 2198 3991 3781 4063">
     <span class='ocr_line' id='line_1_101' title="bbox 2198 3991 3781 4063; baseline 0.001 -19"><span class='ocrx_word' id='word_1_834' title='bbox 2198 3991 2332 4044; x_wconf 86' lang='lat' dir='ltr'><strong>losas</strong></span> <span class='ocrx_word' id='word_1_835' title='bbox 2375 4001 2420 4044; x_wconf 87' lang='lat' dir='ltr'><strong>et</strong></span> <span class='ocrx_word' id='word_1_836' title='bbox 2451 3993 2682 4044; x_wconf 75' lang='lat' dir='ltr'><strong>cinericio</strong></span> <span class='ocrx_word' id='word_1_837' title='bbox 2723 3991 2890 4044; x_wconf 88' lang='lat' dir='ltr'><strong>colore</strong></span> <span class='ocrx_word' id='word_1_838' title='bbox 2945 4007 3169 4060; x_wconf 85' lang='lat' dir='ltr'><strong>sparsas.</strong></span> <span class='ocrx_word' id='word_1_839' title='bbox 3203 3995 3326 4046; x_wconf 77' lang='lat' dir='ltr'><strong>Haec</strong></span> <span class='ocrx_word' id='word_1_840' title='bbox 3369 3991 3572 4048; x_wconf 79' lang='lat' dir='ltr'><strong>faciens</strong></span> <span class='ocrx_word' id='word_1_841' title='bbox 3605 3993 3781 4063; x_wconf 87' lang='lat' dir='ltr'><strong>justus</strong></span> 
     </span>
    </p>
   </div>
   <div class='ocr_carea' id='block_1_102' title="bbox 2201 4081 3782 4152">
    <p class='ocr_par' dir='ltr' id='par_1_102' title="bbox 2201 4081 3782 4152">
     <span class='ocr_line' id='line_1_102' title="bbox 2201 4081 3782 4152; baseline 0.001 -18"><span class='ocrx_word' id='word_1_842' title='bbox 2201 4097 2316 4134; x_wconf 16' lang='lat' dir='ltr'><strong>non.</strong></span> <span class='ocrx_word' id='word_1_843' title='bbox 2343 4097 2371 4133; x_wconf 88' lang='lat' dir='ltr'><strong>a</strong></span> <span class='ocrx_word' id='word_1_844' title='bbox 2402 4081 2579 4150; x_wconf 74' lang='lat' dir='ltr'><strong>seipse</strong></span> <span class='ocrx_word' id='word_1_845' title='bbox 2629 4082 2961 4148; x_wconf 83' lang='lat' dir='ltr'><strong>movebatur,</strong></span> <span class='ocrx_word' id='word_1_846' title='bbox 2993 4082 3088 4136; x_wconf 90' lang='lat' dir='ltr'><strong>sed</strong></span> <span class='ocrx_word' id='word_1_847' title='bbox 3117 4081 3410 4151; x_wconf 86' lang='lat' dir='ltr'><strong>inspirante</strong></span> <span class='ocrx_word' id='word_1_848' title='bbox 3459 4084 3623 4138; x_wconf 87' lang='lat' dir='ltr'><strong>menti</strong></span> <span class='ocrx_word' id='word_1_849' title='bbox 3665 4083 3782 4152; x_wconf 87' lang='lat' dir='ltr'><strong>ejus</strong></span> 
     </span>
    </p>
   </div>
   <div class='ocr_carea' id='block_1_103' title="bbox 2200 4169 3780 4239">
    <p class='ocr_par' dir='ltr' id='par_1_103' title="bbox 2200 4169 3780 4239">
     <span class='ocr_line' id='line_1_103' title="bbox 2200 4169 3780 4239; baseline 0.001 -15"><span class='ocrx_word' id='word_1_850' title='bbox 2200 4185 2432 4236; x_wconf 77' lang='lat' dir='ltr'><strong>Sttpcrna</strong></span> <span class='ocrx_word' id='word_1_851' title='bbox 2480 4171 2670 4239; x_wconf 82' lang='lat' dir='ltr'><strong>gratia.</strong></span> <span class='ocrx_word' id='word_1_852' title='bbox 2719 4169 2902 4238; x_wconf 84' lang='lat' dir='ltr'><strong>Neque</strong></span> <span class='ocrx_word' id='word_1_853' title='bbox 2942 4171 3232 4224; x_wconf 90' lang='lat' dir='ltr'><strong>secundum</strong></span> <span class='ocrx_word' id='word_1_854' title='bbox 3279 4181 3484 4225; x_wconf 66' lang='lat' dir='ltr'><strong>naturae</strong></span> <span class='ocrx_word' id='word_1_855' title='bbox 3536 4171 3780 4225; x_wconf 84' lang='lat' dir='ltr'><strong>ordinem</strong></span> 
     </span>
    </p>
   </div>
   <div class='ocr_carea' id='block_1_104' title="bbox 2199 4260 3780 4329">
    <p class='ocr_par' dir='ltr' id='par_1_104' title="bbox 2199 4260 3780 4329">
     <span class='ocr_line' id='line_1_104' title="bbox 2199 4260 3780 4329; baseline 0 -14"><span class='ocrx_word' id='word_1_856' title='bbox 2199 4272 2317 4315; x_wconf 76' lang='lat' dir='ltr'><strong>em</strong></span> <span class='ocrx_word' id='word_1_857' title='bbox 2345 4261 2486 4329; x_wconf 88' lang='lat' dir='ltr'><strong>quod</strong></span> <span class='ocrx_word' id='word_1_858' title='bbox 2517 4260 2709 4325; x_wconf 84' lang='lat' dir='ltr'><strong>ﬁebat,</strong></span> <span class='ocrx_word' id='word_1_859' title='bbox 2757 4262 2854 4316; x_wconf 88' lang='lat' dir='ltr'><strong>sed</strong></span> <span class='ocrx_word' id='word_1_860' title='bbox 2901 4262 3053 4315; x_wconf 82' lang='lat' dir='ltr'><strong>valde</strong></span> <span class='ocrx_word' id='word_1_861' title='bbox 3097 4261 3443 4328; x_wconf 85' lang='lat' dir='ltr'><strong>admirabile,</strong></span> <span class='ocrx_word' id='word_1_862' title='bbox 3476 4272 3530 4317; x_wconf 87' lang='lat' dir='ltr'><strong>et</strong></span> <span class='ocrx_word' id='word_1_863' title='bbox 3577 4269 3780 4315; x_wconf 69' lang='lat' dir='ltr'><strong>naturae</strong></span> 
     </span>
    </p>
   </div>
   <div class='ocr_carea' id='block_1_105' title="bbox 2200 4349 3778 4422">
    <p class='ocr_par' dir='ltr' id='par_1_105' title="bbox 2200 4349 3778 4422">
     <span class='ocr_line' id='line_1_105' title="bbox 2200 4349 3778 4422; baseline -0.001 -18"><span class='ocrx_word' id='word_1_864' title='bbox 2200 4350 2416 4404; x_wconf 87' lang='lat' dir='ltr'><strong>modum</strong></span> <span class='ocrx_word' id='word_1_865' title='bbox 2449 4351 2848 4407; x_wconf 75' lang='lat' dir='ltr'><strong>transcenderis.</strong></span> <span class='ocrx_word' id='word_1_866' title='bbox 2880 4351 2969 4405; x_wconf 70' lang='lat'><strong>40.</strong></span> <span class='ocrx_word' id='word_1_867' title='bbox 3003 4349 3068 4403; x_wconf 87' lang='lat' dir='ltr'><strong>Et</strong></span> <span class='ocrx_word' id='word_1_868' title='bbox 3088 4367 3264 4422; x_wconf 89' lang='lat' dir='ltr'><strong>agnos,</strong></span> <span class='ocrx_word' id='word_1_869' title='bbox 3292 4351 3495 4420; x_wconf 90' lang='lat' dir='ltr'><strong>inquit,</strong></span> <span class='ocrx_word' id='word_1_870' title='bbox 3527 4353 3778 4420; x_wconf 73' lang='lat' dir='ltr'><strong>distinxit,</strong></span> 
     </span>
    </p>
   </div>
   <div class='ocr_carea' id='block_1_106' title="bbox 2201 4441 3782 4505">
    <p class='ocr_par' dir='ltr' id='par_1_106' title="bbox 2201 4441 3782 4505">
     <span class='ocr_line' id='line_1_106' title="bbox 2201 4441 3782 4505; baseline 0 -10"><span class='ocrx_word' id='word_1_871' title='bbox 2201 4455 2248 4495; x_wconf 87' lang='lat' dir='ltr'><strong>et</strong></span> <span class='ocrx_word' id='word_1_872' title='bbox 2272 4442 2444 4494; x_wconf 85' lang='lat' dir='ltr'><strong>statuit</strong></span> <span class='ocrx_word' id='word_1_873' title='bbox 2473 4457 2644 4493; x_wconf 89' lang='lat' dir='ltr'><strong>coram</strong></span> <span class='ocrx_word' id='word_1_874' title='bbox 2669 4441 2840 4494; x_wconf 82' lang='lat' dir='ltr'><strong>ovibus</strong></span> <span class='ocrx_word' id='word_1_875' title='bbox 2881 4443 3090 4494; x_wconf 86' lang='lat' dir='ltr'><strong>arietem</strong></span> <span class='ocrx_word' id='word_1_876' title='bbox 3123 4441 3546 4505; x_wconf 87' lang='lat' dir='ltr'><strong>subalbicantem;</strong></span> <span class='ocrx_word' id='word_1_877' title='bbox 3565 4451 3612 4495; x_wconf 86' lang='lat' dir='ltr'><strong>et</strong></span> <span class='ocrx_word' id='word_1_878' title='bbox 3634 4457 3782 4495; x_wconf 83' lang='lat' dir='ltr'><strong>onme</strong></span> 
     </span>
    </p>
   </div>
   <div class='ocr_carea' id='block_1_107' title="bbox 2200 4531 3781 4602">
    <p class='ocr_par' dir='ltr' id='par_1_107' title="bbox 2200 4531 3781 4602">
     <span class='ocr_line' id='line_1_107' title="bbox 2200 4531 3781 4602; baseline 0 -16"><span class='ocrx_word' id='word_1_879' title='bbox 2200 4536 2394 4587; x_wconf 84' lang='lat' dir='ltr'><strong>varium</strong></span> <span class='ocrx_word' id='word_1_880' title='bbox 2421 4533 2473 4585; x_wconf 89' lang='lat' dir='ltr'><strong>in</strong></span> <span class='ocrx_word' id='word_1_881' title='bbox 2501 4533 2674 4586; x_wconf 83' lang='lat' dir='ltr'><strong>ovibus</strong></span> <span class='ocrx_word' id='word_1_882' title='bbox 2697 4547 2716 4586; x_wconf 91' lang='lat'><em>:</em></span> <span class='ocrx_word' id='word_1_883' title='bbox 2739 4542 2788 4585; x_wconf 90' lang='lat' dir='ltr'><strong>et</strong></span> <span class='ocrx_word' id='word_1_884' title='bbox 2803 4532 3054 4602; x_wconf 85' lang='lat' dir='ltr'><strong>separavit</strong></span> <span class='ocrx_word' id='word_1_885' title='bbox 3081 4547 3196 4586; x_wconf 80' lang='lat' dir='ltr'><strong>oves</strong></span> <span class='ocrx_word' id='word_1_886' title='bbox 3221 4548 3360 4598; x_wconf 85' lang='lat' dir='ltr'><strong>suas,</strong></span> <span class='ocrx_word' id='word_1_887' title='bbox 3389 4541 3436 4584; x_wconf 84' lang='lat' dir='ltr'><strong>et</strong></span> <span class='ocrx_word' id='word_1_888' title='bbox 3457 4547 3556 4585; x_wconf 88' lang='lat' dir='ltr'><strong>non</strong></span> <span class='ocrx_word' id='word_1_889' title='bbox 3583 4531 3781 4586; x_wconf 84' lang='lat' dir='ltr'><strong>miscuit</strong></span> 
     </span>
    </p>
   </div>
   <div class='ocr_carea' id='block_1_108' title="bbox 2201 4623 3776 4693">
    <p class='ocr_par' dir='ltr' id='par_1_108' title="bbox 2201 4623 3776 4693">
     <span class='ocr_line' id='line_1_108' title="bbox 2201 4623 3776 4693; baseline -0.001 -14"><span class='ocrx_word' id='word_1_890' title='bbox 2201 4643 2284 4680; x_wconf 87' lang='lat' dir='ltr'><strong>eas</strong></span> <span class='ocrx_word' id='word_1_891' title='bbox 2305 4643 2418 4678; x_wconf 89' lang='lat' dir='ltr'><strong>cum</strong></span> <span class='ocrx_word' id='word_1_892' title='bbox 2447 4625 2617 4679; x_wconf 84' lang='lat' dir='ltr'><strong>ovibus</strong></span> <span class='ocrx_word' id='word_1_893' title='bbox 2643 4623 2836 4678; x_wconf 87' lang='lat' dir='ltr'><strong>Laban.</strong></span> <span class='ocrx_word' id='word_1_894' title='bbox 2861 4625 3050 4680; x_wconf 88' lang='lat' dir='ltr'><strong>Postea</strong></span> <span class='ocrx_word' id='word_1_895' title='bbox 3080 4625 3201 4693; x_wconf 89' lang='lat' dir='ltr'><strong>quia</strong></span> <span class='ocrx_word' id='word_1_896' title='bbox 3231 4623 3412 4678; x_wconf 88' lang='lat' dir='ltr'><strong>omnia</strong></span> <span class='ocrx_word' id='word_1_897' title='bbox 3435 4637 3556 4692; x_wconf 71' lang='lat' dir='ltr'><strong>qua:</strong></span> <span class='ocrx_word' id='word_1_898' title='bbox 3587 4637 3776 4677; x_wconf 86' lang='lat' dir='ltr'><strong>nasce-</strong></span> 
     </span>
    </p>
   </div>
   <div class='ocr_carea' id='block_1_109' title="bbox 2203 4715 3784 4786">
    <p class='ocr_par' dir='ltr' id='par_1_109' title="bbox 2203 4715 3784 4786">
     <span class='ocr_line' id='line_1_109' title="bbox 2203 4715 3784 4786; baseline -0.002 -15"><span class='ocrx_word' id='word_1_899' title='bbox 2203 4719 2415 4780; x_wconf 87' lang='lat' dir='ltr'><strong>bantur,</strong></span> <span class='ocrx_word' id='word_1_900' title='bbox 2444 4726 2599 4771; x_wconf 87' lang='lat' dir='ltr'><strong>erant</strong></span> <span class='ocrx_word' id='word_1_901' title='bbox 2628 4715 2747 4770; x_wconf 86' lang='lat' dir='ltr'><strong>talia</strong></span> <span class='ocrx_word' id='word_1_902' title='bbox 2777 4717 2950 4784; x_wconf 84' lang='lat' dir='ltr'><strong>qualia</strong></span> <span class='ocrx_word' id='word_1_903' title='bbox 2978 4715 3274 4786; x_wconf 83' lang='lat' dir='ltr'><strong>proposuit,</strong></span> <span class='ocrx_word' id='word_1_904' title='bbox 3305 4715 3572 4783; x_wconf 85' lang='lat' dir='ltr'><strong>separavit</strong></span> <span class='ocrx_word' id='word_1_905' title='bbox 3595 4729 3657 4768; x_wconf 88' lang='lat' dir='ltr'><strong>ea</strong></span> <span class='ocrx_word' id='word_1_906' title='bbox 3685 4755 3702 4778; x_wconf 92' lang='lat'><strong>,</strong></span> <span class='ocrx_word' id='word_1_907' title='bbox 3729 4725 3784 4768; x_wconf 84' lang='lat' dir='ltr'><strong>et</strong></span> 
     </span>
    </p>
   </div>
   <div class='ocr_carea' id='block_1_110' title="bbox 2202 4802 3783 4876">
    <p class='ocr_par' dir='ltr' id='par_1_110' title="bbox 2202 4802 3783 4876">
     <span class='ocr_line' id='line_1_110' title="bbox 2202 4802 3783 4876; baseline -0.003 -15"><span class='ocrx_word' id='word_1_908' title='bbox 2202 4808 2329 4862; x_wconf 81' lang='lat' dir='ltr'><strong>fecit</strong></span> <span class='ocrx_word' id='word_1_909' title='bbox 2355 4809 2456 4861; x_wconf 86' lang='lat' dir='ltr'><strong>sibi</strong></span> <span class='ocrx_word' id='word_1_910' title='bbox 2494 4821 2684 4876; x_wconf 86' lang='lat' dir='ltr'><strong>greges</strong></span> <span class='ocrx_word' id='word_1_911' title='bbox 2725 4813 3017 4873; x_wconf 85' lang='lat' dir='ltr'><strong>separatos.</strong></span> <span class='ocrx_word' id='word_1_912' title='bbox 3059 4805 3149 4858; x_wconf 73' lang='grc'><strong>41.</strong></span> <span class='ocrx_word' id='word_1_913' title='bbox 3173 4802 3392 4856; x_wconf 83' lang='lat' dir='ltr'><strong>Factum</strong></span> <span class='ocrx_word' id='word_1_914' title='bbox 3428 4813 3502 4857; x_wconf 84' lang='lat' dir='ltr'><strong>est</strong></span> <span class='ocrx_word' id='word_1_915' title='bbox 3530 4815 3704 4856; x_wconf 83' lang='lat' dir='ltr'><strong>autem</strong></span> <span class='ocrx_word' id='word_1_916' title='bbox 3730 4803 3783 4857; x_wconf 88' lang='lat' dir='ltr'><strong>in</strong></span> 
     </span>
    </p>
   </div>
   <div class='ocr_carea' id='block_1_111' title="bbox 2203 4893 3784 4969">
    <p class='ocr_par' dir='ltr' id='par_1_111' title="bbox 2203 4893 3784 4969">
     <span class='ocr_line' id='line_1_111' title="bbox 2203 4893 3784 4969; baseline -0.004 -17"><span class='ocrx_word' id='word_1_917' title='bbox 2203 4909 2424 4969; x_wconf 84' lang='lat' dir='ltr'><strong>tempore</strong></span> <span class='ocrx_word' id='word_1_918' title='bbox 2447 4914 2545 4968; x_wconf 91' lang='lat' dir='ltr'><strong>quo</strong></span> <span class='ocrx_word' id='word_1_919' title='bbox 2573 4898 2860 4966; x_wconf 85' lang='lat' dir='ltr'><strong>concipiunt</strong></span> <span class='ocrx_word' id='word_1_920' title='bbox 2881 4913 2993 4950; x_wconf 84' lang='lat' dir='ltr'><strong>oves</strong></span> <span class='ocrx_word' id='word_1_921' title='bbox 3021 4895 3244 4966; x_wconf 72' lang='lat' dir='ltr'><strong>gravida:</strong></span> <span class='ocrx_word' id='word_1_922' title='bbox 3262 4937 3278 4962; x_wconf 92' lang='lat'><strong>,</strong></span> <span class='ocrx_word' id='word_1_923' title='bbox 3312 4896 3477 4964; x_wconf 84' lang='lat' dir='ltr'><strong>posuit</strong></span> <span class='ocrx_word' id='word_1_924' title='bbox 3495 4893 3655 4948; x_wconf 82' lang='lat' dir='ltr'><strong>Jacob</strong></span> <span class='ocrx_word' id='word_1_925' title='bbox 3682 4897 3784 4947; x_wconf 75' lang='lat' dir='ltr'><strong>vir-</strong></span> 
     </span>
    </p>
   </div>
   <div class='ocr_carea' id='block_1_112' title="bbox 2202 4987 3784 5060">
    <p class='ocr_par' dir='ltr' id='par_1_112' title="bbox 2202 4987 3784 5060">
     <span class='ocr_line' id='line_1_112' title="bbox 2202 4987 3784 5060; baseline -0.003 -18"><span class='ocrx_word' id='word_1_926' title='bbox 2202 5005 2318 5060; x_wconf 87' lang='lat' dir='ltr'><strong>gam</strong></span> <span class='ocrx_word' id='word_1_927' title='bbox 2339 5005 2508 5043; x_wconf 89' lang='lat' dir='ltr'><strong>coram</strong></span> <span class='ocrx_word' id='word_1_928' title='bbox 2535 4989 2706 5042; x_wconf 88' lang='lat' dir='ltr'><strong>ovibus</strong></span> <span class='ocrx_word' id='word_1_929' title='bbox 2725 4989 2776 5041; x_wconf 90' lang='lat' dir='ltr'><strong>in</strong></span> <span class='ocrx_word' id='word_1_930' title='bbox 2797 4988 3072 5053; x_wconf 87' lang='lat' dir='ltr'><strong>canalibus,</strong></span> <span class='ocrx_word' id='word_1_931' title='bbox 3095 4995 3148 5039; x_wconf 91' lang='lat' dir='ltr'><strong>ut</strong></span> <span class='ocrx_word' id='word_1_932' title='bbox 3171 4987 3486 5056; x_wconf 85' lang='lat' dir='ltr'><strong>conciperent</strong></span> <span class='ocrx_word' id='word_1_933' title='bbox 3505 4987 3660 5057; x_wconf 75' lang='lat' dir='ltr'><strong>juxta</strong></span> <span class='ocrx_word' id='word_1_934' title='bbox 3683 4987 3784 5038; x_wconf 81' lang='lat' dir='ltr'><strong>vir-</strong></span> 
     </span>
    </p>
   </div>
   <div class='ocr_carea' id='block_1_113' title="bbox 2205 5075 3777 5151">
    <p class='ocr_par' dir='ltr' id='par_1_113' title="bbox 2205 5075 3777 5151">
     <span class='ocr_line' id='line_1_113' title="bbox 2205 5075 3777 5151; baseline -0.003 -19"><span class='ocrx_word' id='word_1_935' title='bbox 2205 5097 2318 5151; x_wconf 86' lang='lat' dir='ltr'><strong>gas.</strong></span> <span class='ocrx_word' id='word_1_936' title='bbox 2349 5079 2437 5134; x_wconf 72' lang='grc'><strong>42.</strong></span> <span class='ocrx_word' id='word_1_937' title='bbox 2471 5079 2688 5143; x_wconf 86' lang='lat' dir='ltr'><strong>Quando</strong></span> <span class='ocrx_word' id='word_1_938' title='bbox 2726 5087 2890 5131; x_wconf 88' lang='lat' dir='ltr'><strong>autem</strong></span> <span class='ocrx_word' id='word_1_939' title='bbox 2929 5075 3188 5145; x_wconf 85' lang='lat' dir='ltr'><strong>pariebant</strong></span> <span class='ocrx_word' id='word_1_940' title='bbox 3217 5091 3364 5141; x_wconf 86' lang='lat' dir='ltr'><strong>oves,</strong></span> <span class='ocrx_word' id='word_1_941' title='bbox 3406 5091 3508 5128; x_wconf 89' lang='lat' dir='ltr'><strong>non</strong></span> <span class='ocrx_word' id='word_1_942' title='bbox 3547 5076 3777 5144; x_wconf 85' lang='lat' dir='ltr'><strong>ponebat.</strong></span> 
     </span>
    </p>
   </div>
   <div class='ocr_carea' id='block_1_114' title="bbox 2205 5163 3775 5237">
    <p class='ocr_par' dir='ltr' id='par_1_114' title="bbox 2205 5163 3775 5237">
     <span class='ocr_line' id='line_1_114' title="bbox 2205 5163 3775 5237; baseline -0.005 -13"><span class='ocrx_word' id='word_1_943' title='bbox 2205 5170 2367 5224; x_wconf 81' lang='lat' dir='ltr'><strong>Facta</strong></span> <span class='ocrx_word' id='word_1_944' title='bbox 2391 5181 2558 5223; x_wconf 84' lang='lat' dir='ltr'><strong>autem</strong></span> <span class='ocrx_word' id='word_1_945' title='bbox 2584 5177 2698 5223; x_wconf 89' lang='lat' dir='ltr'><strong>sunt</strong></span> <span class='ocrx_word' id='word_1_946' title='bbox 2727 5184 2827 5222; x_wconf 89' lang='lat' dir='ltr'><strong>non</strong></span> <span class='ocrx_word' id='word_1_947' title='bbox 2855 5169 3053 5237; x_wconf 87' lang='lat' dir='ltr'><strong>signata</strong></span> <span class='ocrx_word' id='word_1_948' title='bbox 3075 5165 3275 5230; x_wconf 86' lang='lat' dir='ltr'><strong>Laban,</strong></span> <span class='ocrx_word' id='word_1_949' title='bbox 3306 5167 3506 5234; x_wconf 86' lang='lat' dir='ltr'><strong>signata</strong></span> <span class='ocrx_word' id='word_1_950' title='bbox 3539 5181 3654 5219; x_wconf 87' lang='lat' dir='ltr'><strong>vero</strong></span> <span class='ocrx_word' id='word_1_951' title='bbox 3679 5163 3775 5217; x_wconf 80' lang='lat' dir='ltr'><strong>Ja-</strong></span> 
     </span>
    </p>
   </div>
   <div class='ocr_carea' id='block_1_115' title="bbox 2202 5255 3778 5328">
    <p class='ocr_par' dir='ltr' id='par_1_115' title="bbox 2202 5255 3778 5328">
     <span class='ocr_line' id='line_1_115' title="bbox 2202 5255 3778 5328; baseline -0.004 -11"><span class='ocrx_word' id='word_1_952' title='bbox 2202 5263 2290 5317; x_wconf 89' lang='lat' dir='ltr'><strong>cob</strong></span> <span class='ocrx_word' id='word_1_953' title='bbox 2313 5280 2332 5328; x_wconf 90' lang='lat'><strong><em>;</em></strong></span> <span class='ocrx_word' id='word_1_954' title='bbox 2359 5263 2446 5317; x_wconf 75' lang='grc'><strong>45.</strong></span> <span class='ocrx_word' id='word_1_955' title='bbox 2473 5273 2518 5315; x_wconf 80' lang='lat' dir='ltr'><strong>et</strong></span> <span class='ocrx_word' id='word_1_956' title='bbox 2539 5262 2725 5314; x_wconf 88' lang='lat' dir='ltr'><strong>ditatus</strong></span> <span class='ocrx_word' id='word_1_957' title='bbox 2750 5269 2820 5314; x_wconf 84' lang='lat' dir='ltr'><strong>est</strong></span> <span class='ocrx_word' id='word_1_958' title='bbox 2846 5261 2993 5313; x_wconf 84' lang='lat' dir='ltr'><strong>homo</strong></span> <span class='ocrx_word' id='word_1_959' title='bbox 3013 5259 3159 5313; x_wconf 81' lang='lat' dir='ltr'><strong>valde</strong></span> <span class='ocrx_word' id='word_1_960' title='bbox 3185 5257 3350 5311; x_wconf 86' lang='lat' dir='ltr'><strong>valde.</strong></span> <span class='ocrx_word' id='word_1_961' title='bbox 3378 5256 3516 5326; x_wconf 86' lang='lat' dir='ltr'><strong>Quid</strong></span> <span class='ocrx_word' id='word_1_962' title='bbox 3546 5257 3657 5312; x_wconf 89' lang='lat' dir='ltr'><strong>vult</strong></span> <span class='ocrx_word' id='word_1_963' title='bbox 3679 5255 3778 5311; x_wconf 88' lang='lat' dir='ltr'><strong>sibi</strong></span> 
     </span>
    </p>
   </div>
   <div class='ocr_carea' id='block_1_116' title="bbox 2203 5347 3772 5422">
    <p class='ocr_par' dir='ltr' id='par_1_116' title="bbox 2203 5347 3772 5422">
     <span class='ocr_line' id='line_1_116' title="bbox 2203 5347 3772 5422; baseline -0.003 -14"><span class='ocrx_word' id='word_1_964' title='bbox 2203 5355 2292 5408; x_wconf 89' lang='lat' dir='ltr'><strong>illa</strong></span> <span class='ocrx_word' id='word_1_965' title='bbox 2348 5351 3052 5422; x_wconf 87' lang='lat' dir='ltr'><strong>repetitio?Almndantiam</strong></span> <span class='ocrx_word' id='word_1_966' title='bbox 3115 5347 3336 5404; x_wconf 87' lang='lat' dir='ltr'><strong>multam</strong></span> <span class='ocrx_word' id='word_1_967' title='bbox 3393 5347 3696 5418; x_wconf 81' lang='lat' dir='ltr'><strong>signiﬁcat:</strong></span> <span class='ocrx_word' id='word_1_968' title='bbox 3726 5358 3772 5404; x_wconf 87' lang='lat' dir='ltr'><strong>et</strong></span> 
     </span>
    </p>
   </div>
   <div class='ocr_carea' id='block_1_117' title="bbox 2203 5439 3778 5508">
    <p class='ocr_par' dir='ltr' id='par_1_117' title="bbox 2203 5439 3778 5508">
     <span class='ocr_line' id='line_1_117' title="bbox 2203 5439 3778 5508; baseline -0.003 -8"><span class='ocrx_word' id='word_1_969' title='bbox 2203 5459 2324 5500; x_wconf 90' lang='lat' dir='ltr'><strong>eum</strong></span> <span class='ocrx_word' id='word_1_970' title='bbox 2367 5460 2472 5498; x_wconf 90' lang='lat' dir='ltr'><strong>non</strong></span> <span class='ocrx_word' id='word_1_971' title='bbox 2505 5443 2664 5498; x_wconf 88' lang='lat' dir='ltr'><strong>modo</strong></span> <span class='ocrx_word' id='word_1_972' title='bbox 2710 5443 2955 5508; x_wconf 89' lang='lat' dir='ltr'><strong>ditatum,</strong></span> <span class='ocrx_word' id='word_1_973' title='bbox 2983 5441 3076 5496; x_wconf 91' lang='lat' dir='ltr'><strong>sed</strong></span> <span class='ocrx_word' id='word_1_974' title='bbox 3125 5449 3177 5496; x_wconf 90' lang='lat' dir='ltr'><strong>et</strong></span> <span class='ocrx_word' id='word_1_975' title='bbox 3227 5439 3511 5496; x_wconf 88' lang='lat' dir='ltr'><strong>admodum</strong></span> <span class='ocrx_word' id='word_1_976' title='bbox 3555 5441 3778 5495; x_wconf 88' lang='lat' dir='ltr'><strong>ditatum</strong></span> 
     </span>
    </p>
   </div>
   <div class='ocr_carea' id='block_1_118' title="bbox 2201 5528 3780 5601">
    <p class='ocr_par' dir='ltr' id='par_1_118' title="bbox 2201 5528 3780 5601">
     <span class='ocr_line' id='line_1_118' title="bbox 2201 5528 3780 5601; baseline -0.003 -12"><span class='ocrx_word' id='word_1_977' title='bbox 2201 5535 2388 5590; x_wconf 83' lang='lat' dir='ltr'><strong>fuisse.</strong></span> <span class='ocrx_word' id='word_1_978' title='bbox 2421 5533 2651 5587; x_wconf 82' lang='lat' dir='ltr'><strong>Fuerunt</strong></span> <span class='ocrx_word' id='word_1_979' title='bbox 2679 5533 2820 5587; x_wconf 89' lang='lat' dir='ltr'><strong>enim</strong></span> <span class='ocrx_word' id='word_1_980' title='bbox 2845 5533 2920 5598; x_wconf 85' lang='lat' dir='ltr'><strong>ci,</strong></span> <span class='ocrx_word' id='word_1_981' title='bbox 2951 5531 3138 5600; x_wconf 89' lang='lat' dir='ltr'><strong>inquit,</strong></span> <span class='ocrx_word' id='word_1_982' title='bbox 3171 5547 3352 5601; x_wconf 86' lang='lat' dir='ltr'><strong>pecora</strong></span> <span class='ocrx_word' id='word_1_983' title='bbox 3381 5528 3541 5583; x_wconf 84' lang='lat' dir='ltr'><strong>multa</strong></span> <span class='ocrx_word' id='word_1_984' title='bbox 3569 5539 3616 5584; x_wconf 89' lang='lat' dir='ltr'><strong>et</strong></span> <span class='ocrx_word' id='word_1_985' title='bbox 3637 5531 3780 5584; x_wconf 78' lang='lat' dir='ltr'><strong>boves</strong></span> 
     </span>
    </p>
   </div>
   <div class='ocr_carea' id='block_1_119' title="bbox 2203 5619 3776 5689">
    <p class='ocr_par' dir='ltr' id='par_1_119' title="bbox 2203 5619 3776 5689">
     <span class='ocr_line' id='line_1_119' title="bbox 2203 5619 3776 5689; baseline -0.004 -9"><span class='ocrx_word' id='word_1_986' title='bbox 2203 5639 2248 5680; x_wconf 90' lang='lat' dir='ltr'><strong>ct</strong></span> <span class='ocrx_word' id='word_1_987' title='bbox 2273 5627 2400 5684; x_wconf 80' lang='lat' dir='ltr'><strong>servi</strong></span> <span class='ocrx_word' id='word_1_988' title='bbox 2423 5635 2472 5680; x_wconf 87' lang='lat' dir='ltr'><strong>et</strong></span> <span class='ocrx_word' id='word_1_989' title='bbox 2497 5625 2716 5678; x_wconf 67' lang='lat' dir='ltr'><strong>ancilla.</strong></span> <span class='ocrx_word' id='word_1_990' title='bbox 2744 5623 2848 5679; x_wconf 88' lang='lat' dir='ltr'><strong>Sed</strong></span> <span class='ocrx_word' id='word_1_991' title='bbox 2885 5622 3004 5678; x_wconf 89' lang='lat' dir='ltr'><strong>vide</strong></span> <span class='ocrx_word' id='word_1_992' title='bbox 3031 5623 3116 5676; x_wconf 86' lang='lat' dir='ltr'><strong>hic</strong></span> <span class='ocrx_word' id='word_1_993' title='bbox 3143 5623 3330 5676; x_wconf 89' lang='lat' dir='ltr'><strong>iterum</strong></span> <span class='ocrx_word' id='word_1_994' title='bbox 3353 5620 3497 5689; x_wconf 88' lang='lat' dir='ltr'><strong>justo</strong></span> <span class='ocrx_word' id='word_1_995' title='bbox 3526 5619 3776 5674; x_wconf 87' lang='lat' dir='ltr'><strong>invidiam</strong></span> 
     </span>
    </p>
   </div>
   <div class='ocr_carea' id='block_1_120' title="bbox 2209 5710 3778 5784">
    <p class='ocr_par' dir='ltr' id='par_1_120' title="bbox 2209 5710 3778 5784">
     <span class='ocr_line' id='line_1_120' title="bbox 2209 5710 3778 5784; baseline -0.004 -10"><span class='ocrx_word' id='word_1_996' title='bbox 2209 5717 2374 5774; x_wconf 86' lang='lat' dir='ltr'><strong>nasci.</strong></span> <span class='ocrx_word' id='word_1_997' title='bbox 2408 5719 2458 5771; x_wconf 76' lang='grc' dir='ltr'><strong>Ι.</strong></span> <span class='ocrx_word' id='word_1_998' title='bbox 2491 5717 2690 5769; x_wconf 68' lang='lat' dir='ltr'><strong>Audiuit</strong></span> <span class='ocrx_word' id='word_1_999' title='bbox 2729 5729 2872 5770; x_wconf 81' lang='lat' dir='ltr'><strong>enim</strong></span> <span class='ocrx_word' id='word_1_1000' title='bbox 2892 5750 2909 5780; x_wconf 83' lang='lat'><strong>,</strong></span> <span class='ocrx_word' id='word_1_1001' title='bbox 2939 5713 3138 5784; x_wconf 84' lang='lat' dir='ltr'><strong>inquit,</strong></span> <span class='ocrx_word' id='word_1_1002' title='bbox 3167 5713 3312 5766; x_wconf 79' lang='lat' dir='ltr'><strong>verba</strong></span> <span class='ocrx_word' id='word_1_1003' title='bbox 3336 5711 3559 5781; x_wconf 76' lang='lat' dir='ltr'><strong>ﬁliorum</strong></span> <span class='ocrx_word' id='word_1_1004' title='bbox 3605 5710 3778 5767; x_wconf 82' lang='lat' dir='ltr'><strong>Labatt</strong></span> 
     </span>
    </p>
   </div>
  </div>
