4168 6264
575 483 765 538 τεῦθεν
795 483 1106 552 τικτόμενον
1133 481 1208 551 τῷ
1238 482 1449 552 δικαίῳ.
1491 483 1759 535 Ἤκουσε
1789 479 1898 548 γὰρ
1932 479 2002 532 τὰ
2035 477 2146 545 ῥή-

573 584 727 634 ματα
760 564 875 618 τῶν
905 564 1051 618 υἱῶν
1083 563 1284 617 Λάϐαν
1306 565 1628 633 λεγόντων
1653 565 1920 631 Εῖληςςεν
1949 561 2159 614 Ἰακὼϐ

577 649 774 704 πάντα
819 648 890 702 τὰ
935 647 1042 700 τοῦ
1076 647 1300 714 πατρὸς
1337 645 1546 715 ἡμῶν,
1600 646 1698 699 καὶ
1751 647 1819 698 ἐκ
1878 641 1996 696 τῶν
2050 645 2154 695 τοῦ

577 734 800 800 ,πατρὸς
824 731 990 799 ἡμῶν
1009 730 1298 796 πεποίηκε
1329 729 1538 784 πᾶσαν
1562 729 1678 796 τὴν
1701 728 1890 792 δόξαν
1907 726 2152 792 ταύτην.

582 816 720 882 ’Ὀρα
769 813 884 875 πῶς
916 815 948 882 ἡ
984 811 1249 881 βασκανία
1280 813 1361 876 εἰς
1402 810 1796 882 ἀγνωμοσύνην
1830 809 2025 874 αὐτοὺς
2071 810 2156 860 ὲνο

580 900 774 966 ήγαγε,
817 897 909 948 καὶ
944 895 1042 947 οὐκ
1072 897 1271 958 αὐτοὺς
1301 895 1482 965 μόνον,
1529 893 1665 948 ἀλλά
1696 894 1788 947 καὶ
1811 891 1958 963 [551]
1995 891 2156 944 αὑτὸν

579 980 668 1030 τὸν
691 977 896 1031 Λάϐαν.
927 977 1062 1030 Είδε
1087 979 1216 1048 γὰρ,
1251 979 1437 1047 φησὶν,
1487 977 1699 1031 Ἰακὼϐ
1734 975 1800 1028 τὸ
1833 975 2158 1042 πρόσοκιον

579 1059 799 1122 Λάϐαν,
832 1060 928 1113 καὶ
963 1059 1088 1113 ίδοὺ
1115 1063 1226 1113 οὐκ
1255 1057 1332 1130 ἦν
1363 1061 1513 1127 πρὸς
1535 1061 1742 1118 αὐτόν,
1769 1059 1848 1122 ὠς
1885 1057 2028 1125 χθὲς
2057 1055 2158 1109 καί

580 1145 787 1211 τρίτην
815 1144 1062 1211 ἡμέραν.
1094 1143 1175 1196 Ta:
1203 1142 1312 1214 γὰρ
1343 1145 1562 1214 ῥήματα
1602 1141 1708 1195 τῶν
1741 1141 1943 1194 παίδων
1973 1139 2156 1192 διεσά-

582 1225 768 1278 λευσεν
795 1226 958 1279 αὑτοῦ
977 1227 1072 1296 τὴν
1093 1225 1350 1284 διάνοιαν,
1371 1227 1464 1278 καὶ
1487 1225 1835 1277 ἐπιλαθέσθαι
1861 1223 2157 1293 πεποίηκεν

579 1299 654 1356 ὧν
681 1303 874 1374 πρώην
899 1304 1276 1374 διαλεγόμενος
1302 1303 1379 1374 τῷ
1410 1303 1602 1356 Ἰακὼϐ
1624 1303 1940 1372 ἐφθέγξατο,
1965 1301 2154 1366 εἰπὼν,

581 1387 900 1456 Εὺλόγησέ
915 1405 992 1455 με
1011 1391 1042 1440 ό
1073 1387 1214 1452 Θεὸς
1240 1387 1338 1439 ἐπὶ
1367 1385 1441 1454 τῇ
1467 1385 1552 1454 σῇ
1576 1385 1808 1453 εἰσόδῳο
1839 1385 1933 1438 καὶ
1957 1385 1985 1438 ὁ
2005 1385 2160 1455 εὐχα-

585 1469 848 1540 ριστήσας
873 1469 950 1540 τῷ
977 1470 1221 1540 Δεσπότῃ
1241 1511 1254 1532 ,
1297 1471 1376 1521 ὅτι
1409 1469 1496 1521 διὰ
1523 1472 1621 1541 τὴν
1652 1467 1748 1521 τοῦ
1783 1467 1990 1520 δικαίου
2018 1483 2158 1538 παρ-

585 1551 772 1604 ουσίαν
819 1552 1112 1620 αὐξηθῆναι
1163 1554 1325 1605 αὑτοῦ
1362 1553 1458 1622 τὴν
1505 1551 1821 1623 περιουσίαν
1865 1551 2155 1622 πεποίηκε,

586 1635 682 1686 νῦν
709 1637 1086 1706 παρατραπεὶς
1116 1635 1214 1704 τὴν
1239 1636 1477 1689 διάνοιαν
1509 1637 1614 1688 ὑπὸ
1645 1635 1754 1688 τῶν
1791 1635 2020 1697 παίδων,
2065 1635 2160 1688 καὶ

588 1719 668 1779 είς
699 1717 998 1785 βασκανίαν
1017 1717 1286 1785 ἐξαρθεὶς,
1334 1718 1462 1781 ἴσως
1495 1719 1678 1788 ἐπειδὴ
1712 1719 1856 1787 ἐώρα
1898 1718 1955 1769 ὲν
1989 1718 2157 1789 πολλῇ

587 1800 875 1870 περιουσίᾳ
900 1799 990 1850 τὸν
1023 1799 1228 1851 δίκαιον
1275 1801 1632 1868 τυγχάνοντα,
1661 1802 1758 1870 οὐχ
1783 1801 1982 1870 ὁμοίως
2011 1801 2160 1870 αὐτῷ

588 1882 992 1951 προσφέρεσθαι
1018 1882 1284 1934 ἐϐούλετο.
1315 1880 1450 1936 Εἷδε
1472 1883 1600 1954 γὰρ,
1635 1885 1817 1954 φησὶν,
1862 1884 2160 1944 Ἰακὼϐ,τὸ

587 1966 914 2031 πρόσωπον
937 1965 1154 2030 Λάϐαν,
1179 1966 1276 2018 καὶ
1309 1966 1434 2020 ἰδοὺ
1461 1970 1571 2020 οὐκ
1594 1963 1672 2036 ἦν
1708 1967 1858 2034 πρὸς
1881 1967 2068 2020 αὐτόν
2081 1968 2162 2032 ὡς

587 2046 730 2115 χθὲς
759 2047 856 2098 καὶ
893 2046 1099 2114 τρίτην
1125 2047 1368 2116 ἡμέραν.
1397 2045 1550 2112 Εἶδες
1583 2049 1673 2102 τοῦ
1706 2049 1802 2119 μὲν
1823 2049 2032 2103 δικαίου
2063 2049 2162 2119 τὴν

587 2128 787 2198 πολλὴν
809 2129 1128 2194 ἐπιείκειαν,
1162 2132 1385 2184 ἐκείνων
1413 2131 1466 2184 δὲ
1489 2134 1586 2202 τὴν
1620 2121 2048 2202 ἀγνωμοσύνην(
2069 2133 2162 2185 καὶ

587 2210 733 2274 ὅπως
769 2211 828 2262 οὐ
865 2211 1122 2282 φέροντες
1159 2214 1410 2284 κατέχειν
1443 2215 1540 2284 τὴν
1576 2215 1896 2284 βασκανίαν,
1945 2217 2038 2268 καὶ
2067 2213 2162 2268 τοῦ

587 2294 794 2364 πατρὸς
826 2295 924 2365 τὴν
971 2295 1194 2366 γνώμην
1234 2297 1620 2362 διεσάλευσαν;
1661 2300 1802 2369 Ὅρα
1851 2299 2036 2352 λοιπὸν
2067 2297 2161 2353 τοῦ

586 2379 723 2430 Θεοῦ
760 2379 853 2448 τὴν
887 2381 1088 2448 ἄφατον
1117 2381 1460 2451 κηδεμονίαν,
1501 2384 1596 2435 καὶ
1627 2384 1726 2453 ὅσῃ
1755 2383 2163 2452 συγκατασάσει

589 2461 875 2531 κέχρηται.
928 2461 1145 2514 ἐπειδὰν
1191 2463 1274 2534 ἴδῃ
1305 2463 1372 2516 τά
1401 2465 1528 2535 παρ’
1561 2465 1768 2518 ἑαυτῶν
1815 2466 2165 2536 εἰσφέροντας

590 2543 756 2612 ἡμᾶς.
810 2543 984 2615 ὐρῶν
1027 2545 1136 2616 γάρ
1186 2547 1270 2599 τὸν
1306 2547 1510 2600 δίκαιον
1543 2548 1633 2602 ὑπ’
1659 2547 1838 2601 αὐτῶν
1881 2548 2166 2618 βασκαινό-

590 2621 774 2696 ’μενον,
811 2628 942 2696 φησι
981 2628 1115 2697 πρὸς
1141 2627 1230 2682 τὸν
1269 2629 1482 2682 Ἰακώϐ·
1513 2631 1914 2699 Ἆποστρέφου
1944 2635 2032 2697 είς
2053 2631 2166 2699 τὴν

592 2708 711 2776 γῆν
739 2709 845 2762 τοῦ
871 2714 1094 2778 πατρός
1119 2725 1256 2774 σου,
1287 2714 1382 2765 καὶ
1412 2717 1500 2780 εἰς
1527 2714 1640 2782 τὴν
1663 2714 1878 2784 γενεάν
1897 2729 2044 2780 σου,
2066 2715 2164 2768 καὶ

592 2790 807 2857 ἔσομαι
831 2792 980 2860 μετὰ
1010 2793 1148 2847 σοῦ.
1194 2794 1550 2866 Ἀρκέσθητι,
1599 2799 1765 2868 φησὶ,
1815 2801 1881 2868 τῇ
1927 2797 2020 2849 ἐπὶ
2067 2797 2168 2866 τῆς

595 2873 752 2943 ξένης
781 2874 1044 2946 διαγωγῇ.
1073 2877 1250 2949 Ἅπερ
1279 2878 1595 2952 ὑπεσχόμην
1627 2897 1708 2934 σοι
1741 2880 1932 2952 πρώην
1957 2881 2129 2948 λέγων
2149 2921 2165 2946 ,

609 2957 982 3025 Ἀποστρέψω
1019 2973 1092 3012 σε
1123 2963 1209 3026 εἰς
1251 2961 1366 3030 τὴν
1409 2960 1524 3032 γῆν
1567 2978 1706 3027 σοιν,
1753 2963 1924 3018 ταῦτα
1959 2963 2052 3016 νῦν
2089 2965 2168 3026 εἰς

595 3039 756 3108 ἔργον
793 3043 1020 3110 ἀγαγεῖν
1058 3043 1334 3113 βούλομαι.
1387 3046 1629 3100 Ἐπάνιθι
1658 3048 1838 3099 τοίνυν
1884 3047 2049 3118 μηδὲν
2081 3046 2167 3098 δε-

593 3121 818 3186 δοικώς·
867 3125 1012 3192 Ἐγὼ
1043 3125 1150 3197 γὰρ
1192 3129 1404 3196 ἔσομαι
1433 3131 1580 3198 μετὰ
1609 3129 1746 3183 σοῦ.
1780 3131 1893 3183 Ἵνα
1941 3129 2047 3202 γὰρ
2095 3129 2171 3201 μὴ

595 3207 952 3278 ὀκνηρότερος
985 3210 1207 3279 γένηται
1237 3215 1264 3263 ὁ
1291 3213 1493 3276 δίκαιος
1527 3218 1654 3285 περὶ
1698 3215 1796 3285 τὴν
1839 3214 2170 3285 ἀποδημίαν,

597 3288 732 3341 ἀλλά
790 3291 925 3360 μετά
957 3291 1048 3344 τοῦ
1079 3291 1297 3363 θαρρεῖν
1335 3295 1538 3365 ἅψηται
1585 3297 1684 3366 τῆς
1738 3298 2036 3364 ἐπανόδου,
2085 3297 2173 3352 διά

594 3373 754 3458 τοῦτό
786 3390 969 3458 φησινξ
1015 3375 1162 3444 Ἐγὼ
1194 3377 1404 3446 ἔσομαι
1445 3379 1610 3458 μετὰΔ
1634 3381 1770 3433 σοῦ·
1803 3383 1831 3432 ό
1869 3380 2031 3452 μέχρι
2081 3381 2173 3434 τοῦ

598 3456 866 3525 παρόντος
909 3457 978 3510 τά
1026 3459 1167 3511 κατὰ
1212 3461 1270 3512 σὲ
1301 3456 1694 3532 οἰκονομήσας,
1735 3465 1830 3516 καὶ
1875 3464 2174 3534 αὑξηθῆναί

601 3557 697 3592 σου
736 3543 796 3594 τὸ
835 3543 1053 3613 σπέρμα
1084 3546 1334 3616 ποιήσας,
1373 3544 1482 3614 ἐγὼ
1511 3548 1604 3600 καὶ
1631 3549 1710 3610 εἰς
1739 3549 1800 3600 τὸ
1833 3549 1960 3619 ἑξῆς
1992 3551 2175 3603 Ἔσο-

599 3641 704 3694 μαι
726 3626 875 3692 μετὰ
903 3627 1038 3680 σοῦ.
1073 3627 1255 3681 Ταῦτα
1285 3629 1526 3694 ἀκούσας
1567 3634 1596 3684 ὁ
1637 3631 1843 3696 δίκαιος
1889 3633 2040 3704 παρὰ
2082 3634 2176 3688 τοῦ

602 3709 756 3772 Θεοῦ,
787 3709 884 3760 οὑκ
910 3709 1200 3781 ἠμέλλησε,
1230 3711 1343 3764 ἀλλ’
1367 3712 1464 3784 ἤδη
1498 3713 1634 3784 πρὸς
1661 3713 1818 3766 τοῦτο
1841 3717 2180 3785 παρεσκευά-

603 3792 743 3855 ζετο.
784 3793 1174 3860 Ἀποστείλας
1207 3797 1334 3867 γὰρ,
1393 3798 1579 3868 φησὶν,
1629 3799 1887 3852 ἐκάλεσε
1951 3801 2179 3870 Ῥαχὴλ

607 3875 706 3929 καὶ
737 3877 916 3930 Λείαν
933 3879 1018 3944 εἰς
1035 3877 1097 3930 τὸ
1121 3879 1348 3943 πεδίον,
1367 3876 1438 3936 οὗ
1457 3881 1528 3935 τὰ
1547 3881 1792 3950 ποίμνια
1811 3883 2178 3953 ἐποίμαινεν,

604 3959 705 4012 καὶ
731 3955 900 4014 εἶπεν
927 3961 1155 4028 αὐταῖς.
1203 3964 1488 4034 Προθεῖναι
1526 3964 1776 4034 βούλεται
1810 3970 1930 4027 ταῖς
1967 3965 2182 4035 γυναιξὶ

609 4042 708 4113 τὴν
736 4045 863 4112 περὶ
904 4045 1003 4115 τῆς
1034 4047 1342 4116 ἀποδημίας
1365 4048 1668 4116 διάσκεψιν,
1701 4051 1795 4103 καὶ
1829 4052 2092 4121 γνωρίσαι
2123 4051 2184 4104 τό

605 4141 664 4178 τε
692 4127 784 4177 τοῦ
817 4127 950 4179 Θεοῦ
977 4128 1328 4199 πρόσταγμα,
1350 4132 1448 4199 τήν
1473 4147 1533 4182 τε
1567 4131 1662 4183 τοῦ
1698 4133 1902 4202 πατρὸς
1927 4135 2055 4201 περὶ
2084 4135 2182 4187 αύ-

609 4209 696 4262 τὸν
727 4209 1040 4278 βασκανίαν.
1065 4210 1210 4266 Εἵπε
1235 4215 1344 4284 γὰρ
1363 4254 1378 4277 ,
1407 4216 1570 4285 φησὶν
1589 4258 1603 4282 ,
1647 4215 1873 4282 αὑταῖς·
1915 4217 2052 4285 ’0ρῶ
2070 4218 2184 4288 ἐγὼ

613 4291 674 4343 τὸ
699 4294 1024 4359 πρόσωπον
1049 4295 1154 4348 τοῦ
1171 4297 1392 4364 πατρὸς
1417 4297 1604 4365 ὑμῶν,
1631 4297 1718 4352 ὅτι
1742 4301 1852 4352 οὐκ
1885 4299 2014 4352 ἐστι
2037 4304 2185 4368 πρός

604 4389 682 4445 με
713 4374 792 4440 ώς
845 4375 988 4444 χθὲς
1025 4378 1120 4430 καὶ
1159 4379 1365 4446 τρίτην
1393 4379 1640 4448 ἡμέραν.
1679 4381 1732 4432 '0
1787 4380 1856 4432 δὲ
1896 4381 2040 4446 Θεὸς
2076 4384 2184 4436 τοῦ

607 4459 832 4526 πατρός
855 4477 974 4527 μου
1007 4456 1087 4530 ἦν
1103 4463 1229 4530 μετ’
1266 4462 1430 4530 ἐμοῦ.
1463 4465 1644 4517 Αὺταὶ
1677 4463 1745 4518 δὲ
1769 4465 1967 4519 οἴδατε
1996 4467 2084 4519 ὅτι
2117 4469 2186 4520 ἐν

607 4541 777 4610 πάσῃ
817 4542 888 4611 τῇ
932 4545 1104 4613 ἰσχύϊ
1135 4561 1254 4613 μου
1284 4544 1652 4601 δεδούλευκα
1685 4547 1765 4613 τῷ
1795 4550 1966 4616 πατρί
1997 4548 2184 4617 ὑμῶν.

620 4626 675 4677 '0
713 4625 780 4678 δὲ
811 4627 1006 4694 πατὴρ
1029 4625 1195 4697 ὑμῶν
1219 4629 1670 4696 παρεχρούσατό
1685 4647 1784 4698 με,
1825 4632 1923 4684 καὶ
1953 4632 2187 4699 ἤλλαξε

607 4712 718 4766 τόν
741 4715 964 4782 μισθόν
1005 4733 1122 4784 μου
1169 4715 1292 4768 τῶν
1309 4716 1455 4770 δέκα
1471 4716 1694 4784 ἀμνών,
1715 4719 1814 4771 καὶ
1830 4721 1941 4772 οὐκ
1964 4720 2188 4774 ἔδωκεν

608 4795 768 4862 αι’-τῷ
802 4801 834 4852 ό
881 4799 1025 4864 Θεὸς
1075 4798 1478 4867 κακοποιῆσαι
1525 4816 1620 4868 με.
1675 4801 1808 4854 Ἐὰν
1846 4805 1958 4870 γὰρ
2001 4803 2188 4869 οὕτως

608 4881 770 4947 εἴπῃ·
807 4879 886 4934 Τὰ
920 4883 1166 4935 ποικίλα
1210 4882 1383 4935 ἔσται
1419 4895 1518 4936 σοι
1547 4885 1789 4952 μισθός·
1827 4887 1922 4938 καὶ
1959 4886 2186 4951 τέξεται

611 4965 806 5014 πάντα
856 4969 928 5016 τὰ
957 4967 1220 5031 πρόϐατα
1267 4969 1535 5020 ποικίλα.
1595 4966 1731 5018 Ἐὰν
1778 4967 1846 5020 δὲ
1894 4969 2070 5036 εἴπη-
2099 4971 2188 5040 ,Τὰ

611 5046 804 5098 λευκὰ
837 5045 1008 5098 ἔσται
1051 5062 1148 5099 σοι
1190 5051 1427 5116 μισθός·
1471 5047 1571 5102 καὶ
1617 5049 1846 5114 τέξεται
1887 5049 2082 5104 πάντα
2119 5054 2190 5106 τὰ

613 5127 878 5194 πρόϐατα
909 5129 1120 5181 λευκά·
1159 5132 1256 5183 καὶ
1297 5133 1574 5200 ἀφείλετο
1616 5135 1648 5186 ό
1698 5133 1840 5200 Θεὸς
1878 5133 2072 5188 πάντα
2117 5137 2190 5190 τὰ

615 5211 804 5276 κτήνη
835 5209 940 5263 τοῦ
979 5213 1196 5278 πατρὸς
1234 5213 1418 5282 ὑμῶν,
1453 5215 1548 5268 καί
1571 5215 1754 5268 ἔδωκέ
1778 5235 1878 5286 μοι
1909 5217 2079 5274 αὐτά.

685 5329 902 5398 γ⁷.”ορα
925 5329 1040 5392 πῶς
1068 5331 1352 5402 ἀμφότερα
1378 5335 1546 5397 αὑτὰς
1564 5336 1823 5398 διδάσκει,
1847 5338 1942 5390 καὶ
1967 5339 2060 5392 τοῦ
2085 5357 2188 5394 πα-

613 5411 741 5479 τρδς
757 5409 856 5480 τὴν
881 5413 1272 5484 ἀγνωμοσύνην
1293 5415 1390 5487 τὴν
1409 5433 1473 5470 πε
1484 5419 1536 5488 ρὶ
1555 5420 1737 5482 αὐτὸν,
1755 5421 1846 5474 καὶ
1871 5420 1968 5492 τὴν
1983 5424 2190 5478 οἰκείαν

613 5493 849 5560 εὔνοιαν,
883 5497 950 5567 ἣν
996 5500 1122 5570 περὶ
1161 5499 1260 5570 τὴν
1309 5500 1552 5556 δουλείαν
1599 5504 1928 5568 ἐπεδείξατο.
1981 5507 2190 5561 Οἴδατε

613 5577 746 5649 γὰρ,
777 5581 958 5650 φησιν,
990 5580 1077 5635 ὅτι
1103 5583 1172 5635 ἐν
1197 5583 1363 5652 πάσῃ
1395 5585 1468 5652 τῇ
1495 5589 1664 5654 ἰσχύι·
1675 5605 1792 5655 μου
1823 5587 2191 5644 δεδούλευκα

615 5660 695 5726 τῷ
722 5666 892 5732 πατρί
921 5664 1106 5734 ὑμῶν.
1139 5668 1249 5720 Καὶ
1287 5668 1382 5738 τὴν
1415 5683 1565 5738 παρα
1595 5671 1686 5722 τοῦ
1713 5671 1845 5724 Θεοῦ
1883 5674 2006 5744 περί
2031 5675 2192 5729 αὑτὸν

617 5745 817 5818 ἐναργῆ
869 5749 1194 5820 κηδεμονίαν
1253 5753 1550 5821 κατάδηλον
1599 5759 1760 5821 ποιεῖ,
1805 5757 2018 5820 δεικνὺς
2049 5759 2188 5831 ὅτιὴ

620 5829 822 5884 ἄνωθεν
1035 5835 1316 5904 συμμαχία
1340 5831 1406 5904 ἦν
1431 5837 1464 5906 ἡ
1485 5835 1544 5888 τὸ
1573 5839 1681 5889 πᾶν
1716 5837 2077 5910 ἐργαζομένη,
2097 5829 2191 5897 καί

621 5913 718 5985 τὴν
767 5917 1080 5983 περιουσίαν
1131 5917 1224 5970 τοῦ
1275 5919 1462 5972 Λάϐαν
1516 5921 1594 5980 εἰς
1647 5919 1806 5972 αὑτὸν
1855 5919 2185 5988 μεθιστῶσα.

1252 363 1610 424 SJOANNIS
1648 355 2142 418 CIIRYSOSTOMI‘
2171 353 2489 416 ARCIIIEP.
2529 357 3075 418 CONSTAN'I'INOP.

3733 363 3844 418 498

2271 480 2325 532 Ἀ
2337 481 2575 548 φείλετο
2591 479 2720 549 γὰρ,
2746 481 2932 550 φησὶν,
2956 481 2987 531 ό
3011 477 3155 542 Θεὸς
3171 477 3244 530 τὰ
3263 475 3454 543 κτήνη
3485 475 3593 530 τοῦ
3615 480 3846 546 πατρὸς

2261 562 2422 632 ὑμῶν
2444 603 2458 626 ,
2503 564 2599 616 καὶ
2643 562 2824 616 ἔδωκέ
2861 580 2961 629 μοι
3005 557 3178 614 αὐτὰ.
3241 560 3504 628 Ἐγένετο
3550 559 3620 612 δὲ
3653 561 3844 626 ἡνίκα

2258 645 2594 698 ἐνεκίσσων
2620 647 2692 698 τὰ
2713 645 2998 712 πρόϐατα,
3036 643 3134 696 καὶ
3167 639 3330 696 εἶδον
3357 641 3483 706 τοῖς
3504 643 3846 710 ὀφθαλμοῖς

2255 745 2373 794 μου
2396 727 2466 778 ἐν
2497 727 2577 791 τῷ
2613 727 2810 793 ὕπνῳ,
2841 727 2940 781 καὶ
2969 726 3099 780 ιδοὺ
3132 729 3187 779 οἱ
3223 725 3426 794 τράγοι
3459 725 3560 776 καὶ
3597 728 3650 777 οἱ
3681 726 3842 792 κριοὶ

2259 809 2686 876 ἀναϐαίνοντες
2703 807 2866 878 ἦσαν
2883 809 2982 862 ἐπὶ
3010 809 3082 863 τὰ
3108 809 3372 876 πρόϐατα
3397 807 3615 872 καὶτὰς
3639 807 3840 876 αϊτας,

2261 891 2566 946 διάλευκοι
2617 892 2716 946 καὶ
2765 892 3024 946 ποικίλοι
3070 891 3168 945 καὶ
3203 890 3576 955 σποδοειδεῖς
3601 891 3838 956 par-toi.

2259 974 2370 1028 Καὶ
2417 970 2548 1028 εἶπέ
2593 993 2693 1043 μοι
2727 978 2760 1027 ό
2789 975 3042 1043 ἅγγελος
3089 973 3194 1027 τοῦ
3228 973 3374 1027 Θεοῦ
3399 985 3423 1013 ι
3457 973 3586 1025 καθ’
3615 971 3840 1025 ὕπ’-ον’

2275 1056 2490 1110 Ἰακώϐ.
2531 1056 2672 1126 Ἐγὼ
2702 1055 2770 1108 δὲ
2799 1053 2991 1110 εἷπον·
3034 1055 3099 1110 Τί
3129 1057 3292 1119 ἐστι;
3317 1055 3424 1109 Καὶ
3450 1051 3637 1108 εἶπεν·
3686 1053 3844 1108 Ἀνά-

2265 1139 2495 1206 ϐλεψον
2511 1139 2633 1205 τοῖς
2649 1139 2977 1208 ὀφθαλμοῖς
2998 1155 3138 1200 σου,
3169 1137 3268 1192 καί
3299 1139 3387 1191 ἴδε
3414 1137 3557 1204 τοὺς
3583 1137 3842 1208 τράγους

2258 1221 2356 1274 καί
2383 1221 2526 1288 τοὺς
2553 1222 2758 1290 κριοὺς
2783 1223 3217 1286 ἀναϐαίνοντας
3237 1219 3335 1272 ἐπὶ
3357 1219 3428 1273 τὰ
3452 1223 3713 1290 πρόϐατα
3737 1221 3842 1274 καί

2261 1305 2370 1369 τὰς
2403 1300 2609 1374 αἶγας,
2644 1305 3033 1370 διαλεύκους,
3073 1303 3387 1368 ποικίλους
3429 1304 3526 1355 καὶ
3562 1302 3840 1356 σποδοει-

2260 1387 2386 1452 δεῖς
2412 1388 2690 1454 ραντούς.
2734 1387 2996 1455 Ἑώρακα
3022 1387 3130 1456 γὰρ
3163 1386 3280 1439 ὅσα
3307 1402 3405 1439 σοι
3432 1384 3634 1439 Λάϐαν
3663 1385 3840 1439 ποιεῖ.

2343 1470 2503 1540 Ὁρᾷς
2536 1471 2617 1523 ὅτι
2659 1471 2692 1540 ἡ
2735 1469 2940 1522 ἀνωθεν
2973 1469 3220 1539 ἐνέργεια
3251 1463 3318 1538 ῆν
3360 1469 3393 1538 ἡ
3430 1468 3490 1520 τὺ
3523 1469 3630 1522 πᾶν
3673 1470 3842 1539 ἐργα-

2261 1550 2493 1623 ζομένη,
2532 1553 2625 1606 καὶ⁵
2657 1553 2748 1604 τὸν
2777 1553 2984 1606 δίκαιον
3025 1553 3132 1605 τῶν
3165 1553 3427 1622 καμάτων
3465 1551 3841 1622 ἀμειϐομένης

2273 1633 2492 1705 Ἐπειδὴ
2518 1635 2626 1705 γὰρ
2657 1635 2864 1698 ἐκεῖνος
2887 1635 3158 1704 ἀγνώμων
3193 1636 3321 1706 περὶ
3353 1634 3515 1688 αὐτὸν
3547 1633 3775 1702 ἐγίνετο,
3809 1636 3841 1686 ό

2262 1717 2540 1786 φιλότιμος
2589 1717 2863 1788 Δεσπότης
2907 1718 3046 1788 μετά
3085 1717 3368 1786 δαψιλείας
3415 1715 3702 1786 ἀμείϐεται
3749 1716 3846 1769 τὸν

2261 1798 2484 1852 δίκαιον·
2511 1799 2766 1867 Ἑώρακα
2791 1800 2921 1871 γὰρ,
2940 1801 3123 1870 φησὶν,
3157 1799 3276 1853 ὅσα
3299 1817 3400 1854 σοι
3429 1799 3633 1854 Λάϐαν
3656 1799 3840 1853 ποιεῖ.

2274 1882 2552 1936 Ἐντεῦθεν
2582 1883 2946 1953 μανθάνομεν,
2987 1885 3066 1937 ὅτι
3096 1883 3314 1936 ὲπειδάν
3341 1882 3686 1954 ἀδικούμενοι
3709 1885 3842 1951 παρ’

2261 1965 2568 2020 οὑτινοσοῦν
2597 1965 2859 2029 ἐπιεικῶς
2881 1966 2975 2018 καὶ
3005 1967 3196 2038 πράως
3229 1965 3565 2035 ὲνέγκωμεν,
3597 1964 3847 2036 μείζονος

2263 2049 2355 2101 καὶ
2379 2048 2772 2120 δαψιλεστέῥας
2798 2049 3142 2120 ἀπολαύομεν
3162 2051 3259 2120 τῆς
3279 2049 3485 2104 ἄνωθεν
3501 2049 3844 2120 συμμαχίας.

2263 2133 2354 2202 Μὴ
2381 2133 2560 2186 τοίνυν
2585 2133 2975 2205 ἀντιτείνωμεν
3013 2134 3148 2205 πρὸς
3181 2135 3306 2197 τοὺς
3342 2133 3672 2202 ἐπηρεάζειν
3711 2131 3840 2202 βου-

2263 2217 2542 2286 λομένους,
2575 2217 2710 2270 ἀλλὰ
2741 2217 2996 2288 φέρωμεν
3025 2217 3286 2286 γενναίως
3307 2256 3322 2279 ,
3353 2217 3558 2280 εἰδότες
3587 2216 3662 2280 ὼς
3680 2217 3708 2268 ὁ
3731 2216 3850 2267 τῶν

2263 2301 2522 2355 ἁπάντων
2551 2301 2829 2372 Δεσπότης
2873 2301 2934 2354 οὑ
2969 2301 3286 2372 περιόψεται
3327 2302 3512 2372 ἡμᾶς,
3559 2301 3716 2371 μόνον
3743 2299 3847 2352 ἐὰν

2265 2387 2426 2455 ἡμεῖς
2450 2384 2547 2454 τὴν
2572 2383 2778 2437 οἰκείαν
2800 2384 3221 2456 εὐγνωμοσύνην
3247 2383 3662 2454 ὲπιδειξώμεθα.
3680 2381 3850 2451 Ἐμοὶ

2265 2468 2394 2538 γάρ,
2426 2468 2609 2538 φησὶν,
2646 2468 2990 2535 ἐκδίκησις·
3039 2469 3153 2537 ἐγὼ
3200 2467 3643 2532 ἀνταποδώσω,
3681 2465 3847 2534 λέγει

2266 2552 2501 2618 Κύριος.
2531 2553 2628 2604 Διά
2649 2549 2807 2604 τοῦτο
2839 2551 2932 2604 καὶ
2951 2553 2980 2604 ό
3020 2550 3212 2604 Ἰακὼϐ
3241 2551 3444 2619 ἔλεγεν·
3473 2553 3595 2604 Οὐκ
3623 2549 3850 2604 ἔδωκεν

2269 2633 2428 2699 αὐτῷ
2452 2637 2486 2687 ό
2515 2635 2660 2698 Θεὸς
2687 2634 3093 2703 κακοποιῆσαι
3118 2651 3213 2704 με.
3267 2633 3485 2705 Ἐπειδὴ
3526 2635 3636 2704 γὰρ
3682 2633 3848 2697 αὐτὸς

2267 2717 2676 2788 ἀποστερῆσαι,
2724 2718 2896 2788 φησὶ,
2959 2717 3026 2788 μὲ
3074 2717 3340 2789 ἐϐουλήθη
3401 2717 3508 2770 τῶν
3553 2717 3692 2786 ὑπὲρ
3735 2714 3849 2768 τῶν

2267 2803 2530 2874 καμάτων
2560 2800 2789 2870 μισθῶν,
2814 2803 2843 2854 ό
2863 2799 3141 2870 Δεσπότης
3165 2801 3303 2872 μετά
3329 2801 3601 2871 τοσαύτης
3627 2817 3850 2870 περιου-

2272 2887 2392 2949 σίας
2423 2883 2521 2954 τὴν
2547 2885 2626 2946 εἰς
2660 2885 2806 2955 ἡμᾶς
2837 2884 3166 2956 κηδεμονίαν
3197 2881 3530 2950 ἐπεδείξατο,
3563 2884 3638 2946 ὡς
3665 2885 3852 2936 πᾶσαν

2270 2969 2438 3023 αὑτοῦ
2463 2971 2562 3038 τὴν
2613 2969 2800 3022 οὐσίαν
2841 2967 3180 3038 μεταστῆσαι
3213 2967 3290 3029 είς
3323 2967 3494 3037 ἡμᾶς.
3553 2965 3662 3019 Καὶ
3691 2963 3852 3028 εἰδὼς

2271 3053 2348 3116 ὼς
2378 3051 2487 3121 ἐγὼ
2518 3052 2616 3122 μὲν
2662 3051 2779 3120 μετ’
2811 3050 3022 3114 εὐνοίας
3061 3050 3157 3121 τὴν
3188 3049 3431 3103 δουλείαν
3480 3049 3848 3120 ἐποιησάμην,

2272 3137 2478 3196 ἐκεῖνος
2500 3133 2556 3185 δὲ
2579 3133 2640 3185 οὑ
2673 3134 3058 3204 προσηκόντως
3094 3149 3184 3202 μοι
3231 3132 3578 3204 προσηνέχθη
3598 3173 3612 3194 ,
3655 3131 3852 3184 τοσαύ-

2272 3237 2372 3291 την
2393 3220 2684 3289 ἐποιήσατο
2709 3215 2865 3286 ἡμῶν
2886 3216 2986 3286 τὴν
3007 3217 3283 3286 πρόνοιαν.
3311 3217 3421 3269 Καὶ
3447 3216 3529 3269 ὅτι
3554 3215 3652 3284 οὐχ
3667 3213 3852 3268 ἁπλῶς

2275 3303 2444 3356 ταῦτα
2469 3301 2636 3369 λέγω,
2675 3300 2795 3354 οὐδὲ
2833 3301 2952 3370 εἰκῆ
2984 3300 3078 3353 καὶ
3113 3300 3289 3372 μάτην
3329 3301 3655 3370 κατηγορεῖν
3689 3296 3852 3350 αὑτοῦ

2279 3385 2619 3456 βουλόμενος,
2655 3384 2746 3436 καὶ
2798 3383 2890 3436 τὸν
2925 3383 3056 3436 Θεὸν
3105 3383 3215 3452 ἔχω
3265 3384 3518 3454 μάρτυρα
3561 3384 3672 3445 τοῖς
3703 3381 3855 3451 παρὰ

2276 3467 2370 3522 τοῦ
2409 3467 2614 3538 πατρὸς
2643 3466 2796 3536 ὑμῶν
2827 3469 2908 3528 είς
2936 3467 3036 3538 ἐμὲ
3067 3467 3400 3536 γενομένοις.
3431 3465 3696 3532 Ἑώρακα
3723 3463 3854 3534 γὰρ,

2279 3551 2462 3620 φησὶν,
2493 3550 2612 3603 ὅσα
2649 3564 2748 3603 σοι
2782 3549 2985 3602 Αὰϐαν
3019 3549 3194 3603 ποιεῖ·
3225 3550 3307 3602 ὅτι
3337 3550 3397 3602 οὐ
3431 3548 3526 3602 τοῦ
3563 3546 3754 3618 μισθοῦ
3795 3563 3854 3598 σε

2282 3635 2440 3706 μόνον
2467 3633 2858 3702 ἀπεστέρησεν,
2887 3631 3002 3686 ἀλλ’
3019 3633 3099 3686 ὅτι
3128 3634 3221 3686 καὶ
3251 3633 3348 3703 οὐχ
3371 3632 3574 3700 ὁμοίως
3601 3629 3694 3683 νῦν
3717 3629 3854 3700 πρὸς

2281 3717 2342 3770 σὲ
2363 3716 2648 3777 διάκειται,
2681 3715 2756 3778 ὡς
2779 3716 2874 3768 καὶ
2907 3715 3192 3785 πρότερον·
3233 3713 3370 3768 ἀλλὰ
3403 3713 3728 3784 διέφθαρται
3757 3711 3856 3780 τὴν

2279 3799 2523 3870 γνώμην.
2563 3799 2710 3867 Ἐγώ
2752 3801 2866 3867 εἶμι
2901 3801 2933 3851 ό
2963 3798 3108 3862 Θεός
3153 3813 3292 3860 σου,
3335 3800 3369 3851 ό
3398 3797 3602 3865 ὀφθείς
3652 3810 3752 3848 σοι
3787 3795 3856 3847 ἐν

2281 3883 2442 3944 τόπῳ
2493 3879 2666 3946 Θεοῦ,
2712 3877 2784 3936 οὗ
2831 3877 3092 3948 ἤλειψας
3123 3896 3226 3948 μοι
3271 3879 3400 3932 ἐκεῖ
3441 3877 3704 3944 στήλην.
3763 3877 3858 3938 Εἰς

2283 3963 2588 4034 ὑπόμνησιν
2639 3963 2798 4014 αὐτὸν
2857 3965 3084 4030 ἀγαγεῖν
3133 3961 3399 4031 βούλεται,
3448 3955 3523 4014 ὧν
3557 3959 3704 4028 αὐτῷ
3733 3959 3856 4011 τότε

2284 4047 2314 4098 ὑ
2325 4047 2569 4116 τιέσκετο,
2591 4045 2781 4106 εἰπὼν,
2797 4047 2901 4110 Είς
2917 4043 3151 4112 πλῆθός
3164 4061 3236 4096 σε
3251 4043 3588 4112 αὐξηθῆναι
3604 4041 3858 4108 ποιήσω,

2285 4130 2377 4181 καὶ
2400 4129 2480 4180 ὅτι
2516 4125 2868 4195 Διαφυλὰξω
2899 4142 2972 4179 σε
3007 4129 3092 4192 είς
3119 4125 3233 4194 τὴν
3269 4125 3386 4195 γῆν
3415 4143 3554 4180 σου.
3599 4124 3740 4193 Ἐγὼ
3767 4120 3861 4178 οὖν

2283 4213 2312 4264 ὁ
2334 4211 2455 4262 τότε
2483 4209 2668 4276 ὀφθείς
2695 4225 2776 4260 σοι
2803 4210 2893 4261 καὶ
2918 4209 3015 4272 τὰς
3045 4209 3364 4278 ὑποσχέσεις
3387 4211 3522 4280 πρὸς
3546 4209 3605 4261 σὲ
3631 4208 3857 4276 ποιησά-

2289 4309 2468 4362 μενος,
2489 4291 2597 4359 ὲγὼ
2618 4292 2711 4342 καὶ
2735 4291 2851 4354 νῦν,
2881 4291 3070 4362 ἐπειδὴ
3102 4291 3288 4361 καιρὸς
3311 4292 3456 4362 ἥκει,
3490 4291 3558 4344 τὰ
3586 4291 3704 4342 τότε
3731 4289 3862 4359 παρ’

2286 4374 2419 4444 ἐμοῦ
2451 4391 2531 4426 σοι
2557 4373 2957 4441 ὲπαγγελθέντα
2983 4376 3062 4437 εἰς
3085 4375 3243 4444 ἔργον
3263 4375 3400 4442 ἄγω,
3427 4375 3520 4426 καὶ
3545 4372 3864 4426 ἐπανελθεῖν

2288 4473 2346 4510 σε
2375 4456 2582 4508 κελεύω
2609 4458 2734 4510 ἄνευ
2777 4456 3033 4524 ἀγωνίας.
3080 4457 3242 4509 Μετὰ
3292 4457 3409 4509 σοῦ
3462 4457 3570 4524 γὰρ
3619 4455 3860 4522 ἔσομαι.

2300 4539 2444 4608 Ἐγώ
2470 4541 2585 4608 εἰμι
2624 4543 2656 4592 ό
2691 4539 2830 4603 Θεὸς
2863 4543 2893 4592 ό
2929 4540 3126 4607 ὀφθείς
3181 4553 3274 4593 σοι
3315 4539 3385 4592 ἐν
3435 4538 3515 4602 τῷ
3565 4539 3752 4603 τόπῳ,
3786 4531 3862 4592 οὗ

2286 4621 2548 4689 ἤλειψας
2597 4639 2698 4688 μοι
2759 4623 3034 4688 στήλην,
3097 4621 3196 4674 καὶ
3249 4621 3413 4687 ηὔξω
3483 4638 3582 4690 μοι
3646 4619 3862 4687 εὐχήν.

2299 4705 2734 4774 Ὑπομιμνήσκει
2771 4705 2931 4758 αὑτὸν
2953 4705 3050 4772 τῆς
3073 4705 3236 4773 εὐχῆς
3268 4706 3362 4757 καὶ
3383 4705 3478 4774 τῆς
3509 4703 3862 4772 ἐπαγγελίας,

2287 4785 2353 4862 ἦς
2373 4791 2685 4858 ἐποιήσατο.
2709 4789 2798 4850 Τίς
2825 4788 2878 4840 δὲ
2909 4783 2975 4858 ῆν
2993 4791 3024 4857 ἡ
3042 4788 3172 4856 εὐχή
3195 4805 3207 4852 ;
3230 4789 3351 4840 Ὅτι
3379 4784 3494 4840 τΩν
3511 4787 3700 4855 ἅνμοι
3719 4785 3862 4851 δῷς,

2288 4872 2720 4928 ἀποδεκατώσω
2759 4875 2911 4924 αὑτά
2952 4890 3070 4927 σοι.
3115 4872 3330 4940 Ἐπειδὴ
3384 4872 3491 4939 γὰρ
3525 4871 3647 4922 τότε
3695 4870 3866 4940 μηδὲν

2289 4957 2422 5019 ὅλως
2453 4959 2608 5024 ὲπιφε
2621 4959 2860 5026 ρόμενος,
2901 4955 3033 5007 ἀλλά
3052 4955 3300 5025 καθάπερ
3323 4954 3498 5022 φυγὰς
3526 4954 3624 5024 τὴν
3651 4953 3866 5006 ὁδοιπο-

2292 5041 2413 5110 ρίαν
2448 5038 2762 5108 ποιούμενος
2807 5037 2976 5090 ταῦτα
3013 5037 3236 5108 ηὐξατο,
3268 5037 3357 5089 διὰ
3395 5037 3552 5089 τοῦτό
3595 5052 3758 5106 φησιν
3791 5035 3818 5074 δ
3847 5052 3860 5064 ·

2301 5123 2492 5174 Ἠνίκα
2529 5139 2608 5174 σοι
2638 5121 2845 5192 ὤφθην,
2864 5120 3010 5190 ηὔξω
3213 5121 3399 5191 εὐχὴν,
3425 5120 3627 5187 λέγων.
3652 5111 3760 5171 Ὧν
3785 5119 3867 5172 ἄν

2287 5225 2384 5277 μοι
2399 5205 2536 5272 δῷς,
2559 5203 3263 5271 δεκιίτηνάποδεκατώσω
3289 5213 3447 5256 σοιο·
3469 5203 3556 5254 διὰ
3577 5203 3673 5273 τῆς
3697 5203 3866 5272 εὐχῆς

2291 5293 2383 5346 καὶ
2414 5294 2511 5361 τῆς
2547 5288 2879 5356 ἐπαγγελίας
2931 5287 3028 5358 τὴν
3076 5287 3303 5357 δύναμιν
3331 5287 3428 5358 τὴν
3461 5285 3598 5357 ὲμὴν
3643 5303 3863 5355 προμη-

2291 5375 2450 5438 νύων,
2485 5371 2578 5425 καὶ
2608 5375 2720 5433 τοῖς
2751 5369 2850 5438 τῆς
2881 5371 3115 5431 πίστεως
3160 5367 3457 5436 ὀφθαλμοῖς
3487 5367 3737 5438 προορῶν
3763 5367 3864 5438 τὴν

2295 5457 2589 5528 μέλλουσαν
2625 5453 2884 5524 εὐπορίαν
2909 5451 3126 5506 ἔσεσθαί
3156 5468 3256 5504 σοι·
3285 5451 3378 5503 νῦν
3415 5447 3506 5504 οὖν
3535 5451 3622 5504 ὅτε
3662 5452 3742 5512 εἰς
3767 5451 3864 5520 ἔρα

2291 5559 2385 5610 γον
2431 5541 2496 5593 τά
2542 5539 2670 5607 παρ’
2718 5537 2851 5606 ἐμοῦ
2895 5535 3154 5606 λεχθέντα
3205 5535 3286 5588 δεῖ
3312 5535 3505 5599 ἐλθεῖν,
3547 5535 3642 5588 καὶ
3673 5535 3866 5604 καιρὸς

2291 5628 2416 5695 ἥκει
2448 5623 2624 5676 καλῶν
2645 5621 2742 5690 τὴν
2764 5621 2928 5690 εὐχὴν
2947 5619 3044 5692 τὴν
3069 5617 3165 5688 σὴν
3185 5617 3557 5688 πληρωθῆναι.
3594 5613 3866 5670 Ἐπιίνιθι

2292 5710 2410 5764 νῦν
2435 5703 2562 5767 οὖν,
2594 5703 2779 5774 φησὶν,
2807 5702 3116 5768 ἀνάστηθι,
3149 5701 3246 5753 καί
3281 5699 3490 5764 ἔξελθε
3522 5700 3591 5752 ἐκ
3613 5697 3723 5768 τῆς
3749 5697 3868 5768 τῆς

2363 5814 2387 5844 ⁸
2413 5811 2545 5866 Haec.
2571 5808 2656 5858 τοῦ
2679 5807 2823 5865 Θεοῦ,
2847 5821 2876 5856 e
2899 5807 3045 5856 Coisl.
3069 5809 3122 5854 et
3145 5805 3269 5854 Bibl.
3295 5805 3484 5866 adjgcla
3507 5811 3638 5866 sum,
3663 5802 3800 5852 Enrr.

2362 5872 2390 5911 ι’
2417 5863 2546 5926 Haec;
2565 5871 2774 5919 ταῦτα...
2799 5863 2958 5929 φησίν,
2997 5869 3182 5929 omittit
3202 5863 3476 5929 Coisl.‘Ne_c
3496 5863 3658 5914 reddit
3677 5867 3858 5928 inlerp.

2363 5938 2386 5965 ε
2415 5935 2618 5990 Septem
2648 5946 2761 5980 mss.
2789 5927 2842 5979 tit
2868 5929 2991 5980 Bibl.
3019 5928 3374 5976 ἀποδεκατώσω
3397 5927 3517 5976 αὑτά
3541 5941 3638 5974 σοι.
