4168 6264
404 343 497 395 £97

396 455 701 507 dicentium:
735 450 932 519 Accepit
960 446 1118 499 Jacob
1146 445 1313 497 omnia
1330 456 1439 513 qua:
1455 449 1568 491 sunt
1596 435 1751 505 patris
1783 432 1961 491 uestri,

395 558 440 599 et
470 561 533 599 ea:
566 545 643 596 his
672 557 783 611 qua:
816 552 930 594 sunt
957 539 1114 609 p'atris
1142 536 1297 589 nostri
1328 535 1442 601 fecit
1472 547 1669 584 onmem
1694 530 1823 581 hanc
1850 526 1959 595 glo-

396 638 523 687 riam
566 632 728 702 (Cap.
754 628 865 701 51).
904 631 1034 683 Vide
1061 625 1327 697 quomodo
1356 622 1549 677 invidia
1580 620 1815 688 ingratos
1850 618 1966 669 illos

397 724 659 785 reddidit;
691 738 795 776 non
822 722 938 775 illos
956 728 1133 772 autem
1161 716 1331 769 solum
1353 755 1368 777 ,
1400 712 1491 767 sed
1520 720 1574 764 et
1595 712 1765 778 ipsum
1793 706 1965 760 Laba-

396 831 547 869 nunt.
583 813 717 867 Vidit
748 814 909 876 enim,
940 811 1128 879 inquit,
1156 807 1316 861 Jacob
1339 804 1517 875 faciem
1541 801 1713 853 Laban
1733 840 1747 863 ,
1782 806 1827 852 et
1860 812 1972 850 erce

397 923 499 957 non
529 914 633 959 erat
660 920 777 972 erga
806 919 858 957 se
882 901 1008 955 sicut
1040 899 1142 951 heri
1167 907 1215 949 et
1241 889 1798 949 nudiustertius.Verba
1828 886 1969 940 enim

402 996 627 1049 filiorum
651 994 786 1047 illius
815 1000 1043 1047 mentem
1073 989 1184 1058 ejus
1212 988 1565 1043 turbaverant,
1589 979 1971 1036 etoblivionem

403 1083 721 1137 induxerant
751 1096 934 1135 eorum
962 1095 1079 1149 quae
1119 1076 1322 1146 pridem
1350 1074 1530 1128 Lahan
1558 1072 1763 1125 dixerat
1792 1067 1855 1121 ad
1886 1067 1973 1121 Ja-

402 1174 504 1228 cob
531 1173 611 1226 his
640 1170 814 1225 verbis
842 1187 854 1221 :
886 1169 1145 1222 Benedixit
1170 1182 1248 1219 me
1278 1164 1412 1217 Deus
1437 1162 1503 1215 ad
1531 1162 1809 1228 ingressum
1834 1167 1975 1211 tuum

405 1264 556 1332 (Gen.
586 1263 673 1317 50.
702 1262 815 1330 27),
838 1270 892 1315 et
910 1261 1108 1330 gratias
1132 1265 1311 1326 egerat
1333 1254 1575 1317 Domino,
1598 1252 1737 1321 quod
1760 1258 1976 1318 propter

404 1355 687 1408 adventum
726 1352 855 1421 justi
892 1351 1165 1403 facultates
1204 1362 1312 1401 sua:
1350 1354 1516 1400 auctae
1556 1344 1799 1397 fuerant:
1837 1355 1977 1395 nunc

408 1452 609 1497 mutato
650 1457 741 1510 per
768 1442 992 1494 filiorum
1024 1440 1161 1492 dicta
1211 1439 1388 1490 animo
1418 1444 1473 1490 et
1500 1434 1693 1488 invidia
1724 1432 1969 1501 ﬂagrans,

410 1534 545 1588 forte
572 1533 690 1602 quia
715 1532 925 1585 videbat
950 1530 1148 1599 justum
1173 1529 1323 1582 valde
1351 1527 1619 1581 abundare
1639 1567 1652 1590 ,
1687 1540 1788 1578 non
1819 1525 1975 1577 talem

410 1639 469 1677 se
499 1625 570 1677 illi
598 1624 916 1685 exhibebat,
941 1622 1148 1690 qualem
1179 1630 1352 1674 antea.
1400 1618 1534 1672 Vidit
1563 1620 1702 1671 enim
1725 1658 1739 1681 ,
1773 1616 1971 1685 inquit,

407 1713 566 1767 Jacob
596 1714 774 1782 faciem
798 1712 969 1764 Laban
991 1752 1004 1774 ,
1026 1722 1073 1763 et
1099 1727 1209 1763 ecce
1230 1726 1327 1763 non
1353 1719 1457 1762 erat
1483 1726 1602 1777 erga
1628 1724 1681 1760 se
1705 1708 1831 1760 sicut
1871 1706 1978 1759 heri

410 1815 454 1854 et
486 1802 1053 1855 nudiustertius.\'idisti
1080 1802 1205 1869 justi
1233 1816 1473 1869 magnam
1498 1799 1975 1861 mansuetudinem,

408 1904 460 1945 ct
489 1894 695 1946 illorum
726 1894 982 1961 ingratum
1007 1894 1239 1946 animum
1261 1933 1274 1953 ,
1310 1905 1373 1943 ac
1396 1889 1663 1959 quomodo
1692 1904 1813 1943 cum
1839 1888 1977 1940 invi-

409 1982 547 2034 diam
578 1980 717 2035 ferre
755 1997 861 2034 non
894 1988 1132 2049 possent,
1166 1981 1327 2047 patris
1372 1987 1598 2031 mentem
1630 1978 1977 2046 perturbave-

410 2072 571 2124 runt?
598 2071 747 2135 Vide,
772 2073 993 2124 obsecro
1020 2110 1033 2131 ,
1061 2084 1201 2122 nunc
1227 2082 1278 2122 et
1306 2070 1397 2122 Dei
1428 2068 1746 2122 ineffabilem
1774 2068 1982 2121 miseri-

410 2162 666 2223 curdiam,
703 2172 756 2214 et
775 2170 972 2230 quanta
1000 2160 1437 2229 attemperatione
1465 2166 1638 2212 utatur
1656 2199 1670 2222 ,
1693 2174 1810 2213 cum
1842 2159 1983 2212 videt

414 2269 511 2306 nos
543 2270 658 2321 quae
680 2265 858 2305 nostra
884 2260 1007 2304 sunt
1039 2251 1235 2305 facere.
1270 2250 1465 2315 Videns
1500 2250 1641 2303 cnim
1681 2251 1879 2319 justum
1917 2250 1983 2303 ab

413 2344 517 2395 illis
546 2343 668 2395 odio
697 2342 899 2406 haberi,
932 2341 1061 2393 dicit
1087 2340 1151 2393 ad
1176 2338 1336 2393 Jacob
1366 2356 1377 2391 :
1408 2340 1459 2393 5.
1490 2337 1751 2392 Revertere
1789 2341 1841 2392 in
1878 2348 1981 2391 ter-

413 2450 524 2484 ram
572 2446 771 2501 patrum
799 2442 1019 2495 tuorum,
1051 2440 1097 2484 et
1134 2432 1201 2483 ad
1229 2432 1596 2500 generationem
1625 2440 1793 2495 tuam,
1826 2440 1869 2483 et
1895 2445 1980 2482 ero

415 2535 597 2579 tecum.
626 2524 765 2577 Satis
787 2523 875 2576 diu
915 2532 1152 2575 versatus
1180 2537 1266 2583 es,
1306 2522 1506 2590 inquit,
1532 2523 1581 2573 in
1617 2530 1754 2575 terra
1786 2521 1977 2574 aliena.

414 2615 542 2668 Nam
570 2630 685 2685 qua)
714 2616 915 2683 pridem
946 2615 1035 2668 tibi
1065 2615 1299 2683 promisi,
1328 2614 1507 2667 dicens
1528 2655 1540 2677 ,
1582 2612 1833 2667 Reducunt
1856 2624 1901 2666 te
1930 2613 1982 2665 in
2014 2646 2033 2659 κ

414 2716 598 2759 terram
633 2716 767 2758 tuam
797 2705 947 2776 (Gen.
980 2705 1220 2773 28.15),
1264 2721 1325 2758 ea
1372 2720 1511 2757 nunc
1555 2719 1716 2772 Opere
1762 2704 1983 2772 implere

411 2797 533 2851 volo
561 2817 572 2851 :
600 2807 867 2852 revertere
916 2798 1074 2866 igitur
1118 2796 1245 2849 nihil
1293 2796 1527 2859 timens;
1556 2794 1668 2864 Ego
1714 2796 1855 2849 enim
1897 2810 1983 2848 ero

414 2900 594 2941 tecum.
629 2888 698 2943 Ut
725 2889 880 2957 igitur
914 2888 1086 2955 justus
1126 2886 1335 2955 segnior
1375 2902 1479 2939 non
1524 2887 1615 2939 ﬁat
1668 2888 1719 2939 in
1775 2885 1984 2955 proﬁci-

414 2978 644 3044 scendo,
672 2979 764 3032 sed
805 2992 992 3046 magna
1026 2977 1214 3031 ﬁducia
1254 2975 1354 3029 iter
1392 2977 1645 3045 arripiat:
1679 2976 1797 3030 ideo
1822 2976 1979 3040 dicit,

418 3070 527 3140 Ego
558 3079 641 3123 ero
673 3080 838 3123 tecum
862 3085 881 3122 :
910 3069 999 3138 qui
1037 3068 1308 3138 hucusque
1336 3084 1422 3123 res
1452 3079 1568 3123 tuas
1596 3068 1903 3138 gubernavi,
1930 3076 1985 3123 et

416 3161 599 3232 augeri
625 3161 802 3214 curavi
843 3174 1024 3214 semen
1058 3168 1200 3213 tuum
1227 3198 1243 3225 ,
1274 3174 1372 3229 ego
1402 3169 1454 3213 et
1483 3160 1535 3213 in
1564 3169 1833 3228 posterum
1878 3157 1985 3212 Ero

415 3261 595 3306 tecum.
630 3251 753 3305 [hec
778 3260 834 3306 ut
858 3249 1055 3305 audivit
1089 3251 1263 3320 justus
1288 3266 1317 3303 a
1347 3252 1456 3305 Deo
1476 3291 1489 3313 ,
1520 3265 1624 3304 non
1665 3250 1762 3304 fuit
1811 3251 1981 3320 negli-

412 3357 561 3410 gens,
588 3341 679 3395 sed
702 3342 768 3395 ad
797 3341 897 3395 iter
924 3355 983 3395 se
1009 3341 1255 3395 accinxit.
1280 3342 1332 3395 4.
1364 3341 1506 3394 Misit
1532 3341 1682 3405 enim,
1722 3342 1908 3411 inquit,
1936 3350 1983 3394 et

413 3434 600 3485 vocavit
627 3432 773 3484 Liam
800 3442 847 3485 et
875 3432 1066 3486 Rachel
1098 3434 1149 3485 in
1179 3449 1411 3503 campum
1436 3433 1519 3487 ubi
1544 3444 1686 3486 erant
1713 3451 1907 3505 greges,
1934 3445 1980 3487 et

413 3524 538 3577 dixit
564 3524 654 3577 eis.
688 3524 989 3592 Proponere
1018 3524 1127 3577 vult
1159 3525 1466 3579 mulieribus
1503 3519 1842 3594 profectionis
1884 3542 1981 3581 ne-

412 3618 646 3681 gotium,
678 3623 730 3667 et
769 3613 1067 3683 significare
1096 3615 1173 3669 eis
1218 3615 1521 3669 mandatum
1550 3616 1680 3679 Dei,
1722 3627 1776 3670 ct
1818 3618 1982 3684 patris

414 3718 535 3771 erga
560 3718 615 3757 se
644 3705 846 3757 odium.
865 3705 917 3759 5.
955 3704 1093 3757 Dixit
1122 3706 1260 3757 enim
1284 3745 1298 3768 ,
1330 3706 1529 3772 inquit,
1558 3706 1630 3757 eis
1656 3720 1675 3757 :
1712 3704 1867 3758 Video
1892 3721 1982 3773 ego

419 3795 596 3856 faciem
627 3795 781 3862 patris
804 3796 969 3859 vestri,
990 3795 1124 3864 quod
1154 3811 1253 3847 non
1282 3795 1345 3846 sit
1378 3811 1493 3863 erga
1536 3810 1614 3845 me
1642 3796 1767 3847 sicut
1798 3795 1904 3846 heri
1935 3804 1979 3846 et

414 3882 774 3936 nudiustertius
803 3898 821 3937 :
846 3883 983 3936 Deus
1025 3894 1189 3935 autem
1236 3884 1393 3951 patris
1426 3886 1519 3935 mei
1567 3885 1661 3953 fuit
1691 3900 1900 3937 mecum.
1925 3884 1979 3937 6.

414 3972 552 4042 Ipsa:
592 3984 756 4027 autem
777 3977 933 4041 scitis,
958 3976 1090 4044 quod
1121 3977 1295 4029 servivi
1344 3977 1476 4045 patri
1518 3988 1676 4031 vestro
1716 3994 1807 4047 pro
1847 3980 1980 4031 onmi

412 4066 543 4117 virili
574 4081 703 4117 mea.
746 4066 796 4118 7.
839 4065 995 4118 Pater
1035 4076 1199 4119 autem
1238 4078 1395 4120 vester
1436 4068 1755 4121 circumvenit
1788 4085 1900 4134 me,
1933 4079 1982 4122 et

409 4157 614 4208 mutavit
645 4157 916 4209 mercedem
942 4172 1102 4208 meam
1128 4157 1300 4209 decem
1330 4160 1473 4228 agnis
1506 4159 1542 4223 ¹,
1575 4169 1620 4209 et
1649 4176 1749 4212 non
1775 4160 1909 4211 dedit
1935 4160 1981 4211 ei

409 4246 547 4299 Dens
595 4256 652 4298 ut
702 4263 781 4299 me
826 4247 1076 4316 affligeret.
1118 4247 1170 4300 3.
1208 4247 1267 4299 Et
1303 4265 1417 4301 cum
1455 4250 1526 4302 sic
1562 4250 1746 4304 diceret
1777 4265 1795 4301 .'
1826 4250 1979 4303 Varia

407 4347 549 4390 erunt
580 4354 764 4390 merces
794 4347 878 4389 tua
910 4355 928 4390 .'
958 4348 1003 4391 et
1027 4340 1284 4406 pariebant
1310 4356 1478 4393 omnes
1506 4357 1618 4393 oves
1660 4343 1818 4395 varia.
1850 4342 1977 4396 Cum

406 4437 569 4479 autem
602 4428 783 4481 diceret
811 4445 829 4480 :
857 4427 1087 4481 Candida
1108 4440 1252 4482 erunt
1286 4448 1470 4483 merces
1502 4442 1585 4484 tua
1609 4448 1625 4485 :
1650 4443 1693 4485 et
1716 4434 1976 4503 pariebant

405 4538 574 4573 omnes
596 4537 707 4573 oves
734 4521 951 4573 candida
974 4537 991 4574 :
1021 4522 1074 4575 9.
1107 4533 1151 4573 et
1179 4523 1289 4574 tulit
1313 4521 1449 4575 Deus
1490 4525 1657 4576 omnia
1678 4542 1857 4592 pecora
1878 4543 1975 4595 pa-

405 4612 495 4663 tris
521 4613 687 4673 vestri,
718 4621 764 4663 et
785 4612 921 4664 dedit
941 4613 1062 4663 mihi
1088 4628 1164 4664 ea.

477 4704 529 4755 5.
563 4701 695 4755 Vide
721 4702 987 4769 quomodo
1016 4712 1297 4772 utrumque
1327 4706 1500 4766 docet,
1527 4716 1580 4760 et
1606 4709 1770 4771 patris
1798 4710 1975 4778 ingra-

406 4801 513 4844 tum
542 4806 662 4859 erga
687 4806 746 4845 se
774 4792 1030 4860 animum,
1053 4803 1106 4847 et
1133 4809 1282 4849 suum
1309 4797 1540 4851 studium
1568 4799 1705 4867 quod
1733 4804 1785 4852 in
1805 4802 1975 4853 servi-

405 4892 514 4936 tute
542 4882 853 4937 declaravit.
880 4884 1032 4938 Scitis
1061 4887 1223 4951 enim,
1257 4889 1459 4957 inquit,
1488 4907 1567 4944 me
1591 4908 1682 4960 pro
1710 4892 1843 4945 virili
1864 4908 1973 4945 mea

404 4976 658 5028 servivisse
688 4976 821 5043 patri
850 4988 1029 5031 vestro.
1060 4978 1436 5035 Etdeclaravit
1474 4993 1722 5052 quantam
1764 4986 1845 5038 sui
1875 5000 1970 5039 cu—

402 5078 510 5116 ram
544 5065 683 5119 Deus
720 5065 996 5129 habuerit,
1031 5079 1333 5125 monstrans
1380 5087 1668 5141 supernum
1715 5076 1967 5130 auxilium

399 5157 575 5209 omnia
606 5169 882 5225 operatum
923 5158 1110 5224 fuisse,
1154 5170 1210 5214 et
1255 5162 1531 5219 facultates
1570 5164 1768 5221 Laba‘ui
1808 5169 1861 5221 in
1909 5182 1969 5223 se

401 5248 751 5301 transtulisse.
786 5247 922 5303 Tulit
951 5252 1092 5304 enim
1124 5251 1262 5305 Deus
1288 5255 1458 5307 omnia
1486 5273 1667 5324 pecora
1694 5261 1853 5327 patris
1881 5276 1966 5314 ve-

399 5338 511 5399 stri,
544 5337 730 5407 inquit,
760 5348 806 5391 et
834 5340 971 5393 dedit
1000 5342 1124 5395 mihi
1150 5360 1227 5396 ea.
1265 5344 1351 5399 10.
1380 5345 1596 5410 Quando
1620 5360 1784 5403 autem
1803 5353 1971 5405 consi-

461 5520 911 5598 fﬂtnttcbrteoest,
932 5524 1071 5575 ma:
1096 5526 1276 5598 nam,
1316 5534 1397 5581 ubi
1423 5534 1585 5598 Aquila
1618 5538 1780 5598 vertit,
1803 5540 1969 5593 decem

398 5584 754 5663 gignerolsﬁel,
772 5585 942 5663 decem
964 5589 1191 5663 numeris,
1215 5584 1534 5663 Symmachus,
1559 5584 1723 5663 decies
1730 5584 1966 5663 3361565;

398 5644 1101 5725 Ξῐεξιξτεείςςὲςξνέιὶεθεοηγωυεκ
1114 5644 1277 5725 debet?!
1293 5654 1476 5718 vitibus.
1494 5644 1962 5725 a'ubli’ilii'ps'iﬁii'lisii

400 5703 731 5755 Hebraimntcs
754 5709 886 5759 multi
901 5746 914 5771 ,
934 5703 1098 5762 decem
1114 5703 1344 5779 partibus.

1389 325 1449 378 IN
1489 324 1636 379 CAP.
1682 316 1871 373 XXXI.
1915 315 2158 371 GENES.
2204 313 2427 372 li0.\||L.
2473 316 2622 373 LVII.

3542 321 3643 375 498

2077 429 2274 499 pit-bant
2300 447 2433 496 oves,
2462 445 2507 485 et
2536 434 2633 484 vidi
2663 433 2821 487 oculis
2845 435 2964 486 mris
2992 436 3041 487 in
3072 448 3244 486 somno
3265 478 3277 495 ,
3304 444 3347 487 et
3374 450 3482 486 ecce
3518 436 3642 486 hirci

2078 534 2122 575 et
2152 524 2328 576 arietes
2376 524 2706 577 ascendebant
2755 541 2904 591 super
2931 539 3042 578 oves
3087 536 3130 577 et
3174 541 3389 594 capras,
3420 524 3644 578 subalbi-

2077 627 2243 668 cantes
2291 626 2336 668 et
2384 617 2530 681 varii,
2553 626 2601 669 et
2643 616 2879 668 cinericio
2911 617 3078 670 colore
3096 618 3276 687 sparsi.
3310 616 3480 672 il.Et
3519 618 3655 687 dixit

2077 706 2197 757 mihi
2220 706 2426 775 angelus
2454 705 2549 758 Dei
2574 707 2624 758 in
2650 722 2822 759 sonmo
2843 721 2863 759 :
2882 704 3179 776 Jacob.Ego
3200 716 3364 761 autem
3384 706 3604 761 dicebant
3627 722 3646 760 :

2082 799 2213 862 Quid
2238 799 2353 851 est?
2382 798 2448 850 Et
2478 799 2601 851 dixit
2630 814 2648 851 :
2674 798 2759 851 12.
2792 801 2973 867 Aspice
2997 800 3155 851 oculis
3186 799 3302 863 tuis,
3333 808 3381 853 et
3408 798 3521 851 vide
3544 798 3650 850 hir-

2078 908 2161 944 cos
2190 901 2232 944 et
2258 892 2435 944 arietes
2467 891 2786 943 ascendentes
2808 908 2957 958 super
2983 908 3160 960 capras
3182 901 3225 943 et
3254 907 3387 955 oves,
3415 890 3648 944 subalbos

2080 991 2125 1034 et
2146 981 2307 1033 varios
2327 1022 2341 1045 ,
2374 989 2417 1033 et
2445 980 2676 1032 cinericio
2710 980 2875 1032 colore
2911 997 3112 1047 sparsos
3142 996 3159 1033 :
3186 980 3288 1032 vidi
3337 981 3469 1033 enim
3509 994 3643 1047 qtae-

2078 1084 2287 1140 curnque
2314 1069 2488 1122 Laban
2520 1068 2605 1122 tibi
2644 1069 2949 1140 facit.Vides
2969 1085 3127 1124 omne
3147 1071 3285 1139 quod
3318 1079 3443 1124 tunc
3472 1070 3647 1133 fiebat,

2080 1176 2306 1231 superna
2320 1162 2604 1230 contigisse
2622 1161 2945 1230 operatione,
2967 1176 3082 1229 qua:
3099 1161 3223 1229 justi
3246 1162 3454 1216 labores
3472 1176 3651 1216 remu-

2082 1252 2547 1307 nerabatur?Nam
2573 1254 2820 1322 quoniam
2843 1252 2931 1306 ille
2959 1254 3191 1320 ingratus
3216 1266 3339 1321 erga
3366 1268 3484 1305 eum
3514 1260 3650 1317 erat,

2083 1345 2341 1414 benignus
2370 1344 2624 1398 Dominus
2644 1343 2843 1411 justum
2881 1343 3106 1396 ubertim
3146 1350 3483 1396 remunerat:
3523 1340 3643 1394 Vidi

2083 1437 2212 1489 enint
2235 1452 2557 1507 quaecumque
2582 1435 2756 1488 Laban
2785 1435 2873 1488 tibi
2893 1436 3028 1505 fecit.

2154 1527 2293 1580 Deus
2323 1543 2423 1579 non
2462 1527 2669 1595 despicit
2692 1544 2775 1580 eos
2815 1528 2899 1597 qui
2928 1527 3234 1581 calumniam
3282 1529 3560 1597 patiuntur.
3585 1554 3655 1568 —-

2085 1620 2219 1675 llinc
2245 1620 2497 1673 discimus
2528 1618 2820 1685 quomodo,
2858 1620 3071 1688 quando
3099 1620 3286 1688 injuria
3316 1620 3467 1673 nobis
3496 1618 3654 1674 infer~

2087 1721 2188 1773 tur,
2221 1710 2264 1763 si
2294 1712 2550 1763 mansueti
2578 1720 2630 1765 et
2662 1711 2815 1764 mites
2840 1726 2903 1764 ac
2926 1711 3212 1764 tolerantes
3237 1710 3508 1774 fuerimus,
3540 1725 3654 1764 ma-

2083 1801 2187 1870 jori
2245 1810 2298 1855 et
2341 1800 2549 1868 largiori
2601 1801 2797 1853 auxilio
2848 1800 3028 1853 divino
3075 1799 3327 1853 fruamur.
3372 1800 3448 1854 Ne
3503 1800 3656 1869 igitur

2086 1892 2417 1946 obluctemur
2439 1891 2501 1943 iis
2523 1891 2609 1957 qui
2638 1904 2734 1942 nos
2759 1899 3025 1959 premunt,
3047 1899 3097 1943 et
3117 1889 3423 1943 calumniari
3453 1891 3655 1951 volunt,

2087 1981 2181 2035 sed
2226 1980 2460 2035 feramus
2506 1995 2798 2049 generose,
2832 1982 3059 2033 scientes
3101 1981 3335 2033 omnium
3378 1981 3655 2033 Dominum

2087 2087 2186 2125 nos
2235 2088 2337 2124 non
2383 2070 2757 2139 despecturum
2795 2082 2951 2135 esse,
2983 2070 3270 2123 dummodo
3315 2086 3412 2123 nos
3453 2081 3657 2139 gratum

2089 2163 2333 2217 affectum
2357 2173 2409 2217 et
2430 2162 2851 2217 benevolentiam
2877 2162 3319 2217 demonstremus.
3348 2162 3477 2216 Mihi
3496 2165 3655 2224 enim,

2090 2256 2284 2324 inquit,
2314 2255 2568 2317 vindicta;
2595 2271 2685 2325 ego
2727 2255 3015 2318 retribuam,
3045 2254 3167 2306 dicit
3206 2254 3452 2307 Dominus
3478 2254 3656 2323 (Rom.

2092 2346 2177 2399 12.
2209 2346 2274 2399 19
2292 2355 2335 2397 et
2357 2346 2502 2398 Deut.
2527 2345 2613 2398 52.
2633 2346 2744 2413 55).
2765 2345 2988 2412 Propter
3017 2346 3115 2397 hoc
3132 2354 3184 2399 et
3211 2344 3375 2398 Jacob
3405 2343 3611 2397 dicebat
3636 2364 3646 2396 :

2091 2436 2210 2488 Non
2241 2436 2375 2488 dedit
2418 2436 2462 2487 ei
2521 2435 2672 2501 Deus,
2705 2446 2757 2488 ut
2800 2436 3031 2505 afﬂigeret
3080 2452 3175 2489 me.
3210 2435 3337 2488 Nam
3384 2436 3503 2505 quia
3549 2436 3661 2504 ipse

2088 2528 2297 2597 privare
2348 2542 2432 2580 me
2479 2526 2714 2580 laborum
2763 2526 3009 2580 mercede
3049 2527 3240 2589 voluit,
3271 2526 3522 2580 Dominus
3552 2534 3658 2579 tam

2088 2620 2302 2674 uberem
2342 2620 2392 2672 in
2448 2634 2534 2671 me
2581 2617 2868 2671 declaravit
2912 2617 3326 2671 misericordiam
3372 2625 3428 2671 et
3476 2618 3649 2685 provi-

2087 2709 2342 2774 dentiam,
2372 2718 2425 2760 ut
2468 2709 2640 2761 omnis
2681 2708 2797 2776 ejus
2840 2707 3133 2761 substantia
3181 2708 3230 2760 in
3275 2722 3361 2762 me
3405 2707 3657 2760 translata

2088 2799 2266 2855 fuerit.
2295 2800 2480 2854 Sciens
2520 2799 2662 2853 enim
2695 2814 2779 2852 me
2808 2799 2950 2851 omni
2995 2798 3167 2853 studio
3197 2799 3475 2863 serviisse,
3513 2798 3655 2852 illum

2089 2901 2262 2945 autem
2314 2905 2419 2944 non
2481 2890 2823 2960 respondisse
2874 2890 3001 2942 mihi
3054 2889 3231 2943 officio
3276 2902 3409 2953 suo,
3460 2898 3656 2943 tantam

2090 2980 2258 3035 nostri
2291 2981 2472 3034 habuit
2500 2995 2703 3035 curam.
2736 2981 2800 3033 Et
2830 2979 2968 3049 quod
3001 2994 3104 3033 non
3134 2980 3245 3032 hac
3270 2980 3467 3048 absque
3499 2994 3656 3033 causa

2090 3082 2143 3126 et
2172 3087 2305 3126 vane
2330 3071 2501 3125 dicam
2523 3113 2537 3137 ,
2567 3087 2737 3140 neque
2765 3080 2966 3125 temere
3008 3085 3273 3137 accusem,
3305 3072 3464 3125 etiam
3492 3070 3655 3124 Deum

2090 3162 2345 3217 habemus
2372 3171 2561 3216 testem
2593 3158 2776 3216 eorum
2819 3178 2936 3230 qute
2987 3171 3137 3231 pater
3176 3170 3355 3215 vester
3379 3160 3486 3229 egit
3531 3174 3655 3229 erga

2088 3271 2193 3309 me.
2234 3254 2351 3309 Vidi
2390 3255 2541 3319 enim,
2567 3256 2767 3324 inquit,
2798 3269 3118 3323 (parcumque
3147 3252 3233 3305 tibi
3273 3250 3446 3304 Laban
3498 3252 3649 3323 fecit.

2087 3349 2227 3419 quod
2274 3364 2377 3402 non
2416 3348 2587 3401 solum
2641 3345 2941 3400 mercedem
2982 3343 3275 3404 abstulerit,
3307 3342 3400 3397 scd
3437 3351 3492 3396 et
3518 3341 3657 3411 quod

2088 3456 2193 3493 non
2222 3449 2277 3493 ut
2304 3448 2459 3501 antea
2507 3453 2630 3506 erga
2675 3448 2726 3491 te
2774 3450 2913 3490 nunc
2943 3434 3161 3489 affectus
3204 3435 3291 3496 sit,
3319 3433 3409 3488 sed
3455 3432 3654 3485 aliena-

2087 3533 2220 3585 vcrit
2252 3532 2508 3585 animum.
2539 3531 2624 3584 15.
2656 3528 2764 3598 Ego
2801 3544 2910 3581 sum
2937 3525 3072 3580 Deus
3106 3526 3192 3595 qui
3216 3523 3434 3593 apparui
3477 3523 3563 3576 tibi
3605 3522 3658 3574 in

2088 3624 2195 3675 loco
2224 3621 2306 3673 ubi
2334 3620 2577 3674 inunxisti
2626 3619 2748 3670 mihi
2793 3618 3097 3670 columnam.
3148 3613 3203 3667 In
3254 3612 3564 3667 memoriam
3607 3612 3655 3663 ei

2087 3716 2290 3768 referre
2316 3713 2445 3775 vult,
2475 3727 2591 3781 quae
2623 3710 2718 3779 ipsi
2747 3720 2870 3762 tunc
2909 3708 3169 3776 pollicitus
3210 3706 3398 3767 fucrlt,
3430 3703 3611 3757 dicens
3642 3720 3656 3756 :

2088 3805 2154 3858 In
2184 3804 2551 3856 multitudinem
2576 3811 2621 3853 te
2645 3816 2861 3853 crescere
2882 3801 3061 3869 faciam
3103 3807 3149 3850 et
3188 3795 3467 3849 custodiam
3495 3803 3574 3859 te,
3599 3806 3661 3845 ac

2088 3897 2323 3949 reducam
2363 3904 2406 3947 te
2434 3895 2483 3946 in
2520 3903 2701 3945 terram
2731 3902 2865 3944 luam
2888 3889 3036 3962 (Gen.
3061 3888 3151 3943 ‘28.
3176 3890 3259 3942 14.
3286 3886 3395 3956 15).
3421 3886 3532 3955 Ego
3559 3885 3653 3953 igi-

2091 4001 2194 4052 tur,
2229 3988 2415 4055 inquit,
2442 3986 2528 4055 qui
2577 3995 2699 4037 tunc
2747 3982 2963 4051 apparui
3008 3980 3132 4044 libi,
3177 3990 3225 4033 et
3278 3976 3657 4046 promissiones

2086 4082 2179 4135 tibi
2210 4080 2305 4134 feci
2337 4097 2351 4133 :
2380 4094 2478 4147 ego
2507 4078 2662 4132 etiam
2696 4090 2834 4130 nunc
2856 4117 2869 4138 ,
2912 4073 3122 4144 quando
3149 4083 3358 4139 tempus
3384 4069 3527 4123 venit
3549 4081 3655 4137 quo

2086 4189 2147 4227 ea
2178 4187 2296 4240 qua:
2326 4180 2449 4223 tunc
2472 4168 2687 4237 promisi
2718 4181 2879 4236 opere
2899 4164 3210 4234 complenda
3253 4171 3409 4228 sunt,
3446 4159 3652 4229 regredi

2085 4275 2134 4318 te
2156 4265 2317 4336 jubeo
2347 4263 2546 4330 absque
2572 4262 2714 4314 omni
2746 4260 2938 4313 mentis
2963 4256 3373 4327 angore.Tecum
3390 4255 3519 4307 enim
3546 4268 3650 4306 ero.

2083 4359 2193 4427 Ego
2220 4374 2331 4410 sum
2359 4355 2495 4409 Deus
2530 4355 2613 4423 qui
2640 4352 2857 4423 apparui
2883 4352 2969 4404 tibi
2993 4352 3044 4402 in
3074 4351 3183 4403 loco
3208 4350 3261 4401 in
3289 4363 3384 4417 quo
3411 4345 3649 4400 intinxisti

2080 4450 2203 4501 mihi
2241 4449 2524 4500 cotumnam
2555 4444 2645 4513 (a),
2673 4452 2717 4495 et
2748 4442 2921 4495 vovisti
2956 4441 3078 4493 mihi
3106 4449 3292 4491 votum.
3343 4435 3650 4490 Memoriam

2083 4542 2179 4609 ipsi
2221 4537 2435 4592 refricat
2477 4536 2581 4587 voti
2622 4544 2675 4587 et
2718 4532 3119 4601 promissionis,
3157 4543 3313 4597 quam
3356 4531 3648 4592 receperat.

2081 4631 2357 4699 Quodnam
2383 4636 2563 4681 autem
2590 4633 2708 4677 erat
2734 4622 2953 4677 votum?
2975 4622 3050 4673 De
3070 4623 3130 4673 iis
3155 4635 3265 4687 quae
3288 4617 3411 4669 mihi
3432 4616 3649 4674 dederis,

2080 4723 2297 4776 decimas
2319 4719 2404 4771 tibi
2423 4715 2632 4783 oﬂ'eram
2654 4712 2803 4783 (Gen.
2831 4712 2921 4766 28.
2944 4710 3060 4778 2‘2).
3087 4708 3343 4774 Quoniam
3370 4715 3493 4759 tunc
3519 4704 3651 4759 nihil

2082 4823 2254 4866 tecum
2307 4808 2566 4862 all'erehas
2590 4846 2604 4869 ,
2637 4804 2784 4874 quasi
2818 4802 3067 4871 profugus
3113 4801 3212 4852 iter
3254 4797 3452 4850 faciens
3482 4812 3497 4850 :
3524 4810 3647 4849 cum

2079 4915 2253 4959 autem
2306 4902 2396 4955 tibi
2439 4912 2783 4969 apparerem,
2823 4894 3011 4948 vovisti
3060 4901 3275 4957 votum,
3318 4889 3542 4944 dicens:
3577 4886 3652 4939 De

2079 4996 2305 5050 omnibus
2330 5008 2459 5062 quare
2479 4990 2602 5042 mihi
2643 4988 2858 5049 dederis,
2892 4985 3108 5038 decimas
3146 4981 3274 5035 dabo
3301 4981 3421 5045 tibi,
3444 4990 3566 5032 voto
3592 4986 3648 5032 et

2079 5086 2431 5157 promissione
2479 5080 2766 5149 potentiam
2823 5092 2992 5131 meam
3043 5074 3400 5145 przesignans,
3428 5081 3483 5125 et
3527 5070 3647 5123 fidei

2078 5178 2243 5231 oculis
2273 5174 2569 5245 praevidens
2597 5171 2823 5224 futuram
2871 5168 2967 5222 tibi
3001 5181 3176 5222 rerum
3220 5163 3594 5219 abundantiam
3629 5179 3643 5215 :

2078 5280 2218 5320 nunc
2242 5266 2360 5334 quia
2389 5268 2680 5316 evenerunt
2705 5268 2758 5313 et
2784 5258 2994 5327 impleta
3027 5264 3151 5310 sunt
3176 5269 3296 5323 qua:
3330 5268 3361 5306 a
3388 5266 3475 5306 me
3503 5266 3641 5319 prte-

2076 5359 2213 5413 dicta
2238 5398 2251 5421 ,
2272 5356 2472 5423 justum
2499 5352 2657 5407 fuerit
2686 5360 2743 5404 ut
2770 5358 2826 5405 et
2850 5356 3032 5403 votum
3063 5357 3209 5400 tuum
3239 5340 3639 5410 impleas.Nunc

2076 5465 2193 5521 ergo
2213 5490 2227 5513 ,
2261 5447 2429 5516 inquit
2448 5485 2463 5511 ,
2493 5458 2660 5513 surge,
2689 5452 2731 5494 et
2774 5440 3007 5512 egredere
3029 5438 3092 5490 de
3116 5444 3252 5489 terra
3294 5434 3410 5497 ista,
3434 5440 3478 5485 et
3516 5431 3642 5483 vade

2135 5604 2208 5667 (a)
2240 5610 2291 5652 In
2311 5609 2491 5661 Graeco,
2516 5612 2666 5667 εαμην,
2691 5598 2819 5662 quod
2841 5604 2953 5667 apte
2975 5596 3167 5658 cippum
3188 5597 3422 5667 verteris,
3445 5591 3524 5667 vel
3545 5606 3646 5667 mc-

2073 5655 2346 5723 lius,'aram
2384 5675 2401 5711 :
2427 5655 2508 5711 ara
2533 5655 2663 5710 enim
2696 5655 2815 5710 vere
2837 5655 2943 5715 fuit,
2964 5655 3107 5723 quam
3127 5655 3366 5717 religione
3395 5663 3550 5705 motus
3573 5655 3646 5703 lu-

2073 5722 2229 5790 uuxit,
2256 5733 2305 5776 et
2329 5727 2376 5775 iu
2400 5736 2493 5787 qua
2518 5736 2689 5786 preces
2713 5730 2763 5771 et
2786 5729 2893 5771 vota
2918 5722 3093 5771 emisit.
