4168 6264
525 348 628 403 499

522 467 576 518 in
609 477 790 517 terram
817 463 1085 516 natiuitatis
1111 471 1208 513 tute
1228 502 1241 522 .
1271 471 1315 513 et
1343 477 1424 514 ero
1453 470 1633 513 tecum.
1670 460 1780 528 Ego
1819 468 1870 514 te
1898 457 2094 524 ubique

524 556 851 619 minitabor,
887 569 984 622 ego
1015 554 1105 607 tibi
1137 552 1344 606 facilem
1370 552 1646 604 ostendam
1674 552 1811 606 viam
1837 592 1852 616 ,
1879 559 1934 604 et
1974 548 2093 602 nul-

527 649 639 702 lum
686 662 717 701 ε
756 646 1004 716 quopiam
1043 645 1291 698 damnum
1321 642 1495 705 feres;
1523 643 1739 696 dextera
1792 642 1933 696 enim
1978 656 2093 695 mea

523 720 720 808 ubique
747 746 799 790 te
824 743 1080 804 proteget.
1116 734 1202 788 14.
1234 732 1356 786 [hec
1391 733 1648 786 audientes
1680 731 1871 786 Rachel
1896 739 1942 784 et
1962 729 2056 785 Lia
2076 771 2092 797 ,

522 826 759 880 dixerunt
781 827 825 878 ei
851 840 870 880 :
893 823 1154 894 Numquid
1179 835 1249 878 est
1277 823 1419 878 nobis
1465 841 1583 892 pars
1627 823 1704 877 vel
1739 823 2003 878 Ita'rcditas
2042 825 2096 876 in

520 916 670 969 domo
697 916 852 985 patris
886 914 1086 967 nostri?
1113 916 1197 969 15.
1237 913 1422 968 Nonne
1451 924 1506 966 ut
1535 914 1712 967 aliena:
1735 923 1977 982 reputatae
2004 930 2094 966 su-

521 1022 631 1058 mus
655 1005 792 1074 apud
817 1021 928 1058 eum
951 1005 976 1058 ?
1008 1004 1238 1059 Vendidit
1266 1007 1400 1059 enim
1428 1021 1537 1067 nos,
1566 1015 1612 1058 et
1641 1005 1926 1059 devorando
1953 1022 2095 1058 com-

518 1100 620 1152 edit
655 1099 867 1169 pretium
898 1109 1141 1153 nostrum.
1172 1100 1258 1153 16.
1279 1097 1348 1152 Et
1375 1114 1500 1166 quas
1529 1115 1699 1151 omnes
1726 1098 1863 1152 Deus
1890 1097 2096 1152 abstulit

518 1189 718 1244 divitias
743 1197 794 1242 et
820 1189 1034 1258 gloriam
1063 1205 1094 1242 a
1123 1197 1264 1256 patre
1290 1198 1482 1252 nostro,
1515 1188 1604 1240 tibi
1633 1186 1771 1239 dedit
1801 1203 1820 1240 :
1849 1205 1980 1240 nunc
1999 1188 2097 1258 igi-

518 1290 601 1334 tur
626 1296 951 1350 quacumque
971 1280 1154 1334 dixerit
1184 1280 1271 1332 tibi
1293 1277 1430 1334 Deus
1456 1289 1587 1341 tuus,
1614 1282 1716 1349 fac.
1748 1277 1879 1333 Vide
1906 1287 1961 1332 et
1999 1278 2095 1332 bas

517 1380 805 1439 sequentes
834 1371 925 1425 Dei
953 1371 1258 1434 arbitrium,
1283 1381 1335 1424 et
1383 1369 1668 1423 afferentes
1711 1370 1970 1423 rationem
2011 1368 2095 1423 cui

517 1461 809 1516 contradici
840 1477 944 1515 non
974 1462 1166 1531 potuit.
1189 1460 1325 1516 Num
1354 1470 1434 1515 est
1465 1459 1662 1530 aliquid
1688 1474 1969 1514 commune
1993 1474 2096 1513 no-

521 1552 604 1607 bis
628 1594 643 1619 ,
668 1554 838 1618 aiunt,
861 1568 981 1607 cum
1011 1561 1162 1621 patre
1183 1553 1405 1608 nostro?
1432 1553 1608 1608 Semel
1656 1553 1800 1608 enim
1841 1567 1939 1608 nos
1968 1568 2099 1607 ven-

519 1643 673 1698 didit.
697 1643 916 1698 Divitias
943 1653 988 1698 et
1028 1645 1244 1715 gloriam
1271 1661 1422 1710 quam
1459 1644 1666 1698 abstulit
1699 1642 1839 1698 Deus
1879 1661 1912 1696 a
1955 1653 2099 1713 patre

517 1745 711 1800 nostro,
739 1744 786 1789 et
809 1736 947 1789 dedit
973 1735 1100 1799 tibi;
1122 1752 1211 1789 nos
1246 1734 1566 1802 habebimus,
1599 1743 1643 1788 et
1672 1734 1768 1803 ﬁlii
1802 1735 1979 1788 nostri.
2015 1733 2092 1788 Ne

518 1839 666 1878 cessa
690 1826 866 1893 igitur,
893 1841 1064 1894 neque
1083 1824 1255 1888 differ,
1289 1824 1383 1879 sed
1412 1824 1491 1878 fac
1510 1839 1627 1893 quae
1649 1823 1742 1878 tibi
1773 1838 1803 1877 a
1835 1824 1944 1877 Deo
1973 1831 2100 1878 sunt

519 1916 794 1984 imperata.
831 1913 983 1969 Nunc
1002 1916 1160 1985 igitur
1179 1930 1501 1985 quiscumque
1530 1914 1662 1967 dixit
1684 1914 1770 1967 tibi
1799 1913 1937 1967 Deus
1959 1923 2094 1979 tuus,

515 2010 622 2074 fac.
654 2007 738 2060 17.
769 2005 892 2060 Htec
925 2016 979 2059 ut
1005 2007 1198 2060 audiuit
1218 2006 1398 2072 Jacob,
1430 2006 1648 2060 surrexit
1671 2016 1718 2059 et
1746 2007 1936 2075 accepit
1975 2024 2100 2061 uxo-

518 2114 600 2152 res
643 2115 797 2164 suas,
830 2108 876 2152 et
905 2099 1071 2167 ﬁlios,
1105 2108 1152 2152 et
1194 2099 1460 2153 ascendere
1498 2099 1616 2167 fecit
1646 2114 1797 2169 super
1841 2099 2056 2154 camelos
2080 2115 2099 2154 :

516 2189 606 2244 18.
652 2200 698 2242 et
735 2189 947 2244 abduxit
980 2190 1152 2243 omnia
1197 2204 1308 2258 quis
1353 2188 1604 2256 habebat,
1635 2199 1681 2243 et
1746 2190 2100 2260 supellectilem

520 2296 684 2344 suam,
713 2297 863 2350 quam
889 2280 1186 2346 aequis-ierat
1208 2281 1260 2333 in
1283 2279 1649 2349 Mesopotamia
1666 2322 1680 2346 ,
1703 2289 1748 2333 et
1773 2281 1942 2334 omnia
1983 2298 2096 2346 sua,

515 2383 569 2428 nt
597 2373 755 2426 abiret
775 2373 842 2425 ad
871 2373 1018 2426 Isaac
1043 2381 1234 2442 patrem
1265 2388 1428 2426 suum.

583 2464 642 2516 4.
660 2462 705 2514 Ε
723 2463 870 2516 domo
887 2461 1078 2515 Labani
1097 2461 1226 2532 fugit
1243 2460 1431 2525 Jacob;
1447 2477 1558 2529 quae
1574 2464 1745 2530 fugam
1761 2471 1964 2532 sequuta
1979 2464 2100 2526 sint;

514 2553 819 2621 praedicatur
844 2569 967 2605 cura
990 2551 1087 2605 Dei
1108 2568 1228 2622 erga
1255 2567 1373 2604 suos
1395 2591 1410 2617 ,
1441 2566 1554 2618 quas
1590 2552 1643 2603 in
1685 2567 1897 2621 persona
1940 2551 2101 2606 Jacob

515 2643 693 2695 elucet.
718 2671 786 2683 -—
829 2641 1151 2708 Considera,
1194 2642 1417 2696 obsecro
1439 2682 1454 2708 ,
1499 2641 1858 2697 fortitudinem
1912 2644 2101 2698 anima:

511 2734 676 2802 justi,
717 2743 772 2788 et
815 2733 1082 2803 quomodo
1125 2733 1337 2802 repulso
1364 2733 1508 2786 omni
1557 2735 1749 2789 mentis
1797 2749 1993 2804 angore
2039 2749 2104 2790 ac

513 2833 696 2916 metit,
769 2824 1016 2879 mandato
1061 2823 1326 2879 dominico
1384 2823 1787 2890 obtemperavit.
1842 2825 2102 2890 Quoniam

511 2918 655 2972 enim
684 2917 813 2971 vidit
837 2919 972 2971 male
999 2932 1181 2972 sanam
1210 2926 1441 2970 mentem
1480 2915 1713 2982 Labani,
1763 2931 1869 2972 non
1921 2918 2056 2971 ultra
2081 2956 2098 2984 ,

511 3011 649 3066 sicut
673 3011 818 3079 prius
839 3051 855 3076 ,
888 3010 1215 3080 interrogare
1240 3024 1362 3063 cum
1389 3009 1589 3063 voluit:
1621 3007 1715 3063 sed
1744 3009 1883 3079 quod
1929 3011 2100 3080 impe-

511 3111 681 3156 ratum
712 3111 878 3156 erata
904 3102 1157 3167 Domino,
1190 3101 1477 3170 implebat,
1507 3110 1562 3155 et
1589 3102 1823 3170 acceptis
1863 3103 2101 3158 mulieri-

514 3192 610 3245 bus
637 3200 691 3246 et
717 3191 897 3260 pueris
915 3233 927 3254 ,
961 3192 1060 3245 iter
1089 3191 1327 3260 arripuit.
1359 3190 1446 3244 19.
1475 3189 1652 3245 Laban
1675 3201 1842 3245 autent
1862 3232 1878 3256 ,
1907 3191 2097 3260 inquit,

510 3283 699 3337 abierat
723 3283 790 3336 ad
807 3283 1111 3336 tondendum
1130 3298 1240 3336 oves
1261 3299 1400 3339 suas.
1423 3281 1618 3336 Furata
1637 3293 1801 3338 autem
1820 3293 1892 3337 est
1911 3281 2103 3338 Rachel

511 3375 648 3428 idola
677 3377 835 3442 patris
853 3375 952 3428 sui.
979 3374 1160 3444 Neque
1185 3373 1286 3428 hoc
1323 3375 1522 3444 absque
1542 3389 1700 3429 causa
1731 3375 1882 3431 nobis
1913 3391 2103 3445 propo-

511 3467 668 3519 situm
695 3475 777 3520 est
798 3507 812 3530 ,
845 3466 940 3520 sed
983 3475 1039 3520 ut
1075 3467 1304 3521 sciamus
1327 3467 1592 3536 quomodo
1615 3467 1790 3522 adhuc
1829 3478 2100 3537 paternam

513 3557 771 3612 habentes
822 3558 1255 3613 consuetudinem
1280 3597 1296 3623 ,
1349 3558 1610 3612 idolorum
1661 3560 1826 3614 cultui
1881 3560 2103 3616 addicta:

511 3656 682 3701 erant.
713 3647 1088 3704 Animadverte
1113 3649 1252 3704 enim
1280 3690 1297 3715 ,
1343 3657 1598 3718 quantum
1627 3650 1713 3704 illa
1759 3650 1810 3705 in
1841 3650 1944 3706 hoc
1987 3663 2101 3706 stu-

511 3737 658 3792 dium
688 3738 1040 3808 impenderit,
1067 3755 1186 3794 cum
1214 3739 1346 3794 nihil
1371 3740 1513 3794 aliud
1538 3755 1567 3795 a
1596 3751 1744 3810 patre
1769 3741 1981 3798 auferre
2006 3758 2101 3798 vo-

510 3831 706 3898 luerit,
752 3847 912 3902 quam
961 3831 1101 3887 idola
1153 3833 1306 3903 ejus,
1365 3833 1521 3902 idque
1560 3832 1784 3889 faciebat
1831 3835 2102 3904 ignorante

510 3921 628 3976 viro
651 3940 664 3976 :
691 3938 864 3992 neque
887 3924 1028 3978 enim
1055 3924 1142 3979 ille
1165 3923 1266 3979 hoc
1294 3925 1622 3994 permisisset
1650 3925 1782 3978 fieri.
1807 3925 1896 3981 20.
1919 3925 2103 3980 Occul-

512 4013 632 4065 tavit
651 4011 821 4068 (intem
844 4055 858 4078 ,
886 4015 1090 4084 inquit,
1117 4014 1278 4068 Iacob
1305 4033 1337 4068 a
1361 4015 1537 4069 Laban
1559 4015 1723 4086 Syro,
1747 4033 1809 4069 ne
1828 4018 2102 4071 annuntia-
2137 4071 2144 4074 _

511 4113 648 4158 retur
665 4105 711 4158 ei
728 4105 862 4175 quod
877 4110 1085 4176 fugeret.
1099 4105 1162 4159 2|
1177 4145 1189 4159 .
1207 4104 1272 4158 Et
1293 4106 1525 4159 abscessit
1545 4106 1652 4174 ipse
1665 4115 1712 4159 et
1735 4108 1902 4159 omnia
1922 4107 2100 4176 ipsius,

511 4207 557 4250 et
583 4199 794 4252 transito
823 4200 976 4268 ﬂuuio
995 4240 1010 4264 ,
1039 4199 1290 4253 contendit
1321 4199 1388 4252 ad
1416 4209 1632 4253 montem
1668 4199 1887 4253 Galaad.
1938 4200 2101 4268 Vide,

511 4288 736 4342 obsecro
757 4329 773 4354 ,
813 4291 969 4343 etiam
999 4288 1083 4343 hic
1118 4303 1360 4358 magnam
1404 4289 1498 4344 Dei
1528 4291 1942 4359 providentiam,
1967 4307 2102 4362 quo-

510 4379 707 4444 modo,
736 4378 906 4433 donec
939 4379 1117 4448 justus
1165 4379 1343 4449 procul
1370 4379 1692 4450 aufugisset,
1723 4395 1826 4436 non
1868 4383 2106 4450 permisit

512 4479 572 4524 ut
594 4468 773 4524 Laban
803 4469 943 4525 illius
971 4484 1236 4526 secessum
1265 4471 1445 4527 sciret.
1492 4470 1583 4525 22.
1617 4471 1793 4527 Tribus
1821 4474 1962 4528 enim
1993 4474 2103 4527 die-

513 4563 605 4616 bus
629 4603 644 4628 ,
671 4561 871 4631 inquit,
896 4561 1161 4632 prseteritis
1179 4601 1194 4626 ,
1215 4562 1314 4632 ipsi
1338 4560 1515 4617 Laban
1552 4563 1787 4619 innotuit.
1815 4563 1904 4621 23.
1930 4565 1998 4619 Et
2021 4582 2106 4622 as-

511 4656 727 4727 sumptis
748 4655 976 4712 omnibtts
1011 4656 1250 4727 fratribus
1272 4656 1376 4711 suis
1401 4697 1418 4725 ,
1440 4667 1727 4727 persecutus
1763 4667 1838 4712 est
1878 4673 1992 4711 eum
2024 4658 2107 4712 uia

513 4749 708 4801 dierum
744 4758 966 4816 septem;
993 4758 1040 4804 et
1077 4757 1412 4819 consequutus
1452 4763 1563 4803 eum
1586 4748 1640 4803 in
1677 4757 1844 4803 monte
1885 4748 2104 4806 Galaad.

513 4839 748 4894 Obsecro
786 4841 872 4896 hic
895 4855 1105 4911 quoque
1127 4841 1372 4898 attendas
1410 4841 1500 4896 Dei
1530 4842 1934 4911 providentiam.
1974 4841 2106 4896 Nam

519 4931 609 4999 qui
632 4930 800 4994 dixit,
832 4932 1095 4987 Revertere
1115 4934 1170 4987 in
1195 4944 1378 4989 terram
1404 4943 1571 4998 tuam,
1615 4942 1660 4987 et
1705 4933 2109 5001 erotecum,ille

513 5020 673 5076 etiam
701 5037 843 5076 nunc
865 5037 1015 5076 suam
1053 5024 1283 5080 declarat
1333 5024 1736 5094 providentiam.
1787 5025 1922 5092 Quia
1968 5027 2107 5081 enim

519 5112 651 5167 vidit
677 5110 858 5167 Laban
889 5127 1008 5167 cum
1039 5115 1202 5169 multa
1227 5115 1587 5186 indignatione
1611 5117 1855 5187 persequi
1879 5117 2102 5187 justum,

515 5216 571 5261 et
591 5219 801 5275 prauam
830 5203 1004 5259 furtivi
1031 5220 1275 5262 secessus
1292 5249 1308 5273 ,
1331 5218 1390 5262 ut
1413 5209 1482 5263 ita
1507 5207 1678 5264 dicam
1702 5249 1716 5272 ,
1743 5219 2074 5278 sumpturum
2091 5250 2108 5276 ,

516 5295 764 5366 apparuit
805 5295 986 5351 Lahan
1025 5308 1180 5354 nocte
1219 5299 1270 5352 in
1297 5314 1505 5354 somno.
1531 5301 1622 5355 24.
1663 5299 1806 5354 Venit
1847 5301 2007 5367 enim,
2032 5302 2111 5356 in-

513 5390 663 5458 quit,
692 5387 826 5443 Deus
847 5389 916 5442 ad
939 5387 1113 5444 Laban
1135 5390 1323 5462 Syrum
1345 5392 1395 5444 in
1421 5409 1596 5446 somno
1617 5401 1758 5447 nocte
1775 5434 1790 5454 ,
1813 5402 1859 5447 et
1879 5394 2005 5448 dixit
2044 5396 2109 5450 ei.

519 5479 654 5534 Vide
686 5480 778 5536 Dei
808 5481 1184 5551 indulgentiam
1203 5524 1218 5545 ,
1248 5483 1514 5552 quomodo
1538 5484 1606 5539 ob
1633 5500 1782 5540 suam
1828 5486 1880 5538 in
1912 5485 2109 5555 justum

517 5569 904 5635 providentiam
933 5586 1052 5626 cum
1084 5571 1262 5627 Lahan
1292 5574 1610 5642 colloquitur
1639 5593 1651 5628 :
1700 5586 1756 5628 ut
1794 5577 1973 5630 territa
2000 5576 2113 5644 ejus

525 5671 699 5715 mcutc
723 5664 974 5732 impetum
1005 5664 1116 5735 ejus
1138 5681 1166 5720 a
1189 5666 1351 5721 .la'coh
1375 5677 1636 5722 coerceat.
1662 5667 1791 5722 Cave
1815 5669 1934 5734 tibi,
1959 5685 2020 5722 ne
2041 5669 2114 5721 lo-

521 5752 692 5820 quaris
707 5754 991 5808 cumJarob
1015 5757 1167 5812 mala.
1196 5757 1376 5828 Magna
1406 5757 1612 5813 Domini
1639 5757 1952 5828 benignitas.
1979 5759 2112 5826 Quia

1267 347 1323 401 S.
1363 345 1635 402 JO.\.\"NIS
1672 341 2142 400 CllRYSOSTOMl
2181 344 2497 404 ARCHIEP.
2537 349 3063 411 CONSTANTINOP.

3686 364 3799 418 500

2203 459 2344 512 enim
2359 461 2558 518 sciebat
2580 479 2700 518 eum
2723 465 2788 520 ad
2813 483 3034 538 pugnam
3061 470 3404 538 contendere,
3432 484 3484 527 et
3503 486 3686 529 contra
3706 480 3800 546 ju-

2198 561 2340 635 stum
2356 552 2627 622 insurgere
2645 557 2799 620 velle,
2817 559 2915 614 hoc
2932 560 3090 615 verbo
3106 571 3335 616 mentem
3352 566 3468 633 ejus
3479 581 3594 618 com
3603 572 3793 635 pesCii,

2198 643 2252 688 et
2271 633 2428 690 dicit:
2457 636 2586 692 Cave
2608 639 2713 704 tibi,
2739 657 2800 694 ne
2822 641 3041 708 loquaris
3060 661 3174 696 cum
3191 643 3351 699 Iacob
3373 649 3508 700 mala
3533 667 3547 702 :
3571 633 3803 717 perinde

2197 739 2262 779 ac
2285 726 2328 779 si
2359 725 2592 782 diceret:
2621 727 2759 785 Cave
2785 746 2852 786 ne
2889 733 2972 786 vel
2998 733 3174 789 verbis
3202 734 3473 792 offendere
3511 737 3676 791 Jacob
3699 754 3794 792 co-

2200 819 2375 874 neris:
2405 819 2498 873 sed
2537 836 2690 876 serva
2720 823 2947 892 teipsum
2967 865 2982 888 ,
3009 826 3221 880 contine
3246 829 3441 881 malum
3474 828 3610 883 hunc
3641 839 3789 882 tuum

2199 907 2452 977 impetum
2477 951 2492 976 ,
2538 913 2828 982 comprime
2870 913 3101 969 furorem
3124 959 3139 983 ,
3167 917 3374 972 refrena
3402 919 3588 972 iratum
3640 930 3790 975 tnnni

2198 999 2431 1054 animum
2453 1041 2467 1064 ,
2495 1015 2558 1056 ac
2595 1018 2663 1057 ne
2686 1004 2768 1058 vel
2793 1005 2956 1058 verbo
2986 1006 3156 1074 ipsum
3203 1009 3513 1064 contristare
3539 1011 3689 1065 velis.
3725 1012 3788 1064 Et

2198 1089 2472 1144 considera
2499 1092 2589 1146 Dei
2630 1093 2984 1147 clementiam.
3011 1094 3122 1147 Non
3151 1097 3424 1164 imperavit
3473 1098 3686 1154 Labano
3734 1111 3788 1154 ut

2198 1181 2263 1235 ad
2294 1184 2502 1253 propria
2541 1194 2919 1252 reverteretur,
2960 1185 3050 1240 sed
3083 1186 3252 1240 solum
3286 1189 3526 1256 prohibet
3568 1207 3634 1245 ne
3662 1193 3793 1260 quid

2199 1273 2386 1328 durum
2419 1275 2502 1329 vel
2544 1278 2822 1331 molestum
2871 1294 2990 1332 cum
3014 1278 3157 1347 justo
3189 1280 3448 1349 loquatur.
3477 1282 3679 1349 Quare,
3735 1293 3797 1338 et

2200 1374 2415 1432 propter
2442 1365 2609 1431 quid?
2633 1366 2700 1421 Ut
2728 1367 2894 1420 discat
2926 1383 3018 1436 per
3051 1370 3258 1438 negotia
3281 1379 3335 1423 et
3365 1385 3459 1438 per
3486 1386 3644 1440 opera
3675 1373 3794 1442 ipsa

2193 1453 2399 1524 justus,
2427 1468 2674 1526 quantam
2701 1459 2782 1514 sui
2803 1475 2984 1514 curam
3011 1471 3159 1530 gerat
3185 1462 3340 1516 Deus.
3368 1463 3497 1517 Nam
3523 1465 3566 1517 si
3598 1480 3788 1520 rever-

2200 1561 2289 1600 sus
2315 1547 2496 1602 fuisset
2517 1549 2692 1603 Lahan
2719 1591 2733 1614 ,
2756 1550 2895 1604 unde
2927 1551 3052 1605 illud
3080 1553 3326 1606 scivisset
3348 1552 3512 1607 Jacoh
3532 1594 3545 1618 ,
3565 1565 3654 1607 aut
3673 1560 3796 1621 ejus

2203 1640 2438 1694 uxores?
2464 1638 2586 1695 ldeo
2614 1641 2868 1708 permittit
2898 1643 2944 1694 ei
2973 1651 3027 1695 ut
3055 1641 3229 1707 abeat,
3263 1651 3316 1697 et
3333 1642 3512 1712 lingua
3539 1659 3631 1698 sua
3656 1659 3791 1699 cou-

2203 1730 2410 1784 fiteatur
2424 1747 2540 1800 qua:
2559 1732 2694 1785 Deus
2711 1731 2842 1786 dixit
2855 1733 2920 1786 ad
2935 1748 3013 1798 se,
3033 1745 3204 1802 quoet
3221 1735 3395 1802 justus
3412 1737 3664 1804 majorem
3681 1738 3796 1791 ala-

2199 1821 2440 1886 critatem
2471 1821 2662 1876 habeat
2706 1823 3116 1890 proficiscendo,
3151 1824 3497 1894 fiduciamque
3525 1826 3790 1893 accipiat,

2201 1921 2250 1967 et
2293 1920 2353 1966 ut
2399 1913 2553 1980 hujus
2619 1928 2811 1967 uxores
2859 1915 2874 1945 ⁸
2930 1914 3134 1969 discant
3175 1925 3374 1984 quanto
3420 1917 3593 1971 studio
3649 1917 3796 1972 Deus

2200 2005 2438 2058 omnium
2485 2005 2736 2059 Dominus
2777 2005 3029 2060 Jacohum
3079 2017 3261 2072 curet,
3303 2007 3648 2076 rejiciantque
3697 2023 3791 2060 er-

2202 2110 2376 2150 rorem
2439 2105 2751 2163 paternum,
2812 2104 2866 2150 et
2918 2096 3187 2150 imitentur
3233 2097 3468 2166 justum,
3518 2107 3675 2166 atque
3725 2098 3796 2152 ad

2202 2187 2626 2258 cognoscendum
2657 2189 2822 2243 Deum
2854 2187 3203 2243 sufficientem
3231 2189 3525 2243 doctrinam
3555 2189 3674 2243 inde
3701 2205 3797 2243 ac-

2201 2280 2417 2346 cipiant.
2440 2278 2622 2346 Neque
2653 2278 2792 2331 enim
2826 2279 2903 2333 sic
2955 2278 3058 2333 fide
3097 2278 3250 2348 digna
3279 2289 3431 2332 erant
3475 2295 3592 2348 qme
3630 2279 3798 2334 Jacob

2201 2370 2409 2428 dicebat
2433 2410 2448 2433 ,
2476 2379 2532 2424 ut
2556 2386 2672 2439 qua:
2697 2385 2727 2424 a
2749 2369 2926 2424 Laban
2957 2369 3290 2433 dicebantur,
3320 2376 3408 2438 qui
3449 2368 3623 2423 adhuc
3650 2370 3792 2423 idola

2203 2463 2426 2517 colebat.
2457 2461 2678 2531 Semper
2697 2463 2836 2516 enim
2858 2461 3146 2516 infidelium
3168 2472 3215 2516 et
3237 2461 3628 2516 adversantium
3649 2477 3794 2515 vera:

2203 2553 2443 2622 religioni
2487 2553 2782 2607 testimonia
2818 2553 3070 2620 majorem
3111 2551 3306 2606 habent
3356 2550 3534 2606 fidem.
3580 2551 3648 2605 Et
3696 2552 3799 2605 hoc

2202 2655 2284 2700 est
2309 2661 2372 2700 ex
2413 2643 2762 2713 omnipotenti
2800 2644 3055 2712 sapientia
3085 2643 3176 2698 Dei
3195 2684 3210 2710 ,
3238 2657 3358 2698 cum
3389 2643 3626 2697 inimicos
3657 2641 3798 2694 veri-

2203 2737 2325 2792 tatis
2356 2736 2499 2804 ipsos
2529 2744 2691 2790 testes
2721 2735 2956 2788 veritatis
2981 2734 3179 2798 efficit,
3207 2743 3261 2787 et
3303 2749 3396 2788 sua
3430 2733 3604 2802 lingua
3630 2733 3798 2800 ipsam

2205 2827 2416 2883 firmare
2437 2838 2696 2896 satagunt.
2715 2826 2801 2881 25.
2820 2825 3161 2894 Consequutus
3175 2834 3247 2879 est
3265 2834 3432 2878 autem
3447 2823 3617 2876 Loban
3640 2822 3798 2876 Jaco-

2205 2919 2339 2973 bum.
2391 2918 2550 2973 Jacob
2578 2928 2744 2972 autem
2783 2918 2894 2986 ﬁxit
2931 2917 3303 2970 tabernaculum
3328 2933 3473 2970 suum
3497 2916 3547 2968 in
3589 2922 3750 2967 monte
3774 2932 3795 2967 :

2203 3010 2379 3066 Laban
2404 3028 2515 3065 vero
2541 3011 2791 3064 constituit
2826 3013 3006 3080 fratres
3029 3024 3147 3062 suos
3189 3009 3240 3060 in
3268 3017 3432 3060 monte
3458 3005 3674 3060 Gafaad.
3703 3001 3798 3058 26.

2204 3100 2347 3157 Discit
2367 3112 2530 3156 autem
2549 3101 2721 3155 Laban
2744 3100 2810 3152 ad
2823 3099 2981 3152 Jacob
3005 3115 3024 3152 :
3054 3097 3155 3151 Cur
3170 3098 3262 3151 hoc
3285 3097 3485 3166 fecisti?
3512 3095 3639 3149 Vide
3668 3108 3802 3162 quo-

2205 3195 2364 3250 modo
2391 3203 2709 3263 praeceptum
2757 3192 2848 3246 Dei
2879 3205 3123 3260 magnum
3165 3189 3303 3243 illius
3330 3187 3560 3241 calorem
3588 3199 3802 3255 repres-

2205 3287 2300 3350 sit,
2329 3294 2384 3339 et
2409 3283 2638 3340 furorem
2660 3282 2946 3338 refrenavit
2969 3299 2982 3333 :
3005 3290 3057 3335 et
3083 3279 3278 3334 idcirco
3303 3294 3422 3333 cum
3443 3291 3632 3348 magna
3651 3290 3802 3330 man-

2205 3377 2479 3432 suetudine
2495 3375 2817 3444 colloquium
2835 3373 3122 3428 habetcum
3152 3387 3217 3424 eo
3236 3411 3252 3435 ,
3281 3369 3432 3439 quasi
3446 3384 3505 3422 se
3519 3380 3801 3438 excusans,

2206 3480 2259 3523 et
2291 3477 2559 3536 paternam
2585 3465 2920 3520 dilectionem
2937 3477 3059 3532 erga
3089 3461 3233 3515 illum
3261 3461 3556 3514 declarans.
3583 3459 3803 3526 Quando

2205 3560 2348 3614 enim
2378 3571 2607 3626 superna
2651 3553 2982 3625 providentia
3024 3552 3176 3607 nobis
3212 3551 3442 3614 assistit,
3476 3565 3582 3603 non
3629 3549 3802 3603 solum

2211 3650 2472 3703 malorum
2505 3647 2776 3702 hominum
2805 3643 3023 3699 insidias
3069 3642 3301 3710 effugere
3343 3653 3659 3708 poseumus,
3708 3637 3803 3692 Sed

2205 3741 2304 3796 etsi
2353 3741 2406 3794 in
2455 3739 2652 3794 bestias
2687 3738 2829 3808 ipsas
2872 3734 3203 3796 incidamus,
3245 3733 3373 3786 nihil
3417 3731 3626 3786 adversi
3651 3730 3805 3785 nobis

2205 3833 2398 3888 evenit.
2429 3830 2674 3887 Omnium
2701 3829 2841 3884 enim
2875 3825 3126 3880 Dominus
3151 3839 3262 3878 sua:
3297 3823 3504 3875 virtutis
3552 3831 3806 3890 praestan-

2206 3929 2332 3980 tiam
2359 3926 2636 3981 declarans
2659 3963 2675 3988 ,
2705 3920 2993 3976 bestiarum
3024 3925 3190 3970 mutat
3216 3921 3455 3968 naturam
3475 3953 3490 3975 ,
3519 3926 3716 3979 easque
3745 3910 3799 3963 in

2205 4036 2333 4074 oves
2361 4026 2662 4071 mansuetas
2686 4011 3059 4066 transformat:
3085 4023 3189 4062 non
3219 4004 3359 4076 quod
3407 4003 3679 4058 bestialcin
3727 4001 3805 4055 eis

2207 4123 2447 4165 naturam
2495 4110 2735 4164 immolet
2758 4145 2772 4167 ,
2814 4103 2906 4156 sed
2937 4101 3145 4155 reiicms
3171 4099 3223 4152 in
3249 4107 3434 4152 natura
3463 4109 3556 4150 eas
3577 4136 3593 4161 ,
3626 4093 3804 4146 ovium

2207 4220 2385 4260 mores
2409 4212 2462 4256 et
2489 4213 2732 4255 naturam
2759 4197 3012 4251 exhibere
3039 4193 3249 4262 satagit.
3297 4190 3458 4260 quue
3496 4203 3600 4242 non
3631 4186 3802 4242 solum

2209 4299 2260 4354 in
2288 4297 2413 4352 feris
2431 4295 2550 4365 quis
2577 4293 2759 4348 videre
2789 4290 3020 4358 poterit,
3045 4287 3140 4342 sed
3175 4294 3228 4339 et
3256 4284 3308 4338 in
3332 4283 3610 4338 elementis
3656 4281 3799 4348 ipsis.

2207 4389 2430 4458 Quando
2453 4390 2592 4442 enim
2624 4385 2768 4450 vult,
2796 4393 2922 4438 tunc
2949 4391 3003 4436 et
3025 4382 3285 4435 elementa
3317 4378 3429 4446 ipsa
3459 4375 3668 4430 virtutis
3693 4387 3803 4426 sua:

2209 4483 2607 4543 obliviscuntur,
2629 4488 2684 4533 et
2708 4492 2880 4547 neque
2906 4476 3040 4545 ignis
3065 4473 3188 4527 facit
3215 4470 3355 4540 quod
3388 4470 3522 4538 ignis
3550 4467 3705 4520 solet.
3737 4463 3801 4518 Et

2212 4577 2312 4632 hoc
2331 4589 2538 4646 quoque
2557 4573 2762 4627 discere
2785 4570 2981 4640 poterit
3007 4565 3194 4635 aliquis
3208 4573 3322 4618 tam
3345 4563 3398 4617 in
3419 4560 3586 4615 tribus
3602 4557 3799 4628 pueris,

2210 4685 2363 4740 quam
2380 4669 2431 4722 in
2452 4667 2664 4721 Daniele
2680 4663 2898 4737 (Dan.6.
2914 4661 3026 4730 22).
3044 4659 3172 4714 Nam
3195 4657 3333 4712 hunc
3344 4654 3525 4710 leones
3535 4656 3802 4707 sicntoves

2211 4757 2639 4820 circumdabant,
2665 4766 2720 4811 et
2745 4768 2976 4823 superno
2995 4750 3190 4805 auxilio
3211 4755 3385 4802 retusa
3407 4758 3591 4800 eorum
3619 4741 3782 4795 feroci

2212 4860 2320 4906 tate
2343 4892 2358 4918 ,
2391 4849 2518 4905 nihil
2543 4849 2618 4903 illi
2649 4844 2970 4902 incommodi
2993 4842 3208 4897 dabant.
3235 4839 3366 4893 Nam
3395 4834 3535 4906 quod
3563 4832 3798 4888 ferocita-

2213 4951 2320 4999 tem
2349 4956 2454 4996 non
2482 4947 2792 4995 exercentes
2817 4935 2942 4990 ferat
2960 4975 2974 4998 ,
3008 4948 3124 4989 eam
3153 4939 3330 4986 tamen
3376 4925 3686 4983 retinuerint
3706 4964 3724 4992 ,
3773 4921 3803 4977 ii

2214 5035 2305 5106 qui
2331 5033 2458 5089 feris
2486 5030 2891 5087 truculentiores
2916 5035 3068 5082 erant
3095 5025 3267 5093 reipsa
3287 5019 3494 5090 experti
3522 5026 3666 5072 sunt.

2288 5126 2342 5181 5.
2385 5125 2496 5179 Hoc
2541 5132 2716 5177 autem
2762 5120 2828 5175 ad
2867 5118 3125 5188 majorem
3165 5116 3376 5170 illorum
3417 5109 3803 5166 accusationem

2223 5219 2421 5273 factum
2446 5223 2528 5271 est
2547 5257 2561 5279 ,
2585 5215 2708 5284 quia
2738 5214 2940 5267 ratione
2973 5209 3227 5279 insigniti,
3255 5203 3570 5260 crudelitate
3606 5199 3802 5254 bestias

2221 5309 2429 5364 ratione
2454 5316 2699 5362 carentes
2720 5303 3020 5358 vincebant.
3066 5298 3418 5364 Tandemque
3455 5293 3628 5360 reipsa
3664 5288 3799 5343 didi-

2219 5408 2408 5456 cerunt
2449 5398 2716 5468 quomodo
2759 5412 2825 5450 ex
2868 5392 3075 5448 Domini
3119 5387 3446 5460 providentia
3493 5383 3620 5438 ferte
3670 5381 3800 5448 ipsa:

2216 5494 2414 5561 justum
2441 5492 2548 5543 sint
2597 5487 2857 5551 reverittc,
2900 5498 3070 5553 neque
3117 5494 3260 5535 ausa:
3307 5476 3501 5531 fuerint
3543 5473 3657 5550 ejus
3682 5485 3799 5524 cor-

2222 5601 2319 5655 pus
2367 5584 2661 5651 attiugere:
2716 5578 2792 5631 illi
2839 5590 2967 5631 vero
3010 5573 3148 5628 feras
3193 5569 3520 5626 immanitate
3564 5577 3785 5634 supcra-

2252 5706 2291 5777 )‘
2323 5706 2420 5752 Sex
2469 5703 2610 5762 Mss.,
2657 5708 2702 5750 et
2745 5704 2796 5749 ut
2841 5698 2987 5763 hujus
3029 5695 3183 5761 Illita,
3222 5697 3304 5748 καὶ
3345 5698 3394 5743 αἱ
3443 5692 3614 5743 τούτου
3658 5693 3798 5750 Guyu-

2211 5782 2355 5828 τερες.
