4168 6264
420 283 524 339 ‘9‘.)

420 396 658 458 ταύτης.
678 390 774 444 καὶ
795 390 1018 445 ἄπελθε
1035 391 1121 456 εἰς
1145 389 1259 456 τὴν
1278 387 1354 457 γῆ
1360 404 1395 439 ν
1416 386 1523 454 τῆς
1544 384 1833 456 γενέσεώς
1853 398 1990 446 σου,

419 475 515 526 καὶ
539 472 750 540 ἔσομαι
768 469 917 537 μετὰ
946 469 1080 522 σοῦ.
1117 467 1257 534 Ἐγώ
1280 485 1360 518 σοι
1384 465 1655 534 πανταχοῦ
1680 465 1993 530 συνέσομαι,

418 554 513 606 καὶ
541 550 652 617 ἐγώ
679 566 760 602 σοι
792 548 888 618 τὴν
911 548 1219 618 ὁδοιπορίαν
1246 546 1459 614 εὐμαρῆ
1502 545 1829 612 καταστήσω
1848 580 1862 601 ,
1901 540 1993 618 καὶ

416 630 674 699 οὐδεμίαν
702 627 828 694 παρ’
850 617 1067 687 οὐδενὸς
1101 617 1394 697 νὺποστήσῃ
1438 622 1661 692 βλάϐην,
1706 624 1805 691 τῆς
1852 617 1993 699 ἐμῆς

414 697 595 773 δεξιᾶς
626 706 745 759 ἀντὶ
781 706 985 774 σκέπης
1032 703 1305 772 πανταχοῦ
1335 704 1627 772 γινομένης
1660 718 1761 752 σοι.
1802 697 1993 774 Ταῦτα

416 769 755 840 ἀκούσασαι
777 787 836 837 αἱ
870 769 1001 849 περί
1027 782 1141 850 τὴν
1167 769 1394 850 Ῥαχὴλ
1410 793 1435 821 ι
1460 769 1638 833 εἶπαν
1669 777 1828 842 αὐτῷ
1847 794 1859 805 ·
1894 769 1988 839 Μή

415 866 586 916 ἐστιν
612 862 756 930 ἡμῖν
779 862 970 930 μερὶς,
1005 862 1043 928 ἢ
1079 860 1445 929 κληρονομία
1485 859 1555 912 ἐν
1592 856 1671 922 τῷ
1708 858 1851 921 οἴκῳ
1883 851 1988 906 τοῦ

416 943 637 1011 πατρὸς
682 941 883 1008 τὐιῶνς
928 942 1051 1007 Οὐχ
1099 940 1178 1004 ὠς
1230 940 1541 1006 ἀλλότριαι
1590 937 1991 1005 λελογίσμεθα

414 1021 612 1085 abab;
660 1020 929 1086 Πέπρακε
974 1019 1083 1088 γὰρ
1125 1016 1304 1085 ἡμᾶς,
1340 1017 1439 1069 καὶ
1483 1016 1778 1085 κατέφαγε
1815 1031 1991 1067 κατα-

415 1100 624 1167 ϐρώσει
642 1099 706 1152 τὸ
737 1099 1017 1166 ἀργύριον
1036 1095 1221 1164 ἡμῶν.
1242 1096 1349 1148 Καὶ
1368 1096 1563 1147 πάντα
1590 1095 1697 1147 τὸν
1722 1093 1991 1147 πλοῦτον

414 1181 509 1233 καὶ
544 1179 657 1245 τὴν
682 1176 887 1240 δόξαν,
924 1174 1003 1243 ἣν
1029 1174 1309 1242 ἀφείλετο
1343 1175 1375 1226 ό
1426 1172 1569 1237 Θεὸς
1615 1172 1722 1224 τοῦ
1764 1171 1988 1238 πατρὸς

414 1255 601 1325 ἡμῶν,
630 1254 729 1308 σοὶ
753 1254 954 1307 ἔδωκε.
986 1254 1115 1307 Νῦν
1145 1253 1261 1305 ὅσα
1288 1250 1487 1318 εἴρηκέ
1500 1264 1597 1304 σοι
1627 1254 1659 1303 ό
1683 1250 1825 1315 Θεός
1846 1266 1984 1314 σου,

412 1334 589 1389 ποίει,
619 1334 759 1402 Ὅρα
781 1331 874 1384 καὶ
900 1330 1101 1391 ταύτας
1130 1330 1399 1399 ἑπομένας
1414 1331 1478 1398 τῇ
1505 1327 1598 1380 τοῦ
1615 1326 1749 1380 Θεοῦ
1770 1327 1984 1399 γνώμῃ,

413 1414 507 1464 καὶ
551 1411 807 1478 λογισμὸν
851 1410 1240 1478 ἀναντίρρητον
1295 1406 1639 1474 εἰσαγούσας.
1698 1407 1789 1476 Μὴ
1835 1407 1944 1476 γὰρ
1970 1444 1985 1470 ,

412 1490 595 1557 φησὶν,
636 1487 716 1539 ἔτι
767 1504 816 1538 τι
845 1486 1019 1538 κοινὸν
1068 1488 1196 1555 ἡμῖν
1231 1484 1367 1554 πρὸς
1409 1484 1501 1535 τὸν
1550 1484 1760 1553 πατέρα
1789 1483 1983 1553 ήμῶν;

414 1567 594 1631 ’Ἂπαξ
622 1569 729 1636 γὰρ
757 1567 981 1619 ἀπέδοτο
1012 1566 1176 1634 ἡμᾶς.
1220 1565 1331 1617 Τὸν
1360 1563 1565 1630 μέντοι
1596 1563 1864 1616 πλοῦτον
1887 1562 1986 1615 καὶ

406 1646 522 1711 τὴν
542 1646 750 1710 δόξαν,
780 1644 859 1710 ἣν
881 1644 1159 1712 ἀφείλετο
1185 1646 1217 1695 ό
1250 1642 1395 1706 Θεὸς
1411 1641 1517 1695 τοῦ
1537 1641 1761 1707 πατρὸς
1792 1639 1981 1709 ἡμῶν,

411 1725 509 1775 καὶ
540 1723 726 1777 ἔδωκέ
754 1737 874 1784 σοι,
902 1720 1072 1789 ἡμεῖς
1104 1720 1339 1787 ἕξομεν,
1358 1720 1455 1771 καὶ
1485 1719 1556 1771 τὰ
1586 1720 1766 1773 τέκνα
1791 1721 1980 1788 ἡμῶν.

388 1805 496 1872 .Μὴ
528 1803 685 1869 μέλλε
719 1798 830 1864 οῦν,
864 1802 998 1871 μηδὲ
1020 1798 1391 1862 διαναϐάλλου,
1409 1798 1543 1850 ἀλλά
1569 1798 1711 1850 ποίει
1736 1798 1805 1849 td
1831 1797 1983 1867 παρά

402 1882 496 1933 τοῦ
526 1880 659 1933 Θεοῦ
690 1896 769 1932 σοι
802 1878 1178 1948 ἐπιταχθέντα.
1208 1878 1338 1930 Νῦν
1365 1872 1479 1930 οὖν
1511 1876 1628 1929 ὅσα
1654 1875 1856 1944 εἵρηκέ
1882 1892 1982 1928 σοι

401 1964 435 2012 ὁ
475 1960 619 2024 Θεός
657 1974 803 2021 σου,
856 1959 1031 2011 ποίει.
1088 1958 1279 2009 Ταῦτα
1337 1955 1608 2019 ἀκούσας
1658 1957 1691 2007 ὀ
1741 1955 1979 2018 Ἰακὼϐ,

399 2040 671 2103 ἀναστὰς
697 2039 873 2093 ἔλαϐε
900 2037 1007 2102 τὰς
1024 2036 1312 2105 γυναῖκας
1332 2032 1518 2086 αὑτοῦ
1537 2034 1633 2086 καὶ
1663 2034 1735 2086 τὰ
1752 2034 1979 2093 παιδία,

399 2118 497 2170 κ(ιί
529 2119 889 2171 ἀνεϐίϐασεν
915 2116 1102 2179 αὑτὰς
1116 2114 1214 2167 ἐπὶ
1241 2112 1573 2181 καμήλους,
1593 2113 1689 2165 καί
1709 2112 1983 2182 ἀπήγαγε

398 2196 597 2248 πάντα
625 2196 697 2248 τὰ
717 2193 1065 2260 ὑπάρχοντα
1090 2191 1295 2253 αὐτοῦ,
1329 2190 1428 2243 καί
1456 2190 1570 2259 τὴν
1590 2191 1979 2259 ἀποσκευὴν,

406 2273 481 2339 ἣν
513 2271 977 2338 περιεποιήσατο
995 2272 1065 2322 ἐν
1087 2267 1159 2335 τῇ
1190 2268 1750 2338 Μεσοποταμίᾳ,Μί
1784 2268 1981 2322 πάντα

400 2351 472 2404 td
492 2350 701 2412 αὑτοῦ,
715 2350 997 2404 ἀπελθεῖν
1009 2347 1160 2413 πρὸς
1175 2345 1370 2399 Ἰσαὰκ
1396 2345 1502 2399 τὸν
1516 2346 1741 2413 πατέρα
1766 2348 1973 2401 αὑτοῦ.

470 2429 531 2483 δ’.
557 2429 755 2481 Σκόπει
781 2445 869 2497 μοι
900 2427 994 2479 τοῦ
1022 2425 1229 2478 δικαίου
1258 2426 1356 2494 τῆς
1382 2424 1558 2495 ψυχῆς
1582 2427 1681 2495 τὴν
1702 2426 1973 2497 ἀνδρείαν,

399 2510 494 2561 καὶ
527 2510 676 2569 ὅπως
716 2509 891 2559 πάντα
938 2505 1101 2573 φόϐον
1150 2505 1243 2556 καὶ
1290 2504 1530 2571 ἀγωνίαν
1574 2505 1975 2575 παρωσάμενος

398 2588 645 2641 ἐπείθετο
670 2586 745 2655 τῷ
774 2586 863 2639 τοῦ
906 2585 1173 2637 Δεσπότου
1215 2584 1565 2653 ἐπιτάγματι.
1618 2585 1833 2656 Ἐπειδὴ
1868 2586 1975 2656 γὰρ

398 2666 502 2719 εἶδε
528 2664 620 2718 τοῦ
654 2666 838 2717 Λά6αν
864 2666 960 2732 οὐχ
996 2662 1124 2731 ὑγιῆ
1152 2662 1248 2732 τὴν
1284 2662 1528 2733 γνώμην,
1555 2664 1654 2716 οὐκ
1691 2663 1768 2715 ἔτι
1798 2665 1970 2717 καθά-

396 2763 501 2813 περ
546 2746 806 2813 πρότερον
838 2740 1102 2797 πυθέσθαι
1142 2742 1304 2795 αὐτὸν
1342 2743 1697 2807 κατεδέξατο,
1746 2744 1881 2797 ἀλλά
1914 2746 1974 2799 τὸ

397 2824 733 2895 προσταχθὲν
770 2824 918 2893 παρά
938 2821 1031 2874 τοῦ
1067 2822 1359 2886 Δεσπότου,
1387 2822 1642 2892 ἐπλήρου,
1676 2824 1769 2874 καὶ
1793 2823 1973 2876 λαϐὼν

394 2905 492 2963 τὰς
525 2905 785 2970 γυναῖκας
812 2902 904 2953 καὶ
932 2901 997 2954 τὰ
1020 2901 1205 2953 παιδία
1229 2902 1432 2969 ἥπτετο
1470 2902 1565 2965 τῆς
1595 2899 1735 2954 ὀδοῦ.
1772 2901 1977 2956 Λάϐαν

396 2981 482 3040 δὲ,
503 2983 685 3050 φησιν,
702 2980 887 3045 ᾤχετο
904 2980 1091 3045 κεῖραι
1119 2980 1189 3031 τὰ
1213 2981 1475 3045 πρόϐατα
1492 2980 1977 3050 αὐτοῦῙΕκλεψε

396 3058 464 3108 δὲ
495 3059 720 3126 Ῥαχὴλ
744 3059 813 3111 τὰ
834 3058 1052 3111 εἴδωλα
1069 3057 1173 3110 τοῦ
1190 3058 1413 3126 πατρὸς
1427 3057 1635 3125 αὐτῆς.
1660 3059 1770 3129 Οὐχ
1787 3061 1974 3123 ἁπλῶς

396 3138 515 3190 οὐδὲ
544 3139 701 3190 τοῦτο
728 3139 1074 3206 πρόσκειται.
1103 3136 1217 3189 ἀλλ’
1255 3137 1343 3190 ἵνα
1370 3137 1607 3205 γνῶμεν,
1632 3137 1748 3200 πῶς
1769 3138 1848 3191 ἔτι
1876 3140 1974 3208 τῆς

397 3219 665 3286 πατρικῆς
694 3216 897 3285 εἴχοντο
926 3215 1227 3284 συνηθείας.
1261 3216 1353 3268 καὶ
1383 3215 1582 3287 πολλὴν
1614 3217 1712 3287 τὴν
1744 3219 1872 3288 περί
1902 3220 1972 3271 td

395 3295 585 3347 εἴδωλα
616 3295 907 3365 θεραπείαν
948 3294 1344 3347 ἐπεδείκνυντο.
1386 3294 1669 3365 Ἐννόησον
1707 3294 1815 3366 γὰρ
1840 3297 1971 3365 ὅσην

395 3374 531 3443 αὕτη
563 3372 796 3442 σπουδὴν
822 3373 1134 3441 ἐποιήσατο,
1162 3374 1232 3436 ὼς
1270 3372 1435 3441 μηδὲν
1463 3372 1649 3442 ἕτερον
1679 3373 1969 3442 ὑφελέσθαι

392 3452 499 3503 τῶν
536 3451 629 3504 τοῦ
683 3452 920 3522 πατρὸς,
973 3451 1108 3503 ἀλλὰ
1144 3452 1211 3504 td
1246 3451 1439 3503 εἴδωλα
1484 3451 1639 3514 μόνα,
1694 3453 1973 3506 καὶτοῦτο

392 3533 563 3585 ἐποίει
589 3532 681 3584 καὶ
709 3533 800 3584 τὸν
828 3531 995 3602 ἄνδρα
1026 3531 1379 3583 λανθάνουσα·
1405 3530 1525 3583 οὐδὲ
1547 3529 1655 3600 γάρ
1680 3529 1743 3584 ἂν
1766 3534 1972 3595 ἐκεῖνος

393 3611 736 3679 συνεχώρησε
764 3611 936 3662 ταῦτα
980 3610 1253 3676 γενέσθαι.
1302 3610 1567 3677 Ἔκρυψε
1621 3607 1725 3668 δὲ,
1770 3611 1967 3679 φησὶν,

405 3688 613 3740 Ἰακὼϐ
625 3689 826 3740 Λάϐαν
844 3688 949 3739 τὸν
968 3689 1182 3753 Σύρον,
1201 3686 1306 3739 τοῦ
1316 3686 1402 3753 μὴ
1422 3685 1769 3754 ἀναγγεῖλαι
1788 3686 1968 3750 αὐτῷ,

393 3766 479 3819 ὅτι
514 3766 960 3834 ἀποδιδράσκει.
1002 3767 1110 3819 Καὶ
1142 3765 1373 3831 ἀπέδρα
1404 3766 1607 3828 αὐτὸς,
1643 3766 1741 3817 καὶ
1774 3766 1972 3818 πάντα

391 3843 463 3895 td
492 3844 699 3906 αὑτοῦ,
720 3844 816 3896 καὶ
848 3844 1009 3909 διέϐη
1029 3843 1135 3895 τὸν
1155 3840 1443 3909 ποταμὸν,
1468 3843 1567 3894 καὶ
1590 3842 1866 3909 ὥρμησεν
1884 3846 1971 3908 εἰς

392 3920 457 3972 τὸ
490 3920 626 3985 ὅρος
653 3920 919 3973 Γαλαάδ.
947 3922 1057 3973 Θέα
1096 3937 1183 3989 μοι
1224 3920 1323 3989 τὴν
1354 3919 1554 3990 πολλὴν
1582 3918 1675 3971 τοῦ
1716 3918 1849 3971 Θεοῦ
1877 3922 1970 3973 καὶ

392 3997 621 4051 ἐνταῦθα
649 3998 923 4067 πρόνοιαν,
944 4000 1111 4061 ὅπως,
1136 3997 1328 4067 μέχρις
1342 3997 1430 4048 ὅτε
1451 3996 1732 4068 πόρρωθεν
1750 3997 1969 4065 γέγονεν

388 4076 417 4129 6
442 4078 668 4140 δίκαιος,
700 4076 760 4128 οὐ
794 4075 1137 4146 συνεχώρησε
1162 4076 1240 4143 τῷ
1260 4074 1446 4127 Λά6αν
1469 4076 1548 4136 εἰς
1568 4074 1767 4140 γνῶσιν
1794 4075 1969 4128 ἐλθεῖν

388 4156 482 4227 τὴν
495 4156 839 4227 ἀναχώρησιν
860 4154 954 4207 τοῦ
972 4153 1185 4207 Ἰακώϐ.
1213 4151 1402 4219 Τριῶν
1423 4151 1532 4222 γάρ
1555 4151 1964 4228 ἡμερῶν.[554]

386 4236 539 4304 φησί,
569 4233 1020 4302 παρελθουσῶν,
1051 4231 1132 4296 τῷ
1152 4231 1357 4285 Λάϐαν
1379 4229 1676 4298 ἐγνώσθη.
1710 4232 1820 4284 Καὶ
1858 4246 1966 4286 παι

378 4314 654 4379 ραλαϐὼν
686 4312 919 4376 πάντας
946 4311 1088 4377 τοὺς
1114 4307 1419 4377 ἀδελφοὺς
1462 4308 1650 4362 αὑτοῦ
1676 4309 1804 4376 μεθ’
1825 4310 1964 4363 ἐαυ-

382 4392 488 4446 τοῦ
510 4432 523 4453 ,
552 4392 800 4455 ἐδίωξεν
849 4392 1040 4444 ὀπίσω
1086 4388 1272 4442 αὑτοῦ
1315 4385 1459 4439 ὁδὸν
1489 4387 1725 4454 ἡμερῶν
1773 4387 1961 4441 ἑπτά·

384 4470 481 4524 καὶ
513 4471 837 4523 κατέλαϐεν
868 4469 1055 4523 αὐτὸν
1085 4468 1155 4519 ἐν
1184 4466 1265 4530 τῷ
1296 4466 1414 4532 ὄρει
1461 4465 1726 4519 Γαλαιὶδ.
1763 4467 1962 4521 Σκόπει

384 4549 544 4601 πάλιν
570 4550 669 4617 τὴν
690 4548 893 4616 ἄφατον
910 4547 1003 4599 τοῦ
1028 4544 1163 4597 Θεοῦ
1190 4543 1534 4613 κηδεμονίαν.
1568 4544 1625 4597 Ὀ
1640 4544 1749 4615 γὰρ
1769 4545 1958 4609 εἰπὼν,

395 4628 751 4695 Ἀπόστρεφε
800 4628 886 4690 εἰς
926 4625 1042 4692 τὴν
1084 4623 1200 4692 γῆν
1244 4640 1383 4687 σου,
1431 4624 1531 4677 καὶ
1568 4625 1779 4693 ἔσομαι
1810 4626 1962 4694 μετὰ

380 4706 519 4765 σοῦ,
541 4697 695 4766 οὗτος
716 4704 808 4756 καὶ
825 4703 919 4757 νῦν
938 4702 1036 4772 τὴν
1065 4702 1271 4754 οἰκείαν
1296 4701 1660 4755 ἐπιδείκνυται
1681 4704 1957 4772 πρόνοιαν.

398 4780 610 4851 Ἐπειδὴ
638 4780 746 4850 γὰρ
776 4775 881 4832 εῐδε
906 4777 997 4832 τὸν
1026 4779 1213 4831 Λά6αν
1247 4778 1385 4847 μετὰ
1419 4777 1619 4847 πολλῆς
1648 4778 1961 4849 ἀγανακτή-

381 4876 517 4922 σεως
548 4858 952 4927 καταδιώκοντα
973 4858 1063 4909 τὸν
1088 4857 1315 4920 δίκαιον,
1343 4858 1435 4909 καὶ
1462 4856 1638 4927 δίκην,
1659 4856 1734 4918 ὼς
1762 4859 1956 4920 εἰπεῖν,

378 4939 777 5008 εἰσπράξασθαι
824 4936 1146 5007 βουλόμενον
1202 4937 1304 5005 τῆς
1359 4937 1778 5006 ἀναχωρήσεως,
1840 4938 1959 4990 ἐπι-

377 5018 624 5083 φαίνεται
674 5016 751 5080 τῷ
797 5016 981 5068 Λά6αν
1026 5014 1147 5068 καθ’
1195 5014 1361 5067 ὕπνον
1417 5014 1515 5084 τὴν
1553 5015 1741 5068 νύκτα.
1771 5010 1959 5071 Ἶιλθε

375 5097 463 5157 δὲ,
512 5095 695 5165 φησὶν,
750 5096 783 5146 ὀ
825 5094 969 5159 Θεὸς
1002 5094 1151 5159 πρὸς
1184 5093 1389 5147 Λάϐαν
1438 5092 1549 5146 τὸν
1595 5096 1791 5160 Σύρον
1844 5096 1959 5163 τὴν

375 5175 587 5234 νύκτα,
620 5171 718 5224 καὶ
755 5167 925 5224 εἷπεν
961 5172 1143 5236 αὐτῷ.
1178 5174 1323 5243 Ὅρα
1359 5171 1499 5225 Θεοῦ
1526 5171 1953 5239 συγκαταϐασιν,

375 5255 468 5305 καὶ
501 5254 647 5313 ὅπως
672 5252 759 5303 διὰ
788 5250 889 5321 τὴν
921 5250 1049 5320 περί
1077 5251 1167 5303 τὸν
1189 5251 1394 5304 δίκαιον
1414 5251 1740 5321 κηδεμονίαν
1766 5253 1859 5305 καὶ
1878 5252 1957 5321 τῷ

375 5331 557 5384 Λά6αν
587 5328 913 5396 διαλέγεται,
936 5330 1022 5381 ἵνα
1045 5330 1375 5393 κατασείσας
1405 5329 1570 5383 αὑτοῦ
1593 5329 1692 5401 τὴν
1718 5330 1954 5385 διάνοιαν

374 5409 654 5478 ἀποστήσῃ
710 5406 809 5475 τῆς
865 5406 1006 5459 κατά
1058 5407 1150 5459 τοῦ
1211 5406 1405 5459 Ἰακὼϐ
1456 5410 1650 5479 ὁρμῆς.
1686 5410 1955 5472 Φύλαξαι

374 5486 650 5547 σεαυτὸν,
684 5485 914 5553 μήποτε
961 5486 1244 5552 λαλήσῃς
1284 5486 1433 5555 μετὰ
1465 5488 1571 5541 τοῦ
1610 5488 1811 5541 Ἰακὼϐ
1844 5504 1951 5540 πο-

376 5564 540 5631 νηρά.
575 5564 750 5634 Πολλὴ
773 5564 865 5615 τοῦ
894 5566 1162 5617 Δεσπότου
1183 5568 1215 5635 ἡ
1238 5567 1530 5636 ἀγαθότης.
1569 5567 1785 5638 Ἐπειδὴ
1806 5567 1952 5639 ἐώρα

374 5643 534 5695 αὑτὸν
564 5644 697 5711 πρὸς
731 5642 908 5711 μάχην
948 5643 1319 5714 ἐπειγόμενον,
1356 5646 1449 5700 καὶ
1478 5646 1945 5715 κατεξαναστῆναι

432 5811 456 5878 f
485 5810 563 5857 Sic
579 5811 761 5878 jgdicgn}
790 5809 1059 5878 Rachelcm
1085 5820 1135 5867 cl
1172 5815 1309 5869 Limn
1337 5831 1471 5869 more
1508 5818 1802 5872 ercorum.
1827 5819 1952 5878 LXX

372 5870 551 5923 habent
579 5871 757 5936 Ῥαχὴλ
778 5872 856 5921 καί
887 5874 1024 5927 Λεία.
1052 5920 1057 5923 .

1438 274 1502 327 IN
1541 272 1691 327 CAP.
1736 269 1880 325 XXX
1925 271 1964 319 (ἶ

2075 266 2170 319 ES.
2217 264 2448 319 “OBHL.
2493 264 2649 317 LV".
3572 267 3679 321 500

2098 391 2194 444 τοῦ
2216 390 2422 443 δικαίου
2450 389 2789 459 βουλόμενον,
2814 384 3090 455 μονονουχί
3104 383 3190 436 διὰ
3215 382 3455 453 ῥήματος
3486 384 3679 439 καθέλ-

2098 491 2179 525 κει
2205 473 2367 525 αὑτοῦ
2390 473 2481 523 τὸν
2511 470 2789 539 λογισμὸν,
2817 468 2906 521 καί
2927 483 3076 537 φησι·
3101 466 3367 529 Φύλαξαι
3392 468 3676 533 σεαυτὸν,

2089 556 2322 624 μήποτε
2340 557 2623 623 λαλήσῃς
2644 553 2793 622 μετὰ
2822 552 3019 604 Ἰακὼϐ
3038 552 3323 615 πονηρόν.
3344 550 3495 619 Μηδὲ
3519 551 3679 623 μέχρι

2095 638 2373 707 ῥημάτων,
2422 638 2603 706 φησὶν,
2640 636 2994 704 ἐπιχειρήσῃς
3038 632 3279 701 λυπῆσαι
3324 631 3415 685 τὸν
3460 633 3675 701 Ἰακὼϐ,

2092 719 2226 772 ἀλλά
2255 720 2485 787 φύλαξαι
2529 719 2774 779 σεαυτὸν,
2805 716 3029 784 ἐπίσχες
3073 731 3167 767 σου
3208 714 3306 783 τὴν
3342 714 3516 784 κακὴν
3541 714 3697 767 τιιύι-Δ

2090 818 2189 869 την
2216 802 2415 872 ὁρμὴν,
2445 799 2794 853 κατάστειλαι
2829 798 2921 852 τὸν
2960 797 3155 867 θυμὸν,
3201 796 3546 865 ἀναχαίτισόν
3580 815 3675 851 σου

2091 884 2438 953 θυμουμένην
2464 882 2566 952 τὴν
2608 882 2867 942 διάνοιαν,
2915 880 3010 932 καὶ
3046 878 3181 949 μηδέ
3223 880 3385 948 μέχρι
3433 880 3677 950 ῥήματος

2090 965 2329 1035 λυπῆσαι
2354 965 2518 1018 αὐτὸν
2553 965 2784 1033 ἀνάσχῃ.
2816 961 2927 1015 Καὶ
2958 961 3148 1015 σκόπει
3181 978 3266 1031 μοι
3306 961 3439 1014 Θεοῦ
3482 963 3674 1031 φιλαν-

2089 1049 2356 1119 θρωπίαν,
2407 1048 2481 1102 Οὐ
2540 1046 2842 1117 προσέταξε
2886 1044 2965 1113 τῷ
3017 1043 3202 1097 Λά6αν
3251 1046 3329 1107 εἰς
3378 1044 3447 1098 td
3499 1046 3675 1100 οἰκεῖα

2088 1132 2447 1204 ὑποστρέψαι,
2478 1131 2612 1185 ἀλλά
2662 1130 2819 1199 μόνον
2860 1126 3297 1198 παρεκελεύσατο
3345 1129 3509 1197 μηδὲν
3543 1147 3676 1201 φορ-

2086 1214 2256 1278 τικὸν,
2305 1214 2439 1284 μηδέ
2484 1213 2718 1283 ὲπαχθές
2754 1210 3103 1279 διαλεχθῆναι
3146 1209 3225 1279 τῷ
3266 1209 3481 1280 δικαίῳ.
3518 1210 3674 1274 Τίνος

2085 1298 2289 1361 ἕνεκεν,
2319 1297 2409 1348 καὶ
2437 1297 2526 1349 διὰ
2548 1296 2600 1347 τί
2623 1313 2638 1361 ;
2668 1295 2787 1346 Ἵνα
2819 1292 2965 1362 μάθῃ
2998 1291 3092 1343 καὶ
3119 1292 3207 1344 διὰ
3236 1291 3343 1343 τῶν
3374 1291 3551 1361 ἔργων
3572 1294 3671 1346 αὐ-

2084 1379 2192 1431 τῶν
2224 1381 2252 1431 6
2289 1378 2494 1440 δίκαιος
2527 1379 2621 1430 καὶ
2658 1376 2747 1429 διά
2781 1376 2889 1427 τῶν
2929 1375 3290 1444 πραγμάτων,
3330 1375 3460 1443 ὅσης
3491 1374 3683 1438 ἀξιοῦ-Δ

2085 1478 2173 1514 ται
2201 1460 2352 1530 παρὰ
2382 1461 2475 1513 τοῦ
2505 1459 2638 1513 Θεοῦ
2665 1460 2762 1527 τῆς
2794 1456 3139 1527 κηδεμονίας.
3179 1457 3241 1508 Εἰ
3269 1456 3377 1526 γὰρ
3408 1456 3672 1528 ὑπέστρε-

2083 1542 2182 1611 ψεν
2213 1544 2240 1596 6
2267 1542 2473 1607 Λά6αν,
2508 1542 2670 1594 πόθεν
2720 1542 2785 1594 ἂν
2824 1538 2982 1591 τοῦτο
3011 1538 3159 1605 ἔγνω
3186 1541 3213 1591 6
3256 1538 3482 1602 Ἰακὼϐ,
3532 1541 3566 1611 ἢ
3614 1542 3669 1593 αἱ

2083 1624 2276 1677 τούτου
2328 1628 2619 1693 γυναῖκες;
2683 1622 2795 1676 Καὶ
2846 1622 2933 1675 διὰ
2980 1621 3139 1673 τοῦτο
3192 1625 3465 1692 συγχωρεῖ
3510 1624 3681 1676 αὑτὸν

2082 1708 2357 1771 ἀπελθεῖν,
2395 1706 2487 1761 καί
2512 1707 2599 1760 διὰ
2625 1709 2725 1777 τῆς
2756 1705 2959 1767 οἰκείας
2981 1702 3226 1772 γλώττης
3246 1706 3579 1775 ὁμολογῆσαι
3602 1707 3671 1760 τὰ

2083 1791 2234 1859 παρὰ
2260 1790 2355 1843 τοῦ
2404 1790 2539 1844 Θεοῦ
2570 1790 2704 1861 πρὸς
2725 1789 2887 1844 αὐτὸν
2904 1787 3157 1858 ῥηθέντα,
3180 1788 3264 1839 ἵνα
3287 1788 3380 1842 καί⁵
3396 1792 3440 1853 ,ὁ
3464 1790 3673 1854 δίκαιος

2084 1873 2301 1926 πλείονα
2318 1874 2416 1942 τὴν
2433 1872 2741 1944 προθυμίαν
2770 1872 3035 1940 κτήσηται
3057 1870 3186 1939 περὶ
3212 1870 3311 1937 τὴν
3335 1871 3669 1941 ἀποδημίαν,

2082 1958 2177 2008 καὶ
2208 1956 2405 2026 θάρσος
2434 1955 2737 2026 προσλάϐῃ,
2768 1953 2862 2005 καὶ.
2914 1956 2970 2007 αἰ
3032 1952 3222 2004 τούτου
3262 1956 3520 2020 γυναῖκες
3562 1972 3662 2023 μα-

2082 2038 2271 2091 θοῦσαι
2313 2040 2445 2109 ὅσης
2488 2036 2731 2102 ἀξιοῦται
2767 2038 2796 2088 6
2833 2033 3024 2088 Ἰακὼϐ
3064 2034 3215 2104 παρά
3256 2035 3348 2087 τοῦ
3385 2036 3492 2087 τῶν
3532 2036 3692 2090 ὅλων-

2081 2120 2215 2173 Θεοῦ
2269 2120 2366 2189 τῆς
2414 2120 2767 2191 κηδεμονίας,
2820 2117 3214 2171 ἀποσείσωνται
3263 2118 3362 2187 τὴν
3398 2119 3681 2189 πατρικὴν

2082 2202 2289 2273 πλάνην
2319 2207 2410 2256 καὶ
2434 2200 2717 2273 ζηλώσωσι
2746 2201 2835 2253 τὸν
2854 2200 3080 2263 δίκαιον,
3106 2200 3197 2252 καί¹
3229 2199 3558 2267 θεογνωσίας
3582 2204 3666 2253 ἐν·

2078 2284 2270 2338 τεῦθεν
2321 2285 2593 2355 ἀρκοῦσαν
2643 2283 2995 2336 διδασκαλίαν
3049 2282 3329 2348 δέξωνται.
3379 2284 3512 2336 υύδὲ
3558 2285 3681 2356 γὰρ

2079 2367 2249 2431 οὕτως
2273 2364 2340 2437 ἦν
2368 2368 2436 2420 τὰ
2466 2368 2615 2437 παρά
2639 2367 2733 2419 τοῦ
2772 2366 2964 2419 Ἰακὼϐ
2991 2364 3301 2430 ἀξιόπιστα,
3325 2366 3400 2430 ὡς
3424 2366 3491 2420 td
3516 2371 3666 2439 παρὰ

2077 2450 2171 2503 τοῦ
2210 2450 2391 2503 Λά6αν
2420 2450 2715 2519 λεγόμενα,
2746 2448 2841 2501 τοῦ
2875 2449 2956 2500 ἐτι
2996 2449 3122 2518 περί
3151 2447 3221 2501 td
3249 2448 3442 2501 εἴδωλα
3466 2452 3664 2519 ἐπτοη-

2082 2534 2261 2603 μένου.
2300 2535 2365 2586 Αἱ
2391 2534 2499 2604 γὰρ
2525 2534 2675 2603 παρὰ
2701 2531 2809 2585 τῶν
2836 2532 3081 2585 ἀπίστων
3114 2533 3406 2601 μαρτυρίαι
3430 2536 3522 2586 καὶ
3555 2535 3663 2587 τῶν

2077 2616 2291 2687 ἐχθρῶν
2323 2617 2421 2686 τῆς
2443 2617 2728 2679 εὐσεϐείας
2750 2616 2837 2668 ἀεὶ
2870 2616 3005 2668 πολὺ
3034 2616 3093 2667 τὸ
3122 2615 3429 2680 ἀξιόπιστον
3458 2616 3659 2686 ἔχουσι.

2077 2700 2187 2753 Καὶ
2223 2698 2381 2751 τοῦτο
2398 2698 2507 2769 γὰρ
2533 2700 2631 2770 τῆς
2661 2697 2971 2769 εὐμηχάνου
2997 2697 3093 2750 τοῦ
3132 2698 3265 2751 Θεοῦ
3296 2699 3515 2766 σοφίας,
3534 2700 3662 2753 ὅταν

2074 2783 2169 2834 καὶ
2193 2782 2318 2846 τοὺς
2342 2782 2568 2853 ἐχθροὺς
2596 2782 2697 2851 τῆς
2720 2782 2979 2851 ἀληθείας
2998 2782 3196 2842 αὐτοὺς
3225 2780 3509 2852 μάρτυρας
3532 2785 3661 2854 ποιῇ

2072 2864 2323 2933 γενέσθαι
2344 2869 2443 2935 τῆς
2465 2865 2743 2934 ἀληθείας,
2770 2865 2865 2919 καὶ
2882 2864 2967 2917 διὰ
2988 2865 3087 2933 τῆς
3105 2865 3311 2927 οἰκείας
3330 2865 3575 2935 γλώττης
3594 2868 3669 2919 τάν

2073 2947 2211 3000 αὺτά
2266 2948 2754 3016 συναγωνίζωνται.
2820 2946 3116 3000 Κατέλαϐε
3165 2945 3234 2997 δὲ
3296 2947 3503 3000 Λάϐαν
3556 2950 3660 3002 τὸν

2086 3030 2309 3085 Ἰακώϐ.
2356 3029 2559 3083 Ἰακὼϐ
2574 3029 2641 3081 δὲ
2665 3028 2854 3095 ἔπηξε
2880 3029 2995 3094 τὴν
3020 3027 3262 3095 σκηνὴν
3282 3028 3471 3082 αὐτοῦ
3491 3030 3561 3083 ἐν
3581 3030 3680 3097 τῷ.

2073 3113 2194 3179 ὄρει
2216 3131 2228 3143 ·
2270 3113 2472 3167 Λά6αν
2501 3112 2567 3165 δὲ
2602 3113 2828 3179 ἔστησε
2856 3111 2996 3176 τοὺς
3025 3110 3327 3179 ἀδελφοὺς
3365 3113 3550 3166 αὐτοῦ
3590 3114 3661 3167 ἐν

2071 3193 2151 3259 τῷ
2191 3195 2306 3262 ὄρει
2337 3194 2606 3249 Γαλαάδ.
2644 3196 2751 3249 Καὶ
2793 3190 2924 3248 εἷπε
2966 3193 3168 3247 Λάϐαν
3208 3193 3288 3259 τῷ
3332 3193 3556 3247 Ἰακώϐ⁹
3600 3195 3659 3250 Τί

2071 3278 2247 3332 τοῦτο
2272 3280 2597 3345 ἐποίησας-ξ
2630 3279 2768 3349 Ὅρα
2797 3277 2915 3340 πῶς
2946 3277 3006 3329 τὸ
3035 3277 3184 3347 παρὰ
3217 3275 3310 3328 τοῦ
3326 3276 3460 3329 Θεοῦ
3492 3279 3660 3349 πρόσ-

2072 3379 2260 3431 ταγμα
2322 3363 2421 3431 τὴν
2449 3360 2649 3430 πολλὴν
2674 3359 2837 3413 αὐτοῦ
2868 3360 3173 3429 φλεγμονὴν
3202 3360 3534 3427 κατέστειλε,
3564 3360 3663 3415 καὶ

2068 3445 2161 3497 τὸν
2192 3445 2359 3515 θυμὸν
2382 3444 2697 3515 ἐχαλίνωσε.
2722 3444 2821 3497 Διά
2858 3443 3018 3495 τοῦτο
3071 3438 3206 3512 μετά
3240 3443 3442 3514 πολλῆς
3460 3445 3659 3515 ἡμερό-

2069 3544 2231 3597 τητος
2264 3528 2390 3591 τοὺς
2443 3527 2579 3598 πρὸς
2624 3527 2787 3580 αὐτὸν
2833 3528 3066 3578 ποιεῖται
3098 3526 3325 3594 λόγους,
3376 3527 3681 3597 μονονουχὶ.

2071 3610 2523 3679 ἀπολογούμενος,
2561 3610 2653 3662 καὶ
2683 3609 2957 3680 πατρικὴν
2981 3609 3366 3678 φιλοστοργίαν
3397 3612 3524 3680 περὶ
3561 3610 3660 3660 αὐ..

2070 3691 2160 3743 τὸν
2208 3690 2673 3759 ἐπιδεικνύμενος.
2722 3690 2892 3742 Ὅταν
2943 3690 3052 3760 γὰρ
3088 3688 3239 3758 [555]
3295 3690 3395 3755 τῆς
3450 3690 3661 3743 ἀνωθεν

2072 3767 2435 3835 ἀπολαύωμεν
2462 3767 2738 3836 προνοίας,
2767 3769 2825 3818 οὔ
2865 3768 3022 3835 μόνον
3066 3767 3174 3819 τῶν
3208 3767 3507 3835 ἀνθρώπων
3545 3766 3677 3819 τῶν.

2070 3845 2320 3914 πονηρῶν
2356 3844 2637 3912 διαφυγεῖν
2674 3844 2947 3913 δυνάμεθα
3000 3844 3099 3906 td;
3142 3844 3469 3906 ἐπιϐουλὰς,
3516 3844 3683 3897 ἀλλὰν

2070 3924 2162 3976 καὶ
2195 3923 2402 3992 θηρίοις
2436 3921 2733 3992 ἀνημέροις
2765 3922 2860 3974 ἐὰν
2892 3923 3313 3992 περιπέσωμεν,
3348 3922 3499 3975 οὐδὲν
3528 3923 3658 3976 ὑπος

2070 4000 2383 4070 στησόμεθα
2407 3999 2596 4054 δεινόν.
2643 4000 2700 4053 '0
2719 4001 2827 4071 γὰρ
2854 4000 2960 4053 τῶν
2992 4002 3243 4055 ἁπάντων
3264 4002 3541 4071 Δεσπότης
3556 4002 3655 4071 τῆς

2066 4080 2271 4142 οἰκείας
2306 4079 2588 4148 δυνάμεως
2615 4078 2712 4150 τὴν
2744 4079 3059 4149 περιουσίαν
3084 4078 3540 4148 ἐπιδεικνύμενος,
3562 4082 3655 4133 καὶ

2067 4157 2176 4210 τῶν
2213 4157 2416 4226 θηρίων
2445 4157 2768 4226 μεταϐάλλει
2797 4160 2895 4228 τὴν
2922 4159 3103 4227 φύσιν,
3141 4159 3234 4211 καὶ
3264 4160 3343 4221 εἰς
3367 4160 3654 4228 προϐάτων

2065 4238 2378 4307 ἡμερότητα
2402 4238 2539 4290 αὑτά
2569 4238 2907 4307 μεθίστησιν,
2931 4239 3051 4307 οὑχί
3082 4240 3179 4307 τῆς
3201 4238 3493 4308 θηριωδίας
3514 4238 3654 4292 αὐτὰ
3676 4276 3677 4279 η

2068 4314 2345 4383 μεθιστὰς.
2386 4314 2502 4366 ἀλλ’
2535 4315 2591 4365 ἐν
2625 4316 2763 4387 αὐτῇ
2792 4319 2855 4385 τῇ
2905 4316 3063 4383 φύσει
3103 4317 3552 4384 καταλιμπάνων,
3584 4318 3654 4369 τὰ

2062 4394 2170 4446 τῶν
2197 4392 2482 4463 προϐάτων
2514 4394 2914 4446 ἐπιδείκνυσθαι
2948 4396 3374 4465 παρασκευάζει.
3416 4396 3524 4447 Καὶ
3553 4395 3654 4448 οὐκ

2064 4471 2292 4523 ἐπὶτῶν
2324 4471 2527 4540 θηρίων
2569 4472 2728 4541 μόνον
2761 4472 2917 4525 τοῦτο
2954 4473 3051 4525 ἴδοι
3085 4491 3170 4535 τις
3228 4474 3292 4527 ἂν
3316 4515 3331 4537 ,
3383 4473 3519 4526 ἀλλά
3552 4474 3650 4525 καὶ

2063 4551 2150 4603 ἐπ’
2184 4548 2362 4602 αὐτῶν
2387 4550 2495 4601 τῶν
2528 4551 3001 4620 στοιχείων.⁹’οταν
3037 4552 3143 4620 γάρ
3172 4552 3332 4613 αὐτὸς
3364 4550 3645 4618 βούληται,

2065 4629 2160 4680 καὶ
2189 4627 2258 4680 τὰ
2288 4630 2524 4697 στοιχεῖα
2551 4628 2687 4681 αὑτά
2718 4629 2813 4697 τῆς
2862 4629 3069 4689 οἰκείας
3115 4630 3390 4697 ἐνεργείας
3429 4628 3648 4680 ἐπιλαν-

2065 4707 2308 4771 θάνεται,
2342 4708 2438 4760 καὶ
2488 4708 2609 4759 οὑδέ
2638 4706 2751 4776 πῦρ
2782 4706 2848 4759 τὰ
2881 4706 3052 4775 πυρὸς
3094 4707 3477 4759 ἐπιδείκνυται.
3537 4707 3648 4759 Καὶ

2063 4785 2221 4838 τοῦτό
2256 4803 2341 4848 τις
2373 4785 2677 4855 καταμάθοι
2701 4786 2793 4838 ἐπί
2820 4802 2877 4836 τε
2903 4786 3013 4837 τῶν
3036 4785 3205 4854 τριῶν
3232 4786 3455 4850 παίδων,
3479 4787 3569 4839 ἐπί
3586 4803 3647 4837 τε

2062 4863 2157 4917 τοῦ
2188 4864 2409 4933 Δανιὴλ.
2442 4863 2500 4916 '0
2538 4866 2635 4933 μὲν
2671 4863 2776 4916 ὑπὸ
2804 4863 3032 4916 λεόντων
3060 4864 3553 4934 περιστατούμενος
3593 4866 3643 4930 1),

2063 4942 2138 5004 ὡς
2169 4943 2277 4996 ὑπὸ
2294 4941 2579 5012 προϐάτων
2605 4941 2989 5009 κυκλούμενος,
3010 4942 3164 4995 οὐδὲν
3197 4942 3432 5012 ἔπασχεν
3459 4942 3645 5012 ἀηδὲς,

2062 5023 2164 5088 τῆς
2196 5018 2405 5071 ἄνωθεν
2437 5018 2606 5088 ῥοπῆς
2638 5017 2735 5086 τὴν
2769 5016 2991 5068 ἐκείνων
3020 5016 3319 5086 ἀγριότητα
3364 5019 3646 5087 ἀναχαιτι-

2065 5098 2283 5167 ζούσης.
2326 5098 2450 5149 ’Ὁτι
2475 5097 2582 5166 γὰρ
2620 5095 2780 5165 θῆρες
2813 5095 2965 5158 ὄντες
3001 5095 3190 5165 ἔμενον
3221 5097 3289 5149 td
3321 5097 3418 5166 τῆς
3443 5097 3642 5168 θηριω-

2058 5177 2177 5241 δίας
2212 5178 2286 5247 μὴ
2315 5175 2768 5245 ἐπιδεικνύμενοι,
2810 5176 2876 5227 δι’
2914 5176 3093 5229 αὐτῶν
3145 5175 3251 5229 τῶν
3298 5176 3641 5247 πραγμάτων

2059 5257 2301 5325 ἔγνωσαν
2333 5256 2442 5307 τῶν
2461 5255 2669 5322 ἀλόγων
2703 5254 2905 5325 θηρίων
2938 5256 2988 5307 οἰ
3020 5253 3366 5324 ἀγριώτεροι.

2128 5339 2193 5397 ε’.
2231 5343 2340 5397 Καὶ
2366 5343 2526 5397 τοῦτο
2554 5343 2611 5396 δὲ
2633 5344 2844 5412 ἐγίνετο
2868 5344 3006 5415 πρὸς
3040 5346 3259 5415 μείζονα
3297 5348 3635 5418 κατηγορίαν

2060 5423 2395 5489 ἐκείνων,ὅτι
2410 5425 2458 5477 οἰ
2477 5424 2619 5492 λόγῳ
2641 5424 2993 5494 τετιμημένοι
3009 5426 3077 5478 td
3092 5423 3269 5492 ἄλογα
3282 5425 3443 5496 θηρία
3460 5428 3631 5494 ὑπερ-

2059 5519 2351 5587 ηκόντισαν
2380 5514 2451 5584 τῇ
2478 5512 2740 5582 ὠμότητι.
2767 5510 2877 5563 Καὶ
2910 5509 3208 5580 ἐμάνθανον
3232 5509 3322 5561 διὰ
3350 5507 3466 5587 τῶν
3500 5524 3641 5587 7:94-

2056 5585 2302 5665 γμάτων,
2358 5594 2506 5654 ὅπως
2553 5591 2640 5644 διὰ
2684 5589 2783 5659 τὴν
2808 5587 2901 5641 τοῦ
2932 5587 3199 5640 Δεσπότου
3255 5586 3511 5656 πρόνοιαν
3543 5585 3647 5641 τὸν.

2063 5664 2160 5744 μὲν
2185 5676 2387 5726 δίκαιον
2413 5672 2505 5724 καὶ
2530 5670 2597 5722 td
2627 5669 2788 5739 θηρία
2837 5667 3054 5736 ᾐδέσθη,
3092 5666 3184 5718 καὶ
3206 5666 3305 5718 οὐκ
3329 5664 3653 5734 ἐτόλμησαν»

2126 5817 2151 5856 ιι
2178 5822 2318 5868 Alius
2364 5816 2799 5879 περιτειχιζόμενος,
2838 5813 2971 5879 νεὶίυε
2996 5826 3111 5879 νει-ο
3157 5809 3637 5874 περιστοιχιτόιιενος,

2068 5883 2217 5942 L‘nus.
2241 5886 2371 5933 teste
2396 5874 2600 5942 S'avilié,
2624 5875 3012 5938 émta'xtzépevoc
3035 5874 3203 5942 habet;
