4168 6264
549 333 645 390 50!

551 443 858 513 ἐφάψασθαι
892 443 986 497 τοῦ
1049 442 1315 514 σώματος·
1371 444 1523 497 αὐτοὶ
1577 443 1632 496 δὲ
1657 445 1725 497 τά
1767 444 1875 496 τῶν
1905 442 2108 513 θηρίων

545 526 696 596 αὐτῷ
720 529 897 597 χεῖρον
927 526 1203 594 διέθηκαν.
1244 525 1352 577 Καὶ
1385 525 1470 578 ἵνα
1518 525 1593 596 μὴ
1619 527 1879 595 νομίσωσι
1909 540 2112 594 φαντα-

549 608 671 661 σίαν
713 606 1215 676 τινά’γεγενῆσθαι,
1260 606 1346 659 διὰ
1371 606 1479 661 τῶν
1519 607 1655 677 μετά
1685 607 1859 661 ταῦτα
1892 605 2113 677 βληθέν-

545 706 657 743 των
688 692 768 753 είς
794 690 884 743 τὸν
917 691 1116 742 λάκκον
1145 688 1534 758 ἐπεγίνωσκον,
1563 691 1645 743 ὅτι
1670 693 1762 743 ἐπὶ
1795 690 1894 760 μὲν
1919 689 2013 742 τοῦ
2037 687 2117 741 δι-

549 771 705 826 καίου
724 771 829 825 τῶν
853 770 1137 843 προϐάτων
1165 770 1463 841 ἐμιμοῦντο
1503 773 1601 843 τὴν
1651 772 1985 842 ἡμερότητα,
2023 771 2117 823 καὶ

545 853 646 923 τῆς
678 852 891 920 φύσεως
919 852 1359 905 ἐπελανθάνοντου
1397 853 1489 905 ἐπὶ
1521 853 1576 906 δέ
1629 854 1738 908 τῶν
1787 845 1925 924 μετὰ
1943 852 2118 907 ταῦτα.

548 935 847 1005 βληθέντων
872 934 938 987 τά
968 935 1067 1006 τῆς
1084 934 1372 1007 θηριωδίας
1400 934 1793 990 ἐπεδείκνυντο.
1824 934 1980 997 Οὕτω
2020 934 2118 988 καὶ

545 1018 639 1071 ἐπὶ
667 1018 764 1088 τῆς
787 1018 1016 1088 καμίνου
1047 1017 1144 1070 τοῦ
1175 1017 1346 1086 πυρὸς
1384 1018 1595 1085 γέγονε.
1642 1019 1779 1082 Τοὺς
1829 1019 1927 1089 μὲν
1973 1016 2117 1070 ἔνδον

542 1099 705 1163 ϐντας
731 1098 826 1153 καὶ
856 1101 917 1153 ἐν
950 1099 1103 1170 μέσῳ
1140 1099 1219 1168 τῷ
1264 1100 1398 1170 πυρὶ
1428 1100 1793 1169 τυγχάνοντας
1843 1099 2020 1171 ῂδεῖτο
2056 1097 2119 1150 τὸ

543 1183 827 1251 στοιχεῖον,
855 1183 950 1234 καὶ
980 1182 1080 1235 οὐκ
1111 1182 1331 1252 ἐνήργει
1354 1183 1423 1236 τὰ
1436 1181 1533 1235 τοῦ
1555 1182 1751 1253 πυρός·
1783 1181 1917 1235 ἀλλά
1952 1180 2120 1237 καθά-

545 1281 651 1334 περ
683 1263 1008 1334 πεδηθείσης
1062 1264 1158 1334 τῆς
1214 1264 1515 1335 ἐνεργείας,
1550 1265 1719 1328 οὕτως
1760 1264 1971 1332 ἀϐλαϐῆ
2004 1263 2115 1317 τῶν

545 1351 750 1405 παίδων
776 1351 980 1405 τούτων
1021 1351 1340 1421 διεφύλαττε
1379 1353 1449 1407 τὰ
1483 1351 1732 1423 σώματα,
1762 1353 1856 1406 καὶ
1883 1353 2001 1406 ούδέ
2027 1352 2120 1406 αῦ-

464 1470 470 1479 .
543 1436 654 1488 τῶν
678 1433 787 1487 τῶν
815 1435 1019 1504 τριχῶν
1065 1434 1378 1504 ἐφάψασθαι
1419 1435 1705 1506 ἐτόλμησε,
1735 1436 1984 1506 καθάπερ
2012 1435 2120 1488 ὑπὸ

413 1516 466 1590 ,Α
545 1516 968 1588 προστάγματός
988 1534 1130 1581 τινος
1148 1517 1208 1570 τὸ
1227 1520 1486 1588 στοιχεῖον
1502 1517 1600 1587 τὴν
1622 1517 1825 1571 οἰκείαν
1842 1519 2120 1587 ἐνέργειαν

546 1597 916 1664 ἐπιδείξασθαι
959 1598 1318 1670 κωλυόμενον·
1357 1601 1484 1663 τοὺς
1522 1600 1579 1653 δέ
1609 1599 1713 1664 ἔξω
1752 1601 1850 1670 τῆς
1887 1600 2116 1670 καμίνου

376 1670 412 1681 ’“
437 1703 444 1712 ·
546 1681 829 1750 διάγοντας
850 1681 1296 1753 κατηνάλωσε,δι’
1326 1682 1653 1753 ἀμφοτέρων
1681 1682 1881 1753 πολλὴν
1911 1684 2008 1753 τῆς
2024 1682 2120 1736 τοῦ

548 1762 687 1816 Θεοῦ
717 1763 998 1834 δυνάμεως
1025 1766 1126 1835 τήν
1155 1764 1468 1834 περιουσίαν
1508 1764 1789 1833 ἐμφαῖνον,
1822 1766 1916 1817 καὶ
1941 1765 2011 1817 δι’
2044 1759 2120 1817 ὧν

549 1845 679 1908 τοὺς
706 1843 819 1900 ἔσω
850 1846 1214 1915 τυγχάνοντας
1245 1846 1500 1911 ἀϐλαϐεῖς
1547 1844 1884 1915 διεφύλαττε,
1926 1847 2022 1900 καὶ
2051 1846 2118 1899 δι’

549 1922 627 1982 ὧν
658 1927 879 1991 τούτους
901 1928 1224 2000 διέφθειρεν.
1257 1929 1442 1991 Οὕτως
1469 1929 1598 1982 ὅταν
1626 1929 1727 1998 τῆς
1752 1928 1957 1982 ἀνωθεν
1984 1929 2120 1982 ἀπο⁴

550 2009 802 2081 λαύωμεν
839 2011 1032 2081 ῥοπῆς,
1059 2013 1120 2064 ού
1158 2012 1319 2081 μόνον
1350 2011 1461 2065 τῶν
1494 2010 1631 2081 πρὸς
1659 2012 1806 2082 ἡμᾶς
1840 2012 2120 2082 πολεμίως

551 2092 785 2163 ἐχόντων
810 2093 1169 2164 διαφεύγομεν
1188 2094 1287 2158 τὰς
1307 2094 1616 2160 ἐπιϐουλὰς,
1651 2094 1786 2148 ἀλλά
1814 2094 1918 2149 κᾶν
1936 2095 2119 2160 αὐτοῖς

547 2178 662 2239 τοῖς
694 2175 903 2248 θηρίοις
930 2179 1317 2248 περιπέσωμεν
1347 2189 1395 2239 α,
1426 2178 1580 2233 οὐδὲν
1604 2178 1904 2248 πεισόμεθα
1927 2178 2119 2234 δεινόν.

562 2259 629 2312 Ἡ
667 2258 776 2329 γὰρ
809 2258 902 2313 τοῦ
934 2259 1070 2313 Θεοῦ
1113 2260 1237 2331 χεὶρ
1265 2263 1298 2331 ἠ
1339 2262 1556 2315 πάντων
1579 2260 1946 2332 δυνατωτέρα,
1982 2260 2122 2331 αὕτη

550 2341 752 2414 πολλὴν
775 2343 905 2411 ἡμῖν
934 2343 1269 2413 πανταχόθεν
1307 2341 1616 2413 περιτίθησι
1661 2344 1761 2414 τὴν
1802 2343 2122 2413 ἀσφάλειαν,

551 2425 647 2478 καὶ
675 2423 1007 2495 ἀχειρώτους
1028 2426 1339 2494 ἐργάζεταν
1376 2428 1513 2495 ὅπερ
1543 2426 1634 2478 καὶ
1666 2427 1759 2479 ἐπὶ
1786 2427 1882 2479 τοῦ
1914 2427 2123 2482 δικαίου

549 2507 740 2565 τούτου
774 2508 1017 2575 γέγονεν.
1060 2508 1121 2560 '0
1148 2508 1259 2576 γὰρ
1282 2508 1418 2575 μετὰ
1453 2507 1721 2578 τοσαύτης
1764 2510 1939 2579 ὁρμῆς
1960 2527 2126 2564 κατα-

550 2588 738 2643 λαϐεῖν
763 2589 1080 2659 βουλόμενος
1111 2590 1202 2643 τὸν
1240 2589 1454 2654 Ἰακὼϐ,
1491 2591 1587 2644 καὶ
1622 2591 1778 2662 δίκην
1820 2593 2121 2664 ἀπαιτῆσαι

551 2671 653 2742 τῆς
678 2670 896 2725 πάντων
924 2672 1342 2742 ἀναχωρήσεως,
1370 2673 1432 2726 οὐ
1460 2672 1620 2743 μόνον
1645 2673 1795 2727 οὐδὲν
1815 2673 1949 2747 πρὸς
1963 2674 2127 2728 αὐτὸν

553 2755 729 2825 τραχὺ
763 2754 884 2808 ούδέ
917 2754 1151 2826 ἐπαχθὲς
1170 2755 1485 2825 φθέγγεται,
1513 2755 1647 2811 ἀλλά
1665 2755 1912 2829 καθάπερ
1943 2757 2126 2828 πατὴρ

552 2837 929 2908 διαλεγόμενος
950 2838 1085 2908 πρὸς
1097 2838 1284 2903 παῖδα,
1306 2838 1450 2892 οὕτω
1474 2839 1611 2909 μετά
1624 2840 1823 2911 πολλῆς
1838 2840 1936 2912 τῆς
1956 2841 2127 2894 ἐπιει-

555 2921 711 2983 κείας
738 2920 875 2990 πρὸς
899 2920 1063 2975 αὑτὸν
1091 2921 1419 2975 ποιεῖταιτά
1453 2924 1694 2993 ῥήματα,
1728 2922 1824 2977 καί
1875 2938 2028 2992 φησι·
2066 2921 2128 2977 Τί

553 3002 848 3071 ἐποίησας
860 3003 1058 3066 τοῦτα
1074 3004 1131 3057 τί
1147 3004 1345 3074 κρυερῆ
1358 3005 1641 3073 ἀπέδρας;
1659 3007 1798 3078 Ὅρα
1814 3005 1965 3079 [556]
1988 3006 2125 3078 πόση

536 3087 590 3161 ⁸ἡ
610 3086 900 3158 μεταϐολήο
922 3088 1024 3158 δρα
1041 3086 1158 3152 πῶς
1182 3090 1211 3141 ὁ
1227 3088 1478 3159 καθάπερ
1492 3089 1678 3162 θηρίον
1696 3089 1972 3161 μεμηνὼς,
1991 3105 2127 3160 προ-

556 3169 734 3223 ϐάτων
767 3174 1010 3241 μιμεῖται
1042 3171 1498 3242 ἡμερότητα.”ινα
1528 3172 1585 3226 τι
1618 3173 1815 3242 κρυφῆ
1843 3171 2125 3241 ἀπέδρας,

557 3253 657 3307 καὶ
680 3252 1179 3321 ἑκλοποςρόρησὰς
1194 3271 1283 3321 με,
1309 3253 1408 3307 καὶ
1435 3254 1738 3324 ἀπήγαγες
1763 3257 1868 3322 τὰς
1884 3254 2127 3324 θυγατέ-

552 3350 666 3408 ρας
685 3353 805 3404 μου
825 3335 904 3400 ὡς
930 3336 1365 3404 αἰχμαλώτιδας
1386 3337 1647 3407 μαχαίρᾳ
1662 3355 1682 3402 ;
1734 3336 1889 3400 Τίνος
1922 3338 2127 3402 ἐνεκεν,

558 3414 714 3485 φησι,
750 3415 908 3468 τοῦτο
923 3416 1253 3487 πεποίηκας;
1275 3418 1327 3470 τί
1345 3436 1425 3471 σοι
1440 3419 1609 3484 ἔδοξες
1637 3417 1728 3471 διά
1755 3419 1807 3471 τί
1827 3410 1970 3472 οῦτω
1997 3418 2127 3472 λανο

531 3497 825 3563 ,θανόντως
857 3498 1097 3568 ἐποιήσω
1129 3499 1224 3570 τὴν
1255 3501 1598 3570 ἀποδημίαν;
1637 3503 1707 3554 Εἰ
1722 3501 1829 3569 γὰρ
1854 3500 2128 3571 ἀνήγγει-

558 3579 672 3645 λάς
702 3597 822 3649 μοι,
853 3581 1262 3649 μετὰ.πολλῆς
1287 3582 1396 3650 τῆς
1411 3583 1654 3651 πομπῆς
1670 3582 1768 3636 καὶ
1789 3583 1898 3651 τῆς
1914 3587 2126 3654 εὐφρο-

559 3663 757 3731 σύνης
787 3663 1182 3726 ἐξαπέστειλα
1210 3664 1287 3718 ἂν
1312 3681 1406 3720 σε.
1425 3667 1534 3719 Καὶ
1564 3667 1668 3737 γὰρ
1684 3666 1732 3718 εί
1755 3668 1914 3721 τοῦτο
1933 3667 2125 3735 ἔγνων,

559 3746 712 3816 φησὶ,
741 3746 903 3801 Μετὰ
926 3747 1241 3817 μουσικῶν
1272 3750 1369 3803 καὶ
1401 3749 1720 3818 τυμπάνων
1745 3750 1843 3805 καὶ
1885 3750 2129 3819 κιθάρας

558 3829 914 3897 προέπεμψα
942 3829 1020 3884 ἄν
1046 3846 1137 3885 σε.
1171 3832 1291 3885 Οὐκ
1320 3831 1584 3899 ἠξιώθην
1613 3831 1867 3901 φιλῆσαι
1893 3834 2001 3899 τὰς
2028 3838 2131 3889 θυ-

558 3909 806 3980 γατέρας
821 3928 959 3981 μου·
993 3912 1110 3966 νῦν
1132 3911 1200 3966 δὲ
1226 3914 1496 3984 ἀφρόνως
1520 3914 1800 3983 ἔπραξας.
1819 3917 1980 3988 Ὁρᾷς
2014 3917 2129 3981 πῶς

525 4037 529 4042 .
558 3993 745 4048 λοιπὸν
781 3995 972 4051 ἐαυτὸν
1003 3996 1233 4067 ἐλέγχει,
1279 4000 1373 4052 καὶ
1399 3998 1488 4051 διὰ
1522 3999 1621 4070 τῆς
1647 4000 1852 4063 οἰκείας
1881 4000 2129 4071 γλώττης

558 4077 828 4148 ὁμολογεῖ,
853 4080 933 4132 ὅτι
949 4080 1111 4143 αὐτὸς
1138 4081 1234 4150 μὲν
1256 4080 1441 4143 κακῶς
1458 4082 1902 4151 παρεσκευάζετο
1929 4084 2126 4137 διαθεῖ-

558 4177 645 4213 ναι
662 4161 749 4213 τὸν
765 4162 989 4225 δίκαιον,
1010 4164 1042 4230 ἡ
1057 4163 1112 4216 δὲ
1132 4163 1222 4215 τοῦ
1243 4163 1376 4215 Θεοῦ
1399 4163 1619 4232 πρόνοια
1636 4164 1736 4233 τῆς
1768 4165 1943 4235 ὁρμῆς
1966 4166 2128 4218 αὑτὸν

560 4244 835 4312 ἐνέκοψεν.
877 4245 1108 4313 ’1σχύει,
1138 4246 1321 4316 φησὶν,
1358 4246 1397 4312 ἠ
1421 4245 1549 4313 χειζρ
1573 4263 1691 4312 μου
1726 4247 2129 4315 κακοποιῆσαί

558 4341 652 4379 σε’
676 4326 790 4381 ὀδὲ
822 4327 963 4392 Θεὸς
995 4328 1098 4381 τοῦ
1123 4329 1344 4394 πατρός
1373 4342 1484 4381 σου
1520 4327 1693 4397 ἐχθὲς
1721 4325 1849 4382 εἷπε
1879 4334 2027 4399 πρός
2056 4349 2129 4400 με

559 4409 769 4478 λέγων’
801 4410 1065 4473 Φύλαξαι
1095 4411 1372 4471 σεαυτὸν,
1414 4409 1642 4480 μήποτε
1690 4414 1959 4482 λαλιξσῃς
1981 4415 2128 4483 πρὸς

572 4490 774 4546 Ἰακὼϐ
787 4494 814 4532 ιι
832 4491 1083 4561 πονηρά.
1117 4492 1316 4546 Ἐννόει
1342 4511 1430 4565 μοι
1450 4494 1619 4564 πόσης
1645 4496 1723 4567 τῷ
1737 4496 1930 4566 δικαίῳ
1950 4515 2130 4568 παρα-

561 4575 804 4646 κλήσεως
835 4576 1023 4644 γέγονε
1066 4577 1222 4631 ταυτὶ
1255 4577 1322 4631 τὰ
1357 4579 1599 4648 ῥήματα,
1639 4580 1733 4632 καὶ
1776 4581 1967 4634 σκόπει
2012 4581 2129 4647 πῶς

559 4655 711 4724 οὗτος
761 4660 855 4714 καὶ
902 4658 972 4713 τὰ
1006 4658 1357 4729 βουλευθέντα
1412 4661 1560 4731 αὐτῷ
1620 4662 1863 4732 ἐξέφηνε.
1914 4665 2007 4717 καὶ
2037 4665 2128 4719 ἐπὶ

560 4743 734 4806 ποίοις
767 4744 865 4814 τὴν
893 4742 1198 4812 κατάληψιν
1230 4744 1557 4813 ποιήσασθαι
1583 4744 1850 4811 ἐϐούλετο,
1889 4748 1979 4807 καὶ
2000 4749 2081 4800 ὅτι
2100 4750 2128 4801 ὁ

557 4825 653 4879 τοῦ
683 4824 819 4878 Θεοῦ
832 4824 995 4893 φόϐος
1012 4826 1172 4879 αὑτὸν
1186 4826 1414 4896 ἐπέσχεν
1436 4828 1515 4891 είς
1534 4826 1693 4896 ἔργον
1710 4830 1937 4895 ἀγαγεῖν
1953 4830 2020 4884 τὰ
2038 4848 2129 4884 κα-

559 4907 670 4970 κῶς
689 4906 836 4977 αύτῷ
854 4908 1221 4978 βουλευθέντα.
1256 4909 1316 4962 '0
1332 4908 1399 4962 δὲ
1432 4910 1566 4976 Θεὸς
1607 4910 1707 4963 τοῦ
1737 4913 1957 4978 πατρός
1989 4927 2125 4978 σου,

559 4989 744 5058 φησίν.
771 4990 909 5060 Ὅρα
923 4990 1037 5050 πῶς
1055 4992 1143 5043 καὶ
1157 4991 1315 5053 αὐτὸς
1335 4993 1554 5046 ὀΛάϐαν
1576 4993 1636 5045 οὐ
1656 4994 1856 5064 μικρὰν
1877 4995 2127 5049 ἐντεῦθεν

559 5072 822 5141 ὠφέλειαν
851 5074 1177 5144 ἐκαρποῦτο,
1196 5076 1455 5145 μεγίστην
1474 5079 1570 5147 τῆς
1589 5076 1679 5130 τοῦ
1700 5076 1834 5130 Θεοῦ
1848 5078 2128 5150 δυνάμεως

559 5155 830 5221 ἀπόδειξιν
857 5156 1146 5227 λαμϐάνων
1172 5161 1235 5211 ἐκ
1281 5160 1388 5213 τῶν
1428 5161 1564 5233 πρὸς
1610 5161 1769 5214 αὐτὸν
1808 5162 2125 5233 λεχθέντων.

573 5239 711 5293 Ἀλλ’
736 5240 921 5312 ἐπειδὴ
952 5241 1045 5295 καὶ
1083 5242 1171 5306 σὺ,
1217 5245 1369 5313 φησὶ,
1408 5245 1565 5298 τοῦτο
1617 5245 1940 5311 ἐϐουλεύσω,
1972 5249 2064 5301 καὶ
2097 5251 2126 5301 ὁ

559 5326 691 5391 Θεός
702 5328 848 5380 ἐστιν
863 5326 891 5378 ὁ
904 5328 1171 5398 τοσαύτην
1189 5345 1282 5381 σου
1304 5329 1623 5398 ποιούμενος
1641 5331 1984 5400 κηδεμονίαν,
2001 5332 2131 5386 Νῦν

559 5401 675 5458 οὖν
701 5404 1089 5471 πεπόρευσαιο
1113 5404 1393 5472 ἐπιθυμίᾳ
1411 5405 1521 5474 γὰρ
1545 5406 1927 5474 ἐπεθύμησας
1949 5410 2131 5463 ἀπελ-

558 5486 685 5541 θεῖν
703 5490 790 5553 εις
800 5489 908 5541 τὸν
928 5483 1099 5542 οἷκον
1109 5488 1215 5541 τοῦ
1237 5487 1459 5554 πατρός
1475 5502 1612 5541 σου.
1636 5491 1769 5544 ’Ἱνα
1782 5491 1838 5542 τί
1862 5492 2132 5560 ἔκλεψας

559 5568 701 5635 τοὺς
725 5571 899 5635 θεούς
937 5588 1051 5636 μου
1072 5590 1092 5636 ;
1129 5570 1330 5632 Ἔστω,
1355 5572 1506 5639 φησί·
1525 5570 1681 5625 τοῦτό
1707 5589 1788 5623 σοι
1811 5572 2128 5643 δεδογμένον

560 5646 650 5722 ἦν,
681 5654 774 5707 καὶ
802 5652 1020 5724 ἔκρινας
1057 5653 1370 5707 ἐπανελθεῖν
1401 5656 1481 5717 είς
1511 5656 1601 5706 τὸν
1626 5650 1771 5707 οἷκον
1794 5655 1885 5708 τοῦ
1926 5658 2128 5720 πατρός

623 5817 650 5844 ⁸
666 5814 795 5877 Haec
812 5820 890 5863 est
912 5817 1057 5864 lectio
1077 5816 1263 5865 Savilii.
1290 5815 1433 5865 Coisl.
1460 5818 1547 5864 κᾶν
1567 5819 1663 5874 τοῖς
1684 5818 1858 5877 θηρίοις
1878 5835 1929 5866 π.
1957 5819 2129 5870 Morel.

565 5883 617 5933 sl
638 5876 808 5923 Montf.
833 5877 920 5922 κᾶν
940 5876 1097 5932 αὐτοῖς
1117 5877 1290 5933 θηρίοις
1306 5894 1356 5924 π.
1395 5877 1527 5927 Eon.

632 5934 901 6008 bQuinque
921 5947 1035 5984 mss.
1058 5942 1109 5987 et
1128 5934 1252 5986 Bibl.
1281 5938 1398 5998 μετὰ
1428 5938 1616 5988 Ἰακώϐ.

1233 329 1291 388 S.
1329 329 1609 386 JOANNIS
1646 325 2133 384 CIIRYSOSTOMI
2172 326 2493 384 ARCIIIEP.
2534 326 3080 384 CONSTANTINOP.

3696 322 3813 375 50‘).

2224 459 2339 496 σου’
2389 443 2475 496 ἴνα
2510 443 2561 496 τί
2592 444 2718 506 τοὺς
2738 442 2893 506 θεούς
2927 457 3027 511 μου
3043 438 3308 507 ἔκλεψας;
3338 437 3403 488 Ὢ
3431 432 3615 496 ἀνοίας
3641 432 3815 503 ὑπερ.

2221 525 2372 596 ϐολή·
2400 527 2495 579 καὶ
2531 525 2763 579 τοιοῦτοί
2790 525 2927 577 εἰσιν
2953 524 3002 574 οἱ
3031 522 3142 574 θεοί
3175 537 3291 584 σου,
3322 520 3399 581 ὼς
3439 518 3533 570 καὶ
3586 516 3809 585 κλαπῆ-

2218 626 2306 662 ναι
2325 626 2339 674 ;
2357 611 2471 663 Οὐκ
2489 610 2720 682 αἰσχύνῃ
2734 608 2927 677 λέγων,
2962 608 3085 661 Ἵνα
3097 607 3154 659 τί
3173 605 3438 673 ἔκλεψας
3464 602 3606 668 τοὺς
3632 602 3813 667 θεούς

2215 708 2373 760 μου;
2398 692 2543 762 Ὅρα
2573 691 2710 762 πόση
2738 687 2806 761 ἦν
2842 693 2875 761 ἡ
2909 689 3185 763 ὑπερϐολὴ
3201 692 3301 760 τῆς
3321 688 3548 756 πλάνης,
3578 686 3653 748 ὡς
3676 686 3811 749 τοὺς

2219 773 2360 843 λόγῳ
2386 773 2779 845 τετιμημένους
2796 772 2928 840 ξύλα
2949 774 3043 826 καὶ
3075 772 3254 835 λίθους
3268 770 3604 842 θεραπεύειν.
3627 770 3737 823 Καὶ
3753 769 3810 822 οε

2223 855 2322 925 μὲν
2352 854 2466 909 θεοὶ
2483 857 2533 908 οί
2568 856 2671 921 σοὶ,
2693 850 2738 909 ὦ
2759 854 2966 921 Λάϐαν,
3004 856 3126 908 οὺδέ
3156 854 3488 908 κλέπτεσθαι
3521 851 3813 922 μέλλοντες

2221 940 2434 1003 ἑαυτοῖς
2460 936 2673 1009 ,ἀμῦναι
2716 938 2963 1008 ῖσχυσαν.
2995 938 3119 1001 Πῶς
3137 938 3244 1009 γὰρ
3274 939 3323 989 οῖ
3352 936 3462 991 ἀπὸ
3479 935 3627 989 λίθου
3648 936 3809 999 ὄντες

2225 1020 2601 1091 συγκείμενοι;
2641 1017 2696 1076 Ὀ
2724 1020 2780 1074 δὲ
2809 1019 2903 1074 τοῦ
2935 1020 3147 1073 δικαίου
3185 1020 3339 1083 Θεὸς,
3359 1020 3454 1072 καὶ
3484 1018 3809 1087 ἀγνοοῦκτος

2220 1103 2315 1157 τοῦ
2335 1102 2567 1170 δικαίου,
2586 1103 2684 1174 τὴν
2702 1104 2801 1174 σὴν
2831 1103 3005 1175 ὁρμήν
3023 1103 3243 1172 ἐπέσχε.
3263 1103 3372 1156 Καὶ
3384 1102 3481 1155 οὐκ
3510 1103 3705 1165 ἐννοεῖς
3739 1100 3811 1156 τὸ

2226 1186 2453 1256 μέγεθος
2466 1187 2566 1257 τῆς
2587 1187 2814 1258 πλάνης,
2829 1187 2965 1243 ἀλλά
2982 1187 3077 1240 καὶ
3102 1186 3177 1258 τῷ
3199 1185 3394 1255 δικαίῳ
3411 1183 3614 1255 κλοπὴν
3634 1186 3807 1251 ἐγκα-

2223 1270 2362 1337 λεῖς;
2391 1270 2547 1333 Τίνος
2581 1271 2690 1341 γὰρ
2714 1269 2898 1327 ἔνεκεν
2929 1271 2958 1323 ὁ
2986 1270 3195 1333 δίκαιος
3229 1270 3471 1331 ἐκείνους
3500 1268 3791 1334 ὑφελέσθαι

2223 1355 2289 1410 ἂν
2315 1353 2658 1421 κατεδέξατο,
2674 1353 2769 1418 οὒς
2786 1354 3152 1416 ἐϐδελύττετο,
3189 1352 3389 1423 μᾶλλον
3404 1352 3461 1404 δὲ
3477 1350 3569 1414 οὓς
3588 1351 3701 1421 ᾔδει
3718 1351 3805 1403 λί-

2224 1437 2350 1500 θους
2381 1436 2540 1499 ὄντας
2567 1437 2956 1506 ἀναισθήτους;
2987 1436 3148 1491 Ἀλλά
3177 1435 3351 1489 ταῦτα
3375 1433 3612 1496 ἀκούσας
3633 1435 3660 1484 ὁ
3694 1434 3802 1485 Ἰα-

2222 1520 2337 1573 κὼϐ
2363 1519 2500 1591 μετά
2516 1518 2717 1590 πολλῆς
2731 1519 3049 1584 ἐπιεικείας,
3086 1518 3302 1589 πρῶτον
3335 1518 3432 1587 μὲν
3455 1516 3800 1582 ἀπολογεῖται

2224 1602 2361 1672 πρὸς
2398 1601 2467 1655 τά
2503 1601 2846 1674 προλαϐόντα
2893 1601 3237 1672 ἐγκλήματα,
3269 1601 3362 1653 καὶ
3388 1600 3507 1652 τότε
3537 1598 3800 1670 περὶτῶν

2222 1683 2361 1739 θεῶν
2411 1685 2782 1756 προτρέπεται
2833 1685 3164 1755 ποιήσασθαι
3217 1682 3315 1753 τήν
3346 1681 3588 1749 ἔρευναν.
3646 1678 3802 1735 Εἷπα

2220 1761 2353 1831 γὰρ,
2380 1763 2534 1832 φησι,
2572 1760 2806 1831 μήποτε
2848 1759 3044 1831 ἀφέλῃ
3069 1761 3176 1826 τὰς
3207 1758 3532 1830 θυγατέρας
3558 1774 3674 1813 σου
3695 1756 3799 1813 ἀπ’

2219 1841 2388 1910 ἐμοῦ,
2417 1841 2516 1895 καὶ
2542 1838 2740 1895 πάντα
2759 1838 2835 1894 τὰ
2871 1840 3003 1906 ἐμά.
3047 1838 3288 1910 Ἐπειδὴ,
3318 1841 3505 1910 φησὶν,
3530 1838 3717 1908 ἐώρων
3739 1853 3798 1889 σε

2220 1921 2319 1990 ούχ
2348 1917 2516 1986 ὑγιῶς
2537 1919 2672 1990 πρός
2711 1935 2781 1990 με
2831 1918 3193 1990 διακείμενον,
3248 1917 3539 1983 ἐναγώνιος
3574 1917 3798 1984 γέγονα.

2225 2001 2434 2071 μήποτε
2477 1999 2835 2071 ἐπιχειρήσῃς
2883 1997 3179 2068 ἀφελέσθαι
3223 1998 3321 2061 τὰς
3367 1996 3669 2067 θυγατέρας
3698 2012 3798 2049 σου

2222 2078 2316 2132 καλ⁸
2343 2077 2413 2131 τά
2442 2073 2756 2148 ὑπάρχοντά
2770 2094 2895 2148 μου,
2917 2078 3010 2130 καὶ
3028 2077 3304 2147 ἀποστερῆ
3313 2076 3402 2130 σαί
3418 2092 3487 2147 με
3500 2073 3798 2145 τῶνέμῶν.

2222 2157 2472 2228 καθάπερ
2499 2157 2598 2228 ήδη
2635 2156 2960 2228 πεποίηκας.
2997 2154 3147 2226 Αὕτη
3180 2157 3358 2209 τοίνυν
3391 2158 3424 2226 ή
3458 2155 3607 2208 αἰτία
3637 2154 3733 2206 καὶ
3766 2155 3800 2206 ὁ

2222 2235 2384 2303 φόϐος
2414 2235 2799 2305 παρεσκεύασέ
2844 2252 2911 2305 με
2943 2233 3313 2298 λανθανόντως
3347 2233 3445 2306 τὴν
3484 2231 3799 2302 ἀποδημίαν

2222 2313 2568 2383 ποιήσασθαι.
2603 2307 2805 2382 Παρ’ᾦ
2836 2308 2950 2369 οὖν
2970 2314 3047 2367 ἀν
3071 2313 3268 2382 εὕροις
3291 2313 3434 2380 τοὺς
3453 2313 3626 2377 θεούς
3652 2322 3798 2373 σου,

2221 2395 2293 2447 οὐ
2333 2389 2570 2459 ζήσεται
2607 2393 2884 2447 ἐναντιον
2929 2391 3048 2446 τῶν
3101 2391 3374 2460 ἀδελφῶν
3432 2390 3615 2461 ἡμῶν.
3633 2390 3799 2465 Ὁρᾷ-ς

2220 2472 2302 2525 ὅτι
2320 2471 2505 2543 ἠγνόει
2531 2472 2562 2524 ὁ
2600 2470 2793 2527 Ἰακὼϐ
2808 2470 2907 2543 την
2934 2471 3088 2543 παρά
3098 2475 3193 2543 τῆς
3211 2470 3359 2542 [557]
3373 2469 3572 2541 Ῥαχὴλ
3593 2467 3800 2539 κλοπὴν

2212 2555 2613 2626 γεγενημένην;
2631 2552 2771 2624 Ὅρα
2782 2550 3017 2624 γάρμεθ’
3038 2551 3169 2621 ὅσης
3197 2549 3556 2620 σφοδρότητος
3587 2549 3646 2601 τὸ
3674 2546 3800 2626 ἐττιί

2221 2616 2608 2700 τίμιονόρίξει
2628 2616 2714 2700 an];
2755 2616 2871 2702 τῆν’
2902 2616 3139 2701 κλοπὴν⁷
3166 2616 3549 2699 ἐργασαμένῳ.
3584 2623 3722 2692 Παρ’
3747 2616 3802 2688 ᾦ

2224 2707 2320 2773 ἂν,
2343 2708 2531 2777 φησὶν,
2591 2707 2935 2775 εὑρεθῶσιν,
2988 2711 3059 2762 οὐ
3102 2707 3341 2778 ζήσεται
3366 2706 3642 2761 ἐναντιον
3678 2702 3800 2755 τῶν

2223 2784 2504 2853 ἀδελφῶν
2539 2785 2727 2855 ἡμῶν.
2753 2786 2869 2841 Οὐκ
2899 2784 3085 2857 ἐπειδὴ
3118 2786 3299 2856 μόνον,
3318 2786 3502 2856 φησὶν,
3526 2782 3798 2853 ὑφείλετο,

2224 2862 2341 2917 ἀλλ’
2366 2864 2449 2916 ὅτι
2487 2862 2575 2916 διά
2604 2866 2705 2935 τῆς
2739 2863 2944 2935 κλοπῆς
2973 2864 3170 2934 δεῖγμα
3211 2864 3439 2934 ἐναργὲς
3477 2865 3506 2916 ὁ
3558 2860 3801 2922 τοιοῦτος

2224 2941 2448 3013 ἐκφέρει
2474 2944 2575 3012 τῆς
2590 2943 2795 3007 οἰκείας
2806 2942 3032 3013 πλάνης.
3073 2943 3381 3011 Ἐπίγνωθι
3396 2942 3453 2995 εἴ
3466 2941 3523 2994 τί
3534 2940 3660 2994 ἐστι
3677 2937 3799 2991 τῶν

2224 3021 2354 3076 σῶν
2399 3024 2534 3090 παρ’
2563 3021 2813 3092 ἐμοὶ,κώ
2844 3022 3011 3077 λάϐε.
3056 3022 3399 3093 Ἐρεύνησον,
3436 3020 3619 3091 φησὶν,
3647 3019 3698 3072 εἴ
3738 3034 3799 3071 τι

2223 3099 2332 3155 τῶν
2362 3100 2438 3173 μὴ
2480 3100 2866 3172 προσηκόντων
2911 3100 3232 3171 ἀφειλόμην.
3276 3100 3442 3154 Οὐδὲν
3482 3099 3665 3170 ἕτερόν
3705 3113 3799 3166 μοι

2225 3179 2369 3251 ἔχεις
2402 3180 2719 3248 ἐγκαλέσαι,
2744 3181 2870 3250 ἢδτι
2886 3178 3059 3250 λάθρα
3081 3178 3178 3250 τὴν
3209 3179 3516 3248 ἀποδημίαν
3547 3175 3802 3245 ἐποιησά-

2230 3274 2355 3328 μην·
2394 3258 2487 3311 καὶ
2512 3257 2670 3311 τοῦτο
2701 3259 2798 3328 οὐχ
2843 3257 2983 3311 ἐκὼν
3017 3257 3279 3319 πέπονθα,
3310 3257 3422 3310 ἀλλ’
3450 3253 3801 3327 ὑφορώμενος

2226 3337 2324 3406 τὴν
2356 3337 2591 3402 ἀδικίαν,
2628 3338 2721 3391 καὶ
2758 3337 3013 3400 δεδοικὼς
3044 3335 3117 3407 μὴ
3154 3336 3419 3408 βουληθῇς
3453 3335 3546 3389 καὶ
3579 3333 3678 3395 τὰς
3702 3332 3799 3384 θυ-

2226 3414 2463 3485 γατέρας
2495 3432 2586 3467 σου
2608 3414 2926 3484 ἀφελέσθαι,
2950 3413 3108 3468 τοῦτο
3139 3414 3346 3484 μαθὼν,
3381 3414 3474 3468 καὶ
3500 3412 3599 3484 τὴν
3631 3411 3799 3479 ἀλλην

2231 3510 2332 3563 μου
2371 3492 2708 3563 περιουσίαν.
2741 3492 2852 3547 Καὶ
2880 3495 2990 3547 οὐκ
3015 3493 3263 3562 ἐπέγνω,
3300 3495 3454 3563 φησὶ,
3473 3492 3607 3559 παρ’
3640 3488 3804 3553 αὑτῷ

2227 3569 2426 3625 οὐδέν.
2443 3573 2565 3626 Οὐκ
2579 3571 2709 3640 ᾔδει
2728 3571 2796 3625 δὲ
2818 3570 3027 3625 Ἰακὼϐ
3044 3571 3130 3625 ὅτι
3145 3571 3371 3640 Ῥαχὴλ
3392 3573 3425 3639 ἡ
3444 3568 3598 3640 γυνὴ
3615 3569 3803 3623 αὑτοῦ

2226 3651 2489 3718 ἔκλεψεν
2509 3650 2751 3717 αὐτούς.
2765 3650 3070 3705 Εἰσελθὼν
3083 3649 3151 3703 δὲ
3168 3650 3369 3705 Λάὅαν
3387 3650 3684 3717 ἠρεύνησε
3695 3647 3804 3700 τὸν

2226 3728 2395 3787 οἷκον
2415 3732 2610 3797 Λείας.
2635 3733 2735 3785 καὶ
2758 3734 2871 3800 οὺχ
2891 3727 3085 3798 εὗρεν.
3113 3730 3457 3799 Eia-13.10564}
3475 3730 3671 3795 καὶεὶς
3694 3730 3803 3781 τὸν

2227 3808 2394 3866 οἷκον
2414 3808 2656 3878 Ῥαχήλ.
2687 3808 2915 3878 Ῥαχὴλ
2938 3809 3006 3862 δὲ
3051 3811 3225 3864 ἔλαϐε
3250 3810 3319 3864 τὰ
3343 3810 3578 3869 εἴδωλα,
3596 3808 3687 3861 καὶ
3708 3808 3804 3859 ἑν-

2227 3892 2445 3944 ἐϐαλεν
2457 3889 2607 3943 αὐτὰ
2619 3891 2706 3954 εὶς
2725 3891 2798 3942 τὰ
2817 3887 3089 3956 σάγματα
3103 3887 3221 3941 τῶν
3242 3888 3547 3956 καμήλων,
3572 3886 3667 3939 καὶ
3696 3885 3806 3937 ἐπ-

2227 3966 2741 4032 εκάθισεναωοῖς,
2777 3966 2875 4019 καὶ
2897 3962 3026 4019 εἷπε
3052 3963 3536 4034 τῷπατρὶαύτῆς·
3573 3966 3667 4031 Μὴ
3688 3965 3803 4027 βα-

2220 4046 2373 4115 ρέως
2387 4045 2549 4115 φέρε,
2574 4045 2742 4112 κύριέ
2774 4062 2913 4112 μοιν
2933 4048 3004 4099 οὺ
3026 4045 3278 4113 δύναμαι
3326 4044 3660 4112 ἀναστῆναι
3702 4045 3800 4097 ὲν-

2225 4122 2414 4177 ώπιόν
2440 4140 2576 4187 σου,
2605 4124 2693 4176 ὅτι
2722 4122 2793 4175 τὰ
2825 4125 2949 4175 κατ’
2982 4123 3232 4190 ἐθισμὸν
3250 4122 3365 4177 τῶν
3396 4123 3802 4192 γυναικῶν-μοί

2226 4203 2414 4257 ἐστιν.
2458 4203 2775 4271 Ὴρεύνησε
2796 4201 2863 4255 δὲ
2883 4204 3083 4256 Λάϐαν
3097 4204 3164 4255 ἐν
3187 4201 3305 4266 ὅλῳ
3325 4202 3405 4268 τῷ
3430 4202 3572 4268 οἴκῳ
3588 4201 3799 4270 αὐτῆς,

2228 4282 2327 4337 καί
2352 4284 2423 4336 οὐ
2428 4301 2465 4351 χ
2498 4277 2657 4348 εὗρε.
3420 4322 3427 4331 .

2300 4360 2373 4425 ς’.
2402 4359 2575 4431 Πολλὴ
2603 4361 2701 4430 τῆς
2743 4360 2943 4429 Ῥαχὴλ
2975 4363 3007 4430 ή
3042 4360 3273 4423 σύνεσις,
3297 4359 3362 4413 δι’
3396 4354 3463 4429 ἧς
3503 4359 3592 4413 τὸν
3621 4358 3802 4412 Λάϐαν

2230 4437 2716 4510 παρακρούσασθαι
2746 4439 2981 4510 ἴσχυσεν.
3001 4438 3369 4492 Ἀκουέτωσαν
3382 4440 3431 4491 οί
3450 4437 3530 4491 ἔτι
3543 4440 3606 4508 τῇ
3627 4436 3803 4507 πλάνῃ

2230 4519 2682 4589 προστετηκότες,
2710 4519 2803 4571 καὶ
2830 4519 2938 4571 τῶν
2966 4517 3196 4571 εἰδώλων
3232 4516 3330 4587 τὴν
3357 4517 3650 4587 θεραπείαν
3674 4516 3803 4585 περὶ

2230 4597 2424 4650 πολλοῦ
2457 4597 2785 4667 ποιούμενοι.
2838 4600 3089 4666 ’Έθηκεν
3117 4596 3356 4659 αὐτοὺς,
3390 4596 3573 4666 φησὶν,
3598 4594 3715 4649 ὑπὸ
3731 4593 3805 4647 τὰ

2232 4676 2507 4744 σάγματα
2525 4674 2643 4728 τῶν
2664 4674 2969 4743 καμήλων,
2993 4675 3090 4729 καὶ
3113 4673 3472 4729 ἐπεκάθισεν
3487 4671 3708 4737 αὐτοῖς.
3737 4671 3804 4723 Τί

2229 4755 2434 4809 τούτων
2486 4753 3013 4823 καταγελαστότερον
3050 4769 3063 4816 ;
3123 4754 3187 4806 Οἱ
3235 4752 3379 4821 λόγῳ
3428 4750 3802 4820 τετιμημένοι,

2231 4834 2324 4886 καὶ
2351 4830 2619 4899 τοσαύτης
2650 4830 2970 4896 ἀξιωθέντες
3019 4831 3312 4902 προεδρίας
3376 4829 3521 4898 παρὰ
3558 4832 3660 4899 τῆς
3706 4828 3803 4880 τοῦ

2230 4910 2366 4964 Θεοῦ
2395 4909 2822 4981 φιλανθρωπίας,
2864 4909 3044 4972 λίθους
3090 4908 3447 4979 ἀναισθήτους
3480 4906 3806 4977 θεραπεύειν

2231 4990 2640 5059 καταδέχονται,
2673 4989 2767 5041 καὶ
2798 4989 2899 5041 οὐκ
2946 4987 3396 5057 ἐγκαλύπτονται,
3436 4987 3555 5039 οὐδὲ
3586 4986 3806 5055 λαμϐά-

2230 5086 2411 5122 νουσιν
2435 5068 2642 5120 ἔννοιάν
2659 5085 2779 5120 τινα
2796 5070 2893 5137 τῆς
2920 5066 3186 5136 τοσαύτης
3215 5066 3465 5128 ἀτοπίας,
3480 5064 3613 5117 ἀλλά
3631 5064 3774 5117 καθά
3787 5095 3805 5103 -

2230 5164 2335 5218 περ
2395 5146 2742 5215 βοσκήματα,
2774 5147 2915 5197 οὕτω
2961 5148 3026 5214 τῇ
3075 5143 3806 5215 συνηθείᾳάπάγονται;Διά

2231 5224 2388 5277 τοῦτο
2406 5225 2498 5275 καὶ
2516 5222 2726 5284 Παῦλος
2744 5223 2894 5288 ἔλεγε
2908 5226 3154 5293 γριῖιφων⁹
3184 5223 3393 5275 Οἴδατε
3411 5220 3522 5285 ὅτι,
3535 5220 3633 5273 ὅτε
3659 5220 3806 5286 ἔθνη

2231 5300 2355 5372 ἦτε,
2386 5302 2533 5368 πρὸς
2550 5300 2622 5354 τὰ
2635 5302 2851 5355 εἴδωλα
2868 5302 2936 5357 τὰ
2953 5300 3161 5367 ἄφωνα
3173 5301 3253 5364 ὡς
3272 5300 3350 5354 ἂν
3361 5299 3578 5368 ἤγεσθε
3591 5300 3809 5365 ἀπαγό-
3826 5330 3831 5333 -

2231 5398 2420 5450 μενοι.
2452 5381 2563 5432 Καὶ
2587 5379 2765 5443 καλῶς
2782 5376 2926 5440 εἶπε.
2952 5377 3027 5435 Td
3037 5378 3264 5447 ἄφωνα.
3288 5381 3353 5432 Οἱ
3374 5378 3556 5448 φωνὴν
3571 5377 3805 5448 ἔχοντες,

2234 5461 2328 5515 καὶ
2356 5461 2526 5525 ἀκοῆς
2558 5458 2651 5511 καὶ
2684 5458 2842 5525 λόγου
2882 5457 3229 5529 μετέχοντες,
3266 5458 3401 5526 πρὸς
3432 5456 3500 5509 τὰ
3533 5456 3804 5526 μηδεμίαν

2236 5539 2487 5608 αἴσθησιν
2505 5537 2715 5607 ἔχοντα,
2736 5536 2811 5599 ὡς
2821 5536 2990 5604 ἄλογα
3011 5536 3311 5604 ἀπάγεσθε.
3331 5537 3441 5588 Καὶ
3471 5536 3629 5597 ποίας
3661 5534 3726 5587 ἂν
3753 5536 3804 5585 οε

2234 5618 2465 5671 τοιοῦτοι
2485 5612 2810 5684 συγγνώμης
2841 5616 3089 5685 τύχοιεν;
3121 5615 3258 5668 Ἀλλ’
3290 5616 3490 5684 ἴδωμεν
3516 5616 3664 5674 ὅπως
3685 5613 3808 5666 ὁδί-

2245 5713 2397 5758 καιος
2410 5695 2593 5747 λοιπον
2621 5694 2900 5765 θαρρήσας
2916 5695 2978 5749 ἔκ
2995 5712 3051 5747 τε
3064 5695 3177 5751 τῶν,
3189 5694 3339 5764 παρὰ
3357 5695 3451 5747 τοῦ
3468 5691 3652 5765 Λάϐαν
3670 5692 3806 5760 ὁμο-

2238 5775 2593 5843 λογηθέντων,
2613 5763 2704 5826 καῖ
2719 5763 2775 5838 ἐξ
2786 5763 2866 5826 ὧν
2878 5774 3128 5843 οὐδεμίαν
3146 5763 3363 5841 εὔλογον
3381 5773 3559 5824 αἰτίαν
3573 5763 3696 5838 εῦρε
3709 5773 3810 5838 τῆς

2240 5850 2541 5905 κατάύτοῦ
2567 5852 2843 5920 μέμψεως,
2880 5853 2931 5904 τί
2963 5868 3159 5923 φησιν;
3198 5851 3476 5920 Ὡργίσθη
3499 5850 3565 5903 δὲ
3602 5849 3811 5902 Ἰακὼϐ

2243 5930 2339 5985 καὶ
2385 5929 2717 5999 ἐμαχέσατο
2748 5929 2825 5995 τῷ
2857 5929 3078 5998 Λάϐαν,
3102 5932 3198 5985 καὶ
3221 5928 3555 5997 εἶπενοὊρα
3577 5926 3693 5991 πῶς
3714 5924 3814 5979 καὶ
