4168 6264
430 207 525 263 501

426 336 551 381 runt
575 327 686 383 ‘.Et
729 343 796 383 ne
822 336 1067 398 putarent
1094 327 1208 382 hare
1232 342 1299 383 ex
1319 327 1433 382 visu
1462 326 1581 381 solo
1599 341 1662 381 ac
1682 325 1859 396 specie
1874 324 2007 379 facta

425 434 565 485 esse;
583 434 777 489 pereos
787 421 873 490 qui
889 430 1069 490 postea
1086 420 1140 474 in
1155 420 1324 474 lacum
1338 418 2005 489 injectisuntagnoverunt,

426 524 520 563 eas
543 525 666 565 cum
689 510 832 579 justo
852 511 967 565 viro
990 511 1169 566 ovium
1196 510 1655 566 mansuetudinem
1684 509 1933 575 imitatas,
1957 517 2012 563 et

427 609 632 654 natura:
668 615 779 655 sua:
807 602 999 656 oblitas
1026 616 1184 658 esse:
1227 617 1349 675 cum
1378 601 1442 657 iis
1482 608 1660 656 autem
1707 600 1797 669 qui
1829 600 2017 669 postea

428 690 611 761 injecti
641 703 765 747 sunt
790 691 1041 748 ferociam
1064 707 1217 748 suam
1240 692 1563 748 exhibuisse.
1597 691 1855 747 Similiter
1876 700 1931 746 et
1956 693 2010 746 in

429 781 646 838 fornace
667 784 802 851 ignis
828 782 1023 839 factum
1053 793 1135 839 est
1163 783 1389 855 (Daniel.
1422 784 1500 851 '5).
1532 782 1666 838 Nam
1695 797 1788 838 eos
1813 782 1901 853 qui
1933 783 2013 836 in-

430 883 516 926 tus
535 882 688 927 erant
711 875 1053 930 reverebatur
1070 876 1415 940 elementum,
1434 883 1487 929 et
1506 890 1612 929 non
1637 876 1820 930 urebat
1840 875 1973 944 ignis
1993 891 2008 929 :

430 965 523 1019 sed
549 967 699 1035 quasi
723 967 877 1035 ligata
904 969 1213 1038 Operatione
1240 983 1355 1033 sua,
1380 969 1452 1022 ita
1474 968 1604 1022 nihil
1633 969 1858 1022 nocebat
1884 982 2012 1036 pue-

429 1071 612 1112 rorum
638 1060 973 1128 corporibus,
1003 1069 1057 1115 et
1080 1075 1250 1129 neque
1272 1059 1493 1130 capillos
1523 1075 1711 1114 eorum
1748 1064 2013 1129 attingere

430 1162 591 1204 ausus
631 1148 750 1215 fuit,
778 1152 929 1220 quasi
968 1151 1218 1206 mandato
1260 1152 1484 1220 alicujus
1527 1151 1852 1206 elementum
1891 1166 2020 1220 pro-

431 1240 602 1308 priam
622 1240 897 1297 declarare
932 1242 1182 1296 virtutem
1234 1241 1651 1311 prohiberetur:
1699 1256 1792 1296 eos
1834 1249 2011 1295 autem

430 1331 520 1399 qui
546 1340 694 1385 extra
723 1331 992 1388 fornacem
1010 1342 1182 1398 erant,
1214 1332 1527 1402 absumpsit.
1556 1331 1614 1386 In
1640 1341 1866 1401 utroque
1894 1346 2012 1385 ma-

430 1435 532 1489 gna
562 1421 650 1475 Dei
681 1423 912 1491 potentia
936 1423 1234 1477 declaratur
1252 1464 1268 1490 ,
1298 1431 1352 1477 et
1376 1422 1496 1493 quia
1524 1422 1597 1477 illi
1625 1422 1767 1477 intus
1796 1436 2011 1476 manse-

432 1520 556 1564 runt
596 1511 786 1579 illaesi,
816 1521 871 1569 et
913 1514 1037 1584 quia
1077 1513 1168 1583 qui
1197 1515 1325 1569 foris
1347 1522 1541 1581 erant,
1586 1512 1878 1583 perierunt.
1925 1510 2013 1567 Sic

430 1599 643 1670 quando
689 1616 921 1670 superno
964 1603 1161 1658 auxilio
1214 1602 1524 1668 munimur,
1575 1617 1681 1656 non
1710 1601 1885 1657 solum
1929 1598 2013 1655 ef-

432 1690 659 1761 fugimus
707 1693 1043 1748 inimicorum
1093 1692 1351 1759 insidias,
1414 1692 1511 1748 sed
1559 1692 1659 1748 etsi
1710 1691 1764 1746 in
1814 1691 2013 1747 bestias

431 1781 575 1850 ipsas
594 1782 911 1849 incidamus,
947 1783 1078 1838 nihil
1101 1784 1329 1853 patimur
1365 1799 1545 1855 grave.
1575 1784 1667 1839 Dei
1705 1784 1849 1838 enim
1894 1797 2013 1837 ma-

431 1886 530 1925 nus
559 1875 825 1940 potentior
860 1882 944 1931 est
974 1875 1259 1942 omnibus;
1305 1875 1420 1944 ipsa
1460 1890 1560 1930 nos
1607 1875 1841 1945 undique
1883 1874 2013 1929 satis

430 1965 616 2029 munit,
634 1974 690 2022 et
707 1965 928 2021 invictos
950 1966 1074 2022 facit
1097 1985 1110 2021 :
1138 1967 1187 2021 id
1201 1967 1343 2036 quod
1364 1975 1417 2022 et
1430 1966 1484 2021 in
1501 1966 1645 2035 justo
1664 1965 1768 2021 hoc
1778 1965 2015 2020 declara-

430 2062 542 2110 tum
564 2064 664 2109 est.
696 2055 826 2110 Nam
852 2057 941 2125 qui
972 2064 1121 2111 tanto
1148 2057 1347 2126 impetu
1372 2056 1830 2126 comprehendere
1850 2055 2013 2110 Jaco-

430 2142 579 2210 hum,
604 2153 659 2199 et
686 2161 898 2215 ptenam
926 2144 1062 2216 fugae
1088 2147 1156 2201 de
1181 2162 1248 2201 eo
1275 2162 1488 2201 sumere
1512 2146 1755 2214 volebat;
1786 2163 1892 2202 non
1923 2163 2014 2201 so-

432 2234 543 2287 lum
574 2235 702 2289 nihil
729 2251 980 2305 asperum
1006 2246 1063 2291 et
1087 2237 1281 2291 durum
1309 2237 1565 2293 adversus
1590 2253 1711 2292 eum
1734 2238 1969 2308 loquitur
1992 2278 2009 2303 ,

432 2324 529 2379 sed
555 2326 690 2380 sicut
714 2337 866 2396 pater
900 2327 1065 2381 lilium
1094 2329 1421 2398 compellans
1444 2370 1460 2395 ,
1492 2330 1562 2384 ita
1604 2329 1811 2384 blandis
1838 2330 2014 2385 verbis

433 2417 683 2470 convenit
706 2435 719 2470 ε
750 2417 880 2472 dicit
905 2418 1051 2473 enim
1078 2437 1090 2473 :
1118 2419 1208 2475 26.
1233 2420 1336 2475 Cur
1363 2421 1457 2474 hoc
1481 2421 1689 2489 fecisti?
1709 2438 1864 2490 quare
1882 2424 2015 2476 clam

432 2508 752 2563 abscessisti?
782 2510 913 2565 Vide
952 2520 1146 2581 quanta
1189 2514 1448 2568 mutatio:
1496 2513 1616 2569 vide
1656 2514 1923 2584 quomodo
1966 2515 2013 2569 is

431 2600 521 2669 qui
549 2610 605 2654 ut
629 2600 795 2655 bestia
826 2600 1143 2667 insaniebat,
1178 2604 1359 2658 ovium
1382 2604 1618 2659 imitatur
1646 2606 2011 2660 mansuetudi-

431 2703 574 2744 nem.
608 2689 777 2758 Quare
813 2691 1043 2746 clanculo
1086 2693 1378 2759 discessisti,
1410 2705 1458 2748 et
1497 2711 1607 2749 mea
1633 2696 1807 2765 furtim
1837 2696 2009 2749 abstu-

431 2781 568 2847 listi,
613 2791 661 2836 et
702 2782 957 2838 abduxisti
1004 2785 1138 2853 ﬁlias
1177 2802 1314 2840 meas
1341 2787 1485 2858 quasi
1533 2791 1752 2858 captivas
1798 2788 2013 2860 gladio?

430 2873 605 2939 Quare
623 2915 640 2940 ,
668 2873 871 2945 inquit,
900 2875 1002 2931 hoc
1031 2876 1237 2933 fecisti?
1263 2880 1386 2949 quid
1418 2879 1629 2934 tandem
1655 2881 1709 2935 in
1738 2882 2013 2953 proposito

432 2965 705 3021 habuisti?
732 2983 897 3036 quare
940 2970 1018 3024 sic
1056 2971 1265 3025 occulte
1307 2970 1504 3040 parasti
1541 2970 1879 3027 discessum?
1920 2972 2010 3026 27.

434 3057 574 3113 Nam
600 3059 644 3113 si
670 3061 1021 3115 annuntiasses
1049 3062 1172 3115 mihi
1197 3104 1211 3127 ,
1244 3079 1357 3116 cum
1382 3080 1564 3134 magno
1592 3064 1781 3119 honore
1805 3074 1850 3118 et
1879 3064 2010 3119 la’ti-

432 3150 503 3202 tia
527 3151 730 3221 fuissem
756 3161 803 3207 te
826 3164 1173 3222 prosequutus.
1205 3154 1491 3209 Enimvero
1519 3154 1563 3210 si
1588 3155 1691 3212 hoc
1714 3156 2012 3226 scivissem,

430 3240 557 3295 Cum
584 3242 819 3308 musicis,
850 3252 897 3296 et
927 3245 1176 3313 tympanis
1210 3254 1257 3297 et
1288 3244 1484 3298 cithara
1530 3256 1860 3316 prosequutus
1887 3247 2013 3315 fuis-

428 3348 533 3386 sem
550 3342 613 3388 te.
638 3332 727 3388 28.
750 3332 869 3387 Non
884 3350 996 3389 sum
1020 3334 1204 3407 dignus
1230 3336 1428 3390 habitus
1451 3336 1669 3390 osculari
1686 3337 1822 3404 ﬁlias
1843 3353 2010 3392 meas:

430 3440 564 3477 nunc
599 3435 768 3479 autem
810 3426 1100 3495 insipienter
1140 3427 1301 3498 egisti.
1348 3426 1508 3482 Vides
1559 3428 1827 3497 quomodo
1871 3443 2012 3483 nunc

429 3514 776 3583 semetipsum
815 3517 1008 3587 arguit,
1058 3525 1113 3571 et
1156 3533 1249 3587 per
1292 3517 1525 3587 linguam
1568 3533 1721 3573 suam
1776 3518 2009 3586 fatetur,

428 3620 550 3661 sese
576 3607 789 3677 quidem
810 3607 1013 3677 justum
1033 3608 1171 3663 male
1195 3610 1407 3664 allicere
1436 3618 1675 3679 paratum
1702 3610 1885 3678 fuisse,
1918 3612 2011 3667 Dei

431 3704 609 3749 autem
641 3697 1025 3764 providentiam
1048 3739 1062 3765 ,
1093 3713 1127 3753 a
1150 3699 1425 3755 molimine
1452 3714 1548 3753 suo
1576 3700 1748 3769 ipsum
1783 3700 2010 3768 impedi-

433 3783 594 3838 visse.
620 3785 709 3839 29.
741 3785 933 3851 Potest,
964 3787 1152 3855 inquit,
1184 3804 1362 3841 manus
1388 3804 1497 3840 mea
1518 3798 1565 3841 te
1598 3790 1847 3858 affligere;
1872 3788 2012 3843 Deus

430 3884 598 3928 autem
628 3878 784 3945 patris
810 3878 883 3930 tui
912 3878 1020 3932 heri
1043 3878 1165 3930 mihi
1191 3878 1355 3931 dixit:
1384 3878 1512 3932 Cave
1536 3879 1621 3932 tibi
1651 3881 1768 3948 ipsi,
1800 3897 1862 3933 ne
1883 3884 2012 3949 forte

430 3965 653 4034 loquaris
682 3984 795 4020 cum
817 3967 977 4022 Jacob
1002 3970 1154 4021 mala.
1188 3968 1369 4039 Cogita
1399 3970 1483 4025 hic
1510 3980 1704 4040 quanta
1730 3988 1848 4027 cum
1884 3988 2012 4028 con-

428 4058 689 4114 solatione
708 4059 836 4129 justi
866 4059 1059 4114 emissa
1087 4060 1283 4115 fuerint
1309 4061 1424 4115 hare
1448 4063 1629 4127 verba,
1653 4072 1707 4118 et
1733 4064 2010 4119 considera

427 4150 695 4221 quomodo
722 4151 808 4205 hic
834 4150 1023 4206 cllatur
1049 4168 1166 4222 qum
1191 4152 1449 4207 adversus
1469 4155 1669 4223 justum
1692 4155 2006 4222 decreverit,

425 4252 479 4301 et
498 4243 725 4314 qualiter
743 4259 863 4298 eum
885 4244 1341 4314 comprehendere
1362 4247 1603 4310 voluerit,
1629 4262 1793 4317 seque
1821 4249 2009 4304 timore

424 4335 519 4390 Dei
541 4351 569 4389 a
601 4337 753 4391 malis
779 4338 1015 4393 consiliis
1040 4337 1330 4393 cohibitum
1360 4338 1542 4394 fuisse.
1566 4338 1704 4393 Deus
1732 4343 1888 4408 patris
1912 4343 2005 4409 tui,

426 4426 613 4496 inquit.
646 4426 775 4482 Vide
799 4427 1066 4497 quomodo
1087 4428 1200 4497 ipse
1224 4428 1404 4483 Laban
1426 4443 1529 4483 non
1558 4446 1743 4499 parum
1770 4432 2008 4488 utilitatis

425 4515 549 4570 hinc
568 4517 899 4586 perceperit,
931 4517 1218 4571 maximam
1243 4532 1310 4571 ex
1339 4517 1401 4572 iis
1429 4534 1547 4587 quze
1584 4519 1685 4573 sibi
1723 4521 1861 4575 dicta
1892 4521 2007 4577 fue-

426 4618 552 4663 runt
579 4610 786 4664 virtutis
816 4609 910 4663 Dei
945 4610 1214 4678 accipiens
1254 4609 1780 4667 demonstrationem.
1814 4614 2005 4669 Verum

424 4701 545 4769 quia
567 4709 622 4756 et
637 4710 711 4766 tu,
734 4701 922 4771 inquit,
944 4700 1044 4756 hoc
1061 4701 1364 4769 decrevisti,
1384 4712 1436 4757 et
1453 4703 1594 4759 Deus
1608 4713 1689 4759 est
1704 4706 1790 4775 qui
1810 4716 2006 4763 tantam

426 4794 500 4849 tui
521 4808 699 4848 curam
716 4796 872 4863 gerit,
895 4793 983 4848 '50.
1009 4793 1163 4848 Nunc
1180 4794 1332 4864 igitur
1351 4794 1511 4849 vade:
1534 4812 1714 4866 magno
1736 4797 1866 4850 enim
1885 4798 2008 4853 desi-

422 4889 562 4941 derio
585 4887 882 4941 desiderasti
896 4887 1034 4940 abire
1048 4889 1101 4940 in
1117 4887 1321 4941 domum
1337 4887 1495 4957 patris
1509 4888 1602 4945 tui.
1630 4888 1795 4953 Quare
1810 4889 2007 4958 furatus

421 4994 472 5031 es
492 4977 610 5032 deos
631 4993 764 5031 meos
781 4978 804 5032 7
824 4977 975 5043 Esto,
1004 4978 1205 5048 inquit;
1233 4977 1336 5033 hoc
1355 4978 1659 5034 decreveris
1685 4988 1738 5033 ut
1763 4981 1921 5035 abeas
1952 4981 2005 5036 in

420 5069 634 5123 domum
653 5067 814 5137 patris
829 5068 899 5122 tui
916 5085 928 5120 :
958 5083 1120 5138 quare
1135 5067 1264 5127 deos
1282 5082 1429 5123 meos
1443 5068 1643 5123 furatus
1658 5070 1750 5123 es?
1769 5071 1813 5124 0
1831 5070 2007 5140 ingen-

421 5170 525 5217 tcm
543 5159 924 5229 insipientiam!
951 5160 1152 5218 talesne
1171 5170 1291 5214 sunt
1310 5160 1382 5214 dii
1403 5159 1500 5227 tui,
1516 5169 1573 5214 ut
1590 5159 1712 5230 quis
1726 5175 1820 5215 eos
1840 5161 2003 5218 furari

417 5252 619 5322 queat?
644 5252 757 5306 Non
786 5251 1059 5308 erubescis
1095 5251 1311 5317 dicens,
1343 5251 1512 5316 Quare
1552 5253 1749 5322 furatus
1792 5269 1844 5307 es
1883 5252 2004 5307 deos

418 5343 591 5398 meos?
621 5342 751 5401 Vide
776 5352 971 5412 quanta
1001 5341 1101 5397 fuit
1137 5343 1336 5397 erroris
1360 5343 1599 5413 gravitas
1624 5383 1639 5409 ,
1689 5343 1814 5398 dum
1845 5344 1880 5398 ii
1910 5346 2002 5413 qui

418 5437 625 5491 ratione
656 5434 861 5503 praediti
894 5442 1068 5501 erant,
1111 5433 1362 5490 colebant
1405 5433 1608 5504 lapides
1646 5442 1700 5490 et
1743 5435 1902 5505 ligna.
1936 5435 2002 5489 lli

483 5541 497 5569 ι
530 5536 644 5601 Haec
680 5536 827 5585 verba
852 5574 865 5597 ,
908 5536 985 5601 illi
1036 5550 1152 5587 vero
1185 5536 1337 5601 feras
1358 5535 1652 5589 immanitate
1696 5546 2003 5601 superartmt,

420 5599 563 5682 abtpi
593 5600 734 5707 deut-dt
756 5601 850 5646 τῶν
875 5600 1045 5661 θηρίων
1086 5600 1216 5664 αὐτῴ
1264 5599 1422 5661 χεῖρον
1471 5602 1715 5664 διέθηκαν,
1743 5599 1922 5652 desunt
1955 5601 2006 5653 in

421 5668 595 5711 nimiis
631 5698 639 5707 .
678 5676 741 5708 ss.

514 5684 595 5708 ιιιδ
631 5684 741 5708 3153,

1431 210 1499 267 iN
1528 211 1682 267 CAP.
1725 210 1916 266 XXXI.
1957 210 2201 267 GENES.
2243 212 2469 269 HOMIL.
2513 216 2669 270 LW].

3593 222 3697 278 502

2121 337 2242 382 sunt
2269 326 2339 382 dii
2370 332 2478 397 tui,
2510 346 2544 386 o
2573 329 2774 399 Laban,
2804 332 2907 401 qui.
2922 347 3093 402 neque
3118 348 3239 387 cum
3265 333 3481 388 furaturi
3504 350 3561 389 se
3582 338 3699 404 qui.-

2117 420 2238 476 datn
2259 434 2430 488 erant,
2451 424 2638 492 juvare
2659 439 2716 478 se
2738 426 3062 493 potuerunt?
3085 426 3184 490 Qui
3210 426 3352 480 enim
3375 430 3702 495 possentrqui

2116 527 2147 565 e
2178 511 2352 581 lapide
2373 523 2499 568 sunt
2522 514 2790 569 confecti?
2828 515 2968 568 Deus
3007 526 3182 571 autem
3219 517 3391 583 justi,
3422 517 3708 585 ignorante

2113 602 2257 671 justo
2277 645 2293 670 ,
2322 604 2576 671 impetum
2603 615 2751 659 tuum
2776 605 3031 660 coencuit.
3061 606 3130 660 Et
3148 620 3254 660 non
3280 608 3480 677 cogitas
3500 609 3709 663 erroris

2118 694 2554 762 magnitudinem,
2601 705 2656 751 et
2683 695 2887 764 justum
2930 696 3055 751 furti
3094 698 3313 766 arguis?
3341 698 3515 765 Quare
3557 700 3703 753 enim

2113 782 2290 851 justus
2319 783 2439 839 illos
2464 784 2628 838 furari
2656 786 2945 851 voluisset,
2973 801 3110 856 quos
3135 787 3561 856 abominabatur,
3590 789 3701 845 imo

2117 888 2251 944 quos
2294 874 2497 929 sciebat
2524 891 2642 929 esse
2682 892 2844 931 sensu
2870 893 3068 933 vacuos
3116 879 3362 949 lapides?
3391 881 3556 935 Porro
3584 881 3700 935 haec

2117 978 2238 1018 cum
2281 964 2517 1019 audisset
2560 964 2745 1031 Jacob,
2795 966 3023 1036 primum
3068 985 3253 1040 magna
3297 971 3703 1027 mansuetudine

2117 1056 2185 1111 de
2205 1056 2430 1126 objectis
2453 1058 2762 1111 criminibus
2788 1073 2846 1113 se
2874 1070 3082 1129 purgat.
3115 1069 3171 1115 et
3197 1070 3320 1117 tunc
3350 1072 3406 1116 ut
3434 1064 3702 1133 inquiran-

2119 1154 2204 1202 tur
2231 1147 2303 1201 dii
2342 1147 2511 1216 jubet.
2538 1148 2626 1202 ⁵51.
2658 1146 2782 1201 Dixi
2822 1149 2953 1203 enim
2973 1191 2988 1215 ,
3022 1151 3213 1221 inquit,
3243 1170 3305 1206 ue
3333 1158 3460 1223 forte
3494 1158 3702 1225 auferas

2119 1237 2252 1306 ﬁlias
2279 1246 2389 1291 tuas
2414 1254 2446 1291 a
2471 1254 2566 1304 me,
2596 1251 2644 1293 et
2671 1241 2840 1292 omnia
2866 1257 2998 1293 mea.
3030 1241 3186 1308 Quia,
3220 1242 3421 1312 inquit,
3454 1245 3702 1301 videbam

2120 1336 2171 1382 te
2213 1343 2319 1382 non
2350 1327 2486 1383 bene
2525 1345 2651 1398 erga
2696 1345 2787 1384 me
2824 1330 3108 1396 allectum,
3138 1332 3326 1387 anxius
3366 1333 3434 1385 fui
3468 1349 3535 1388 ne
3566 1334 3702 1389 forte

2117 1421 2389 1476 conareris
2417 1421 2625 1478 auferre
2655 1423 2787 1478 tilias
2817 1432 2932 1477 tuas
2960 1432 3015 1479 et
3044 1423 3317 1479 facultates
3344 1441 3511 1488 meas,
3540 1436 3701 1496 atque

2119 1512 2337 1582 privare
2366 1528 2453 1567 me
2490 1514 2646 1579 meis,
2677 1514 2817 1568 sicut
2857 1514 3122 1584 quondam
3172 1515 3361 1569 iecisti.
3412 1515 3513 1568 Ista
3544 1516 3701 1585 igitur

2116 1616 2277 1657 causa
2305 1602 2508 1657 timoris
2535 1603 2658 1658 fecit
2677 1644 2691 1669 ,
2725 1612 2782 1658 ut
2810 1603 2948 1659 clam
2976 1614 3027 1659 te
3052 1604 3275 1659 abirem.
3304 1604 3567 1659 Caeterum
3609 1605 3696 1660 32.

2116 1692 2270 1761 Apud
2293 1708 2439 1762 quem
2463 1693 2709 1747 inveneris
2736 1694 2854 1748 deos
2880 1704 3010 1760 tuos,
3039 1711 3139 1747 non
3166 1696 3293 1748 viret
3322 1712 3496 1750 coram
3521 1695 3699 1763 fratri.

2118 1783 2209 1838 bus
2246 1785 2451 1841 nostris.
2481 1784 2638 1838 Vides
2663 1784 2939 1854 ignorasse
2982 1783 3147 1839 Jacob
3190 1786 3384 1839 furtum
3411 1800 3441 1837 a
3471 1784 3703 1839 Rachele

2117 1876 2481 1931 commissum.
2503 1875 2639 1931 Vide
2667 1876 2810 1931 enim
2836 1885 3031 1946 quanta
3052 1876 3362 1930 austeritate
3385 1876 3703 1946 supplicium

2117 1967 2357 2023 decernit
2380 1967 2431 2022 ei
2451 1967 2541 2036 qui
2570 1967 2766 2022 furtum
2795 1966 3105 2022 admiserat.
3135 1965 3289 2035 Apud
3314 1983 3480 2036 quem,
3509 1966 3703 2036 inquit,

2117 2061 2306 2115 inventi
2333 2058 2540 2131 fuerint,
2582 2076 2681 2114 non
2707 2060 2829 2113 vivet
2854 2076 3025 2113 coram
3065 2058 3304 2129 fratribus
3330 2059 3533 2111 nostris.
3586 2058 3704 2112 Non

2118 2150 2290 2205 solum
2311 2192 2327 2217 ,
2358 2150 2566 2220 inquit,
2597 2150 2719 2219 quia
2748 2150 2981 2206 ablatum
3012 2160 3114 2215 est,
3144 2149 3237 2204 sed
3267 2158 3322 2204 et
3358 2149 3479 2219 quia
3507 2149 3703 2203 furtum

2118 2243 2209 2316 qui
2240 2243 2443 2310 fecerit,
2476 2243 2815 2299 manifestum
2840 2244 2923 2298 sui
2948 2243 3132 2314 ﬂagitii
3164 2243 3414 2297 indicium
3445 2242 3703 2311 proferet.

2120 2336 2267 2392 Scias
2291 2337 2335 2390 si
2359 2335 2482 2407 quid
2510 2344 2594 2389 est.
2611 2344 2813 2389 tuorum
2837 2336 2977 2403 apud
3006 2351 3102 2398 me,
3124 2344 3171 2388 et
3196 2335 3385 2403 accipe.
3415 2334 3665 2387 Scrutare
3682 2373 3703 2399 ,

2118 2427 2306 2498 inquit,
2340 2443 2466 2481 num
2508 2425 2632 2496 quid
2672 2424 2985 2480 abstulerim
3019 2424 3161 2494 quod
3186 2423 3253 2478 ad
3284 2439 3370 2478 mc
3396 2438 3499 2476 non
3544 2423 3703 2491 perti-

2119 2519 2312 2573 nuerit.
2338 2516 2480 2571 Nihil
2505 2515 2647 2570 aliud
2682 2517 2736 2570 in
2762 2529 2847 2570 me
2867 2529 3091 2584 arguere
3121 2515 3341 2584 poteris,
3374 2529 3532 2581 quam
3557 2514 3702 2582 quod

2117 2608 2253 2664 clam
2277 2608 2538 2662 abierim:
2566 2607 2742 2661 ethoc
2774 2620 2883 2659 non
2912 2613 3102 2676 sponte
3133 2604 3254 2668 feci,
3281 2604 3374 2659 sed
3398 2604 3705 2672 suspicatus

2118 2698 2451 2768 injustitiam,
2479 2706 2534 2752 et
2562 2698 2757 2751 timens
2781 2710 2850 2751 ne
2877 2695 3042 2750 velles
3067 2694 3280 2749 auferre
3312 2695 3445 2747 tilias
3476 2702 3613 2759 luas,
3646 2702 3702 2747 et

2116 2791 2247 2844 alias
2273 2804 2419 2848 meas
2451 2787 2764 2853 facultates,
2795 2787 2840 2841 si
2876 2786 2927 2840 id
2971 2786 3220 2842 rescires.
3268 2785 3335 2839 Et
3363 2786 3704 2855 nonragnovit

2115 2880 2254 2952 apud
2282 2896 2397 2934 eum
2421 2878 2635 2948 aliquid.
2670 2876 2936 2932 Nesciebat
2960 2888 3128 2931 autem
3148 2876 3311 2930 Jacob
3337 2877 3473 2946 quod
3506 2876 3701 2932 Rachel

2117 2988 2246 3025 uxor
2271 2987 2363 3025 sua
2393 2970 2564 3039 furata
2590 2970 2765 3038 fuisset
2791 2985 2895 3023 eos.
2927 2969 3016 3024 55.
3047 2967 3312 3037 Ingressus
3335 2978 3503 3021 autem
3522 2967 3703 3022 Labtm

2116 3071 2368 3116 scrutatus
2394 3069 2466 3114 est
2496 3060 2699 3113 domum
2728 3058 2836 3112 Liaa
2854 3100 2869 3125 ,
2899 3069 2945 3112 et
2969 3075 3071 3112 non
3096 3058 3299 3111 invenit.
3339 3057 3604 3128 Ingressus
3629 3068 3702 3112 est

2116 3162 2283 3206 autem
2323 3162 2369 3205 et
2412 3152 2466 3204 in
2505 3151 2711 3204 domum
2746 3148 2958 3202 Rachel.
3000 3149 3089 3203 54.
3128 3148 3321 3202 Rachel
3352 3165 3466 3202 vero
3510 3149 3703 3217 accepit

2116 3244 2272 3310 idola,
2300 3252 2346 3297 et
2372 3242 2539 3313 posuit
2566 3258 2626 3294 ea
2649 3240 2817 3295 subter
2841 3251 3113 3293 stramenta
3141 3240 3467 3303 camelorum,
3498 3250 3545 3293 et
3572 3240 3703 3293 sedit

2115 3354 2266 3407 super
2306 3353 2385 3392 ea.
2418 3334 2484 3390 Et
2522 3335 2651 3388 dixit
2695 3335 2828 3404 patri
2856 3348 2989 3387 suo:
3019 3333 3107 3389 55.
3151 3330 3234 3385 Ne
3275 3334 3493 3401 graviter
3540 3332 3703 3400 feras,

2116 3431 2315 3485 domine
2340 3430 2409 3483 mi
2431 3444 2450 3481 :
2476 3444 2575 3482 non
2606 3443 2810 3498 possum
2839 3441 3041 3495 surgere
3066 3441 3238 3478 coram
3269 3435 3342 3490 te,
3373 3424 3492 3493 quia
3516 3440 3699 3477 secun-

2116 3524 2235 3577 dum
2260 3521 2668 3577 consuetudinem
2690 3520 2958 3574 mulierum
2985 3519 3107 3572 mihi
3128 3528 3218 3571 est.
3244 3518 3513 3573 Scrutatus
3532 3526 3701 3571 autem

2116 3624 2188 3669 est
2215 3612 2390 3667 Laban
2410 3615 2463 3666 in
2488 3620 2591 3666 tota
2610 3612 2758 3665 domo
2780 3612 2907 3681 ejus,
2941 3620 2985 3663 et
3011 3626 3109 3663 non
3140 3609 3344 3663 invenit.

2189 3706 2243 3759 6.
2286 3704 2472 3773 Magna
2520 3701 2767 3755 liachelis
2815 3701 3053 3766 solertia,
3097 3716 3189 3767 per
3233 3714 3391 3767 quam
3448 3698 3702 3753 deludere

2116 3796 2288 3866 potuit
2316 3793 2610 3847 Lahanum.
2641 3790 2873 3843 Audiant
2911 3791 3002 3859 qui
3049 3788 3226 3847 adhuc
3272 3788 3544 3842 erroribus
3579 3796 3707 3841 sunt

2116 3885 2337 3951 addicti,
2387 3891 2441 3939 et
2488 3881 2844 3936 idololatriam
2899 3879 3075 3949 magni
3132 3879 3363 3933 faciunt-
3415 3877 3611 3935 Posuit
3644 3896 3704 3937 ea

2117 3977 2283 4032 subter
2310 3984 2585 4030 stramenta
2613 3975 2942 4040 camelorum,
2998 3974 3188 4045 inquit,
3233 3982 3280 4029 et
3298 3972 3422 4027 sedit
3444 3988 3595 4040 super
3621 3989 3701 4028 ea.

2116 4069 2252 4138 Quid
2279 4068 2361 4123 his
2392 4069 2559 4138 magis
2584 4066 2867 4121 ridiculum
2888 4067 2910 4120 ?
2931 4066 3032 4134 Qui
3059 4066 3265 4120 ratione
3297 4065 3498 4134 praaditi
3529 4076 3700 4129 erant,

2116 4170 2171 4215 et
2211 4167 2411 4214 tantam
2458 4157 2823 4212 misericordia
2857 4157 2950 4212 Dei
2989 4157 3261 4225 assequuti
3300 4158 3509 4210 fuerant
3534 4158 3703 4226 digiti-

2117 4259 2277 4305 tatem
2303 4291 2317 4316 ,
2369 4248 2572 4319 lapides
2614 4263 2777 4303 sensu
2819 4261 3013 4301 vacuos
3053 4256 3241 4317 putant
3277 4247 3530 4301 colendos
3561 4266 3572 4301 :
3606 4265 3703 4303 nec

2114 4340 2279 4411 pudet
2306 4355 2420 4405 eos,
2450 4353 2549 4393 nec
2576 4348 2774 4393 tantam
2797 4353 2982 4393 secum
3015 4346 3263 4407 reputant
3291 4337 3705 4401 absurditatem,

2116 4433 2212 4489 sed
2236 4447 2266 4486 a
2293 4430 2686 4486 consuetudine
2730 4431 2878 4501 quasi
2907 4444 3037 4484 oves
3084 4428 3460 4483 abducuntur?
3503 4428 3702 4483 Idcirco

2116 4520 2310 4574 Paulus
2337 4532 2546 4591 quoque
2569 4516 2806 4571 scribens
2830 4516 3042 4571 dicebat
3075 4533 3087 4569 :
3117 4515 3273 4570 Scitis
3300 4516 3505 4585 quando
3532 4524 3708 4583 gentes

2119 4614 2297 4678 eratis,
2355 4612 2421 4664 ad
2463 4611 2601 4664 idola
2652 4622 2806 4671 muta.
2836 4618 3104 4678 utcumque
3153 4608 3473 4662 ducebamini
3532 4616 3701 4661 euntes

2119 4706 2193 4777 (1.
2222 4704 2341 4761 Cor.
2368 4705 2453 4758 l2.
2483 4703 2565 4775 2).
2601 4703 2665 4757 Et
2691 4712 2834 4756 recte
2855 4701 3007 4764 dixit,
3042 4700 3207 4753 Muta.
3239 4700 3339 4766 Qui
3365 4713 3574 4763 vocem,
3615 4699 3699 4751 in-

2113 4798 2244 4865 quit,
2279 4796 2485 4857 habetis
2506 4804 2561 4850 et
2595 4808 2768 4857 aures,
2798 4801 2857 4847 et
2878 4791 3099 4846 rationis
3123 4792 3253 4846 estis
3292 4789 3597 4860 participes,
3629 4790 3699 4843 ad

2112 4905 2174 4944 ea
2200 4905 2319 4963 qua:
2362 4887 2565 4942 nullum
2605 4900 2820 4941 sensum
2858 4883 3072 4949 habent,
3104 4884 3241 4937 sicut
3285 4882 3439 4936 bruta
3476 4881 3696 4935 abduci-

2113 4980 2262 5035 mini.
2321 4979 2389 5043 Et
2436 4978 2646 5049 qualem
2691 4976 2781 5045 qui
2810 4976 2943 5029 tales
2978 4984 3103 5029 sunt
3142 4973 3348 5029 veniant
3380 4972 3697 5027 merentur?

2112 5070 2217 5126 Sed
2248 5050 2521 5124 videamus
2542 5066 2808 5138 quomodo
2830 5067 3005 5136 justus
3046 5079 3190 5119 nunc
3236 5064 3484 5117 fiduciam
3530 5076 3690 5117 accc-

2110 5163 2268 5232 perit,
2302 5161 2492 5230 partim
2532 5174 2602 5216 ex
2649 5159 2712 5212 iis
2739 5172 2874 5228 qum.
2910 5156 3090 5220 Laban
3130 5154 3407 5210 confessus
3432 5164 3535 5218 est,
3570 5168 3693 5221 par-

2111 5254 2215 5308 tim
2248 5252 2498 5321 quoniam
2566 5250 2770 5307 nullum
2824 5249 3028 5311 crimen
3075 5257 3260 5303 contra
3305 5259 3364 5300 se
3417 5246 3707 5301 invenerat.

2110 5344 2523 5415 reprehensione
2574 5342 2789 5413 dignum
2818 5383 2834 5409 ,
2866 5339 2991 5410 quid
3043 5338 3217 5394 dicit?
3266 5336 3354 5392 56.
3401 5333 3695 5415 Iratusest

2107 5448 2293 5502 autem,
2325 5435 2513 5506 inquit,
2564 5433 2746 5501 Jacob,
2779 5444 2823 5488 et
2849 5432 3103 5487 contendit
3133 5445 3249 5483 cum
3287 5427 3484 5493 Labau,
3538 5436 3585 5479 et
3607 5427 3693 5478 ὀὶ·-

2106 5531 2199 5583 xit.
2223 5526 2357 5581 Vide
2406 5525 2673 5597 quomodo
2721 5526 2882 5580 etiam
2926 5519 3313 5592 cxpostulando
3341 5519 3533 5572 animae
3579 5532 3708 5577 suae

2114 5620 2361 5680 vittutcm
2392 5619 2606 5695 delegit.
2659 5618 2785 5685 Qua:
2820 5616 3066 5685 injustitia
3097 5630 3225 5681 mea,
3257 5612 3331 5666 vel
3358 5612 3491 5682 quod
3516 5627 3731 5681 peccas.
