4168 6264
531 252 637 309 505

520 378 626 419 tum
665 383 852 434 meum,
899 368 1092 440 inquit,
1137 372 1273 441 quod
1309 383 1638 444 persequutus
1659 392 1712 430 es
1739 378 1858 432 me?
1907 379 2106 447 Quare,

520 457 710 527 inquit,
743 468 892 514 tanto
918 460 1118 530 impetu
1149 461 1438 516 insectatus
1474 477 1535 517 es
1581 465 1712 519 me?
1762 468 1974 536 qualem
2025 471 2110 525 itt-

518 548 774 616 iustitiam
826 551 955 606 mihi
1004 562 1156 622 potes
1198 553 1567 624 exprobrare?
1605 558 1760 626 quale
1790 565 2111 629 peccatum?

516 644 701 716 Neque
728 648 780 702 id
830 651 980 714 satis,
1006 650 1108 705 nisi
1155 661 1210 706 et
1240 661 1442 708 tantam
1486 657 1951 726 superinduxisses
1974 672 2106 712 con-

519 738 811 800 tumeliam,
854 749 911 793 ut
940 743 1255 797 scrutareris
1279 745 1459 800 omnia
1506 763 1626 817 qua:
1670 749 1724 802 in
1765 748 1926 803 domo
1965 761 2104 802 mea.

519 827 612 882 57.
643 828 777 894 Quid
815 830 1046 885 invenisti
1070 832 1135 886 de
1159 834 1390 890 omnibus
1415 838 1549 892 vasis
1582 853 1694 909 quae
1718 839 1774 892 in
1797 839 1947 892 domo
1973 848 2062 892 tua
2081 839 2108 894 .’

522 916 668 972 Pone
695 919 776 972 hic
802 937 975 975 coram
1004 923 1246 993 fratribus
1275 927 1375 980 tuis
1399 937 1448 980 et
1467 927 1714 997 fratribus
1751 930 1898 996 meis,
1941 938 1987 984 et
2015 931 2106 1000 ju-

515 1009 682 1063 dicent
709 1012 840 1065 inter
862 1030 954 1067 nos
984 1015 1132 1069 duos.
1164 1016 1356 1085 Tanto,
1411 1019 1600 1088 inquit,
1648 1021 1908 1077 scrutinio
1937 1020 2100 1090 facto,

518 1101 806 1168 potuistine
859 1104 1058 1174 aliquid
1107 1105 1348 1164 invenire
1391 1109 1532 1179 quod
1575 1111 1641 1164 ad
1694 1126 1780 1167 me
1815 1127 1922 1167 non
1978 1115 2102 1167 atti-

512 1201 657 1253 neat,
713 1193 795 1247 vel
821 1195 964 1264 quod
994 1205 1140 1251 tuum
1172 1198 1281 1252 sit?
1305 1198 1360 1254 Si
1385 1201 1655 1269 invenisti,
1682 1202 1862 1272 profer
1905 1204 1958 1258 in
1985 1220 2102 1261 me-

512 1285 682 1350 dium,
721 1295 778 1340 ut
834 1289 924 1356 qui
965 1289 1052 1344 hic
1095 1290 1291 1346 adsunt
1332 1294 1471 1362 apud
1515 1309 1604 1350 me
1643 1303 1697 1350 et
1731 1304 1805 1363 te,
1837 1296 2096 1366 judicium

519 1376 770 1430 reddant.
815 1377 1076 1445 Quoniam
1103 1381 1235 1436 vidit
1259 1397 1318 1438 se
1348 1385 1675 1454 inculpatum
1718 1388 1769 1441 in
1809 1388 2057 1442 omnibus
2081 1431 2095 1452 ,

512 1481 705 1536 magna
735 1478 944 1537 sumpta
977 1470 1188 1538 ﬁducia,
1239 1486 1516 1530 enumerat
1554 1477 1810 1532 beneﬁcia
1855 1493 1972 1547 quae
2022 1478 2097 1533 illi

510 1569 609 1623 per
647 1571 805 1612 omne
852 1568 1059 1630 tempus
1105 1562 1363 1632 exhibuit,
1413 1575 1468 1620 et
1514 1566 1732 1636 inquit:
1763 1567 1852 1623 38.
1884 1567 1952 1621 Hi
1981 1578 2099 1624 sunt

509 1645 687 1713 viginti
710 1649 863 1714 anni,
894 1652 1072 1720 quibus
1099 1663 1258 1707 tecum
1283 1672 1416 1708 sum.
1482 1656 1586 1711 Pro
1611 1657 1792 1713 labore
1819 1668 1897 1713 tot
1925 1674 2095 1714 anno-

511 1751 652 1805 rum,
678 1738 897 1798 haccine
925 1743 1113 1814 dignus
1142 1763 1289 1802 eram
1317 1751 1672 1806 contumelia?
1696 1751 1766 1805 Hi
1784 1754 1910 1807 mihi
1923 1755 2098 1823 viginti

511 1831 656 1884 anni.
709 1832 877 1888 Hodie
914 1836 1100 1906 viginti
1147 1854 1407 1895 annorum
1449 1843 1712 1913 complevi
1742 1845 1794 1898 in
1817 1845 1979 1899 domo
2007 1853 2094 1900 tua

510 1936 812 1978 numerum.
845 1925 974 1980 Oves
1002 1939 1102 1981 tute
1129 1940 1176 1984 et
1201 1947 1370 2003 capue
1389 1944 1488 1987 tua:
1511 1935 1704 1989 steriles
1729 1953 1830 1991 non
1857 1940 2090 2009 fuerunt,

507 2013 688 2066 arietes
714 2017 879 2070 ovium
905 2030 1106 2075 tuarum
1131 2040 1231 2077 non
1257 2027 1452 2081 comedi
1481 2044 1501 2082 .'
1525 2028 1616 2084 39.
1671 2043 1877 2099 captum
1915 2049 1947 2086 a
1980 2031 2092 2102 fera

507 2101 598 2155 tibi
625 2120 723 2158 non
752 2109 918 2162 attuli.
955 2109 1064 2179 Ego
1093 2115 1315 2184 satisfeci
1346 2117 1405 2171 de
1425 2134 1553 2181 meo,
1583 2118 1722 2188 furta
1749 2120 1848 2174 diei
1878 2133 1924 2176 et
1953 2101 2092 2192 furta

511 2196 693 2250 noctis.
717 2198 804 2252 40.
838 2199 936 2255 Die
959 2204 1141 2258 urebar
1164 2217 1311 2272 cestu,
1338 2218 1386 2262 et
1412 2220 1557 2264 nocte
1579 2213 1714 2282 gelu,
1739 2223 1784 2267 et
1810 2213 2093 2270 discedebat

506 2301 713 2342 somnus
750 2291 815 2344 ab
861 2296 1021 2350 oculis
1066 2299 1205 2354 meis.
1245 2299 1454 2357 Oblitus
1482 2317 1558 2367 es,
1609 2305 1798 2376 inquit,
1849 2308 2088 2364 laborum

507 2390 643 2443 quos
687 2383 952 2437 exautlavi
1000 2401 1225 2455 pascens
1270 2405 1399 2445 oves
1448 2400 1565 2447 tuas
1609 2404 1663 2449 et
1698 2397 1927 2465 capras?
1953 2398 2086 2453 Num

507 2479 660 2534 potes
680 2485 904 2540 arguere
937 2476 1078 2545 quod
1107 2495 1356 2549 umquam
1385 2496 1514 2536 oves
1540 2485 1622 2538 vel
1651 2500 1824 2555 capra:
1853 2496 1953 2542 tua:
1973 2488 2089 2545 fue-

505 2557 616 2612 rint
641 2562 884 2618 steriles?
938 2566 1070 2623 Vide
1099 2583 1350 2640 quantam
1374 2573 1704 2631 demonstrat
1729 2593 1757 2632 a
1787 2579 1895 2634 Deo
1923 2581 2087 2638 bene-

506 2647 791 2704 volentiam
830 2657 1114 2726 contigisse
1156 2661 1336 2718 domui
1364 2664 1541 2718 Laban
1569 2677 1787 2736 propter
1815 2689 1968 2727 suum
1993 2675 2089 2728 ad-

505 2747 745 2836 ventum.
778 2743 890 2800 l-loc
915 2749 1056 2802 enim
1085 2764 1166 2807 est
1197 2755 1248 2809 id
1279 2757 1418 2827 quod
1449 2770 1503 2816 et
1529 2778 1686 2836 supra
1707 2765 1915 2821 dicebat
1947 2786 1960 2821 :
1991 2766 2086 2822 Be-

505 2829 699 2883 nedixit
723 2843 770 2886 te
794 2833 931 2891 Deus
955 2841 1024 2893 ad
1050 2845 1226 2912 pedem
1253 2866 1438 2906 meum.
1487 2829 1611 2909 Hoc
1648 2858 1790 2912 enim
1838 2859 2013 2914 nullus
2053 2875 2086 2915 a

504 2927 720 2984 pastore
761 2925 1017 2995 exigeret.
1064 2932 1248 3006 Neque
1286 2942 1426 2996 enim
1481 2935 1759 3014 pastoralis
1805 2951 1932 3004 artis
1985 2950 2085 3007 hoc

504 3023 636 3110 opus
666 3020 887 3116 cst,_s_ed
915 3033 1138 3083 natura).
1184 3030 1473 3102 Propterea
1497 3049 1620 3096 ante
1649 3045 1826 3098 omnia
1857 3044 1959 3100 hoc
1987 3062 2083 3116 po-

503 3108 1080 3207 nitIHprovidentiaque
1104 3134 1333 3190 superna
1356 3125 1550 3184 factum
1581 3131 1682 3188 hoc
1713 3133 1874 3190 fuisse
1903 3137 1954 3190 in
1987 3108 2084 3207 pec

501 3193 725 3283 cudibus
771 3203 1022 3259 ostendit.
1067 3211 1258 3267 Arietes
1299 3218 1462 3272 ovium
1501 3231 1702 3277 tuarum
1731 3243 1829 3280 non
1867 3193 2079 3283 comedi.

501 3280 638 3381 Num
667 3298 837 3356 potes,
865 3290 1053 3363 inquit,
1078 3300 1252 3357 dicere
1281 3308 1422 3374 quod
1448 3310 1733 3381 aliquando
1758 3318 2080 3373 comederint

501 3375 720 3432 arietem
755 3383 819 3437 de
848 3389 1094 3456 gregibus
1127 3396 1259 3463 tuis,
1310 3400 1400 3468 qui
1428 3375 1629 3460 scilicet
1665 3408 1952 3462 multorum
1984 3427 2078 3478 pa-

500 3477 704 3524 storum
739 3490 852 3529 mos
877 3481 992 3533 est?
1035 3484 1077 3535 A
1106 3486 1260 3541 bestia
1285 3503 1490 3560 captum
1521 3512 1621 3551 non
1647 3501 1793 3554 attuli
1816 3503 1920 3554 tibi.
1967 3477 2078 3558 Ne-

499 3575 605 3662 que
650 3563 780 3662 ipse,
830 3567 1018 3639 inquit,
1074 3577 1361 3648 aliquando
1398 3587 1642 3656 comedi,
1700 3607 1874 3662 neque
1907 3595 2076 3652 bestia

498 3650 784 3754 aliquando
829 3674 1016 3728 rapere
1059 3671 1245 3735 potuit.
1307 3672 1448 3728 Nunt
1483 3650 1894 3754 attuli'aliquida
1920 3650 2076 3742 bestia

497 3747 746 3851 captum?
793 3751 984 3808 Annon
1023 3761 1257 3826 quotidie
1307 3766 1452 3823 vides
1492 3786 1603 3836 eos,
1647 3747 1840 3844 quibus
1883 3793 2074 3851 greges

495 3834 684 3928 crediti
710 3849 848 3906 sunt,
899 3855 1050 3915 capta
1092 3864 1123 3904 a
1149 3851 1334 3909 bestiis
1359 3857 1551 3916 aﬂ'erre
1589 3834 1861 3922 dominis?
1884 3834 2074 3928 UAtvtu

493 3924 624 4027 nihil
653 3930 754 3985 tale
797 3935 876 3988 vel
926 3937 1293 4002 demonstrare
1328 3951 1412 4004 vel
1441 3953 1672 4022 objicere
1700 3959 1891 4013 factum
1919 3972 2072 4031 potes

492 4017 546 4067 in
578 4017 760 4087 viginti
786 4025 960 4079 annis.
993 4029 1058 4083 Et
1087 4034 1210 4100 quid
1238 4037 1355 4090 dico
1381 4017 1590 4110 captum
1617 4061 1646 4099 a
1684 4046 1792 4102 fera
1811 4049 1834 4102 ?
1855 4017 1959 4106 Sed
1985 4017 2072 4109 ne;

489 4121 594 4208 que
623 4111 665 4162 si
697 4111 835 4167 furto
859 4115 1091 4174 ablatum
1119 4125 1266 4194 quid,
1299 4139 1356 4184 ut
1380 4145 1523 4201 saepe
1543 4138 1822 4208 contingit,
1875 4142 1939 4196 ad
1973 4159 2072 4199 no-

494 4202 664 4300 titiam
687 4217 846 4308 tuam
877 4219 1062 4274 venire
1088 4227 1269 4278 curavi
1301 4245 1313 4279 :
1344 4230 1436 4283 sed
1464 4247 1564 4300 ego
1587 4248 1683 4301 pro
1709 4236 1772 4290 iis
1811 4254 1929 4308 qua:
1955 4240 2066 4295 fur-

489 4297 585 4386 tim
615 4297 788 4354 ablata
819 4301 1030 4362 fuerunt
1052 4313 1301 4380 satisfeci,
1346 4320 1458 4374 sive
1487 4297 1574 4377 die
1600 4324 1712 4379 sive
1742 4297 1897 4385 nocte
1922 4332 2065 4386 acci-

487 4382 677 4492 disset.
732 4389 798 4444 Et
844 4408 963 4449 cum
1013 4412 1175 4458 mstus
1220 4405 1487 4478 flagraret,
1533 4413 1768 4472 ferebam
1810 4417 2061 4492 fortiter,

492 4475 739 4532 similiter
773 4493 828 4537 et
865 4485 1028 4558 frigus
1075 4495 1268 4564 noctis,
1294 4475 1369 4555 'ut
1420 4475 1569 4559 illiusi
1621 4475 2064 4570 conservarentut:

485 4585 680 4644 greges
707 4578 779 4632 tui
811 4596 824 4632 :
854 4595 917 4638 ac
946 4600 1048 4640 non
1076 4586 1178 4643 hoc
1204 4593 1374 4647 solum
1397 4637 1410 4660 ,
1458 4597 1551 4652 sed
1593 4609 1647 4655 et
1683 4601 1798 4671 ipse
1843 4619 2060 4664 somnus

481 4677 708 4737 propter
732 4673 947 4730 multam
982 4693 1162 4736 curam
1193 4683 1498 4744 discedebat
1523 4691 1590 4746 ab
1618 4694 1786 4751 oculis
1816 4698 1970 4752 meis.

556 4757 796 4834 Increpat
829 4772 1132 4841 negligentes
1164 4779 1452 4834 animarum
1487 4793 1732 4852 pastores.
1761 4817 1834 4827 —
1871 4788 2056 4846 Vidisti

479 4857 707 4948 pastoris
733 4860 1053 4929 vigilantiam
1079 4867 1296 4925 ?vidisti
1325 4873 1584 4929 intentum
1613 4878 1844 4934 studium
1865 4880 1888 4933 ?
1909 4881 2054 4948 Qua-

479 4942 583 4996 lem
631 4945 897 5006 habebunt
955 4962 1348 5018 excusationem
1389 4965 1460 5034 ii,
1533 4969 1725 5038 quibus
1772 4973 2055 5030 rationales

479 5047 667 5102 greges
694 5041 877 5095 crediti
906 5056 1045 5110 sunt,
1094 5066 1444 5124 magnamque
1472 5073 1579 5126 pra:
1605 5073 1663 5113 se
1689 5060 1863 5116 lerunt
1889 5067 2054 5134 negli-

474 5135 704 5192 gentiam
737 5145 751 5183 :
784 5141 837 5186 et
862 5138 1114 5205 quotidie,
1160 5146 1448 5200 secundum
1508 5151 1838 5220 prophetam,
1890 5170 2051 5223 pecu-

474 5217 570 5271 des
599 5221 728 5276 alias
769 5238 1000 5282 macmnt
1049 5231 1272 5302 (Ezech.
1301 5237 1386 5291 54.
1420 5217 1518 5293 5-6
1541 5239 1560 5310 )
1603 5217 1779 5297 ialias
1807 5217 1837 5298 εί
1867 5217 2049 5302 bestiis

473 5319 654 5377 captas
680 5327 1024 5375 contemnunt
1054 5341 1066 5376 :
1115 5325 1245 5379 alias
1276 5342 1405 5381 vero
1433 5330 1501 5383 ab
1528 5331 1631 5386 illis
1675 5344 1852 5403 raptas
1892 5335 2047 5390 redu-

473 5415 597 5456 cere
647 5421 748 5459 non
784 5423 970 5468 curant
1016 5430 1031 5475 ;
1074 5419 1282 5472 tametsi
1332 5421 1507 5476 minor
1541 5424 1610 5477 sit
1638 5423 1806 5491 labor,
1842 5436 1894 5480 et
1919 5443 2047 5482 cura

474 5492 716 5550 facilior?
761 5502 947 5558 Anima
973 5507 1113 5562 enim
1144 5519 1226 5566 est.
1255 5527 1371 5580 qua:
1395 5512 1614 5569 docetur
1659 5533 1672 5569 :
1721 5517 1830 5573 illic
1867 5529 2047 5574 autem

473 5583 664 5636 Inultlls
689 5599 770 5642 est
796 5600 851 5646 ct
873 5600 1110 5665 corporis
1135 5610 1187 5654 ct
1213 5601 1403 5656 anima:
1433 5603 1599 5659 labor.

541 5672 589 5725 Ἰ.
635 5676 763 5737 Vide
786 5685 924 5739 enim
963 5689 1086 5758 quid
1117 5690 1274 5750 dicat.
1307 5692 1404 5748 Die
1431 5697 1609 5750 urebar
1633 5709 1755 5752 testu
1779 5738 1794 5764 ,
1836 5711 1881 5753 et
1926 5703 2040 5771 gelu

1201 260 1257 317 S.
1297 261 1574 319 JOANNIS
1608 262 2088 323 CHRVSOSTOMI
2112 267 2442 332 .ARCHIEP.
2483 275 3017 340 CONSTANTINOP.

3702 295 3829 351 505

2223 395 2386 449 nocte,
2436 397 2485 440 et
2511 387 2804 444 discedebat
2823 410 3031 447 somnus
3063 411 3095 448 a
3117 412 3214 450 me.
3247 397 3375 466 Quis
3400 401 3514 457 lucc
3545 420 3684 460 nunc
3713 424 3810 476 pi»

2219 483 2325 530 test
2353 477 2553 542 dicere,
2602 495 2662 535 se
2703 493 2920 552 prepter
2953 499 3139 539 eorum
3171 489 3393 544 salutem
3434 509 3567 562 quos
3599 497 3772 565 pascit
3797 538 3827 564 ,

2217 576 2297 622 tot
2319 568 2458 625 ferre
2489 571 2699 627 labores
2732 583 2786 629 et
2825 577 3104 645 pericula?
3153 579 3216 633 Et
3260 581 3362 637 hoc
3405 585 3618 652 quidem
3659 604 3824 644 nunc

2213 660 2395 715 nullus
2418 661 2595 718 dicere
2629 665 2807 721 audet.
2837 667 3001 722 Paulo
3024 683 3200 724 autem
3228 673 3326 726 soli
3356 675 3503 730 orbis
3546 679 3823 748 magistro

2213 749 2341 806 licet
2385 752 2486 808 hoc
2525 755 2751 811 fidenter
2777 757 2979 825 dicere,
3008 772 3167 831 atque
3194 763 3276 817 bis
3306 767 3530 835 majora.
3578 769 3642 824 Et
3687 771 3811 837 ubi,

2211 841 2406 912 inquis,
2433 842 2626 900 Paulus
2651 845 2766 902 haec
2793 849 3084 904 sustinuit?
3127 851 3264 907 Audi
3303 870 3422 909 eum
3469 857 3741 916 dicentem
3797 880 3820 916 :

2213 931 2340 997 Quis
2368 936 2676 1004 inﬁrmatur,
2706 947 2753 992 et
2787 955 2878 1010 ego
2907 957 3009 995 non
3046 943 3317 1011 infirmor.’
3343 947 3452 1017 quis
3471 953 3806 1006 scandaliza-

2210 1032 2311 1086 tur,
2343 1034 2390 1078 et
2417 1041 2509 1095 ego
2535 1043 2634 1081 non
2661 1044 2783 1083 uror
2830 1031 2906 1100 (1.
2936 1030 3056 1088 Cor.
3085 1034 3173 1088 H.
3199 1033 3341 1105 29)?
3383 1035 3430 1092 0
3467 1042 3692 1108 pastoris
3726 1045 3810 1098 di-

2209 1110 2525 1171 lectionem!
2574 1117 2779 1173 Aliena:
2807 1121 2996 1187 ruinae,
3045 1122 3232 1193 inquit,
3279 1141 3430 1184 meos
3458 1129 3667 1187 dolores
3691 1148 3804 1189 au-

2205 1213 2352 1272 gent,
2378 1205 2546 1261 aliena
2586 1207 2831 1264 scandala
2875 1210 3145 1268 fornacem
3189 1214 3391 1272 doloris
3438 1219 3544 1274 mei
3569 1235 3805 1277 succen-

2205 1296 2357 1351 dunt.
2391 1297 2541 1353 Hunc
2579 1315 2767 1358 omnes
2797 1302 3089 1373 imitentur,
3119 1306 3310 1377 quibus
3336 1309 3625 1367 rationales
3660 1328 3804 1370 oves

2206 1389 2528 1445 concredita:
2553 1401 2696 1458 sunt,
2743 1403 2800 1449 et
2841 1409 2912 1451 ne
2957 1396 3252 1454 deteriores
3282 1399 3409 1455 ﬁant
3435 1401 3529 1457 illo
3552 1403 3640 1472 qui
3664 1413 3798 1458 tan-

2206 1491 2272 1536 tae
2297 1483 2352 1537 in
2381 1482 2551 1539 brutis
2596 1486 2887 1554 pecudibus
2934 1490 3297 1547 custodiendis
3338 1494 3622 1563 vigilantiae
3665 1493 3792 1563 fuit,

2204 1574 2362 1646 idque
2389 1586 2466 1631 tot
2493 1592 2754 1634 annorum
2788 1596 3028 1635 numero.
3076 1582 3144 1637 Et
3185 1583 3296 1639 illic
3337 1586 3571 1654 quidem,
3621 1587 3666 1642 si
3706 1589 3797 1642 in-

2201 1667 2346 1720 curia
2386 1668 2629 1736 quaedam
2682 1670 2956 1738 acciderit,
3002 1673 3203 1728 nullum
3245 1673 3496 1730 damnutn
3523 1693 3537 1730 :
3569 1677 3653 1731 hic
3685 1693 3792 1732 au-

2203 1763 2310 1811 tem
2359 1759 2404 1812 si
2427 1759 2510 1814 vel
2552 1776 2653 1814 una
2705 1763 2818 1817 ovis
2869 1765 3139 1821 rationalis
3185 1768 3423 1836 perierit,
3452 1771 3588 1826 vela
3618 1771 3792 1826 bestia

2200 1847 2360 1903 fuerit
2407 1859 2578 1919 capta,
2628 1868 2788 1922 grave
2831 1853 3103 1921 damnum,
3155 1857 3442 1912 maximum
3487 1859 3789 1916 detrimen-

2200 1945 2332 2006 tum,
2383 1939 2665 1997 ineﬁ‘abilis
2718 1958 2892 2013 poena.
2928 1944 3060 1999 Nam
3105 1947 3147 2000 si
3181 1947 3434 2003 Dominus
3464 1962 3643 2004 noster
3667 1965 3790 2006 san-

2197 2031 2412 2100 guinem
2460 2048 2612 2088 suum
2659 2035 2932 2105 proprium
2979 2037 3253 2094 effundere
3284 2055 3380 2109 pro
3424 2041 3510 2094 illa
3546 2057 3652 2095 non
3680 2042 3784 2098 de-

2196 2120 2435 2188 clinavit,
2481 2137 2583 2192 qua
2614 2125 2766 2178 venia
2797 2125 2988 2195 dignus
3030 2126 3209 2194 fuerit,
3249 2129 3338 2199 qui
3366 2129 3442 2184 sic
3471 2128 3786 2186 honoratam

2196 2223 2227 2264 a
2266 2211 2490 2267 Domino
2519 2214 2796 2283 despicere
2825 2217 3070 2281 voluerit,
3120 2227 3174 2271 et
3215 2233 3319 2271 non
3343 2220 3518 2272 omnia
3542 2235 3657 2289 qua:
3683 2236 3785 2290 po-

2197 2312 2302 2360 test
2341 2305 2396 2359 in
2442 2306 2677 2360 curanda
2707 2308 2911 2362 ovicula
2956 2308 3362 2378 adimpleverit?
3413 2310 3674 2367 Cancrum
3713 2314 3782 2369 ad

2195 2395 2388 2450 seriem
2438 2400 2700 2453 sermonis
2742 2399 3044 2454 redeamus.
3073 2401 3163 2455 41.
3196 2400 3268 2454 Ili
3290 2402 3432 2467 mihi,
3463 2402 3650 2471 inquit,
3702 2404 3780 2455 vi-

2192 2488 2320 2558 ginti
2359 2489 2499 2555 anni,
2558 2489 2738 2559 quibus
2781 2508 2894 2545 sum
2951 2492 3005 2546 in
3058 2494 3206 2546 domo
3254 2503 3360 2548 tua.
3440 2493 3633 2548 Servivi
3691 2495 3782 2548 tibi

2192 2579 2571 2647 quatuordecim
2596 2581 2742 2634 annis
2785 2598 2876 2651 pro
2905 2583 3110 2650 ﬁliabus
3138 2585 3252 2649 tuis,
3307 2595 3353 2638 et
3393 2601 3482 2639 sea:
3507 2587 3653 2640 annis
3683 2604 3781 2652 pro

2192 2670 2363 2723 ovibus
2406 2673 2524 2736 tuis,
2562 2682 2608 2726 et
2634 2674 2885 2744 fraudasti
2929 2675 3203 2730 mercedem
3231 2693 3392 2731 meam
3416 2679 3585 2732 decem
3611 2694 3778 2748 agna-

2191 2761 2300 2815 bus.
2335 2762 2423 2816 42.
2473 2762 2543 2817 Et
2589 2765 2686 2818 nisi
2730 2763 2869 2819 Deus
2914 2768 3070 2835 patris
3113 2768 3210 2820 mei
3250 2769 3499 2833 Abrahae,
3546 2781 3594 2822 et
3636 2768 3777 2824 Deus

2189 2850 2342 2905 Is'aac
2373 2854 2390 2886 ⁸
2432 2855 2606 2924 fuisset
2659 2855 2782 2908 mihi
2829 2856 3052 2927 adjutor,
3097 2874 3233 2911 nunc
3271 2863 3400 2928 forte
3440 2876 3519 2912 me
3564 2877 3775 2914 uacuum

2189 2942 2479 2998 dimisisses.
2543 2943 2897 3000 Humilitatem
2951 2964 3110 3000 meam
3158 2958 3204 3001 et
3253 2949 3471 3003 laborem
3528 2968 3773 3006 manuum

2187 3050 2411 3088 mearum
2436 3037 2557 3089 uidit
2585 3037 2738 3102 Deus,
2786 3048 2832 3092 et
2871 3040 3039 3110 arguit
3088 3049 3136 3093 te
3179 3040 3304 3094 lteri.
3344 3041 3472 3096 Vide
3504 3044 3772 3112 quomodo

2187 3140 2248 3180 ea
2278 3143 2396 3198 qua:
2425 3129 2702 3184 confessus
2745 3140 2825 3185 est
2869 3129 3069 3192 Laban,
3119 3133 3419 3186 animarunt
3454 3133 3672 3202 justum,
3714 3145 3770 3190 ut

2185 3231 2304 3270 cum
2355 3217 2544 3272 ﬁducia
2600 3220 2743 3273 illunt
2795 3220 3231 3289 reprehenderet.
3286 3221 3499 3288 Vidisti,
3551 3225 3766 3294 inquit,

2184 3309 2451 3378 quomodo
2482 3311 2667 3380 viginti
2713 3325 2971 3364 annorum
3002 3327 3222 3366 numero
3251 3314 3442 3367 servivi
3492 3314 3618 3381 tibi,
3671 3331 3770 3385 pro

2184 3400 2431 3468 filiabus,
2482 3403 2880 3472 quatuordecim
2942 3405 3126 3469 annis,
3181 3405 3398 3473 reliquis
3447 3415 3623 3460 autem
3669 3423 3766 3475 pro

2182 3495 2370 3549 ovibus
2403 3512 2416 3548 :
2451 3504 2624 3550 tamen
2657 3495 2864 3564 privare
2893 3512 2978 3550 me
3015 3496 3226 3551 voluisti
3253 3497 3517 3564 mercede,
3558 3507 3612 3553 et
3654 3514 3762 3553 non

2182 3593 2236 3638 te
2273 3599 2434 3653 super
2477 3584 2579 3639 hoc
2621 3587 2813 3654 argui?
2855 3585 3047 3640 Verum
3102 3602 3170 3640 ex
3212 3587 3316 3640 illis
3361 3588 3508 3656 ipsis,
3549 3603 3666 3657 qu:e
3707 3598 3761 3643 tu

2179 3673 2455 3730 confessus
2479 3690 2557 3741 es,
2581 3677 2692 3731 scio
2746 3676 2886 3746 quod
2933 3677 3032 3730 nisi
3075 3676 3215 3731 Deus
3242 3676 3507 3731 Abraham
3534 3685 3588 3731 et
3616 3677 3760 3732 Isaac

2179 3767 2365 3823 fuisset
2400 3767 2529 3822 mihi
2567 3768 2808 3837 adjutor,
2859 3783 2998 3822 nunc
3046 3783 3131 3822 me
3175 3784 3400 3823 vacuum
3460 3769 3758 3824 dimisisses

2177 3870 2228 3914 et
2275 3859 2495 3928 nudum,
2533 3861 2710 3915 omnia
2761 3861 2896 3914 forte
2940 3860 3256 3914 abstulisses
3304 3875 3332 3914 a
3384 3875 3491 3923 me,
3539 3869 3593 3915 et
3620 3859 3756 3928 inju-

2176 3950 2394 4014 stitiam,
2423 3966 2582 4020 quam
2609 3965 2980 4020 proposueras,
3018 3965 3180 4019 opere
3221 3950 3618 4019 complevisses.
3648 3950 3754 4005 Sed

2176 4045 2316 4099 Deus
2361 4045 2450 4114 qui
2480 4045 2580 4098 scit
2613 4043 2958 4098 Humilitatem
2996 4061 3157 4096 meam
3181 4054 3228 4097 et
3269 4044 3488 4099 laborem
3515 4061 3752 4097 manuum

2174 4153 2417 4191 mearum.
2479 4137 2613 4204 Quid
2657 4146 2738 4191 est
2762 4177 2777 4200 ,
2835 4136 3183 4191 Humilitatem
3223 4154 3382 4190 meum
3431 4148 3478 4191 et
3533 4139 3749 4192 laborem

2173 4245 2413 4281 manuum
2456 4227 2722 4280 mearum?
2768 4227 3048 4293 Quoniam,
3096 4229 3280 4298 inquit,
3324 4231 3422 4284 scit
3451 4231 3748 4299 Deusquo-

2170 4319 2330 4374 modo
2364 4334 2463 4389 ego
2509 4332 2699 4387 magno
2740 4318 2914 4372 studio
2952 4319 3253 4373 servitutem
3296 4336 3467 4375 meam
3513 4320 3747 4391 perfece-

2172 4412 2308 4478 rim,
2374 4419 2427 4465 et
2475 4420 2726 4479 quantum
2792 4409 3026 4463 laborem
3094 4412 3472 4480 sustinuerim,
3524 4428 3744 4482 pascens

2168 4516 2315 4569 oves,
2367 4502 2454 4556 die
2497 4509 2763 4571 noctuque
2814 4501 2866 4555 in
2915 4502 3053 4556 curis
3101 4511 3346 4556 versatus
3383 4503 3491 4557 :ad
3525 4504 3633 4569 illa,
3663 4505 3741 4557 in-

2167 4610 2347 4664 quam,
2396 4594 2630 4662 respexit
2665 4595 2922 4664 benignus
2977 4594 3229 4648 Dominus
3269 4610 3388 4648 cum
3420 4595 3534 4650 heri
3572 4597 3745 4666 arguit

2169 4696 2218 4740 te
2239 4705 2250 4739 :
2273 4688 2507 4741 coercuit
2536 4685 2840 4756 injustitiatn
2871 4702 3022 4755 quam
3051 4686 3331 4740 adversum
3362 4703 3448 4742 me
3477 4689 3741 4756 struebas,

2163 4787 2218 4833 et
2263 4777 2648 4831 irrationabiles
2690 4786 2809 4831 tuos
2847 4785 3088 4830 conatus.
3151 4776 3291 4831 Satis
3342 4779 3512 4848 tetigit
3555 4778 3739 4833 defen-

2161 4867 2335 4922 dendo
2373 4883 2431 4921 se
2493 4867 2798 4931 Labanum,
2864 4877 2918 4920 et
2981 4875 3258 4935 postquam
3310 4868 3740 4936 reprehendisset

2161 4959 2302 5013 illius
2346 4959 2399 5012 in
2443 4973 2503 5012 se
2551 4957 2881 5024 injustitiam,
2944 4971 3038 5010 sua
3083 4957 3135 5010 in
3175 4957 3320 5010 illunt
3360 4957 3614 5012 beneﬁcia
3646 4974 3738 5014 re-

2159 5049 2384 5103 censuit.
2411 5049 2530 5103 Ideo
2559 5049 2644 5102 ille
2671 5050 2994 5102 erubescens
3017 5047 3084 5101 de
3106 5048 3170 5102 iis
3189 5063 3305 5116 qua:
3331 5046 3560 5115 dixerat,
3595 5065 3738 5104 nunc

2159 5139 2211 5194 in
2243 5139 2485 5193 timorem
2505 5154 2688 5192 versus
2718 5146 2818 5201 est,
2843 5147 2897 5192 ct
2925 5137 3120 5192 foedera
3144 5137 3277 5192 inire
3296 5138 3542 5193 vultcum
3563 5139 3730 5208 justo.

2156 5231 2288 5285 Vide
2315 5231 2695 5300 providentiam
2723 5231 2835 5284 Dei.
2878 5231 2977 5295 Qui
3023 5240 3170 5284 tanto
3206 5232 3404 5300 impetu
3440 5232 3506 5286 ad
3549 5248 3732 5301 perse-

2155 5324 2421 5393 quendum
2451 5327 2673 5390 exierat,
2710 5332 2853 5377 tanto
2880 5325 3067 5378 timore
3096 5323 3315 5378 affectus
3349 5333 3448 5389 est,
3488 5333 3546 5379 ut
3569 5326 3636 5380 ab
3664 5340 3731 5381 eo

2155 5415 2351 5470 foedera
2376 5424 2655 5488 quzcreret.
2684 5417 2771 5470 45.
2820 5414 3148 5484 Respondeas
3184 5426 3348 5468 autem
3373 5415 3563 5481 Labau,
3598 5417 3728 5470 dixit

2151 5507 2218 5559 ad
2240 5505 2397 5559 Jacob
2426 5522 2444 5559 :
2473 5504 2624 5559 Filia:
2649 5517 2765 5571 tuaz,
2793 5508 2914 5573 ﬁlia:
2941 5524 3062 5561 mete
3087 5523 3106 5560 :
3136 5518 3181 5560 et
3207 5508 3302 5575 filii
3333 5509 3424 5571 tui,
3467 5507 3564 5575 ﬁlii
3587 5507 3683 5560 mei
3705 5522 3726 5560 :

2149 5610 2196 5656 et
2245 5616 2424 5670 pecora
2463 5609 2569 5666 tua,
2618 5615 2797 5668 pecora
2849 5616 2958 5652 mea
2991 5611 3080 5654 :et
3106 5601 3272 5654 omnia
3305 5615 3626 5670 quaecumque
3673 5609 3724 5654 tu

2210 5721 2224 5750 ¹
2251 5720 2397 5770 Coisl.
2425 5726 2477 5768 et
2503 5718 2650 5780 Bibl.,
2677 5724 2824 5768 metus
2848 5716 3030 5773 Isaac,
3066 5716 3091 5762 ὁ
3117 5712 3260 5776 φόϐος
3295 5710 3477 5760 Ἰσαάκ.
