4168 6264
455 295 556 349 5θῦ

446 405 648 474 διάτῆς
670 402 851 475 μάχης
862 406 963 475 τῆς
991 406 1199 470 οἰκείας
1218 407 1396 477 ψυχῆς
1426 406 1757 462 ἐκκαλύπτει
1772 408 1870 479 τὴν
1886 409 2013 480 ἀρε-

1462 294 1531 351 ΙΝ
1563 296 1716 353 CAP.
1755 295 1904 353 XXX
1937 297 2179 357 GENES.
2218 300 2450 361 IIOMIL.
2490 303 2647 361 LVII.

3582 317 3686 373 500

2123 416 2435 483 καιόμενος
2455 419 2534 483 τῷ
2556 422 2828 489 καύματι,
2856 420 2953 475 καί
2972 422 3049 487 τῷ
3062 423 3292 491 παγετῷ
3311 424 3421 494 τῆς
3442 430 3684 495 νυκτὸς,

441 487 563 555 τήν.
616 486 676 576 Τί
696 485 765 537 τὸ
795 486 1056 576 ἀδίκημά
1086 506 1226 576 μου,
1250 489 1413 559 φησίν
1432 507 1447 556 ;
1465 490 1516 576 ᾗ
1529 491 1588 576 τι
1611 492 1679 576 τὸ
1707 491 2017 576 ἁμάρτημά
2115 498 2214 551 καί
2230 500 2522 567 ἀφίστατο
2546 506 2580 556 ό
2602 485 2791 570 ὕπνος
2818 485 2924 558 ἀπ’
2948 485 3112 574 ἐμοῦ.
3139 485 3234 570 Τίς
3261 485 3338 561 -ἆν
3367 485 3541 576 ’τοῦτο

440 586 581 639 μου,
614 568 701 621 ὅτι
721 568 1076 635 κατεδίωξας
1100 573 1290 624 ὀπίσω
1297 588 1450 640 μου;
1474 572 1629 634 Τίνος
1644 573 1845 635 ἕνεκεν,
1860 575 2012 643 φησὶ,

447 649 585 723 μετὰ
603 648 869 719 τοσαύτης
886 653 1060 722 ὁρμῆς
1076 654 1408 720 κατεδίωξάς
1451 671 1517 725 με
1551 670 1566 718 ;
1600 656 1752 707 ποῖον
1771 654 2013 725 ἀδίκημα

442 733 693 798 ἐγκαλεῖν
709 732 845 801 ἔχων
866 751 880 797 ;
905 737 1055 787 ποῖον
1071 735 1379 807 ἁμάρτημα
1400 750 1415 799 ;
1446 736 1555 788 Καὶ
1570 736 1631 788 οὐ
1653 736 1812 806 μόνον
1830 737 2009 800 τοῦτο,

442 815 579 867 ἀλλά
607 816 701 868 καὶ
716 814 984 886 τοσαύτην
1024 816 1183 887 ὕϐριν
1230 819 1363 887 ἡμῖν
1400 819 1702 888 ἐπήγαγες,
1731 818 1871 871 ὥστε
1916 820 2012 872 κα)⁵

441 898 730 968 ἐρευνῆσαι
755 898 935 951 πάντα
982 899 1051 952 τά
1097 901 1156 953 ἐν
1197 899 1271 967 τῷ
1293 900 1428 970 οἴκῳ
1458 918 1583 970 μου.
1612 901 1674 954 Τί
1697 897 1869 969 εὗρες
1890 901 2010 956 ἀπὸ

440 978 679 1033 πάντων
694 981 932 1035 σκευῶν
956 982 1063 1036 τοῦ
1088 982 1257 1037 οικου
1284 997 1402 1037 σου
1415 1000 1435 1047 ;
1457 982 1568 1049 Θές
1592 977 1709 1036 ὧδε
1730 985 2009 1038 ἐναντίον

438 1061 557 1114 τῶν
569 1061 846 1131 ἀδελφῶν
872 1078 989 1117 σου
1018 1064 1243 1119 καὶτῶν
1266 1065 1545 1134 ἀδελφῶν
1560 1083 1701 1134 μου,
1726 1066 1825 1119 καὶ
1848 1068 2009 1136 ἑλετ-

439 1145 717 1209 ξάτωσαν
738 1147 854 1200 ἀνὰ
868 1146 1062 1215 μέσον
1088 1148 1208 1203 τῶν
1230 1149 1340 1203 δύο
1368 1150 1554 1216 ἡμῶν.
1587 1148 1886 1219 Τοσαύτην,
1904 1167 2007 1220 φη-

440 1227 545 1293 σὶν,
581 1227 807 1298 ἔρευναν
828 1230 1211 1300 ποιησάμενος,
1230 1227 1337 1301 ἆρα
1359 1231 1626 1301 ήδυνήθης
1638 1249 1689 1285 τι
1705 1233 1883 1299 εὑρεῖν
1898 1231 2004 1285 τῶν

441 1310 516 1380 μὴ
532 1311 914 1380 προσηκόντων
933 1330 1021 1382 μοι
1041 1330 1055 1379 ;
1078 1314 1111 1385 ἢ
1128 1312 1235 1365 τῶν
1248 1329 1329 1365 σοι
1346 1312 1727 1383 διαφερόντων;
1747 1314 1809 1366 Et
1824 1309 2000 1384 εὗρες,

436 1394 495 1443 ἐν
515 1393 593 1462 τῷ
616 1393 766 1464 μέσῳ
783 1394 1095 1465 παράγαγε,
1290 1395 1369 1447 ἶνα
1387 1397 1436 1448 οί
1468 1396 1718 1459 συνόντες
1739 1414 1826 1466 μοι
1845 1398 1939 1449 καὶ
1954 1398 2002 1449 οί

440 1474 578 1542 μετά
601 1476 694 1528 σοῦ
744 1478 1179 1548 παραγενόμενοι
1210 1477 1309 1548 τὴν
1329 1478 1601 1544 διάκρισιν
1644 1480 2001 1549 ποιήσωνται.

437 1556 656 1629 Ἐπειδὴ
678 1553 818 1610 εἶδεν
834 1557 1127 1612 ἀνεύθυνον
1145 1559 1337 1613 ἐαυτὸν
1354 1561 1411 1612 ἐν
1428 1560 1600 1614 ἅπασι
1614 1562 2001 1632 γεγενημένον,

434 1640 636 1710 πολλὴν
682 1640 865 1694 λοιπὸν
898 1642 1209 1712 παρρησίαν
1246 1643 1569 1713 προσλαϐὼν
1612 1646 2003 1716 ἀπαριθμεῖται

436 1726 537 1793 τὴ]
572 1723 805 1788 εὔνοιαν,
835 1725 903 1795 ἣν
938 1725 1066 1795 περὶ
1098 1726 1261 1778 αὑτὸν
1282 1728 1339 1778 ἐν
1366 1728 1530 1780 παντὶ
1565 1727 1642 1798 τῷ
1667 1729 1845 1799 χρόνῳ
1896 1729 1999 1780 ἐπ-

431 1805 690 1871 εδείξατο,
720 1807 812 1858 καί
827 1822 978 1878 φησι·
1008 1808 1302 1877 Ταῦτάμοι
1324 1810 1557 1863 εἴκοσιν
1583 1811 1707 1877 ἐτη.
1735 1810 1889 1865 Μετὰ
1909 1811 1998 1865 τὸν

432 1887 679 1956 κάματον
708 1888 813 1940 τῶν
832 1889 1102 1943 τοσούτων
1124 1890 1261 1944 ἐτῶν
1290 1892 1515 1955 τούτων,
1531 1894 1678 1963 ήμην
1704 1893 1852 1957 ἄξιος
1867 1891 2001 1946 ταύ-

427 1983 527 2036 της
559 1969 657 2037 τῆς
692 1968 932 2041 ὕϐρεως;
978 1969 1175 2025 Ταῦτά
1203 1990 1306 2041 μοι
1337 1974 1570 2027 εἴκοσιν
1604 1976 1729 2041 ἐτη.
1755 1978 1999 2045 Σήμερον

426 2052 632 2104 εἴκοσιν
652 2053 787 2106 ἐτῶν
804 2053 1035 2123 ἀριθμὸν
1050 2055 1159 2119 ἔχω
1190 2058 1246 2107 ἐν
1271 2055 1349 2125 τῷ
1380 2055 1513 2126 οἴκῳ
1544 2056 1621 2126 τῷ
1649 2057 1745 2127 σῷ.
1770 2060 1847 2111 Τὰ
1866 2058 2002 2125 πρό·

424 2134 572 2187 ϐατά
587 2150 704 2188 σου
720 2136 816 2189 καί
831 2140 889 2189 al
903 2134 1065 2204 αἷγές
1075 2151 1191 2190 σου
1211 2140 1321 2191 οὐκ
1343 2139 1785 2207 ἠτεκνώθησαν·
1802 2140 2000 2209 κριοὺς

426 2217 546 2269 τῶν
573 2219 882 2285 προϐάτων
895 2234 1010 2273 σου
1026 2222 1097 2273 οὐ
1125 2220 1461 2289 κατέφαγον
1476 2238 1491 2251 ο
1509 2222 1876 2289 θηριάλωτον
1890 2230 2000 2282 οὐκ

426 2299 692 2367 ἐνήνοχα
708 2317 826 2353 σοι.
855 2301 994 2368 Ἐγὼ
1009 2302 1370 2355 ἀπετίννυον
1382 2305 1516 2372 παρ’
1536 2305 1812 2373 ἐμαυτοῦ,
1828 2311 2000 2377 κλέμ-

423 2398 584 2448 ματα
600 2382 821 2451 ἡμέρας
842 2384 937 2435 καί
958 2384 1261 2452 κλέμματα
1282 2388 1523 2451 νυκτός.
1554 2388 1872 2456 Ἐγενόμην
1889 2391 2000 2458 τῆς

427 2464 653 2533 ἡμέρας
679 2468 1111 2534 συγκαιόμενος
1156 2465 1236 2531 τῷ
1269 2469 1541 2536 καύματι,
1561 2469 1752 2533 καὶτῷ
1767 2471 1998 2539 παγετῷ

425 2547 536 2613 τῆς
563 2548 802 2614 νυκτὸς,
825 2549 1228 2617 καὶάφίστατο
1247 2554 1280 2603 d
1296 2552 1487 2615 ὕπνος
1497 2552 1616 2604 ἀπὸ
1644 2552 1763 2605 τῶν
1773 2555 1997 2621 0590a}-

419 2630 554 2699 μῶν
566 2649 708 2698 μου.
741 2631 1055 2695 Ἐπελάθου,
1077 2634 1229 2701 φησὶ,
1260 2631 1366 2684 τῶν
1400 2634 1660 2703 καμάτων
1692 2636 1801 2687 τῶν
1819 2637 1992 2706 ἐμῶν,

424 2710 499 2767 ὦν
521 2715 878 2787 ἐπεδειξάμην
903 2718 1202 2785 ποιμαίνων
1217 2718 1285 2768 τὰ
1302 2717 1549 2787 πρόϐατά
1574 2736 1666 2770 σου
1687 2725 1779 2773 καὶ
1793 2722 1889 2784 τὰς
1912 2720 1995 2777 αἷ-

426 2814 529 2866 γας
551 2817 564 2865 ;
591 2802 680 2870 Μὴ
697 2800 836 2870 ἔχεις
856 2801 1150 2868 ἐγκαλέσαι
1168 2802 1247 2853 ὅτι
1273 2802 1402 2854 ποτὲ
1424 2803 1491 2855 τὰ
1504 2804 1768 2873 πρόϐατα,
1786 2807 1817 2876 ἢ
1836 2810 1889 2859 αί
1907 2803 1993 2860 αἷ-

422 2901 518 2949 γες
538 2884 923 2954 ὴτεκνώθησαν
943 2902 957 2950 ;
980 2887 1120 2954 Ὅρα
1147 2884 1317 2955 πόσην
1342 2885 1581 2939 δείκνυσι
1598 2888 1695 2957 τὴν
1714 2890 1864 2958 παρά
1892 2891 1988 2943 τοῦ

422 2966 556 3018 θεοῦ
576 2966 785 3021 εὔνοιαν
804 2969 1175 3039 γεγενημένην
1194 2972 1272 3032 είς
1303 2969 1393 3022 τὸν
1420 2967 1566 3023 οἷκον
1585 2970 1677 3024 τοῦ
1696 2972 1880 3026 Λάϐαν
1903 2975 1990 3030 διά

424 3050 523 3117 τὴν
553 3051 715 3103 αὑτοῦ
750 3052 1068 3122 παρουσίαν.
1104 3051 1273 3104 Τοῦτο
1301 3054 1409 3125 γάρ
1440 3055 1585 3106 ἐστιν
1608 3056 1744 3125 ὅπερ
1770 3058 1863 3109 καὶ
1880 3058 1991 3112 ἄνω

424 3135 606 3201 ἔλεγεν
630 3150 643 3163 ·
664 3135 978 3204 Εὺλόγησέ
992 3152 1063 3189 σε
1083 3139 1114 3189 ό
1144 3136 1285 3201 Θεὸς
1300 3137 1395 3188 ἐπὶ
1414 3136 1492 3201 τῷ
1508 3136 1647 3190 ποδί
1664 3154 1802 3206 μου.
1824 3140 1993 3195 Τοῦτο

423 3218 529 3289 γὰρ
545 3219 719 3280 οὐδεὶς
735 3218 799 3272 ἂν
818 3219 965 3290 παρά
982 3220 1236 3290 ποιμένος
1248 3222 1761 3291 ἀπαιτήσειεν.ούδὲ
1772 3224 1879 3295 γὰρ
1895 3226 1992 3297 τῆς

421 3301 785 3370 ποιμαντικῆς
806 3302 961 3353 τοῦτο
978 3302 1155 3372 ἔργον·
1179 3302 1391 3371 φύσεως
1406 3305 1514 3371 γάρ
1544 3306 1679 3358 ἐστι.
1706 3306 1802 3359 Διά
1832 3308 1990 3361 τοῦτο

422 3386 528 3456 πρὸ
545 3384 758 3437 πάντων
777 3384 933 3437 τοῦτο
962 3386 1268 3456 προτίθησι,
1295 3389 1386 3440 καὶ
1406 3387 1605 3459 πολλὴν
1624 3388 1863 3445 δείκνυσι
1890 3394 1989 3463 τὴν

421 3472 625 3526 ἄνωθεν
644 3471 1011 3540 γεγενημένην
1030 3470 1283 3541 πρόνοιαν
1297 3488 1362 3523 πε
1371 3472 1421 3542 ρὶ
1437 3472 1503 3524 τὰ
1522 3472 1611 3524 ποί
1617 3478 1985 3543 μνιαΚριοὺς

418 3554 538 3607 τῶν
553 3553 859 3621 προϐάτων
874 3571 988 3606 σου
1006 3556 1076 3605 οὺ
1094 3554 1448 3623 κατέφαγον.
1464 3555 1554 3625 Μὴ
1572 3556 1794 3610 δύνασαι
1811 3560 1988 3612 είπεῖν

418 3641 499 3693 ὅτι
520 3638 649 3690 ποτὲ
671 3638 974 3705 κατέφαγον
997 3637 1147 3708 κριὸν
1163 3640 1225 3689 ἐκ
1244 3637 1352 3689 τῶν
1369 3638 1658 3707 προϐάτων
1680 3657 1795 3703 σου,
1810 3641 1837 3693 ὃ
1858 3642 1987 3695 πολ-

418 3721 527 3783 λοῖς
545 3732 569 3759 ιι
592 3719 697 3772 τῶν
720 3719 991 3788 ποιμένων
1006 3723 1175 3771 ποιεῖν
1198 3718 1344 3783 έθος;
1371 3719 1747 3786 Θηριάλωτον
1765 3725 1875 3776 οὐκ
1890 3725 1988 3776 ἐνο

418 3802 610 3868 ήνοχὰ
642 3819 760 3855 σοι.
796 3801 933 3853 Οὔτε
965 3802 1146 3863 αὐτὸς,
1170 3804 1319 3870 φησὶ,
1354 3802 1480 3854 ποτὲ
1514 3803 1841 3871 κατέφαγον,
1863 3804 1986 3857 οὔτε

420 3885 603 3955 θηρίον
624 3885 809 3954 ἴσχυσέ
826 3900 953 3935 ποτε
968 3883 1279 3951 ἀφελέσθαι.
1294 3886 1349 3935 Μ
1358 3883 1769 3951 ὴέννήνοχάσοι
1788 3886 1988 3953 θηριά-

416 3974 641 4029 .1ωτον;
668 3968 738 4017 Ἦ
758 3967 878 4034 οὐχὶ
906 3966 1024 4016 καθ’
1041 3965 1273 4031 ἑκάστην
1295 3966 1507 4034 ἡμέραν
1527 3970 1651 4027 τοὺς
1670 3966 1737 4018 τά
1763 3967 1985 4037 ποίμνια

420 4049 889 4122 ἐγχειρίζομένους
909 4049 1038 4117 ὁρᾷς
1062 4047 1125 4116 θη
1135 4047 1371 4117 ριάλωτα
1390 4049 1500 4110 τοῖς
1515 4048 1797 4111 δεσπόταις
1813 4067 1985 4121 προσ-

418 4136 679 4202 ἁγοντας;
717 4130 875 4184 Ἀλλά
897 4132 959 4183 σὺ
980 4130 1130 4182 οὐδὲν
1146 4129 1378 4181 τοιοῦτον
1396 4130 1685 4196 ἐγκαλέσαι
1705 4131 1927 4204 δυνήσῃ,
1948 4134 1981 4203 ἢ

416 4218 583 4284 δεῖξαι
602 4214 965 4285 γεγενημένον
985 4216 1041 4267 ἐν
1061 4215 1171 4276 τοῖς
1192 4213 1394 4265 εἴκοσιν
1421 4212 1585 4267 ἔτεσι.
1620 4214 1728 4266 Καὶ
1752 4214 1804 4266 τί
1841 4214 1983 4283 λέγω

418 4304 481 4371 θη
494 4300 777 4370 ριάλωτον;
809 4296 945 4349 Ἀλλ’
962 4295 1081 4347 οὐδὲ
1100 4297 1147 4348 εί
1169 4295 1379 4365 ἐκλάπη
1394 4298 1541 4360 ποτὲ,
1561 4290 1647 4348 οἶα
1668 4296 1981 4366 συμϐαίνειν

416 4385 581 4446 εἰκὸς,
602 4384 681 4445 είς
710 4382 808 4451 τὴν
838 4382 937 4451 σὴν
965 4379 1164 4447 γνῶσιν
1183 4379 1341 4431 τοῦτο
1360 4379 1514 4433 τοῦτο
1541 4381 1837 4450 πεποίηκα,
1866 4381 1979 4435 ἀλλ’

417 4467 527 4535 ἐγὼ
555 4465 648 4518 καὶ
673 4464 962 4533 κλέμματα
991 4461 1330 4531 κλεπτόμενα
1356 4461 1692 4526 ἁπετίννυον,
1725 4464 1796 4516 τά
1826 4481 1885 4517 τε
1923 4467 1980 4518 ἐν

350 4542 353 4543 ν
416 4550 618 4620 ἡμέρᾳ,
641 4546 710 4600 τά
727 4563 785 4599 τε
813 4547 869 4597 ἐν
892 4545 1047 4596 νυκτὶ⁷
1068 4543 1467 4612 γινόμενα.Καὶ
1488 4543 1747 4612 διηνεκῶς
1775 4545 1980 4600 καὶτὸν

414 4631 509 4684 τοῦ
531 4631 805 4700 καύματος
838 4626 1088 4679 καύσωνα
1117 4627 1308 4694 ἔφερον
1335 4624 1615 4691 γενναίως,
1634 4625 1832 4679 καὶτὸν
1851 4645 1981 4697 κρυ-

419 4719 516 4786 μον
545 4716 635 4767 τὸν
662 4714 770 4766 ἀπὸ
796 4711 895 4780 τῆς
925 4709 1135 4771 νυκτδλς,
1158 4707 1295 4776 ὑπὲρ
1327 4706 1421 4758 τοῦ
1456 4706 1662 4778 ἀϐλαϐῆ
1691 4725 1771 4760 σοι
1796 4709 1984 4762 τάποί-

418 4815 546 4867 μνια
568 4792 931 4850 διασώσασθαι
948 4807 961 4820 ο
981 4791 1074 4843 καὶ
1095 4789 1155 4841 ού
1182 4789 1336 4841 τοῦτο
1355 4789 1532 4859 μόνον,
1552 4788 1687 4841 ἀλλά
1709 4790 1802 4841 καὶ
1821 4792 1983 4855 αὐτὸς

411 4884 440 4934 0
474 4880 639 4942 ὕπνος
666 4878 751 4931 διὰ
778 4879 874 4947 τὴν
897 4874 1095 4944 πολλὴν
1126 4871 1379 4942 φροντίδα
1413 4871 1677 4939 ἀφίστατο
1703 4874 1798 4924 ἀπ’
1822 4874 1975 4943 ἐμοῦ.

481 4962 631 5025 Εἶδες
669 4960 923 5031 ποιμένος
961 4957 1294 5027 ἀγρυπνίαν;
1344 4952 1480 5020 εἶδες
1530 4956 1762 5024 σπουδὴν
1796 4958 1979 5010 ἐπιτε-

408 5048 679 5117 ταμένην;
722 5044 888 5096 Ποίαν
933 5043 996 5096 ἂν
1039 5042 1211 5111 ἔχοιεν
1259 5040 1552 5107 ἀπολογίαν
1592 5040 1641 5092 οί
1680 5041 1747 5093 τὰ
1787 5042 1981 5109 λογικά

408 5132 633 5200 ποίμνια
668 5124 1147 5197 ἐγκεχειρισμένοι,
1188 5124 1281 5176 καὶ
1321 5123 1517 5192 πολλὴν
1560 5122 1659 5194 τὴν
1711 5124 1979 5195 ῥᾳθυμίαν

408 5214 857 5285 ἐπιδεικνύμενοι,
902 5210 993 5263 καὶ
1039 5208 1157 5261 καθ’
1188 5207 1422 5277 ἑκάστην
1448 5208 1688 5277 ἡμέραν,
1724 5209 1864 5261 κατά
1888 5210 1979 5262 τὸν

408 5300 713 5369 προφήτην,
741 5294 809 5347 τά
857 5294 954 5363 μὲν
989 5292 1491 5357 κατασφάττοντες,
1536 5289 1602 5341 τὰ
1649 5290 1705 5343 δὲ
1746 5291 1978 5361 ὁρῶντες

408 5381 749 5453 θηριόϐρωτα
784 5376 1057 5445 γινόμενα,
1088 5373 1153 5425 τὰ
1195 5372 1251 5425 δέ
1286 5372 1387 5440 ὑφ’
1428 5372 1631 5442 ἐτέρων
1676 5372 1975 5443 συλώμενα,

404 5466 497 5519 καὶ
530 5461 781 5532 οὐδεμίαν
804 5456 1121 5528 κηδεμονίαν
1145 5455 1321 5508 αὐτῶν
1338 5454 1605 5507 ποιεῖσθαι
1631 5455 1939 5525 βουλόμενοι
1960 5473 1974 5518 ;

406 5548 579 5600 καίτοι
622 5562 685 5613 γε
723 5542 951 5595 ἐνταῦθα
984 5539 1222 5593 ἐλάττων
1265 5539 1293 5590 0
1326 5538 1503 5601 πόνος,
1556 5536 1649 5589 καὶ
1690 5535 1905 5598 εὔκολος
1942 5540 1977 5607 ή

405 5629 711 5700 ἐπιμέλεια.
746 5624 905 5695 Ψυχὴ
952 5622 1059 5692 γάρ
1093 5623 1239 5673 ἐστιν
1269 5622 1303 5689 ή
1334 5618 1721 5689 παιδευομένη·
1763 5619 1879 5670 ἐκεῖ
1920 5620 1975 5671 δὲ

406 5715 570 5776 πολὺς
596 5712 691 5765 καὶ
718 5709 794 5780 τῷ
815 5707 1024 5777 σώματι
1053 5705 1145 5757 καὶ
1193 5706 1258 5773 τῇ
1282 5703 1424 5772 ψυχῇ
1459 5702 1487 5753 ὁ
1521 5702 1703 5764 πόνος.

472 5799 685 5868 ζ’.”ορα
700 5796 805 5864 γὰρ
820 5793 871 5845 τί
898 5807 1081 5860 φησιν’
1108 5789 1431 5856 Ἐγενόμην
1454 5785 1561 5856 τῆς
1580 5785 1798 5857 ἡμέρας
1816 5800 1966 5854 σιιγο

471 5895 494 5925 ⁸
523 5894 599 5942 Sic
622 5890 763 5942 (τωδὶ.
796 5887 1037 5937 Ι⁴ἶιῖςθιιιυῑ
1073 5885 1281 5939 ποῖ’)ηούς.
1312 5882 1443 5931 Enn.

2112 579 2364 652 δυνηθείη
2394 584 2419 623 δ
2445 586 2637 649 είπεῖν,
2663 588 2743 639 ὃτι
2779 586 2867 639 διὰ
2894 588 2991 657 τὴν
3026 588 3296 659 σωτηρίαν
3326 590 3436 644 τῶν
3467 591 3559 643 ὑπ’
3585 594 3684 645 αὐ-

2113 662 2209 715 τοῦ
2237 667 2671 736 ποιμαινομένων
2702 667 2852 739 [559]
2883 668 3462 737 κινδύνουςάνεδέξατο
3478 673 3571 727 καὶ
3589 692 3689 727 τα-

2112 743 2442 817 λαιπωρίας;
2461 749 2581 802 Τῶν
2601 751 2698 818 μὲν
2717 750 2811 805 νῦν
2826 752 2998 814 οὐδεὶς
3017 751 3081 805 ἂν
3095 753 3257 807 τοῦτο
3276 755 3448 809 εἰπεῖν
3474 756 3682 827 τολμή-

2113 842 2245 879 σειε.
2266 829 2527 899 Παύλῳδέ
2550 832 2695 900 μόνῳ
2714 831 2889 896 ἔξεστι
2906 833 3077 886 ταῦτα
3102 837 3238 903 μετὰ
3264 838 3576 908 παρρησίας
3604 838 3683 891 λέ-

2110 923 2173 991 γε
2182 925 2246 971 ιν,
2255 909 2563 964 καὶτούτων
2579 929 2643 982 με
2652 912 2901 982 (Commi:
2916 914 3219 986 διδασκάλῳ
3228 921 3327 988 τῆς
3334 921 3485 972 οίκου
3491 920 3679 991 μένης.

2110 988 2214 1042 Καὶ
2229 990 2353 1057 ποῦ,
2368 994 2522 1061 φησὶ,
2542 993 2751 1056 Παῦλος
2764 995 2937 1051 ταῦτα
2958 997 3246 1067 ὑπέμεινεν
3262 1017 3277 1065 ;
3296 1002 3497 1054 ’Δκουε
3512 988 3681 1055 αὑτοῦ

2109 1071 2381 1140 λέγοντοςο
2402 1076 2494 1141 Τίς
2507 1077 2769 1141 ἀσθενεῖ,
2788 1079 2885 1131 καί
2906 1082 3017 1133 οὐκ
3033 1081 3299 1146 ἀσθενῶ;
3316 1084 3406 1149 τίς
3423 1085 3684 1138 σκανδα-

2107 1154 2344 1221 λίζεται,
2364 1158 2599 1211 καὶούκ
2638 1159 2753 1228 ἐγὼ
2793 1161 3090 1230 πυροῦμαι
3102 1179 3121 1225 ;
3156 1164 3219 1215 Ὢ
3252 1165 3503 1233 ποιμένος
3532 1166 3681 1233 φιλο-

2110 1240 2353 1309 στοργία,
2376 1240 2457 1293 Τά
2483 1241 2701 1310 ἐτέρων,
2720 1244 2870 1312 φησὶ,
2888 1244 3154 1314 πτώματα
3170 1246 3292 1315 ἐμοὶ
3312 1248 3565 1301 ἐπιτείνει
3578 1249 3681 1313 ⁸τὰς

2106 1322 2425 1392 ἀλγηδόνας·
2442 1322 2509 1375 τὰ
2536 1324 2735 1393 ἐτέρων
2757 1325 3025 1378 σκάνδαλα
3052 1327 3173 1394 ἐμοὶ
3198 1328 3297 1396 τὴν
3320 1330 3548 1399 κάμινον
3579 1331 3676 1399 τῆς

2105 1405 2297 1475 ὀδύνης
2312 1406 2558 1459 ἀνάπτει.
2577 1407 2775 1461 Τοῦτον
2791 1409 3021 1472 ἅπαντες
3040 1408 3383 1479 ζηλούτωσαν
3399 1413 3555 1481 οίτὴν
3569 1412 3680 1465 τῶν

2105 1486 2338 1554 λογικῶν
2366 1490 2654 1559 προϐάτων
2695 1492 3158 1562 ἐγκεχειρισμένοι
3205 1494 3558 1562 προστασίαν,
3581 1496 3679 1548 καὶ

2108 1570 2181 1640 μὴ
2204 1570 2419 1639 χείρους
2435 1571 2779 1639 γενέσθωσαν
2795 1573 2888 1625 τοῦ
2922 1576 3048 1642 περὶ
3073 1576 3171 1646 τὴν
3195 1576 3303 1629 τῶν
3326 1575 3536 1643 ἀλόγων
3552 1577 3678 1647 πρό-

2105 1668 2252 1704 νοιαν
2268 1652 2531 1723 τοσαύτην
2549 1654 2853 1723 ἀγρυπνίαν
2866 1656 3292 1726 ἐπιδειξαμένου,
3319 1658 3414 1710 καὶ
3435 1659 3525 1710 ἐπὶ
3550 1675 3677 1710 τοσ-

2103 1731 2256 1785 οῦτον
2277 1734 2413 1786 ἐτῶν
2436 1734 2686 1804 ἀριθμόν.
2735 1737 2881 1789 Ἐκεῖ
2911 1738 3007 1808 μὲν
3041 1738 3149 1808 γὰρ
3177 1739 3281 1792 κᾶν
3314 1740 3553 1809 ῥᾳθυμία
3588 1756 3676 1802 τις

2104 1818 2517 1887 γένηται,ούδὲν
2546 1819 2604 1871 τὸ
2623 1819 2834 1888 βλάϐος·
2862 1821 3091 1874 ἐνταῦθα
3120 1823 3175 1875 δὲ
3196 1824 3300 1876 κᾶν
3322 1823 3378 1875 ἓν
3404 1822 3676 1894 πρόϐατον

2103 1900 2316 1964 λογικὸν
2336 1901 2622 1970 ἀπόληται,
2653 1903 2685 1971 ἦ
2718 1902 3049 1973 θηριάλωτον
3069 1906 3314 1976 γένηται,
3342 1906 3510 1977 πολλὴ
3529 1908 3562 1976 ή
3584 1904 3675 1975 ζη-

2105 1984 2222 2052 μία,
2248 1985 2475 2054 μεγίστη
2497 1988 2528 2055 ἡ
2572 1985 2765 2056 βλάϐη,
2785 1988 3033 2056 άφατοςή
3059 1989 3297 2051 κόλασις.
3322 1990 3385 2041 Εί
3410 1989 3517 2060 γὰρ
3541 1990 3675 2041 ὁΔε-

2103 2067 2306 2136 σπότης
2331 2070 2360 2120 0
2385 2069 2647 2138 ἡμέτερος
2660 2069 2723 2121 τὸ
2754 2063 2890 2139 αἷμα
2913 2070 2973 2121 τὸ
2996 2070 3122 2123 ἴδιον
3137 2072 3323 2141 ἐκχέαι
3350 2072 3487 2142 ὑπὲρ
3506 2071 3669 2125 αὐτοῦ

2100 2149 2161 2201 ού
2200 2152 2574 2221 παρῃτήσατο,
2618 2152 2777 2214 ποίας
2810 2151 2875 2204 ἂν
2898 2154 2979 2222 εἴη
3013 2154 3040 2205 0
3062 2153 3300 2216 τοιοῦτος
3344 2153 3671 2223 συγγνώμης

2099 2231 2309 2295 ἄξιος,ό
2340 2232 2432 2284 τὸν
2462 2232 2603 2285 οὕτω
2630 2234 2925 2303 τιμηθέντα
2948 2235 3098 2304 παρά
3117 2231 3206 2287 τοῦ
3235 2235 3501 2287 Δεσπότου
3527 2253 3670 2304 παρ-

2099 2317 2229 2386 ορᾷν
2263 2316 2607 2385 ἀνεχόμενος,
2632 2318 2723 2368 καὶ
2747 2316 2820 2386 μὴ
2853 2317 2920 2369 τά
2941 2319 3071 2386 παρ’
3104 2319 3294 2371 ἑαυτοῦ
3327 2318 3501 2371 πάντα
3536 2318 3671 2389 πλη-

2103 2397 2209 2467 ρῶν
2238 2400 2316 2460 είς
2342 2399 2441 2467 τὴν
2469 2398 2561 2450 τοῦ
2589 2400 2857 2469 προϐάτου
2900 2400 3242 2468 ἐπιμέλειαν;
3294 2400 3433 2453 Ἀλλ’
3450 2402 3540 2452 ἐπὶ
3569 2401 3669 2471 τὴν

2097 2480 2416 2532 ἀκολουθίαν
2430 2480 2520 2533 τοῦ
2538 2481 2694 2548 λόγου
2719 2481 3121 2551 ἐπανέλθωμεν.
3144 2482 3329 2535 Ταῦτά
3338 2501 3457 2551 μοι,
3478 2483 3666 2552 φησὶν,

2095 2562 2328 2614 εἴκοσιν
2366 2564 2470 2629 ἐτη
2493 2563 2607 2631 εἰμὶ
2635 2562 2704 2616 ἐν
2724 2562 2799 2629 τῇ
2816 2565 2973 2629 οἰκίᾳ
2993 2578 3127 2620 σου.
3174 2565 3543 2619 Ἐδούλευσά
3569 2581 3668 2618 σοι

2094 2643 2503 2712 δεκατέσσαρα
2524 2646 2627 2713 ἐτη
2642 2645 2773 2699 ἀντὶ
2789 2644 2907 2698 τῶν
2921 2646 3030 2699 δύο
3055 2648 3389 2715 θυγατέρων
3412 2664 3548 2712 σου,
3567 2648 3666 2701 και

2093 2725 2162 2789 ἐξ
2187 2726 2293 2793 ἐτη
2308 2727 2377 2779 ἐν
2404 2726 2528 2791 τοῖς
2557 2727 2871 2794 προϐάτοις
2890 2743 3027 2789 σου,
3046 2730 3141 2781 καὶ
3167 2731 3541 2799 παρελογίσω
3559 2730 3671 2783 τὸν

2089 2811 2309 2879 μισθόν
2322 2826 2439 2879 μου
2459 2809 2602 2861 δέκα
2616 2810 2900 2878 ἀμνάδας,
2922 2814 2969 2864 Ε
2976 2814 2990 2862 ί
3004 2810 3091 2878 μὴ
3112 2814 3145 2864 ό
3167 2811 3308 2877 Θεὸς
3324 2812 3429 2865 τοῦ
3445 2814 3668 2879 πατρός

2087 2910 2207 2961 μου
2246 2891 2509 2959 Ἀϐραὰμ,
2528 2890 2623 2945 καί
2647 2894 2678 2944 ό
2705 2893 2850 2955 Θεὸς
2887 2892 3090 2946 Ἰσαὰκ
3110 2888 3189 2962 ἦν
3213 2894 3340 2962 μετ’
3358 2893 3524 2962 ἐμοῦ,
3548 2894 3667 2947 νῦν

2093 2974 2170 3027 ἀν
2192 2991 2268 3043 με
2291 2976 2471 3027 κενὸν
2512 2973 2961 3039 ἐξαπέστειλας.
3004 2972 3120 3041 Τὴν
3160 2975 3519 3027 ταπείνωσίν
3544 2993 3666 3043 μου

2092 3056 2191 3109 καὶ
2219 3057 2324 3108 τὸν
2341 3058 2528 3131 κρπον
2570 3054 2690 3107 τῶν
2727 3055 2939 3123 χειρῶν
2955 3073 3073 3123 μου
3106 3052 3263 3109 εἶδεν
3292 3061 3323 3109 ό
3355 3059 3518 3122 Θεὸς,
3564 3055 3662 3110 καὶ

2091 3138 2310 3209 ἤλεγξέ
2346 3154 2419 3193 σε
2447 3138 2607 3208 χθές.
2628 3140 2766 3209 Ὅρα
2788 3139 2904 3202 πῶς
2932 3140 2998 3193 τὰ
3023 3140 3171 3210 παρά
3197 3138 3289 3192 τοῦ
3325 3140 3507 3193 Λάϐαν
3537 3143 3664 3211 09.0-

2091 3224 2385 3297 λογηθέντα
2416 3223 2793 3294 παρεθάρρυνε
2823 3224 2914 3276 τὸν
2929 3224 3152 3284 δίκαιον,
3180 3226 3273 3276 καὶ
3296 3225 3433 3294 μετὰ
3454 3228 3665 3295 παρρη-

2092 3308 2211 3372 σίας
2242 3307 2332 3360 τὸν
2363 3307 2581 3377 ἔλεγχον
2612 3310 2860 3360 ποιεῖται.
2885 3303 3063 3370 Οἶδας,
3084 3308 3427 3377 φησί’),ὂπως
3458 3308 3566 3359 τῶν
3593 3308 3663 3361 εῐ-

2088 3407 2239 3444 κοσιν
2269 3390 2404 3443 ἐτῶν
2426 3390 2515 3441 τὸν
2531 3388 2759 3459 ἀριθμὸν
2781 3390 3065 3442 ἐδούλευσά
3084 3407 3182 3455 σοι,
3205 3390 3343 3459 ὑπὲρ
3365 3388 3472 3441 τῶν
3498 3388 3662 3456 θυγα-

2085 3474 2260 3545 τέρων
2282 3490 2373 3525 σου
2390 3472 2458 3525 τά
2483 3473 2849 3543 δεκατέσσαρα
2873 3473 3058 3542 ἐτη,ἐν
3074 3473 3128 3525 δὲ
3150 3476 3257 3535 τοῖς
3284 3473 3572 3541 προϐάτοις
3593 3472 3662 3527 τὰ

2089 3557 2373 3611 ὑπόλοιπαο
2414 3557 2507 3609 καὶ
2550 3557 2699 3626 ὅμως
2745 3556 3113 3625 ἀποστερῆσαί
3158 3573 3223 3625 με
3270 3555 3539 3619 κατεδέξω
3568 3555 3662 3607 τὸν

2091 3640 2297 3710 μισθὸν,
2328 3640 2422 3691 καὶ
2450 3639 2599 3691 ούδέν
2629 3640 2768 3709 ὑπὲρ
2801 3639 2987 3691 τούτου
3019 3639 3343 3702 ἐνεκάλεσα;
3376 3638 3545 3691 Τοῦτο
3580 3638 3657 3702 δὲ,

2087 3722 2145 3785 ἐξ
2170 3716 2243 3773 ὧν
2271 3721 2431 3782 αὐτὸς
2472 3720 2847 3789 ὡμολόγησας,
2882 3718 3014 3783 οἶδα,
3037 3722 3118 3772 ὅτι
3146 3723 3192 3771 εί
3228 3721 3301 3790 μὴ
3340 3722 3367 3771 0
3395 3720 3524 3781 Θεὸς
3562 3718 3659 3771 τοῦ

2100 3800 2348 3870 Ἀϐραὰμ
2375 3801 2467 3851 καὶ
2494 3800 2586 3851 τοῦ
2603 3802 2786 3851 Ἰσαάκ
2800 3796 2868 3870 ἦν
2904 3818 2991 3869 μοι
3022 3799 3230 3868 βοηθὸς,
3256 3801 3348 3852 νῦν
3373 3801 3437 3854 ἄν
3472 3817 3537 3870 με
3567 3816 3660 3852 κε-

2086 3884 2174 3936 νὸν
2197 3882 2600 3947 ἐξαπέστειλας,
2644 3881 2867 3950 ἔρημον,
2909 3883 3000 3933 καὶ
3031 3882 3209 3934 πάντα
3241 3882 3305 3934 ἂν
3327 3882 3532 3950 ἀφείλω
3562 3883 3658 3935 ἀπ’

2087 3964 2243 4035 ἐμοῦ,
2265 3965 2357 4017 καὶ
2378 3962 2475 4034 τὴν
2507 3963 2740 4027 ἀδικίαν,
2770 3965 2836 4033 ἣν
2866 3964 3117 4034 προέθου,
3152 3967 3231 4027 είς
3252 3964 3407 4033 ἔργον
3437 3966 3502 4019 ἂν
3523 3967 3659 4034 ἢγα-

2086 4066 2199 4116 γες.
2239 4047 2375 4100 Ἀλλ’
2416 4049 2444 4099 0
2473 4046 2603 4109 Θεὸς
2634 4049 2660 4100 0
2690 4047 2843 4110 εἰδὼς
2877 4048 2995 4114 Τὴν
3025 4050 3384 4101 ταπείνωσίν
3405 4066 3525 4116 μου
3556 4048 3657 4101 καὶ

2086 4132 2192 4183 τὸν
2218 4131 2408 4184 κόπον
2432 4128 2550 4181 τῶν
2585 4128 2797 4198 χειρῶν
2818 4148 2955 4197 μου.
2978 4131 3041 4182 Τί
3071 4133 3204 4197 ἐστι,
3227 4130 3344 4197 Τὴν
3370 4131 3655 4183 ταπείνω-

2084 4215 2188 4267 σίν
2225 4230 2344 4282 μου
2374 4212 2471 4265 καὶ
2505 4212 2611 4264 τὸν
2647 4216 2839 4265 κόπον
2876 4212 2994 4265 τῶν
3021 4213 3233 4282 χειρῶν
3254 4228 3408 4282 μου;
3438 4214 3655 4284 Ἐπειδὴ

2083 4296 2239 4367 ⁴ᾕδειό
2264 4296 2413 4359 Θεὸς,
2451 4297 2598 4358 ὅπως
2644 4296 2741 4365 μὲν
2781 4294 2890 4365 ἐγὼ
2918 4298 3055 4365 μετά
3089 4297 3291 4367 πολλῆς
3316 4298 3412 4366 τῆς
3443 4298 3654 4361 εὐνοίας

2082 4380 2179 4449 τὴν
2212 4378 2453 4431 δουλείαν
2483 4378 2954 4449 ἐποιησάμην,κα“ι
2969 4381 3056 4432 τὸν
3089 4381 3253 4434 κόπον
3284 4381 3406 4434 ὅσον
3432 4382 3655 4452 ὑπέμει-

2084 4480 2148 4517 να
2172 4462 2470 4532 ποιμαίνων
2502 4461 2570 4513 τά
2599 4461 2864 4532 πρόϐατα,
2897 4463 2989 4515 καὶ
3010 4464 3067 4514 ἐν
3095 4463 3275 4533 ἡμέρᾳ
3300 4465 3393 4516 καὶ
3422 4465 3479 4517 ἐν
3498 4467 3653 4518 νυκτὶ

2083 4542 2378 4615 φροντίζων
2399 4543 2682 4607 διετέλουν,
2716 4544 2852 4615 πρὸς
2882 4544 3063 4596 ἐκεῖνα
3083 4545 3202 4597 ίδὼν
3222 4548 3249 4596 0
3275 4546 3654 4616 φιλάνθρωπος

2082 4627 2350 4695 Δεσπότης
2376 4626 2501 4695 χθὲς
2533 4625 2724 4695 ήλεγξέ
2764 4642 2843 4688 σε,
2876 4626 3071 4694 ἐπέσχε
3101 4628 3198 4695 τῆς
3222 4628 3340 4678 κατ’
3371 4628 3503 4696 ἐμοῦ
3536 4629 3653 4680 ἀδι-

2086 4712 2206 4774 κίας
2235 4711 2327 4763 καὶ
2352 4710 2452 4778 τῆς
2481 4708 2762 4775 ἀλογίστου
2802 4709 2996 4779 ὁρμῆς.
3016 4709 3232 4771 Ἰκανῶς
3257 4710 3314 4760 ἐν
3342 4709 3491 4772 τάξει
3517 4711 3653 4762 ἀπο-

2080 4793 2264 4862 λογίας
2290 4792 2542 4845 καθίκετο
2571 4788 2665 4843 τοῦ
2707 4791 2911 4855 Λάϐαν,
2940 4792 3033 4843 καὶ
3065 4793 3201 4861 μετά
3231 4792 3292 4842 τὸ
3316 4790 3528 4859 ἐλέγξαι
3554 4793 3651 4863 τὴν
3722 4864 3727 4869 ι

2081 4878 2157 4937 είς
2180 4876 2340 4927 αὐτὸν
2360 4873 2591 4935 ἀδικίαν,
2610 4874 2703 4925 καὶ
2735 4873 2832 4936 τὰς
2858 4876 2985 4943 παρ’
3015 4874 3176 4926 αὐτοῦ
3199 4875 3279 4936 είς
3309 4873 3470 4927 αὐτὸν
3497 4876 3651 4945 εύερο

2079 4959 2267 5026 γεσίας
2302 4957 2742 5027 ἀπηριθμήσατο.
2768 4956 2856 5008 Διὸ
2883 4956 3147 5019 αἰδεσθεὶς
3189 4960 3393 5018 ἐκεῖνος
3424 4959 3491 5011 τὰ
3520 4961 3649 5030 παρ’

2078 5041 2242 5096 αὑτοῦ
2296 5039 2583 5110 εἰρημένα,
2618 5038 2805 5091 λοιπὸν
2845 5041 2936 5091 καὶ
2980 5040 3058 5101 είς
3086 5039 3284 5092 δειλίαν
3309 5040 3645 5109 καθίσταται,

2079 5127 2172 5178 καὶ
2201 5124 2472 5193 συνθήκας
2499 5122 2795 5190 ἀπαιτῆσαι
2829 5121 3074 5190 βούλεται
3106 5122 3255 5193 παρά
3284 5124 3377 5176 τοῦ
3415 5125 3643 5180 δικαίου.

2080 5209 2220 5281 Ὅρα
2240 5205 2373 5259 Θεοῦ
2396 5204 2740 5275 κηδεμονίαν.
2758 5205 2816 5255 '0
2837 5204 2979 5256 οὕτω
3006 5208 3535 5275 παρεσκευασμένος,
3554 5210 3647 5260 καὶ

2080 5293 2217 5364 μετὰ
2231 5290 2496 5358 τοσαύτης
2512 5290 2686 5359 ὁρμῆς
2705 5290 2802 5359 τὴν
2827 5290 3144 5354 καταδίωξιν
3174 5293 3553 5361 ποιησάμενος,
3568 5296 3645 5355 εἰς

2076 5375 2339 5445 τοσαύτην
2361 5374 2600 5443 κατέστη
2619 5373 2837 5437 δειλίαν,
2856 5374 3038 5437 ὼςτάς
3052 5376 3181 5444 παρ’
3195 5375 3356 5427 αὑτοῦ
3377 5377 3645 5445 συνθήκας

2077 5459 2369 5527 ἐπιζητεῖν.
2391 5456 2745 5522 Ἀποκριθεὶς
2762 5457 2871 5524 γὰρ
2894 5457 3115 5522 Λάϐαν,
3137 5456 3286 5529 [560]
3310 5459 3490 5527 φησὶν,
3514 5455 3644 5511 εἷπε

2076 5541 2156 5605 τῷ
2172 5538 2392 5595 Ἰακώϐ·
2407 5541 2478 5592 Al
2508 5538 2821 5607 θυγατέρες
2833 5557 2970 5604 σου,
2989 5539 3301 5609 θυγατέρες
3318 5542 3569 5611 μου,καὶ
3589 5546 3642 5595 oi

2076 5624 2194 5676 υἱοί
2220 5637 2357 5682 σου,
2388 5620 2771 5688 υίοίμου,καὶ
2793 5622 2864 5675 τὰ
2887 5622 3076 5689 κτήνη
3104 5637 3236 5686 σου,
3279 5623 3467 5691 κτήνη
3498 5642 3638 5692 μου,

2078 5704 2173 5758 καὶ
2194 5703 2387 5757 πάντα
2412 5703 2529 5757 ὅσα
2547 5702 2628 5756 σὺ
2656 5702 2819 5771 ὁρᾷς,
2844 5702 2955 5772 ἐμά
2981 5704 3111 5757 ἐστι
3136 5704 3231 5757 καί
3264 5702 3381 5757 τῶν
3404 5705 3640 5772 θυγατέ-

2068 5803 2193 5855 ρων
2221 5787 2433 5853 μου’τί
2455 5784 2686 5849 ποιήσω
2716 5787 2955 5850 ταύταις
2986 5785 3268 5854 σήμερον,
3311 5788 3347 5855 ἢ
3383 5787 3501 5851 τοῖς
3555 5787 3635 5838 τὲ-

2136 5880 2162 5919 ὶι
2184 5879 2429 5929 lidcbalur
2455 5883 2640 5940 ἔινηίεῇ.
2673 5880 2814 5930 (Ἳυὶδι.
2841 5882 3063 5938 δυνηθείη.
3093 5880 3225 5929 ῐξιιιῐ.
