4168 6264
531 288 638 345 505

531 421 702 471 κνοις
735 401 934 457 αὐτῶν
963 398 1086 464 τοῖς
1106 401 1435 468 τεχθεῖσιν;
1471 399 1600 452 Οἶδα
1625 399 1707 451 ὃτι
1733 398 1826 450 καὶ
1853 399 1910 450 al
1941 397 2109 464 θυγα-

529 487 711 558 τέρες,
730 483 914 555 φησὶν,
949 481 1078 552 ἐμαί
1109 483 1234 544 εισι,
1271 482 1366 532 καὶ
1392 481 1566 534 πάντα
1597 480 1695 532 ὅσα
1735 479 1816 532 σοί
1847 481 2021 558 έστιν,
2047 481 2112 532 ἐκ

529 556 628 639 τῆς
645 567 925 638 ὑπάρξεως
953 567 1050 634 τῆς
1067 563 1204 634 ἐμῆς
1225 563 1581 633 προσεγένετό
1599 579 1702 616 σοι.
1724 563 1785 616 Τί
1800 556 1916 615 οὖν
1941 560 2112 628 aoni-

527 665 619 706 σω
643 651 882 715 ταύταις
907 647 1192 716 σήμερον,
1215 647 1254 714 ἢ
1283 646 1408 711 τοῖς
1437 647 1538 700 ὑπ’
1593 644 1794 700 αὐτῶν
1819 645 2108 715 τεχθεῖσι;

529 733 658 787 Νῦν
681 732 875 798 δεῦρο,
919 728 1246 797 διαθώμεθα
1281 727 1579 795 διαθήκην
1608 727 1722 795 ἐγώ
1763 743 1828 780 τε
1863 727 1962 780 καὶ
1995 728 2100 791 σὺ,

529 814 632 868 καί
650 813 823 868 ἔσται
843 814 930 876 είς
937 811 1262 880 μαρτύριον
1275 809 1392 864 ἀνὰ
1399 810 1594 878 μέσον
1611 808 1756 876 ἐμοῦ
1776 825 1840 862 τε
1855 807 1952 862 καί
1968 808 2104 862 σοῦ.

526 895 828 966 Συνθήκας,
857 893 1010 963 φησὶ,
1049 890 1424 960 ποιησώμεθα,
1448 891 1554 944 Kal
1583 891 1754 944 ἔσται
1786 893 1872 955 εὶς
1883 892 2108 959 μαρτύ-

523 995 656 1046 ριον
689 978 808 1034 ἀνὰ
819 977 1016 1045 μέσον
1038 975 1186 1044 ἐμοῦ
1218 974 1316 1026 καὶ
1332 975 1471 1036 σοῦ,
1501 975 1581 1036 είς
1609 973 1851 1044 ἔλεγχον,
1873 977 1953 1036 εἰς
1971 973 2108 1026 ἀπό-

523 1060 708 1124 δειξιν.
745 1055 880 1112 Εἷπε
916 1059 974 1112 δὲ
1003 1057 1182 1126 αὐτῷ·
1215 1057 1280 1108 Et
1298 1073 1384 1118 τις
1407 1055 1716 1125 παραϐῆναι
1749 1055 1818 1108 τά
1850 1055 1944 1108 νῦν
1976 1055 2106 1125 παρ’

524 1143 681 1213 ἡμῶν
726 1141 1065 1213 προταθέντα
1099 1139 1515 1210 ἐπιχειρήσειεν,
1566 1137 1710 1191 Ἰδοὺ
1746 1137 1948 1202 οὐδεὶς
1979 1139 2106 1206 μεθ’

523 1223 712 1294 ἡμῶν
741 1228 772 1278 ό
807 1223 876 1276 δὲ
903 1224 1046 1288 Θεὸς
1067 1222 1298 1291 μάρτυς
1313 1219 1428 1274 ἀνὰ
1449 1219 1642 1288 μέσον
1673 1219 1816 1288 ἐμοῦ
1844 1221 1940 1272 καὶ
1965 1220 2103 1274 σοῦ.

597 1309 874 1378 η’.Σκόπει
899 1307 1016 1370 πῶς
1037 1305 1176 1358 κατὰ
1201 1305 1392 1374 μικρὸν
1413 1307 1441 1357 6
1454 1305 1638 1358 Λάϐαν
1657 1305 1750 1358 καὶ
1771 1306 1848 1368 εἰς
1877 1304 2105 1368 θεογνω-

526 1391 648 1445 σίαν
671 1392 941 1459 ὲνάγεται.
959 1391 1016 1442 Ὀ
1032 1387 1140 1458 γὰρ
1157 1387 1254 1458 τὴν
1277 1385 1481 1457 κλοπὴν
1511 1387 1616 1457 πρὸ
1641 1387 1830 1440 τούτου
1845 1387 1952 1438 τῶν
1969 1387 2106 1440 θεῶν

525 1473 692 1528 αὐτοῦ
721 1473 996 1544 ἐπιφέρων
1048 1471 1126 1540 τῷ
1177 1469 1394 1537 δικαίῳ,
1445 1470 1537 1522 καὶ
1585 1470 1852 1540 τοσαύτην
1879 1470 2106 1538 ἔρευναν

525 1557 911 1626 ποιησάμενος,
943 1553 1037 1608 νῦν
1089 1569 1249 1622 φησιν
1270 1567 1284 1582 '
1327 1551 1540 1622 Ἐπειδὴ
1561 1553 1732 1615 οὐδείς
1757 1556 1872 1606 ἐστι
1903 1551 2104 1622 μεταξὺ

523 1637 684 1708 ἡμῶν
711 1641 740 1691 ό
763 1638 1081 1707 δυνάμενος,
1109 1637 1160 1688 εί
1183 1651 1236 1687 τι
1274 1632 1412 1703 μετά
1443 1633 1614 1688 ταῦτα
1645 1635 1860 1702 γένοιτο
1887 1647 1934 1700 ⁸,
1963 1651 2104 1706 μαρ-

523 1719 762 1790 τυρῆσαι
785 1723 896 1782 τοῖς
929 1718 1024 1772 νῦν
1056 1716 1184 1786 παρ’
1207 1715 1364 1786 ἡμῶν
1391 1715 1718 1783 γινομένοις,
1747 1719 1776 1769 ό
1799 1717 1931 1779 Θεὸς
1967 1717 2106 1788 μάρ-

521 1821 623 1867 τυς
645 1803 748 1857 ἀνά
787 1803 948 1872 μέσον
979 1799 1112 1870 ἐμοῦ
1140 1801 1234 1853 καὶ
1267 1799 1381 1853 σοῦ.
1401 1800 1638 1862 Ἐκεῖνος
1667 1799 1950 1870 πάρεστιν,
1979 1801 2009 1852 ό
2037 1800 2104 1852 τά

525 1885 704 1939 πάντα
728 1885 890 1956 όρῶν,
925 1882 984 1936 ὃν
1030 1882 1180 1935 οὐδὲν
1212 1882 1394 1935 λαθεῖν
1411 1881 1655 1946 δύναται,
1691 1883 1719 1934 6
1749 1881 1848 1952 τὴν
1874 1879 2102 1934 ἑκάστου

523 1966 748 2036 γνώμην
765 1963 1140 2034 ἐπιστάμενος.
1157 1963 1368 2018 Λαϐὼν
1391 1963 1478 2028 δὲ,
1498 1964 1686 2034 φησὶν,
1703 1963 2102 2032 Ἰακὼϐἕστη-

520 2064 598 2102 σε
615 2047 875 2115 στήλην,
917 2045 1016 2098 καὶ
1043 2045 1293 2112 ἐποίησε
1327 2046 1584 2109 βουνὸν,
1613 2047 1712 2100 καὶ
1743 2046 1970 2115 ἔφατον
2003 2046 2103 2100 ἐπὶ

519 2128 626 2182 τοῦ
635 2123 890 2194 ⁹ϐουνοῦ.
910 2119 1054 2178 Εἶτα
1077 2120 1246 2178 εἶπεν
1262 2125 1421 2190 αὐτῷ
1441 2123 1662 2179 Λάϐἀν·
1681 2125 1740 2178 '0
1756 2125 1985 2190 ,βουνὸς
2000 2121 2102 2182 οὗ-

519 2226 624 2274 τος
647 2206 935 2277 μαρτυρεῖ
954 2205 1070 2260 ἀνὰ
1085 2205 1279 2274 μέσον
1305 2207 1452 2275 ἐμοῦ
1481 2205 1580 2260 καί
1601 2207 1738 2262 σοῦ.
1755 2209 1818 2260 Τί
1851 2223 2018 2272 εστιν,
2049 2208 2102 2260 '0

515 2289 745 2355 βουνὸς
760 2285 940 2354 οὗτος
955 2306 972 2354 ;
987 2289 1132 2340 Ἀντί
1151 2287 1268 2352 τοῦ,
1290 2289 1357 2341 τὰ
1375 2291 1593 2359 ῥήματα
1621 2289 1690 2343 τὰ
1713 2289 1944 2344 ἐνταῦθα
1960 2291 2104 2358 γινό-

521 2390 659 2444 μενα
683 2375 740 2426 ὲν
767 2372 847 2441 τῷ
871 2372 1044 2441 βουνῷ
1071 2371 1244 2441 τούτῳ
1263 2371 1568 2442 ὑπόμνησις
1597 2373 1728 2442 ἡμῖν
1758 2372 2102 2444 ἐσταιδιηνε-

519 2454 653 2518 κῶς.
695 2454 804 2509 Kal
838 2453 1097 2507 ἐκάλεσε
1143 2455 1210 2506 τὸ
1251 2453 1438 2521 ὄνομα
1489 2453 1596 2506 τοῦ
1625 2453 1834 2517 τόπου,
1873 2455 2104 2522 Βουνὸς

519 2532 1015 2608 μαρτυρίου.Εἶτά
1049 2549 1232 2606 φησιν·
1277 2535 1502 2588 Ἐπίδοι
1527 2537 1559 2588 ὀ
1597 2535 1742 2601 Θεὸς
1762 2536 1878 2590 ἀνὰ
1903 2537 2101 2605 μέσον

515 2618 666 2690 ἐμοῦ
687 2618 790 2672 καί
812 2617 950 2672 σοῦ.
978 2617 1178 2671 Σκόπει
1207 2615 1323 2680 πῶς
1353 2615 1513 2670 πάλιν
1547 2617 1644 2688 τὴν
1673 2617 1823 2688 παρά
1851 2620 1945 2670 τοῦ
1967 2619 2102 2672 Θεοῦ

517 2706 676 2776 δίκην
713 2703 1052 2758 ἐπικαλεῖται
1083 2702 1112 2754 ὁ
1159 2703 1366 2770 Λάϐαν·
1410 2703 1636 2758 Ἐντίδοι
1675 2703 1806 2774 γὰρ,
1847 2705 2032 2776 φησὶν,
2065 2709 2099 2760 ό

521 2788 669 2853 Θεὸς
702 2785 820 2842 ἀνὰ
827 2785 1023 2854 μέσον
1043 2785 1192 2854 ἐμοῦ
1220 2784 1319 2838 καί
1343 2783 1483 2849 σοῦ,
1515 2785 1604 2838 ὅτι
1633 2785 2102 2856 ἁποστησόμεθα

517 2869 720 2938 ἔτερος
747 2868 852 2922 τοῦ
883 2867 1110 2936 ἐτέρου.
1145 2867 1284 2933 Νῦν,
1314 2867 1472 2937 φησὶ,
1507 2866 1980 2939 χωρισθησόμεθα,
2011 2869 2104 2923 καὶ

522 2954 588 3005 σὺ
619 2951 718 3022 μὲν
746 2949 1024 3022 ἀπελεύσῃ
1067 2950 1148 3014 είς
1170 2949 1271 3019 τὴν
1299 2949 1505 3002 οἰκείαν
1527 2950 1650 3019 γῆν,
1705 2949 1815 3018 ἐγὼ
1845 2950 1903 3004 δὲ
1931 2951 2100 3005 ἐπανο-

520 3033 810 3106 ελεύσομαι
829 3035 907 3096 εἰς
932 3033 1024 3086 τὸν
1040 3027 1189 3086 οἷκον
1218 3031 1307 3084 τὸν
1323 3032 1476 3104 ἐμόν.
1492 3033 1562 3085 El
1581 3031 1964 3100 ταπεινώσεις
1996 3033 2102 3100 τὰς

519 3116 846 3186 θυγατέρας
877 3133 1018 3184 μου,
1069 3117 1122 3168 εί
1169 3114 1378 3180 λάϐοις
1439 3113 1730 3183 γυναῖκας
1777 3115 1926 3184 πρὸς
1971 3115 2103 3181 ταῖς

519 3197 842 3269 θυγατράσι
857 3213 998 3266 μου,
1013 3196 1142 3264 ὅρα,
1155 3195 1354 3262 οὐδεὶς
1367 3197 1496 3265 μεθ’
1511 3197 1681 3266 ἡμῶν
1695 3197 1866 3250 ἐστιν
1877 3202 1910 3252 ό
1924 3195 2096 3266 ὀρῶν·

521 3281 668 3348 Θεὸς
687 3280 937 3349 μάρτυς.
968 3280 1166 3332 Σκόπει
1182 3279 1298 3343 πῶς
1328 3280 1424 3333 καὶ
1451 3278 1597 3346 άπαξ
1624 3280 1717 3332 καὶ
1737 3279 1984 3351 δεύτερον
2006 3280 2102 3334 καὶ

520 3363 781 3426 πολλάκις
811 3362 904 3416 τὸν
943 3361 1078 3414 Θεδν
1106 3362 1262 3416 καλεῖ
1315 3363 1586 3433 μάρτυρα.
1615 3361 1724 3414 Καὶ
1753 3361 1861 3434 γὰρ
1895 3364 1928 3432 ἡ
1963 3363 2100 3434 πρό-

517 3463 638 3502 νοια
657 3446 690 3514 ὴ
715 3445 843 3515 περὶ
868 3444 960 3496 τὸν
987 3443 1178 3498 Ἰακὼϐ
1201 3443 1540 3514 γεγενημένη
1569 3443 1888 3496 ἐπαίδευσεν
1916 3443 2096 3510 αὑτὸν,

517 3529 618 3599 ὅση
652 3527 747 3580 τοῦ
788 3525 1058 3579 Δεσπότου
1100 3527 1133 3595 ἡ
1166 3525 1410 3595 δύναμις,
1437 3526 1532 3578 καὶ
1559 3525 1635 3589 ὼς
1667 3527 1766 3596 οὐχ
1806 3523 1913 3580 οἷόν
1944 3527 2002 3580 τέ
2042 3544 2096 3581 τι

518 3610 701 3664 λαθεῖν
720 3609 810 3661 τὸν
839 3607 1136 3678 ἀκοίμητον
1163 3607 1460 3676 ὀφθαλμόν.
1481 3607 1578 3660 Διά
1603 3607 1758 3660 τοῦτό
1779 3626 1911 3680 φησι
1933 3623 1948 3639 ⁶
1981 3608 2099 3665 Κᾶν

517 3689 986 3762 διαχωρισθῶμεν,
1018 3689 1118 3743 κᾶν
1147 3689 1331 3760 μηδεὶς
1359 3689 1544 3760 ἕτερος
1575 3691 1602 3741 ό
1633 3690 1980 3762 μαρτυρῆσαι
2009 3690 2100 3744 δυ-

518 3775 770 3846 νάμενος,
801 3773 960 3836 αὐτὸς
1004 3772 1152 3824 ἔσται
1187 3772 1394 3844 μάρτυς
1417 3773 1446 3824 ὁ
1473 3772 1747 3842 πανταχοῦ
1776 3772 1963 3844 παρών
1986 3786 2000 3805 ⁵
2030 3773 2098 3828 δι’

517 3859 750 3914 ἑκάστου
795 3857 903 3910 τῶν
950 3855 1210 3926 ῥημάτων
1245 3855 1536 3925 ἐνέφηνεν,
1561 3856 1644 3908 ὅτι
1680 3855 1779 3924 τῆς
1822 3857 2096 3926 πανταχοῦ

518 3942 620 4012 γῆς
637 3941 752 3993 ἐστι
777 3938 1069 4006 Δεσπότης.
1088 3939 1194 3991 Kal
1209 3933 1377 3990 εἶπεν
1405 3936 1612 3992 Ἰακώϐ
1628 3954 1641 3968 ο
1671 3937 1823 3991 Ἰδοὺ
1843 3940 1879 4006 ἡ
1899 3937 2094 4008 στήλη

517 4023 667 4090 αὕτη
696 4020 1002 4091 μαρτυρεῖ.
1033 4017 1177 4076 Εἶτα
1200 4019 1386 4073 πάλιν
1412 4022 1446 4072 ό
1471 4022 1672 4073 Λάϐαν
1692 4021 1882 4088 φησίν
1901 4035 1914 4050 ·
1956 4020 2101 4075 Ἐάν

519 4119 583 4156 τε
612 4107 720 4171 γὰρ
749 4100 864 4169 ἐγὼ
883 4099 970 4168 μὴ
1018 4098 1197 4152 διαϐῶ
1238 4098 1386 4165 πρὸς
1426 4097 1521 4160 σὲ,
1562 4096 1716 4165 μήτε
1761 4098 1842 4152 σὺ
1889 4097 2098 4168 διαϐῇς

517 4184 670 4251 πρὸς
715 4184 822 4251 ἐμὲ
863 4181 970 4234 τὸν
1011 4180 1246 4244 ,ϐουνὸν
1295 4180 1512 4232 τοῦτον
1549 4177 1645 4230 καί
1698 4178 1812 4245 τὴν
1857 4179 2098 4248 στήλην

519 4267 744 4332 ταύτην
784 4263 882 4316 ἐπὶ
925 4263 1121 4327 κακίᾳ,
1157 4265 1189 4314 ὁ
1238 4260 1384 4324 Θεὸς
1437 4261 1712 4328 Ἀϐραὰμ,
1752 4261 1849 4314 καί
1881 4265 1914 4315 ὁ
1953 4262 2096 4330 Θεὸς

519 4348 733 4416 Ναχὼρ
762 4347 954 4415 κρίνοι
979 4344 1095 4399 ἀνὰ
1117 4345 1311 4413 μέσον
1338 4343 1526 4412 ἡμῶν.
1550 4343 1658 4396 Θέα
1690 4343 1808 4408 πῶς
1839 4345 1976 4415 μετὰ
2001 4347 2094 4402 τοῦ

523 4431 730 4502 πατρὸς
759 4432 853 4484 καὶ
877 4428 967 4482 τὸν
999 4429 1220 4502 πάππον
1245 4428 1334 4480 τὸν
1365 4425 1559 4480 ἑαυτοῦ
1593 4427 1848 4498 συνῆψεν,
1869 4429 2096 4498 ἀδελφὸν

523 4515 622 4585 μὲν
638 4499 746 4566 ’τοῦ
775 4499 1112 4582 πατριάρχου
1145 4510 1501 4580 τυγχάνοντα,
1539 4511 1730 4564 ἑαυτοῦ
1759 4511 1816 4564 δὲ
1850 4513 2090 4568 πάππον.

531 4595 595 4650 '0
630 4596 772 4662 Θεὸς
819 4593 1093 4662 Ἀϐραὰμ,
1121 4592 1222 4646 καί
1263 4597 1294 4646 ό
1321 4593 1468 4659 Θεὸς
1511 4594 1724 4662 Ναχὼρ
1755 4593 1946 4660 κρίνοι
1979 4595 2094 4650 ἀνὰ

515 4680 711 4751 μέσον
735 4677 922 4748 ἡμῶν.
945 4677 1054 4732 Καὶ
1085 4675 1321 4746 ὤμοσεν
1354 4673 1564 4729 Ἰακὼϐ
1588 4675 1737 4729 κατὰ
1772 4677 1876 4730 τοῦ
1905 4679 2092 4748 φόϐου

520 4763 627 4819 τοῦ
653 4763 876 4831 πατρὸς
905 4761 1090 4818 αὐτοῦ
1117 4761 1331 4820 Ἰσαὰκ.
1355 4757 1504 4830 [561]
1538 4760 1633 4812 καὶ
1659 4760 1841 4812 ἔθυσε
1874 4761 2094 4814 θυσίαν

517 4848 590 4901 ἐν
628 4845 708 4910 τῷ
752 4846 869 4914 ὄρει
889 4869 926 4908 ,π
953 4844 1050 4898 καί
1089 4842 1346 4896 ἐκάλεσε
1384 4840 1528 4904 τοὺς
1555 4840 1856 4908 ἀδελφοὺς
1883 4843 2090 4905 αὐτοῦ,

519 4927 620 4982 καὶ
667 4925 892 4995 ἔφαγον
933 4925 1030 4979 καὶ
1071 4926 1271 4988 ἔπιον,
1329 4922 1426 4978 καὶ
1466 4923 1875 4992 ἐκοιμήθησαν
1905 4924 1976 4976 ἐν
2012 4925 2092 4990 τῷ

521 5010 662 5076 ὕρει.
684 5011 900 5063 Ἔθυσε
923 5008 1143 5062 θυσίαν
1162 5009 1231 5060 ἐν
1251 5003 1329 5072 τῷ
1353 5005 1471 5073 ὄρει
1491 5022 1503 5035 '
1523 5005 1912 5077 ηὐχαρίστησε,
1935 5007 2088 5076 φησὶ,

521 5091 599 5161 τῷ
633 5089 750 5159 Θεῷ
779 5089 872 5144 ἐπὶ
903 5091 1014 5152 τοῖς
1040 5089 1318 5156 γεγονόσι·
1354 5089 1462 5142 Καὶ
1489 5087 1733 5158 ἔφαγον,
1767 5089 1866 5141 καὶ
1897 5089 2089 5155 ἔπιον,

521 5172 621 5228 καί
642 5171 1052 5239 ἐκοιμήθησαν
1085 5171 1152 5223 ἑν
1183 5170 1262 5234 τῷ
1293 5171 1433 5237 ὄρει.
1478 5171 1768 5234 Ἀναστὰς
1799 5170 1868 5222 δὲ
1891 5171 2094 5224 Λάϐαν

519 5256 602 5323 τῷ
641 5253 1191 5322 πρωῖκατεφίλησε
1231 5252 1371 5318 τοὺς
1413 5251 1582 5318 ὐἱοὺς
1614 5252 1819 5317 αὑτοῦ,
1854 5253 1952 5306 καὶ
1985 5253 2092 5326 τὰς

519 5339 846 5409 θυγατέρας
892 5333 1108 5397 αὐτοῦ,
1161 5333 1258 5386 καὶ
1306 5337 1642 5402 εὐλόγησεν
1695 5337 1936 5402 αὐτούς.
1981 5337 2090 5390 Καὶ

519 5417 928 5486 ἀποστραφεὶς
965 5417 1167 5471 Λάϐαν
1202 5415 1476 5484 ἀπῆλθεν
1512 5420 1598 5482 εὶς
1633 5417 1740 5472 τὸν
1769 5415 1938 5472 οἷκον
1981 5421 2088 5474 αὐ-

521 5503 648 5558 τοῦ.
691 5497 862 5564 Εἶδες,
893 5500 1162 5570 ἀγαπητὲ,
1201 5499 1340 5568 πόση
1371 5499 1461 5553 τοῦ
1494 5499 1628 5552 Θεοῦ
1675 5503 1708 5572 ἡ
1739 5501 1919 5569 σοφία,
1944 5501 2090 5564 ὅπως

523 5585 663 5642 κατὰ
688 5585 880 5638 ταύτὸν
918 5586 1008 5638 καὶ
1037 5584 1132 5654 τὴν
1183 5584 1310 5654 περὶ
1343 5583 1432 5636 τὸν
1474 5583 1674 5637 δίκαιον
1711 5584 1964 5656 πρόνοιαν
1995 5585 2090 5638 ἐπ-

585 5703 610 5732 ⁴¹
633 5703 714 5756 διο
735 5701 863 5753 bene
887 5703 1028 5755 Coial.
1057 5701 1300 5752 Edcbalur
1323 5703 1530 5764 γένηται.
1557 5702 1686 5751 lion.

1204 283 1260 339 S.
1294 282 1577 342 JOANNIS
1609 281 2100 340 CIIRYSOSTOMI
2135 279 2453 340 ARCHIEP.
2493 281 3039 340 CONSTANTINOP.

3687 281 3794 338 506

2217 399 2474 466 εδείξατο,
2499 398 2748 452 κάκεῖνον
2779 398 3053 468 ἀπέστησε
3075 395 3176 466 τῆς
3199 396 3318 450 κατ’
3351 395 3517 450 αὐτοῦ
3551 395 3788 464 ἀδικίας,

2217 481 2312 534 καὶ
2331 481 2400 534 δι’
2421 475 2496 536 ὧν
2521 481 2672 552 αὐτῷ
2693 479 3044 552 παρεγγύησε
3069 479 3144 550 μὴ
3167 478 3396 548 λαλῆσαι
3413 479 3623 550 πονηρὰ
3647 481 3794 536 κατά

2217 559 2310 613 τοῦ
2341 559 2556 625 Ἰακὼϐ,
2579 562 2658 623 είς
2683 561 2780 630 τὴν
2805 561 2904 630 τῆς
2933 559 3258 626 θεογνωσίας
3279 558 3397 614 ὁδὸν
3419 560 3560 612 κατά
3593 561 3795 632 μικρὸν

2215 643 2380 696 αὐτὸν
2400 644 2656 712 ὲνήγαγε,
2675 643 2771 696 καὶ
2793 644 2822 695 6
2849 640 3102 712 καθάπερ
3133 641 3318 712 θηρίον
3341 641 3662 713 ἐπιτρέχων,
3693 645 3796 698 καὶ

2218 725 2420 793 φθάσαι
2453 725 2774 796 βουλόμενος
2799 725 2895 778 καὶ
2926 724 3154 788 ἀνελεῖν,
3185 723 3662 794 ἀπολογησάμενος
3691 729 3796 780 καὶ

2217 807 2592 878 καταφιλήσας
2623 808 2717 862 καὶ
2751 807 2850 871 τάς
2882 806 3186 876 θυγατέρας
3224 805 3319 860 καὶ
3345 807 3472 869 τοὺς
3505 808 3652 871 υίοὺς
3686 809 3796 862 αὖοι

2215 890 2343 956 τῶν,
2369 889 2542 954 οὕτως
2567 891 2748 944 οἴκαδε
2775 890 3080 960 ὑπέστρεψε
3102 907 3120 956 ;
3143 889 3296 959 Τάχα
3321 891 3402 952 είς
3447 889 3580 942 πολὺ
3613 891 3794 960 μῆκος

2213 978 2307 1032 τὸν
2339 979 2495 1047 λόγον
2537 977 2912 1048 ὲξετείναμεν,
2958 978 3094 1032 ἀλλὰ
3141 977 3239 1047 τῆς
3283 978 3522 1048 ἱστορίας
3563 981 3642 1042 εις
3685 979 3792 1050 τὴν

2215 1063 2461 1132 ἀνάγκην
2485 1063 2631 1132 ἡμᾶς
2657 1061 2860 1131 ταύτην
2885 1061 3328 1130 καταστησάσης.

2285 1146 2486 1216 Διόπερ
2505 1145 2738 1198 ἐνταῦθα
2763 1146 3057 1214 στήσαντες
3083 1143 3172 1197 τόν
3203 1144 3380 1212 λόγον,
3413 1143 3590 1198 έκεῖνο
3609 1161 3793 1216 παρα-

2215 1229 2532 1300 καλέσωμεν
2558 1229 2710 1299 ὑμῶν
2729 1229 2826 1298 τὴν
2851 1229 3094 1297 ἀγάπην,
3115 1227 3256 1280 ὥστε
3289 1227 3468 1281 πάντα
3499 1229 3668 1280 ποιεῖν
3693 1229 3792 1282 καὶ

2214 1310 2694 1382 πραγματεύεσθαι
2711 1351 2726 1373 ,
2763 1311 2848 1362 ἴνα
2877 1309 2974 1380 τὴν
3003 1309 3206 1364 ἀνωθεν
3245 1308 3453 1361 εὔνοιαν
3478 1309 3794 1362 έπισπασώ-

2217 1394 2377 1464 μεθα.
2411 1393 2537 1446 Ἐὰν
2567 1393 2676 1463 γὰρ
2711 1393 2913 1446 ἐκεῖνον
2954 1393 3164 1461 ἔχωμεν
3195 1391 3420 1461 εὐμενῆ,
3455 1391 3630 1444 πάντα
3655 1394 3794 1461 ἡμῖν

2216 1476 2374 1546 ῥᾴδια
2407 1476 2556 1530 ἔσται
2590 1477 2682 1529 καὶ
2704 1474 2920 1538 εὔκολα,
2951 1479 3044 1528 καὶ
3085 1473 3236 1528 οὐδὲν
3279 1475 3424 1544 ἡμᾶς
3471 1473 3581 1526 τῶν
3629 1475 3684 1527 ὲν
3707 1473 3792 1542 τῷ

2215 1558 2442 1629 παρόντι
2477 1558 2576 1628 βίῳ
2611 1557 2850 1629 λυπῆσαι
2891 1558 3200 1627 δυνήσεται,
3229 1555 3332 1608 κᾶν
3377 1553 3617 1624 λυπηρὸν
3647 1549 3791 1608 εἶναι

2211 1638 2366 1710 δοκῇ.
2395 1640 2640 1710 Τοσαύτη
2671 1641 2780 1710 γὰρ
2808 1640 2909 1710 τῆς
2939 1639 3102 1692 αὑτοῦ
3131 1637 3410 1708 δυνάμεως
3429 1639 3464 1708 ἡ
3490 1637 3788 1708 ὑπερϐολὴ,

2213 1722 2288 1786 ὡς
2317 1723 2412 1776 καὶ
2437 1724 2576 1776 αὐτά
2603 1722 2675 1776 τὰ
2693 1721 2912 1793 λυπηρά
2943 1723 3022 1784 είς
3051 1722 3112 1774 τὸ
3141 1721 3378 1774 ἐναντίον
3415 1723 3782 1790 περιτρέπειν,

2212 1803 2340 1858 ὅταν
2389 1804 2664 1877 βούληται.
2705 1806 2861 1858 Οὕτω
2905 1805 3000 1860 καί
3049 1803 3258 1867 Παῦλος
3317 1804 3376 1858 ὲν
3429 1801 3668 1872 θλίψεσιν
3709 1801 3786 1854 ὢν

2213 1885 2398 1958 ἔχαιρε
2434 1889 2528 1942 καὶ
2565 1889 2830 1958 ἠγάλλετο
2857 1891 2924 1958 τῇ
2961 1887 3256 1959 προσδοκίᾳ
3275 1887 3380 1939 τῶν
3409 1885 3786 1954 ἀποκειμένων

2212 1973 2454 2042 ἀμοιόὦν
2474 1972 2858 2043 πτερούμενος.
2885 1972 2986 2026 Διά
3013 1971 3168 2024 τοῦτο
3191 1970 3282 2023 καὶ
3308 1969 3338 2022 ὁ
3358 1970 3646 2039 Προφήτης
3669 1967 3786 2020 ἔλε-

2213 2057 2448 2124 γεν,Ἐν
2465 2058 2666 2125 θλίψει
2688 2055 3031 2120 ἐπλάτυνάς
3053 2071 3174 2124 μοι,
3204 2053 3469 2106 διδάσκων
3498 2054 3666 2122 ἡμᾶς,
3701 2053 3788 2105 ὅτι

2212 2139 2271 2191 ὲν
2305 2141 2441 2209 αὐτῇ
2493 2143 2558 2210 τῇ
2601 2139 2776 2208 θλίψει
2815 2139 3154 2208 τυγχάνοντα
3193 2136 3376 2200 ἀδείας
3413 2135 3506 2188 καὶ
3547 2134 3788 2198 ἀνέσεως

2211 2221 2374 2274 αὐτὸν
2399 2221 2690 2274 ἀπολαύειν
2721 2219 3128 2291 παρεσκεύαζεν
3155 2222 3183 2272 6
3211 2219 3364 2280 Θεός.
3399 2217 3648 2271 Τοιοῦτον
3675 2217 3788 2269 τοί-

2211 2321 2306 2356 νυν
2334 2303 2545 2373 ἔχοντες
2567 2305 2863 2374 Δεσπότην,
2893 2302 3035 2356 οὕτω
3059 2301 3302 2368 δυνατὸν,
3337 2300 3509 2364 οὕτως
3540 2301 3787 2370 εὐμήχαο

2211 2403 2300 2438 νον
2343 2388 2436 2440 καὶ
2473 2387 2653 2456 σοφὸν,
2695 2386 2838 2440 οὕτω
2879 2385 3276 2456 φιλάνθρωπον,
3322 2383 3391 2436 τά
3419 2383 3546 2454 παρ’
3575 2383 3790 2438 ἑαυτῶν

2209 2469 2572 2540 εἰσφέρωμεν,
2605 2471 2696 2522 καὶ
2727 2473 2826 2540 τῆς
2853 2469 3054 2540 ἀρετῆς
3089 2469 3254 2522 πολὺν
3285 2467 3565 2540 ποιώμεθα
3605 2467 3786 2534 λόγον,

2211 2553 2302 2607 ἵνα
2339 2555 2434 2608 καὶ
2463 2554 2571 2607 τῶν
2604 2553 2836 2608 ἐνταῦθα
2857 2555 3076 2608 καὶτῶν
3111 2553 3410 2623 μελλόντων
3439 2551 3790 2620 ὲπιτύχωμεν

2209 2638 2448 2706 ἀγαθῶν,
2485 2637 2666 2708 χάριτι
2708 2639 2802 2690 καὶ
2843 2635 3222 2708 φιλανθρωπίᾳ
3253 2635 3349 2690 τοῦ
3383 2635 3586 2706 Κυρίου
3623 2635 3786 2704 ἡμῶν

2223 2719 2395 2790 Ἰησοῦ
2430 2719 2700 2792 Χριστοῦ,
2751 2721 2870 2790 μεθ’
2904 2717 2966 2775 οῦ
3011 2719 3088 2791 τῷ
3125 2721 3299 2792 Πατρὶ
3349 2721 3382 2790 ἡ
3425 2719 3554 2784 δόξα
3595 2719 3689 2772 καὶ
3720 2717 3788 2772 τὺ

2212 2803 2430 2874 κράτος,
2459 2805 2576 2873 ἆμα
2609 2803 2688 2875 τῷ
2713 2805 2854 2874 ἁγίῳ
2885 2802 3178 2874 Πνεύματι,
3201 2803 3298 2857 νῦν
3327 2804 3418 2857 καὶ¹
3445 2803 3553 2868 ἀεὶ,
3579 2802 3672 2856 καὶ
3701 2803 3786 2864 εἰς

2211 2884 2337 2948 τοὺς
2357 2884 2558 2950 αἰῶνας
2577 2886 2682 2940 τῶν
2709 2885 2937 2940 αἰώνων.
2974 2887 3167 2956 Ἀμήν.

2791 3077 2910 3132 ΟΜὶ
2921 3083 3030 3132 ιἰιΑ
3067 3077 3114 3131 Ν
3119 3079 3197 3134 Η¹.

2209 3241 2318 3298 Kal
2373 3242 2724 3315 ἀναϐλέψας
2737 3311 2762 3315 __
2783 3245 2982 3298 Ἰακὼϐ
3025 3240 3146 3299 εἶδε
3193 3247 3579 3315 παρεμϐολὴν
3631 3249 3786 3302 Θεοῦ

2277 3311 2834 3382 παρεμϐεϐληκυῖαν
2857 3354 2872 3377 ,
2926 3315 3026 3382 καί
3071 3311 3472 3382 συνήντησαν
3521 3311 3678 3377 αὐτῷ
3725 3319 3784 3371 οι

2277 3379 2518 3451 ἄγγελοι
2555 3381 2658 3436 τοῦ
2696 3383 2864 3437 Θεοῦ.
2893 3379 3040 3454 Eius
3073 3385 3140 3438 δὲ
3169 3379 3382 3448 Ἰακὼϐ,
3407 3387 3588 3454 ἡνίκα
3619 3383 3784 3441 εἶδεν

2278 3453 2500 3522 αὐτούς
2519 3468 2532 3481 ·
2577 3453 2927 3522 Παρεμϐολὴ
2961 3455 3108 3508 Θεοῦ
3147 3456 3298 3522 αὓτη
3319 3473 3334 3486 ·
3385 3453 3482 3508 καὶ
3525 3457 3782 3512 ἐκάλεσε

2279 3519 2345 3574 τὸ
2373 3521 2560 3591 ὄνομα
2583 3523 2689 3577 τοῦ
2709 3519 2896 3578 τόπου
2915 3519 3048 3578 ’ἐκεί
3053 3541 3181 3592 νου,
3211 3519 3598 3596 ιιᾴρεμϐολαί.

2277 3697 2348 3752 α’.
2369 3695 2498 3751 Οἶδα
2519 3699 2600 3751 ὅτι
2623 3701 2937 3770 κεκμήκατε
2954 3699 3098 3770 χθὲς,
3117 3702 3197 3764 είς
3218 3703 3351 3755 πολὺ
3379 3704 3551 3774 μῆκος
3574 3705 3667 3758 τοῦ
3694 3707 3780 3759 λό-

2207 3797 2304 3848 γου
2339 3781 2687 3854 προελθόντος
2729 3785 2890 3852 ἡμῖν·
2933 3783 3066 3836 άλλά
3100 3786 3192 3836 καὶ
3233 3785 3514 3856 θαρσεῖτεο
3543 3789 3571 3841 ό
3611 3789 3778 3850 κόπος

2209 3863 2360 3933 ὑμῶν
2386 3863 2486 3918 οὐκ
2505 3863 2616 3918 ἐστι
2633 3864 2807 3929 κενός
2833 3866 2890 3918 ὲν
2909 3865 3096 3936 Κυρίῳ
3115 3867 3223 3938 γάρ
3251 3869 3366 3921 ἐστι
3385 3869 3686 3940 γινόμενος,
3708 3871 3777 3924 δι’

2205 3945 2265 4000 ὃν
2297 3945 2390 3999 καὶ
2411 3947 2591 4016 όπρὸς
2627 3947 2798 4017 βραχὺ
2831 3949 2991 4010 πόνος
3013 3950 3262 4018 μεγάλων
3292 3951 3496 4019 μισθῶν
3521 3953 3778 4023 πρόξενος

2205 4029 2432 4094 γίνεται.
2461 4029 2524 4082 El
2552 4029 2657 4100 γὰρ
2688 4030 2780 4082 καὶ
2811 4031 2871 4082 τὺ
2901 4029 3059 4100 σῶμα
3088 4031 3382 4102 κέκμηκεν,
3420 4033 3534 4086 ἀλλ’
3567 4037 3598 4106 ή
3629 4035 3774 4107 ψυχὴ

2206 4111 2366 4164 πλέον
2397 4111 2717 4184 ὲρρώννυτο.
2755 4111 2845 4164 Διὸ
2873 4113 2966 4164 καὶ
3018 4113 3178 4176 αὐτὸς
3221 4115 3362 4185 όρῶν
3407 4116 3559 4186 ὑμῶν
3591 4119 3774 4189 ἀκμά-

2205 4195 2366 4258 ζοντα
2402 4195 2492 4248 τὸν
2527 4195 2710 4258 πόθον,
2749 4197 2843 4248 καὶ
2874 4197 2971 4264 τὴν
2997 4197 3291 4266 ἐπιθυμίαν
3323 4197 3772 4272 διεγηγερμένην,

2207 4277 2525 4358 βουλόμενος
2555 4277 2830 4330 συστεῖλαι
2861 4277 2958 4348 τὴν
2989 4279 3366 4347 διδασκαλίαν,
3411 4283 3512 4336 οὐκ
3545 4284 3774 4358 ἠϐουλήέ

2205 4359 2303 4428 θην
2333 4357 2481 4430 [562]
2527 4359 2633 4430 πρὸ
2661 4359 2754 4412 τοῦ
2789 4360 2972 4424 τέλους
3030 4362 3106 4424 είς
3145 4362 3297 4433 σιγὴν
3338 4365 3636 4419 καταλῦσαι
3681 4357 3774 4422 τὸν

2203 4441 2382 4510 λόγον,
2433 4441 2589 4506 εἰδὼς
2621 4443 2696 4505 ὡς
2723 4443 2896 4516 ταύτῃ
2938 4445 3138 4512 μᾶλλον
3180 4447 3308 4516 ὑμῖν
3351 4449 3663 4519 χαριοῦμαι.
3701 4449 3775 4503 Τὸ

2203 4526 2311 4596 γάρ
2368 4525 2570 4596 πλῆθος
2625 4525 2732 4579 τῶν
2776 4528 3080 4598 εἰρημένων
3125 4530 3359 4601 μάλιστα
3415 4533 3622 4586 ἐδείκνυ
3673 4535 3774 4606 τῆς

2205 4608 2475 4679 ὑμετέρας
2502 4609 2784 4678 φιληκοΐας
2813 4612 2911 4679 τὴν
2938 4611 3138 4684 πολλὴν
3165 4615 3396 4686 σπουδὴν
3421 4618 3626 4674 καὶτὸν
3649 4619 3776 4672 ἀκό-

2207 4709 2394 4764 ρεστον
2440 4691 2635 4746 πόθον³
2671 4693 2760 4746 διὰ
2805 4694 2962 4747 τοῦτο
3007 4697 3102 4749 καὶ
3133 4697 3295 4760 αὐτὸς
3343 4701 3481 4766 μετὰ
3531 4701 3775 4765 πλείονος

2203 4775 2508 4846 προθυμίας
2528 4776 2626 4845 τῆς
2653 4777 2790 4848 πρὸς
2813 4777 2957 4847 ὑμᾶς
2983 4777 3224 4848 ἅπτομαι
3245 4779 3612 4846 διδασκαλίας,
3633 4785 3772 4852 όρῶν

2204 4859 2355 4928 ὑμῶν
2378 4857 2498 4914 καθ’
2525 4859 2762 4930 ἑκάστην
2783 4860 2994 4930 ἡμέραν
3017 4861 3116 4930 τὴν
3142 4861 3319 4934 ὄρεξιν
3342 4867 3770 4938 ἐπιτεινομένην.

2201 4944 2336 5014 Φέρε
2369 4939 2467 5000 οῦν
2499 4942 2594 4996 καὶ
2625 4943 2863 5014 σήμερον
2894 4943 2964 4996 τὰ
3001 4945 3128 5015 ἑξῆς
3164 4945 3275 5000 τῶν
3309 4945 3434 5016 χθὲς
3471 4949 3774 5018 εἰρημένων

2203 5027 2344 5082 κατά
2369 5025 2595 5096 δύναμιν
2622 5025 3068 5098 έπελθόντες,τὴν
3102 5028 3304 5100 συνήθη
3330 5029 3573 5084 ἑστίασιν
3599 5049 3776 5100 παρα-

2203 5109 2382 5180 θῶμεν
2415 5109 2569 5178 ὑμῶν
2608 5111 2675 5180 τῇ
2715 5109 2937 5182 ἀγάπῃ,
2973 5111 3068 5164 καὶ
3114 5111 3343 5182 ἴδωμεν,
3381 5113 3517 5183 μετά
3547 5113 3645 5184 τὴν
3679 5113 3772 5168 τοῦ

2201 5194 2388 5248 Λάϐαν
2439 5191 2785 5264 ἀναχώρησιν
2829 5195 2976 5260 ὅπως
3019 5197 3048 5249 ό
3089 5195 3290 5260 δίκαιος
3335 5197 3434 5268 τῆς
3471 5199 3774 5270 ὁδοιπορίας

2201 5279 2451 5334 ἅπτεται.
2489 5277 2653 5332 Οὐδὲν
2693 5278 2802 5350 γάρ
2849 5279 3017 5350 ἀργὸν
3049 5279 3155 5332 τῶν
3202 5283 3260 5334 ὲν
3299 5285 3365 5352 τῇ
3416 5281 3534 5352 θείᾳ
3583 5283 3774 5354 Γραφῇ,

2201 5361 2469 5430 κειμένων
2497 5361 2664 5424 ἐστὶν,
2698 5360 2835 5414 ἀλλά
2863 5363 3042 5418 πάντα
3069 5365 3138 5416 τά
3169 5363 3272 5416 ὑπὸ
3303 5363 3412 5416 τῶν
3439 5363 3660 5417 δικαίων
3691 5381 3773 5432 γι-

2199 5445 2400 5514 νόμενα
2438 5443 2700 5514 μεγίστης
2735 5445 2896 5515 γέμει
2929 5449 3030 5516 τῆς
3069 5447 3355 5516 ὠφελείας.
3411 5449 3629 5520 Ἐπειδὴ
3665 5451 3772 5519 γὰρ

2199 5529 2290 5581 τὸν
2315 5526 2424 5578 τῶν
2453 5525 2589 5580 ὅλων
2626 5529 2900 5600 Δεσπότην
2937 5524 3081 5599 εἶχον
3114 5530 3376 5600 διηνεκῶς
3417 5532 3601 5594 αὐτοῖς
3630 5547 3770 5600 συμ-

2203 5609 2462 5679 παρόντα,
2497 5607 2591 5662 καὶ
2617 5609 2743 5672 τοὺς
2771 5609 2910 5664 κατὰ
2946 5613 3045 5680 τὴν
3074 5611 3382 5682 ὁδοιπορίαν
3417 5615 3612 5677 πόνους
3654 5617 3768 5666 ὲπι-

2201 5689 2550 5760 κουφίζοντα,
2569 5691 2768 5764 πολλὴν
2800 5695 2892 5747 καὶ
2929 5695 3036 5750 ἀπὸ
3079 5696 3176 5766 τῆς
3205 5697 3370 5767 ψιλῆς
3410 5697 3586 5752 αὐτῶν
3632 5697 3768 5752 ὁδοι-
