4168 6264
427 330 531 388 505

427 451 582 515 uides,
637 463 748 502 mea
792 455 928 514 sunt,
978 456 1024 502 et
1065 449 1289 516 ﬁliarum
1325 465 1551 502 mearum
1578 465 1596 503 :
1625 450 1745 519 quid
1793 453 2009 522 [acaem

425 543 531 596 illis
555 541 723 608 hodie,
757 542 835 596 vel
850 541 1018 612 pueris
1041 542 1124 611 qui
1153 541 1214 594 ab
1235 541 1306 594 eis
1327 551 1441 594 sunt
1467 543 1574 595 nati
1595 542 1620 595 ?
1645 543 1787 607 Scio,
1818 543 2006 612 inquit,

424 635 568 706 quod
597 635 719 689 ﬁliae
740 649 874 689 mea:
903 642 1044 700 sunt,
1073 643 1125 687 et
1152 635 1328 687 omnia
1357 647 1706 703 qumcumque
1736 634 1915 700 habes,
1943 651 2031 690 ex.

425 726 720 782 substantia
754 739 869 778 mea
899 732 1257 778 accesserunt.
1293 723 1431 788 Quid
1468 724 1626 793 igitur
1667 728 1884 795 facerem
1908 725 2009 779 illis

429 819 594 886 hodie,
625 816 704 871 vel
729 817 897 887 pueris
924 817 1010 888 qui
1038 817 1099 869 ab
1124 818 1195 871 eis
1224 815 1367 870 nati?
1392 817 1480 871 44.
1514 815 1668 870 Nunc
1690 818 1846 887 igitur
1874 818 2004 883 veni,

424 919 472 962 et
502 910 729 963 ineamus
757 908 920 978 [tedas
946 924 1037 978 ego
1067 917 1112 961 et
1141 917 1216 974 tu,
1244 917 1291 960 et
1316 908 1410 961 erit
1437 907 1490 960 in
1519 908 1850 960 testimonium
1877 909 2007 962 inter

424 1017 504 1053 me
531 1009 578 1054 et
617 1007 681 1052 te.
710 999 890 1063 Pacta,
915 999 1104 1068 inquit,
1136 998 1409 1066 faciamus,
1444 997 1511 1052 Et
1531 1009 1675 1052 erunt
1702 1000 1756 1052 in
1784 1000 2005 1054 testimo-

422 1090 562 1143 nium
590 1091 722 1142 inter
753 1106 831 1143 nte
859 1097 903 1143 et
934 1097 980 1142 te
1010 1105 1028 1142 :
1055 1089 1373 1159 injudicium
1397 1098 1450 1144 et
1472 1089 2001 1145 demonstrationem.

423 1179 567 1234 Dixit
595 1190 771 1234 autem
799 1180 848 1234 ei
881 1197 894 1233 :
940 1179 994 1234 Si
1033 1181 1151 1249 quis
1197 1179 1496 1249 transgredi
1525 1182 1861 1234 attentavcrit
1886 1195 2004 1250 qua:

421 1287 564 1325 nunc
594 1285 625 1326 a
652 1271 804 1326 nobis
828 1279 951 1326 sunt
974 1271 1244 1341 proposita
1289 1290 1300 1326 :
1349 1270 1480 1326 Ecce
1520 1271 1694 1326 nullus
1721 1272 1999 1340 nobiscum,

421 1361 560 1416 Deus
586 1371 753 1416 autem
779 1363 915 1416 testis
941 1365 1070 1416 inter
1098 1378 1176 1415 me
1200 1371 1244 1416 et
1274 1371 1340 1416 te.

493 1452 546 1507 8.
588 1451 879 1507 Considera
921 1449 1188 1521 quomodo
1232 1450 1484 1520 paulatim
1523 1461 1575 1506 et
1601 1451 1778 1506 Laban
1810 1452 1876 1507 ad
1907 1467 2002 1508 co-

420 1545 712 1614 gnitionem
760 1544 856 1598 Dei
898 1542 1127 1598 ducitur.
1184 1541 1315 1597 Nam
1345 1544 1434 1612 qui
1460 1552 1581 1598 ante
1611 1543 1714 1598 hoc
1749 1545 2004 1613 arguebat

419 1639 615 1707 justum
646 1639 712 1694 de
743 1639 882 1693 furto
909 1638 1131 1694 deorum
1163 1654 1400 1703 suorum,
1452 1648 1506 1694 et
1539 1647 1738 1694 tantam
1786 1648 2002 1708 propter

418 1746 512 1786 eos
539 1731 917 1786 scrutationem
956 1731 1200 1798 faciebat,
1251 1746 1394 1786 nunc
1424 1732 1630 1801 inquit:
1661 1731 1794 1800 Quia
1824 1731 2002 1785 nullus

417 1832 498 1878 est
541 1822 682 1878 inter
725 1838 844 1890 nos,
887 1823 976 1894 qui
1005 1824 1190 1894 possit,
1247 1824 1290 1878 si
1337 1823 1462 1893 quid
1505 1824 1724 1894 posthac
1750 1831 1999 1877 novatum

416 1913 594 1978 fuerit,
635 1914 786 1969 testis
811 1928 931 1969 esse
956 1913 1175 1970 ftederis
1203 1915 1393 1981 nostri,
1428 1914 1569 1970 Deus
1592 1914 1744 1970 testis
1768 1915 1836 1969 sit
1862 1914 2002 1968 inter

416 2020 501 2060 me
529 2015 584 2061 et
628 2016 696 2061 te.
745 2005 861 2074 ille,
878 2007 1067 2078 inquit,
1107 2006 1280 2072 adest,
1306 2007 1396 2077 qui
1424 2007 1602 2062 omnia
1630 2007 1794 2073 videt,
1840 2020 1999 2076 quem

415 2098 545 2154 nihil
573 2101 741 2157 latere
767 2109 964 2172 potest,
1008 2101 1099 2170 qui
1127 2100 1540 2170 uniuscujusque
1566 2108 1798 2154 mentem
1833 2113 1999 2169 agno-

416 2191 534 2245 scit.
559 2192 648 2247 45.
700 2192 918 2247 Sumens
958 2201 1146 2258 autem,
1199 2192 1388 2261 inquit,
1433 2190 1594 2244 Jacob
1621 2191 1775 2246 erexit
1801 2191 2000 2244 colum-

416 2298 553 2346 nant,
601 2292 648 2335 et
686 2283 800 2352 fecit
827 2283 1006 2336 collem
1028 2283 1064 2348 ί,
1098 2291 1144 2336 et
1171 2281 1493 2336 comederunt
1511 2297 1660 2352 super
1677 2282 1873 2335 collem.
1907 2281 1998 2335 47.

416 2371 486 2424 Et
526 2372 656 2426 dixit
701 2373 743 2426 ei
784 2371 962 2426 Laban
1007 2389 1025 2426 :
1071 2372 1226 2428 Collis
1254 2373 1333 2426 hic
1363 2381 1572 2427 testatur
1605 2373 1733 2426 inter
1757 2388 1836 2426 me
1858 2380 1906 2426 et
1931 2381 1997 2425 te.

416 2462 553 2528 Quid
582 2471 681 2528 est,
721 2462 879 2519 Collis
903 2463 1028 2518 hic?
1077 2462 1134 2517 Id
1159 2473 1262 2528 est,
1315 2462 1485 2518 Verba
1515 2477 1634 2531 qua:
1660 2461 1791 2516 ﬁunt
1815 2460 1867 2515 in
1898 2460 2001 2516 hoc

415 2554 551 2608 colle
573 2555 828 2608 memoria
853 2562 1105 2623 perpetua
1132 2553 1286 2608 nobis
1315 2561 1488 2608 erunt.
1517 2551 1582 2604 Et
1603 2553 1794 2606 vocavit
1819 2566 2000 2605 nomen

417 2647 530 2712 eius
559 2646 674 2713 loci,
709 2646 867 2703 Collis
897 2645 1187 2699 testimonii.
1235 2643 1433 2698 Deinde
1457 2643 1628 2712 inquit
1659 2661 1672 2697 :
1705 2643 1794 2698 49.
1847 2642 1998 2712 Aspi-

415 2745 512 2796 ciat
548 2741 687 2796 Deus
727 2741 857 2794 inter
888 2755 966 2792 nte
1000 2749 1048 2792 et
1080 2747 1145 2792 te.
1198 2736 1428 2792 Attende
1470 2735 1738 2806 quomodo
1786 2751 1997 2806 ptenam

413 2835 604 2888 iterum
647 2846 675 2884 a
721 2830 832 2885 Deo
871 2829 1188 2899 deprecatur
1229 2827 1431 2882 Laban.
1486 2828 1750 2898 Aspiciat,
1807 2827 1996 2897 inquit,

413 2924 552 2978 Deus
576 2923 705 2976 inter
716 2937 797 2976 me
822 2932 866 2976 et
885 2923 1015 2975 inter
1039 2931 1106 2987 te,
1130 2921 1249 2990 quia
1271 2920 1556 2975 secedemus
1583 2920 1710 2974 alter
1732 2918 1792 2972 ab
1815 2920 1994 2975 altera.

415 3015 586 3080 Nunc,
620 3015 810 3083 inquit,
860 3014 1246 3084 separabimur,
1279 3020 1334 3067 et
1359 3021 1412 3067 tu
1442 3012 1654 3082 quidem
1681 3011 1782 3067 ibis
1804 3013 1854 3065 in
1887 3020 1998 3066 ter-

415 3120 527 3160 ram
547 3104 832 3175 propriam,
854 3119 953 3175 ego
977 3112 1151 3159 autem
1178 3102 1362 3157 redibo
1384 3102 1435 3156 in
1457 3101 1670 3156 domum
1694 3117 1888 3156 meam.
1907 3101 1997 3156 50.

417 3196 477 3252 Si
503 3195 843 3251 huntiliaveris
871 3196 1005 3263 ﬁlias
1031 3211 1187 3258 meas,
1217 3194 1261 3247 si
1286 3193 1536 3262 acceperis
1564 3208 1744 3246 uxores
1766 3193 1833 3245 ad
1863 3191 2000 3259 ﬁlias

415 3305 570 3354 meas,
620 3287 750 3353 vide,
796 3287 969 3341 nullus
1013 3286 1273 3340 nobiscum
1325 3295 1397 3339 est
1447 3285 1534 3356 qui
1589 3284 1789 3350 videat;
1860 3283 1999 3337 Deus

415 3382 571 3436 testis.
616 3378 908 3436 Considera
957 3379 1225 3448 quomodo
1278 3376 1443 3431 semel
1492 3385 1546 3430 et
1597 3376 1789 3430 iterum
1837 3383 1997 3444 atque

415 3472 610 3542 smpius
663 3470 831 3526 Deum
885 3470 936 3524 in
987 3479 1176 3524 testem
1222 3476 1392 3522 vocat.
1447 3466 1579 3534 Quia
1634 3465 1991 3535 providentia,

415 3579 573 3634 quam
631 3569 884 3631 expertus
951 3569 1066 3614 erat
1127 3557 1330 3623 Jacob,
1399 3558 1576 3612 docuit
1637 3571 1757 3611 eum
1825 3571 1994 3625 quan-

415 3663 467 3711 ta
507 3658 650 3707 esset
673 3651 881 3705 Domini
909 3649 1171 3718 potentia,
1203 3657 1256 3702 et
1283 3647 1422 3718 quod
1451 3646 1775 3716 impossibile
1804 3647 1874 3700 sit
1900 3645 1997 3698 ali-

417 3745 540 3814 quid
574 3745 840 3800 occultum
876 3758 994 3798 esse
1022 3743 1176 3796 oculo
1203 3742 1288 3811 qui
1317 3741 1604 3793 dormitare
1631 3739 1832 3807 nequit.
1862 3737 1995 3789 Pro-

421 3842 598 3902 pterea
647 3833 814 3902 inquit
857 3849 870 3885 :
923 3830 1142 3884 Etiamsi
1186 3844 1524 3896 separemur,
1567 3826 1772 3880 etiamsi
1819 3824 1998 3878 nullus

418 3923 553 3977 alius
580 3922 718 3977 adsit
746 3921 837 3992 qui
868 3921 1133 3975 testiﬁcari
1167 3919 1364 3987 possit,
1395 3920 1482 3972 ille
1511 3920 1659 3972 testis
1684 3916 1784 3970 erit
1807 3916 1999 3984 ubique

417 4029 656 4085 praesens
689 4033 701 4068 :
735 4029 830 4082 per
856 4013 1059 4081 singula
1085 4013 1243 4064 verba
1272 4011 1426 4064 docet
1456 4010 1628 4078 ipsum
1659 4009 1818 4063 totius
1845 4015 2000 4062 terra:

423 4121 538 4162 esse
586 4105 882 4160 Dominum.
933 4105 1020 4158 5|.
1072 4103 1138 4156 Et
1181 4103 1308 4155 dixit
1347 4100 1506 4153 Jacob
1537 4117 1555 4153 :
1584 4101 1714 4153 Ecce
1749 4100 1891 4152 collis
1916 4099 2001 4150 ille

439 4207 646 4252 estutur.
689 4196 778 4253 5‘2.
807 4197 1000 4250 Deinde
1029 4196 1206 4249 iterum
1237 4193 1410 4247 Laban
1436 4195 1592 4264 inquit
1621 4210 1639 4246 :
1673 4193 1731 4248 Si
1755 4193 1886 4246 enim
1910 4208 1999 4262 ego

427 4307 520 4344 oon
561 4291 803 4343 transiero
845 4290 914 4342 ad
959 4299 1037 4354 te,
1085 4304 1239 4357 neque
1277 4297 1330 4339 tu
1368 4295 1592 4339 transeas
1619 4284 1686 4337 ad
1718 4301 1795 4338 nte
1820 4283 1998 4337 callent

421 4381 550 4434 hunc
598 4387 643 4434 et
684 4379 965 4433 columnam
1011 4378 1141 4430 hanc
1184 4378 1236 4430 in
1280 4377 1472 4429 malitia
1502 4393 1514 4429 :
1543 4376 1630 4429 55.
1673 4373 1812 4427 Deus
1835 4375 1998 4444 Abra-

419 4475 568 4537 ham,
597 4482 642 4527 et
672 4471 809 4526 Deus
841 4469 1255 4540 Nachorjudicet
1282 4469 1410 4520 inter
1428 4483 1537 4520 nos.
1573 4465 1704 4520 Vide
1733 4463 2000 4533 quomodo

417 4580 538 4618 cum
579 4573 731 4632 patre
773 4573 827 4616 et
865 4576 1024 4614 avum
1072 4574 1224 4613 suum
1265 4559 1565 4627 conjunxit,
1593 4557 1682 4626 qui
1711 4555 1875 4610 frater
1898 4553 2000 4608 fuit

420 4653 768 4723 patriarchas,
818 4651 984 4721 ipsius
1023 4659 1200 4705 autem
1243 4663 1389 4702 avus.
1439 4648 1575 4702 Dens
1619 4648 1906 4710 Abraham,
1953 4654 2001 4698 et

420 4745 558 4799 Deus
607 4744 818 4799 Nachor
850 4743 1045 4813 judicet
1082 4741 1212 4793 inter
1253 4756 1362 4793 nos.
1393 4739 1479 4794 54.
1528 4737 1593 4791 Et
1619 4740 1810 4808 juravit
1838 4739 1996 4792 Jacob

420 4855 510 4909 per
545 4837 771 4890 timorem
799 4833 896 4888 Dei
924 4833 1079 4904 patris
1098 4832 1176 4886 sui
1203 4831 1383 4896 Isaac,
1412 4839 1458 4884 et
1485 4830 1783 4898 sacriﬁcavit
1806 4829 2003 4898 sacrifi-

422 4929 554 4990 cium
580 4929 631 4980 in
663 4935 828 4980 monte
854 4941 872 4978 :
902 4934 947 4978 et
971 4924 1160 4977 vocavit
1189 4925 1372 4992 fratres
1397 4937 1513 4975 suos
1545 4937 1563 4974 :
1592 4930 1637 4973 et
1657 4921 1999 4986 comederunt,

421 5032 466 5073 et
492 5021 755 5084 biberunt,
784 5028 828 5073 et
849 5017 1158 5072 dormierunt
1188 5017 1240 5069 in
1267 5025 1449 5069 monte.
1474 5014 1792 5083 Sacri/ienuit
1809 5015 2004 5082 sacriﬁ-

423 5113 555 5169 cium
591 5111 644 5162 in
674 5117 840 5162 monte
869 5123 888 5161 :
922 5107 1146 5177 gratias,
1179 5106 1376 5176 inquit,
1405 5106 1512 5174 egit
1550 5105 1658 5159 Deo
1687 5104 1755 5160 ob
1793 5120 1854 5159 ea
1885 5118 2004 5173 quae

424 5201 764 5263 acciderant;
807 5198 874 5252 Et
913 5199 1270 5262 comederunt,
1318 5207 1364 5250 et
1407 5198 1660 5264 biberunt,
1703 5208 1748 5251 et
1790 5198 2006 5251 dormie-

427 5304 545 5345 runt
589 5293 642 5345 t'n
690 5301 874 5346 monte.
921 5291 1009 5344 55.
1056 5289 1288 5344 Surrexit
1327 5299 1493 5342 autem
1536 5289 1712 5342 Laban
1754 5305 1930 5354 mane,
1957 5299 2004 5342 et

427 5384 679 5438 osculatus
717 5393 810 5436 est.
831 5383 964 5450 filios
990 5398 1104 5436 suos
1131 5392 1176 5435 et
1205 5382 1339 5449 ﬁlias
1367 5398 1483 5434 suas
1505 5423 1518 5446 ,
1552 5391 1595 5434 et
1623 5381 1868 5434 benediin
1898 5396 2000 5432 eos.

430 5472 494 5527 Et
534 5491 755 5528 reversus
791 5473 967 5527 Laban
996 5474 1115 5527 abiit
1154 5475 1205 5526 in
1231 5474 1393 5528 locum
1420 5490 1583 5526 suum.
1621 5473 1843 5538 Vidisti,
1874 5472 2003 5525 dile-

494 5609 509 5638 ¹
547 5612 599 5656 Et
623 5607 733 5670 fecit
757 5607 940 5658 collem.
982 5616 1090 5657 Haec
1123 5607 1338 5670 pluribus
1376 5615 1630 5657 narrantur
1649 5612 1696 5658 in
1722 5617 1858 5662 textu
1885 5617 2005 5664 Scri‘

430 5674 599 5740 plura),
621 5671 700 5717 ubi
727 5671 897 5718 dicitur
921 5670 1062 5718 Jacob
1098 5673 1389 5740 “incepisse
1416 5671 1644 5740 fratribus
1682 5675 1782 5723 διιίο
1809 5684 1858 5724 ut
1884 5675 2004 5740 lapi-

437 5735 521 5781 des
539 5741 892 5790 coacervarem,
921 5744 1080 5796 exque
1108 5737 1163 5780 iis
1179 5731 1350 5782 collem
1367 5732 1690 5783 constituisse.

1418 331 1482 388 IN
1511 331 1660 390 CAP.
1686 333 1900 390 XXXII.
1926 335 2168 395 GENES.
2212 341 2438 402 IIOMIL.
2481 348 2661 406 LVIII.

2119 465 2236 524 cte,
2279 472 2474 530 quanta
2523 465 2617 521 Dei
2663 468 2954 539 sapientia,
3000 478 3266 544 quomodo
3311 495 3415 535 uno
3457 483 3594 539 facto
3634 497 3688 545 ct

2115 562 2264 604 suam
2305 567 2428 621 erga
2461 555 2660 624 justum
2698 558 2984 616 declaravit
3019 567 3435 637 providentiam,
3457 582 3512 627 et
3538 575 3688 632 illum

2115 641 2201 735 ab
2222 643 2475 712 injustitia
2503 648 2752 716 abduxit,
2783 661 2837 708 et
2866 654 2918 708 in
2947 655 3137 714 divina:
3165 660 3362 716 notitiae
3389 665 3527 732 viam
3553 682 3687 735 pau-

2114 731 2260 786 latim
2288 735 2499 790 iuduxit
2527 738 2825 810 Labanum,
2855 744 3245 804 interminando
3265 752 3312 804 ei
3337 768 3404 808 ne
3421 731 3686 823 quidmali

2112 831 2298 877 contra
2323 825 2491 882 .lacob
2516 830 2850 899 loqueretur:
2869 844 2924 889 et-
2947 838 3036 906 qui
3063 842 3214 908 quasi
3235 840 3345 896 fera
3374 848 3686 903 accurrebat

2111 923 2165 967 et
2192 919 2647 985 comprehendere
2678 931 2836 994 atque
2877 927 3176 985 interﬁcere
3225 933 3468 1001 volebat,
3493 936 3688 992 desiuit

2111 1007 2165 1062 in
2189 1007 2557 1064 defensionem
2578 1053 2594 1077 ,
2625 1021 2680 1068 et
2708 1014 2760 1068 in
2791 1015 3020 1073 ﬁliorum
3052 1020 3382 1092 ﬁliorumque
3407 1025 3686 1081 deoscula-

2110 1099 2342 1166 tionem,
2386 1111 2441 1156 et
2480 1104 2558 1157 sic
2585 1103 2799 1159 domum
2829 1107 3003 1164 redit?
3040 1111 3199 1168 Forte
3219 1115 3481 1182 prolixius
3507 1131 3688 1172 sermo

2107 1204 2168 1245 se
2208 1191 2475 1258 extendit,
2521 1194 2614 1249 sed
2657 1196 2910 1266 ignoscite
2941 1215 2954 1252 :
2983 1215 3086 1254 non
3131 1202 3230 1258 hoc
3255 1215 3443 1273 sponte
3469 1207 3688 1262 admisi-

2106 1293 2228 1334 mus
2251 1321 2266 1345 ,
2302 1281 2396 1336 sed
2423 1283 2596 1353 coegit
2623 1300 2721 1340 nos
2743 1286 2977 1341 historia:
3005 1291 3158 1345 ratio.

2178 1371 2392 1428 Moralis
2430 1375 2728 1430 exhortatio.
2775 1409 2848 1419 —
2885 1379 3009 1435 Ideo
3054 1381 3138 1436 hic
3176 1383 3394 1439 missum
3426 1385 3680 1442 facientes

2106 1476 2407 1518 sermonem
2435 1506 2449 1530 ,
2487 1480 2703 1522 oramus
2727 1478 2957 1524 vestram
2983 1473 3256 1528 caritatem
3275 1514 3292 1542 ,
3324 1484 3380 1529 ut
3404 1478 3579 1531 omnia
3607 1477 3683 1530 fa-

2104 1553 2305 1609 ciamus
2345 1566 2396 1610 et
2439 1565 2754 1626 tractemus,
2800 1575 2907 1630 quo
2943 1578 3226 1631 supernam
3254 1565 3406 1620 nobis
3427 1567 3680 1621 concilie-

2106 1660 2222 1698 mus
2269 1644 2716 1702 benevolentiam.
2757 1648 2886 1703 Nam
2913 1651 2958 1704 si
2995 1652 3160 1706 Deum
3188 1653 3524 1710 habuerimus
3547 1657 3680 1709 ami-

2104 1749 2226 1789 cum
2250 1778 2264 1800 ,
2291 1738 2468 1791 omnia
2497 1739 2648 1794 nobis
2679 1739 2848 1794 facilia
2876 1751 3032 1796 erunt
3059 1760 3072 1796 :
3101 1752 3155 1797 et
3183 1743 3312 1798 nihil
3338 1760 3434 1800 nos
3461 1745 3513 1799 in
3543 1761 3679 1814 prat-

2104 1826 2244 1880 senti
2285 1827 2390 1880 vita
2435 1829 2749 1885 contristare
2794 1831 3022 1898 poterit,
3060 1833 3302 1902 quamvis
3331 1833 3678 1904 injucundum

2102 1929 2224 1970 esse
2250 1917 2509 1970 videatur.
2558 1917 2726 1972 Tanta
2755 1921 2896 1974 enim
2928 1921 3045 1990 ejus
3074 1924 3282 1978 virtutis
3305 1933 3390 1979 est
3413 1926 3678 1980 excellen-

2105 2007 2211 2071 tia.
2254 2017 2312 2062 ut
2357 2009 2516 2064 etiam
2559 2025 2621 2066 ea
2664 2027 2786 2080 qua:
2824 2013 2990 2068 tristia
3040 2023 3192 2080 sunt,
3231 2016 3462 2086 jucunda
3505 2016 3682 2074 facere

2101 2107 2281 2168 queat.
2305 2098 2394 2155 Sic
2413 2109 2468 2154 et
2495 2100 2689 2157 Paulus
2714 2102 2766 2156 iu
2793 2102 3167 2160 afflictionibus
3195 2107 3456 2162 exsistens
3479 2108 3679 2177 gaude-

2103 2193 2193 2248 bat
2219 2203 2274 2249 et
2302 2193 2601 2249 exsultabat
2619 2197 3017 2266 exspectatione
3043 2199 3399 2266 reposiwmm
3422 2199 3678 2254 bonorum

2101 2285 2366 2342 animatus
2395 2285 2569 2356 (Rom.
2595 2287 2648 2342 5.
2679 2287 2734 2340 2.
2758 2289 2832 2349 '5).
2865 2288 3148 2359 Propterea
3175 2300 3229 2344 et
3255 2289 3509 2358 pr0pheta
3533 2290 3679 2345 dice-

2109 2375 2199 2429 bat
2231 2391 2244 2426 :
2277 2373 2344 2428 In
2369 2376 2632 2446 afﬂictione
2658 2376 2883 2432 dilatasti
2911 2379 3032 2432 mihi
3073 2377 3244 2449 (Psal.
3275 2380 3327 2434 4.
3355 2380 3415 2449 2)
3443 2397 3456 2433 :
3480 2379 3680 2435 docens

2104 2479 2202 2520 nos
2225 2503 2241 2529 ,
2277 2465 2443 2520 Deum
2474 2480 2533 2520 se
2553 2465 2604 2520 in
2641 2466 2753 2536 ipsa
2783 2467 3071 2524 afﬂictione
3097 2469 3322 2525 liberum
3351 2478 3406 2526 et
3427 2471 3680 2540 tranquil-

2102 2556 2213 2611 lum
2259 2556 2626 2612 constituisse.
2673 2557 2857 2612 Talem
2888 2559 3046 2629 igitur
3073 2561 3331 2616 habentes
3363 2561 3640 2616 Dominum
3661 2600 3679 2626 ,

2103 2657 2208 2701 tam
2247 2655 2552 2722 potentem,
2596 2657 2702 2704 tam
2741 2650 3037 2719 sapientem
3060 2691 3078 2718 ,
3128 2659 3338 2722 tamque
3375 2652 3681 2707 misericor-

2099 2739 2253 2806 dem,
2297 2740 2442 2810 quod
2485 2751 2724 2796 nostrum
2764 2751 2848 2798 est
2881 2742 3197 2808 afferamus,
3227 2743 3540 2813 virtutisque
3565 2758 3679 2797 ma-

2103 2847 2260 2902 gnam
2290 2833 2583 2888 habeamus
2611 2835 2870 2890 rationem
2891 2876 2907 2902 ,
2939 2844 2996 2890 ut
3025 2851 3131 2890 non
3161 2837 3332 2890 solum
3360 2836 3635 2904 praesentia
3661 2876 3677 2899 ,

2101 2923 2197 2981 sed
2237 2932 2292 2979 et
2325 2923 2500 2979 futura
2542 2925 2680 2981 bona
2717 2921 3135 2997 consequamur,
3163 2929 3330 2998 gratia
3357 2938 3412 2982 et
3436 2927 3680 2997 benigni-

2102 3023 2209 3069 tate
2237 3014 2441 3069 Domini
2470 3016 2637 3070 nostri
2664 3015 2790 3072 Jesu
2815 3017 3046 3083 Christi,
3072 3032 3192 3071 cum
3221 3032 3328 3087 quo
3351 3016 3494 3072 Patri
3521 3017 3676 3071 simul

2100 3115 2155 3162 et
2200 3105 2420 3176 Spiritui
2468 3118 2653 3163 sancto
2694 3109 2764 3162 sit
2807 3109 3010 3179 gloria,
3060 3107 3340 3178 imperium
3375 3149 3391 3176 ,
3435 3123 3577 3164 nunc
3621 3117 3678 3164 et

2100 3213 2312 3268 semper
2329 3239 2344 3264 ,
2377 3207 2431 3254 et
2453 3199 2508 3254 in
2537 3200 2731 3255 sarcula
2756 3199 3092 3255 saeculorum.
3115 3199 3309 3254 Amen.

2646 3333 2926 3389 HOMILIA
2961 3334 3141 3390 LVIII.

2104 3471 2164 3526 Et
2187 3474 2388 3528 eleuatis
2416 3472 2575 3527 oculis
2597 3471 2755 3526 Iacob
2786 3471 2908 3525 uidit
2943 3481 3108 3525 castra
3151 3470 3244 3526 Dei
3266 3480 3450 3526 metata
3471 3511 3486 3536 ,
3508 3482 3556 3526 et
3583 3487 3671 3526 oc-

2167 3574 2427 3620 currerunt
2464 3564 2511 3618 ei
2538 3564 2704 3634 angeli
2726 3562 2858 3628 Dei;
2890 3579 3013 3632 quos
3030 3580 3144 3616 cum
3162 3564 3362 3617 vidisset
3385 3604 3401 3630 ,
3431 3563 3558 3617 dixit
3583 3562 3682 3617 Ja-

2169 3659 2260 3710 cob
2303 3673 2322 3711 :
2366 3657 2545 3710 Castra
2570 3655 2663 3708 Dei
2692 3664 2807 3710 sunt
2835 3657 2941 3710 htec
2961 3695 2976 3717 .
3007 3664 3054 3709 et
3076 3656 3346 3725 appellauit
3374 3672 3552 3709 nomen
3577 3656 3674 3710 loci

2169 3749 2306 3802 illius
2325 3788 2340 3813 ,
2367 3748 2544 3800 Castra
2574 3745 2724 3815 (Gen.
2752 3746 2838 3800 52.
2870 3744 3034 3817 1.-2).

2171 3903 2222 3955 1.
2242 3899 2364 3954 Scio
2389 3913 2486 3952 vos
2505 3897 2622 3952 heri
2647 3897 2960 3968 defatigatos
2985 3896 3170 3964 fuisse,
3202 3898 3354 3953 nobis
3381 3914 3679 3956 sermonem

2103 3991 2362 4060 prolixius
2385 3986 2793 4043 extendentibus
2822 4005 2836 4040 :
2869 3989 2963 4041 sed
2991 3987 3133 4042 bono
3161 3997 3332 4043 estote
3353 3990 3528 4043 animo
3552 4006 3566 4054 ;
3598 3991 3681 4044 la-

2102 4082 2202 4136 bor
2245 4089 2424 4135 vester
2471 4095 2577 4133 non
2623 4088 2705 4133 est
2751 4078 2922 4133 inanis
2951 4096 2964 4132 :
2999 4079 3052 4133 iu
3083 4079 3309 4133 Domino
3337 4080 3479 4135 enim
3510 4081 3679 4136 factus

2102 4183 2214 4238 est,
2245 4181 2462 4243 propter
2486 4187 2642 4241 quem
2669 4179 2724 4227 et
2746 4170 2920 4225 brevis
2946 4171 3093 4226 labor
3112 4187 3356 4242 magnam
3378 4175 3679 4229 mercedem

2100 4266 2253 4321 vobis
2295 4265 2549 4318 allaturus
2597 4273 2697 4318 est.
2748 4262 2882 4317 Nam
2927 4263 3048 4318 licet
3094 4279 3288 4334 corpus
3329 4263 3638 4335 fatigaretur
3665 4308 3680 4330 ,

2102 4358 2278 4413 anima
2325 4366 2502 4412 tamen
2548 4357 2717 4426 magis
2752 4353 3184 4412 conﬁrmabatur.
3226 4358 3351 4413 Ideo
3381 4368 3435 4413 et
3461 4360 3573 4428 ipse
3601 4361 3679 4413 vi-

2101 4447 2234 4502 dens
2271 4457 2506 4502 vestrum
2552 4447 2760 4502 fervens
2802 4445 3125 4502 desiderium
3162 4456 3215 4504 et
3244 4449 3511 4518 studium,
3537 4450 3679 4504 vole-

2102 4537 2222 4592 bam
2251 4537 2567 4592 contrahere
2596 4537 2852 4592 doctrinas
2885 4552 3226 4603 sermonem;
3263 4540 3356 4594 sed
3398 4548 3679 4608 antequam

2105 4629 2350 4684 ﬁniretur
2393 4629 2646 4694 historia,
2700 4628 2882 4695 nolui,
2923 4630 3098 4684 sciens
3143 4645 3228 4684 me
3269 4630 3422 4684 vobis
3464 4631 3563 4685 hac
3595 4647 3677 4684 ra-

2105 4711 2251 4778 tione
2292 4723 2458 4792 magis
2484 4721 2918 4792 gratiﬁcaturum.
2947 4721 3226 4775 Multitudo
3249 4722 3392 4775 enim
3417 4721 3680 4776 dictorum

2106 4815 2235 4869 satis
2273 4813 2580 4869 declarabat
2622 4811 2947 4882 inexplebile
2988 4819 3220 4867 vestrum
3269 4812 3588 4866 desiderium
3628 4823 3682 4868 et

2107 4906 2338 4960 studium
2381 4905 2629 4961 audiendi
2673 4905 2884 4960 avidum
2933 4922 2947 4958 :
2998 4914 3276 4973 propterea
3318 4914 3372 4960 et
3415 4906 3527 4975 ipse
3562 4921 3682 4962 cum

2109 4999 2297 5066 majori
2339 4997 2613 5052 alacritate
2643 5012 2737 5052 vos
2763 4997 2959 5054 docere
2985 4997 3207 5066 incipio,
3239 4998 3424 5052 videns
3453 5009 3684 5053 vestram

2109 5089 2346 5159 quotidie
2373 5088 2729 5158 appetentiam
2756 5103 3020 5144 crescere.
3048 5089 3160 5159 Age
3190 5098 3246 5144 et
3275 5089 3430 5144 hodie
3456 5105 3574 5159 quae
3604 5105 3690 5145 se-

2108 5188 2340 5251 quuntur
2380 5180 2683 5236 hesternam
2728 5180 3012 5235 lectionem
3053 5195 3150 5250 pro
3177 5181 3312 5234 virili
3353 5190 3532 5234 nostra
3566 5196 3690 5250 per-

2111 5283 2403 5328 tractemus
2420 5315 2434 5339 ,
2465 5282 2778 5327 consuetum
2798 5283 2988 5327 vestra:
3009 5272 3216 5326 caritati
3233 5272 3534 5326 convivium
3564 5286 3690 5340 pro-

2113 5375 2374 5434 ponentcs
2398 5405 2413 5428 ,
2464 5373 2516 5418 et
2543 5364 2844 5430 videamus,
2877 5373 2997 5434 post
3025 5364 3314 5418 discessum
3347 5363 3524 5418 Laban
3554 5379 3687 5432 quo-

2111 5455 2270 5509 modo
2304 5455 2480 5523 justus
2508 5456 2608 5508 iter
2636 5455 2868 5524 arripiat.
2901 5455 3041 5508 Nihil
3071 5455 3210 5509 enim
3241 5469 3690 5524 supervacaneum

2113 5549 2164 5602 in
2205 5549 2384 5601 divina
2430 5549 2698 5616 Scriptura
2738 5549 2967 5618 positum
3012 5557 3132 5615 est,
3177 5547 3275 5602 sed
3313 5549 3488 5600 omnia
3514 5563 3630 5615 qua:
3663 5562 3692 5601 τι

2108 5639 2264 5707 justis
2308 5639 2482 5704 ﬁunt,
2521 5639 2748 5692 maxima
2789 5639 3014 5693 utilitate
3061 5639 3218 5707 plena
3258 5647 3403 5694 sunt.
3431 5636 3691 5705 Quoniam

2117 5730 2255 5785 enim
2292 5728 2658 5792 universorum
2691 5729 2968 5784 Dominum
2997 5733 3246 5786 continuo
3271 5728 3565 5803 habuerunt
3596 5743 3689 5784 co-
