4168 6264
425 327 527 384 507

425 444 606 496 mitem
630 481 646 508 ,
691 447 747 495 et
787 436 995 492 itineris
1035 434 1374 488 difficultates
1416 428 1727 483 reddentem
1779 423 2000 483 faciles,

423 533 649 587 nmltum
693 531 851 585 etiam
892 542 989 582 nos
1025 525 1266 580 utilitatis
1305 538 1374 578 ex
1415 534 1579 591 parvo
1605 534 1790 574 eorum
1817 518 2006 571 itinere

429 632 710 690 pessumus
736 619 1028 687 percipere.
1050 614 1180 669 Nam
1207 621 1483 682 postquam
1507 609 1686 664 Laban
1714 609 1766 661 in
1787 607 2004 661 domum

427 727 579 766 suam
611 710 770 772 abiit,
806 709 859 762 1.
890 707 952 759 Et
971 704 1129 759 Iacob
1157 704 1291 756 viam
1313 717 1459 756 suam
1495 697 1748 770 perrexit,
1776 706 1822 751 et
1843 697 2006 750 eleva-

430 804 495 856 tis
517 802 676 856 oculis
703 801 822 854 vidit
849 807 1012 852 castra
1037 796 1134 850 Dei
1159 801 1526 850 castrametata
1557 807 1661 846 esse
1683 830 1697 855 ,
1717 798 1764 843 et
1781 803 2009 843 occurre-

431 903 552 950 runt
590 893 637 946 ei
669 890 835 962 angeli
874 889 968 943 Dei
997 888 1186 958 (Caput
1210 887 1322 955 32).
1345 886 1630 954 Postquam
1661 882 1804 938 enim
1829 895 2008 935 cessa-

431 984 546 1048 vit,
585 991 640 1036 et
683 982 842 1035 finem
891 979 1075 1034 habuit
1118 979 1278 1032 timor
1300 975 1500 1030 Laban-i
1523 1015 1538 1040 ,
1565 972 1777 1042 excepit
1799 985 1919 1026 eum
1944 971 2012 1024 ti-

433 1090 554 1129 mor
586 1073 766 1128 fratris
805 1091 819 1126 :
862 1084 1080 1142 prepter
1109 1071 1210 1125 hoc
1233 1070 1468 1123 clemens
1494 1068 1750 1121 Dominus
1774 1064 2012 1120 animare

435 1167 632 1235 justum
657 1165 842 1218 volens
861 1205 875 1226 ,
908 1173 963 1217 et
981 1176 1192 1216 onmem
1212 1160 1328 1229 ejus
1353 1168 1551 1214 metum
1570 1157 1861 1222 discutere,
1892 1156 2015 1210 fecit

438 1266 496 1310 ut
521 1255 829 1324 angelorum
846 1253 1052 1308 videret
1076 1261 1267 1306 castra.
1299 1248 1798 1312 Occurreruntenim,
1823 1247 2012 1317 inquit,

439 1346 485 1398 ei
507 1347 673 1416 angeli
692 1343 808 1399 Dei.
833 1343 888 1397 9..
914 1343 979 1397 Et
999 1345 1127 1398 dixit
1145 1342 1326 1408 Iacob,
1351 1353 1518 1396 castra
1537 1341 1635 1395 Dei
1653 1351 1770 1396 sunt
1793 1341 1920 1394 haec.
1946 1339 2015 1392 Et

440 1437 631 1488 vocavit
660 1450 837 1487 nomen
863 1435 960 1487 loci
986 1435 1093 1506 ejus
1110 1475 1124 1498 ,
1158 1432 1336 1488 Castra
1357 1448 1376 1487 :
1403 1443 1460 1487 ut
1484 1448 1546 1487 ex
1578 1446 1640 1487 ea
1665 1430 2019 1500 appellatione

447 1535 701 1594 perpetua
729 1535 972 1580 maneret
994 1525 1246 1579 memoria
1266 1523 1486 1579 visionis
1512 1539 1630 1592 quae
1650 1522 1761 1577 illic
1779 1521 1828 1577 ei
1850 1521 2021 1576 conti-

444 1625 616 1686 gerat.
647 1616 846 1671 Deinde
862 1625 979 1685 post
993 1616 1248 1672 visionem
1273 1616 1427 1680 hanc,
1446 1615 1500 1670 5.
1524 1613 1684 1677 Misit,
1705 1613 2022 1682 inquit,ante

445 1724 499 1760 se
527 1709 726 1760 nuntios
752 1707 820 1759 ad
858 1706 998 1760 Esau
1025 1706 1232 1774 fratrem
1257 1722 1422 1770 suum,
1451 1714 1496 1759 et
1520 1704 1775 1757 mandavit
1813 1703 1882 1756 eis
1903 1744 1919 1770 ,
1939 1703 2022 1756 di-

447 1798 679 1853 cens:Sic
693 1798 866 1851 dicetis
885 1797 1086 1850 domino
1114 1813 1222 1849 meo
1245 1794 1543 1850 EsaﬁNide
1560 1803 1613 1848 et
1627 1802 1745 1862 post
1765 1792 2023 1846 visionem

446 1899 678 1957 quantus
705 1888 881 1942 adhuc
909 1888 1067 1941 timor
1097 1886 1314 1955 urgebat
1336 1885 1556 1954 justum.
1596 1882 1840 1938 Timebat
1879 1881 2022 1938 enim

448 1978 628 2031 fratris
651 1978 977 2044 violentiam,
1006 1985 1061 2032 et
1091 1977 1383 2046 angebatur
1415 1975 1614 2041 animo,
1656 1991 1724 2029 ne
1750 1973 1884 2028 forte
1910 1988 2024 2028 me-

448 2069 615 2121 moria
638 2083 822 2122 eorum
847 2084 966 2138 quae
993 2069 1118 2123 olim
1147 2068 1281 2122 facta
1308 2077 1432 2122 sunt
1457 2067 1759 2137 impelleret
1784 2067 1929 2120 illum
1959 2064 2026 2119 ad

451 2159 690 2212 insidias.
736 2159 792 2212 4.
820 2158 1005 2222 Dicite,
1036 2159 1225 2229 inquit,
1257 2159 1460 2212 domino
1484 2175 1595 2212 meo
1625 2157 1764 2212 Esau
1791 2173 1809 2210 :
1833 2157 1924 2212 Sic
1945 2157 2028 2210 di-

451 2252 518 2302 cit
565 2265 735 2304 servus
769 2259 883 2304 tuus
910 2249 1069 2304 Iacob
1108 2268 1128 2304 :
1159 2249 1465 2320 Peregrinus
1496 2250 1570 2319 fui
1601 2265 1716 2302 cum
1757 2247 1954 2313 Laban,
1984 2256 2031 2300 et

455 2343 605 2410 longo
645 2351 866 2410 tempore
906 2342 974 2394 ibi
1001 2351 1226 2394 moratus
1251 2357 1362 2394 sum
1390 2355 1546 2408 usque
1571 2355 1722 2402 nunc,
1754 2339 1807 2392 5.
1839 2347 1884 2390 et
1913 2354 2034 2390 con-

458 2433 674 2501 tigerunt
698 2432 821 2484 mihi
849 2431 1012 2496 boves,
1038 2441 1086 2484 et
1113 2431 1288 2495 asinw,
1319 2439 1366 2482 et
1395 2445 1527 2491 oves,
1560 2438 1606 2480 et
1632 2428 1775 2491 servi,
1802 2437 1847 2480 et
1867 2427 2031 2479 ancil-

458 2525 540 2586 ιω,
563 2531 609 2575 et
651 2523 764 2574 misi
806 2532 860 2574 ut
887 2522 1271 2575 annuntiaretur
1296 2520 1498 2573 domino
1539 2533 1649 2570 meo
1677 2516 1838 2580 Esau,
1869 2526 1921 2569 ut
1948 2518 2031 2570 in-

458 2613 622 2666 veniat
647 2629 770 2682 puer
797 2623 910 2666 tuus
947 2613 1163 2682 gratiam
1192 2627 1362 2663 coram
1390 2622 1455 2664 te.
1506 2609 1733 2664 Attende
1769 2609 2035 2678 quomodo

467 2705 654 2757 timeat
689 2703 904 2756 fratrem
935 2719 948 2755 :
979 2711 1034 2756 et
1081 2710 1356 2771 propterea
1408 2701 1620 2770 placare
1667 2715 1788 2754 eum
1827 2700 2032 2766 volens,

467 2794 752 2862 praemittat
775 2792 1076 2861 signiﬁcans
1101 2795 1150 2848 ei
1180 2802 1234 2848 et
1267 2793 1492 2848 reditum
1522 2807 1673 2848 suum
1701 2801 1756 2847 et
1781 2792 2030 2846 substan-

463 2883 589 2936 tiam
607 2899 724 2953 quae
752 2883 851 2938 sibi
879 2884 1192 2953 contigerat,
1220 2893 1275 2938 et
1302 2884 1392 2938 ubi
1421 2893 1565 2937 tanto
1593 2889 1833 2952 tempore
1857 2897 2036 2936 mora-

466 2985 552 3028 tus
581 2974 756 3041 fuerit,
789 2984 847 3028 ut
873 2975 1080 3043 placato
1103 2977 1217 3043 ejus
1243 2974 1422 3028 furore
1460 2975 1781 3028 clementem
1812 2972 2037 3028 reddere

465 3069 676 3136 possit:
720 3068 772 3121 id
819 3067 961 3136 quod
999 3078 1052 3122 et
1108 3066 1304 3122 factum
1353 3074 1460 3132 est,
1497 3067 1605 3122 Deo
1657 3081 1749 3120 cor
1782 3066 1923 3120 illius
1947 3065 2039 3121 de-

466 3159 750 3224 mulcente,
775 3167 829 3212 et
854 3159 998 3212 illum
1026 3157 1352 3212 tractabilem
1383 3158 1645 3212 exstincta
1667 3157 1744 3211 ira
1783 3156 2030 3211 faciente.

466 3251 597 3304 Nam
625 3251 668 3303 si
697 3251 966 3304 Labanum
993 3250 1082 3319 qui
1127 3257 1268 3303 tanta
1302 3249 1656 3303 concitatione
1683 3248 2039 3316 persequeba-

471 3352 575 3405 tur,
623 3341 880 3394 deterruit
909 3356 1002 3408 per
1038 3355 1099 3394 ea
1128 3354 1246 3408 quae
1285 3337 1351 3391 ad
1384 3336 1555 3406 ipsum
1583 3337 1792 3391 dicebat
1825 3357 1838 3391 :
1871 3336 2040 3388 multo

468 3432 636 3499 magis
661 3431 875 3484 fratrem
903 3429 1309 3483 mansuetiorem
1339 3443 1464 3496 erga
1479 3427 1679 3496 justum
1711 3425 1958 3479 reddidit.
1983 3424 2039 3480 6.

473 3521 676 3576 Reversi
697 3529 812 3573 sunt
831 3530 1021 3584 autem,
1045 3519 1234 3588 inquit,
1265 3519 1484 3570 dicentes
1504 3533 1523 3570 :
1557 3515 1790 3570 Venimus
1832 3517 1900 3570 ad
1922 3516 2038 3584 fra-

478 3622 604 3662 trem
624 3620 783 3674 tuum,
813 3620 858 3661 et
895 3609 1026 3661 venit
1057 3609 1111 3661 in
1147 3622 1408 3661 occursum
1429 3617 1586 3672 tuum,
1612 3615 1658 3660 et
1693 3607 2042 3678 quadringenti

471 3701 563 3754 viri
589 3717 702 3753 cum
721 3715 797 3753 eo.
818 3699 949 3753 Vide
963 3699 1228 3769 quomodo
1243 3709 1296 3754 et
1322 3699 1459 3753 istud
1481 3699 1650 3768 ipsum
1670 3710 1825 3768 auget
1839 3711 2038 3754 metum

471 3792 620 3861 justi.
651 3791 834 3861 Neque
877 3792 1016 3846 enim
1044 3791 1245 3846 sciebat
1263 3790 1536 3845 evidenter
1557 3799 1788 3846 mentem
1817 3791 1997 3846 fratris
2025 3809 2039 3846 :

471 3883 562 3937 sed
583 3893 635 3937 ut
655 3882 835 3936 didicit
858 3882 1243 3937 multitudinem
1261 3881 1580 3936 venientium
1598 3897 1718 3936 cum
1735 3881 1844 3948 illo,
1864 3881 2045 3937 formi-

473 3974 636 4037 davit,
664 3975 937 4043 suSpieans
963 3990 1030 4030 ne
1051 3976 1198 4044 quasi
1223 3975 1276 4028 in
1297 3974 1495 4029 bellum
1519 3984 1703 4030 contra
1728 3989 1786 4029 se
1813 3975 2040 4041 veniret,

479 4074 534 4120 et
561 4065 629 4118 ita
658 4064 817 4119 vellet
838 4079 1139 4118 occurrere.
1167 4065 1219 4117 7.
1249 4061 1435 4116 Timuit
1464 4063 1628 4129 enim,
1653 4063 1840 4132 inquit,
1861 4063 2041 4131 Iacob,

473 4165 522 4208 et
549 4155 814 4223 perplexus
851 4165 976 4207 erat.
1019 4153 1268 4207 Formido
1297 4161 1529 4207 mentem
1565 4153 1682 4219 ejus
1715 4153 2043 4220 turbaverat,

475 4256 531 4299 et
579 4247 851 4300 nesciebat
901 4247 1026 4315 quid
1079 4247 1296 4312 faceret,
1342 4245 1435 4300 sed
1478 4245 1670 4299 mansit
1711 4245 2040 4314 perplexus:

473 4345 757 4406 propterea
798 4336 970 4390 timuit
997 4336 1148 4405 quasi
1177 4336 1245 4390 de
1265 4336 1434 4390 salute
1465 4351 1580 4401 sua,
1612 4345 1902 4390 etmortem
1925 4346 2046 4392 ante

475 4427 660 4481 oculos
710 4427 930 4481 habens.
965 4426 1142 4480 Divisit
1167 4438 1334 4479 autent
1373 4428 1426 4480 in
1462 4428 1588 4479 duas
1621 4437 1812 4479 turmas
1850 4443 2046 4481 onmem

478 4517 723 4586 populum
748 4519 836 4589 qui
871 4534 1039 4573 secum
1083 4527 1208 4571 erat.
1235 4518 1287 4571 8.
1313 4516 1452 4570 Dixit
1477 4517 1628 4582 enim,
1669 4516 1728 4570 Si
1769 4516 2046 4574 veneritad

480 4620 698 4663 turmam
729 4626 902 4677 unam,
943 4619 990 4663 et
1032 4610 1333 4680 percusserit
1375 4625 1507 4676 eam,
1550 4609 1645 4662 erit
1675 4609 1839 4660 adhuc
1865 4610 2044 4676 altera,

476 4717 588 4771 qua!
615 4701 906 4756 salvabitur.
937 4701 1080 4754 Talia
1111 4700 1459 4770 suggerebant
1493 4699 1542 4754 ei
1574 4698 1732 4752 timor
1775 4707 1829 4753 et
1857 4715 2044 4769 magna

478 4792 722 4846 formido.
755 4792 954 4846 Videns
984 4801 1157 4845 autem
1189 4806 1247 4844 se
1289 4790 1436 4860 quasi
1478 4789 1529 4843 in
1563 4791 1662 4844 reti
1693 4790 2045 4859 comprehen-

479 4896 617 4944 sum,
646 4882 710 4934 ad
741 4881 988 4936 invictum
1023 4881 1298 4935 Dominum
1312 4878 1562 4947 confugit,
1594 4887 1648 4932 et
1673 4881 2048 4947 promissiones

480 4989 598 5042 qua:
623 4973 670 5026 ei
699 4971 849 5025 facta:
891 4980 1044 5026 erant
1063 4974 1252 5040 repetit
1279 4971 1352 5024 ab'
1379 4971 1612 5024 omnium
1641 4971 1765 5036 Deo,
1803 4972 1951 5040 quasi
1977 4971 2051 5026 dio

481 5076 609 5115 cens
650 5061 717 5115 ad
765 5077 886 5116 eum
920 5079 935 5116 :
974 5062 1123 5115 Nunc
1149 5063 1292 5115 venit
1317 5070 1522 5130 tempus
1556 5061 1606 5114 in
1623 5076 1729 5130 quo
1756 5071 1809 5115 et
1835 5072 2049 5131 propter

487 5153 957 5222 primogenitorum
987 5152 1234 5205 virtutem
1263 5192 1278 5214 ,
1309 5160 1362 5204 et
1397 5159 1614 5218 propter
1644 5152 2047 5219 promissionem

482 5259 600 5312 qua:
629 5259 659 5297 a
687 5251 738 5298 te
768 5245 902 5296 facta
931 5252 1013 5296 est
1046 5241 1197 5306 mihi,
1227 5241 1414 5310 dignus
1447 5239 1641 5294 habear
1666 5241 1756 5311 qui
1784 5251 1874 5296 tuo
1901 5243 2050 5310 adju-

486 5348 581 5386 ver
623 5333 886 5400 prmsidio.
918 5332 975 5389 9.
1021 5331 1164 5385 Dixit
1197 5333 1337 5384 enim
1363 5331 1521 5386 Iacob
1551 5350 1568 5387 :
1598 5331 1735 5387 Deus
1764 5334 1919 5400 patris
1954 5335 2049 5386 mei

483 5424 759 5490 Abraham,
785 5435 829 5476 et
864 5423 1002 5478 Deus
1036 5423 1194 5488 patris
1219 5423 1315 5474 mei
1340 5421 1506 5487 Isaac,
1527 5435 1580 5477 tu
1600 5425 1685 5489 qui
1705 5425 1877 5477 dixisti
1904 5425 2045 5490 mihi,

495 5513 631 5568 Vade
664 5517 716 5568 in
761 5527 943 5569 terram
979 5514 1250 5568 nativitatis
1271 5523 1406 5577 tute;
1449 5515 1536 5582 qui
1567 5516 1793 5568 evocasti
1823 5529 1925 5576 me,
1965 5515 2048 5567 iu-

485 5606 616 5675 quit,
645 5606 710 5661 de
738 5616 875 5660 terra
902 5607 1090 5672 aliena,
1121 5616 1174 5661 et
1205 5604 1499 5675 prwcepisti
1532 5614 1587 5659 ut
1613 5606 1839 5660 redirem
1866 5607 1929 5661 ad
1961 5622 2048 5676 pa-

1133 322 1191 379 S.
1232 318 1508 377 JOANNIS
1550 306 2024 373 CllRYSOSTOMI
2066 307 2385 366 ABCIIIEP.
2424 310 2957 370 CONSTANTINOP.

3571 311 3680 367 508

2117 429 2250 475 trem
2283 437 2478 487 meum,
2520 433 2575 479 et
2599 425 2652 478 in
2681 436 2874 480 terram
2906 423 3230 480 nativitatis:
3260 423 3351 480 10.
3392 422 3533 479 Satis
3553 423 3684 476 mihi

2110 517 2175 568 sit
2201 517 2218 547 ³
2245 515 2308 569 de
2332 517 2472 570 omni
2491 517 2692 586 justitia
2714 527 2759 572 et
2778 519 3004 585 veritate,
3026 534 3178 587 quam
3205 519 3366 588 fecisti
3384 531 3540 586 puero
3570 525 3676 568 tuo.

2113 604 2350 660 Sufficiat
2378 608 2527 674 mihi,
2556 609 2744 678 inquit,
2776 609 2841 663 ad
2871 609 3163 664 subsidium
3193 609 3245 662 in
3271 607 3518 677 praesenti
3539 616 3675 660 tem-

2114 709 2264 764 pore.
2291 695 2390 762 Qui
2421 698 2561 752 enim
2585 714 2750 768 usque
2773 699 2837 754 ad
2851 713 3086 769 praesens
3111 709 3315 769 tempus
3342 705 3539 752 tantam
3560 712 3691 764 erga

2115 800 2203 839 me
2229 785 2506 842 declarasti
2535 788 2941 857 providentiam,
2966 799 3118 858 potes
3143 789 3303 844 etiam
3325 803 3464 842 nunc
3478 786 3687 856 eripere

2117 891 2204 931 me
2235 876 2303 931 ab
2340 879 2646 948 urgentibus
2677 881 2945 950 periculis.
2981 880 3097 935 Non
3126 881 3268 934 enim
3297 881 3516 950 ignoro,
3545 876 3688 947 quod

2119 969 2187 1024 In
2237 971 2331 1024 isto
2367 971 2543 1026 baculo
2576 991 2685 1028 meo
2714 975 2920 1029 transivi
2954 973 3232 1028 Iordanem
3271 989 3291 1028 :
3331 971 3425 1028 sed
3471 978 3686 1040 propter

2120 1069 2262 1115 tuam
2298 1061 2365 1116 de
2389 1079 2475 1118 me
2500 1065 2907 1120 sollicitudinem
2931 1107 2946 1132 ,
2975 1065 3066 1135 qui
3091 1065 3333 1120 baculum
3385 1062 3562 1118 solum
3590 1073 3687 1130 ge-

2122 1161 2272 1208 stans
2303 1154 2441 1207 abivi
2472 1155 2523 1209 in
2543 1164 2738 1210 terram
2766 1157 3014 1222 alienam,
3047 1154 3200 1209 Nunc
3221 1171 3335 1209 cum
3359 1153 3553 1207 duabus
3577 1161 3691 1204 tur-

2122 1243 2218 1296 mis
2239 1243 2436 1297 adveni.
2461 1243 2539 1299 Tu
2564 1245 2741 1314 igitur,
2785 1245 3029 1312 Domine,
3059 1247 3149 1315 qui
3177 1254 3375 1298 tantam
3405 1242 3536 1297 mihi
3561 1240 3694 1295 sub-

2123 1335 2371 1388 stantiam
2419 1335 2637 1404 largitus
2687 1351 2747 1390 es
2778 1377 2794 1402 ,
2833 1337 2920 1406 qui
2950 1346 3150 1391 tantum
3182 1337 3563 1391 incrementum
3600 1331 3694 1385 der

2123 1423 2268 1489 disti,
2299 1439 2440 1479 nunc
2477 1426 2564 1480 11.
2610 1426 2769 1497 Eripe
2808 1444 2886 1480 me
2913 1428 2975 1480 de
3016 1443 3170 1480 manu
3196 1426 3368 1496 fratris
3392 1424 3489 1476 mei
3510 1420 3648 1476 Esat‘t
3676 1436 3698 1474 :

2123 1521 2242 1588 quia
2273 1519 2422 1572 timeo
2460 1536 2550 1591 ego
2571 1536 2703 1583 eum,
2737 1536 2800 1573 ne
2841 1523 2970 1590 forte
3019 1521 3262 1588 percutiat
3295 1533 3393 1582 me,
3416 1525 3462 1570 et
3486 1525 3698 1568 matrem

2126 1625 2239 1663 cum
2280 1611 2466 1678 pueris.
2497 1611 2586 1664 12.
2617 1610 2693 1664 Tu
2713 1611 2886 1665 dixisti
2909 1628 2922 1663 :
2946 1608 3268 1678 Benefaciam
3292 1608 3399 1673 tibi,
3440 1619 3486 1660 et
3514 1620 3726 1675 ponant,

2127 1715 2295 1754 semen
2331 1710 2472 1753 tuum
2499 1701 2626 1753 sicut
2662 1717 2868 1755 arenam
2901 1701 3077 1767 ntaris,
3113 1715 3225 1770 quae
3247 1699 3500 1753 numerari
3527 1696 3693 1766 nequit

2130 1810 2237 1864 pra:
2255 1793 2589 1846 multitudine.

2201 1886 2254 1939 2.
2283 1886 2442 1940 Iacob
2479 1885 2602 1954 petit
2636 1903 2669 1939 a
2701 1882 2810 1940 Deo
2842 1895 2898 1939 ut
2931 1902 3048 1939 suas
3078 1883 3428 1954 promissiones
3455 1881 3705 1949 impleat;

2133 1976 2339 2030 luctatio
2357 1974 2535 2030 Jacobi
2569 1993 2684 2029 cum
2711 1977 2887 2046 angelo
2910 1992 2928 2038 ;
2951 1977 3158 2029 mutatio
3196 1973 3410 2028 nominis
3427 1974 3478 2026 in
3501 1971 3664 2026 Israel
3685 1989 3706 2037 ,°

2133 2087 2224 2124 cur
2251 2071 2473 2124 humana
2498 2071 2663 2141 ﬁgura
2688 2080 2962 2140 appareant
2997 2067 3184 2138 angeli.
3209 2097 3280 2107 --
3308 2066 3440 2120 Vide
3464 2065 3590 2133 justi
3617 2079 3706 2117 re-

2134 2160 2378 2230 ligiosum
2400 2161 2656 2226 animum,
2674 2169 2731 2215 et
2753 2162 2974 2230 probum
3000 2159 3244 2214 affectum
3273 2176 3286 2212 :
3317 2155 3584 2227 quomodo
3601 2169 3714 2209 non

2136 2253 2276 2308 aliud
2309 2254 2588 2307 Dominum
2619 2261 2880 2323 precatur,
2917 2268 3072 2322 quam
3101 2261 3161 2306 ut
3185 2265 3307 2304 suas
3329 2249 3710 2319 promissioncs

2138 2344 2444 2413 adimpleat.
2461 2344 2527 2398 Et
2547 2344 2613 2398 de
2637 2344 2900 2413 prioribus
2916 2342 3149 2396 exhibita
3173 2341 3458 2411 gratiarum
3477 2338 3711 2402 actione,

2138 2436 2514 2506 confessusque
2551 2451 2607 2489 se
2627 2435 2825 2489 nudum
2858 2445 2911 2489 et
2930 2433 3175 2488 omnibus
3194 2432 3500 2486 destitutum
3524 2429 3575 2483 in
3600 2438 3712 2482 tan-

2141 2535 2247 2580 tam
2280 2526 2583 2594 pervenisse
2611 2521 3284 2591 abundantiam,supplicat
3309 2531 3365 2573 ut
3387 2520 3452 2574 dc
3475 2519 3710 2588 periculo

2141 2633 2201 2672 se
2247 2618 2452 2672 liberet.
2503 2616 2685 2670 Dixisti
2726 2618 2890 2678 enim,
2920 2614 3109 2683 inquit,
3139 2612 3338 2666 Ponant
3382 2627 3546 2664 semen
3573 2620 3721 2663 tuum

2142 2708 2270 2760 sicut
2294 2722 2499 2760 arenam
2526 2706 2702 2770 maris,
2729 2721 2841 2774 qua:
2865 2703 3171 2757 dinumerari
3194 2700 3378 2768 nequit.
3398 2699 3532 2753 Cum
3555 2699 3715 2767 igitur

2145 2799 2438 2854 orationem
2468 2812 2617 2850 suam
2640 2796 2705 2851 ad
2737 2797 2903 2850 Deum
2926 2794 3160 2860 fecisset,
3191 2803 3246 2847 et
3273 2792 3710 2861 supplicationem

2145 2901 2358 2960 precum
2389 2888 2686 2954 obtulisset,
2709 2887 2831 2942 facit
2856 2895 2910 2942 et
2937 2901 3087 2940 suum
3105 2885 3358 2938 officium.
3396 2883 3461 2936 Et
3481 2881 3716 2950 acceptis

2143 2984 2474 3046 muneribus,
2515 2983 2703 3052 inquit,
2735 2998 2797 3036 ex
2835 2982 2899 3035 iis
2927 2997 3044 3049 qum
3071 2979 3345 3041 afferebat,
3367 2978 3511 3030 misit
3539 2975 3719 3039 fratri,

2143 3094 2262 3133 eum
2280 3086 2609 3148 segregasset
2624 3091 2740 3146 quae
2758 3075 3111 3136 mitterentur,
3131 3084 3184 3127 et
3200 3071 3444 3126 mandata
3461 3069 3715 3130 dedisset,

2144 3172 2213 3224 ita
2254 3180 2310 3223 ut
2359 3169 2661 3238 placaretur
2685 3168 2840 3221 etiam
2886 3181 2982 3234 per
3011 3165 3168 3219 verba
3199 3163 3407 3216 animus
3435 3161 3630 3222 fratris,
3665 3169 3716 3212 ct

2145 3275 2272 3314 suus
2306 3261 2637 3313 nuntiaretur
2676 3258 2934 3310 adventus
2969 3257 3036 3324 (v.
3083 3255 3168 3307 15.
3199 3283 3228 3294 -
3256 3252 3366 3320 19).
3410 3251 3498 3305 ‘20.
3547 3249 3712 3302 Dicite

2145 3351 2309 3414 enim,
2335 3349 2524 3417 inquit,
2557 3347 2688 3400 Ecce
2712 3363 2835 3414 puer
2863 3357 2978 3399 tuus
3009 3344 3207 3397 advenit
3234 3351 3342 3411 post
3370 3356 3498 3402 nos;
3525 3353 3579 3392 ut
3607 3341 3712 3406 pri-

2146 3454 2288 3492 mum
2307 3438 2615 3492 redderetur
2635 3437 2852 3497 amicus,
2887 3447 2941 3487 et
2958 3445 3080 3487 tunc
3103 3434 3154 3485 in
3179 3432 3365 3485 faciem
3388 3431 3502 3498 ejus
3524 3444 3717 3483 necutr-

2146 3538 2307 3584 reret.
2335 3527 2557 3582 Posthac
2592 3527 2745 3590 enim,
2782 3525 2972 3594 inquit,
3009 3522 3182 3576 videbo
3203 3522 3382 3590 facient
3412 3521 3518 3589 ejus
3544 3535 3562 3572 :
3588 3519 3716 3587 forte

2148 3624 2279 3676 enim
2315 3629 2520 3689 accepta
2558 3619 2650 3672 erit
2694 3619 2738 3670 ei
2777 3617 2930 3688 facies
2969 3632 3098 3667 utea.
3137 3613 3227 3668 9.1.
3262 3612 3325 3666 Et
3364 3609 3717 3664 antecedebant

2149 3713 2282 3767 dona
2323 3709 2596 3764 secundum
2641 3707 2820 3778 faciem
2859 3707 2988 3776 ejus.
3033 3705 3228 3759 Verum
3277 3701 3418 3767 vide,
3471 3703 3718 3763 obsecro,

2149 3802 2468 3859 ineffabilem
2497 3799 2591 3855 Dei
2612 3798 2970 3860 clementiam,
3001 3805 3054 3850 et
3075 3794 3341 3865 quomodo
3357 3807 3567 3861 semper
3589 3806 3720 3844 con-

2149 3910 2280 3964 gruo
2297 3902 2536 3963 tempore
2552 3906 2702 3945 suam
2719 3888 2951 3943 declarat
2965 3885 3370 3956 providentiam.
3387 3883 3519 3939 Nam
3537 3881 3603 3936 de
3620 3881 3693 3935 La
3706 3912 3721 3919 -

2151 3987 2255 4042 ban
2271 3985 2482 4053 quidem
2496 3981 2746 4053 quoniam
2765 3980 2939 4049 justus
2954 3978 3083 4031 nihil
3104 3977 3208 4030 tale
3224 3974 3611 4044 suspicabatur,
3633 3987 3723 4026 ne—

2151 4094 2254 4148 que
2283 4077 2483 4132 sciebat
2509 4075 2782 4129 Labanum
2812 4087 2932 4125 cum
2963 4079 3104 4124 tanta
3129 4070 3179 4124 vi
3211 4068 3458 4122 invadere
3487 4082 3544 4121 se
3564 4066 3722 4132 velle,

2152 4178 2208 4222 ut
2232 4168 2368 4222 clam
2399 4175 2700 4231 susceptum
2736 4161 2804 4215 ab
2829 4176 2888 4215 se
2935 4160 3226 4213 discessum
3253 4159 3613 4218 ulcisceretur,
3643 4154 3724 4207 di-

2151 4267 2295 4312 ctum
2318 4266 2399 4310 est
2417 4256 2723 4325 apparuisse
2738 4252 2980 4321 angelum
3004 4260 3162 4304 noctu
3192 4249 3422 4310 Labano,
3443 4257 3492 4301 et
3519 4261 3725 4315 repres-

2152 4352 2285 4406 sisse
2332 4348 2447 4418 ejus
2499 4348 2774 4415 impetum,
2829 4343 3239 4410 mandatumque
3279 4340 3487 4394 dedisse
3531 4355 3596 4392 ne
3637 4337 3726 4391 vel

2153 4457 2396 4509 aSperum
2425 4439 2642 4492 verbum
2669 4438 2973 4506 loqueretur
2991 4436 3154 4490 Iacob
3178 4450 3191 4486 :
3220 4433 3426 4487 dicebat
3449 4429 3614 4492 enim,
3643 4427 3725 4483 Ne

2154 4531 2373 4600 loquaris
2397 4546 2509 4582 cum
2526 4527 2685 4580 Iacob
2711 4527 2844 4579 mala
2863 4525 3011 4597 (Gen.
3037 4526 3122 4579 5|.
3147 4523 3242 4592 21)
3275 4541 3286 4575 :
3311 4531 3365 4577 et
3393 4523 3492 4574 bne
3522 4521 3590 4574 ita
3618 4519 3725 4572 dis-

2154 4623 2424 4692 pensabat,
2456 4635 2560 4689 quo
2580 4633 2672 4687 per
2692 4617 2828 4670 illius
2848 4615 3079 4684 linguam
3109 4624 3288 4667 notum
3313 4612 3461 4666 fleret
3481 4611 3647 4687 justo,
3667 4616 3725 4661 ut

2155 4711 2418 4768 ﬁdentiori
2449 4719 2593 4764 esset
2621 4707 2799 4760 animo
2825 4717 3097 4774 comperta
3126 4713 3268 4758 tanta
3299 4703 3390 4758 Dei
3430 4703 3482 4756 in
3510 4717 3567 4755 se
3599 4716 3725 4770 pro-

2153 4804 2399 4860 videntia.
2431 4802 2579 4856 Nunc
2608 4808 2805 4864 autem,
2835 4797 2957 4866 quia
2997 4797 3159 4850 frater
3198 4794 3452 4863 temporis
3493 4793 3726 4861 longitu—

2155 4898 2276 4951 dine
2319 4895 2586 4963 mitigatus
2629 4900 2763 4953 erat,
2798 4888 3172 4957 quieveratque
3218 4885 3295 4939 ira
3343 4893 3394 4939 et
3439 4882 3728 4952 indignatio

2155 4997 2339 5044 contra
2368 4985 2528 5040 Jacob
2559 5000 2575 5037 :
2610 4983 2693 5036 hic
2718 4989 2892 5034 autem
2921 4979 3108 5033 anxius
3135 4986 3268 5041 erat,
3301 4978 3490 5030 timens
3523 4985 3578 5030 et
3617 4986 3726 5028 tre-

2156 5093 2307 5133 mens
2349 5076 2522 5129 fratris
2565 5086 2844 5127 occursum
2893 5086 2906 5122 :
2953 5070 3122 5122 bonus
3169 5068 3425 5122 Dominus
3467 5083 3571 5120 non
3617 5066 3734 5134 jant

2156 5167 2300 5222 Esau
2329 5163 2580 5234 prmcipit,
2611 5160 2766 5234 (nihil
2792 5159 2933 5214 enim
2963 5167 3147 5212 contra
3188 5156 3401 5210 fratrem
3431 5155 3727 5209 meditaba-

2156 5258 2286 5326 tur),
2318 5257 2409 5310 scd
2439 5258 2632 5324 justum
2663 5253 2883 5308 solatur.
2910 5250 3040 5304 Nam
3068 5259 3346 5319 postquam
3386 5248 3616 5300 misisset
3642 5244 3727 5299 of-

2158 5348 2386 5402 ferentes
2418 5362 2656 5411 munera,
2683 5355 2739 5400 et
2761 5342 3116 5407 dormivisset,
3143 5339 3232 5394 22.
3263 5337 3496 5393 Surrexit
3515 5337 3566 5388 in
3587 5345 3730 5388 nocte

2155 5441 2267 5506 illa,
2299 5451 2346 5493 ct
2373 5457 2551 5493 uxores
2579 5442 2705 5493 duas
2733 5448 2780 5493 ct
2807 5437 2942 5506 ﬁlios
2969 5435 3243 5488 transmisit
3285 5433 3336 5485 in
3377 5431 3592 5484 transitu
3626 5427 3726 5482 Ia-

2220 5569 2582 5691 ;ﬁJu‘xtaIQOisi.
2611 5569 2872 5632 legendum
2911 5574 3018 5618 est:
3046 5564 3169 5617 Salis
3207 5562 3324 5614 mihi
3355 5568 3452 5619 est,
3475 5567 3527 5610 et
3565 5559 3726 5609 infra:

2271 5647 2313 5684 t‘t
2355 5646 2487 5682 mut.

2156 5646 2331 5688 Sumat
2355 5647 2402 5682 m
2410 5646 2487 5682 ιιιι.
