4168 6264
428 312 533 367 507

425 421 619 492 πορίας
638 420 753 474 ἔστι
773 421 872 492 τὴν
894 421 1158 491 ὠφέλειαν
1179 424 1590 494 καρπώσασθαι.
1625 424 1995 486 ’Δπελθόντος,

424 506 578 574 φησὶ,
613 503 708 557 τοῦ
750 506 934 558 Λάϐαν
975 507 1053 567 εἰς
1076 506 1168 559 τὸν
1204 503 1352 558 οἷκον
1399 507 1586 568 αὐτοῦ,
1629 508 1738 561 Καὶ
1793 505 2003 560 Ἰακὼϐ

422 587 700 656 ἀπῆλθεν
741 590 828 652 είς
867 587 981 655 τὴν
1017 588 1233 642 ἑαυτοῦ
1281 589 1460 654 ὁδὸν,
1499 589 1597 643 καί
1649 588 2000 657 ἀναϐλέψας

418 669 542 726 εἶδε
603 671 989 740 παρεμϐολὴν
1050 671 1196 725 Θεοῦ
1252 672 1810 742 παρεμϐεϐληκυῖαν
1829 713 1844 736 ,
1897 672 1996 723 καί

421 754 820 821 συνήντησαν
855 753 1014 819 αὑτῷ
1044 756 1098 808 οί
1145 753 1385 823 ἄγγελοι
1426 755 1531 808 τοῦ
1570 754 1735 808 Θεοῦ.
1780 751 1996 822 Ἐπειδὴ

420 842 552 911 γὰρ,
598 833 947 908 παυσαμένου
985 838 1079 890 τοῦ
1109 837 1278 905 φόϐου
1329 837 1423 891 τοῦ
1469 837 1656 891 Λάϐαν
1701 836 1795 890 καὶ
1843 835 1997 898 τέλος

422 922 725 992 εἰληφότος,
757 920 1021 990 διεδέχετο
1046 914 1230 973 λοιπὸν
1257 921 1286 973 ὀ
1315 920 1479 988 φόϐος
1501 919 1595 973 τοῦ
1630 916 1880 988 ἀδελφοῦ,
1909 917 1996 970 διὰ

421 1003 582 1056 τοῦτο
623 1006 652 1056 ὀ
689 1003 1068 1074 φιλάνθρωπος
1119 1003 1397 1072 Δεσπότης
1451 1002 1868 1075 παραθαρρῦναι
1906 1001 1996 1053 τὸν

419 1086 628 1142 δίκαιον
684 1087 1036 1158 βουλόμενος,
1086 1089 1180 1140 καὶ
1228 1089 1410 1140 πᾶσαν
1447 1086 1613 1140 αὐτοῦ
1645 1086 1742 1158 τὴν
1788 1085 1994 1138 δειλίαν

417 1170 807 1230 ἀποσκεδάσαι,
843 1169 1252 1240 παρεσκεύασεν
1284 1170 1444 1223 αὐτὸν
1473 1171 1580 1223 τῶν
1618 1169 1863 1238 ἀγγέλων
1895 1167 1995 1238 τὴν

417 1253 772 1322 παρεμϐολὴν
809 1253 956 1306 ίδεῖν.
993 1252 1395 1319 Συνήντησαν
1435 1254 1543 1321 γὰρ
1588 1251 1768 1317 αὐτῷ,
1807 1252 1993 1321 φησὶν,

414 1337 470 1386 οί
491 1334 731 1404 ἄγγελοι
751 1333 856 1388 τοῦ
879 1334 1048 1387 Θεοῦ.
1066 1335 1172 1387 Kal
1196 1331 1365 1387 εἶπεν
1381 1334 1581 1388 Ἰακώϐ
1597 1352 1610 1365 ⁸
1638 1333 1990 1403 Παρεμϐολὴ

417 1417 567 1471 Θεοῦ
611 1417 785 1483 αὕτη.
839 1416 946 1469 Καὶ
986 1415 1241 1470 ἐκάλεσε
1297 1416 1365 1469 τὸ
1411 1417 1599 1485 ὄνομα
1653 1415 1757 1470 τοῦ
1805 1419 1993 1471 τόπου

412 1502 676 1565 ἐκείνου,
722 1500 1160 1567 Παρεμϐολαίδ,
1191 1497 1329 1552 ὥστε
1361 1501 1425 1552 ὲκ
1475 1500 1572 1569 τῆς
1624 1499 1993 1569 προσηγορίας

414 1583 638 1653 διηνεκῆ
669 1583 768 1650 τὴν
798 1582 1104 1652 ὑπόμνησιν
1131 1577 1271 1635 εἶναι
1303 1582 1401 1652 τῆς
1434 1583 1806 1652 γεγενημένης
1845 1583 1992 1653 αὐτῷ

413 1667 595 1717 ἐκεῖσε
635 1664 922 1727 ὀπτασίας.
966 1659 1102 1717 Εἶτα
1151 1663 1289 1734 μετὰ
1331 1664 1428 1734 τὴν
1460 1666 1729 1718 ὀπτασίαν
1756 1664 1990 1735 ταύτην,

426 1748 797 1810 Ἀπέστειλε,
843 1747 1044 1818 φησιν,
1095 1746 1435 1816 ἔμπροσθεν
1476 1747 1663 1801 αὐτοῦ
1695 1746 1992 1816 ἀγγέλους

411 1831 561 1898 πρὸς
601 1830 792 1886 Ἡσαῦ
827 1829 934 1884 τόν
974 1830 1241 1899 ἀδελφὸν
1273 1831 1483 1894 αὺτοῦ,
1521 1831 1619 1883 καί
1653 1831 1992 1884 ἐνετείλατο

410 1913 604 1983 λέγων
624 1929 636 1944 ⁸
670 1914 868 1979 Οὕτως
895 1913 1080 1981 ἐρεῖτε
1121 1913 1200 1977 τῷ
1231 1914 1416 1980 κυρίῳ
1453 1930 1574 1980 μου
1615 1911 1816 1965 Ἡσαῦ.
1849 1912 1991 1980 Ὅρα

410 2001 505 2049 καὶ
538 1997 676 2068 μετά
705 1997 802 2066 τὴν
829 1996 951 2065 ὄψιν
984 1997 1148 2060 πόσος
1179 1993 1258 2047 ἔτι
1279 1998 1306 2049 6
1335 1997 1497 2064 φόϐος
1526 1995 1778 2047 ἐπέκειτο
1805 1993 1880 2064 τῷ
1909 1995 1990 2046 δι-

410 2078 569 2149 καίῳ.
609 2079 896 2132 Ἐδεδοίκει
941 2078 1049 2148 γὰρ
1094 2079 1187 2130 τοῦ
1237 2077 1464 2145 ἀδελφοῦ
1507 2078 1604 2148 τὴν
1645 2077 1858 2148 ὁρμὴν,
1899 2078 1992 2129 καὶ

408 2161 640 2230 ἠγωνία,
675 2162 753 2231 μὴ
777 2164 810 2230 ὴ
853 2162 1040 2230 μνήμη
1069 2160 1178 2211 τῶν
1216 2161 1345 2229 πρὶν
1377 2158 1469 2211 ὑπ’
1498 2158 1662 2212 αὐτοῦ
1691 2157 1992 2228 γεγενημέ-

406 2263 514 2296 νων
542 2245 621 2306 εἱς
650 2244 749 2314 τὴν
781 2243 900 2295 κατ’
929 2241 1093 2294 αὐτοῦ
1133 2241 1319 2308 ἔφοδον
1360 2243 1712 2313 παρορμήσῃ.
1745 2242 1988 2306 Εἴπατε,

409 2325 566 2395 φησι,
593 2325 671 2376 τῶ
699 2326 881 2392 κυρίῳ
891 2342 1010 2393 μου
1041 2323 1221 2378 Ἡσαῦ
1238 2340 1251 2353 ·
1287 2324 1449 2377 Οὕτω
1471 2326 1632 2394 λέγει
1653 2328 1685 2378 ό
1711 2323 1852 2388 παῖς
1873 2340 1989 2377 σου

422 2408 648 2462 Ἰακώϐ·
668 2407 829 2460 Μετὰ
852 2407 1054 2460 Λάϐαν
1074 2405 1422 2474 παρῴκησα,
1444 2407 1540 2459 καὶ
1568 2408 1856 2476 ἐχρόνισα
1875 2407 1989 2473 ἕως

406 2491 515 2544 τοῦ
531 2491 665 2552 νῦν,
683 2491 780 2544 καί
795 2489 1074 2558 ἐγένοντό
1081 2508 1182 2559 μοι
1194 2488 1341 2555 βόες
1358 2491 1454 2543 καὶ
1472 2491 1599 2544 ὄνοι
1614 2491 1712 2544 καὶ
1725 2493 1988 2557 πρόϐατα

406 2573 507 2626 καὶ
523 2571 732 2637 παῖδες
752 2573 849 2624 καὶ
878 2571 1210 2633 παιδίσκαι,
1231 2574 1328 2625 καί
1355 2572 1684 2626 ἀπέστειλα
1708 2571 1789 2637 τῷ
1805 2573 1988 2640 κυρίῳ

403 2675 540 2728 μου,
556 2658 654 2708 ἵνα
669 2655 813 2724 εὕρῃ
827 2659 858 2708 ό
871 2654 1010 2720 παῖς
1021 2670 1138 2708 σου
1153 2656 1431 2710 ἐναντίον
1445 2673 1561 2709 σου
1574 2655 1770 2724 χάριν.
1785 2656 1985 2709 Σκόπει

406 2739 523 2802 πῶς
558 2739 760 2792 δέδοικε
782 2738 873 2790 τὸν
899 2739 1145 2807 ἀδελφὸν,
1181 2741 1274 2792 καὶ
1307 2739 1393 2792 διὰ
1439 2737 1596 2792 τοῦτο
1631 2739 1984 2810 ἐξευμενίσα-

406 2823 529 2874 σθαι
559 2823 720 2875 αὐτὸν
757 2821 1098 2891 βουλόμενος,
1130 2821 1556 2890 προαποστέλλει
1584 2820 1804 2892 μηνύων
1834 2821 1985 2892 αὐτῷ

401 2906 501 2974 τήν
543 2923 599 2956 τε
637 2905 844 2956 οἰκείαν
886 2905 1163 2969 ἐπάνοδον,
1193 2908 1292 2975 τήν
1333 2922 1393 2956 τε
1436 2905 1805 2975 γεγενημένην
1837 2907 1986 2976 αὐτῷ

404 2987 744 3058 περιουσίαν,
773 2990 867 3041 καὶ
911 2990 1044 3040 ὅπου
1077 2989 1167 3040 τὸν
1202 2987 1416 3040 ἅπαντα
1462 2989 1728 3040 διετέλεσε
1773 2987 1981 3058 χρόνον,

404 3070 493 3124 ἵνα
528 3071 771 3140 μαλάξας
803 3071 966 3124 αὐτοῦ
997 3072 1087 3124 τὸν
1131 3070 1322 3140 θυμόν,
1361 3071 1569 3142 ἥμερον
1614 3070 1776 3123 αὐτὸν
1813 3088 1984 3125 κατα-

405 3154 602 3225 στῆσαι
629 3153 862 3224 δυνηθῇ·
907 3153 935 3206 ὃ
976 3154 1040 3224 δὴ
1071 3155 1163 3206 καὶ
1193 3153 1508 3223 γεγένηται,
1547 3152 1641 3206 τοῦ
1689 3153 1823 3206 Θεοῦ
1853 3171 1984 3207 κατ-

401 3237 731 3299 ευνάσαντος
766 3236 931 3290 αὐτοῦ
965 3237 1065 3307 τὴν
1103 3236 1365 3308 καρδίαν,
1411 3237 1504 3288 καὶ
1549 3235 1842 3297 ώέσαντος
1882 3235 1982 3306 τὴν

399 3320 572 3390 ὀργὴν
624 3319 814 3382 αὐτοῦ,
848 3320 944 3372 καὶ
978 3321 1184 3390 ἥμερον
1218 3317 1382 3370 αὐτὸν
1419 3319 1880 3389 καταστήσαντος.
1919 3319 1982 3371 Εί

401 3404 510 3474 γὰρ
543 3403 636 3455 τὸν
662 3402 846 3456 Λάϐαν
884 3402 976 3455 τὸν
1019 3400 1156 3471 μετὰ
1195 3400 1464 3470 τοσαύτης
1495 3401 1672 3471 ὁρμῆς
1715 3400 1983 3453 καταδιώοσ

401 3485 589 3552 ξαντα,
615 3485 675 3537 ὲν
692 3483 932 3556 τοσούτῳ
963 3484 1112 3554 φόϐῳ
1138 3483 1389 3552 γενέσθαι
1412 3483 1791 3554 παρεσκεύασε
1813 3483 1882 3537 δι’
1905 3477 1981 3536 ὧν

399 3570 540 3640 πρὸς
567 3569 730 3622 αὐτὸν
756 3565 898 3631 εἶπε,
933 3567 1110 3638 πολλῷ
1146 3567 1344 3638 μᾶλλον
1372 3568 1462 3619 τὸν
1499 3567 1726 3636 ἀδελφὸν
1758 3567 1982 3638 ἡμερώ-

399 3666 556 3720 τερον
606 3649 670 3701 ἂν
713 3649 965 3716 γενέσθαι
1013 3646 1395 3716 παρεσκεύασε
1445 3647 1574 3717 περὶ
1614 3647 1708 3699 τὸν
1749 3647 1976 3700 δίκαιον.

417 3727 824 3795 Ἀνέστρεψαν
868 3726 954 3791 δὲ,
1013 3726 1168 3795 φησι,
1227 3724 1544 3792 λέγοντεςο
1603 3723 1982 3794 Ἀπήλθομεν

403 3808 553 3874 πρὸς
577 3807 686 3862 τόν
713 3807 980 3875 ἀδελφόν
1007 3821 1145 3867 σου,
1172 3805 1269 3856 καί
1296 3805 1530 3872 ἔρχεται
1561 3807 1646 3869 εἰς
1671 3803 1980 3872 συνάντη-

401 3885 510 3938 σίν
525 3902 661 3947 σου,
682 3885 782 3938 καί
811 3884 1181 3951 τετρακόσιοι
1208 3881 1423 3949 ἄνδρες
1444 3885 1571 3948 μετ’
1597 3882 1802 3935 αὑτοῦ.
1829 3881 1979 3954 [565]

405 3963 547 4034 Ὅρα
589 3963 705 4025 πῶς
740 3963 834 4015 καὶ
869 3961 1000 4014 αὐτὸ
1033 3959 1190 4012 τοῦτο
1231 3961 1473 4011 ἐπέτεινε
1524 3959 1604 4028 τῷ
1649 3958 1844 4029 δικαίῳ
1889 3961 1981 4013 τὸν

402 4043 588 4112 φόϐον.
619 4042 752 4095 οὐδὲ
780 4041 889 4112 γὰρ
917 4039 1033 4109 ᾔδει
1079 4038 1171 4090 τὸν
1198 4037 1403 4090 σκοπὸν
1433 4036 1530 4090 τοῦ
1569 4037 1798 4106 ἀδελφοῦ
1841 4039 1979 4109 μετά

400 4123 706 4195 ἀκριϐείας,
724 4121 858 4174 ἀλλὰ
887 4119 1075 4191 μαθὼν
1098 4119 1158 4172 τὸ
1183 4117 1387 4188 πλῆθος
1411 4118 1517 4170 τῶν
1543 4118 1812 4172 συνόντων
1831 4119 1980 4190 αὐτῷ

399 4203 688 4266 ἐδεδοίκει,
711 4202 1058 4271 ὑφορώμενος
1096 4199 1168 4268 μὴ
1197 4197 1272 4260 ὡς
1319 4197 1454 4266 πρὸς
1507 4198 1742 4266 πόλεμον
1786 4216 1979 4268 παρα-

399 4281 826 4352 σκευασάμενος,
863 4279 1003 4332 οὓτω
1030 4279 1127 4348 τὴν
1167 4277 1471 4346 ὑπάντησιν
1501 4275 1830 4345 ποιήσασθαι
1857 4277 1978 4348 βού-

291 4406 294 4409 .
395 4362 574 4435 ληται.
615 4359 908 4430 Ἐφοϐήθη
949 4357 1087 4429 γὰρ,
1131 4358 1316 4426 φησὶν,
1358 4355 1594 4419 Ἰακὼϐ,
1628 4356 1729 4435 καί
1767 4356 1975 4425 διηπο-

396 4434 570 4509 ρεῖτο.
614 4440 671 4492 Ὀ
695 4439 855 4506 φόϐος
880 4435 1044 4490 αὐτοῦ
1090 4435 1186 4505 τὴν
1221 4435 1460 4488 διάνοιαν
1495 4434 1838 4506 διετάρασσε,
1885 4435 1977 4488 καὶ

398 4519 498 4570 οὐκ
521 4518 636 4587 ᾔδει
668 4516 728 4568 τὸ
759 4517 812 4567 τί
850 4514 1068 4584 πράξει,
1099 4514 1213 4564 ἀλλ’
1254 4514 1312 4564 ὲν
1346 4513 1548 4583 ἀπορίᾳ
1581 4514 1856 4581 ἐγεγόνειο
1895 4515 1976 4568 διὸ

398 4595 474 4656 ὼς
506 4595 633 4664 περὶ
663 4593 758 4646 τοῦ
792 4593 990 4653 παντὸς
1019 4591 1271 4654 δεδοικὼς
1294 4631 1307 4653 ,
1349 4592 1441 4644 καὶ
1483 4591 1573 4643 τὸν
1609 4591 1837 4647 θάνατον
1870 4594 1977 4664 πρὸ

397 4671 689 4741 ὀφθαλμῶν
708 4672 863 4740 ἔχων,
891 4667 1109 4735 Διαιρεῖ
1125 4669 1211 4734 είς
1236 4667 1344 4722 δύο
1375 4671 1751 4738 παρεμϐολὰς
1781 4671 1978 4726 πάντα

398 4750 504 4804 τόν
545 4749 699 4803 λαὸν
731 4747 839 4801 τὸν
873 4745 1000 4816 μετ’
1033 4746 1241 4800 αὐτοῦ.
1268 4742 1413 4799 Εἷπε
1443 4746 1575 4816 γὰρ,
1606 4749 1799 4819 φησίν·
1843 4751 1978 4804 Ἐὰν

394 4830 542 4895 ἔλθῃ
574 4831 662 4893 εἰς
706 4824 1093 4895 παρεμϐολὴν
1123 4826 1270 4893 μιάν
1311 4826 1409 4878 καί
1459 4827 1622 4896 κό-Ψῃ
1670 4828 1886 4895 αὐτὴν,
1936 4831 1974 4897 ἠ

394 4906 642 4974 δευτέρα
673 4907 842 4960 ἕσται
871 4907 958 4970 είς
983 4904 1049 4957 τὸ
1077 4902 1386 4964 σώζεσθαι.
1409 4905 1593 4958 Ταῦτα
1627 4906 1724 4975 μὲν
1760 4909 1788 4959 ὀ
1814 4907 1976 4976 φόϐος

397 4986 738 5057 ὑπηγόρευσε
762 4985 856 5037 καὶ
893 4985 926 5053 ἡ
954 4982 1121 5053 πολλὴ
1156 4982 1344 5035 δειλία.
1385 4983 1562 5054 Ὁρῶν
1590 4984 1646 5036 δὲ
1680 4985 1874 5038 ἑαυτὸν
1900 4986 1975 5049 ὡς

395 5067 450 5117 ὲν
477 5065 712 5126 δικτύοις
741 5062 1169 5133 ἀπειλημμένον,
1205 5063 1296 5114 ἐπὶ
1327 5061 1416 5114 τὸν
1441 5063 1656 5133 ἄμαχον
1693 5063 1974 5134 Δεσπότην

397 5143 748 5212 καταφεύγει,
776 5143 868 5195 καὶ
899 5143 996 5202 τὰς
1033 5139 1350 5210 ὑποσχέσεις
1383 5142 1479 5202 τὰς
1505 5143 1586 5203 είς
1619 5141 1780 5193 αὐτδν
1810 5159 1973 5210 γεγε-

393 5225 629 5294 νημένας
662 5225 882 5277 ἀπαιτεῖ
906 5219 1058 5290 παρὰ
1078 5221 1171 5273 τοῦ
1198 5221 1307 5274 τῶν
1336 5221 1472 5273 ὅλων
1499 5219 1658 5281 Θεοῦ,
1689 5226 1973 5294 μονονουχὶ

392 5305 566 5373 λέγων
594 5304 729 5375 πρὸς
755 5303 942 5355 αὐτόν·
962 5301 1074 5354 Νῦν
1097 5302 1219 5370 ἥκει
1243 5301 1452 5371 καιρὸς,
1484 5301 1541 5353 ἐν
1563 5294 1606 5367 ᾧ
1635 5303 1728 5353 καὶ
1757 5302 1845 5355 διὰ
1875 5303 1972 5375 τὴν

391 5385 499 5438 τῶν
539 5383 814 5456 προγόνων
848 5381 1066 5452 ἀρετὴν,
1092 5381 1185 5432 καὶ
1227 5380 1314 5432 διὰ
1340 5380 1439 5450 τὴν
1473 5379 1624 5451 παρὰ
1671 5380 1766 5433 σοῦ
1805 5400 1969 5450 γεγε-

392 5482 453 5534 νη
465 5465 629 5534 μένην
648 5463 936 5531 ὑπόσχεσιν
955 5461 1159 5522 δίκαιος
1177 5460 1243 5513 ἂν
1264 5460 1381 5529 εἵην
1408 5459 1626 5529 ἁπάσης
1653 5461 1969 5515 ἀπολαῦσαι

392 5544 729 5614 συμμαχίας.
756 5539 902 5596 Εἷπε
925 5542 1065 5611 γὰρ,
1097 5540 1281 5611 φησὶν,
1320 5539 1557 5593 Ἰακώϐ·
1596 5541 1660 5592 ’0
1681 5543 1828 5609 Θεὸς
1862 5543 1968 5597 τοῦ

455 5682 481 5709 ⁸
523 5681 749 5742 Quinque
791 5692 904 5727 mss.
946 5679 1238 5740 παρεμϐολή.
1283 5678 1381 5726 Alii
1422 5680 1745 5742 παρεμϐολαί,
1799 5691 1852 5728 (ιι
1897 5683 1968 5730 sic

391 5755 572 5807 legitur
612 5753 658 5798 in
682 5752 778 5807 τοῖς
801 5750 885 5807 Ο¹,
911 5748 992 5797 ubi
1019 5748 1173 5810 primo
1209 5750 1314 5796 loco
1335 5751 1456 5798 illud
1487 5751 1777 5800 llebraicum
1799 5755 1958 5804 rum:

389 5814 612 5867 Mra/mne,
659 5815 768 5873 quia
818 5811 867 5859 in
909 5810 1142 5872 singulari
1194 5813 1424 5870 positum,
1469 5813 1678 5861 vertitur
1711 5817 1954 5876 παρεμϐο-

389 5885 465 5934 λή.
493 5886 719 5932 Secundo
739 5887 901 5930 autem
927 5881 1036 5928 loco
1066 5880 1149 5928 ubi
1189 5882 1237 5928 in
1279 5881 1490 5931 Hebraeo
1543 5887 1727 5944 legitur
1767 5885 1956 5937 D’ZHD

389 5945 684 5998 Malmmim.
709 5946 859 5994 forma
876 5943 1326 6003 ιίυιιιὶ,παρεμϐολαί
1347 5953 1543 5996 \‘erluul
1562 5943 1701 5996 LXX.

1409 312 1472 366 IN
1509 312 1665 368 CAP.
1708 310 1904 366 XXXII
1935 311 2186 370 GENES.
2225 315 2458 374 IIOMIL.
2494 319 2672 376 LVIII.

3572 331 3675 386 508

2105 431 2328 496 πατρός
2347 450 2465 500 μου
2499 433 2772 502 Ἀϐραὰμ,
2801 433 2901 486 καὶ
2947 437 2981 488 ό
3008 436 3153 502 Θεὸς
3180 437 3284 488 τοῦ
3309 437 3532 504 πατρός
3558 459 3684 508 μου

2119 510 2344 576 Ἰσαὰκ,
2379 513 2484 576 σὺ,
2530 517 2714 584 φησὶν,
2755 519 2786 569 ό
2838 516 3004 581 Θεὸς,
3041 521 3073 569 ό
3113 518 3296 570 εἰπών
3321 532 3458 586 μοι’
3507 519 3680 572 Ἀπό-

2103 607 2276 662 τρεχε
2300 597 2388 660 είς
2416 595 2530 662 τὴν
2554 597 2671 666 γῆν
2694 596 2800 665 τῆς
2821 598 3112 668 γενέσεώς
3141 615 3258 652 σου
3274 616 3286 628 ·
3320 604 3348 651 ὀ
3372 602 3682 670 ἀναστήσας

2107 690 2194 742 με,
2229 679 2412 746 φησὶν,
2437 679 2546 731 ἀπὸ
2577 679 2677 748 τῆς
2702 679 2878 748 ξένης,
2913 680 3007 732 καὶ
3032 681 3339 751 προστάξας
3367 681 3681 734 ἐπανελθεῖν

2103 757 2239 827 πρὸς
2271 761 2362 811 τὸν
2389 760 2597 832 πατέρα
2626 762 2716 814 τὸν
2746 762 2875 815 [διον
2905 763 2998 817 καὶ
3027 765 3106 825 είς
3140 763 3236 834 τὴν
3259 764 3362 832 γῆν
3398 764 3498 832 τῆς
3526 766 3681 832 γενέ-

2105 856 2242 904 σεως
2259 855 2273 870 ⁸
2314 842 2677 897 Ἰκανούσθω
2697 861 2800 911 μοι
2823 843 2851 882 ι)
2879 844 2996 898 ἀπὸ
3038 843 3242 912 πάσης
3265 845 3676 915 δικαιοσύνης,

2102 923 2200 975 καὶ
2230 925 2534 991 ἀληθείας,
2561 923 2638 996 ἧς
2658 925 2952 990 ἐποίησας
2987 925 3067 991 τῷ
3093 927 3260 980 παιδί
3287 941 3425 980 σου.
3465 929 3677 998 Ἀρκεί-

2103 1004 2235 1066 σθω,
2263 1009 2418 1075 φησὶ,
2449 1006 2586 1077 πρὸς
2623 1008 2721 1077 τὴν
2765 1008 2858 1059 ἐπὶ
2885 1008 2978 1060 τοῦ
3022 1009 3285 1078 παρόντος
3320 1009 3514 1080 καιροῦ
3543 1027 3681 1080 συμ-

2105 1087 2326 1155 μαχίαν.
2369 1089 2424 1140 '0
2458 1089 2567 1160 γὰρ
2609 1089 2768 1158 μέχρι
2803 1088 2896 1140 τοῦ
2936 1091 3200 1159 παρόντος
3247 1092 3515 1161 τοσαύτην
3557 1093 3677 1144 ἐπι-

2099 1167 2413 1238 δειξάμενος
2449 1171 2577 1241 περὶ
2611 1171 2709 1241 ἐμὲ
2751 1170 3095 1240 κηδεμονίαν,
3129 1171 3352 1235 δυνατὸς
3389 1169 3437 1226 εἷ
3467 1174 3560 1227 καὶ
3583 1173 3678 1226 νῦν

2101 1252 2407 1322 ἐξαρπάσαι
2452 1271 2517 1324 με
2550 1253 2659 1306 τῶν
2699 1255 3060 1323 ἐπικειμένων
3093 1271 3180 1324 μοι
3221 1256 3500 1309 κινδύνων.
3541 1257 3678 1309 Οὐδὲ

2100 1334 2208 1404 γὰρ
2236 1335 2434 1403 ἀγνοῶ,
2467 1337 2548 1389 ὅτι
2590 1338 2691 1391 Ἐν
2717 1335 2794 1405 τῇ
2824 1337 3025 1403 ῥάϐδῳ
3057 1355 3176 1405 μου
3209 1340 3394 1406 ταύτῃ
3425 1337 3680 1406 διῆλθον

2099 1418 2207 1471 τὸν
2248 1419 2559 1487 Ἰορδάνην
2602 1419 2849 1473 τοῦτον
2881 1419 2999 1472 νυνὶ
3051 1419 3105 1471 δὲ
3138 1419 3225 1472 διὰ
3267 1420 3366 1491 τὴν
3405 1421 3504 1492 σὴν
3548 1421 3678 1492 περὶ

2099 1502 2200 1571 ἐμὲ
2233 1503 2508 1573 πρόνοιαν,
2537 1503 2565 1555 6
2597 1502 2694 1573 τὴν
2729 1502 3028 1572 βακτηρίαν
3059 1503 3226 1572 μόνην
3260 1503 3675 1573 ἐπιφερόμενος,

2099 1585 2260 1654 ἡνίκα
2286 1587 2365 1648 εἰς
2397 1586 2497 1655 τὴν
2524 1585 2808 1655 ἀλλοτρίαν
2834 1584 3050 1654 ἀπῄειν,
3067 1585 3198 1637 Νῦν
3221 1587 3370 1654 μετὰ
3397 1585 3506 1638 δύο
3531 1602 3680 1653 παί-

2098 1667 2366 1735 εμϐολῶν
2401 1669 2798 1736 παραγέγονά.
2851 1667 2922 1719 Σὺ
2959 1662 3071 1731 οὖν,
3107 1666 3374 1731 Δέσποτα,
3411 1669 3439 1720 6
3469 1667 3678 1738 ταύτην

2102 1767 2192 1820 μοι
2221 1751 2320 1820 τὴν
2350 1750 2610 1820 εὐπορίαν
2634 1748 3020 1820 χαρισάμενος,
3045 1750 3072 1800 ὁ
3097 1753 3176 1812 είς
3197 1749 3450 1802 τοσοῦτόν
3482 1768 3551 1821 με
3577 1751 3678 1802 αὐ-

2100 1833 2327 1902 ξηθῆναι
2361 1833 2808 1901 παρασκευάσας.
2846 1832 2910 1884 σύ
2939 1832 3034 1884 νῦν
3080 1832 3330 1895 Ἐξελοῦ
3363 1849 3440 1900 με
3466 1834 3535 1885 ἐκ
3559 1850 3680 1900 χει-

2091 1913 2201 1980 ρὸς
2239 1913 2346 1967 τοῦ
2376 1913 2643 1982 ἀδελφοῦ
2688 1931 2809 1981 μου
2853 1913 3075 1976 Ἠσαῦ,
3110 1914 3202 1966 ὅτι
3237 1914 3526 1983 φοϐοῦμαι
3562 1913 3678 1983 ἐγὼ

2097 1997 2303 2062 αὐτὸν,
2344 1997 2580 2066 μήποτε
2625 1995 2861 2064 πατάξῃ
2898 2013 2996 2066 με,
3029 1997 3128 2050 καὶ
3176 1997 3406 2066 μητέρα
3436 1998 3534 2051 ἐπὶ
3580 1998 3677 2052 τά·

2098 2097 2287 2146 κνοις.
2330 2081 2414 2132 Σὺ
2455 2081 2660 2145 εἴπας·
2706 2075 2794 2133 Εὖ
2826 2093 2901 2132 σε
2942 2079 3209 2148 ποιήσω,
3244 2081 3341 2132 καί
3394 2079 3560 2145 θήσω
3608 2080 3678 2133 τὸ

2096 2163 2334 2231 σπέρμα
2361 2180 2476 2216 σου
2500 2165 2579 2228 ὡς
2610 2161 2725 2231 τὴν
2753 2162 2948 2231 ἄμμον
2971 2162 3082 2230 τῆς
3117 2163 3457 2230 θαλάσσης,
3491 2162 3529 2231 ἢ
3564 2167 3677 2217 οὐκ

2096 2244 2560 2313 ἁριθμηθήσεται
2583 2245 2701 2299 ὑπὸ
2741 2245 2848 2299 τοῦ
2876 2245 3149 2310 πλήθους
3171 2255 3218 2300 ο.

2168 2327 2231 2397 β’.
2278 2330 2418 2400 Ὅρα
2460 2324 2793 2382 τοῦδικαίου
2832 2328 2893 2381 τὸ
2934 2327 3178 2399 φιλόθεον
3217 2329 3311 2381 καὶ
3339 2329 3439 2400 τὴν
3477 2328 3677 2400 πολλὴν

2095 2411 2533 2481 εὐγνωμοσύνην,
2566 2411 2684 2471 πῶς
2707 2411 2859 2465 οὐδὲν
2879 2412 3064 2481 ἕτερον
3093 2409 3230 2473 ἀξιοί
3260 2409 3346 2462 τὸν
3375 2412 3672 2482 Δεσπότην.

2093 2493 2127 2562 ἢ
2177 2493 2276 2555 τὰς
2315 2493 2519 2556 οἰκείας
2555 2493 2878 2563 ὑποσχέσεις
2915 2492 3220 2563 πληρῶσαι.
3278 2491 3390 2546 Καὶ
3439 2493 3530 2544 ἐπὶ
3562 2495 3677 2556 τοῖς

2094 2573 2458 2646 προλαϐοῦσιν
2506 2576 2857 2647 εὐχαριστίαν
2885 2574 3313 2643 ἐπιδειξάμενος,
3355 2575 3445 2627 καὶ
3483 2576 3677 2646 ὁμολο-

2092 2660 2269 2728 γήσας
2296 2658 2378 2710 ὅτι
2404 2659 2610 2729 γυμνὸν
2646 2659 2774 2711 ὅντα
2804 2658 2898 2710 καὶ
2934 2657 3349 2728 ἀπερριμμένον
3372 2660 3452 2719 είς
3491 2658 3516 2696 ά
3546 2675 3675 2711 τοσο

2092 2741 2262 2811 αὐτην
2295 2740 2612 2812 περιουσίαν
2663 2739 3017 2809 κατέστησεν,
3049 2739 3280 2792 ἱκετεύει
3306 2739 3400 2791 τοῦ
3426 2741 3675 2794 κινδύνου

2091 2824 2254 2878 αὐτὸν
2282 2824 2604 2894 ἐξαρπάσαι.
2650 2819 2843 2886 Εἴπας
2885 2821 3013 2893 γὰρ,
3051 2823 3237 2892 φησὶν.
3277 2821 3365 2874 ὅτι
3395 2822 3572 2887 Θήσω
3608 2822 3678 2876 τὸ

2092 2908 2330 2977 σπέρμα
2363 2924 2477 2961 σου
2506 2906 2586 2971 ὠς
2616 2905 2730 2973 την
2761 2905 2956 2973 ἅμμον
2984 2905 3094 2972 τῆς
3128 2907 3469 2972 θαλάσσης,
3500 2904 3537 2971 ἦ
3563 2909 3676 2959 οὐκ

2090 2989 2644 3058 ἐξαριθμηθήσεται.
2676 2987 3051 3057 Ποιησάμενος
3083 2987 3259 3057 δὲτὴν
3290 2987 3427 3057 πρὸς
3454 2988 3544 3040 τὸν
3577 2991 3677 3040 Δε-

2093 3075 2297 3144 σπότην
2316 3070 2680 3142 παράκλησιν,
2701 3070 2794 3121 καὶ
2826 3071 2924 3138 τὴν
2951 3070 3100 3137 ίκετη
3109 3068 3228 3139 ρίαν
3245 3072 3342 3138 τῆς
3371 3071 3678 3140 προσευχῆς

2089 3156 2389 3224 ἀνενέγκας
2417 3154 2494 3225 τῷ
2547 3153 2812 3222 Δεσπότῃ,
2846 3152 2940 3203 καὶ
2985 3150 3055 3203 τὰ
3105 3153 3234 3222 παρ’
3266 3151 3460 3203 ἑαυτοῦ
3503 3167 3676 3221 προσ-

2090 3237 2290 3306 τίθησι.
2328 3237 2437 3291 Καὶ
2481 3235 2680 3299 λαϐὼν,
2715 3235 2869 3304 φησὶ,
2918 3233 3093 3304 δῶρα,
3128 3233 3186 3296 ἐξ
3230 3228 3306 3285 ὧν
3341 3232 3674 3303 ἐπεφέρετο,

2090 3318 2376 3370 ἀπέστειλε
2404 3315 2482 3388 τῷ
2518 3315 2731 3385 ἀδελφῷ
2753 3357 2766 3380 ,
2799 3313 2986 3366 διελὼν
3026 3313 3092 3365 τὰ
3130 3313 3539 3376 ἀποσταλέντα,
3580 3313 3677 3365 καὶ

2090 3399 2305 3462 ἐντολὰς
2348 3396 2616 3459 δεδωκὼς,
2661 3396 2802 3448 ὥστε
2848 3396 2942 3446 καὶ
2977 3392 3065 3446 διὰ
3097 3393 3204 3445 τῶν
3235 3393 3410 3461 λόγων
3447 3391 3676 3462 ἐξευμε-

2088 3478 2364 3539 νίσασθαι,
2402 3478 2498 3530 καὶ⁹
2529 3475 2680 3547 [564]
2715 3472 2955 3545 μηνῦσαι
2989 3473 3087 3543 τὴν
3114 3472 3310 3524 ἑαυτοῦ
3349 3473 3674 3542 παρουσίαν.

2088 3559 2311 3613 Εῖπατε
2339 3556 2468 3626 γὰρ,
2500 3556 2685 3624 φησὶν,
2727 3553 2814 3605 ὅτι
2849 3551 3004 3605 Ἰδοὺ
3037 3556 3068 3603 rl
3098 3551 3239 3615 παῖς
3279 3565 3396 3604 σου
3422 3550 3678 3619 παρατί-

2087 3653 2252 3691 νεται
2286 3637 2478 3688 ὀπίσω
2502 3633 2672 3703 ἡμῶν
2690 3648 2702 3662 ’
2727 3630 2868 3683 ὥστε
2896 3631 3160 3699 πρότερον
3197 3628 3672 3697 ὲξευμενίσασθαι,

2088 3721 2182 3772 καὶ
2210 3719 2331 3769 τότε
2357 3718 2456 3785 τὴν
2497 3716 2638 3767 κατά
2669 3715 2961 3785 πρόσωπον
2991 3710 3155 3762 αὐτοῦ
3192 3708 3446 3776 γενέσθαι
3476 3727 3673 3763 συντυ-

2089 3796 2230 3864 χίαν.
2248 3793 2408 3844 Μετὰ
2435 3790 2612 3843 τοῦτο
2637 3793 2769 3858 γὰρ,
2790 3790 2977 3859 φησὶν,
3010 3789 3231 3855 ὄψομαι
3253 3789 3317 3838 τι)
3346 3789 3677 3852 πρόσωπον

2087 3874 2305 3930 αὐτοῦ’
2339 3873 2486 3936 ίσως
2535 3870 2679 3940 γὰρ,
2730 3871 2895 3938 φησὶ,
2934 3866 3331 3934 προσδέξεται
3369 3864 3436 3918 τὸ
3477 3869 3671 3933 πρόσ-

2087 3955 2252 4008 ωπόν
2277 3968 2419 4020 μου.
2447 3948 2559 4002 Καί
2586 3947 3015 4015 προεπορεύετο
3038 3945 3109 3998 τὰ
3130 3943 3286 4011 δῶρα
3312 3943 3463 3996 κατὰ
3487 3947 3673 4012 πρόσ-

2087 4047 2251 4085 ωπον
2279 4027 2485 4084 αὐτοῦ.
2524 4027 2662 4080 Ἀλλ’
2691 4029 2794 4097 ὅρα
2828 4043 2918 4096 μοι
2948 4023 3182 4077 ἐνταῦθα
3213 4022 3378 4076 πάλιν
3405 4023 3500 4075 τοῦ
3534 4023 3672 4078 Θεοῦ

2085 4109 2184 4180 τὴν
2213 4110 2420 4178 ἄφατον
2442 4105 2876 4177 φιλανθρωπίαν,
2899 4105 2995 4158 καὶ
3027 4104 3175 4167 ὅπως
3203 4105 3289 4156 ἀεὶ
3319 4103 3670 4173 καταλλήλως

2083 4188 2182 4257 τὴν
2210 4184 2417 4240 οίκείαν
2446 4185 2704 4255 πρόνοιαν
2737 4183 3092 4236 ἐνδείκνυται.
3132 4182 3255 4235 Ἐπὶ
3299 4181 3399 4252 μὲν
3429 4181 3538 4253 γὰρ
3575 4181 3671 4234 τοῦ

2083 4265 2292 4328 Δάϐαν,
2323 4264 2508 4335 ἐπειδὴ
2538 4265 2566 4315 6
2605 4263 2812 4324 δίκαιος
2847 4260 2998 4314 οὐδὲν
3037 4259 3279 4313 τοιοῦτον
3322 4259 3668 4325 ὑπώπτευεν,

2083 4345 2204 4399 οὐδὲ
2244 4345 2359 4415 ᾔδει
2409 4345 2490 4397 ὅτι
2530 4342 2746 4405 πάντως
2790 4340 2951 4394 αὐτὸν
3003 4338 3372 4409 καταλήψεται
3414 4340 3442 4392 6
3485 4339 3673 4394 Λάϐαν

2084 4424 2227 4493 μετὰ
2247 4424 2443 4494 πολλῆς
2471 4423 2572 4492 τῆς
2600 4422 2774 4492 ὁρμῆς
2797 4420 2889 4473 ἐπὶ
2913 4419 2976 4472 τὸ
3004 4418 3318 4488 ἀμύνασθαι
3345 4416 3437 4471 τὸν
3462 4417 3672 4472 δίκαιον

2083 4504 2180 4572 τῆς
2212 4502 2388 4573 λάθρα
2415 4502 2712 4569 γενομένης
2739 4499 3142 4568 ἀναχωρήσεως
3173 4498 3356 4561 ἕνεκα,
3382 4497 3460 4567 τῷ
3481 4499 3672 4554 Λάϐαν

2083 4582 2368 4650 ἐπιφανεὶς
2402 4580 2750 4633 καταστέλλει
2792 4576 2961 4631 αὐτοῦ
2996 4576 3094 4646 τὴν
3132 4577 3333 4647 ὁρμὴν,
3368 4578 3463 4628 καὶ
3491 4579 3673 4631 ὲντέλ-

2083 4661 2235 4713 λεται
2259 4659 2423 4730 μηδὲν
2456 4657 2533 4728 τῷ
2561 4657 2755 4711 Ἰακὼϐ
2785 4655 2920 4726 μηδὲ
2948 4658 3006 4708 ὲν
3035 4658 3241 4724 ῥήμασι
3271 4656 3512 4725 λυπηρὸν
3531 4657 3670 4710 ἀπο..

2083 4737 2528 4810 κρίνασθαι·Μὴ
2577 4736 2852 4802 λαλήσῃ(
2907 4733 3038 4803 γὰρ,
3077 4734 3230 4804 φησὶ,
3270 4734 3422 4802 μετὰ
3473 4735 3675 4790 Ἰακὼϐ

2083 4820 2354 4884 πονηρόν
2375 4834 2388 4847 ο
2423 4815 2518 4868 καὶ
2542 4813 2701 4866 τοῦτο
2728 4812 2998 4882 ᾠκονόμει
3023 4811 3110 4865 διὰ
3135 4811 3235 4882 τῆς
3261 4813 3471 4865 ἐκείνου
3495 4813 3670 4881 γλώτ-

2081 4914 2180 4967 της
2230 4895 2503 4966 γνώριμον
2537 4893 2788 4962 γενέσθαι
2827 4893 2905 4962 τῷ
2959 4891 3182 4960 δικαίῳ,
3216 4891 3301 4943 ἵνα
3335 4890 3522 4960 μαθὼν
3569 4894 3670 4963 τὴν

2083 4975 2212 5046 περί¹
2260 4975 2421 5028 αὐτὸν
2454 4973 2830 5043 γεγενημένην
2875 4971 3188 5040 οἰκονομίαν
3218 4969 3563 5042 θαρσαλεώτε
3577 4990 3670 5044 ρον

2082 5057 2348 5125 καταστῇ.
2389 5054 2524 5106 Νυνὶ
2569 5053 2666 5118 δὲ,
2717 5052 2908 5122 ἐπειδὴ
2937 5055 2964 5106 6
3010 5051 3236 5121 ἀδελφὸς
3289 5051 3388 5122 μὲν
3421 5052 3526 5105 ὑπὸ
3573 5053 3666 5106 τοῦ

2081 5134 2272 5205 χρόνου
2305 5133 2563 5203 λωφήσας
2599 5127 2689 5203 ἦν,
2730 5132 2826 5184 καὶ
2854 5131 2944 5184 τὸν
2987 5131 3156 5201 θυμὸν
3181 5133 3275 5205 καὶ
3309 5133 3408 5202 τὴν
3455 5131 3666 5198 ἀγανά-

2080 5204 2271 5280 κτησιν
2301 5213 2515 5278 παύσας
2543 5211 2639 5283 τὴν
2667 5210 2812 5264 κατὰ
2840 5210 2932 5263 τοῦ
2961 5210 3176 5272 Ἰακὼϐ,
3202 5204 3356 5271 οὗτος
3377 5211 3433 5262 δὲ
3460 5210 3670 5278 ἐναγώ-

2079 5311 2190 5356 νιος
2218 5289 2306 5364 ῆν,
2336 5292 2590 5354 δεδοικὼς
2626 5291 2723 5344 καὶ
2759 5289 2978 5358 τρέμων
3015 5289 3108 5341 τοῦ
3138 5287 3371 5356 ἀδελφοῦ
3407 5289 3506 5357 τὴν
3539 5305 3668 5342 συν-

2078 5371 2286 5442 τυχίαν,
2324 5374 2352 5424 ὀ
2386 5371 2588 5440 ἀγαθὸς
2613 5369 2893 5437 Δεσπότης
2918 5368 3022 5420 οὐκ
3054 5367 3135 5420 ἔτι.
3163 5367 3240 5436 τῷ
3281 5367 3450 5420 Ἡσαῦ
3484 5367 3666 5420 ἐντέλ-

2077 5452 2228 5506 λεται
2245 5469 2256 5480 ’
2284 5451 2403 5504 οὐδὲ
2423 5453 2530 5523 γὰρ
2549 5449 2862 5504 ὲϐουλεύετό
2882 5467 2937 5502 τι
2961 5447 3102 5501 κατά
3122 5448 3214 5499 τοῦ
3237 5445 3470 5516 ἀδελφοῦ
3490 5463 3505 5479 ·
3527 5446 3666 5502 ἀλλὰ

2075 5531 2166 5583 τὸν
2194 5532 2400 5585 δίκαιον
2433 5530 2863 5600 παραμυθεῖται.
2895 5526 3049 5580 Μετά
3078 5525 3186 5596 γὰρ
3218 5525 3278 5578 τὸ
3317 5526 3657 5589 ἀποστεῖλαι,

2078 5613 2246 5682 φησὶ,
2295 5613 2420 5674 τοὺς
2467 5610 2533 5664 τὰ
2581 5609 2730 5680 δῶρα
2777 5605 3242 5676 ἀποκομίζοντας,
3303 5604 3661 5676 καθευδήσας,

2078 5693 2230 5762 φησὶ,
2271 5690 2360 5744 καὶ
2418 5691 2712 5756 Ἀναστὰς
2742 5689 2811 5740 ἐν
2842 5683 2917 5753 τῇ
2944 5682 3118 5739 νυκτὶ
3154 5683 3378 5753 ἐκείνη,
3413 5684 3662 5754 διήγαγε

2125 5823 2152 5861 b
2178 5824 2323 5871 l‘nisl.
2348 5821 2589 5871 ίκανοῦταί
2612 5838 2710 5883 μοι,
2726 5829 2778 5883 ει
2793 5819 2946 5883 paulo
2958 5817 3231 5883 poslépxg'i:
3251 5819 3425 5880 μοιτήν
3449 5816 3634 5867 ixi-:06.

2131 5887 2152 5913 θ
2184 5886 2282 5932 Sex
2310 5898 2424 5932 mss.
2449 5884 2544 5931 ἀπὸ
2565 5881 2662 5931 :06'
2685 5882 2907 5937 πλήθους,
2929 5881 3054 5926 lorle
3079 5881 3274 5929 melius.

2130 5947 2158 5983 ά
2187 5948 2282 5995 Sex
2308 5960 2422 5994 mss.
2449 5947 2620 6006 γυμνὸν
2641 5946 2752 5992 ὄντα
2771 5943 2851 5990 καὶ
2876 5941 3048 6001 ἔρημον
3073 5941 3155 5994 εἰς.
