4168 6264
505 487 614 553 τὰς
671 487 780 540 δύο
816 487 1100 557 γυναῖκας
1139 485 1236 538 καὶ
1285 485 1356 538 τὰ
1406 482 1609 537 παιδία
1647 483 1760 550 τὴν
1802 481 2078 534 διάϐασιν

505 569 614 624 τοῦ
651 568 842 637 Ἰαϐὡχ
865 586 878 599 ·
933 569 1028 621 καὶ
1089 567 1304 620 ἔλαϐεν
1349 565 1604 630 αὐτοὺς,
1641 563 1740 618 καὶ
1771 563 1934 630 διέϐη
1973 559 2080 614 τὸν

505 651 888 720 χειμάρρουν.
947 649 1294 717 ’Υπελείφθη
1338 646 1407 700 δὲ
1463 647 1672 702 Ἰακὼϐ
1707 647 1926 716 μόνος,
1982 641 2081 696 καί

505 733 794 788 ἐπάλαιεν
837 733 1144 802 ἅνθρωπος
1185 731 1312 802 μετ’
1361 732 1568 786 αὐτοῦ.
1632 731 1856 801 Μεγάλη
1901 732 1934 801 ἡ
1986 729 2080 782 τοῦ

506 817 776 869 Δεσπὸτου
801 816 992 886 φιλανθ
1003 816 1202 887 ρωπία.
1233 815 1450 886 Ἐπειδὴ
1473 815 1580 886 γὰρ
1605 815 1794 884 ἔμελλε
1825 815 1922 882 τὴν
1945 813 2082 883 πρὸς

505 900 597 952 τὸν
627 898 853 967 ἀδελφὺν
880 898 1167 968 συντυχίαν
1190 897 1542 968 ποιήσασθαι,
1561 899 1649 950 ἵνα
1681 897 1828 968 μάθῃ
1861 895 1948 948 διὰ
1975 895 2082 946 τῶν

507 981 869 1052 πραγμάτων,
897 981 979 1034 ὅτι
1021 981 1174 1034 οὐδὲν
1213 980 1374 1050 ἀηδὲς
1421 981 1824 1050 ὑποστήσεται,
1860 981 1916 1031 ἐν
1948 978 2082 1048 σχή-

511 1081 638 1134 ματι
688 1063 976 1134 ἀνθρώπου
1011 1062 1260 1115 παλαίειν
1302 1061 1438 1130 μετά
1483 1060 1577 1114 τοῦ
1617 1061 1826 1114 δικαίου
1859 1060 2084 1114 καταδέ-

506 1165 682 1217 χεται.
755 1143 888 1198 Εἶτα
967 1147 1108 1217 ὀρῶν
1159 1145 1348 1198 ἑαυτὸν
1413 1143 1724 1215 ἡττώμενον
1772 1145 1801 1196 6
1858 1143 2082 1208 Ἰακὼϐ,

519 1231 866 1300 Ἐκράτησε,
895 1230 1049 1298 φησι,
1086 1227 1190 1280 τοῦ
1215 1226 1488 1294 πλάτους
1511 1227 1617 1280 τοῦ
1645 1225 1842 1295 μηροῦ
1875 1227 2080 1282 αὑτοῦ.

509 1313 670 1366 Ὃλον
701 1313 758 1364 δὲ
795 1311 952 1362 τοῦτο
981 1311 1440 1376 συγκαταϐάσεως
1485 1310 1670 1362 ’ἐνεκεν
1699 1310 1965 1377 ἐγίγνετο,
1997 1310 2086 1364 ἵνα

505 1397 604 1468 τὴν
627 1395 830 1448 δειλίαν
866 1393 1114 1464 ἐξέληται
1144 1393 1245 1463 τῆς
1273 1392 1366 1446 τοῦ
1397 1393 1604 1446 δικαίου
1631 1393 1828 1463 ψυχῆς,
1851 1393 1946 1444 καὶ
1971 1392 2086 1444 πεί-

508 1495 578 1550 σῃ
609 1477 764 1539 ἐκτὺς
795 1477 975 1544 πάσης
1007 1475 1246 1544 ἀγωνίας
1278 1475 1376 1546 τὴν
1423 1476 1559 1546 πρὸς
1586 1475 1677 1528 τὸν
1702 1474 1928 1544 ἀδελφὺν
1961 1492 2087 1528 συν-

505 1560 693 1630 τυχίαν
743 1558 1090 1627 ποιήσασθαι.
1123 1559 1511 1628 Κρατήσαντος
1561 1557 1698 1629 γὰρ,
1738 1559 1930 1627 φησὶν,
1991 1556 2085 1609 τοῦ

519 1641 712 1696 Ἰακὼϐ
735 1640 796 1693 τὸ
822 1639 1019 1702 πλάτος
1048 1639 1140 1692 τοῦ
1168 1639 1366 1710 μηροῦ,
1407 1641 1738 1708 Ἐνάρκησε
1767 1639 1831 1693 τὸ
1859 1639 2088 1704 πλάτος

505 1722 612 1777 τοῦ
657 1721 854 1792 μηροῦ
887 1721 1098 1776 Ἰακὼϐ
1139 1723 1209 1774 ἐν
1267 1719 1348 1786 τῷ
1402 1722 1681 1776 παλαίειν
1733 1721 1919 1774 αὑτὸν
1961 1714 2088 1790 μετ’

508 1805 716 1860 αὑτοῦ.
765 1799 898 1857 Εἶτα
951 1805 1037 1856 ἵνα
1084 1803 1232 1876 μάθῃ
1283 1805 1311 1857 6
1356 1803 1548 1857 Ἰακὼϐ
1584 1804 1680 1874 τὴν
1723 1803 1951 1876 δύναμιν
1993 1804 2087 1857 τοῦ

509 1889 644 1960 πρὸς
675 1888 836 1940 αὑτὸν
871 1887 1120 1940 παλαίειν
1147 1886 1528 1958 νομιζομένου,
1560 1887 1694 1958 φησὶ
1723 1889 1858 1958 πρὸς
1889 1887 2051 1941 αὐτόν
2070 1902 2086 1918 ο

521 1971 910 2025 Ἀπόστειλόν
931 1988 1008 2040 με
1029 1988 1042 2001 ’
1071 1971 1252 2038 ἀνέϐη
1283 1972 1393 2037 τὰρ
1429 1965 1464 2024 ὁ
1495 1971 1722 2038 ὄρθρος.
1757 1970 2087 2041 Αίσθόμενος

508 2057 687 2108 τοίνυν
718 2057 744 2107 6
773 2055 981 2118 δίκαιος
1009 2055 1069 2108 τὸ
1098 2053 1326 2126 μέγεθος
1346 2053 1447 2122 τῆς
1477 2054 1761 2124 δυνάμεως
1791 2053 1883 2107 τοῦ
1916 2053 2088 2108 ταῦτα

509 2139 810 2209 εἰρηκότος,
840 2138 1006 2208 φησί’
1045 2140 1126 2190 Οὐ
1158 2136 1242 2206 μή
1274 2153 1348 2191 σε
1377 2137 1736 2200 ἀποστείλω,
1771 2137 1881 2191 ἐὰν
1899 2137 1984 2206 μή
2011 2155 2088 2206 με

506 2220 871 2290 εὐλογήσῃς.
905 2219 1175 2288 Μεγάλων
1209 2219 1472 2290 ἠξιώθην,
1509 2221 1662 2290 φησὶ,
1692 2220 1786 2274 καὶ
1816 2221 1956 2292 ὑπὲρ
1989 2221 2087 2293 τὴν

507 2303 662 2368 ἀξίαν
713 2303 810 2374 τὴν
865 2302 1126 2373 ἐμαυτοῦ.
1160 2303 1234 2355 Οὐ
1273 2303 1540 2373 πρότερον
1582 2303 1764 2356 τοίνυν
1811 2319 1871 2356 σε
1912 2303 2085 2367 ἐάσω,

511 2387 704 2458 μέχρις
746 2385 812 2439 ἀν
857 2386 957 2455 τῆς
1001 2385 1252 2453 εὐλογίας
1297 2383 1588 2438 ἀπολαύσω
1628 2385 1729 2454 τῆς
1764 2385 1913 2456 παρά
1968 2385 2085 2442 σοῦ.

507 2466 642 2524 Εἶτά
685 2485 853 2539 φησι,
895 2468 956 2522 Τί
995 2468 1062 2522 τὸ
1102 2466 1291 2537 ὄνομά
1327 2482 1445 2521 σου
1500 2467 1710 2532 ἐστίν;
1742 2469 1884 2539 Ὅρα
1927 2469 2088 2522 πάλιν

509 2551 938 2621 συγκατάϐασιν.
981 2550 1045 2604 El
1081 2551 1187 2622 γὰρ
1234 2551 1310 2620 μὴ
1349 2549 1668 2624 ἠρώτησεν,
1697 2551 1797 2604 οὐκ
1829 2551 1944 2622 ᾔδει
1991 2551 2087 2605 τοῦ

507 2636 716 2690 δικαίου
759 2633 856 2704 τὴν
890 2631 1288 2704 προσηγορίαν;
1314 2633 1468 2704 ’ῌδει
1509 2633 1748 2700 πάντως,
1785 2633 1922 2688 ἀλλά
1967 2633 2089 2705 βού-

508 2721 659 2774 λεται
698 2719 858 2772 αὑτὸν
906 2717 1282 2770 πιστώσασθαι
1330 2717 1420 2770 διὰ
1464 2717 1566 2788 τῆς
1602 2719 1953 2790 ἐρωτήσεως,
1995 2721 2090 2774 καὶ

507 2802 738 2870 διδάξαι,
781 2799 932 2872 [565]
975 2801 1060 2863 τίς
1092 2801 1240 2852 ἐστιν
1263 2801 1292 2853 6
1325 2800 1463 2870 πρὸς
1491 2801 1654 2856 αὐτὸν
1687 2801 2086 2872 διαλεγόμενος.

510 2889 622 2940 Καὶ
661 2884 846 2954 ἐπειδὴ
888 2881 1064 2946 εἶπεν,
1097 2881 1326 2946 Ἰακὼϐ,
1362 2882 1558 2953 φησίν·
1600 2885 1683 2936 Οὐ
1724 2885 2090 2954 κληθήσεται

509 2972 598 3026 ἔτι
627 2968 694 3022 τὸ
731 2965 918 3036 ὄνομά
945 2981 1062 3020 σου
1103 2965 1328 3028 Ἰακὼϐ,
1354 2965 1490 3019 ἀλλ’
1533 2966 1779 3034 Ἰσραὴλ
1811 2967 1982 3022 ἔσται
2022 2969 2089 3024 τὸ

512 3051 698 3121 ὄνομά
742 3066 880 3112 σου,
920 3048 1008 3102 ὅτι
1040 3047 1378 3115 ἐνίσχυσας
1405 3047 1558 3116 μετὰ
1603 3049 1771 3112 Θεοῦ,
1812 3051 1911 3104 καὶ
1939 3052 2090 3120 μετὰ

510 3135 834 3202 ἀνθρώπων
853 3131 1112 3197 δυνατὸς
1131 3131 1268 3200 ἔσῃ.
1285 3127 1439 3194 Εἶδες
1461 3130 1576 3194 πῶς
1603 3131 1770 3196 ἔδειξε
1792 3133 1892 3204 τὴν
1913 3135 2091 3189 αἰτίαν

512 3219 752 3282 ἃπασαν,
783 3217 851 3270 δι’
891 3216 959 3286 ἢν
1003 3215 1104 3284 τὴν
1131 3213 1403 3286 τοσαύτην
1442 3213 1850 3282 συγκατάϐασιν
1883 3217 2092 3271 ἐπεδεί-

513 3301 660 3366 ξατο,
699 3301 794 3352 καὶ
825 3297 958 3368 ὁμοῦ
987 3297 1226 3350 διδάσκει
1271 3296 1361 3350 τὸν
1401 3296 1606 3350 δίκαιον
1653 3296 1740 3350 διὰ
1768 3298 1868 3368 τῆς
1911 3301 2092 3354 ἐπιτε-

514 3383 700 3452 θείσης
719 3381 867 3452 αὐτῷ
897 3381 1288 3450 προσηγορίας,
1317 3379 1402 3442 τίς
1429 3381 1575 3432 ἐστιν
1594 3379 1652 3433 ὃν
1682 3375 1788 3434 εἶδε
1809 3383 1901 3435 καὶ
1926 3399 2094 3436 κατα-

517 3469 666 3536 σχεῖν
693 3462 1026 3534 κατηξιώθη.
1071 3463 1190 3514 Οὺκ
1216 3459 1300 3514 ἔτι
1336 3461 1444 3531 γὰρ
1481 3463 1872 3532 κληθήσεται,
1906 3469 2091 3537 φησὶν,

528 3547 726 3604 Ἰακὼϐ
759 3549 828 3601 τὸ
867 3544 1054 3614 ὄνομά
1099 3560 1216 3598 σου
1235 3583 1250 3608 ,
1293 3544 1433 3598 ἀλλ’
1473 3545 1732 3614 Ἰσραήλ.
1785 3548 1998 3621 Ἰσραὴλ
2035 3549 2094 3602 δὲ

517 3631 897 3705 ἑρμηνεύεται,
929 3629 1099 3700 Ὁρῶν
1127 3627 1258 3682 Θεόν
1277 3639 1325 3680 α.
1358 3629 1595 3700 Ἐπειδὴ,
1623 3631 1699 3695 ὡς
1727 3632 1853 3686 ἰδεῖν
1881 3634 2092 3705 ἀνθρώ-

518 3735 606 3786 πῳ
639 3715 892 3777 δυνατὸν,
936 3711 1063 3766 ἰδεῖν
1099 3710 1436 3782 κατηξιώθης
1482 3713 1634 3782 Θεὸν,
1681 3715 1769 3770 διὰ
1803 3716 1961 3770 τοῦτο
1999 3717 2095 3770 καλ⁵

517 3801 615 3870 τὴν
638 3795 1010 3870 προσηγορίαν
1047 3812 1129 3849 σοι
1155 3795 1361 3866 ταύτην
1387 3797 1694 3868 ἐπιτίθημι,
1714 3799 1801 3852 ἵνα
1823 3801 1958 3854 πᾶσι
1982 3804 2094 3866 τοῖς

517 3883 644 3954 ἕξῆς
677 3881 972 3951 κατάδηλον
991 3879 1232 3951 γένηται,
1258 3881 1375 3944 οἵας
1407 3879 1646 3951 ὴξιώθης
1672 3882 1955 3948 ὀπτασίας.
1985 3887 2095 3938 Καὶ

519 3969 820 4038 ἐπήγαγεν,
857 3965 988 4018 Ὅτι
1031 3965 1372 4032 ἐνίσχυσας
1401 3965 1553 4032 μετὰ
1595 3966 1776 4030 Θεοῦ,
1825 3968 1925 4021 καί
1945 3971 2097 4037 μετὰ

516 4034 840 4118 ἀνθρώπων
859 4047 1118 4112 δυνατὸς
1145 4047 1280 4114 ἔσῃ.
1309 4047 1460 4116 Μηδέ
1481 4046 1664 4100 λοιπὸν
1687 4047 1714 4086 b
1741 4048 1927 4111 δέδιθι,
1947 4034 2096 4122 ’μηδὲ

521 4133 721 4204 βλάϐην
765 4129 886 4184 τινὰ
931 4130 1273 4200 προσδοκήσῃ
1309 4131 1459 4196 παρά
1503 4146 1646 4191 τινος
1685 4131 1996 4200 ὑπομένειν.
2039 4135 2096 4186 Ὀ

517 4217 628 4285 γάρ
655 4213 922 4282 τοσαύτην
958 4213 1108 4279 ἰσχὺν
1161 4209 1505 4280 προσλαϐὼν,
1533 4211 1610 4274 ὡς
1639 4213 1733 4264 καὶ
1783 4216 1922 4284 μετὰ
1958 4217 2094 4270 Θεοῦ

517 4298 810 4367 δυνηθῆναι
836 4293 1092 4347 παλαῖσαί
1117 4311 1196 4358 σε,
1225 4293 1403 4362 πολλῷ
1429 4293 1627 4360 μᾶλλον
1657 4295 1764 4346 τῶν
1791 4297 2095 4368 ἀνθρώπων

521 4380 769 4452 περιέσῃ,
803 4379 896 4430 καὶ
927 4377 1226 4446 ἀχείρωτος
1264 4375 1436 4428 ἅπασι
1465 4379 1690 4448 γενήσῃ.

590 4459 850 4530 γ’.’1“αῦτα
863 4459 1074 4512 ἀκούων
1089 4457 1352 4522 ὁδίκαιος,
1366 4461 1458 4512 καὶ
1469 4463 1839 4530 καταπλαγεὶς
1849 4463 1943 4516 τοῦ
1961 4465 2095 4536 πρὸς

521 4545 682 4600 αὑτὸν
710 4541 1090 4612 διαλεγομένου
1119 4544 1180 4593 τὸ
1205 4541 1451 4610 μέγεθος,
1479 4545 1641 4614 φησίν
1660 4563 1673 4577 ·
1713 4546 2097 4616 Ἀνὰγγειλόν

516 4645 614 4699 μοι
650 4627 716 4680 τὸ
757 4625 943 4695 ὄνομά
979 4641 1117 4678 σου.
1157 4625 1268 4682 Καὶ
1297 4621 1499 4679 εἶπενο
1535 4628 1658 4681 Ἵνα
1691 4630 1748 4682 τί
1779 4629 2000 4698 ἐρωτᾷς
2029 4632 2094 4684 τὸ

523 4709 708 4781 ὄνομά
749 4726 898 4778 pou;
949 4708 1061 4762 Καὶ
1112 4709 1449 4777 εὐλόγησεν·
1483 4712 1689 4764 αὐτόν.
1727 4714 1894 4777 Ἔσω,
1938 4716 2092 4786 φησί,

521 4795 628 4849 τῶν
657 4793 870 4846 οἰκείων
917 4793 1058 4864 ὅρων
1091 4793 1254 4863 μένε,
1293 4794 1386 4845 καὶ
1433 4793 1507 4864 μὴ
1557 4795 1851 4864 ὑπέρϐαινέ
1884 4813 1978 4848 σου
2026 4797 2096 4850 τὰ

525 4878 717 4949 μέτρα.
769 4875 1028 4944 Εὐλογίας
1068 4875 1243 4945 βούλει
1276 4874 1580 4929 ἀπολαῦσαι
1613 4877 1713 4946 τῆς
1765 4879 1893 4949 παρ’
1923 4879 2091 4947 ἐμοῦ;

536 4961 690 5022 Ἰδοὺ,
711 4959 912 5027 ταύτην
948 4975 1026 5010 σοι
1065 4959 1364 5028 δωροῦμαι.
1401 4961 1720 5028 Εὺλόγησε
1749 4961 1875 5030 γὰρ,
1907 4965 2092 5030 φησιν,

521 5042 727 5096 αὐτόν.
761 5041 867 5093 Καὶ
905 5041 1199 5093 ἐκάλεσε-ν
1237 5041 1436 5094 Ἰακὼϐ
1463 5042 1528 5094 τὸ
1557 5043 1744 5110 ὄνομα
1773 5043 1878 5098 τοῦ
1909 5046 2094 5099 τύπου

521 5123 780 5185 ἐκείνου,
821 5117 996 5186 Εἶδος
1041 5123 1205 5175 Θεοῦ.
1231 5119 1411 5176 Εἶδον
1445 5127 1554 5191 γὰρ
1600 5127 1746 5178 Θεὸν
1773 5128 2098 5194 πρόσωπον

524 5207 671 5275 πρὸς
701 5206 1042 5272 πρόσωπον,
1078 5204 1174 5256 καὶ
1218 5205 1414 5272 ἐσώθη
1441 5223 1562 5274 μου
1600 5209 1636 5276 ἡ
1685 5209 1876 5276 ψυχή.
1934 5211 2097 5282 Ὁρᾷς

525 5292 690 5343 πόσον
731 5287 879 5358 αὐτῷ
922 5287 1119 5356 θάρσος
1147 5285 1370 5353 γέγονεν
1419 5289 1528 5340 ἀπὸ
1573 5291 1668 5360 τῆς
1701 5292 1964 5358 ὀπτασίας
1997 5295 2096 5363 τῆς

524 5373 928 5446 γεγενημένηςς
969 5369 1178 5439 Ἐσώθη
1220 5371 1328 5440 γάρ
1373 5387 1496 5438 μου,
1537 5375 1720 5442 φησὶν.
1771 5377 1805 5444 ἡ
1849 5376 2016 5448 ψυχὴν
2061 5380 2096 5448 ἡ

589 5493 614 5520 ⁸
636 5491 784 5539 Savil.
807 5492 934 5554 male
957 5488 1272 5554 ἑρμηνεύεται,
1297 5485 1405 5554 νοῦς
1441 5489 1566 5554 ρρὧν
1594 5492 1732 5546 Θεόν,
1759 5495 1888 5554 quod
1923 5495 1972 5542 in
1999 5510 2098 5546 uno

527 5559 714 5600 tanlum
739 5565 827 5599 ms.
859 5548 1090 5599 haheiur:
1133 5549 1240 5604 νοῦς
1262 5551 1392 5596 enim
1413 5548 1550 5598 ab'est
1571 5567 1598 5600 ιι
1635 5548 1830 5604 coam-"is
1851 5557 2091 5607 omnibus.

527 5613 732 5673 Legitur
756 5615 804 5660 in
837 5613 983 5676 Coisi.
1009 5615 1150 5661 Esset
1196 5607 1356 5672 potius
1375 5611 1492 5676 ἀνὴρ
1511 5613 1634 5674 ὀρῶν
1657 5617 1796 5676 Θεὸν,
1835 5617 1910 5667 vir
1930 5617 2098 5670 [ﬁdem

529 5675 708 5722 Deum:
735 5683 786 5720 ut
807 5675 1004 5734 quidam
1036 5679 1442 5733 mlerprelaulur,
1469 5673 1527 5732 is,
1544 5673 1700 5740 ﬁvﬁp,
1734 5673 1798 5726 υῇ
1855 5679 2095 5730 [Iebraice

527 5745 642 5792 tvm
685 5721 782 5788 Sed
867 5721 1072 5804 primum
1103 5721 1248 5791 dvésl
1273 5744 1318 5790 in
1344 5721 1543 5790 ηοιῆἰιιε

589 5805 616 5842 ιι
643 5807 864 5863 Quinque
885 5818 996 5853 mss.
1023 5807 1199 5866 μηδένα
1219 5805 1397 5862 λοιπον,
1425 5817 1521 5853 non
1543 5815 1686 5854 male.

1151 369 1209 426 S.
1249 365 1530 424 JOANNIS
1561 359 2054 422 CHRYSOSTOMI
2089 362 2405 424 ARCHIEP.
2453 363 3002 428 CONSTANTINOP.

3663 360 3768 416 510

2189 483 2375 552 σχεδὸν
2431 485 2833 555 ἀποτεθνηκυῖα
2867 482 2970 535 ὑπὸ
3018 477 3112 532 τοῦ
3153 477 3320 540 δέους.
3377 473 3595 546 Ἐπειδὴ
3645 475 3768 528 ἰδεῖν

2187 567 2530 639 κατηξιώθην
2576 570 2868 639 πρόσωπον
2921 563 3056 634 πρὸς
3105 562 3396 632 πρόσωπον
3453 559 3544 614 τὸν
3599 559 3764 624 Θεὸν,

2201 651 2427 718 Ἐσώθη
2445 669 2564 720 μου
2587 652 2624 718 ἡ
2655 650 2848 720 ψυχή.
2885 645 3179 702 Ἀνέτειλε
3209 645 3276 699 δὲ
3308 645 3468 711 αὐτῷ
3504 649 3536 698 ό
3571 645 3764 712 ἣλιος.

2187 733 2369 800 ἡνίκα
2398 731 2666 802 παρῆλθε
2704 733 2770 786 τὸ
2813 729 2974 798 εἶδος
3009 731 3117 784 τοῦ
3153 729 3322 784 Θεοῦ.
3359 723 3514 791 Εἶδες
3544 729 3660 792 πῶς
3701 732 3764 798 τῇ

2189 817 2441 888 ἀσθενείᾳ
2489 819 2554 887 τῇ
2593 817 2908 888 ἀνθρωπίνῃ
2947 811 3394 881 συγκαταϐαίνων
3431 811 3458 865 6
3493 811 3768 881 Δεσπότης

2189 901 2366 954 πάντα
2404 904 2553 954 ποιεῖ
2583 903 2675 954 καὶ
2724 899 3211 972 πραγματεύεται,
3247 897 3388 950 ὥστε
3430 897 3528 966 τὴν
3561 895 3768 948 οἰκείαν

2191 983 2602 1054 φιλανθρωπίαν
2631 981 3033 1048 ἐπιδείξασθαις
3073 982 3183 1035 Καὶ
3219 981 3293 1053 μὴ
3330 978 3597 1050 ξενισθῇς,
3629 981 3766 1047 ἁγα-

2191 1067 2351 1136 πητέ,
2387 1067 2522 1138 πρὸς
2547 1067 2608 1120 τὸ
2634 1068 2735 1136 τῆς
2774 1064 3232 1134 συγκαταϐἀσεως
3259 1063 3504 1135 μέγεθος,
3535 1062 3649 1115 ἀλλ’
3681 1063 3767 1116 ἐν·

2189 1149 2383 1220 νόησον
2416 1151 2498 1202 ὅτι
2528 1151 2622 1203 καὶ
2651 1151 2743 1203 ἐπὶ
2773 1149 2866 1202 τοῦ
2897 1147 3258 1220 πατριάρχου,
3294 1147 3460 1216 ἡνίκα
3495 1145 3644 1218 παρά
3669 1145 3766 1216 τὴν

2191 1233 2321 1304 δρῦν
2346 1233 2655 1297 ἐκαθέζετο,
2691 1236 2746 1288 ἐν
2775 1231 3062 1304 ἀνθρώπου
3091 1233 3330 1301 σχήματι
3365 1229 3502 1300 μετὰ
3531 1230 3640 1282 τῶν
3665 1229 3767 1296 ἀγ-

2193 1315 2364 1384 γέλων
2391 1317 2696 1388 ἐπεξενώθη
2726 1316 2803 1387 τῷ
2822 1316 3034 1385 δικαίῳ,
3063 1313 3392 1384 προμηνύων
3413 1315 3546 1383 ἡμῖν
3564 1312 3769 1366 ἀνωθεν

2194 1400 2288 1452 καὶ
2317 1399 2375 1465 ἐξ
2419 1401 2612 1471 ἀρχῆς,
2649 1401 2730 1452 ὅτι
2774 1399 2956 1470 μέλλει
2991 1397 3340 1468 ἀνθρωπίνην
3375 1397 3589 1468 μορφὴν
3629 1395 3769 1465 λαμ-

2194 1483 2393 1546 ϐάνων,
2418 1483 2560 1537 οὕτω
2589 1486 2766 1538 πᾶσαν
2787 1483 2882 1554 τὴν
2908 1481 3254 1554 ἀνθρωπίνην
3284 1479 3443 1549 φύσιν
3467 1480 3531 1533 ἐκ
3553 1481 3652 1550 τῆς
3676 1477 3766 1532 τοῦ

2194 1565 2443 1620 διαϐόλου
2486 1567 2802 1638 τυραννίδος
2836 1563 3184 1636 ἐλευθεροῦν,
3217 1563 3313 1617 καὶ
3357 1561 3494 1633 πρὸς
3533 1561 3632 1634 τὴν
3663 1577 3768 1614 σωκ

2196 1649 2388 1720 τηρίαν
2414 1653 2727 1718 ἐπανάγειν.

2280 1731 2440 1786 Ἀλλὰ
2472 1733 2593 1786 τότε
2649 1733 2768 1803 μὲν,
2809 1733 2997 1803 ἐπειδὴ
3048 1731 3192 1803 ἀρχὴ
3243 1729 3338 1783 καὶ
3381 1729 3640 1801 προοίμια
3677 1723 3768 1800 ἦν,

2195 1817 2254 1867 ἐν
2313 1819 2552 1888 σχήματι
2620 1818 2916 1886 φαντασίας
2975 1816 3191 1884 ἑκάστῳ
3251 1813 3431 1868 αὐτῶν
3480 1813 3766 1882 ἐφαίνετο,

2197 1899 2446 1971 καθάπερ
2473 1901 2565 1954 καὶ
2597 1901 2758 1964 αὐτὸς
2789 1901 2883 1969 ⁵διὰ
2919 1900 3014 1953 τοῦ
3045 1901 3327 1972 προφήτου
3368 1899 3532 1969 φησίν
3553 1915 3567 1928 ·
3623 1897 3771 1968 Ἐγὼ

2197 1982 2441 2052 ὁράσεις
2458 1984 2792 2052 ἐπλήθυνα,
2817 1985 2912 2038 καί
2932 1985 3000 2038 ἐν
3030 1984 3202 2054 χερσὶ
3227 1981 3770 2053 προρητῶνώμοιώ-

2195 2071 2334 2134 θην·
2401 2069 2488 2122 ὅτε
2557 2069 2612 2121 δὲ
2657 2069 2959 2138 κατηξίωσε
3015 2070 3114 2138 τὴν
3159 2067 3254 2121 τοῦ
3301 2067 3487 2121 δούλου
3559 2067 3770 2139 μορφὴν

2195 2151 2505 2217 ἀναλαϐεῖν,
2542 2154 2635 2206 καὶ
2665 2153 2766 2224 τὴν
2799 2153 3049 2223 ἀπαρχὴν
3071 2152 3168 2222 τὴν
3201 2151 3476 2222 ἡμετέραν
3513 2151 3770 2216 ἀναδέξα-

2197 2234 2343 2300 σθαι,
2379 2235 2440 2288 ού
2475 2237 2779 2306 φαντασίᾳ,
2814 2236 2934 2290 οὐδὲ
2970 2237 3190 2306 δοκήσει
3228 2236 3326 2307 τὴν
3370 2237 3546 2305 σάρκα
3581 2236 3771 2300 ὑπέδυ,

2195 2317 2308 2372 ἀλλ’
2347 2317 2597 2390 ἀληθείᾳ.
2627 2320 2738 2372 Καὶ
2763 2319 2852 2372 διά
2890 2319 3048 2372 τοῦτο
3083 2319 3170 2372 διὰ
3202 2320 3416 2373 πάντων
3443 2319 3550 2371 τῶν
3578 2319 3776 2388 ήμετέυ

2199 2401 2306 2472 ρῶν
2336 2401 2510 2454 ἐλθεῖν
2557 2402 2906 2468 κατεδέξατο,
2949 2403 3044 2456 καὶ
3086 2403 3150 2454 ἐκ
3183 2401 3440 2469 γυναικὸς
3483 2402 3773 2472 τεχθῆναι,

2195 2483 2289 2538 καὶ
2322 2483 2521 2554 βρέφος
2555 2485 2828 2553 γενέσθαι,
2865 2487 2958 2539 καὶ
2993 2483 3468 2555 σπαργανωθῆναι,
3506 2483 3654 2555 [566]
3681 2483 3776 2536 καὶ

2195 2567 2791 2640 γαλακτοτροφηθῆναι,
2819 2571 2913 2623 καὶ
2942 2569 3116 2624 πάντα
3151 2569 3220 2621 τά
3271 2569 3405 2621 ἄλλα
3435 2567 3736 2638 ὑποστῆναι
3756 2608 3770 2630 ,

2198 2651 2285 2704 ἵνα
2302 2650 2647 2720 πιστώσηται
2665 2653 2762 2722 τῆς
2777 2653 3088 2722 οἰκονομίας
3100 2651 3197 2722 τὴν
3209 2650 3488 2721 ἀλήθειαν,
3500 2651 3593 2703 καὶ
3616 2651 3777 2720 ἀπορ-

2197 2733 2344 2804 ράψῃ
2373 2733 2480 2786 τῶν
2515 2734 2806 2805 αἱρετικῶν
2835 2733 2904 2787 τὰ
2936 2735 3197 2804 στόματα.
3221 2734 3319 2786 Διά
3338 2733 3495 2786 τοῦτο
3523 2735 3616 2786 καὶ
3645 2733 3776 2786 καθ-

2195 2814 2338 2870 εύδει
2376 2817 2468 2870 ἐπὶ
2492 2815 2587 2870 τοῦ
2618 2816 2803 2869 πλοίου
2831 2857 2846 2880 ,
2891 2817 2985 2870 καὶ
3015 2817 3304 2886 ὁδοιπορεῖ,
3337 2816 3432 2868 καὶ
3463 2819 3649 2885 κοπιᾷ,
3683 2816 3775 2869 καὶ

2197 2899 2375 2954 πάντα
2407 2900 2475 2954 τά
2496 2900 2812 2972 ἀνθρώπινα
2839 2899 3124 2970 ὑπομένει.
3158 2900 3244 2952 ἵνα
3268 2899 3356 2952 διὰ
3377 2898 3485 2951 τῶν
3517 2899 3776 2969 πραγμά-

2195 2999 2304 3038 των
2357 2983 2569 3048 πάντας
2614 2982 3034 3056 πληροφορῆσαι
3073 2981 3297 3054 δυνηθῇ.
3333 2982 3431 3036 Διά
3477 2981 3635 3034 τοῦτο
3685 2982 3780 3034 καὶ

2195 3067 2532 3141 δικαστηρίῳ
2569 3069 2924 3140 παρίσταται,
2951 3069 3048 3122 καὶ
3081 3065 3429 3137 σταυροῦται,
3477 3065 3564 3120 καὶ
3606 3065 3781 3118 θάνα-

2197 3169 2289 3206 τον
2326 3153 2586 3223 ὑπομένει
2615 3153 2707 3206 τὸν
2737 3151 3118 3217 ἐπονείδιστον,
3153 3151 3248 3204 καὶ
3281 3151 3337 3204 ἐν
3363 3149 3610 3221 μνημείῳ
3637 3147 3782 3201 τίθε-

2196 3251 2314 3302 ται,
2338 3235 2428 3291 ἴνα
2450 3236 2520 3288 τὰ
2551 3236 2652 3306 τῆς
2675 3235 2988 3305 οἰκονομίας
3017 3234 3103 3287 διὰ
3137 3233 3354 3288 πάντων
3386 3231 3661 3300 κατάδηλα
3688 3231 3782 3299 γέ-

2198 3335 2378 3388 νηται.
2440 3320 2505 3372 Εἰ
2560 3319 2666 3390 γὰρ
2703 3319 2780 3389 μὴ
2833 3317 2976 3371 κατά
3023 3315 3280 3386 ἀλήθειαν
3327 3315 3426 3386 τὴν
3457 3315 3635 3384 σάρκα
3683 3313 3780 3384 τὴν

2197 3400 2478 3472 ἡμετέραν
2507 3401 2792 3464 ἀνέλαϐεν,
2815 3399 2936 3453 οὐδὲ
2969 3398 3312 3469 ἐσταυρώθη,
3346 3398 3465 3450 οὐδὲ
3485 3397 3775 3460 ἀπέθανεν,

2199 3485 2322 3538 οὐδὲ
2369 3485 2565 3554 ἐτάφη,
2597 3484 2720 3538 οὐδὲ
2763 3483 2984 3552 ἀνέστη.
3035 3483 3181 3534 Εἰδέ
3227 3481 3301 3552 μὴ
3340 3481 3575 3550 ἀνέστη,
3615 3481 3721 3542 πᾶς
3749 3482 3778 3533 6

2199 3567 2300 3636 τῆς
2325 3567 2634 3637 οἰκονομίας
2665 3567 2824 3634 λόγος
2862 3565 3288 3634 ἀνατέτραπται.
3333 3563 3492 3634 Ὁρᾷς
3535 3565 3614 3626 εἰς
3645 3563 3776 3633 ὅσην

2202 3649 2432 3704 ἀτοπίαν
2455 3650 2810 3702 ἐκπίπτουσιν
2831 3651 2878 3702 οἱ
2916 3649 2990 3720 μὴ
3025 3647 3335 3718 βουλόμενοι
3382 3645 3460 3716 τῷ
3499 3645 3598 3714 τῆς
3629 3645 3778 3708 θείας

2201 3732 2424 3802 Γραφῆς
2455 3732 2874 3785 κατακολουθεῖν
2906 3729 3264 3792 κανόνι,ἁλλά
3289 3731 3400 3791 τοῖς
3435 3729 3654 3792 οἰκείοις
3689 3728 3777 3780 λο-

2201 3819 2421 3887 γισμοῖς
2453 3815 2667 3870 ᾶπαντα
2697 3815 3116 3888 ἐπιτρέποντες;
3161 3813 3300 3866 Ἀλλ’
3331 3811 3518 3884 ὥσπερ
3545 3811 3779 3865 ἐνταῦθα

2203 3901 2434 3971 ἀλήθειά
2454 3901 2570 3953 ἐστι
2597 3899 2900 3971 προφανὴς.
2919 3897 3092 3960 οὕτως
3119 3897 3209 3949 ἐπὶ
3233 3895 3324 3949 τοῦ
3352 3895 3560 3950 δικαίου
3587 3895 3778 3948 τούτου

2205 3985 2480 4055 φαντασία
2509 4002 2592 4047 τις
2623 3980 2714 4054 ἦν,
2747 3984 2815 4036 δι’
2863 3979 2931 4056 ἧς
2965 3982 3133 4053 ἐχρῆν
3177 3979 3654 4050 πληροφορηθῆναι
3689 3980 3781 4032 τὸν

2203 4069 2430 4133 δίκαιον,
2461 4069 2592 4140 ὅσης
2617 4067 2879 4122 ἀπολαύει
2909 4069 3006 4138 τῆς
3032 4069 3164 4138 παρ’
3193 4068 3355 4122 αὑτοῦ
3383 4067 3655 4142 προνοίας,
3687 4066 3780 4118 καὶ

2202 4153 2284 4204 ὅτι
2311 4150 2606 4220 ἀχείρωτος
2623 4151 2775 4203 ἔσται
2793 4151 2925 4203 πᾶσι
2951 4153 3062 4212 τοῖς
3078 4149 3447 4203 ἐπιϐουλεύειν
3475 4147 3803 4219 ἐπιχειροῦ-,

2205 4249 2306 4284 σιν.
2345 4229 2476 4284 Εἶτα
2505 4231 2590 4283 ἵνα
2623 4231 2824 4300 μηδένα
2856 4231 2966 4283 τῶν
2995 4233 3076 4294 εἰς
3103 4233 3162 4283 τὸ
3188 4231 3312 4302 ἑξῆς
3333 4231 3468 4301 λάθῃ
3489 4235 3522 4300 ή
3559 4248 3782 4301 γεγενη-

2207 4313 2339 4381 μένη
2371 4311 2520 4380 αὐτῷ
2541 4312 2794 4374 ὁπτασία,
2833 4313 3176 4376 Ἐπέσκαζε,
3205 4315 3357 4384 φησὶ,
3383 4314 3462 4378 τῷ
3483 4314 3650 4382 μηρῷ
3675 4315 3781 4366 αὺ-

2201 4396 2329 4450 τοῦ.
2367 4396 2590 4448 ’Ἕνεκα
2617 4397 2831 4448 τούτου
2861 4398 2932 4448 οὺ
2961 4397 3046 4464 μὴ
3078 4397 3351 4465 φάγωσιν
3373 4399 3490 4450 υἱοί
3515 4387 3781 4465 Ἰσραὴλ

2201 4477 2268 4530 τὸ
2305 4477 2542 4544 νεῦρον,
2563 4477 2594 4530 ὃ
2614 4477 2970 4545 ἐνάρκησεγ,
2989 4479 3023 4531 ὅ
3051 4480 3220 4532 ἐστιν
3245 4480 3342 4532 ὲπί
3379 4480 3484 4533 τοῦ
3515 4481 3780 4544 πλάτους

2201 4557 2308 4611 τοῦ
2332 4559 2548 4626 μηροῦ,
2566 4559 2676 4626 ἕως
2697 4559 2806 4628 τῆς
2831 4561 3054 4630 ἡμέρας
3075 4561 3420 4628 ταύτης,ὀ’τι
3447 4563 3646 4631 ἥψατο
3675 4561 3780 4616 τοῦ

2204 4641 2473 4707 πλάτους
2509 4643 2615 4696 τοῦ
2667 4645 2864 4712 μηροῦ
2928 4646 3153 4708 Ἰακὼϐ,
3197 4645 3227 4700 ὃ
3285 4646 3382 4700 καὶ
3421 4645 3776 4715 ἐνὰρκησεν.

2215 4725 2430 4796 Ἐπειδὴ
2479 4726 2585 4798 γὰρ
2623 4727 2650 4777 6
2689 4727 2786 4796 μὲν
2835 4728 3043 4791 δίκαιος
3087 4729 3279 4800 ἔμελλε
3329 4729 3622 4802 πληρώσας
3679 4731 3780 4797 τῆς

2205 4809 2352 4879 ζωῆς
2375 4809 2540 4864 αὑτοῦ
2561 4811 2685 4875 τοὺς
2709 4812 2936 4882 χρόνους
2965 4813 3320 4884 μεθίστασθαι
3337 4814 3430 4866 τοῦ
3463 4815 3596 4882 βίου,
3614 4813 3779 4884 ἐχρῆν

2201 4893 2258 4946 δὲ
2287 4893 2385 4964 τὴν
2413 4893 2564 4964 παρά
2603 4895 2695 4947 τοῦ
2717 4893 2852 4947 Θεοῦ
2891 4897 3263 4966 γεγενημένην
3295 4900 3374 4960 είς
3420 4897 3577 4950 αὑτὸν
3624 4899 3780 4964 κηδε-

2206 4977 2414 5046 μονίαν,
2429 4979 2522 5030 καὶ
2539 4978 2636 5046 τὴν
2651 4977 2919 5050 τοσαύτην
2939 4981 3344 5048 συγκατάϐασιν
3363 4981 3522 5033 παντὶ
3543 4980 3618 5051 τῷ
3635 4982 3779 5049 γένει

2205 5059 2311 5113 τῶν
2341 5059 2641 5130 ἀνθρώπων
2675 5061 2948 5132 γνώριμον
2973 5063 3244 5131 γενέσθαι,
3284 5065 3371 5117 διὰ
3403 5063 3559 5118 τοῦτὸ
3581 5082 3742 5134 φησιν
3762 5081 3776 5093 ·

2208 5143 2289 5194 οὐ
2310 5141 2396 5210 μὴ
2427 5142 2699 5211 φάγωσιν
2727 5143 2840 5197 υἱοὶ
2879 5145 3116 5212 Ἰσραὴλ
3149 5147 3215 5200 τὸ
3242 5147 3457 5215 νεῦρον
3485 5147 3590 5201 τοῦ
3627 5147 3780 5200 πλά-

2201 5241 2344 5290 τους
2382 5223 2486 5278 τοῦ
2515 5225 2742 5292 μηροῦ,
2773 5225 2802 5278 ὃ
2837 5226 3195 5295 ἐνάρκησεσν.
3239 5231 3406 5294 Εἰδὼς
3457 5231 3634 5284 αὐτῶν
3679 5231 3777 5302 τὴν

2204 5308 2406 5379 πολλὴν
2438 5309 2850 5381 ἀγνωμοσύνην,
2878 5313 2973 5365 καὶ
3017 5314 3164 5377 ὅπως
3193 5313 3634 5368 ἐπιλανθάνονται
3671 5314 3779 5366 τῶν

2205 5392 2354 5463 παρὰ
2375 5391 2468 5444 τοῦ
2485 5392 2620 5446 θεοῦ
2647 5395 2997 5465 εὐεργεσιῶν,
3015 5397 3104 5450 διὰ
3119 5397 3276 5452 τοῦτο
3319 5399 3670 5468 σοφιζόμενος
3703 5397 3777 5448 δι-

2203 5475 2374 5545 ηνεκῆ
2393 5475 2589 5538 αὐτοὺς
2605 5476 2746 5545 ἔχειν
2760 5477 2856 5548 τὴν
2875 5482 3094 5551 μνήμην
3110 5481 3218 5534 τῶν
3235 5483 3365 5553 παρ’
3381 5481 3544 5535 αὑτοῦ
3555 5497 3778 5549 γεγενη-

2208 5557 2383 5628 μένων
2413 5560 2770 5630 εὐεργεσιῶν,
2805 5561 2874 5614 τά
2901 5564 3264 5636 ὑπομνήματα
3289 5565 3652 5634 φυλάττεσθαι
3678 5563 3778 5615 αὐ·-

2203 5643 2328 5704 τοὺς
2359 5643 2741 5712 ἐμηχανήσατο
2780 5643 2866 5695 διὰ
2895 5644 3004 5696 τῶν
3031 5646 3285 5700 τοιούτων
3311 5647 3770 5718 παρατηρήσεων·

2205 5725 2299 5778 καὶ
2319 5726 2476 5780 τοῦτο
2489 5727 2574 5780 διά
2590 5727 2767 5796 πάσης
2785 5727 2884 5796 τῆς
2900 5728 3116 5799 Γραφῆς
3137 5729 3280 5786 ἔστιν
3294 5731 3489 5802 εὑρεῖν.
3505 5728 3651 5798 Αὕτη
3663 5727 3770 5797 γὰρ

2209 5807 2443 5880 μάλιστά
2482 5811 2629 5863 ἐστιν
2659 5811 2692 5880 ή
2720 5809 2863 5862 αἰτία
2892 5811 2999 5866 τῶν
3031 5811 3288 5869 πλειόνων
3322 5811 3774 5884 παρατηρήσεων,
