4168 6264
472 337 574 393 509

469 455 591 505 bocli
618 472 632 518 ;
664 452 751 507 23.
784 463 829 506 et
854 455 1042 524 accepit
1066 471 1168 519 eos,
1199 465 1242 508 et
1281 457 1474 507 transiit
1503 467 1789 511 torrentem.
1821 458 1907 510 2i.
1944 457 2043 510 Ite-

470 547 616 597 lictus
646 554 717 597 est
746 555 911 597 autem
936 544 1096 598 Iacob
1125 546 1283 612 solus,
1330 556 1377 599 et
1420 547 1701 600 luctabatur
1740 550 1886 600 homo
1932 565 2044 602 cum

465 651 545 689 eo.
591 633 768 704 Magna
815 635 1024 689 Domini
1073 638 1372 691 clementia.
1419 638 1678 702 Quoniam
1726 653 2045 692 occursurus

464 735 581 779 erat
607 724 773 793 fratri,
802 734 858 779 ut
886 726 1044 781 sciret
1071 728 1243 796 reipsa
1269 727 1411 797 quod
1440 728 1573 782 nihil
1607 744 1853 797 asperum
1900 729 2041 783 latu-

463 830 558 870 rus
583 826 741 879 esset,
773 816 824 871 in
854 815 1018 887 ﬁgura
1045 816 1274 872 hominis
1303 819 1491 873 luctari
1524 834 1644 874 cum
1679 820 1823 889 justo
1852 820 2040 875 voluit.

464 909 666 965 Deinde
694 909 878 965 videns
904 926 963 966 se
992 912 1129 966 vinci
1161 912 1263 981 (a),
1303 911 1395 967 25.
1439 913 1801 982 Appreltendit,
1849 913 2036 982 inquit,

464 1001 779 1057 latitudinem
815 1006 1020 1073 femoris
1056 1006 1184 1076 ejus.
1236 1004 1425 1058 Totum
1468 1015 1646 1059 autem
1695 1006 1795 1059 hoc
1843 1005 2038 1059 factum

460 1100 565 1158 est,
594 1102 653 1147 ut
677 1108 735 1148 se
773 1095 1235 1150 illius-humilitati
1267 1105 1663 1164 attemperaret,
1703 1096 2036 1151 formidinem

458 1198 522 1234 ex
550 1182 723 1236 anima
747 1185 876 1251 justi
903 1186 1180 1252 eximeret,
1223 1195 1276 1239 et
1312 1186 1652 1253 persuaderet
1690 1187 1759 1252 ei,
1806 1196 1865 1239 ut
1903 1187 2035 1240 citra

457 1285 708 1342 angorem
736 1274 883 1327 fratri
914 1285 1239 1330 occurreret.
1272 1275 1403 1329 Nam
1432 1291 1551 1329 cum
1577 1276 1834 1330 tenuisset
1861 1276 2039 1330 latitu-

454 1359 633 1414 dinem
675 1360 892 1417 femoris
927 1363 1110 1430 Iacob,
1144 1363 1406 1417 Emarcuit
1453 1364 1665 1418 latitudo
1700 1366 1904 1436 femoris
1940 1365 2038 1418 Ja-

453 1452 563 1515 cob,
594 1469 705 1505 cum
746 1454 1106 1508 colluctaretur
1144 1456 1231 1508 ille
1270 1472 1383 1508 cum
1422 1471 1500 1509 eo.
1544 1456 1745 1510 Deinde
1774 1465 1832 1510 ut
1873 1457 2033 1510 sciret

452 1542 616 1597 Iacob
646 1545 894 1600 virtutem
921 1546 1036 1615 ejus
1062 1562 1219 1615 quem
1248 1563 1426 1602 secum
1460 1548 1646 1602 luctari
1677 1549 1916 1618 putabat,
1948 1549 2031 1601 di-

450 1635 606 1689 citad
628 1652 749 1691 eum
794 1656 807 1691 :
853 1637 957 1707 26.,
990 1637 1199 1692 Dimitte
1232 1654 1344 1704 me;
1389 1640 1613 1693 ascendit
1661 1643 1791 1694 enim
1820 1658 2027 1695 aurora.

449 1727 698 1781 Sentiens
728 1728 887 1797 igitur
911 1728 1083 1799 justus
1107 1731 1523 1799 magnitudinem
1548 1732 1757 1785 virtutis
1778 1733 1909 1801 ejus,
1937 1733 2027 1802 qui

450 1818 563 1870 haec
588 1818 685 1871 sibi
713 1818 939 1882 dixerat,
970 1819 1105 1874 dixit
1142 1838 1156 1873 :
1188 1820 1398 1874 Minime
1429 1833 1475 1875 te
1513 1823 1785 1888 dimittam,
1818 1824 1917 1876 nisi
1953 1841 2031 1877 me

447 1907 775 1964 benedixeris.
809 1911 996 1980 Magna
1025 1922 1387 1981 consequutus
1425 1928 1566 1977 sum,
1609 1924 1662 1966 et
1705 1930 1823 1983 qua:
1863 1929 2023 1983 supra

445 2014 618 2053 meam
646 2013 769 2054 sunt
792 2002 1098 2071 dignitatem
1129 2021 1141 2055 :
1174 2019 1277 2057 non
1306 2004 1453 2072 prius
1489 2014 1540 2057 te
1578 2005 1896 2073 relinquam,
1924 2007 2026 2059 do-

445 2103 544 2141 nec
573 2089 999 2144 benedictionem
1035 2106 1063 2144 a
1106 2100 1159 2145 te
1179 2093 1453 2161 accipiam.
1500 2093 1701 2147 Deinde
1735 2093 1883 2160 dicit,
1932 2095 2019 2149 27.

448 2178 598 2244 Quod
626 2195 805 2232 nomen
832 2190 972 2232 tuum
992 2182 1105 2234 est?
1134 2181 1260 2235 Vide
1289 2182 1478 2236 iterum
1504 2194 1759 2252 quantum
1784 2200 1902 2241 sese
1924 2186 2025 2242 hu-

444 2267 613 2321 IIIIIIt'I.
637 2275 691 2322 et
712 2277 1043 2338 attemperet.
1064 2269 1200 2324 Num
1226 2272 1272 2326 si
1297 2287 1403 2327 non
1426 2273 1824 2345 interrogasset,
1854 2278 2017 2331 nesci.

444 2358 611 2413 visset
624 2360 750 2429 justi
775 2362 1007 2415 nomen?
1029 2362 1239 2418 Sciebat
1258 2365 1439 2434 utique
1459 2383 1471 2419 :
1496 2365 1589 2420 sed
1608 2366 2021 2438 interrogatione

442 2452 553 2504 vult
577 2452 693 2521 ejus
727 2452 970 2507 ﬁduciam
999 2454 1248 2517 solidare,
1281 2466 1336 2511 et
1362 2456 1555 2511 docere
1583 2459 1700 2527 quis
1744 2460 1812 2513 sit
1851 2461 1940 2530 qui
1968 2462 2014 2515 ei

438 2539 703 2611 loquatur.
732 2541 799 2595 Et
825 2552 1102 2613 postquam
1131 2545 1283 2611 dixit,
1312 2544 1498 2612 Iacob,
1522 2545 1612 2601 28.
1645 2548 1816 2617 inquit
1846 2565 1860 2602 :
1895 2548 2017 2604 Non

437 2632 695 2685 rocabitur
742 2650 924 2687 nomen
964 2644 1103 2689 tuum
1141 2637 1322 2703 Iacob,
1362 2638 1452 2691 sed
1490 2637 1658 2692 Israel
1694 2641 1787 2693 erit
1835 2658 2015 2697 nomen

436 2731 599 2776 tuum.
630 2722 879 2790 Quoniam
903 2725 948 2778 si
972 2735 1151 2780 contra
1174 2725 1341 2780 Deum
1366 2728 1514 2798 fortis
1534 2730 1694 2801 fuisti,
1725 2732 1883 2784 multo
1910 2748 2020 2784 ma-

435 2815 512 2884 gis
539 2824 713 2867 contra
739 2816 963 2870 homines
985 2826 1157 2887 potem
1180 2820 1299 2873 eris.
1328 2819 1515 2873 Vidisti
1539 2821 1806 2890 quomodo
1832 2832 2016 2876 osten-

433 2906 513 2958 dit
539 2916 701 2959 totam
738 2921 973 2973 causam,
1006 2919 1221 2978 propter
1244 2925 1402 2978 quam
1434 2910 1567 2965 adeo
1603 2926 1661 2966 se
1686 2911 1918 2975 demisit,
1960 2924 2017 2969 et

433 2996 590 3050 simul
616 2997 796 3052 docuit
829 2999 1028 3067 justum
1068 3015 1163 3069 per
1192 3000 1421 3054 nominis
1464 3001 1854 3071 itnpositionem
1897 3006 2016 3074 quis

432 3096 573 3141 esset
593 3103 748 3158 quem
772 3089 964 3144 viderit
984 3099 1037 3145 et
1052 3091 1535 3160 comprehenderit.
1568 3092 1687 3147 Non
1716 3094 1853 3148 ultra
1872 3096 2014 3151 enim

431 3180 685 3234 vocaberis
711 3180 892 3248 Iacob,
922 3183 1011 3235 sed
1033 3181 1205 3236 Israel
1230 3185 1322 3237 erit
1344 3200 1523 3237 nomen
1555 3194 1714 3238 tuum.
1742 3186 1900 3240 Israél
1922 3201 2016 3241 au—

433 3281 562 3339 tem,
594 3273 637 3325 si
665 3273 782 3342 quis
811 3272 1209 3344 interpretetur,
1236 3285 1409 3341 sonat,
1435 3275 1633 3330 Videns
1655 3276 1841 3331 Deum.
1863 3276 2012 3344 Quo-

431 3361 571 3414 niam
600 3362 737 3417 sicut
762 3363 942 3417 videre
969 3364 1168 3417 homini
1202 3365 1453 3434 possibile
1491 3374 1593 3433 est,
1623 3367 1789 3421 Deum
1828 3368 2011 3424 videre

430 3452 709 3506 meruisti:
740 3465 1017 3522 propterea
1055 3463 1109 3508 et
1144 3453 1283 3509 hanc
1323 3456 1732 3525 appellationem
1780 3457 1872 3512 tibi
1907 3459 2011 3513 im—

431 3559 594 3613 pono,
623 3555 681 3601 ut
708 3548 956 3603 omnibus
982 3550 1209 3619 posteris
1238 3550 1577 3604 manifestum
1614 3551 1703 3617 sit,
1740 3566 1897 3622 quam
1935 3554 2014 3605 vi-

430 3637 635 3693 sionem
661 3649 977 3709 assequutus
1000 3641 1184 3695 fueris.
1215 3640 1281 3695 Et
1311 3641 1524 3711 subjicit
1549 3660 1561 3696 :
1597 3642 1848 3706 Quoniam
1876 3660 2013 3712 prie.

429 3729 630 3782 valuisti
652 3740 826 3783 contra
856 3729 1041 3795 Deum,
1080 3739 1126 3784 et
1166 3740 1341 3783 contra
1370 3731 1601 3785 homines
1637 3740 1812 3800 potens
1852 3734 1950 3785 eris
1992 3750 2011 3786 :

429 3818 563 3873 nihil
589 3819 813 3888 amplius
842 3821 970 3875 time
1006 3821 1047 3887 ί,
1074 3836 1248 3889 neque
1294 3821 1548 3874 damnum
1578 3821 1790 3891 aliquod
1818 3838 2011 3890 exspe-

428 3920 565 3975 ctes,
597 3910 736 3979 quod
765 3912 831 3966 ab
855 3913 1033 3982 aliquo
1057 3912 1215 3967 feras.
1251 3912 1381 3967 Nam
1408 3912 1499 3983 qui
1524 3921 1724 3967 tantam
1763 3915 2011 3970 virtutem

430 4002 707 4071 accepisti,
741 4013 797 4057 ut
822 4017 941 4057 cum
971 4003 1081 4057 Deo
1119 4003 1303 4058 luctari
1345 4004 1595 4069 valueris,
1637 4005 1806 4060 multo
1844 4007 2012 4077 magis

430 4091 677 4146 homines
707 4094 998 4163 Superabis,
1030 4104 1083 4149 et
1109 4095 1331 4149 invictus
1360 4095 1608 4150 omnibus
1643 4096 1769 4150 eris.

499 4186 554 4241 5.
597 4185 687 4240 llis
736 4186 1115 4257 auditisjustus
1165 4187 1548 4257 obstupescens
1595 4187 2008 4257 magnitudinem

427 4275 545 4343 ejus
574 4277 660 4345 qui
689 4292 870 4331 secum
898 4277 1319 4347 colloquebatur,
1350 4278 1479 4331 dicit
1506 4279 1555 4332 ei
1593 4295 1605 4329 :
1636 4277 1724 4332 29.
1756 4279 2011 4331 Annuntia

428 4368 555 4419 mihi
579 4384 758 4421 nomen
784 4378 943 4421 tuum.
970 4368 1035 4421 Et
1062 4368 1191 4422 dixit
1225 4384 1243 4421 :
1266 4368 1370 4422 Cur
1395 4370 1577 4438 quaeris
1598 4386 1778 4423 nomen
1804 4370 2011 4423 meum?

430 4458 499 4511 Et
527 4460 775 4512 benedixit
801 4476 934 4513 eum.
967 4460 1109 4513 Intra
1134 4469 1253 4513 tuos
1273 4461 1489 4526 limites,
1527 4462 1719 4530 inquit,
1755 4477 1927 4526 mane,
1957 4472 2011 4517 ct

432 4565 500 4603 ne
530 4551 933 4618 transgrediaris
978 4566 1279 4604 mensuram
1318 4561 1483 4605 tuam.
1517 4553 1607 4608 Vis
1642 4570 1813 4608 meam
1845 4555 2009 4609 bene-

430 4640 719 4694 dictionem
746 4640 1023 4694 obtinere?
1056 4642 1193 4695 Ecce
1217 4656 1337 4695 eam
1366 4642 1459 4696 tibi
1480 4642 1567 4696 do.
1602 4644 1735 4698 Dicit
1758 4646 1919 4712 enim,
1946 4646 2011 4697 Et

427 4731 683 4785 benedixit
724 4749 857 4786 eum.
899 4733 987 4787 50.
1032 4731 1101 4785 Et
1138 4733 1353 4797 vocavit,
1386 4732 1592 4803 inquit,
1630 4733 1789 4787 Iacob
1831 4751 2010 4789 nomen

434 4822 529 4876 loci
556 4822 714 4887 illius,
748 4821 981 4891 Spectem
1019 4822 1131 4876 Dei.
1180 4822 1291 4875 Vidi
1326 4824 1457 4876 enim
1495 4822 1658 4876 Deum
1686 4825 1816 4893 facie
1840 4824 1906 4877 ad
1931 4826 2012 4893 fi.-

430 4912 576 4975 ciem,
604 4920 652 4963 et
680 4911 822 4964 salva
848 4915 985 4981 facta
1014 4922 1086 4965 est
1114 4913 1285 4965 anima
1314 4929 1445 4966 mea.
1480 4913 1643 4967 Vides
1668 4924 1920 4983 quantum
1960 4918 2009 4969 ei

429 5003 637 5058 ﬁducia;
663 5019 691 5057 a
732 5003 936 5059 visione
974 5005 1043 5059 sit
1079 5004 1342 5059 inditum?
1372 5005 1531 5060 Salva
1576 5008 1712 5075 facta
1741 5016 1812 5060 est
1841 5008 2011 5061 anima

492 5133 510 5195 ἦ
544 5133 762 5195 Quinque
784 5138 913 5190 Mss.,
938 5131 1171 5182 neminem
1194 5132 1398 5195 mnplius
1415 5133 1545 5183 time.

491 5193 565 5253 (α)
598 5193 693 5257 ilic
711 5194 870 5242 series
902 5207 957 5257 se
996 5193 1538 5243 intricatam'exhibere
1582 5196 1746 5257 incipit
1779 5209 1792 5244 :
1828 5208 1938 5257 nam
1970 5197 2012 5245 si

428 5256 493 5328 ita
521 5267 577 5328 se
601 5254 797 5328 habeat,
822 5260 876 5327 ut
898 5256 946 5328 in
971 5256 1114 5328 Editis
1136 5264 1187 5328 et
1218 5257 1269 5328 in
1292 5259 1618 5328 Manuscriptis
1637 5254 2012 5328 otiunbuslegi-

430 5323 526 5373 tur,
551 5317 696 5364 Jacob
716 5317 825 5385 ipse
848 5318 898 5385 in
923 5315 1045 5366 lucta
1071 5319 1223 5366 victus
1246 5316 1410 5377 fuerit,
1437 5315 1540 5379 ipse
1570 5320 1753 5385 dixerit
1777 5333 1790 5367 :
1820 5315 2013 5385 minute

428 5390 522 5432 me,
548 5377 762 5426 ascendit
780 5377 905 5426 enim
927 5391 1120 5427 aurora.
1169 5385 1221 5428 Et
1258 5386 1419 5428 tamen
1452 5377 1546 5427 non
1579 5380 1720 5427 modo
1750 5380 2014 5428 Hebraicus

429 5445 615 5502 textus,
646 5451 913 5502 omnesque
942 5446 1241 5502 luterpretes
1270 5440 1374 5489 haec
1395 5440 1545 5490 verba
1566 5442 1731 5489 dicunt
1760 5452 1871 5490 esse
1895 5441 2013 5502 ejus

426 5502 511 5560 qui
527 5499 804 5568 luctabatur
828 5499 935 5568 cum
960 5513 1047 5559 eo;
1072 5499 1165 5568 Sed
1185 5515 1291 5568 ipse
1334 5502 1701 5568 Chrysostomus
1733 5504 1853 5550 in.ra
1876 5499 2010 5568 dicit,

428 5560 638 5625 sentiens
658 5560 805 5623 igitur
817 5562 980 5621 justus
1004 5560 1381 5624 magnitudinem
1427 5560 1613 5625 uirtutis
1655 5565 1762 5625 ejus
1805 5564 1887 5625 qui
1922 5562 2014 5613 sibi

426 5618 532 5670 liceo
558 5618 766 5671 αἰτεῖ-(ιι.
786 5618 1105 5681 Quamobrem
1125 5625 1502 5687 videturseries
1530 5618 1827 5687 aliquantum
1847 5625 2014 5673 vitiata

430 5696 561 5731 esse.
588 5690 697 5755 utut
720 5691 813 5741 est,
838 5692 1043 5746 textum,
1078 5682 1212 5738 nullo
1255 5685 1552 5750 suffragante
1585 5682 1776 5749 codice,
1821 5693 2013 5737 mutare

436 5759 533 5795 ιιυιι
547 5756 649 5794 21181
672 5758 852 5796 διιπιυε.

1489 338 1550 395 ΙΝ
1582 340 1729 397 CAP.
1776 341 1985 397 XXXII.
2022 342 2264 401 GENES.
2306 346 2529 401 ΙίυΜΙΙλ.
2575 346 2751 403 LVIII.

3632 361 3734 418 5l0

2154 473 2298 524 mea,
2353 477 2469 529 quae
2518 473 2633 517 erat
2682 468 3062 536 propemodum
3113 478 3318 528 mortua
3362 489 3473 545 pra:
3519 479 3727 535 timore.

2151 548 2412 613 Quoniam
2454 552 2632 606 videre
2660 555 2790 608 mihi
2829 557 3010 637 datum
3051 572 3133 614 est
3176 562 3341 617 Deum
3386 568 3517 621 lacie
3555 569 3621 622 ad
3654 570 3732 623 l'a-

2148 639 2308 700 ciem,
2341 640 2499 693 Salva
2518 642 2656 710 facta
2684 654 2757 698 est
2785 648 2955 700 anima
2983 665 3112 705 mea.
3140 652 3234 705 3|.
3286 652 3438 708 Ortus
3463 668 3535 710 est
3567 668 3731 712 autem

2148 726 2193 778 ei
2220 727 2315 788 sol,
2344 730 2545 794 quando
2568 734 2809 798 prwteriit
2831 734 2957 787 visio
2979 735 3096 789 Dei.
3124 738 3313 794 Vidisti
3345 747 3611 810 quomodo
3648 748 3729 802 in-

2148 813 2382 869 ﬁrmitati
2410 818 2654 873 humana:
2684 821 2941 877 Dominus
2983 840 3101 882 sese
3141 839 3519 902 attemperans,
3548 840 3727 895 omnia

2145 905 2252 971 agit
2281 915 2333 959 et
2361 915 2569 973 tractat,
2597 917 2653 962 ut
2682 924 2828 965 suam
2861 913 3240 983 benignitatem
3266 921 3531 977 declaret?
3566 927 3632 980 Et
3660 944 3727 983 ne

2144 992 2446 1059 admireris,
2492 998 2704 1063 dilecte,
2736 1001 2878 1069 quod
2918 1011 3061 1057 tanta
3101 1006 3170 1060 sit
3208 1008 3547 1080 indulgentia:
3585 1015 3727 1072 illius

2143 1087 2488 1154 magnitudo:
2516 1089 2609 1142 sed
2634 1092 2805 1160 cogita
2830 1095 3095 1161 quomodo
3133 1107 3187 1151 et
3225 1102 3557 1168 patriarcha},
3602 1122 3724 1161 cum

2142 1175 2279 1245 apud
2310 1193 2561 1246 quercum
2587 1181 2816 1249 sederet,
2848 1182 2899 1236 in
2930 1182 3160 1240 hominis
3187 1188 3349 1259 figura
3377 1207 3494 1246 cum
3520 1196 3723 1263 angelis

2140 1264 2336 1334 hospes
2361 1268 2537 1335 fuerit,
2569 1272 2893 1341 prtesignans
2935 1276 3087 1330 nobis
3116 1276 3226 1346 jam
3259 1281 3427 1336 multo
3470 1296 3625 1337 antea
3667 1296 3723 1341 et

2139 1355 2207 1408 ab
2234 1356 2384 1411 initio
2412 1372 2471 1413 se
2501 1360 2784 1415 humanam
2810 1372 3051 1417 naturam
3078 1379 3446 1437 suscepturum
3474 1388 3593 1428 esse
3612 1414 3631 1441 ,
3661 1385 3719 1430 ut

2138 1446 2215 1501 sic
2234 1464 2444 1505 omnem
2473 1451 2754 1506 humanam
2782 1465 3024 1510 naturam
3069 1472 3098 1511 a
3125 1460 3320 1515 diaboli
3350 1466 3626 1532 tyrannide
3656 1468 3719 1520 li-

2137 1538 2369 1607 beraret,
2401 1552 2452 1596 et
2482 1543 2547 1597 ad
2573 1545 2800 1599 salutem
2831 1548 3129 1604 reduceret.

2217 1630 2413 1685 Veritas
2457 1635 2821 1690 incarnationis
2867 1639 3193 1705 declaratur;
3236 1642 3589 1711 beneﬁciorum
3628 1646 3717 1700 Dei

2133 1736 2458 1777 monumenta
2487 1727 2538 1779 in
2566 1727 2931 1797 Scriptura.——
2946 1730 3140 1784 Verum
3172 1741 3295 1786 tunc
3320 1735 3553 1804 quidem,
3583 1753 3714 1807 quu-

2135 1813 2274 1866 niam
2307 1815 2452 1867 initia
2482 1828 2534 1868 et
2564 1819 2819 1886 principia
2848 1829 3018 1885 erant,
3056 1824 3107 1873 in
3136 1822 3296 1891 ﬁgura
3327 1826 3611 1895 unicuique
3646 1829 3712 1881 il-

2134 1902 2305 1956 lorum
2333 1905 2641 1989 apparebat,
2668 1910 2806 1962 sicut
2837 1910 2952 1978 ipse
2982 1926 3079 1979 per
3102 1913 3263 1965 alium
3292 1916 3602 1983 prophetam
3633 1919 3715 1973 di-

2130 1993 2201 2045 cit
2232 2008 2246 2045 :
2276 1992 2388 2063 Ego
2419 1996 2631 2050 visiones
2657 2000 3003 2069 nmltiplicavi,
3029 2011 3073 2054 et
3100 2004 3151 2053 in
3178 2006 3407 2057 manibus
3437 2010 3707 2075 prop/teta-

2128 2099 2243 2135 rum
2267 2087 2575 2141 assimilatas
2616 2106 2725 2141 sum
2764 2090 2916 2159 (Osee
2964 2094 3049 2145 1'2.
3084 2094 3175 2163 10)
3222 2112 3234 2146 :
3281 2096 3492 2165 quando
3533 2109 3709 2156 autem

2128 2172 2373 2244 dignatus
2400 2188 2482 2232 est
2510 2181 2764 2236 Dominus
2787 2182 3072 2238 humanam
3097 2181 3321 2240 formam
3343 2189 3635 2259 suscipere,
3657 2203 3713 2248 et

2128 2269 2386 2335 primitias
2416 2282 2623 2325 nostras
2652 2274 2908 2341 recipere,
2942 2291 3044 2328 non
3076 2278 3127 2329 in
3159 2276 3320 2346 ﬁgura
3354 2296 3523 2347 neque
3548 2296 3711 2351 appa.

2126 2366 2334 2412 rentem
2364 2369 2567 2415 tantum
2596 2376 2834 2427 carnem,
2866 2364 2960 2417 sed
2988 2380 3171 2420 veram
3202 2367 3391 2422 induit.
3426 2369 3493 2424 Et
3513 2385 3709 2440 capro—

2125 2456 2241 2514 pter
2284 2450 2448 2502 voluit
2495 2466 2588 2519 per
2629 2454 2807 2506 omnia
2851 2466 3029 2507 nostra
3076 2458 3337 2524 transire,
3380 2474 3442 2513 ex
3487 2462 3711 2518 muliere

2123 2539 2289 2604 nasci,
2323 2540 2496 2596 infans
2524 2542 2661 2608 ﬁeri,
2705 2545 3001 2612 panniculis
3045 2547 3261 2615 involvi,
3289 2558 3343 2603 et
3378 2550 3512 2604 lacte
3542 2553 3705 2618 pasci,

2120 2630 2331 2700 aliaque
2375 2634 2551 2687 omnia
2595 2634 2754 2703 ferre,
2792 2645 2850 2691 ut
2890 2637 3302 2706 dispensationis
3347 2641 3542 2696 veritas
3581 2658 3704 2699 cre-

2119 2718 2336 2776 dibilior
2388 2733 2568 2789 esset,
2622 2734 2675 2779 et
2720 2725 3095 2781 Inereticorum
3154 2744 3247 2782 ora
3308 2729 3704 2786 obturarentur.

2121 2810 2406 2880 Propterea
2463 2824 2519 2869 et
2571 2815 2770 2870 dormit
2825 2816 2877 2869 in
2935 2818 3096 2881 navi,
3166 2826 3223 2872 et
3278 2820 3379 2874 iter
3436 2819 3592 2885 facit,
3649 2831 3706 2876 et

2118 2903 2400 2973 fatigatur,
2449 2915 2503 2958 et
2550 2907 2728 2959 omnia
2774 2906 3005 2960 humana
3055 2907 3316 2971 sustinet,
3366 2919 3423 2962 ut
3468 2926 3562 2978 per
3614 2925 3700 2967 res

2118 2992 2264 3064 ipsas
2330 2994 2597 3064 certisque
2652 2997 2981 3065 argumentis
3049 2997 3365 3064 persuadeat
3433 2998 3702 3054 omnibus.

2119 3082 2344 3153 Propter
2372 3085 2476 3140 hoc
2519 3086 2680 3140 etiam
2722 3086 2969 3141 tribunali
3015 3088 3215 3154 adstat,
3257 3097 3313 3144 et
3356 3090 3701 3160 cruciﬁgitur,

2116 3182 2449 3245 mortemque
2477 3177 2706 3231 sustinet
2733 3177 3312 3246 ignominiosissimam,
3343 3187 3397 3234 et
3437 3181 3489 3234 in
3526 3182 3705 3251 sepul-

2115 3279 2210 3319 cro
2237 3267 2472 3335 ponitur,
2507 3276 2564 3323 ut
2600 3284 2696 3323 sua
2738 3269 3033 3324 incarnatio
3063 3285 3159 3339 per
3181 3272 3359 3325 omnia
3400 3273 3492 3326 ﬁat
3533 3274 3706 3327 mani-

2115 3357 2271 3414 festa.
2303 3359 2435 3414 Nam
2461 3361 2508 3415 si
2534 3377 2641 3416 non
2675 3376 2803 3416 vere
2840 3376 3060 3416 carnem
3095 3372 3334 3417 nostram
3371 3365 3657 3433 assumpsit
3685 3382 3700 3419 :

2114 3466 2288 3521 neque
2313 3452 2600 3508 cruciﬁxus
2624 3460 2726 3517 est,
2759 3467 2933 3522 neque
2954 3462 3216 3520 mortuus,
3241 3468 3413 3522 neque
3442 3454 3699 3523 sepultus,

2114 3557 2287 3612 neque
2326 3545 2637 3599 resurrexit.
2681 3544 2833 3611 Quod
2863 3545 2909 3599 si
2935 3560 3041 3599 non
3068 3545 3388 3611 resurrexit,
3434 3545 3609 3600 omnis
3634 3546 3703 3601 de

2116 3631 2483 3688 incarnatione
2511 3649 2692 3688 sermo
2715 3636 3005 3691 subversus
3034 3644 3137 3690 est.
3174 3635 3333 3690 Vides
3364 3637 3413 3688 in
3444 3646 3699 3705 quantam

2116 3720 2501 3775 absurditatem
2525 3723 2768 3777 incidunt
2793 3725 2884 3793 qui
2909 3724 3102 3778 divina:
3130 3724 3419 3795 Scriptum
3440 3740 3701 3780 canonem

2113 3809 2266 3878 sequi
2321 3812 2545 3877 nolunt,
2599 3812 2694 3865 sed
2746 3812 2859 3866 suis
2919 3813 3332 3881 cogitationibus
3391 3814 3703 3882 permittunt

2113 3899 2334 3952 omnia?
2378 3900 2572 3954 Verum
2618 3902 2756 3955 sicut
2800 3901 2887 3957 hic
2933 3903 3211 3972 perspicua
3240 3912 3324 3956 est
3367 3904 3585 3970 veritas,
3630 3904 3700 3958 ita

2113 3988 2254 4057 apud
2286 3990 2491 4058 justum
2522 3991 2672 4045 illum
2724 3992 2890 4061 ﬁgura
2934 3992 3177 4061 quaedam
3221 4001 3355 4057 erat,
3407 4008 3503 4061 per
3538 4009 3698 4063 quam

2111 4081 2294 4149 justus
2322 4083 2504 4137 multis
2531 4087 2861 4153 argumentis
2888 4086 3087 4139 certior
3129 4084 3299 4147 ﬁeret,
3333 4096 3583 4154 quantam
3617 4088 3698 4140 sui

2112 4187 2294 4228 curam
2326 4176 2463 4229 Deus
2508 4175 2749 4243 haberet,
2798 4188 2852 4232 et
2903 4178 3154 4231 invictum
3204 4193 3263 4231 se
3310 4179 3540 4231 futurum
3579 4194 3700 4233 esse

2112 4266 2361 4320 omnibus
2390 4268 2480 4336 qui
2510 4267 2611 4322 sibi
2640 4269 3039 4324 insidiarentur.
3072 4270 3290 4332 Deinde,
3319 4280 3374 4323 ut
3405 4272 3698 4338 posteritati

2112 4364 2237 4408 nota
2268 4356 2417 4410 ﬁeret
2443 4358 2557 4425 ejus
2586 4359 2743 4425 visio,
2777 4357 3116 4424 Claudicavit,
3147 4360 3335 4429 inquit,
3368 4361 3558 4428 femore
3576 4377 3691 4415 suo.

2116 4446 2204 4500 5'2.
2244 4447 2464 4518 Propter
2488 4450 2582 4503 hoc
2610 4468 2712 4504 non
2738 4452 3003 4504 comedunt
3044 4452 3139 4519 ﬁlii
3180 4450 3346 4505 Israel
3376 4468 3581 4505 nervum
3608 4454 3695 4521 qui

2112 4541 2376 4605 emarcuit,
2410 4541 2496 4610 qui
2537 4553 2608 4594 est
2649 4559 2801 4611 super
2844 4542 3159 4595 latitudinem
3187 4538 3412 4612 femoris,
3452 4558 3609 4612 usque
3646 4545 3701 4597 in

2114 4632 2246 4685 [tunc
2276 4632 2406 4684 diem
2434 4647 2454 4684 :
2484 4633 2604 4701 quia
2631 4633 2795 4701 attigit
2835 4648 3040 4685 nervum
3085 4647 3235 4701 super
3266 4632 3584 4684 latitudinem
3621 4635 3701 4701 fc-

2113 4724 2267 4777 moris
2285 4722 2467 4790 Iacob,
2494 4733 2540 4776 et
2563 4724 2826 4778 emarcuit.
2855 4723 3115 4790 Quoniam
3143 4722 3285 4776 enim
3317 4722 3490 4790 justus
3517 4722 3701 4791 imple-

2115 4818 2182 4870 tis
2208 4818 2329 4871 vitae
2369 4832 2481 4870 sua:
2518 4815 2693 4883 annis,
2742 4816 3094 4885 emigraturus
3127 4823 3241 4869 erat
3283 4830 3349 4868 ex
3388 4812 3486 4868 hac
3525 4814 3631 4868 vita
3680 4833 3693 4868 :

2114 4910 2395 4978 Oportebat
2418 4917 2594 4962 autem
2625 4907 3012 4977 providentiam
3039 4907 3132 4960 Dei
3175 4907 3226 4959 in
3258 4906 3429 4969 illum,
3469 4915 3523 4960 et
3570 4914 3691 4961 tan-

2116 5010 2221 5054 tam
2253 5001 2343 5055 Dei
2370 5001 2866 5069 attemperationem
2905 5000 3048 5053 omni
3080 5000 3352 5052 hominum
3379 4998 3562 5067 generi
3592 4997 3689 5054 de-

2114 5092 2303 5145 clarari
2335 5109 2347 5143 :
2381 5090 2530 5158 Ideo,
2558 5093 2747 5161 inquit,
2789 5108 2891 5145 non
2929 5092 3193 5145 comedunt
3240 5091 3334 5159 ﬁlii
3377 5090 3545 5145 Israel
3579 5107 3695 5144 ner-

2114 5200 2229 5237 vum
2272 5184 2555 5238 latitudinis
2590 5186 2817 5255 femoris,
2861 5186 2944 5254 qui
2989 5184 3251 5237 emarcuit.
3300 5182 3484 5237 Sciens
3512 5197 3697 5236 eorum

2114 5277 2398 5331 admodum
2429 5277 2685 5346 ingratam
2718 5287 2972 5343 mentem,
3013 5286 3068 5331 et
3109 5290 3264 5345 quam
3312 5274 3467 5328 facile
3504 5274 3696 5328 oblivi-

2115 5376 2329 5423 sciintnr
2349 5367 2439 5421 Dei
2465 5367 2740 5431 beneficia,
2769 5376 3021 5437 perpetuo
3041 5366 3245 5419 artibus
3273 5363 3585 5433 quibusdam
3614 5363 3696 5417 ef-

2116 5460 2226 5515 ﬁcit
2266 5474 2319 5515 ut
2346 5475 2687 5515 ntonutnenta
2724 5460 2953 5515 habeant
2995 5474 3182 5513 eorum
3226 5472 3343 5526 qua:
3383 5470 3413 5508 a
3456 5470 3513 5509 se
3559 5455 3692 5509 facta

2117 5562 2261 5619 sunt,
2297 5551 2642 5621 providetque
2668 5566 2726 5607 ut
2763 5553 2849 5606 illa
2890 5553 3213 5605 monimenta
3256 5562 3351 5617 per
3395 5545 3694 5613 huiusmodi

2117 5645 2517 5699 observationes
2540 5644 2941 5707 custodiantur;
2970 5641 3021 5695 id
3061 5639 3203 5710 quod
3248 5654 3340 5709 per
3369 5636 3695 5705 Scripturam

2122 5747 2286 5794 totam
2305 5737 2566 5794 invenies.
2594 5736 2719 5793 llaec
2741 5735 2885 5792 enim
2910 5733 3147 5789 maxima
3170 5745 3329 5787 causa
3345 5738 3427 5785 est
3445 5728 3696 5799 plurima-
