4168 6264
495 337 595 393 6H

497 470 615 508 rum
645 451 1099 517 Observationum,
1128 448 1267 517 quod
1297 447 1425 501 velit
1462 454 1715 515 perpetuo
1748 448 1949 498 futuras
1972 459 2065 513 ge-

495 545 799 600 nerationes
839 542 1083 597 meditari
1127 538 1381 593 beneficia
1428 538 1542 602 Dei,
1582 543 1638 591 et
1677 551 1779 590 non
1814 535 2078 589 oblivione

498 650 748 705 umquam
773 633 1115 688 obliterantes
1139 629 1207 683 ad
1233 643 1360 682 suos
1388 641 1602 681 errores
1628 639 1907 681 recurrere
1943 642 1956 679 ε
1988 625 2079 696 qui

494 742 615 783 mos
644 726 740 781 fuit
764 724 1065 779 Judteorum
1091 722 1321 777 maxime
1340 721 1484 792 genti
1509 720 1808 790 peculiaris.
1834 719 1964 774 Nam
1988 720 2077 788 qui

494 818 567 873 de
590 815 861 872 beneficiis
882 828 1024 883 stupe
1050 828 1312 867 summam
1341 828 1448 882 pra:
1476 826 1535 867 se
1561 812 1795 865 tulerunt
1819 812 2078 880 ingratam

493 912 856 972 voluntatem,
907 905 1074 959 multo
1112 905 1303 973 magis,
1348 904 1451 958 nisi
1479 904 1583 959 hoc
1620 902 1806 957 fuisset
1855 902 2074 969 factum,

492 999 671 1054 omnia
698 1012 820 1067 quae
857 1010 888 1049 a
930 996 1039 1051 Deo
1084 996 1137 1049 in
1178 995 1324 1064 ipsos
1354 993 1490 1048 facta
1531 1002 1675 1057 sunt,
1711 1008 1743 1047 e
1773 1002 1950 1047 mente
1983 1008 2079 1049 sua

491 1089 831 1159 abjecisseut.
869 1087 1134 1141 Cancrum
1176 1085 1448 1140 videamus
1487 1100 1629 1139 nunc
1668 1083 1937 1154 quomodo
1968 1083 2077 1137 fra-

493 1182 563 1236 tri
596 1196 694 1235 suo
714 1178 947 1235 Jacobus
969 1178 1283 1233 occurrerit.
1312 1177 1597 1245 POStquam
1617 1177 1759 1230 enim
1788 1190 1852 1229 ex
1875 1175 1941 1229 iis
1959 1190 2078 1244 quae

492 1274 629 1328 facta
655 1280 799 1335 sunt,
834 1271 1076 1325 idoneam
1100 1269 1305 1338 accepit
1326 1268 1746 1323 consolationem
1769 1277 1823 1321 et
1850 1267 2076 1335 promis-

492 1370 699 1418 sionem
735 1362 878 1432 quod
926 1360 1078 1416 fortis
1122 1361 1329 1415 futurus
1374 1368 1539 1425 esset,
1590 1367 1648 1414 et
1687 1370 1877 1428 potens
1915 1359 2078 1411 etiam

493 1464 679 1508 contra
706 1452 969 1515 homines,
1002 1452 1055 1506 1.
1088 1450 1311 1504 Elevatis
1338 1450 1498 1503 oculis
1528 1449 1672 1515 vidit,
1716 1456 1761 1502 et
1790 1464 1904 1502 ecce
1937 1446 2080 1501 Esau

494 1549 654 1616 frater
682 1545 811 1613 ejus,
841 1554 886 1597 et
909 1542 1263 1612 quadringenti
1282 1542 1375 1594 viri
1400 1557 1516 1594 cum
1553 1556 1632 1593 eo.
1668 1539 1732 1593 Et
1777 1540 1943 1593 divisit
1984 1538 2080 1593 Ja-

493 1636 585 1691 cob
611 1652 793 1705 pueros
817 1634 885 1687 ad
910 1633 1056 1687 Liam
1077 1644 1124 1687 et
1151 1632 1364 1698 Rachel,
1393 1640 1440 1686 et
1482 1632 1611 1685 duas
1642 1632 1877 1685 ancillas.
1912 1630 1969 1684 2.
2011 1630 2080 1684 Et

499 1729 667 1797 posuit
695 1727 823 1780 duas
864 1726 1074 1780 ancillas
1115 1733 1161 1778 et
1192 1741 1374 1794 pueros
1423 1740 1599 1777 earum
1636 1725 1688 1777 in
1730 1723 1997 1795 principio,
2034 1732 2080 1777 et

496 1819 644 1873 Liam
670 1829 715 1872 et
741 1834 920 1888 pueros
946 1819 1054 1887 ejus
1082 1827 1253 1886 postea
1274 1857 1290 1880 ,
1334 1826 1379 1870 et
1426 1816 1620 1870 Rachel
1665 1832 1725 1869 ac
1758 1815 1951 1885 Joseph
1990 1832 2080 1886 po-

498 1913 800 1967 stremos.'5.
837 1909 960 1979 Ipse
982 1920 1151 1963 autem
1187 1912 1440 1980 prwcessit
1472 1920 1589 1964 ante
1634 1927 1718 1964 eos
1760 1919 1807 1965 et
1851 1910 2080 1963 adoravit

496 2020 649 2072 super
686 2014 871 2055 terram
909 2002 1109 2070 septies,
1140 2001 1296 2054 donec
1322 1986 1842 2072 apprOpinquavit‘ad
1872 2000 2081 2069 fratrem

492 2114 641 2151 suum
668 2095 819 2168 (Cap.
846 2097 916 2151 28
934 2098 973 2166 ).
1004 2095 1139 2150 Vide
1166 2097 1433 2166 quomodo
1461 2096 1724 2151 divisione
1764 2096 1897 2149 facta
1919 2136 1933 2159 ,
1967 2095 2081 2165 ipse

493 2202 605 2258 prie
633 2188 882 2242 omnibus
914 2188 1164 2242 occurrit.
1198 2185 1266 2239 Et
1304 2188 1533 2240 adoravit
1564 2203 1717 2257 super
1751 2196 1957 2251 terram,
1998 2188 2081 2240 in-

488 2280 626 2349 quit,
657 2279 857 2348 septies,
888 2278 1047 2331 donec
1075 2278 1503 2348 apprOpinquavit
1539 2277 1607 2330 ad
1648 2282 1856 2348 fratrem
1881 2295 2031 2332 suum
2063 2293 2083 2331 :

493 2386 591 2440 per
624 2379 827 2439 gestus,
858 2378 914 2425 et
938 2384 1035 2440 per
1062 2369 1426 2424 adorationem
1455 2368 1675 2424 fratrem
1707 2371 1759 2423 in
1804 2371 1884 2426 sui
1914 2371 2078 2425 bene-

491 2462 779 2516 volentiam
813 2476 1145 2529 provocans:
1178 2459 1229 2514 id
1256 2461 1399 2529 quod
1422 2468 1478 2514 et
1502 2459 1696 2514 factum
1724 2471 1824 2515 est.
1858 2462 1912 2514 6.
1944 2459 2081 2513 Nam

494 2552 639 2607 Esuii
665 2568 950 2616 accurrens,
978 2551 1165 2619 inquit,
1196 2552 1514 2619 amplexatus
1543 2560 1616 2604 est
1642 2568 1776 2615 eum,
1802 2562 1849 2604 et
1880 2554 2079 2606 oscula-

496 2655 577 2699 tus
603 2654 694 2708 est,
720 2643 1029 2713 prociditque
1063 2643 1119 2696 in
1146 2642 1333 2696 collum
1362 2644 1472 2712 ejus
1502 2659 1521 2695 :
1559 2652 1607 2695 et
1635 2642 1825 2711 ﬂebant
1854 2652 2077 2711 uterque.

566 2735 624 2789 4.
666 2734 797 2788 Vide
826 2734 1276 2802 dispensationem
1308 2734 1402 2788 Dei
1435 2751 1448 2787 :
1479 2732 1621 2803 quod
1665 2734 1806 2787 enim
1845 2733 1963 2789 heri
2002 2734 2085 2789 di-

494 2828 703 2894 eebam,
723 2827 773 2881 id
795 2828 1085 2881 etiamnum
1111 2826 1305 2881 dicam.
1332 2826 1555 2895 Quando
1579 2828 1691 2880 vult
1710 2827 1949 2881 omnium
1975 2828 2079 2882 Do-

492 2922 672 2974 minus
715 2935 865 2974 suam
907 2935 1031 2990 erga
1079 2936 1177 2975 nos
1223 2920 1498 2976 declarare
1544 2922 1953 2991 providentiam,
1988 2936 2083 2977 eos

497 3014 656 3067 etiam
683 3012 773 3081 qui
804 3013 968 3066 atroci
997 3012 1048 3065 in
1096 3028 1194 3066 nos
1222 3014 1400 3066 animo
1427 3022 1571 3078 sunt,
1616 3013 1804 3068 ovibus
1836 3029 2083 3068 mansue-

497 3104 661 3159 tiores
706 3102 850 3157 facit.
896 3102 1186 3159 Considera
1232 3104 1390 3174 igitur
1432 3113 1684 3174 quantam
1732 3106 2082 3160 mutationem

497 3197 734 3251 declarat
778 3194 940 3249 Esait.
988 3195 1221 3248 Accurrit
1267 3197 1431 3259 enim,
1478 3196 1663 3265 inquit,
1716 3196 1769 3249 in
1821 3212 2084 3251 occursum

495 3290 625 3357 ejus,
674 3296 722 3339 et
769 3286 1087 3355 amplexatus
1134 3302 1247 3339 eum
1297 3287 1550 3340 osculatus
1590 3296 1699 3350 est;
1746 3299 1793 3340 et
1840 3289 2083 3355 ﬂeverunt

495 3381 660 3433 ambo.
691 3378 787 3433 Vix
817 3377 1026 3430 tandem
1050 3378 1227 3445 justus
1248 3379 1529 3448 respiravit
1549 3387 1604 3431 et
1632 3378 1875 3433 timorem
1900 3395 2084 3435 excus-

496 3471 584 3531 sit,
618 3468 909 3520 animosior
939 3465 1127 3520 factus.
1162 3468 1214 3522 5.
1242 3466 1465 3521 Elevatis
1491 3478 1657 3520 autem
1683 3471 1859 3535 oculis,
1891 3470 2079 3541 inquit,

498 3560 640 3613 Esau
666 3559 787 3612 vidit
825 3559 1057 3612 mulieres
1086 3570 1133 3613 et
1170 3576 1369 3629 pueros,
1402 3571 1449 3612 et
1491 3560 1640 3626 dixit,
1676 3560 1811 3627 Quid
1854 3563 1960 3615 hcec
1997 3563 2085 3617 tibi

496 3653 651 3707 sunt?
676 3651 870 3705 Videns
894 3652 1036 3705 enim
1066 3650 1245 3706 fratris
1274 3650 1574 3717 facultates,
1601 3653 1653 3706 in
1679 3652 2081 3711 admirationem

496 3746 755 3801 adductus
775 3754 878 3812 est,
904 3743 1024 3799 ideo
1044 3756 1098 3799 et
1124 3760 1310 3815 rogare
1328 3745 1516 3799 voluit.
1537 3745 1672 3812 Quid
1695 3747 1852 3818 igitur
1867 3748 2083 3816 justus?

499 3838 646 3904 Filii,
676 3839 864 3908 inquit,
895 3847 1031 3904 sunt,
1058 3837 1239 3910 quibus
1284 3837 1673 3891 misericorditer
1700 3838 1904 3892 donavit
1945 3838 2084 3893 Deus

495 3948 692 3986 servum
721 3941 881 3985 tuum.
912 3928 1049 3985 Vide
1072 3939 1328 4000 quantum
1353 3929 1776 3984 mansuetudinis
1798 3930 1959 3984 robur
1989 3948 2001 3983 :
2030 3940 2085 3985 et

497 4021 767 4090 quomodo
797 4037 892 4092 per
918 4022 1200 4076 verborum
1229 4021 1523 4076 modestam
1554 4021 1902 4076 humilitatem
1944 4022 2083 4076 illius

499 4114 919 4185 indignationem
946 4113 1105 4184 fregit
1131 4123 1183 4168 et
1209 4114 1487 4182 mitigavit.
1519 4113 1571 4166 ϐ.
1608 4112 1675 4165 Et
1702 4116 2084 4184 appropinqua-

500 4214 700 4271 verunt,
729 4205 920 4274 inquit,
944 4205 1144 4258 ancilla:
1167 4215 1212 4258 et
1238 4205 1355 4273 lilii.
1384 4205 1437 4257 7.
1466 4203 1535 4256 Et
1560 4205 1897 4258 adoraverunt
1919 4205 2014 4257 Lia
2034 4216 2082 4259 et

497 4295 710 4348 Rachel.
756 4294 823 4348 Et
850 4295 977 4348 dixit
1015 4310 1033 4349 :
1065 4295 1118 4349 8.
1169 4294 1306 4359 Quid
1335 4296 1442 4348 lucc
1479 4296 1565 4348 tibi
1600 4304 1736 4359 sunt,
1782 4296 1952 4349 omnia
1990 4312 2081 4348 ca-

494 4398 599 4439 stra
623 4385 713 4438 illa
739 4401 853 4456 qua:
881 4386 1004 4438 mihi
1029 4385 1224 4438 obviam
1248 4394 1486 4439 venerunt
1504 4385 1530 4439 ?
1551 4384 1654 4439 Ille
1696 4395 1865 4440 autem
1890 4386 2020 4440 dixit
2062 4402 2083 4441 :

499 4477 568 4533 Ut
593 4478 810 4532 inveniat
838 4494 1005 4533 servus
1032 4487 1148 4532 tuus
1174 4479 1391 4549 gratiam
1416 4495 1587 4532 coram
1616 4489 1680 4532 te.

570 4568 875 4624 Humilitate
894 4569 1045 4623 vincit
1072 4573 1281 4640 fratrem
1300 4569 1481 4623 Jacob.
1500 4599 1571 4610 —
1585 4570 1898 4637 Considera,
1920 4571 2080 4627 obse-

495 4675 610 4727 cro,
640 4660 908 4730 quomodo
948 4659 1245 4716 humilitate
1289 4660 1488 4729 ingenti
1518 4661 1737 4715 fratrem
1765 4662 2020 4717 devicerit
2063 4680 2077 4715 :

496 4762 551 4807 et
572 4768 729 4822 quem
763 4750 981 4820 putabat
1005 4751 1141 4806 allici
1168 4766 1292 4822 erga
1332 4766 1392 4806 se
1421 4752 1685 4806 hostiliter
1710 4761 1765 4805 et
1808 4754 2079 4817 atrociter,

500 4842 571 4897 ita
600 4840 863 4895 invenerit
905 4850 1239 4897 mansuetum
1273 4851 1331 4896 ut
1366 4842 1595 4896 voluerit
1636 4840 1689 4894 in
1731 4842 2079 4897 ministerium

498 4932 617 5000 ejus
643 4946 803 4987 omne
846 4931 1082 4987 officium
1121 4948 1274 4987 suum
1315 4932 1609 4988 declarare.
1651 4933 1703 4988 9.
1737 4932 1880 4987 Dixit
1912 4936 2077 5000 enim,

497 5021 686 5091 inquit,
718 5031 834 5075 sunt
873 5023 999 5076 mihi
1037 5024 1215 5087 multa,
1244 5024 1422 5092 frater,
1463 5025 1563 5078 sint
1600 5025 1685 5078 tibi
1730 5034 1836 5078 tua.
1884 5025 2079 5080 Verum

498 5129 671 5184 neque
701 5114 801 5168 hoc
832 5115 1070 5182 permisit
1094 5116 1291 5180 Jacob,
1320 5116 1415 5171 sed
1456 5126 1758 5171 monstrans
1786 5119 1969 5188 quanti
1999 5117 2079 5171 fa-

497 5211 603 5265 ciat
623 5209 738 5278 ejus
756 5209 1061 5274 amicitiam,
1083 5210 1271 5278 inquit.
1299 5210 1383 5264 10.
1413 5209 1475 5264 Si
1491 5211 1655 5264 inveni
1675 5213 1891 5281 gratiam
1909 5228 2081 5265 coram

496 5313 565 5369 te,
596 5302 767 5371 accipe
785 5302 919 5355 dona
939 5301 1002 5355 de
1022 5302 1251 5356 manibus
1274 5303 1417 5358 meis.
1446 5302 1585 5356 Nunt
1613 5314 1819 5373 propter
1839 5306 1933 5358 hoc
1951 5306 2081 5359 vide-

498 5394 612 5446 bant
648 5395 828 5464 facient
856 5405 1026 5458 tuam,
1051 5395 1195 5464 quasi
1215 5396 1396 5466 aliquis
1422 5396 1585 5449 videat
1610 5397 1798 5449 vultum
1827 5397 1941 5451 Dei.
1978 5399 2081 5452 Ac-

498 5488 648 5555 cipe,
681 5485 886 5554 inquit,
920 5486 1057 5540 doua
1097 5502 1215 5558 qua:
1257 5502 1286 5540 a
1330 5502 1417 5541 me
1454 5487 1547 5540 tibi
1585 5486 1896 5542 offeruntur.
1948 5489 2077 5544 Cum

499 5584 638 5628 tanta
669 5579 809 5629 enim
833 5577 1160 5645 jucunditate
1186 5578 1291 5633 vidi
1321 5577 1507 5632 faciem
1539 5586 1705 5644 tuam,
1736 5594 1855 5633 cum
1884 5589 2078 5650 quanta

500 5666 618 5733 quis
650 5666 836 5721 viderit
871 5667 961 5722 Dei
993 5668 1201 5725 faciem.
1250 5670 1365 5725 lloc
1411 5671 1583 5740 magni
1628 5671 1866 5741 obsequii
1912 5674 2079 5741 gratia

499 5756 696 5810 dicmm
728 5767 808 5811 est
835 5772 864 5810 a
890 5757 1050 5827 justo,
1087 5772 1142 5816 ut
1171 5777 1290 5817 eum
1316 5761 1665 5830 demulceret,
1694 5771 1746 5818 et
1783 5762 1848 5817 ad
1890 5762 2079 5818 frater-

1242 334 1298 389 S.
1339 328 1617 387 JDANNIS
1652 326 2128 385 CHRYSOSTOMI
2167 326 2482 383 ARCHIEP.
2521 326 3054 386 CONSTANTINOP.
3666 329 3772 386 512

2186 456 2307 495 nam
2331 441 2758 497 benevolentiam
2790 442 3028 498 duceret.
3062 441 3127 497 Et
3154 443 3515 512 beneplacitum
3537 443 3659 496 mihi
3689 451 3767 513 fa-

2182 533 2304 601 cies,
2328 533 2428 589 hoc
2441 545 2544 602 est,
2560 544 2764 606 gratum
2790 535 2921 590 mihi
2944 535 3125 590 facies.
3142 536 3230 591 Η.
3254 536 3436 603 Accipe
3450 536 3603 607 igitur
3630 536 3767 590 bene»

2184 625 2427 679 dictiones
2466 643 2592 695 quas
2626 627 2775 681 attuli
2810 626 2932 691 tibi,
2960 627 3079 697 quia
3106 628 3336 681 misertus
3369 638 3438 681 est
3466 627 3564 680 mei
3591 626 3728 681 Deus
3750 666 3770 696 ,

2184 725 2232 768 et
2252 726 2369 770 sunt
2386 718 2511 769 mihi
2530 718 2719 771 omnia.
2744 716 2822 772 Ne
2841 717 3127 784 detrectes,
3151 717 3340 789 inquit,
3362 719 3623 789 accipere.
3646 720 3784 775 Πωρ-

2183 809 2325 861 enim
2352 809 2529 862 omnia
2552 822 2583 861 a
2616 808 2722 863 Deo
2745 808 2873 862 mihi
2893 808 3086 863 donata
3118 817 3260 876 sunt,
3294 818 3347 864 et
3381 810 3465 863 hic
3504 808 3631 863 mihi
3670 808 3771 863 ho-

2183 913 2300 952 rum
2331 900 2568 954 omnium
2589 900 2952 970 suppeditatur
2974 900 3143 956 factus
3166 911 3267 956 est.
3296 901 3397 956 Per
3424 918 3541 972 qua:
3565 903 3768 971 placide

2184 998 2243 1044 et
2268 990 2411 1045 illum
2434 991 2635 1056 docuit,
2655 1001 2850 1061 quanta
2878 1008 3002 1063 erga
3024 1009 3082 1048 se
3113 993 3269 1049 fuerit
3291 994 3383 1048 Dei
3414 994 3762 1063 providentia,

2183 1089 2237 1135 et
2262 1080 2436 1136 eﬂ'ecit
2466 1091 2523 1136 nt
2547 1099 2789 1153 magnam
2827 1084 2925 1138 sibi
2965 1085 3314 1140 reverentiam
3357 1085 3651 1140 exhiberet.
3699 1084 3767 1138 Et

2183 1172 2342 1241 coegit
2366 1189 2501 1238 eum,
2519 1182 2563 1225 et
2583 1176 2793 1244 accepit.
2826 1173 2961 1230 Vide
2991 1190 3130 1230 nunc
3151 1175 3517 1231 mutationem.
3562 1176 3627 1230 Et
3642 1178 3771 1231 dixit

2186 1263 2348 1330 Esau,
2379 1264 2600 1335 Profecti
2626 1284 2795 1322 eamus
2825 1268 2876 1321 in
2898 1278 3081 1321 rectam
3109 1285 3127 1322 :
3154 1268 3264 1323 Hoc
3287 1278 3405 1334 est,
3435 1284 3575 1323 nunc
3611 1270 3768 1324 simul

2185 1355 2288 1409 iter
2315 1354 2593 1411 faciamus.
2642 1356 2735 1412 llle
2754 1368 2931 1413 autem
2961 1369 3206 1413 causatus
3232 1360 3511 1415 honestum
3538 1371 3766 1429 praetex-

2186 1454 2294 1499 tum
2329 1463 2342 1498 :
2373 1444 2618 1500 Dominus
2635 1464 2794 1515 meus,
2821 1449 3005 1518 inquit,
3038 1450 3130 1503 scit
3150 1450 3284 1519 quod
3308 1451 3404 1518 ﬁlii
3433 1451 3527 1504 mei
3554 1452 3768 1505 tenerio-

2185 1551 2284 1601 res,
2312 1545 2360 1589 et
2388 1552 2521 1603 oves,
2551 1547 2597 1590 et
2615 1537 2755 1592 boves
2780 1541 2911 1609 faeta:
2938 1539 3036 1591 sint
3067 1555 3086 1592 :
3106 1540 3149 1592 si
3176 1540 3327 1610 igitur
3351 1542 3487 1609 sequi
3510 1558 3568 1593 ea
3591 1558 3769 1611 cogam

2182 1641 2283 1678 uno
2311 1625 2391 1678 die
2409 1668 2424 1692 ,
2455 1628 2747 1680 morientur.
2774 1627 2888 1681 Non
2916 1644 3130 1697 possum
3153 1670 3169 1694 ,
3208 1631 3395 1699 inquit,
3427 1631 3769 1687 acceleratius

2182 1717 2358 1772 facere
2385 1721 2503 1783 iter,
2520 1718 2614 1773 sed
2627 1733 2787 1789 cogor
2808 1719 2950 1774 lente
2970 1730 3023 1775 et
3036 1720 3357 1791 pedetentim
3376 1722 3640 1792 progredi,
3664 1733 3769 1776 tam

2184 1817 2403 1878 propter
2437 1825 2630 1878 pueros
2663 1826 2820 1879 quam
2866 1821 3081 1880 propter
3106 1813 3357 1881 pecudes,
3381 1823 3559 1867 utnon
3586 1814 3766 1867 labore

2186 1901 2411 1970 plurimo
2428 1902 2817 1970 pereant.Vade
2832 1903 3008 1973 igitur,
3030 1904 3217 1974 inquit,
3236 1914 3289 1958 tu
3308 1924 3320 1958 :
3335 1921 3434 1974 ego
3447 1914 3624 1961 autem
3645 1922 3769 1976 para

2183 2006 2312 2046 cens
2342 1992 2508 2047 labori
2554 2008 2838 2062 puerorum
2866 2002 2920 2048 et
2951 1996 3210 2063 pecudum
3236 2038 3251 2063 ,
3278 1998 3591 2051 conveniam
3628 2008 3678 2052 te
3716 2000 3769 2052 in

2184 2082 2322 2138 Seir.
2346 2084 2546 2150 Quibus
2563 2085 2755 2140 auditis
2772 2084 2933 2141 frater
2951 2088 3058 2142 :15.
3079 2087 3140 2142 Si
3170 2089 3261 2155 vis,
3284 2087 3471 2160 inquit,
3490 2092 3773 2160 relinquam

2185 2176 2380 2245 aliquos
2401 2194 2625 2231 meorum
2651 2179 2789 2248 apud
2815 2190 2880 2234 te.
2907 2178 3272 2237 Faciebathoc
3290 2184 3342 2237 in
3364 2185 3570 2254 signum
3594 2188 3773 2255 magni

2186 2267 2405 2323 honoris
2429 2280 2482 2323 et
2507 2270 2690 2325 ofﬁcii.
2724 2271 2816 2326 Ille
2840 2280 3016 2326 autem
3040 2273 3169 2327 nihil
3198 2275 3297 2328 tale
3317 2277 3541 2344 accepit.
3564 2276 3773 2331 Sufficit

2186 2363 2327 2415 enim
2358 2363 2508 2430 mihi,
2531 2364 2715 2433 inquit,
2739 2364 2877 2435 quod
2901 2381 3025 2420 vere
3050 2367 3224 2421 inveni
3252 2368 3473 2436 gratiam
3494 2384 3673 2423 coram
3698 2378 3769 2424 te.

2186 2452 2298 2506 Hoc
2327 2470 2486 2507 unum
2513 2455 2638 2507 mihi
2665 2470 2808 2511 cura:
2837 2467 2971 2521 erat,
3004 2468 3061 2511 ut
3099 2460 3328 2513 amicum
3372 2469 3422 2515 te
3456 2462 3769 2517 invenirem.

2185 2543 2446 2609 Quoniam
2479 2546 2635 2614 igitur
2664 2546 2764 2600 hoc
2790 2557 3109 2617 assequutus
3131 2565 3270 2613 sum,
3299 2566 3401 2605 non
3429 2552 3649 2607 alterius
3675 2568 3771 2607 cu-

2180 2638 2414 2706 juspiant
2461 2639 2691 2709 indigeo.
2725 2641 2813 2695 l7.
2841 2639 2910 2693 Et
2949 2642 3223 2710 profectus,
3254 2644 3442 2713 inquit,
3470 2643 3630 2699 Jacob
3656 2646 3771 2717 fecit

2185 2731 2279 2784 sibi
2304 2731 2403 2800 ipsi
2430 2741 2476 2784 et
2496 2733 2737 2800 jumentis
2760 2734 2863 2787 suis
2889 2735 3212 2789 tabernacula
3238 2751 3256 2790 .'
3283 2747 3549 2808 prapterea
3583 2741 3772 2794 vocarit

2187 2825 2351 2879 locant
2384 2825 2529 2879 illum
2558 2825 2926 2880 Tabernacula.

2257 2917 2312 2972 5.
2336 2915 2553 2971 Herulis
2574 2919 2834 2988 epilogus;
2874 2919 3101 2973 inimicos
3139 2920 3234 2973 sibi
3276 2920 3549 2975 conciliare
3589 2940 3773 2994 magna

2186 3010 2375 3075 virtus;
2421 3013 2749 3066 mansuetudo
2788 3022 3028 3081 quautam
3070 3013 3166 3065 vim
3206 3013 3403 3068 habeat.
3428 3043 3496 3055 -—
3525 3014 3651 3067 llam
3675 3030 3773 3068 au-

2186 3104 2390 3159 dientes
2417 3103 2686 3158 imitemur
2719 3104 2919 3172 justtnn
2957 3104 3129 3171 illum,
3167 3112 3222 3159 et
3255 3106 3498 3161 eamdem
3524 3106 3767 3160 exhibea-

2186 3211 2306 3250 mus
2331 3194 2688 3249 humilitatem
2717 3196 2880 3249 animi
2905 3213 2918 3250 :
2947 3206 3001 3250 et
3024 3196 3068 3248 si
3098 3196 3184 3264 qui
3210 3205 3335 3250 sunt
3360 3197 3450 3266 qui
3476 3198 3615 3251 male
3646 3212 3770 3266 erga

2187 3300 2286 3339 nos
2315 3284 2610 3338 afficiantur
2636 3325 2650 3348 ,
2678 3299 2781 3337 non
2811 3286 2979 3354 magis
3008 3301 3193 3339 eorum
3220 3286 3574 3340 accendamus
3602 3288 3769 3353 iram,

2186 3374 2282 3430 sed
2308 3390 2497 3445 magna
2524 3376 2929 3430 mansuetudine
2956 3386 3010 3430 et
3036 3378 3333 3431 humilitate
3360 3386 3465 3432 tam
3489 3377 3771 3433 verborum

2186 3482 2345 3536 quam
2372 3482 2593 3536 operum
2619 3468 2971 3535 reprimamus
2995 3482 3179 3521 eorum
3208 3466 3531 3535 inimicitias,
3555 3480 3607 3523 et
3637 3470 3773 3523 indi-

2186 3566 2372 3627 gnatas
2394 3573 2577 3612 eorum
2609 3573 2857 3611 curemus
2884 3559 3108 3612 animas.
3134 3558 3266 3613 Vide
3291 3560 3430 3613 enim
3461 3561 3769 3629 sapientiam

2189 3649 2344 3717 hujus
2390 3649 2545 3716 justi.
2582 3649 2850 3718 quomodo
2882 3664 3071 3718 magna
3100 3649 3384 3703 verborum
3424 3650 3657 3704 efficacia
3702 3652 3770 3706 ita

2189 3740 2333 3795 Esau
2360 3740 2640 3806 demulsit,
2670 3749 2728 3795 ut
2753 3751 2805 3795 et
2829 3740 2896 3795 ad
2925 3757 3045 3795 eum
3072 3741 3351 3797 colendum
3376 3743 3686 3809 festinaret,
3719 3755 3774 3799 et

2186 3830 2363 3887 facere
2380 3833 2538 3887 vellet
2556 3835 2733 3887 omnia
2759 3849 2876 3903 qum
2903 3834 2967 3889 ad
2997 3835 3111 3904 ejus
3138 3835 3469 3904 pertinebant
3489 3837 3771 3892 honorent.

2188 3925 2299 3980 Hoc
2327 3940 2453 3980 vere
2485 3940 2707 3979 summa:
2730 3926 2935 3980 virtutis
2963 3937 3046 3982 est
3069 3967 3085 3991 ,
3115 3936 3173 3981 ut
3209 3943 3314 3981 non
3349 3929 3524 3983 solum
3554 3945 3648 3984 eos
3684 3931 3772 3999 qui

2187 4017 2324 4073 bene
2353 4018 2407 4072 in
2433 4032 2531 4073 nos
2557 4017 2861 4073 afficiuntur
2881 4060 2896 4086 ,
2926 4035 3118 4090 magno
3157 4021 3336 4075 studio
3368 4022 3650 4093 diligamus
3669 4063 3684 4086 ,
3721 4032 3775 4078 et

2187 4110 2266 4162 eis
2289 4109 2537 4163 omnibus
2564 4108 2738 4163 modis
2763 4110 3057 4164 serviamus
3088 4128 3101 4163 :
3132 4111 3226 4165 sed
3257 4122 3314 4165 ut
3349 4113 3510 4166 etiam
3552 4128 3648 4167 eos
3685 4114 3773 4182 qui

2187 4198 2342 4253 nobis
2368 4198 2543 4253 infesti
2580 4213 2702 4253 esse
2724 4200 2928 4265 volunt,
2960 4201 3269 4257 assiduitate
3295 4203 3590 4257 officiorum
3620 4204 3773 4258 nobis

2185 4291 2532 4345 conciliemus
2576 4294 2794 4346 amicos.
2842 4292 2982 4346 Nihil
3022 4294 3163 4347 enim
3205 4296 3608 4351 mansuetudine
3659 4298 3775 4351 vio-

2188 4383 2404 4439 lentius.
2432 4382 2565 4437 Nam
2593 4385 2731 4440 sicut
2757 4400 2940 4455 rogum
2969 4386 3314 4443 vehementer
3338 4388 3611 4443 incensum
3637 4405 3773 4458 aqua

2187 4474 2381 4544 injecta
2412 4475 2713 4546 restinguit,
2745 4476 2813 4529 ita
2844 4486 2898 4530 et
2923 4478 3156 4531 animum
3186 4480 3397 4532 camino
3426 4477 3595 4547 magis
3617 4494 3773 4533 exar-

2186 4567 2494 4623 descentent
2514 4608 2530 4631 ,
2558 4567 2778 4623 verbum
2808 4583 2929 4623 cum
2956 4569 3363 4624 mansuetudine
3392 4570 3651 4639 prolatum
3682 4586 3774 4623 ex-

2186 4659 2409 4729 sunguit
2434 4677 2447 4714 :
2478 4668 2533 4715 et
2566 4659 2760 4730 duplex
2792 4659 2913 4715 inde
2933 4659 3087 4715 nobis
3113 4660 3318 4715 lucrum
3347 4664 3625 4729 accrescit,
3661 4673 3768 4718 uim

2187 4752 2327 4822 quod
2356 4769 2453 4807 nos
2479 4754 2939 4807 mansuetudinem
2976 4754 3293 4809 exhibemus
3314 4795 3326 4819 ,
3354 4763 3466 4810 tum
3490 4755 3630 4825 quod
3662 4754 3772 4808 fra-

2194 4846 2290 4900 tris
2321 4845 2733 4915 indignationem
2763 4845 3033 4913 sedamus,
3058 4855 3113 4901 et
3135 4854 3366 4901 mentem
3397 4848 3514 4915 ejus
3539 4862 3567 4901 a
3594 4846 3773 4903 turbae

2189 4941 2332 4993 tione
2357 4939 2664 4993 liberamus.
2691 4937 2828 5005 Quid
2856 4937 3031 5005 enim,
3063 4937 3150 4994 die
3177 4939 3341 4993 mihi?
3371 4941 3560 4994 Annon
3592 4955 3773 5010 repre-

2187 5029 2378 5085 hendis
2415 5029 2632 5084 fratrem
2673 5039 2817 5083 tuum
2854 5037 2910 5084 et
2942 5044 3162 5083 accusas
3187 5029 3303 5100 ejus
3330 5030 3768 5100 indignationem,

2186 5120 2327 5190 quod
2360 5120 2625 5174 hostiliter
2650 5121 2719 5173 sit
2743 5120 2965 5174 affectus
2989 5134 3111 5190 erga
3140 5121 3228 5175 te?
3254 5121 3359 5176 Cur
3384 5121 3542 5190 igitur
3564 5136 3669 5175 non
3691 5121 3770 5174 di-

2186 5226 2340 5266 versa
2370 5212 2448 5266 via
2479 5211 2660 5265 studes
2686 5212 2953 5277 incedere,
2986 5211 3079 5266 sed
3109 5212 3223 5281 ipse
3256 5213 3424 5282 magis
3462 5214 3617 5267 irasci
3648 5214 3769 5267 vis't

2186 5302 2319 5356 Num
2351 5312 2526 5373 potest
2554 5303 2659 5371 igni
2693 5303 2830 5373 ignis
2857 5304 3158 5373 exstingui?
3187 5305 3465 5375 Repugnat
3493 5305 3593 5359 hoc
3617 5314 3770 5359 natu-

2187 5412 2281 5451 ne.
2312 5395 2400 5449 Sic
2425 5410 2596 5464 neque
2623 5395 2767 5449 furor
2792 5394 2970 5450 furore
2993 5396 3098 5449 alio
3116 5396 3405 5450 demulceri
3430 5396 3623 5466 poterit
3653 5412 3767 5451 um-

2187 5503 2367 5557 quam.
2403 5486 2611 5540 Etenim
2640 5486 2779 5555 qnod
2811 5486 2917 5554 igni
2946 5495 3028 5540 est
3056 5500 3190 5555 aqua
3210 5528 3226 5551 ,
3258 5487 3359 5541 hoc
3388 5496 3468 5543 est
3494 5488 3585 5541 ira:
3612 5502 3767 5541 man-

2187 5577 2412 5633 suetudo
2447 5587 2500 5631 et
2535 5577 2848 5633 moderatio.
2892 5577 3175 5646 Propterea
3201 5588 3255 5631 et
3283 5578 3527 5635 Christus
3560 5578 3768 5634 dicebat

2187 5669 2458 5739 discipulis
2491 5687 2503 5722 :
2534 5670 2595 5723 Si
2634 5669 2892 5739 diligentes
2916 5684 3002 5724 vos
3024 5669 3233 5739 diligitis
3257 5709 3272 5733 ,
3307 5686 3459 5739 quam
3491 5672 3767 5724 mercedem

2188 5762 2377 5817 habetis
2410 5759 2634 5832 (Matth.
2663 5760 2714 5816 5.
2745 5761 2813 5816 46
2834 5760 2892 5833 )?
2936 5759 3136 5816 Deinde
3167 5761 3333 5832 magis
3360 5760 3427 5815 ad
3455 5760 3552 5817 hoc
3579 5761 3769 5818 cohor-
