4168 6264
615 290 720 342 515

610 652 755 707 αὐτὸ
777 651 1086 712 ποιοῦσιν;
1114 651 1334 701 Ὄντινα
1355 649 1463 719 γὰρ
1487 651 1553 704 ἂν
1575 651 1746 722 λάϐῃς
1769 653 1878 706 τῶν
1909 652 2184 724 ῥᾳθύμων,

607 734 730 804 οὐχὶ
755 733 910 788 τοῦτο
939 732 1362 802 διαπράττεται;
1395 731 1546 806 [569]
1577 735 1670 786 καὶ
1701 735 1856 787 αὐτοὶ
1887 737 1933 786 οἱ
1963 734 2187 787 τελῶναι

607 817 725 888 οὐχὶ
753 815 909 868 τοῦτο
929 815 1016 868 διὰ
1047 813 1281 884 σπουδῆς
1313 814 1494 884 ἔχουσι
1520 833 1534 882 ;
1580 817 1644 868 Τί
1686 817 1793 886 γὰρ
1820 815 2051 870 τελώνου
2080 820 2189 886 χεῖο

609 916 700 970 ρον
725 917 740 964 ;
771 899 880 952 Καὶ
902 899 1048 968 ὅμως
1077 894 1236 950 τοῦτο
1263 898 1426 949 παντὶ
1452 897 1636 968 τρόπῳ
1661 900 1912 969 εὑρήσεις
1943 899 2068 968 παρ’
2095 900 2191 951 αὐ-

605 985 718 1046 τοῖς
745 981 1118 1052 πληρούμενον
1143 1020 1157 1042 ,
1203 979 1298 1032 καὶ
1332 979 1430 1048 οὐχ
1473 975 1584 1032 οἷόν
1621 997 1680 1032 τε
1707 981 1796 1034 τὸν
1829 982 2187 1049 ἀγαπώμενον

609 1067 682 1137 μὴ
723 1065 816 1119 καὶ
849 1065 1090 1133 ἀγαπᾷν.
1137 1062 1277 1130 Ἐγὼ
1323 1063 1408 1126 δέ,
1453 1063 1638 1133 ἐπειδὴ
1681 1066 1773 1118 καὶ
1828 1065 2187 1134 ὐῂλοτέρους

606 1151 749 1220 ὑμᾶς
790 1142 929 1200 εἶναι
955 1145 1213 1216 βούλομαι
1239 1184 1253 1208 ,
1282 1148 1376 1200 καὶ
1407 1145 1549 1216 ἔχειν
1578 1165 1629 1199 τι
1661 1148 1862 1200 τούτων
1899 1148 2087 1207 πλέον,
2124 1149 2184 1200 οὐ

603 1231 762 1285 τοῦτο
783 1228 1052 1300 παραινῶ,
1074 1227 1210 1281 ἀλλά
1236 1230 1471 1291 καὶτοὺς
1500 1228 1727 1300 ἐχθροὺς
1751 1231 1987 1299 ἀγαπᾷν.
2009 1231 2184 1299 Ὅπερ

597 1317 626 1366 ὁ
662 1315 931 1384 μακάριος
955 1324 980 1352 ει
1012 1307 1164 1375 οὗτος
1195 1313 1300 1382 πρὸ
1322 1313 1420 1364 τοῦ
1450 1311 1637 1382 νόμου,
1671 1314 1777 1384 πρὸ
1805 1313 1900 1382 τῆς
1935 1313 2185 1365 διδασκα-

604 1397 722 1461 λίας
760 1397 856 1467 τῆς
891 1397 1017 1465 παρ’
1049 1393 1280 1466 ἐτέρων,
1317 1394 1528 1446 οἴκοθεν
1561 1397 1878 1466 κινούμενος
1903 1435 1917 1460 ,
1963 1395 2051 1446 διά
2085 1397 2184 1463 τῆς

603 1478 1050 1552 ὑπερϐαλλούσης
1081 1479 1383 1540 ἐπιεικείας
1429 1479 1691 1550 πρότερον
1731 1479 1830 1549 μὲν
1872 1478 1966 1530 τοῦ
1998 1477 2183 1531 Λάϐαν

603 1563 944 1633 περιγέγονε,
970 1561 1086 1612 νυνὶ
1113 1560 1169 1612 δὲ
1204 1562 1297 1612 καὶ
1325 1560 1418 1612 τοῦ
1455 1561 1707 1630 ἀδελφοῦ.
1745 1563 1806 1614 Εἰ
1836 1561 1941 1631 γάρ
1971 1560 2063 1612 καὶ
2086 1560 2183 1628 τῆς

573 1633 578 1642 ’
601 1644 807 1699 ἄνωθεν
833 1643 1146 1714 συμμαχίας
1173 1642 1508 1713 ἀπήλαυσεν,
1530 1644 1644 1696 ἀλλ’
1669 1645 1816 1714 ὅμως
1845 1644 1939 1695 καὶ
1959 1641 2028 1695 τά
2053 1642 2182 1712 παρ’

603 1726 794 1780 ἐαυτοῦ
821 1727 1292 1797 προεπεδείκνυτο.
1314 1725 1470 1778 Οὕτω
1497 1727 1559 1796 δὴ
1590 1727 1684 1779 καὶ
1717 1727 1876 1795 ἡμεῖς
1905 1725 2182 1793 πείσωμεν

601 1810 826 1872 ἑαυτοὺς
852 1849 868 1874 ,
902 1809 984 1862 ὅτι
1021 1806 1127 1860 κᾶν
1165 1807 1423 1877 μυριάκις
1461 1807 1850 1878 σπουδάζωμεν
1869 1847 1883 1872 ,
1913 1808 2062 1860 οὐδὲν
2091 1807 2182 1858 οὐ-

601 1895 790 1948 δέποτε
821 1891 1164 1963 κατορθῶσαι
1184 1891 1546 1962 δυνησόμεθα,
1577 1893 1626 1944 εἰ
1650 1891 1724 1962 μὴ
1745 1893 1838 1944 καὶ
1858 1891 1953 1960 τῆς
1977 1889 2180 1943 ἀνωθεν

603 1978 776 2048 ῥοπῆς
805 1975 1236 2045 ἀπολαύσαιμεν.
1268 1976 1477 2046 ’Ὠσπερ
1509 1975 1636 2045 γὰρ,
1669 1977 1716 2027 εί
1743 1975 1818 2044 μὴ
1846 1975 1943 2044 τῆς
1971 1973 2179 2024 ἐκεῖθεν

602 2059 917 2130 συμμαχίας
941 2055 1342 2126 ἀπολαύσωμεν
1369 2097 1383 2121 ,
1419 2057 1570 2110 οὐδὲν
1623 2057 1877 2127 ίσχύομὲν
1911 2074 2040 2108 ποτε
2073 2056 2180 2109 τῶν

599 2144 824 2198 δεόντων
845 2140 1190 2211 κατορθῶσαι
1213 2156 1225 2168 ·
1254 2140 1396 2193 οὕτω
1419 2141 1578 2193 πάλιν
1609 2143 1656 2192 εί
1694 2139 1766 2211 μὴ
1803 2140 1871 2192 τά
1901 2141 2030 2210 παρ’
2058 2139 2182 2190 ἑαυ-

602 2225 707 2279 τῶν
737 2223 1155 2290 εἰσενέγκωμεν,
1183 2223 1243 2275 οὐ
1273 2223 1615 2292 δυνησόμεθα
1647 2226 1745 2292 τῆς
1773 2222 1977 2276 ἄνωθεν
2009 2221 2181 2284 ἀξιοῦ-

606 2308 728 2360 σθαι
754 2305 943 2377 ῥοπῆς.
989 2304 1080 2356 Διὸ
1128 2304 1518 2373 σπουδάζωμεν
1563 2305 1657 2356 καὶ
1703 2303 1774 2356 τά
1809 2303 1935 2373 παρ’
1973 2305 2180 2355 ἑαυτῶν

600 2389 908 2457 εἰσφέρειν,
949 2385 1044 2438 καὶ
1087 2384 1184 2454 τὴν
1213 2385 1420 2438 ἄνωθεν
1469 2385 1794 2454 κηδεμονίαν
1836 2385 2177 2452 ἐφέλκεσθαι,

600 2471 688 2524 ἵνα
720 2469 815 2522 καὶ
841 2469 904 2520 ἐκ
949 2468 1047 2536 τῆς
1082 2467 1355 2538 ἡμετέρας
1408 2463 1642 2536 σπουδῆς
1663 2508 1676 2528 ,
1709 2467 1803 2520 καὶ
1839 2469 1903 2519 ἐκ
1945 2469 2044 2536 τῆς
2085 2468 2178 2520 τοῦ

598 2553 732 2606 Θεοῦ
757 2549 1168 2621 φιλανθρωπίας
1196 2550 1264 2602 τὰ
1285 2549 1384 2618 τῆς
1410 2551 1610 2621 ἀρετῆς
1641 2551 1769 2619 ἡμῖν
1795 2549 1914 2602 καθ’
1943 2551 2179 2618 ἑκάστην

596 2637 814 2706 ἡμέραν
862 2633 1232 2702 ἐπιτείνηται,
1263 2633 1358 2684 καὶ
1409 2631 1608 2699 πολλῆς
1648 2631 2042 2699 ἀπολαύσωμεν
2081 2632 2178 2702 τῆς

599 2719 804 2773 ἀνωθεν
836 2715 1056 2787 χάριτος
1083 2731 1096 2744 '
1123 2707 1194 2785 ἧς
1222 2715 1432 2784 γένοιτο
1469 2715 1674 2778 πάντας
1705 2717 1852 2786 ἡμᾶς
1879 2715 2176 2784 ἐπιτυχεῖν,

598 2803 780 2874 χάριτι
830 2801 924 2854 καὶ
973 2798 1354 2869 φιλανθρωπίᾳ
1399 2797 1492 2850 τοῦ
1545 2799 1744 2868 Κυρίου
1790 2797 1944 2866 ήμῶν
2002 2797 2174 2866 Ἰησοῦ

599 2882 856 2954 Χριστοῦ,
889 2881 1006 2954 μεθ’
1034 2875 1095 2934 οὗ
1117 2879 1193 2950 τῷ
1223 2880 1420 2950 Πατρὶ,
1455 2881 1571 2950 ἃμα
1609 2879 1686 2950 τῷ
1727 2879 1865 2950 ἁγίῳ
1901 2878 2175 2949 Πνεύματι

596 2968 744 3034 δόξα,
777 2967 976 3036 κράτος
999 3005 1012 3028 ,
1043 2963 1198 3036 τιμὴ,
1226 2963 1320 3017 νῦν
1344 2965 1436 3018 καὶ
1468 2965 1574 3029 ἀεὶ,
1601 2965 1692 3016 καὶ
1721 2965 1799 3027 εἰς
1829 2965 1952 3026 τοὺς
1976 2963 2177 3027 αἰῶνας

595 3051 705 3104 τῶν
733 3049 965 3104 αἰώνων.
1008 3046 1200 3118 Ἀμήν.

1183 3129 1428 3182 ΟΜΙΛῘΔ
1461 3127 1584 3181 ΝΘΕ

599 3215 708 3270 Καὶ
741 3210 925 3284 ἦλθεν
958 3211 1170 3284 Ἰακὼϐ
1203 3213 1292 3284 εἰς
1335 3210 1545 3284 Σαλὴμ
1591 3211 1772 3284 πόι-ζιν
1803 3210 2091 3284 -Σηκζμων
2125 3211 2172 3284 δ’,

667 3278 774 3336 καῖ
829 3281 1126 3346 ἐκτήσατο
1183 3281 1298 3346 τὴν
1347 3279 1559 3347 μερίδα
1620 3278 1725 3330 τοῦ
1783 3281 1966 3349 ἀγροῦ
2019 3281 2176 3349 παρὰ

683 3352 862 3422 Ἐμὼρ
903 3353 1007 3422 τοῦ
1045 3349 1270 3422 πατρὸς
1307 3349 1506 3422 Συχὲμ
1549 3348 2040 3422 ἑκατόν-ἀμιῶν..
2077 3348 2173 3404 καὶ

666 3417 929 3487 ἔστησεν
971 3421 1098 3473 ἐκεῖ
1139 3419 1588 3486 θυσιαστήριον,
1629 3417 1727 3470 καὶ
1767 3418 2175 3472 ἐπεκαλέσατο

667 3491 774 3543 τὸν
797 3490 942 3544 Θεὸν
963 3490 1066 3543 τοῦ
1101 3488 1367 3556 Ἰσραήλ.

667 3580 736 3627 α’.
757 3573 934 3626 [itas-ce
952 3571 1078 3642 χθές
1096 3573 1187 3624 καὶ
1207 3570 1300 3622 τοῦ
1323 3568 1502 3622 κοινοῦ
1519 3567 1626 3622 τῶν
1641 3568 1894 3622 ἁπάντων
1907 3569 2173 3622 Δεσπὸτου

596 3659 694 3731 τὴν
721 3658 1162 3730 ὑπερϐάλλουσαν
1194 3654 1622 3726 φιλανθρωπίαν,
1655 3656 1750 3708 καὶ
1779 3655 1884 3708 τῶν
1920 3656 2174 3726 μαθητῶν

594 3745 695 3814 τὴν
721 3743 1059 3812 φιλοσοφίαν,
1088 3743 1182 3795 καὶ
1209 3741 1317 3792 τῶν
1352 3739 1618 3792 Ἰουδαίων
1647 3740 1745 3806 τὴν
1761 3739 2170 3809 ἀγνωμοσύνην.

595 3829 778 3880 Εῖδετε
812 3825 930 3898 μεθ’
955 3827 1086 3894 ὅσης
1111 3821 1460 3888 ἀνεξικακίας
1486 3823 1842 3892 ἐπεστόμισεν
1871 3823 2046 3874 αὐτῶν
2079 3824 2174 3892 τήν

593 3911 946 3980 ἀναίσχυντον
978 3909 1204 3976 τόλμαν,
1241 3907 1340 3976 τήν
1373 3907 1513 3974 ὑπὲρ
1541 3905 1648 3958 τῶν
1685 3903 1942 3974 μαθητῶν
1983 3905 2176 3957 ἀπολο-

594 3995 720 4060 γίαν
754 3993 1104 4062 ποιούμενος,
1135 3991 1230 4042 καὶ
1257 3989 1470 4051 δεικνὺς
1501 3991 1580 4040 ὃτι
1605 3989 1760 4039 αὐτοὶ
1801 3989 1850 4040 ot
1889 3988 1981 4040 τὸν
2015 3989 2175 4056 νόμον

595 4075 828 4128 ἐκδικεῖν
857 4075 1132 4133 ἐθέλοντες
1153 4112 1167 4134 ,
1204 4068 1458 4136 ἀγνοοῦσι
1489 4069 1581 4120 τοῦ
1620 4069 1786 4137 νόμου
1822 4071 1881 4120 τὸ
1910 4068 2174 4137 βούλημα,

569 4221 574 4226 _
601 4155 694 4209 καὶ
720 4157 800 4208 ὅτι
824 4157 920 4223 τῆς
943 4153 1200 4222 ἀληθείας
1225 4151 1485 4220 φανείσης
1515 4149 1594 4200 ἔτι
1613 4153 1679 4218 τῇ
1707 4150 1840 4218 σκιᾷ,
1862 4151 2174 4218 παρακαθῆ-

603 4238 724 4290 σθαι
757 4237 967 4306 ἤθελον.
1001 4233 1182 4287 Εῖδετε
1237 4232 1354 4295 πῶς
1386 4231 1590 4286 ἄνωθεν
1631 4233 1724 4284 καὶ
1771 4233 1830 4297 ἐξ
1869 4232 2040 4302 ἀρχῆς
2075 4233 2176 4295 τάς

601 4319 1008 4389 παρατηρήσεις
1035 4315 1266 4385 νομικὰς
1303 4315 1508 4368 ἀνελεῖν
1539 4313 1836 4377 ἐσπούδαζε
1863 4353 1876 4376 ,
1911 4313 2177 4367 διδάσκων

595 4405 790 4466 αὐτοὺς
835 4404 916 4455 ὅτι
948 4401 1040 4454 τοῦ
1074 4400 1224 4470 ἡλίου
1248 4399 1346 4470 τῆς
1391 4397 1736 4468 δικαιοσύνης
1783 4397 2044 4468 φανέντος
2077 4397 2178 4450 οὐκ

598 4489 677 4542 ἔτι
705 4487 929 4542 δυνατὸν
957 4486 1019 4538 τὸ
1047 4485 1318 4555 λυχνιαίον
1352 4486 1593 4554 ἐνεργεῖν
1633 4483 1748 4552 φῶς
1769 4501 1782 4515 ·
1823 4485 1856 4554 ή
1897 4483 2006 4554 γάρ
2035 4481 2176 4553 αὐγὴ

595 4573 689 4624 τοῦ
742 4569 918 4640 φωτδς
963 4569 1056 4621 τοῦ
1106 4567 1329 4638 ἡλιακοῦ
1381 4567 1792 4637 προσϐάλλουσα
1833 4567 2176 4638 ἀποκρύπτει

594 4655 782 4710 τούτου
811 4655 910 4726 τήν
939 4651 1151 4724 χρείαν.
1201 4651 1461 4720 Ἐμάθετε
1490 4651 1603 4714 πῶς
1631 4650 1854 4704 δυνατὸν
1874 4651 1960 4703 ἀεὶ
1985 4650 2178 4716 ἑορτά-

597 4738 733 4802 ζειν,
757 4737 852 4792 καὶ
875 4735 1218 4807 ἀπηλλάχθαι
1245 4735 1343 4804 τῆς
1364 4733 1470 4787 τῶν
1495 4733 1704 4804 καιρῶν
1725 4734 2172 4802 παρατηρήσεως.

599 4825 695 4875 Διά
737 4822 844 4890 γὰρ
879 4821 1034 4873 τοῦτο
1079 4819 1408 4889 παρεγένετο
1454 4819 1481 4871 ὁ
1531 4818 1804 4887 Δεσπότης
1833 4819 1861 4870 ὀ
1889 4817 2175 4888 ἡμέτερος,

599 4907 684 4957 ἵνα
711 4905 859 4974 ἡμᾶς
895 4902 1238 4975 ἐλευθερώσῃ
1267 4902 1368 4969 τῆς
1395 4901 1504 4955 τῶν
1531 4901 1742 4972 καιρῶν
1775 4901 2019 4971 ἀνάγκης
2041 4940 2055 4962 ,
2085 4900 2179 4954 καὶ

596 4985 994 5057 παρασκευάσῃ
1041 4985 1352 5055 ὑψηλότερα·
1381 4985 1660 5044 πέτεσθαι.
1715 4985 1810 5037 καὶ
1859 4986 1916 5036 ἐν
1966 4983 2179 5054 οὐρανῷ

595 5067 780 5122 λοιπὸν
819 5067 964 5136 ἔχειν
983 5067 1040 5119 τὺ
1069 5067 1392 5136 πολίτευμα,
1427 5069 1520 5120 καὶ
1549 5067 1868 5136 ἀνθρώπους
1898 5067 2055 5130 ὄντας
2079 5067 2178 5137 τὴν

595 5149 750 5224 [570]
779 5150 886 5202 τῶν
919 5149 1164 5218 ἀγγέλων
1196 5149 1480 5220 μιμεῖσθαι
1503 5150 1800 5210 πολιτείαν.
1826 5151 1918 5204 καὶ
1947 5168 2180 5220 καταγε-

592 5235 692 5308 λᾷν
727 5233 945 5288 πάντων
991 5233 1100 5286 τῶν
1148 5233 1502 5304 ἀνθρωπίνων
1549 5234 1910 5305 πραγμάτων.
1945 5235 2080 5305 Φέρε
2113 5235 2177 5307 δὴ

595 5321 839 5390 σήμερον
864 5359 878 5384 ,
913 5319 960 5369 εί
1001 5315 1184 5378 δοκεῖ,
1215 5317 1307 5368 ἐπὶ
1343 5315 1441 5386 τὴν
1485 5315 1805 5371 ἀκολουθίαν
1847 5317 1952 5370 τῶν
1987 5316 2178 5388 πρώην

658 5461 691 5531 ᾗ
700 5457 858 5531 Ὅπερ
883 5458 1172 5531 (τι-μακάριος.
1195 5458 1344 5531 Sayil.
1376 5473 1386 5506 :
1415 5458 1840 5531 ¢_Vel_legendqm
1863 5460 2021 5531 ᾧπερ,
2039 5467 2092 5531 οι
2111 5465 2178 5531 εει

593 5523 789 5572 dativus
829 5521 1167 5580 instrumenti,
1199 5523 1276 5568 vel
1314 5521 1643 5582 supplendum
1685 5521 1907 5580 ποιήσας,
1945 5521 2030 5571 αὐι
2071 5525 2174 5573 tale

595 5583 780 5647 aliqujd
799 5583 1170 5647 participium}
1195 5595 1294 5643 quo
1315 5591 1519 5647 regatur
1542 5585 1845 5647 accusativus
1870 5584 2000 5647 ὅπερ.
2031 5599 2048 5630 ›

653 5643 686 5685 b
709 5643 857 5713 Sy“.
880 5645 945 5713 εἰς
969 5643 1105 5693 πόλιν
1123 5645 1360 5713 Σικῂμων.
1375 5643 1770 5713 LQujqqu_e.m§s.
1795 5645 1860 5713 εἰς
1879 5643 2016 5694 πόλιν
2048 5647 2178 5695 Σικί-

600 5719 716 5762 μων.
743 5705 913 5754 Morel.
941 5715 996 5756 et
1019 5705 1320 5767 exemplaria
1339 5706 1433 5754 τῶν
1455 5709 1494 5754 0
1511 5705 1522 5724 ¹
1547 5710 1600 5754 ιιι
1623 5705 1673 5754 in
1703 5711 1862 5758 textu.

1305 286 1361 340 s.
1402 285 1686 342 JOANNIS
1725 259 2212 346 CHRYSOSTOMI
2254 293 2574 352 ARCIIIEP.
2615 289 3158 354 CONSTANTINOP.

611 421 726 470 τας
745 402 895 471 ὑμᾶς
915 399 1200 470 ἀγαπᾶτε,
1223 401 1358 454 τίνα
1377 404 1597 471 μισθὸν
1617 405 1816 474 ﬁxere;
1845 401 1978 460 Εἶτα
2013 407 2193 478 ἐντρέ-

611 487 710 555 ψαι
741 485 1060 566 βουλόμενος
1082 485 1146 553 τῇ
1183 483 1446 566 ἐπαγωγῇ
1472 525 1486 548 ,
1516 486 1609 538 καὶ
1633 487 1952 541 καθικέσθαι
1975 489 2082 541 τῶν
2105 492 2197 560 ρᾳ.

614 571 806 639 θυμεῖν
835 567 1190 636 βουλομένων,
1233 565 1397 634 φησίν
1421 583 1434 598 ·
1465 569 1611 636 Οὐχὶ
1638 569 1736 622 καί
1771 573 1824 623 οἱ
1853 570 2102 624 τελῶναι
2125 573 2190 624 τὸ

2309 411 2440 481 ἡμῖν
2461 413 2581 484 είρη
2591 413 2764 483 μένων
2791 415 2855 466 ἐκ
2883 415 2992 468 τῶν
3031 413 3126 467 τοῦ
3174 409 3458 486 μακαρίου
3475 415 3754 478 Μωῦσέως
3781 417 3874 486 ῥη-

2309 497 2494 563 μάτων
2515 496 2898 559 ἐπανελθόντες
2915 535 2928 559 .
2955 497 3164 550 ἐκεῖθεν
3187 498 3314 567 ὑμῖν
3340 497 3670 567 παραθῶμεν
3695 497 3868 550 ἑστία⁶

2307 593 2407 629 σιν.
2442 579 2585 630 Ἴστε
2609 577 2716 648 γὰρ
2735 577 2814 631 ὅτι
2835 575 3219 641 ἐπανελθόντος
3247 580 3310 632 ἐκ
3325 579 3752 648 Μεσοποταμίας
3775 577 3874 631 τοῦ

2316 657 2530 724 Ἰακὼϐ,
2554 661 2647 712 καὶ
2678 661 2775 729 τὴν
2801 659 2932 731 πρὸς
2955 661 3046 712 τὸν
3079 659 3305 726 ἀδελφὸν
3335 659 3620 729 συντυχίαν
3649 677 3876 728 ποιησα-

2305 741 2486 810 μένου,
2526 743 2618 796 καὶ
2655 741 2790 812 μετά
2819 741 2978 794 τοῦτο
3019 741 3496 810 διαχωρισθέντος.
3542 742 3634 794 καὶ
3664 742 3874 795 ἐκείνου

2305 825 2402 894 μέν
2445 827 2524 888 είς
2551 826 2650 895 τὴν
2681 825 2844 895 Σηεὶρ
2895 826 3272 894 ὁρμήσαντος,
3311 824 3404 876 τοῦ
3441 825 3499 877 δὲ
3540 823 3732 876 Ἰακὼϐ
3774 825 3874 886 τὰς

2302 907 2508 977 σκηνάς
2541 907 2876 978 πηξαμένου,
2895 907 2988 960 καὶ
3021 908 3110 959 τὸν
3137 907 3298 959 τόπον
3327 907 3432 960 ἀπὸ
3452 905 3544 959 τοῦ
3569 907 3872 974 συμϐάντος

2298 988 2662 1059 ὀνομάσαντος
2696 989 2958 1057 Σκηνὰς,
2993 989 3227 1042 ἐνταῦθα
3263 987 3352 1041 τὸν
3390 989 3544 1056 λόγον
3577 987 3874 1040 κατελύσα-

2301 1087 2432 1140 μεν·
2468 1071 2548 1123 διὸ
2578 1071 2682 1143 χρὴ
2719 1071 2794 1124 ’τά
2832 1071 2958 1139 ἑξῆς
2985 1071 3301 1134 ἐπελθόντες
3341 1071 3481 1124 κατά
3520 1071 3747 1139 δύναμιν
3773 1069 3873 1138 τὴν

2297 1154 2568 1224 ἡμετέραν
2591 1155 2689 1223 τὴν
2710 1153 3056 1208 διδασκαλίαν
3082 1155 3209 1224 ὑμῖν
3235 1153 3554 1224 παραθεῖναι
3580 1153 3678 1223 τὴν
3707 1169 3870 1204 πνευ-

2299 1223 2554 1304 ματικςᾌ
2585 1235 2672 1287 Ἐν
2691 1235 2845 1304 ἀδείῃ
2877 1235 2983 1305 γάρ
3017 1223 3200 1288 λοιπὸν
3221 1223 3462 1304 γεγονὼς
3481 1239 3510 1288 ὁ
3533 1235 3756 1305 δίκαιος,
3775 1233 3872 1286 καὶ

2295 1318 2679 1390 ἐλευθερωθεὶς
2706 1319 2887 1388 πάσης
2913 1319 3151 1384 ἀγωνίας
3169 1357 3183 1382 ,
3213 1313 3412 1382 Ἦλθε,
3445 1319 3626 1387 φησὶν,
3649 1323 3736 1383 είς
3763 1326 3872 1376 πό·-

2292 1404 2396 1454 λιν
2421 1401 2716 1468 Σηκίμων,
2745 1399 2842 1452 καὶ
2859 1399 3155 1464 ἐκτήσατο
3185 1399 3301 1466 τὴν
3317 1401 3529 1468 μερίδα
3555 1401 3662 1454 τοῦ
3683 1403 3872 1471 ἁγροῦ

2293 1481 2452 1550 παρὰ
2493 1480 2680 1550 Ἐμὼρ
2707 1481 2814 1534 τοῦ
2842 1480 3066 1548 πατρὸς
3095 1480 3297 1548 Συχὲμ
3329 1481 3546 1534 ἑκατὸν
3571 1482 3776 1550 ἁμα-ῶν
3805 1497 3830 1525 ο
3849 1503 3868 1519 ·

2294 1563 2394 1617 καὶ
2419 1564 2686 1629 ἔστησεν
2715 1563 2844 1616 ἐκεῖ
2861 1563 3316 1630 θυσιαστήριον,
3339 1562 3438 1615 καὶ
3463 1563 3872 1622 ἐπεκαλέσατο

2293 1646 2400 1700 τὸν
2431 1647 2579 1700 Θεὸν
2607 1645 2715 1699 τοῦ
2769 1643 3028 1712 Ἰσραήλ.
3063 1645 3153 1715 Μή
3201 1644 3388 1706 ἁπλῶς
3435 1647 3872 1717 παρατρέχωμεν

2291 1729 2360 1782 τά
2380 1731 2438 1781 ἐν
2465 1729 2585 1792 ταῖς
2620 1727 2793 1790 θείαις
2821 1727 3064 1797 Γραφαῖς
3085 1726 3332 1794 κείμενα.
3363 1727 3426 1779 El
3457 1726 3564 1798 γάρ
3589 1731 3636 1781 oi
3671 1729 3740 1782 τά
3765 1729 3873 1800 ψή-

2293 1829 2478 1883 γματα
2499 1812 2593 1866 τοῦ
2623 1811 2848 1883 χρυσίου
2882 1812 2947 1864 ἐκ
2979 1810 3082 1879 τῆς
3111 1811 3213 1879 γῆς
3235 1809 3618 1880 ἀνορύττοντες
3639 1851 3656 1874 ,
3691 1813 3871 1866 πάντα

2293 1896 2453 1948 πόνον
2475 1895 2800 1965 ὑπομένουσι
2817 1933 2830 1956 ,
2861 1894 2957 1946 καὶ
2989 1892 3209 1945 πάντων
3236 1891 3518 1961 ἀνέχονται
3547 1891 3654 1946 τῶν
3683 1893 3870 1964 δυσχε-

2293 1978 2406 2048 ρῶν
2429 2017 2442 2040 ,
2485 1977 2625 2030 ῶστε
2671 1975 2966 2046 δυνηθῆναι
2993 1974 3093 2043 τῆς
3125 1975 3228 2044 γῆς
3256 1976 3486 2045 χωρίσαι
3529 1976 3587 2029 τὸ
3613 1977 3866 2047 χρυσίονυ

2291 2057 2471 2129 πολλῷ
2521 2058 2717 2130 μᾶλλον
2763 2059 2909 2128 ἡμᾶς
2957 2056 3164 2110 δίκαιον
3215 2056 3280 2109 ἂν
3329 2059 3412 2126 εἴη
3452 2057 3519 2110 τά
3569 2057 3728 2126 λόγια
3775 2059 3870 2112 τοῦ

2292 2142 2431 2195 Πνεύ
2441 2159 2608 2212 ματος
2633 2138 3028 2211 διερευνᾶσθαι,
3069 2139 3164 2190 καὶ¹
3183 2138 3282 2209 τὴν
3304 2139 3362 2205 ἐξ
3395 2140 3573 2192 αὐτῶν
3601 2141 3870 2209 ὠφέλειαν

2291 2223 2762 2296 καρπωσαμένους
2781 2264 2796 2290 ,
2827 2221 2999 2284 οῦτως
3025 2220 3272 2274 ἐντεῦθεν
3293 2221 3510 2285 ἐξιέναι.
3557 2223 3756 2276 Ἐννόει
3781 2241 3868 2293 μοι

2289 2308 2466 2360 τοίνυν
2491 2306 2583 2359 τοῦ
2621 2304 2930 2375 θαυμαστοῦ
2961 2303 3152 2356 τούτου
3181 2303 3370 2374 ἀνδρὸς
3401 2305 3500 2376 τὴν
3531 2305 3865 2375 φιλοσοφίαν,

2289 2390 2436 2451 ὅπως
2472 2385 2738 2458 τοσαύτης
2777 2387 3062 2439 ἀπολαύων
3115 2387 3213 2454 τῆς
3261 2387 3466 2440 ἄνωθεν
3521 2387 3732 2458 ῥοπῆς,
3777 2389 3872 2442 καὶ

2287 2469 2430 2540 ὁρῶν
2480 2469 2670 2520 ἐαυτοῦ
2717 2467 2814 2536 τὴν
2864 2467 3179 2538 περιουσίαν
3213 2467 3580 2538 αὐξομένηνά,
3613 2469 3712 2540 τὴν
3763 2471 3873 2522 τῶν

2289 2549 2620 2619 θρεμμάτων
2647 2549 2790 2615 λέγω
2811 2589 2824 2608 ,
2857 2551 2950 2600 καὶ
2975 2548 3247 2601 τοσούτων
3292 2551 3498 2603 παίδων
3537 2549 3698 2620 χορὸν
3721 2548 3868 2618 αὐτῷ

2287 2633 2652 2701 περιεστῶτα,
2685 2633 2743 2682 οὐ
2782 2633 2911 2699 περὶ
2936 2629 3224 2698 οἰκοδομὰς
3259 2631 3518 2703 λαμπρὰς
3553 2632 3744 2686 ἐαυτὸν
3783 2631 3858 2698 ἐξο

2287 2715 2510 2779 έδωκεν,
2527 2715 2644 2767 οὐδὲ
2676 2715 2876 2784 ἀγροὺς
2892 2714 2984 2765 καὶ
3008 2711 3199 2782 κώμας
3225 2713 3539 2784 ὠνήσασθαι
3571 2713 3867 2767 ἐσπούδασε

2285 2797 2618 2870 δυναμένους
2649 2796 2879 2866 ἀρκέσαι
2913 2795 3048 2866 πρὸς
3087 2795 3184 2864 τὴν
3213 2794 3473 2866 διανομὴν
3509 2795 3618 2848 τῶν
3639 2795 3864 2849 παίδων.

2287 2880 2473 2934 Ταῦτα
2502 2879 2611 2950 γὰρ
2635 2879 2729 2932 καὶ
2759 2879 2826 2930 τά
2859 2877 3082 2934 τοιαῦτα
3103 2878 3154 2928 οἱ
3177 2874 3272 2930 νῦν
3292 2878 3424 2948 ἡμῖν
3453 2878 3866 2947 προϐάλλονται,

2287 2963 2380 3016 καὶ
2403 2962 2501 3016 ἐνα
2523 2963 2781 3024 πολλάκις
2807 2977 2892 3022 τις
2921 2958 3170 3031 ἐσχηκὼς
3199 2961 3314 3014 υίδν
3344 2961 3511 3032 μυρία
3537 2960 3606 3014 τά
3629 2961 3870 3015 τάλαντα

2286 3043 2510 3116 χρυσίου
2539 3044 2814 3111 συλλέγειν
2853 3042 3161 3107 σπουδάζει,
3203 3043 3296 3096 καὶ
3327 3043 3530 3114 ἀγροὺς
3549 3043 3865 3116 ὠνήσασθαι

2287 3129 2382 3180 καὶ
2427 3127 2716 3198 οἰκοδομὰς
2765 3128 3086 3198 περιφανεῖς
3137 3127 3587 3190 κατασκευάζειν.
3619 3127 3727 3180 Καὶ
3755 3127 3865 3180 είθε

2287 3211 2350 3262 ἐκ
2379 3209 2601 3262 δικαίων
2633 3209 2828 3270 πόνων,
2859 3209 2952 3261 καὶ
2989 3207 3118 3260 ἄνευ
3153 3208 3368 3270 ἀδικίας
3404 3207 3609 3261 τούτων
3634 3209 3734 3278 τὴν
3765 3225 3865 3260 πε-

2290 3293 2531 3364 ριουσίαν
2567 3292 2852 3360 συνέλεγεν
2871 3308 2885 3323 ’
2919 3291 3055 3344 ἀλλά
3074 3291 3134 3342 τὸ
3159 3291 3294 3360 βαρὺ
3328 3291 3420 3343 καὶ
3450 3292 3667 3345 πάντων
3699 3291 3868 3344 δεινό-

2283 3392 2442 3446 τερον
2465 3414 2479 3440 ,
2513 3375 2596 3428 ὅτι
2638 3374 2857 3444 ἐτέρους
2883 3372 3147 3443 ἁρπάζων
3170 3413 3186 3436 ,
3227 3372 3319 3424 καὶ
3347 3373 3682 3426 πλεονεκτῶν
3706 3413 3721 3436 ,
3771 3376 3867 3426 καὶ

2287 3459 2588 3528 πράγματα
2641 3457 2968 3526 συρῤάπτων
2991 3494 3004 3515 ,
3039 3453 3180 3506 οὕτω
3208 3453 3306 3514 τὰς
3339 3454 3539 3522 ἐτέρων
3567 3456 3756 3518 οὐσίας
3785 3458 3866 3518 είς

2285 3540 2474 3591 ἐαυτὸν
2505 3537 2812 3607 μεθίστησι.
2842 3536 2952 3588 Καὶ
2983 3537 3080 3588 ἐάν
3114 3551 3198 3596 τις
3229 3535 3421 3604 ἔρηται
3441 3553 3454 3564 ·
3489 3536 3644 3598 Τίνος
3677 3538 3866 3590 ἕνεκεν

2281 3623 2316 3694 ή
2357 3621 2591 3688 τοσαύτη
2629 3619 2738 3672 τῶν
2767 3619 3064 3689 χρημάτων
3102 3619 3306 3687 μανία;
3345 3619 3546 3681 εὐθέως
3573 3619 3666 3671 τὸν
3701 3619 3864 3672 παῖδα

2285 3704 2669 3776 προϐάλλεται,
2695 3703 2788 3754 καὶ
2821 3700 2908 3753 διὰ
2929 3701 3024 3771 τὴν
3057 3701 3188 3769 περὶ
3221 3701 3426 3753 ἐκεῖνον
3455 3699 3664 3754 εὔνοιαν
3691 3699 3866 3754 ταῦτά

2285 3805 2418 3858 φησι
2445 3784 2892 3856 διαπράττεσθαι.
2921 3783 3031 3837 Καὶ
3069 3777 3224 3846 οὗτος
3264 3783 3364 3854 μὲν
3391 3783 3496 3836 κᾶν
3529 3785 3693 3838 παῖδα
3731 3802 3867 3853 προ-

2285 3871 2612 3941 ϐαλλόμενος
2640 3867 2811 3921 ταῦτα
2837 3866 3154 3935 ἀφοσιοῦται
3177 3907 3191 3930 ,
3222 3867 3344 3936 εἰκῆ
3385 3867 3479 3920 καὶ
3520 3869 3714 3938 μάτην.
3745 3869 3866 3920 Εἰσὶ

2285 3953 2342 4006 δὲ
2386 3953 2435 4005 οἳ
2489 3953 2622 4022 μηδέ
2659 3951 2856 4012 παῖδας
2881 3949 3094 4020 ἔχοντες
3151 3951 3423 4021 μεμήνασι
3471 3955 3601 4022 περὶ
3631 3951 3728 4022 τὴν
3757 3951 3866 4003 τῶν

2286 4035 2582 4104 χρημάτων
2606 4033 2886 4104 συλλογὴν,
2913 4033 3007 4085 καὶ
3029 4033 3288 4103 μυριάκις
3317 4034 3382 4086 ἀν
3415 4033 3618 4088 ἐλοιντο
3657 4035 3725 4087 τὰ
3767 4034 3865 4086 ἀν-

2287 4119 2492 4185 ήκεστα
2543 4117 2833 4184 ὑπομεῖναι
2855 4155 2868 4176 ,
2905 4115 2938 4184 ἢ
2983 4116 3078 4168 ἕνα
3116 4116 3300 4168 ὀϐολὸν
3329 4117 3588 4186 προέσθαι
3625 4118 3730 4170 τινὶ
3759 4118 3867 4170 τῶν

2286 4197 2574 4265 δεομένων.
2619 4197 2759 4248 Ἀλλ’
2793 4198 2821 4248 ό
2857 4196 3064 4258 δίκαιος
3087 4193 3242 4258 οὗτος
3271 4198 3422 4250 οὐδὲν
3453 4199 3692 4252 τοιοῦτον
3715 4198 3868 4252 ἐϐου-

2287 4277 2532 4340 λεύσατο,
2558 4275 2678 4328 οὐδέ
2703 4277 3007 4345 ἐνενόησεν,
3037 4277 3174 4329 ἀλλά
3203 4278 3296 4330 καὶ
3319 4278 3483 4348 ἡνίκα
3517 4281 3626 4332 ἔδει
3663 4279 3868 4351 βραχὺν

2285 4359 2454 4429 ἀγρὸν
2504 4359 2816 4428 ὠνήσασθαι
2839 4399 2854 4422 ,
2905 4359 3101 4413 ἐκατὺν
3142 4361 3348 4428 ἀμνούς
3399 4361 3552 4424 δοὺς,
3601 4363 3742 4416 οὕτω
3773 4363 3866 4416 τοῦ

2287 4439 2456 4512 ἀγροῦ
2495 4441 2593 4510 τήν
2631 4441 2822 4512 μερίδα
2851 4441 3098 4512 ὠνήσατο
3133 4441 3284 4510 παρά
3319 4442 3503 4514 Ἐμὼρ
3533 4443 3627 4496 τοῦ
3665 4447 3868 4514 πατρὸς

2287 4523 2489 4594 Συχέμ.
2522 4523 2633 4576 Καὶ
2659 4525 2759 4594 ὅρα
2810 4523 2905 4576 τοῦ
2935 4523 3128 4594 ἀνδρὸς
3181 4524 3242 4576 τὸ
3282 4525 3557 4594 φιλόθεον,
3587 4528 3682 4579 καὶ
3723 4527 3866 4588 τίνος

2285 4607 2474 4660 ἕνεκεν
2503 4607 2670 4678 ἀγρὸν
2711 4606 2892 4660 λαϐεῖν
2935 4605 3258 4660 ἐσπούδασε.
3293 4607 3402 4663 Καὶ
3431 4609 3698 4676 ἔστησεν
3723 4611 3864 4670 ἐκεῖ,

2289 4692 2456 4763 φησι,
2495 4691 2958 4759 θυσιαστήριον,
2995 4691 3094 4744 καὶ
3135 4691 3546 4746 ἐπεκαλέσατο
3583 4693 3690 4746 τὸν
3719 4695 3868 4746 Θεὸν·

2285 4773 2393 4828 τοῦ
2431 4773 2699 4843 ’1σραή.κ’
2749 4775 2843 4827 καὶ
2885 4772 2980 4826 τοῦ
3031 4773 3204 4844 ἀγροῦ
3251 4775 3350 4844 τὴν
3395 4775 3588 4844 μερίδα
3619 4775 3686 4828 δι’
3716 4777 3866 4828 οὐδὲν

2285 4857 2472 4929 ἓτερον
2517 4857 2796 4928 ὠνήσατο,
2861 4858 2893 4926 ἢ
2933 4857 3018 4909 ἵνα
3067 4857 3166 4920 τὰς
3218 4857 3563 4928 εὐχαριστίας
3593 4857 3742 4930 [571]
3773 4859 3868 4912 ἀν-

2287 4943 2484 5014 ενέγκῃ
2509 4941 2586 5010 τῷ
2625 4940 2788 5010 κοινῷ
2827 4942 3042 4995 πάντων
3083 4941 3346 5014 Δεσπότῃ.
3378 4941 3575 4996 Τοῦτον
3619 4943 3867 5006 ἅπαντας

2287 5024 2454 5094 ἐχρῆν
2481 5023 2676 5094 ζηλοῦν
2701 5023 2827 5086 τοὺς
2868 5025 2926 5076 ἐν
2973 5026 3039 5094 τῇ
3075 5025 3258 5093 χάριτι
3287 5023 3378 5076 τὸν
3411 5025 3516 5096 πρὸ
3549 5023 3639 5078 τοῦ
3676 5025 3862 5096 νόμου,

2287 5107 2380 5159 καὶ
2411 5107 2484 5177 μὴ
2515 5105 2658 5158 οὕτω
2692 5105 2974 5175 μαίνεσθαι
2999 5105 3126 5175 περὶ
3150 5105 3248 5174 τὴν
3274 5105 3381 5158 τῶν
3419 5107 3713 5176 χρημάτων
3743 5107 3870 5160 συλ-

2287 5188 2470 5260 λογήν.
2494 5189 2649 5252 Τίνος
2677 5189 2784 5259 γὰρ
2809 5188 3018 5254 ἕνεκεν,
3039 5187 3162 5240 είπέ
3187 5205 3298 5258 μοι,
3321 5189 3414 5240 καὶ
3433 5189 3608 5260 ἐαυτῷ
3627 5189 3868 5243 τοσαῦτα

2281 5261 2478 5343 φορτία
2507 5275 2756 5327 ἀκανθῶν
2783 5276 3059 5342 συνάγεις,
3087 5275 3180 5328 καὶ
3203 5279 3317 5341 τοῖς
3353 5277 3586 5342 παιδίοις
3607 5283 3720 5341 τοῖς
3745 5285 3858 5344 σοῖς

2283 5357 2415 5430 ὓλην
2439 5360 2634 5421 κακίας
2651 5359 2744 5412 καὶ
2765 5359 3020 5413 ὑπόθεσιν
3040 5359 3468 5431 καταλιμπάνων
3483 5365 3584 5418 οὐκ
3603 5365 3856 5436 αίσθάνῃς

2283 5441 2394 5494 Οὐκ
2426 5437 2571 5506 οἶδας
2597 5443 2676 5496 ὅτι
2707 5443 2800 5496 σοῦ
2827 5443 3026 5512 μᾶλλον
3055 5443 3276 5514 κήδεται
3295 5443 3390 5498 τοῦ
3421 5445 3514 5498 σοῦ
3545 5447 3752 5511 παιδὸς,
3793 5449 3852 5501 σ)

2347 5551 2608 5627 θίβκατδν
2647 5555 3044 5627 ἀμνῶνηεεηειιηι
3081 5553 3244 5627 {IgnisZ
3287 5555 3340 5604 In
3387 5553 3629 5627 Hebrgioo
3671 5556 3864 5619 legitur

2525 5627 2688 5700 meum
2786 5622 2872 5664 aiii
2899 5623 3114 5678 vortunt,
3141 5623 3330 5668 ceruum
3351 5622 3576 5668 nuumu's.
3827 5639 3830 5642 ·

2344 5699 2369 5737 ά
2393 5696 2496 5750 Αίίί
2515 5699 2844 5761 αὐξανομένην.
