4168 6264
451 322 553 377 513

453 432 546 483 tari
570 438 624 483 et
655 431 1042 499 reprehendere
1069 430 1393 498 negligentes
1413 431 1616 496 volens,
1635 431 1763 485 dicit
1787 451 1799 483 :
1832 431 2017 487 Nonne

451 528 497 570 et
526 522 779 590 puetiwni
802 522 931 574 idem
961 522 1194 593 faciunt?
1214 522 1607 589 Quemcumque
1637 523 1775 576 enim
1814 523 2026 591 ignavo-

454 618 570 661 rum
596 611 886 677 sumpseris
907 653 920 672 ,
946 626 1119 663 nonne
1151 611 1250 663 hoc
1278 610 1436 664 facit?
1480 611 1663 666 Nonne
1682 623 1733 666 et
1762 612 2022 681 publicani

454 711 645 763 magno
685 700 857 751 studio
898 699 1008 752 Ιιτιξο
1061 698 1290 751 faciunt?
1332 699 1465 766 Quid
1517 709 1693 753 autem
1750 702 2026 767 publicano

451 786 721 840 deterius?
768 791 1006 841 Attamen
1049 788 1282 841 inuenies
1323 804 1442 842 eum
1490 789 1590 843 hoc
1626 790 1870 843 omnibus
1914 807 2026 844 mo-

456 875 537 928 dis
582 875 901 940 observare,
943 888 995 930 ct
1029 888 1235 930 nonest
1271 879 1518 946 possibile
1559 890 1611 931 ut
1651 894 1753 931 non
1792 880 2027 932 redamet

461 965 550 1029 qui
579 972 803 1018 amatur.
851 966 961 1034 Ego
989 975 1161 1019 autem
1198 968 1316 1034 quia
1354 976 1402 1020 et
1443 969 1761 1021 excelsiores
1788 983 1879 1021 vos
1906 982 2024 1021 esse

459 1054 598 1118 volo,
621 1060 675 1106 et
692 1053 883 1122 aliquid
904 1055 1128 1122 amplius
1148 1054 1363 1119 habere,
1385 1070 1489 1108 non
1512 1054 1611 1109 hoc
1630 1055 1912 1121 admoneo,
1931 1054 2024 1109 sed

458 1150 514 1194 ut
553 1144 794 1197 inimicos
825 1144 1071 1213 diligatis.
1102 1144 1155 1198 Id
1181 1144 1319 1213 quod
1348 1144 1532 1199 beatus
1558 1145 1645 1199 ille
1669 1155 1791 1199 ante
1820 1145 2021 1214 legem,

457 1243 582 1286 ante
601 1233 891 1287 doctrinam
924 1234 990 1288 ab
1014 1235 1129 1288 aliis
1149 1244 1418 1303 acceptam
1439 1245 1626 1303 sponte
1654 1249 1748 1289 sua
1777 1235 1901 1289 fecit
1925 1252 1939 1288 :
1972 1243 2027 1287 et

461 1330 674 1389 propter
700 1323 1045 1377 excellentem
1084 1324 1537 1377 mansuetudinem
1580 1324 1722 1390 prius
1757 1323 2027 1392 superavit

459 1406 658 1475 Laban,
698 1426 838 1464 nunc
875 1420 1048 1466 autem
1091 1421 1146 1466 et
1187 1412 1421 1468 fratrem.
1460 1412 1588 1467 Nam
1634 1413 1755 1467 licet
1792 1428 2024 1481 superno

453 1500 703 1568 praesidio
729 1499 896 1555 fretus
926 1501 1098 1569 fuerit,
1126 1512 1356 1557 attamen
1387 1503 1525 1572 quod
1555 1518 1709 1558 suum
1739 1513 1852 1558 erat
1880 1505 2024 1573 prius

451 1587 687 1642 exhibuit
708 1587 804 1660 (α).
824 1589 897 1643 Ita
926 1605 1053 1644 sane
1074 1602 1126 1644 et
1148 1605 1245 1653 nos
1270 1593 1675 1661 persuadeamus
1703 1593 1873 1659 nobis,
1903 1594 2024 1647 lici-t

453 1678 643 1732 millies
690 1681 992 1747 enitamur,
1030 1681 1161 1734 nihil
1203 1690 1376 1735 tamen
1428 1697 1644 1751 prorsus
1682 1694 1825 1738 recte
1865 1699 2022 1753 agere

453 1780 630 1835 posse,
663 1768 761 1821 nisi
791 1784 1020 1836 superno
1054 1770 1250 1824 auxilio
1285 1771 1515 1839 adjutos.
1556 1771 1703 1827 Sicut
1744 1774 1885 1827 enim
1921 1773 2020 1827 nisi

454 1858 543 1911 illo
571 1860 804 1913 subsidio
828 1858 1101 1927 fruamur,
1127 1860 1255 1914 nihil
1292 1878 1539 1930 umquam
1572 1878 1851 1931 possumus
1880 1876 2021 1919 recte

449 1963 607 2021 agere
633 1967 645 2001 :
676 1949 744 2003 ita
766 1951 862 2004 nisi
888 1950 1027 2020 quod
1057 1961 1295 2004 nostrum
1324 1962 1405 2006 est
1428 1954 1777 2021 attulerimus,
1801 1970 1903 2008 non
1931 1972 2022 2024 po-

452 2020 669 2092 terimus
716 2055 1001 2109 supernum
1051 2042 1303 2095 auxilium
1342 2043 1599 2096 obtinere.
1645 2043 1837 2097 Demus
1868 2045 2024 2113 igitur

451 2143 666 2196 operam
696 2140 752 2182 ut
776 2140 828 2184 et
854 2141 1031 2184 nostra
1061 2130 1372 2195 alleramus,
1399 2144 1454 2186 et
1478 2147 1764 2201 supernum
1790 2135 2020 2189 favorem

450 2218 762 2283 alliciamus,
786 2229 840 2273 ut
860 2230 912 2273 et
932 2236 998 2273 ex
1023 2230 1203 2276 nostro
1225 2222 1398 2276 studio
1422 2232 1475 2277 et
1499 2238 1563 2277 cx
1587 2224 1678 2280 Dei
1707 2226 1966 2296 benignita
1992 2242 2023 2282 e

456 2306 681 2361 virtutes
711 2317 904 2362 nostra:
935 2310 1169 2377 quotidie
1193 2320 1471 2377 crescant,
1500 2316 1768 2385 multaque
1792 2331 2020 2384 superna

452 2395 689 2450 frttamnr
710 2399 895 2465 gratia.
926 2400 1077 2465 Quod
1105 2400 1256 2455 nobis
1279 2402 1521 2456 omnibus
1541 2405 1881 2467 concedatur,
1902 2422 2016 2474 gra.

452 2487 519 2536 tia
551 2497 603 2539 et
630 2486 945 2556 benignitate
973 2489 1175 2542 Domini
1208 2492 1371 2544 nostri
1397 2492 1519 2546 Jesn
1546 2490 1762 2560 Christi,
1790 2496 1873 2547 cui
1900 2510 2017 2548 Cum

450 2576 603 2630 I’atre
632 2588 681 2631 et
708 2590 889 2632 sancto
915 2580 1110 2648 Spiritu
1152 2580 1220 2634 sit
1256 2581 1417 2651 gloria
1436 2624 1451 2649 ,
1481 2583 1758 2653 imperium
1782 2627 1797 2651 ,
1826 2583 2014 2651 honor,

450 2682 588 2721 nunc
610 2676 664 2722 et
688 2684 914 2737 semper,
941 2678 994 2723 et
1020 2670 1070 2723 in
1103 2671 1293 2724 smcula
1322 2673 1654 2727 sazcnlorum.
1684 2675 1873 2729 Amen.

1007 2798 1286 2853 IIOMILIA
1322 2799 1460 2855 LIX.

450 2902 514 2957 Et
551 2907 857 2961 venitJacob
891 2909 964 2979 (b)
990 2911 1040 2962 in
1078 2910 1249 2964 Solent
1277 2910 1522 2965 civitatem
1542 2912 1855 2968 Secimorum
1896 2916 1945 2981 ί,
1974 2926 2018 2969 et

516 2999 633 3050 emit
652 3006 840 3064 partem
864 3000 974 3067 agri
988 2998 1049 3051 ab
1065 2999 1223 3053 Emor
1240 3010 1381 3069 patre
1400 3001 1617 3072 Sychem
1628 3016 1822 3057 centum
1839 3007 1982 3074 agnis
2000 3022 2019 3060 :

518 3097 561 3143 et
581 3089 731 3143 erexit
748 3089 816 3143 ibi
844 3090 1030 3157 altare,
1061 3100 1104 3144 et
1130 3091 1372 3145 invocavit
1395 3089 1552 3146 Deum
1582 3091 1745 3148 Israel
1763 3092 2016 3167 (601.35.

520 3180 681 3233 13-20
693 3178 733 3249 ).

517 3271 566 3324 1.
610 3271 823 3326 Vidistis
851 3272 961 3325 heri
991 3281 1044 3327 et
1074 3276 1238 3328 nostri
1279 3276 1511 3329 omnium
1547 3278 1748 3332 Domini
1772 3282 2016 3335 eximiam

441 3360 794 3425 clementiam,
818 3370 871 3416 et
889 3363 1262 3433 discipulorum
1293 3365 1700 3436 philosophiam,
1726 3379 1779 3423 et
1807 3370 2017 3423 Ind-aro-

443 3466 559 3506 rum
585 3452 843 3521 ingratum
868 3452 1140 3505 animum?
1168 3453 1379 3509 Vidistis
1402 3464 1594 3524 quanta
1619 3472 1736 3511 eum
1762 3460 2013 3527 patientia

443 3556 625 3595 eorum
683 3542 1038 3609 impudentem
1087 3545 1360 3599 audaciam
1408 3548 1778 3603 obmutescere
1820 3554 2012 3620 coegit,

443 3645 561 3684 cum
601 3648 726 3685 suos
754 3644 1029 3688 excusaret
1058 3634 1379 3705 discipulos,
1413 3650 1718 3693 monstrans
1753 3640 1896 3709 ipsos
1923 3643 2012 3711 qui

444 3719 609 3789 legem
641 3722 907 3776 vindicare
934 3724 1201 3788 volebant,
1227 3728 1354 3794 legis
1378 3728 1707 3783 voluntatem
1750 3732 2013 3798 ignorare,

443 3821 497 3864 et
538 3811 826 3866 irradiante
856 3816 1077 3868 veritate
1098 3856 1110 3879 ,
1137 3816 1309 3869 adhuc
1348 3818 1549 3872 umbrae
1571 3820 1808 3874 assidere
1838 3824 2014 3876 Velle?

445 3902 659 3955 Vidistis
690 3903 954 3971 quomodo
990 3905 1097 3971 jam
1138 3906 1260 3959 inde
1303 3907 1370 3960 ab
1405 3908 1555 3961 initio
1603 3909 2008 3967 observationes

443 3992 637 4061 legales
686 3992 893 4045 auferre
932 3993 1208 4058 studebat,
1260 3994 1457 4049 docens
1497 4012 1621 4062 eos,
1668 4009 1855 4053 exorto
1902 4002 2015 4056 Sole

438 4081 677 4149 justitim,
708 4080 939 4134 lucernae
968 4083 1142 4136 lumen
1175 4084 1302 4138 nihil
1328 4086 1437 4155 jam
1462 4086 1675 4142 efficere
1703 4105 1856 4158 posse
1876 4093 1898 4145 ?
1917 4093 2013 4146 .In-

445 4172 539 4225 bar
563 4172 702 4225 enim
731 4171 918 4225 solaris
947 4173 1165 4226 luminis
1194 4176 1333 4244 quod
1372 4177 1577 4231 accedit
1598 4219 1611 4241 ,
1639 4178 1741 4233 hoc
1767 4183 1925 4249 tegit,
1959 4194 2013 4236 et

442 4263 609 4316 videri
640 4279 743 4315 non
771 4263 914 4317 sinit.
941 4263 1206 4319 Didicistis
1246 4266 1512 4335 quomodo
1538 4269 1792 4336 possibile
1818 4272 1921 4328 sit.
1955 4282 2011 4326 ut

442 4350 586 4406 ferire
614 4361 880 4422 perpetuae
908 4362 1148 4423 agantur,
1178 4363 1232 4409 et
1257 4370 1285 4408 a
1312 4364 1607 4426 temporum
1634 4359 2008 4417 observatione

443 4442 743 4499 liberemur.
766 4444 896 4498 Nam
942 4455 1156 4515 propter
1195 4446 1296 4499 hoc
1324 4449 1467 4501 venit
1508 4449 1762 4504 Dominus
1803 4466 2005 4519 noster,

442 4543 499 4585 ut
528 4548 624 4586 nos
654 4534 901 4586 liberaret
930 4549 957 4586 a
990 4545 1288 4602 temporum
1333 4539 1651 4595 necessitate
1687 4559 1698 4593 :
1729 4550 1783 4594 et
1828 4543 2009 4598 cftire-

445 4632 544 4687 ret,
565 4632 619 4676 ut
647 4624 804 4676 altius
832 4625 1183 4690 evolaremus,
1214 4635 1268 4679 et
1290 4627 1400 4695 jam
1441 4631 1493 4682 in
1520 4633 1652 4685 ctelo
1694 4634 2007 4691 haberemus

446 4714 821 4782 municipatum
846 4755 860 4779 ,
892 4724 943 4767 et
971 4730 1089 4768 cum
1118 4717 1289 4772 adhuc
1318 4718 1557 4775 homines
1595 4738 1807 4790 sumus,
1828 4729 2005 4797 Ange-

504 4850 519 4882 ⁸
554 4856 694 4899 Juxta
711 4849 853 4926 sevi].
872 4849 1131 4926 legendum
1146 4861 1293 4913 esset,
1312 4853 1629 4919 sicemorum;
1655 4867 1706 4909 et
1722 4862 1856 4922 juxta
1873 4867 2011 4926 quin-

435 4924 531 4972 que
558 4920 681 4971 .\tss.,
705 4920 999 4960 swunormn.

432 5051 456 5099 ἴ
497 4992 569 5054 (a)
603 4997 717 5101 tanta
738 5005 847 5101 qtuaa
869 5000 1138 5055 sequuntur
1158 5000 1323 5045 contra
1342 5009 1429 5046 eos
1457 5000 1789 5063 qui
1817 5004 2007 5067 Pelagio

451 5066 597 5101 avere
653 5066 760 5101 tcun

451 5055 597 5102 'avere
618 5055 802 5101 dicunt.

496 5115 570 5175 to)
596 5121 731 5186 μίξας
758 5112 1000 5186 homiliatn
1018 5114 1183 5186 habuit
1206 5117 1451 5186 postridie,
1485 5126 1539 5186 ut
1560 5121 1837 5186 __initio_ait,
1862 5138 2003 5186 quam

496 5130 570 5175 to)
606 5130 731 5161 hanc
758 5130 997 5161 uomtnam
1018 5130 1183 5163 naoutt
1206 5130 1451 5222 posmate,
1485 5130 1539 5167 ut
1578 5130 1714 5170 initio
1754 5130 1837 5181 ait,
1862 5138 2003 5186 quam

432 5176 581 5245 aliam
596 5174 946 5245 babuerat._utti
974 5176 1155 5245 Domini
1178 5189 1205 5223 c
1226 5180 1454 5245 amentia.
1474 5185 1524 5226 ot
1540 5181 1877 5245 discipulorum
1900 5187 2003 5245 [sbi-

434 5237 647 5298 toSOphia
673 5235 1009 5298 exhibebatur,
1036 5236 1301 5298 Judaeorum
1325 5239 1541 5298 ingratus
1562 5235 1749 5292 animus
1788 5235 1999 5294 declara-

430 5296 586 5359 batur,
611 5296 925 5344 incusantium
948 5295 1234 5359 discipulos;
1270 5312 1362 5359 qua
1381 5295 1449 5347 de
1477 5314 1532 5349 re
1567 5303 1838 5353 incusarent
1877 5308 2000 5356 haud

430 5356 619 5426 difﬁcile
646 5364 720 5403 est
737 5358 977 5426 augurari,
1015 5357 1143 5426 quod
1185 5356 1309 5426 fame
1338 5359 1611 5410 laborantes
1644 5365 1764 5426 dum
1789 5380 1876 5426 per
1898 5377 2001 5417 sata

431 5418 692 5489 transirent
714 5419 917 5489 sabbato
955 5418 1109 5489 spicas
1150 5418 1392 5489 vellerent
1415 5418 1820 5489 etcomederent,
1859 5441 2001 5489 quam

433 5481 621 5548 ytveudi
648 5477 1069 5548 frugalitatenrhic
1088 5487 1138 5526 et
1152 5478 1255 5527 aliis
1295 5482 1342 5528 in
1381 5481 1494 5548 locis
1511 5477 2002 5548 _(:hrysostomns'phi-

431 5534 688 5597 Insoihiam
714 5546 863 5587 vetat.
898 5540 1167 5586 Judzeorum
1206 5554 1324 5588 vero
1360 5534 1623 5591 audaciam~
1640 5534 2002 5597 coercuitt‘fliri-

430 5606 549 5652 stus,
574 5606 627 5645 ut
650 5597 1024 5669 ibidenrnarrat
1057 5600 1428 5662 (:hrysostomus.
1476 5604 1720 5655 Homiliam
1752 5620 1894 5670 [orre
1925 5609 2003 5659 hic

431 5667 738 5708 memoratam
760 5667 1020 5707 amts'mtus.

1445 322 1508 376 IN
1546 323 1693 378 CAP.
1737 322 1974 380 XXXIII.
2014 324 2251 384 GENES.
2285 329 2509 386 IiOMlL.
2554 332 2687 387 LIX.

3600 347 3699 403 5H

2134 435 2304 490 Iorqu
2353 440 2683 494 imitaremur
2726 442 2916 509 vitam,
2966 459 3027 498 ac
3082 462 3165 501 res
3210 448 3469 507 humanas
3513 468 3700 512 omnes

2132 526 2492 581 irrideremus.
2522 532 2632 598 Age
2655 532 2832 597 hodie,
2857 534 2899 587 si
2931 536 3168 617 videtur,
3194 543 3385 594 seriem
3414 544 3698 599 verborum

2130 612 2268 667 beati
2301 616 2457 670 Musis
2503 630 2819 687 sequentes,
2851 638 2911 677 ea
2949 612 3063 692 qua:
3107 631 3468 697 superioribus
3509 634 3700 691 diebus

2129 702 2265 757 dicta
2296 716 2607 774 sequuntur.
2640 718 2946 779 tractemus,
2978 725 3033 768 et
3059 716 3179 771 inde
3208 720 3352 773 vobis
3375 737 3701 791 apponamus

2131 795 2450 847 convivium.
2484 796 2642 851 Scitis
2666 801 2805 853 enim
2838 817 2936 856 nos
2957 844 2970 865 ,
3003 819 3123 859 cum
3152 808 3395 864 rediisset
3428 826 3494 866 ex
3524 813 3699 868 Meso—

2129 885 2361 952 potamia
2381 886 2565 952 Jacob,
2588 897 2644 942 et
2668 902 2973 947 occurreret
2999 893 3181 959 fratri,
3211 908 3265 952 ct
3306 901 3495 955 iterum
3539 904 3607 956 ab
3634 920 3699 958 eo

2129 985 2486 1040 separarctur,
2516 985 2567 1029 et
2596 977 2686 1031 ille
2723 980 2936 1048 quidem
2984 983 3034 1036 in
3066 985 3183 1039 Seir
3213 1000 3447 1043 montem
3474 1000 3699 1047 conten-

2129 1060 2309 1127 deret,
2338 1063 2501 1118 Jacob
2530 1076 2706 1121 autem
2740 1071 3074 1128 tabernacula
3107 1078 3317 1146 figeret,
3344 1092 3397 1134 et
3423 1083 3592 1136 locum
3632 1086 3699 1139 ah

2129 1160 2319 1205 eventu
2349 1154 2707 1211 Tabernacula
2738 1172 2951 1217 vocaret
2972 1204 2987 1229 ,
3018 1180 3318 1222 sermonem
3355 1170 3439 1226 hic
3480 1173 3697 1228 missum

2129 1240 2360 1298 fecisse:
2396 1245 2517 1301 ideo
2541 1263 2672 1316 opus
2712 1259 2793 1303 est
2836 1260 2891 1304 ut
2937 1257 3207 1323 sequentia
3244 1274 3339 1325 pro
3367 1261 3564 1316 viribus
3601 1280 3699 1316 uo-

2128 1332 2252 1384 stris
2297 1342 2611 1400 tractantes,
2636 1338 2932 1393 doctrinam
2960 1345 3110 1398 vobis
3141 1348 3500 1417 relinquamus
3540 1354 3698 1422 spiri-

2128 1424 2343 1476 tualem.
2398 1424 2626 1481 Securus
2673 1431 2813 1483 enim
2865 1434 3076 1488 tandem
3120 1435 3286 1491 factus
3328 1440 3517 1509 justus,
3544 1454 3594 1497 et
3632 1446 3699 1499 ab

2127 1513 2269 1565 oumi
2303 1517 2496 1570 mentis
2537 1532 2734 1587 angore
2778 1520 3066 1589 liberatus,
3098 1528 3184 1581 18.
3222 1527 3382 1596 Venit,
3413 1532 3614 1600 inquit,
3646 1537 3698 1588 in

2126 1602 2369 1655 civitatem
2394 1603 2706 1660 Serimorum
2728 1649 2740 1672 ,
2772 1611 2857 1665 19.
2889 1622 2932 1665 et
2953 1617 3071 1666 emit
3095 1629 3285 1686 parte»:
3307 1624 3418 1690 agri
3442 1622 3503 1675 ab
3548 1623 3699 1677 Emor

2129 1700 2271 1758 patre
2294 1690 2509 1761 Syc/tem
2536 1707 2731 1750 centum
2757 1702 2897 1769 agnis
2917 1703 2931 1732 ¹
2958 1718 2976 1755 ;
2995 1704 3083 1758 ‘20.
3117 1718 3160 1759 et
3182 1713 3338 1763 erexit
3362 1709 3431 1766 ἱξιὶ
3454 1714 3631 1779 altare,
3653 1725 3697 1768 et

2125 1778 2369 1834 invocavit
2398 1782 2565 1837 Deum
2592 1785 2865 1843 Israel.Ne
2894 1803 3263 1859 prietereamus
3295 1799 3466 1856 obiter
3494 1818 3555 1858 ea
3581 1820 3698 1873 qua:

2129 1870 2179 1922 in
2213 1871 2404 1926 divinis
2433 1873 2720 1943 Scripturis
2750 1890 2873 1934 sunt
2918 1894 3186 1939 contenta.
3220 1886 3350 1942 Nam
3394 1893 3437 1944 si
3468 1894 3556 1961 qui
3586 1870 3696 1949 auri

2127 1974 2364 2015 ramenta
2414 1980 2446 2019 e
2486 1976 2623 2021 terra
2672 1970 2961 2039 effodiunt,
2993 1977 3117 2031 nulli
3154 1979 3321 2034 labori
3368 1995 3616 2051 parcunt,
3646 1998 3701 2042 et

2127 2053 2303 2104 omnia
2332 2056 2511 2122 gravia
2549 2059 2756 2126 ferunt,
2791 2071 2847 2115 ut
2872 2066 3077 2132 possint
3105 2083 3290 2124 aurum
3320 2087 3350 2126 a
3379 2083 3516 2128 terra
3544 2091 3696 2146 sepa-

2126 2155 2247 2194 rare
2273 2160 2285 2194 :
2312 2144 2477 2198 multo
2504 2148 2673 2215 magis
2689 2149 2890 2218 justum
2914 2153 3070 2210 fuerit
3092 2168 3146 2211 ut
3170 2169 3470 2218 scrutemur
3492 2144 3697 2237 eloquia

2126 2231 2353 2298 Spiritus
2374 2275 2388 2299 ,
2422 2246 2477 2289 et
2517 2238 2794 2294 utilitatem
2823 2259 2939 2312 qua:
2963 2245 3085 2300 inde
3112 2259 3193 2303 est
3235 2231 3618 2324 percipiamus,
3646 2270 3701 2314 et

2126 2324 2205 2377 sic
2234 2325 2355 2380 hinc
2382 2342 2655 2385 exeamus.
2686 2333 2891 2402 Cogita,
2915 2337 3165 2406 obsecro,
3198 2344 3376 2399 eximii
3418 2346 3569 2401 istius
3600 2351 3697 2404 viri

2127 2415 2540 2485 philosolthiam,
2564 2424 2830 2489 quomodo
2848 2435 2993 2481 tanto
3022 2433 3219 2487 auxilio
3244 2449 3471 2504 superne
3494 2438 3695 2506 fruens,

2125 2514 2179 2560 et
2208 2507 2392 2562 videns
2430 2513 2610 2580 augeri
2642 2514 2915 2572 facultates
2943 2535 3085 2587 suas,
3114 2538 3303 2591 pecora
3330 2526 3467 2593 dico,
3499 2539 3551 2583 ct
3586 2540 3699 2584 tan-

2125 2605 2235 2651 tum
2263 2616 2540 2657 numerum
2569 2606 2792 2661 filiorum
2825 2596 3274 2683 circumstantem,
3295 2633 3695 2679 noncxstrucn-

2123 2686 2207 2742 dis
2226 2689 2462 2747 adificiis
2482 2697 2670 2764 amplis
2697 2708 2748 2751 et
2769 2703 3040 2769 praeclaris
3066 2704 3165 2760 fuit
3194 2720 3500 2779 occupatus,
3522 2731 3693 2782 neque

2123 2793 2278 2848 agros
2308 2793 2361 2837 et
2388 2785 2539 2839 villas
2568 2802 2748 2844 emere
2778 2797 2978 2847 curavit
3002 2837 3015 2859 ,
3056 2813 3172 2865 qurc
3207 2801 3453 2857 sufficere
3479 2817 3696 2873 possent

2124 2880 2183 2924 ut
2205 2871 2648 2932 distribuerentur
2690 2880 2828 2935 filiis.
2875 2884 2999 2939 lf:ec
3035 2890 3174 2941 enim
3206 2900 3260 2944 et
3304 2871 3493 2948 similia
3534 2913 3694 2967 agere

2123 2965 2300 3019 solent
2328 2969 2414 3036 qui
2447 2984 2545 3024 nos
2571 2973 2761 3039 opibus
2792 2977 3117 3032 antecellunt
3146 2989 3389 3050 :etsmpe
3411 2987 3499 3054 qui
3528 2965 3690 3043 unum

2125 3063 2327 3110 tantum
2371 3058 2531 3113 habet
2561 3060 2757 3130 filium,
2788 3064 2972 3119 decem
3019 3070 3177 3123 millia
3221 3073 3533 3131 talentorum
3582 3084 3692 3134 auri

2122 3144 2371 3216 colligere
2411 3151 2631 3218 quaerit,
2664 3163 2715 3206 nt
2768 3168 2922 3223 agros
2972 3168 3147 3224 emat,
3191 3169 3243 3214 et
3288 3162 3477 3219 domus
3522 3167 3693 3221 claras

2123 3246 2359 3291 exstruat
2383 3257 2396 3292 :
2420 3249 2473 3294 et
2500 3244 2699 3295 utinam
2739 3261 2805 3297 ex
2831 3247 2990 3313 justis
3020 3248 3289 3305 laboribus
3316 3293 3328 3315 ,
3360 3262 3414 3307 et
3454 3256 3567 3308 sine
3615 3259 3693 3309 ius

2130 3327 2333 3396 justitia
2366 3341 2536 3386 tantas
2563 3350 2691 3402 opes
2720 3337 3022 3405 colligeret;
3047 3342 3136 3394 sed
3160 3344 3297 3410 quod
3330 3361 3486 3412 grave
3513 3355 3615 3414 est,
3638 3361 3691 3404 ct

2121 3422 2357 3475 omnium
2387 3426 2777 3491 gravissimnu‘r,
2810 3430 2876 3482 ab
2902 3430 3020 3485 aliis
3058 3437 3231 3503 rapit,
3280 3437 3413 3491 alios
3456 3441 3685 3496 circum-

2120 3513 2295 3578 venit,
2327 3514 2447 3569 aIiis
2475 3516 2593 3571 lites
2623 3529 2835 3586 movet,
2861 3531 2913 3573 et
2942 3524 3007 3575 ita
3039 3525 3236 3578 alienas
3266 3526 3543 3586 facultates
3567 3547 3688 3587 snas

2123 3603 2262 3658 facit.
2297 3606 2362 3659 Et
2402 3607 2447 3661 si
2487 3609 2605 3677 quis
2635 3611 2827 3665 dixerit
2859 3631 2871 3665 :
2904 3614 2982 3667 Ad
3013 3617 3134 3684 quid
3165 3628 3302 3673 tanta
3342 3622 3405 3674 ad
3437 3625 3688 3692 colligen-

2121 3696 2217 3750 das
2248 3712 2376 3767 opes
2408 3700 2655 3755 insania?
2684 3704 2770 3757 ille
2799 3706 2974 3758 statim
3009 3707 3170 3762 filium
3199 3715 3460 3779 praetexit,
3485 3725 3537 3768 et
3562 3717 3686 3772 dicit

2119 3804 2178 3841 se
2203 3790 2322 3841 talia
2349 3793 2557 3858 operari
2583 3792 2650 3845 ob
2672 3809 2822 3847 suum
2848 3797 2896 3849 in
2927 3798 3073 3852 illum
3102 3816 3353 3855 amorem.
3376 3806 3437 3859 lit
3465 3807 3550 3861 ille
3574 3812 3690 3877 qni-

2119 3878 2239 3930 dem
2264 3880 2469 3932 tametsi
2492 3897 2705 3947 pucrum
2729 3894 3042 3950 praetexens,
3061 3889 3172 3942 haec
3191 3899 3469 3962 utcumque
3492 3899 3686 3965 expiat,

2121 3967 2312 4022 frustra
2354 3978 2528 4023 tamen
2568 3982 2622 4026 et
2667 3974 2951 4029 incassum.
2986 3977 3122 4031 Sunt
3162 3989 3336 4035 autem
3380 3985 3468 4050 qui
3517 4002 3689 4057 neque

2122 4077 2316 4130 pueros
2344 4062 2559 4131 habent,
2587 4076 2641 4119 et
2670 4066 2936 4121 insaniunt
2964 4079 3019 4123 ut
3042 4072 3289 4139 pecunias
3314 4077 3564 4146 colligant
3594 4097 3606 4133 :
3637 4089 3688 4135 et

2120 4153 2338 4206 mallent
2366 4156 2674 4221 gravissima
2703 4156 2841 4211 ferre
2861 4200 2875 4222 ,
2903 4175 3059 4228 quam
3100 4178 3263 4217 unum
3293 4165 3508 4222 obolum
3554 4169 3690 4224 iudi-

2115 4246 2361 4312 gentibns
2388 4261 2627 4314 erogare.
2660 4247 2763 4301 Sed
2792 4248 2967 4317 justus
2998 4251 3085 4305 ille
3115 4253 3246 4308 nihil
3276 4257 3448 4311 simile
3478 4262 3688 4315 consul-

2118 4336 2281 4399 tavit,
2309 4352 2479 4406 neque
2509 4339 2759 4408 cogitavit
2784 4360 2794 4393 :
2827 4341 2919 4395 sed
2948 4358 3066 4396 cum
3097 4360 3259 4414 parvo
3289 4362 3421 4417 Opus
3470 4350 3687 4406 haberet

2111 4441 2261 4495 agro,
2289 4437 2502 4481 centum
2532 4430 2682 4497 agnis
2709 4430 2868 4495 datis,
2904 4443 3102 4500 partem
3133 4437 3242 4504 agri
3276 4440 3405 4493 emit
3430 4440 3497 4494 ab
3520 4441 3687 4496 Emor

2113 4529 2262 4585 patre
2286 4518 2534 4587 Sychem.
2567 4519 2629 4572 Et
2655 4521 2774 4575 vide
2809 4523 3077 4590 pietatem,
3107 4527 3520 4600 religionemque
3551 4532 3679 4595 viri,

2110 4624 2218 4680 qua
2260 4609 2327 4663 de
2371 4624 2528 4663 causa
2574 4627 2757 4679 agrum
2787 4628 2966 4668 emere
3015 4617 3293 4674 studuerit.
3326 4619 3392 4672 Et
3415 4625 3567 4676 erexit
3593 4625 3680 4689 ibi,

2114 4698 2301 4766 inquit,
2329 4700 2490 4753 altare
2508 4740 2523 4764 ,
2548 4710 2597 4752 et
2637 4701 2879 4754 invocavit
2915 4702 3074 4756 Deum
3110 4704 3277 4760 Israe'l
3306 4723 3325 4761 :
3353 4718 3405 4762 et
3429 4712 3537 4779 agri
3564 4727 3684 4780 par-

2106 4770 2221 4840 tem
2253 4790 2381 4842 emit
2410 4790 2549 4842 trulla
2582 4791 2680 4843 alia
2714 4791 2781 4847 de
2813 4809 2990 4854 causa.
3010 4810 3165 4862 quam
3199 4806 3254 4850 ut
3279 4800 3476 4866 gratias
3504 4812 3685 4870 ageret

2110 4880 2376 4931 communi
2426 4882 2592 4934 nostri
2638 4882 2874 4935 orirnium
2923 4884 3165 4938 Domino.
3207 4886 3354 4941 Illum
3403 4900 3677 4958 oporteret

2111 4968 2302 5021 imitari
2332 4986 2514 5023 omnes
2540 4972 2627 5039 qui
2663 4973 2760 5023 sub
2801 4975 2966 5041 gratia
3008 4984 3127 5028 sunt
3151 5018 3163 5039 ,
3192 4979 3281 5045 qui
3314 4978 3411 5032 fuit
3442 4990 3565 5035 ante
3607 4983 3684 5037 le-

2108 5073 2268 5125 gem;
2300 5068 2352 5111 et
2394 5076 2496 5111 non
2542 5062 2619 5113 sic
2668 5061 2898 5114 insanire
2946 5064 2996 5116 in
3040 5068 3379 5132 pecuniarum
3410 5071 3681 5124 Collectio-

2109 5162 2251 5200 nem.
2296 5150 2469 5211 Quare
2523 5151 2686 5216 enim,
2717 5152 2801 5205 die
2829 5154 2979 5220 mihi,
3011 5165 3064 5209 et
3110 5157 3303 5227 tibiipsi
3359 5160 3474 5214 hanc
3516 5177 3679 5217 enera

2108 5238 2377 5306 spinarum
2410 5256 2722 5310 congregas,
2755 5244 2981 5314 filiisque
3011 5247 3113 5301 tuis
3141 5250 3416 5303 materiam
3442 5260 3497 5305 et
3522 5266 3683 5306 ocea-

2107 5331 2311 5383 sionem
2342 5332 2553 5385 malitiae
2597 5343 2648 5387 te
2694 5336 2997 5405 relinquere
3039 5356 3141 5393 non
3190 5341 3465 5397 advertis?
3494 5343 3678 5398 Nescis

2110 5419 2389 5473 Dominum
2418 5423 2706 5490 majorem,
2736 5440 2893 5494 quam
2923 5436 2976 5481 tu
3004 5428 3199 5484 habeas
3221 5472 3235 5496 ,
3271 5431 3362 5485 filii
3388 5433 3463 5487 tui
3492 5449 3673 5489 curam

2169 5578 2182 5608 ι
2220 5584 2268 5625 tn
2304 5579 2537 5629 Hebraico
2573 5579 2753 5644 legitur
2777 5587 2974 5666 ﬁt:th
2992 5590 3158 5639 .1812:
3185 5605 3195 5639 :
3228 5596 3303 5645 alii
3332 5604 3544 5659 vertunt,
3570 5611 3671 5649 om

2104 5679 2201 5721 tum
2222 5679 2439 5723 nummis.
