4168 6264
495 345 597 402 515

495 467 703 525 gerere,
735 461 790 503 ιιι
823 457 997 502 autem
1023 455 1290 512 tamquam
1318 439 1458 492 illius
1483 437 1736 504 majorem
1763 448 1944 486 curam
1971 447 2064 502 ge-

500 561 646 609 rens,
673 543 980 597 occasioncs
1003 538 1076 590 illi
1107 535 1408 600 relinquere
1437 529 1642 593 studes,
1675 541 1792 594 qnte
1832 523 2072 577 submer-

499 651 626 706 gere
671 634 900 687 animam
949 628 1064 694 dus
1109 621 1354 677 valeant?

569 724 813 778 Juventus
837 719 902 772 ad
921 717 1107 770 malum
1125 709 1530 784 proclivis.-—An
1551 705 1724 759 nescis
1743 705 2074 772 iuventutem

507 831 602 885 per
632 816 858 882 seipsam
886 808 950 861 ad
977 807 1180 861 ruinam
1221 801 1507 871 proclivem
1550 810 1690 858 esse,
1721 805 1775 846 et
1815 792 1882 844 ad
1929 789 2079 843 mali-

506 907 632 958 tiam
665 901 768 956 levi
797 906 1068 953 momento
1091 889 1373 947 inclinari?
1400 886 1612 956 quando
1644 894 1818 937 autem
1842 891 1896 935 et
1919 893 2077 948 opum

507 993 831 1049 afﬂuentiam
862 985 1150 1055 acceperit,
1175 983 1342 1036 multo
1379 969 1544 1046 magis
1591 975 1656 1028 ad
1703 973 1900 1026 malum
1957 983 2079 1036 pro-

507 1085 634 1139 ruit.
663 1081 813 1136 Sicut
839 1081 978 1132 enim
1010 1077 1144 1145 ignis
1171 1087 1291 1126 cum
1325 1069 1561 1122 fomitem
1593 1064 1826 1126 invenit,
1857 1059 2082 1112 validio-

508 1175 656 1230 ribus
701 1171 928 1226 llammis
964 1165 1240 1234 exsurgit:
1279 1164 1347 1215 ita
1395 1169 1448 1214 et
1489 1155 1701 1228 quando
1744 1156 1794 1207 iu
1836 1154 2083 1220 juvenem

513 1265 733 1320 materia
759 1261 1101 1332 pecuniarum
1127 1255 1384 1316 inciderit,
1413 1259 1610 1304 tantam
1642 1245 1886 1301 accendit
1911 1241 2088 1296 forna-

517 1373 633 1412 cem
654 1397 668 1418 ,
697 1363 757 1409 ut
801 1353 1029 1406 animam
1069 1347 1278 1416 juvenis
1311 1353 1474 1397 totam
1506 1341 1814 1394 inﬂammet.
1837 1333 2088 1402 Quando-

521 1462 640 1499 nam
674 1445 869 1514 poterit
897 1441 1014 1494 talis
1037 1438 1194 1491 homo
1223 1432 1563 1488 continentia:
1587 1443 1767 1483 curam
1789 1426 2004 1490 habere,
2038 1433 2093 1476 et

521 1533 981 1603 intemperantiam
1013 1529 1226 1597 fugere,
1261 1539 1323 1579 ac
1359 1523 1594 1576 laborem
1626 1535 1723 1588 pro
1749 1517 1974 1581 virtute,
2007 1513 2090 1567 vel

517 1625 659 1679 aliud
693 1623 970 1692 spirituale
999 1617 1252 1688 quiddam
1282 1610 1600 1682 suscipere?

588 1716 644 1768 2.
685 1713 986 1766 Diuitiarum
1007 1709 1297 1762 vanitas.—
1315 1704 1504 1758 Annon
1541 1699 1692 1754 audis
1716 1697 1984 1750 Christum
2015 1695 2096 1748 di-

524 1813 733 1860 centem
770 1822 782 1855 :
809 1803 956 1858 Cura:
977 1801 1128 1868 hujus
1141 1795 1312 1850 sa’culi
1330 1805 1373 1848 et
1389 1793 1611 1861 deceptio
1629 1789 1916 1842 divitiarum
1934 1785 2097 1852 suffo-

522 1903 883 1952 cantntentcm,
904 1906 962 1942 ac
990 1889 1172 1943 sterilis
1206 1887 1262 1955 ﬁt
1281 1884 1489 1954 (Matth.
1511 1881 1597 1936 15.
1630 1877 1746 1950 2‘2),
1772 1893 1888 1946 qua:
1921 1875 2098 1930 omnia

521 1987 700 2055 spinas
721 1980 1032 2036 nominavit?
1047 1978 1177 2032 Nam
1201 1989 1318 2030 cum
1337 1972 1566 2027 dixisset
1591 1969 1640 2022 iu
1661 1966 1906 2038 parabola
1939 1965 2100 2018 semi-

523 2077 627 2139 nis,
651 2073 789 2128 aliud
812 2089 874 2127 ex
901 2069 1191 2126 seminibus
1217 2068 1267 2121 in
1298 2066 1476 2134 Spinas
1506 2061 1778 2125 incidisse,
1797 2057 1990 2112 deinde
2017 2057 2100 2108 tli-

524 2166 741 2236 scipulis
767 2165 1122 2234 interpretans
1150 2173 1390 2230 quaenam
1419 2157 1524 2209 sint
1545 2154 1731 2222 spinm,
1753 2151 1952 2218 inquit:
1981 2149 2100 2201 Sol-

531 2255 749 2313 licitudo
778 2255 931 2324 hujus
961 2253 1137 2308 saeculi
1165 2259 1219 2304 et
1244 2248 1487 2315 deeeptio
1510 2245 1808 2299 divitiarum
1835 2241 2100 2293 sull‘ocant

529 2357 784 2409 mentem,
814 2355 867 2399 et
897 2344 1090 2398 sterilis
1118 2339 1174 2394 fit
1198 2338 1408 2410 (Matth.
1441 2335 1541 2399 i5;
1572 2344 1616 2386 et
1637 2333 1762 2386 Luc.
1785 2329 1860 2401 8).
1883 2329 1948 2382 Et
1971 2329 2105 2382 bene

530 2441 698 2510 spinis
727 2435 1052 2504 comparavit
1094 2429 1502 2486 sollicitudinem
1545 2425 1698 2492 hujus
1728 2421 1906 2476 saeculi
1959 2419 2107 2474 Sicut

534 2533 675 2584 enim
704 2531 869 2598 spinae
892 2543 995 2580 non
1020 2526 1204 2578 sinunt
1227 2535 1410 2576 semen
1439 2517 1688 2580 emicare,
1713 2515 1806 2567 sed
1847 2513 2107 2570 densitate

533 2639 626 2677 sua
657 2622 968 2675 scminatum
998 2615 1336 2683 supprimunt
1363 2629 1376 2664 :
1411 2611 1482 2663 ita
1512 2617 1566 2662 et
1591 2621 1735 2660 cura:
1765 2603 2105 2672 temporales,

534 2711 812 2780 spirituale
840 2723 1047 2770 semen,
1079 2703 1218 2775 quod
1250 2704 1301 2755 in
1331 2701 1505 2754 anima
1537 2697 1860 2758 seminatur,
1893 2707 2000 2746 non
2030 2695 2107 2745 si-

537 2812 669 2858 nunt
697 2801 920 2855 fructum
961 2797 1154 2850 all‘erre
1182 2811 1197 2848 :
1229 2791 1320 2845 sed
1353 2791 1582 2842 adurunt
1611 2797 1664 2842 et
1683 2775 1951 2838 'suﬂ'ocant
1975 2782 2113 2836 sicut

537 2893 725 2962 spinte,
749 2903 850 2943 nec
876 2889 1056 2941 sinttnt
1095 2881 1370 2953 Spirituale
1401 2895 1585 2934 semen
1627 2889 1891 2930 crescere.
1924 2871 1992 2926 Et
2021 2873 2110 2927 de-

539 2985 700 3055 ceptio
747 2981 1055 3036 divitiarum.
1104 2977 1271 3032 Recte
1316 2971 1449 3027 dixit
1501 2969 1866 3038 deceptionem
1906 2963 2116 3019 divitia-'-

539 3091 658 3132 rnm
693 3093 706 3129 :
740 3075 936 3130 etenim
983 3085 1108 3125 vere
1145 3067 1390 3135 deceptio
1419 3074 1520 3118 est.
1553 3061 1682 3128 Qua:
1726 3061 1867 3114 enim
1913 3059 2115 3111 utilitas

541 3176 618 3222 tot
643 3167 962 3220 talentorum
984 3203 999 3228 ,
1028 3171 1080 3216 et
1111 3167 1270 3213 tanta:
1299 3155 1574 3225 pecunim?
1600 3150 1879 3214 Profecto,
1907 3148 2113 3217 inquit,

541 3271 786 3326 magnam
815 3254 1014 3324 prazbet
1035 3251 1265 3303 la‘titiam
1290 3247 1572 3316 possessio.
1598 3241 1820 3307 Qualem
1855 3238 2117 3292 laetitiam?

549 3347 618 3402 Et
669 3345 794 3416 quid
855 3344 974 3398 dico
1030 3337 1309 3395 laetitiam?
1353 3337 1539 3391 Nonne
1581 3334 1808 3388 maxime
1854 3333 2116 3398 intempe-

551 3439 740 3493 stivam
769 3434 1030 3488 tristitiam
1059 3439 1107 3485 et
1131 3441 1412 3484 maerorem
1435 3425 1657 3479 multum
1687 3421 1860 3491 parit?
1883 3419 2114 3472 nondum

549 3530 666 3584 dico
711 3539 954 3595 magnam
995 3524 1136 3577 illam
1179 3529 1232 3574 et
1273 3521 1323 3572 in
1367 3517 1545 3572 futuro
1581 3516 1864 3584 repositam
1907 3519 2120 3581 propter

550 3623 693 3690 ipsas
741 3632 948 3687 poenam
985 3614 1119 3670 :sed
1165 3613 1231 3666 de
1275 3611 1356 3665 his
1389 3611 1577 3678 loquor
1615 3625 1733 3677 qum
1780 3609 1830 3660 in
1872 3605 2120 3675 praisenti

551 3712 652 3764 vita
674 3709 1004 3776 contingunt,
1037 3719 1230 3770 nempe
1259 3717 1324 3756 ne
1353 3701 1678 3768 voluptatem
1719 3697 1931 3766 quidem
1957 3697 2118 3749 ullam

559 3802 696 3856 hanc
724 3815 849 3854 vere
881 3797 1077 3851 habere
1105 3808 1282 3864 posse,
1315 3791 1408 3845 sed
1440 3791 1614 3860 potius
1643 3788 1981 3858 quotidianus
2013 3795 2122 3839 tur-

548 3892 788 3947 bationes
811 3898 867 3943 et
891 3886 1290 3941 amaritudines.
1340 3881 1446 3935 Nec
1473 3895 1620 3934 mare
1661 3879 1907 3933 ﬂuctibus
1938 3877 2007 3930 ita
2041 3876 2122 3927 in-

555 3981 822 4044 tumescit,
848 3989 907 4032 ttt
945 3979 1103 4032 talem
1143 3977 1374 4028 animant
1399 3987 1430 4026 τι
1454 3972 1864 4040 cogitationibus
1901 3978 1954 4021 et
1995 3966 2122 4018 afre-

557 4073 825 4126 ctionibus
853 4067 1114 4128 infestari,
1138 4073 1191 4118 et
1220 4065 1272 4118 in
1305 4075 1492 4115 omnes
1523 4069 1627 4111 tam
1651 4073 1777 4112 suos
1811 4073 1966 4125 quam
1997 4057 2126 4107 alic-

553 4177 652 4216 nos
677 4161 812 4214 male
834 4157 972 4211 allici
998 4155 1256 4208 videmus.
1285 4151 1351 4203 Et
1373 4151 1418 4203 si
1445 4147 1656 4216 quando
1687 4157 1888 4213 partem
1913 4144 2121 4196 illorum

551 4251 756 4305 auferat.
791 4245 1016 4314 aliquis:
1050 4242 1212 4296 multa
1244 4240 1388 4293 enim
1427 4235 1691 4300 accidunt,
1721 4243 1775 4287 et
1803 4231 1953 4285 multi
1987 4232 2115 4284 insi-

553 4341 782 4402 diantur,
815 4349 1005 4403 nempe
1033 4331 1350 4386 famulorum
1379 4326 1700 4394 malignitas,
1727 4322 2127 4393 potentiamque

557 4431 838 4494 violentia;
873 4437 996 4481 tunc
1033 4425 1214 4492 utique
1249 4421 1487 4474 invenies
1517 4419 1634 4471 illos
1663 4418 1825 4470 vitam
1857 4416 1953 4470 sibi
1981 4429 2133 4468 acer-

557 4527 678 4579 bam
705 4522 920 4576 dueere.
943 4513 1196 4584 Qualibus
1233 4511 1393 4582 igitur
1431 4509 1681 4564 lamentis
1709 4508 1841 4562 tales
1879 4521 1985 4560 non
2018 4505 2129 4558 fue-

561 4617 668 4672 rint
686 4613 851 4684 digni,
876 4609 962 4679 qui
987 4607 1160 4660 omnia
1183 4603 1356 4659 faccre
1377 4602 1594 4658 student
1613 4615 1732 4669 quae
1759 4599 1856 4652 sibi
1883 4608 2126 4657 noceant,

555 4719 608 4762 et
646 4708 698 4760 in
729 4702 1018 4775 perniciem
1059 4697 1251 4751 anima:
1287 4709 1398 4749 sum
1443 4693 1564 4746 talia
1607 4691 1860 4758 colligere
1901 4687 2128 4741 volunt?

557 4799 777 4864 Verum,
810 4799 854 4851 si
881 4795 1112 4858 videtur,
1141 4791 1335 4845 talibus
1369 4787 1571 4842 relictis
1607 4784 1671 4837 ad
1704 4783 1982 4836 historiam
1999 4780 2127 4850 justi

565 4891 719 4960 hujus
761 4887 1064 4950 redeamus,
1096 4893 1151 4938 et
1206 4882 1481 4935 videamus
1531 4875 1864 4946 sequentium
1913 4871 2126 4926 seriem.

563 4981 768 5042 Erexit,
800 4978 988 5046 inquit,
1017 4976 1178 5029 altare
1201 4974 1252 5025 in
1281 4979 1434 5042 parte
1459 4967 1591 5038 agri,
1619 4975 1664 5018 et
1689 4963 1932 5018 invocavit
1969 4961 2132 5015 Deum

563 5073 726 5128 lsrae'l
749 5113 762 5136 ,
788 5081 841 5125 et
879 5079 1059 5138 postea
1090 5069 1141 5121 in
1179 5066 1406 5121 Seeimis
1446 5061 1770 5116 domicilium
1814 5059 2012 5113 habere
2041 5073 2124 5110 vo-

565 5167 682 5222 luit.
717 5163 820 5220 Sed
855 5162 975 5216 vide
1006 5161 1197 5214 iterum
1229 5157 1492 5228 qnumodo
1529 5155 1708 5225 justus
1751 5161 1804 5207 ct
1853 5153 1937 5206 hic
1983 5167 2131 5204 suam

563 5256 1018 5314 mansuetudinem
1037 5251 1262 5306 declarat
1275 5251 1363 5304 .Et
1383 5248 1506 5320 quid
1525 5247 1737 5303 accidit?
1756 5247 1806 5300 1.
1828 5245 2044 5316 Egi-essu
2063 5255 2134 5298 est

563 5359 760 5412 autem,
793 5347 990 5414 inquit,
1027 5342 1158 5396 Dina
1185 5341 1293 5411 ﬁlia
1321 5339 1448 5403 Liw,
1479 5350 1530 5392 ut
1561 5338 1746 5391 videret
1775 5337 1910 5406 ﬁlias
1937 5336 2134 5405 indigeo

563 5453 764 5492 narunt.
782 5435 838 5489 2.
867 5435 928 5488 Et
951 5445 1004 5487 ut
1032 5431 1151 5486 vidit
1179 5447 1291 5485 eam
1319 5429 1533 5500 Sychem
1558 5428 1692 5496 ﬁlius
1727 5425 1882 5478 Emor
1901 5465 1916 5488 ,
1945 5423 2134 5476 dormi—

563 5531 631 5582 vit
663 5543 778 5582 cum
805 5542 896 5592 ea,
928 5521 982 5578 5.
1011 5533 1058 5577 et
1091 5504 1548 5589 dilexit-virginem
1568 5558 1582 5581 ,
1611 5526 1662 5570 et
1701 5517 1936 5586 loquutus
1980 5522 2051 5566 est
2089 5511 2136 5563 ei

557 5622 713 5688 juxta
755 5629 966 5671 mentem
993 5615 1202 5686 virginis
1225 5613 1374 5682 (Cap.
1408 5610 1520 5678 51).
1549 5609 1738 5662 Vidisti
1775 5615 2030 5677 quantum
2068 5604 2137 5656 sit

559 5711 809 5778 juventus
839 5708 1055 5774 malum,
1082 5703 1293 5776 quando
1324 5711 1479 5757 recta:
1509 5700 1727 5754 rationis
1767 5697 1916 5751 freno
1962 5695 2132 5748 Curet?

1199 334 1254 390 ε.
1295 327 1573 387 JOANNIS
1600 321 2074 382 CHRYSOSTOMI
2115 319 2432 376 AltCHlEP.
2475 317 3006 376 CONSTANTINOP.

3661 319 3776 378 516

2181 431 2326 484 Vidit
2379 431 2522 484 enim
2577 429 2875 498 virginem,
2924 439 2978 484 et
3027 439 3168 484 totus
3217 439 3432 500 propter
3480 441 3778 500 aspectum

2178 536 2360 575 amore
2383 529 2679 588 correptus,
2713 521 3200 588 concupiscentiam
3227 535 3390 589 opere
3430 520 3734 590 complevit
3754 562 3768 582 ,

2179 619 2226 662 et
2253 612 2486 680 loquutus
2512 621 2582 665 est
2611 612 2656 662 ei
2671 612 2822 680 juxta
2843 621 3050 662 mentem
3068 609 3292 678 virginis.
3315 609 3447 675 Quid
3471 621 3572 678 est,
3605 611 3778 682 juxta

2182 711 2395 754 mentem
2433 701 2684 770 virginis?
2705 699 2966 766 Quoniam
2994 700 3203 768 juvenis
3232 709 3346 753 erat
3377 699 3547 767 puella
3567 741 3581 764 ,
3615 701 3778 766 ejus-

2185 793 2328 847 modi
2353 795 2534 860 verba,
2562 793 2763 861 inquit,
2792 807 2912 845 cum
2944 807 3004 844 ea
3035 793 3283 860 loquutus
3311 801 3392 846 est
3411 833 3424 854 ,
3451 807 3566 860 quae
3613 789 3780 843 sum-

2185 885 2396 939 ciebant
2443 883 2510 937 ad
2553 884 2944 938 conciliandum
2968 883 3066 936 sibi
3097 899 3235 935 eam.
3269 883 3333 936 Et
3367 884 3536 952 inquit
3563 883 3632 935 ad
3673 897 3776 949 pa—

2190 985 2320 1028 trem
2345 991 2360 1027 :
2385 975 2439 1025 ι.
2471 975 2652 1042 Accipe
2679 973 2804 1025 mihi
2830 974 3046 1040 puellam
3077 973 3210 1024 hanc
3257 974 3308 1024 in
3338 989 3564 1025 umorem.
3597 973 3776 1025 Audi-

2187 1065 2264 1116 vit
2282 1074 2462 1117 autem
2489 1061 2653 1116 Jacob
2680 1063 2872 1115 factum
2894 1101 2908 1125 ,
2941 1069 2994 1115 et
3022 1072 3146 1114 tunc
3175 1061 3362 1114 leviter
3404 1061 3544 1126 tulit,
3569 1077 3784 1128 exspe-

2190 1163 2338 1206 ctans
2361 1153 2580 1206 fratrum
2607 1153 2722 1220 ejus
2747 1151 3055 1205 adventum.
3088 1151 3252 1203 Erant
3277 1153 3417 1205 enim
3447 1151 3499 1203 in
3531 1152 3777 1218 pascuis.

2193 1245 2248 1298 5.‘
2275 1243 2338 1296 Et
2363 1243 2521 1303 siluit,
2555 1243 2726 1311 inquit
2750 1283 2761 1301 ,
2793 1241 2952 1294 Jacob
2973 1282 2986 1306 ,
3011 1241 3170 1294 donec
3197 1241 3418 1295 venirent
3445 1241 3541 1292 illi.
3561 1239 3618 1293 ϐ.
3644 1238 3784 1292 Cum

2194 1349 2356 1389 autem
2385 1336 2592 1389 venisset
2620 1333 2776 1386 Emor
2802 1333 2870 1386 ad
2897 1331 3086 1394 Jacob,
3117 1331 3167 1384 7.
3198 1341 3436 1383 venerunt
3483 1339 3529 1383 et
3585 1333 3785 1398 [rati-cs

2197 1427 2366 1493 Dinw,
2395 1435 2438 1480 et
2459 1420 2572 1478 cum
2601 1424 2902 1476 audivissent
2933 1439 3044 1490 qua:
3082 1421 3216 1488 facta
3257 1431 3396 1473 erant
3437 1421 3600 1472 sorori
3630 1435 3743 1471 sua!
3768 1460 3782 1484 ,

2197 1516 2478 1586 compuncti
2505 1525 2639 1568 sunt.
2663 1513 2796 1578 Quid
2841 1521 2921 1566 est
2943 1555 2956 1578 ,
2987 1513 3270 1580 compuncti
3294 1511 3448 1564 sunt?
3477 1510 3787 1562 contristati

2198 1617 2343 1671 sunt,
2377 1621 2595 1675 remque
2627 1603 3020 1658 intolerabilem
3035 1618 3166 1656 esse
3197 1611 3518 1670 putaverunt
3558 1611 3612 1652 ct
3655 1615 3788 1668 gra-

2201 1699 2471 1752 vissimam
2499 1737 2514 1758 ,
2543 1703 2760 1763 eratque
2789 1694 2866 1747 eis
2895 1693 3154 1746 maerendi
3185 1709 3369 1759 inagna
3397 1693 3629 1743 oet-asia.
3661 1689 3789 1741 Μα-

2201 1805 2300 1858 gna
2323 1787 2473 1853 enim,
2507 1785 2697 1852 inquit,
2721 1799 2803 1836 eos
2849 1783 3051 1835 tristitia
3079 1781 3346 1851 aﬂiciebat,
3377 1781 3509 1849 quod
3541 1795 3648 1833 rem
3679 1790 3792 1831 tur-

2202 1893 2315 1946 pem
2343 1881 2528 1945 fecerat
2556 1876 2607 1926 in
2638 1872 2807 1927 lsraé’l
2825 1873 3042 1941 Sychem
3063 1914 3075 1934 ,
3104 1872 3188 1940 qui
3209 1871 3506 1924 dormit'erat
3534 1887 3650 1922 cum
3675 1869 3792 1938 ﬁlia

2203 1965 2383 2019 Jacob.
2439 1965 2595 2020 Vides
2651 1965 2880 2018 ﬁliorum
2916 1962 3342 2015 continentiam?
3391 1961 3790 2027 turpitudinem

2207 2059 2489 2110 maximam
2517 2057 2619 2109 hoc
2655 2055 2850 2106 factum
2879 2053 3244 2120 reputabant?
3283 2051 3470 2104 Vidisti
3511 2049 3795 2118 quomodo

2203 2152 2380 2220 justus
2414 2164 2608 2218 pueros
2655 2163 2780 2202 suos
2824 2147 3016 2201 erudiit
3063 2145 3128 2198 ad
3183 2145 3471 2198 virtutem?
3503 2143 3797 2209 Quomodo

2210 2245 2333 2297 item
2369 2242 2507 2296 titius
2537 2242 2700 2296 Emor
2729 2255 2879 2294 suam
2917 2239 3403 2306 concupiscentiam
3447 2251 3610 2304 opere.
3639 2251 3796 2288 com-

2213 2335 2362 2403 plens
2382 2374 2396 2398 ,
2427 2332 2487 2385 fit
2527 2331 2663 2400 patri
2697 2339 2753 2385 et
2779 2331 2874 2383 toi
2903 2331 3102 2384 civitati
3135 2328 3389 2397 perniciei
3423 2337 3610 2379 auctor
3631 2327 3656 2378 ἰ’
3687 2326 3798 2377 Sed

2213 2427 2360 2493 prius
2383 2423 2662 2477 audiamus
2686 2437 2804 2490 qua:
2829 2422 2991 2474 Emor
3023 2421 3088 2472 ad
3137 2435 3228 2472 eos
3253 2419 3449 2472 dixerit
3473 2459 3484 2476 ,
3517 2427 3570 2471 et
3599 2427 3794 2486 postea

2211 2515 2392 2568 scietis
2421 2513 2644 2567 fratrum
2669 2513 2817 2565 Dina:
2855 2511 3144 2564 versutiam
3168 2553 3180 2574 ,
3211 2521 3264 2562 ot
3312 2507 3578 2576 quomodo
3620 2505 3801 2559 vindi-

2211 2622 2336 2661 care
2367 2605 2684 2659 studuerunt
2709 2603 2951 2670 injuri-nn
2978 2605 3146 2656 Sorori
3179 2603 3398 2655 illatam.
3435 2603 3486 2654 8.
3518 2598 3584 2652 Et
3608 2599 3792 2668 loqim-

2215 2707 2295 2750 tus
2324 2707 2396 2751 est
2437 2697 2505 2749 eis
2532 2695 2688 2748 Emor
2727 2695 2893 2746 dicens
2918 2712 2935 2746 :
2959 2695 3176 2763 Syc/tem
3211 2694 3346 2759 ﬁlius
3376 2708 3512 2744 meus
3539 2691 3800 2760 pra'clcgit

2215 2789 2387 2842 animo
2428 2788 2587 2856 ﬁliam
2617 2795 2850 2838 vestram.
2883 2784 3010 2838 Vide
3040 2783 3306 2853 quomodo
3351 2783 3459 2850 jam
3511 2781 3802 2848 pra'signat

2219 2879 2512 2950 perniciem
2555 2892 2614 2930 se
2643 2875 3176 2944 compreltensuratn.
3211 2872 3475 2943 Prwelcgit
3505 2871 3645 2924 enim
3669 2911 3682 2933 ,
3717 2870 3802 2920 in-

2219 2969 2602 3041 quit,anima:
2633 2967 2734 3021 hoc
2783 2975 2885 3032 est,
2915 2969 3146 3019 animam
3199 2979 3346 3018 suam
3401 2962 3646 3031 exposuit
3698 2975 3803 3027 pro

2221 3063 2324 3116 filia
2375 3074 2576 3116 vestra.
2629 3060 2722 3114 Ille
2781 3059 2994 3128 quidem
3050 3057 3262 3112 dicebat
3309 3054 3799 3124 concupiscentimn

2221 3153 2355 3221 ejus,
2380 3167 2536 3220 quam
2567 3164 2692 3218 erga
2724 3149 2953 3218 puellam
2988 3147 3213 3200 habebat
3241 3164 3251 3197 :
3282 3148 3436 3212 paulo
3466 3156 3586 3213 post
3618 3155 3799 3196 autem

2220 3245 2424 3311 didicit,
2455 3245 2594 3298 hanc
2621 3258 2732 3296 sua:
2759 3252 2812 3295 et
2837 3242 3071 3294 omnium
3103 3241 3190 3306 qui
3223 3239 3290 3290 ibi
3320 3246 3470 3290 erant
3490 3276 3504 3299 ,
3537 3235 3800 3303 perditio-

2221 3339 2304 3394 nis
2357 3337 2474 3392 fore
2517 3336 2877 3390 occasionem.
2911 3333 3040 3398 Quia
3083 3331 3245 3398 igitur
3283 3329 3373 3380 ille
3422 3329 3678 3394 virginem
3719 3327 3801 3376 sic

2221 3427 2516 3495 deperibat,
2547 3425 2692 3486 Date,
2721 3422 2908 3490 inquit,
2934 3423 3083 3474 istam
3105 3420 3181 3472 illi
3209 3433 3435 3476 uxorem,
3463 3417 3518 3471 9.
3550 3427 3592 3466 et
3627 3416 3798 3484 πῃῖηὶ-

2223 3529 2374 3572 tatem
2404 3515 2681 3569 contrahite
2716 3513 2971 3566 nobiscum
2993 3526 3012 3562 :
3039 3511 3174 3577 ﬁlias
3201 3519 3384 3560 rastros
3407 3508 3522 3556 date
3557 3503 3726 3567 nobis,
3751 3513 3801 3554 et

2223 3611 2356 3678 ﬁlias
2383 3617 2580 3662 nostras
2599 3603 2808 3673 accipite
2829 3603 2948 3670 ﬁliis
2975 3600 3145 3652 vestris
3167 3640 3181 3662 ,
3208 3598 3291 3652 10.
3314 3607 3356 3648 et
3382 3596 3509 3646 inter
3536 3610 3624 3646 nos
3652 3592 3795 3642 habi-

2225 3711 2344 3755 tata.
2365 3699 2430 3752 Et
2453 3711 2564 3750 ecce
2591 3703 2725 3746 terra
2751 3693 2856 3746 lata
2885 3700 2956 3745 est
2982 3705 3150 3742 coram
3177 3688 3311 3740 vobis
3329 3727 3344 3749 ,
3375 3685 3595 3737 habitata
3633 3692 3676 3734 ct
3709 3697 3798 3732 nc-

2225 3791 2482 3862 gotiamini
2509 3790 2560 3842 in
2587 3803 2664 3852 ea,
2693 3794 2738 3838 et
2766 3786 2820 3838 in
2849 3799 2909 3836 ea
2953 3780 3284 3850 possessiones
3309 3777 3500 3830 habete.
3540 3773 3667 3828 Vide
3703 3788 3802 3840 pa-

2229 3899 2384 3947 trem,
2406 3889 2656 3949 quantam
2687 3885 2902 3945 propter
2929 3873 3020 3926 lilii
3053 3887 3288 3924 amorem
3319 3868 3478 3921 habet
3499 3880 3620 3934 erga
3649 3879 3804 3932 pcre-

2227 3978 2408 4046 grinos
2439 3973 2838 4041 benignitatem,
2865 3977 2918 4022 et
2945 3963 3214 4034 quomodo
3241 3977 3336 4016 eos
3384 3959 3669 4014 conciliare
3700 3954 3799 4008 sibi

2229 4068 2360 4126 vult,
2393 4065 2514 4119 data
2543 4064 2622 4116 eis
2649 4063 2701 4116 in
2727 4059 2873 4114 omni
2904 4057 3122 4126 regione
3153 4069 3247 4108 sua
3271 4061 3550 4120 potestate.
3597 4047 3660 4099 Et
3690 4046 3801 4096 litt-e

2230 4156 2442 4224 quidem
2487 4155 2595 4220 egit
2643 4147 3009 4218 patentibus
3056 4153 3231 4197 autem
3285 4141 3404 4210 quia
3460 4137 3591 4192 vidit
3639 4135 3804 4203 patris

2231 4258 2354 4311 erga
2399 4256 2457 4294 se
2477 4238 2726 4299 studium,
2756 4245 2810 4288 et
2854 4231 3120 4302 quomodo
3157 4231 3332 4282 ontnia
3374 4227 3550 4280 facere
3591 4233 3804 4294 paratus

2231 4331 2409 4394 fuerit,
2461 4337 2520 4382 ιιι
2564 4326 2874 4394 impleretur
2921 4321 3058 4390 qttod
3113 4319 3380 4387 cupiebat,
3433 4316 3617 4384 adjicit
3663 4313 3802 4382 quod

2233 4436 2386 4475 suum
2431 4425 2544 4482 est,
2578 4416 2810 4483 dicitque
2837 4412 2902 4465 ad
2929 4410 3094 4466 Jacob
3125 4419 3178 4462 et
3227 4407 3290 4459 ad
3337 4407 3531 4459 fratres
3565 4404 3756 4472 puellae
3788 4421 3799 4454 :

2235 4513 2256 4565 1
2277 4513 2318 4564 l.
2337 4509 2362 4562 l
2372 4509 2598 4562 nveniam
2625 4505 2840 4577 gratiam
2857 4517 3025 4556 coram
3043 4499 3200 4564 vobis,
3220 4509 3264 4550 ct
3285 4495 3527 4566 quidquid
3553 4494 3804 4556 dixeritis,

2233 4605 2501 4658 dabimus:
2541 4599 2626 4654 12.
2667 4596 3002 4666 Multiplicate
3045 4592 3243 4652 dolent,
3273 4599 3317 4642 et
3365 4587 3494 4640 dabo
3531 4583 3805 4638 secundum

2233 4694 2366 4766 quod
2387 4690 2609 4746 dixeritis
2635 4687 2778 4752 milti,
2794 4697 2838 4738 et
2863 4685 3044 4738 dabitis
3073 4682 3192 4734 mihi
3211 4681 3428 4750 puellam
3450 4679 3578 4728 hanc
3603 4676 3654 4727 in
3679 4691 3804 4726 uxo-

2236 4765 2361 4840 rem.
2389 4781 2578 4836 Vidisti
2609 4787 2812 4848 patrem
2837 4785 3052 4844 propter
3079 4771 3308 4826 studium
3340 4777 3394 4822 et
3431 4781 3610 4820 curant
3641 4765 3690 4816 in
3739 4765 3798 4813 li-

2235 4878 2366 4932 liutn
2417 4874 2611 4929 obnixe
2663 4868 2890 4940 precari,
2936 4865 3295 4935 juvenemque
3343 4869 3585 4930 prompte
3627 4855 3804 4908 omnia

2237 4967 2570 5038 promittere,
2601 4971 2660 5016 ιιι
2685 4959 2858 5030 puella
2888 4955 3186 5028 potiretur?

2309 5061 2362 5113 5.
2385 5055 2507 5110 Haec
2533 5053 2695 5116 enim,
2720 5051 2833 5103 hare
2859 5047 3151 5116 perniciosa
3183 5041 3393 5096 alfectio
3419 5039 3594 5092 omnia
3633 5034 3806 5091 soscio

2241 5147 2433 5220 pienda
2462 5144 2684 5200 libidine
2711 5139 2970 5194 diflluettti
2997 5135 3305 5205 persuadet,
3338 5133 3508 5186 donec
3535 5128 3590 5182 in
3615 5125 3806 5180 inferni

2241 5217 2560 5308 profundum
2599 5234 2774 5288 ducat.
2832 5230 2899 5285 Et
2941 5229 3095 5290 vide,
3129 5228 3348 5280 obsecro
3395 5239 3410 5274 :
3464 5221 3640 5276 senior
3686 5217 3807 5286 qui-

2239 5333 2360 5387 dem
2385 5329 2548 5386 .lacob
2574 5327 2686 5380 haec
2705 5325 2925 5379 audiens
2946 5323 3085 5384 silet,
3101 5330 3150 5374 et
3172 5335 3264 5388 pro
3290 5335 3381 5370 sua
3403 5310 3804 5367 mansuetudine

2241 5423 2370 5477 nihil
2401 5421 2663 5490 loquitur:
2691 5419 2782 5472 sed
2809 5417 2914 5468 vim
2943 5415 3062 5466 litim
3087 5413 3274 5466 factam
3299 5409 3556 5477 patienter
3572 5403 3692 5456 fert.
3719 5401 3806 5454 1'5.

2245 5515 2366 5568 Filii
2393 5523 2558 5566 autem
2586 5508 2744 5563 Jacob
2784 5506 3016 5560 dixerunt
3046 5501 3262 5572 Sychem
3289 5509 3336 5551 ct
3367 5497 3520 5550 Emor
3544 5493 3674 5562 patri
3702 5493 3798 5556 eius

2243 5605 2430 5667 dolose,
2463 5611 2510 5656 et
2538 5600 2727 5668 loquuti
2753 5605 2868 5652 sunt
2903 5596 3024 5657 illis,
3059 5592 3188 5659 quod
3217 5589 3582 5660 coinquinarint
3629 5583 3811 5634 Dinam

2243 5711 2464 5751 sororem
2485 5707 2645 5747 suam.
2674 5685 2962 5744 Considera
2992 5684 3076 5738 hic
3121 5679 3384 5752 quomodo
3417 5686 3632 5749 propter
3661 5673 3811 5729 unius
