4168 6264
392 385 504 443 ὕὶὓ

393 506 453 560 δὲ
483 504 561 567 ὼς
606 503 825 556 πλείονα
871 502 971 572 τὴν
1000 501 1127 572 περὶ
1169 501 1330 556 αὑτὸν
1361 500 1804 573 ἐπιδεικνύμενος
1843 501 1976 573 πρό·-

394 605 566 651 νοιαν,
599 586 854 657 ἀφορμὰς
890 585 1038 655 αὐτῷ
1065 584 1384 639 καταλιπεῖν
1413 585 1734 649 σπουδάζεις
1758 583 1857 647 τάς
1883 584 1973 637 δυ-

395 670 634 741 ναμένας
659 668 985 739 ὑποϐρύχιον
1014 667 1181 722 αὐτοῦ
1205 666 1304 738 τὴν
1326 667 1502 740 ψυχὴν
1531 667 1900 738 ἐργάσασθαις

469 752 539 804 Ἠ
578 751 678 804 οὐκ
729 746 884 804 οῐσθα
924 751 1007 804 ὅτι
1037 753 1070 822 ἡ
1106 752 1295 819 νεότης
1340 752 1435 804 καὶ
1481 749 1604 805 καθ’
1634 751 1831 815 ἑαυτὴν
1873 748 1973 819 μὲν

396 833 670 888 εὐόλισθόν
695 833 811 885 ἐστι
837 834 1068 903 πρᾶγμα
1106 832 1202 886 καὶ
1228 831 1533 904 ὀξύρροπον
1561 832 1700 903 πρὸς
1732 832 1967 894 κακίαν;

400 918 570 970 Ὅταν
587 915 645 968 δέ
667 916 761 969 καὶ
777 931 880 984 χρη
889 914 1072 983 μάτων
1089 915 1402 985 περιουσίαν
1422 913 1705 986 προσλάϐῃ
1719 926 1768 974 ι,
1791 912 1971 984 πολλῷ

404 998 602 1068 μᾶλλον
632 996 1091 1068 ἑπιρῤεπέστερον
1119 984 1180 1049 τὸ
1227 995 1397 1049 κακὸν
1428 984 1658 1064 γίνεταί.
1678 984 1686 986 Ὺ
1710 993 1972 1066 Καθάπερ

399 1081 512 1151 γάρ
534 1080 646 1151 πῦρ
670 1080 802 1150 ὕλην
831 1078 1136 1149 προσλαϐὸν
1153 1119 1170 1144 ,
1206 1079 1570 1149 σφοδροτέραν
1598 1078 1828 1133 ἀνάπτει
1874 1080 1975 1149 τὴν

399 1164 572 1233 φλόγα
589 1180 604 1194 ο
646 1162 789 1216 οὕτω
812 1164 907 1216 καὶ
934 1165 969 1233 ἠ
1001 1161 1192 1228 νεότης
1222 1161 1475 1233 καθάπερ
1504 1162 1683 1231 πυρὰν
1714 1163 1814 1233 τὴν
1843 1162 1974 1231 ὓλην

398 1246 509 1300 τῶν
539 1246 834 1317 χρημάτων
859 1245 1154 1315 δεξαμένη,
1196 1244 1465 1314 τοσαύτην
1490 1245 1719 1299 ἀνάπτει
1748 1246 1847 1316 τὴν
1878 1246 1979 1299 κά-

402 1346 555 1402 μινον
573 1369 587 1393 ,
614 1331 689 1392 ὼς
721 1329 1015 1401 ὁλόκληρον
1046 1329 1336 1399 ἐμπρῆσαι
1363 1327 1459 1382 τοῦ
1483 1329 1605 1382 νέου
1632 1329 1731 1400 τὴν
1774 1329 1974 1399 ψυχήν.

397 1412 535 1465 Πότε
566 1411 676 1482 γάρ
694 1413 723 1463 ό
739 1409 978 1474 τοιοῦτος
1009 1411 1301 1481 δυνήσεται
1333 1410 1689 1481 σωφροσύνης
1710 1411 1979 1480 ἐπιμελή-

398 1494 592 1549 σασθαι
618 1533 634 1556 ,
678 1495 772 1546 καὶ
819 1493 1116 1546 ἀκολασίαν
1156 1495 1347 1561 φυγεῖν
1372 1533 1388 1557 ,
1424 1493 1519 1546 καὶ⁵
1551 1495 1676 1557 τοὺς
1706 1494 1845 1563 ὑπὲρ
1876 1493 1977 1562 τῆς

396 1579 595 1650 ἀρετῆς
619 1576 812 1638 πόνους
835 1573 1267 1646 ἀναδέξασθαι,ἦ
1295 1593 1350 1628 τι
1374 1575 1560 1647 ἕτερον
1584 1576 1977 1645 πνευματικόν;

469 1660 537 1730 β’.
560 1662 628 1712 Ἢ
648 1660 748 1713 οὐκ
778 1657 995 1721 ἀκούεις
1020 1656 1115 1710 τοῦ
1132 1657 1396 1728 Χριστοῦ,
1416 1659 1500 1712 ὅτι
1524 1659 1584 1713 Ἡ
1603 1659 1854 1728 μέριμνα
1868 1658 1976 1711 τοῦ

396 1741 611 1807 αίῶνος
637 1741 852 1794 τούτου
881 1738 979 1793 καί
1005 1740 1044 1808 ἠ
1078 1738 1277 1807 ἀπάτη
1293 1741 1400 1795 τοῦ
1423 1741 1694 1794 πλούτου
1715 1740 1977 1808 συμπνι-

396 1846 486 1899 τει
534 1827 643 1881 τόν
678 1826 1002 1895 λογισμὸν,
1033 1825 1132 1879 καὶ
1160 1824 1429 1894 ἄκαρπος
1475 1828 1699 1894 γίνεται
1726 1842 1738 1854 ·
1778 1826 1845 1889 ἀς
1881 1826 1976 1879 καί¹

398 1908 640 1972 ἀκάνθας
664 1908 979 1978 ὼνόμασεν;
1008 1906 1194 1960 Εἰπὼν
1223 1909 1334 1977 γάρ
1352 1908 1414 1961 τὸ
1441 1910 1499 1960 ἓν
1532 1908 1630 1976 μὲν
1655 1907 1748 1961 τοῦ
1774 1909 1977 1976 σπόρου

396 1996 478 2055 είς
506 1993 606 2055 τὰς
633 1990 874 2054 ἀκάνθας
901 1991 1348 2060 ἐμπεπτωκέναι,
1376 1986 1497 2045 εἷτα
1524 1991 1842 2062 ἑρμηνεύων
1866 1992 1980 2053 τοῖς

400 2074 666 2147 μαθηταῖς
691 2073 839 2135 τίνες
868 2074 1005 2125 εἰσὶν
1033 2075 1091 2126 aI
1113 2073 1365 2135 ἄκανθαι,
1393 2074 1560 2142 φησίν
1582 2090 1595 2103 ⁸
1639 2073 1701 2128 Ἠ
1717 2072 1976 2142 μέριμνα

395 2159 502 2214 τοῦ
541 2157 757 2222 αίῶνος
797 2157 1014 2209 τούτου
1040 2195 1056 2220 ,
1089 2154 1190 2209 καὶ
1242 2157 1282 2223 ἠ
1320 2154 1517 2223 ἀπάτη
1556 2155 1664 2209 τοῦ
1707 2156 1976 2209 πλούτου

396 2240 798 2308 συμπνίγει
826 2237 935 2290 τὸν
960 2236 1339 2307 λογισμὸν,
1357 2238 1457 2291 καὶ
1479 2238 1803 2307 ἄκαρπος
1826 2239 1981 2308 γίνε-

396 2340 512 2378 ται.
542 2323 652 2374 Kal
671 2319 850 2383 καλῶς
868 2320 1132 2384 ἀκάνθαις
1148 2320 1447 2393 παρείκασε
1466 2322 1566 2390 τὴν
1592 2321 1862 2392 μέριμναν
1880 2321 1976 2374 τοῦ

396 2402 593 2466 αἰῶνος
613 2402 825 2455 τούτου.
842 2400 1109 2472 Καθάπερ
1126 2402 1234 2472 γὰρ
1257 2403 1312 2454 al
1328 2401 1561 2456 ἄκανθαι
1575 2406 1676 2457 οὐκ
1694 2403 1823 2457 ἐῶσι
1846 2419 1980 2475 προ-

400 2487 566 2556 κύψαι
603 2486 692 2538 τὸν
733 2484 934 2555 σπόρον
958 2524 974 2548 ,
1008 2484 1144 2538 ἀλλά
1173 2488 1238 2555 τῇ
1272 2486 1567 2555 πυκνότητι
1610 2487 1975 2557 συμπνίγουσι

395 2570 457 2622 τὸ
489 2565 862 2637 καταϐληθένο
914 2565 1056 2619 οὕτω
1085 2567 1179 2619 καὶ
1226 2567 1284 2620 αί
1318 2567 1577 2638 μέριμναι
1619 2571 1675 2621 al
1727 2568 1977 2637 βιωτικαὶ

394 2654 486 2707 τὸν
512 2652 711 2723 σπόρον
742 2651 834 2703 τὸν
864 2650 1251 2719 πνευματικὸν,
1296 2650 1518 2704 ἑπειδάν
1556 2653 1636 2715 είς
1670 2650 1769 2721 τὴν
1798 2651 1977 2722 ψυχὴν

396 2734 706 2805 καταϐληθῇ
732 2774 748 2798 ,
782 2735 882 2786 οὐκ
910 2734 1099 2801 ἀφιᾶσι
1126 2733 1338 2807 καρπὸν
1370 2735 1635 2802 ἐνεγκεῖν,
1669 2734 1804 2788 ἀλλά
1844 2751 1970 2803 συγ-

396 2820 643 2873 καίουσαι
673 2816 767 2869 καλ⁵
790 2815 1208 2885 συμπνίγουσαι,
1234 2815 1487 2887 καθάπερ
1519 2819 1574 2870 αι
1598 2816 1853 2881 ἄκανθαι,
1873 2818 1975 2870 οὐκ

393 2903 524 2955 ἐῶσι
557 2898 832 2971 προκύψαι
882 2897 973 2951 τὸν
1009 2898 1209 2970 σπόρον
1234 2899 1324 2951 τὸν
1370 2899 1759 2969 πνευματικόν.
1790 2900 1901 2954 Καὶ
1934 2902 1973 2969 η

391 2982 625 3048 ἀπάτη,
656 2975 824 3051 φησὶ,
869 2980 974 3033 τοῦ
1011 2981 1299 3034 πλούτου.
1338 2980 1532 3044 Καλῶς
1560 2978 1713 3036 εἶπεν
1758 2982 1977 3053 ἀπάτην

390 3065 486 3117 τοῦ
537 3063 800 3116 πλούτου’
833 3064 929 3115 καὶ
976 3061 1086 3133 γὰρ
1134 3063 1299 3126 ὅντως
1351 3063 1533 3131 ἀπάτη
1580 3065 1715 3117 ἐστί.
1754 3065 1819 3117 Τί
1866 3065 1974 3132 γὰρ

393 3149 586 3218 δφελος
618 3147 726 3201 τῶν
757 3147 1025 3200 τοσούτων
1061 3146 1340 3201 ταλάντων
1362 3188 1376 3212 ,
1429 3147 1522 3201 καὶ
1571 3147 1675 3217 τῆς
1704 3148 1977 3220 τοσαύτης

392 3233 502 3286 τῶν
550 3229 848 3301 χρημάτων
899 3229 1224 3300 περιϐολῆςς
1257 3230 1402 3294 Ναὶ,
1440 3230 1604 3301 φησί’
1635 3231 1835 3303 πολλὴν
1875 3232 1975 3301 τὴν

392 3313 731 3385 εὐφροσύνην
756 3313 982 3383 παρέχει
1001 3314 1062 3366 τὸ
1083 3312 1399 3383 κεκτῆσθαι.
1415 3313 1582 3367 Ποίαν
1602 3314 1970 3386 εύφροσύνην;

394 3400 503 3453 Kal
549 3398 601 3450 τί
647 3397 791 3465 λέγω
838 3397 1217 3466 εύφροσύνην;
1264 3398 1399 3468 Οὐχὶ
1426 3397 1584 3451 τοῦτο
1617 3398 1849 3468 μάλιστα
1876 3398 1975 3462 τάς

394 3482 656 3554 ἀκαίρους
685 3481 923 3551 ἀθυμίας
941 3522 955 3542 ,
988 3481 1087 3544 τὰς
1126 3480 1323 3543 πολλὰς
1350 3481 1542 3553 ἀηδίας
1561 3482 1840 3537 τίκτεσθαι
1871 3500 1974 3536 πα-

396 3563 757 3636 ρασκευάζει;
788 3565 898 3618 Kal
943 3563 1096 3618 οὔπω
1119 3563 1264 3632 λέγω
1310 3563 1408 3633 τὴν
1433 3565 1520 3618 διὰ
1552 3565 1724 3619 ταῦτα
1756 3565 1975 3620 κόλασιν

392 3648 800 3720 ἑπηρτημένην,
834 3647 950 3701 ἀλλ’
982 3647 1166 3711 ἁπλῶς
1198 3647 1268 3699 τά
1300 3646 1453 3718 ἐντῷ
1483 3650 1708 3720 παρόντι
1740 3647 1860 3719 βίῳ,
1891 3650 1975 3701 ὅτι

391 3733 511 3785 οὐδὲ
536 3730 726 3802 ἡδονὴν
743 3731 802 3784 τὸ
826 3732 1057 3802 πρᾶγμα
1081 3730 1223 3799 ἔχειν
1254 3728 1478 3782 δύναται
1501 3769 1515 3792 ,
1557 3732 1692 3784 ἀλλά
1723 3732 1972 3800 καθημε-

396 3814 547 3885 ρινάς
571 3813 815 3885 ταραχάς
845 3814 939 3866 καὶ
958 3813 1171 3883 ἀηδίας.
1205 3815 1316 3866 Kal
1347 3815 1445 3883 οὐχ
1481 3814 1620 3866 οὕτω
1650 3813 1746 3883 τὴν
1776 3813 1975 3866 θάλατ-

392 3913 492 3950 ταν
518 3897 663 3949 ἐστιν
704 3895 830 3951 ίδεῖν
880 3896 1016 3964 πρὸς
1049 3894 1118 3946 τά
1164 3894 1384 3964 κύματα
1427 3894 1872 3965 κορυφουμένην,
1899 3895 1975 3959 ὡς

391 3981 492 4037 τὴν
519 3977 768 4048 τοιαύτην
794 3978 970 4048 ψυχὴν
990 3976 1094 4029 ὑπὸ
1115 3976 1224 4030 τῶν
1248 3977 1520 4048 λογισμῶν
1544 3978 1635 4031 καὶ
1659 3976 1767 4029 τῶν
1788 3976 1974 4030 παθῶν

394 4059 875 4132 πολιορκουμένην,
914 4058 1008 4112 καὶ
1036 4059 1177 4130 πρὸς
1209 4060 1455 4124 ἅπαντας
1480 4060 1573 4113 καὶ
1603 4057 1838 4123 οἰκείους
1880 4061 1973 4113 καὶ

392 4142 701 4213 ἀλλοτρίους
732 4141 911 4212 ἀηδῶς
942 4141 1306 4215 διακειμένην.
1336 4144 1445 4196 Kal
1472 4143 1566 4197 ἐάν
1592 4159 1719 4195 ποτε
1751 4143 1855 4196 κᾶν
1880 4143 1967 4213 μέο

395 4244 487 4298 ρος
526 4243 578 4278 τι
611 4224 816 4277 τούτων
849 4224 1110 4296 ὑφέληται
1158 4243 1240 4290 τις
1287 4227 1304 4296 (
1332 4226 1501 4280 πολλά
1528 4225 1639 4296 γὰρ
1670 4224 1738 4277 τὰ
1771 4224 1974 4295 συμπί-

393 4324 597 4362 πτοντα
620 4347 636 4372 ,
692 4309 785 4361 καὶ
824 4307 1006 4361 πολλοὶ
1040 4308 1089 4361 οἱ
1145 4307 1557 4379 ἐφεδρεύοντες.
1614 4308 1708 4361 καὶ
1746 4308 1972 4361 οἰκετῶν

392 4393 749 4463 κακουργίαι,
781 4393 873 4447 καὶ
898 4392 1329 4445 δυναστευόντων
1366 4394 1622 4466 ἐπήρειαι
1644 4395 1659 4462 )
1684 4434 1700 4454 ,
1729 4392 1851 4445 τότε
1883 4391 1970 4462 δὴ,

392 4478 510 4528 τότε
537 4477 788 4548 εὑρήσεις
812 4476 939 4538 τοὺς
960 4474 1234 4537 τοιούτους
1266 4474 1496 4528 ἀϐίωτον
1530 4476 1620 4528 τὸν
1661 4475 1774 4545 βίον
1807 4477 1975 4546 ἡγου-

396 4559 609 4629 μένους.
632 4558 804 4611 Ποίων
835 4555 928 4611 οὖν
952 4558 1052 4610 οὐκ
1085 4554 1150 4609 ἂν
1178 4552 1287 4609 εἶεν
1307 4556 1459 4629 [572]
1489 4557 1702 4629 θρήνων
1726 4559 1774 4611 οί
1802 4557 1976 4611 τοιοῦ-

392 4659 475 4693 τοι
508 4641 681 4707 ἄξιοι,
716 4642 764 4694 οί
802 4640 925 4693 καθ’
952 4639 1160 4693 ἑαυτῶν
1206 4640 1419 4694 ἅπαντα
1457 4640 1716 4711 πράττειν
1752 4640 1978 4695 σπουδά-

396 4721 578 4786 ζοντες
601 4763 613 4784 ,
653 4722 747 4776 καὶ
777 4724 871 4776 ἐπί
915 4722 1060 4792 λύμῃ
1093 4724 1191 4793 τῆς
1216 4721 1423 4775 ἑαυτῶν
1449 4722 1628 4794 ψυχῆς
1656 4722 1831 4776 ταῦτα
1860 4722 1980 4775 συλ-

392 4804 571 4872 λέγειν
610 4802 956 4873 βουλόμενοι;
995 4803 1154 4869 Ἀλλ’,
1192 4804 1240 4856 εί
1280 4802 1462 4868 δοκεῖ,
1503 4803 1726 4867 τούτους
1754 4805 1976 4858 καταλι-

397 4884 589 4947 πόντες
611 4922 627 4945 ,
649 4883 743 4935 ἐπὶ
763 4883 861 4952 τὴν
879 4884 1021 4937 κατά
1048 4884 1137 4937 τὸν
1172 4884 1380 4938 δίκαιον
1408 4883 1648 4955 ἱστορίαν
1677 4886 1979 4941 ἐπανέλθωι

397 4980 518 5033 μεν,
545 4962 640 5014 καὶ
668 4962 869 5031 ἴδωμεν
890 4961 1000 5015 τῶν
1025 4962 1152 5033 ἑξῆς
1187 4964 1286 5035 τὴν
1313 4963 1649 5017 ἀκολουθίαν.
1689 4964 1975 5032 Ἔστησε,

395 5042 564 5112 φησὶ,
597 5041 1034 5113 θυσιαστήριον
1079 5044 1138 5094 ἑν
1175 5047 1239 5113 τῇ
1289 5044 1464 5114 μερίδι
1514 5044 1605 5096 τοῦ
1642 5043 1844 5114 ἀγροῦ,
1885 5044 1983 5098 καὶ

394 5122 805 5175 ἐπεκαῑέσατο
835 5123 943 5176 τὸν
972 5123 1123 5176 Θεὸν
1162 5123 1423 5190 Ἰσραὴλ,
1455 5123 1549 5177 καὶ
1578 5124 1765 5179 λοιπὸν
1797 5127 1854 5177 ἐν
1876 5126 1984 5194 Ση-

393 5201 577 5270 κίμοις
634 5199 733 5271 τὴν
767 5201 980 5268 οἴκησιν
1030 5201 1390 5255 ἐϐουλεύσατο
1441 5204 1789 5274 ποιήσασθαι.
1844 5204 1983 5256 Ἀλλ’

392 5278 493 5351 θρα
543 5277 705 5332 πάλιν
750 5279 898 5342 ὅπως
935 5280 963 5332 ό
1009 5280 1217 5343 δίκαιος
1255 5282 1349 5335 καὶ
1382 5281 1616 5335 ἐνταῦθα
1649 5282 1750 5354 τὴν
1775 5284 1983 5337 οίκείαν

402 5357 695 5411 ἐπιείκειαν
749 5358 1136 5413 ἐπιδείκνυται.
1180 5360 1245 5412 Τί
1294 5359 1452 5431 γάρ;
1496 5361 1792 5429 Ἐξῆλθε,
1828 5364 1981 5434 φησὶ,

395 5435 567 5488 Δεῖνα
598 5436 637 5500 ἡ
661 5435 925 5505 θυγάτηρ
964 5439 1140 5504 Λείας
1158 5479 1169 5492 .
1201 5438 1350 5493 ἰδεῖν
1376 5439 1482 5506 τὰς
1507 5442 1831 5509 θυγατέρας
1865 5441 1986 5494 τῶν

395 5514 717 5582 ἐγχωρίων.
751 5516 860 5569 Καὶ
884 5516 1027 5569 ἰδὼν
1048 5516 1242 5581 αὐτὴν
1282 5516 1482 5587 Συχὲμ
1519 5522 1553 5573 ό
1596 5519 1725 5586 υίὸς
1773 5519 1980 5588 Ἐμὸν).

396 5592 680 5661 ἐκοιμήθη
702 5593 830 5662 μετ’
850 5594 1040 5661 αὐτῆς
1059 5637 1072 5656 ,
1099 5596 1198 5649 καὶ
1221 5595 1518 5666 ἠγάπησε,
1539 5600 1696 5667 φησὶ,
1709 5599 1825 5666 τὴν
1845 5616 1986 5666 παρ-

401 5669 598 5735 θένον,
621 5672 719 5726 καὶ
748 5672 1059 5738 ἐλάλησεν
1090 5674 1245 5744 αὐτῇ
1273 5677 1424 5730 κατά
1446 5677 1559 5745 τὴν
1584 5677 1855 5733 διάνοιαν
1874 5677 1984 5747 τῆς

398 5750 720 5818 παρθένου.
749 5751 903 5814 Εἶδες
934 5754 1055 5807 ὅσον
1086 5756 1233 5809 ἐστὶν
1269 5757 1301 5827 ἡ
1337 5757 1523 5829 νεότης
1557 5757 1748 5823 κακὸν,
1776 5759 1805 5798 δ
1835 5757 1986 5811 ἐπει-

464 5901 845 5985 ἒέἓῗὲὶλὲἕείξ
860 5906 1107 5985 WHT?!
1127 5908 1180 5985 ἑὲ
1195 5909 1547 5985 ,θεαὶκρηιξάτων
1570 5910 1819 5985 τεεριρμσία
1837 5928 1986 5985 προε-

400 5966 530 6021 τεθῆ,
553 5965 762 6027 καθάπερ
786 5965 894 6029 πῦρ.
919 5966 1108 6017 Mor.ul
1127 5970 1177 6017 In
1195 5965 1349 6019 texit-1'.
1369 5965 1981 6035 Ulraqueléctioquadrat.

457 6038 487 6078 δ
511 6037 593 6088 Sic
614 6051 646 6089 ε
664 6037 811 6091 (ζυὶςι.
828 6046 879 6088 el
901 6040 1011 6089 Sav.
1033 6045 1356 6091 correximus.
1375 6045 1626 6093 Ednhah'r
1650 6048 1823 6097 ἐπειδή,
1843 6045 1979 6091 Fmr.

1438 377 1506 434 IN
1536 377 1688 434 CAP.
1730 374 1950 433 XXXIII
1990 374 2235 431 GENES.
2277 372 2511 430 HOMIL.
2546 371 2684 428 LIX.

3559 371 3667 426 516

2081 498 2178 552 δάν
2245 498 2320 570 μὴ
2368 496 2467 567 ἔχῃ
2499 492 2715 565 χαλινὸν
2734 531 2748 556 ,
2811 490 2901 545 τὸν
2954 488 3154 560 εὐσεϐῆ
3203 487 3497 560 λογισμόνς
3540 486 3661 570 Εῖδε

2082 581 2224 651 γάρ,
2255 581 2409 651 φησι,
2440 578 2539 648 τὴν
2568 576 2758 647 κόρην,
2794 573 2889 630 καὶ
2911 571 3030 636 ὃλος
3061 572 3166 626 ὑπὸ
3192 572 3290 642 τῆς
3316 571 3490 639 ὅψεως
3525 569 3663 641 ἐρω-

2083 679 2174 727 τος
2202 660 2440 732 γεγονὼς
2457 701 2473 724 ,
2495 660 2597 729 τὴν
2627 655 2925 726 ἐπιθυμίαν
2949 657 3030 718 είς
3059 653 3219 724 ἔργον
3248 653 3485 722 ἐξήγαγε
3507 693 3522 719 ,
3551 651 3662 708 Καὶ

2083 743 2391 812 ἐλάλησεν
2409 742 2566 809 αὐτῇ
2592 742 2743 795 κατὰ
2764 739 2880 807 τὴν
2906 737 3181 792 διάνοιαν
3205 735 3316 803 τῆς
3338 735 3662 804 παρθένου.

2086 829 2152 881 Τί
2173 830 2309 894 ἑστι,
2336 828 2497 881 Κατὰ
2518 826 2635 892 τὴν
2659 821 2931 877 διάνοιαν
2951 818 3057 886 τῆς
3083 818 3418 887 παρθένου;
3448 817 3662 890 Ἐπειδὴ

2087 910 2182 964 νέα
2218 905 2288 981 ἦν
2326 912 2360 981 ὴ
2407 909 2542 979 κόρη
2570 947 2583 968 ,
2621 907 2837 967 ἐκεῖνα,
2875 904 3073 972 φησὶν,
3129 902 3267 970 αὐτῇ
3311 900 3587 970 διελέχθη.
3627 898 3664 953 ἀ

2085 988 2153 1065 ἦν
2209 991 2371 1046 ἱκανὰ
2418 987 2829 1043 ἐπισπάσασθαι
2867 985 2962 1038 καὶ
2994 984 3135 1037 ἑλεῖν
3167 984 3359 1065 αὐτήν.
3389 981 3497 1057 Kal
3532 997 3665 1065 φησι
3735 994 3759 1045 '5

2086 1064 2224 1146 πρὸς
2270 1073 2363 1126 τὸν
2395 1072 2607 1141 πατέρα
2630 1086 2643 1100 ·
2695 1067 2850 1122 Λάϐε
2881 1083 2984 1135 μοι
3020 1065 3135 1134 τὴν
3165 1064 3496 1146 παιδίσκην
3526 1064 3667 1146 ταὺο

2089 1144 2204 1224 την
2241 1158 2328 1221 είς
2359 1153 2634 1224 γυναῖκα.
2678 1150 2915 1203 Ἤκουσε
2938 1148 2997 1201 δὲ
3028 1148 3057 1199 ὁ
3099 1145 3292 1201 Ἰακὼϐ
3328 1145 3390 1198 τὸ
3418 1144 3664 1214 γεγονὸς,

2088 1238 2181 1290 καὶ
2207 1237 2339 1300 τέως
2370 1236 2556 1306 πράως
2584 1233 2798 1303 ἔφερεν,
2844 1229 3128 1300 ἀναμένων
3161 1228 3268 1281 τῶν
3301 1227 3543 1295 ἀδελφῶν
3577 1227 3668 1280 αύ-

2087 1322 2187 1390 τῆς
2234 1317 2332 1390 τὴν
2384 1316 2704 1388 παρουσίαν.
2737 1310 2919 1367 ’Ἦσαν
2964 1310 3074 1383 γάρ
3124 1312 3182 1363 ἐν
3230 1311 3342 1373 τοῖς
3377 1308 3666 1390 ποιμνίοις.

2088 1389 2197 1454 Καὶ
2227 1397 2687 1468 παρεσιώπησε,
2718 1395 2884 1467 φησὶν
2908 1433 2923 1458 ,
2963 1391 3164 1447 Ἰακὼό
3187 1391 3298 1458 ἕως
3337 1391 3445 1445 τοῦ
3473 1389 3673 1445 ἐλθεῖν

2089 1482 2335 1547 αὐτούς.
2362 1478 2855 1548 Παραγενομένω
2888 1475 2958 1529 δὲ
3004 1472 3110 1529 τοῦ
3154 1472 3336 1542 Ἐμὼρ
3380 1471 3532 1539 πρὸς
3563 1470 3672 1525 τόν

2103 1562 2339 1627 Ἰακὼϐ,
2371 1557 2563 1631 ἦλθον
2609 1558 2711 1613 καί
2752 1561 2805 1612 οἱ
2846 1556 3097 1625 ἀδελφοὶ
3137 1554 3250 1624 τῆς
3288 1554 3497 1618 Δείνας
3520 1570 3535 1585 ο
3571 1552 3672 1606 καὶ

2089 1645 2465 1709 ἀκούσαντες
2493 1643 2565 1696 τὰ
2592 1640 2958 1711 γεγενημένα
2987 1642 3076 1706 είς
3114 1638 3230 1706 τὴν
3253 1635 3531 1707 ἀδελφὴν
3565 1638 3672 1691 αὐ-

2088 1726 2225 1792 τῶν,
2249 1727 2687 1795 κατενύγησαν.
2712 1724 2777 1777 Τί
2798 1726 2937 1790 ἐστι,
2956 1723 3418 1789 Κατενύγησαν;
3447 1720 3674 1791 Ἐλυπή-

2092 1809 2282 1878 θησαν,
2313 1808 2414 1860 οὐκ
2439 1806 2664 1860 ἀνεκτὸν
2694 1806 2881 1868 αὐτοῖς
2912 1804 3067 1875 ὤφθη
3086 1845 3098 1866 ,
3126 1803 3260 1856 ἀλλά
3284 1803 3378 1856 καὶ
3404 1804 3543 1858 πάνυ
3573 1818 3673 1872 χα-

2090 1889 2284 1956 λεπὸν,
2310 1891 2404 1943 καὶ
2432 1888 2608 1959 λύπης
2645 1888 2826 1951 αὐτοῖς
2859 1887 3111 1950 ὑπόθεσις
3144 1886 3354 1954 γέγονε.
3388 1885 3676 1953 Αυπηρὸν

2092 1972 2221 2042 γάρ,
2251 1972 2436 2041 φησὶν,
2454 1967 2533 2041 ἦν
2552 1970 2757 2034 αὐτοῖς
2779 1969 3035 2039 σφόδρα,
3057 1969 3143 2022 ὅτι
3166 1970 3446 2038 ἄσχημον
3468 1969 3674 2036 ἐποίη-

2092 2070 2208 2109 σεν
2243 2054 2314 2107 ἐν
2349 2053 2588 2122 Ἰσραὴλ
2608 2052 2831 2122 Συχὲμ,
2858 2051 3163 2121 κοιμηθεὶς
3179 2051 3330 2120 μετὰ
3356 2050 3461 2118 τῆς
3491 2053 3673 2119 θυγα-

2093 2140 2228 2204 τρὸς
2265 2135 2479 2191 Ἰακώϐ.
2530 2136 2691 2208 Ὁρᾷς
2735 2134 2844 2189 τῶν
2894 2134 3100 2188 παίδων
3148 2136 3247 2205 τὴν
3284 2133 3671 2204 σωφροσύνην;

2092 2221 2373 2290 Μεγίστην
2409 2217 2564 2290 ὓϐριν
2610 2218 2673 2270 τὸ
2719 2218 2952 2287 πρᾶγμα
3002 2215 3335 2285 ἐλογίσαντο.
3362 2213 3515 2280 Εἶδες
3558 2215 3676 2280 πῶς

2097 2305 2194 2374 μὲν
2227 2305 2256 2357 ό
2278 2303 2485 2365 δίκαιος
2508 2301 2635 2364 τοὺς
2659 2300 2853 2355 ἐαυτοῦ
2897 2301 3093 2362 παῖδας
3125 2300 3441 2353 ἐπαίδευσεν
3470 2302 3550 2363 είς
3575 2299 3681 2371 τὴν

2093 2388 2323 2457 apem-tv;
2358 2384 2475 2447 πῶς
2510 2384 2567 2436 δὲ
2593 2383 2623 2435 ὁ
2658 2383 2750 2436 τοῦ
2798 2382 2983 2452 Ἐμὼρ
3018 2383 3134 2448 υίὸς
3166 2386 3245 2446 είς
3269 2383 3428 2453 ἔργον
3450 2382 3677 2450 ἀγαγὼν

2092 2466 2257 2521 αὑτοῦ
2299 2467 2397 2536 τὴν
2428 2465 2722 2536 ἐπιθυμίαν
2745 2506 2761 2529 ,
2794 2465 2874 2535 τῷ
2908 2466 3083 2533 πατρὶ
3109 2466 3202 2519 καὶ
3234 2467 3383 2536 πάσῃ
3414 2468 3481 2536 τῇ
3520 2465 3676 2519 πόλει

2092 2550 2313 2620 ὀλέθρου
2343 2547 2598 2610 ὑπόθεσις
2635 2547 2884 2616 γίνεται;
2932 2546 3093 2600 Ἀλλά
3131 2548 3395 2617 πρότερον
3425 2547 3674 2601 ἀκούσωμ-

2096 2648 2193 2702 μεν
2216 2629 2286 2683 τὰ
2316 2628 2467 2700 παρά
2485 2629 2582 2681 τοῦ
2629 2628 2812 2699 Ἐμὼρ
2843 2629 2981 2699 πρὸς
3016 2630 3214 2693 αὐτοὺς
3243 2629 3533 2700 λεγόμενα,
3584 2632 3683 2684 καὶ

2095 2713 2232 2783 μετά
2245 2711 2416 2765 ταῦτα
2442 2711 2651 2764 είσεσθε
2670 2710 2775 2763 τῶν
2804 2711 3050 2780 ἀδελφῶν
3076 2712 3179 2782 τῆς
3197 2713 3384 2775 Δείνας
3407 2713 3506 2783 τὴν
3536 2729 3678 2766 παν-

2094 2797 2316 2869 ουργίαν
2351 2836 2366 2860 ,
2417 2796 2512 2848 καὶ
2562 2796 2711 2859 ὅπως
2745 2795 3028 2865 ἐκδικῆσαι
3084 2794 3152 2849 τὰ
3189 2798 3267 2859 εἰς
3300 2795 3397 2866 τὴν
3442 2795 3684 2869 ἀδελφὴν.

2094 2880 2437 2950 γεγενημένα
2468 2878 2700 2948 σπουδὴν
2737 2881 3079 2950 ἐποιήσαντο.
3108 2878 3218 2932 Kal
3250 2878 3538 2945 ἐλάλησε,
3575 2897 3685 2951 φη-

2096 2965 2221 3027 σὶν,
2262 2961 2469 3025 αὐτοῖς
2539 2960 2721 3030 Ἐμὼρ
2777 2960 3005 3029 λέγων·
3066 2960 3324 3029 Συχὲμό
3390 2962 3520 3026 υἱός
3557 2979 3681 3031 μου

2093 3046 2400 3113 προείλετο
2426 3042 2501 3111 τῇ
2522 3040 2696 3112 ψυχῇ
2729 3041 2844 3108 τὴν
2870 3041 3160 3108 θυγατέρα
3183 3041 3366 3111 ὑμῶν.
3390 3044 3532 3115 Ὀρα
3561 3045 3680 3108 πῶς

2094 3130 2196 3200 ἠδη
2229 3128 2321 3182 τὸν
2371 3127 2633 3197 μέλλοντα
2665 3123 3078 3194 καταλήψεσθαι
3125 3125 3289 3178 αὐτὸν
3322 3126 3541 3196 ὄλεθρον
3571 3145 3679 3199 μη-

2097 3212 2234 3266 νύει.
2266 3212 2600 3279 [lpos/leto,
2635 3209 2787 3279 φησὶ,
2823 3212 2890 3279 τῇ
2919 3208 3103 3280 ψυχῇ,
3139 3208 3260 3262 ἀντὶ
3290 3210 3403 3272 τοῦ,
3438 3210 3543 3282 Τὴν
3575 3212 3680 3282 ψυ-

2095 3296 2197 3368 χὴν
2221 3294 2388 3349 αὐτοϋ
2414 3293 2674 3359 ἐξέδωκεν
2705 3292 2845 3366 ὑπὲρ
2871 3292 2971 3363 τῆς
3004 3291 3274 3365 θυγατρὸς
3307 3292 3482 3366 ὑμῶν.
3514 3296 3682 3350 Ἐκεέ-

2095 3398 2184 3445 νος
2217 3380 2314 3450 μὲν
2342 3378 2515 3445 ἔλεγε,
2545 3378 2644 3446 τὴν
2678 3375 2975 3446 ἐπιθυμίαν
3009 3375 3176 3429 αὐτοῦ
3202 3377 3301 3447 τὴν
3335 3378 3430 3430 ἐπὶ
3463 3377 3559 3448 τὴν
3589 3381 3682 3434 κό-

2100 3481 2197 3535 ρην
2221 3462 2395 3535 δηλῶν
2420 3479 2433 3492 ·
2474 3461 2610 3532 μετά
2646 3460 2817 3532 βραχὺ
2852 3461 2908 3514 δὲ
2936 3461 3256 3531 ἐμάνθανεν,
3289 3463 3371 3517 ὃτι
3422 3463 3519 3533 τῆς
3571 3464 3683 3517 ἀπι-

2094 3546 2290 3609 ωλείας
2311 3545 2405 3598 καὶ
2426 3543 2621 3597 ἑαυτοῦ
2640 3544 2734 3597 καὶ
2762 3545 2976 3598 πάντων
2996 3543 3104 3599 τῶν
3135 3544 3319 3598 αύτύθι
3343 3543 3502 3598 τοῦτο
3528 3545 3679 3599 ἔσται

2094 3629 2370 3691 ὑπόθεσις.
2411 3627 2564 3680 Ἐπεὶ
2614 3625 2728 3690 οὖν,
2770 3627 2955 3697 φησὶν,
3009 3628 3181 3691 οὕτως
3240 3628 3524 3682 ἑκκαίεται
3582 3631 3683 3701 τῆς

2093 3713 2282 3781 κόρης,
2346 3711 2483 3763 Δότε
2547 3708 2928 3775 αἰετῷ-αὑτῷ
2964 3710 3239 3777 γυναῖκα,
3294 3711 3393 3763 καὶ
3439 3712 3683 3781 ἐπιγαμ-

2094 3795 2381 3860 ϐρεύσατε
2414 3791 2580 3859 ἡμῖν.
2634 3793 2741 3855 Τὰς
2771 3790 3096 3859 θυγατέρας
3124 3791 3290 3860 ὑμῶν
3315 3793 3451 3846 δότε
3500 3794 3644 3860 ἡμῖν
3663 3812 3682 3826 ’

2093 3875 2192 3927 καὶ
2220 3873 2329 3938 τὰς
2362 3873 2690 3940 θυγατέρας
2723 3870 2895 3939 ἡμῶν
2920 3871 3133 3926 λάϐετε
3162 3873 3285 3937 τοῖς
3318 3877 3469 3939 υἱοῖς
3490 3875 3677 3944 ὑμῶν,

2094 3957 2193 4010 καὶ
2232 3955 2300 4009 ἐν
2328 3954 2475 4023 ἡμῖν
2502 3953 2846 4007 κατοικεῖτε.
2882 3953 2995 4007 Καὶ
3041 3955 3166 4010 ἰδοὺ
3206 3956 3244 4022 ἡ
3292 3956 3367 4025 γῆ
3430 3958 3682 4013 πλατεῖα

2093 4038 2370 4093 ἐναντίον
2402 4034 2569 4106 ὑμῶν
2595 4074 2611 4100 ,
2660 4035 2988 4090 κατοικεῖτε
3025 4038 3123 4090 καὶ
3159 4038 3560 4107 ἐμπορεύεσθε
3588 4042 3679 4096 ἐπ’

2091 4120 2314 4189 αὐτῆς,
2361 4120 2461 4173 καὶ
2499 4119 2809 4185 κτήσησθε
2847 4119 2919 4171 ἐν
2945 4118 3123 4188 αὐτῇ.
3169 4122 3311 4191 Ὅρα
3343 4121 3433 4174 τὸν
3471 4124 3683 4195 πατέρα,

2100 4201 2188 4257 διὰ
2214 4202 2312 4273 τὴν
2348 4202 2477 4272 περὶ
2508 4201 2598 4254 τὸν
2628 4201 2790 4254 παῖδα
2842 4201 3223 4273 φιλοστοργίαν
3258 4204 3391 4275 ὅσην
3447 4209 3683 4261 ποιεῖται

2094 4284 2249 4358 [575]
2281 4284 2417 4357 πρὸς
2445 4286 2569 4349 τοὺς
2601 4284 2784 4349 ξένους
2818 4286 2915 4356 τὴν
2939 4286 3338 4357 φιλοφροσύνην
3364 4330 3379 4352 ,
3406 4289 3500 4342 καὶ
3532 4291 3679 4357 ὅπως

2097 4368 2293 4432 αὐτοὺς
2336 4367 2735 4437 ἑφελκύσασθαι
2795 4368 3074 4437 βούλεται,
3133 4368 3311 4438 πάσης
3345 4371 3528 4435 αὐτοῖς
3581 4374 3681 4443 τῆς

2093 4449 2279 4522 χώρας
2303 4452 2400 4523 τὴν
2432 4451 2683 4516 ἐξουσίαν
2705 4452 2899 4515 διδούς.
2944 4452 3052 4504 Kal
3075 4451 3246 4505 ταῦτα
3286 4452 3383 4523 μὲν
3407 4454 3436 4506 ό
3466 4457 3679 4526 πατήρ“

2092 4536 2120 4587 ό
2140 4533 2195 4586 δὲ
2219 4535 2347 4598 παῖς
2376 4534 2712 4603 θεασάμενος
2738 4534 2832 4587 τοῦ
2873 4535 3079 4605 πατρὸς
3105 4535 3205 4605 τὴν
3240 4537 3366 4605 περὶ
3395 4537 3557 4590 αὐτὸν
3582 4555 3680 4608 κη-

2094 4616 2346 4686 δεμονίαν
2367 4655 2381 4679 ,
2410 4616 2507 4670 καὶ
2558 4618 2703 4680 ὅπως
2736 4618 2913 4671 πάντα
2952 4620 3125 4671 ποιεῖν
3171 4618 3388 4687 ἕτοιμος
3418 4614 3504 4689 ἦν,
3538 4619 3680 4673 ὥστε

2091 4699 2243 4771 αὐτῷ
2275 4702 2355 4764 είς
2384 4700 2544 4771 ἔργον
2589 4701 2815 4768 ἀγαγεῖν
2837 4702 2898 4754 τὸ
2938 4701 3273 4755 σπουδασθὲν
3293 4743 3307 4766 ,
3360 4703 3683 4774 προστίθησι

2092 4785 2188 4835 καὶ
2219 4785 2347 4853 παρ’
2370 4782 2585 4847 ἑαυτοῦ,
2617 4783 2709 4837 καί
2738 4801 2869 4855 φησι
2897 4784 2976 4853 τῷ
3025 4782 3223 4838 Ἰακὼϐ
3258 4784 3357 4840 xal
3395 4786 3529 4855 πρὸς
3556 4789 3681 4850 τοὺς

2094 4865 2356 4934 ἀδελφοὺς
2386 4866 2484 4937 τῆς
2514 4867 2683 4936 κόρης
2702 4882 2716 4897 ·
2742 4866 2985 4935 Εὓρσιμι
3002 4866 3183 4936 χάριν
3198 4868 3477 4922 ἐναντίον
3492 4867 3677 4937 ὑμῶν,

2094 4948 2193 5002 καὶ
2228 4948 2258 5002 ὃ
2297 4948 2406 5003 ἐὰν
2427 4947 2656 5016 εἴπητε,
2688 4947 2978 5018 δώσομεν.
3009 4951 3359 5018 Πληθύνατε
3394 4951 3510 5020 τὴν
3542 4971 3682 5022 φερ-

2095 5030 2235 5099 νὴν,
2262 5031 2360 5084 καὶ
2400 5029 2596 5094 δώσω,
2643 5031 2770 5084 καθ’
2809 5030 2843 5083 ὅ
2876 5048 2927 5084 τι
2957 5030 3258 5098 ἂνεῖπητέ
3292 5052 3415 5101 μοι,
3456 5035 3548 5087 καί
3572 5035 3680 5089 δώ-

2097 5113 2239 5169 σετέ
2258 5132 2361 5183 μοι
2395 5114 2509 5183 τὴν
2537 5114 2720 5169 παῖδα
2744 5115 2972 5182 ταύτην
3002 5118 3088 5180 εἰς
3110 5116 3365 5184 γυναῖκα
3418 5114 3567 5180 εἶδες
3590 5121 3680 5172 καὶ

2098 5198 2189 5251 τὸν
2212 5197 2425 5269 πατέρα
2448 5197 2538 5250 διὰ
2557 5198 2657 5268 τὴν
2682 5197 2922 5267 περὶ-τὸν
2946 5199 3108 5252 παῖδα
3135 5199 3457 5271 κηδεμονίαν
3482 5202 3679 5272 πολλὴν

2095 5281 2194 5351 τὴν
2232 5280 2579 5351 παράκλησιν
2631 5281 2972 5351 ποιούμενον,
3014 5283 3225 5336 καὶτὸν
3275 5283 3394 5337 νέον
3447 5284 3679 5355 ἑτοίμως

2096 5362 2313 5418 ᾶπαντα
2352 5364 2672 5435 προϊέμενον
2703 5364 2845 5435 ὑπὲρ
2876 5362 2970 5416 τοῦ
2999 5366 3097 5436 τῆς
3129 5365 3297 5436 κόρης
3338 5366 3637 5436 ἐπιτυχεῖνς

2166 5455 2233 5517 γ’.
2252 5449 2295 5500 Τ
2298 5447 2421 5501 οὖτο
2441 5448 2568 5519 γάρ,
2591 5448 2746 5502 τοῦτο
2763 5448 2824 5502 τὸ
2843 5448 3083 5519 ὀλέθριον
3105 5451 3272 5511 πάθος
3295 5451 3471 5504 πάντα
3503 5451 3677 5509 πείθει

2096 5533 2187 5585 τὸν
2214 5531 2410 5585 ἁλόντα
2440 5531 2856 5597 καταδέξασθαι,
2904 5532 3095 5603 μέχρις
3120 5532 3187 5587 ἂν
3218 5534 3382 5588 αὐτὸν
3409 5536 3486 5596 εἰς
3517 5535 3664 5593 αὐτοὶ

2095 5616 2276 5686 ἀγάγῃ
2324 5614 2418 5668 τοῦ
2453 5615 2579 5686 ᾅδου
2609 5616 2699 5669 τὸν
2747 5615 3014 5686 πυθμένα.
3067 5616 3176 5669 Kal
3205 5614 3304 5668 θέα
3338 5632 3427 5684 μοι
3449 5632 3463 5646 ·
3495 5617 3525 5669 ὁ
3580 5620 3666 5688 μὶι

2095 5698 2410 5770 πρεσϐύτης
2469 5697 2664 5752 Ἰακὼϐ
2706 5697 2879 5751 ταῦτα
2923 5696 3136 5753 ἀκούων
3165 5700 3313 5768 σιγᾷ,
3341 5700 3433 5753 καὶ
3470 5700 3568 5772 τὴν
3600 5705 3677 5756 οὶ-

2094 5778 2249 5831 κείαν
2294 5776 2592 5831 ἐπιείκειαν
2622 5776 2957 5848 μιμούμενος
3006 5777 3156 5831 οὐδὲν
3194 5778 3507 5847 φθέγγεται,
3542 5781 3678 5836 ἀλλά

2095 5863 2284 5933 πράως
2306 5860 2460 5932 φέρει
2482 5861 2581 5930 τὴν
2603 5864 2682 5924 είς
2703 5860 2802 5931 τὴν
2836 5859 3110 5933 θυγατέρα
3142 5864 3512 5936 γεγενημένην
3536 5866 3676 5936 ἐπήο

2095 5961 2262 6014 ρειαν.
2291 5947 2355 5997 Οί
2383 5943 2451 5996 δὲ
2469 5944 2585 5998 υἱοὶ
2613 5943 2813 5998 Ἰακὼϐ
2836 5939 3034 6011 εἶπαν,
3060 5947 3214 6019 φησὶ,
3244 5947 3325 6014 τῷ
3353 5948 3553 6017 Συχὲμ
3573 5952 3675 6002 καί

2103 6025 2290 6078 Ῥιιόυπ
2315 6024 2393 6073 τίτδ
2416 6025 2586 6076 πηνα)
2618 6026 2802 6082 αὐτοῦ
2834 6030 2977 6081 μετὰ
3006 6032 3213 6097 δόλου,
3236 6034 3331 6086 καὶ
3362 6033 3427 6084 ἑλ
3444 6033 3675 6095 “near
