4168 6264
497 321 598 376 51Ἶ

491 435 713 501 αἰετοτς,
753 436 841 489 ὅτι
862 434 1166 503 ἐμόλυναν
1185 436 1301 504 τήν
1329 438 1601 506 ἀδελφὴν
1629 441 1842 494 αὐτῶν.
1872 443 2064 496 Σκόπει

495 533 582 586 μοι
621 515 708 568 διὰ
759 515 857 584 τὴν
890 514 981 566 τοῦ
1012 514 1126 574 ἑνὸς
1166 513 1416 581 λαγνείαν
1471 518 1588 580 πῶς
1623 519 1860 582 ἅπαντες
1887 521 1934 571 οἰ
1970 519 2067 589 τὴν

489 595 642 646 πόλιν
679 593 950 651 οἰκοῦντες
979 592 1406 647 συναπολαύουσι
1439 595 1547 647 τῶν
1572 597 1776 650 κακῶν.
1802 597 2068 667 Καθάπερ

487 675 596 744 γὰρ
625 675 802 744 πυρᾶς
831 671 1162 742 ἀναφθείσης
1191 674 1284 726 καὶ
1313 675 1362 725 οἰ
1399 673 1623 744 πλησίον
1673 676 1946 740 οἰκοῦντες
1971 677 2064 730 τοῦ

485 753 730 806 κινδύνου
757 751 1174 829 μετέχουσικτοῦ
1199 751 1369 821 πυρὸς
1403 753 1614 806 ἅπαντα
1645 755 2059 824 ἐπινεμομένου·

483 830 573 884 τὸν
614 830 773 884 αὑτὸν
803 828 864 898 δὴ
894 828 1092 900 τρόπον
1125 831 1215 882 καί
1235 830 1328 882 νῦν
1362 833 1394 900 ἠ
1421 831 1512 884 τοῦ
1543 833 1662 884 νέου
1707 833 1970 886 ἀκολασία
1999 836 2060 886 οὐ

487 910 644 977 μόνον
671 908 760 959 τὸν
795 907 1022 974 πατέρα.
1051 907 1186 960 ἀλλὰ
1218 910 1312 960 καὶ
1346 910 1551 972 πάντας
1575 913 1699 972 τοὺς
1729 913 1826 980 τῆς
1856 911 2062 976 πόλεως

482 985 650 1053 ἄρδην
675 985 922 1052 ἠφάνισε.
953 984 1018 1036 Τί
1049 981 1140 1037 οὖν
1169 987 1216 1036 οἰ
1249 987 1436 1049 παῖδες
1483 987 1574 1040 τοῦ
1634 989 1862 1052 Ἰακῶϐς
1909 991 2062 1044 Μετὰ

479 1063 628 1116 δόλου
653 1064 787 1133 πρὸς
809 1064 1005 1126 αὐτοὺς
1035 1064 1441 1134 ἀποκρίνονται.
1479 1065 1660 1128 Ἀξιον
1692 1067 1940 1126 ἀκοῦσαι,
1975 1069 2060 1120 ἵνα

483 1142 690 1210 μάθητε
711 1143 860 1204 ὅπως
890 1142 1278 1212 ὑπερήλγησαν
1302 1145 1400 1212 τῆς
1432 1143 1684 1214 ἀδελφῆς.
1707 1141 1898 1197 Εἶπαν
1927 1145 2056 1215 γὰρ,

479 1221 628 1289 φησὶ,
661 1219 902 1286 Συμεὼν
949 1221 1045 1272 καὶ
1101 1221 1243 1272 Λευὶ
1272 1221 1520 1287 ἀδελφοὶ
1570 1223 1798 1286 Δείνας,
1843 1225 1958 1276 vlol
1992 1225 2060 1276 δὲ

475 1299 654 1363 Λείας
678 1317 688 1328 ·
717 1301 796 1351 Οὐ
848 1298 1228 1364 δυνησόμεθα
1278 1297 1520 1364 ποιῆσαι
1575 1300 1639 1351 τὸ
1667 1301 1831 1368 ῥῆμα
1861 1302 2056 1362 τοῦτο,

477 1381 685 1434 δοῦναι
738 1376 852 1442 τὴν
893 1375 1167 1443 ἀδελφὴν
1231 1375 1400 1444 ἡμῶν
1453 1377 1786 1444 ἀνθρώ-τίνι
1832 1381 1897 1444 ὃς
1933 1381 2057 1448 ἕλει

477 1458 902 1524 ἀκροϐυστίαν.
943 1455 1087 1508 Ἐὰν
1110 1452 1223 1508 οὖν
1258 1454 1689 1522 περιτέμνησθε
1721 1459 1834 1524 τὴν
1861 1458 2057 1524 σάρκα

474 1535 584 1602 τῆς
607 1533 1007 1602 ἀκροϐυστίας
1045 1533 1227 1602 ὑμῶν,
1261 1531 1532 1600 δώσομεν
1579 1536 1684 1599 τὰς
1731 1537 2056 1604 θυγατέρας

472 1615 644 1684 ἡμῶν
671 1613 831 1682 ὑμῖν,
873 1614 966 1664 καί
1010 1611 1125 1665 ἀπὸ
1159 1611 1278 1664 τῶν
1303 1614 1642 1680 θυγατέρων
1668 1615 1834 1681 ὑμῶν
1863 1619 2056 1684 ληψό-

469 1702 636 1767 μεθα,
673 1694 769 1748 καὶ
793 1695 1048 1762 ἐσόμεθα
1071 1694 1149 1759 ὠς
1177 1693 1351 1762 γένος
1377 1693 1462 1766 ἓν.
1499 1695 1580 1746 Td:
1609 1695 1706 1764 μὲν
1731 1695 1826 1764 τῆς
1851 1698 2052 1766 προτά-

475 1793 613 1838 σεως
648 1774 841 1840 εὔλογα
889 1773 984 1825 καὶ
1013 1771 1280 1825 ἀκόλουθα
1303 1787 1314 1799 ·
1349 1771 1483 1824 ἀλλὰ
1515 1772 1652 1842 μετά
1675 1773 1828 1825 δόλου
1853 1813 1865 1835 ,
1896 1777 2051 1843 φησί,

471 1853 838 1926 διελέχθησαν.
890 1853 994 1905 Καὶ
1032 1851 1139 1904 ἐὰν
1175 1850 1259 1918 μὴ
1303 1852 1638 1916 βούλησθε,
1695 1853 1847 1920 φησὶ,
1878 1855 2054 1908 τοῦτο

471 1933 742 2000 ποιῆσαι,
789 1933 1076 1996 λαϐόντες
1131 1931 1247 1998 τὴν
1283 1930 1576 2000 θυγατέρα
1609 1931 1778 1999 ἡμῶν
1799 1934 2055 1987 ἀπελευο

471 2015 714 2082 σόμεθα.
741 2011 924 2064 Ταῦτα
949 2011 1045 2080 μὲν
1065 2010 1115 2063 οἱ
1145 2010 1274 2080 περὶ
1296 2011 1386 2063 τὸν
1405 2011 1667 2081 Συμεῶνα
1697 2013 1791 2064 καὶ
1805 2012 1896 2064 τὸν
1921 2015 2053 2067 Λευὶ

469 2092 561 2144 τὸν
587 2091 728 2144 κατὰ.
754 2089 970 2143 πάντων
996 2089 1152 2158 φόνον
1177 2089 1502 2158 μελετῶντες
1523 2095 1858 2160 προέτειναν.
1879 2091 2055 2144 Ἐκεῖο

471 2189 549 2224 νοι
580 2171 636 2224 δὲ
667 2169 800 2240 πρὸς
825 2168 885 2221 τὸ
911 2169 1343 2238 σπουδαζόμενον
1367 2168 1620 2238 ὁρῶντες,
1649 2169 1742 2221 καὶ
1758 2169 1853 2239 τὴν
1883 2171 2052 2240 κόρην

467 2249 651 2302 λαϐεῖν
685 2245 1095 2316 ἐπιθυμοῦντες,
1133 2246 1492 2311 κατεδέξαντο
1520 2247 1588 2300 τὰ
1619 2249 1908 2318 εἰρημένα.
1957 2250 2053 2302 καὶ

469 2327 779 2399 ἡρέσθησαν
811 2327 922 2388 τοῖς
952 2324 1319 2396 προταθεῖσιν.
1377 2327 1596 2392 Ἧρεσε
1635 2325 1767 2393 τὰρ,
1802 2329 1984 2396 φησιν,
2020 2331 2054 2380 ὁ

469 2407 652 2474 λόγος
684 2405 959 2458 ἐναντίον
1005 2401 1232 2468 αὐτῶν,
1265 2403 1362 2457 καὶ
1395 2405 1507 2456 οὐκ
1546 2403 1860 2470 ἠμέλλησε
1887 2416 1910 2443 ο
1947 2404 2052 2457 τοῦ

469 2483 786 2552 πληρῶσαι
843 2483 916 2536 τὰ
946 2481 1210 2548 ρηθέντα
1257 2486 1290 2536 ό
1343 2483 1686 2548 νεανίσκος.
1760 2481 2052 2536 Ὲνέκειτο

475 2566 590 2635 τὰρ
625 2564 702 2633 τῇ
737 2565 978 2634 θυγατρί
1027 2563 1243 2618 Ἰακώϐ.
1285 2563 1467 2627 ’Ὀλος,
1500 2565 1685 2633 φησὶν,
1719 2559 1787 2634 ἦν
1827 2567 1892 2632 τῇ
1931 2567 2051 2617 ὲπι-

472 2645 644 2715 θυμία
676 2645 773 2714 τῆς
803 2643 971 2712 κόρης
1005 2643 1370 2712 ἐκδεδομένος.
1401 2642 1508 2696 Kal
1544 2643 1824 2706 ἐλθόντες
1868 2643 2052 2709 αὐτός

471 2741 535 2777 τε
559 2725 656 2776 καί
689 2727 721 2776 ό
747 2721 944 2788 πατὴρ
979 2721 1128 2787 πρὸς
1159 2721 1273 2787 τὴν
1304 2722 1531 2788 πύλην,
1562 2722 1715 2789 φησὶ,
1743 2719 2050 2790 διελέχθη-

467 2819 592 2856 σαν
616 2801 765 2856 πᾶσι
794 2799 916 2864 τοῖς
939 2798 1052 2866 τὴν
1075 2801 1258 2852 πόλιν
1290 2799 1547 2861 οἰκοῦσι,
1579 2799 1671 2852 καὶ
1693 2798 2049 2851 συνεϐουλεύ-

469 2897 632 2936 σαντο
651 2879 748 2949 τὴν
777 2878 1079 2947 περιτομὴν
1107 2876 1500 2940 καταδέξασθαι
1529 2876 1666 2928 κατὰ
1699 2876 1796 2946 τὴν
1827 2875 2051 2928 ἐκείνων

470 2960 753 3030 πρότασιν,
786 2958 880 3009 καὶ
915 2955 1167 3019 δέξασθαι
1200 2955 1395 3017 αὑτοὺς
1433 2954 1569 3025 πρὸς
1593 2955 1692 3024 τὴν
1722 2954 2049 3024 συνοίκησιν.

467 3040 579 3094 Καὶ
604 3038 870 3108 ἐπλήρουν
886 3037 1084 3088 ἐκεῖνοι
1115 3035 1374 3106 παραχρῆ
1385 3052 1458 3104 μα
1475 3033 1543 3086 τὰ
1563 3035 1712 3102 παρά
1735 3033 1829 3086 τοῦ
1867 3033 2052 3104 Ἐμὼρ

468 3117 676 3172 καὶτοῦ
713 3116 893 3185 Συχὲμ
921 3113 1179 3182 λεχθέντα
1199 3130 1212 3143 ·
1267 3113 1362 3166 καὶ
1405 3113 1605 3176 πάντες
1634 3112 1829 3183 ἀθρόον
1861 3113 1922 3165 τὸ
1951 3131 2050 3183 ση-

471 3198 622 3270 μεῖον
669 3195 768 3263 τῆς
830 3191 1132 3262 περιτομῆς
1167 3192 1259 3270 ἐπὶ
1313 3191 1394 3270 τὸν
1423 3190 1578 3270 σῶμα
1608 3190 1872 3270 ἐδέχοντο.
1899 3190 2047 3263 [574]

481 3269 642 3332 Ἅλλά
685 3271 839 3324 τοῦτο
886 3271 1144 3340 μαθόντες
1179 3269 1226 3323 οἱ
1282 3269 1410 3340 περί
1439 3269 1528 3321 τὸν
1575 3269 1797 3338 Συμεὼν
1832 3271 1926 3322 καὶ
1961 3271 2052 3323 τὸν

473 3353 604 3413 Λευὶ
638 3353 716 3412 εἰς
748 3351 905 3418 ἔργον
925 3351 1148 3418 ἀγαγεῖν
1175 3349 1484 3416 ἐπείγονται
1519 3350 1546 3387 ι’
1581 3349 1651 3400 τὰ
1691 3349 1791 3419 ἤδη
1832 3349 2050 3418 βουλευ-

470 3431 630 3484 θέντα
648 3431 831 3489 αὑτοῖς
854 3445 866 3458 ·
897 3428 1002 3481 Kal
1019 3429 1309 3492 λαϐόντες
1339 3426 1600 3492 ἕκαστος
1620 3427 1735 3493 τὴν
1747 3427 2052 3494 μάχαιραν

467 3509 653 3563 αὐτοῦ
691 3507 980 3574 εἰσῆλθον
1034 3509 1121 3572 εἰς
1179 3506 1294 3573 τὴν
1351 3506 1531 3558 πόλιν
1583 3505 1893 3573 ἀσφαλῶς.
1985 3508 2028 3558 Τ
2035 3507 2050 3559 ί

468 3591 634 3650 ἐστιν,
672 3589 774 3652 Εἰς
809 3585 926 3654 τὴν
977 3587 1158 3638 πόλιν
1189 3583 1517 3652 ἀσφαλῶα
1549 3585 1742 3637 Καίτοι
1772 3584 1864 3638 δύο
1903 3587 2050 3654 μόνοι

467 3671 634 3732 ὄντες,
661 3667 796 3739 πρὸς
815 3665 1065 3720 τοσοῦτον
1090 3665 1290 3734 πλῆθος
1308 3665 1710 3735 παρετάττοντο
1730 3683 1742 3694 ·
1773 3665 1909 3727 ἀλλὰ
1931 3666 2052 3719 πολ-

467 3750 565 3819 λὴν
598 3749 776 3810 αὐτοῖς
811 3748 906 3817 τὴν
941 3745 1240 3814 ἀσφάλειαν
1267 3744 1542 3815 προεξένει
1573 3745 1634 3799 τὸ
1673 3747 1880 3810 πάντας
1905 3747 2050 3798 ὲκεί-

467 3845 589 3888 νους
642 3826 892 3896 καθάπερ
929 3825 1273 3896 τραυματίας
1327 3826 1558 3879 κεῖσθαι.
1598 3826 1718 3878 Ἵνα
1761 3825 1868 3893 γὰρ
1894 3823 2052 3878 τοῦτο

469 3910 600 3976 ἡμῖν
628 3906 782 3976 δῆλον
832 3907 1030 3974 ποιήσῃ
1063 3905 1095 3973 ἡ
1133 3903 1252 3956 θεία
1285 3905 1492 3974 Γραφὴ,
1545 3905 1737 3974 φησίν·
1784 3904 2050 3972 Ἐγένετο

468 3985 536 4038 δὲ
563 3985 631 4037 ἐν
663 3983 734 4052 τῇ
759 3982 946 4050 ἡμέρᾳ
983 3981 1056 4049 τῇ
1083 3983 1270 4048 τρίτῃ.
1301 3983 1400 4036 ὅτε
1431 3980 1595 4050 ἦσαν
1631 3983 1702 4034 έν
1743 3981 1822 4046 τῷ
1866 3984 2046 4048 πόνῳ.

469 4065 640 4117 Τοῐτο
669 4063 898 4124 ἐκείνοις
931 4063 1029 4129 τὴν
1059 4061 1358 4126 ἀσφάλειαν
1395 4059 1784 4126 κατεσκεύαζε.
1811 4061 2050 4122 καὶτοὺς

467 4145 560 4196 δύο
601 4141 981 4211 ἰσχυροτέρους
1027 4140 1132 4191 τῶν
1164 4138 1374 4190 πολλῶν
1409 4139 1712 4207 εἰργάζετο.
1760 4138 1868 4190 Καὶ
1934 4141 2050 4192 ἀπ-

467 4221 762 4286 έκτειναν,
816 4218 970 4286 φησὶ,
1004 4217 1126 4270 πᾶν
1170 4217 1510 4284 ἀρσενικὸν,
1542 4218 1662 4269 ἀντὶ
1689 4215 1803 4276 τοῦ,
1845 4215 2050 4281 πάντας

470 4297 596 4359 τοὺς
616 4295 812 4364 ἄνδρας
839 4297 964 4355 τοὺς
993 4293 1080 4345 διὰ
1108 4293 1168 4344 τὸ
1189 4293 1619 4362 περιτετμῆσθαι
1643 4293 1944 4363 κειμένους,
1976 4295 2049 4356 ὼς

469 4376 664 4434 εἰπεῖν,
701 4373 836 4443 πρὸς
880 4371 979 4440 τὴν
1005 4369 1238 4439 ,σφαγὴν
1265 4370 1511 4440 ἑτοίμους
1545 4371 1730 4432 ὂντας·
1781 4371 1874 4422 καὶ
1915 4373 2052 4438 μετὰ

469 4454 576 4508 τῶν
608 4451 780 4506 ἄλλων
815 4449 908 4504 καὶ
960 4449 1050 4501 τὸν
1081 4448 1220 4511 νέον,
1263 4447 1352 4500 τὸν
1380 4451 1456 4510 εἰς
1491 4449 1588 4518 τὴν
1616 4449 1846 4520 ἀδελφὴν
1873 4449 2050 4502 αὐτῶν

471 4531 787 4603 ὑϐρίσαντα,
829 4525 1142 4596 ἐπεξῆλθον.
1172 4527 1284 4580 ’Καὶ
1315 4527 1411 4578 οὐκ
1443 4526 1800 4597 ἀρκεσθέντες
1829 4531 1892 4596 τῇ
1930 4545 2051 4580 τοσ-

469 4611 611 4680 αύτῃ
650 4605 906 4678 τιμωρία,
955 4607 1044 4658 καὶ
1097 4604 1165 4657 τὰ
1195 4604 1461 4673 πρόὸατα,
1506 4605 1689 4675 φησὶν,
1723 4604 1901 4658 αὒτῶν
1957 4605 2051 4658 καὶ

475 4691 646 4745 πάντα
671 4687 740 4740 τὰ
773 4687 966 4754 κτήνη,
1006 4685 1097 4742 καὶ
1132 4683 1306 4736 πάντα
1355 4684 1423 4737 τὰ
1459 4686 1684 4754 σώματα
1715 4683 2051 4752 αἰχμαλωτί-

472 4785 682 4830 σαντες,
717 4763 888 4826 οὕτως
920 4761 1240 4832 ἐπανῆλθον,
1271 4764 1364 4816 καὶ
1387 4761 1677 4832 αὔτανδρον
1717 4762 1924 4816 ἀνεῖλον
1952 4763 2050 4834 τὴν

475 4847 646 4900 πόλιν.
680 4842 856 4906 Εἶδες,
899 4842 1168 4912 ἀγαπητὲ,
1205 4843 1327 4895 ὅσον
1387 4843 1678 4913 εἰργάσατο
1733 4842 1899 4894 κακὸν
1934 4843 2050 4906 ἐνὸς

471 4928 591 4984 νέου
643 4926 973 4994 προπέτεια;
1010 4919 1148 4984 εἶδες
1195 4923 1318 4975 ὅσον
1351 4924 1580 4994 ἤνεγκεν
1637 4921 1855 4992 ὄλεθρον
1917 4924 2050 4975 πᾶσι

471 5007 580 5068 τοῖς
605 5005 701 5074 τὴν
735 5003 886 5056 πόλιν
921 5002 1158 5065 οἰκοῦσις
1187 5002 1373 5054 Ταῦτα
1405 5003 1468 5072 δὴ
1512 5001 1874 5071 μανθάνοντες
1915 5003 2049 5054 ἀνα-

474 5083 799 5154 χαιτίζωμεν
833 5081 939 5132 τῶν
991 5081 1272 5150 ἡμετέρων
1307 5083 1509 5134 παίδων
1565 5081 1663 5144 τὰς
1709 5081 1907 5150 ὁρμὰς,
1956 5081 2050 5134 καὶ

469 5164 637 5218 πολὺν
671 5164 736 5231 τῇ
766 5161 974 5229 νεότητι
1011 5159 1101 5210 τὸν
1149 5160 1362 5229 χαλινὸν
1410 5161 1927 5230 κατασκευάζωμεν,
1957 5160 2050 5211 τὸν

473 5241 580 5296 ἀπὸ
612 5238 704 5293 τοῦ
739 5237 923 5306 φόϐου,
948 5237 1039 5290 τὸν
1077 5238 1182 5291 ἀπὸ
1204 5240 1300 5308 τῆς
1333 5239 1612 5301 νουθεσίας
1636 5256 1648 5269 ’
1673 5241 1766 5291 καὶ
1789 5237 2051 5306 ἐπιμελώ-

473 5319 612 5391 μεθα
659 5319 754 5387 τῆς
809 5315 987 5369 αὐτῶν
1029 5317 1402 5384 σωφροσύνης,
1445 5318 1539 5368 καὶ
1573 5316 1752 5369 πάντα
1807 5315 2048 5386 ποιῶμεν

467 5401 561 5456 καὶ
586 5394 1126 5472 πραγματευώμεθα,
1146 5395 1286 5448 ὥστε
1309 5395 1404 5465 τὴν
1435 5395 1652 5464 ἠλικίαν
1673 5398 1768 5465 τῆς
1797 5395 2048 5466 νεότητος

465 5477 759 5551 δυνηθῆναι
781 5477 1068 5544 διαφυγεῖν
1091 5473 1190 5538 τὰς
1214 5474 1448 5538 ἀτόπους
1472 5474 1786 5544 ἐπιθυμίας.
1819 5474 1916 5526 Διά
1942 5475 2048 5543 γάρ

468 5559 626 5611 τοῦτο
657 5557 752 5611 καὶ
784 5557 812 5608 ὁ
837 5554 1012 5618 κοινὸς
1048 5555 1202 5624 ἡμῶν
1232 5555 1508 5625 Δεσπότης
1543 5553 1665 5606 ἰδὼν
1704 5557 1802 5624 τῆς
1835 5553 2046 5624 ἀνθρω-

467 5637 628 5705 πίνης
663 5635 877 5702 φύσεως
907 5634 1006 5703 τὴν
1034 5632 1336 5694 ἀσθένειαν,
1377 5633 1468 5685 τὸν
1505 5633 1681 5704 γάμον
1723 5633 2048 5704 ἐνομοθέτη-

467 5733 580 5775 σεν,
613 5713 754 5767 ὥστε
787 5714 885 5784 τῆς
930 5713 1244 5782 παρανόμου
1287 5713 1434 5783 ἡμᾶς
1475 5712 1674 5782 μίξεως
1716 5713 2042 5780 ἀπαγαγεῖν.

539 5795 630 5864 Μὴ
683 5793 852 5845 τοίνυν
901 5791 1192 5862 ἀμελῶμεν
1226 5791 1331 5845 τῶν
1381 5792 1538 5861 νέων,
1573 5793 1687 5846 ἀλλ’
1725 5793 1920 5856 ἰδόντες
1951 5793 2046 5862 τῆς

531 5921 556 5979 9
581 5917 700 5966 [XX
720 5917 948 5979 ἐχρόνισε.

529 5978 554 6018 ll
583 5981 682 6029 Sex
706 5977 822 6027 mss.
844 5977 1034 6042 ἀγαγεῖν
1061 5977 1337 6035 ἠϐούλοντο.

1199 321 1255 376 S.
1300 321 1582 378 JOANNIS
1617 321 2105 380 CHRYSOSTOMI
2144 327 2462 386 ARCIIIEP.
2506 331 3047 392 CONSTANTINOP.

3641 339 3746 394 518

2181 446 2412 514 καμίνου
2447 449 2546 519 τὴν
2579 452 2774 521 πυρὰν,
2807 454 2935 522 πρὶν
2987 454 3018 523 ἦ
3065 454 3146 516 εἰς
3191 453 3480 521 ἀσέλγειαν
3529 453 3747 520 ἐγκυλι-

2179 528 2388 597 σθῆναιν
2427 533 2812 604 σπουδάζωμεν
2853 537 2992 590 κατά
3033 537 3122 588 τὸν
3165 537 3256 588 τοῦ
3288 536 3421 589 Θεοῦ
3453 536 3613 606 νόμον
3649 539 3746 588 αὑ-

2173 611 2298 673 τοὺς
2329 614 2620 667 συνάπτειν
2647 617 2782 686 πρὸς
2813 619 3008 686 γάμον,
3046 619 3132 670 ἵνα
3175 619 3268 670 καὶ
3301 619 3368 670 τὰ
3405 618 3505 686 τῆς
3541 637 3734 688 σωφρο-

2175 694 2338 762 σύνης
2355 695 2536 759 αὐτοῖς
2563 697 2904 767 διατηρῆται,
2941 700 3035 752 καί⁸
3073 699 3338 770 μηδεμίαν
3355 699 3530 769 λύμην
3557 700 3746 764 δέξων-

2171 792 2258 827 ται
2291 773 2350 839 ἐξ
2379 777 2689 842 ἀκολασίας,
2718 780 2930 850 ἔχοντες
2950 782 3222 853 ἀρκοῦσαν
3245 782 3618 849 παραμυθίαν,
3656 783 3746 834 καὶ

2170 859 2455 928 δυνάμενοι
2485 862 2581 930 τῆς
2613 863 2814 933 σαρκὸς
2847 864 2914 916 τά
2955 867 3302 933 σκιρτήματα
3345 864 3744 927 καταστέλλειν,

2171 943 2264 994 καί¹
2291 943 2562 1007 κολάσεως
2588 945 2743 1007 ἐκτὸς
2761 942 2921 1000 εἶναι.
2955 947 3092 998 Ἀλλ’
3120 948 3316 1016 ἴδωμεν
3335 948 3568 1010 ὅπωςτά
3598 947 3744 1016 παρὰ

2168 1023 2276 1075 τῶν
2303 1025 2506 1078 παίδων
2536 1030 2876 1097 γεγενημένα
2889 1029 3105 1098 διέθηκε
3123 1031 3214 1083 τὸν
3239 1032 3570 1102 πρεσϐύτην.
3599 1028 3742 1086 Εἴπε

2168 1106 2295 1175 γάρ,
2331 1107 2514 1175 φησὶν,
2580 1109 2816 1162 ’1ακὼ6’
2867 1110 3112 1178 Συμεὼν
3141 1112 3241 1164 καὶ
3287 1115 3450 1176 Λευὶ,
3485 1116 3743 1181 μισητόν

2160 1207 2237 1257 με
2259 1190 2639 1255 πεποιήκατε,
2656 1190 2810 1245 ὥστε
2833 1195 3102 1260 πονηρόν
3123 1191 3372 1264 μεεῖνιιι
3401 1195 3523 1260 τοῖς
3545 1211 3742 1248 κατοι-

2167 1271 2344 1323 κοῦσι
2373 1271 2486 1337 τὴν
2505 1271 2642 1340 γῆν.
2666 1272 2822 1336 Τίνος
2844 1274 3048 1336 ἕνεκεν,
3068 1275 3220 1344 φησὶ,
3246 1276 3508 1344 τοσαύτην
3533 1277 3742 1328 ἐπεδεί-

2167 1352 2328 1417 ξασθε
2378 1355 2475 1422 τὴν
2521 1354 2768 1423 ἀμυναν;
2801 1346 3012 1425 Τδιγάρ
3046 1357 3176 1426 παρ’
3225 1359 3376 1426 ὑμῶν
3405 1359 3743 1428 γεγενημένα

2169 1436 2324 1502 μῖσος
2372 1436 2494 1504 ἐμοὶ
2551 1437 2804 1505 μέγιστον
2839 1436 3158 1506 προξενήσει
3187 1438 3337 1505 παρά
3365 1439 3582 1490 πάντων
3632 1439 3742 1491 τῶν

2165 1517 2561 1570 κατοικούντων
2590 1519 2687 1587 τὴν
2716 1519 2838 1587 γῆν.
2871 1515 3005 1570 Εἶτα
3035 1519 3250 1581 δεικνὺς
3285 1521 3384 1590 τὴν
3433 1519 3650 1586 δειλίαν,
3684 1523 3742 1574 ὲν

2164 1592 2198 1670 ᾖ
2237 1599 2492 1669 κατέστη,
2529 1601 2710 1670 φησὶν,
2957 1599 3026 1654 δέ
3081 1603 3199 1668 εἰμι
3245 1603 3582 1671 ὀλιγοστὸς,
3641 1601 3742 1656 καὶ

2164 1685 2576 1748 συναχθέντες
2610 1682 2703 1734 ἐπ’
2733 1682 2838 1750 ἐμὲ
2871 1684 3258 1751 συγκόψουυνί
3277 1700 3375 1751 με,
3423 1685 3521 1736 καὶ
3553 1685 3730 1753 ἐκτρι-

2165 1763 2420 1834 ϐήσομαι
2440 1782 2454 1795 ·
2487 1767 2768 1835 μονονουχὶ
2797 1764 2968 1834 λέγων
2988 1783 3001 1796 υ
3021 1766 3132 1818 Οὐκ
3163 1765 3274 1818 ῐστε
3298 1767 3379 1818 ὅτι
3400 1767 3570 1834 ὀλίγοι
3590 1768 3742 1830 ὄντες

2164 1847 2398 1910 εὐκόλως
2429 1848 2494 1900 τὰ
2523 1847 2662 1900 αὑτὰ
2696 1848 2790 1900 καὶ
2809 1849 2970 1918 ἡμεῖς
3005 1848 3326 1917 πεισόμεθα,
3361 1849 3552 1920 ὥσπερ
3583 1852 3741 1919 ὑμεῖς

2160 1931 2381 1994 τούτους
2417 1931 2674 1984 διαθεῖναι
2695 1931 3050 2000 ἠϐουλήθητε.
3087 1931 3196 1984 Καὶ
3223 1933 3471 2002 καθάπερ
3498 1936 3525 1984 ὀ
3557 1934 3740 2004 Συχὲμ

2161 2015 2240 2084 τῷ
2265 2015 2432 2082 πατρί
2456 2016 2550 2069 καὶ
2588 2017 2720 2068 πᾶσι
2749 2017 2860 2077 τοῖς
2890 2014 2988 2084 τὴν
3013 2014 3165 2067 πόλιν
3195 2015 3401 2066 οἰκοῦσι
3435 2015 3624 2068 τούτου
3645 2016 3739 2068 τοῦ

2161 2096 2382 2167 ὀλέθρου
2415 2097 2633 2164 γέγονεν
2659 2098 2848 2159 αἴτιος.
2870 2096 3012 2150 οὕτω
3037 2096 3130 2149 καὶ
3154 2096 3309 2166 ὑμεῖς
3338 2097 3480 2166 ἐμοί.
3513 2096 3611 2148 Διά
3633 2097 3739 2168 γὰρ

2161 2179 2304 2250 ὑμᾶς
2331 2179 2427 2231 καὶ
2451 2179 2613 2242 αὑτὸς
2644 2177 2868 2249 μισητὸς
2893 2179 3110 2248 ἔσομαι,
3134 2179 3228 2232 καὶ
3260 2178 3413 2231 οὐδὲν
3447 2178 3506 2231 τὸ
3535 2179 3739 2232 κωλύον

2162 2263 2477 2332 ἐκτριόῆναί
2509 2279 2576 2332 με
2609 2263 2695 2314 διὰ
2725 2261 2824 2330 τὴν
2861 2262 3131 2332 ὑμετέραν
3159 2261 3381 2329 τόλμαν.
3415 2264 3478 2314 01
3513 2260 3602 2323 δὲ,
3635 2279 3742 2330 φησ-

2163 2339 2469 2408 σὶν,εἷπαν’
2503 2341 2645 2396 Ἀλλ
2662 2345 2826 2398 ’ὡσεὶ
2843 2347 3034 2411 πόρνῃ
3052 2344 3380 2411 χρήσονται
3407 2341 3482 2410 τῇ
3504 2342 3742 2412 ἀδελφῇ

2161 2424 2369 2492 ἡμῶν;
2430 2426 2570 2494 Ὅρα
2616 2428 2742 2488 τοὺς
2781 2427 2974 2488 παῖδας
3035 2425 3390 2496 σωφροσύνης
3427 2426 3612 2478 ἕνεκεν
3639 2426 3739 2496 τὴν

2160 2510 2372 2578 ἄμυναν
2403 2507 2876 2577 ἐπιδειξαμένουςο
2910 2507 3061 2578 [575]
3101 2508 3490 2574 ἀπολογοῦνται
3520 2509 3628 2578 γάρ
3661 2507 3738 2578 τῷ

2161 2591 2349 2661 πατρὶ,
2375 2589 2466 2643 καί
2496 2606 2658 2657 φασι·
2690 2589 3038 2659 Κατῄσχυναν
3076 2592 3242 2659 ἡμᾶς,
3272 2590 3346 2652 ὡς
3376 2591 3570 2652 εἰπεῖν,
3606 2589 3739 2643 ὡσεὶ

2161 2673 2335 2744 πόρνῃ
2381 2673 2680 2742 ἐχρήσαντο
2707 2674 2771 2742 τῇ
2827 2671 3028 2742 ἀδελφῇ
3087 2673 3274 2742 ἡμῶν·
3335 2674 3427 2725 καὶ
3455 2673 3542 2726 διὰ
3583 2673 3738 2726 τοῦτο

2160 2754 2319 2807 τοῦτο
2358 2754 2584 2822 ποιῆσαι
2615 2755 3170 2824 κατηναγκάσθημεν,
3205 2755 3289 2807 ἵνα
3319 2756 3412 2808 καὶ
3431 2757 3540 2818 τοῖς
3574 2757 3652 2818 εἰς
3678 2755 3740 2808 τὸ

2161 2836 2285 2905 ἑξῆς
2315 2835 2628 2888 διδασκαλία
2659 2837 2906 2906 γένηται,
2941 2837 3016 2907 μὴ
3051 2837 3276 2890 τοιαῦτα
3297 2836 3521 2907 τολμᾷν.

2232 2917 2293 2971 ο’.
2322 2916 2460 2970 Ἀλλ’
2481 2919 2584 2988 δρα
2601 2936 2690 2987 μοι
2708 2917 2891 2971 λοιπὸν
2909 2918 3140 2972 ἐνταῦθα
3159 2919 3254 2990 τὴν
3273 2920 3477 2988 ἄφατον
3494 2917 3585 2970 τοῦ
3604 2917 3736 2970 Θεοῦ

2163 3001 2488 3070 κηδεμονίαν
2507 3002 2604 3070 τὴν
2632 3001 2762 3070 περὶ
2791 3001 2882 3054 τὸν
2921 3001 3148 3054 δίκαιον.
3197 3001 3415 3072 Ἐπειδὴ
3458 3001 3566 3072 γὰρ
3599 2995 3738 3052 εἶδεν

2159 3085 2320 3136 αὑτὸν
2343 3083 2614 3136 δεδοικότα
2645 3083 2734 3136 διὰ
2775 3083 2842 3136 τὰ
2873 3085 2978 3137 ὑπὸ
3003 3085 3114 3137 τῶν
3143 3085 3347 3138 παίδων
3395 3083 3737 3152 γεγενημένα

2159 3167 2256 3238 τὴν
2282 3167 2468 3220 αὐτόθι
2497 3168 2728 3234 οἴκησιν,
2765 3164 2933 3232 Εἷπε,
2970 3169 3153 3238 φησὶν,
3187 3172 3218 3221 ό
3253 3169 3416 3232 Θεός’
3454 3167 3740 3233 Ἀναστὰς

2159 3251 2413 3318 ἀνάϐηθι
2465 3253 2552 3316 είς
2595 3252 2703 3307 τὸν
2747 3251 2935 3304 τόπον
2971 3252 3220 3318 Βαιθὴλ,
3277 3252 3372 3303 καὶ
3409 3251 3556 3303 οἴκει
3591 3248 3733 3302 ἐκεῖ.

2173 3333 2387 3404 Ἐπειδὴ
2413 3333 2653 3395 δέδοικας
2679 3335 2805 3396 τοὺς
2823 3333 3076 3394 ἐνταῦθα,
3110 3331 3398 3401 ἀναχώρει,
3437 3332 3621 3400 φησὶν,
3652 3331 3738 3382 έν-

2161 3416 2369 3480 τεῦθεν,
2408 3417 2502 3468 καὶ
2528 3415 2666 3467 οἴκει
2697 3418 2776 3478 εἰς
2803 3415 2902 3484 τὴν
2931 3415 3152 3486 Βαιθὴλ,
3185 3413 3292 3467 Kal
3332 3415 3596 3478 ποίησον
3614 3413 3739 3467 ἐκεῖ

2161 3497 2594 3563 θυσιαστήριον
2619 3495 2697 3561 τῷ
2729 3498 2921 3564 Κυρίῳ
2951 3495 3030 3560 τῷ
3060 3495 3297 3564 ὀφθέντι
3324 3512 3422 3548 σοι
3451 3497 3522 3547 ὲν
3551 3493 3628 3559 τῷ
3661 3512 3736 3548 σε

2159 3579 2625 3648 ἀποδιδράσκειν
2657 3579 2771 3634 ἀπὸ
2811 3577 3135 3645 προσώπου
3181 3578 3362 3632 Ἡσαῦ
3413 3575 3518 3630 τοῦ
3563 3576 3737 3630 ἀδελ-

2160 3663 2279 3734 φοῦ
2314 3677 2454 3715 σου.
2503 3660 2615 3714 Kal
2667 3656 2837 3714 εἶπεν
2881 3658 3183 3732 Ἰακὼϐ-τῷ
3232 3659 3375 3724 οἴκῳ
3401 3659 3586 3712 αὑτοῦ
3635 3659 3733 3712 καὶ

2160 3747 2310 3802 πᾶσι
2341 3745 2466 3810 τοῖς
2481 3746 2608 3813 μετ’
2633 3743 2817 3798 αὑτοῦ
2836 3759 2847 3773 '
2869 3742 3077 3810 ’Ἄρατε
3099 3742 3235 3810 τοὺς
3260 3742 3434 3808 θεοὺς
3467 3741 3608 3807 τοὺς
3629 3742 3737 3795 άλ-

2164 3830 2446 3896 .ἰοτρίους
2471 3829 2540 3881 ἐκ
2581 3827 2774 3896 μέσου
2812 3823 2998 3894 ὑμῶν,
3037 3825 3135 3880 καὶ
3162 3826 3594 3892 καθαρίσθητε,
3639 3821 3740 3877 καί

2160 3913 2510 3979 ἀνίλὰξασθε
2549 3915 2654 3977 τὰς
2698 3911 2924 3976 στολὰς
2971 3909 3137 3978 ὑμῶν
3163 3949 3178 3972 ,
3213 3910 3312 3963 καὶ
3367 3907 3738 3974 ἀναστάντες

2162 3997 2475 4065 ἀναθῶμεν
2495 3998 2584 4060 εἰς
2611 3993 2858 4060 Βαιθὴλ,
2885 3993 2980 4046 καὶ
3012 3992 3357 4062 ποιήσωμεν
3385 3992 3514 4046 ἐκεῖ
3531 3995 3735 4045 θυσια-

2160 4079 2411 4146 στήριον
2431 4077 2510 4142 τῷ
2531 4079 2724 4144 Κυρίῳ
2762 4075 2841 4140 τῷ
2877 4077 3288 4131 ἐπακούσαντί
3316 4095 3435 4144 μου
3465 4077 3534 4130 ἐν
3549 4069 3737 4144 ἡμέρᾳ

2161 4161 2443 4226 θλίψεως,
2463 4160 2530 4222 ὃς
2561 4156 2640 4227 ἦν
2681 4157 2808 4225 μετ’
2834 4158 3001 4224 ἐμοῦ,
3037 4159 3133 4210 καὶ
3171 4158 3426 4213 διέσωσέ
3452 4177 3528 4228 με
3559 4161 3629 4212 ἐν
3663 4157 3735 4227 τῇ

2162 4240 2302 4305 ὀδῷ,
2340 4237 2379 4312 ᾖ
2434 4241 2785 4306 ἐπορεύθην.
2829 4240 3027 4290 Σκόπει
3074 4240 3167 4292 τοῦ
3207 4240 3415 4293 δικαίου
3453 4243 3612 4294 πάλιν
3637 4244 3733 4311 τὴν

2166 4325 2411 4393 ὑπακοὴν
2447 4325 2540 4374 καὶ
2567 4323 2627 4374 τὸ
2652 4321 2913 4390 φιλόθεον.
2956 4323 3170 4392 Ἐπειδὴ
3195 4325 3446 4392 ἤκουσεν,
3467 4325 3734 4392 Ἀνάϐηθι

2161 4410 2248 4474 εἰς
2303 4405 2554 4472 Βαιθὴλ,
2603 4405 2696 4457 καὶ
2753 4404 2977 4475 ποίησον
3039 4406 3438 4476 θυσιαστήριον,
3502 4408 3734 4471 καλέσας

2163 4493 2367 4555 πάντας
2389 4491 2513 4552 τοὺς
2531 4488 2696 4543 αὑτοῦ
2715 4486 2863 4541 εἶπεν
2880 4505 2892 4518 '
2917 4491 3127 4557 Ἀρατε
3155 4489 3296 4556 τοὺς
3313 4491 3503 4555 θεούς.
3523 4491 3731 4556 ῐΙοίους,

2161 4577 2226 4631 ἄν
2247 4593 2331 4638 τις
2359 4575 2522 4636 είποι,
2557 4571 2748 4638 θεούς;
2795 4573 3044 4643 Οὑδαμοῦ
3089 4573 3196 4642 γὰρ
3225 4573 3372 4628 ἔστιν
3412 4574 3534 4632 ἰδεῖν
3580 4574 3733 4638 θεοὺς

2161 4657 2320 4709 αὑτὸν
2347 4656 2616 4726 ἐσχηκότα
2636 4674 2648 4686 '
2689 4656 2892 4710 ἄνωθεν
2918 4657 3026 4728 γὰρ
3055 4659 3148 4710 καὶ
3181 4657 3238 4722 ἐξ
3271 4656 3444 4728 ἀρχῆς
3488 4656 3734 4724 φιλόθεος

2159 4737 2226 4811 ἦν
2247 4741 2276 4792 ό
2309 4739 2536 4802 δίκαιος.
2568 4739 2705 4790 Ἀλλ’
2735 4740 3101 4810 αἰνιττόμενος
3131 4740 3259 4804 ἴσως
3285 4742 3410 4802 τοὺς
3433 4739 3586 4802 θεοὺς
3610 4740 3734 4801 τοὺς

2159 4822 2253 4876 τοῦ
2287 4821 2496 4888 Λάϐαν,
2537 4821 2693 4892 οὑςὴ
2739 4823 2938 4894 Ῥαχὴλ
2984 4819 3050 4892 ἦν
3090 4822 3415 4892 ὑφελομένη,
3448 4822 3534 4874 διὰ
3573 4819 3733 4875 τοῦτό

2161 4923 2325 4976 φησιν
2345 4903 2584 4977 ’Ἐπειδὴ
2601 4905 2863 4976 μέλλομεν
2891 4905 2970 4976 τῷ
2991 4905 3228 4975 ἀληθινῷ
3257 4904 3392 4974 Θεῷ,
3415 4905 3491 4975 τῷ
3521 4903 3604 4958 ἀεί
3641 4922 3730 4974 μοι

2159 4990 2255 5059 τὴν
2283 4988 2410 5059 παρ’
2436 4989 2599 5041 αὑτοῦ
2629 4989 2960 5058 προστασίαν
2977 4991 3240 5058 νείμαντι,
3264 4987 3361 5050 τὰς
3385 4987 3732 5058 εὐχαριστίας

2159 5073 2472 5142 ἀναφέρειν,
2505 5071 2755 5139 ἐξάρατε,
2793 5071 2846 5122 εἴ
2887 5071 3008 5124 τινά
3036 5074 3182 5124 ἐστιν
3213 5072 3339 5140 ὑμῖν
3372 5071 3580 5131 εἴδωλα,
3621 5069 3732 5122 Καὶ

2160 5155 2587 5222 καθαρίσασθε,
2625 5154 2723 5206 καὶ
2762 5153 3112 5218 ἀλλάξασθε
3145 5155 3252 5218 τὰς
3289 5153 3514 5217 στολὰς
3543 5150 3728 5219 ὑμῶν,

2160 5239 2252 5290 καὶ
2272 5237 2443 5299 οὕτως
2465 5239 2556 5289 ἐ.πὶ
2583 5237 2682 5307 τὴν
2712 5237 2864 5290 πόλιν
2893 5237 3207 5307 ὁρμήσομεν
3229 5277 3242 5298 ,
3277 5236 3370 5287 καὶ
3409 5234 3607 5299 ἔξωθεν
3635 5237 3730 5288 καὶ

2159 5320 2359 5373 ἔσωθεν
2385 5321 2608 5381 ἑαυτοὺς
2632 5318 2990 5388 καθάραντες,
3025 5319 3166 5372 οὕτω
3192 5317 3492 5370 συνέλθετε.
3521 5317 3611 5384 Μὴ
3642 5317 3729 5385 μό-

2159 5421 2248 5456 νον
2275 5406 2341 5474 τῇ
2373 5402 2479 5454 τῶν
2514 5403 2746 5472 ἱματίων
2786 5402 3100 5472 φαιδρότητι
3131 5402 3231 5471 τὴν
3261 5401 3602 5469 καθαρότητα
3626 5401 3733 5454 δει-

2159 5485 2402 5548 κνύντες,
2449 5485 2584 5538 ἀλλὰ
2623 5487 2716 5538 καὶ
2748 5487 2813 5555 τῇ
2850 5485 2956 5537 τῶν
3001 5483 3232 5536 εἰδώλων
3285 5483 3572 5552 ἀφαιρέσει
3601 5484 3728 5545 τοὺς

2157 5569 2450 5639 λογισμοὺς
2495 5568 2595 5636 τῆς
2625 5568 2862 5630 διανοίας
2902 5567 3326 5636 ἐκκαθάραντες,
3373 5565 3546 5627 οὕτως
3577 5567 3741 5620 ἀνέλ-

2159 5652 2338 5726 θωμεν
2374 5651 2463 5703 ἐπὶ
2487 5651 2583 5720 τὴν
2619 5651 2838 5720 Βαιθήλ.
2882 5650 2993 5702 Καὶ
3017 5649 3266 5715 ἔδωκαν,
3303 5650 3464 5719 φησὶ,
3499 5647 3578 5711 τῷ
3625 5649 3726 5701 Ἰα-

2163 5737 2285 5789 κὼϐ
2305 5735 2444 5800 τοὺς
2472 5734 2644 5799 θεοὺς
2673 5734 2814 5799 τοὺς
2839 5735 3198 5800 ἀλλοτρίους
3227 5733 3316 5800 (ού
3347 5733 3455 5802 γὰρ
3482 5728 3622 5802 ἦσαν
3643 5733 3734 5782 αὺ-

2157 5818 2324 5888 τῶν),
2355 5817 2543 5870 καὶτὰ
2573 5817 2782 5870 ἐνώτια
2809 5818 2879 5870 τὰ
2900 5817 2968 5870 ἐν
2997 5819 3118 5882 τοῖς
3147 5815 3298 5868 ὠσὶν
3319 5815 3541 5874 αὐτῶν.
3572 5816 3732 5880 Ἴσως

2161 5899 2269 5970 γὰρ
2298 5901 2393 5953 καὶ
2449 5899 2616 5953 ταῦτα
2651 5901 2896 5970 σύμϐολά
2930 5917 3051 5954 τινα
3083 5897 3149 5970 ἦν
3183 5900 3294 5952 τῶν
3328 5899 3560 5952 εἰδώλων
3588 5902 3731 5953 ἐκει-

2159 5999 2283 6043 νων,
2325 5983 2405 6037 διὸ
2469 5983 2559 6035 καὶ
2599 5983 2739 6036 αύτά
2785 5984 2922 6054 μετά
2947 5984 3052 6038 τῶν
3084 5983 3219 6037 θεῶν
3253 5983 3621 6053 προσφέρουσι
3655 5987 3729 6054 τῷ
