4168 6264
372 312 473 368 51⁸1

370 423 827 492 intemperantiam
855 418 1083 475 universi
1108 418 1381 473 civitatem
1410 416 1710 471 habitantes
1746 427 1935 482 poena-

373 528 489 566 rum
515 513 645 568 socii
669 511 817 565 fiant.
858 510 1003 565 Sicut
1032 509 1173 563 enim
1201 522 1424 562 accensa
1456 521 1583 576 pyra
1613 546 1628 571 ,
1657 504 1746 573 qui
1774 516 1939 571 prope

370 601 608 655 habitant
629 600 850 669 periculi
870 609 994 653 sunt
1024 598 1306 667 participes
1331 637 1346 657 ,
1398 596 1519 665 igne
1562 595 1739 648 omnia
1775 593 1941 660 depa-

378 699 564 745 Scente
592 708 604 741 :
630 689 818 744 eodem
849 689 1006 742 modo
1048 696 1103 741 et
1130 701 1268 740 nunc
1294 684 1642 739 adolescentis
1683 683 1943 751 intempe-

377 783 545 837 rantia
591 796 695 834 non
740 780 908 833 solum
937 788 1142 847 patrem
1164 818 1179 840 ,
1208 775 1303 830 sed
1331 785 1387 829 et
1411 789 1599 828 omnes
1627 772 1771 826 urbis
1795 773 1941 826 cives

369 873 526 927 simul
552 870 800 941 perdidit.
830 868 969 935 Quid
988 869 1145 937 igitur
1165 865 1255 919 filii
1273 864 1480 919 Jacobi
1505 863 1696 916 Dolose
1737 863 1815 915 eis
1855 876 1943 914 re-

370 963 718 1031 sponderunt.
764 961 988 1031 Dignum
1014 967 1097 1013 est
1132 956 1335 1019 auditu,
1361 963 1418 1008 ut
1445 952 1659 1008 discatis
1682 959 1937 1016 quantum

370 1060 587 1120 propter
608 1064 845 1104 sororem
872 1047 1175 1103 doluerunt.
1195 1045 1283 1098 u.
1310 1038 1935 1106 Dixeruntenimnnquit,

371 1143 594 1211 Symeon
636 1148 682 1193 et
715 1139 833 1193 Levi
862 1143 1042 1208 fratres
1074 1136 1219 1188 Dinis
1242 1173 1256 1197 ,
1284 1133 1380 1200 filii
1428 1140 1594 1184 autem
1632 1128 1739 1182 Liaa
1772 1143 1793 1181 :
1817 1126 1938 1180 Non

372 1235 645 1303 poterimus
673 1234 839 1301 facere
885 1229 1082 1283 verbum
1128 1227 1220 1280 hoc
1245 1266 1259 1288 ,
1293 1234 1345 1277 ut
1379 1224 1554 1277 demus
1582 1236 1806 1274 sororem
1840 1234 1936 1270 no-

368 1336 525 1377 stram
553 1321 742 1375 homini
770 1320 856 1386 qui
879 1318 1023 1371 habet
1067 1316 1394 1387 prazputium.
1426 1312 1511 1367 15.
1544 1310 1606 1364 Si
1654 1309 1806 1379 igitur
1841 1309 1939 1359 cir-

366 1410 720 1464 cnmcidamini
745 1423 895 1461 carne
919 1406 1150 1474 prceputii
1175 1404 1323 1456 vestri
1344 1443 1359 1466 ,
1398 1401 1482 1455 16.
1533 1399 1762 1452 dabimus
1804 1395 1938 1464 filias

370 1513 566 1555 nostras
603 1500 758 1563 vobis,
790 1508 837 1551 et
881 1497 943 1549 de
972 1495 1175 1564 ﬁliabus
1204 1493 1378 1547 vestris
1410 1491 1743 1560 accipiemus,
1766 1498 1810 1540 et
1841 1487 1936 1540 eri-

369 1609 478 1645 mus
507 1592 649 1660 quasi
676 1605 831 1659 genus
852 1603 1023 1640 unum.
1055 1586 1185 1640 Haec
1212 1582 1423 1652 quidem
1461 1578 1751 1650 propositio
1781 1577 1938 1631 hone-

367 1694 444 1734 sm
472 1688 604 1742 erat,
635 1687 686 1733 ct
706 1676 892 1731 rationi
922 1683 1295 1737 Consentanea,
1315 1671 1407 1725 sed
1437 1686 1556 1724 cum
1580 1668 1724 1731 dolo,
1745 1666 1934 1735 inquit,

369 1772 505 1825 dicta
535 1778 635 1824 est.
664 1770 748 1822 17.
780 1768 843 1821 Et
874 1767 917 1819 si
956 1764 1238 1827 nolueritis,
1267 1760 1473 1829 inquit,
1504 1761 1595 1812 hoc
1620 1762 1786 1829 facere
1807 1796 1822 1821 ,
1847 1772 1935 1809 ac-

368 1873 509 1931 cepta
544 1862 651 1930 ﬁlia
693 1869 864 1913 nostra
905 1856 1167 1910 abibimus.
1214 1853 1338 1907 Haec
1375 1851 1586 1920 quidem
1630 1849 1858 1918 Symeon
1884 1856 1938 1902 et

367 1955 491 2008 Levi
535 1953 733 2007 credem
778 1951 1014 2004 omnium
1056 1960 1238 2001 secum
1293 1944 1613 1997 meditantes
1660 1952 1938 2008 proposuec

365 2055 506 2101 runt.
549 2045 624 2099 Illi
655 2052 831 2098 autem
879 2040 1227 2109 respicientes
1251 2036 1319 2090 ad
1359 2034 1500 2104 quod
1539 2030 1933 2099 exspectabant,

365 2135 700 2205 puellamque
724 2133 924 2186 habere
948 2129 1243 2195 cupientes,
1274 2130 1659 2178 consenserunt
1686 2120 1740 2173 in
1761 2119 1897 2172 dicta
1918 2158 1935 2182 ,

364 2236 417 2279 et
444 2225 759 2294 placuerunt
800 2222 880 2275 eis
909 2219 1203 2287 proposita.
1230 2215 1365 2268 Dicit
1393 2214 1533 2267 enim
1565 2229 1583 2264 :
1613 2211 1699 2264 18.
1735 2208 1937 2263 Placuit

368 2332 541 2370 coram
569 2316 639 2367 eis
666 2328 855 2377 sermo,
877 2312 964 2365 19.
1017 2319 1061 2363 et
1106 2325 1203 2361 non
1253 2305 1466 2360 tardavit
1506 2302 1781 2368 adimplere
1805 2300 1937 2351 dicta

367 2406 678 2458 adolescens.
707 2401 976 2471 Deperibat
1001 2400 1131 2453 enim
1156 2399 1319 2468 ﬁliam
1346 2393 1526 2449 Jacob.
1557 2393 1667 2446 Hoc
1696 2399 1778 2445 est
1797 2431 1812 2453 ,
1853 2398 1934 2443 to-

369 2508 478 2550 tum
507 2510 565 2549 se
588 2495 639 2547 in
668 2492 853 2562 puella:
881 2506 1116 2545 amorem
1139 2488 1431 2544 dediderat.
1463 2485 1552 2539 ΞΟ.
1578 2483 1643 2536 Et
1677 2491 1933 2546 venerunt,

369 2586 556 2655 inquit,
579 2586 683 2651 ipse
703 2592 750 2637 et
779 2592 919 2653 pater
933 2582 1042 2652 ejus
1060 2580 1127 2633 ad
1154 2588 1371 2650 portam,
1400 2585 1445 2629 et
1471 2573 1662 2643 loquuti
1688 2580 1803 2625 sunt
1828 2587 1936 2622 om—

369 2678 511 2731 nibus
562 2675 646 2744 qui
696 2674 749 2726 in
786 2671 980 2725 civitate
1019 2669 1349 2733 habitabant,
1376 2675 1428 2721 et
1464 2662 1843 2719 consuluerunt
1879 2669 1936 2714 ut

365 2765 820 2822 circumcisionem
871 2763 1203 2832 susciperent
1258 2757 1547 2814 secundum
1588 2756 1822 2810 oblatam
1868 2753 1935 2806 ab

366 2862 469 2914 illis
491 2859 870 2922 conditionem,
900 2865 955 2911 et
980 2864 1039 2909 ut
1066 2856 1182 2908 illos
1230 2852 1295 2906 ad
1325 2848 1769 2906 cohabitationem
1796 2844 1936 2900 acci-

366 2961 568 3022 perent.
585 2949 879 3019 lmplebant
907 2947 981 3002 illi
1010 2947 1186 3000 statim
1211 2960 1331 3014 qua:
1347 2943 1413 2996 ab
1439 2942 1607 2995 Emor
1622 2948 1675 2993 et
1706 2937 1934 3008 Sychem

365 3042 505 3095 dicta
536 3049 681 3103 sunt,
712 3049 766 3094 et
792 3053 979 3092 omnes
1020 3036 1173 3089 simul
1202 3031 1622 3089 circumcisionis
1646 3029 1853 3099 signum
1881 3027 1934 3081 in

365 3145 591 3198 corpore
612 3127 962 3197 accipiebant.
1008 3126 1120 3179 Hoc
1149 3124 1235 3177 ubi
1260 3123 1586 3175 resciverunt
1605 3118 1837 3189 Symeon
1870 3130 1934 3168 ac

368 3221 514 3286 Levi,
548 3235 667 3289 qua:
709 3217 821 3287 jam
849 3216 1046 3270 dudum
1085 3228 1263 3268 secum
1312 3210 1738 3271 meditabantur,
1775 3220 1934 3275 opere

365 3314 795 3383 compleverunt;
819 3309 909 3364 25.
938 3308 1002 3361 Et
1035 3307 1248 3376 acceptis
1290 3304 1476 3375 singuli
1502 3301 1685 3373 gladiis
1712 3299 1837 3365 suis,
1855 3298 1937 3351 iu-

365 3406 521 3477 gressi
544 3415 657 3458 sunt
682 3405 731 3455 in
759 3404 1006 3455 civitatem
1045 3416 1234 3453 secure.
1266 3397 1399 3468 Quid
1427 3404 1545 3460 est,
1584 3393 1647 3447 In
1685 3393 1935 3446 civitatem

364 3514 533 3550 secure
553 3498 577 3549 ?
595 3495 725 3562 Quia
766 3510 886 3548 cum
914 3493 1085 3547 solum
1113 3491 1219 3545 duo
1245 3499 1426 3544 essent
1455 3530 1469 3552 ,
1499 3497 1655 3541 tanta:
1687 3485 1933 3540 multitu-

365 3588 472 3642 dini
514 3602 572 3640 se
600 3593 963 3654 opposuerunt
999 3583 1133 3637 :sed
1177 3597 1417 3650 magnam
1466 3580 1544 3634 eis
1592 3578 1932 3633 securitatem

367 3678 638 3746 praestitit,
670 3676 809 3745 quod
856 3688 1042 3728 omnes
1078 3673 1152 3726 illi
1198 3672 1361 3726 saucii
1408 3670 1667 3739 jacercnt.
1699 3666 1849 3733 Quod
1879 3674 1937 3719 ut

366 3770 516 3824 nobis
548 3767 909 3822 manifestaret
932 3765 1107 3820 divina
1135 3763 1432 3830 Scriptura,
1466 3759 1679 3811 Factum
1718 3767 1810 3822 est,
1856 3758 1933 3808 iu-

364 3862 495 3929 quit,
526 3861 579 3912 in
624 3859 707 3910 die
756 3858 921 3919 tertio,
950 3853 1150 3925 quando
1197 3861 1335 3905 erant
1376 3851 1427 3902 in
1455 3849 1647 3902 dolore.
1676 3848 1787 3900 Hoc
1817 3846 1935 3898 illos

365 3965 582 4005 securos
613 3947 862 4010 reddidit,
895 3954 948 3999 et
976 3944 1109 3997 duos
1137 3942 1386 3995 fortiores
1414 3939 1591 3991 multis
1616 3936 1757 3990 fecit.
1789 3934 1937 3987 Occi-

365 4045 562 4105 derunt,
589 4039 776 4107 inquit,
796 4052 940 4090 omne
961 4033 1313 4093 masculinum,
1335 4032 1432 4084 hoc
1450 4040 1550 4091 est,
1569 4042 1753 4080 omnes
1771 4027 1932 4089 viros,

365 4133 454 4201 qui
520 4137 737 4198 propter
795 4124 1251 4180 circumcisionem
1309 4119 1591 4188 jacebant,
1658 4117 1932 4185 paratique

366 4230 533 4283 erant,
556 4227 611 4271 ut
632 4220 698 4271 ita
720 4216 912 4278 dicam,
933 4224 989 4267 ut
1013 4213 1405 4266 occiderentur:
1424 4219 1477 4263 et
1497 4223 1617 4263 cum
1640 4207 1754 4259 aliis
1776 4205 1933 4259 etiam

367 4314 613 4382 juvenem
667 4309 757 4363 ulti
808 4316 950 4369 sunt,
980 4306 1067 4373 qui
1099 4304 1326 4374 puellam
1367 4303 1664 4354 vitiaverat.
1717 4298 1783 4351 Et
1830 4313 1933 4350 non

368 4404 602 4455 contenti
641 4401 737 4453 hac
767 4398 1017 4459 vindicta,
1041 4397 1197 4449 etiam
1227 4408 1353 4448 oves
1377 4434 1392 4455 ,
1425 4392 1592 4460 inquit
1611 4430 1625 4455 ,
1654 4403 1838 4444 eorum
1883 4396 1935 4441 et

369 4494 545 4549 omnia
589 4507 815 4562 pecora,
863 4489 1143 4555 omniaque
1198 4500 1419 4555 corpora
1477 4486 1529 4537 in
1575 4482 1935 4551 captivitatem

370 4585 672 4646 duxerunt,
699 4597 761 4635 ac
788 4581 1001 4634 civitate
1029 4578 1154 4630 viris
1185 4577 1432 4630 destituta
1466 4584 1517 4629 et
1558 4574 1760 4642 direpta
1811 4572 1935 4626 red-

374 4675 569 4727 ierunt.
590 4670 812 4734 Vidisti,
840 4669 1059 4731 dilecte,
1092 4674 1345 4736 quantum
1382 4664 1578 4718 malum
1621 4672 1835 4732 operata
1869 4662 1937 4716 sit

374 4765 526 4817 unius
547 4761 758 4830 juvenis
788 4756 1089 4813 temeritas?
1117 4754 1306 4810 Vidisti
1333 4763 1579 4825 quantam
1609 4754 1782 4807 attulit
1814 4768 1934 4821 per-

372 4856 563 4910 niciem
587 4853 833 4908 omnibus
857 4850 1121 4905 civitatem
1152 4844 1544 4901 habitantibus?
1575 4844 1697 4897 lltec
1712 4844 1937 4897 scientes

372 4946 698 5002 refrenemus
723 4943 950 4997 filiorum
990 4950 1288 4995 nostrorum
1315 4938 1561 5006 impetus,
1589 4949 1938 5003 magnumque

375 5039 606 5093 furorem
640 5034 987 5090 absterrendo
1019 5040 1071 5087 et
1115 5030 1446 5084 admonendo
1490 5041 1889 5095 compescamus
1921 5040 1935 5077 :

374 5143 427 5187 et
454 5145 701 5185 curemus
730 5142 912 5181 eorum
943 5125 1239 5179 castitatem
1268 5164 1280 5183 ,
1310 5122 1590 5189 omniaque
1617 5119 1867 5173 faciamus
1888 5130 1941 5173 et

373 5230 679 5277 tractemus.
713 5216 1038 5272 utabsurdas
1058 5213 1510 5282 concupiscentias
1530 5211 1779 5280 juvenilis
1812 5222 1942 5265 actas

375 5313 608 5380 elfugere
637 5310 821 5378 possit.
852 5306 980 5360 Nam
1009 5316 1223 5375 propter
1247 5303 1347 5357 hoc
1373 5312 1424 5356 et
1450 5303 1744 5355 communis
1764 5301 1940 5354 Domi-

377 5418 477 5457 nus
501 5410 682 5455 noster
708 5400 880 5453 sciens
907 5397 1151 5449 humana:
1182 5405 1382 5448 natura:
1418 5392 1775 5445 infirmitatem
1798 5431 1813 5455 ,
1839 5406 1941 5443 nu-

377 5493 509 5563 ptias
538 5489 689 5543 dedit
718 5501 770 5543 et
807 5487 1059 5552 sancivit,
1090 5493 1146 5539 ut
1164 5486 1230 5539 ab
1261 5484 1442 5550 illicito
1468 5480 1748 5536 concubitu
1776 5481 1941 5533 absti-

372 5587 606 5635 nerelur.

443 5669 659 5724 Iuvenes
684 5667 919 5722 uxoribus
937 5666 1204 5737 jungcndi.
1235 5696 1305 5707 —
1333 5664 1409 5720 Ne
1436 5664 1592 5735 igitur
1621 5663 1947 5733 negligamus

1206 307 1272 363 ιΝ
1309 306 1458 363 CAP.
1500 304 1740 360 XXXIV.
1781 303 1870 358 ET
1906 302 2125 358 XXXV.
2156 302 2397 360 GENES.
2442 304 2669 359 HOMlL.
2711 305 2844 360 LIX.

3515 313 3613 366 518

2042 412 2285 480 juvenes,
2314 414 2404 469 sed
2432 416 2661 470 scientes
2690 414 2920 471 fornacis
2951 417 3251 472 incendium
3272 457 3288 483 ,
3314 420 3613 489 priusquam

2046 503 2097 556 in
2131 503 2337 557 luxuria
2370 506 2727 575 implicentur,
2761 507 3068 563 Studeamus
3092 524 3185 563 eos
3218 511 3511 567 secundum
3539 513 3610 566 le-

2043 607 2165 661 gem
2191 594 2281 647 Dei
2316 597 2513 662 nuptiis
2542 598 2789 664 c0pnlare
2811 638 2825 661 ,
2858 606 2915 652 ut
2948 609 2999 652 et
3047 601 3424 655 continentiam
3466 617 3614 658 suam

2045 685 2363 749 custodiant,
2419 688 2727 755 nullumque
2786 690 3038 744 damnum
3080 692 3308 746 lascivia:
3363 708 3471 748 sum
3520 695 3615 747 ha-

2048 777 2226 843 beant,
2259 782 2494 835 remedio
2533 783 2675 837 illine
2704 794 2936 852 sumpto,
2959 794 3012 839 ut
3044 786 3436 855 possintcarnis
3461 788 3613 842 indo-

2045 868 2201 921 mitos
2227 878 2402 923 motus
2431 872 2744 939 reprimere,
2784 883 2837 927 et
2884 889 3095 942 pmnam
3132 878 3383 945 ell'ugere.
3412 877 3517 932 Sed
3541 879 3616 931 vi-

2043 954 2263 1010 deamus
2297 960 2564 1027 quomodo
2584 976 2644 1013 ea
2670 978 2789 1030 qua:
2822 978 2850 1014 a
2879 964 3056 1031 pueris
3082 964 3215 1019 laeta
3246 976 3366 1020 sunt
3388 1007 3402 1032 ,
3432 983 3613 1022 senem

2042 1044 2333 1101 aﬁ‘eccrint.
2365 1048 2452 1103 50.
2484 1048 2627 1102 Dixit
2656 1052 2827 1112 enim,
2858 1052 3044 1120 inquit,
3074 1053 3234 1107 Jacob
3260 1071 3278 1109 :
3317 1057 3540 1126 Symeon
3570 1066 3615 1110 ct

2045 1132 2183 1200 Levi,
2208 1153 2415 1191 exosum
2436 1156 2513 1193 me
2535 1142 2720 1211 fecistis
2745 1183 2759 1205 ,
2784 1151 2839 1195 ut
2875 1146 3108 1198 molestus
3140 1163 3229 1216 ego
3250 1148 3344 1199 sim
3372 1149 3615 1201 habitato-

2044 1225 2179 1277 ribus
2205 1235 2370 1279 terraa.
2395 1227 2595 1293 Quare,
2626 1231 2815 1300 inquit,
2844 1241 3048 1286 tantam
3080 1234 3278 1289 fecistis
3296 1239 3616 1293 vindictam?

2041 1312 2177 1368 Nam
2204 1332 2323 1385 qua:
2350 1334 2378 1371 a
2404 1319 2557 1374 vobis
2592 1320 2727 1376 facta
2754 1333 2877 1376 sunt
2900 1364 2914 1387 ,
2947 1324 3129 1379 odium
3170 1328 3297 1380 mihi
3327 1332 3615 1386 maximum

2043 1405 2250 1473 parient
2283 1408 2421 1476 apud
2451 1424 2639 1465 omnes
2671 1411 2992 1468 habitatores
3020 1424 3175 1469 terra:
3205 1417 3382 1485 hujus.
3414 1420 3613 1474 Deinde

2041 1506 2347 1551 monstrans
2366 1500 2613 1555 timorem
2639 1503 2691 1555 in
2717 1517 2822 1571 quo
2847 1514 2963 1558 erat
2985 1508 3322 1571 constitutus,
3356 1508 3484 1561 Mihi
3512 1527 3608 1562 au-

2044 1596 2160 1652 tem,
2188 1589 2392 1658 inquit,
2417 1608 2599 1659 parvus
2645 1609 2882 1648 numerus
2908 1606 2999 1659 est,
3050 1607 3093 1649 et
3118 1601 3405 1668 congregati
3440 1582 3613 1654 contra

2041 1692 2118 1729 me
2145 1717 2160 1741 ,
2200 1680 2476 1745 percutient
2507 1699 2585 1736 me
2608 1725 2624 1747 ,
2657 1695 2702 1737 et
2731 1694 2925 1739 eaterar
2945 1702 2964 1736 :
3003 1689 3152 1756 quasi
3174 1688 3373 1743 diceret
3402 1689 3616 1745 :NescL

2042 1766 2107 1820 tis
2130 1767 2273 1836 quod
2298 1772 2447 1837 pauci
2477 1775 2698 1827 sumus?
2724 1772 2877 1829 facile
2904 1776 3093 1830 eadem
3122 1785 3178 1831 et
3201 1794 3300 1832 nos
3332 1782 3610 1848 patiemur,

2040 1857 2230 1925 quibus
2268 1859 2419 1913 vobis
2465 1861 2583 1914 illos
2634 1864 2852 1918 afficere
2888 1865 3101 1932 placuit.
3135 1868 3197 1919 Et
3225 1869 3359 1921 sicut
3384 1870 3615 1939 Sychem

2040 1949 2172 2015 patri
2200 1958 2255 2003 et
2278 1952 2523 2006 omnibus
2548 1952 2813 2008 civitatem
2839 1955 3195 2011 habitantibus
3236 1959 3390 2028 hujus
3435 1962 3601 2016 inter-

2041 2038 2142 2092 itus
2168 2038 2265 2092 fuit
2288 2051 2493 2107 auctor,
2523 2042 2594 2096 ita
2632 2052 2686 2097 et
2710 2059 2803 2098 vos
2831 2046 2980 2098 mihi.
3030 2046 3161 2100 Nam
3190 2060 3405 2117 pr0pter
3435 2066 3529 2104 vos
3557 2062 3608 2105 ct

2039 2143 2138 2195 ego
2175 2144 2367 2184 exosus
2395 2146 2532 2196 ero,
2557 2142 2610 2186 et
2644 2133 2777 2187 nihil
2818 2134 3063 2202 prohibet
3110 2138 3235 2205 quin
3279 2138 3457 2193 ilclear
3487 2157 3615 2210 pro-

2042 2227 2158 2286 pter
2209 2228 2438 2275 vestram
2467 2222 2762 2277 audaciam.
2811 2226 2898 2279 51.
2930 2224 3023 2279 Illi
3047 2238 3214 2281 autent
3239 2229 3490 2294 dixerunt,
3529 2233 3610 2284 in-

2039 2308 2187 2376 quit,
2244 2310 2505 2380 Numquid
2550 2323 2602 2365 ut
2656 2323 2818 2367 scorto
2865 2316 3128 2369 abutemur
3171 2334 3341 2371 sorore
3391 2324 3612 2375 nostra?

2040 2399 2171 2454 Vide
2199 2415 2392 2469 pueros
2417 2405 2756 2458 continentiae
2782 2409 2950 2475 gratia
2994 2408 3251 2463 ultionem
3283 2414 3570 2481 sumpsisse
3595 2431 3607 2466 :

2038 2500 2289 2544 excusant
2309 2493 2451 2545 enim
2476 2508 2534 2546 se
2567 2495 2733 2562 patri,
2783 2506 2837 2550 et
2875 2497 3057 2551 dicunt
3086 2515 3098 2550 :
3127 2497 3341 2552 Infamia
3375 2517 3470 2554 uos
3494 2503 3612 2556 allu-

2037 2589 2226 2633 cerunt
2257 2622 2273 2646 ,
2302 2582 2464 2636 veluti
2490 2594 2674 2638 scorto
2702 2585 2851 2640 abusi
2879 2598 3001 2641 sunt
3029 2602 3213 2643 sorore
3237 2600 3413 2645 nostra
3443 2608 3456 2643 :
3492 2608 3610 2661 pro—

2039 2678 2220 2737 pterea
2251 2672 2352 2726 hoc
2391 2671 2565 2728 facere
2592 2676 2758 2730 coacti
2799 2690 3005 2744 sumus,
3047 2687 3105 2732 ut
3144 2689 3199 2733 et
3235 2683 3412 2736 caeteri
3441 2683 3610 2737 disce-

2038 2771 2176 2825 rent,
2208 2763 2399 2818 similia
2425 2780 2528 2819 non
2551 2766 2767 2821 audere.

2096 2854 2148 2923 4.
2173 2852 2275 2908 Sed
2299 2854 2439 2919 vide,
2460 2856 2704 2921 obsecro,
2727 2856 2812 2921 hic
2839 2857 3167 2913 ineffabilem,
3184 2861 3272 2915 Dei
3289 2878 3470 2917 curam
3486 2880 3623 2935 erga.

2033 2942 2259 3010 justum.
2313 2944 2444 2999 Nam
2473 2947 2594 3014 quia
2622 2947 2754 3001 vidit
2787 2964 2913 3004 eum
2962 2951 3335 3007 formidantem
3383 2957 3610 3024 regionis

2040 3035 2239 3089 incolas
2283 3047 2495 3105 propter
2522 3038 2753 3093 filiorum
2775 3039 3029 3105 facinora,
3060 3044 3111 3096 1.
3145 3042 3288 3097 Dixit
3330 3047 3374 3098 ei
3419 3047 3553 3101 Dens
3580 3068 3601 3104 :

2042 3124 2225 3196 Surge,
2249 3137 2295 3181 et
2329 3130 2541 3183 ascende
2567 3131 2619 3183 in
2663 3129 2827 3185 locant
2867 3132 3094 3199 Bcetlzel,
3124 3146 3170 3188 et
3190 3138 3259 3189 ibi
3285 3138 3452 3191 habita
3474 3140 3607 3209 (Cn-

2038 3229 2127 3289 put
2157 3220 2224 3274 55
2255 3220 2296 3289 ).
2324 3221 2477 3288 Quia,
2509 3222 2696 3292 inquit,
2728 3238 2821 3278 eos
2846 3226 2933 3295 qui
2964 3225 3050 3282 hic
3079 3227 3314 3282 habitant
3339 3231 3511 3295 times,
3528 3249 3609 3286 re-

2042 3311 2175 3366 cede
2206 3312 2349 3379 hinc,
2381 3321 2435 3369 et
2465 3314 2639 3368 habita
2668 3315 2720 3370 in
2743 3316 2961 3383 Bmthel,
2986 3317 3053 3371 Et
3082 3320 3164 3388 fac
3201 3321 3306 3374 illic
3323 3321 3484 3374 altare
3500 3322 3609 3375 Do-

2040 3403 2194 3467 mino,
2224 3405 2311 3472 qui
2334 3407 2568 3475 apparuit
2590 3406 2677 3458 tibi
2701 3423 2813 3460 cum
2843 3412 3039 3478 fugeres
3063 3425 3105 3461 a.
3116 3410 3246 3480 facie
3272 3410 3411 3465 Esau
3438 3414 3611 3483 fratris

2040 3494 2131 3546 tui.
2157 3493 2213 3547 2.
2241 3493 2303 3546 Et
2325 3494 2452 3548 dixit
2472 3494 2631 3549 Iacob
2652 3496 2824 3550 domui
2842 3513 2968 3562 suas,
2999 3508 3046 3551 et
3066 3500 3294 3554 omnibus
3318 3502 3425 3555 suis
3444 3518 3463 3555 .'
3485 3500 3608 3555 Tol-

2039 3585 2125 3637 lite
2155 3585 2272 3638 deos
2291 3586 2481 3654 alienos
2514 3603 2541 3639 e
2570 3588 2733 3641 medio
2765 3590 2932 3653 vestri,
2954 3599 3000 3641 et
3029 3591 3386 3659 puri/icamini,
3417 3602 3461 3644 et
3500 3609 3611 3645 nm-

2042 3686 2140 3730 tate
2174 3677 2329 3729 stolas
2357 3687 2563 3743 vestras,
2596 3679 2649 3733 5.
2673 3689 2719 3730 et
2748 3681 2935 3749 surgite
2959 3723 2971 3742 ,
2995 3692 3042 3732 et
3072 3682 3399 3734 ascendamns
3418 3682 3470 3733 in
3488 3681 3607 3734 Βην-

2041 3765 2160 3827 t/tel,
2191 3776 2234 3816 et
2254 3766 2499 3833 faciamus
2544 3765 2651 3817 illic
2681 3766 2840 3818 altare
2859 3765 3100 3830 Domino,
3131 3770 3212 3834 qui
3244 3770 3494 3821 exaudivit
3527 3786 3603 3820 me

2038 3853 2092 3904 in
2124 3855 2204 3905 die
2246 3853 2545 3922 afﬂictionis,
2577 3854 2660 3917 qui
2688 3855 2783 3923 fuit
2805 3870 3019 3921 mecum,
3045 3865 3093 3909 et
3113 3856 3320 3909 saluauit
3348 3874 3424 3910 me
3446 3859 3497 3911 in
3527 3860 3611 3915 via

2039 3958 2138 4009 qua
2181 3940 2452 3993 ambulavi.
2484 3941 2858 3995 Animadverte
2889 3942 2971 3996 hic
3003 3942 3130 4010 justi
3164 3945 3518 3999 obedientiam
3558 3960 3610 4002 et

2042 4033 2374 4100 pietatemiu
2407 4033 2588 4090 Deum.
2620 4032 2752 4099 Quia
2779 4032 2980 4086 audivit
3005 4034 3272 4088 :Ascende
3314 4036 3367 4089 in
3388 4035 3600 4099 Bwthel,

2039 4134 2085 4175 et
2111 4127 2193 4193 fac
2236 4123 2394 4176 altare
2426 4139 2444 4176 :
2474 4124 2705 4189 vocatis,
2737 4125 2936 4193 inquit,
2969 4126 3214 4179 omnibus
3258 4128 3367 4181 suis
3387 4168 3401 4192 ,
3429 4128 3560 4182 dixit
3589 4173 3604 4194 ,

2039 4214 2223 4269 Tollite
2251 4215 2389 4268 deos.
2444 4215 2637 4283 Quales
2659 4258 2673 4281 ,
2698 4217 2889 4295 dixerit
2929 4217 3047 4287 quis
3068 4260 3082 4283 ,
3111 4217 3282 4273 deos?
3340 4220 3606 4290 Nosquam

2039 4306 2450 4363 enimvidcrmns
2480 4308 2651 4377 ipsum
2681 4308 2928 4363 habuisse
2964 4309 3092 4364 deos
3135 4326 3147 4361 :
3188 4310 3255 4363 ab
3290 4310 3439 4364 initio
3468 4314 3609 4365 enim

2042 4397 2137 4453 Dei
2168 4398 2342 4452 cultor
2372 4397 2471 4451 fuit
2494 4398 2689 4467 justus.
2736 4398 3052 4468 Significans
3082 4399 3220 4454 forte
3240 4400 3369 4455 deos
3404 4401 3606 4463 Lahan,

2040 4503 2174 4556 quos
2201 4488 2400 4542 Rachel
2427 4489 2779 4553 subtraxerat,
2812 4490 2929 4544 ideo
2953 4490 3113 4543 dixit:
3143 4491 3402 4558 Quoniam
3417 4493 3613 4561 gratias

2043 4580 2211 4633 acturi
2241 4594 2423 4633 sumus
2446 4595 2573 4632 vero
2614 4580 2721 4632 Deo
2745 4621 2759 4643 ,
2792 4580 3120 4649 qui‘sempcr
3148 4592 3346 4634 tantam
3386 4583 3488 4636 mei
3513 4599 3606 4635 cu-

2020 4670 2159 4723 ram
2184 4670 2366 4739 gessit,
2396 4669 2599 4722 auferte
2625 4670 2667 4721 si
2698 4686 2807 4736 qua
2828 4679 2950 4723 sunt
2976 4671 3027 4722 in
3053 4671 3202 4724 vobis
3232 4671 3393 4731 idola,
3425 4670 3489 4721 Et
3516 4688 3610 4738 pu-

2044 4761 2332 4830 riﬁcamini,
2359 4770 2403 4814 et
2429 4769 2618 4813 mutate
2643 4760 2797 4814 stolas
2826 4769 3031 4821 vestras,
3062 4770 3117 4812 ct
3145 4759 3219 4812 sic
3247 4759 3312 4811 ad
3333 4760 3610 4813 civitatem

2046 4866 2357 4920 pergemus,
2388 4859 2442 4904 et
2495 4849 2639 4902 intus
2686 4857 2739 4901 et
2789 4847 2917 4901 foris
2972 4847 3206 4901 mundati
3255 4849 3411 4902 simul
3444 4848 3605 4902 ihitis.

2046 4940 2161 4995 Non
2193 4942 2364 4995 solum
2391 4940 2614 4993 vestium
2657 4939 2829 4992 nitore
2859 4938 3141 5007 puritatem
3182 4939 3480 5001 declarato,
3515 4940 3610 4993 sed

2047 5049 2168 5089 cum
2202 5032 2499 5100 abjectione
2545 5029 2803 5083 idolorum
2863 5028 3152 5096 purificatis
3212 5031 3615 5097 cogitationibus

2046 5125 2239 5179 mentis
2280 5124 2629 5178 ascemlamus
2665 5120 2732 5175 ad
2765 5120 2989 5174 Baethel.
3013 5121 3069 5175 4.
3119 5121 3179 5173 Et
3198 5121 3483 5185 dederunt,
3532 5123 3614 5174 in-

2047 5215 2182 5281 quit,
2213 5213 2368 5266 Jacob
2389 5214 2506 5265 deos
2531 5212 2720 5263 alienos
2745 5211 2873 5279 (non
2907 5211 3048 5265 enim
3073 5211 3539 5279 erant-ipsorum),
3568 5220 3617 5261 et

2048 5308 2248 5357 inaures
2291 5319 2402 5372 qua:
2442 5304 2492 5354 in
2546 5300 2748 5353 auribus
2788 5317 2977 5355 eorum.
3007 5299 3166 5354 Forte
3207 5301 3349 5353 enim
3398 5308 3453 5353 et
3504 5298 3615 5352 h’rrc

2049 5396 2193 5463 signa
2230 5394 2472 5462 quaedam
2490 5400 2639 5445 erant
2667 5391 2885 5443 istorum
2924 5389 3218 5452 idolorum,
3269 5389 3388 5443 ideo
3416 5398 3468 5442 et
3505 5389 3615 5441 lucc

2049 5500 2170 5537 cum
2196 5484 2295 5536 diis
2335 5484 2563 5534 alfi'runt
2590 5480 2774 5535 Jacob.
2806 5479 2867 5532 Et
2897 5478 3155 5531 abscondit
3197 5494 3255 5530 ea
3289 5478 3457 5531 subter
3486 5488 3611 5531 tere-

2052 5574 2276 5627 bintlmm
2302 5574 2353 5624 in
2380 5571 2609 5635 Secimis,
2651 5581 2696 5623 et
2727 5569 2944 5639 perdidit
2970 5584 3028 5621 ea
3056 5584 3210 5636 usque
3244 5568 3296 5620 in
3325 5578 3614 5636 pmsentem

2061 5664 2210 5717 diem.
2239 5662 2525 5723 Abscondit,
2557 5661 2743 5731 inquit,
2776 5675 2854 5724 ea,
2886 5667 2932 5711 et
2962 5656 3212 5725 perdidit,
3247 5665 3302 5711 ut
3337 5657 3433 5726 ipsi
3464 5672 3615 5711 erro-
