4168 6264
515 277 625 328 .‘it9
1238 279 1296 335 S.
1336 280 1616 338 JOANNIS
1651 281 2122 340 CHRYSOSTOM
2162 283 2482 346 ARCHIEP.
2523 289 3054 352 CONSTANTINOP.

517 388 594 443 ris
629 388 766 444 servi
795 405 1036 446 errorem
1063 389 1373 460 ell'ugerent,
1403 403 1457 446 ct
1493 393 1669 446 nullus
1693 395 1852 450 etiam
1879 395 2014 449 alios
2039 411 2102 450 ex

511 484 540 538 .i
563 497 594 537 s
617 481 868 536 damnum
895 482 1158 550 acciperet
1185 481 1421 550 posthac.
1445 482 1518 544 Et
1543 497 1662 538 cum
1685 483 1800 540 haec
1824 488 2000 540 omnia
2029 485 2110 539 ΐο-

517 575 696 631 cisset
721 575 918 642 justus,
943 575 997 628 5.
1031 575 1186 636 Aluit,
1226 575 1420 642 inquit,
1447 593 1480 628 a
1505 575 1736 640 Secimis,
1760 587 1812 632 et
1839 579 2114 633 contendit

524 685 534 712 ι
559 664 590 718 d
613 664 834 718 Bmthel.
864 665 1060 718 lterum
1090 664 1176 717 hic
1219 665 1436 719 attende
1480 675 1738 734 quantam
1781 668 1898 736 ejus
1925 683 2118 723 curam

528 754 772 808 habuerit
793 755 948 818 Deus,
971 765 1024 808 et
1044 770 1206 824 quam
1226 755 1508 826 diligenter
1519 755 1790 826 Scriptura
1815 775 1912 814 nos
1933 763 2108 816 omnia

533 847 744 902 doceat.
773 845 904 902 Cum
935 861 1184 916 egressus
1223 849 1364 902 enim
1398 859 1540 904 esset
1561 849 1739 918 justus
1761 867 1826 906 ex
1863 851 2109 914 Seeimis,

532 939 716 992 Factus
740 951 810 992 est
839 939 990 991 (inter
1017 937 1110 992 Dei
1138 957 1286 1008 super
1325 957 1496 996 omnes
1542 943 1764 998 ciuitates
1805 943 1858 996 in
1897 943 2110 996 circuitu

527 1048 734 1096 θυι-ωτι,
785 1041 832 1084 et
886 1048 986 1084 non
1041 1033 1324 1102 persequuti
1368 1041 1484 1086 sunt
1533 1035 1666 1099 ﬁlios
1713 1032 1898 1088 Israel.
1949 1033 2108 1088 Vides

529 1137 720 1192 quanta
743 1125 1098 1192 providentia,
1123 1135 1178 1178 et
1203 1141 1360 1193 quam
1389 1126 1606 1179 evidens
1627 1126 1774 1194 1ejus
1791 1127 2110 1180 subsidium?

535 1215 691 1272 bruit
723 1218 890 1280 enim,
921 1217 1131 1286 inquit,
1165 1233 1326 1286 super
1352 1233 1444 1272 eos
1475 1230 1666 1280 metus,
1699 1227 1750 1273 et
1799 1235 1900 1272 non
1931 1233 2112 1287 perse—

527 1311 678 1375 quuti
709 1316 834 1362 sunt
855 1307 997 1362 illos.
1029 1307 1162 1362 Nam
1191 1309 1312 1377 quia
1349 1309 1568 1362 timebat
1605 1309 1704 1362 hoc
1729 1310 1924 1378 justus,
1955 1320 2010 1364 et
2030 1310 2110 1364 di-

526 1399 685 1455 cebat
719 1417 732 1452 :
767 1399 898 1452 Mitti
927 1415 1110 1468 paruus
1153 1415 1394 1453 numerus
1435 1408 1506 1454 est
1531 1439 1546 1464 ,
1575 1409 1622 1454 et
1659 1401 1860 1454 delabor
1881 1417 1900 1455 :
1927 1410 2110 1454 narrat

521 1492 793 1560 quomodo
824 1494 1014 1547 timore
1047 1507 1142 1547 eos
1167 1492 1470 1558 invadente,
1499 1494 1644 1563 ipsos
1667 1497 1972 1564 persequuti
2001 1509 2106 1549 non

523 1587 650 1639 sint.
677 1583 808 1640 Nam
839 1585 1050 1655 quando
1095 1585 1240 1640 Deus
1283 1601 1438 1641 suum
1473 1586 1736 1642 auxilium
1781 1587 1974 1643 atl‘erre
2017 1603 2114 1642 vo-

527 1678 989 1744 luerit,invalidos
1029 1679 1282 1734 fortiores
1325 1681 1650 1749 potentibus,
1695 1691 1748 1734 et
1777 1695 1978 1752 paucos
2015 1697 2110 1751 po-

525 1771 782 1825 tentiores
813 1771 1052 1839 pluribus
1090 1770 1254 1836 facit,
1286 1771 1524 1842 nihilque
1551 1773 1756 1828 beatius
1781 1783 1864 1828 est
1905 1789 1972 1829 eo
2017 1775 2107 1844 qui

529 1879 818 1931 supernum
843 1863 1094 1918 auxilium
1113 1873 1431 1934 assequutus
1455 1875 1558 1919 est.
1585 1865 1638 1921 6.
1665 1865 1733 1919 Et
1754 1866 1895 1932 abiit,
1916 1867 2106 1936 inquit,

527 1954 690 2006 Jucob
719 1955 770 2006 in
803 1953 996 2006 Lusum
1025 1995 1039 2018 ,
1069 1971 1182 2025 qua:
1213 1965 1305 2018 est,
1355 1956 1408 2010 in
1449 1967 1582 2009 terra
1611 1953 1878 2025 Chanaan,
1901 1973 2012 2028 qua:
2037 1966 2110 2011 est

529 2046 738 2110 llaztliel,
771 2055 816 2098 et
840 2048 1006 2100 omnis
1036 2048 1252 2116 populus
1281 2049 1365 2116 qui
1389 2057 1496 2102 erat
1535 2065 1650 2101 cum
1687 2063 1765 2102 eo.
1798 2049 1848 2102 7.
1887 2049 1952 2102 Et
1987 2049 2112 2102 tudi-

525 2137 691 2202 /icavit
724 2137 790 2190 ibi
819 2137 978 2190 altare
1005 2177 1020 2202 ,
1053 2148 1098 2190 et
1137 2139 1328 2194 vocavit
1367 2155 1546 2192 nomen
1577 2139 1672 2192 loci
1705 2139 1843 2192 illius
1867 2137 2062 2192 Btetltel
2091 2155 2111 2192 :

525 2231 590 2282 ibi
621 2231 750 2282 enim
799 2231 1036 2300 apparuit
1083 2231 1126 2283 ei
1161 2229 1325 2295 Deus,
1360 2247 1474 2284 cum
1502 2231 1694 2300 fugeret
1737 2247 1768 2284 a
1813 2232 1944 2300 [acie
1970 2229 2114 2284 Esaii

531 2325 703 2392 fratris
728 2323 826 2375 sui.
870 2323 1154 2390 Postquam
1203 2324 1380 2388 venit,
1425 2324 1628 2393 inquit,
1657 2324 1706 2376 in
1739 2323 1960 2386 Balbe],
1989 2324 2112 2378 fecit

526 2415 659 2466 sicut
679 2413 726 2466 ei
743 2421 1064 2482 prareeptum
1087 2421 1200 2467 erat
1223 2429 1236 2478 ;
1258 2414 1580 2467 ctmdiﬁcato
1606 2415 1778 2477 altari,
1801 2415 2002 2469 vocavit
2019 2431 2114 2467 no-

529 2523 649 2560 men
685 2508 782 2560 loci
807 2507 1026 2561 Baethel.
1045 2507 1098 2560 8.
1127 2505 1332 2560 Mortua
1359 2517 1428 2560 est
1456 2517 1644 2568 autem,
1665 2505 1855 2574 inquit,
1883 2505 2112 2560 Deborra

531 2601 703 2654 nutrix
733 2599 991 2666 Rebeccce,
1011 2611 1056 2653 et
1087 2601 1282 2668 sepulta
1311 2609 1382 2652 est
1407 2599 1474 2652 ad
1495 2599 1690 2652 radices
1722 2597 1918 2652 Bt‘L’lltt’l
1942 2599 2114 2652 subter

529 2707 764 2754 quercum
799 2707 816 2744 :
843 2701 888 2744 et
913 2691 1106 2744 vocavit
1125 2689 1286 2742 Jacob
1312 2705 1490 2743 nomen
1521 2691 1649 2761 ejus,
1679 2689 1906 2754 Quercus
1928 2689 2110 2742 luctus.

536 2787 692 2840 Vides
723 2786 990 2854 quomodo
1022 2801 1235 2852 semper
1275 2786 1344 2839 ab
1388 2785 1666 2839 eventibus
1706 2785 1943 2838 nominat
1975 2784 2108 2847 loca,

537 2888 590 2931 ut
617 2886 866 2946 perpetua
895 2887 1138 2932 servetur
1164 2877 1420 2929 memoria
1447 2875 1470 2929 ?
1511 2875 1574 2930 Et
1613 2877 1900 2945 quomodo,
1921 2875 2117 2931 dixerit

534 2954 795 3036 quispiam
816 3010 831 3034 ,
865 2968 1039 3021 nutrix
1092 2967 1344 3021 Rebech
1391 2967 1488 3020 fuit
1531 2981 1653 3021 cum
1683 2965 1846 3021 JaCob
1869 2967 1982 3036 jam
2009 2969 2116 3036 pri-

537 3077 680 3116 mum
707 3061 952 3114 veniente
981 3075 1008 3113 a
1040 3059 1416 3128 Mesopommia
1441 3100 1454 3123 ,
1481 3059 1783 3130 priusquam
1813 3067 2118 3114 occurreret

535 3153 674 3224 patri
706 3153 844 3207 suo?
877 3153 1034 3207 Forte
1067 3154 1167 3208 hoc
1195 3153 1476 3209 dicendum
1500 3195 1514 3217 ,
1550 3169 1665 3208 eam
1713 3151 1925 3222 quando
1954 3167 1982 3205 a
2013 3152 2116 3205 La-

537 3245 638 3297 ban
663 3243 752 3297 ille
781 3243 957 3306 rediit,
987 3245 1140 3297 simul
1172 3261 1292 3298 eum
1326 3245 1489 3299 Jacob
1517 3245 1700 3298 venire
1731 3245 2026 3312 cupivisse,
2063 3253 2120 3297 ut

539 3344 650 3402 post
683 3337 892 3404 longum
923 3345 1131 3402 tempus
1161 3337 1454 3390 Rebeccam
1484 3335 1734 3390 inviseret
1765 3353 1778 3388 :
1811 3336 1900 3391 sed
1943 3337 2118 3406 prius-

537 3442 695 3495 quam
733 3427 800 3479 illi
831 3437 1154 3490 occurreret,
1179 3427 1480 3482 defunctam
1505 3444 1642 3484 esse.

694 3515 909 3570 Muralis
936 3519 1162 3588 epilogus
1189 3520 1249 3573 de
1282 3520 1550 3574 liberorum
1577 3522 1926 3592 castigatione.
1957 3553 2022 3562 -—
2053 3522 2120 3576 At

544 3624 643 3660 nos
675 3609 854 3673 etiam,
889 3611 932 3664 si
963 3611 1175 3680 placet,
1225 3612 1308 3666 hic
1343 3612 1591 3669 ﬁniamus
1631 3630 1930 3670 sermonem
1955 3633 2120 3679 ,con-

547 3703 673 3754 lenti
721 3703 923 3772 iisqttzr:
952 3705 1090 3758 dicta
1134 3715 1276 3758 sunt.
1318 3707 1447 3762 lllud
1475 3717 1652 3762 autem
1673 3721 1903 3762 vestram
1932 3709 2123 3762 carita-

546 3801 648 3846 tem
679 3796 1069 3864 rogaverimus,
1105 3806 1160 3850 ut
1189 3807 1241 3851 et
1289 3813 1382 3852 vos
1427 3799 1634 3854 virtutis
1673 3815 1852 3854 curam
1885 3799 2079 3870 geratis
2105 3841 2120 3866 ,

543 3897 596 3940 et
625 3887 885 3955 juvenum
911 3891 1293 3946 continentiam
1334 3893 1548 3946 curetis.
1589 3893 1722 3947 llinc
1760 3894 1900 3946 enim
1925 3933 1938 3956 ,
1972 3905 2028 3945 ut
2053 3892 2122 3945 ita

541 3979 735 4042 dicam,
757 3981 932 4035 omnia
955 3981 1092 4034 mala
1127 3991 1435 4036 nascuntur.
1455 3983 1797 4037 Consuetudo
1825 3983 1965 4036 enim
1999 3981 2123 4036 mali

539 4087 790 4142 processu
820 4075 1074 4142 temporis
1116 4075 1450 4128 invalescens
1499 4083 1695 4126 tantam
1746 4073 1900 4128 affert
1947 4077 2125 4142 perni-

539 4165 696 4228 ciem,
726 4175 778 4218 ut
805 4177 986 4234 postea
1015 4182 1119 4218 non
1149 4165 1317 4233 possit
1343 4165 1514 4232 aliqua
1549 4165 1690 4218 vinci
1712 4165 2122 4230 admonitione;

543 4265 597 4309 et
639 4271 760 4308 cum
807 4255 970 4309 semel
1024 4271 1053 4308 a
1103 4255 1302 4308 malitia
1359 4253 1556 4306 fuerint
1597 4255 2040 4323 occupati,quasi
2073 4257 2126 4310 in

541 4345 905 4412 captivitatem
927 4354 1106 4398 essent
1144 4343 1352 4398 abducti
1377 4386 1392 4409 ,
1421 4359 1636 4414 quoquo
1672 4343 1919 4398 diabolus
1942 4345 2122 4414 jusse—

543 4439 612 4490 rit
637 4445 883 4506 aguntnr.
919 4437 1010 4490 lllc
1038 4437 1178 4490 enim
1210 4438 1287 4490 eis
1314 4437 1576 4506 imperat,
1611 4447 1663 4492 et
1707 4440 2002 4509 perniciosa
2039 4440 2125 4494 illa

542 4526 632 4581 dat
661 4527 902 4580 tnandata
929 4569 942 4590 ,
978 4541 1096 4598 quae
1137 4528 1361 4596 juvenes
1411 4529 1638 4584 libenter
1663 4529 1963 4601 perﬁciunt,
1991 4548 2126 4602 prce-

543 4631 750 4672 sentem
785 4627 986 4673 tantum
1039 4620 1364 4690 voluptatem
1408 4631 1739 4690 spectantes,
1785 4633 1837 4678 et
1887 4623 2124 4680 futurum

543 4713 782 4768 dolorem
815 4730 917 4766 non
946 4713 1266 4782 cogitantes.
1300 4713 1424 4770 Ideo
1445 4729 1542 4770 oro
1565 4727 1620 4770 ut
1655 4717 1991 4786 priebcamus
2013 4735 2126 4772 ma-

547 4823 673 4862 num
707 4809 826 4863 ﬁliis
857 4807 1069 4872 nostris,
1108 4819 1160 4862 ut
1193 4824 1258 4864 ne
1289 4810 1446 4864 etiam
1475 4825 1571 4880 pro
1609 4811 1671 4864 iis
1691 4826 1808 4880 quae
1835 4813 1908 4866 illi
1939 4828 2127 4882 pecca-

545 4909 702 4966 runt,
747 4915 842 4954 nas
873 4915 1059 4970 pmuas
1085 4903 1461 4956 sustineamus.
1509 4903 1590 4958 An
1617 4905 1830 4970 nescitis
1859 4905 1982 4973 quid
2012 4905 2126 4959 seni

549 4991 626 5044 liti
649 4991 924 5052 acciderit,
951 5008 1068 5044 eum
1099 5007 1201 5046 uoo
1235 4993 1413 5050 debite
1438 4993 1750 5049 emendaret
1781 4995 2012 5050 ﬁliorum
2035 4999 2128 5051 dc-

546 5083 668 5136 lieta
715 5081 730 5150 (
769 5083 814 5134 l.
873 5080 994 5151 Reg.
1047 5083 1094 5134 ti.
1135 5084 1198 5137 18
1242 5083 1302 5152 )?
1341 5085 1798 5152 Quemadmodum
1842 5087 1984 5142 enim
2026 5103 2129 5142 me-

545 5175 738 5240 dicus,
789 5175 832 5227 si
893 5175 1135 5228 lumbum
1207 5177 1442 5231 sectione
1498 5178 1822 5242 indigentem
1879 5182 2128 5234 unctione

545 5279 636 5320 aut
678 5267 973 5334 emplastro
1024 5283 1211 5321 curare
1258 5268 1498 5332 voluerit,
1551 5272 1656 5324 cito
1705 5271 1945 5324 morbum
1975 5271 2128 5324 incu-

549 5359 768 5414 rabilcm
803 5360 1017 5424 etiieit-t,
1053 5375 1173 5412 eum
1206 5375 1491 5428 congruam
1529 5377 1634 5416 non
1675 5362 1924 5416 adhibeat
1959 5361 2126 5415 medi-

551 5451 722 5504 cinam
760 5469 772 5504 :
819 5453 888 5504 ita
920 5459 972 5504 ct
1001 5464 1159 5504 senex
1193 5449 1434 5510 illc.cum
1457 5451 1678 5508 deberet
1711 5453 1846 5508 ﬁlios
1883 5467 2006 5507 suos
2037 5469 2130 5522 pro

553 5551 888 5610 peccatorum
921 5541 1126 5596 ratione
1149 5539 1454 5606 emendare,
1475 5543 1630 5596 nimia
1657 5543 1871 5599 lenitate
1894 5543 2012 5598 illos
2041 5557 2128 5596 ar-

613 5717 628 5749 ²
663 5721 884 5782 Quinque
902 5719 1030 5781 Mss,
1056 5717 1252 5784 emata;
1279 5733 1374 5770 non
1397 5718 1543 5771 male.

3691 307 3796 362 5‘20

2226 413 2427 466 gneus,
2473 403 2718 471 supplicii
2746 414 2800 458 et
2825 407 2936 475 ipse
2967 423 3188 465 consors
3231 411 3344 466 fuit.
3381 413 3609 474 Proinde
3667 437 3795 484 oro.

2220 490 2519 558 exemplum
2545 491 2644 548 hoc
2671 495 2971 560 timeamus,
2995 508 3046 552 et
3071 500 3326 557 habentes
3347 502 3486 558 ﬁlios
3509 508 3794 576 providea—

2221 594 2338 632 mus
2363 580 2444 636 eis
2473 582 2540 636 de
2563 583 2786 640 honesta
2814 587 3126 644 educatione
3145 633 3160 658 ,
3205 601 3260 646 et
3285 591 3338 646 in
3379 609 3588 648 summa
3633 611 3797 651 unus-

2217 671 2442 740 quisque
2471 688 2650 728 curam
2680 691 2862 730 eorum
2893 689 3031 748 agat,
3055 681 3142 750 qui
3181 684 3320 751 apud
3363 699 3424 738 se
3459 684 3717 752 habitant,
3741 697 3797 742 et

2219 759 2426 816 lucrum
2455 765 2742 820 maximum
2787 767 2948 822 ducat
2977 771 3252 826 utilitatem
3279 775 3525 842 proximi,
3549 785 3606 828 ut
3625 791 3798 832 unusb

2216 851 2443 922 quisque
2456 853 2668 910 discens
2695 871 2756 910 ea
2783 874 2900 928 quin
2927 859 2992 913 ad
3013 861 3262 918 virtutem
3289 865 3572 933 pertinent,
3601 877 3796 936 etpec-

2215 945 2318 996 eati
2353 945 2650 1014 periculum
2671 947 2905 1019 effugere
2925 989 2940 1013 ,
2967 961 3022 1006 et
3049 953 3298 1008 virtutem
3335 957 3668 1024 amplexatus
3705 973 3796 1011 su-

2215 1051 2436 1105 pernum
2463 1039 2718 1094 auxilium
2765 1041 2864 1096 sibi
2905 1043 3188 1100 concilium
3215 1045 3594 1116 valeat:quod
3643 1047 3796 1104 nobis

2215 1127 2462 1182 omnibus
2487 1131 2830 1196 concedatur,
2877 1136 3045 1200 gratia
3077 1147 3132 1189 et
3159 1135 3440 1190 clementia
3465 1137 3668 1190 Domini
3693 1153 3795 1194 no-

2216 1217 2310 1270 stri
2341 1217 2464 1272 .lesu
2491 1219 2687 1274 Christi
2713 1261 2728 1286 ,
2763 1222 2849 1275 cui
2881 1239 3000 1277 cum
3039 1223 3194 1280 Patre
3227 1235 3282 1279 et
3307 1237 3489 1280 sancto
3509 1227 3705 1296 Spiritu
3727 1229 3796 1282 sit

2213 1307 2404 1374 gloria,
2429 1309 2732 1376 imperium,
2769 1313 2956 1377 honor,
2993 1329 3131 1369 nunc
3159 1324 3213 1370 et
3236 1330 3448 1384 semper
3469 1357 3485 1381 ,
3507 1325 3564 1372 ct
3599 1318 3652 1370 in
3681 1331 3793 1372 sre-

2213 1400 2332 1453 eula
2363 1404 2700 1457 saeculorum.
2733 1405 2920 1460 Amen.

2781 1517 3057 1574 HOMILM
3107 1521 3220 1575 LX.

2215 1627 2282 1682 Et
2311 1629 2564 1698 wdiﬁcato
2590 1631 2742 1684 altari
2768 1633 2956 1684 vocavit
2974 1650 3150 1684 nomen
3172 1634 3268 1686 loci
3291 1633 3482 1686 Bait/rel
3501 1649 3518 1685 :
3539 1634 3643 1686 illic
3663 1613 3806 1686 enini

2285 1721 2522 1792 apparuit
2556 1724 2599 1774 ei
2633 1722 2789 1786 Deus,
2821 1740 2936 1776 cum
2966 1730 3158 1794 fugeret
3201 1743 3232 1776 α
3271 1725 3400 1796 [acie
3445 1723 3584 1778 Esau
3621 1726 3794 1794 fratris

2281 1816 2360 1869 sui
2393 1815 2410 1884 (
2445 1813 2572 1870 Ceu.
2595 1815 2682 1870 55.
2714 1816 2744 1871 7
2771 1815 2810 1884 ).

2239 2013 2244 2018 ,
2285 1951 2338 2005 t.
2369 1949 2480 2020 Age
2510 1959 2564 2004 et
2592 1950 2750 2005 hodie
2773 1991 2787 2015 ,
2825 1951 2869 2005 si
2901 1951 3060 2016 libet,
3089 1951 3330 2021 repetitis
3369 1952 3434 2006 iis
3479 1967 3597 2022 qua:
3629 1967 3797 2023 nuper

2214 2042 2473 2108 diximus,
2521 2042 2586 2096 ad
2627 2045 2900 2111 sequentia
2927 2043 3080 2096 vobis
3119 2043 3430 2112 exponenda
3459 2041 3793 2097 accedamus.

2221 2134 2352 2188 Nam
2382 2137 2540 2188 etiam
2571 2134 2727 2188 hodie
2759 2133 2978 2188 historia
3005 2133 3169 2189 Jacob
3197 2143 3318 2202 apta
3344 2143 3428 2188 est
3467 2133 3532 2186 ad
3559 2147 3660 2186 nos
3697 2133 3794 2186 do-

2219 2225 2446 2280 cendum
2481 2225 2828 2295 multiplicem
2878 2225 2972 2280 Dei
3007 2226 3057 2279 in
3091 2226 3240 2279 illum
3282 2224 3711 2294 providentiam,
3744 2234 3799 2280 et

2218 2315 2486 2385 quomodo
2511 2316 2656 2370 illum
2684 2316 2792 2370 suis
2823 2317 3262 2386 promissionibus
3290 2317 3478 2370 iterum
3510 2317 3796 2370 tirmaverit

2219 2423 2570 2462 remunerans
2591 2413 2706 2477 ejus
2741 2409 3079 2478 probitatem.
3113 2409 3400 2477 Postquam
3441 2409 3586 2462 enim
3633 2423 3794 2478 sape-

2225 2501 2337 2554 rius
2367 2501 2598 2552 narravit
2627 2499 2778 2553 nobis
2802 2541 2816 2564 ,
2839 2499 3106 2568 quomodo
3145 2497 3436 2552 secundum
3473 2509 3794 2568 praeceptum

2219 2590 2334 2654 Dei,
2363 2589 2566 2642 relictis
2609 2587 2836 2644 Secimis
2865 2600 3084 2657 propter
3130 2589 3362 2644 facinora
3404 2588 3632 2642 ﬁliorum
3671 2603 3798 2642 suo-

2220 2697 2360 2748 rum,
2383 2680 2448 2734 ad
2499 2679 2696 2734 Luzam
2743 2679 3020 2734 contendit
3051 2698 3064 2732 :
3105 2677 3174 2733 Et
3199 2679 3454 2747 cediﬂcato
3490 2679 3643 2732 altari
3672 2719 3686 2744 ,
3715 2680 3798 2732 in-

2218 2774 2354 2843 quit,
2379 2773 2571 2826 vocavit
2600 2789 2780 2826 nomen
2812 2772 2910 2825 loci
2935 2769 3132 2824 Bethel
3161 2785 3179 2823 :
3209 2770 3318 2824 illic
3341 2771 3473 2824 enim
3501 2771 3734 2840 apparuit
3753 2771 3798 2822 ei

2223 2864 2378 2927 Deus,
2413 2881 2526 2916 cum
2557 2867 2752 2933 fugeret
2780 2879 2810 2914 a
2842 2853 2971 2933 facie
2996 2861 3140 2915 Esau
3159 2862 3334 2934 fratris
3355 2862 3454 2914 sui.
3485 2861 3601 2928 Quo
3631 2862 3796 2928 impe-

2221 2957 2306 3012 rio
2355 2957 2492 3012 Deus
2539 2957 2737 3024 jusmm
2791 2956 3032 3009 liberavit
3081 2971 3108 3008 a
3157 2955 3346 3008 timore
3389 2969 3494 3022 quo
3523 2953 3802 3008 tenebatur

2223 3059 2438 3119 propter
2468 3049 2674 3102 occisos
2705 3047 2984 3102 Secimitas
3017 3063 3032 3099 :
3065 3047 3324 3111 immisit,
3369 3047 3530 3116 inquit
3557 3087 3572 3112 ,
3621 3048 3670 3099 in
3704 3045 3799 3098 ha-

2221 3141 2480 3195 bitatores
2511 3141 2718 3193 illarum
2742 3139 3016 3192 civitatum
3049 3149 3270 3204 metum,
3314 3143 3383 3191 ita
3419 3147 3477 3192 ut
3521 3138 3666 3190 illiilli
3699 3153 3800 3189 non

2223 3243 2688 3305 perseqtu-reutur.
2721 3231 2852 3286 Vide
2895 3231 3276 3301 providentiam
3327 3229 3438 3295 Dei,
3469 3237 3524 3284 et
3553 3229 3801 3298 quantum

2225 3328 2414 3380 habent
2453 3325 2863 3380 sollicitudinem
2907 3339 3003 3393 pro
3037 3323 3221 3378 laenb.
3253 3321 3570 3385 Concussit,
3601 3321 3800 3389 inquit,

2227 3421 2415 3474 timore
2437 3419 2640 3472 animas
2671 3433 2854 3472 eorum
2887 3417 2974 3485 qui
3017 3416 3216 3469 vicinas
3259 3413 3502 3466 civitates
3541 3412 3805 3465 inhabita-

2226 3511 2373 3574 bant,
2397 3519 2452 3564 ιιι
2478 3527 2542 3564 ue
2573 3517 3016 3580 persequerentur
3071 3506 3217 3559 illum
3247 3521 3259 3555 :
3303 3519 3422 3556 tnun
3459 3503 3696 3555 fortassis
3727 3503 3806 3553 ul-

2225 3603 2354 3656 eisei
2396 3601 2646 3654 volebant
2681 3597 2984 3652 Secimitas.
3031 3595 3134 3651 Sed
3191 3599 3438 3662 quoniam
3479 3593 3564 3646 illa
3611 3600 3805 3660 pra-ter

2221 3693 2352 3764 justi
2379 3692 2693 3746 sententiam
2719 3687 2850 3742 facta
2883 3687 3109 3754 fuerant,
3137 3695 3189 3740 et
3217 3685 3448 3756 Symeon
3475 3699 3538 3738 ac
3563 3683 3688 3736 Levi
3715 3697 3806 3736 so-

2227 3785 2366 3840 roris
2394 3783 2641 3837 violatam
2660 3781 3040 3836 continentiam
3065 3777 3385 3832 ulciscentes
3415 3775 3527 3829 lnec
3549 3773 3804 3840 iecerant;

2231 3895 2336 3934 non
2362 3877 2534 3931 solum
2565 3889 2682 3930 eum
2722 3881 2775 3926 et
2813 3871 2949 3925 ﬁlios
2978 3869 3094 3941 ejus
3121 3883 3148 3922 a
3191 3867 3356 3922 nimio
3395 3866 3584 3922 timore
3613 3865 3806 3919 libera-

2229 3974 2342 4037 vit,
2373 3971 2465 4025 sed
2514 3971 2632 4024 illos
2687 3968 2844 4020 etiam
2906 3966 3097 4018 timore
3149 3963 3492 4024 concutiens,
3535 3975 3565 4014 a
3617 3969 3811 4014 conatu

2231 4061 2591 4134 persequendi
2647 4059 2880 4114 retraxit.
2921 4057 3141 4112 Vidistis
3185 4063 3441 4126 quantum
3489 4055 3558 4108 sit
3601 4052 3696 4107 niti
3723 4053 3808 4104 di-

2234 4155 2356 4205 vino
2405 4151 2695 4220 praesidio?
2723 4149 2854 4203 Nam
2895 4148 3108 4217 quando
3163 4147 3301 4200 Deus
3335 4145 3485 4200 nobis
3525 4141 3808 4197 bencatl'c-

2233 4255 2351 4296 ctus
2411 4253 2510 4306 est,
2547 4259 2576 4295 c
2628 4241 2802 4294 medio
2845 4239 3100 4291 tolluntur
3151 4237 3406 4290 terribilia
3437 4235 3634 4290 omnia.
3663 4233 3811 4288 Sicut

2233 4337 2375 4389 enim
2418 4333 2564 4402 justo
2613 4331 2856 4384 ﬁduciam
2890 4329 3072 4392 dedit,
3123 4329 3194 4383 ita
3244 4329 3349 4383 illis
3393 4329 3540 4383 d-dit
3589 4337 3808 4381 metum.

2233 4423 2523 4478 Enimvero
2583 4421 2840 4476 Dominus
2883 4437 3002 4476 cum
3049 4423 3112 4474 sit
3141 4463 3154 4486 ,
3205 4419 3382 4474 omnia
3429 4431 3582 4489 prout
3631 4419 3810 4472 volue-

2233 4517 2301 4570 rit
2346 4515 2523 4580 vertit,
2575 4525 2629 4570 et
2652 4513 3067 4584 omnipowntem
3093 4529 3240 4567 suam
3277 4511 3587 4582 sapientiam
3617 4511 3668 4565 in
3691 4525 3810 4565 om-

2235 4611 2388 4664 nibus
2417 4609 2671 4664 declarat.
2705 4611 2780 4661 Ac
2819 4609 2946 4661 nihil
2991 4607 3178 4660 l'orlius
3205 4617 3376 4661 esteo
3407 4605 3494 4674 qui
3529 4619 3810 4673 supernam

2235 4705 2334 4759 sibi
2381 4703 2680 4758 conciliavit
2710 4717 2886 4770 opem,
2935 4701 3068 4755 sicut
3101 4701 3258 4754 etiam
3293 4697 3419 4752 nihil
3461 4697 3720 4751 inﬁrmius
3749 4711 3814 4750 eo

2235 4799 2323 4866 qui
2356 4795 2444 4848 illa
2497 4795 2730 4864 privatus
2759 4803 2858 4845 est.
2887 4789 3022 4846 Ecce
3069 4793 3208 4845 enim
3229 4791 3405 4860 justus
3446 4789 3534 4844 ille
3555 4829 3569 4852 ,
3619 4801 3814 4856 paucos

2237 4901 2462 4941 numero
2507 4901 2686 4940 secum
2719 4885 2937 4948 habens,
2989 4885 3107 4952 quia
3135 4881 3575 4936 custodiebatura
3607 4881 3734 4942 Deo,
3763 4887 3816 4933 et

2238 4981 2483 5035 ﬁduciam
2521 4979 2748 5048 accepit,
2773 4985 2828 5031 et
2873 4977 3091 5030 insidias
3125 4973 3308 5044 eﬁ‘ugit
3343 5019 3350 5030 .
3381 4973 3452 5030 ilii
3476 4982 3672 5036 autem,
3695 4987 3814 5026 eum

2237 5073 2388 5126 mulli
2414 5083 2614 5136 essent,
2638 5079 2692 5126 ct
2715 5069 3014 5138 conglobati
3035 5069 3453 5137 conspirassent,
3479 5067 3606 5120 nihil
3631 5079 3812 5118 eorum

2237 5183 2355 5236 qua:
2411 5165 2656 5218 volebant
2691 5163 2940 5234 aperibus
2963 5163 3232 5230 complere
3275 5167 3582 5229 potuerunt.
3627 5155 3816 5210 Factus

2239 5269 2311 5312 est
2342 5259 2492 5320 enim,
2525 5257 2711 5326 inquit,
2763 5257 2912 5308 timor
2939 5253 3038 5308 Dei
3079 5270 3229 5308 suocr
3252 5253 3473 5306 civitates
3509 5251 3561 5304 in
3605 5249 3818 5303 circuitu

2238 5365 2430 5402 earum.
2463 5347 2748 5418 Postquam
2781 5347 2937 5416 igitur
2974 5346 3146 5414 justus
3177 5361 3204 5396 a
3255 5345 3442 5396 timore
3489 5345 3708 5394 istorum
3757 5337 3817 5392 li-

2239 5441 2452 5494 beratus
2501 5449 2614 5504 est,
2649 5439 2770 5493 vide
2810 5441 2996 5496 iterum
3030 5437 3277 5492 eximiam
3311 5437 3404 5490 Dei
3459 5433 3817 5496 clementiam,

2239 5547 2398 5602 quam
2426 5548 2550 5602 erga
2573 5547 2693 5587 eum
2723 5531 3030 5586 declaravit.
3063 5531 3117 5587 9.
3155 5527 3303 5584 Visus
3329 5539 3400 5582 est
3427 5529 3558 5580 enim
3596 5537 3642 5579 et
3684 5523 3818 5577 Deus

2240 5625 2422 5676 iterum
2466 5624 2518 5675 in
2545 5621 2701 5676 lauta.
2731 5623 2906 5688 Quare
2947 5621 3125 5690 adjicit
3165 5621 3264 5673 hoc
3311 5620 3554 5682 verbum,
3587 5613 3820 5669 lterum!

2243 5712 2360 5770 Non
2391 5713 2589 5782 absque
2618 5727 2794 5774 eausa,
2829 5713 2918 5766 sed
2951 5723 3005 5765 ut
3048 5711 3239 5776 diseas,
3277 5725 3397 5763 eum
3421 5709 3564 5779 prius
3584 5707 3744 5762 etiam
3765 5703 3817 5760 in
