4168 6264
498 297 598 353 521

503 409 664 464 αὐτὸν
689 407 1068 462 ἐπιδείκνυται.
1091 405 1276 472 Ὠφθη
1299 403 1409 472 γὰρ
1433 403 1612 467 αὐτῷ,
1651 403 1834 472 φησὶν,
1865 407 1898 456 ὁ
1928 401 2072 466 Θεὸς

501 495 591 546 ἑτι
619 493 746 544 ὄντι
773 491 841 544 ἐν
869 487 1075 554 Λούζςι.
1103 487 1259 548 Τίνος
1273 485 1460 538 ἐνεκεν
1485 485 1802 554 πρόσκειται
1823 486 2043 550 τὺ,Ἔτι
2060 525 2075 550 ,

505 576 620 645 Οὐχ
651 573 856 635 ἁπλῶς,
891 569 1004 624 ἀλλ’
1037 569 1121 621 ἵνα
1155 567 1330 638 μάθῃς
1365 568 1448 619 δτι
1485 568 1578 618 καὶ
1611 567 1714 638 ήδη
1737 569 1796 620 ἐν
1826 567 1904 638 τῷ
1925 568 2078 637 τόπῳ

503 657 675 725 τούτῳ
702 655 856 722 ὤφθη
885 650 1030 720 αὐτῷ
1060 649 1343 720 πρότερον,
1369 649 1534 716 ἡνίκα
1564 647 1776 718 φεύγων
1796 649 1886 702 τὸν
1917 650 2066 702 ἀδελ.

503 738 602 804 φὺν
625 736 716 788 ἐπὶ
745 735 844 803 τὴν
878 730 1298 799 Μεσοποταμίαν
1333 733 1570 782 ἐποιεῖτο
1594 731 1694 800 τὴν
1727 731 1926 800 ὁρμήν.
1963 731 2075 783 Καὶ

499 815 595 870 νῦν
614 813 705 869 οὖν
725 827 874 882 φησι·
891 812 1152 881 Καθάπερ
1179 811 1299 863 τότε
1325 811 1480 880 ὤφθη
1495 810 1642 881 αὑτῷ
1671 811 1904 872 ἀπιόντι,
1934 811 2076 864 οὕτω

500 899 594 950 καὶ
625 895 720 949 νῦν
742 893 1157 964 ἐπανερχομένῳ
1179 893 1236 944 ἐν
1255 891 1332 962 τῷ
1349 891 1495 961 αὐτῷ
1523 892 1672 960 τόπῳ
1705 892 2072 960 ἐπιφαίνεται,

499 977 591 1031 καὶ
622 975 826 1047 βεϐαιοῖ
843 975 941 1034 τὰς
967 975 1305 1044 ὑποσχέσεις,
1343 974 1408 1037 ἃς
1437 973 1597 1044 ἡνίκα
1626 974 1787 1044 ἀπῄει
1821 974 1957 1043 πρὸς
1975 973 2074 1027 αὐ-

494 1059 586 1111 τὸν
612 1059 922 1126 ἐποιήσατο,
976 1053 1406 1126 παρασκευάζων
1451 1056 1542 1109 τὸν
1567 1057 1771 1108 δίκαιον
1800 1055 2068 1126 θαρρῆσαι

493 1143 604 1201 τοῖς
639 1139 1086 1208 ἐπηγγελμένοις,
1137 1139 1230 1191 καὶ
1274 1139 1348 1208 μὴ
1377 1138 1463 1190 διὰ
1499 1138 1675 1190 τὺνέν
1709 1139 1858 1207 μέσῳ
1879 1137 2068 1207 χρόνον

493 1221 764 1275 ἐνδυάσαι.
802 1221 912 1274 Kal
945 1221 1285 1290 εὐλόγησεν
1317 1220 1522 1282 αὐτὸν,
1551 1220 1648 1272 καὶ
1681 1221 1848 1272 εἶπεν
1885 1219 2064 1284 αὐτῷ⁸

498 1302 565 1356 Τὸ
591 1303 778 1372 ὄνομὰ
802 1319 916 1357 σου
941 1305 1012 1355 οὐ
1037 1301 1400 1370 κληθήσεται
1425 1302 1512 1355 ἐτι
1547 1301 1772 1368 Ἰακὼϐ,
1795 1303 1931 1354 ἀλλ’
1947 1302 2065 1356 Ἰσ-

482 1383 646 1451 ραὴλ
675 1386 844 1438 ἔσται
872 1384 938 1437 τὸ
971 1383 1156 1452 ὄνομα
1177 1398 1310 1436 σου.
1337 1384 1528 1436 Καίτοι
1547 1383 1640 1436 καὶ
1661 1383 1760 1452 ήδη
1775 1383 1872 1452 τὴν
1895 1399 2064 1453 προσ-

492 1467 721 1538 ηγορίαν
754 1465 902 1534 αὐτῷ
932 1460 998 1536 ἦν
1028 1465 1255 1529 ἐπιθεὶς,
1291 1465 1452 1536 ἡνίκα
1481 1466 1579 1536 τὴν
1611 1464 1860 1518 διάϐασιν
1885 1465 2066 1534 ἐποιή-

494 1564 625 1601 σατο
655 1547 746 1601 τοῦ
789 1546 1000 1615 Ἰαϐὼχ,
1034 1546 1166 1599 ἀλλὰ
1193 1546 1415 1600 πλείονα
1443 1546 1812 1617 πληροφορίαν
1833 1547 2060 1599 ἐνθεῖναι

489 1629 567 1698 τῷ
621 1629 812 1700 δικαίῳ
851 1629 1186 1699 βουλόμενος,
1233 1630 1326 1682 καὶ
1365 1627 1457 1682 νῦν
1492 1628 1587 1698 τὴν
1619 1629 1786 1698 αὐτὴν
1829 1630 2060 1682 ποιεῖται

491 1711 627 1782 πρὸς
656 1713 814 1765 αὐτὸν
845 1712 1111 1779 εὐλογίαν,
1151 1713 1243 1765 καί
1265 1729 1447 1782 φησιν·
1485 1711 1730 1779 Ἰσραὴλ
1768 1711 2056 1780 κληθήσε-

489 1809 583 1846 ται
602 1793 667 1847 τὸ
699 1793 884 1861 ὄνομά
903 1809 1037 1848 σου·
1064 1794 1160 1846 καί
1177 1793 1466 1856 αὑξὰνου,
1490 1795 1586 1846 καὶ
1609 1794 1940 1862 πληθύνου·
1959 1793 2057 1846 καί

488 1875 632 1942 έθνη
674 1876 772 1928 καὶ
813 1877 1151 1944 συναγωγαὶ
1197 1873 1386 1930 ἐθνῶν
1411 1877 1654 1928 ἔσονται
1685 1875 1754 1927 ἐκ
1787 1875 1922 1938 σοῦ,
1959 1875 2057 1929 καὶ

482 1957 767 2022 ,ϐασιλεῖς
797 1959 865 2011 ἐκ
895 1957 1006 2026 τῆς
1036 1957 1264 2025 ὀσφύος
1286 1972 1402 2012 σου
1435 1957 1875 2021 ἐξελεύσονται.
1917 1957 2058 2027 Ὅρα

495 2038 718 2108 μέγεθος
752 2038 1018 2108 εὐλογίας.
1055 2040 1127 2091 Οὐ
1166 2039 1323 2109 μόνον
1363 2041 1442 2102 είς
1471 2039 1672 2110 πλῆθος
1709 2038 1868 2092 αὑτὸν
1893 2039 2057 2092 ἐκτα-

491 2117 746 2190 θήσεσθαί
777 2137 962 2189 φησιν,
995 2120 1128 2173 ἀλλὰ
1159 2123 1248 2173 καὶ
1279 2120 1518 2186 ἐπίδοξον
1547 2120 1871 2190 γενήσεσθαι
1901 2119 1961 2172 τὸ
1997 2120 2055 2185 ἐξ

485 2201 649 2254 αὐτοῦ
680 2202 921 2271 σπέρμα.
950 2201 1230 2266 Βασιλεῖς
1245 2202 1350 2270 γὰρ
1369 2201 1438 2254 ἐκ
1452 2201 1560 2270 τῆς
1579 2203 1808 2270 ὀσφύος
1828 2217 1944 2254 σου
1961 2201 2056 2265 ἐε-

483 2284 858 2338 ελεύσονται·
875 2283 1200 2354 προμηνύων
1217 2283 1364 2353 αὐτῷ
1384 2285 1629 2336 ἐντεῦθεν
1644 2285 1744 2354 ήδη
1761 2285 1867 2336 τῶν
1885 2284 1944 2347 ἐξ
1959 2286 2056 2336 αὑ-

482 2364 576 2417 τοῦ
600 2367 926 2433 τικτομένων
938 2366 1030 2436 τὴν
1061 2367 1430 2435 περιφάνειαν.
1453 2367 1559 2420 Καὶ
1575 2366 1689 2432 τὴν
1717 2365 1848 2434 γῆν,
1865 2369 2050 2435 φησὶν,

485 2445 566 2514 ’ἣν
578 2446 654 2512 τῷ
669 2449 908 2515 Ἀϐραὰμ
925 2447 1023 2500 καὶ
1039 2449 1230 2500 Ἰσαὰκ
1247 2447 1490 2512 δέδωκα,
1506 2450 1602 2503 σοὶ
1622 2448 2065 2517 δέδωκααὺτὴν,

481 2527 578 2581 καὶ
596 2528 674 2593 τῷ
687 2529 978 2597 σπέρματί
992 2545 1107 2583 σου
1121 2531 1268 2599 μετὰ
1282 2529 1356 2583 σὲ
1370 2529 1539 2584 δώσω
1551 2531 1664 2599 τὴν
1679 2530 1794 2599 γῆν
1806 2532 1912 2584 τού
1919 2549 2047 2597 την.

495 2610 712 2682 Ἐπειδὴ
747 2612 833 2664 διὰ
863 2613 932 2664 τά
972 2614 1311 2683 γεγενημένα
1339 2617 1396 2668 ἐν
1419 2615 1680 2683 Σηκίμοις
1700 2613 1804 2665 ὑπὸ
1825 2612 1919 2664 τοῦ
1949 2614 2045 2665 Συο

485 2695 628 2765 μεὼν
667 2697 758 2749 καὶ
787 2697 911 2748 Λευὶ
935 2695 1135 2765 ἔλεγεν·
1183 2699 1526 2767 Ὀλιγοστός
1566 2699 1680 2764 είμι
1711 2698 1776 2750 ἐν
1807 2695 2045 2764 ἀριθμῷ,

479 2777 575 2831 καί
593 2779 996 2847 συναχθέντες
1009 2781 1100 2834 ἐπ’
1113 2781 1216 2849 ἐμὲ
1231 2779 1616 2850 συγκὸψουσί
1624 2795 1720 2847 με,
1749 2779 1846 2831 καί
1867 2778 1934 2831 ἐκ
1941 2795 2049 2846 τρι-

479 2859 734 2928 ὄήσομαι
771 2863 884 2932 ἐγώ
928 2881 990 2916 τε
1046 2864 1142 2919 καί
1170 2867 1202 2918 ὁ
1225 2859 1388 2928 οἶκός
1418 2877 1557 2929 μου·
1591 2862 1684 2913 καὶ
1713 2861 1800 2914 διά
1832 2861 2048 2914 πάντων

476 2941 682 2996 ἐδείκνυ
713 2945 806 2996 καὶ
821 2945 920 3016 τὴν
955 2944 1322 3014 όλιγοψυχίαν,
1347 2943 1439 2997 καὶ
1469 2942 1566 3013 τὴν
1595 2943 1792 3014 πολλὴν
1823 2943 2044 3008 δειλίαν,

476 3027 534 3079 ἐν
627 3025 922 3095 κατείχετο’
985 3026 1072 3080 διὰ
1097 3027 1254 3084 τοῦτο
1299 3029 1328 3079 6
1361 3025 1736 3097 φιλάνθρωπος
1773 3027 2046 3097 Δεσπότης

477 3108 574 3162 νῦν
600 3125 732 3178 φησι
765 3109 898 3178 πρὸς
926 3109 1104 3160 αὐτόν·
1146 3107 1358 3178 Ἐπειδὴ
1388 3103 1558 3171 εἶπες,
1589 3107 1887 3176 ὐλιγοστός
1907 3111 2042 3180 εἰμι,

479 3190 716 3260 μάνθανε
745 3191 826 3244 δτι
861 3193 952 3242 καὶ
993 3191 1292 3262 αὐξηθήσῃ,
1337 3193 1432 3244 καὶ
1474 3189 1906 3260 πληθυνθήσεταί
1948 3209 2041 3246 σου

473 3272 534 3324 τὸ
559 3273 796 3340 σπέρμα,
833 3274 924 3324 καὶ
955 3272 1126 3334 οὕτως
1159 3274 1306 3326 ἔσται
1339 3273 1599 3336 ἐπίδοξον,
1625 3275 1700 3335 ὡς
1724 3277 2042 3344 συναγωγὰς

471 3351 640 3405 ἐθνῶν
655 3353 750 3404 καὶ
771 3353 1006 3420 βασιλεῖς
1027 3353 1276 3418 ἐξαύτῶν
1294 3355 1562 3422 γενέσθαι·
1581 3356 1672 3407 καὶ
1689 3356 1750 3408 οὐ
1771 3357 1926 3426 μόνον
1941 3357 2042 3410 οὐκ

471 3432 786 3505 ἐκτριϐήσῃ,
815 3434 950 3488 ἀλλὰ
973 3436 1036 3488 σὺ
1073 3438 1248 3490 καὶτὸ
1273 3438 1494 3508 σπέρμα
1517 3439 1578 3491 τὸ
1609 3441 1699 3492 σὺν
1736 3442 1911 3493 πᾶσαν
1943 3442 2040 3510 τὴν

469 3519 571 3588 γῆν
596 3519 798 3586 ταύτην
819 3519 1230 3592 κληρονομήσει.
1255 3525 1364 3576 Καὶ
1387 3524 1583 3588 ταύτας
1613 3525 1741 3593 πρὸς
1768 3525 1928 3578 αὑτὸν
1943 3527 2041 3589 τὰς

469 3601 787 3670 ὑποσχέσεις
813 3604 1193 3673 ποιησάμενος,
1236 3603 1429 3672 Ἀνέϐη
1457 3609 1492 3660 ὁ
1531 3607 1674 3672 Θεὸς
1698 3607 1800 3660 ἀπ’
1829 3608 2036 3670 αὐτοῦ,

468 3685 652 3754 φησὶν,
696 3684 764 3737 ἐκ
822 3684 928 3737 τοῦ
980 3687 1186 3753 τόπου,
1246 3683 1318 3743 οὗ
1354 3687 1624 3757 ἐλάλησε
1655 3690 1784 3758 μετ’
1828 3692 2034 3744 αὑτοῦ.

469 3765 608 3835 Ὅρα
655 3765 790 3836 πόση
847 3767 880 3836 ἡ
919 3771 1320 3836 συγκατάϐασις
1366 3770 1474 3825 τῶν
1504 3771 1700 3838 λέξεων
1744 3773 1844 3842 τῆς
1891 3773 2039 3836 Θείας

465 3847 701 3917 Γραφῆς.
747 3849 966 3918 Ἀνέϐη,
998 3853 1179 3922 φησὶν,
1214 3856 1246 3907 d
1281 3852 1424 3918 Θεὸς
1457 3853 1558 3908 ἀπ’
1589 3853 1800 3908 αὑτοῦ⁸
1823 3855 1920 3925 οὐχ
1948 3857 2036 3908 ἵνα

465 3930 558 3981 καὶ
589 3931 646 3982 ἐν
674 3929 824 3999 τόπῳ
847 3933 1154 4004 νομίσωμεν
1177 3936 1617 4007 περικεκλεῖσθαι
1648 3937 1708 3989 τὸ
1727 3937 1900 4002 Θεῖον,
1920 3939 2034 3991 ἀλλ’

465 4011 550 4063 ἵνα
585 4011 678 4064 καὶ
709 4012 799 4066 διὰ
813 4013 1002 4067 τούτου
1033 4017 1292 4086 μάθωμεν
1307 4017 1469 4070 αὐτοῦ
1501 4019 1600 4087 τὴν
1626 4019 1828 4086 ἄφατον
1850 4020 2036 4088 φιλαν-

462 4092 726 4160 θρωπίαν,
745 4095 823 4146 ὅτι
844 4098 907 4164 τῇ
935 4097 1244 4167 ἀνθρωπίνῃ
1263 4099 1512 4166 ἀσθενείᾳ
1531 4099 2034 4164 συγκαταϐαίνουσα

458 4175 492 4243 ἡ
524 4173 617 4226 τοῦ
650 4177 964 4243 Πνεύματος
993 4179 1168 4247 χάρις,
1196 4179 1365 4240 οὕτως
1400 4179 1613 4231 ἅπαντα
1645 4179 1929 4250 διηγεῖται.
1961 4185 2032 4238 Τὸ

459 4253 590 4337 γάρ,
621 4255 787 4324 ἀνέϐη
841 4257 932 4307 καὶ
978 4257 1204 4328 κατέϐη,
1243 4258 1460 4322 ἀνάξιον
1511 4259 1665 4312 Θεοῦ·
1696 4261 1810 4314 ἀλλ’
1843 4264 2031 4337 ἐπειδὴ

457 4335 616 4418 τοῦτο
639 4337 870 4406 μάλιστα
883 4339 1176 4408 τεκμήριον
1203 4339 1299 4408 τῆς
1322 4341 1526 4409 άφάτου
1548 4343 1710 4396 αὑτοῦ
1730 4335 2031 4418 φιλανθρωέ

456 4417 608 4480 πίας,
637 4417 698 4470 τὸ
727 4419 815 4472 διὰ
844 4420 942 4490 τὴν
976 4421 1245 4492 ἡμετέραν
1278 4423 1622 4478 διδασκαλίαν
1654 4427 1746 4480 καὶ
1790 4429 1889 4498 τῆς
1922 4417 2022 4483 πα-

456 4499 686 4571 χύτητος
712 4501 819 4556 τῶν
849 4503 1102 4556 τοιούτων
1132 4505 1394 4575 ῥημάτων
1425 4507 1730 4577 ἀνέχεσθαι,
1762 4511 1849 4565 διά
1870 4512 2028 4568 τοῦτο

453 4583 820 4662 ἀνθρωπίναις
865 4586 1041 4652 λέξεσι
1091 4587 1369 4660 κέχρηται,
1419 4591 1604 4662 ἐπειδὴ
1645 4595 1765 4646 οὐδὲ
1803 4595 2026 4652 δυνατὸν

451 4660 520 4734 ἦν
551 4665 751 4733 ἑτέρως
785 4665 931 4738 [579]
973 4667 1072 4739 τὴν
1099 4669 1267 4741 ἀκοὴν
1293 4671 1384 4742 τὴν
1421 4660 1764 4746 ἀνθρωπίνην
1785 4679 2024 4746 ἐνεγκεῖν

451 4747 560 4801 τῶν
578 4747 884 4816 λεγομένων
905 4750 966 4803 τὸ
995 4750 1147 4820 ὕψος,
1165 4755 1213 4807 εί
1236 4753 1370 4822 πρὸς
1389 4756 1489 4827 τὴν
1511 4757 1664 4822 ἀξίαν
1695 4759 1788 4814 τοῦ
1815 4761 2016 4816 Δεσπό-

449 4843 544 4880 του
575 4831 707 4898 ἡμῖν
733 4829 1018 4900 διελέγετο.

522 4909 588 4995 β’.
620 4911 756 4995 "Qus
765 4929 796 4980 ρ
827 4915 1148 4995 ἐννοοῦντες,
1170 4919 1438 4988 μηδέποτε
1457 4925 1522 4992 τῇ
1541 4925 1886 4995 ταπεινότητι
1913 4927 2022 4982 τῶν

447 4987 644 5080 λέξεων
663 4993 1104 5080 ἐναπομένωμεν,
1119 4987 1253 5053 ἀλλά
1268 5004 1360 5054 καὶ
1372 5003 1458 5056 διὰ
1478 4987 1636 5057 τοῦτο
1653 4987 2020 5080 θαυμάζωμεν

446 5071 610 5156 αῦτοῦ
641 5074 739 5144 τὴν
762 5074 966 5142 ἄφατον
993 5079 1318 5152 ἀγαθότητα,
1353 5086 1435 5137 ὃτι
1467 5087 1701 5156 τοσαύτῃ
1749 5071 2020 5156 συγκατα-

446 5154 602 5242 ϐάσει
651 5157 952 5242 κεχρῆσθαι
973 5159 1032 5211 οὐ
1091 5169 1434 5231 παραιτεῖται
1461 5167 1549 5220 διὰ
1577 5169 1638 5221 τὸ
1671 5154 1890 5233 ἀσθενὲς
1918 5175 2018 5242 τῆς

444 5236 658 5304 φύσεως
688 5239 976 5310 ἡμετέρας.
1005 5241 1142 5294 Ἀλλ’
1159 5245 1259 5316 ὅρα
1299 5247 1457 5298 πάλιν
1490 5249 1580 5300 τὸν
1607 5250 1810 5302 δίκαιον
1831 5236 2018 5307 τοῦτον

439 5317 540 5388 τὴν
565 5319 770 5372 οίκείαν
807 5323 1224 5395 εὐγνωμοσύνην
1253 5327 1712 5398 ἐπιδεικνύμενον.
1749 5333 2016 5402 Ἔστησε

440 5401 567 5482 γὰρ,
595 5403 777 5472 φησιν,
795 5403 1003 5459 Ἰακὼϐ
1021 5407 1264 5476 στήλην
1293 5410 1535 5477 λιθίνην
1565 5412 1633 5464 ἐν
1654 5413 1733 5478 τῷ
1760 5401 1940 5480 τόπῳ,
1969 5411 2017 5482 ᾧ

437 5479 707 5548 ὲλὰλησε
750 5489 881 5553 μετ’
911 5489 1096 5544 αὐτοῦ
1147 5493 1180 5544 ὁ
1235 5493 1396 5558 Θεὸς,
1442 5494 1540 5546 καὶ
1595 5479 1896 5551 ἔσπεισεν
1921 5479 2014 5552 ἐπ’

436 5562 632 5642 αὐτὴν
667 5567 968 5636 σπονδὴν,
987 5572 1086 5626 καὶ
1119 5573 1368 5642 ἐπέχεεν
1387 5575 1612 5639 ἔλαιον,
1635 5579 1733 5630 καὶ
1756 5579 2013 5635 ἐκάλεσε

435 5641 504 5730 τὸ
535 5643 722 5730 ὄνομα
748 5650 856 5704 τοῦ
904 5651 1112 5722 τόπου,
1162 5641 1235 5709 ἐν
1253 5641 1313 5722 νῷ
1348 5657 1615 5726 ἐλάλησε
1645 5664 1772 5728 μετ’
1797 5666 2006 5730 αὐτοῦ,

437 5725 684 5812 Βαιθηλ.
717 5731 916 5786 Σκόπει
951 5736 1065 5800 πῶς
1098 5739 1186 5791 ἀεὶ
1219 5743 1336 5802 ταῖς
1364 5725 1756 5812 προσηγορίαις
1783 5747 1892 5800 τῶν
1923 5725 2010 5802 τόλ

437 5821 556 5859 πων
577 5806 805 5879 ἀληστον
834 5816 863 5867 6
889 5815 1096 5882 δίκαιος
1128 5814 1280 5886 οὗτος
1307 5806 1422 5892 τῆν’
1440 5806 1659 5897 μνήμην
1692 5806 2006 5885 ἐναποτίθεν

1238 291 1297 348 S.
1331 288 1614 346 JOANNIS
1649 285 2140 346 CHRYSOSTOMI
2180 286 2497 348 ARCHIEP.
2535 277 3080 348 CONSTKNTINOF.

3649 279 3754 336 529.

2189 419 2301 464 ται,
2354 403 2494 456 ὥστε
2523 403 2619 456 καὶ
2663 405 2784 466 ταῖς
2821 400 2958 472 μετὰ
2987 399 3156 452 ταῦτα
3207 397 3420 465 γενεαῖς
3459 395 3757 463 κατάδηλον

2184 485 2426 548 γίνεσθαι
2451 485 2548 560 τὴν
2569 485 2753 538 αὐτόθι
2772 483 3140 553 γεγενημένην
3155 477 3418 560 ὀπτασίαν
3440 478 3516 548 τῷ
3540 479 3749 548 δικαίῳ.

2182 565 2296 621 Kal
2351 559 2604 636 ἀπάρας,
2646 570 2829 637 φησὶν,
2867 563 3064 618 Ἰακὼϐ
3098 561 3285 626 ἔπηξε
3347 559 3462 628 τὴν
3511 560 3751 628 σκηνὴν

2179 651 2363 703 αὐτοῦ
2395 651 2671 704 ἐπέκεινα
2723 650 2830 704 τοῦ
2881 649 3111 714 πύργου
3157 642 3379 710 Γαδήρ.
3415 643 3750 711 Προσωτέρω

2181 731 2340 784 πάλιν
2364 735 2634 802 ἀναχωρεῖ
2673 731 2702 782 6
2743 730 2968 792 δίκαιος,
3007 725 3356 795 ἐπειγόμενος
3390 725 3532 802 κατά
3559 723 3747 793 μικρὸν

2180 813 2382 880 φθάσαι
2404 801 2498 866 τὸν
2525 814 2706 876 τόπον,
2733 811 2858 865 ἔνθα
2890 808 3123 878 κατῴκει
3169 809 3196 860 ὁ
3234 808 3438 859 Ἰσαάκ.
3479 801 3610 857 Εἶτα
3645 822 3746 876 φη-

2181 893 2282 944 σίν·
2317 894 2453 947 Ὅτε
2481 893 2692 963 ἢγγισε
2737 892 2842 946 τοῦ
2899 889 3195 945 εἰσελθεῖν
3229 892 3315 954 είς
3353 885 3610 955 Ἐφραθᾶ
3643 899 3668 927 ι
3704 887 3742 954 ἡ

2189 974 2412 1042 Ῥαχὴλ
2437 975 2850 1040 ἑδυστόκησεν
2871 972 3042 1036 ἐντῷ
3080 974 3252 1036 τόκῳ.
3275 969 3382 1024 Kal
3417 969 3648 1037 ἐγένετο
3675 970 3744 1020 ἐν

2175 1055 2255 1120 τῷ
2281 1057 2560 1126 σκληρῶς
2590 1057 2785 1123 αὐτὴν
2817 1057 3058 1118 τίκτειν,
3106 1055 3274 1108 εἶπεν
3313 1049 3466 1118 αὐτῇ
3496 1053 3533 1117 ἡ
3575 1050 3739 1119 μαῖα·

2176 1137 2406 1207 Θάρσει·
2429 1139 2656 1208 καὶγὰρ
2681 1135 2856 1204 οὗτός
2885 1138 2985 1190 σοί
3002 1138 3170 1190 ἐστιν
3211 1137 3359 1199 υίός.
3394 1133 3483 1203 Μὴ
3515 1135 3741 1200 ἀγωνία,

2177 1219 2327 1288 φησί’
2366 1219 2495 1291 τέξῃ
2526 1221 2633 1288 γὰρ
2679 1219 2808 1272 υἱόν.
2844 1221 2904 1270 Εί
2951 1220 3059 1288 γάρ
3085 1217 3178 1269 καὶ
3212 1215 3557 1268 διακόπτουσί
3591 1231 3650 1266 σε
3683 1217 3739 1266 αί

2173 1301 2381 1366 ὠδῖνες,
2413 1303 2525 1354 ἀλλ’
2551 1303 2697 1370 ὅμως
2753 1301 2892 1364 ’έξεις
2921 1301 3051 1354 υἱόν.
3112 1299 3379 1366 Ἐγένετο
3431 1295 3500 1350 δὲ
3537 1298 3609 1350 ἐν
3661 1297 3740 1362 τῷ

2170 1383 2406 1450 ἀφιέναι
2461 1381 2655 1449 αὐτὴν
2699 1381 2814 1450 τὴν
2873 1381 3120 1449 ψυχὴν,
3179 1379 3522 1444 ἀπέθνησκε
3592 1379 3735 1446 γὰρ,

2171 1464 2270 1518 καὶ
2320 1465 2347 1504 δ
2403 1464 2659 1518 ἐκάλεσε
2697 1464 2764 1516 τὸ
2824 1461 3008 1530 ὄνομα
3059 1462 3266 1524 αὑτοῦ,
3325 1461 3458 1525 Υἱὸς
3515 1461 3737 1526 ὀδύνης

2162 1563 2301 1614 μου·
2340 1549 2372 1600 ό
2399 1545 2467 1598 δέ
2511 1545 2706 1613 πατὴρ
2753 1545 2939 1598 αὑτοῦ
2979 1544 3271 1598 ἐκάλεσεν
3311 1545 3498 1596 αὑτὸν
3535 1546 3740 1596 Βενια-

2163 1631 2290 1697 μίν.
2333 1629 2541 1698 Ἐκείνη
2594 1629 2690 1698 μὲν
2733 1629 2796 1680 ἐκ
2845 1627 2942 1680 τοῦ
2992 1626 3399 1696 συμϐεϐηκότος
3442 1625 3580 1696 αὑτῇ
3635 1625 3735 1694 τὴν

2165 1711 2536 1782 προσηγορίαν
2583 1709 2858 1780 ἐπιτίθησι
2890 1708 2967 1778 τῷ
3000 1708 3153 1760 παιδὶ
3173 1747 3188 1770 ,
3215 1710 3243 1760 6
3275 1707 3332 1759 δὲ
3376 1707 3556 1777 πατὴρ
3603 1707 3733 1758 Βεν-

2169 1794 2320 1862 ιαμὶν
2367 1794 2530 1848 αὑτὸν
2573 1792 2820 1846 ἐκάλεσε.
2865 1792 2975 1844 Καὶ
3017 1791 3155 1860 μετά
3191 1791 3251 1842 τὸ
3301 1792 3499 1848 τεκεῖν.
3547 1790 3732 1859 φησὶν,

2177 1875 2468 1940 Ἀπέθανε,
2510 1876 2608 1929 καὶ
2640 1874 2827 1944 ἐτάφη
2872 1874 2942 1926 ἐν
2973 1871 3048 1940 τῇ
3089 1871 3206 1937 ὁδῷ
3251 1869 3535 1940 Ἐφραθᾶ·
3583 1871 3733 1938 αὕτη

2161 1957 2293 2010 ἐστὶ
2335 1958 2624 2028 Βηθλεέμ.
2657 1958 2766 2012 Kal
2799 1958 3062 2023 ἔστησεν
3112 1955 3311 2010 Ἰακὼϐ
3352 1953 3591 2020 στήλην
3635 1953 3734 2007 ἐπὶ

2160 2041 2265 2093 τοῦ
2307 2041 2619 2108 μνημείου.
2673 2040 2782 2110 Τὴν
2831 2039 3066 2110 ἀθυμίαν
3112 2040 3210 2106 τὴν
3253 2038 3346 2091 ἐπὶ
3392 2040 3457 2108 τῇ
3509 2038 3731 2110 τελευτῇ

2158 2122 2258 2192 τῆς
2290 2123 2487 2194 Ῥαχὴλ
2516 2123 2879 2194 παρεμυθεῖτο
2910 2123 2938 2174 ό
2969 2121 3199 2192 τεχθεὶς,
3234 2121 3328 2174 καὶ
3353 2117 3731 2191 παρεσκεύαζε

2160 2207 2348 2274 πράως
2381 2207 2567 2275 φέρειν
2593 2206 2682 2258 τὸν
2718 2205 2924 2257 δίκαιον
2949 2205 3047 2274 τὴν
3072 2203 3344 2274 ἀποϐολὴν
3373 2203 3472 2274 τῆς
3505 2203 3728 2271 Ῥαχήλ.

2171 2287 2450 2340 Ἐντεῦθεν
2482 2288 2667 2340 λοιπὸν
2707 2287 3009 2358 διαδέχεται
3050 2285 3144 2338 τοῦ
3194 2285 3416 2356 Ῥουϐὴν
3456 2287 3488 2355 ἡ
3520 2283 3729 2355 προπέ-

2154 2385 2292 2423 τεια.
2317 2371 2628 2436 Πορευθείς
2653 2369 2782 2437 τὰρ,
2809 2371 2990 2439 φησὶν,
3013 2369 3296 2438 ἐκοιμήθη
3325 2370 3466 2437 μετὰ
3489 2369 3730 2434 Βάλλας

2152 2450 2264 2518 τῆς
2301 2451 2618 2519 παλλακῆς
2661 2451 2765 2506 τοῦ
2799 2452 3020 2519 πατρὸς
3053 2451 3271 2505 αὑτοῦ·
3315 2451 3415 2507 καὶ
3463 2450 3730 2520 ἤκουσεν

2167 2533 2422 2600 Ἰσραὴλ,
2450 2534 2546 2586 καὶ
2574 2532 2838 2600 πονηρὸν
2863 2533 3053 2601 ἐφάνη
3081 2533 3358 2586 ἐναντίον
3383 2531 3590 2586 αὑτοῦ.
3617 2533 3726 2586 Καὶ

2153 2615 2258 2683 γὰρ
2286 2611 2354 2684 ἦν
2381 2617 2700 2685 παράνομον
2735 2615 2938 2684 σφόδρα
2971 2615 3030 2668 τὸ
3063 2614 3301 2682 γεγονός.
3327 2615 3427 2668 Διά
3453 2615 3608 2668 τοῦτο
3633 2615 3724 2668 καὶ

2155 2696 2294 2764 μετά
2341 2696 2514 2750 ταῦτα
2564 2696 2865 2765 νομοθετῶν
2918 2696 3158 2766 Μωῦσῆς
3215 2697 3560 2766 ἀπηγόρευεν
3612 2697 3725 2749 υἱὸν

2150 2780 2244 2831 καὶ
2271 2779 2484 2850 πατέρα
2514 2782 2578 2850 τῇ
2609 2779 2746 2849 αὐτῇ
2779 2777 3187 2848 ἐπιμίγνυσθαι.
3213 2779 3329 2832 Ἵνα
3363 2779 3471 2849 γὰρ
3509 2778 3584 2850 μὴ
3622 2779 3724 2848 ὁδῷ

2149 2861 2531 2930 προϐαίνοντες
2582 2860 2867 2932 συνήθειαν
2912 2860 2972 2912 τὺ
3012 2861 3247 2932 πρᾶγμα
3294 2861 3658 2932 ἐργάσωνται,
3693 2863 3723 2914 6

2148 2943 2444 3012 νομοθέτης
2485 2941 2925 3015 προαναστέλλει,
2966 2944 3204 3014 τιμωρίᾳ
3249 2943 3547 2997 ὑπεύθυνον
3581 2939 3722 2997 εἶναι

2145 3027 2236 3080 τὸν
2283 3026 2522 3080 τοιοῦτον
2563 3025 2916 3097 διαγορεύων.
2957 3027 3098 3078 Ἀλλ’
3139 3027 3288 3096 ὅμως
3323 3029 3419 3081 καὶ¹
3451 3026 3592 3080 οὓτω
3627 3025 3720 3080 νῦν

2151 3109 2247 3179 μὲν
2287 3109 2477 3180 πράως
2514 3107 2708 3179 ἔφερεν
2735 3110 2764 3161 ό
2798 3110 2992 3162 Ἰακὼϐ
3024 3113 3086 3180 τῇ
3125 3113 3326 3181 φυσικῇ
3372 3110 3720 3180 φιλοστοργίᾳ

2146 3195 2462 3261 νικώμενος.
2501 3193 2659 3245 Μετὰ
2695 3193 2750 3244 δέ
2783 3191 2953 3244 ταῦτα
2985 3193 3190 3262 μέλλων
3222 3193 3420 3257 ἐξιέναι
3450 3193 3544 3246 τοῦ
3577 3194 3716 3262 βίου,

2147 3273 2450 3344 στηλιτεύει
2487 3275 2578 3326 τὸν
2615 3274 2798 3338 παῖδα,
2834 3275 3183 3345 ἀνάγραπτον
3209 3275 3374 3328 αὐτοῦ
3408 3276 3508 3347 τὴν
3543 3293 3721 3346 παρα-

2145 3355 2348 3428 νομίαν,
2365 3355 2708 3426 ποιούμενος,
2738 3357 2830 3408 καὶ
2863 3355 3343 3430 ἀρώμενοςλαύτῷ,
3377 3359 3463 3411 ἵνα
3493 3359 3581 3412 διὰ
3611 3358 3718 3410 τῶν

2144 3438 2224 3500 είς
2259 3438 2467 3490 ἐκεῖνον
2509 3437 2887 3506 γεγενημένων
2925 3437 3017 3490 καὶ⁵
3055 3439 3104 3490 οί
3139 3439 3216 3501 είς
3250 3440 3308 3492 τὸ
3341 3437 3466 3508 ἑξῆς
3507 3457 3719 3509 σωφρο-

2144 3517 2416 3582 νίζωνται.
2454 3517 2732 3570 Ἐντεῦθεν
2775 3518 2903 3588 ἡμῖν
2936 3517 3117 3570 λοιπὸν
3147 3521 3543 3590 ἀπαριθμεῖται
3586 3523 3715 3584 τοὺς

2146 3601 2338 3664 παῖδας
2365 3599 2459 3652 τοῦ
2494 3599 2683 3651 Ἰακὼϐ
2715 3601 2743 3652 6
2771 3599 3041 3671 μακάριος
3064 3603 3322 3674 Μωῡσῆς,
3355 3602 3448 3656 καὶ
3475 3602 3713 3656 διδάσκει

2149 3684 2312 3752 ἡμᾶς,
2341 3679 2400 3746 ἐξ
2425 3675 2500 3734 ὧν
2537 3681 2826 3748 διηγεῖται,
2850 3682 2944 3734 τοῦ
2973 3682 3180 3736 δικαίου
3210 3685 3305 3755 τὴν
3337 3685 3558 3754 ἀρετήν.
3594 3684 3714 3740 Ἵνα

2143 3766 2251 3836 γάρ
2301 3765 2376 3836 μὴ
2418 3765 2644 3834 νομίσῃς
2685 3764 2874 3828 ἁπλῶς
2921 3765 3012 3817 καὶ
3047 3766 3121 3830 ὼς
3169 3766 3358 3837 ἔτυχεν
3408 3767 3568 3821 αὑτὸν
3613 3766 3712 3840 τὴν

2147 3847 2432 3902 συνουσίαν
2473 3847 2798 3916 ποιήσασθαι
2834 3847 2932 3917 τὴν
2963 3848 3098 3919 πρὸς
3129 3849 3224 3920 τὴν
3257 3849 3454 3922 Ῥαχὴλ
3495 3850 3588 3903 καὶ
3615 3849 3713 3920 τὴν

2141 3931 2305 3986 Λείαν
2345 3931 2439 3984 καὶ
2475 3931 2574 3994 τὰς
2604 3931 2698 3984 δύο
2731 3931 3041 3995 παιδίσκας,
3074 3933 3286 3996 δεικνὺς
3311 3936 3393 3987 ὅτι
3426 3935 3712 4006 οἰκονομίᾳ

2138 4014 2245 4065 τινὶ
2288 4013 2726 4082 ὑπηρετούμενος
2777 4014 2876 4081 τῆς
2925 4015 3060 4084 πρὸς
3101 4016 3268 4079 αὑτὰς
3301 4015 3464 4088 [580],
3495 4015 3710 4086 ὁμιλίας

2139 4094 2416 4163 ἠνέσχετο,
2447 4095 2540 4148 καὶ¹
2567 4095 2704 4147 ὥστε
2735 4095 2835 4157 τὰς
2862 4095 3068 4149 δώδεκα
3111 4098 3282 4166 φυλὰς
3315 4098 3374 4162 ἐξ
3418 4100 3580 4152 αὐτοῦ
3623 4117 3710 4152 τεο

2140 4175 2365 4245 χθῆναι·
2410 4177 2499 4228 διά
2528 4193 2610 4228 τοι
2639 4177 2796 4229 τοῦτο
2831 4179 2931 4230 οὐκ
2959 4179 3040 4231 ἔτι
3083 4183 3409 4252 μνημονεύει
3447 4186 3480 4254 ἡ
3519 4183 3707 4256 Γραφὴ

2137 4257 2213 4321 ὼς
2238 4259 2322 4310 ἐτέ
2333 4275 2422 4326 ρου
2449 4259 2736 4327 γενομένου
2761 4260 2909 4330 αὺτῷ
2941 4261 3150 4328 παιδὸς,
3177 4265 3262 4317 ἵνα
3294 4265 3469 4338 μάθῃς
3495 4267 3575 4319 ὅτι
3609 4269 3706 4337 οὐχ

2137 4339 2323 4403 ἁπλῶς
2348 4341 2470 4392 οὐδέ
2497 4342 2618 4410 είκῆ
2654 4341 2812 4393 τοῦτο
2844 4344 3157 4414 γεγένηται.
3179 4342 3373 4400 Ἦσαν
3399 4348 3486 4411 δὲ,
3518 4349 3702 4419 φησὶν,

2134 4423 2252 4476 υίοὶ
2297 4422 2402 4476 τοῦ
2439 4421 2636 4475 Ἰακὼϐ
2675 4423 2923 4478 δώδεκα,
2974 4427 3084 4480 Καὶ
3125 4428 3324 4499 διαιρεῖ
3369 4430 3550 4486 λοιπὸν
3580 4434 3706 4496 τοὺς

2132 4505 2230 4574 τῆς
2263 4505 2430 4567 Λείας
2475 4503 2571 4557 καὶ
2605 4505 2824 4576 Ῥαχὴλ,
2861 4509 2955 4561 καὶ
2994 4509 3116 4562 τότε
3145 4511 3241 4563 καὶ
3271 4513 3399 4575 τοὺς
3425 4513 3532 4566 τῶν
3573 4531 3702 4567 παι-

2133 4585 2331 4640 δισκῶν
2384 4587 2807 4657 άπαριθμεῖται,
2857 4589 2950 4642 καί
2995 4608 3192 4659 φησιν·
3235 4589 3408 4648 Οὗτοι
3443 4594 3560 4648 υίοί
3601 4595 3703 4648 Ἰα-

2133 4669 2272 4733 κὼϐ,
2307 4669 2365 4723 al‘
2406 4670 2680 4738 ἐγένοντο
2721 4670 2880 4738 αὐτῷ
2907 4673 2975 4726 ἐν
3005 4671 3078 4740 τῇ
3107 4673 3550 4745 Μεσοποταμίᾳ.
3591 4677 3701 4730 Καὶ

2136 4751 2242 4823 μὴν
2268 4753 2296 4804 6
2325 4752 2582 4822 Βενιαμὶν
2609 4751 2701 4804 νῦν
2733 4753 2948 4824 ἐτέχθη,
2978 4756 3138 4823 ἡνίκα
3171 4759 3298 4827 περὶ
3329 4757 3426 4830 τὴν
3455 4759 3700 4830 Βηθλεὲμ

2131 4833 2350 4902 ἔφθασε.
2381 4833 2538 4897 Τίνος
2571 4830 2664 4887 οὖν
2709 4834 2893 4886 ἐνεκεν
2925 4835 3095 4900 οὕτως
3129 4833 3280 4893 εἶπεν
3312 4842 3344 4910 ἠ
3385 4842 3596 4912 Γραφὴ,
3632 4843 3700 4896 Οτ

2129 4916 2404 4984 ἐγένοντο
2431 4914 2590 4982 αὐτῷ
2617 4916 2687 4968 ἐν
2713 4915 2787 4983 τῇ
2812 4921 3264 4989 Μεσοποταμίᾳ;
3290 4925 3446 4986 Ἴσως
3467 4925 3570 4994 πρὸ
3597 4926 3696 4996 τῆς

2130 4998 2340 5050 ἐκεῖθεν
2395 4997 2574 5061 ἐξόδου
2631 4999 2664 5068 ἡ
2703 4997 2902 5068 Ῥαχὴλ
2956 5001 3117 5054 αὑτὸν
3157 5004 3492 5059 συλλαϐοῦσα
3531 5008 3693 5076 ἐτύγ-

2127 5096 2278 5148 χανε.
2323 5079 2432 5132 Kal
2488 5077 2656 5148 ἦλθε,
2714 5081 2900 5150 φησὶν,
2943 5081 3141 5136 Ἰακὼϐ
3180 5086 3330 5154 πρὸς
3359 5089 3554 5142 Ἰσαὰκ
3589 5092 3695 5144 τὸν

2125 5163 2350 5230 πατέρα
2385 5163 2590 5217 αὐτοῦ.
2641 5163 2836 5216 Σκόπει
2885 5181 2974 5234 μοι
3007 5167 3166 5220 πάλιν
3204 5171 3454 5235 ἐνταῦθα,
3489 5174 3607 5238 πῶς
3634 5178 3693 5230 ἐν

2125 5244 2298 5297 ἅπασι
2324 5245 2684 5314 πληροφορεῖν
2716 5245 2965 5299 ἐϐούλετο
2999 5250 3122 5312 τοὺς
3161 5251 3400 5317 δικαίους
3434 5257 3462 5306 6
3500 5257 3688 5324 φιλάνο

2125 5325 2340 5391 θρωπος
2366 5327 2516 5389 Θεός.
2555 5327 2769 5397 Ἐπειδὴ
2805 5327 2915 5399 γὰρ
2959 5333 3290 5400 παρεγένετο
3332 5336 3470 5404 μετὰ
3500 5339 3690 5392 coam}-

2121 5425 2230 5462 των
2263 5408 2398 5462 ἐτῶν
2443 5409 2734 5481 άριθμὺνιό
2767 5411 2958 5464 Ἰακὼϐ
3007 5415 3140 5483 πρὸς
3170 5416 3262 5468 τὸν
3314 5420 3547 5490 πατέρα,
3593 5425 3690 5477 καὶ

2125 5491 2352 5576 μεγίστη
2399 5492 2618 5576 γέγονεν
2667 5493 2944 5576 ἑκατέροις
2986 5497 3018 5563 ἡ
3068 5498 3436 5570 παράκλησις,
3484 5507 3578 5557 καὶ
3611 5505 3688 5576 τῷ

2122 5573 2278 5625 παιδὶ
2306 5573 2497 5655 ἐκλτῆς
2529 5574 2619 5626 τοῦ
2651 5575 2855 5646 πατρὸς
2886 5576 3034 5641 θέας,
3059 5579 3152 5631 καὶ
3189 5579 3267 5650 τῷ
3301 5585 3470 5655 πατρὶ
3497 5573 3689 5640 θεασα-

2123 5655 2272 5724 μένῳ
2297 5653 2389 5708 τοῦ
2427 5656 2614 5720 παιδὸς
2642 5655 2738 5725 τὴν
2766 5659 3101 5728 περιουσίαν,
3143 5663 3234 5715 καὶ
3266 5665 3357 5718 τὸν
3390 5653 3548 5738 χορὸν
3575 5670 3684 5738 τῶν

2179 5783 3258 5898 ειειήιικιιιιειιιιειειατουέλθειν
3279 5797 3678 5862 τὴν
