4168 6264
423 347 520 405 521

420 460 520 511 hoc
543 457 659 511 loco
679 457 727 511 ei
755 457 1083 526 apparuisse,
1106 454 1317 525 quando
1346 456 1547 525 fugiens
1566 453 1782 509 fratrem
1812 456 1864 509 in
1887 456 1994 510 Me-

417 547 766 616 sopotamiam
806 546 1177 601 contendebat.
1209 546 1388 614 Itaque
1426 554 1481 600 et
1526 559 1664 599 nunc
1701 547 1815 599 ait:
1850 545 2000 601 Sicut

420 650 545 693 tunc
574 638 717 692 visus
745 646 829 692 est
852 638 900 691 ei
925 638 1159 701 abeunti,
1193 637 1264 691 ita
1283 645 1335 690 et
1354 651 1494 690 nunc
1521 636 1762 690 redeunti
1778 646 1998 705 apparet

419 730 469 780 in
502 727 689 782 eodem
720 728 855 791 loco,
874 736 927 781 et
950 727 1233 781 conﬁrmat
1252 726 1651 795 promissiones,
1676 740 1809 794 quas
1833 741 1997 794 quan-

416 819 487 869 do
515 817 645 871 abiit
668 833 790 872 cum
820 832 886 871 eo
916 818 1059 880 fecit,
1110 816 1211 870 hoc
1234 827 1490 885 praestans
1515 826 1573 869 ttt
1594 817 1765 885 justus
1793 817 1996 870 ﬁrmius

419 910 529 959 suis
561 909 999 976 promissionihus
1025 908 1291 973 conﬁdat,
1322 917 1376 962 et
1423 923 1490 961 ne
1521 917 1738 978 propter
1789 919 1994 977 tempus

424 1000 655 1051 medium
674 999 909 1053 fluctuet.
934 998 999 1053 Et
1026 999 1274 1052 benedixit
1290 1015 1425 1062 eum,
1450 998 1536 1053 10.
1557 1008 1603 1052 et
1625 1000 1751 1051 dixit
1779 1000 1859 1052 ei:
1893 998 1996 1053 Νο-

420 1107 531 1141 men
556 1097 695 1142 tuum
721 1106 819 1142 non
845 1089 1100 1142 vocabitur
1125 1088 1263 1141 ultra
1280 1087 1463 1153 Iacob,
1492 1089 1579 1142 sed
1607 1087 1774 1141 Israel
1794 1089 1885 1142 erit
1906 1105 1996 1140 no.

419 1194 531 1230 men
562 1190 720 1231 tuum.
751 1179 1076 1248 Quamquam
1100 1179 1208 1247 jam
1233 1178 1433 1247 pridem
1457 1178 1555 1230 ltoc
1595 1192 1783 1231 nomen
1812 1179 1859 1232 ei
1898 1180 1992 1233 de-

417 1267 588 1333 derat,
617 1283 737 1321 cum
767 1270 1013 1322 transiret
1041 1269 1092 1322 in
1122 1267 1345 1333 Jaboch,
1383 1283 1566 1321 verum
1606 1268 1893 1336 majoribus
1915 1269 1994 1321 in-

416 1357 567 1411 diciis
613 1359 893 1413 certiorem
942 1358 1151 1413 volebat
1186 1358 1387 1427 justum
1438 1357 1695 1420 reddere,
1750 1365 1804 1410 et
1848 1373 1990 1410 nunc

415 1446 655 1500 eamdem
682 1447 1102 1502 benedictionem
1131 1448 1181 1502 ei
1217 1447 1328 1513 dat,
1356 1454 1411 1501 et
1451 1447 1613 1501 dicit:
1642 1446 1809 1500 Israel
1838 1464 1990 1501 voea-

415 1535 546 1587 bitur
583 1553 761 1589 nomen
792 1548 962 1602 tuum;
1013 1539 1100 1591 Η.
1132 1547 1179 1590 et
1220 1553 1384 1590 cresce
1406 1578 1420 1602 ,
1466 1545 1512 1589 et
1550 1538 1884 1605 multiplicare
1904 1553 1922 1590 :
1942 1548 1989 1591 et

412 1635 580 1694 gentes
599 1635 645 1679 et
666 1629 1070 1697 congregationes
1088 1627 1308 1696 gentium
1334 1636 1476 1679 erunt
1505 1642 1568 1679 ex
1589 1636 1651 1691 te,
1692 1636 1738 1679 et
1764 1643 1907 1696 reges
1927 1640 1990 1683 ex

412 1716 579 1768 lumbo
605 1726 691 1769 tuo
717 1716 1004 1786 prodibant.
1036 1717 1169 1771 Vide
1208 1717 1621 1787 magnitudinem
1653 1717 1982 1772 benedictio-

411 1805 512 1858 nis.
544 1804 658 1858 Non
685 1806 856 1859 solum
893 1807 1023 1859 dicit
1068 1821 1187 1861 eum
1236 1808 1288 1859 in
1343 1816 1539 1859 tantam
1599 1806 1983 1859 multitudinem

411 1896 826 1965 propagandum,
848 1897 942 1951 sed
966 1905 1020 1950 et
1046 1896 1331 1965 gloriosum
1349 1894 1461 1949 fore
1485 1895 1599 1963 ejus
1626 1911 1806 1949 semen
1840 1912 1855 1949 :
1885 1897 1986 1949 Re-

407 2003 492 2055 ges
508 1988 666 2051 enim,
691 1989 877 2057 inquit,
905 2004 967 2041 ex
983 1987 1162 2041 lumbis
1188 1989 1285 2040 tuis
1306 1986 1620 2056 egredientur
1640 2002 1659 2039 :
1692 1987 1984 2054 prtedicens

408 2071 455 2122 ei
485 2071 707 2139 gloriam
738 2086 927 2125 eorum
972 2071 1063 2139 qui
1106 2086 1175 2123 ex
1206 2072 1320 2137 ipso
1357 2078 1530 2121 ortum
1563 2068 1770 2121 ducturi
1811 2078 1980 2122 erant.

409 2160 495 2211 12.
527 2158 590 2210 Et
610 2169 815 2223 terram,
867 2159 1054 2227 inquit,
1107 2174 1257 2227 quant
1298 2156 1515 2210 Abrahae
1556 2167 1600 2210 et
1651 2156 1802 2211 Isaac
1843 2158 1980 2222 dedi,

408 2251 497 2304 tibi
525 2251 642 2303 dedi
681 2268 811 2316 eam,
845 2260 890 2303 et
916 2252 1092 2303 semini
1122 2262 1207 2305 tuo
1229 2260 1340 2319 post
1369 2262 1416 2305 te
1464 2251 1594 2304 dabo
1621 2260 1804 2304 terram
1830 2251 1977 2304 hanc.

406 2342 667 2408 Quoniam
697 2350 914 2411 propter
940 2342 1070 2396 facta
1094 2345 1143 2396 in
1171 2343 1393 2398 Secimis
1419 2358 1448 2396 a
1469 2343 1734 2413 Symeoue
1750 2352 1802 2395 et
1833 2342 1975 2407 Levi,

406 2432 616 2486 dicebat
647 2448 661 2483 :
696 2430 761 2484 In
788 2447 942 2501 paruo
968 2448 1174 2485 numero
1193 2449 1305 2486 sunt
1322 2448 1432 2503 ego,
1459 2441 1504 2485 et
1527 2433 1811 2501 congregati
1832 2448 1981 2501 super

406 2537 486 2573 me
513 2520 786 2590 percutiant
814 2536 914 2587 nte,
952 2531 998 2574 et
1041 2520 1242 2574 delcbor
1268 2536 1358 2591 ego
1386 2530 1433 2573 et
1468 2521 1645 2574 domus
1676 2537 1783 2573 mea
1823 2519 1975 2588 (Gen.

404 2611 492 2665 54.
523 2608 647 2681 30);
674 2618 732 2664 et
776 2625 872 2679 per
913 2610 1087 2663 omnia
1119 2610 1445 2664 monstrabat
1497 2610 1976 2678 pusillanimitatem

402 2712 456 2757 et
484 2712 682 2757 metum
698 2716 802 2771 quo
822 2702 1124 2755 tenebatur:
1144 2711 1419 2770 propterea
1446 2701 1703 2770 benignus
1726 2701 1976 2754 Dominus

401 2809 540 2847 nunc
565 2793 693 2848 dicit
710 2792 776 2846 ad
804 2807 925 2847 eum
952 2792 1242 2857 :Quoniam
1269 2791 1468 2854 dixisti,
1498 2791 1554 2843 In
1574 2804 1734 2859 parvo
1757 2804 1977 2843 numero

399 2904 515 2942 sum
541 2929 555 2952 ,
574 2888 729 2943 disce
757 2886 987 2941 futurum
1020 2901 1140 2940 esse
1169 2896 1225 2939 ut
1251 2898 1490 2949 crescas,
1525 2894 1579 2937 et
1604 2883 1976 2952 multiplicetur

398 2996 581 3035 semen
629 2989 798 3045 tuum,
830 2989 885 3034 et
910 2979 981 3032 ita
1006 2978 1075 3031 sit
1095 2977 1398 3047 gloriosum,
1448 2987 1505 3029 ut
1546 2974 1976 3043 eongregatioues

397 3075 632 3143 gentium
655 3081 709 3127 et
728 3086 880 3140 reges
924 3086 988 3125 ex
1020 3085 1084 3124 eo
1123 3070 1378 3139 prodituri
1397 3069 1531 3132 sint;
1555 3077 1711 3136 atque
1738 3067 1968 3119 futurum

398 3179 537 3229 esse,
572 3171 629 3216 ut
658 3176 761 3215 non
790 3161 964 3215 solum
995 3174 1099 3214 non
1125 3159 1356 3214 delearis
1376 3200 1390 3224 ,
1422 3158 1515 3211 sed
1543 3167 1593 3211 et
1636 3167 1687 3209 tu
1712 3165 1765 3209 et
1791 3170 1972 3209 semen

399 3265 542 3307 tuum
566 3268 780 3307 omnem
814 3261 1009 3306 terram
1034 3251 1170 3304 hanc
1208 3250 1258 3303 in
1289 3248 1635 3303 hereditatem
1674 3245 1963 3313 accipiatis.

401 3347 464 3400 Et
486 3345 636 3400 factis
665 3345 713 3399 ei
738 3342 1180 3413 promissionibus
1206 3341 1341 3403 istis,
1376 3341 1463 3394 l3.
1498 3339 1733 3392 Ascendit
1757 3337 1889 3391 Deus
1908 3338 1971 3389 ab

397 3456 475 3503 co,
497 3455 560 3493 ex
580 3437 689 3492 loco
712 3437 793 3491 ubi
816 3445 885 3491 est
911 3436 1142 3505 loquutus
1170 3450 1281 3487 cum
1309 3434 1418 3488 illo.
1451 3430 1582 3485 Vide
1608 3438 1861 3500 quantum
1886 3436 1969 3482 at-

401 3538 698 3600 temperant
726 3544 785 3583 se
802 3539 998 3582 nostra:
1024 3524 1316 3579 inﬁrmitati
1344 3523 1534 3576 divina:
1555 3520 1839 3590 Scriptum
1853 3534 1971 3572 ver-

399 3623 483 3675 ba.
509 3621 782 3676 Adscendit
802 3620 964 3682 enim,
993 3617 1181 3686 inquit.
1221 3613 1355 3668 Deus
1397 3615 1459 3666 ab
1487 3629 1544 3665 eo
1576 3626 1590 3663 :
1623 3626 1728 3664 non
1751 3618 1806 3663 ut
1849 3610 1967 3663 loco

396 3711 641 3767 concludi
664 3710 1030 3764 existimemus
1061 3707 1225 3760 Deum
1247 3744 1262 3768 ,
1297 3702 1390 3757 sed
1421 3710 1479 3755 ut
1525 3715 1619 3769 per
1660 3699 1764 3752 hoc
1811 3698 1967 3750 etiam

396 3804 511 3874 ejus
537 3800 855 3855 ineﬁ'abilem
885 3799 1149 3852 discamus
1173 3793 1507 3849 clementiam
1533 3807 1547 3842 :
1577 3790 1805 3858 Spiritus
1829 3789 1969 3842 enim

396 3893 559 3964 gratia
575 3906 632 3947 se
647 3890 712 3944 ad
727 3888 1083 3943 inﬁrmitatem
1105 3891 1337 3938 nostram
1360 3880 1643 3935 demitteus
1657 3877 1833 3931 omnia
1850 3890 1975 3930 nar-

398 3999 517 4037 rare
537 3982 691 4045 solet.
721 3977 1053 4033 Descendere
1075 3975 1235 4039 enim,
1264 3981 1319 4027 et
1343 3970 1653 4036 ascendere,
1697 3968 1970 4037 indignum

400 4075 507 4128 Deo
524 4080 624 4135 est;
647 4069 738 4125 sed
771 4069 889 4139 quia
913 4065 1197 4120 maximum
1210 4072 1292 4118 est
1318 4060 1593 4116 ineﬁ‘abilis
1612 4059 1728 4129 ejus
1740 4060 1972 4112 clemen-

400 4166 485 4219 tia:
504 4160 917 4229 indicium,quod
938 4168 1150 4228 propter
1161 4164 1390 4209 nostram
1408 4151 1759 4207 eruditionem
1781 4148 1970 4201 talibus

400 4257 477 4309 uti
518 4254 690 4308 verbis
726 4253 1003 4321 dignetur,
1032 4250 1309 4318 propterea
1364 4244 1606 4299 humanis
1653 4240 1969 4296 dictionibus

403 4347 586 4411 utitur,
617 4345 738 4413 quia
770 4342 1005 4409 alioquin
1033 4336 1359 4406 impossibile
1381 4344 1496 4389 erat
1518 4333 1776 4386 humanas
1814 4342 1969 4382 aures

401 4435 540 4488 ferre
563 4432 840 4486 verborum
867 4427 1262 4493 sublimitatem,
1283 4426 1327 4480 si
1347 4422 1637 4479 secundum
1659 4419 1967 4490 dignitatem

407 4525 611 4578 Domini
634 4523 771 4576 dicta
802 4528 1003 4575 essent.

473 4702 527 4754 2.
567 4697 717 4767 Quod
742 4695 1055 4765 cogitantes,
1087 4701 1370 4759 numquam
1392 4686 1444 4739 in
1464 4685 1757 4738 humilitate
1779 4681 1972 4736 verbo-

403 4808 518 4847 rnm
549 4791 865 4851 horreamus,
893 4785 986 4839 sed
1012 4793 1064 4838 et
1090 4790 1301 4851 propter
1328 4778 1429 4832 hoc
1444 4776 1764 4829 admiremur
1789 4771 1974 4825 inetia-

405 4883 562 4938 bilem
599 4881 714 4949 ejus
741 4878 1045 4936 bonitatem,
1070 4871 1210 4941 quod
1249 4884 1422 4938 neque
1448 4867 1515 4921 ab
1550 4866 1649 4918 hac
1680 4862 1972 4916 humilitate

404 4975 688 5030 abhorreat
716 4976 930 5040 pr0pter
951 4963 1364 5020 imbecillitatem
1392 4966 1595 5013 natura:
1616 4965 1832 5009 nostrae.
1865 4953 1970 5007 Sed

406 5064 524 5118 vide
548 5063 753 5131 justum
786 5058 929 5110 illum
955 5057 1143 5109 iterum
1172 5050 1305 5121 grati
1334 5048 1493 5101 animi
1541 5046 1692 5114 signa
1729 5042 1965 5096 dantem.

410 5156 493 5209 Η.
527 5151 696 5205 Erexit
717 5149 879 5211 enim,
912 5145 1113 5213 inquit,
1144 5139 1303 5194 Iacob
1335 5138 1617 5191 columnam
1646 5133 1896 5203 lapideam
1919 5132 1974 5183 in

409 5247 537 5305 loco,
559 5244 613 5293 in
637 5255 734 5309 quo
756 5239 987 5305 loquutus
1010 5241 1079 5286 est
1113 5246 1227 5283 cum
1263 5244 1320 5281 eo
1351 5226 1517 5290 Deus,
1549 5232 1595 5278 et
1644 5222 1811 5275 libavit
1844 5221 1887 5273 ei
1914 5219 1976 5272 li-

407 5335 675 5394 bationent,
701 5339 745 5383 et
770 5324 1047 5398 superfudit
1071 5323 1253 5385 oleum,
1272 5320 1361 5372 15.
1383 5327 1429 5370 et
1458 5315 1645 5368 vocavit
1673 5327 1851 5365 nomen
1880 5309 1976 5362 loci

407 5429 461 5480 in
486 5441 585 5493 quo
604 5424 835 5491 loquutus
878 5425 948 5470 est
988 5429 1102 5467 cum
1125 5428 1214 5474 eo,
1260 5409 1472 5463 Btetltel.
1518 5404 1826 5493 Considera,
1857 5416 1971 5463 oro,

411 5491 677 5585 quomodo
716 5512 770 5562 in
814 5506 1117 5560 nominibus
1148 5501 1384 5553 locorum
1422 5494 1729 5549 memoriam
1760 5491 1977 5585 humor-

400 5577 570 5660 ‘talem
601 5598 977 5656 beneﬁciorum
1001 5596 1239 5660 reponat,
1270 5596 1327 5640 ut
1351 5594 1405 5639 et
1451 5582 1678 5657 posteris
1700 5577 1979 5635 manifesta

415 5698 507 5752 ﬁat
530 5693 689 5758 visio,
728 5701 830 5759 qua
852 5686 1025 5756 justus
1065 5682 1134 5736 ibi
1162 5680 1403 5749 dignatus
1427 5674 1543 5729 luit.
1578 5672 1666 5729 16.
1696 5669 1761 5725 Et
1802 5670 1976 5741 profe-

1407 346 1473 402 lN
1507 348 1659 401 CAP.
1703 346 1919 402 XXXV.
1960 348 2199 405 GENES.
2243 351 2471 409 IIOMIL.
2512 355 2623 411 LX.

3474 352 3487 364 “
3571 369 3677 426 see

2103 470 2229 518 ctus.
2262 462 2445 533 inquit,
2475 464 2632 519 Iacob
2652 466 2764 535 ﬁxit
2787 468 3141 526 tabernaculun
3175 491 3314 529 suam
3331 475 3466 531 ultra
3486 487 3676 536 turrem

2104 550 2289 605 Gader.
2324 553 2557 609 Ultetias
2580 559 2771 612 iterum
2799 561 3036 629 procedit
3056 563 3230 632 justus
3253 567 3508 623 anhelans
3540 587 3661 636 pan-

2102 642 2247 695 latim
2290 647 2472 699 venire
2497 647 2561 700 ad
2608 649 2781 702 locum
2823 651 2908 704 ttbi
2937 652 3206 709 habitabat
3249 656 3415 713 Isaac.
3445 661 3672 727 Deinde,

2102 733 2289 802 inquit,
2317 736 2531 799 Quando
2554 742 2969 811 appropinquavit
2999 747 3285 799 ntintraret
3297 745 3351 799 in
3369 748 3671 813 Epitralba‘

2102 823 2295 913 Rachel
2324 826 2578 881 laborabat
2602 829 2653 880 in
2676 839 2849 897 partu.
2877 833 2963 885 17.
2987 833 3052 887 Et
3076 839 3265 905 factum
3294 850 3366 893 est
3401 858 3513 894 cum
3536 845 3666 913 diﬂi-

2098 912 2255 964 culter
2290 925 2483 980 pareret
2503 958 2517 977 ,
2550 917 2678 971 dixit
2707 921 2751 972 ei
2775 921 3041 989 obstetrix,
3070 927 3281 993 Con/ide
3312 945 3326 983 :
3358 934 3537 984 etenim
3586 912 3667 989 ltic

2099 1001 2186 1052 tibi
2208 1012 2280 1056 est
2300 1004 2451 1069 filius.
2476 1006 2553 1060 Ne
2573 1008 2647 1062 sis
2671 1011 2845 1073 anxia,
2872 1012 3035 1080 inquit
3061 1030 3074 1066 :
3104 1019 3274 1083 paries
3300 1021 3441 1073 enim
3476 1022 3661 1078 tilium.

2097 1088 2227 1143 Nam
2269 1092 2391 1145 licet
2419 1102 2467 1146 te
2492 1096 2726 1150 crucient
2757 1098 2999 1163 dolores,
3033 1114 3397 1160 verumtamen
3445 1107 3664 1166 habebis

2097 1178 2279 1232 ﬁlium.
2306 1182 2391 1235 l8.
2422 1182 2635 1237 Factum
2663 1195 2734 1238 est
2786 1198 2974 1251 autem,
3018 1190 3215 1259 inquit,
3252 1211 3365 1246 cum
3406 1198 3663 1254 exhalaret

2096 1270 2313 1321 animant
2340 1288 2510 1334 suam,
2544 1276 2847 1329 moriebatur
2873 1279 3030 1343 enim,
3058 1283 3246 1334 vocavit
3284 1300 3461 1338 nomen
3489 1292 3683 1355 pueri,

2096 1359 2265 1413 Filius
2295 1364 2483 1418 doloris
2508 1368 2603 1419 mei
2636 1383 2655 1420 :
2680 1379 2824 1437 pater
2845 1380 3009 1425 autem
3035 1375 3142 1442 ejus
3170 1378 3358 1428 vocavit
3396 1394 3508 1431 eum
3526 1380 3659 1434 Ben-

2082 1450 2272 1517 jantin.
2306 1451 2397 1508 Illa
2423 1455 2635 1522 quidem
2686 1473 2877 1511 nomen
2905 1462 2951 1514 ei
2995 1462 3139 1515 dedit
3160 1479 3226 1517 ex
3281 1466 3345 1519 iis
3390 1482 3508 1536 qua:
3557 1471 3657 1525 sibi

2091 1540 2412 1606 acciderant,
2455 1556 2605 1613 pater
2630 1558 2806 1601 autem
2837 1549 3110 1617 Benjamin
3146 1553 3314 1620 ipsum
3345 1560 3567 1611 vocavit.
3593 1559 3659 1613 Et

2091 1640 2367 1699 postquam
2396 1637 2616 1703 peperit,
2639 1639 2823 1706 inquit,
2857 1640 2939 1694 l9.
2973 1640 3177 1695 Mortua
3198 1655 3290 1709 cst,
3314 1653 3361 1697 et
3378 1647 3576 1714 sepulta
3602 1648 3655 1701 in

2089 1722 2168 1773 via
2198 1719 3043 1790 EphrethaﬂnecestBel/tleltem.
3074 1730 3165 1786 20.
3209 1732 3275 1786 Et
3301 1736 3456 1788 erexit
3496 1737 3657 1791 Jacob

2089 1813 2289 1865 titulum
2307 1829 2457 1880 super
2489 1815 2787 1882 sepulcrum.
2839 1817 3117 1873 Maerorem
3160 1837 3317 1890 quem
3363 1840 3432 1878 ex
3482 1838 3653 1882 morte

2088 1900 2333 1956 llachelis
2357 1915 2694 1970 conceperat,
2726 1906 2982 1976 mitigavit
3008 1917 3161 1964 natus
3185 1927 3342 1979 puer,
3374 1923 3428 1967 et
3476 1915 3652 1971 etl‘ecit

2088 2001 2144 2044 ut
2164 1993 2337 2059 justus
2361 1994 2607 2047 Racltelis
2658 2006 2879 2050 mortem
2911 2012 3067 2066 teque
3106 1999 3268 2054 ferret
3301 2003 3499 2057 animo.
3547 2004 3652 2060 Sed

2087 2080 2207 2135 hinc
2226 2083 2459 2137 succedit
2484 2084 2667 2137 Ruben
2692 2086 2979 2140 temeritas.
3006 2088 3093 2141 22.
3115 2090 3247 2142 Abiit
3275 2093 3430 2159 enim,
3463 2095 3649 2163 inquit,

2086 2182 2132 2224 et
2161 2172 2392 2226 dormivit
2412 2190 2525 2227 cum
2548 2174 2699 2228 Bulla
2732 2178 3007 2232 concubina
3048 2182 3205 2246 patris
3232 2182 3310 2234 sui
3333 2198 3353 2235 :
3379 2194 3425 2236 et
3463 2186 3652 2239 audivit

2085 2260 2271 2327 Israel,
2296 2274 2341 2316 et
2365 2266 2551 2318 malum
2576 2268 2731 2320 visunt
2751 2277 2820 2320 est
2847 2283 3018 2321 coram
3038 2286 3118 2323 eo.
3151 2270 3278 2325 Erat
3318 2275 3458 2327 enim
3490 2277 3651 2330 valde

2083 2351 2338 2406 nefarium
2388 2353 2608 2409 facinus.
2639 2355 2760 2409 Ideo
2789 2369 2966 2424 postea
3005 2358 3272 2427 legislator
3314 2362 3484 2416 Moses
3531 2381 3651 2432 pro-

2084 2443 2270 2505 ltihttit,
2322 2460 2385 2495 ne
2426 2457 2575 2511 pater
2602 2458 2648 2497 et
2696 2446 2833 2499 ﬁlius
2869 2462 2988 2499 cum
3030 2450 3215 2502 eadem
3267 2467 3377 2503 rem
3424 2453 3650 2508 habeant

2081 2531 2261 2601 (Levit.
2288 2533 2371 2586 18.
2404 2534 2489 2604 8).¹
2518 2534 2648 2587 Nam
2684 2544 2742 2589 ut
2793 2552 2858 2589 ne
2901 2539 3096 2592 sensim
3130 2541 3514 2609 progrediendo
3562 2560 3647 2597 res

2079 2621 2180 2675 illis
2206 2622 2255 2674 in
2282 2624 2715 2678 consuetudinem
2744 2635 2990 2692 verteret,
3020 2629 3131 2696 jam
3182 2639 3336 2682 antea
3379 2631 3649 2701 legislator

2078 2715 2318 2781 reprimit
2337 2729 2462 2779 eos,
2495 2730 2663 2783 poena:
2707 2717 2967 2772 obnoxios
2990 2734 3083 2773 eos
3119 2721 3207 2789 qui
3240 2724 3359 2775 talia
3389 2723 3648 2778 auderent

2078 2804 2414 2859 denuntians.
2443 2808 2686 2861 Attamen
2716 2807 2767 2861 id
2820 2824 2961 2863 nunc
2992 2821 3267 2866 mansuete
3303 2813 3420 2865 tulit
3465 2814 3641 2881 justus

2079 2897 2301 2949 naturali
2330 2911 2512 2952 amore
2553 2898 2743 2952 victus.
2783 2897 2974 2954 Postea
3007 2909 3184 2953 autem
3214 2917 3333 2954 cum
3358 2905 3645 2971 emigratu-

2077 3000 2168 3038 rus
2193 2995 2335 3039 esset
2375 3002 2438 3038 ex
2489 2987 2587 3040 bac
2607 2987 2733 3046 vita.
2771 2987 2932 3041 ﬁlium
2964 2999 3258 3057 vituperat,
3284 3001 3336 3042 et
3387 2992 3639 3059 ﬂagitium

2077 3075 2190 3142 ejus
2222 3076 2418 3144 scripto
2444 3076 2575 3128 tradi
2600 3085 2788 3141 curat,
2821 3076 3144 3131 maledicens
3169 3079 3215 3132 ei
3237 3119 3251 3143 ,
3300 3088 3431 3132 utet
3463 3082 3645 3136 caeteri

2078 3167 2220 3220 illius
2256 3182 2407 3234 poena
2429 3167 2853 3221 emendarentur.
2875 3168 2969 3222 llic
2995 3169 3144 3223 nobis
3158 3180 3339 3240 postea
3369 3182 3644 3226 enumerat

2076 3258 2210 3309 ﬁlios
2238 3256 2402 3312 Jacob
2421 3258 2605 3312 beatus
2630 3258 2801 3312 Moses
2827 3275 2841 3310 :
2874 3274 2937 3313 ac
2964 3276 3057 3328 per
3081 3276 3141 3313 ea
3175 3276 3291 3330 quae
3313 3272 3491 3315 narrat
3512 3263 3640 3331 justi

2075 3348 2320 3402 virtutem
2367 3363 2464 3401 nos
2485 3347 2660 3402 docet.
2696 3348 2979 3403 Enimvero
3003 3366 3067 3403 ne
3096 3361 3249 3419 putes
3273 3352 3485 3406 fortuito
3513 3354 3640 3407 sim-

2075 3438 2402 3506 plicitcrque,
2432 3447 2487 3491 ut
2520 3440 2825 3508 contingere
2853 3441 3020 3505 solet,
3073 3440 3240 3508 ipsum
3296 3444 3641 3498 concubuisse

2072 3543 2192 3582 cum
2240 3527 2433 3581 Rachel
2460 3536 2514 3582 et
2549 3528 2643 3581 Lia
2689 3528 2997 3598 duabusque
3024 3531 3251 3596 ancillis,
3280 3542 3537 3585 monstrat
3576 3549 3636 3587 se

2072 3633 2141 3671 ex
2171 3617 2565 3684 dispensatione
2590 3619 2834 3686 quapiam
2871 3634 2991 3671 cum
3048 3618 3153 3672 illis
3212 3636 3321 3672 rem
3371 3621 3637 3689 habuisse,

2075 3717 2131 3761 ut
2155 3708 2431 3760 duodecim
2458 3707 2624 3759 tribus
2647 3722 2713 3760 ex
2735 3722 2800 3761 eo
2826 3719 3169 3760 nascerentur
3201 3726 3214 3761 :
3240 3719 3511 3776 propterea
3534 3726 3636 3761 non

2074 3801 2211 3854 ultra
2232 3800 2472 3853 meminit
2491 3799 2779 3867 Scriptura,
2822 3800 2871 3851 ei
2895 3799 3055 3850 alium
3089 3808 3264 3849 natum
3286 3812 3403 3850 esse
3430 3796 3593 3849 ﬁlium
3618 3813 3632 3848 :

2074 3903 2130 3947 ut
2158 3893 2331 3946 discas
2358 3892 2462 3947 hoc
2511 3906 2615 3945 non
2653 3891 2984 3959 simpliciter,
3028 3904 3199 3957 neque
3235 3889 3432 3957 absque
3481 3902 3638 3940 causa

2073 3984 2267 4038 factum
2289 3998 2426 4037 esse.
2455 3981 2617 4035 Erant
2642 3992 2824 4044 autem,
2850 3981 3036 4047 inquit,
3064 3981 3158 4045 [itii
3180 3978 3338 4031 Jacob
3358 3977 3634 4029 duodecim.

2076 4074 2355 4143 Distittguit
2391 4086 2520 4126 vero
2546 4080 2748 4141 postea,
2767 4079 2820 4124 et
2849 4070 3073 4139 primum
3098 4084 3188 4121 eos
3219 4068 3305 4136 qui
3334 4067 3441 4120 Lia:
3465 4074 3634 4128 erant,

2073 4167 2193 4219 dein
2223 4180 2315 4219 eos
2338 4165 2428 4233 qui
2453 4162 2723 4227 Rachelis,
2764 4160 2991 4229 denique
3016 4168 3070 4212 et
3095 4173 3188 4212 eos
3213 4158 3299 4225 qui
3329 4156 3634 4209 ancillarum

2072 4264 2238 4317 erant,
2269 4261 2544 4318 numerat,
2569 4260 2622 4306 et
2649 4250 2776 4305 dicit
2801 4267 2814 4302 :
2845 4249 2938 4303 26.
2966 4246 3038 4299 Hi
3062 4257 3177 4301 sunt
3214 4247 3309 4315 filii
3335 4244 3514 4307 Jacob,
3554 4244 3637 4309 qui

2072 4347 2179 4399 nati
2202 4354 2319 4398 sunt
2339 4345 2383 4395 ei
2407 4345 2459 4396 in
2486 4341 2869 4409 Mesopotamia.
2892 4338 3047 4406 Atqui
3077 4346 3198 4389 tunc
3226 4344 3377 4387 natus
3397 4341 3478 4387 est
3501 4333 3638 4386 Βιιιιι

2068 4436 2234 4506 jamin
2267 4433 2476 4503 quando
2516 4432 2658 4484 venit
2707 4429 3035 4483 Bethlehem.
3083 4426 3255 4491 Quare
3304 4423 3458 4491 igitur
3513 4422 3638 4474 dicit

2073 4526 2365 4593 Scriptura,
2422 4521 2518 4587 Qui
2543 4520 2648 4571 nati
2688 4528 2801 4571 sunt
2824 4518 2869 4569 ei
2912 4518 2965 4567 in
3005 4510 3408 4582 Mesopotamia?
3436 4510 3639 4562 Fortas-

2073 4633 2132 4673 se
2175 4618 2295 4686 quia
2320 4613 2517 4668 Rachel
2559 4621 2679 4663 ante
2701 4622 2972 4677 egressutn
2999 4620 3063 4657 ex
3091 4600 3461 4670 Mesopotamia
3507 4615 3638 4651 con-

2077 4714 2307 4777 ceperat.
2332 4705 2422 4758 27.
2458 4701 2523 4755 Et
2546 4701 2674 4755 venit
2694 4738 2709 4763 ,
2738 4698 2925 4765 inquit,
2972 4695 3133 4747 Jacob
3174 4692 3240 4743 ad
3269 4690 3418 4743 lsauc
3447 4698 3637 4755 patrem

2074 4814 2238 4851 suum.
2282 4793 2610 4856 Considera,
2653 4791 2893 4850 obsecro,
2944 4785 3029 4836 hic
3083 4780 3347 4850 quomodo
3410 4779 3462 4830 itt
3522 4792 3641 4828 om-

2076 4891 2231 4945 nibus
2254 4887 2412 4942 eertis
2440 4884 2645 4938 indiciis
2671 4878 2971 4934 misericors
2995 4875 3133 4928 Deus
3143 4874 3312 4941 justus
3327 4872 3641 4922 conﬁrmare

2078 4978 2305 5032 volebat.
2334 4976 2466 5042 Quia
2502 4973 2643 5027 enim
2669 4970 2815 5023 venit
2845 4974 2964 5036 post
3017 4974 3093 5016 tot
3134 4975 3303 5015 annos
3329 4959 3396 5011 ad
3436 4966 3635 5025 patrem

2078 5086 2233 5125 suum
2274 5068 2457 5130 Jacob,
2486 5066 2709 5117 maxima
2728 5059 2964 5127 utrisque
2992 5055 3089 5107 fuit
3112 5051 3421 5112 consolatio,
3451 5058 3505 5101 et
3533 5048 3639 5100 lilio

2078 5176 2145 5215 ex
2192 5159 2352 5228 patris
2376 5162 2683 5222 conspectu,
2711 5158 2766 5204 et
2796 5148 2927 5217 patri
2957 5144 3152 5228 videnti
3180 5151 3374 5195 tantam
3404 5135 3639 5228 lilii—sub-

2081 5224 2347 5313 stantiam,
2368 5245 2691 5311 chorumque
2703 5240 2929 5293 ﬁliorum
2943 5250 3009 5289 ex
3025 5250 3088 5288 eo
3102 5226 3455 5297 natorum.‘29.
3475 5224 3516 5278 Τ
3523 5240 3636 5289 unc,

2147 5490 2163 5521 ι
2201 5496 2250 5535 ln
2274 5485 2391 5534 Edit.
2423 5488 2530 5531 Lxx
2552 5478 2734 5541 legitur
2771 5490 2785 5525 :
2810 5483 2927 5525 cum
2949 5462 3339 5541 appropinquavit}
3362 5459 3649 5541 {aegrotat},

2084 5557 2135 5600 ut
2150 5520 2726 5605 iniiaiiéi"in"ie}3iaiiii&T
2747 5520 3063 5605 tlaqeiaut'eiu'
3080 5520 3648 5605 iocéylajffjfﬂﬂf‘fﬁ

2306 5583 2352 5595 ν,
2373 5583 2424 5629 ’.τ
2448 5583 3031 5660 τῖόίίιιιξξηὶέΙ-ΐότωωδ
3053 5592 3101 5639 in
3121 5600 3227 5649 ejus
3255 5583 3532 5646 exemplari
3555 5594 3651 5632 non

2088 5670 2352 5722 ferebatur.
