4168 6264
529 357 634 414 ωδ

531 485 721 557 inquit,
743 493 965 540 mortuus
989 492 1062 536 est
1085 480 1236 536 Isaac
1259 495 1430 542 senex,
1459 490 1507 533 et
1529 481 1706 534 etenus
1727 479 1922 532 dierum
1939 477 2096 548 (Gen.

533 578 704 640 27.1).
717 575 848 630 Nam
867 589 986 630 cum
1007 571 1169 628 Jacob
1185 571 1602 626 benedictionem
1625 571 1986 632 suﬁ'uraretur,
2004 571 2100 624 he-

537 669 686 721 betes
699 673 851 720 erant
865 662 1004 718 oculi
1027 663 1162 728 ejus,
1183 659 1322 714 unde
1343 660 1534 713 factum
1553 668 1704 712 estut
1722 660 2058 727 deciperetur
2080 676 2094 712 :

531 756 724 824 cogitat
749 761 866 822 post
885 761 958 806 tot
978 765 1145 804 annos
1163 759 1416 817 quantum
1431 749 1682 802 senuerit.
1711 747 1779 800 Et
1803 749 2100 817 sepelierunt

530 861 660 906 eum,
688 842 872 911 inquit,
901 840 1040 894 ane
1066 849 1114 893 et
1134 838 1314 892 Jacob.
1338 838 1441 896 Sed
1479 838 1587 906 jam
1619 839 1888 906 sepultura
1937 839 2098 905 patris

529 931 684 996 facta,
695 935 748 986 6.
768 929 904 984 Ereti
917 931 1130 998 acceptis
1146 928 1384 982 uxoribus
1393 939 1440 982 et
1455 929 1574 996 [iliis
1589 938 1638 982 et
1659 928 1887 982 omnibus
1905 930 2030 991 suis,
2052 936 2098 981 et

529 1021 756 1074 omnibus
779 1037 892 1088 quae
915 1021 1196 1090 possidebat
1218 1022 1272 1074 in
1304 1029 1436 1072 terra
1461 1020 1881 1082 Cbanameorum,
1924 1019 2096 1088 profe-

529 1121 636 1164 clm
663 1118 752 1164 est.
781 1111 836 1166 7.
860 1109 980 1164 Non
1007 1119 1196 1178 poterat
1223 1110 1352 1162 enim
1377 1125 1459 1162 eos
1481 1113 1612 1178 ferre
1640 1119 1770 1161 terra
1809 1111 2095 1178 peregrina-

529 1204 680 1257 tionis
701 1217 806 1272 pra:
827 1201 1145 1254 multitudine
1165 1201 1478 1268 facultatum.
1505 1202 1557 1254 8.
1587 1200 1652 1252 Et
1671 1201 1906 1254 habitavit
1923 1210 2094 1270 postea

529 1296 579 1348 in
605 1304 772 1348 mante
807 1293 923 1347 Seir
949 1291 1133 1362 (Caput
1323 1292 1390 1345 Et
1416 1292 1502 1344 ubi
1535 1293 1766 1345 narravit
1791 1291 1943 1345 nobis
1959 1291 2093 1345 divi-

527 1403 592 1442 na
623 1387 890 1454 Scriptura
911 1399 1004 1438 cos
1019 1385 1105 1453 qui
1134 1400 1196 1437 ex
1221 1384 1360 1438 Esau
1389 1384 1494 1438 nati
1523 1392 1664 1452 sunt,
1693 1391 1744 1436 et
1773 1393 1954 1452 gentes
1979 1397 2096 1452 qua:

529 1496 590 1533 ex
621 1493 687 1532 eo
729 1488 852 1531 sunt
875 1485 1024 1538 orttc.
1056 1477 1182 1530 dicit
1210 1494 1222 1528 :
1250 1477 1298 1530 1.
1335 1475 1637 1547 Peregrinus
1657 1486 1821 1529 autem
1849 1477 1941 1546 fuit
1959 1476 1974 1506 ¹
1995 1476 2094 1528 Ja-

529 1569 617 1620 cob
659 1569 712 1622 in
751 1579 902 1628 terra,
929 1583 1030 1636 qua
1051 1568 1393 1636 peregrinatus
1427 1570 1522 1636 fuit
1550 1577 1690 1636 pater
1715 1569 1822 1636 ejus
1868 1567 1922 1618 in
1961 1575 2096 1620 terra

533 1654 769 1710 Chanaan
801 1655 984 1724 (Caput
1009 1657 1121 1724 '57).
1153 1655 1254 1710 Sed
1288 1655 1408 1708 hinc
1437 1655 1630 1724 excipit
1667 1671 1765 1710 nos
1791 1654 1894 1708 alia
1914 1669 2100 1709 narra-

531 1751 624 1810 tio,
657 1765 759 1818 qua
783 1749 848 1800 de
879 1746 1170 1802 admirabili
1193 1745 1386 1814 Joseph
1430 1747 1620 1814 agitur.

600 1841 654 1893 3.
699 1839 910 1892 Moralis
935 1837 1330 1908 epilogum—lit
1353 1837 1397 1892 si
1421 1837 1566 1898 libet.
1598 1836 1684 1890 hic
1711 1835 1952 1889 finiemus
1975 1849 2092 1888 ser-

529 1945 764 1995 monem,
797 1927 1066 1983 historiam
1091 1929 1182 1982 ﬁlii
1209 1927 1372 1984 Jacob
1410 1927 1464 1980 in
1514 1927 1653 1981 aliud
1699 1926 1972 1984 concionis
2007 1926 2092 1980 in-

527 2021 674 2075 itium
702 2019 1050 2074 remittentes.
1077 2017 1206 2072 Illud
1229 2025 1404 2071 tamen
1435 2017 1730 2086 rogaverim
1751 2025 1978 2072 vestram
2003 2030 2095 2072 ca-

527 2116 732 2167 ritatem
751 2153 764 2171 .
799 2123 853 2165 ut
879 2127 939 2166 ea
969 2125 1087 2180 qua;
1111 2109 1358 2164 dicuntur
1381 2108 1662 2179 diligenter
1683 2109 2009 2174 auscultetis,
2040 2117 2093 2162 et

527 2219 594 2256 ex
627 2202 847 2272 singulis
875 2202 1159 2270 Scriptura:
1189 2200 1343 2255 dictis
1379 2200 1608 2253 maxima
1635 2200 1785 2254 vobis
1823 2207 2094 2254 accrescat

527 2295 758 2359 utilitas,
799 2292 1106 2360 nullumque
1151 2305 1336 2344 eorum
1391 2299 1592 2344 temere.
1640 2289 2088 2359 praetermittatur.

529 2383 829 2436 Thesaurus
849 2383 986 2436 enim
1012 2381 1300 2449 spiritualis
1317 2391 1440 2434 sunt
1461 2381 1634 2434 divina
1661 2381 1897 2450 eloquia;
1915 2379 2090 2434 etsic-

529 2483 587 2526 ut
619 2472 806 2540 aliquis
831 2473 896 2526 de
931 2472 1163 2526 sensibili
1191 2473 1438 2525 thesauro
1473 2486 1614 2538 saepe
1644 2485 1799 2523 unam
1825 2485 2088 2538 gentmam

525 2563 806 2631 recipiens,
841 2576 1054 2630 magnas
1076 2561 1172 2614 sibi
1201 2570 1348 2628 parat
1371 2560 1578 2614 divitias
1609 2560 1715 2613 :ita
1745 2569 1796 2613 et
1819 2561 1903 2613 hic
1923 2562 2096 2628 justo-

526 2668 642 2706 rnm
671 2652 918 2710 virtutes.
959 2651 1118 2704 modo
1153 2651 1423 2706 attendere
1479 2651 1798 2705 voluerimus
1825 2691 1839 2717 ,
1893 2660 2088 2705 tau-tam

526 2741 680 2796 nobis
721 2743 996 2794 utilitatem
1038 2741 1228 2795 afferre
1259 2749 1511 2809 possunt,
1557 2751 1615 2795 ut
1664 2741 1730 2796 ad
1779 2741 2088 2796 imitandum

525 2849 620 2886 eos
669 2834 966 2886 incitemur.
1010 2831 1098 2887 Sic
1121 2833 1262 2886 enim
1307 2833 1597 2900 poterimus
1621 2841 1673 2885 et
1699 2847 1796 2885 nos
1819 2832 2086 2898 eumdem,

525 2939 680 2992 quem
699 2923 793 2987 illi,
821 2921 1049 2974 favorem
1073 2923 1162 2975 Dei
1189 2923 1459 2989 consequi.
1492 2921 1668 2990 Neque
1689 2923 1820 2975 enim
1849 2939 2090 2992 persona-

525 3033 636 3069 rum
680 3025 911 3084 acceptor
953 3025 1024 3068 est
1067 3013 1219 3077 Dens,
1272 3014 1358 3066 sed
1387 3015 1436 3066 in
1477 3015 1612 3066 omni
1654 3024 1796 3083 gente
1831 3015 1916 3079 qui
1953 3015 2092 3067 timet

525 3104 688 3158 Deum
707 3113 753 3156 et
775 3113 1014 3172 operatur
1024 3105 1293 3174 justitiam,
1320 3113 1550 3172 acceptus
1570 3104 1614 3156 ei
1632 3113 1704 3156 est
1730 3103 1868 3170 (Act.
1892 3105 1976 3158 10.
2001 3106 2088 3159 54.

523 3195 614 3262 55)
643 3211 656 3246 :
682 3195 747 3246 ita
772 3201 848 3254 ut,
881 3193 924 3246 si
947 3195 1289 3254 volueriu‘tns,
1342 3194 1472 3246 nihil
1503 3195 1572 3247 sit
1621 3193 1758 3262 quod
1789 3195 2086 3262 prohibeat,

525 3287 648 3353 quin
679 3293 820 3337 tanto
843 3286 924 3338 vel
949 3285 1107 3338 etiam
1149 3285 1334 3352 majori
1360 3286 1619 3353 potiamur
1646 3287 1856 3338 auxilio.
1885 3287 2012 3340 Nam
2043 3289 2088 3341 si

525 3390 621 3428 uos
637 3375 910 3428 dumtaxat
928 3375 1110 3427 viderit
1127 3373 1314 3427 afferre
1334 3391 1449 3443 qum
1465 3391 1529 3428 ex
1552 3376 1702 3430 nobis
1717 3385 1858 3442 sunt,
1883 3387 1932 3431 et
1953 3391 2088 3446 prae-

525 3465 666 3520 ferre
693 3464 931 3517 humanis
947 3480 1006 3518 ea
1028 3481 1145 3533 qua:
1167 3465 1269 3518 sibi
1293 3467 1516 3535 placent,
1549 3475 1746 3520 tantam
1776 3479 1826 3522 et
1859 3471 1969 3538 ipse
1995 3485 2092 3523 no-

526 3555 619 3608 stri
649 3571 827 3609 curam
861 3555 1165 3620 declarabit,
1195 3566 1250 3609 ut
1279 3556 1330 3608 in
1358 3557 1599 3610 omnibus
1619 3559 1847 3613 invictos
1885 3560 2086 3614 reddat.

525 3647 741 3700 lloSIem
791 3646 932 3700 cnim
955 3647 1206 3700 habemus
1234 3657 1572 3717 perpetuum.
1607 3660 1660 3703 et
1691 3651 2002 3720 implacabili
2036 3654 2087 3706 in

525 3750 624 3789 nos
668 3735 790 3789 odio
835 3735 1164 3804 ﬂagrantem.
1221 3737 1370 3792 llnde
1417 3741 1566 3794 nobis
1609 3755 1794 3810 magna
1822 3743 2088 3811 vigilantia

525 3842 657 3896 opus
683 3827 870 3893 est,ita
903 3838 958 3882 ut
987 3827 1100 3898 ejus
1147 3827 1355 3884 fraudes
1404 3832 1617 3887 vincere
1638 3874 1650 3894 ,
1692 3848 1752 3886 ac
1789 3834 2089 3901 superiores

525 3917 642 3986 ejus
663 3917 778 3971 telis
797 3919 1042 3971 constitui
1071 3920 1356 3988 possimus.
1383 3921 1494 3974 Non
1521 3923 1678 3975 aliter
1702 3935 1876 3976 autem
1907 3925 2086 3977 vince-

528 4023 661 4072 mus,
686 4024 840 4078 quam
869 4009 910 4062 si
939 4025 1032 4078 per
1046 4011 1294 4078 optimam
1317 4013 1770 4066 conversationem
1797 4029 2084 4081 supernum

527 4099 678 4151 nobis
703 4099 950 4152 auxilium
973 4101 1332 4153 conciliemus.
1354 4099 1618 4166 Optimum
1645 4117 1768 4155 vero
1793 4103 2084 4158 institutum

525 4197 607 4240 est
629 4187 728 4240 vita
757 4202 902 4254 pura.
934 4188 1043 4240 lloc
1063 4189 1201 4241 enim
1225 4189 1362 4241 basis
1381 4200 1434 4241 et
1465 4190 1859 4244 fundamentum
1887 4195 2088 4246 estvir-

526 4277 652 4329 tntis
683 4293 696 4328 :
725 4277 863 4345 quod
887 4277 974 4344 qui
999 4287 1142 4330 recte
1166 4277 1374 4344 jccerit,
1399 4277 1548 4331 facile
1573 4278 1672 4332 alia
1697 4279 1872 4334 omnia
1897 4281 2086 4335 devin-

527 4375 640 4422 (ξι-ις
669 4381 839 4433 neque
869 4367 1010 4418 illum
1035 4368 1302 4434 superabit
1337 4368 1417 4421 vel
1445 4369 1781 4436 pecuniarum
1803 4372 2082 4440 cupiditas,

527 4457 608 4509 vel
636 4456 818 4524 gloria:
838 4471 1005 4520 amor,
1033 4458 1114 4510 vel
1143 4459 1352 4523 invidia,
1382 4459 1464 4514 vel
1493 4461 1666 4531 aliqua
1696 4461 1902 4518 affectio
1927 4465 2084 4519 mala.

528 4547 595 4600 Et
631 4547 912 4613 qumnodo,
941 4562 1037 4615 ego
1066 4547 1254 4602 dicam.
1307 4549 1525 4618 Quando
1568 4554 1706 4606 enitn
1733 4555 1850 4624 quis
1891 4557 2086 4611 munda

527 4637 682 4689 fuerit
707 4637 1046 4702 conscientia,
1077 4647 1127 4690 et
1159 4639 1225 4690 ab
1265 4641 1406 4693 ornni
1431 4641 1592 4696 libera
1623 4647 1822 4698 macula
1847 4688 1861 4710 ,
1895 4648 2092 4714 poterit

531 4725 806 4778 Dominum
837 4727 1062 4778 universi
1091 4727 1283 4781 habere
1312 4729 1708 4787 inbabitautem.
1747 4733 1892 4787 Beati
1917 4737 2081 4805 enim,

527 4815 712 4882 inquit,
725 4817 908 4867 mundo
921 4817 1086 4881 corde,
1101 4820 1334 4885 quoniam
1347 4820 1446 4888 ipsi
1458 4821 1619 4874 Deum
1631 4823 1860 4877 uidebunt
1873 4825 2082 4892 (Matth.

527 4905 578 4959 5.
605 4903 680 4974 8).
701 4905 846 4970 Quod
875 4908 917 4959 si
935 4908 1052 4975 quis
1073 4908 1216 4960 illuni
1246 4910 1642 4968 inhabitatorem
1669 4914 1863 4970 habere
1879 4933 2088 4972 merea-

525 5001 615 5045 tur
639 4993 784 5060 quasi
813 4993 1001 5047 frustra
1024 5006 1076 5049 ct
1096 4997 1209 5051 sine
1231 5000 1602 5068 impedimento
1617 5021 1839 5074 corpore
1868 5009 2088 5063 vestitus

525 5092 689 5145 esset,
742 5083 808 5135 ita
853 5095 1030 5150 postea
1059 5085 1333 5152 afficietur,
1367 5101 1420 5144 et
1468 5093 1812 5148 humanarum
1851 5100 2084 5152 omnium

526 5186 702 5224 rerum
757 5173 1053 5240 superbiam
1101 5177 1251 5230 facile
1285 5189 1606 5236 contemnet.
1653 5185 1890 5240 llumana
1943 5191 2084 5244 enim

527 5262 700 5314 notitia
729 5262 912 5317 umbra
935 5264 1032 5317 .illi
1063 5268 1430 5340 somniumque
1475 5276 1818 5342 apparebunt,
1859 5289 1913 5332 et
1951 5282 2088 5334 sicut

525 5355 748 5409 caelestis
768 5356 894 5408 civis
915 5360 1246 5425 praesentium
1266 5362 1390 5416 nihil
1409 5366 1628 5432 optabit.
1657 5367 1796 5421 Talis
1821 5379 1934 5424 erat
1967 5373 2084 5423 lica-

527 5453 609 5500 tus
631 5443 820 5498 Paulus
843 5445 1030 5502 doctor
1051 5449 1221 5516 orbis;
1255 5461 1530 5522 propterea
1556 5455 1838 5525 clamabat,
1868 5459 2080 5514 dicens:

588 5681 604 5712 ι
639 5677 777 5743 ΒΜ,
801 5680 1037 5734 habitavit.

1281 351 1337 406 S.
1377 348 1650 406 JOANNIS
1684 347 2152 404 CHRYSOSTOSII
2189 348 2504 406 ABCHIEP.
2545 352 3074 414 CONSTANTINOP.

3667 367 3764 424 52i

2211 455 2349 511 Nunt
2373 462 2758 530 arperimentum
2777 467 3005 534 quwritis
3042 469 3151 532 eius
3175 471 3262 538 qui
3291 471 3341 523 in
3401 489 3479 526 me
3515 475 3764 542 loquitur.

2203 547 2388 603 Christi
2423 551 2496 620 (2.
2521 551 2637 608 Cor.
2668 556 2754 609 15.
2779 557 2872 624 5)?
2909 559 2975 612 Ει
3014 559 3202 614 iterum
3235 577 3248 612 :
3291 560 3410 616 Viro
3435 577 3632 630 autem,
3669 586 3764 624 non

2195 637 2309 706 jam
2337 655 2446 709 ego,
2467 643 2585 694 uiuit
2607 652 2774 698 autem
2803 647 2854 697 in
2882 663 2960 700 me
2987 645 3212 702 Christus
3243 650 3432 716 (Galat.
3457 654 3511 708 2.
3537 655 3646 722 20).
3703 659 3766 714 Et

2203 725 2594 800 iterumtouod
2617 743 2782 788 autem
2831 753 2962 790 nunc
3008 741 3114 792 rivo
3139 741 3188 792 in
3217 758 3386 806 carne,
3431 746 3485 798 in
3523 749 3623 814 ﬁde
3659 753 3764 806 rivo

2205 817 2413 892 (Ibid.).
2445 821 2624 876 Vidisti
2649 825 2815 878 virum
2842 841 3063 896 carpere
3087 830 3489 902 circumdatum,
3512 841 3658 905 quasi
3683 842 3764 892 in-

2198 923 2450 979 corporea
2475 913 2653 982 quiete
2680 915 2938 972 fruentem
2969 919 3110 987 loqui
3137 923 3352 975 omnia?

2266 999 2320 1052 Δι.
2351 999 2520 1074 Multa
2569 1001 2650 1056 hic
2695 1007 3138 1074 commendantur,
3189 1029 3365 1080 nempe
3399 1029 3419 1068 :
3444 1019 3762 1086 mortiﬁcatio

2197 1088 2364 1141 carni:
2385 1127 2401 1151 ,
2438 1091 2521 1143 eui
2556 1093 2713 1161 ipsius
2736 1097 2998 1164 spiritanle
3019 1102 3350 1170 sacriﬁcium,
3397 1107 3655 1176 vigilantia
3674 1153 3690 1178 ,
3715 1126 3762 1168 et

2197 1195 2406 1234 examen
2435 1185 2765 1240 conscientiae.
2798 1218 2868 1228 —
2905 1190 3054 1246 llmtc
3083 1210 3270 1250 omnes
3293 1197 3588 1266 imitemur,
3615 1219 3762 1258 mor-

2199 1267 2458 1324 tiﬁccmus
2507 1276 2739 1330 membra
2789 1281 2997 1346 carnis,
3050 1292 3103 1338 et
3143 1285 3209 1338 ad
3255 1287 3392 1341 male
3433 1293 3760 1357 operantium

2196 1357 2486 1414 inefficacia
2532 1364 2858 1422 reddamus:
2899 1371 2975 1424 sic
3013 1375 3152 1427 enim
3195 1378 3522 1443 potissimum
3564 1385 3760 1440 Valebi—

2197 1465 2318 1505 mus
2343 1451 2454 1520 ipsa
2495 1453 2608 1508 Deo
2645 1457 2836 1514 offerre
2863 1463 3178 1518 sacrificium
3207 1467 3616 1537 beneplacitmn.
3671 1475 3760 1530 Vi-

2193 1541 2316 1594 disti
2362 1559 2518 1612 quam
2573 1561 2762 1602 novum
2805 1560 2859 1604 et
2899 1552 3210 1610 admirabile
3258 1556 3362 1612 hoc
3407 1561 3760 1618 sacriﬁcium?

2193 1629 2414 1696 Quando
2442 1645 2648 1690 mortua
2687 1637 2880 1693 fuerint
2919 1643 3154 1698 membra
3171 1683 3190 1710 ,
3217 1653 3340 1702 tunc
3367 1651 3534 1718 magis
3555 1660 3758 1720 gratum

2193 1721 2296 1774 erit
2321 1720 2430 1776 Deo
2453 1725 2788 1779 sacrificium.
2837 1728 3009 1796 Quare
3043 1740 3096 1786 et
3135 1736 3404 1802 quomodo
3445 1737 3581 1794 hoc?
3620 1743 3759 1808 Quo—

2195 1809 2334 1862 niam
2359 1811 2630 1878 Spirituale
2667 1817 2980 1872 sacriﬁcium
3019 1831 3136 1888 est,
3165 1832 3220 1880 et
3247 1825 3374 1880 nihil
3404 1827 3559 1884 habet
3589 1835 3760 1886 sensi-

2194 1897 2318 1954 bile.
2369 1900 2502 1956 Nam
2531 1904 2582 1956 in
2627 1907 2861 1962 sensibili
2897 1911 3108 1979 quidem
3146 1915 3408 1971 sacriﬁcio
3437 1933 3541 1976 non
3585 1923 3760 1978 solum

2193 1987 2282 2054 id,
2311 1992 2450 2059 quod
2477 2003 2739 2050 mortuum
2767 2006 2848 2052 est
2869 2040 2884 2063 ,
2917 2000 3192 2070 abjicitur,
3237 2007 3329 2060 sed
3357 2023 3528 2078 neque
3557 2012 3760 2079 vivum,

2192 2081 2332 2148 quod
2363 2083 2600 2138 vitiatum
2641 2085 2836 2153 fuerit,
2885 2093 3160 2150 sacriﬁciis
3203 2095 3452 2152 idoneum
3495 2116 3648 2169 esse,
3693 2105 3760 2160 ab

2195 2170 2348 2225 initio
2370 2173 2482 2243 lege
2503 2187 2710 2232 cautum
2739 2177 2852 2244 fuit,
2881 2197 2979 2236 nec
3003 2183 3117 2239 sine
3136 2201 3291 2242 causa
3309 2188 3492 2258 (Leuit.
3516 2192 3710 2265 22.25)
3739 2214 3753 2252 ;

2193 2265 2284 2318 sed
2331 2275 2386 2320 ut
2434 2285 2527 2336 per
2565 2269 2998 2328 irrationabilinm
3041 2278 3460 2338 observationem
3509 2289 3756 2353 paulatim

2193 2354 2502 2412 inducamnr
2521 2361 2586 2414 ad
2605 2363 2927 2430 spiritualem
2949 2366 3086 2424 hanc
3112 2379 3166 2424 et
3190 2373 3498 2429 rationalem
3533 2377 3754 2434 hostiam

2192 2461 2312 2500 cum
2329 2461 2515 2517 magna
2535 2453 2741 2507 cautela
2766 2454 3106 2512 offerendam.
3121 2459 3269 2527 Quod
3288 2464 3426 2518 enim
3454 2465 3560 2522 illic
3581 2481 3664 2524 est
3683 2473 3760 2526 vi-

2194 2537 2404 2604 tiosum,
2429 2555 2618 2609 nempe
2639 2545 2894 2610 privatum
2913 2549 3236 2615 auribus,vel
3252 2555 3544 2611 mutilatum
3569 2561 3751 2628 cauda,

2191 2624 2416 2694 idipsum
2443 2629 2527 2684 hic
2555 2640 2638 2686 est
2673 2635 2806 2688 mala
2835 2640 3260 2707 concupiscentia
3283 2683 3298 2706 ,
3325 2642 3554 2711 luxuria,
3595 2624 3753 2718 Opom

2191 2731 2342 2774 amor
2369 2731 2423 2774 et
2451 2723 2624 2777 onmis
2665 2727 2892 2794 nequitia
2922 2744 2936 2782 :
2967 2741 3020 2784 et
3049 2733 3188 2800 quod
3227 2743 3308 2789 est
3349 2737 3456 2792 illic
3496 2755 3682 2794 sanum
3703 2753 3758 2798 ct

2192 2807 2260 2862 ab
2310 2811 2450 2864 omni
2497 2812 2700 2866 macula
2743 2816 2972 2872 alienum
3021 2835 3176 2889 esse,
3229 2824 3456 2895 idipsum
3523 2840 3607 2885 est
3673 2833 3758 2888 hic

2193 2904 2456 2952 mortuum
2505 2904 2699 2957 mundo
2723 2946 2737 2971 ,
2791 2906 2860 2960 ita
2893 2908 2962 2963 ad
3003 2912 3276 2980 Spirituale
3309 2919 3622 2974 sacriﬁcium
3669 2937 3726 2976 se

2195 2989 2475 3057 metipsum
2531 2992 2777 3050 idoneum
2815 2999 3090 3056 exhibere.
3137 3004 3262 3062 litec
3305 3024 3409 3062 non
3451 3010 3756 3080 sinmlicitcr

2195 3087 2599 3142 praetereamus.
2659 3085 2752 3140 sed
2787 3086 2922 3144 bene
2975 3091 3194 3159 ligentes
3239 3110 3302 3150 ea
3349 3097 3401 3151 in
3445 3109 3618 3156 mente
3657 3117 3754 3158 no-

2193 3175 2300 3220 stra
2329 3209 2345 3232 ,
2400 3170 2703 3228 Studeamus
2749 3191 2816 3230 ne
2864 3180 3030 3236 simus
3065 3181 3356 3242 deteriores
3403 3187 3618 3255 ludatis,
3667 3195 3753 3260 qui

2194 3255 2244 3308 in
2293 3258 2477 3314 umbra
2541 3271 2737 3318 tantam
2803 3268 3056 3324 exhibent
3119 3274 3561 3334 observationem.
3613 3255 3760 3340 Sicut

2192 3349 2332 3402 enim
2389 3351 2463 3405 illi
2509 3354 2680 3409 adhuc
2743 3357 2970 3414 lucerna:
3011 3363 3305 3422 assidentes
3345 3377 3618 3439 tantopere
3668 3375 3760 3430 illa

2191 3441 2576 3512 observarunt,
2633 3447 2704 3500 ita
2747 3463 2876 3514 nos,
2923 3461 3196 3522 postquam
3261 3459 3340 3512 sol
3393 3459 3609 3526 justitite
3659 3481 3756 3520 tios

2191 3530 2457 3588 illustrare
2481 3534 2723 3603 dignatus
2746 3548 2844 3601 est,
2871 3542 3157 3610 relictaque
3181 3548 3362 3601 umbra
3390 3550 3454 3602 ad
3477 3563 3752 3606 veritatem

2190 3620 2400 3676 adducti
2447 3637 2660 3690 sumus,
2715 3626 2938 3682 similem
2991 3632 3408 3692 observationem
3461 3641 3601 3696 circa
3649 3642 3750 3700 hoc

2189 3712 2461 3778 spirituale
2487 3715 2798 3772 sacriﬁcium
2829 3723 3200 3782 exhibeamus.
3247 3729 3311 3783 Et
3345 3747 3512 3800 neque
3540 3747 3753 3802 peccata

2189 3817 2308 3871 quae
2339 3804 2488 3858 nobis
2515 3805 2758 3861 videntur
2777 3825 2956 3878 parva,
2983 3815 3333 3881 perfunctorie
3355 3830 3753 3892 praetereamus,

2190 3892 2286 3948 sed
2314 3895 2546 3962 quotidie
2573 3911 2602 3950 a
2625 3899 2782 3955 nobis
2797 3903 3026 3958 rationes
3043 3915 3346 3974 repetamus
3369 3919 3420 3964 et
3447 3915 3748 3981 verborum,

2190 3997 2244 4044 et
2261 4001 2566 4060 aspectuum
2595 4007 2609 4044 :
2645 4007 2929 4062 patriasque
2958 3995 3024 4048 de
3053 3997 3203 4052 nobis
3223 3999 3355 4068 ipsis
3375 4019 3664 4070 sumamus,
3701 4017 3756 4062 ut

2190 4096 2287 4133 nos
2313 4097 2342 4134 a
2371 4081 2543 4136 futuro
2567 4084 2824 4150 supplicio
2851 4086 3156 4144 liberemus.
3187 4091 3410 4160 Propter
3443 4094 3542 4150 hoc
3559 4099 3753 4167 quippe

2191 4169 2386 4223 Paulus
2403 4171 2566 4238 inquit
2587 4189 2600 4224 :
2623 4171 2762 4224 Nam
2780 4174 2823 4234 si
2843 4190 2932 4226 nos
2953 4175 3084 4243 ipsos
3101 4179 3516 4251 judicaverimus,
3539 4205 3636 4240 non
3653 4191 3752 4242 uti-

2190 4275 2284 4326 que
2303 4260 2648 4326 judicaremur
2677 4263 2752 4329 (ι.
2784 4260 2904 4326 Cor,
2935 4265 3022 4318 11.
3053 4265 3161 4336 5i).
3199 4267 3270 4322 Ita
3303 4272 3348 4324 si
3379 4289 3473 4326 nos
3501 4276 3644 4344 ipsos
3668 4277 3752 4330 hic

2192 4349 2715 4405 muniemus-veritatis
2762 4362 2975 4421 propter
3009 4358 3310 4423 quotidiana
3359 4375 3604 4432 peccata,
3657 4369 3754 4422 im-

2195 4439 2490 4492 minucmus
2516 4439 2850 4496 severi-tatem
2873 4443 3056 4512 judicii
3083 4449 3222 4515 quod
3263 4451 3369 4506 illic
3397 4452 3627 4510 futurum
3649 4467 3751 4514 est.

2193 4526 2342 4589 Quod
2375 4525 2416 4578 si
2457 4527 2624 4594 ignavi
2671 4527 2947 4598 fuerimus,
2996 4535 3093 4600 Qui
3127 4537 3452 4608 judicamur,
3493 4544 3692 4613 inquit,
3724 4565 3756 4598 τι

2194 4614 2410 4668 Domino
2432 4617 2704 4670 erudimur.
2731 4619 2878 4674 Prius
2899 4623 3055 4690 igitur
3075 4631 3423 4698 nosmetipsos
3439 4635 3756 4690 condemne-

2194 4719 2312 4757 mus
2339 4719 2524 4773 magna
2564 4721 2683 4762 cum
2723 4709 3024 4768 sinceritate
3045 4755 3060 4781 ,
3094 4724 3146 4768 et
3169 4719 3316 4772 nullo
3345 4723 3545 4778 sciente
3583 4724 3632 4784 in
3662 4725 3754 4778 tri-

2196 4793 2374 4848 bunali
2418 4798 2756 4852 conscientia:
2797 4800 3076 4857 sedeamus
3116 4821 3130 4859 :
3170 4807 3351 4876 sicque
3393 4814 3759 4869 exatninemus

2194 4895 2404 4940 nostras
2429 4888 2774 4956 cogitationes
2789 4929 2810 4954 .,
2855 4900 2911 4945 et
2949 4903 3146 4948 rectam
3173 4902 3488 4956 sententiam
3521 4906 3758 4972 profera-

2197 4991 2332 5038 mus,
2365 4985 2420 5029 nt
2457 4993 2606 5030 mens
2635 4979 2942 5036 imminente
2971 4981 3062 5037 illo
3099 4996 3302 5043 terrore
3333 5007 3582 5060 percussa
3607 5035 3626 5060 ,
3655 5011 3757 5050 non

2198 5067 2422 5133 patiatur
2448 5067 2673 5134 amplius
2710 5067 2916 5137 decipi,
2961 5073 3054 5128 sed
3095 5076 3346 5146 impetum
3395 5083 3653 5151 refrenet,
3697 5103 3759 5142 ac

2197 5156 2524 5222 prospiciens
2555 5158 2698 5212 illum
2727 5159 3020 5216 insomnem
3053 5169 3263 5222 oculum
3283 5209 3300 5236 ,
3333 5173 3622 5238 pmcludat
3649 5177 3761 5230 dia-

2197 5243 2320 5296 bolo
2337 5247 2648 5312 ingressnm.
2665 5247 3155 5320 Propterignaviam
3169 5260 3308 5312 enim
3333 5260 3549 5319 ferimus
3560 5269 3760 5334 omnia,

2195 5343 2257 5386 ut
2287 5335 2396 5401 ipsa
2425 5351 2600 5390 rerum
2625 5341 2952 5408 experientia
2985 5345 3196 5402 clamat.
3245 5351 3373 5406 Nam
3414 5359 3760 5423 quemadmo-

2200 5423 2324 5478 dum
2348 5425 2389 5478 si
2417 5426 2500 5478 vel
2527 5427 2796 5494 paululum
2823 5433 3039 5488 excitari
3055 5437 3393 5507 voluerimus,
3422 5457 3607 5499 omnes
3628 5446 3764 5502 illius

2201 5512 2418 5568 insidias
2447 5516 2595 5582 quasi
2631 5518 2898 5584 pulverem
2919 5525 3234 5590 repellamus
3262 5546 3276 5582 :
3300 5532 3376 5586 sic
3397 5536 3610 5603 quando
3637 5551 3761 5606 sup-

2203 5603 2498 5671 plantamur
2521 5645 2535 5668 ,
2571 5621 2677 5660 non
2709 5620 2922 5678 propter
2946 5613 3088 5669 illius
3122 5621 3450 5686 tyrannidem
3479 5625 3578 5680 hoc
3597 5603 3763 5684 susti-

2195 5709 2389 5751 nemus
2413 5735 2428 5762 ,
2476 5695 2567 5752 sed
2610 5707 2824 5765 propter
2851 5701 3112 5762 innaviam
3139 5721 3392 5770 nostram.
3421 5717 3602 5788 Neque
3617 5720 3764 5777 enim
