4168 6264
267 293 270 296 ’
381 323 488 381 523

373 443 464 497 ὕπ’
496 441 660 496 αὐτοῦ
694 441 1015 512 τεχθέντων.
1048 442 1204 507 Τότε,
1257 441 1442 511 φησὶν,
1487 441 1885 504 ἐτελεύτησεν
1926 442 1960 492 ὁ

379 521 581 579 Ἰσαὰκ
614 526 971 592 πρεσϐύτης,
1021 524 1119 577 καὶ
1175 524 1410 590 πλήρης
1464 521 1718 591 ἡμερῶν.
1758 524 1820 574 Εἰ
1852 522 1960 591 γὰρ

373 611 536 681 ἡνίκα
573 610 672 677 τῆς
735 609 987 676 εὐλογίας
1031 609 1131 678 τὴν
1165 607 1369 678 κλοπὴν
1413 609 1646 660 ἐποιεῖτο
1678 609 1706 658 6
1740 605 1960 670 Ἰακὼϐ,

371 690 759 762 ἠμϐλύνθησαν
788 693 835 742 οἰ
864 691 1132 760 ὀφθαλμοὶ
1157 690 1344 753 αὐτοῦ,
1375 690 1560 759 φησὶν.
1604 689 1726 741 ὅθεν
1769 691 1862 741 καὶ
1894 689 1962 741 τὰ

370 773 471 841 τῆς
489 773 706 840 ἀπάτης
726 772 873 841 αὐτῷ
895 771 1302 844 προεχώρησεν,
1333 773 1585 840 ἐννόησον
1618 770 1756 839 μετά
1782 768 1964 821 τοσού-

370 871 481 907 των
509 855 644 907 ἐτῶν
671 854 904 925 ἀριθμὸν
932 857 1080 918 ὅπως
1106 852 1173 924 ἦν
1207 871 1344 923 γεγη
1356 853 1554 923 ρακὼς.
1587 853 1696 912 Καὶ
1725 853 1963 920 ἔθαψαν

372 935 578 998 αὐτὸν,
613 938 795 1005 φησὶν,
831 937 1022 991 Ἠσαῦ
1053 938 1151 989 καί
1192 938 1405 990 Ἰακώϐ.
1445 936 1604 988 Ἀλλὰ
1638 935 1822 988 λοιπὸν
1864 934 1962 1002 τῆς

373 1017 629 1087 τελευτῆς
668 1017 763 1071 τοῦ
803 1019 1009 1088 πατρὸς
1057 1020 1371 1088 γενομένης,
1406 1018 1638 1082 Λαϐὼν,
1673 1018 1826 1087 φησὶ,
1857 1017 1963 1080 τὰς

374 1101 661 1168 γυναῖκας
690 1102 876 1154 αὑτοῦ
910 1101 1113 1165 Ἠσαῦ,
1145 1104 1242 1156 καὶ
1271 1103 1416 1166 τοὺς
1447 1100 1638 1167 υἱοὺς,
1677 1101 1776 1153 καὶ
1813 1099 1960 1152 πάν-

378 1199 484 1247 τας
517 1183 656 1249 τοὺς
688 1185 894 1246 αὑτοῦ,
927 1183 1026 1236 καὶ
1060 1183 1256 1236 πάντα
1290 1185 1408 1238 ὅσα
1443 1183 1741 1250 ἐκτήσατο
1781 1183 1849 1234 ὲν
1884 1179 1962 1249 γῇ

375 1264 638 1326 Χαναὰν,
659 1265 971 1334 ἐπορεύθη.
1007 1268 1127 1318 Οὐκ
1153 1266 1415 1334 ἠδύνατο
1438 1267 1566 1334 γὰρ,
1601 1267 1783 1334 φησὶν,
1815 1263 1852 1328 ἢ
1886 1260 1960 1331 γῆ

374 1345 486 1414 τῆς
529 1347 942 1416 παροικήσεως
991 1348 1196 1416 φέρειν
1226 1348 1449 1413 αὐτοὺς
1497 1347 1614 1401 ἀπὸ
1654 1347 1759 1400 τοῦ
1802 1345 1959 1410 πλή-

374 1431 517 1495 θους
548 1428 666 1481 τῶν
696 1433 1108 1498 ὑπαρχόντων.
1147 1430 1254 1484 Καὶ
1287 1430 1485 1497 ᾤκησε
1521 1429 1739 1483 λοιπὸν
1774 1429 1844 1480 ἐν
1882 1426 1962 1491 τῷ

374 1510 494 1576 ὄρει
537 1513 734 1579 Σηείρ.
787 1513 895 1564 Καὶ
926 1511 1298 1583 διηγησαμένη
1337 1515 1468 1583 ήμῖν
1524 1515 1556 1583 ἡ
1601 1513 1721 1564 θεία
1772 1512 1809 1562 Γ
1819 1510 1960 1580 ραφὴ

372 1595 498 1655 τοὺς
543 1597 606 1647 ἐκ
651 1596 744 1648 τοῦ
781 1595 950 1648 Ἡσαῦ
999 1596 1290 1665 τεχθέντας
1336 1597 1430 1648 καὶ
1481 1595 1552 1647 τὰ
1594 1594 1720 1663 ἔθνη
1767 1593 1835 1645 τά
1870 1591 1960 1644 ὑπ’

372 1674 536 1726 αὐτοῦ
577 1679 938 1748 γεγενημένα,
972 1678 1132 1748 φησί’
1187 1676 1512 1744 Παρῴκησε
1554 1675 1622 1727 δὲ
1654 1673 1856 1728 Ἰακὼϐ
1892 1674 1962 1725 ἐν

373 1755 448 1824 τῇ
487 1757 584 1827 τῇ,
613 1756 684 1814 οὗ
715 1760 1077 1827 παρῴκησεν
1109 1762 1142 1812 ὁ
1176 1759 1374 1827 πατὴρ
1401 1758 1610 1820 αὐτοῦ,
1635 1758 1705 1811 ἐν
1749 1755 1825 1826 τῇ
1853 1757 1962 1807 Χα-

371 1838 544 1894 ναὰν.
588 1841 727 1894 Ἀλλ’
756 1842 1006 1895 ἐντεῦθεν
1043 1841 1226 1895 λοιπὸν
1281 1842 1442 1894 πάλιν
1481 1840 1780 1908 διαδέχεται
1813 1838 1962 1907 ἡμᾶς

372 1918 534 1992 ἑτέρα
567 1925 918 1994 πραγματεία
947 1926 981 1994 ή
1021 1925 1160 1976 κατὰ
1192 1924 1282 1975 τὸν
1312 1923 1613 1992 θαυμάσιον
1652 1923 1869 1990 Ἰωσήφ.

442 2019 513 2080 γ’.
531 2013 666 2066 Ἀλλ’
697 2015 746 2065 εί
776 2013 1055 2084 βούλεσθε,
1086 2012 1322 2066 ἐνταῦθα
1356 2013 1655 2083 στήσαντες
1684 2011 1775 2063 τὸν
1805 2009 1963 2078 λόγον¹

370 2095 450 2157 είς
479 2095 668 2166 ἑτέραν
705 2096 880 2166 ἀρχὴν
918 2093 1325 2165 ταμιευσόμεθα
1364 2094 1462 2162 τὴν
1493 2093 1634 2145 κατά
1667 2092 1758 2144 τὸν
1797 2092 1962 2145 παῖδα

368 2175 463 2227 τοῦ
499 2175 689 2228 Ἰακὼϐ
723 2176 985 2245 ἱστορίαν,
1019 2178 1195 2229 έκεῖνο
1226 2175 1659 2246 παραινέσαντες
1694 2174 1847 2244 ὑμῶν
1893 2176 1959 2244 τῇ

369 2258 583 2328 ἀγάπῃ,
620 2259 758 2328 μετὰ
802 2258 1085 2328 ἀκριϐείας
1137 2259 1424 2328 προσέχειν
1465 2261 1576 2322 τοῖς
1624 2257 1957 2326 λεγομένοις,

371 2342 468 2394 καλ⁵
499 2340 558 2404 ἐξ
600 2341 832 2393 ἑκάστου
859 2341 966 2393 τῶν
995 2343 1052 2393 ὲν
1084 2344 1150 2411 τῇ
1185 2341 1305 2410 θεία
1329 2341 1520 2412 Γραφῇ
1565 2342 1830 2410 κειμένων
1869 2357 1962 2410 με-

370 2423 565 2492 γίστην
598 2422 942 2494 καρποῦσθαι
979 2423 1074 2493 τὴν
1107 2424 1397 2493 ὠφέλειαν,
1437 2425 1532 2476 καὶ
1575 2424 1741 2494 μηδὲν
1777 2422 1962 2485 ἁπλῶς

372 2504 762 2573 παρατρέχειν.
817 2503 1101 2575 Θησαυρὸς
1146 2505 1256 2576 γάρ
1306 2507 1424 2558 ἐστι
1473 2505 1840 2575 πνευματικὸς
1894 2503 1962 2555 τὰ

373 2587 492 2638 θεῖα
527 2586 710 2653 λόγια⁸
751 2588 843 2646 καὶ
885 2587 1134 2656 καθάπερ
1174 2588 1283 2641 ἀπὸ
1323 2588 1416 2640 τοῦ
1459 2588 1718 2657 αἰσθητοῦ
1753 2588 1960 2656 θησαυ-

375 2667 470 2736 ροῦ
516 2671 608 2720 καὶ
641 2668 783 2722 λίθον
818 2669 914 2722 ἕνα
957 2669 1216 2733 πολλάκις
1262 2671 1594 2740 ὑφελόμενός
1641 2688 1743 2733 τις,
1793 2670 1960 2723 πολὺν

372 2751 550 2820 ἐαυτῷ
587 2752 876 2821 ἐργάζεται
916 2753 1008 2804 τὸν
1044 2753 1307 2806 πλοῦτον’
1347 2751 1490 2806 οὕτω
1519 2755 1614 2806 καὶ
1646 2752 1878 2806 ἐνταῦθα
1903 2752 1960 2804 αί

369 2833 478 2887 τῶν
507 2835 730 2888 δικαίων
760 2837 972 2906 ἀρεταὶ,
1005 2836 1054 2888 εἰ
1083 2836 1371 2906 προσέχειν
1402 2835 1744 2905 βουλοίμεθα,
1772 2834 1961 2887 τοσαύο

370 2933 471 2987 την
497 2919 628 2986 ἡμῖν
667 2918 767 2988 τὴν
795 2918 1061 2987 ὠφέλειαν
1088 2919 1348 2988 παρέχειν
1391 2919 1731 2988 δυνήσονται,
1763 2917 1838 2980 ὼς
1868 2917 1962 2969 καὶ

373 2999 510 3068 πρὸς
544 3000 633 3052 τὸν
663 3001 846 3070 ὅμοιον
873 3001 1053 3054 αὐτῶν
1079 3001 1424 3070 διεγερθῆναι
1458 2999 1638 3070 ζῆλον.
1671 3000 1827 3052 Οῦτω
1853 3000 1960 3071 γάρ

372 3082 717 3154 δυνησόμεθα
752 3085 845 3136 καὶ
876 3086 1037 3154 ἡμεῖς
1069 3085 1168 3153 τῆς
1198 3083 1370 3152 αὐτῆς
1401 3085 1513 3144 τοῖς
1549 3081 1780 3144 δικαίοις
1828 3083 1963 3133 ἀπο-

373 3163 569 3217 λαῦσαι
601 3167 752 3236 παρά
785 3164 877 3219 τοῦ
903 3163 1037 3218 Θεοῦ
1065 3166 1295 3228 εὐνοίας.
1329 3164 1482 3218 Οὐδὲ
1509 3165 1623 3233 γὰρ
1653 3179 1964 3232 προσωπο-

372 3245 611 3315 λήπτης
644 3249 820 3302 ἐστὶν
849 3253 881 3302 ό
917 3250 1081 3314 Θεὸς,
1122 3248 1260 3302 ἀλλ’
1287 3247 1357 3300 ἐν
1388 3248 1566 3300 παντὶ
1599 3246 1757 3301 ἔθνει
1789 3250 1820 3299 ό
1857 3263 1964 3314 φο-

374 3330 662 3398 ϐούμενος
712 3332 900 3384 αὑτὸν
950 3329 1048 3383 καί
1103 3327 1490 3398 ἐργαζόμενος
1546 3327 1957 3395 δικαιοσύνην,

375 3412 584 3478 δεκτὸς
623 3412 783 3478 αὐτῷ
821 3413 1024 3467 ἐστιν·
1054 3412 1217 3474 ὥστε,
1258 3414 1306 3464 εἰ
1344 3411 1688 3481 βουλοίμεθα,
1718 3412 1869 3464 οὐδὲν
1902 3412 1962 3464 τὸ

375 3495 580 3550 κωλῦον
611 3495 880 3566 τοσαύτης
901 3496 934 3564 ἢ
963 3496 1056 3549 καὶ
1086 3494 1328 3556 πλείονος
1355 3493 1503 3563 ἡμᾶς
1532 3492 1838 3546 ἀπολαῦσαι
1865 3493 1962 3563 τῆς

375 3578 581 3632 ἄνωθεν
627 3580 816 3649 ῥοπῆς.
855 3579 979 3631 Ἐὰν
1023 3579 1132 3646 γὰρ
1183 3576 1340 3647 μόνον
1385 3575 1534 3648 [581]
1579 3577 1727 3646 ἡμᾶς
1759 3577 1844 3646 ἴδῃ
1893 3575 1961 3628 τὰ

375 3660 505 3731 παρ’
552 3661 760 3714 ἑαυτῶν
809 3661 1193 3730 εἰσφέροντας,
1249 3659 1342 3712 καὶ
1390 3659 1460 3711 τὰ
1507 3658 1656 3728 αὐτῷ
1703 3656 1960 3709 δοκοῦντα

375 3744 758 3815 προτιμῶντας
787 3743 894 3796 τῶν
943 3741 1319 3812 ἀνθρωπίνων,
1352 3740 1617 3808 τοσαύτην
1658 3740 1751 3792 καὶ
1800 3738 1962 3808 αὐτὸς

375 3825 700 3889 ἐπιδείξεται
741 3825 840 3894 τὴν
883 3823 1229 3893 κηδεμονίαν,
1279 3822 1354 3883 ὡς
1387 3825 1445 3873 ὲν
1485 3821 1689 3874 ἅπασιν
1731 3819 1962 3888 ἀχειρώ-

376 3927 501 3973 τους
545 3911 694 3978 ἡμᾶς
739 3905 1100 3977 ἐργάσασθαι.
1156 3903 1265 3956 Καὶ
1308 3905 1418 3973 γὰρ
1459 3901 1720 3970 πολέμιον
1767 3903 1963 3970 ἔχομεν

376 3991 596 4062 διηνεκῆ
628 3991 723 4043 καὶ
753 3988 1016 4042 ἄσπονδον
1053 3986 1151 4053 τὴν
1185 3984 1318 4056 πρὸς
1357 3986 1504 4054 ἡμᾶς
1535 3982 1734 4054 ἔχθραν
1767 4000 1964 4052 κεκτη-

381 4073 557 4143 μένον.
589 4071 678 4123 Διὸ
705 4069 904 4140 πολλῆς
925 4070 1057 4139 ἡμῖν
1079 4069 1158 4122 δεῖ
1178 4068 1274 4138 τῆς
1300 4066 1625 4136 ἀγρυπνίας,
1648 4064 1789 4119 ὥστε
1812 4081 1964 4135 περι-

378 4154 631 4222 γενέσθαι
661 4150 824 4205 αὐτοῦ
853 4151 1144 4221 δυνηθῆναι
1184 4151 1284 4220 τῆς
1331 4148 1597 4219 μηχανῆς,
1638 4147 1732 4200 καὶ
1763 4147 1963 4199 ἀνωτέ-

381 4255 507 4308 ρους
542 4236 877 4306 καταστῆναι
922 4233 1030 4289 τῶν
1065 4234 1251 4286 τούτου
1295 4232 1486 4303 βελῶν.
1515 4232 1627 4302 Οὐχ
1675 4231 1876 4300 ἑτέρως
1907 4231 1963 4283 δὲ

379 4319 826 4390 περιεσόμεθα,ἢ
865 4319 952 4372 διά
1002 4319 1103 4388 τῆς
1143 4318 1368 4388 ἀρίστης
1411 4315 1688 4376 πολιτείας
1725 4312 1962 4366 ἐπισπά-

382 4404 574 4457 σασθαι
593 4401 910 4472 δυνηθέντες
934 4401 1032 4472 τὴν
1057 4400 1262 4454 ἀνωθεν
1287 4399 1626 4470 συμμαχίαν.
1657 4397 1878 4467 Ἀρίστη
1904 4396 1962 4449 δέ

379 4490 495 4540 ἐστι
542 4486 788 4539 πολιτεία
836 4485 950 4555 βίος
999 4483 1258 4552 καθαρός.
1293 4481 1462 4534 Τοῦτο
1499 4481 1608 4550 γάρ
1648 4481 1676 4532 6
1713 4480 1962 4549 θεμέλιος

381 4571 476 4622 καὶ
521 4575 554 4639 ὴ
597 4570 802 4638 κρηπὶς
848 4568 950 4637 τῆς
1005 4568 1240 4636 ἀρετῆς
1268 4568 1296 4618 6
1327 4565 1436 4635 γάρ
1469 4565 1658 4618 τοῦτον
1707 4563 1963 4632 ἀσφαλῶς

381 4651 850 4720 καταϐαλλόμενος
902 4648 1268 4718 εὐκολώτερον
1315 4648 1424 4699 τῶν
1483 4647 1654 4700 ἀλλων
1706 4647 1962 4699 ἁπάντων

381 4736 694 4809 περιέσεται
713 4751 725 4764 ·
755 4733 876 4787 οὐτε
904 4733 1012 4803 γὰρ
1043 4731 1348 4801 χρημάτων
1378 4729 1642 4798 ἐπιθυμία
1671 4729 1764 4783 τοῦ
1796 4728 1966 4782 τοιού-

378 4836 471 4872 του
511 4819 948 4888 περιγενήσεται,
975 4814 1097 4868 οὐτε
1130 4814 1288 4885 δόξης
1321 4813 1491 4885 ἔρως,
1515 4812 1642 4867 οὔτε
1675 4810 1962 4881 βασκανία,

377 4899 500 4954 οὐτε
523 4901 708 4971 ἕτερόν
733 4917 784 4952 τι
809 4900 914 4952 τῶν
943 4897 1150 4952 παθῶν.
1176 4898 1288 4951 Καὶ
1312 4896 1448 4963 πῶς,
1484 4895 1594 4964 ἐγὼ
1619 4896 1780 4964 λέγω.
1799 4895 1966 4949 Ὅταν

378 4985 486 5056 γάρ
515 5001 596 5046 τις
632 4983 867 5054 καθαρὸν
904 4982 1004 5054 ἔχῃ
1039 4981 1100 5034 τὸ
1135 4980 1392 5046 συνειδὸς,
1436 4981 1531 5033 καί¹
1565 4979 1764 5040 παντὸς
1793 4977 1964 5050 ῥύπου

379 5064 817 5136 ἀπηλλαγμένον,
847 5063 1132 5133 δυνήσεται
1163 5063 1254 5115 καὶ
1284 5062 1373 5114 τὸν
1401 5062 1656 5115 ἁπάντων
1689 5062 1967 5132 Δεσπότην

378 5148 584 5201 ἐνοικον
630 5146 795 5216 ἔχειν.
835 5145 1123 5213 Μακάριοι
1157 5144 1265 5215 γὰρ
1295 5147 1349 5198 οἱ
1390 5147 1658 5214 καθαροὶ,
1696 5146 1848 5216 φησὶ,
1894 5143 1968 5212 τῇ

382 5229 616 5298 καρδίᾳ,
644 5229 733 5281 ὅτι
756 5220 1052 5281 αὑτοίτὸν
1081 5227 1228 5280 Θεὸν
1254 5227 1528 5294 ὄψονται.
1552 5228 1721 5282 Ὅταν
1749 5228 1804 5280 δὲ
1826 5228 1969 5279 ἐκεῖ·

381 5332 470 5368 νον
502 5311 710 5368 Ξνοικον
745 5311 888 5382 ἔχειν
923 5309 1254 5382 καταξιωθῇ,
1295 5309 1370 5374 ὡς
1400 5311 1586 5375 ἁπλῶς
1616 5312 1710 5364 καὶ
1753 5311 1876 5381 εἰκῆ
1909 5309 1970 5362 τὸ

386 5398 546 5468 σῶμα
593 5397 997 5468 περικείμενος,
1053 5394 1196 5448 οὓτω
1234 5396 1419 5448 λοιπὸν
1457 5397 1790 5448 διακείσεται
1816 5434 1832 5458 ,
1873 5395 1968 5448 καὶ

383 5483 600 5535 πάντων
619 5480 728 5532 τῶν
750 5478 1104 5551 ἀνθρωπίνων
1122 5478 1320 5549 πολλὴν
1343 5477 1664 5542 ἐπιδείξεται
1681 5477 1778 5549 τὴν
1800 5479 1970 5547 ὑπερ-

383 5565 561 5634 οψίαν.
607 5566 859 5618 ’Ἂπαντα
900 5565 1009 5634 γάρ
1043 5563 1109 5616 τά
1154 5562 1404 5634 ὁρώμενα
1451 5561 1580 5616 σκιά
1611 5565 1706 5616 καὶ
1736 5563 1868 5635 ὄναρ
1892 5562 1971 5633 τῷ

387 5648 614 5720 τοιούτῳ
645 5650 910 5716 φανεῖται,
938 5648 1032 5700 καὶ
1057 5647 1310 5717 καθάπερ
1344 5650 1401 5701 ὲν
1426 5647 1504 5718 τῷ
1539 5645 1757 5718 οὐρανῷ
1778 5647 1842 5700 τὸ
1875 5663 1972 5700 πο-

389 5733 616 5804 λίτευμα
645 5733 804 5803 ἔχων,
842 5731 1014 5795 οὕτως
1053 5731 1268 5796 οὐδενὸς
1305 5731 1416 5786 τῶν
1457 5732 1738 5802 παρόντων
1777 5731 1968 5786 ὲπιθιδ⁹

1416 317 1486 373 IN
1524 317 1679 374 CAP.
1720 315 1913 373 XXXV
1952 316 2194 374 GENES.
2237 317 2470 372 HOMIL.
2510 315 2623 370 LX.

3545 315 3650 370 524
3698 365 3702 370 ,

2073 440 2253 509 μήσει.
2287 439 2538 501 Τοιοῦτος
2560 434 2628 510 ῆν
2654 437 2864 500 Παῦλος
2883 437 2910 490 6
2938 439 3036 508 τῆς
3061 436 3389 507 οἰκουμένης
3407 437 3655 489 διδάσκα-
3681 423 3700 446 ¹

2069 521 2177 584 λος·
2211 522 2290 574 διὸ
2315 523 2406 574 καὶ
2427 522 2553 575 ἐϐόα
2584 521 2785 588 λέγων’
2821 523 2898 574 ’Ἠ
2921 519 3174 589 δοκιμὴν
3193 520 3411 586 ζητεῖτε
3432 520 3539 573 τοῦ
3581 520 3650 571 ἐν

2068 605 2198 672 ἐμοὶ
2233 606 2572 669 λαλοῦντος
2603 603 2889 671 Χριστοῦ;
2928 607 3034 658 Καὶ
3066 606 3252 658 πάλιν*
3287 605 3378 658 Ζῶ
3414 605 3511 666 δὲ,
3543 607 3656 657 οὐκ

2067 689 2155 741 ἐτι
2176 688 2309 756 ἐγὼ,
2347 688 2414 756 ζῇ
2435 688 2503 740 δὲ
2530 689 2747 756 ἐνέμοὶ
2797 691 3070 755 Χριστός.
3104 690 3214 740 Καὶ
3249 689 3429 741 πάλινσ
3485 690 3554 740 ’Ὸ
3587 687 3657 738 δὲ

2067 772 2184 825 νῦν
2217 771 2286 830 (EI)
2314 773 2383 824 ἐν
2415 771 2613 839 σαρκί,
2651 771 2721 823 ἐν
2753 771 2952 823 πίστει
2985 769 3075 829 ζῶ.
3114 767 3266 833 Εἶδες
3298 771 3464 839 ἄνδρα
3495 768 3656 839 σῶμα

2069 854 2474 923 περικείμενον,
2517 854 2611 906 καὶ
2645 854 2719 915 ὼς
2751 855 2810 905 ἐν
2839 855 3118 923 ἀσωμάτῳ
3148 853 3299 925 λήξει
3328 853 3490 908 αὐτὸν
3522 869 3656 923 τυγ-

2068 935 2318 1004 χάνοντα,
2355 935 2496 987 οὕτω
2536 935 2714 988 πάντα
2747 935 3155 1004 φθεγγόμενον;

2137 1015 2198 1068 δ’.
2246 1015 2446 1069 Τοῦτον
2487 1017 2724 1078 ἅπαντες
2759 1016 3122 1087 ζηλώσωμεν,
3162 1019 3256 1070 καὶ
3291 1017 3654 1088 νεκρώσωμεν

2068 1096 2223 1168 ἡμῶν
2257 1098 2323 1150 τά
2364 1098 2499 1168 μέλη
2536 1098 2635 1167 τῆς
2670 1099 2871 1168 σαρκὸς
2893 1140 2906 1162 ,
2938 1100 3032 1151 καὶ
3066 1100 3203 1170 πρὸς
3232 1100 3330 1169 τὴν
3381 1101 3656 1171 ἁμαρτίαν

2068 1181 2403 1252 ἀνενέργητα
2417 1181 2554 1234 αὐτά
2572 1180 2956 1251 ἐργασώμεθά·
2973 1180 3116 1234 οὕτω
3133 1182 3241 1252 γὰρ
3267 1183 3499 1251 μάλιστα
3519 1181 3656 1235 αὐτά

2067 1263 2408 1332 δυνησόμεθα
2454 1263 2804 1333 παραστῆσαι
2835 1262 2912 1332 τῷ
2950 1263 3069 1332 Θεῷ
3106 1265 3297 1317 θυσίαν
3339 1266 3655 1334 εὐάρεστον.

2069 1342 2220 1407 Εἶδες
2262 1345 2321 1396 τὸ
2361 1345 2546 1399 καινὸν
2579 1345 2672 1396 καὶ
2704 1346 3006 1416 παράδοξον
3038 1347 3139 1416 τῆς
3183 1346 3377 1409 θυσίας
3415 1347 3654 1417 ταύτηςς

2069 1428 2238 1480 Ὅταν
2263 1430 2430 1498 νεκρά
2459 1429 2682 1500 γένηται
2710 1429 2779 1482 τά
2811 1430 2947 1500 μέλη
2967 1470 2982 1491 ,
3024 1432 3145 1483 τότε
3187 1432 3386 1502 μᾶλλον
3421 1432 3659 1502 εὐπρόσ-

2067 1509 2229 1562 δεκτα
2269 1513 2332 1580 τῇ
2381 1511 2540 1582 θυσίᾳ
2584 1511 2814 1579 γίνεται.
2867 1513 3024 1576 Τίνος
3064 1513 3252 1566 ἕνεκεν
3298 1515 3394 1567 καὶ
3444 1513 3533 1566 διὰ
3562 1514 3615 1566 τί
3640 1529 3656 1578 ;

2080 1593 2297 1662 Ἐπειδὴ
2321 1595 2665 1664 πνευματική
2703 1595 2851 1647 ἐστιν
2888 1597 2920 1665 ἡ
2955 1596 3136 1662 θυσία,
3167 1599 3262 1650 καὶ
3291 1597 3441 1648 οὐδὲν
3469 1595 3659 1666 αίσθη-

2065 1674 2158 1726 τὸν
2188 1674 2320 1743 ἔχει,
2386 1675 2510 1728 Ἐπὶ
2548 1677 2646 1745 μὲν
2677 1677 2786 1747 γὰρ
2823 1679 2922 1747 τῆς
2955 1678 3147 1742 θυσίας
3173 1680 3273 1748 τῆς
3303 1678 3566 1747 αἰσθητῆς
3598 1678 3657 1728 οὐ

2070 1755 2230 1824 μόνον
2263 1756 2322 1808 τὸ
2356 1757 2546 1826 νεκρόν
2582 1759 2730 1810 ἐστιν
2765 1759 3096 1829 ἀπόϐλητον,
3131 1760 3270 1813 ἀλλά
3299 1761 3396 1814 καὶ
3435 1760 3494 1812 τὸ
3525 1758 3659 1821 ζῶν,

2068 1840 2116 1888 εί
2150 1837 2330 1908 λώϐην
2364 1839 2485 1891 τινὰ
2519 1840 2652 1908 ἔχοι,
2688 1841 2807 1892 οὐδὲ
2851 1843 3012 1894 τοῦτο
3042 1846 3122 1905 είς
3153 1842 3341 1895 θυσίαν
3369 1841 3556 1895 δεκτὸν
3593 1842 3660 1894 ἂν

2067 1919 2278 1987 γένοιτό
2325 1938 2475 1974 ποτε.
2511 1922 2621 1974 Καὶ
2661 1923 2821 1975 τοῦτο
2848 1923 2907 1987 ἐξ
2940 1925 3118 1994 ἀρχῆς
3158 1925 3533 1994 ἐνομοθετεῖτο
3562 1925 3660 1992 οὐχ

2069 2002 2273 2064 ἁπλῶς,
2311 2003 2424 2055 ἀλλ’
2458 2004 2542 2056 ἵνα
2575 2004 2662 2056 διὰ
2701 2006 2801 2075 τῆς
2832 2007 2940 2060 τῶν
2973 2007 3183 2076 ἀλόγων
3219 2007 3660 2078 παρατηρήσεως

2068 2085 2210 2137 κατά
2241 2086 2436 2156 μικρὸν
2463 2087 2778 2158 ὲναχθῶμεν
2810 2091 2949 2158 μετά
2973 2091 3073 2160 τῆς
3112 2089 3379 2158 τοσαύτης
3411 2089 3661 2158 φυλακῆς

2066 2167 2165 2238 τὴν
2195 2170 2573 2238 πνευματικὴν
2621 2170 2828 2239 ταύτην
2858 2173 2953 2224 καὶ
2995 2171 3220 2242 λογικὴν
3268 2171 3458 2223 θυσίαν
3488 2187 3660 2240 προσ-

2067 2250 2239 2316 άγειν.
2275 2252 2340 2302 Ὃ
2362 2251 2470 2320 γάρ
2504 2253 2649 2304 ἐστιν
2677 2253 2794 2305 ἐκεῖ
2814 2252 2981 2324 λώϐη,
3017 2255 3111 2306 καὶ
3138 2253 3200 2306 τὸ
3224 2254 3539 2322 ώτότμητον
3567 2253 3662 2304 καὶ

2067 2332 2477 2404 κολοϐόκερκον,
2529 2335 2688 2387 τοῦτο
2732 2336 2970 2388 ἐνταῦθα
3022 2337 3300 2407 πονηρία,
3362 2334 3659 2404 ἐπιθυμία,

2065 2415 2358 2482 ἀσέλγεια,
2404 2418 2702 2486 χρημάτων
2736 2418 2877 2489 έρως
2917 2421 3013 2472 καὶ
3061 2422 3214 2472 πᾶσα
3249 2419 3527 2489 ἁμαρτία·
3565 2419 3662 2470 καὶ

2066 2499 2202 2569 ὅπερ
2231 2501 2376 2552 ἐστὶν
2408 2502 2526 2553 ἐκεῖ
2556 2502 2615 2553 τὸ
2641 2503 2814 2570 ὑγιὲς,
2842 2505 2938 2556 καὶ
2963 2503 3024 2556 τὸ
3048 2504 3227 2574 πάντῃ
3264 2503 3456 2573 μώμου
3485 2501 3663 2571 ἀπηλ-

2066 2581 2359 2652 λαγμένον,
2391 2583 2551 2636 τοῦτο
2576 2585 2810 2637 ἐνταῦθα
2842 2586 2902 2638 τὸ
2936 2587 3132 2656 νεκρὸν
3159 2587 3234 2657 τῷ
3265 2587 3454 2655 κόσμῳ
3483 2586 3662 2654 πάντῃ

2065 2665 2326 2734 γεγονότα
2354 2665 2497 2719 οὕτω
2520 2667 2656 2736 πρὸς
2681 2667 2778 2738 τὴν
2801 2667 2990 2721 θυσίαν
3015 2670 3114 2740 τὴν
3142 2666 3516 2739 πνευματικὴν
3543 2667 3662 2720 ἐπι-

2065 2748 2276 2818 τήδειον
2307 2749 2495 2800 ἑαυτὸν
2536 2750 2898 2818 καταστῆσαι.
2933 2750 3118 2804 Ταῦτα
3152 2752 3226 2821 μὴ
3258 2750 3444 2812 ἀπλῶς
3485 2765 3662 2819 παρα-

2065 2831 2369 2901 τρέχωμεν,
2395 2829 2511 2882 ἀλλ’
2540 2831 2922 2900 ὲμπηγνύντες
2946 2834 3084 2885 αύτά
3107 2837 3172 2903 τῇ
3199 2833 3406 2885 ἑαυτῶν
3429 2831 3660 2902 διανοίᾳ,

2069 2913 2461 2983 σπουδάσωμεν
2486 2914 2562 2984 μὴ
2584 2913 2842 2976 ἐλάττους
2861 2915 3092 2984 ὀφθῆναι
3115 2915 3224 2967 τῶν
3261 2915 3530 2970 Ἰουδαίων
3553 2913 3662 2965 τῶν

2068 2996 2126 3048 ἐν
2170 2998 2232 3065 τῇ
2272 2997 2398 3065 σκιᾷ
2431 2995 2700 3065 τοσαύτην
2732 2998 3192 3068 ἐπιδεικνυμένων
3246 3000 3654 3068 παρατήρησιν.

2071 3077 2282 3146 Ὥσπερ
2310 3079 2420 3146 γὰρ
2436 3079 2634 3130 ἐκεῖνοι
2658 3077 2739 3130 ἔτι
2767 3079 2843 3148 τῷ
2864 3079 3041 3149 λύχνῳ
3070 3079 3522 3149 παρακαθήμενοι
3549 3095 3664 3130 τοσ-

2069 3161 2239 3240 αύτήν
2256 3170 2535 3224 ἐποιοῦντο
2547 3172 2642 3242 τὴν
2662 3172 2994 3244 φυλακὴν,οῦ
3003 3191 3108 3236 τως
3121 3176 3153 3243 ὴ
3162 3165 3458 3243 μεῖς,[582]
3474 3172 3660 3241 ἐπειδὴ

2070 3252 2172 3306 ὑπὸ
2201 3253 2296 3305 τοῦ
2329 3254 2480 3324 ήλίου
2516 3255 2615 3324 τῆς
2648 3255 2998 3326 δικαιοσύνης
3038 3255 3487 3326 καταυγασθῆναι
3539 3272 3664 3307 κατ.

2069 3335 2402 3407 ηξιώθημεν,
2440 3338 2534 3390 καὶ
2569 3337 2668 3408 τήν
2715 3339 2873 3392 σκιάν
2927 3339 3324 3402 καταλιπόντες
3373 3337 3510 3409 πρὸς
3561 3338 3663 3407 τὴν

2069 3419 2328 3488 ἀλήθειαν
2344 3421 2766 3492 ὲχειραγωγήθη
2777 3438 2898 3490 μεν,
2926 3422 3026 3494 τήν
3043 3421 3234 3493 ὁμοίαν
3264 3421 3511 3492 φυλακὴν
3540 3421 3659 3471 6m-

2067 3503 2373 3574 δειξώμεθα
2396 3505 2526 3575 περί
2550 3503 2648 3575 τὴν
2681 3507 3062 3577 πνευματικὴν
3085 3508 3291 3576 ταύτην
3321 3505 3530 3558 θυσίαν.
3555 3501 3661 3555 Καὶ

2071 3586 2208 3656 μηδὲ
2245 3587 2313 3641 τὰ
2348 3587 2520 3658 μικρά
2556 3589 2932 3659 ἁμαρτήματα
2966 3590 3302 3660 νομιζόμενα
3340 3587 3527 3649 ἁπλῶς
3552 3603 3662 3639 πα-

2073 3670 2448 3740 Ρατρέχωμεν,
2473 3670 2612 3724 ἀλλὰ
2634 3673 2754 3726 καθ’
2777 3686 2803 3713 ιι
2830 3673 3070 3744 ἑκάστην
3093 3675 3308 3745 ἡμέραν
3333 3672 3561 3731 ἑαυτοὺς
3581 3672 3664 3722 εὐ·-

2069 3750 2234 3812 θύνας
2262 3751 2587 3820 ἀπαιτῶμεν
2620 3755 2715 3805 καὶ
2749 3756 3012 3822 ῥημάτων
3048 3758 3145 3808 καὶ
3177 3756 3526 3824 βλεμμάτων,
3566 3755 3663 3805 καὶ

2068 3833 2222 3894 δίκας
2245 3834 2471 3894 ἑαυτοὺς
2502 3835 2980 3904 εἰσπραττώμεθα,
3021 3837 3108 3890 ἵνα
3140 3838 3240 3906 τῆς
3267 3835 3475 3888 ἐκεῖθεν
3504 3833 3665 3887 κολά-

2071 3929 2209 3976 σεως
2252 3913 2478 3976 ἑαυτοὺς
2517 3913 2997 3985 ὲλευθερώσωμεν.
3049 3917 3149 3971 Διά
3194 3917 3304 3986 γὰρ
3360 3915 3519 3968 τοῦτο
3566 3919 3664 3968 καί

2071 3994 2283 4057 Παῦλός
2313 4012 2497 4065 φησιν·
2530 3997 2598 4048 El
2633 3999 2744 4066 γὰρ
2773 3997 3030 4064 ἑαυτοὺς
3076 3997 3413 4067 ἐκρίνομεν,
3443 4000 3555 4051 οὐκ
3584 3997 3663 4052 ἂν

2068 4078 2437 4146 ἐκρινόμεθα.
2491 4079 2673 4145 Ὥστε,
2729 4080 2823 4133 ὲάν
2861 4082 3088 4146 ἑαυτοὺς
3135 4081 3366 4135 ἐνταῦθα
3400 4081 3665 4152 κατακρίς

2069 4178 2249 4230 νωμεν
2278 4162 2369 4214 ἐπὶ
2392 4164 2502 4225 τοῖς
2528 4163 2649 4216 καθ’
2672 4164 2910 4235 ἑκάστην
2931 4165 3147 4236 ἡμέραν
3179 4164 3268 4233 ὐφ’
3296 4164 3453 4235 ἡμῶν
3481 4166 3660 4236 ἀμαρ-

2068 4245 2403 4314 τανομένοις,
2430 4246 2848 4317 ὑποτεμνόμεθα
2877 4247 2978 4317 τῆς
3008 4251 3126 4302 ἐκεῖ
3154 4249 3385 4319 κρίσεως
3417 4248 3514 4318 τὴν
3540 4265 3664 4316 σφο-

2067 4327 2318 4400 δρότητα.
2334 4327 2396 4379 Εἰ
2409 4327 2476 4381 δὲ
2495 4329 2630 4398 ρᾳθυ
2639 4331 2712 4399 μή
2722 4347 2807 4382 σαι
2815 4347 2934 4399 μεν,
2951 4333 3320 4402 Κρινόμενοι,
3341 4332 3525 4402 φησὶν,
3541 4332 3660 4384 ὑπὸ

2069 4408 2294 4477 Κυρίου
2341 4410 2758 4480 παιδευόμεθα.
2798 4412 3170 4483 Προλαϐόντες
3203 4415 3384 4469 τοίνυν
3433 4416 3662 4478 ἑαυτοὺς

2070 4492 2523 4561 καταδικάσωμεν
2559 4495 2696 4562 μετά
2721 4495 2923 4565 πολλῆς
2953 4497 3052 4566 τῆς
3077 4499 3524 4569 εὐγνωμοσύνης,
3565 4499 3662 4552 καὶ

2074 4575 2299 4645 μηδενὸς
2328 4575 2529 4637 εἰδότος
2557 4576 2618 4627 τὸ
2659 4575 3010 4648 δικαστήριον
3050 4580 3143 4632 τοῦ
3172 4581 3472 4644 συνειδότος
3521 4581 3660 4634 καθ-

2075 4657 2309 4719 ίσαντες,
2340 4655 2483 4709 οὕτω
2515 4655 2896 4728 βασανίσωμεν
2933 4661 3145 4714 ἑαυτῶν
3173 4665 3301 4725 τοὺς
3338 4663 3658 4730 λογισμοὺς,

2072 4741 2168 4792 καὶ
2194 4739 2360 4809 ὀρθὴν
2390 4738 2488 4808 τὴν
2529 4739 2711 4809 κρίσιν
2740 4740 3087 4812 ἐκφέρωμεν,
3115 4743 3202 4796 ἵνα
3230 4745 3320 4796 τὸν
3345 4744 3662 4814 ἐπηρτημέ-

2074 4840 2162 4876 νον
2195 4822 2360 4891 φόϐον
2379 4821 2633 4885 δεδοικὼς
2661 4825 2690 4876 6
2713 4823 2971 4893 λογισμὸς
3005 4825 3203 4895 μηκέτι
3235 4827 3496 4898 ἀνέχηται
3531 4829 3660 4880 ὑπο-

2075 4905 2356 4976 σύρεσθαι,
2393 4905 2528 4958 ἀλλά
2551 4907 2650 4975 τὴν
2682 4906 2860 4977 ὁρμὴν
2893 4906 3239 4980 ἀναχαιτίζῃ,
3271 4913 3364 4964 καὶ
3389 4910 3480 4963 τὸν
3506 4909 3661 4963 ἀκοί-

2077 5005 2247 5058 μητον
2274 4990 2479 5041 ἐκεῖνον
2507 4987 2784 5057 ὀφθαλμὸν
2814 4990 3202 5061 προορώμενος
3229 4992 3547 5063 ἀποτειχίζῃ
3583 4992 3660 5064 τῷ

2073 5070 2303 5141 διαϐόλῳ
2328 5071 2425 5141 τήν
2451 5069 2674 5127 εἴσοδον.
2704 5071 2826 5124 Ὅτι
2859 5071 2967 5143 γάρ
3001 5074 3109 5126 ἀπὸ
3143 5075 3416 5146 ῥᾳθυμίας
3446 5077 3662 5130 ἅπαντα

2075 5153 2442 5223 ὑπομένομεν,
2506 5153 2644 5224 αὐτὴ
2701 5153 2800 5224 βοᾷ
2845 5155 2952 5208 τῶν
2991 5159 3332 5227 πραγμάτων
3386 5161 3420 5229 ή
3469 5162 3658 5229 πεῖρα.

2078 5236 2288 5304 Ὠσπερ
2313 5235 2422 5303 γάρ
2451 5233 2546 5288 ὲάν
2576 5235 2768 5306 μικρὸν
2793 5237 3134 5310 διεγερθῆναι
3161 5239 3527 5310 βουληθῶμεν,
3557 5258 3660 5294 κα-

2077 5319 2252 5389 θάπερ
2291 5319 2566 5390 κονιορτὸν
2592 5319 2737 5372 οὕτω
2767 5319 2956 5374 τούτου
2993 5321 3093 5384 τάς
3135 5323 3427 5385 ἐπιϐουλὰς
3466 5325 3659 5376 ἀποτι-

2075 5402 2367 5470 ναξόμεθα·
2395 5401 2568 5465 οὕτως
2602 5402 2822 5456 ἐπειδάν
2863 5420 2995 5457 ποτε
3044 5405 3548 5476 ὑποσκελισθῶμεν,
3595 5408 3656 5459 οὐ

2077 5483 2229 5555 παρά
2252 5485 2352 5554 τὴν
2381 5484 2590 5538 ἐκείνου
2617 5486 2907 5556 τυραννίδα
2937 5487 3096 5540 τοῦτο
3129 5488 3493 5558 ὑπομένομεν,
3524 5489 3660 5545 ἀλλὰ

2079 5566 2232 5638 παρὰ
2274 5567 2374 5625 τὴν
2417 5566 2689 5638 ρᾳθυμίαν
2730 5568 2831 5639 τὴν
2882 5569 3181 5642 ἡμετέραν.
3231 5570 3368 5624 Οὐδὲ
3409 5571 3518 5644 γὰρ
3567 5571 3661 5646 βίᾳ

2077 5650 2236 5723 ἡμῶν
2276 5653 2617 5722 περιγίνεται
2660 5653 2754 5705 καὶ
2796 5653 3009 5724 ἀνάγκη
3032 5694 3046 5720 ,
3100 5652 3218 5708 ἀλλ’
3251 5655 3438 5727 ἀπάτῃ
3473 5656 3656 5728 μόνον.

2141 5743 2169 5773 ⁸
2193 5741 2419 5804 Quinque
2442 5755 2554 5793 mss.
2583 5743 2745 5800 ἁπλῶς
2768 5745 3125 5808 παρερχὼμεθα·
3152 5746 3273 5795 ἀλλά
3291 5747 3411 5797 καθ’.
