4168 6264
537 286 643 345 θίδ

536 403 642 458 Τοῦ
669 401 726 456 δὲ
767 401 840 472 μὴ
866 398 1230 470 ἀπατηθῆναι,
1263 400 1310 450 εἰ
1335 397 1629 468 θελήσομεν
1675 399 1866 470 μικρὸν
1897 401 2108 470 διεγερ-

539 493 696 562 θῆναι
719 491 815 544 καὶ
845 490 1030 560 νῆψαι,
1062 489 1220 558 ἡμεῖς
1239 485 1445 558 κύριοι·
1470 489 1569 539 οὐκ
1595 488 1783 558 ἐπειδὴ
1828 488 1949 542 καθ’
1983 489 2110 541 ἐαυ-

537 586 664 645 τοὺς
695 581 960 649 τοσαύτην
981 579 1174 647 ἔχομεν
1203 577 1300 646 τὴν
1321 577 1495 645 ἰσχὺν,
1517 576 1632 628 ἀλλ’
1659 577 1848 648 ἐπειδὴ
1876 578 1996 630 τότε
2019 578 2112 630 καὶ

542 674 641 742 τῆς
685 672 887 727 ἄνωθεν
931 668 1226 738 ἀξιούμεθα
1271 669 1461 738 ῥοπῆς.
1510 668 1680 722 Ὅταν
1727 670 1836 740 γὰρ
1873 670 1941 722 τά
1983 672 2112 740 παρ’

545 766 751 820 ἐαυτῶν
795 762 1186 832 ἐπιδειξιῦμεθα
1241 763 1336 814 καὶ
1382 761 1451 813 τὰ
1505 763 1658 834 παρὰ
1699 764 1792 816 τοῦ
1841 763 2112 816 Δεσπότου

545 859 760 918 πάντως
783 855 993 906 ἕπεται.
1027 852 1304 922 Νήψωμεν
1346 847 1460 916 οὖν,
1500 853 1823 924 παρακαλῶ,
1857 855 1950 906 καὶ
1979 853 2114 906 εἰδό-

546 963 634 1009 τες
654 945 744 998 τοῦ
767 943 1001 1014 πονηροῦ
1024 943 1124 1006 τὰς
1149 943 1416 1012 μηχανὰς,
1441 943 1703 1012 διηνεκῶς
1727 943 2111 1014 γρηγορῶμεν,

545 1037 634 1090 καὶ
666 1035 753 1087 τὸν
775 1035 905 1086 Θεὸν
941 1033 1348 1106 παρακαλῶμεν
1393 1034 1802 1103 σδνεφάψασθαι
1847 1037 1979 1104 ἡμῖν
2015 1035 2112 1104 τῆς

547 1127 680 1196 πρὸς
714 1125 875 1178 αὐτὸν
911 1125 1104 1194 πάλης.
1151 1123 1306 1176 Οὕτω
1349 1125 1455 1194 γάρ
1495 1125 1588 1176 καὶ
1627 1126 1789 1192 ἡμεῖς
1827 1123 2114 1193 ἀχείρωτοι

547 1217 908 1288 γενησόμεθα,
939 1218 1032 1268 καὶ
1057 1214 1154 1278 τάς
1186 1215 1392 1268 ἐκείνου
1424 1214 1821 1284 διαφευξόμεθα
1846 1213 2110 1283 μηχανὰς,

547 1310 640 1361 καὶ
671 1309 767 1377 τῆς
796 1307 944 1376 παρά
961 1307 1055 1358 τοῦ
1087 1306 1218 1358 Θεοῦ
1261 1306 1434 1376 ῥοπῆς
1459 1305 1856 1372 ἀπολαύσομεν,
1894 1304 1984 1355 καὶ
2008 1303 2115 1356 τῶν

543 1401 773 1452 αἰωνίων
811 1397 1198 1468 ἐπιτευξόμεθα
1240 1397 1482 1464 ἀγαθῶν·
1535 1390 1610 1450 ὧν
1659 1397 1869 1465 γένοιτο
1913 1397 2116 1458 πάντας

545 1492 692 1559 ἡμᾶς
719 1491 1012 1559 ἐπιτυχεῖν,
1041 1489 1222 1558 χάριτι
1253 1489 1344 1542 καὶ
1369 1488 1750 1559 φιλανθρωπίᾳ
1777 1487 1871 1540 τοῦ
1911 1487 2115 1557 Κυρίου

547 1579 706 1650 ήμῶν
759 1580 932 1649 Ἰησοῦ
961 1579 1224 1649 Χριστοῦ,
1260 1578 1377 1648 μεθ’
1421 1571 1480 1630 οὗ
1525 1577 1602 1647 τῷ
1649 1579 1846 1644 Πατρὶ,
1885 1577 2000 1646 ἅμα
2038 1576 2117 1645 τῷ

545 1673 687 1739 ἁγίῳ
712 1671 1008 1738 Πνεύματι,
1043 1670 1190 1734 δόξα,
1221 1670 1442 1738 κράτος,
1473 1669 1628 1738 τιμὴ,
1652 1669 1746 1730 νῦν
1772 1671 1866 1723 καί¹
1889 1670 1992 1734 ἀεὶ,
2023 1670 2118 1721 καί⁵

550 1766 629 1825 εἰς
651 1764 775 1826 τοὺς
801 1763 996 1824 αἰῶνας
1027 1761 1134 1813 τῶν
1167 1761 1396 1814 αἰώνων.
1443 1762 1636 1830 ’Λμήν.

1117 1886 1364 1938 ΟΜΙΛΙΛ
1399 1885 1480 1937 ΞΑ
1499 1891 1532 1937 ’.

549 1985 734 2045 Αὗτειι
769 1988 838 2057 δέ
883 1991 943 2042 al
982 1988 1249 2057 γενέσεις
1295 1987 1516 2057 Ἰακώϐ-ί
1571 1987 1790 2056 Ἰωσὴφ
1825 1987 2118 2042 δεκαεπτὰ

617 2058 768 2111 ἐτῶν
794 2055 873 2126 ἦν
909 2055 1236 2127 ποιμαίνων
1263 2057 1414 2124 μετὰ
1457 2056 1574 2108 τῶν
1612 2055 1890 2126 ἀδελφῶν
1929 2058 2118 2112 αὐτοῦ

621 2129 692 2181 τὰ
714 2129 995 2194 πρόϐατα.

622 2237 686 2284 α’.
727 2230 893 2284 Πάλιν
919 2231 1012 2282 ἐπὶ
1039 2231 1138 2300 τὴν
1159 2232 1358 2302 συνήθη
1397 2227 1674 2302 τράπεζαν
1719 2229 1861 2299 ὑμᾶς
1893 2230 2121 2297 ἀγαγεῖν

555 2320 834 2392 βούλομαι,
865 2325 958 2375 καὶ
984 2323 1082 2392 τῆς
1111 2323 1430 2386 ἀκολουθίας
1463 2322 1570 2374 τῶν
1603 2320 1794 2392 πρώην
1833 2323 1964 2392 ἡμῖν
1986 2325 2127 2395 είρη-

555 2413 732 2483 μένων
768 2412 1080 2481 λαϐόμενος,
1107 2415 1176 2464 ἐκ
1193 2412 1300 2464 τῶν
1328 2413 1635 2483 πρόσφατον
1665 2410 2122 2478 ἀναγνωσθέντων

551 2501 650 2570 τὴν
677 2501 916 2552 ἐστίασιν
955 2502 1082 2570 ὑμῖν
1107 2500 1431 2570 παραθεῖναι
1468 2501 1672 2570 ταύτην
1697 2501 2124 2572 τὴνπνευματι-

554 2595 676 2662 κήν.
731 2592 912 2644 Ἰκανά
941 2591 1047 2660 γάρ
1087 2591 1156 2642 τά
1191 2592 1430 2660 σήμερον
1463 2591 1874 2658 ἀναγνωσθέντα
1917 2589 2123 2653 διδάξαι

555 2683 762 2744 πάντας
787 2684 956 2752 ήμᾶς,
991 2683 1087 2752 ὅση
1103 2683 1198 2751 τῆς
1223 2682 1520 2751 βασκανίας
1543 2683 1688 2734 ἐστὶν
1711 2684 1745 2752 ἡ
1772 2682 1939 2752 λύμη,
1975 2682 2123 2755 [585]

555 2774 647 2824 καὶ
670 2773 817 2835 ὅπως
838 2773 896 2825 τὺ
930 2773 1167 2844 ὀλέθριον
1194 2771 1350 2824 τοῦτο
1389 2772 1558 2834 πάθος
1600 2773 1655 2824 τδ
1689 2771 1783 2824 τοῦ
1809 2773 2004 2840 φθόνου
2031 2773 2126 2826 καί¹

559 2863 720 2932 μέχρι
737 2862 835 2931 τῆς
859 2863 1172 2930 συγγενείας
1198 2862 1364 2931 αὐτῆς
1384 2861 1604 2914 ἐκταθέν
1627 2861 1722 2930 τὴν
1742 2861 1947 2916 οἰκείαν
1973 2863 2126 2931 ἰσχὺν

555 2954 883 3018 ἐπεδείξατο.
934 2953 1073 3007 Ἀλλ’
1111 2954 1196 3007 ἵνα
1230 2953 1353 3023 δόξῃ
1393 2953 1534 3006 κατά
1562 2952 1881 3004 ἀκολουθίαν
1907 2953 1936 3004 ό
1970 2952 2126 3021 λόγος

555 3045 826 3117 προϊέναι.
867 3046 1164 3112 ἀναγκαῖον
1206 3045 1374 3112 αὐτῆς
1403 3042 1644 3112 ἅψασθαι
1689 3043 1790 3110 τῆς
1825 3043 1997 3113 ἀρχῆς
2030 3044 2125 3098 τοῦ

555 3136 1002 3206 ἀναγνώσματος.
1032 3131 1217 3190 Αὗται
1248 3135 1343 3197 δὲ,
1380 3135 1561 3204 φησὶν,
1604 3135 1663 3188 αι
1705 3134 1974 3204 γενέσεις
2025 3135 2128 3187 Ἰα-

555 3228 693 3281 κώϐ.
736 3228 878 3298 Ὅρα
925 3227 1015 3280 τὸν
1063 3226 1374 3296 θαυμαστὸν
1421 3225 1606 3277 τοῦτον
1640 3226 1947 3296 προφήτην,
1979 3225 2126 3288 ὅπως

557 3316 1020 3387 ἐπαγγειλάμενος
1047 3317 1178 3386 ἡμῖν
1206 3315 1508 3383 διηγεῖσθαι
1540 3314 1634 3366 τοῦ
1676 3313 1870 3366 Ἰακὼὸ
1903 3314 2004 3384 τὴν
2029 3329 2126 3382 γεη

559 3403 864 3471 νεαλογίαν,
903 3403 1106 3465 εὐθέως
1151 3401 1244 3454 ἐπὶ
1277 3403 1374 3472 τὴν
1415 3400 1652 3470 ἱστορίαν
1673 3400 1767 3454 τοῦ
1805 3401 1990 3464 παιδὸς
2035 3402 2128 3454 ἀν-

559 3493 792 3563 έδραμε·
818 3493 910 3545 καὶ
940 3491 1134 3554 εἰπὼν,
1170 3489 1356 3548 Αὗται
1389 3495 1447 3544 al
1485 3491 1750 3560 γενέσεις
1785 3490 2000 3556 Ἰακὼϐ,
2035 3491 2128 3544 καὶ

561 3581 876 3634 καταλιπὼν
923 3580 1222 3650 διηγεῖσθαι
1279 3582 1408 3651 ἡμῖν
1455 3581 1763 3644 ἀκολούθως
1803 3579 1931 3643 τούς
1967 3597 2029 3634 τε
2067 3582 2126 3648 ἐξ

561 3670 726 3724 αὑτοῦ
751 3669 1058 3740 τεχθέντας,
1099 3671 1225 3733 τούς
1243 3685 1302 3721 τε
1331 3669 1390 3735 ἐξ
1418 3670 1640 3722 ἐκείνων
1663 3669 1826 3723 πάλιν
1854 3671 2128 3740 γεννωμέ-

559 3780 685 3826 νους
715 3762 984 3832 (καθάπερ
1015 3762 1108 3815 καὶ
1135 3763 1225 3814 ἐπὶ
1251 3761 1344 3813 τοῦ
1383 3759 1552 3813 Ἦσαῦ
1579 3761 1738 3812 τοῦτο
1765 3760 2124 3832 πεποίηκεν),

560 3855 652 3906 ἐπὶ
694 3853 784 3906 τὸν
827 3852 1022 3923 Ἰωσὴφ
1057 3851 1257 3914 εὐθέως
1287 3851 1538 3916 ἔσπευσε,
1575 3851 1666 3904 τὸν
1700 3851 1835 3916 νέον,
1868 3851 1958 3904 τὸν
1994 3851 2128 3904 πάν-

562 3963 669 3998 των
713 3945 818 3998 τῶν
857 3944 1120 4011 ἀδελφῶν,
1147 3943 1223 4006 ὡς
1263 3945 1456 4006 είπεῖν,
1507 3942 1754 4011 ἔσχατον,
1802 3942 1895 3995 καί
1941 3957 2123 4011 φησιν·

575 4035 797 4104 Ἰωσὴφ
838 4034 1127 4088 δεκαεπτὰ
1161 4033 1310 4087 ἐτῶν
1357 4029 1436 4102 ἦν
1476 4033 1802 4102 ποιμαίνων
1831 4037 1980 4100 μετὰ
2013 4030 2129 4085 τῶν

563 4125 836 4194 ἀδελφῶν
863 4125 1047 4178 αὑτοῦ
1077 4127 1150 4178 τὰ
1177 4126 1455 4191 πρόϐατα.
1497 4124 1652 4185 Τίνος
1683 4123 1867 4175 ἕνεκεν
1901 4122 1994 4174 καὶ
2020 4121 2128 4174 τῶν

563 4213 699 4266 ἐτῶν
725 4214 814 4264 τὸν
847 4211 1079 4281 ἀριθμὸν
1105 4213 1233 4280 ἡμῖν
1261 4209 1513 4278 σημαίνει
1537 4225 1552 4273 ;
1588 4209 1704 4260 ’Ίνα
1738 4207 1913 4278 μάθῃς
1937 4208 2012 4271 ὼς
2040 4210 2130 4260 οὺς

561 4305 649 4356 δέν
675 4305 708 4373 ή
742 4303 927 4372 νεότης
967 4301 1194 4370 κώλυμα
1224 4301 1432 4367 γίνεται
1475 4299 1608 4369 πρὸς
1657 4299 1876 4370 ἀρετὴν,
1912 4301 2008 4352 καὶ
2044 4300 2130 4353 ἵνα

563 4398 628 4448 ἐκ
658 4393 970 4464 περιουσίας
1019 4392 1162 4461 γνῷς
1193 4393 1286 4445 καὶ
1333 4391 1431 4448 τού⁴
1451 4393 1570 4444 νέου
1605 4391 1703 4460 τὴν
1738 4389 1868 4460 πρὸς
1899 4389 1992 4442 τὸν
2029 4409 2131 4458 πα-

561 4483 697 4553 τέρα
723 4482 990 4552 ὑπακοὴν,
1016 4481 1109 4534 καὶ
1137 4480 1232 4550 τὴν
1259 4479 1394 4547 πρὸς
1419 4481 1544 4542 τοὺς
1569 4478 1829 4547 ἀδελφοὺς
1855 4478 2127 4548 ὁμόνοιαν,

563 4574 828 4627 κάκείνων
859 4573 922 4625 τὸ
949 4574 1240 4644 ἀνήμερον·
1269 4571 1360 4624 καὶ
1395 4571 1513 4633 πῶς
1547 4571 1666 4622 οὐδὲ
1704 4569 1840 4639 πρὸς
1861 4568 1952 4622 τὸν
1989 4569 2130 4622 οὕτω

562 4663 691 4732 περὶ
715 4663 908 4724 αὐτοὺς
945 4662 1300 4731 διακείμενον,
1337 4662 1430 4713 καί.
1455 4660 1560 4712 ἀπὸ
1593 4661 1689 4730 τῆς
1724 4658 1934 4729 ἡλικίας
1965 4659 2132 4727 αὐτῆς

562 4756 640 4816 είς
669 4754 1008 4823 συμπάθειαν
1041 4754 1236 4816 αὐτοὺς
1275 4751 1670 4821 ἐφελκύσασθαι
1701 4749 1994 4814 δυνάμενον
2024 4767 2130 4801 πα-

568 4845 974 4916 ραφυλάξασθαι
1002 4845 1099 4915 τὴν
1129 4845 1348 4914 ἀγάπην
1375 4842 1767 4913 ἠϐουλήθησαν,
1807 4841 1918 4892 ἀλλ’
1951 4839 2010 4902 ἐξ
2035 4839 2130 4891 αύ-

562 4937 668 4988 τῶν
694 4937 800 4990 τῶν
831 4938 1128 5007 προοιμίων
1163 4936 1392 5007 ὁρῶντες
1425 4934 1519 4988 καὶ
1561 4933 1652 4984 τοῦ
1702 4932 1890 4994 παιδὸς
1913 4931 1972 4982 τὸ
1997 4930 2132 5002 πρὸς

563 5028 660 5096 τὴν
709 5028 905 5097 ἀρετὴν
955 5027 1281 5096 ἐπιρρεπές,
1334 5025 1422 5078 καὶ
1463 5022 1555 5075 τοῦ
1614 5022 1816 5091 πατρὸς
1861 5021 1959 5090 τὴν
2006 5019 2132 5090 περίΙ

565 5118 725 5170 αὑτὸν
770 5115 1001 5176 εὔνοιαν,
1042 5117 1120 5178 εἰς
1171 5117 1270 5186 τὴν
1316 5115 1434 5168 κατ’
1502 5113 1664 5166 αὐτοῦ
1717 5113 2012 5183 βασκανίαν
2055 5111 2134 5164 δι-

568 5209 872 5280 ηγείροντο.
913 5207 1296 5276 Κατήνεγκαν
1334 5207 1442 5274 γὰρ
1479 5204 1698 5273 Ἰωσὴφ
1727 5205 1923 5274 ψόγον
1947 5219 2132 5270 πονη-

561 5302 674 5368 ρὸν
745 5297 894 5366 πρὸς
948 5297 1195 5364 Ἰσραὴλ
1260 5299 1364 5349 τὸν
1433 5295 1656 5364 πατέρα
1709 5295 1926 5350 αὐτῶν.
1993 5295 2134 5365 Ὅρα

563 5389 762 5450 κακίας
823 5387 1152 5457 ὑπερῦολήν·
1219 5387 1309 5438 καὶ
1353 5387 1448 5456 τὴν
1501 5385 1594 5438 τοῦ
1649 5385 1851 5456 πατρὸς
1913 5385 2134 5454 ἀγάπην

564 5477 908 5534 διασαλεΰσαι
951 5477 1286 5547 ἐπεχείρουν,
1329 5477 1422 5528 καὶ
1449 5475 1516 5528 τά
1549 5475 1623 5545 μὴ
1651 5474 1780 5528 ὅντα
1814 5474 2134 5526 πλάττονται

567 5575 710 5626 κατά
737 5571 830 5626 τοῦ
859 5569 1108 5638 ἀδελφοῦ,
1143 5567 1364 5622 τοσοῦτο
1401 5569 1558 5636 μόνον
1589 5565 1863 5629 ἀνύοντες,
1896 5565 2018 5618 ὅσον
2041 5563 2133 5616 τὸν

567 5663 764 5716 οἰκεῖον
811 5659 1002 5730 φθόνον
1041 5657 1340 5728 κατάδηλον
1369 5659 1608 5727 ποιῆσαι.
1645 5657 1752 5709 Καὶ⁵
1785 5655 1872 5710 ἵνα
1917 5654 2094 5726 μάθῃς
2115 5695 2130 5720 ,

1183 282 1240 338 S.
1282 280 1563 338 JOANNIS
1599 281 2090 340 CIIRYSOSTOMI
2130 282 2450 341 ARCHIEP.
2491 282 3032 340 CONSTANTINOP.

3673 277 3780 332 526

2215 404 2295 456 ὅτι
2318 403 2478 456 τοῦτο
2499 402 2656 472 μόνον
2681 400 3008 472 ἐκέρδαινον,
3028 399 3088 452 τὸ
3122 395 3359 468 φανερὰν
3387 393 3594 450 ἐαυτῶν
3623 393 3784 463 ποιῆ-

2217 509 2303 543 σαι
2344 489 2440 560 τὴν
2483 487 2849 542 λανθάνουσαν
2895 485 3139 556 γνώμην,
3173 485 3272 554 ὅρα
3309 483 3398 534 τὸν
3440 481 3651 550 πατέρα
3689 479 3784 531 καὶ

2219 581 2354 652 μετὰ
2371 557 2470 650 τὴν
2493 579 2624 649 παρ’
2649 578 2826 631 αὐτῶν
2852 577 3102 645 διαϐολὴν
3125 573 3276 643 ἐξεχό
3284 589 3439 642 μενον
3460 569 3554 623 τοῦ
3571 557 3782 634 παιδὸς,

2215 674 2307 726 καὶ
2347 673 2562 726 πάντων
2601 671 2760 722 αὐτὸν
2791 667 3169 739 προκρίνοντα.
3233 662 3440 716 Ἰακὼϐ
3479 661 3567 720 δὲ,
3597 659 3777 728 φησὶν,

2213 762 2413 829 ἠγάπα
2445 761 2551 814 τὸν
2598 759 2818 826 Ἰωσὴφ
2849 757 3006 824 παρὰ
3045 754 3274 818 πάντας
3303 751 3443 816 τοὺς
3475 749 3646 814 υἱοὺς
3677 750 3784 800 αὑ-

2214 851 2341 915 τοῦ,
2372 851 2460 904 ὅτι
2491 851 2621 914 υίὸς
2649 848 2840 918 γήρως
2872 844 2950 916 ἦν
2976 845 3153 910 αὐτῷ.
3201 843 3484 906 Ἐποίησε
3509 839 3578 894 δὲ
3621 837 3781 902 αὐτῷ

2215 941 2434 1010 χιτῶνα
2476 939 2773 992 ποικίλον.
2819 938 2884 990 Τί
2929 939 3097 996 ἐστιν,
3150 931 3378 1002 Ἢγὰπα
3413 931 3518 986 τὸν
3565 930 3780 997 Ἰωσὴφ

2215 1030 2372 1096 παρὰ
2407 1027 2637 1093 πάντας
2667 1025 2808 1091 τοὺς
2837 1025 3006 1090 υἱοὺς
3033 1021 3239 1087 αὐτοῦ,
3286 1021 3373 1074 ὅτι
3416 1021 3544 1085 υίὸς
3593 1018 3782 1087 γήρως

2214 1116 2293 1183 ἦν
2320 1115 2509 1180 αὐτῷ;
2554 1114 2768 1184 Ἐπειδὴ
2789 1114 2924 1183 πρὸς
2950 1111 3027 1182 τῷ
3053 1111 3214 1172 τέλει,
3246 1110 3398 1180 φησὶ,
3435 1110 3528 1161 καὶ
3552 1109 3608 1159 ἐν
3635 1104 3782 1174 αὐτῷ

2212 1207 2288 1278 τῷ
2322 1209 2465 1277 γήρᾳ
2487 1201 2552 1275 ἦν
2575 1205 2804 1274 τεχθεὶς,
2831 1205 2917 1256 διὰ
2943 1202 3099 1255 τοῦτο
3121 1201 3318 1271 μᾶλλον
3349 1199 3600 1253 ἁπάντων
3623 1196 3782 1249 αὑτὸν

2213 1298 2421 1366 ἠγάπα.
2453 1297 2560 1348 Καὶ
2577 1296 2682 1365 γὰρ
2706 1295 2927 1348 ποθεινά
2956 1309 3071 1355 πως
3095 1289 3233 1344 εἷναι
3252 1287 3482 1344 δοκεῖτά
3505 1287 3690 1340 παιδία
3713 1286 3783 1338 τὰ

2215 1389 2349 1460 πρὸς
2379 1389 2528 1458 αὐτῷ
2544 1387 2619 1458 τῷ
2643 1388 2788 1457 γήρᾳ
2811 1385 3118 1453 τικτόμενα,
3146 1382 3240 1436 καὶ⁵
3261 1381 3456 1451 μᾶλλον
3477 1378 3783 1431 ἐπισπάσα-

2217 1481 2340 1532 σθαι
2371 1479 2620 1533 δύνανται
2658 1479 2757 1548 τὴν
2806 1475 3080 1547 πατρικὴν
3111 1472 3343 1527 εὔνοιαν.
3401 1470 3538 1522 Ἀλλ’
3569 1469 3657 1522 ἵνα
3685 1468 3782 1538 μά-

2217 1573 2398 1640 θωμεν
2427 1573 2508 1624 ὃτι
2537 1571 2595 1623 οὐ
2619 1569 2774 1621 τοῦτο
2805 1567 2964 1637 μόνον
2995 1562 3062 1636 ἦν
3087 1564 3146 1616 τδ
3173 1563 3264 1616 τὸν
3299 1561 3508 1632 πατέρα
3542 1559 3782 1612 ἐπισπώ-

2220 1679 2378 1730 μενον
2401 1661 2667 1730 προτιμᾷν
2687 1674 2744 1710 τε
2769 1656 2930 1710 αὐτὸν
2953 1655 3059 1707 τῶν
3083 1653 3324 1722 ἀδελφῶν
3346 1649 3780 1722 παρασκευάζον,

2216 1752 2450 1805 διδάσκει
2487 1749 2632 1819 ήμᾶς
2671 1749 2705 1817 ή
2749 1745 2868 1798 θεία
2902 1743 3090 1814 Γραφὴ
3114 1783 3128 1807 ,
3171 1743 3250 1796 ὅτι
3295 1743 3388 1794 καὶ
3432 1741 3568 1811 μετά
3597 1739 3784 1792 τοῦτον

2217 1844 2400 1912 ἕτερος
2435 1839 2644 1910 ἐτέχθη·
2685 1838 2780 1890 καὶ
2807 1838 2855 1889 εἰ
2897 1835 3037 1890 κατὰ
3080 1833 3174 1903 τὴν
3203 1833 3435 1900 φυσικὴν
3465 1829 3784 1884 ἀκολουθίαν

2217 1933 2284 1986 τά
2313 1933 2410 2001 τῆς
2444 1931 2662 2000 ἀγάπης
2691 1929 2917 1998 ἐγίνετο,
2951 1929 3154 1989 ἐκεῖνος
3183 1927 3246 1979 ἂν
3279 1921 3474 1995 μᾶλλον
3499 1921 3779 1993 ἠγαπήθη,

2219 2025 2314 2079 ac:
2359 2025 2421 2096 δὴ
2461 2022 2676 2094 άληθῶς
2724 2021 2834 2085 υίὸς
2859 2023 3044 2092 γήρως
3083 2019 3180 2083 ὢν,
3231 2020 3326 2072 καὶ⁵
3374 2017 3492 2070 τότε
3543 2015 3779 2085 τεχθεὶς,

2218 2116 2380 2186 ἡνίκα
2415 2115 2546 2185 πρὸς
2573 2113 2796 2183 ἔσχατον
2828 2113 3004 2181 γῆρας
3037 2111 3234 2180 ήλασεν
3267 2111 3296 2161 ό
3341 2107 3564 2170 δίκαιος.
3596 2105 3662 2158 Τί
3691 2101 3783 2158 οὖν

2224 2204 2366 2259 ἔστιν
2395 2207 2598 2270 εἰπεῖν;
2648 2206 2769 2256 Ὅτι
2812 2203 2969 2274 χάρις
3018 2218 3100 2262 τις
3132 2197 3198 2270 ἦν
3231 2198 3433 2254 ἀνωθεν
3465 2200 3498 2268 ή
3538 2197 3626 2250 τόν
3669 2196 3784 2248 νέον

2220 2298 2518 2368 ἐπέραστον
2564 2295 2819 2358 ποιοῦσα,
2859 2295 2953 2346 καὶ
2985 2293 3072 2346 διά
3103 2292 3200 2363 τὴν
3239 2291 3338 2360 τῆς
3374 2289 3554 2359 ψυχῆς
3587 2287 3785 2360 ἀρετὴν

2223 2388 2315 2460 [58
2328 2388 2373 2458 ί]
2391 2389 2605 2442 πάντων
2625 2387 2786 2440 αὐτὸν
2803 2384 3187 2456 προτιμότερον
3208 2379 3567 2454 ἐργαζομένη·
3585 2376 3788 2444 ταύτην

2221 2478 2276 2530 δέ
2301 2477 2654 2548 προσκεῖσθαι
2689 2477 2786 2547 τὴν
2815 2477 2992 2529 αἰτίαν
3017 2487 3044 2515 ι
3066 2475 3124 2527 ἐν
3151 2476 3217 2543 τῇ
3245 2473 3454 2543 Γραφῇ,
3485 2471 3567 2522 ὃτι
3599 2467 3786 2536 ἐπειδὴ

2222 2569 2337 2632 υἱὸς
2367 2570 2552 2639 γήρως
2576 2565 2644 2639 ἦν
2686 2567 2852 2636 αὐτῷ,
2891 2565 2978 2619 διὰ
3001 2563 3158 2618 τοῦτο
3194 2561 3352 2615 αὐτὸν
3385 2562 3570 2630 ήγάπα
3605 2557 3784 2620 πλέον,

2225 2659 2312 2712 ἵνα
2352 2659 2424 2728 μὴ
2473 2657 2719 2728 φανερῶς
2759 2657 2968 2727 αὐξήσῃ
3009 2654 3120 2708 τῶν
3151 2652 3392 2720 ἀδελφῶν
3435 2652 3526 2704 τδν
3573 2649 3786 2718 φθόνον.

2295 2749 2472 2803 Δεινὸν
2493 2748 2602 2818 γάρ
2625 2748 2773 2801 τουτὶ
2799 2747 2860 2799 τὸ
2889 2745 3080 2809 πάθος,
3105 2745 3198 2797 καὶ
3217 2743 3435 2796 ἐπειδάν
3461 2740 3788 2809 ἐπιλάϐηται

2223 2841 2436 2910 ψυχῆς,
2485 2841 2546 2893 οὐ
2595 2838 2857 2911 πρότερον
2903 2836 3072 2907 αὐτὴν
3105 2834 3320 2906 ἀνίησι,
3363 2833 3554 2904 μέχρις
3601 2831 3668 2884 ἂν
3708 2831 3788 2893 είς

2225 2933 2456 3004 ἐσχάτην
2479 2931 2644 3002 αὑτήν
2674 2929 2899 2984 ἀτοπίαν
2925 2927 3131 2999 ἀγάγῃ,
3164 2927 3258 2979 καὶ
3279 2925 3670 2995 λυμαινόμενον
3692 2919 3788 2990 τὴν

2224 3027 2487 3080 τεκοῦσαν
2505 3023 2636 3078 αὐτὸ
2653 3023 2850 3093 ψυχὴν,
2876 3021 2936 3074 τὸ
2959 3018 3195 3072 ἐναντίον
3220 3017 3252 3087 ἢ
3284 3015 3528 3086 βούλεται
3545 3014 3635 3066 τὸν
3663 3009 3790 3079 φθο-

2226 3116 2315 3171 νού
2325 3130 2482 3186 μενον
2500 3113 2790 3183 διατίθησι,
2813 3110 3212 3182 λαμπρότερον,
3245 3105 3602 3175 ἐνδοξότερον,
3631 3117 3788 3172 περι-

2226 3207 2576 3277 φανέστερον,
2617 3205 2752 3274 ὅπερ
2780 3201 2940 3256 πάλιν
2975 3199 3136 3269 ἐτέρα
3185 3195 3368 3266 πληγὴ
3408 3189 3791 3265 βαρυτέρα,τῷ

2227 3298 2482 3368 βασκάνῳ
2513 3297 2742 3366 γίνεται.
2785 3294 2982 3346 Σκόπει
3019 3289 3149 3358 γοῦν
3196 3285 3448 3348 ἐνταῦθα,
3480 3285 3597 3346 πῶς
3621 3283 3650 3334 ό
3693 3281 3790 3350 μὲν

2229 3388 2527 3456 θαυμάσιος
2557 3378 2712 3446 οὗτος
2747 3384 2900 3434 οὐδὲν
2931 3379 3038 3433 τῶν
3067 3375 3365 3446 γινομένων
3391 3375 3568 3438 εἰδὼς,
3603 3373 3699 3426 ἅτε
3728 3371 3792 3441 δὴ

2225 3479 2476 3546 καθάπερ
2509 3475 2756 3542 ἀδελφοῖς
2795 3472 2886 3524 καὶ
2911 3469 3008 3532 τάς
3035 3466 3204 3528 αὐτὰς
3227 3465 3418 3530 ὠδῖνας
3447 3464 3596 3532 αὐτῷ
3628 3463 3795 3516 λύσα-

2229 3585 2314 3620 σιν
2341 3566 2483 3620 οὕτω
2517 3563 2902 3634 προσφέρεται,
2937 3556 3153 3628 θαρρῶν
3184 3555 3398 3608 ἅπαντα
3426 3553 3522 3606 καὶ
3545 3551 3792 3618 διαλεγό-

2231 3675 2388 3730 μενος
2415 3655 2550 3726 μετά
2575 3652 2771 3720 πολλῆς
2799 3650 2896 3720 τῆς
2929 3647 3248 3716 ἁπλότητος·
3279 3645 3472 3696 ἐκεῖνοι
3495 3640 3679 3730 δὲύπδ
3696 3639 3794 3694 τοῦ

2225 3729 2324 3814 τῆς
2347 3741 2662 3814 ,βασκανίας
2717 3739 2920 3802 πάθους
2957 3735 3193 3798 ἁλόντες,
3240 3735 3414 3804 μισεῖν
3446 3729 3608 3784 αὐτὸν
3647 3746 3792 3798 παρ-

2227 3834 2601 3898 εσκευάζοντο.
2639 3830 2883 3895 Ἰδόντες
2909 3829 3038 3901 γὰρ,
3071 3829 3256 3898 φησιν,
3283 3831 3334 3880 οἱ
3383 3823 3632 3892 ἀδελφοὶ
3653 3863 3668 3888 ,
3701 3821 3796 3875 ὅτι

2227 3928 2413 3982 αὑτὸν
2443 3929 2476 3980 ό
2512 3922 2708 3991 πατὴρ
2731 3921 2896 3991 φιλεῖ
2911 3921 2980 3973 ἐκ
3008 3919 3250 3972 πάντων
3272 3917 3388 3970 τῶν
3415 3913 3560 3970 υἱῶν
3583 3911 3790 3974 αὐτοῦ,

2225 4021 2532 4089 ἐμίσησαν
2561 4013 2766 4079 αὑτὸν,
2803 4011 2901 4066 καί
2931 4013 3040 4065 οὐκ
3068 4009 3370 4078 ἠδύναντο
3398 4005 3611 4062 λαλεῖν
3635 4000 3793 4067 αὐτῷ

2226 4108 2408 4164 οὐδὲν
2454 4107 2770 4176 εἰρηνικόν.
2818 4103 2960 4174 Ὅρα
3007 4101 3122 4164 πῶς
3163 4099 3252 4153 τὸν
3305 4099 3456 4151 οὐδὲν
3500 4093 3793 4166 ἠδικηκότα

2232 4202 2406 4271 μισεῖν
2433 4196 2765 4266 ἐπεχείρουν.
2787 4193 2897 4246 Καὶ
2927 4192 3128 4255 οὐδὲν,
3153 4193 3337 4262 φησὶν,
3366 4189 3666 4257 ἠδύναντο
3685 4189 3794 4239 λα-

2227 4290 2360 4344 λεῖν
2403 4285 2563 4350 αὑτῷ
2605 4283 2924 4352 εἰρηνικόν.
2960 4282 3026 4334 Τί
3069 4284 3236 4344 ἐστιν,
3276 4281 3466 4334 Οὐδὲν
3497 4279 3793 4346 ἠδύναντο

2227 4378 2440 4434 λαλεῖν
2479 4375 2638 4440 αὐτῷ
2679 4373 3010 4441 είρηνικόν;
3067 4371 3284 4441 Ἐπειδὴ
3334 4371 3442 4441 γάρ
3481 4369 3794 4438 ἐκυρίευσεν

2229 4469 2406 4524 αὐτῶν
2439 4467 2500 4520 τὸ
2545 4465 2732 4529 πάθος,
2769 4463 2860 4518 καὶ
2895 4463 2956 4517 τδ
2988 4466 3140 4534 μῖσος
3175 4461 3370 4531 ηὕξετο
3409 4461 3529 4514 καθ’
3561 4459 3796 4526 ἐκάστην

2229 4565 2463 4636 ἡμέραν,
2491 4560 2737 4628 καθάπερ
2773 4557 3106 4627 αἰχμάλωτοι
3145 4555 3422 4624 γενόμενοι
3463 4552 3555 4605 καὶ
3601 4567 3796 4621 τυραν-

2227 4655 2474 4723 νούμενοι
2507 4650 2610 4704 ὑπὸ
2637 4648 2728 4701 τοῦ
2763 4646 2986 4708 πάθους,
3027 4643 3164 4715 μετὰ
3191 4643 3341 4696 δόλου
3373 4640 3792 4710 προσεφέροντο,

2229 4745 2376 4798 οὐδὲν
2393 4740 2664 4814 εἰρηνικὸν
2680 4737 2824 4807 αὐτῷ
2835 4735 3013 4789 λαλεῖν
3023 4735 3326 4804 δυνάμενοι.
3344 4731 3452 4784 Καὶ
3470 4731 3659 4784 σκόπει
3676 4731 3794 4788 πῶς

2229 4835 2324 4906 τὴν
2368 4833 2542 4886 αἰτίαν
2570 4829 2773 4900 ταύτην
2808 4828 3046 4896 ἐσήμανε
3073 4823 3168 4876 τοῦ
3201 4823 3408 4892 μίσους,
3439 4823 3522 4874 δτι
3551 4821 3660 4873 ἀπὸ
3700 4819 3796 4872 τοῦ

2231 4925 2424 4997 φθόνου
2442 4924 2536 4993 τὴν
2552 4921 2722 4994 ἀρχὴν
2739 4916 3061 4987 ἐλάμϐανεν.
3079 4914 3332 4979 Ἰδόντες
3351 4913 3458 4982 γὰρ
3478 4916 3530 4966 οἱ
3547 4911 3796 4979 ἀδελφοὶ

2229 5016 2434 5079 αὐτοῦ,
2467 5013 2650 5084 φησὶν,
2681 5011 2770 5063 ὅτι
2796 5011 2828 5062 ό
2857 5007 3050 5074 πατὴρ
3068 5007 3252 5059 αὑτὸν
3272 5003 3437 5074 φιλεῖ
3455 5005 3524 5056 ἐκ
3559 5001 3800 5056 πάντων

2229 5108 2349 5163 τῶν
2375 5105 2522 5160 υίῶν
2545 5101 2752 5156 αὐτοῦ.
2785 5098 2858 5152 Τὺ
2885 5095 3102 5168 φίλτρον
3125 5095 3219 5148 τοῦ
3254 5095 3456 5164 πατρὸς
3483 5095 3576 5147 τὸν
3605 5093 3798 5162 φθόνον

2231 5195 2378 5266 αὐτῷ
2397 5193 2600 5256 ἔτεκεν,
2623 5187 2762 5243 ἀλλὰ
2778 5188 2873 5256 τὴν
2890 5185 2982 5239 τοῦ
3001 5186 3204 5256 πατρὸς
3230 5183 3441 5236 εὔνοιαν
3459 5185 3491 5253 ή
3517 5183 3685 5253 ἀρετὴ
3703 5181 3796 5232 τοῦ

2231 5287 2417 5348 παιδὸς
2445 5281 2809 5335 ἐπεσπάσατο.
2842 5277 2967 5330 Δέον
2987 5276 3164 5328 τοίνυν
3187 5275 3426 5336 ἐκείνους
3457 5271 3796 5343 μιμήσασθαι

2231 5377 2322 5430 τὸν
2355 5373 2580 5452 ἀδελφὸν
2617 5371 2710 5426 καὶ
2743 5367 2982 5439 ζηλῶσαι
3029 5365 3120 5418 τὸν
3153 5365 3370 5435 τρόπον,
3405 5363 3469 5414 ἵν’
3513 5360 3655 5412 οὕτω
3703 5359 3798 5411 καὶ
3895 5359 3898 5361 “

2295 5538 2322 5565 ⁸
2367 5533 2516 5596 δεινῇ.
2557 5530 2696 5596 male
2719 5524 2936 5596 _raﬁmv_
2975 5522 3026 5568 δὲ
3053 5520 3306 5596 ,προσήιεει
3353 5519 3548 5596 ’ξεξσθὲι
3588 5517 3673 5592 τῂν
3717 5517 3798 5596 ξεί-

2233 5576 2522 5646 τίανΪῘιίίῆ
2557 5576 2634 5638 ῖνα
2659 5588 2740 5649 Δμὴ
2767 5576 2972 5647 φανερῶς
3013 5576 3192 5649 αὐξήσῃ
3215 5583 3308 5649 τῶν
3343 5579 3555 5649 ἀδελφῶν
3584 5579 3666 5625 τὸν

2235 5639 2332 5718 ὖὲζ
2346 5639 2524 5705 Vni—ibi:
2541 5639 2786 5711 πωπίῖωὲ
2807 5639 3000 5707 augeret
3023 5639 3256 5691 invidiam
3272 5639 3499 5706 fratrum.
