4168 6264
466 288 569 349 525

468 427 517 478 vi
544 438 637 478 sua
664 433 718 479 et
744 423 1065 478 necessitate.
1080 436 1182 489 nos
1209 422 1373 476 vincit
1394 461 1409 485 ,
1437 419 1530 475 sed
1561 419 1873 489 deceptione
1902 421 2037 476 sola.

470 514 547 570 Ne
594 514 916 582 decipiamur
958 523 1132 566 autem
1168 512 1224 566 in
1254 512 1404 566 nobis
1422 521 1535 573 est,
1559 512 1601 564 si
1628 511 1897 579 paululum
1925 526 2043 566 esse

472 603 658 671 vigiles
688 602 1046 667 voluerimus,
1090 613 1143 655 et
1177 600 1571 668 nobismetipsis
1611 599 1991 652 attemlcrimus
2027 618 2039 652 :

477 711 581 748 non
606 694 742 764 quod
771 710 834 747 ex
862 695 1011 748 nobis
1040 695 1165 748 solis
1193 704 1333 748 tanta
1364 695 1434 747 sit
1476 702 1707 762 potestas
1728 734 1742 757 ,
1790 693 1882 746 sed
1925 694 2044 762 quia

478 796 601 838 tunc
628 799 917 853 supernum
946 786 1192 838 auxilium
1238 784 1389 838 nobis
1416 784 1650 852 alfulgct.
1698 782 1826 836 Nam
1860 785 1903 836 si
1929 799 2047 852 qum

477 889 504 925 a
533 875 683 927 nobis
713 884 834 927 sunt
862 875 1164 939 fecerimus,
1196 884 1483 941 sequentur
1507 874 1665 928 etiam
1688 873 1901 926 omnino
1930 888 2049 941 qua:

479 962 685 1015 Domini
714 972 855 1016 sunt.
893 962 1085 1031 Vigiles
1116 963 1272 1031 igitur
1299 964 1484 1025 simus,
1516 962 1759 1022 obsecro.
1792 971 1844 1014 et
1871 963 2047 1015 scien-

483 1066 563 1107 tes
590 1062 729 1106 artes
755 1053 989 1122 maligni,
1022 1060 1277 1123 perpetuo
1317 1068 1597 1106 caveamus
1622 1051 1775 1104 nobis
1800 1091 1813 1111 ,
1844 1060 1897 1103 et
1923 1065 2048 1104 ore-

481 1157 600 1194 mus
623 1142 782 1194 Deum
813 1151 868 1194 tit
893 1157 988 1194 nos
1017 1141 1229 1209 adjuvet
1254 1141 1317 1193 ad
1345 1140 1653 1194 certandum
1675 1149 1913 1193 nostrum
1930 1154 2050 1191 cum

483 1229 691 1282 diabolo
720 1240 1008 1284 certamen.
1056 1230 1143 1284 Sic
1168 1230 1312 1283 enim
1338 1237 1391 1282 et
1416 1244 1511 1282 nos
1538 1228 1715 1281 invicti
1742 1228 1962 1291 erimus,
1992 1236 2045 1279 et

483 1319 901 1373 machinationes
939 1320 1080 1372 illius
1117 1319 1429 1388 ell‘ngiemus
1452 1358 1466 1381 ,
1497 1326 1551 1371 et
1589 1317 1818 1370 divinam
1864 1331 2051 1368 conse-

483 1422 709 1473 quemur
728 1409 973 1476 gratiam,
1014 1408 1254 1477 bonaque
1282 1416 1479 1461 aeterna
1505 1406 1859 1473 adipiscentur
1890 1422 1902 1457 :
1933 1418 2051 1472 quae

482 1498 636 1549 nobis
677 1499 921 1551 omnibus
960 1499 1304 1567 contingant,
1336 1498 1503 1567 gratia
1524 1504 1576 1551 et
1603 1495 1929 1564 benignitate
1952 1494 2055 1546 Do-

485 1586 612 1638 mini
653 1588 818 1639 nostri
856 1586 979 1641 Iesu
1008 1587 1244 1652 Christi,
1287 1600 1405 1639 cum
1446 1600 1553 1655 quo
1583 1584 1724 1638 Patri
1754 1592 1807 1637 et
1834 1581 2053 1651 Spiritui

483 1686 669 1728 sancto
696 1676 763 1728 sit
792 1677 955 1745 gloria
977 1718 991 1740 ,
1019 1677 1294 1745 imperium
1321 1716 1335 1740 ,
1366 1685 1420 1730 et
1447 1676 1638 1735 honor.
1673 1689 1811 1728 nunc
1835 1682 1888 1728 et
1911 1688 2053 1728 sem-

486 1780 604 1833 per,
630 1775 683 1821 et
709 1768 758 1820 in
781 1768 973 1822 Stet-ala
1004 1767 1343 1822 steculorum.
1369 1768 1558 1820 Amen.

1040 1936 1316 1990 llOMlLlA
1357 1934 1492 1989 LXI.

494 2058 590 2115 Hae
623 2074 788 2115 autent
825 2074 943 2117 sunt
982 2065 1325 2134 generationes
1360 2063 1520 2117 Iacob
1548 2080 1569 2118 :
1596 2064 1789 2132 Ioseph
1840 2071 2054 2131 septent-

556 2151 717 2203 decim
751 2169 997 2204 annorum
1035 2163 1141 2207 erat
1182 2169 1388 2221 pascens
1410 2169 1521 2205 cum
1557 2154 1793 2223 fratribus
1837 2153 1945 2206 suis
1975 2168 2059 2221 pe-

559 2254 678 2291 cora
710 2239 859 2307 (Gen.
888 2241 974 2293 '57.
1004 2239 1083 2309 2).

563 2368 613 2418 1.
659 2367 850 2421 lterum
884 2384 978 2435 pro
1019 2370 1397 2424 consuetudine
1438 2385 1554 2425 mea
1584 2370 1649 2425 ad
1686 2384 1919 2423 mensam
1964 2384 2058 2425 vos

493 2456 746 2511 inducere
790 2460 942 2525 volo,
978 2467 1036 2514 et
1070 2474 1398 2529 prosequens
1422 2476 1481 2513 ea
1507 2475 1624 2530 quae
1664 2460 1870 2527 pridem
1909 2460 2058 2513 vobis

491 2546 626 2599 dicta
648 2587 663 2611 ,
715 2562 777 2600 ex
811 2547 891 2601 his
922 2564 1037 2618 quae
1079 2565 1219 2604 nunc
1248 2551 1379 2603 lecta
1418 2561 1537 2604 sunt
1572 2550 1871 2603 convivium
1909 2550 2059 2605 vobis

495 2638 593 2690 hoc
619 2652 912 2705 proponere
942 2640 1233 2708 spirituale.
1264 2641 1543 2695 Sufficiunt
1572 2642 1715 2695 enim
1743 2656 1861 2709 qua:
1902 2641 2058 2695 hodie

488 2727 620 2778 lecta
644 2737 763 2780 sunt
784 2728 848 2781 ad
874 2728 1168 2783 docendum
1198 2745 1295 2784 nos
1320 2746 1503 2785 omnes
1527 2773 1541 2796 ,
1571 2742 1819 2800 quantum
1850 2734 2057 2785 invidie

492 2814 741 2868 damnum
755 2817 841 2880 sit,
860 2826 912 2871 et
932 2818 1196 2886 quomodo
1212 2819 1421 2872 invidiae
1438 2820 1695 2887 pernicies
1711 2822 1867 2873 etiam
1887 2836 2057 2889 usque

490 2904 555 2956 ad
582 2916 860 2971 cognatum
887 2922 1075 2976 magna
1111 2908 1162 2960 vi
1192 2923 1251 2961 se
1276 2909 1590 2962 extendet-it.
1642 2908 1836 2962 Verum
1879 2919 1935 2962 ut
1978 2910 2057 2961 vi-

491 2992 678 3047 deatur
701 3008 767 3047 ex
791 2997 1167 3064 consequentia
1210 3012 1386 3051 sermo
1427 2998 1706 3067 progredi,
1739 3014 1916 3066 Opera:
1941 3014 2059 3068 pre-

494 3083 623 3134 tium
674 3082 829 3136 fuerit
876 3084 1080 3139 initium
1121 3086 1360 3141 lectionis
1407 3096 1637 3155 tangere.
1682 3086 1739 3140 9..
1768 3086 1865 3141 Ha:
1895 3098 2062 3142 autem

491 3181 644 3238 sunt,
676 3174 872 3242 inquit,
913 3177 1255 3245 generationes
1287 3176 1464 3228 Iacob.
1520 3175 1651 3230 Vide
1693 3176 2059 3232 admirabilem

456 3286 468 3295 -
493 3259 632 3313 hunc
659 3263 967 3329 prophetam
992 3305 1007 3330 ,
1036 3266 1304 3332 quomodo
1329 3280 1450 3317 cum
1481 3266 1747 3332 promittat
1789 3266 1941 3319 nobis
1966 3283 2058 3335 ge-

492 3351 782 3418 nealogiam
804 3352 967 3407 Iacob
985 3393 999 3415 ,
1028 3356 1201 3407 statim
1230 3355 1295 3406 ad
1330 3354 1601 3408 historiam
1630 3357 1775 3423 pueri
1798 3369 2057 3422 recurrat,

491 3450 545 3493 et
572 3454 846 3511 postquam
899 3444 1158 3511 dixisset,
1182 3462 1183 3465 ‘
1208 3444 1306 3499 Ha:
1342 3456 1458 3498 sunt
1497 3451 1841 3515 generationes
1875 3446 2057 3512 Iacob,

490 3530 738 3586 derelicta
765 3533 1041 3589 confestim
1062 3537 1387 3600 narratione,
1417 3538 1627 3604 quinam
1660 3539 1861 3591 scilicet
1879 3553 1944 3592 ex
1967 3540 2059 3593 illo

492 3622 621 3684 nati,
652 3632 706 3675 et
736 3622 925 3676 itcrttm
957 3626 1044 3692 qui
1079 3640 1141 3678 ex
1172 3624 1309 3679 “stis
1334 3626 1401 3677 ah
1425 3640 1490 3679 eo
1508 3626 1670 3694 geniti
1698 3627 1857 3695 (sicut
1875 3642 2055 3695 supra,

490 3725 609 3765 cum
639 3713 705 3766 de
745 3714 882 3767 Esaft
924 3729 1100 3768 sermo
1124 3723 1293 3779 esset,
1338 3715 1478 3783 fecit)
1503 3756 1517 3780 ,
1562 3715 1627 3768 ad
1657 3715 1851 3783 Ioseph
1883 3720 2059 3771 statim

493 3798 837 3865 festinaverit,
868 3802 1279 3866 adolescentem,
1308 3802 1542 3853 omnium
1573 3802 1794 3855 fratrum
1824 3805 1932 3858 fere
1960 3819 2059 3873 po-

492 3898 779 3953 stremttm;
829 3906 948 3942 nam
988 3890 1157 3942 dicit:
1199 3889 1392 3955 Ioseph
1431 3890 1599 3942 decem
1636 3900 1682 3941 et
1726 3900 1911 3958 septem
1954 3902 2063 3945 erat

493 3994 738 4029 annorum
782 3992 990 4045 pascens
1031 3994 1146 4029 cum
1191 3978 1428 4046 fratribus
1469 3980 1573 4031 suis
1607 3996 1740 4031 ores.
1795 3980 1962 4045 Quam
1992 3981 2061 4035 ob

496 4082 706 4121 :ausam
733 4069 884 4119 nobis
909 4083 1168 4121 annorum
1198 4067 1435 4138 designat
1466 4071 1782 4122 numerum?
1831 4070 1901 4123 Ut
1924 4072 2061 4125 scias

493 4156 900 4210 adolescentiam
924 4172 1026 4211 non
1051 4172 1166 4211 esse
1189 4160 1396 4235 virtutis
1425 4159 1859 4226 impedimentum
1888 4177 1899 4212 :
1927 4166 1977 4213 ‘et
2007 4166 2062 4215 ut

496 4246 697 4313 plenius
732 4247 867 4300 scias
895 4247 1243 4301 adolescentis
1269 4264 1389 4316 erga
1430 4260 1632 4316 patrem
1681 4249 2057 4318 obedientiam,

495 4347 545 4387 et
573 4337 621 4387 in
651 4336 839 4389 fratres
867 4338 1285 4390 benevolentiam
1313 4379 1327 4401 ,
1373 4339 1583 4391 illorum
1608 4348 1782 4391 autem
1820 4338 2065 4393 intumis;

496 4426 708 4478 nitatem
736 4444 749 4477 :
777 4437 831 4479 et
857 4426 1119 4492 quomodo
1147 4442 1211 4479 ne
1243 4428 1290 4479 id
1320 4427 1535 4496 quidem
1560 4428 1811 4483 cohibere
1836 4444 1929 4483 eos
1960 4445 2059 4494 po-

497 4516 611 4575 tuit,
643 4516 780 4582 quod
813 4514 880 4567 ita
909 4516 958 4567 in
983 4530 1076 4569 eos
1096 4516 1312 4568 allectus
1338 4524 1517 4580 esset;
1549 4532 1644 4570 nec
1666 4518 1719 4571 in
1747 4528 1852 4571 tam
1875 4526 2057 4572 tenera

495 4616 668 4664 relate,
695 4621 812 4671 qua:
853 4604 1079 4657 debebat
1106 4619 1200 4658 eos
1224 4605 1288 4657 ad
1318 4606 1834 4660 commiserationem
1865 4624 2057 4676 provo-

495 4708 636 4756 care,
668 4692 958 4745 fraternum
977 4708 1213 4746 amorem
1233 4703 1510 4747 servarunt
1533 4712 1546 4748 :
1565 4696 1655 4749 sed
1683 4711 1803 4748 mox
1820 4699 1887 4749 ab
1909 4698 2057 4752 initio

495 4783 731 4835 videntes
753 4791 805 4835 et
834 4783 979 4850 pueri
1004 4782 1194 4835 bonam
1221 4783 1468 4847 indolem,
1501 4794 1553 4837 ct
1574 4785 1741 4852 patris
1765 4801 1887 4853 erga
1916 4787 2057 4839 illum

493 4875 930 4937 benevolentiam,
961 4874 1012 4927 in
1039 4875 1284 4927 invidiam
1312 4885 1492 4929 contra
1523 4892 1642 4930 eum
1675 4879 1884 4930 excitati
1916 4890 2054 4932 sunt.

490 4962 789 5015 Detuletunt
817 4965 982 5029 enim,
1028 4963 1232 5032 inquit,
1269 4964 1460 5031 Ioseph
1496 4967 1558 5018 de
1597 4968 1809 5035 pessimo
1848 4968 2061 5022 crimine

490 5074 517 5103 ιι
524 5054 627 5121 pud
656 5053 681 5105 1
687 5055 817 5107 srael
838 5065 1028 5123 patrem
1048 5072 1193 5107 suum
1211 5056 1304 5127 (α).
1318 5056 1442 5110 Vide
1456 5057 1669 5110 malitia:
1686 5058 2055 5111 eminentiam:

496 5148 655 5212 patris
685 5148 956 5200 caritatem
986 5147 1295 5215 perturbare
1331 5149 1660 5201 attentabant
1685 5165 1699 5209 ;
1732 5157 1785 5202 et
1805 5164 1922 5217 quat
1950 5164 2059 5203 non

494 5245 646 5288 erant
669 5236 870 5304 lingunt
890 5246 1073 5289 contra
1100 5234 1313 5290 fratrem
1348 5252 1361 5288 :
1395 5236 1447 5290 id
1473 5237 1646 5290 solum
1662 5236 1974 5301 efﬁcientes,
2003 5247 2061 5291 ut

557 5368 731 5435 (a)‘sic
753 5376 878 5418 Lxx.
904 5376 951 5419 ln
976 5372 1177 5435 Hebraao
1193 5378 1243 5420 et
1263 5370 1369 5420 aliis
1392 5373 1693 5435 versionihus
1708 5372 1889 5435 legitur
1906 5374 1936 5434 il
1953 5385 2059 5423 sum

493 5430 749 5495 Iosephum
784 5445 1034 5495 accusasse
1055 5432 1228 5495 fratres
1264 5445 1377 5495 suos
1398 5434 1521 5494 apud
1559 5442 1743 5495 patrem
1762 5430 1825 5483 de
1850 5430 2059 5495 pessimo

494 5493 693 5540 crimine
718 5504 730 5539 :
756 5494 827 5553 sic
843 5495 987 5541 etiam
1002 5492 1195 5553 Vulgata
1214 5507 1226 5541 :
1250 5502 1301 5541 et
1322 5494 1399 5541 hic
1416 5492 1492 5543 est
1508 5492 1654 5542 verus
1672 5494 1812 5553 hujus
1835 5492 1923 5544 loci
1943 5508 2058 5543 sen-

493 5552 858 5659 mge’tétéggmn
882 5552 1154 5603 Hebraicatn
1176 5553 1332 5603 fidem.
1356 5556 1468 5604 V‘ide
1492 5556 1540 5604 in
1560 5552 1785 5617 Hexaplis
1807 5557 1983 5606 nostris
1998 5556 2057 5605 ad

529 5624 621 5662 unc
640 5624 812 5661 locum.

1369 288 1433 342 IN
1470 288 1620 343 CAP.
1664 286 1928 344 XXXVII.
1967 287 2213 345 GENES.
2247 289 2477 347 IIOMIL.
2522 292 2659 348 LXI.

3618 300 3722 355 526

2156 403 2389 472 ipsorum
2430 406 2629 461 invidia
2669 407 2946 464 manifesta
2974 409 3300 465 redderetur.
3350 411 3415 465 Et
3450 420 3507 467 ut
3550 412 3724 467 discas
3756 387 3770 411 ’

2154 510 2246 548 eos
2275 496 2401 551 nihil
2428 496 2567 551 aliud
2609 497 2963 563 lucrifccisse,
2995 514 3155 569 quam
3183 500 3324 570 quod
3364 499 3509 570 prius
3551 501 3713 554 laten-

2159 593 2263 639 tem
2298 602 2511 654 pravam
2560 597 2791 642 mentem
2836 589 3006 658 palam
3054 589 3304 655 fecerint,
3352 590 3473 645 vide
3522 598 3723 658 patrem

2154 678 2315 729 etiam
2344 688 2459 745 post
2480 693 2663 733 eorum
2682 681 3074 735 accusationem
3091 683 3257 751 magis
3278 680 3564 735 haerentem
3590 682 3716 746 lilio,

2154 774 2207 816 et
2228 765 2336 833 jam
2358 768 2608 834 prmferre
2632 784 2750 822 eum
2768 769 3028 824 omnibus.
3045 772 3097 824 5.
3116 769 3275 824 Iacob
3297 781 3463 824 autem
3478 813 3493 836 ,
3513 772 3679 840 inquit
3700 810 3716 833 ,

2156 855 2331 908 dilexit
2359 856 2548 923 Ioseph
2577 875 2730 927 supra
2763 875 2930 911 omnes
2956 860 3088 927 ﬁlios
3112 876 3230 913 suos
3250 902 3265 926 ,
3310 861 3546 926 quoniam
3582 862 3720 929 ﬁlius

2155 947 2417 999 senectutis
2442 956 2548 999 erat
2577 947 2641 1000 ei.
2672 946 2814 1001 Fecit
2840 958 3006 1001 autent
3030 950 3075 1002 ei
3095 951 3311 1003 tunicam
3337 951 3548 1004 variam.
3588 951 3723 1018 Quid

2156 1043 2235 1086 est
2261 1075 2273 1096 ,
2316 1033 2505 1087 Dilexit
2537 1035 2727 1104 Ioseph
2765 1053 2913 1105 super
2950 1053 3118 1090 omnes
3154 1038 3285 1104 ﬁlios
3311 1055 3425 1092 suos
3445 1079 3459 1101 ,
3491 1041 3728 1106 quoniam

2158 1122 2294 1190 ﬁlius
2331 1127 2595 1178 senectutis
2617 1134 2720 1178 erat
2746 1126 2831 1178 ei?
2890 1126 3020 1199 Quia
3061 1135 3376 1194 postremus,
3426 1138 3481 1183 et
3518 1130 3567 1183 in
3615 1130 3726 1195 ipsa

2158 1223 2429 1268 senectute
2479 1225 2632 1267 natus
2677 1224 2757 1268 est
2794 1215 2841 1269 ci
2867 1256 2882 1280 ,
2934 1225 3148 1283 propter
3188 1217 3287 1270 hoc
3318 1218 3483 1287 magis
3522 1219 3726 1271 dilexit.

2159 1304 2287 1357 Nam
2319 1306 2484 1373 magis
2514 1306 2766 1360 amabiles
2801 1306 3046 1359 videntur
3085 1306 3176 1361 ﬁlii
3201 1348 3217 1372 ,
3265 1309 3353 1376 qui
3383 1310 3433 1361 in
3462 1320 3730 1363 senectute

2160 1393 2271 1462 ipsa
2296 1406 2635 1464 generantur,
2664 1396 3027 1465 majoremque
3062 1407 3269 1465 patrum
3307 1398 3728 1455 benevolentiam

2161 1494 2532 1553 assequuntur.
2587 1485 2689 1539 Sed
2718 1494 2774 1539 ut
2797 1487 3025 1540 sciamus
3045 1527 3059 1551 ,
3101 1501 3205 1539 non
3238 1488 3338 1540 hoc
3365 1487 3536 1541 solum
3568 1488 3728 1543 fuisse

2161 1576 2300 1645 quod
2331 1586 2532 1645 patrem
2564 1577 2636 1630 illi
2664 1578 3010 1644 conciliabat,
3062 1579 3132 1631 ita
3179 1588 3238 1632 ut
3278 1594 3399 1632 eum
3439 1581 3558 1634 aliis
3600 1598 3731 1649 prtu-

2164 1664 2361 1730 ferret,
2395 1666 2553 1719 docet
2581 1683 2677 1720 nos
2712 1667 2983 1736 Scriptura
3014 1668 3174 1720 etiam
3214 1677 3333 1737 post
3380 1669 3523 1722 illum
3569 1671 3730 1723 alium

2160 1768 2371 1824 quoque
2394 1764 2573 1807 natum
2596 1770 2714 1809 esse
2740 1754 2902 1808 lilium
2930 1773 2943 1809 :
2972 1764 3026 1809 et
3046 1756 3088 1807 si
3115 1757 3404 1812 secundum
3438 1760 3729 1811 naturalem

2163 1857 2400 1896 amorem
2421 1843 2631 1895 dilectio
2662 1843 2847 1896 fuisset
2871 1885 2884 1906 ,
2915 1852 3211 1909 postremus
3242 1842 3424 1897 fuisset
3453 1847 3623 1913 magis
3646 1846 3732 1898 di-

2163 1930 2351 1996 lectus,
2397 1941 2578 1999 utpote
2622 1947 2747 1984 vere
2776 1934 3062 1985 senectutis
3103 1932 3272 1995 filius,
3312 1943 3367 1986 et
3392 1943 3516 1987 tunc
3556 1944 3732 1999 natus,

2162 2022 2373 2091 quando
2412 2023 2477 2075 ad
2521 2034 2842 2090 postremam
2883 2031 3210 2075 senectutem
3257 2025 3497 2091 pervenit
3540 2025 3735 2091 justus.

2164 2112 2297 2178 Quid
2326 2112 2482 2180 igitur
2502 2120 2583 2165 est
2607 2111 2930 2166 dicendum?
2973 2113 3269 2180 Supernam
3298 2113 3579 2181 quamdam
3615 2130 3732 2183 gra-

2166 2204 2289 2257 tiam
2333 2203 2530 2267 fuissc,
2579 2218 2697 2271 qua:
2739 2202 2989 2272 juvenem
3034 2203 3315 2256 amabilem
3366 2203 3651 2269 reddebat,
3682 2215 3736 2257 et

2165 2300 2380 2359 propter
2420 2292 2610 2344 anima:
2642 2292 2887 2345 virtutem
2934 2300 2990 2345 ut
3033 2292 3239 2345 cunctis
3282 2292 3620 2359 pra-ferretur
3661 2293 3736 2345 fa-

2164 2383 2378 2437 ciebat:
2410 2382 2547 2435 hanc
2592 2391 2768 2437 autem
2815 2382 2866 2436 in
2910 2382 3178 2451 Scriptura
3225 2384 3446 2452 prOponi
3496 2398 3732 2447 causam,

2164 2472 2301 2541 quod
2340 2472 2474 2525 ﬁlius
2504 2472 2787 2525 senectutis
2830 2470 3023 2536 fuerit,
3067 2481 3120 2525 et
3151 2471 3270 2525 ideo
3300 2474 3465 2541 magis
3502 2488 3621 2527 eum
3650 2474 3735 2527 di-

2166 2563 2371 2625 lexerit,
2408 2572 2464 2616 tit
2494 2578 2595 2616 non
2626 2562 2902 2616 manifeste
2922 2572 3138 2631 augeret
3166 2562 3343 2615 odium
3374 2562 3594 2616 fratrum
3638 2562 3733 2633 (α).

2234 2654 2437 2706 Invidia
2462 2662 2704 2723 quantum
2737 2654 2947 2705 malum.
2990 2652 3115 2705 Cain
3139 2653 3329 2720 primus
3359 2669 3419 2706 ea:
3443 2654 3610 2705 invido
3641 2654 3733 2705 lto-

2164 2745 2365 2797 micida.
2408 2775 2477 2784 —
2521 2743 2708 2799 Gravis
2733 2745 2873 2797 enim
2902 2744 3013 2798 lucc
3048 2745 3207 2797 animi
3253 2744 3511 2814 :rgritudo
3538 2753 3654 2809 est,
3684 2755 3736 2797 et

2163 2834 2374 2904 quando
2400 2834 2629 2887 animam
2667 2833 2919 2886 invaserit
2942 2871 2957 2893 .
2998 2848 3101 2885 non
3134 2833 3277 2900 prius
3304 2849 3419 2886 eam
3462 2833 3732 2901 relinquit,

2166 2926 2333 2977 donec
2363 2925 2413 2978 in
2442 2934 2733 2979 extremam
2776 2922 3154 2975 absurditatem
3198 2937 3314 2976 eam
3357 2922 3653 2988 induxerit,
3682 2933 3735 2977 ct

2166 3014 2366 3067 l:cdcns
2409 3014 2637 3065 animam
2679 3026 2707 3064 a
2738 3028 2839 3081 qua
2871 3019 2991 3063 nata
3019 3020 3131 3073 est,
3174 3012 3392 3063 omnino
3434 3013 3589 3065 aliter
3614 3028 3734 3066 eum

2164 3105 2246 3157 cui
2278 3102 2474 3156 invidet
2502 3101 2680 3166 allicit,
2710 3116 2870 3171 quam
2895 3101 3010 3154 vult
3043 3119 3057 3155 :
3090 3116 3278 3171 nempe
3300 3102 3578 3156 clariorem
3599 3144 3615 3169 ,
3645 3119 3736 3154 no-

2164 3192 2426 3257 biliorem,
2456 3191 2794 3245 illustriorem
2818 3190 2961 3243 illum
2993 3189 3198 3253 reddit;
3242 3190 3384 3244 unde
3416 3191 3603 3245 iterum
3633 3191 3733 3245 alia

2163 3283 2374 3352 gravior
2400 3272 2581 3336 invido
2612 3281 2763 3350 plaga
2802 3281 3053 3334 nascitur.
3103 3280 3197 3333 llic
3239 3280 3548 3335 consideres
3578 3281 3736 3351 igitur

2165 3372 2531 3427 admirandum
2576 3372 2720 3425 illum
2758 3370 3010 3440 juvenem
3052 3386 3231 3425 rerum
3275 3387 3392 3441 quze
3442 3372 3734 3441 agebantur

2164 3463 2402 3532 ignarum
2422 3502 2438 3528 ,
2469 3460 2846 3531 reprtrsentari
2876 3474 2993 3514 cum
3020 3459 3120 3513 illis
3150 3469 3206 3513 ut
3231 3475 3351 3514 cum
3382 3460 3649 3525 fratribus,
3683 3471 3736 3515 et

2162 3555 2311 3623 quasi
2337 3552 2523 3617 eodem
2547 3561 2696 3607 utero
2727 3554 2883 3619 natis,
2907 3552 3083 3606 omnia
3106 3567 3225 3605 cum
3249 3554 3434 3607 fiducia
3459 3565 3513 3608 et
3536 3556 3737 3623 simpli-

2163 3644 2321 3698 citate
2365 3643 2704 3713 loquentem,
2739 3644 2856 3696 illos
2898 3654 3074 3697 autem
3122 3643 3332 3697 invidi-.e
3373 3646 3512 3697 malo
3550 3656 3736 3711 captos

2163 3736 2286 3789 odio
2328 3750 2447 3787 eum
2492 3743 2885 3801 persequentes.
2935 3735 2989 3786 4.
3040 3733 3272 3786 Videntes
3319 3735 3500 3795 enim,
3545 3735 3730 3803 inquit,

2164 3824 2383 3891 fratres,
2426 3823 2559 3891 quod
2580 3832 2721 3890 pater
2763 3837 2869 3890 prte
2904 3822 3131 3873 omnibus
3167 3823 3287 3888 ﬁliis
3328 3822 3563 3892 diligebat
3601 3841 3731 3885 eum,

2165 3914 2371 3966 oderant
2390 3928 2523 3976 eum,
2548 3920 2593 3964 et
2620 3927 2720 3964 non
2741 3919 2972 3979 poterant
2999 3911 3135 3977 loqui
3159 3911 3204 3961 ei
3219 3912 3489 3980 quidquam
3506 3913 3732 3981 paciﬁee.

2166 4001 2299 4055 Vide
2326 3999 2590 4071 quomodo
2614 3998 2737 4052 odio
2777 4008 3167 4067 prosequuntur
3205 4013 3325 4051 eum
3364 4001 3450 4067 qui
3498 4000 3546 4052 in
3588 4002 3735 4054 nullo

2166 4091 2479 4146 offenderat.
2504 4089 2567 4143 Et
2587 4088 2740 4153 nihil,
2775 4088 2960 4157 inquit,
3000 4098 3227 4157 poterant
3254 4088 3389 4155 loqui
3422 4091 3467 4141 ei
3497 4091 3725 4159 pacifica.

2164 4184 2298 4250 Qttid
2338 4192 2451 4249 est,
2500 4181 2649 4235 Nihil
2687 4188 2916 4251 poterant
2960 4179 3093 4248 loqui
3135 4180 3178 4231 ei
3212 4179 3465 4246 paciﬁce?
3492 4179 3623 4247 Quia
3652 4182 3730 4232 af-

2165 4276 2329 4330 fectus
2355 4274 2723 4330 dominabatur
2746 4273 2824 4326 eis
2851 4279 2905 4325 et
2940 4270 3175 4339 quotidie
3201 4271 3491 4339 augebatur
3530 4272 3731 4334 odium,

2163 4365 2426 4431 ceurcapti
2454 4361 2732 4434 tyrannide
2762 4361 2919 4431 hujus
2947 4361 3106 4426 mali,
3135 4361 3186 4414 in
3214 4361 3335 4413 dolo
3362 4362 3731 4431 loquebantur,

2164 4463 2218 4509 et
2243 4454 2372 4507 nihil
2397 4452 2444 4506 ei
2486 4450 2701 4519 paciﬁce
2746 4451 2884 4519 loqui
2919 4460 3181 4518 poterant.
3240 4450 3370 4505 Vide
3397 4462 3573 4506 autem
3598 4469 3732 4521 quo-

2163 4547 2323 4600 modo
2351 4560 2561 4598 causam
2594 4543 2701 4596 odii
2731 4543 3084 4611 significavit,
3130 4543 3268 4609 quod
3311 4538 3499 4613 nempe
3537 4548 3604 4600 ab
3650 4548 3731 4601 in-

2163 4636 2301 4689 vidia
2328 4633 2600 4688 exordium
2648 4632 2906 4685 habuerit.
2966 4629 3033 4684 Ut
3071 4632 3298 4684 viderunt
3333 4635 3513 4698 enim,
3545 4635 3730 4703 inquit,

2165 4729 2373 4797 fratres,
2419 4724 2555 4795 quod
2592 4732 2733 4791 pater
2770 4737 2883 4773 eum
2912 4736 3017 4789 pra:
3042 4721 3267 4774 omnibus
3312 4719 3440 4789 βίης
3467 4724 3570 4775 suis
3617 4726 3735 4777 dili-

2163 4826 2319 4887 geret.
2374 4816 2540 4869 Amor
2570 4812 2734 4881 patris
2780 4810 3031 4864 invidiam
3069 4810 3115 4864 ei
3154 4812 3391 4879 peperit,
3436 4812 3529 4866 sed
3570 4815 3734 4882 patris

2225 4948 2306 5010 (a),
2331 4953 2510 4994 Sensus
2544 4942 2867 5010 _chrysostomi
2891 4948 3013 5010 gest,
3060 4942 3318 5010 Josephum
3363 4956 3392 4992 a
3432 4945 3608 5010 Jacobo
3657 4958 3736 5006 ρει-

2164 5002 2244 5059 tre
2266 5002 2371 5069 plus
2392 5006 2583 5054 caeteris
2605 5002 2870 5069 adamatum
2890 5002 3055 5069 fuisse,
3080 5004 3141 5051 ob
3176 5002 3438 5069 Supernam
3460 5002 3668 5069 gratiam'
3686 5014 3738 5054 et

2162 5063 2333 5118 anima:
2357 5069 2583 5115 virtutem
2608 5079 2619 5126 ;
2646 5065 2733 5112 sed
2758 5076 2821 5126 ne
2846 5063 2938 5112 hoc
2979 5064 3133 5124 ipsum
3170 5066 3397 5126 majorem
3424 5063 3617 5125 pareret
3642 5066 3736 5112 fra-

2163 5139 2290 5179 trum
2313 5128 2553 5184 invidiam,
2578 5124 2718 5173 aliam
2740 5125 2974 5187 adiectam
2999 5125 3147 5173 fuisse
3170 5124 3346 5173 amoris
3368 5124 3575 5183 causam,
3606 5129 3731 5187 quod

2164 5189 2391 5239 videlicet
2412 5188 2459 5234 in
2494 5194 2749 5235 senectute
2772 5187 3132 5248 suagcnujsset
3169 5199 3306 5248 eum;
3348 5188 3483 5248 quasi
3508 5187 3736 5235 videlicet

2163 5251 2267 5299 haec
2286 5261 2428 5297 causa
2452 5249 2607 5295 minus
2649 5248 2706 5295 ad
2730 5244 2955 5294 ciendum
2999 5244 3202 5294 livorem
3246 5244 3417 5294 idonea
3464 5248 3732 5295 videretur.

2163 5312 2254 5360 sed
2276 5309 2391 5358 illud
2416 5310 2590 5370 ipsum,
2615 5308 2741 5370 quod
2762 5306 2813 5356 in
2834 5314 3069 5356 senectute
3090 5320 3178 5356 sua
3198 5305 3613 5370 ςιρηιιὶεεςεεινλςειιηι,Δ
3640 5321 3733 5354 nou

2162 5378 2299 5421 vacat
2321 5367 2597 5418 ditticultate
2623 5367 2635 5417 ἑ
2661 5382 2768 5417 nam
2814 5370 2986 5417 eodem
3021 5367 3306 5429 t'erme,'aut
3340 5367 3523 5416 tantillo
3571 5367 3734 5429 elapso

2163 5441 2384 5494 tempore
2402 5434 2464 5494 ab
2484 5438 2589 5479 ortu
2617 5438 2965 5494 postremorum
3009 5429 3167 5476 Jacobi
3205 5428 3404 5494 filiorum
3428 5441 3548 5489 quos
3571 5441 3631 5494 ex
3660 5432 3733 5476 Lia

2164 5500 2219 5543 et
2240 5488 2302 5542 e'x
2326 5488 2495 5540 ancilla
2535 5488 2767 5552 suscepit,
2790 5499 2932 5538 natus
2971 5495 3047 5537 est
3082 5489 3292 5552 Josephy;
3330 5488 3469 5552 itaut
3492 5502 3584 5552 non
3609 5489 3733 5536 hunc

2160 5552 2439 5618 specialiter
2464 5554 2511 5618 in
2534 5550 2791 5618 senectute
2814 5564 2900 5618 sua
2934 5552 3208 5618 suscepisse
3241 5550 3472 5601 dicendus
3494 5550 3728 5599 videatur.

2169 5610 2342 5668 V'erutn
2359 5614 2464 5663 hac
2487 5612 2678 5675 longius
2700 5621 2832 5663 esset
2846 5610 3063 5674 pluribus
3084 5610 3342 5661 excutere.
