4168 6264
452 291 557 346 597

455 403 883 460 benevolentiam
909 403 1079 458 virtus
1107 401 1196 454 lilii
1228 401 1326 454 sibi
1355 399 1674 454 conciliavit.
1702 399 1834 454 Cum
1869 400 2028 468 igitur

455 504 728 563 oporteret
749 496 866 548 illos
892 493 1080 546 imitari
1107 492 1338 556 fratrem,
1365 499 1416 544 et
1435 491 1670 544 temulari
1695 506 1868 544 mores
1893 491 2030 558 ejus,

456 591 516 638 ut
541 585 618 638 sic
646 593 698 638 et
725 583 824 653 ipsi
853 594 1051 651 patrem
1074 581 1172 634 sibi
1195 580 1560 640 conciliarent.
1593 596 1660 632 ne
1689 578 1792 634 hoc
1815 575 2031 647 quidem

461 671 563 726 illis
606 673 660 726 in
705 682 934 725 mentem
972 672 1142 733 venit,
1188 669 1284 724 sed
1324 671 1591 722 communi
1637 670 1760 724 odio
1809 671 1972 722 lilium
2003 684 2033 722 a

465 771 615 828 patre
639 761 888 816 dilectum
913 759 1386 828 prosequebantur.
1419 759 1484 812 Et
1513 759 1588 812 illi
1616 760 1852 828 quidem,
1882 760 2032 828 quasi

467 849 647 904 hostes
678 849 822 914 facti,
845 850 986 902 intus
1017 849 1268 902 latentem
1294 848 1548 900 malitiam
1581 849 1872 916 parientes,
1905 847 2034 900 nihil

469 937 684 1008 pacifice
729 939 776 991 ei
802 979 816 1002 ,
863 937 956 990 sed
999 953 1118 989 cum
1150 937 1275 988 dolo
1318 937 1668 1004 loquebantur
1698 955 1710 990 :
1741 938 1826 989 ille
1856 945 2035 988 autem

467 1029 529 1082 ad
539 1028 788 1082 mirabilis
811 1026 1100 1082 fraternam
1127 1027 1544 1082 benevolentiam
1564 1043 1682 1079 cum
1702 1029 1777 1080 eis
1797 1041 2034 1092 servans,

469 1117 704 1186 nihilque
751 1117 1026 1185 suspicans
1049 1156 1064 1180 ,
1105 1124 1162 1170 ut
1191 1114 1436 1169 fratribus
1466 1115 1601 1170 bene
1631 1115 1830 1178 fidens,
1861 1115 2036 1169 omnia

467 1220 585 1274 qua:
612 1207 662 1258 in
689 1220 748 1259 se
766 1215 916 1258 erant
946 1205 1188 1260 faciebat.
1261 1205 1296 1227 ⁸

534 1291 590 1344 2.
626 1293 718 1345 Hic
741 1293 967 1346 morbus
1023 1291 1090 1345 ab
1117 1291 1262 1344 initio
1288 1300 1343 1345 et
1363 1283 1490 1345 Cain
1517 1334 1532 1357 ,
1557 1303 1612 1346 ut
1639 1292 1854 1347 fratrem
1894 1295 2037 1346 occi—

469 1380 649 1445 deret,
681 1381 921 1434 armavit.
955 1379 1019 1434 Et
1063 1382 1200 1436 sicut
1241 1382 1324 1436 isti
1369 1393 1583 1450 propter
1625 1383 2040 1438 benevolentiam

469 1469 661 1538 patris,
693 1483 848 1538 quam
876 1484 1000 1538 erga
1028 1467 1191 1522 filium
1239 1471 1570 1537 declarabat,
1597 1472 1717 1524 odio
1747 1473 1891 1526 illum
1923 1488 2042 1540 pro-

471 1558 856 1626 sequebantur,
886 1567 938 1611 et
968 1558 1272 1626 impugnare
1319 1561 1689 1622 moliebantur,
1719 1570 1772 1614 et
1809 1562 2042 1629 quotidie

471 1647 635 1716 ipsius
663 1647 863 1701 caedem
889 1647 1246 1716 parturiebant
1275 1667 1289 1701 :
1316 1649 1500 1703 eodem
1525 1665 1650 1703 sane
1678 1651 1834 1704 modo
1856 1662 1907 1704 et
1930 1653 2035 1712 ille,

471 1748 528 1789 nt
556 1737 685 1791 vidit
731 1737 904 1792 fratris
951 1738 1086 1790 dona
1139 1741 1247 1792 Deo
1289 1740 1454 1808 magis
1483 1753 1696 1810 accepta
1743 1741 1940 1805 fuisse,
1977 1743 2040 1794 ad

471 1843 591 1880 eum
617 1827 961 1881 occidendum
992 1838 1302 1894 provocatus
1337 1840 1418 1884 est
1442 1869 1456 1890 .
1485 1839 1537 1884 ct
1559 1831 1756 1898 inquit,
1793 1829 2042 1900 Egredio-

473 1931 588 1966 mur
615 1915 665 1966 in
683 1931 915 1982 campum
952 1913 1102 1982 (Gen.
1131 1918 1183 1968 4.
1218 1917 1296 1985 8).
1335 1917 1490 1972 Vides
1533 1919 1670 1971 hunc
1719 1922 1874 1972 etiam
1916 1921 2044 1974 nihil

471 2001 834 2069 suspicatum,
883 1999 1166 2058 conlidisse
1207 2005 1387 2070 fratri,
1422 2016 1474 2060 ct
1509 2009 1704 2062 exiisse
1747 2025 1809 2062 ac
1854 2019 2046 2077 prseter

474 2091 634 2144 animi
663 2095 980 2146 sententiam
1033 2095 1080 2146 in
1135 2095 1390 2149 nefariam
1446 2098 1585 2150 illam
1627 2099 1863 2151 dextram
1913 2099 2044 2154 inci-

475 2181 653 2236 disse?
700 2183 787 2237 Sic
829 2199 954 2238 sane
997 2196 1062 2252 et
1090 2187 1415 2241 admirabilis
1441 2187 1633 2256 Josepli
1665 2191 1906 2244 nesciens
1931 2205 2045 2242 ma-

475 2287 580 2324 lum
615 2271 831 2326 fratrum
858 2291 1072 2328 suorum
1101 2291 1415 2330 consensum
1444 2319 1459 2342 ,
1495 2288 1755 2346 tamquam
1789 2295 1906 2330 cum
1935 2277 2045 2330 fra-

477 2361 644 2413 tribus
670 2378 790 2415 cum
821 2365 897 2416 eis
925 2365 1252 2432 loquebatur,
1277 2374 1330 2417 et
1358 2367 1616 2418 insomnia
1660 2367 1768 2433 ipsa
1805 2383 1922 2434 qua:
1947 2366 2046 2420 sibi

479 2451 614 2500 licus
663 2451 988 2504 revelaverat
1013 2493 1026 2514 ,
1053 2452 1422 2522 prtesignando
1463 2453 1680 2522 gloriam
1718 2455 1814 2506 sibi
1843 2456 2044 2508 obven-

477 2549 644 2591 turam
673 2553 724 2592 et
747 2538 966 2592 fratrum
995 2541 1398 2608 subiectionem,
1429 2545 1480 2595 itt
1519 2545 1746 2597 medium
1779 2560 2045 2614 propone-

479 2631 585 2682 bat.
615 2629 668 2683 5.
692 2627 817 2682 Cum
843 2629 980 2683 enim
1003 2633 1314 2694 somniasset,
1337 2633 1603 2694 somnium,
1633 2634 1816 2704 inquit,
1845 2652 2040 2687 annun-

477 2717 614 2768 tiavit
640 2719 877 2788 fratribus
902 2721 1024 2784 suis,
1049 2719 1100 2772 6.
1127 2729 1172 2772 et
1191 2721 1316 2772 dixit
1336 2721 1406 2774 eis
1440 2736 1458 2773 :
1483 2721 1662 2776 Audite
1687 2725 1934 2776 somnium
1955 2726 2048 2776 hoc

477 2823 660 2859 mrum.
683 2807 734 2859 7.
759 2807 1006 2861 Putabam
1022 2825 1111 2860 nos
1137 2810 1420 2878 manipulos
1445 2813 1601 2880 ligare
1631 2813 1679 2864 in
1715 2813 1876 2865 medio
1904 2829 2042 2883 agro,

477 2905 524 2948 rt
537 2897 750 2949 surrexit
776 2898 1062 2965 manipulus
1087 2915 1254 2966 meus,
1282 2909 1328 2952 ct
1349 2912 1539 2954 erectus
1566 2913 1635 2955 est
1666 2918 1683 2957 :
1710 2903 2046 2956 circumstan-

478 2996 550 3039 tes
570 2995 734 3039 autem
753 2988 996 3056 manipuli
1017 2989 1162 3042 vestri
1177 2990 1508 3044 aduraverunt
1530 2993 1843 3062 manipulum
1866 3010 2046 3049 meum.

481 3075 530 3129 8.
583 3073 832 3128 Dixrrunt
862 3087 1026 3130 autem
1068 3079 1112 3130 ci
1137 3081 1318 3148 fratres
1349 3096 1366 3131 :
1399 3079 1538 3132 Num
1562 3097 1778 3150 regnans
1815 3084 2046 3151 regnabis

479 3181 626 3234 super
654 3183 763 3232 nos,
796 3177 882 3220 aut
908 3167 1169 3222 dominans
1199 3169 1530 3223 dominaberis
1577 3173 1778 3225 nostri?
1801 3173 1866 3224 Et
1891 3190 2051 3242 appo—

476 3266 680 3310 suerunt
723 3257 888 3310 adhuc
929 3275 1042 3311 eum
1083 3259 1198 3312 odio
1253 3263 1480 3329 prosequi
1531 3272 1733 3330 propter
1770 3264 1963 3314 somnia
2003 3271 2050 3316 et

486 3349 631 3400 verba
665 3365 776 3401 sua.
806 3349 1085 3418 Propterea
1117 3351 1262 3420 prius
1287 3367 1495 3421 quoque
1525 3353 1700 3406 docuit
1723 3353 1841 3406 illos
1869 3355 2048 3406 odium

476 3453 600 3507 erga
628 3454 746 3492 eum
787 3449 937 3492 antea
967 3441 1268 3494 exhibuisse
1289 3483 1303 3508 ,
1335 3449 1390 3494 ut
1429 3457 1495 3495 ne
1527 3451 1766 3510 putemus
1795 3459 1886 3496 eos
1928 3443 2050 3497 hinc

476 3529 766 3596 sumpsisse
806 3527 910 3581 odii
961 3529 1039 3581 sui
1091 3540 1272 3583 contra
1301 3545 1418 3583 eum
1468 3531 1762 3586 exordium.
1792 3533 2046 3602 Apposue-

476 3625 594 3670 runt
625 3619 764 3671 enim
802 3621 965 3672 adhuc
1001 3637 1112 3673 eum
1154 3621 1269 3674 odio
1309 3623 1540 3690 prosequi
1568 3638 1586 3675 :
1611 3621 1710 3676 hoc
1737 3634 1852 3690 est“,
1885 3625 2048 3678 multo

477 3707 644 3775 magis
670 3709 936 3776 augebant
972 3709 1150 3765 odium
1183 3721 1236 3766 et
1259 3711 1561 3765 inimicitias
1585 3725 1766 3767 contra
1812 3731 1951 3768 eum.
1987 3719 2048 3770 lit

474 3797 595 3850 vide
647 3797 832 3850 miram
862 3799 1068 3852 illorum
1115 3801 1404 3854 emcitatent
1434 3803 1569 3870 :ipsi
1610 3805 1752 3858 enim
1782 3797 2044 3860 somnium

474 3897 763 3954 exponunt.
789 3887 903 3942 Non
917 3891 1062 3943 enim
1089 3899 1171 3944 cst
1199 3891 1502 3958 dicendum,
1535 3907 1627 3946 eos
1655 3903 1869 3964 propter
1895 3893 2049 3964 igno-

477 3976 698 4029 rantiam
727 3992 909 4032 eorum
938 4021 952 4045 ,
982 3995 1098 4048 quae
1128 3979 1299 4035 futura
1325 3993 1476 4036 erant
1495 4023 1510 4050 ,
1535 3983 1782 4037 invidiam
1818 3986 2045 4056 gessisse

475 4073 658 4119 contra
701 4081 845 4131 eum;
874 4068 965 4122 sed
1013 4077 1070 4123 ut
1127 4069 1296 4124 futura
1339 4086 1400 4124 es
1449 4073 1666 4126 somniis
1706 4073 2040 4140 didicerunt,

473 4163 682 4206 auctum
732 4165 812 4209 est
860 4159 1035 4210 odimn
1067 4175 1269 4213 eorum.
1313 4161 1357 4212 Ο
1398 4160 1660 4230 ingentem
1714 4165 2039 4219 amentiam!

471 4245 758 4312 Oportebat
802 4247 901 4300 hoc
936 4249 1167 4302 scientes
1197 4249 1449 4318 majorem
1490 4265 1609 4319 erga
1637 4252 1784 4306 illunt
1815 4253 2044 4308 benevo-

475 4335 688 4388 lentiam
713 4337 983 4391 declarare
1003 4379 1016 4400 ,
1045 4354 1077 4393 e
1105 4323 1280 4394 medio
1308 4341 1492 4394 tollere
1515 4343 1619 4395 odii
1645 4359 1856 4396 causam
1882 4357 2041 4414 atque

471 4423 704 4495 effugare
733 4427 1032 4482 invidentia:
1057 4429 1300 4483 affectum
1328 4448 1343 4484 :
1371 4431 1698 4486 obtenebrati
1745 4443 1922 4489 mente
1940 4476 1956 4501 ,
1987 4447 2042 4490 et

472 4531 576 4569 non
623 4515 862 4570 videntes
905 4532 964 4572 se
1017 4530 1200 4573 contra
1242 4519 1556 4590 semetipsos
1600 4523 1774 4576 omnia
1829 4523 2038 4591 facere,

471 4607 635 4660 multo
661 4607 862 4676 majore
899 4609 1022 4664 odio
1051 4612 1102 4663 in
1129 4627 1247 4663 eum
1292 4623 1621 4665 exarserunt.
1645 4615 1818 4678 Quare
1838 4657 1851 4678 ,
1879 4629 1912 4666 o
1938 4614 2038 4666 mi-

468 4697 570 4751 seri
613 4705 664 4751 et
705 4697 996 4752 calamitosi
1024 4741 1038 4766 ,
1074 4709 1267 4754 tantam
1297 4701 1602 4756 declarastis
1623 4703 1868 4756 invidiam
1893 4745 1906 4768 ,
1932 4719 2036 4758 non

467 4790 757 4857 rogitantes
777 4795 831 4842 et
857 4789 1148 4844 fraternum
1181 4793 1444 4846 vinculum
1465 4834 1481 4858 ,
1512 4803 1565 4847 et
1589 4795 1913 4852 somniorum
1945 4812 2031 4849 re-

467 4881 781 4932 velationem
820 4881 1152 4934 manifestam
1188 4882 1280 4935 Dei
1309 4897 1432 4951 erga
1465 4883 1612 4936 illum
1635 4883 1908 4938 declarare
1938 4883 2020 4938 he-

463 4967 849 5022 nevolentiam?
871 4969 1044 5024 Nolite
1066 4972 1204 5024 enim
1232 4973 1541 5028 existimare
1565 4989 1686 5042 quae
1713 4989 1744 5026 a
1773 4974 1882 5029 Deo
1901 4991 2038 5044 prte-

463 5061 668 5129 signata
699 5069 838 5122 sunt,
875 5077 1027 5128 posse
1053 5063 1308 5116 subverti.
1339 5063 1468 5117 Nam
1497 5067 1632 5120 sicut
1657 5067 1918 5122 somnium
1945 5067 2032 5120 di-

458 5148 754 5217 iudicastis.
787 5149 854 5202 ita
877 5149 976 5202 erit
1007 5167 1107 5202 non
1135 5161 1256 5220 post
1275 5155 1498 5207 ntultum
1526 5159 1796 5222 temporis,
1827 5159 2030 5212 etiamsi

462 5237 740 5293 innumera
792 5240 1094 5308 excogitare
1131 5243 1426 5297 volueritis.
1459 5245 1639 5300 Solet-5
1666 5247 1806 5301 cnim
1848 5257 1901 5302 et
1942 5263 2030 5302 sa-

459 5327 614 5398 piens
635 5342 756 5382 cum
786 5329 855 5383 sit
878 5331 1113 5385 omnium
1161 5332 1412 5387 Dominus
1433 5373 1447 5398 ,
1481 5343 1538 5387 ut
1570 5349 1679 5389 suae
1701 5337 1906 5391 virtutis
1941 5337 2030 5390 de-

459 5417 628 5474 claret
673 5422 1005 5488 potentiam.
1043 5435 1185 5492 Saepe
1231 5423 1393 5477 multa
1457 5425 1716 5494 permittit
1763 5427 2026 5496 interponi

459 5510 838 5578 impedimenta
863 5555 875 5576 ,
909 5525 964 5567 ut
987 5513 1052 5568 iis
1081 5529 1199 5583 quia
1233 5515 1330 5568 sibi
1358 5515 1558 5583 pridem
1585 5518 1693 5572 visa
1725 5527 1880 5572 erant
1899 5533 2022 5584 per-

459 5599 607 5656 fectis
633 5643 647 5669 ,
676 5617 936 5660 summam
964 5606 1172 5662 virtutis
1217 5623 1327 5664 sum
1379 5607 1611 5664 declaret
1657 5613 2019 5666 eminentiam.

1127 287 1186 342 S.
1223 284 1497 344 JOANNIS
1523 283 1997 344 Cl-lRYSOSTOMl
2036 285 2349 344 AliGHlBP.
2389 283 2917 342 CONSTANTINOP.

2139 397 2333 452 Verum
2365 398 2434 452 ita
2461 414 2519 452 se
2545 398 2702 456 habet
2721 397 2914 452 invidia
2937 437 2954 464 ,
2989 394 3117 449 nihil
3145 409 3330 450 eorum
3351 393 3582 464 cogitare
3613 410 3710 463 po-

2141 501 2262 560 test,
2294 492 2386 546 sed
2415 493 2651 556 omnino,
2681 502 2736 544 ut
2758 492 2828 544 ita
2855 490 3050 554 dicam,
3079 488 3166 542 ubi
3198 485 3405 542 invidus
3434 496 3620 554 captus
3642 487 3710 538 ab

2143 585 2243 636 hoc
2285 583 2468 636 morbo
2499 581 2684 646 fuerit,
2715 591 2898 635 contra
2943 596 3092 634 suam
3137 579 3300 647 ipsius
3340 579 3562 631 salutem
3591 577 3711 630 facit

2141 677 2336 727 omnia.
2368 675 2427 726 Et
2453 674 2523 725 illi
2555 673 2764 740 quidem
2797 673 3098 726 narratione
3128 669 3516 724 somniiodium
3549 673 3736 740 auseﬁ

2144 774 2310 824 runt;
2372 763 2698 816 admirabilis
2741 772 2914 815 autem
2961 759 3158 830 .losepb
3207 760 3296 813 ubi
3337 769 3393 813 et
3444 757 3584 810 aliud
3629 727 3738 830 so-f

2143 855 2342 906 mnium
2373 854 2518 912 vidit.
2551 869 2654 905 non
2687 853 2810 920 ipsis
2840 852 3032 914 solum,
3068 849 3160 904 sed
3191 859 3244 903 et
3268 849 3404 918 patri
3431 858 3626 900 narrat.
3657 827 3733 900 9.I

2147 945 2304 1012 Quasi
2331 945 2407 995 sol
2435 953 2477 996 et
2509 944 2628 995 luna
2670 954 2714 993 et
2751 942 2977 995 undecim
3005 940 3161 994 stella:
3182 939 3458 992 adorabunt
3498 954 3593 989 me.
3626 937 3708 989 10.

2145 1037 2210 1089 Et
2257 1035 2526 1103 increpavit
2569 1051 2681 1086 cum
2731 1044 2870 1104 pater
2897 1049 3047 1095 suus,
3081 1041 3126 1083 et
3157 1031 3282 1084 dixit
3327 1030 3372 1082 ei
3402 1045 3420 1079 :
3453 1025 3600 1092 Quod
3645 1037 3714 1077 (νει

2143 1125 2390 1177 somnium
2420 1124 2527 1186 hor,
2556 1125 2688 1191 quod
2713 1123 2974 1174 somniasti
2992 1122 3016 1173 ?
3051 1119 3310 1186 Numquid
3344 1129 3514 1171 euntes
3537 1116 3716 1168 ibimus

2144 1234 2233 1286 ego
2259 1227 2303 1268 et
2353 1225 2508 1266 ntater
2534 1225 2618 1266 tuo
2639 1255 2650 1276 ,
2680 1225 2724 1265 et
2749 1217 2930 1282 fratres
2974 1213 3077 1276 tui,
3114 1221 3166 1264 ut
3194 1211 3456 1263 adoremus
3483 1217 3528 1259 te
3569 1222 3718 1274 suprr

2145 1308 2362 1361 terram?
2393 1309 2477 1360 Η.
2511 1306 2764 1358 ίΕηηιΙαιὶ
2790 1315 2953 1358 autem
2978 1314 3090 1357 sunt
3119 1321 3227 1355 eum
3247 1300 3436 1368 fratres
3451 1299 3547 1364 sui,
3581 1307 3719 1367 pater

2145 1413 2258 1449 vero
2292 1396 2563 1448 observavit
2590 1397 2809 1446 verbum.
2835 1393 3020 1447 Sciens
3050 1402 3198 1461 pater
3239 1389 3378 1460 quod
3411 1389 3599 1442 fratres
3639 1387 3718 1439 iu-

2149 1488 2392 1542 viderent
2431 1485 2478 1540 ei
2502 1527 2515 1552 ,
2545 1495 2766 1554 propter
2797 1486 2896 1537 hoc
2943 1482 3230 1550 increpavit
3251 1495 3469 1550 puerum
3491 1518 3508 1542 ,
3541 1487 3594 1530 et
3622 1493 3716 1530 ex-

2147 1580 2320 1650 posuit
2349 1579 2506 1632 cliam
2535 1578 2647 1645 ipse
2675 1577 2969 1638 somnium,
2998 1589 3061 1630 ac
3088 1573 3394 1638 coniectans
3427 1585 3454 1622 a
3495 1569 3604 1622 lleo
3631 1583 3717 1621 re-

2149 1669 2463 1723 velationem
2514 1669 2562 1720 ei
2605 1665 2832 1728 factam,
2879 1661 3198 1716 observabat
3237 1661 3476 1712 verbum.
3523 1657 3718 1709 Verum

2149 1775 2252 1812 non
2283 1759 2352 1811 ita
2381 1758 2642 1810 faciebant
2664 1757 2867 1808 fratres.
2901 1753 3004 1807 Sed
3025 1751 3178 1822 quid?
3201 1750 3394 1804 lterum
3420 1748 3585 1801 tnulto
3613 1761 3722 1797 ma-

2147 1851 2227 1918 gis
2251 1849 2655 1902 :emulabantur.
2684 1845 2790 1899 Cur
2819 1847 2986 1898 insani
3029 1841 3242 1896 fuistis?
3269 1856 3363 1893 cur
3391 1837 3718 1905 stupidorutn

2147 1955 2308 2008 opera
2354 1938 2587 1991 fecistis?
2611 1936 2728 2008 Non
2755 1937 3024 2004 cogitastis
3041 1975 3057 1998 ,
3085 1932 3374 1986 secundum
3400 1929 3718 1983 insomnium

2150 2045 2252 2080 non
2287 2038 2515 2088 temere,
2549 2040 2722 2093 neque
2744 2024 2958 2076 fortuito
2991 2024 3183 2074 fartum
3210 2035 3330 2074 esse
3358 2035 3372 2071 :
3402 2017 3494 2070 sed
3523 2027 3580 2069 ut
3599 2031 3718 2068 cum

2147 2117 2438 2172 didieeritis
2466 2117 2682 2169 omnino
2734 2115 2906 2166 futura
2955 2127 3076 2166 esse
3119 2125 3237 2179 quae
3279 2107 3527 2176 prmdicta
3559 2115 3716 2166 sunt,

2149 2208 2370 2262 cessetis
2401 2206 2642 2258 meditari
2687 2203 3031 2256 fratricidinm
3054 2243 3069 2264 ,
3099 2207 3278 2267 utpote
3307 2211 3417 2250 rem
3447 2196 3722 2247 molien'es

2153 2297 2530 2367 impossibilem
2553 2297 2576 2347 ἲ
2605 2295 2766 2363 Igitur
2793 2291 3072 2361 oportebat
3100 2288 3312 2358 quidem
3339 2301 3456 2350 vos,
3485 2299 3605 2338 eum
3627 2297 3720 2336 co-

2149 2391 2406 2460 gitarctis,
2434 2399 2486 2444 et
2516 2390 2566 2442 in
2599 2397 2832 2442 mentem
2853 2384 3162 2451 acciperetis
3179 2381 3462 2434 fraternam
3491 2384 3722 2429 vestram

2149 2480 2578 2548 conjunctionem
2605 2520 2620 2540 ,
2665 2479 2894 2530 futuram
2940 2475 3116 2528 fratris
3159 2472 3384 2542 gloriam
3419 2483 3514 2536 pro
3550 2475 3722 2520 vestra

2151 2571 2364 2624 ducere.
2397 2569 2656 2634 Quoniam
2702 2580 2881 2624 au'em
2909 2565 2974 2617 ad
3023 2567 3122 2618 hoc
3165 2577 3270 2616 non
3315 2557 3674 2628 reSpiciebatis
3705 2593 3720 2616 ,

2151 2673 2481 2725 Consequens
2529 2657 2626 2710 fuit
2649 2655 2774 2716 illud
2803 2655 3058 2722 cogitare,
3087 2665 3180 2706 vos
3215 2665 3318 2704 non
3347 2655 3532 2702 contra
3559 2659 3678 2698 eum
3704 2683 3720 2710 ,

2151 2748 2244 2802 sed
2267 2753 2447 2802 contra
2470 2746 2704 2798 omnium
2739 2745 3044 2806 Dominum,
3076 2742 3166 2810 qui
3193 2740 3295 2794 hoc
3323 2740 3372 2794 ei
3393 2738 3502 2807 jam
3525 2736 3726 2792 revela.

2153 2841 2264 2902 vit,
2311 2837 2508 2892 bellmn
2539 2849 2741 2904 gerere.
2785 2832 2979 2886 Verum
3029 2831 3099 2884 illi
3141 2829 3352 2900 quidem
3377 2869 3393 2894 ,
3421 2827 3556 2880 sicut
3583 2824 3720 2888 disi,

2152 2943 2325 2996 neque
2351 2934 2552 2978 natura:
2579 2923 2846 2978 vinculum
2881 2922 3114 2982 rcvcrili,
3149 2934 3322 2988 neque
3357 2919 3410 2971 in
3437 2923 3611 2969 mente
3629 2929 3722 2966 ca-

2155 3019 2357 3087 pientes
2386 3023 2582 3086 quanta
2612 3016 2701 3069 ille
2727 3029 2954 3083 superna
2998 3011 3366 3068 benevolentia
3406 3007 3720 3066 nttntiretur,

2153 3109 2332 3162 odium
2355 3107 2590 3177 quotidie
2617 3114 2880 3160 auxerunt
2903 3123 2916 3158 :
2941 3113 2995 3158 et
3013 3103 3218 3160 occulte
3243 3102 3378 3154 intra
3409 3097 3723 3163 semetipsos

2153 3213 2338 3266 rogum
2381 3197 2772 3260 accenderunt,
2815 3209 2986 3264 neque
3036 3207 3216 3262 patre,
3251 3205 3422 3258 neque
3467 3189 3572 3242 lilio
3619 3185 3722 3239 tale

2151 3288 2420 3357 quidpiam
2459 3287 2882 3354 suspicantibus,
2915 3299 3084 3352 neque
3125 3279 3482 3350 cogitmtibus
3535 3293 3628 3330 eos
3669 3277 3719 3328 in

2155 3389 2354 3434 tantam
2383 3379 2641 3432 insaniam
2667 3392 2786 3430 esse
2816 3385 3204 3443 pt-olieraturos.
3241 3371 3362 3424 Ideo
3385 3369 3470 3424 ubi
3499 3366 3720 3436 profecti

2153 3477 2278 3524 sunt
2305 3469 2498 3522 fratres
2519 3468 2584 3522 ad
2607 3482 2798 3536 greges
2825 3484 2836 3518 :
2863 3467 2946 3518 15.
2976 3463 3139 3526 Dixit,
3171 3463 3360 3529 inquit,
3385 3469 3525 3527 pater
3543 3457 3610 3507 ad
3629 3455 3724 3508 Jo-

2151 3561 2274 3626 seph
2301 3575 2318 3612 :
2347 3559 2532 3612 Nonne
2560 3558 2738 3626 fratres
2763 3557 2834 3614 tui
2864 3563 3072 3622 pascunt
3095 3567 3208 3610 ouss
3221 3553 3276 3604 in
3293 3549 3549 3619 Syc/tem?
3577 3547 3717 3608 Veni,

2152 3652 2344 3704 mittant
2369 3659 2416 3702 te
2439 3648 2508 3700 ad
2535 3663 2639 3700 eos.
2663 3646 2900 3714 Dixitque
2921 3643 2966 3696 ei
2991 3658 3011 3694 :
3041 3642 3166 3696 Ecce
3185 3657 3299 3710 ego.
3335 3638 3522 3694 Vidisti
3553 3639 3718 3706 patris

2151 3755 2274 3810 erga
2323 3740 2506 3794 filios’
2535 3735 2914 3794 dilectionem?
2965 3732 3140 3786 vidisti
3185 3731 3274 3782 lilii
3323 3725 3718 3782 obedientiam?

2153 3831 2292 3884 Dixit
2316 3839 2494 3883 autem
2513 3829 2564 3882 ei
2597 3845 2614 3880 :
2638 3826 2723 3880 M.
2761 3823 2897 3878 Vade
2917 3865 2930 3886 ,
2961 3832 3004 3876 et
3031 3823 3140 3876 vide
3157 3861 3174 3887 ,
3203 3837 3324 3874 num
3345 3819 3456 3872 sorti
3479 3819 3576 3870 sint
3607 3821 3718 3885 fra-

2147 3934 2247 3976 tres
2271 3921 2364 3984 tui,
2387 3929 2430 3975 et
2461 3935 2595 3984 oves,
2613 3916 2918 3971 ctannuntia
2943 3914 3086 3966 mihi.

2217 4015 2272 4066 5.
2301 4011 2494 4080 Ioseph
2515 4011 2683 4080 ﬁgura
2701 4008 2903 4062 Christi.
2931 4036 3000 4046 -——
3027 4005 3150 4059 Haec
3175 4011 3350 4056 autem
3377 4001 3556 4056 omnia
3579 3999 3713 4053 facta

2148 4112 2273 4158 sunt
2296 4141 2310 4166 ,
2341 4112 2396 4154 ut
2419 4107 2474 4154 et
2495 4097 2712 4166 .losephi
2751 4112 2874 4164 erga
2915 4095 3108 4148 fratres
3145 4099 3528 4146 mansti-aretur
3553 4089 3715 4142 bene-

2149 4191 2398 4254 volentia,
2419 4199 2472 4244 et
2491 4187 2700 4240 illorum
2723 4183 3058 4252 sanguinaria
3075 4197 3224 4236 mens
3245 4181 3396 4236 ﬁeret
3415 4176 3712 4232 manifesta.

2147 4284 2364 4338 Factum
2391 4288 2474 4336 est
2498 4287 2674 4332 autem
2697 4286 2752 4330 et
2772 4277 2824 4328 in
2857 4277 3072 4343 figuram
3101 4272 3566 4336 futurorum,.utiu
3599 4284 3716 4322 um-

2148 4375 2241 4428 bra
2262 4373 2428 4426 multo
2455 4377 2612 4422 antea
2631 4365 2869 4420 veritatis
2901 4379 2985 4418 res
3015 4363 3460 4418 describerentur.
3487 4359 3558 4412 Et
3579 4359 3714 4412 sicut

2144 4465 2338 4532 Ioseph
2361 4463 2424 4516 ad
2458 4463 2648 4514 fratres
2675 4458 2804 4512 abiit
2829 4457 3054 4512 invisum
3085 4472 3198 4521 eos,
3227 4464 3280 4508 et
3309 4457 3380 4508 illi
3409 4469 3580 4521 neque
3605 4453 3710 4504 fra-

2145 4555 2462 4608 ternitatem.
2493 4563 2666 4618 neque
2689 4547 2945 4602 adventus
2967 4561 3180 4599 causam
3211 4544 3453 4606 reveriti,
3487 4546 3709 4610 primum

2143 4642 2354 4711 quidem
2381 4641 2450 4694 de
2485 4637 2776 4692 occidendo
2795 4636 2886 4690 illo
2905 4633 3268 4690 deliberabant
3289 4673 3306 4699 ,
3331 4642 3504 4701 postea
3535 4641 3710 4684 autem

2141 4737 2493 4790 vendiderunt
2539 4733 2780 4786 barbaris
2811 4747 2824 4783 :
2859 4731 2928 4783 ita
2969 4739 3023 4783 et
3051 4728 3308 4780 Dominus
3353 4733 3532 4778 noster
3561 4737 3708 4776 suam

2141 4841 2363 4879 servans
2401 4823 2846 4884 misericordiam,
2887 4818 3102 4874 advenit
3143 4817 3378 4870 invisens
3424 4813 3710 4867 humanum

2139 4933 2324 4986 genus,
2351 4927 2401 4971 et
2419 4924 2662 4984 suscepta
2681 4923 2872 4966 nostra:
2903 4910 3085 4962 formae
3111 4921 3290 4968 carne,
3323 4906 3565 4974 dignatus
3597 4903 3708 4956 fieri

2143 5009 2306 5062 frater
2332 5017 2530 5070 noster,
2559 5005 2636 5058 sic
2677 5003 2912 5056 advenit.
2963 4999 3028 5052 Et
3053 4999 3243 5052 clamat
3269 4997 3462 5050 Paulus
3487 4995 3668 5048 dicens
3691 5009 3708 5046 :

2142 5099 2262 5153 Non
2305 5099 2436 5151 enim
2465 5097 2672 5167 angelos
2695 5094 2986 5161 assumpsit,
3003 5091 3091 5145 sed
3117 5107 3282 5143 senten
3302 5089 3517 5142 Abrahae
3541 5087 3710 5140 :und's

2138 5190 2308 5242 debuit
2335 5205 2424 5258 per
2461 5187 2630 5241 omnia
2667 5183 2910 5256 fratribus
2953 5183 3132 5236 similis
3163 5180 3274 5248 ﬁeri
3313 5178 3494 5246 (Hebr.
3531 5176 3586 5230 2.
3621 5176 3707 5230 16.

2139 5283 2250 5350 17-).
2281 5277 2384 5334 Sed
2413 5278 2604 5347 ingrati
2641 5275 2810 5330 Judu-i
2843 5273 3136 5326 animarum
3177 5283 3564 5338 corporumque
3595 5268 3706 5319 Me-

2137 5372 2310 5427 dicum
2340 5370 2613 5423 innumera
2665 5364 2917 5420 miracula
2961 5361 3196 5432 quotidie
3243 5365 3535 5430 patrantcm
3567 5363 3708 5408 occl-

2134 5463 2262 5518 dere
2287 5459 2460 5514 conati
2489 5468 2645 5524 sunt,
2675 5467 2730 5511 et
2769 5469 2932 5524 opere
2959 5453 3362 5520 compleverunt
3406 5447 3584 5500 animo
3609 5461 3705 5499 suo

2197 5621 2214 5652 ί
2249 5617 2386 5668 savil.
2412 5626 2463 5668 et
2481 5615 2672 5677 quidam
2693 5621 2816 5672 Mss,
2842 5625 2958 5673 erga
2977 5609 3154 5672 ﬁlium;
3188 5611 3344 5658 minus
3367 5619 3522 5656 recte.
