4168 6264
412 328 514 382 527

408 441 559 495 αὐτοὶ
591 440 680 493 τὸν
716 439 928 511 πατέρα
971 439 1407 502 ἐπισπάσωνται,
1448 437 1606 490 τοῦτο
1637 437 1735 508 μὲν
1763 438 1882 491 οὑδέ
1910 439 1990 501 εἰς

408 525 615 577 ἔννοιαν
645 521 1034 590 λαμϐάνουσιν,
1066 521 1204 574 ἀλλά
1231 520 1408 574 κοινὸν
1442 523 1596 590 μῖσος
1619 521 1748 591 περί
1768 521 1857 573 τὸν
1888 521 1993 573 ὑπὸ

406 605 500 658 τοῦ
540 603 741 674 πατρὸς
787 601 1146 672 ἀγαπώμενον
1190 601 1586 654 ἐπεδείκνυντο.
1635 601 1744 653 Καὶ
1795 604 1992 654 ἐκεῖνοι

414 687 534 756 μέν,
583 684 836 754 καθάπερ
885 683 1380 756 ἐκπολεμούμενοι,
1428 683 1570 735 οὑτω
1623 682 1992 735 λανθάνουσαν

411 753 612 820 ἐσωθεν
638 766 735 837 τὴν
763 753 1353 838 πονηρίακίτίκτοντες,
1381 765 1532 818 οὐδὲν
1551 764 1822 834 εἰρηνικὸν
1846 764 1993 834 αὑτῷ

409 849 731 916 διελέγοντο,
760 848 893 901 ἀλλά
925 848 1062 917 μετά
1090 848 1244 900 δόλου
1266 848 1665 918 προσεφέροντο
1686 863 1699 875 ·
1723 848 1752 898 ό
1779 845 1834 898 δὲ
1865 846 1994 899 θαυ-

416 932 610 998 μάσιος
657 925 812 993 οὗτος
869 931 965 999 τὴν
1021 928 1312 1000 ἀδελφικὴν
1353 926 1566 981 εῦνοιαν
1606 926 1744 998 πρὸς
1796 927 1993 990 αὐτοὺς

413 1011 734 1074 ἀποσώζων,
760 1011 851 1064 καὶ
879 1011 1032 1065 οὐδὲν
1065 1011 1409 1081 ὑπιδόμενος,
1440 1011 1535 1063 ἀτε
1565 1007 1629 1079 δὴ
1651 1009 1726 1071 ὼς
1746 1007 1993 1076 ἀδελφοῖς

417 1093 652 1164 ἐθάρρει,
683 1095 778 1147 καὶ
805 1095 872 1145 τά
902 1094 1023 1147 καθ’
1054 1094 1245 1148 ἐαυτὸν
1275 1083 1492 1146 ἅπαντα
1521 1090 1814 1144 ἀνετίθετο.

488 1173 554 1243 β’.
580 1175 748 1228 Τοῦτο
770 1176 832 1228 τὸ
863 1175 1034 1238 πάθος
1070 1175 1164 1228 καὶ
1198 1175 1258 1240 ἐξ
1287 1175 1462 1245 ἀρχῆς
1503 1174 1594 1225 τὸν
1627 1172 1761 1225 Κάῖν
1798 1175 1878 1236 εἰς
1901 1173 1991 1225 τὸν

418 1257 557 1308 κατὰ
588 1256 680 1309 τοῦ
710 1259 940 1325 ἀδελφοῦ
975 1259 1132 1326 φόνον
1178 1259 1417 1328 ὁρμῆσαι
1451 1255 1852 1326 παρεσκεύασε.
1883 1255 1991 1307 Καὶ¹

417 1340 666 1408 καθάπερ
687 1335 826 1394 οῦτοι
848 1341 934 1393 διά
956 1339 1054 1410 τὴν
1075 1339 1286 1392 εὑνοιαν
1310 1337 1402 1391 τοῦ
1428 1338 1651 1408 πατρὸς,
1671 1338 1737 1407 ἣν
1759 1354 1824 1388 πε
1834 1337 1884 1407 ρὶ
1902 1335 1992 1388 τὸν

417 1423 580 1474 παῖδα
603 1423 964 1486 ἐπεδείκνυτο,
998 1426 1174 1491 μισεῖν
1192 1422 1353 1475 αὑτὸν
1378 1419 1868 1490 παρεσκευάζοντο,
1899 1419 1993 1472 καὶ

417 1504 670 1575 πολεμεῖν
705 1505 1041 1576 ἐπεχείρουν,
1076 1505 1168 1557 καὶ
1198 1504 1318 1558 καθ’
1349 1504 1585 1572 ἑκάστην
1623 1503 1835 1572 ἡμέραν
1867 1499 1986 1553 ὤδι-

415 1603 505 1638 νον
535 1587 632 1644 τὴν
658 1589 778 1641 κατ’
805 1587 969 1641 αὑτοῦ
1005 1588 1238 1656 σφαγήν·
1265 1587 1356 1639 τὸν
1387 1585 1548 1639 αὑτὸν
1569 1586 1633 1655 δὴ
1655 1585 1855 1654 τρόπον
1889 1586 1990 1637 κά-

417 1670 592 1731 κεῖνος
635 1667 968 1736 θεασάμενος
1009 1668 1085 1720 ὅτι
1129 1668 1194 1719 τὰ
1239 1668 1389 1738 παρὰ
1427 1666 1522 1719 τοῦ
1570 1666 1798 1736 ἀδελφοῦ
1847 1666 1993 1736 δῶρα

419 1751 618 1819 μᾶλλον
643 1751 805 1804 δεκτά
829 1750 1070 1818 γέγονεν,
1113 1752 1192 1812 εἰς
1219 1750 1310 1802 τὸν
1342 1750 1482 1803 κατά
1522 1749 1617 1801 τοῦ
1645 1747 1872 1818 ἀδελφοῦ
1899 1749 1994 1818 φό-

416 1851 506 1887 νον
532 1833 758 1904 ’ἐκινήθη
778 1875 790 1893 ,
821 1834 915 1886 καί
962 1851 1146 1903 φησιν,
1190 1827 1548 1897 Ἑξέλθωμεν
1573 1831 1659 1894 εἰς
1679 1827 1744 1881 τὸ
1765 1827 1991 1888 πεδίον.

428 1915 590 1986 Ὀρᾷς
623 1916 716 1969 καὶ
754 1915 941 1968 τοῦτον
974 1915 1135 1986 μηδὲν
1167 1913 1535 1983 ὑφορώμενον,
1575 1914 1688 1965 ἀλλ’
1725 1907 1810 1966 οἶα
1841 1912 1991 1983 [585]

417 1997 483 2068 δὴ
509 1998 722 2068 ἀδελφῷ
761 1999 1100 2068 πειθόμενον,
1137 1996 1454 2058 κατεξιόντα
1484 1995 1577 2046 καὶ
1605 1996 1876 2065 πάρεργον
1905 2011 1995 2061 γι-

415 2075 640 2146 νόμενον
673 2077 770 2145 τῆς
818 2076 1020 2145 μιαρᾶς
1053 2073 1266 2141 ἐκείνης
1312 2071 1490 2136 δεξιᾶς
1513 2084 1576 2136 ⁸;
1611 2071 1766 2124 Οῢτω
1798 2071 1862 2140 δὴ
1899 2074 1994 2126 καὶ

416 2159 446 2208 ὁ
475 2157 778 2226 θαυμάσιος
817 2156 1038 2224 Ἰωσὴφ,
1064 2154 1163 2205 οῦκ
1189 2152 1343 2215 εἰδὼς
1371 2152 1471 2222 τὴν
1502 2152 1676 2222 κακὴν
1703 2152 1811 2205 τῶν
1840 2153 1993 2206 ἀδελ·

418 2237 534 2306 φῶν
565 2236 838 2306 ὁμόνοιαν,
867 2235 942 2297 ώς
973 2235 1221 2304 ἀδελφοῖς
1245 2235 1639 2307 προσεφέρετο,
1664 2235 1755 2287 καὶ
1781 2234 1850 2287 τά
1902 2237 1992 2286 ἐν-

421 2320 586 2369 ύπνια
607 2357 619 2373 .
657 2317 799 2385 ἆπερ
847 2315 995 2385 αύτῷ
1028 2318 1056 2368 ό
1092 2316 1223 2378 Θεὸς
1255 2316 1602 2368 ἀπεκάλυπτε
1624 2354 1637 2377 ,
1668 2315 1994 2384 προμηνύων

419 2397 570 2467 αὐτῷ
597 2397 695 2465 τὴν
728 2396 1083 2465 περιφάνειαν
1107 2398 1163 2448 ἐν
1255 2396 1500 2463 γίνεσθαι
1530 2396 1742 2465 ἔμελλε,
1774 2398 1866 2448 καὶ
1886 2397 1995 2448 τῶν

420 2479 668 2546 ἀδελφῶν
709 2478 803 2532 τὴν
847 2479 1122 2548 ὑποταγὴν
1177 2481 1257 2540 εἰς
1299 2479 1462 2546 μέσον
1529 2479 1819 2548 προετίθει.
1881 2480 1996 2532 Ἐν-

418 2560 778 2624 υπνιασθείς
810 2559 938 2630 γὰρ,
989 2560 1172 2628 φησὶν,
1210 2561 1497 2613 ἐνύπνιον
1526 2560 1840 2629 ἀπήγγειλε
1872 2563 1995 2628 τοῖς

418 2640 703 2708 ἀδελφοῖς
715 2640 921 2702 αὐτοῦ,
953 2641 1052 2693 καὶ
1071 2637 1242 2694 εἶπεν
1265 2641 1488 2707 αὐτοῖς·
1535 2643 1852 2698 Ἀκούσατέ
1874 2662 1994 2711 μου

416 2723 523 2776 τοῦ
555 2723 840 2776 ἐνυπνίου
866 2723 1102 2776 τούτου.
1126 2723 1320 2792 Ὤμην
1343 2723 1503 2791 ἡμᾶς
1524 2724 1840 2792 δεσμεύειν
1857 2727 1994 2794 δρά-

416 2820 610 2872 γματα
649 2803 721 2857 ἐν
748 2802 915 2872 μέσῳ
942 2805 1023 2868 τῷ
1056 2804 1262 2872 πεδίῳ,
1318 2805 1418 2859 καὶ
1459 2805 1687 2873 ἀνέστη
1739 2807 1805 2859 τὸ
1845 2807 1994 2876 ἐμὸν

415 2886 649 2954 δράγμα
671 2887 768 2939 καί
803 2887 1144 2953 ἀνωρθώθη,
1165 2888 1638 2956 περιστραφέντα
1668 2890 1736 2942 δὲ
1764 2891 1836 2944 τὰ
1858 2891 1996 2959 ὑμέ-

417 2985 563 3034 τερα
605 2969 910 3035 δράγματα
952 2970 1420 3035 προσεκύνησαν
1454 2970 1518 3022 τὸ
1569 2971 1716 3039 ἐμόν
1741 2972 1990 3041 δράγμα.

417 3046 612 3103 Εἶπαν
626 3049 692 3101 δὲ
707 3049 864 3114 αὐτῷ
885 3052 935 3102 οί
953 3049 1221 3118 ἀδελφοί·
1246 3050 1298 3103 Μ
1306 3049 1341 3116 ὴ
1353 3051 1698 3114 βασιλεύων
1707 3053 1996 3116 ,ϐασιλεύ-

416 3153 546 3201 σεις
561 3134 853 3204 ἐφήμᾶς,
884 3135 922 3203 ἢ
954 3137 1241 3203 κυριεύων
1284 3138 1620 3204 κυριεύσεις
1651 3141 1853 3208 ήμῶν;
1889 3138 1995 3194 Καὶ

416 3212 782 3280 προσέθεντο
807 3212 891 3263 ἔτι
909 3210 1112 3278 μισεῖν
1137 3213 1324 3264 αὐτὸν
1347 3213 1554 3266 ἕνεκεν
1567 3213 1684 3267 τῶν
1698 3215 1995 3269 ἐνυπνίων

414 3293 602 3348 αὑτοῦ
627 3295 723 3346 καὶ
752 3292 868 3345 τῶν
882 3292 1165 3362 ῥημάτων
1183 3295 1389 3350 αὐτοῦ.
1421 3295 1520 3348 Διά
1549 3297 1706 3349 τοῦτο
1734 3298 1827 3349 καὶ
1857 3313 1994 3366 προ-

415 3375 574 3429 έλασε
601 3376 695 3428 καὶ
712 3375 987 3429 ἐδίδασκεν
1011 3377 1178 3446 ἡμᾶς,
1202 3377 1284 3429 ὃτι
1306 3376 1510 3430 ἀνωθεν
1528 3377 1590 3432 τὸ
1611 3381 1762 3449 μῖσος
1784 3377 1841 3431 τὸ
1859 3381 1994 3449 πρὸς

413 3459 580 3510 αὑτὸν
609 3458 1008 3523 ἐπεδείκνυντο,
1045 3459 1132 3511 ἵνα
1162 3459 1236 3530 μὴ
1271 3460 1578 3531 νομίσωμεν
1607 3461 1858 3516 ἐντεῦθεν
1896 3463 1994 3532 ἀρ·

414 3544 514 3616 χὴν
539 3543 736 3607 αὐτοὺς
761 3542 1038 3614 εἰληφέναι
1063 3542 1156 3595 τοῦ
1185 3545 1306 3596 κατ’
1331 3543 1493 3597 αὑτὸν
1518 3545 1779 3614 πολέμου.
1808 3549 1993 3613 Προσ-

413 3628 619 3681 έθεντο
646 3628 754 3696 γὰρ
778 3628 866 3680 ἐτι
890 3625 1094 3695 μισεῖν
1108 3627 1316 3690 αὑτὸν,
1338 3628 1459 3680 ἀντὶ
1482 3627 1601 3691 τοῦ,
1629 3627 1814 3698 Πολλῷ
1835 3629 1994 3682 πλέον

412 3709 644 3776 ηὔξανον
673 3710 733 3762 τὸ
766 3713 921 3779 μῖσος
947 3710 1040 3762 καί⁵
1056 3712 1154 3779 τὴν
1176 3709 1374 3779 ἐχθράν
1401 3709 1499 3780 τὴν
1521 3711 1639 3762 κατ’
1665 3711 1849 3764 αὑτοῦ.
1884 3713 1994 3763 Καὶ

412 3793 514 3862 ὅρα
567 3794 668 3861 τῆς
707 3792 1011 3862 πηρώσεως
1055 3791 1154 3861 τὴν
1200 3792 1526 3860 ὑπερϐολήν·
1569 3792 1724 3844 αὐτοὶ
1771 3793 1830 3844 τὺ
1861 3792 1993 3862 δναρ

411 3875 802 3946 διακρίνουσιν.
833 3874 968 3927 Οὑδέ
1016 3873 1121 3942 γάρ
1149 3873 1291 3926 ἐστιν
1319 3875 1515 3936 εἰπεῖν,
1553 3873 1635 3924 ὅτι
1672 3873 1738 3925 δι’
1771 3873 1993 3939 ἄγνοιαν

411 3957 520 4010 τῶν
561 3958 864 4026 μελλόντων
902 3955 1126 4008 ἔσεσθαι
1175 3954 1429 4022 ἐφθόνουν
1460 3956 1579 4006 κατ’
1622 3954 1808 4007 αὑτοῦ·
1856 3955 1992 4008 ἀλλά

417 4041 682 4110 μαθόντες
726 4041 790 4092 ἐκ
823 4040 934 4092 τῶν
973 4039 1263 4108 ὀνειράτων
1291 4037 1362 4090 τά
1389 4038 1638 4107 ἐσόμενα,
1680 4038 1994 4108 προσθήκην

411 4125 506 4175 τοῦ
552 4123 742 4193 μίσους
773 4123 1107 4193 εἰργάζοντο.
1161 4121 1224 4172 Ὢ
1273 4120 1460 4182 ἀνοίας
1506 4119 1802 4189 ὑπερϐολή.
1855 4121 1982 4172 Δέον

412 4206 571 4258 τοῦτο
604 4206 827 4273 γνόντας
866 4205 1065 4275 μᾶλλον
1110 4203 1321 4256 εὔνοιαν
1355 4204 1482 4274 περὶ
1513 4203 1676 4256 αὑτὸν
1717 4202 1990 4267 ἐπιδείξα-

415 4289 559 4350 σθαι,
597 4289 688 4343 καὶ
735 4287 982 4341 ἐκποδὼν
1033 4289 1254 4357 ποιῆσαι
1296 4285 1390 4338 τοῦ
1430 4285 1622 4355 μίσους
1653 4285 1752 4354 τὴν
1785 4286 1986 4348 αἰτίαν,

412 4373 504 4425 καὶ
534 4372 633 4442 τῆς
679 4369 974 4440 βασκανίας
1019 4369 1080 4421 τὸ
1114 4369 1288 4430 πάθος
1326 4367 1586 4436 ἐξορίσαι,
1629 4366 1988 4430 σκοτωθέντες

409 4455 501 4506 τὸν
550 4453 828 4522 λογισμὸν,
877 4453 972 4504 καὶ
1005 4453 1066 4504 οὑ
1114 4450 1447 4519 συνορῶντες
1491 4450 1574 4501 ὅτι
1620 4447 1743 4502 καθ’
1781 4450 1989 4502 ἑαυτῶν

412 4535 622 4588 ἅπαντα
641 4534 1079 4603 διαπράττονται,
1114 4533 1204 4584 ἐπὶ
1233 4531 1391 4583 πλέον
1419 4527 1644 4601 ηὔξανον
1664 4531 1724 4582 τὸ
1752 4533 1868 4584 κατ’
1891 4532 1987 4584 αὐ-

410 4616 504 4670 τοῦ
536 4620 709 4686 μῖσος.
739 4617 894 4676 Τίνος
933 4615 1140 4674 ἕνεκεν,
1191 4607 1236 4665 ὦ
1266 4612 1436 4666 ἄθλιοι
1487 4613 1579 4665 καὶ
1617 4611 1983 4684 ταλαίπωροι,

409 4699 674 4770 τοσαύτην
690 4697 1060 4752 ἐπιδείκνυσθε
1074 4697 1170 4766 τὴν
1203 4695 1519 4766 βασκανίαν,
1548 4697 1650 4750 οὐκ
1669 4697 1986 4764 ἀγνοοῦντες

409 4780 532 4834 οὔτε
561 4781 660 4850 τὴν
691 4778 984 4850 ἀδελφικὴν
1016 4779 1218 4848 σχέσιν,
1253 4776 1377 4831 οὔτε
1407 4779 1488 4830 ὅτι
1523 4779 1556 4845 ἠ
1585 4777 1692 4830 τῶν
1719 4779 1985 4832 ἐνυπνίων

408 4862 746 4930 ἀποκάλυψις
769 4879 900 4929 φανε
910 4861 1006 4932 ράν
1027 4860 1265 4914 δείκνυσι
1287 4859 1380 4912 τοῦ
1397 4858 1531 4912 Θεοῦ
1552 4859 1649 4928 τὴν
1679 4860 1804 4932 περὶ
1826 4861 1986 4914 αὑτὸν

409 4945 654 5008 εῦνοιαν;
700 4944 791 5013 Μὴ
825 4943 934 5013 γάρ
965 4943 1029 5008 δὴ
1071 4943 1329 5012 νομίσητε
1375 4942 1557 4995 λοιπὸν
1592 4942 1660 4994 τά
1697 4944 1846 5012 παρά
1891 4943 1983 4995 τοῦ

407 5030 540 5084 Θεοῦ
579 5030 882 5101 μηνυθέντα
919 5027 1067 5096 αὑτῷ
1121 5027 1343 5080 δυνατὸν
1395 5024 1534 5081 εἶναι
1586 5029 1979 5100 ἀνατραπῆναι.

409 5114 672 5174 Καθάπερ
701 5113 808 5182 γάρ
837 5111 930 5164 τοῦ
959 5111 1168 5182 ὀνείρου
1199 5111 1296 5181 τὴν
1324 5111 1594 5180 διάκρισιν
1632 5113 1980 5183 ἐποιήσασθε,

407 5195 576 5260 οὕτως
611 5196 768 5249 ἔσται
800 5197 914 5265 μετ’
942 5195 1002 5247 οὑ
1031 5193 1188 5257 πολὺ,
1219 5193 1320 5247 κᾶν
1347 5194 1516 5264 μυρία
1543 5194 1826 5263 ἐπινοῆσαι
1857 5195 1980 5264 βου-

407 5273 624 5347 ληθῆτε.
661 5276 981 5345 Εὑμήχανος
1006 5274 1115 5344 γάρ
1141 5271 1216 5326 ὢν
1245 5275 1339 5325 καὶ
1365 5271 1524 5340 σοφὸς
1545 5273 1574 5324 ό
1594 5272 1703 5323 τῶν
1725 5272 1980 5327 ἀπάντων

407 5360 701 5428 Δεσπότης,
736 5361 828 5412 καὶ
852 5359 951 5420 τῆς
985 5357 1190 5420 οἰκείας
1216 5355 1496 5426 δυνάμεως
1521 5354 1733 5419 δεικνὺς
1758 5355 1854 5427 τὴν
1885 5375 1980 5410 πε-

410 5443 667 5512 ριουσίαν,
711 5440 926 5494 πολλῶν
977 5439 1235 5502 πολλάκις
1264 5439 1489 5508 ἀφίησιν
1537 5439 1595 5490 ἐν
1637 5437 1715 5508 τῷ
1774 5441 1978 5507 μεταξὺ

406 5523 705 5594 κωλύματα
730 5521 998 5592 γενέσθαι,
1029 5521 1093 5576 ἵν’
1116 5520 1258 5574 οὕτω
1280 5520 1349 5573 τά
1384 5519 1549 5575 πάλαι
1578 5520 1725 5592 αὐτῷ
1753 5521 1978 5585 δόξαντα

468 5709 498 5741 ⁸
519 5709 635 5758 Mira
655 5709 862 5770 oratoris
880 5710 1096 5757 licentia.
1122 5707 1292 5770 Ἔργον
1325 5709 1558 5770 animos;
1582 5705 1634 5756 id
1675 5707 1805 5770 (μιρεί
1821 5719 1976 5770 ggeri-

406 5770 522 5818 dum
539 5769 816 5832 suscipitur.
838 5771 1068 5833 πάρεργον
1088 5765 1368 5831 οραϊφιυιί
1411 5768 1546 5818 aliud
1589 5765 1748 5833 ageiyli
1772 5765 1971 5833 oﬂ‘e'qtur

403 5827 776 5892 exsequendum,
799 5838 849 5878 et
878 5827 931 5878 ul
954 5827 1220 5892 bl‘utim'umi
1235 5827 1410 5892 ῥναεζετ
1439 5827 1854 5892 επςςρεεῖαιὶοηειῖι.
1878 5830 1971 5879 Ita-

403 5901 501 5953 que
528 5891 688 5962 Caedgs
715 5891 881 5940 Abelis
918 5892 1148 5998 πάρεργον
1170 5891 1310 5938 Abeli
1339 5891 1446 5948 fuit,
1486 5904 1578 5961 ιι.οη
1605 5895 1771 5938 autem
1801 5891 1965 5958 Caino.

463 5953 490 5993 κ
514 5955 553 5998 Ε
576 5952 720 5998 Cmsl.
748 5963 955 5998 accessu
972 5967 1036 5998 πο
1057 5951 1142 5998 λά.
1171 5953 1301 5998 auod
1327 5958 1544 5998 annoso]!
1579 5953 1842 5998 interpres.
1878 5953 1963 5998 En.

463 5953 490 5993 κ
514 5955 553 6004 Ε
576 5952 720 6004 Coisl.
748 5953 955 6000 accessit
972 5951 1142 6008 πολλά,
1171 5953 1301 6011 quod
1327 5953 1544 6014 agnoscit
1579 5953 1842 6012 interpres,
1878 5953 1963 6002 ευ,

713 6039 988 6099 ΡΛΤιιοι..
1033 6037 1151 6100 Cm.
1201 6039 1355 6102 LIV.

1383 323 1447 377 IN
1489 321 1641 378 CAP.
1685 322 1924 378 XXXVII
1964 325 2208 380 GENES.
2247 323 2480 379 IIOMIL.
2522 321 2660 377 LXI.

3562 321 3666 379 Sil!

2095 440 2174 502 εἰς
2216 439 2375 510 ἔργον
2408 436 2646 507 ἀγαγὼν,
2692 431 2950 504 μεγίστην
2981 433 3236 505 ἀποφήνῃ
3265 433 3362 503 τῆς
3391 433 3670 506 δυνάμεως

2093 521 2256 574 αὑτοῦ
2295 521 2394 590 τὴν
2435 518 2765 589 ὑπερϐολήν.
2813 515 2971 567 Ἀλλά
3009 514 3248 569 τοιοῦτον
3281 517 3314 584 ἡ
3365 515 3667 586 βασκανία-’

2091 605 2242 656 οὐδὲν
2287 603 2492 656 τούτων
2536 598 2846 669 λογίζεσθαι
2875 597 3116 659 δύναται,
3152 595 3265 649 ἀλλ’
3299 597 3464 662 ὅλως,
3494 599 3569 662 ῶς
3595 601 3672 652 εἰσ

2093 687 2235 749 πεῖν,
2266 684 2608 754 αἰχμάλωτος
2631 679 2871 750 γεγονὼς
2887 679 3029 732 κατά
3048 679 3146 748 τῆς
3165 679 3370 741 οἰκείας
3400 680 3672 752 σωτηρίας

2092 766 2306 819 ἅπαντα
2337 765 2745 834 διαπράττεται.
2788 763 2898 814 Καὶ
2927 755 3071 814 οῦτοι
3115 759 3212 830 μὲν
3243 760 3556 831 προσθήκην
3585 760 3674 830 μίο

2094 865 2218 911 σους
2238 846 2550 918 εἰργάζοντο
2569 844 2655 898 διὰ
2683 843 2781 914 τὴν
2803 842 3053 896 ἐνυπνίου
3082 841 3350 912 διήγησιν
3401 843 3428 894 ό
3459 843 3516 894 δέ
3543 842 3676 894 θαυ-

2096 936 2289 1004 μάσιος
2340 931 2535 1001 Ἰωσὴφ
2565 931 2662 982 καὶ
2691 930 2877 999 ἕτερον
2919 931 3166 981 ἐνύπνιον
3211 927 3546 999 θεασάμενος
3573 929 3675 982 οὑκ

2091 1019 2274 1080 αὑτοῖς
2309 1016 2489 1086 μόνον,
2523 1013 2660 1067 ἀλλά
2682 1013 2778 1066 καὶ
2809 1010 2889 1081 τῷ
2921 1013 3090 1081 πατρὶ
3127 1011 3418 1080 διηγεῖται,
3450 1010 3544 1063 καί
3568 1027 3673 1081 φη-

2095 1116 2196 1154 σιν·
2248 1102 2474 1166 ’Ὠσπερ
2523 1100 2554 1151 ὁ
2599 1096 2774 1164 ἥλιος
2807 1094 2908 1148 καὶ
2945 1094 2984 1160 η
3032 1093 3266 1160 σελήνη
3323 1093 3421 1146 καὶ
3457 1093 3676 1147 ἕνδεκα

2092 1183 2341 1250 ἀστέρες
2369 1180 2790 1248 προσεκύνουν
2833 1192 2930 1246 με.
2968 1177 3077 1230 Καὶ
3116 1176 3477 1245 ἐπετίμησεν
3517 1174 3676 1240 αὐτῷ

2094 1268 2127 1318 ό
2153 1265 2348 1332 πατὴρ
2375 1261 2561 1316 αὑτοῦ
2581 1303 2596 1326 ,
2626 1259 2726 1314 καί
2773 1254 2944 1312 εἶπεν
2978 1256 3158 1320 αὐτῷ’
3201 1259 3262 1311 Τί
3294 1257 3357 1310 τὸ
3391 1258 3678 1310 ἐνύπνιον

2093 1347 2269 1402 τοῦτο
2304 1347 2334 1400 ὃ
2367 1342 2817 1410 ἐνυπνιάσθης;
2849 1337 3004 1408 Ἀρά
3032 1357 3099 1410 γε
3125 1340 3405 1404 ἐλθόντες
3429 1340 3676 1394 ἐλευσό-

2090 1439 2241 1503 μεθα
2283 1433 2397 1502 ἐγώ
2428 1449 2490 1485 τε
2529 1430 2679 1504 [586]
2721 1431 2816 1484 καὶ
2848 1430 2886 1496 ἠ
2913 1428 3112 1498 μήτηρ
3141 1443 3258 1481 σου
3289 1425 3388 1479 καί
3421 1430 3472 1480 οὶ
3502 1427 3678 1481 ἀδελ-

2092 1518 2196 1586 φοί
2219 1531 2336 1571 σου
2367 1513 2796 1584 προσκυνῆσαί
2823 1527 2925 1567 σοι
2951 1511 3049 1565 ἐπὶ
3079 1511 3194 1578 τὴν
3221 1508 3380 1579 γῆν;
3441 1507 3678 1573 Ἐζήλω-

2093 1610 2215 1649 σαν
2251 1595 2318 1647 δὲ
2343 1598 2395 1647 οἰ
2427 1593 2681 1661 ἀδελφοί
2706 1592 2916 1653 αὑτοῦ,
2965 1593 2997 1643 ὁ
3029 1586 3097 1641 δέ
3130 1588 3322 1654 πατὴρ
3362 1587 3678 1655 διετήρησε

2093 1679 2158 1732 τὸ
2189 1679 2375 1746 ῥῆμα.
2408 1677 2580 1739 Εἰδὼς
2617 1677 2708 1729 τὸν
2751 1676 3070 1744 τικτόμενον
3102 1672 3251 1742 αὐτῷ
3283 1671 3475 1740 φθόνον
3531 1670 3678 1740 παρά

2091 1761 2199 1814 τῶν
2226 1759 2473 1828 ἀδελφῶν
2499 1760 2528 1810 ό
2561 1759 2763 1829 πατὴρ,
2787 1759 2874 1811 διὰ
2898 1757 3053 1810 τοῦτο
3076 1755 3373 1824 ἐπετίμησε
3403 1753 3482 1822 τῷ
3508 1753 3675 1817 παιδὶ,

2093 1842 2187 1895 καὶ
2219 1841 2487 1910 διακρίνει
2521 1842 2614 1898 καὶ
2652 1840 2814 1902 αὑτὸς
2856 1840 2918 1891 τὸ
2957 1838 3109 1907 ὄναρ,
3161 1838 3254 1889 καί¹
3284 1835 3676 1905 στοχαζόμενος

2093 1924 2244 1994 παρὰ
2291 1923 2386 1976 τοῦ
2435 1923 2569 1984 Θεοῦ
2615 1923 2710 1992 τὴν
2742 1919 3081 1988 ἀποκάλυψιν
3120 1919 3268 1986 αὑτῷ
3309 1918 3676 1988 γεγενῆσθαι,

2092 2007 2328 2076 διετήρει
2356 2004 2418 2057 τὸ
2450 2005 2618 2076 ῥῆμα.
2660 2003 2798 2055 Ἀλλ’
2825 2004 2922 2072 οὑχ
2948 2003 2996 2054 οἰ
3030 2001 3247 2069 ἀδελφοὶ
3272 1999 3467 2062 οὑτως.
3515 1999 3678 2052 Ἀλλά

2094 2089 2184 2151 τί;
2220 2087 2386 2142 Πάλιν
2419 2086 2599 2156 πολλῷ
2628 2085 2789 2138 πλέον
2827 2083 3128 2153 ἐζήλωσαν.
3168 2083 3233 2135 Τί
3276 2085 3592 2153 μεμήνατε;
3623 2083 3678 2135 τί

2095 2169 2465 2240 ἐξεστηκότων
2490 2168 2792 2239 πράγματα
2820 2165 3214 2236 διαπράττεσθε
3238 2182 3252 2230 ;
3279 2165 3391 2234 Οὐχ
3415 2166 3575 2234 ὁρᾶτε
3594 2165 3678 2217 ὅτι

2098 2255 2131 2324 ὴ
2155 2253 2262 2307 τῶν
2296 2252 2564 2307 ἐνυπνίων
2586 2251 2911 2320 δευτέρωσις
2939 2250 3037 2320 οὐχ
3073 2248 3258 2309 ἁπλῶς
3283 2249 3405 2301 οὑδέ
3438 2247 3560 2318 εἰκῆ
3589 2263 3679 2315 γε-

2094 2337 2337 2406 γένηται,
2369 2335 2486 2390 ἀλλ’
2517 2335 2603 2387 ῐνα
2637 2334 2900 2404 μαθόντες
2919 2334 3000 2385 ὅτι
3026 2333 3242 2394 πάντως
3269 2333 3418 2384 ἔσται
3446 2331 3512 2384 τά
3537 2347 3674 2401 προ-

2098 2419 2425 2489 μηνυθέντα,
2491 2419 2772 2490 παύσησθε
2814 2420 2910 2487 τῆς
2953 2418 3178 2486 φονικῆς
3225 2415 3400 2485 ὁρμῆς
3429 2454 3444 2477 ,
3491 2416 3677 2484 ἐννοήο

2095 2517 2288 2563 σαντες
2312 2503 2392 2554 ὅτι
2417 2501 2700 2564 ἀδυνάτοις
2723 2501 3085 2569 ἐπιχειρεῖτε;
3124 2497 3320 2568 Ἐχρῆν
3343 2498 3440 2567 μὲν
3461 2492 3554 2550 οῦν
3580 2496 3680 2568 τὴν

2094 2583 2387 2654 ἀδελφικὴν
2432 2584 2616 2654 σχέσιν
2651 2583 2743 2636 καὶ
2785 2581 3022 2635 διάνοιαν
3052 2579 3442 2642 ἀναλαϐόντας,
3476 2579 3570 2632 καὶ
3601 2581 3678 2632 οἰ-

2094 2666 2246 2718 κείαν
2270 2667 2476 2737 κρίνειν
2499 2667 2851 2738 εὐδοκίμησιν
2871 2666 2972 2736 τὴν
2999 2664 3092 2718 τοῦ
3115 2663 3346 2732 ἀδελφοῦ
3377 2663 3678 2732 μέλλουσαν

2093 2748 2312 2802 ἔσεσθαι
2351 2749 2730 2819 περιφάνειαν.
2781 2748 2999 2819 Ἐπειδὴ
3031 2747 3087 2800 δέ
3114 2746 3317 2815 ταύτης
3343 2747 3471 2816 ὑμῖν
3504 2745 3682 2808 οὐδεὶς

2093 2833 2284 2900 λόγος,
2335 2834 2437 2886 κᾶν
2481 2835 2656 2886 ἐκεῖνο
2688 2833 3005 2899 λογίσασθαι
3035 2827 3102 2901 ἦν
3141 2830 3452 2895 ἀκόλουθον,
3501 2831 3584 2882 ὃτι
3613 2829 3676 2881 οὐ

2095 2915 2230 2984 πρὸς
2264 2915 2425 2968 αὑτὸν
2453 2915 2580 2984 ὑμῖν
2605 2917 2633 2967 ὁ
2676 2915 2930 2983 πόλεμος,
2963 2913 3098 2965 ἀλλά
3133 2913 3269 2982 πρὸς
3297 2912 3387 2963 τὸν
3421 2911 3677 2964 ἁπάντων

2093 2997 2372 3066 Δεσπότην
2401 2997 2490 3049 τὸν
2514 2997 2688 3049 ταῦτα
2732 2997 2879 3066 αὐτῷ
2917 2996 3017 3065 ἤδη
3067 2995 3474 3064 ἐκκαλύψαντα.
3534 2993 3674 3045 Ἀλλ’

2094 3074 2238 3132 οῦτοι
2276 3079 2396 3148 μέν,
2447 3080 2698 3150 καθάπερ
2727 3076 2897 3150 ἔφθην
2943 3077 3133 3142 εἰπὼν,
3189 3077 3308 3129 οὑδέ
3361 3077 3460 3148 τὴν
3508 3075 3670 3144 φύσιν

2095 3161 2265 3231 αὐτὴν
2298 3159 2642 3231 αἰδούμενοι,
2676 3161 2799 3214 οὗτε
2833 3161 2932 3231 τὴν
2971 3160 3175 3215 ἄνωθεν
3223 3158 3511 3228 γινομένην
3549 3158 3676 3227 περὶ

2095 3243 2256 3296 αὑτὸν
2283 3241 2494 3297 εὔνοιαν
2517 3245 2574 3295 ἐν
2606 3243 2681 3314 νῷ
2709 3243 2984 3307 λαϐόντες,
3017 3243 3076 3294 τὸ
3109 3244 3264 3311 μῖσος
3286 3240 3408 3293 καθ’
3432 3241 3672 3308 ἐκάστην

2092 3330 2308 3400 ἡμέραν
2341 3330 2634 3393 ἐπέτεινον,
2670 3333 2762 3383 καὶ
2794 3329 3160 3391 λανθανόντως
3193 3327 3291 3397 τὴν
3329 3327 3508 3398 πυρὰν
3539 3328 3670 3396 παρ’

2096 3417 2305 3478 ἐαυτοῖς
2345 3416 2582 3485 ἀνῆπτον
2618 3427 2666 3480 ο,
2717 3417 2868 3469 οὐδὲν
2917 3414 3039 3470 οὔτε
3104 3415 3196 3468 τοῦ
3245 3414 3482 3484 πατρὸς,
3548 3411 3672 3466 οὗτε

2091 3498 2186 3552 τοῦ
2218 3499 2340 3553 νέου
2387 3499 2625 3552 τοιοῦτόν
2678 3517 2728 3552 τι
2764 3499 3193 3563 ὑποπτεύοντος,
3251 3498 3358 3551 οὐδ’
3405 3498 3486 3550 ὅτι
3537 3495 3672 3566 πρὸς

2091 3581 2352 3640 τοσαύτην
2424 3582 2618 3652 μανίαν
2675 3582 2918 3636 ἐλαύνειν
2977 3581 3220 3652 ἔμελλον.
3283 3580 3373 3633 Διὸ
3426 3580 3520 3632 καὶ
3570 3595 3668 3631 πο-

2095 3667 2392 3735 ρευθέντων
2431 3668 2538 3719 τῶν
2577 3667 2821 3735 ἀδελφῶν
2878 3670 2956 3730 εἰς
3009 3667 3077 3719 τά
3124 3667 3384 3736 ποίμνια,
3414 3660 3600 3718 Εἶπεν
3635 3667 3671 3716 δ

2093 3752 2289 3821 πατὴρ
2310 3750 2388 3814 τῷ
2420 3752 2654 3818 Ἰωσήφο
2685 3754 2808 3818 Οὐχ
2835 3755 2888 3804 οὶ
2909 3753 3161 3819 ἀδελφοί
3184 3766 3299 3804 σου
3325 3751 3669 3817 ποιμαίνου-

2093 3846 2196 3884 σιν
2227 3835 2314 3897 εἰς
2353 3832 2588 3900 Συχέμ;
2639 3833 2820 3898 Δεῦρο
2841 3872 2857 3896 ,
2903 3834 3245 3887 ἀποστείλω
3275 3849 3348 3884 σε
3379 3831 3530 3900 πρὸς
3558 3833 3666 3884 αὑ-

2093 3914 2251 3978 τούς.
2296 3909 2442 3968 Εἰπε
2467 3912 2535 3965 δὲ
2562 3913 2743 3976 αὐτῷ,
2786 3913 2932 3966 Ἰδοὺ
2959 3913 3089 3982 ἐγώ.
3123 3910 3274 3975 Εἶδες
3304 3913 3506 3982 πατρὸς
3533 3913 3667 3982 πρὸς

2094 3995 2288 4057 παῖδας
2312 3994 2340 4034 ἀ
2387 3994 2801 4066 φιλοστοργίαν;
2833 3991 2971 4058 εἶδες
3001 3995 3188 4058 παιδὸς
3219 3996 3494 4064 ὑπακοήν;
3531 3991 3664 4047 Εἷπε

2091 4078 2147 4130 δὲ
2179 4077 2346 4147 αὐτῷ’
2379 4079 2696 4145 Πορευθείς
2729 4078 2817 4131 ίδε
2848 4080 2900 4131 εἰ
2931 4078 3309 4147 ὑγιαίνουσιν
3337 4080 3392 4130 οἰ
3416 4078 3668 4146 ἀδελφοί

2091 4180 2227 4226 σου,
2265 4166 2362 4218 καί
2395 4165 2463 4218 τὰ
2501 4166 2784 4232 πρόϐατα,
2812 4167 2910 4219 καὶ
2949 4165 3308 4234 ἀνάγγειλόν
3331 4183 3452 4234 μοι.

2164 4247 2230 4313 γ’.
2252 4247 2434 4300 Ταῦτα
2457 4247 2513 4299 δέ
2535 4247 2712 4302 πάντα
2739 4249 2966 4316 ἐγίνετο,
2991 4248 3077 4300 ἵνα
3100 4247 3192 4300 καὶ
3219 4248 3311 4301 τοῦ
3346 4248 3538 4319 Ἰωσὴφ
3557 4249 3664 4302 δει-

2090 4328 2189 4399 χθῇ
2223 4331 2254 4400 ή
2279 4331 2407 4401 περὶ
2429 4332 2555 4393 τοὺς
2582 4330 2844 4400 ἀδελφοὺς
2861 4329 3062 4392 εὔνοια,
3081 4331 3348 4384 κάκείνων
3368 4331 3663 4401 κατάδηλος

2089 4411 2311 4479 γένηται
2346 4413 2378 4481 ὴ
2407 4412 2601 4482 φονικὴ
2629 4413 2842 4484 γνώμη.
2882 4413 3118 4478 Ἐγίνετο
3144 4413 3200 4466 δὲ
3235 4413 3327 4466 καὶ
3356 4413 3522 4477 τύπος
3553 4414 3662 4466 τῶν

2089 4491 2307 4544 ἔσεσθαι
2331 4492 2652 4562 μελλόντων,
2679 4495 2772 4546 καὶ
2804 4497 2861 4546 ἐν
2881 4499 2947 4565 τῇ
2973 4497 3100 4564 σκιᾷ
3135 4495 3564 4564 προδιεγράφετο
3593 4497 3661 4548 τά

2087 4573 2186 4643 τῆς
2212 4573 2467 4644 ἀληθείας
2493 4575 2812 4646 πράγματα.
2854 4578 2964 4629 Καὶ
3001 4577 3191 4646 ῶσπερ
3225 4579 3254 4629 ό
3293 4577 3487 4647 Ἰωσὴφ
3524 4577 3660 4646 πρὸς

2086 4657 2212 4719 τοὺς
2231 4655 2492 4724 ἀδελφοὺς
2512 4657 2676 4728 ἀπῄει
2714 4657 3141 4727 ἐπισκεψόμενος
3183 4658 3398 4723 αὐτοὺς,
3419 4659 3657 4711 κάκεῖνοι

2086 4739 2187 4792 οὑκ
2220 4738 2557 4802 αἰδεσθέντες
2579 4738 2702 4792 οὔτε
2723 4739 2820 4809 τὴν
2840 4739 3190 4808 ἀδελφότητα,
3209 4737 3332 4793 οὔτε
3357 4738 3455 4810 τὴν
3477 4739 3656 4792 αἰτίαν

2087 4823 2185 4890 τῆς
2227 4823 2548 4892 παρουσίας,
2595 4823 2858 4892 πρότερον
2905 4823 3002 4890 μὲν
3053 4822 3257 4874 ἀνελεῖν
3293 4819 3655 4884 ἐϐουλεύοντο,

2085 4903 2273 4958 ἔπειτα
2299 4905 2355 4958 δέ
2375 4906 2466 4957 καὶ
2489 4905 2826 4974 ἐπίπρασκον
2859 4906 2970 4966 τοῖς
2999 4903 3312 4974 βαρὸάροις·
3345 4903 3486 4957 οὕτω
3511 4906 3603 4958 καὶ
3626 4907 3656 4956 ό

2086 4988 2356 5057 Δεσπότης
2396 4989 2424 5038 ὁ
2465 4987 2730 5058 ἡμέτερος
2761 4986 2860 5056 τὴν
2893 4987 3098 5039 οἰκείαν
3129 4986 3531 5060 φιλανθρωπίαν
3567 5005 3657 5057 μι-

2089 5069 2372 5138 μούμενος,
2391 5067 2760 5138 παραγέγονεν
2787 5069 3210 5137 ἐπισκεψόμενος
3237 5070 3298 5122 τὸ
3320 5068 3428 5122 τῶν
3453 5069 3656 5139 ἀνθρώ-

2085 5167 2200 5203 πων
2234 5150 2406 5218 γένος,
2442 5152 2532 5205 καὶ
2561 5153 2659 5221 τὴν
2683 5154 2918 5222 ὁμογενῆ
2958 5153 3090 5222 ἡμῖν
3129 5151 3307 5224 σάρκα
3346 5151 3650 5214 ἀναλαϐὼν,

2083 5233 2176 5285 καὶ
2203 5232 2426 5302 ἀδελφὸς
2455 5232 2608 5304 ἡμῶν
2650 5231 2902 5301 γενέσθαι
2931 5233 3269 5298 καταξιώσας
3299 5233 3440 5288 οὕτω
3472 5251 3649 5304 παρα-

2082 5316 2290 5382 γέγονε.
2342 5314 2451 5370 Καὶ
2497 5317 2594 5388 βοᾷ
2635 5316 2843 5381 Παῦλος
2884 5316 3075 5384 λέγων’
3125 5319 3206 5371 οὺ
3245 5319 3354 5385 τὰρ
3384 5316 3651 5385 ἀγγέλων

2080 5398 2559 5468 ἐπιλαμϐάνεται,
2609 5399 2771 5454 ἀλλὰ
2811 5400 3154 5467 σπέρματος
3207 5398 3473 5468 Ἀϐραὰμ,
3512 5398 3667 5455 ὅθεν*

2079 5479 2295 5549 ὤφειλε
2341 5482 2491 5536 κατὰ
2537 5482 2731 5535 πάντα
2776 5482 2900 5548 τοῖς
2948 5480 3232 5550 ἀδελφοῖς
3268 5479 3646 5549 ὁμοιωθῆναι.

2093 5563 2232 5615 Ἀλλ’
2273 5564 2321 5615 οἰ
2360 5563 2670 5635 ἀγνώμονες
2712 5565 2948 5618 Ἰουδαῖοι
2981 5564 3072 5617 τὸν
3117 5563 3224 5616 τῶν
3259 5563 3522 5634 σωμάτων
3555 5565 3650 5619 ναὶ

2077 5649 2168 5702 τὸν
2194 5647 2302 5702 τῶν
2333 5649 2518 5720 ψυχῶν
2549 5649 2748 5720 ἰατρὸν,
2779 5649 2868 5702 τὸν
2897 5647 3065 5719 μυρία
3095 5647 3348 5716 θαύματα
3377 5646 3495 5701 καθ’
3520 5647 3646 5702 ἐκάη

2075 5894 2104 5941 ἀ
2135 5835 2162 5910 ξ
2187 5833 2399 5891 Quatuor
2424 5847 2537 5882 mss.
2581 5834 2662 5880 καί
2700 5831 2999 5888 λανθάνοντες
3027 5835 3112 5891 τὴν
3133 5834 3282 5896 πυρὰν
3319 5836 3420 5884 καθ’
3451 5831 3646 5892 im

2106 5911 2298 5941 νηπτον.

2095 5911 2298 5941 ινγπτον.

2095 5967 2110 5978 ·
2132 5927 2159 5994 «ί
2185 5955 2333 6006 εειγίι.
2361 5961 2413 6005 et
2442 5955 2637 6010 quidam
2662 5967 2775 6004 mss.
2800 5954 2914 6016 πρὸς
2931 5956 3095 6006 παῖδα.

3240 6036 3314 6095 10
