4168 6264
437 401 538 460 5‘29

435 519 707 574 decretam
755 516 994 586 caedem;
1026 531 1088 572 ac
1114 518 1496 574 crucifixerunt
1530 534 1654 574 eum
1697 519 1785 590 qui
1814 529 2033 590 propter

441 619 682 665 nostram
729 611 955 666 salutem
1001 613 1142 668 servi
1184 612 1409 669 formam
1455 614 1732 684 suscipere
1786 611 2032 684 dignatus

435 711 536 758 est.
578 702 645 757 Et
684 702 768 759 isti
798 704 1012 774 quidem
1055 703 1450 775 apprehensum
1473 746 1491 772 ,
1520 714 1577 761 et
1599 705 1746 760 cruci
1773 705 2024 760 traditum

435 792 746 848 occiderunt
778 809 792 846 :
822 792 897 847 illi
943 801 1127 849 autem
1185 795 1568 851 consultabant
1625 795 1878 867 quidem,
1935 797 2030 851 sed

441 897 599 952 opere
621 883 761 953 quod
785 884 1136 939 consulebant
1165 901 1270 940 non
1319 886 1694 956 impleverunt.
1737 886 2032 956 Oportebat

442 983 624 1031 autem
679 973 902 1044 figuram
959 976 1138 1030 minus
1195 975 1436 1044 habere,
1489 992 1648 1046 quam
1705 978 2031 1032 veritatem:

439 1056 563 1133 quia
605 1065 798 1134 alioqui
838 1079 944 1118 non
989 1064 1177 1120 fuisset
1229 1067 1393 1136 figura
1425 1082 1610 1122 eorum
1653 1082 1774 1137 qute
1805 1067 2031 1137 posthac

443 1151 614 1206 futura
643 1162 817 1207 erant.
851 1153 1138 1224 Propterea
1178 1155 1284 1209 illic
1313 1155 1527 1224 quidem
1567 1157 1718 1226 quasi
1744 1156 1795 1210 in
1843 1156 2032 1210 umbra

441 1245 756 1314 przcsignata
801 1254 941 1298 sunt.
1007 1245 1077 1299 Et
1141 1246 1506 1300 animadverte
1547 1261 1662 1301 rem
1711 1246 2030 1302 mirabilem.

441 1333 556 1387 Non
600 1335 939 1402 occiderunt,
986 1336 1078 1390 sed
1121 1337 1510 1401 vendiderunt,
1557 1345 1612 1390 ct
1645 1345 1850 1394 vestem
1895 1336 2034 1392 hmdi

442 1429 701 1498 sanguine
732 1429 1072 1498 inquinantes
1099 1429 1358 1484 dederunt
1380 1430 1516 1499 patri
1543 1471 1559 1494 ,
1589 1430 1914 1499 persuadere
1941 1445 2036 1483 vo-

443 1520 614 1575 lentes
650 1523 884 1576 occisum
914 1522 1077 1577 fuisse
1104 1525 1268 1576 tilium
1310 1538 1488 1577 suum.
1517 1521 1680 1576 Vides
1707 1523 1885 1576 omnia
1916 1521 2034 1576 lucc

445 1611 577 1670 facta
603 1629 742 1680 esse,
773 1623 828 1667 ut
855 1615 1005 1683 quasi
1032 1614 1084 1668 in
1113 1615 1298 1668 umbra
1324 1615 1498 1683 imago
1529 1614 1615 1667 illa
1642 1629 1820 1667 rerum
1851 1613 2020 1680 fieret,

443 1711 500 1757 et
524 1705 718 1758 veritas
745 1705 1133 1760 custodiretur?
1163 1705 1270 1762 Sed
1295 1705 1361 1760 ad
1391 1705 1584 1760 seriem
1620 1705 1884 1759 sermonis
1907 1704 2029 1759 red-

439 1810 644 1851 eamus.
673 1795 741 1850 Et
778 1798 912 1850 misit
954 1815 1069 1852 enat
1091 1838 1106 1862 ,
1136 1799 1305 1868 inquit
1326 1839 1340 1864 ,
1374 1808 1534 1868 pater,
1567 1807 1613 1851 et
1654 1800 1786 1853 venit
1831 1799 1886 1852 in
1924 1797 2031 1868 Sy-

438 1890 604 1944 cltem.
641 1891 724 1945 16.
759 1887 827 1944 Et
853 1892 1045 1945 invenit
1071 1908 1187 1945 eum
1211 1890 1361 1945 Itomo
1395 1899 1644 1945 errantem
1670 1891 1724 1945 in
1747 1907 1891 1962 agro.
1920 1891 2032 1946 Ro-

439 1981 570 2049 gavit
598 1991 765 2034 autem
794 1999 908 2035 eum
933 1983 1082 2036 homo
1109 1982 1280 2036 dicens
1310 1997 1330 2035 :
1361 1982 1498 2047 Quid
1525 1982 1711 2051 quaeris
1741 1982 1768 2034 ?
1815 1981 1902 2036 ‘I6.
1933 1980 2036 2035 Ille

440 2080 603 2125 autent
629 2072 759 2126 dixit
783 2088 803 2128 :
833 2072 1041 2139 Fratres
1069 2088 1203 2126 meos
1223 2088 1415 2138 quaero.
1461 2072 1722 2126 Aununtia
1763 2073 1889 2125 milii
1907 2113 1920 2136 ,
1950 2073 2036 2125 ubi

441 2171 652 2229 pascant
695 2178 829 2215 oves.
866 2161 1157 2216 Considera
1184 2161 1455 2230 quomodo
1495 2161 1580 2216 hic
1625 2177 1818 2231 magno
1859 2162 2035 2217 studio

440 2250 507 2305 de
562 2251 814 2307 fratribus
861 2254 973 2306 suis
1005 2253 1259 2322 inquirit,
1289 2262 1344 2306 ct
1369 2253 1581 2309 curiose
1628 2254 1948 2322 perlustrat,
1980 2265 2035 2311 et

442 2341 621 2394 omnia
650 2340 776 2395 facit
815 2349 872 2395 ut
912 2357 1007 2396 eos
1035 2341 1218 2398 videre
1245 2343 1428 2411 possit.
1463 2345 1550 2397 l7.
1593 2343 1734 2398 Dixit
1761 2356 1928 2400 autem
1951 2347 1996 2400 ei
2014 2389 2029 2413 ,

445 2431 635 2501 inquit,
658 2432 808 2486 homo
836 2449 856 2487 :
874 2433 1061 2486 Audivi
1087 2450 1171 2488 eos
1200 2434 1438 2501 dicentes,
1468 2435 1658 2490 Eamus
1683 2437 1736 2490 in
1770 2437 2028 2493 Dat/mini.

446 2518 512 2572 Et
541 2521 626 2573 ivit
654 2519 869 2591 Joseplt,
898 2533 947 2575 et
969 2524 1155 2576 invenit
1181 2539 1286 2578 eos.
1321 2524 1407 2579 18.
1429 2523 1590 2578 Prius.
1611 2536 1778 2580 autent
1804 2528 2034 2582 viderunt

443 2627 558 2664 eum
579 2628 610 2664 a
637 2612 784 2683 longe
809 2623 1074 2680 antequam
1104 2616 1532 2686 appmpinquaret
1551 2618 1619 2671 ad
1645 2634 1716 2681 se,
1749 2621 2035 2691 etmaligne

447 2700 756 2770 cogitabant,
785 2712 839 2756 ut
865 2704 1145 2758 occiderent
1183 2720 1315 2758 eum.
1343 2707 1633 2762 Considera
1665 2708 1784 2772 hic,
1817 2725 2030 2780 qttmso,

445 2792 539 2846 Dei
569 2792 844 2860 providam
871 2795 1188 2864 sapientiam
1208 2835 1225 2862 ,
1256 2797 1524 2865 quomodo
1555 2798 1630 2852 illi
1653 2799 1870 2869 quidem
1900 2817 2034 2856 con-

443 2882 588 2936 citati
614 2892 766 2938 erant
793 2883 847 2938 in
867 2884 1068 2940 cmdem
1092 2886 1208 2954 ejus
1237 2903 1250 2940 :
1281 2887 1395 2955 ipse
1419 2898 1598 2943 autem
1629 2891 1805 2944 omnia
1834 2890 2033 2947 faciens

445 2981 498 3027 et
528 2981 886 3028 transmutans
917 2977 1172 3044 permittit
1199 2976 1416 3031 interim
1439 2979 1617 3034 omnia
1648 2979 2030 3049 impedimenta

446 3064 628 3134 objici,
661 3074 718 3119 ut
737 3065 936 3121 athleta
963 3081 1062 3120 suo
1088 3068 1314 3122 clariore
1340 3068 1512 3134 facto,
1532 3079 1858 3138 postremum
1885 3087 2032 3127 som-

448 3157 658 3211 niorum
678 3157 908 3212 adducat
936 3169 1206 3213 eventum.
1243 3157 1399 3213 Prius
1428 3170 1595 3214 autem
1621 3162 1849 3216 viderunt
1879 3181 1992 3218 eum
2015 3205 2030 3229 ,

447 3247 635 3316 inquit,
668 3257 713 3301 et
737 3249 956 3319 maligne
983 3251 1266 3320 cogitabant
1291 3260 1346 3304 ut
1367 3252 1648 3307 occiderent
1674 3270 1806 3308 eum.
1833 3255 1916 3310 l9.
1943 3256 2006 3310 Di
2017 3286 2035 3299 -

445 3340 583 3392 cebat
602 3350 771 3394 autem
801 3343 1142 3412 unusquisque
1180 3345 1250 3396 ad
1275 3349 1485 3416 fratrem
1513 3362 1661 3399 suum
1689 3363 1709 3401 :
1733 3346 1866 3402 Ecce
1893 3367 2030 3403 sont-

447 3430 611 3482 niator
660 3431 750 3484 ille
797 3433 926 3485 venit
957 3433 1090 3487 :20.
1121 3450 1254 3488 nunc
1299 3436 1454 3505 igitur
1500 3437 1698 3500 venite,
1743 3440 2033 3495 occidamus

445 3539 574 3588 eum,
605 3534 652 3578 et
681 3527 1007 3596 projiciamus
1033 3544 1147 3580 eum
1186 3528 1240 3581 in
1265 3528 1433 3582 lacum
1463 3546 1617 3583 unum
1648 3547 1711 3584 ea:
1739 3531 1817 3584 Itis
1838 3573 1852 3596 ,
1881 3543 1927 3586 et
1952 3534 2032 3586 di-

444 3631 614 3669 mnus
635 3657 650 3680 ,
701 3616 847 3670 Mala
888 3617 1044 3672 bestia
1073 3619 1324 3673 devoravit
1371 3636 1486 3674 eum
1505 3661 1518 3687 ,
1542 3629 1588 3673 et
1612 3620 1886 3676 videbimus
1909 3624 2032 3692 quid

446 3717 592 3760 erunt
617 3709 815 3762 somnia
841 3711 977 3778 ejus.

519 3799 646 3864 Qua:
669 3811 784 3854 sunt
818 3818 849 3854 a
876 3801 983 3854 Deo
1013 3803 1257 3872 prazdicta
1286 3812 1531 3872 nequeunt
1560 3803 1814 3872 impediri.
1840 3833 1912 3843 —
1936 3804 2030 3858 Vi-

444 3888 566 3942 disti
592 3930 607 3954 ,
640 3905 734 3944 eos
757 3890 1088 3945 somniorum
1118 3900 1368 3946 eventum
1394 3902 1764 3960 exspectantes
1785 3893 2032 3948 occidere

446 3994 567 4033 eum
598 3991 818 4035 conatos
847 3981 991 4035 esse?
1020 3981 1122 4035 Sed
1149 3991 1205 4034 ιιι
1229 3982 1468 4045 discant,
1504 3997 1610 4035 non
1636 3997 1755 4037 esse
1783 3983 2032 4052 possibile

445 4088 506 4126 ea
543 4089 661 4143 qua:
688 4089 717 4127 a
767 4074 878 4127 Deo
907 4083 1031 4127 sunt
1075 4073 1322 4143 prmdicta
1349 4115 1363 4137 ,
1392 4089 1496 4127 non
1543 4089 1706 4142 opere
1734 4074 1988 4144 compleri
2013 4117 2028 4140 ,

445 4164 748 4218 consultant
771 4173 825 4219 et
852 4173 1136 4230 attentarit,
1171 4173 1224 4218 et
1252 4180 1403 4218 suam
1426 4165 1700 4218 dcclarant
1731 4166 1982 4220 malitiam
2012 4184 2025 4220 :

444 4266 498 4309 at
520 4257 729 4326 sapiens
751 4268 803 4312 et
830 4273 988 4325 sagax
1020 4256 1158 4311 Deus
1185 4257 1521 4311 insidiatores
1544 4257 1845 4312 ministrare
1868 4259 2028 4312 etiam

446 4349 638 4404 invitos
663 4351 804 4419 cogit
832 4349 1210 4418 dispensationi
1244 4347 1562 4402 futurorum.
1596 4349 1856 4413 Quoniam
1885 4350 2026 4404 enim

443 4442 880 4511 conSpiraverant
910 4445 960 4496 in
1009 4449 1235 4496 mortem
1270 4442 1418 4510 ejus,
1447 4450 1500 4495 et
1529 4441 1580 4493 in
1613 4441 1888 4510 proposito
1913 4441 2023 4510 jam

445 4533 752 4588 occiderant
781 4551 794 4586 :
823 4532 914 4586 21.
973 4531 1040 4586 Ut
1087 4532 1318 4596 audivit,
1366 4531 1538 4600 inquit
1559 4571 1573 4592 ,
1606 4531 1781 4584 Ruben
1804 4571 1819 4595 ,
1846 4531 2030 4601 eripuit

445 4640 556 4677 eum
581 4641 646 4679 ex
668 4624 898 4678 manibus
925 4641 1118 4687 eorum,
1146 4635 1191 4677 et
1218 4625 1346 4678 dixit
1375 4640 1394 4676 :
1412 4624 1499 4676 22.
1533 4623 1584 4676 Ν
1589 4640 1656 4677 οη
1683 4627 2028 4694 percutiamus

445 4733 559 4770 eum
585 4717 637 4769 in
663 4717 886 4770 animam
914 4732 932 4770 :
958 4732 1058 4769 non
1082 4715 1326 4781 effundite
1349 4715 1668 4784 sanguinem;
1689 4714 1892 4785 abjicite
1916 4733 2028 4771 eum

443 4809 498 4863 in
519 4809 686 4862 lacum
713 4809 859 4862 illum
896 4809 948 4862 in
974 4808 1245 4864 solitudine
1266 4849 1281 4874 ,
1315 4823 1520 4860 manum
1555 4821 1724 4863 autem
1753 4825 1856 4863 non
1900 4811 2026 4880 inji-

442 4901 540 4954 cile
587 4899 641 4952 in
679 4916 793 4952 eum
817 4910 912 4953 :ut
953 4915 1069 4952 eum
1113 4899 1324 4968 eriperet
1363 4914 1427 4952 ea:
1469 4899 1700 4952 manibus
1737 4916 1949 4967 eorum,
1981 4911 2028 4953 et

439 4993 671 5048 redderet
707 5010 820 5047 eum
848 4993 981 5064 patri
1009 5009 1122 5046 suo.
1155 4991 1289 5047 Vide
1313 5001 1368 5046 et
1407 4994 1564 5047 istum
1588 5033 1602 5059 ,
1627 4993 1894 5062 quomodo
1920 5008 2025 5048 non

440 5084 612 5139 audet.
628 5083 910 5139 manifeste
941 5085 1161 5156 eripere
1189 5084 1404 5138 fratrem
1427 5125 1442 5150 ,
1473 5084 1568 5140 sed
1594 5084 1704 5154 jam
1748 5085 2024 5140 occidendi

438 5186 689 5231 conatum
717 5186 775 5232 et
796 5177 1048 5246 impetum
1073 5175 1347 5231 refrenare
1371 5179 1575 5243 volens,
1605 5176 1731 5230 dicit
1759 5193 1773 5230 :
1805 5175 1926 5230 Non
1951 5181 2026 5247 ef-

437 5269 634 5338 fundite
662 5272 988 5338 sanguinem,
1019 5268 1108 5322 sed
1151 5268 1349 5338 abjicite
1373 5283 1486 5321 eum
1512 5268 1566 5321 in
1600 5267 1784 5322 lacum.
1822 5269 2026 5324 Docere

437 5362 583 5418 enim
614 5376 712 5416 nos
741 5375 925 5416 volens
949 5361 1125 5415 divina
1167 5361 1440 5428 Scriptura
1467 5374 1686 5430 scopum
1714 5369 1769 5416 et
1793 5372 2024 5416 mentem

342 5525 345 5527 _
439 5455 649 5520 Ruben,
675 5454 837 5509 dicit.
855 5453 982 5508 [hcc
1010 5463 1188 5508 autem
1213 5453 1454 5518 faciebat,
1491 5451 1558 5507 Ut
1585 5453 1794 5522 eriperet
1821 5469 1953 5516 eum,
1977 5463 2026 5506 et

435 5547 664 5604 redderet
679 5555 814 5618 path
838 5562 949 5600 suo.
976 5545 1188 5600 Etcum
1214 5545 1288 5598 illi
1316 5547 1432 5598 lucc
1457 5545 1858 5610 consultarent,
1893 5561 2024 5600 non-

436 5639 562 5694 .lum
606 5639 804 5709 Joseph
856 5639 1183 5703 advenerat,
1227 5637 1320 5692 sed
1372 5647 1650 5707 postquam
1695 5637 2022 5706 colloquium

437 5733 539 5788 hoc
566 5733 931 5800 absolverunt,
963 5730 1055 5786 25.
1096 5729 1281 5796 Venit,
1306 5729 1491 5800 inquit,
1522 5726 1717 5799 Ioseph
1740 5728 1808 5782 ad
1838 5729 2022 5796 fratres

434 5841 574 5878 suos.
598 5823 728 5878 Cum
762 5824 919 5895 igitur
943 5824 1263 5895 oportuisset
1290 5821 1409 5878 illos
1437 5836 1719 5877 occurrere
1749 5820 1930 5890 fratri,
1961 5831 2018 5877 et

1452 405 1516 460 1N
1554 405 1705 460 CAP.
1753 406 2015 462 XXXVII.
2057 408 2301 466 GENES.
2345 412 2572 468 liOMlL.
2614 412 2750 470 LXI.

3659 436 3726 492 30

2141 523 2469 593 amplexari,
2493 535 2548 581 et
2588 531 2857 598 quomodo
2879 547 2937 588 se
2965 546 3112 604 pater
3151 530 3390 609 haberet,
3417 533 3683 614 inquirere
3708 591 3723 615 ,

2143 613 2218 667 illi
2241 630 2370 671 vero
2403 616 2552 686 quasi
2580 619 2703 674 lem
2741 620 2984 691 qurcdam
3007 667 3022 693 ,
3050 627 3142 682 ubi
3181 635 3378 700 agnum
3407 613 3726 706 conspicata:

2141 702 2372 768 fuerint,
2401 709 2643 764 assiliunt
2668 751 2683 774 ,
2713 721 2767 766 et
2806 712 3069 770 Exuerunt
3094 759 3108 782 ,
3139 719 3340 790 inquit,
3365 702 3560 795 Josepli
3594 741 3728 785 veste

2099 839 2104 845 .
2137 797 2300 861 varia,
2330 795 2421 850 24.
2447 809 2492 850 et
2519 811 2776 870 acceptum
2802 821 2914 857 eum
2940 809 3259 877 projecerunt
3275 813 3327 866 in
3350 815 3536 871 lacum.
3560 817 3726 876 Lacus

2139 897 2306 942 autent
2334 901 2440 944 erat
2469 906 2674 957 vacuus,
2703 912 2886 965 agnam
2910 915 3009 954 non
3035 902 3242 959 habens.
3264 904 3722 972 Quemadmodum

2139 982 2482 1038 consuluerat
2509 985 2696 1040 Ruben
2724 1029 2736 1049 ,
2771 989 2842 1042 ita
2882 989 3142 1048 fecerunt.
3171 995 3237 1050 Et
3259 997 3452 1067 injecto
3476 1000 3587 1066 illo,
3623 1003 3723 1058 Se-

2139 1071 2322 1126 derunt
2350 1073 2418 1126 ad
2443 1077 2805 1131 comedendum
2837 1097 3038 1150 panem.
3070 1085 3114 1140 Ο
3152 1087 3557 1148 crudelitatem!
3582 1109 3615 1148 o
3643 1075 3728 1148 in-

2141 1160 2548 1219 humanitatem!
2582 1165 2675 1221 llle
2696 1169 2908 1237 quidem
2936 1179 3137 1228 lautum
3170 1177 3376 1233 itineris
3400 1179 3724 1246 confecerat,

2138 1261 2192 1306 et
2221 1261 2367 1306 tanto
2391 1255 2567 1310 studio
2595 1256 2661 1312 de
2686 1259 2763 1312 eis
2784 1259 3112 1329 inquisierat,
3138 1275 3192 1320 ut
3217 1267 3418 1323 videret
3449 1282 3502 1325 et
3527 1287 3726 1326 annun-

2103 1386 2106 1388 .
2141 1343 2294 1399 tiarct
2343 1349 2477 1415 patri
2527 1350 2795 1418 quomodo
2835 1367 2894 1407 se
2929 1354 3190 1410 haberent
3223 1373 3311 1412 res
3357 1359 3568 1416 illorum
3600 1378 3614 1417 :
3645 1361 3722 1418 illi

2139 1452 2267 1491 vero
2288 1441 2434 1507 quasi
2471 1439 2676 1495 barbari
2700 1453 2750 1497 et
2779 1443 3053 1500 inhumani
3077 1489 3092 1511 ,
3123 1449 3246 1517 quia
3278 1452 3622 1508 consuluerat
3646 1456 3724 1509 eis

2141 1527 2326 1582 Ruben
2355 1546 2421 1584 ne
2446 1531 2781 1589 ell'underent
2805 1539 3116 1606 sanguinem
3175 1539 3316 1597 fame
3357 1544 3600 1600 occidere
3625 1562 3723 1599 vo—

2139 1617 2340 1674 lebant.
2369 1621 2474 1677 Sed
2507 1625 2768 1694 benignus
2816 1629 2953 1683 Deus
2997 1633 3172 1685 statim
3221 1649 3341 1687 eum
3375 1636 3616 1692 liberavit
3651 1640 3719 1692 ah

2141 1710 2343 1765 insania
2395 1713 2637 1767 fratrum.
2676 1716 2767 1772 25.
2799 1716 2924 1773 Cum
2952 1721 3092 1774 enim
3131 1725 3468 1781 consedissent
3490 1727 3561 1781 ad
3586 1745 3728 1783 com-

2140 1803 2386 1857 edendum
2417 1821 2616 1873 panem,
2641 1807 2866 1862 viderunt
2893 1810 3182 1867 lsmaclitas
3209 1815 3419 1871 viatores
3443 1818 3709 1878 venientes.

2112 1904 2184 1947 -et
2213 1893 2496 1966 {Egyptum
2523 1913 2695 1952 versus
2739 1911 2928 1955 euntes.
2969 1903 3058 1958 26.
3093 1905 3158 1958 Et
3191 1907 3319 1961 dixit
3347 1907 3514 1964 ludas
3540 1927 3560 1966 :
3589 1911 3725 1978 Quid

2141 1989 2341 2054 prodest
2371 1990 2413 2042 si
2438 1990 2769 2045 occiderimus
2797 1995 3003 2063 fratrem
3035 2006 3294 2067 nostrum,
3322 2011 3368 2054 et
3395 2004 3722 2058 occultaveri-

2137 2094 2250 2131 mus
2275 2081 2566 2148 sanguinem
2595 2083 2746 2152 ejus?
2766 2085 2854 2138 27.
2878 2085 3069 2155 Venite,
3099 2090 3370 2146 vendamus
3397 2110 3508 2146 eum
3531 2092 3724 2150 lentae-

2139 2168 2240 2223 litis
2268 2171 2376 2225 istis
2401 2187 2419 2225 :
2442 2189 2622 2228 ntanus
2648 2185 2814 2230 autem
2859 2190 3046 2233 nostra:
3103 2198 3204 2236 non
3249 2185 3348 2238 sint
3387 2203 3540 2254 super
3575 2203 3686 2242 eum
3708 2230 3722 2249 .

2111 2297 2114 2300 η
2138 2261 2254 2329 quia
2277 2265 2436 2331 frater
2461 2274 2629 2318 noster
2655 2277 2698 2319 et
2726 2283 2846 2321 caro
2873 2279 3046 2324 nostra
3075 2281 3167 2325 est.

2205 2352 2264 2405 4.
2307 2351 2436 2407 Vide
2469 2356 2734 2422 quomodo
2779 2367 2830 2412 et
2880 2360 3026 2428 prius
3075 2361 3262 2417 Ruben
3319 2365 3524 2420 minore
3567 2368 3711 2422 malo

2139 2443 2310 2511 majus
2355 2445 2648 2513 prohibuit,
2682 2456 2735 2502 et
2773 2464 2914 2504 nunc
2940 2467 3150 2522 quoque
3187 2454 3353 2510 Judas
3396 2459 3623 2512 consulit
3665 2470 3726 2514 ut

2137 2535 2394 2618 vendatur
2419 2535 2582 2591 frater
2603 2581 2617 2605 ,
2649 2553 2754 2608 quo
2780 2555 2902 2594 eum
2932 2541 3000 2595 ab
3032 2543 3244 2599 interitu
3289 2545 3498 2616 eripere
3539 2559 3722 2618 qui-at.

2103 2645 2112 2652 -
2138 2617 2249 2672 Hoc
2271 2629 2448 2673 autem
2478 2628 2645 2675 totum
2670 2623 2739 2677 ita
2770 2634 2976 2693 gestum
3006 2635 3085 2681 est
3110 2669 3122 2690 ,
3147 2637 3205 2683 ut
3232 2630 3390 2684 etiam
3422 2617 3599 2686 invitis
3620 2633 3725 2686 illis

2136 2725 2254 2778 quae
2278 2725 2308 2764 a
2339 2711 2447 2767 Deo
2477 2714 2725 2782 praedicta
2749 2715 3267 2787 fuerantevenirent,
3294 2731 3348 2776 et
3369 2721 3726 2792 dispensatio-

2109 2801 2189 2854 -ni
2219 2800 2412 2856 divinae
2433 2804 2712 2860 servirent.
2751 2805 2812 2858 Et
2840 2808 3066 2876 probato,
3098 2810 3285 2880 inquit,
3315 2812 3720 2880 consilioJudtc,

2134 2891 2224 2945 28.
2246 2891 2524 2946 eduxerunt
2569 2912 2680 2948 eum
2708 2896 2771 2948 de
2794 2898 3006 2950 cisterna
3030 2941 3044 2965 ,
3076 2908 3122 2951 et
3151 2901 3478 2955 vendiderunt
3520 2901 3720 2958 lsmae-

2139 2980 2241 3036 litis
2287 2984 2467 3053 viginti
2517 2986 2704 3038 aureis.
2760 2986 2806 3041 Ο
2846 2987 3077 3056 iniquam
3128 2991 3576 3059 permutationem
3621 2995 3635 3047 ι
3691 3009 3726 3045 o

2137 3072 2452 3127 damnosum
2502 3073 2808 3130 lucrumlo
2855 3076 3261 3146 injustissimam
3316 3079 3719 3136 venditionem!

2139 3161 2276 3217 Eum
2304 3163 2393 3232 Qui
2421 3162 2572 3217 vobis
2613 3165 2872 3234 sanguine
2903 3167 3372 3235 conjunctissimus
3397 3178 3532 3234 erat,
3564 3185 3722 3240 quem

2137 3263 2289 3324 pater
2317 3257 2547 3310 maxime
2570 3255 2800 3321 amabat,
2824 3257 2913 3326 qui
2942 3257 3006 3310 ad
3039 3258 3314 3313 visendum
3343 3273 3438 3315 vos
3467 3271 3685 3315 venerat
3707 3303 3722 3324 ,

2137 3346 2224 3415 qui
2252 3362 2538 3416 numquam
2568 3363 2663 3402 vos
2687 3348 2772 3402 vel
2799 3350 2849 3402 in
2879 3363 3065 3419 parvo,
3085 3351 3168 3405 vel
3197 3351 3251 3406 in
3273 3367 3464 3422 magno
3487 3352 3724 3409 offende-

2135 3446 2238 3503 rat,
2266 3437 2500 3493 vendere
2520 3438 2726 3493 audetis
2749 3455 2764 3506 ;
2793 3449 2847 3494 et
2875 3440 3107 3496 vendere
3137 3441 3438 3498 hominibus
3455 3444 3718 3508 barbaris,

2136 3541 2188 3583 et
2218 3530 2271 3583 in
2296 3527 2584 3600 Aigyptum
2612 3529 3094 3586 descendentibus?
3127 3532 3258 3598 Qua:
3295 3542 3439 3588 tanta
3478 3535 3725 3588 insania?

2137 3635 2255 3689 qua:
2282 3620 2518 3674 invidia?
2549 3621 2667 3690 quis
2715 3622 2890 3676 livor?
2915 3623 3046 3677 Nam
3090 3624 3135 3677 si
3185 3623 3289 3678 hoc
3316 3635 3461 3679 metu
3486 3625 3725 3679 somnio-

2137 3726 2253 3763 rum
2284 3709 2458 3763 facitis
2480 3751 2495 3775 ,
2522 3721 2579 3764 ut
2607 3713 2846 3778 persuasi
2887 3713 3000 3766 haec
3027 3714 3245 3767 omnino
3273 3723 3530 3769 eventura
3553 3729 3674 3769 esse
3700 3731 3716 3770 :

2135 3815 2304 3869 quare
2348 3800 2694 3868 impossibilia
2729 3803 3025 3864 attentatis,
3059 3812 3114 3855 et
3141 3803 3294 3856 factis
3323 3803 3513 3857 vestris
3536 3813 3719 3856 contra

2142 3891 2302 3944 Deum
2336 3890 2530 3942 bellum
2558 3889 2848 3956 assumitis,
2875 3892 2962 3960 qui
2985 3891 3099 3944 lucc
3115 3892 3164 3944 ei
3190 3892 3547 3960 prardixerat?
3571 3894 3720 3960 Quod

2137 3983 2182 4034 si
2217 3980 2561 4034 nihilifacitis
2581 3981 2808 4047 somnia,
2847 3981 2941 4036 sed
2971 3982 3286 4036 existimatis
3307 3997 3428 4038 esse
3448 3983 3715 4051 delirium,

2138 4086 2309 4141 quare
2359 4071 2472 4125 hare
2523 4071 2678 4142 agitis
2726 4087 2845 4141 qua:
2893 4083 3199 4142 perpetuam
3255 4073 3406 4128 vobis
3458 4076 3718 4131 maculam

2139 4165 2369 4227 inurant,
2398 4169 2452 4217 et
2471 4161 2671 4217 luctum
2695 4162 3080 4218 indesinentem
3116 4163 3250 4234 patri
3271 4173 3449 4220 vestro
3461 4165 3724 4222 afferant?

2093 4297 2099 4306 .
2138 4253 2243 4308 Sed
2273 4270 2306 4306 ο
2328 4253 2699 4322 gravissimum
2727 4253 2996 4320 morbum,
3045 4255 3152 4308 imo
3180 4265 3413 4310 mentem
3438 4259 3722 4328 sanguina-

2136 4345 2270 4400 riam
2295 4345 2310 4399 ι
2336 4345 2466 4400 Cum
2495 4345 2636 4400 enim
2674 4346 2794 4416 quis
2821 4345 3082 4401 nefarium
3129 4361 3266 4416 opus
3313 4348 3639 4418 aggreditur,
3665 4361 3722 4405 et

2134 4437 2375 4491 obruitur
2399 4453 2428 4490 a
2449 4436 2858 4506 cegitationibus
2885 4437 3129 4492 absurdis
3151 4481 3167 4505 ,
3201 4439 3245 4492 is
3273 4454 3444 4509 neque
3477 4443 3725 4510 preponit

2134 4537 2258 4582 ante
2301 4528 2486 4582 oculos
2528 4529 2740 4582 oculum
2782 4529 2931 4583 illum
2967 4531 3056 4600 qui
3097 4546 3202 4585 non
3249 4532 3512 4601 quiescit:
3546 4548 3722 4603 neque

2121 4629 2412 4674 reveretur
2459 4627 2704 4673 naturam
2745 4620 2913 4688 ipsam
2947 4660 2963 4686 ,
3020 4637 3191 4690 neque
3238 4623 3462 4677 attendit
3522 4623 3721 4693 aliquid

2134 4713 2275 4784 quod
2300 4712 2365 4767 ad
2389 4713 2906 4766 commiserationem
2933 4726 2993 4767 se
3010 4714 3176 4781 possit
3197 4712 3482 4778 inducere;
3509 4714 3560 4768 id
3576 4716 3718 4784 quod

2135 4815 2187 4860 et
2213 4805 2318 4858 illis
2344 4804 2540 4858 evenit.
2571 4802 2684 4858 Non
2717 4803 2860 4857 enim
2888 4803 3187 4873 cogitabant
3217 4803 3537 4873 quodfratcr
3551 4818 3714 4870 esset,

2134 4910 2307 4965 neque
2354 4895 2494 4964 quod
2542 4894 2876 4958 adolescens,
2928 4909 3100 4963 neque
3139 4894 3280 4964 qund
3326 4904 3434 4950 tan:
3476 4897 3718 4953 amabilis

2133 4989 2290 5059 patri.
2317 5002 2491 5057 neque
2515 4987 2657 5058 quod
2687 5003 2973 5057 numquam
3005 4988 3057 5041 in
3100 4998 3240 5043 terra
3271 4988 3441 5043 aliena
3470 4988 3717 5056 vixisset,

2133 5090 2185 5135 et
2205 5078 2342 5150 apud
2374 5088 2624 5133 externos
2649 5093 2937 5148 numquam
2960 5087 3083 5132 ante
3105 5089 3472 5148 conversatus,
3497 5096 3637 5137 nunc
3664 5082 3716 5136 in

2136 5185 2273 5229 terra
2306 5184 2412 5228 tam
2457 5183 2663 5227 semota
2701 5171 2840 5226 inter
2883 5171 3135 5227 barbaros
3167 5171 3501 5228 habitaturus
3525 5185 3668 5229 esset
3700 5193 3714 5228 :

2131 5266 2226 5321 sed
2257 5266 2399 5320 omni
2428 5265 2645 5320 honesta
2676 5264 2996 5333 cogitatione
3021 5263 3224 5334 abjccta
3254 5280 3416 5318 unum
3440 5264 3721 5319 dumtaxat

2131 5358 2409 5422 curabant,
2438 5357 2706 5428 quomodo
2734 5356 2984 5411 invidiam
3014 5371 3185 5422 suam,
3216 5365 3273 5411 ut
3301 5355 3576 5425 putabant,
3594 5359 3715 5424 ope-

2132 5469 2191 5509 re
2215 5451 2512 5522 explerent.
2563 5451 2628 5506 Et
2649 5451 2722 5505 illi
2749 5451 2961 5520 quidem
2997 5458 3176 5505 mente
3204 5449 3488 5503 fratricida}
3517 5457 3669 5504 erant
3697 5466 3713 5504 :

2130 5549 2216 5618 qui
2246 5555 2421 5600 autem
2455 5544 2521 5598 ab
2549 5543 2626 5598 eis
2653 5557 2839 5613 passus
2859 5551 2960 5606 est,
2991 5542 3166 5597 omnia
3209 5541 3413 5596 fortiter
3433 5541 3570 5597 tulit.

2203 5637 2388 5691 Manus
2415 5634 2620 5689 Domini
2647 5635 2862 5689 custodit
2885 5633 3098 5704 Joseph.
3120 5662 3192 5674 —
3210 5631 3712 5690 Custodiebatenim

2131 5745 2254 5785 eum
2285 5744 2473 5784 manus
2518 5741 2771 5798 superna,
2805 5733 2859 5782 et
2909 5725 3084 5780 omnia
3131 5723 3365 5779 difficilia
3392 5723 3621 5782 faciebat
3662 5725 3715 5779 ei

2134 5822 2302 5878 facilia
2334 5829 2388 5878 et
2414 5820 2570 5877 levia.
2610 5817 2835 5888 Quando
2878 5816 3019 5890 enim
3065 5831 3291 5888 superna
3348 5816 3714 5874 benevolentia
