4168 6264
459 278 567 335 ‘53l

477 391 721 456 fruimur,
749 386 906 443 etiam
957 387 1094 442 inter
1122 384 1325 440 medios
1367 383 1643 448 barbaros,
1675 390 1730 437 et
1780 382 1831 436 in
1875 380 2047 435 aliena

475 483 693 552 regione
714 480 905 534 melius
921 486 974 532 et
992 475 1323 533 commodius
1343 474 1544 529 versari
1569 487 1867 542 possumus,
1887 487 2045 543 quam

477 575 508 627 ii
537 574 625 643 qui
651 572 790 627 domi
820 571 1073 633 habitant,
1102 577 1157 624 et
1178 568 1369 638 quibus
1393 581 1601 622 summa
1628 581 1751 621 cura
1781 566 2053 620 ministra-

470 673 566 718 1ur
600 682 611 716 :
643 664 777 717 sicut
798 661 897 716 etsi
927 661 977 715 in
1001 659 1160 715 domo
1189 673 1485 722 versemur,
1505 666 1561 713 et
1579 657 1823 713 omnibus
1851 656 2054 711 deliciis

478 755 579 809 frui
609 754 903 816 videamur,
945 750 1184 806 destituti
1211 759 1387 805 autem
1409 750 1576 803 simus
1605 762 1836 817 superno
1868 752 2054 816 prasi-

476 844 585 916 dio,
616 842 864 897 omnibus
894 854 1078 896 sumus
1107 841 1429 895 miseriores.
1484 838 1728 908 Magnum
1785 838 1927 891 enim
1976 845 2059 891 est

478 932 685 986 virtutis
714 931 897 997 robur,
929 940 985 986 et
1027 930 1243 984 malitia:
1270 928 1554 983 infirmitas
1582 944 1595 981 :
1623 937 1678 982 et
1708 927 1807 981 hoc
1829 927 2059 980 maxime

464 1021 706 1076 ostendit
734 1020 885 1075 nobis
914 1020 1157 1081 historia,
1188 1034 1346 1087 quam
1389 1018 1441 1071 in
1486 1017 1731 1071 manibus
1779 1016 2055 1069 habemus.

468 1114 571 1167 Dic
599 1114 742 1168 enim
774 1127 909 1182 quos
935 1113 1158 1165 miseros
1180 1121 1234 1164 et
1264 1110 1555 1164 innumeris
1596 1109 1844 1179 lacrymis
1872 1108 2060 1177 dignos

476 1218 597 1258 esse
619 1213 789 1272 putas,
822 1202 1007 1256 illosne
1029 1202 1117 1271 qui
1144 1211 1288 1255 tanta
1310 1201 1447 1254 mala
1470 1200 1727 1261 fecerunt,
1753 1214 1820 1252 an
1843 1198 2060 1252 fratrem

478 1296 567 1365 qui
611 1296 663 1349 iu
716 1302 1035 1364 potestatem
1070 1292 1410 1346 barbarorum
1453 1289 2061 1346 venerat?Mauifestum

468 1387 622 1456 quod
671 1387 811 1439 illos.
866 1385 1047 1454 Cogita
1103 1383 1266 1447 enim,
1292 1382 1537 1449 obsecro,
1567 1382 1655 1435 hic
1697 1380 2061 1435 admirabilem

483 1480 650 1537 illum.
678 1478 768 1546 qui
798 1484 943 1531 tanta
971 1476 1333 1529 ministrorum
1364 1488 1491 1528 cura
1514 1473 1786 1536 educatus,
1817 1473 1950 1527 etin
1983 1472 2064 1526 ul-

485 1573 566 1626 nis
614 1571 847 1641 palcrnis
893 1583 1103 1637 semper
1150 1567 1360 1621 habitus
1399 1564 1517 1631 fuit,
1545 1564 1812 1634 quomodo
1840 1571 2062 1633 repente

470 1670 695 1714 coaetus
724 1669 804 1713 est
835 1658 973 1713 ferre
1000 1672 1213 1726 gravem
1259 1657 1568 1710 servitutem
1594 1654 1734 1724 apud
1772 1654 1916 1709 viros
1943 1654 2066 1707 bar-

488 1752 661 1813 baros,
695 1766 799 1805 non
826 1750 1072 1805 meliores
1098 1749 1226 1817 ipsis
1254 1748 1452 1803 bestiis.
1482 1747 1585 1802 Sed
1613 1748 1849 1802 omnium
1881 1746 2061 1800 Domi-

487 1857 587 1897 nus
630 1851 781 1910 erat,
812 1843 897 1909 qui
928 1850 981 1895 et
1005 1841 1125 1896 illos
1158 1842 1417 1895 humanos
1463 1838 1739 1903 reddebat,
1773 1848 1828 1893 et
1877 1839 1963 1892 isti
2013 1838 2064 1891 in

486 1935 731 1994 omnibus
776 1935 1083 2004 patientiam
1141 1932 1379 1988 indebat.
1437 1932 1505 1986 Et
1544 1947 1663 1986 cum
1705 1931 2069 1987 vendidissent

487 2024 726 2088 fratrem,
759 2025 908 2093 quasi
942 2022 1288 2092 perfecissent
1334 2022 1663 2092 propositum
1712 2035 1863 2075 suum
1894 2019 2067 2074 affecti

487 2113 650 2177 fuere,
684 2114 774 2167 illo
817 2113 994 2169 ablato
1024 2112 1274 2167 videlicet
1302 2127 1332 2166 e
1359 2111 1555 2176 medio,
1603 2113 1690 2165 cui
1740 2110 2066 2165 invidebant.

488 2205 579 2261 29.
605 2205 853 2260 Reuersus
878 2213 950 2258 est
972 2215 1160 2267 autem,
1188 2204 1382 2273 inquit,
1418 2202 1589 2255 [iuben
1618 2202 1685 2255 ad
1705 2206 1994 2265 cisternam,
2026 2209 2073 2253 et

491 2314 592 2353 non
619 2298 739 2351 uidit
768 2296 995 2367 loseph;
1026 2306 1072 2350 et
1097 2297 1311 2365 disrupit
1333 2296 1619 2349 vestimenta
1640 2310 1753 2361 sua,
1782 2294 1870 2349 50.
1888 2303 1933 2347 et
1953 2294 2071 2346 red-

500 2388 560 2442 iit
587 2389 653 2441 ad
678 2398 858 2454 fratres
882 2404 1036 2441 suos.
1074 2393 1122 2436 et
1163 2383 1332 2438 dixit:
1364 2384 1498 2437 Puer
1535 2401 1635 2437 non
1669 2392 1775 2449 est,
1818 2399 1911 2455 ego
1956 2400 2073 2439 vero

501 2494 603 2549 quo
618 2477 701 2530 ibo
716 2478 790 2530 ult
799 2494 856 2531 ra
873 2469 1175 2537 rQuoniam
1195 2467 1334 2524 enim
1346 2485 1510 2541 supra
1523 2471 1705 2527 docuit
1743 2470 1918 2526 divina
1934 2471 2077 2527 Scri-

501 2576 674 2638 ptura,
702 2582 824 2621 eum
851 2574 1129 2636 propterea
1164 2566 1494 2622 consuluisse
1540 2582 1661 2622 eum
1705 2569 1755 2621 in
1787 2572 2074 2629 cisternam

492 2657 908 2727 conjiciendum,
938 2666 994 2712 ut
1014 2674 1077 2713 ex
1100 2658 1449 2728 sanguinariis
1480 2659 1722 2714 manibus
1747 2659 1893 2713 illum
1911 2661 2075 2727 eripe-

502 2756 588 2805 ret
611 2758 666 2804 et
696 2749 943 2804 redderet
971 2749 1104 2818 patri
1138 2765 1150 2801 :
1178 2764 1317 2803 nunc
1340 2790 1354 2814 ,
1386 2749 1584 2818 inquit,
1612 2749 1698 2803 ubi
1731 2748 1860 2803 vidit
1882 2763 1940 2803 se
1968 2749 2077 2803 voti

503 2850 805 2911 compotem
830 2855 936 2895 non
962 2839 1333 2906 esse,discidit
1354 2840 1666 2894 vestimenta
1689 2854 1805 2903 sua,
1829 2848 1884 2893 et
1906 2839 2074 2893 dixit:

494 2931 642 2986 .Puer
666 2947 763 2985 non
789 2941 880 2994 est,
910 2947 1001 3002 ego
1028 2940 1194 2984 autem
1219 2946 1317 2999 quo
1345 2930 1527 2983 vadem
1553 2930 1578 2984 .9
1602 2930 1821 2995 Qualem
1865 2929 2083 2984 habebi-

502 3037 620 3077 mus
661 3022 1053 3089 defensionem,
1076 3030 1131 3077 et
1170 3022 1400 3076 maxime
1434 3036 1532 3091 ego
1558 3021 1648 3088 qui
1678 3020 1830 3075 vobis
1848 3036 2083 3090 praeesse

499 3112 694 3168 videor
713 3114 735 3166 ?
752 3114 974 3168 Putabat
999 3114 1140 3168 enim
1170 3127 1291 3168 eum
1317 3112 1549 3167 occisum
1577 3111 1760 3167 fuisse.
1818 3113 1887 3167 At
1932 3120 2078 3182 post-

493 3221 665 3276 quam
713 3207 910 3259 factum
938 3215 1021 3259 est
1045 3205 1184 3274 quod
1209 3204 1536 3274 qurerehant,
1566 3212 1622 3258 et
1648 3208 1700 3259 in
1729 3205 1955 3260 alienam
1979 3213 2088 3259 ter.

509 3312 622 3351 ram
654 3296 916 3350 miserunt
952 3310 1072 3349 eum
1110 3309 1266 3362 quem
1305 3294 1429 3349 odio
1458 3295 1745 3359 habebant,
1774 3307 1932 3365 atque
1954 3294 2088 3349 invi-

496 3387 649 3443 diam
681 3401 831 3439 suam
856 3385 1034 3454 aliquo
1080 3385 1241 3441 modo
1293 3386 1595 3454 mitigarunt
1621 3401 1640 3439 :
1669 3395 1847 3453 postea
1896 3399 2085 3455 magna

506 3478 766 3532 industria
791 3476 1090 3547 cogitarunt
1145 3485 1205 3531 ut
1245 3476 1554 3532 deluderent
1600 3484 1827 3547 patrem,
1850 3492 1917 3532 ne
1949 3477 2085 3531 mala

509 3585 603 3624 sua
631 3569 954 3638 conspiratio
991 3568 1066 3623 illi
1098 3554 1395 3624 manifesta
1441 3568 1614 3623 ﬂeret.
1666 3570 1755 3623 5‘].
1808 3568 1876 3622 Et
1925 3568 2087 3622 occiso

514 3660 662 3714 Διαιάο
681 3676 954 3729 caprarum
979 3699 995 3727 ,
1020 3655 1402 3730 inquinaverunt
1430 3670 1611 3714 vestem
1638 3661 1902 3731 sanguine,
1932 3644 2019 3715 '52.
2043 3670 2088 3713 et

512 3755 782 3808 attulerunt
805 3764 985 3808 vestem
1015 3754 1148 3823 patri
1173 3769 1265 3806 suo
1285 3793 1301 3818 ,
1330 3762 1375 3806 et
1401 3753 1635 3807 dixerunt
1656 3769 1675 3807 :
1694 3753 1948 3823 Cognosce
1969 3768 2088 3806 num

515 3846 662 3899 vestis
688 3845 783 3912 ﬁlii
804 3844 876 3897 tui
896 3844 979 3909 sit,
1008 3859 1179 3897 necne.
1209 3842 1344 3909 Quid
1372 3842 1615 3912 decipitis
1633 3844 1986 3911 vosmetipsos
2010 3883 2025 3908 ,
2054 3856 2090 3894 o

519 3934 806 3989 insensati?
860 3933 990 3987 Nam
1042 3933 1168 3989 licet
1210 3941 1416 4003 patrem
1446 3933 1697 4002 decipere
1716 3934 1950 4002 possitis,
1983 3948 2088 3988 non

516 4036 693 4079 tamen
717 4023 945 4078 lalebitis
971 4026 1181 4078 oculum
1207 4023 1355 4077 illum
1381 4022 1471 4092 qui
1497 4023 1661 4091 sopiri
1693 4023 1910 4091 nequit,
1932 4038 2089 4091 quem

523 4116 753 4171 maxime
777 4114 1013 4170 omnium
1033 4113 1321 4169 formidare
1344 4113 1643 4182 Oportebat.
1693 4111 1800 4167 Sed
1821 4112 1889 4165 ita
1918 4127 1977 4166 se
1999 4111 2093 4167 ha-

520 4209 609 4263 bet
638 4207 870 4261 humana
898 4213 1116 4270 natura,
1146 4204 1254 4257 imo
1293 4204 1367 4258 ita
1398 4217 1456 4258 se
1487 4202 1647 4257 habet
1685 4201 1970 4258 multorum
2002 4218 2096 4258 ne-

521 4296 681 4365 quitia
705 4337 720 4356 ,
749 4303 807 4349 ut
834 4295 1118 4348 humanum
1145 4293 1389 4347 timorem
1412 4301 1466 4347 et
1502 4297 1776 4361 praesentis
1808 4293 1928 4347 vitae
1962 4293 2093 4345 infa-

522 4388 682 4440 miam
716 4393 916 4439 tantum
948 4384 1182 4439 maxime
1202 4392 1453 4449 caveant,
1483 4384 1533 4437 in
1563 4391 1741 4439 mente
1784 4391 1959 4437 autem
1988 4398 2093 4437 non

524 4484 739 4531 versent
761 4474 996 4529 terribile
1024 4473 1152 4528 illud
1184 4472 1412 4527 tribunal
1439 4515 1453 4539 ,
1481 4483 1534 4528 et
1562 4474 1946 4528 intolerabilem
1979 4488 2094 4543 poe-

527 4580 669 4631 nam,
702 4563 794 4619 sed
824 4563 925 4619 hoc
956 4578 1115 4618 unum
1139 4571 1345 4629 curent,
1370 4562 1631 4632 quomodo
1650 4562 1879 4632 effugere
1897 4564 2097 4632 pos~int

529 4656 813 4711 humanam
840 4655 1312 4726 reprehensionem
1345 4673 1358 4709 :
1388 4656 1437 4709 id
1463 4655 1603 4725 quod
1647 4663 1701 4709 et
1744 4655 1814 4708 illi
1854 4664 2094 4724 egerunt,

527 4748 650 4802 dum
681 4756 886 4817 patrem
929 4762 1083 4801 suum
1124 4746 1370 4815 decipere
1404 4746 1733 4800 molirentur.
1757 4743 1845 4799 35.
1888 4746 2099 4815 Agnovit

527 4843 675 4905 enim,
707 4840 896 4909 inquit,
924 4849 1103 4893 vestem
1130 4848 1289 4909 pater,
1312 4847 1358 4891 et
1378 4839 1504 4892 dixit
1534 4853 1552 4891 :
1592 4836 1748 4891 Vestis
1760 4837 1854 4904 ﬁlii
1874 4837 1970 4889 mei
1988 4846 2061 4890 est
2079 4852 2097 4889 :

529 4932 635 4999 fera
650 4930 782 4982 mala
813 4930 1060 4983 devoravit
1081 4946 1210 4994 eum,
1241 4929 1347 4998 fera
1369 4928 1538 4997 rapuit
1562 4928 1770 4998 Ioseph.
1788 4928 1992 4983 Etenim
2009 4944 2098 4983 ve-

531 5036 587 5074 re
614 5019 761 5089 quasi
787 5019 838 5072 in
879 5019 1044 5072 malas
1070 5019 1265 5072 bestias
1289 5019 1577 5085 incidisset,
1608 5020 1784 5073 omnia
1813 5019 2101 5074 crudeliter

534 5125 721 5181 passus
747 5118 850 5165 est.
879 5110 966 5163 5i.
996 5108 1209 5161 Discidit
1235 5119 1397 5163 autem
1425 5112 1711 5164 vestimenta
1732 5128 1843 5176 sua,
1865 5122 1908 5165 et
1937 5112 2101 5179 posuit

532 5217 729 5256 saccum
758 5216 907 5267 super
937 5198 1129 5252 lumbos
1158 5216 1275 5252 suos
1301 5241 1314 5265 ,
1344 5208 1388 5251 et
1411 5200 1537 5254 luxit
1562 5202 1724 5269 ﬁliunt
1766 5218 1911 5254 suum
1931 5202 2099 5255 diebus

533 5291 722 5345 nmltis.
752 5289 972 5358 Quantis
998 5288 1189 5343 fuerint
1206 5290 1280 5342 illi
1312 5289 1451 5358 digni
1474 5289 1740 5361 lacrymis,
1764 5292 1851 5360 qui
1880 5306 1981 5344 non
2010 5307 2099 5345 so-

533 5383 640 5434 lum
683 5378 900 5433 fratrem
942 5379 1183 5434 barbaris
1209 5379 1588 5445 vendiderunt,
1618 5380 1712 5435 sed
1738 5390 1790 5434 et
1818 5391 2019 5450 patrem
2047 5383 2101 5436 in

536 5481 773 5523 extrema
819 5480 1089 5525 senectute
1118 5471 1169 5523 in
1196 5478 1399 5523 tantum
1433 5469 1983 5539 luctumiujecerunt?
2010 5472 2098 5526 55.

537 5561 834 5631 (.‘ongregnti
854 5574 1016 5618 autem
1046 5573 1160 5617 sunt
1190 5564 1285 5634 ﬁlii
1308 5564 1416 5634 ejus
1445 5573 1492 5618 et
1510 5563 1632 5633 ﬁlia:
1660 5573 1712 5616 ut
1729 5563 2103 5618 consolarentur

1204 272 1262 327 S.
1293 269 1567 330 JOANNIS
1605 268 2074 325 CHRYSOSTOMI
2113 269 2424 326 ARCHIEP.
2466 272 2990 329 (IONSTANTINOP.

3625 277 3727 331 532

2153 397 2286 444 eum,
2305 393 2350 437 et
2383 386 2563 447 noluit,
2596 385 2764 439 dicens
2792 400 2809 438 :
2842 383 3156 438 Descendunt
3178 385 3244 438 ad
3263 384 3426 450 ﬁlium
3455 401 3617 440 meum
3647 388 3726 441 lu-

2159 490 2279 542 gens
2299 474 2352 527 in
2377 476 2648 544 infernum.

2229 563 2284 618 5.
2324 564 2521 632 Opinor
2554 575 2607 618 et
2652 563 2754 620 hoc
2787 564 2890 620 illis
2926 564 3084 619 aliam
3125 564 3287 619 fuisse
3312 565 3539 635 plagam.
3572 566 3729 622 Vide-

2160 656 2286 710 bant
2313 657 2454 710 enim
2481 667 2683 725 patrem
2713 665 2912 711 tantum
2938 664 3148 726 tamque
3172 652 3462 712 ferventem
3490 674 3724 713 amorem

2161 745 2413 800 exhibere
2441 760 2565 815 erga
2585 761 2705 800 eum
2736 746 2825 816 qui
2853 761 2969 801 non
2992 747 3176 801 aderat
3199 789 3213 813 ,
3237 748 3343 802 imo
3368 756 3424 801 et
3452 751 3730 818 putabatur

2161 851 2191 890 a
2217 836 2398 891 bestiis
2444 836 2775 908 discerptus,
2806 846 2860 892 et
2896 838 3081 906 majori
3127 837 3467 894 tabescebant
3516 840 3727 894 invidia.

2164 925 2269 981 Sed
2297 927 2368 980 illi
2400 927 2609 996 quidem
2632 942 2755 997 erga
2783 928 2997 982 fratrem
3021 937 3072 983 et
3092 945 3211 998 erga
3241 938 3443 998 patrem
3466 930 3727 996 crudeles,

2166 1017 2303 1069 nulla
2328 1016 2519 1071 fuerint
2544 1019 2693 1072 venia
2727 1018 2868 1088 digni
2898 1038 2909 1071 :
2944 1019 3240 1073 Madianita:
3294 1029 3469 1074 autem
3525 1031 3580 1074 et
3631 1021 3728 1089 ipsi

2165 1107 2358 1161 divinae
2410 1109 2648 1162 serviunt
2681 1108 3079 1177 dispensationi,
3128 1119 3182 1163 et
3229 1110 3402 1165 denuo
3443 1109 3728 1179 Josephum

2168 1200 2399 1255 vendunt
2422 1201 2683 1270 Petephre
2709 1200 3061 1271 archimagiro
3083 1199 3160 1271 (a)
3188 1201 3500 1255 Pharaonis.
3546 1201 3732 1256 Vidisti

2166 1292 2432 1361 quomodo
2457 1295 2707 1363 paulatim
2735 1293 3008 1362 procedit,
3039 1303 3093 1348 et
3118 1308 3211 1363 per
3238 1295 3416 1348 omnia
3444 1308 3595 1348 suam
3624 1294 3728 1348 vir-

2168 1391 2335 1438 tutem
2361 1392 2412 1439 et
2435 1386 2741 1454 patientiam
2770 1385 3026 1449 declarat,
3057 1393 3114 1439 ut
3146 1385 3221 1439 sic
3241 1386 3387 1454 quasi
3410 1386 3605 1440 athleta
3630 1385 3734 1441 for-

2169 1475 2291 1528 titer
2319 1484 2561 1542 certans,
2588 1474 2926 1529 redimiretur
2966 1490 3164 1530 corona
3206 1476 3374 1545 regni,
3420 1484 3477 1531 et.
3517 1487 3736 1531 eventus

2171 1566 2500 1619 somniorum
2554 1565 2899 1634 implerentnr
2931 1582 2943 1617 :
2974 1581 3077 1635 quo
3109 1566 3479 1620 docerenturii
3506 1566 3591 1635 qui
3614 1580 3733 1621 eum

2171 1655 2535 1720 vendiderant,
2562 1667 2620 1709 se
2652 1655 2781 1709 nihil
2804 1654 3068 1709 commodi
3111 1670 3173 1709 ex
3200 1669 3294 1709 sua
3322 1652 3516 1709 malitia
3553 1670 3736 1723 repor-

2172 1746 2356 1801 tasse?
2402 1746 2625 1800 Tantum
2664 1748 2805 1801 enim
2837 1747 2999 1801 robur
3032 1746 3193 1801 habet
3219 1747 3409 1813 virtus,
3437 1756 3495 1801 ut
3546 1747 3737 1801 clarior

2174 1835 2289 1890 fieri
2316 1835 2483 1890 soleat
2511 1850 2629 1889 eum
2659 1836 2956 1889 infestatur.
2986 1836 3126 1890 Nihil
3155 1837 3294 1890 enim
3336 1851 3399 1891 ea
3427 1836 3694 1891 robustius
3717 1876 3735 1902 ,

2174 1927 2305 1981 nihil
2332 1927 2554 1980 validius
2588 1945 2601 1980 :
2628 1941 2732 1981 non
2756 1927 2897 1996 quod
2925 1928 3036 1995 ipsa
3067 1927 3180 1981 sola
3211 1934 3415 1981 tantum
3440 1926 3631 1981 habent
3661 1943 3739 1982 ro-

2174 2016 2293 2082 bur,
2317 2016 2410 2070 sed
2438 2016 2558 2085 quia
2592 2016 2636 2070 is
2659 2017 2747 2085 qui
2776 2030 2892 2070 eam
2921 2015 3185 2085 possidet,
3212 2024 3267 2070 et
3291 2031 3575 2085 supernum
3593 2016 3740 2070 auxi-

2178 2107 2301 2161 lium
2332 2106 2491 2162 habet
2522 2124 2535 2159 :
2563 2121 2668 2176 quo
2698 2106 2944 2176 praesidio
2973 2116 3028 2160 et
3055 2120 3157 2176 ope
3179 2123 3297 2161 cum
3328 2108 3548 2174 fruatur,
3572 2107 3742 2160 omni-

2176 2201 2275 2255 bus
2304 2210 2384 2255 est
2414 2202 2676 2266 potentior
2701 2208 2757 2253 et
2784 2199 3029 2262 invictus,
3063 2213 3124 2253 ac
3154 2200 3268 2266 capi
3296 2199 3495 2267 ncquit,
3519 2215 3623 2252 non
3655 2214 3743 2256 sn.

2177 2292 2282 2345 lum
2298 2291 2568 2345 hominum
2591 2290 2811 2351 insidiis,
2837 2288 2928 2344 sed
2950 2297 3005 2343 et
3023 2289 3322 2343 danuonum
3341 2289 3744 2348 machinationi-

2179 2381 2295 2437 bus.
2357 2381 2412 2435 ld
2465 2381 2694 2435 scientes
2713 2420 2728 2447 ,
2758 2394 2825 2434 ne
2850 2379 3108 2448 fugiamus
3140 2378 3279 2434 male
3304 2378 3466 2434 affici.
3491 2381 3584 2439 sed
3609 2384 3746 2438 male

2177 2485 2335 2540 agere
2366 2492 2377 2525 :
2412 2472 2512 2524 hoc
2539 2469 2680 2524 enim
2725 2478 2808 2524 est
2839 2483 2962 2524 vere
2991 2469 3129 2523 male
3157 2467 3318 2522 affici.
3346 2467 3477 2522 Nam
3508 2475 3596 2546 qui
3622 2489 3746 2544 pro-

2180 2562 2381 2616 ximum
2409 2560 2645 2638 affligere
2672 2568 2858 2633 tentat,
2890 2560 2965 2621 illi
2984 2560 3197 2637 quidem
3221 2567 3439 2621 omnino
3483 2566 3613 2622 nihil
3648 2582 3746 2621 no—

2181 2669 2267 2713 cet
2299 2673 2313 2712 :
2343 2658 2467 2714 licet
2512 2661 2651 2714 enim
2710 2661 2775 2715 ad
2826 2674 3042 2731 parvum
3095 2669 3303 2731 tempus
3339 2662 3622 2726 noeeat,in
3650 2660 3750 2715 hoc

2184 2758 2386 2804 tantum
2428 2752 2626 2805 saeculo
2654 2750 2705 2805 id
2734 2751 2893 2816 facit;
2934 2751 3036 2805 sibi
3062 2760 3238 2805 autem
3283 2750 3598 2805 immortalia
3646 2759 3751 2803 tor-

2182 2850 2361 2897 menta
2415 2843 2693 2908 recondit,
2724 2852 2777 2897 et
2809 2856 2992 2912 ptenas
3018 2841 3417 2897 intolerabiles:
3461 2854 3591 2910 quas
3645 2855 3751 2895 non

2185 2934 2341 2989 aliter
2382 2933 2614 3004 effugere
2663 2948 2964 3005 possumus,
2993 2934 3092 2989 nisi
3136 2933 3497 3004 paraverimus
3545 2947 3643 2989 nos
3686 2933 3751 2985 ad

2186 3025 2431 3081 ferendas
2450 3026 2761 3081 afflictioues
2783 3066 2797 3090 ,
2820 3033 2874 3080 et
2892 3024 3181 3080 secundum
3200 3024 3493 3078 doctrinam
3525 3023 3752 3085 Domini,

2186 3132 2469 3188 precemur
2499 3134 2595 3189 pro
2634 3118 2699 3173 iis
2738 3119 2825 3189 qui
2865 3118 3019 3173 nobis
3064 3117 3285 3186 injurias
3335 3114 3589 3169 inferunt.
3644 3113 3755 3168 Hoc

2187 3209 2329 3263 enim
2357 3209 2508 3263 nobis
2545 3223 2787 3278 magnam
2819 3209 3023 3278 parabit
3064 3207 3387 3274 mercedem,
3413 3215 3467 3262 et
3503 3205 3757 3260 concedet

2188 3299 2376 3369 dignos
2427 3298 2565 3354 effici
2614 3314 2780 3370 regno
2834 3299 3085 3354 caalorum
3116 3316 3128 3351 :
3157 3299 3295 3369 quod
3351 3298 3505 3352 nobis
3560 3299 3755 3352 utinam

2189 3389 2527 3455 concedatur,
2560 3390 2726 3460 gratia
2758 3399 2813 3445 et
2842 3390 3166 3459 benignitate
3192 3391 3398 3445 Domini
3426 3391 3590 3444 nostri
3630 3389 3754 3443 Jesu

2189 3480 2406 3548 Christi,
2439 3483 2521 3534 cui
2566 3496 2685 3536 cum
2740 3482 2895 3536 Patre
2920 3495 2972 3537 et
3000 3492 3186 3537 sancto
3232 3482 3434 3553 Spiritu
3475 3480 3750 3552 sitgloria,

2190 3571 2492 3640 imperium,
2524 3572 2713 3638 honor,
2746 3588 2887 3627 nunc
2910 3582 2964 3628 et
2989 3587 3201 3644 semper
3221 3613 3236 3640 ,
3268 3581 3323 3629 et
3360 3574 3411 3629 in
3439 3578 3628 3629 smcula
3657 3584 3755 3626 sa:-

2190 3663 2451 3718 culorum.
2483 3666 2672 3719 Amen.

2735 3778 3013 3833 HOMILIA
3052 3778 3211 3833 LXII.

2194 3884 2263 3942 Et
2292 3888 2414 3943 vidit
2441 3889 2606 3943 Iudas
2630 3888 2844 3943 hominis
2870 3887 3145 3943 Clmnanwi
3185 3890 3374 3958 ﬁliam,
3406 3905 3517 3961 quas
3555 3891 3763 3945 vocaba-

2264 3987 2345 4032 tur
2374 3978 2528 4046 Sava,
2562 3989 2608 4033 et
2636 3980 2778 4034 duxit
2814 3996 2924 4034 eam
2948 4021 2963 4047 ,
2986 3989 3030 4034 et
3055 3980 3307 4050 ingressus
3343 3990 3416 4036 est
3442 3982 3510 4036 ad
3534 3998 3643 4036 eam
3669 3997 3687 4036 :
3711 3992 3757 4035 et

2264 4070 2551 4139 concipiens
2598 4071 2787 4142 peperit
2820 4071 3003 4140 ﬁlium,
3032 4080 3078 4125 et
3110 4072 3301 4126 vocavit
3342 4089 3522 4127 nomen
3547 4075 3656 4143 ejus
3688 4071 3763 4127 Er

2269 4161 2421 4231 (Gen.
2455 4161 2542 4216 ss.
2569 4162 2624 4215 ε.
2649 4161 2725 4232 3).

2269 4297 2321 4349 1.
2362 4295 2501 4349 Satis
2524 4310 2691 4363 nuper
2714 4310 2781 4349 ex
2811 4294 3031 4349 historia
3054 4292 3249 4364 Ioseph
3273 4293 3570 4358 didicimus,
3595 4309 3765 4363 quan-

2202 4398 2311 4443 tum
2335 4387 2513 4441 damni
2538 4396 2785 4445 nascatur
2805 4402 2868 4439 ex
2895 4385 3110 4450 invidia,
3139 4394 3192 4440 et
3219 4383 3483 4455 quomodo
3503 4386 3767 4454 pernicio-

2198 4493 2292 4533 sus
2322 4478 2411 4532 ille
2453 4476 2670 4531 morbus
2715 4477 2945 4531 animam
2974 4476 3201 4545 primum
3235 4482 3558 4543 corrumpat,
3583 4488 3615 4528 a
3660 4490 3763 4543 qua

2200 4569 2453 4625 nascitur.
2500 4568 2719 4623 Vidistis
2767 4567 3033 4638 quomodo
3078 4582 3174 4636 per
3221 4565 3357 4619 hanc
3399 4564 3764 4635 aegritudinem

2202 4659 2391 4715 fratres
2431 4657 2632 4728 Joseph
2675 4668 2729 4713 et
2770 4658 3100 4729 cognationis
3124 4657 3272 4711 obliti
3298 4664 3455 4721 sunt,
3485 4667 3541 4711 et
3569 4657 3765 4711 bestia-

2203 4766 2320 4806 rum
2339 4750 2705 4805 crudelitatem
2741 4763 2864 4819 erga
2905 4762 3024 4802 eum
3052 4748 3141 4817 qui
3168 4748 3219 4800 in
3247 4746 3391 4800 nullo
3419 4747 3563 4815 ipsos
3602 4746 3768 4801 offen-

2203 4842 2395 4907 derat,
2424 4849 2798 4903 exercucrunt,
2832 4838 3084 4893 malitiam
3130 4838 3348 4905 quidem
3398 4852 3547 4891 suam
3594 4838 3769 4905 potius

2202 4934 2537 4990 manifestam
2578 4932 2879 4994 reddentes,
2933 4945 3092 5000 quam
3140 4929 3286 4985 fratri
3337 4938 3610 4984 nocentes.
3666 4928 3768 4982 Ila-

2203 5027 2311 5081 litia
2357 5026 2497 5081 enim
2552 5038 2647 5079 sua
2699 5022 2852 5076 fratri
2905 5036 3004 5076 suo
3056 5035 3161 5075 non
3209 5028 3413 5073 tantum
3454 5029 3767 5078 nocuerunt,

2204 5126 2460 5186 quantum
2529 5115 2733 5183 seipsos
2801 5111 3087 5182 ignominia
3158 5109 3467 5164 affecerunt.
3520 5108 3651 5163 Nam
3703 5107 3767 5161 li-

2205 5218 2290 5262 cet
2360 5206 2596 5261 barbaris
2666 5221 2787 5261 eum
2865 5203 3200 5259 vendiderint
3232 5242 3247 5267 ,
3320 5211 3375 5257 et
3430 5202 3506 5255 illi
3580 5201 3770 5254 iterum

2206 5297 2538 5352 vendiderint
2612 5295 2965 5365 archimagiro
3016 5293 3350 5360 Pharaonis,
3429 5290 3772 5345 nihilominus

2206 5390 2325 5459 quia
2392 5387 2571 5441 habuit
2632 5401 2919 5454 supernum
2988 5384 3243 5440 auxilium
3280 5424 3295 5447 ,
3349 5398 3381 5436 a
3436 5396 3541 5450 quo
3613 5381 3777 5449 juva-

2209 5481 2365 5535 batur
2396 5522 2410 5546 ,
2467 5479 2641 5532 omnia
2709 5479 2809 5547 ipsi
2855 5477 2990 5532 levia
3034 5486 3091 5531 et
3142 5476 3313 5530 facilia
3357 5475 3466 5529 visa
3511 5483 3653 5528 sunt.
3709 5472 3773 5526 Et

2269 5618 2342 5677 (a)
2377 5614 2710 5677 archimagiro,
2733 5613 2776 5661 id
2804 5621 2904 5673 est,
2930 5611 3135 5674 principi
3167 5622 3457 5673 coquerum;
3480 5608 3676 5670 Vulgata
3701 5617 3787 5656 ve-

2210 5672 2287 5737 ro,
2309 5672 2535 5739 magistro
2554 5672 2774 5724 nit'litum.
