4168 6264
427 325 523 383 551

422 440 590 493 Ὅταν
614 437 723 510 7&9
752 440 849 510 τῆς
885 438 1089 494 ἀνωθεν
1123 437 1335 501 εὐνοίας
1378 438 1762 510 ἀπολαύωμεν,
1795 438 1899 492 κᾶν
1944 440 2001 491 ἐν

422 517 572 589 μέσῳ
599 517 891 589 βαρϐάρων
926 512 1099 590 ὦμεν,
1130 518 1233 572 κᾶν
1263 519 1351 572 ἐπ’
1384 518 1689 589 ἀλλοτρίας,
1717 517 1825 571 τῶν
1863 517 2001 570 οἶκοι

414 598 798 671 διατριϐόντων
864 600 961 653 καὶ
1023 602 1199 672 πάσης
1256 600 1638 655 ἀπολαυόντων
1704 598 2001 671 θεραπείας

418 682 640 751 ἄμεινον
664 681 872 750 διάγειν
904 683 1199 753 δυνάμεθαο
1229 684 1419 754 ῶσπερ
1446 684 1551 738 κᾶν
1583 684 1675 737 ἐπὶ
1700 683 1797 753 τῆς
1822 682 2000 745 οἰκίας

417 765 803 835 διατρίϐωμεν,
828 767 932 821 κᾶν
963 769 1142 839 πάσης
1162 767 1703 831 ἀνέσεωςάπολαύειν
1733 766 1998 835 δοκῶμεν,

418 848 615 918 ἔρημοι
651 848 708 901 δὲ
745 843 896 919 ὦμεν
926 850 1025 921 τῆς
1050 852 1257 906 ἀνωθεν
1279 851 1548 922 βοηθείας,
1582 852 1799 904 πάντων
1833 850 2000 919 ἐσμὲν

419 931 789 1003 ἐλεεινότεροι.
823 934 995 1005 Πολλὴ
1017 936 1125 1006 γὰρ
1157 936 1251 989 καὶ
1278 937 1375 1005 τῆς
1408 934 1608 1004 ἀρετῆς
1637 935 1668 1004 ή
1703 934 1878 1002 ἰσχὺς,
1905 933 2001 985 καὶ

418 1017 518 1084 τῆς
550 1016 748 1079 κακίας
776 1018 809 1088 ή
841 1019 1111 1072 ἀσθένεια·
1144 1019 1419 1072 καὶτοῦτο
1452 1018 1689 1088 μάλιστα
1728 1016 1999 1069 δείκνυσιν

417 1100 551 1167 ⁴ήμῖν
577 1098 715 1169 αὓτη
746 1101 779 1170 ή
807 1103 865 1153 ἐν
894 1103 1082 1173 χερσὶν
1118 1101 1349 1172 ἱστορία.
1384 1102 1550 1165 Τίνας
1575 1102 1701 1172 γὰρ,
1730 1100 1853 1153 είπέ
1883 1116 1995 1169 μοι,

419 1180 687 1245 ἐλεεινοὺς
730 1184 824 1236 καὶ
870 1186 1080 1255 μυρίων
1112 1184 1363 1256 δακρύων
1400 1184 1582 1248 ἀξίους
1610 1184 1836 1255 κρίνεις,
1871 1184 1999 1247 τοὺς

420 1264 656 1318 τοσαῦτα
678 1266 823 1319 κακά
854 1268 1263 1339 ἐργασαμένους
1296 1268 1385 1321 τὸν
1418 1268 1665 1337 ἀδελφὸν,
1700 1268 1732 1338 ἢ
1768 1268 1860 1320 τὸν
1892 1268 1999 1320 ὑπὸ

416 1348 483 1415 τῇ
528 1346 742 1417 δουλεία
795 1348 904 1401 τῶν
948 1350 1240 1420 βαρϐάρων
1297 1351 1692 1421 γεγενημένονς
1746 1349 1997 1419 Δηλονότι

416 1429 658 1493 τούτους.
706 1433 907 1486 Ἐννόει
934 1435 1041 1507 γάρ
1070 1452 1160 1506 μοι
1196 1434 1381 1488 λοιπὸν
1409 1435 1499 1489 τὸν
1524 1434 1827 1506 θαυμάσιον
1852 1436 1997 1487 ἐκεῖ·

417 1529 527 1576 νον,
557 1516 648 1568 τὸν
672 1516 809 1585 μετά
842 1519 1110 1589 τοσαύτης
1130 1517 1451 1590 δορυφορίας
1481 1516 1880 1591 ἀνατραφέντα,
1903 1520 1997 1572 καὶ

417 1594 524 1648 ὑπὸ
557 1600 677 1660 ταῖς
708 1599 975 1666 ἀγκάλαις
1004 1602 1126 1664 ταῖς
1153 1604 1444 1672 πατρικαῖς
1480 1602 1741 1672 διηνεκῶς
1774 1618 1998 1672 γεγενη-

418 1678 599 1749 μένον,
632 1680 828 1753 ἀθρόον
852 1683 1295 1754 ἀναγκαζόμενον
1332 1685 1576 1739 δουλείαν
1616 1686 1855 1757 χαλεπὴν
1896 1686 1998 1754 ὑφ·-

417 1761 684 1827 ίστασθαι,
715 1765 809 1818 καὶ
837 1765 1077 1821 δουλείαν
1108 1769 1259 1840 παρά
1290 1769 1584 1841 βαρϐάροις
1622 1771 1867 1841 ἀνδράσι,
1903 1769 1997 1822 καὶ

414 1842 619 1914 θηρίων
647 1847 797 1900 οὐδὲν
825 1850 1047 1919 ἄμεινον
1067 1851 1449 1922 διακειμένοις.
1482 1853 1621 1905 Ἀλλ’
1647 1856 1676 1906 ό
1696 1854 1805 1905 τῶν
1826 1852 1998 1905 ἀπάν-

411 1945 518 1981 των
546 1930 819 2009 Δεσπότης
850 1927 918 2003 ἧν
944 1935 972 1986 ό
1003 1935 1097 1987 καὶ
1122 1935 1364 1997 ἐκείνους
1404 1936 1648 2006 ἡμέρους
1693 1935 1997 2009 ἐργαζόμε-

411 2027 524 2075 νος,
564 2006 805 2083 κάκείνιμ
832 2014 1035 2085 πολλὴν
1070 2016 1249 2080 διδοὺς
1277 2018 1374 2088 τὴν
1403 2019 1700 2088 ὑπομονήν.
1727 2006 1837 2072 Καὶ
1860 2019 1998 2070 ἀπο-

410 2092 625 2162 δόμενοι
681 2094 770 2147 τὸν
820 2096 1070 2165 ἀδελφὸν,
1121 2098 1197 2160 ὼς
1252 2099 1329 2159 είς
1372 2099 1525 2163 τέλος
1566 2100 1866 2168 ἀγαγόντες
1906 2099 1996 2152 τὸν

410 2176 609 2229 οἰκεῖον
646 2176 869 2237 σκοπὸν,
901 2176 1045 2229 οὕτω
1064 2177 1249 2232 λοιπὸν
1276 2179 1558 2247 διέκειντο,
1585 2182 1827 2235 ἐκποδὼν
1849 2200 1998 2252 ποιη-

414 2262 645 2329 σάμενοι
666 2261 757 2312 τὸν
782 2261 873 2313 ὑπ’
900 2261 1081 2314 αὐτῶν
1104 2262 1486 2333 φθονούμενον.
1525 2266 1873 2336 Ἀνέστρεψε
1904 2268 1994 2333 δὲ,

412 2345 569 2412 φησὶ,
616 2342 1022 2411 Ῥουϐὴνιέπὶ
1044 2345 1149 2399 τὸν
1171 2345 1423 2411 λάκκον,
1457 2349 1555 2402 καὶ
1600 2353 1714 2418 οὐχ
1743 2350 1853 2419 ὁρᾷ
1890 2352 1998 2406 τὸν

425 2426 660 2494 Ἰωσήςρο
700 2426 799 2479 καὶ
837 2426 1109 2496 διέρρηξε
1155 2432 1228 2483 τὰ
1282 2431 1479 2500 ἱμάτια
1520 2433 1726 2497 αὐτοῦ,
1755 2434 1855 2486 καὶ
1892 2435 1996 2490 ἀν-

411 2507 673 2576 έστρεψε
700 2510 848 2575 πρὸς
872 2510 1015 2575 τοὺς
1035 2511 1335 2581 ἀδελφοὺς
1369 2515 1575 2577 αὐτοῦ,
1609 2516 1707 2568 καί
1734 2512 1883 2569 εἷπε·
1925 2516 1993 2572 Τό

412 2591 730 2660 παιδάριον
751 2595 862 2647 οὐκ
882 2593 1072 2658 ἐστιν,
1103 2594 1218 2663 ἐγὼ
1240 2594 1307 2647 δὲ
1337 2596 1454 2649 ποῦ
1480 2599 1844 2667 πορεύσομαι
1871 2598 1992 2662 ἔτι;

425 2675 643 2745 Ἐπειδὴ
679 2677 786 2746 γὰρ
812 2676 1047 2739 ἐδίδαξεν
1076 2676 1379 2749 ἀνωτέρωή
1414 2678 1531 2733 θεία
1566 2682 1776 2753 Γραφὴ,
1801 2683 1882 2734 ὅτι
1907 2681 1995 2735 διά

410 2757 569 2811 τοῦτο
602 2759 986 2812 συνεϐούλευσε
1020 2761 1246 2830 Ῥουϐὴν
1266 2764 1345 2825 είς
1368 2763 1458 2815 τὸν
1484 2762 1684 2817 λάκκον
1705 2768 1797 2818 τὸν
1827 2765 1992 2819 αὑτοῦ

409 2842 638 2911 ἀδελφὸν
665 2844 1021 2914 ἐμϐληθῆναι,
1047 2843 1188 2898 ὥστε
1220 2845 1311 2899 καὶ
1344 2846 1452 2899 τῶν
1482 2849 1680 2919 χειρῶν
1711 2851 1873 2903 αὑτὸν
1902 2853 1987 2917 ἐξ-

409 2924 626 2978 ελέσθαι
660 2926 767 2980 τῶν
792 2928 1174 2996 φονικῶν,,καὶ
1210 2928 1501 2982 ἀποδοῦναι
1541 2930 1618 3001 τῷ
1659 2933 1841 3004 πατρί’
1876 2935 1990 3002 νῦν,

409 3010 596 3079 φησὶν,
634 3008 778 3075 ίδὼν,
810 3011 893 3062 ὃτι
934 3012 1200 3084 διήμαρτε
1241 3013 1335 3067 105
1378 3015 1603 3082 σκοποῦ,
1635 3017 1888 3089 διέρρηξε
1924 3020 1995 3073 τὰ

411 3092 603 3161 ἱμάτια
643 3093 830 3157 αὐτοῦ,
869 3096 963 3149 καὶ
996 3090 1137 3149 εἶπε·
1183 3096 1253 3149 Τὸ
1294 3098 1610 3166 παιδάριον
1647 3103 1757 3154 οὐκ
1798 3104 1991 3169 ἐστιν,

406 3174 521 3244 ἐγὼ
550 3175 617 3227 δὲ
655 3175 774 3229 ποῦ
799 3180 1167 3248 πορεύσομαι
1191 3179 1317 3245 En;
1359 3180 1543 3244 Ποίαν,
1575 3183 1759 3253 φησὶν,
1797 3185 1992 3257 ἕξομεν

406 3258 722 3325 ἀπολογίαν,
774 3259 870 3312 καὶ
915 3260 1152 3330 μάλιστα
1210 3263 1238 3315 ὁ
1281 3262 1452 3315 δοκῶν
1490 3264 1643 3333 ὑμῶν
1691 3270 1991 3338 πρωτεύειν

405 3342 550 3411 ἐγώ;
586 3343 831 3413 Ἐνόμιζε
858 3344 968 3415 γὰρ
1000 3345 1161 3399 αὐτὸν
1192 3346 1516 3419 ἀνῃρῆσθαι.
1556 3349 1692 3401 Ἀλλ’
1717 3352 1903 3423 ἐπειδὴ
1932 3354 1992 3406 τὸ

408 3427 843 3496 σπουδαζόμενον
874 3430 1057 3492 αὐτοῖς
1098 3430 1364 3498 ἐγεγόνει,
1402 3432 1493 3483 καὶ
1521 3432 1613 3485 τὸν
1662 3435 1989 3505 μισούμενον

405 3511 486 3572 εις
534 3510 634 3579 τὴν
672 3509 963 3579 ἀλλοτρίαν
1000 3511 1315 3582 ἐξέπεμψαν
1354 3515 1477 3584 γῆν,
1528 3517 1622 3569 καὶ
1663 3518 1753 3570 τὸν
1795 3520 1987 3586 φθόνον

403 3595 495 3646 τὸν
524 3596 723 3647 οἰκεῖον
751 3593 923 3657 οθτως
948 3594 1295 3666 ἠδυνήθησαν
1326 3602 1848 3673 παραμυθήσασθαι,
1876 3612 1986 3657 λοι-

404 3678 505 3729 πον
537 3678 717 3731 πᾶσαν
753 3679 1001 3748 μηχανὴν
1033 3679 1453 3745 ἐπιδείκνυνται,
1500 3683 1639 3736 ὥστε
1675 3689 1986 3757 παρακρού-

406 3762 603 3813 σασθαι
632 3762 723 3814 τὸν
752 3762 983 3831 πατέρα,
1013 3763 1103 3814 καὶ
1134 3764 1207 3831 μὴ
1234 3765 1533 3834 κατάδηλον
1559 3768 1708 3837 αὐτῷ
1732 3771 1985 3837 γενέσθαι

402 3846 501 3915 τὴν
529 3845 705 3913 κακὴν
734 3845 1074 3913 συμφωνίαν.
1116 3846 1226 3898 Καὶ
1262 3848 1626 3915 σφάξαντες,
1658 3854 1842 3921 φησὶν,
1871 3855 1987 3923 έρι-

403 3946 523 3997 por
547 3925 750 3995 αίγῶν,
770 3930 867 3979 καὶ
884 3928 1264 3996 μολύναντες
1288 3930 1395 3982 τὸν
1413 3932 1633 3997 χιτῶνα
1658 3934 1737 3999 τῷ
1762 3937 1981 4005 αἵματι,

403 4011 769 4077 εἰσήνεγκαν
794 4010 873 4076 τῷ
896 4009 1072 4076 πατρὶ
1104 4008 1322 4077 αὐτῶν,
1352 4014 1447 4068 καί
1471 4011 1655 4069 εἷπον.
1676 4016 1984 4089 Ἐπίγονωθι

403 4098 453 4149 εί
494 4093 677 4163 χιτὼν
706 4092 814 4146 τοῦ
856 4092 991 4146 υἱοῦ
1031 4094 1145 4147 σού
1180 4094 1369 4159 ἐστιν,
1416 4096 1455 4164 ἣ
1495 4096 1587 4149 οὔ.
1638 4098 1680 4149 Τ
1685 4098 1701 4150 ί
1738 4101 1982 4156 ἀπατᾶτε

404 4176 651 4242 ἐαυτοὺ·,
686 4170 730 4229 ὦ
769 4175 1022 4246 ἀνόητοι;
1052 4176 1169 4229 Κᾶν
1201 4175 1308 4248 γάρ
1338 4178 1429 4231 τὸν
1469 4180 1682 4251 πατέρα
1719 4183 1981 4257 δυνηθῆτε

405 4260 913 4332 παρακρούσασθαι,
958 4260 1092 4315 ἀλλά
1130 4262 1219 4315 τὸν
1262 4261 1559 4332 ἀκοίμητον
1598 4264 1876 4338 ὀφθαλμὸν
1918 4271 1979 4323 οὺ

402 4346 653 4417 λήσεσθε,
678 4344 737 4397 ὃν
768 4344 1001 4414 μάλιστα
1028 4344 1243 4398 πάντων
1265 4343 1558 4397 δεδοικέναι
1593 4349 1782 4419 ἐχρῆν.
1824 4352 1983 4406 Ἀλλὰ

401 4428 641 4483 τοιοῦτον
688 4429 720 4498 ἡ
768 4425 1082 4496 ἀνθρωπίνη
1130 4426 1310 4495 φύσις.
1347 4428 1545 4496 μᾶλλον
1585 4430 1641 4482 δὲ
1678 4432 1975 4508 τοιοῦτονή

407 4511 646 4583 ῥᾳθυμία
668 4509 776 4562 τῶν
799 4508 1025 4562 πολλῶνο
1057 4509 1148 4561 τὸν
1175 4509 1325 4577 παρά
1354 4510 1460 4561 τῶν
1488 4511 1790 4581 ἀνθρώπων
1818 4518 1978 4586 φόϐον

404 4594 499 4645 καὶ
527 4594 626 4663 τὴν
664 4592 867 4644 τούτων
910 4592 1172 4660 αἰσχύνην
1214 4589 1362 4662 [590]
1403 4592 1499 4662 τὴν
1540 4595 1675 4663 πρὸς
1706 4599 1768 4650 τὸ
1806 4603 1979 4671 παρὸν

409 4675 566 4743 μόνον
613 4675 741 4742 περὶ
779 4672 973 4724 πολλοῦ
1024 4672 1353 4741 ποιούμενοι,
1394 4675 1453 4729 οὑ
1483 4676 1847 4745 λαμϐάνουσιν
1890 4685 1977 4737 ἐν·

404 4772 552 4810 νοιαν
579 4753 673 4806 τοῦ
705 4754 1054 4825 δικαστηρίου
1088 4755 1296 4807 ἐκείνου
1322 4755 1416 4808 105
1452 4760 1703 4830 φοϐεροῦ,
1746 4766 1839 4818 καὶ
1875 4767 1976 4836 τῆς

404 4839 677 4899 κολάσεως
694 4837 793 4905 τῆς
815 4838 1109 4907 ἀφορήτου,
1130 4838 1242 4891 ἀλλ’
1256 4838 1371 4902 ἐνὸς
1395 4841 1555 4909 μόνου
1578 4844 1835 4912 γίνονται,
1859 4850 1978 4915 πῶς

401 4925 503 4993 τὴν
528 4920 681 4991 παρὰ
706 4921 815 4972 τῶν
834 4920 1147 5001 ,ἀνθρώπων
1184 4922 1388 4993 μέμψιν
1425 4924 1705 4995 διαφυγεῖν
1734 4930 1977 5001 δυνηθῶ-

405 5023 509 5059 σινο
539 5005 567 5058 ὃ
590 5005 654 5075 δὴ
680 5004 774 5057 καὶ
798 4999 939 5057 οὗτοι
960 5005 1280 5073 πεπόνθασι,
1306 5009 1397 5061 καὶ
1422 5010 1513 5062 τὸν
1535 5013 1743 5084 πατέρα
1764 4999 1977 5088 ἀπατᾷν

401 5088 786 5158 ἐπιχειροῦσιν.
842 5086 1095 5155 Ἐπέγνω
1146 5089 1275 5158 γὰρ,
1326 5093 1478 5162 φησὶ,
1522 5094 1628 5148 τὸν
1672 5097 1892 5165 χιτῶνα
1924 5086 1978 5155 7d

401 5170 617 5236 πατὴρ,
653 5171 748 5222 καὶ
783 5166 931 5223 εἷπε·
956 5170 1144 5224 Χιτὼν
1166 5173 1271 5225 τοῦ
1294 5175 1425 5228 υἱοῦ
1448 5178 1567 5244 ,ιιού
1594 5179 1745 5232 ἐστι·
1771 5183 1983 5250 θηρίον

401 5252 669 5319 πονηρὸν
711 5253 1041 5321 κατέφαγεν
1089 5255 1294 5320 αὐτόν,
1331 5260 1538 5324 θηρίον
1591 5261 1823 5328 ἥρπασε
1870 5268 1983 5321 τὸν·

413 5334 645 5404 Ἰωσήφ.
680 5335 790 5389 Καὶ
824 5335 931 5405 γάρ
963 5335 1197 5405 ἀληθῶς,
1230 5339 1479 5412 καθάπερ
1507 5343 1712 5414 θηρίοις
1744 5364 1979 5417 περιπε-

402 5418 530 5484 σὼν,
562 5417 736 5481 οὕτως
763 5419 1004 5488 ἀνηλεῶς
1036 5420 1250 5474 ἅπαντα
1286 5424 1564 5494 ὑπέμεινε.
1595 5428 1874 5497 Διέρῤηξε
1911 5434 1979 5490 δὲ

398 5502 472 5587 τὰ
526 5501 722 5587 ίμάτια
768 5501 976 5587 αὐτοῦ,
1006 5504 1115 5587 καὶ
1165 5505 1407 5561 ἐπέθετο
1455 5509 1689 5566 σάκκον
1725 5514 1827 5568 ἐπὶ
1864 5519 1979 5587 τὴν

632 5584 839 5671 αύτοῦ,
865 5584 961 5671 καὶ
992 5586 1226 5671 ἐπένθει
1255 5589 1361 5643 τὸν
1384 5592 1519 5646 υἱὸν
1540 5596 1724 5649 αὑτοῦ
1747 5583 1975 5671 ἡμέρας

398 5666 653 5759 πολέας.
675 5668 864 5759 Πόσων
892 5667 958 5759 ἀν
985 5664 1094 5722 εἷεν
1115 5663 1260 5726 οὗτοι
1291 5672 1539 5747 δακρύων
1576 5678 1735 5746 ἄξιοι,
1766 5663 1976 5759 οὑχ-δά

396 5745 487 5797 τὸν
509 5744 731 5815 ἀδελφὸν
758 5749 868 5810 τοῖς
897 5747 1190 5821 βαρϐάροις
1210 5744 1525 5826 πεπράκασι
1550 5744 1729 5829 μόνον,
1751 5764 1811 5816 ἀλ
1829 5744 1873 5820 λζ
1894 5768 1974 5823 ὅτι

460 5888 482 5918 ⁸
506 5892 651 5945 Sari].
676 5890 858 5957 ubique
885 5894 1045 5947 scribit
1080 5896 1300 5965 Ῥουϐείμ

1396 324 1462 379 IN
1495 323 1647 381 CAP.
1690 322 1950 380 XXXVIII
1985 322 2231 380 GENES.
2274 322 2505 380 IIOMIL.
2546 322 2708 381 LXII.

3579 327 3701 385 57.2“

2108 438 2201 491 καὶ
2222 437 2314 490 τὸν
2337 438 2550 509 πατέρα
2582 439 2638 490 ἐν
2668 435 2881 508 ἐσχάτῳ
2905 436 2974 507 γή
2986 453 3052 508 ρα
3080 434 3264 490 λοιπὸν
3292 434 3421 491 ὄντα
3449 434 3686 508 τοσούτῳ

2108 520 2292 574 πένθει
2312 520 2668 591 περιέϐαλον;
2698 518 3101 589 Συνήχθησαν
3125 519 3211 585 δὲ,
3238 520 3422 590 φησὶν,
3450 520 3567 572 υἱοὶ
3586 523 3685 572 αὑι

2104 603 2211 657 τοῦ
2256 604 2354 659 καὶ
2401 607 2459 656 αἱ
2502 602 2820 671 θυγατέρες
2875 602 3287 671 παρακαλέσαι
3334 602 3538 667 αὐτὸν,
3585 603 3682 655 καί

2105 688 2215 738 οὐκ
2254 686 2456 753 ἤθελε,
2510 685 2707 754 λέγων
2747 685 2858 737 ὅτι·
2909 685 3330 754 Καταϐήσομαι
3378 684 3527 752 πρὸς
3578 683 3684 738 τὸν

2104 771 2239 823 υἱόν
2264 788 2384 838 μου
2415 769 2651 822 πενθῶν
2673 771 2761 835 είς
2782 768 2952 835 ᾅδου.

2175 858 2234 905 ε’.
2276 848 2442 921 Οἶμαι
2466 853 2561 905 καὶ
2592 851 2750 904 10510
2781 852 2995 922 πληγὴν
3024 852 3214 923 ἐτέραν
3255 852 3480 915 ἐκείνοις
3520 866 3695 919 γεγεο

2104 933 2317 1003 νῆσθαι.
2358 933 2575 1004 Ἐώρων
2604 934 2710 1003 γάρ
2750 934 2831 987 ὃτι
2875 934 2969 986 καὶ
3005 935 3140 1005 πρὸς
3173 934 3265 987 τὸν
3313 935 3387 1004 μὴ
3420 934 3697 1004 παρόντα,

2106 1016 2308 1086 μᾶλλον
2360 1016 2417 1068 δέ
2449 1017 2541 1068 καὶ
2579 1017 2933 1087 νομιζόμενον
2982 1018 3088 1070 ὑπὸ
3122 1018 3327 1087 θηρίων
3354 1016 3685 1088 ἀνῃρῆσθαι,

2101 1098 2273 1160 οὕτως
2307 1098 2623 1168 ἀκμάζοντα
2659 1099 2749 1151 τὸν
2782 1100 2942 1153 πόθον
2977 1100 3363 1161 ἐπιδείκνυται,
3397 1102 3490 1153 καὶ
3523 1099 3683 1151 πλέον

2104 1181 2209 1233 ὑπὸ
2233 1180 2326 1233 τοῦ
2352 1180 2545 1249 φθόνου
2570 1182 2951 1251 κατετήκοντο.
2981 1182 3118 1235 Ἄλλ⁹
3142 1176 3284 1234 οὗτοι
3311 1183 3406 1252 μὲν
3428 1182 3520 1233 καὶ
3549 1181 3701 1252 πρὲιςΔ

2101 1266 2191 1318 τὸν
2241 1264 2467 1335 ἀδελφόν
2514 1266 2609 1318 καὶ
2666 1265 2803 1336 πρὸς
2842 1267 2933 1318 τὸν
2972 1266 3181 1336 πατέρα
3223 1266 3363 1335 ώμοὶ
3403 1266 3683 1332 γεγονότες

2100 1350 2356 1419 οὐδεμιᾶς
2396 1348 2461 1401 ἂν
2494 1342 2603 1400 εἶεν
2638 1347 2966 1419 συγγνώμης
2998 1348 3156 1412 ἄξιοι·
3189 1351 3237 1400 οἱ
3271 1348 3325 1399 δὲ
3357 1348 3685 1416 Μαδιηναῖοι

2101 1433 2196 1485 καὶ
2230 1433 2383 1486 αὐτοὶ
2422 1430 2582 1484 πάλιν
2619 1431 2948 1503 ὑπηρετοῦσι
2986 1434 3049 1502 τῇ
3085 1430 3178 1484 105
3210 1430 3343 1483 Θεοῦ
3383 1429 3682 1501 οίκονομία,

2101 1517 2194 1571 καὶ
2234 1516 2395 1568 πάλιν
2434 1514 2773 1568 ἀποδίδονται
2812 1516 2901 1567 τὸν
2952 1514 3148 1584 Ἰωσὴφ
3174 1515 3425 1585 Πετεφρῇ
3468 1512 3546 1584 τῷ
3587 1515 3685 1584 ἀρ-

2099 1599 2407 1669 χιμαγείρῳ
2447 1599 2541 1651 105
2584 1597 2801 1669 Φαραώ.
2850 1589 3002 1663 Εἶδες
3036 1600 3151 1661 πῶς
3181 1598 3283 1669 ὁδῷ
3318 1598 3457 1651 κατά
3490 1598 3682 1667 μικρδν

2100 1682 2336 1751 πρόεισι,
2377 1680 2470 1733 καὶ
2499 1681 2585 1733 διά
2616 1682 2833 1735 πάντων
2868 1681 2965 1750 τὴν
3001 1681 3205 1734 οἰκείαν
3233 1682 3432 1752 ἀρετὴν
3462 1680 3554 1732 καὶ
3585 1679 3681 1748 τὴν

2101 1763 2378 1833 ὑπομονὴν
2416 1762 2805 1828 ἐπιδείκνυται,
2862 1764 2927 1817 ἵν’
2968 1763 3110 1816 οὕτω
3153 1763 3403 1834 καθάπερ
3443 1762 3685 1834 ἀθλητής

2099 1846 2363 1912 γενναίως
2416 1846 2849 1915 ἀγωνισάμενος,
2891 1846 3226 1918 ἀναδήσηται
3263 1846 3362 1916 τῆς
3405 1843 3684 1916 βασιλείας

2097 1928 2190 1981 τὸν
2218 1928 2501 1996 στέφανον,
2526 1930 2620 1982 καὶ
2652 1928 2759 1981 τῶν
2784 1929 3076 2000 ὀνειράτων
3107 1931 3139 1999 ὴ
3168 1928 3392 1991 ἔκϐασις
3418 1931 3497 1992 είς
3525 1930 3687 1998 ἔργον

2098 2011 2411 2077 ἐξελθοῦσα,
2434 2011 2502 2064 δι’
2528 2011 2696 2081 αὐτῆς
2720 2012 2818 2081 τῆς
2841 2012 3037 2083 πείρας
3057 2011 3244 2084 διδάξῃ
3263 2012 3389 2074 τοὺς
3411 2010 3685 2082 πεπρακό-

2099 2112 2217 2157 τας,
2272 2094 2347 2156 ώς
2388 2094 2538 2147 οὐδὲν
2589 2094 2770 2157 αὐτοῖς
2817 2093 3006 2162 ὄφελος
3051 2096 3238 2163 γέγονε
3275 2095 3375 2164 τῆς
3415 2092 3684 2163 τοσαύτης

2103 2176 2390 2246 μηχανῆς;
2423 2175 2701 2246 Τοσαύτην
2730 2176 2839 2247 7&9
2869 2178 2902 2246 ή
2932 2176 3099 2247 ἀρετὴ
3125 2177 3238 2246 ἔχει
3274 2177 3373 2247 τὴν
3401 2176 3575 2245 ἰσχὺν,
3605 2174 3683 2238 ὡς

2099 2259 2195 2312 καὶ
2226 2258 2640 2331 πολεμουμένην
2663 2259 2832 2329 αὐτὴν
2864 2259 3176 2329 συμϐαίνειν
3207 2259 3299 2311 ἐπὶ
3334 2258 3493 2310 πλέον
3524 2274 3681 2328 περι-

2099 2342 2437 2412 φανεστέραν
2468 2341 2732 2410 γίνεσθαι.
2758 2342 2921 2395 Οὐδὲν
2945 2341 3053 2411 7&9
3081 2342 3283 2413 ταύτης
3314 2340 3678 2413 ἰσχυρότερον,

2097 2425 2251 2478 οὐδὲν
2285 2424 2453 2495 αὐτῆς
2480 2423 2869 2495 δυνατώτερον·
2900 2426 3000 2478 οὐκ
3026 2424 3217 2495 ἐπειδὴ
3250 2424 3386 2493 αύτὴ
3411 2422 3531 2475 καθ’
3562 2423 3681 2475 ἐαυ·

2095 2508 2194 2579 τὴν
2223 2508 2494 2577 τοσαύτην
2538 2507 2648 2578 ἔχει
2692 2507 2788 2577 τὴν
2822 2509 2995 2578 ίσχυν,
3031 2507 3143 2561 ἀλλ’
3179 2507 3368 2578 ἐπειδὴ
3410 2509 3439 2559 ό
3471 2505 3679 2574 ταύτην

2096 2593 2431 2663 κεκτημένος
2466 2594 2559 2644 καὶ
2604 2593 2701 2662 τῆς
2726 2592 2931 2646 ἀνωθεν
2974 2592 3233 2647 ἀπολαύει
3266 2592 3458 2661 ῥοπῆς·
3496 2591 3594 2661 τῆς
3621 2588 3681 2643 δὲ

2096 2677 2301 2731 ἀνωθεν
2336 2675 2622 2729 ἀπολαύων
2646 2677 2839 2745 ῥοπῆς.
2870 2677 2962 2728 καὶ
2994 2677 3094 2746 τῆς
3122 2676 3331 2729 ἐκεῖθεν
3360 2673 3679 2744 ἀξιούμενος

2098 2754 2434 2824 συμμαχίας,
2459 2755 2676 2807 πάντων
2706 2754 2770 2807 ἂν
2798 2754 2881 2824 εἴη
2917 2755 3302 2825 δυνατώτερος,
3339 2757 3431 2808 καὶ
3455 2754 3681 2824 ἀχείρω-

2095 2854 2205 2900 τος,
2239 2839 2332 2889 καὶ
2365 2836 2637 2900 ἀνάλωτος
2666 2837 2764 2889 οὐκ
2798 2836 3101 2908 ἀνθρώπων
3135 2837 3296 2908 μόνον
3338 2836 3677 2901 ἐπιϐουλαῖς,

2095 2920 2233 2973 ἀλλά
2263 2921 2356 2973 καὶ
2378 2924 2496 2985 ταῖς
2530 2920 2635 2972 τῶν
2663 2920 2931 2989 δαιμόνων
2964 2923 3250 2991 μηχαναῖς.
3279 2923 3455 2992 Ὅπερ
3478 2920 3678 2983 ειδότες

2098 3001 2175 3073 μὴ
2243 3000 2531 3071 φεύγωμεν
2578 3001 2638 3053 τὸ
2688 3001 2877 3063 κακῶς
2923 3002 3174 3071 πάσχειν,
3211 3001 3347 3055 ἀλλά
3392 3002 3451 3054 τὸ
3490 3000 3676 3064 κακῶς

2096 3089 2288 3140 ποιεῖν’
2313 3086 2472 3139 τοῦτο
2496 3086 2603 3156 γάρ
2632 3086 2746 3138 ἐστι
2770 3086 2831 3138 τὸ
2861 3085 3045 3149 κακῶς
3065 3086 3314 3157 πάσχειν.
3351 3087 3411 3138 Ὀ
3443 3086 3553 3157 7&9
3585 3085 3676 3137 τὸν

2094 3169 2319 3238 πλησίον
2349 3168 2535 3231 κακῶς
2555 3168 2816 3222 διαθεῖναι
2847 3167 3163 3239 ἐπιχειρῶν,
3192 3171 3399 3223 ἐκεῖνον
3429 3168 3525 3238 μὲν
3553 3167 3686 3221 ούδέΔ

2092 3251 2227 3313 ὅλως
2248 3249 2606 3319 κατέϐλαψεν·
2631 3251 2679 3302 εἰ
2702 3249 2810 3322 γάρ
2839 3252 2932 3303 καὶ
2953 3250 3087 3322 πρὸς
3114 3251 3290 3319 όλίγον
3312 3248 3688 3318 κατέϐλαψεν..

2092 3334 2151 3386 ἐν
2183 3332 2260 3403 τῷ
2284 3332 2511 3404 παρόντι
2539 3332 2695 3386 αἰῶνι
2726 3333 2884 3387 10510
2922 3334 3239 3404 πεποίηκεν·
3278 3332 3457 3403 ἐαυτῷ
3485 3332 3543 3385 δέ
3573 3330 3675 3395 τὰς

2090 3416 2391 3477 ἀθανάτους
2413 3415 2661 3477 κολάσεις
2683 3415 3023 3486 ταμιεύεται,
3046 3418 3140 3470 καὶ
3162 3417 3260 3480 τὰς
3283 3416 3553 3489 τιμωρίας
3573 3414 3673 3477 τὰς

2091 3500 2416 3569 ἀφορήτους,
2448 3497 2513 3561 ἃς
2534 3498 2633 3550 οὐκ
2664 3498 2730 3551 ἂν
2761 3499 2962 3568 ἑτέρως
2981 3499 3263 3569 διαφυγεῖν
3290 3497 3669 3569 δυνηθείημεν,

2089 3583 2138 3634 εί
2193 3582 2266 3652 μὴ
2314 3581 2837 3651 παρασκευάσαιμεν
2881 3584 3106 3646 ἑαυτοὺς
3154 3583 3401 3651 ἑτοίμους
3445 3582 3581 3653 πρὸς
3612 3580 3690 3634 τὸ⁷

2088 3663 2318 3733 πάσχειν
2336 3662 2539 3725 κακῶς,
2562 3665 2676 3723 καὶ,
2711 3664 2850 3717 κατὰ
2875 3664 2975 3735 τὴν
3004 3664 3222 3735 διδαχὴν
3253 3665 3344 3717 105
3377 3665 3669 3725 Δεσπότου,

2088 3746 2375 3817 εὐχώμεθα
2408 3747 2547 3815 ὑπὲρ
2581 3747 2692 3797 τῶν
2732 3748 2899 3799 ταῦτα
2926 3751 3057 3816 ήμῖν
3098 3749 3465 3802 διατιθέντων.
3502 3747 3674 3800 Τοῦτο

2086 3828 2192 3897 γαρ
2236 3830 2367 3897 ἡμῖν
2417 3828 2585 3879 πολὺν
2620 3829 2941 3898 προξενήσει
2981 3830 3071 3881 τὸν
3113 3829 3326 3898 μισθὸν,
3366 3831 3459 3882 καί¹
3496 3844 3672 3900 παρα-

2090 3910 2342 3961 σκευάσει
2355 3908 2452 3976 τῆς
2478 3907 2587 3959 τῶν
2605 3910 2848 3980 οὐρανῶν
2872 3910 3144 3978 βασιλείας
3162 3911 3475 3982 ἀξιωθῆναι·
3497 3907 3564 3984 ἦς
3583 3914 3672 3981 γέ-

2085 4008 2226 4044 νοιτο
2255 3989 2401 4062 [591]
2424 3991 2632 4055 πάντας
2652 3993 2802 4061 ήμᾶς
2828 3994 3124 4063 ἐπιτυχεῖν,
3154 3996 3336 4066 χάριτι
3358 3998 3453 4049 καὶ
3479 3997 3667 4065 φιλαν⁹

2086 4074 2301 4147 θρωπίᾳ
2334 4074 2426 4127 τοῦ
2458 4076 2661 4146 Κυρίου
2688 4076 2844 4147 ήμῶν
2879 4076 3050 4147 Ἰησοῦ
3074 4077 3333 4149 Χριστοῦ.
3367 4078 3483 4148 μεθ’
3510 4070 3571 4131 οὗ
3592 4078 3689 4150 τῷ.

2086 4158 2272 4227 πατρὶ,
2313 4157 2430 4227 ἅμα
2465 4159 2541 4230 τῷ
2566 4160 2705 4231 ἁγίῳ
2740 4160 3037 4230 Πνεύματι,
3073 4160 3220 4233 δόξα,
3252 4162 3480 4230 κράτος,
3513 4161 3673 4233 τιμὴ,

2083 4240 2177 4294 νῦν
2209 4242 2303 4295 καὶ
2332 4241 2441 4308 ἀεὶ,
2461 4244 2555 4295 καὶ
2586 4245 2665 4307 είς
2690 4244 2815 4307 τους
2845 4244 3044 4308 αἰῶνας
3073 4245 3180 4299 τῶν
3205 4243 3434 4300 αίώνων.
3474 4247 3681 4318 Ἀμήν..

2663 4338 2906 4393 OMIAIA
2937 4339 3058 4398 ΞΒ’.

2080 4438 2189 4511 Καί
2209 4435 2375 4511 εἶδεν
2406 4440 2625 4511 Ἰούδας
2653 4443 2941 4510 θυγατέρα
2967 4443 3281 4511 ἀνθρώπου
3302 4444 3671 4503 Χαναναίου.

2157 4507 2190 4576 ᾖ
2217 4509 2407 4583 ὄνομα
2437 4507 2620 4583 Σαύα,
2656 4507 2755 4583 καὶ
2792 4507 3017 4583 ἐλαϐεν
3038 4507 3253 4581 αυτὴν,
3283 4515 3384 4567 καί
3416 4514 3667 4583 εἰσῆλθε

2151 4578 2308 4648 πρός
2340 4580 2553 4648 αὐτὴν,
2588 4580 2685 4632 καὶ
2719 4582 3120 4635 συλλαϐοῦσα
3146 4578 3352 4636 ἔτεκεν
3375 4578 3671 4648 υἱὸν-,καλ

2150 4646 2415 4701 ἐκάλεσε
2441 4646 2507 4701 τὸ
2536 4648 2721 4718 ὄνομα
2752 4649 2937 4702 αὐτοῦ
2971 4654 3093 4718 Ἦρ.

2150 4744 2222 4791 α’.
2240 4739 2463 4801 ’ἱκανῶς
2483 4740 2631 4809 ἡμᾶς
2661 4738 2852 4811 πρώην
2882 4742 2915 4811 ἡ
2939 4741 3080 4795 κατὰ
3099 4742 3189 4795 τὸν
3223 4743 3421 4814 Ἰωσὴφ
3450 4743 3661 4814 ἱστορία

2080 4821 2292 4890 ἐδίδαξε
2328 4823 2422 4877 105
2459 4824 2652 4892 φθόνου
2687 4824 2785 4893 τὴν
2811 4823 3009 4894 λύμην,
3040 4825 3133 4877 καὶ
3165 4826 3311 4888 ὅπως
3337 4827 3395 4878 τὸ
3420 4826 3662 4897 ὀλέθριον

2078 4906 2240 4959 τοῦτο
2284 4906 2455 4966 πάθος
2498 4905 2594 4977 τὴν
2642 4905 2933 4958 τίκτουσαν
2993 4907 3123 4960 αὐτὸ
3169 4908 3345 4979 ψυχὴν
3398 4910 3669 4981 πρότερον

2083 4988 2402 5057 διαφθείρει.
2446 4989 2553 5040 Καὶ
2588 4988 2756 5040 εἴδετε
2782 4989 2928 5053 ὅπως
2966 4988 3071 5042 ὑπὸ
3106 4990 3297 5044 τούτου
3331 4992 3422 5045 105
3455 4993 3662 5058 πάθους

2085 5071 2435 5141 συσχεθέντες
2462 5075 2510 5124 οἱ
2531 5071 2749 5140 ἀδελφοὶ
2768 5071 2863 5125 105
2895 5073 3088 5143 Ἰωσὴφ
3112 5075 3206 5129 καὶ
3225 5078 3323 5147 τῆς
3345 5077 3661 5145 συγγενείας

2082 5154 2424 5219 ἐπελάθοντο,
2466 5154 2558 5208 καὶ
2608 5154 2810 5225 θηρίων
2854 5155 3059 5226 ἀγρίων
3104 5157 3359 5227 ὠμότητα
3395 5158 3529 5226 πρὸς
3570 5160 3661 5211 τὸν

2081 5238 2229 5290 οὐδὲν
2257 5237 2553 5308 ἠδικηκότα
2580 5238 2940 5305 ἐπεδείξαντο,
2970 5240 3068 5311 τὴν
3101 5241 3198 5310 μὲν
3230 5241 3437 5294 ἐαυτῶν
3462 5242 3660 5295 κακίαν

2081 5320 2301 5390 ἔκδηλον
2333 5321 2715 5391 πεποιηκότες,
2746 5323 2836 5375 τὸν
2868 5322 2925 5376 δὲ
2964 5323 3190 5393 ἀδελφὸν
3218 5324 3377 5376 οὐδὲν
3405 5323 3658 5377 τοσοῦτον

2080 5403 2553 5473 καταϐλάψαντες,
2591 5406 2714 5458 ὅσον
2748 5406 2972 5469 ἑαυτοὺς
3008 5405 3238 5476 αἰσχύνῃ
3284 5404 3667 5477 περιέϐαλλον,

2079 5485 2142 5538 Εἰ
2190 5486 2300 5558 γάρ
2345 5487 2437 5539 καί¹
2480 5486 2775 5561 βαρϐάροις
2822 5487 2982 5541 αὐτὸν
3032 5489 3371 5559 πεπράκασι,
3418 5491 3658 5543 κάκεῖνοι

2040 5596 2043 5599 -
2079 5568 2239 5625 πάλιν
2287 5570 2546 5623 ἀπέδοντο
2587 5570 2666 5641 τῷ
2708 5570 2802 5623 105
2842 5570 3039 5641 Φαραὼ
3088 5570 3488 5643 ἁρχιμαγείρῳ,
3538 5572 3654 5626 ἀλλ’

2079 5652 2230 5722 ὅμως
2264 5652 2447 5724 ἐπειδὴ
2478 5648 2591 5722 εἶχε
2619 5654 2717 5723 τὴν
2750 5652 2955 5706 ἀνωθεν
2986 5651 3132 5721 αὐτῷ
3172 5654 3348 5725 ῥοπὴν
3372 5657 3429 5706 ἐν
3451 5655 3655 5709 ἅπασιν

2082 5735 2447 5805 ἐπαρκοῦσαν,
2484 5737 2659 5790 πάντα
2695 5734 2868 5803 κοῦφα
2899 5735 2991 5788 καὶ
3021 5735 3177 5805 ῥᾴδια
3204 5736 3351 5807 αὐτῷ
3381 5738 3649 5805 ἐφαίνετο.

2084 5820 2190 5871 Καὶ
2230 5819 2526 5889 ἐϐουλόμην
2560 5820 2658 5890 μὲν
2692 5819 2781 5872 καὶ
2813 5820 3047 5890 σήμερον
3076 5820 3173 5891 τῆς
3207 5821 3378 5891 αὐτῆς
3419 5823 3657 5892 ίστορίας

2086 5904 2342 5974 ἀθέατθαι,
2380 5906 2473 5959 καὶ
2505 5902 2753 5958 ἐντεῦθεν
2786 5904 2911 5974 ὑμῖν
2936 5903 3135 5974 ύφᾶναι
3167 5904 3261 5976 τὴν
3284 5904 3649 5961 διδασκαλίαν
