4168 6264
514 323 620 398 533

505 463 622 520 ἀλλ’
652 469 709 518 ἐν
739 466 889 538 μέσῳ
920 469 1080 540 ἑτέρα
1108 487 1192 532 τις
1223 469 1474 538 διήγησις
1497 470 1875 540 παρέγκειται,
1900 471 1966 542 ήν
1993 473 2090 523 ούκ

506 551 654 615 ἀξιον
699 552 1095 621 παραδραμεῖν,
1139 550 1272 604 ἀλλά
1303 554 1398 604 καὶ
1432 553 1621 622 αὐτὴν,
1650 555 1726 616 ὡς
1756 545 1976 618 οἷόντε,
2014 554 2092 606 δι-

505 632 992 702 ερευνησαμένους,
1018 633 1137 685 τότε
1171 633 1330 684 πάλιν
1355 633 1446 686 ἐπὶ
1471 634 1572 703 τὴν
1598 635 1738 688 κατά
1770 635 1859 687 τὸν
1895 634 2091 704 Ἰωσὴφ

505 714 764 768 ὑπόθεσιν
821 715 1011 770 ἐλθεῖν.
1053 716 1118 768 Τί
1161 711 1254 768 οῦν
1299 717 1447 770 ἐστιν
1495 718 1625 787 ή.ἐν
1675 718 1824 788 μέσῳ
1865 717 2092 788 κειμένη

505 799 787 868 διήγησις;
827 799 889 850 Ἢ
921 798 1060 850 κατὰ
1087 798 1176 850 τὸν
1211 799 1432 853 Ἰούδαν.
1473 795 1642 862 Οὗτος
1675 801 1784 871 γάρ
1814 802 2089 872 θυγατέρα

506 881 808 934 Χαναναίου
841 881 1020 932 λαϐὼν
1062 885 1296 948 γυναῖκα
1340 884 1437 953 τὴν
1470 882 1672 948 Σαύαν,
1702 885 1796 936 καὶ
1845 884 2092 956 ἐσχηκὼς

504 963 562 1028 ἐξ
611 963 780 1030 αὐτῆς
809 965 956 1032 τρεῖς
986 963 1199 1026 παῖδας,
1229 963 1409 1026 ἔλαϐε,
1459 967 1612 1035 φησὶ,
1655 965 1731 1036 τῷ
1763 967 2092 1038 πρωτοτόκῳ

505 1047 613 1116 ’Ἦρ
639 1045 738 1114 τὴν
764 1045 960 1116 Θάμαρ
990 1050 1244 1114 γυναῖκα.
1297 1048 1516 1117 Ἐπειδὴ
1558 1049 1614 1100 δέ
1663 1050 1896 1120 πονηρὸς
1917 1050 2090 1122 ἐφάνη

502 1127 742 1179 ἐναντίον
775 1129 1004 1198 Κυρίου,
1038 1129 1356 1182 ἀπέκτεινεν
1405 1131 1567 1183 αὑτὸν
1593 1133 1620 1182 6
1653 1131 1802 1192 Θεός.
1847 1131 1958 1184 Καὶ
1992 1133 2092 1184 ἐπ⁴

503 1211 696 1282 έτρεψε
729 1211 805 1281 τῷ
831 1213 1008 1266 Λύνὲιν
1057 1214 1275 1266 λαϐόντι
1326 1213 1422 1284 τήν
1463 1213 1554 1266 τοῦ
1597 1213 1825 1283 ἀδελφοῦ
1861 1217 2092 1282 γυναῖκα

503 1295 807 1364 ἀναστῆσαι
857 1297 1080 1368 σπέρμα
1123 1297 1200 1366 τῷ
1230 1297 1466 1366 ἀδελφῷ.
1520 1296 1691 1349 Τοῦτο
1735 1296 1842 1365 γὰρ
1867 1299 1895 1350 ὁ
1930 1298 2094 1368 νόμος

505 1376 776 1440 ἐκέλευεν,
821 1377 1048 1432 ἀτέκνου
1089 1377 1444 1440 ἀποθανόντος
1479 1377 1710 1445 ἀδελφοῦ
1747 1378 1838 1430 τὸν
1869 1379 2094 1448 ἀδελφὸν

505 1458 738 1538 λαϐόντα
767 1459 863 1530 τὴν
908 1463 1172 1528 γυναῖκα,
1213 1463 1436 1532 ἀνιστᾷν
1477 1461 1553 1530 τῷ
1593 1460 1806 1531 ἀδελφῷ
1851 1463 2090 1534 σπέρμα.

518 1541 678 1594 Ἀλλά
731 1543 822 1595 καί¹
870 1543 1060 1612 τοῦτον
1107 1544 1342 1614 πονηρδν
1399 1545 1634 1612 φανέντα
1685 1543 2024 1596 ἐθανάτωσεν
2067 1546 2094 1597 ὁ

505 1625 658 1686 Θεός.
695 1625 866 1678 Τοῦτο
911 1627 999 1679 τὸν
1036 1627 1236 1680 Ἰούδαν
1269 1629 1349 1688 εἰς
1396 1627 1559 1695 φόϐον
1607 1627 1935 1696 κατέστησε,
1984 1629 2092 1681 τῶν

503 1709 595 1762 δύο
627 1709 829 1764 παίδων
861 1711 958 1780 τὴν
991 1711 1270 1780 ἀναίρεσιν
1300 1710 1442 1763 οῦτω
1473 1713 1692 1780 ταχεῖαν
1727 1710 2088 1782 θεασάμενον·

505 1793 603 1846 καὶ
641 1793 960 1862 βουλόμενος
1013 1795 1112 1864 τήν
1154 1793 1352 1864 Θάμαρ
1409 1793 1932 1864 παραμυθήσασθαι,
1989 1795 2093 1846 ὑπ-

505 1873 693 1944 έσχετο
722 1875 812 1926 καὶ
839 1874 928 1926 τὸν
957 1873 1040 1926 έτε
1051 1892 1140 1946 ρον
1163 1876 1274 1928 υἱὸν
1297 1873 1487 1927 δώσειν
1509 1876 1665 1946 αὑτῇ,
1696 1875 1788 1927 καὶ
1813 1875 1912 1928 οὐκ
1935 1875 2095 1947 ἐπλή-

508 1973 603 2026 ρου
635 1957 703 2009 τά
736 1957 1171 2024 ἐπαγγελθέντα,
1219 1955 1408 2021 δεδιὼς
1446 1959 1518 2027 μὴ
1553 1958 1646 2010 καὶ
1690 1958 1854 2020 αὐτὸς
1892 1959 2093 2028 ὁμοίως

503 2041 618 2100 τοῖς
665 2039 914 2106 ἀδελφοῖς
962 2040 1061 2110 τὴν
1109 2041 1382 2110 τιμωρίαν
1430 2039 1667 2110 δέξηται.
1717 2041 1950 2104 Ταύταις
2001 2039 2092 2095 οῦν

504 2122 621 2182 ταῖς
655 2121 977 2189 ὑποσχέσεσι
1007 2123 1314 2193 τρεφομένη
1350 2123 1382 2193 ἡ
1423 2122 1617 2192 Θάμαρ
1646 2125 1702 2175 ἐν
1731 2123 1809 2193 τῷ
1839 2125 1970 2195 οἴκῳ
1998 2123 2092 2176 τοῦ

506 2203 712 2274 πατρδς
735 2204 923 2273 αὐτῆς,
952 2205 1134 2274 φησὶν,
1166 2205 1476 2268 ἐκαθέζετο,
1506 2205 1850 2274 ἀναμένουσα
1887 2210 1968 2269 είς
2006 2207 2095 2278 ἔρ-

505 2303 599 2352 γον
636 2285 807 2337 ἐλθεῖν
841 2286 933 2337 τοῦ
971 2287 1232 2357 πενθεροῦ
1276 2287 1374 2357 τὴν
1418 2289 1736 2358 ὑπόσχεσινο
1783 2290 1876 2343 καὶ
1915 2289 2096 2360 ὁρῶσα

505 2369 596 2421 τὸν
625 2367 826 2422 Ἰούδαν
855 2371 916 2421 ού
955 2368 1274 2440 βουλόμενον
1301 2370 1368 2423 τά
1399 2371 1806 2440 ἐπαγγελθέντα
1831 2371 2094 2442 πληροῦν,

505 2451 644 2510 τέως
678 2450 870 2520 πράως
895 2450 1108 2521 ἔφερεν,
1147 2452 1247 2504 οὑκ
1282 2453 1581 2524 ἀνεχομένη
1617 2453 1714 2523 τὴν
1747 2454 1880 2524 πρὸς
1910 2455 2097 2524 ἕτερον

507 2531 814 2592 συνουσίαν,
852 2532 987 2584 ἀλλὰ
1025 2533 1328 2605 στέργουσα
1363 2535 1458 2604 τὴν
1487 2535 1735 2604 χηρείαν,
1777 2537 1870 2588 καὶ
1905 2537 2096 2608 καιρὸν

507 2613 810 2683 ἐπιτήδειον
840 2615 1210 2690 ἀναμένουσα·
1261 2617 1486 2669 ἔσπευδε
1532 2618 1640 2689 γάρ
1675 2621 1737 2670 ἐκ
1766 2619 1857 2672 τοῦ
1907 2619 2097 2672 πενθε-

511 2694 606 2767 ροῦ
653 2698 1052 2766 τεκνοποιήσαι.
1099 2701 1208 2751 Καὶ
1237 2713 1260 2738 ει
1310 2701 1494 2765 ἐπειδὴ
1536 2699 1640 2753 εἶδε
1680 2703 1778 2772 τὴν
1830 2703 2097 2774 πενθερὰν

511 2779 935 2850 τελευτήσασαν,
967 2782 1058 2834 καὶ
1093 2782 1182 2834 τὸν
1219 2783 1419 2836 Ἰούδαν
1454 2787 1533 2847 είς
1571 2785 1761 2854 Θάμνα
1801 2787 2098 2858 παραγινό-

513 2879 695 2934 μενον,
742 2861 883 2915 ὥστε
932 2867 1109 2936 κεῖραι
1155 2867 1222 2918 τά
1257 2866 1502 2936 ποίμνια,
1553 2867 1744 2936 κλέψαι
1799 2870 2094 2943 βουλομένη

512 2946 661 3018 [592]
709 2945 806 3016 τήν
843 2947 1128 3000 συνουσίαν
1172 2949 1266 3001 τοῦ
1309 2949 1592 3020 πενθεροῦ,
1643 2951 1736 3004 καὶ
1783 2953 1840 3019 ἐξ
1887 2953 2095 3006 ἐκείνου

510 3029 850 3100 ἐπιθυμοῦσα
894 3032 1299 3102 τεκνοποιῆσαι,
1340 3033 1399 3084 ού
1434 3034 1499 3086 δι’
1535 3034 1842 3104 ἀσέλγειαν,
1884 3035 1958 3108 μὴ
2004 3037 2098 3106 γέ-

509 3129 670 3174 νοιτο,
699 3111 832 3164 ἀλλά
865 3112 955 3166 διὰ
983 3112 1044 3166 τὸ
1085 3115 1158 3184 μὴ
1189 3113 1336 3180 δόξαι
1369 3115 1649 3187 ἀνώνυμός
1687 3135 1770 3181 τις
1801 3114 1968 3172 εἶναι·
2005 3119 2098 3173 ἄλ-

441 3211 494 3260 ο,
511 3193 622 3259 λως
662 3193 719 3248 δὲ
749 3195 843 3247 καὶ
875 3197 1157 3266 οἰκονομία
1191 3193 1258 3268 ἧν
1294 3198 1355 3250 τὸ
1399 3199 1702 3268 γινόμενον,
1739 3201 1860 3254 ὅθεν
1892 3203 1985 3254 καὶ
2019 3203 2098 3266 εἰς

513 3277 672 3348 ἔργον
716 3277 951 3343 ἐξελθεῖν
983 3277 1055 3330 τά
1099 3278 1454 3347 βουλευθέντα
1484 3283 1621 3352 αὑτῇ
1667 3283 1902 3350 ἐγένετο.
1933 3287 2098 3351 Περι-

511 3357 770 3427 ελομένη
799 3359 930 3430 γάρ,
966 3361 1119 3430 φησὶ,
1163 3361 1235 3414 τὰ
1278 3363 1476 3428 ίματία
1519 3365 1860 3430 χηρεύσεως
1887 3365 2094 3434 αὐτῆς,

515 3441 612 3494 καί
650 3441 1122 3510 περιϐαλλομένη
1180 3440 1509 3510 θέριστρον,
1558 3445 1654 3497 καὶ
1711 3450 2097 3501 καλλωπισα-

510 3523 684 3592 μένη,
713 3523 954 3578 ἐκάθισε
983 3526 1130 3592 πρὸς
1161 3526 1291 3591 ταῖς
1316 3529 1561 3594 πύλαις.
1587 3523 1720 3582 Εἶτα
1746 3528 1934 3601 ὥσπερ
1963 3533 2097 3584 ἀπο-

514 3605 818 3677 λογουμένη
857 3607 998 3677 ὑπὲρ
1039 3609 1209 3679 αὐτῆς
1251 3610 1284 3680 ή
1334 3609 1452 3662 θεία
1499 3611 1688 3682 Γραφή
1740 3630 1924 3682 φησιν,
1963 3610 2099 3668 Εἶδε

513 3691 626 3758 γὰρ
677 3689 767 3743 ὅτι
812 3689 1002 3760 μέγας
1069 3691 1273 3761 γέγονε
1340 3692 1583 3761 Σηλώμ·
1635 3695 1817 3760 αὐτὸς
1869 3695 1936 3748 δὲ
1986 3699 2098 3750 οὐκ

517 3772 739 3826 ἔδωκεν
779 3773 972 3840 αὐτὴν
1008 3771 1167 3837 αὐτῷ
1213 3773 1468 3842 γυναῖκα
1492 3793 1503 3804 ·
1541 3776 1636 3828 καὶ
1680 3777 1768 3830 διά
1809 3776 1966 3830 τοῦτο
2009 3781 2100 3832 ἐπὶ

516 3853 719 3926 ταύτην
781 3855 1006 3926 ὥρμησε
1067 3855 1168 3926 τὴν
1232 3857 1469 3926 ἀπάτην.
1541 3858 1599 3910 Ὀ
1659 3859 1838 3928 μέντοι
1902 3859 2100 3924 Ἰούδας

520 3937 744 4007 νομίσας
792 3937 960 4008 αὐτὴν
1017 3937 1224 4007 πόρνην
1277 3935 1413 3992 εἶναι
1489 3941 1936 4011 (κατεκαλύψατο
1992 3943 2097 4013 γὰρ

519 4019 700 4089 εκείνη
743 4020 803 4072 τὸ
834 4020 1146 4091 πρόσωπον,
1178 4020 1318 4074 ὥστε
1362 4023 1435 4093 μὴ
1471 4023 1770 4094 κατάδηλος
1802 4025 2096 4096 γενέσθαι),

531 4101 832 4166 Ἐξέκλινε
859 4101 1007 4170 πρὸς
1035 4103 1246 4168 αὐτήν.
1283 4103 1352 4156 ἸΙ
1375 4103 1444 4156 δὲ
1467 4100 1596 4158 εἷπε
1613 4121 1626 4134 ·
1652 4105 1714 4159 Τί
1727 4124 1830 4173 μοι
1854 4107 2098 4173 δώσεις;

530 4183 584 4235 Ὀ
615 4183 684 4236 δὲ
713 4183 1018 4251 ὑπέσχετο
1049 4185 1256 4253 ἔριφον
1285 4185 1468 4252 αἰγῶν
1495 4187 1912 4240 ἀποστέλλειν.
1951 4189 2010 4243 Ἠ
2033 4191 2100 4242 δὲ

518 4263 708 4319 εἶπεν
725 4259 986 4328 Ἐὰνδῷς
1001 4266 1331 4335 ἀρῤαόῶνα,
1355 4267 1464 4332 ἕως
1489 4267 1594 4322 τοῦ
1620 4270 1977 4324 ἀποστεῖλαί
2003 4289 2095 4326 σε.

519 4347 630 4400 Kal
659 4345 843 4402 ἔδωκε
870 4347 978 4400 τὸν
1009 4347 1352 4413 δακτύλιον,
1389 4350 1488 4403 καὶ
1523 4350 1628 4404 τὸν
1661 4353 1968 4420 ὁρμίσκον,
2001 4355 2098 4408 καὶ

517 4428 634 4498 τὴν
651 4427 900 4495 ῥάϐδον,
931 4429 1030 4482 καὶ
1059 4429 1310 4498 εἰσῆλθε
1347 4430 1498 4499 πρὸς
1521 4432 1736 4502 αὐτὴν,
1765 4435 1866 4489 καὶ
1891 4436 1962 4490 ἑν
1997 4455 2098 4508 γα-

517 4513 652 4580 στρὶ
683 4512 901 4566 ἐλαϐεν
929 4513 998 4577 ἐξ
1033 4511 1240 4566 αὐτοῦ.

598 4611 760 4666 ’Δλλά
833 4611 1021 4684 μηδεὶς
1095 4611 1268 4666 ταῦτα
1341 4613 1554 4668 ἀκούων
1644 4617 2100 4684 καταγινωσκέτω

516 4695 614 4766 τῆς
656 4695 886 4766 Θάμαρ·
930 4695 1006 4758 ὡς
1055 4694 1164 4766 γάρ
1213 4695 1384 4768 ἔφθην
1436 4696 1627 4760 εἰπὼν,
1677 4699 1770 4751 καὶ
1817 4700 2100 4771 οἰκονομία

517 4779 858 4850 ὑπηρετεῖτο,
907 4781 1000 4832 καὶ
1037 4781 1124 4832 διὰ
1163 4778 1322 4832 τοῦτο
1365 4779 1488 4833 οῦτε
1535 4781 1672 4852 αῦτη
1731 4782 1936 4852 μέμψιν
1980 4785 2101 4838 τινά

516 4861 830 4932 ὑπέμεινεν,
859 4862 984 4915 οῦτε
1014 4865 1040 4915 ὁ
1073 4861 1270 4928 Ἰούδας
1308 4864 1644 4934 ἐγκλήμασιν
1671 4865 1966 4930 ὑπεύθυνος
2008 4865 2101 4934 γέ-

517 4961 660 5014 γονε.
687 4943 793 4998 Καὶ
825 4945 934 5018 γάρ
979 4945 1225 4999 ἐντεῦθεν
1253 4945 1356 5016 όδῷ
1391 4946 1701 5016 προϐαίνων
1747 4948 1998 5018 εὑρήσεις
2035 4951 2099 5002 ἐκ

515 5027 624 5078 τῶν
656 5027 858 5094 παίδων
890 5027 998 5080 τῶν
1039 5028 1210 5099 τούτῳ
1244 5027 1543 5098 τεχθέντων
1578 5030 1667 5082 τὸν
1701 5031 1932 5100 Χριστὸν
1967 5049 2098 5083 κατ-

518 5109 720 5178 άγοντα
757 5109 816 5163 τὸ
848 5109 1031 5178 γένος·
1073 5111 1246 5174 ἄλλως
1285 5111 1341 5163 δὲ
1385 5113 1480 5164 καὶ
1511 5111 1580 5166 τά
1621 5111 1714 5166 δύο
1749 5114 1936 5167 παιδία
1979 5117 2098 5166 κατ’

517 5194 680 5248 αὑτὸν
709 5193 1002 5264 τικτόμενα
1041 5193 1149 5246 τῶν
1181 5193 1273 5246 δύο
1315 5193 1460 5246 λαῶν
1489 5193 1557 5266 ἦν
1596 5195 1787 5261 τύπος,
1821 5199 1917 5250 καὶ
1959 5215 2096 5270 προ-

516 5275 868 5348 αναφὼνησις
918 5277 1016 5345 τῆς
1064 5277 1336 5340 πολιτείας
1384 5278 1480 5347 τῆς
1521 5279 1813 5348 Ἰουδαϊκῆς
1859 5281 1952 5332 καὶ
2001 5281 2100 5351 τῆς

517 5361 915 5432 πνευματικῆς.
956 5361 1115 5413 Ἀλλά
1141 5363 1278 5425 τέως
1309 5362 1505 5433 ἴδωμεν
1531 5363 1667 5433 μετὰ
1698 5365 1796 5433 τὴν
1826 5363 2100 5434 ἀναχώρηι

519 5463 602 5497 σιν
635 5445 728 5498 τοῦ
766 5445 956 5508 Ἰούδα,
980 5445 1130 5508 ὅπως
1163 5447 1357 5517 χρόνου
1392 5445 1591 5518 μικροῦ
1623 5447 2096 5522 παραδραμόντος,

517 5527 734 5582 καὶτοῦ
785 5529 1110 5598 πράγματος
1139 5532 1219 5592 είς
1265 5529 1498 5600 φανερὸν
1543 5529 1808 5594 ἐλθόντος,
1837 5533 1865 5583 6
1903 5530 2100 5594 Ἰούδας

521 5609 697 5680 ἐαυτῷ
745 5611 984 5678 δικάζει,
1035 5615 1251 5683 ἐκείνην
1308 5613 1664 5668 ἀπαλλάττων
1713 5613 2096 5684 ἐγκλημάτων.

537 5691 754 5762 Ἐπειδὴ
789 5693 964 5746 τοίνυν
999 5695 1314 5766 ἐπλήρωσεν
1353 5697 1488 5766 ὅπερ
1522 5695 1770 5747 ἐϐούλετο
1802 5697 1836 5764 ή
1879 5695 2096 5768 Θάμαρ,

521 5769 682 5823 πάλιν
714 5771 992 5840 ἀμείψασα
1046 5775 1106 5827 τὸ
1143 5777 1348 5846 σχῆμα,
1389 5778 1572 5845 φησὶν,
1613 5775 1819 5828 ἐκεῖθεν
1871 5777 1966 5846 μὲν
2002 5779 2096 5830 ἀν-

519 5857 822 5932 εχώρησεν,
851 5859 1060 5930 ἀπῆλθε
1089 5863 1146 5914 δὲ
1175 5865 1254 5926 είς
1283 5863 1370 5914 τὸν
1400 5857 1546 5914 οἶκον
1578 5861 1764 5927 αὑτῆς,
1804 5863 1862 5912 ὐ
1915 5864 2096 5930 μέντοι

583 5972 604 6001 ⁸
633 5969 924 6034 Imperfecta
968 5973 1166 6025 omnino
1211 5977 1306 6026 erit
1332 5961 1600 6034 sententia,
1628 5975 1718 6023 nisi
1753 5974 1950 6024 tollatur
1992 5977 2088 6026 καί.

1235 344 1294 400 S.
1332 341 1620 399 JOANNIS
1657 341 2148 399 CHRYSOSTOMI
2187 343 2506 401 ARCHIEP.
2535 337 3078 400 CONSTANTINOP.

3673 339 3776 396 θοι

2213 459 2412 524 Ἰούδας
2456 457 2658 512 τούτων
2710 455 2860 512 ούδέν
2893 456 3280 523 ἐπιστάμενος,
3330 453 3426 526 τὴν
3477 455 3780 524 ὑπόσχεσιν

2201 537 2463 608 ἐπλήρου,
2498 537 2590 590 καὶ
2623 535 2713 590 τὸν
2749 536 2934 605 ἔριφον
2979 533 3316 596 ἀπέστειλεν,
3359 535 3446 588 ἵνα
3475 535 3568 588 τὸν
3610 535 3780 606 ἀρρα-

2197 613 2344 667 σῶνα
2377 617 2468 668 τὸν
2517 616 2644 683 παρ’
2687 611 2850 666 αὑτοῦ
2897 612 3116 665 δοθέντα
3163 611 3440 684 ἀναλάϐῃ·
3471 612 3586 664 ἀλλ’
3622 612 3778 665 οὐδα-

2199 694 2300 762 μοῦ
2340 693 2438 762 τῆς
2470 692 2726 761 γυναικὸς
2757 689 3095 761 εὑρεθείσης,
3127 689 3429 760 ἐπανῆλθεν
3455 691 3486 741 6
3519 693 3648 752 παῖς
3677 707 3778 759 μη-

2195 774 2338 825 νύων
2363 771 2440 840 τῷ
2479 771 2678 839 Ἰούδα,
2719 771 2794 831 ὡς
2833 769 3071 838 οὐδαμοῦ
3125 767 3414 837 ἐπιστῆναι
3463 771 3528 838 τῇ
3561 769 3780 834 ⁸γυναικί

2195 850 2494 919 δεδύνηται.
2549 850 2736 904 Ταῦτα
2789 847 2976 917 μαθὼν
3021 852 3050 900 6
3091 847 3288 910 Ἰούδας
3322 842 3464 912 εἷπε,
3499 847 3654 915 φησὶ,
3687 847 3776 916 Μή

2195 947 2326 982 ποτε
2371 929 2846 999 καταγνωσθῶμεν
2871 940 2917 992 τε,
2945 929 3022 990 ὡς
3051 926 3365 997 ἀγνώμονες
3398 926 3773 996 νομισθέντων

2193 1007 2314 1060 οὑδέ
2343 1007 2452 1076 γὰρ
2483 1008 2600 1078 ᾔδει
2639 1007 2706 1059 τὸ
2741 1007 3126 1076 γεγενημένον.
3168 1006 3328 1059 Ἀλλά
3375 1005 3544 1076 τριῶν
3597 1005 3778 1074 μηνῶν

2193 1083 2528 1148 διελθόντων,
2553 1084 2646 1136 καί¹
2671 1082 2764 1135 τοῦ
2790 1083 2956 1150 ὄγκου
2982 1083 3078 1152 τῆς
3109 1083 3344 1152 γαστρὸς
3370 1081 3666 1152 μηνύοντος
3688 1082 3778 1132 τὸν

2193 1163 2372 1227 τόκον,
2406 1163 2502 1216 καὶ
2539 1161 2749 1224 οὐδενὸς
2783 1161 2969 1231 ἐτέρου
3017 1161 3379 1231 ἐπισταμένου
3423 1159 3520 1230 τὴν
3573 1159 3778 1228 κλοπήν

2192 1241 2292 1312 τῆς
2321 1239 2624 1302 συνουσίας,
2667 1239 3016 1306 Ἀπητγέλη,
3051 1238 3202 1308 φησὶ,
3238 1235 3318 1302 τῷ
3358 1239 3566 1304 Ἰούδᾳ,
3595 1238 3682 1291 ὅτι
3709 1239 3778 1289 ἐν

2195 1317 2404 1386 γαστρὶ
2447 1319 2571 1386 ἔχει
2616 1317 2684 1370 ἐκ
2734 1316 3038 1382 πορνείας.
3067 1315 3180 1368 Kal
3219 1315 3424 1385 μαθὼν
3447 1314 3776 1376 sinet-“EE-

2193 1396 2440 1464 αγιίγετε
2467 1395 2662 1462 αὐτὴν
2700 1395 2798 1448 καὶ
2838 1393 3284 1460 κατακαυθήτω.
3319 1393 3542 1462 Μεγάλη
3573 1394 3604 1462 ἡ
3639 1394 3774 1460 ἀγα-

2194 1475 2474 1542 νάκτησις,
2507 1471 2777 1542 ἀφόρητος
2811 1471 2844 1540 ἡ
2872 1472 3132 1541 τιμωρία,
3167 1471 3352 1542 ἐπειδὴ
3387 1471 3480 1524 καὶ
3509 1471 3567 1523 τὸ
3597 1469 3776 1540 ἁμάρ-

2192 1569 2342 1622 τημα
2387 1553 2531 1621 μέγα
2564 1549 2704 1604 εἶναι
2752 1551 2946 1603 ἐδόκει.
2983 1551 3048 1602 Τί
3078 1547 3168 1604 οὖν
3201 1551 3234 1620 ή
3279 1549 3512 1622 Θάμαρ;
3553 1549 3776 1612 Ἐξαπο-

2197 1629 2452 1682 στείλασα
2502 1629 2646 1700 ἅπερ
2697 1627 3012 1699 ἀρραϐῶνος
3064 1627 3250 1680 ἕνεκεν
3305 1628 3536 1695 εἰλήφει,
3577 1628 3772 1697 φησίνο

2197 1701 2448 1771 Οὖτιν-ος
2482 1703 2668 1758 ταῦτά
2708 1707 2862 1768 ἐστι,
2904 1705 3040 1773 παρ’
3079 1706 3318 1759 ἐκείνου
3364 1705 3478 1774 τῆς
3521 1707 3777 1776 γαστρὸς

2193 1785 2301 1838 τὸν
2331 1785 2514 1852 ὄγκον
2542 1783 2861 1853 ἐδεξάμην.

2267 1861 2330 1931 β’.
2349 1863 2542 1915 Σκόπει
2561 1861 2678 1924 πῶς
2696 1862 2902 1930 σιγῶσα
2919 1861 3260 1928 ἀξιοπίστους
3279 1859 3562 1932 μάρτυρας
3579 1859 3777 1929 ἐπάγε-

2195 1957 2285 1992 ται
2315 1941 2496 2012 φωνὴν
2519 1941 2799 2008 ἀφιέντας,
2829 1943 2922 1994 καὶ
2965 1941 3179 2003 ἱκανοὺς
3208 1939 3387 2009 ἀθῷον
3413 1939 3618 2008 ταύτην
3651 1939 3777 1991 ἀπο-

2195 2017 2364 2084 δεῖξαι
2389 2019 2484 2071 τοῦ
2525 2020 2891 2089 ἐγκλήματος.
2923 2019 3136 2090 Ἐπειδὴ
3163 2020 3273 2088 γάρ
3297 2019 3464 2090 τριῶν
3495 2019 3602 2070 εδει
3639 2033 3776 2087 μαρ-

2193 2097 2376 2168 τύρων
2421 2099 2682 2168 περὶτῆς
2730 2099 2986 2169 τοιαύτης
3031 2099 3340 2161 ὑποθέσεως
3378 2098 3771 2168 ἐγκαλουμένῃ,

2193 2177 2282 2230 διά
2309 2177 2465 2228 τοῦτο
2500 2177 2592 2228 καὶ
2627 2176 2764 2247 αῦτη
2796 2179 2996 2230 ὡσανεὶ
3030 2177 3286 2248 λαμπρὰν
3331 2178 3514 2248 φωνὴν
3552 2177 3776 2243 ἀφιέντα

2195 2255 2336 2308 οὕτω
2360 2255 2730 2324 διαπέμπεται
2769 2255 2837 2307 τά
2869 2257 2995 2326 τρία
3027 2256 3142 2324 είδη
3181 2255 3274 2307 τοῦ
3320 2255 3658 2324 ἀρραϐῶνας,
3685 2254 3777 2306 τὸν

2197 2331 2346 2404 [595]
2381 2333 2684 2398 δακτύλιον,
2713 2331 2806 2384 τὸν
2839 2335 3121 2405 ὁρμίσκον,
3147 2335 3244 2402 τὴν
3280 2333 3494 2403 ῥάϐδον,
3521 2332 3614 2384 καὶ
3641 2331 3776 2384 οίκοι

2197 2411 2480 2480 καθημένη
2521 2411 2614 2464 καὶ
2651 2410 2860 2478 σιγῶσα
2901 2413 3000 2483 τὴν
3043 2413 3200 2482 νίκην
3243 2413 3430 2480 ήρατο.
3469 2407 3778 2483 Ἐπιγνοὺς

2195 2489 2304 2559 γάρ
2341 2491 2374 2540 o'
2417 2487 2636 2554 Ἰούδας
2663 2485 2824 2542 εἷπε-
2857 2481 3228 2544 Δεδικαίωται
3257 2488 3432 2554 αὕτη,
3468 2487 3504 2553 ἢ
3543 2484 3678 2555 ἐγὼ,
3703 2481 3774 2540 οὗ

2195 2567 2426 2618 εἵνεκεν
2457 2567 2568 2618 οὐκ
2607 2566 2802 2619 ἔδωκα
2829 2566 3024 2634 αὐτὴν
3055 2565 3272 2632 Σηλὼμ
3297 2563 3376 2629 τῷ
3405 2563 3510 2629 υἱῷ
3537 2563 3774 2634 pauiu

2197 2645 2335 2705 ἐστι,
2361 2641 2734 2696 Δεδικαίωται
2767 2643 2937 2712 αὕτη,
3035 2631 3180 2713 ἐγώ;
3205 2631 3776 2712 Τοῦτ’ἐστινῖἙκΞῖἶῖη

2202 2721 2298 2791 μὲν
2325 2719 2631 2786 ἀνεύθυνος,
2660 2722 2768 2788 ἐγὼ
2806 2721 2860 2773 δὲ
2895 2722 3084 2774 ἐαυτὸν
3129 2719 3494 2784 καταδικάζω,
3539 2721 3633 2772 καὶ
3673 2737 3778 2790 μη·

2196 2798 2341 2861 δενὸς
2373 2798 2680 2870 ἐλέγχοντος
2721 2800 2954 2869 ἐμαυτὸν
2989 2798 3337 2852 ἐκκαλύπτω·
3370 2797 3566 2867 μᾶλλον
3591 2797 3647 2848 δέ
3689 2799 3782 2866 ἁρ-

2199 2875 2398 2929 κοῦντα
2447 2877 2664 2946 ἔλεγχον
2715 2875 2842 2946 ἔχω,
2887 2877 2978 2930 τὸν
3021 2875 3312 2947 ἀρραϐῶνα
3349 2875 3437 2926 τὸν
3485 2873 3614 2944 παρ’
3645 2873 3776 2942 ἐμοῦ

2196 2951 2435 3007 δοθέντα.
2469 2951 2596 3006 Εἶτα
2625 2955 2918 3022 ἀπολογίαν
2961 2955 3121 3008 πάλιν
3161 2953 3298 3024 ὑπὲρ
3337 2953 3436 3020 τῆς
3476 2953 3646 3022 αὐτῆς
3673 2953 3780 3004 Θά-

2202 3049 2312 3102 μαρ
2341 3034 2604 3097 συντιθείς
2631 3051 2792 3104 φησιν
2813 3051 2825 3063 ·
2861 3029 2942 3088 Οὗ
2970 3033 3200 3086 εἵνεκεν
3220 3036 3330 3084 οὐκ
3357 3031 3552 3082 ἔδωκα
3587 3030 3778 3096 αὐτὴν

2197 3112 2415 3180 Σηλὼμ
2449 3112 2526 3176 τῷ
2563 3113 2670 3178 υἱῷ
2706 3131 2844 3182 μου.
2879 3113 3030 3180 Τάχα
3059 3109 3114 3164 δέ
3147 3112 3302 3164 τοῦτο
3352 3110 3539 3178 γέγονε
3587 3110 3690 3161 καὶ·
3711 3109 3774 3161 δι’

2197 3190 2266 3262 ἢν
2310 3193 2484 3259 μέλλω
2511 3193 2651 3262 ἐρεῖν
2683 3193 2880 3244 αἰτίαν.
2917 3191 3132 3259 Ἐπειδὴ
3163 3191 3272 3258 γὰρ
3299 3189 3544 3258 ἐνόμιζεν
3579 3189 3609 3238 6
3647 3187 3776 3239 Ἰού-

2197 3269 2292 3332 δας
2325 3271 2474 3340 παρὲι
2527 3270 2623 3340 τὴν
2659 3271 2870 3340 ἐκείνης
2917 3270 3092 3322 αἰτίαν
3133 3269 3222 3320 τὸν
3257 3269 3482 3321 θάνατον
3520 3268 3776 3338 ἐπενηνέ-

2199 3348 2324 3416 χθαι
2354 3349 2432 3418 τῷ
2466 3349 2572 3418 ’Ἰιρ
2607 3350 2700 3401 καὶ
2739 3349 2818 3418 τῷ
2842 3350 3038 3412 Αύνάν,
3081 3349 3174 3399 καὶ
3211 3342 3370 3398 τοῦτο
3403 3345 3779 3407 δεδοικὼς-,τὸν

2199 3426 2398 3496 Σηλὼμ
2426 3427 2559 3496 αὐτῇ
2597 3428 2658 3479 οὑ
2689 3427 2904 3489 δέδωκε,
2951 3428 3044 3479 καὶ
3075 3425 3250 3478 ταῦτα
3275 3425 3663 3494 ὑποσχόμενος,
3695 3424 3781 3476 ἵνα

2199 3498 2312 3572 γνῷ
2357 3507 2424 3556 δι’
2453 3506 2631 3558 αὐτῶν
2661 3507 2768 3556 τῶν
2803 3505 3140 3575 πραγμάτων
3167 3504 3244 3566 ὡς
3287 3505 3388 3556 οὐκ
3415 3503 3596 3571 ἐκείνη
3633 3501 3780 3554 αἰτία

2197 3583 2292 3636 τοῦ
2321 3583 2544 3636 θανάτου
2573 3584 2798 3646 ἐκείνοις
2825 3586 3134 3652 γεγένηται,
3157 3582 3294 3636 ἀλλά
3322 3582 3408 3636 διά
3443 3583 3538 3650 τὴν
3573 3579 3776 3632 οίκείαν

2199 3661 2463 3731 πονηρίαν
2511 3663 2607 3723 τὰς
2649 3662 2917 3730 τιμωρίας
2967 3661 3208 3730 ἐδέχοντο
3259 3659 3621 3730 (Ἀπέκτεινε
3671 3657 3778 3728 γάρ

2199 3739 2402 3802 αὑτὸν,
2452 3739 2635 3810 φησὶν,
2678 3742 2710 3792 ό
2765 3742 2939 3806 Θεός·
2989 3740 3082 3791 καὶ
3137 3737 3318 3802 πάλιν,
3376 3735 3782 3790 Ἑθανάτωσεν

2199 3818 2402 3881 αὑτὸν,
2435 3819 2562 3888 περ).
2599 3817 2692 3870 τοῦ
2725 3817 3021 3887 δευτέρου),
3067 3817 3155 3868 διὰ
3195 3815 3350 3868 τοῦτο
3389 3815 3550 3878 αὐτὸς
3585 3815 3777 3884 μίγνυ-

2199 3913 2287 3948 ται
2319 3896 2526 3962 ἀγνοῶν
2559 3899 2624 3966 τῇ
2658 3897 2834 3968 οἰκείᾳ
2872 3895 3076 3966 νύμφῃ,
3111 3893 3205 3948 καὶ
3249 3893 3508 3964 μανθάνει
3545 3891 3632 3945 διά
3670 3889 3780 3944 τῶν

2199 3973 2374 4044 ἔργων
2411 3975 2491 4026 ὅτι
2515 3975 2612 4044 οὑχ
2637 3977 2670 4045 ἡ
2710 3975 2913 4043 ταύτης
2945 3975 3112 4034 αίτία,
3146 3971 3259 4024 ἀλλ’
3285 3975 3317 4042 ἡ
3364 3971 3584 4024 ἐκείνων
3615 3969 3780 4022 κακία

2201 4053 2532 4116 ὑπευθύνους
2571 4055 2763 4118 αὑτοὺς
2795 4057 2858 4124 τῇ
2901 4051 3140 4122 τιμωρίᾳ
3190 4050 3441 4120 γενέσθαι
3491 4047 3776 4119 πεποίηκε,

2202 4133 2292 4184 καὶ
2325 4132 2850 4204 ἐξομολογησάμενος
2875 4131 2935 4182 τὸ
2969 4133 3165 4183 οίκείον
3195 4131 3496 4200 ἁμάρτημα
3523 4128 3781 4198 κάκείνην

2201 4209 2298 4278 τῆς
2323 4211 2590 4281 τιμωρίας
2617 4209 2948 4276 ἀπαλλάξας,
2983 4211 3065 4262 Οὐ
3095 4208 3442 4276 προσέθετο,
3475 4209 3659 4276 φησιν,
3691 4205 3781 4259 ἐτι

2201 4289 2305 4341 τοῦ
2342 4287 2558 4358 γνῶναι
2589 4288 2810 4353 αὐτήν·
2847 4289 3056 4350 δεικνὺς
3085 4289 3165 4341 ὅτι
3195 4285 3302 4339 οὐδ’
3333 4287 3398 4339 ἂν
3425 4287 3484 4337 τὸ
3518 4287 3779 4355 πρότερον

2202 4367 2338 4437 αὐτῇ
2369 4368 2702 4434 συνεγένετο,
2731 4369 2778 4419 εἰ
2823 4367 2896 4437 μὴ
2926 4367 3117 4438 ἀγνοίᾳ
3153 4367 3248 4438 τὴν
3279 4367 3423 4436 μίξιν
3461 4365 3774 4434 εἰργάσατο.

2201 4441 2336 4498 Εἶτα
2383 4447 2570 4515 ἐπειδὴ
2617 4447 2912 4518 διηγήσατο
2973 4448 3104 4516 ἡμῖν
3151 4449 3184 4516 ἡ
3235 4445 3352 4499 θεία
3398 4445 3586 4514 Γραφὴ
3641 4443 3778 4512 μετά

2201 4525 2484 4596 ἀκριϐείας
2507 4527 2603 4595 τὴν
2641 4525 3011 4596 γεγενημένην
3046 4526 3260 4596 ἀπάτην
3293 4525 3397 4596 ὑπὸ
3433 4525 3530 4593 τῆς
3557 4523 3775 4596 Θάμαρ,

2203 4594 2384 4646 λοιπὸν
2413 4594 2652 4648 διδάσκει
2695 4594 2864 4665 ἡμᾶς,
2893 4594 2987 4648 καὶ
3017 4597 3138 4648 τίνα
3177 4594 3296 4647 ἐστὶ
3340 4595 3408 4646 τά
3455 4595 3582 4665 παρ’
3609 4596 3778 4662 αὑτης

2199 4674 2488 4742 τικτόμενα
2509 4673 2718 4727 παιδία.
2736 4673 2995 4743 γένετο
3017 4675 3148 4742 γὰρ,
3163 4675 3544 4742 φησὶν,ιι¹ινίκα
3565 4674 3776 4736 ἔτικτε,

2203 4751 2302 4802 καί
2345 4750 2486 4818 τῇδε
2523 4747 2602 4820 ἦν
2635 4750 2856 4820 δίδυμα
2897 4751 2968 4804 ἐν
3005 4751 3079 4818 τῇ
3126 4751 3334 4819 γαστρὶ
3369 4748 3582 4817 αὐτῆς.
3625 4749 3780 4815 Ἐγέ-

2201 4846 2336 4883 νετο
2369 4830 2436 4882 δὲ
2467 4830 2536 4882 ἐν
2565 4829 2644 4894 τῷ
2673 4830 2890 4882 τίκτειν
2935 4831 3150 4898 αὐτὴν,
3185 4833 3216 4883 ό
3247 4826 3336 4894 εἷς
3378 4827 3779 4898 προεξήνεγκε

2203 4908 2315 4975 τὴν
2348 4908 2545 4976 χεῖρα·
2577 4909 2852 4961 λαϐοῦσα
2893 4907 2961 4961 δὲ
2991 4911 3027 4976 ἡ
3075 4908 3222 4977 μαῖα
3259 4909 3482 4975 ἔδησεν
3525 4907 3626 4960 ἐπὶ
3665 4906 3780 4972 τὴν

2201 4987 2368 5054 χεῖρα
2409 4985 2596 5041 αὑτοῦ
2639 4987 2943 5052 κόκκινον,
2971 4989 3272 5056 λέγουσα⁵
3307 4989 3500 5052 Αὐτὸς
3541 4987 3780 5050 ἑξελεύ-

2203 5081 2372 5118 σεται
2419 5063 2666 5134 πρῶτος.
2696 5063 2840 5134 Ὅρα
2881 5083 2972 5135 μοι
3031 5067 3266 5120 ἐνταῦθα
3337 5068 3633 5136 μυστήριον
3685 5065 3780 5118 καὶ

2203 5144 2654 5216 προαναιρώνησιν
2689 5146 2798 5198 τῶν
2848 5147 3148 5216 μελλόντων
3195 5149 3432 5201 ἔσεσθαι.
3473 5147 3626 5200 Μετά
3671 5147 3779 5216 γὰρ

2201 5225 2262 5276 τὸ
2300 5225 2458 5294 δῆσαι
2492 5223 2589 5294 τὴν
2626 5227 2786 5294 μαῖαν
2817 5227 2895 5287 εἰς
2923 5226 3021 5296 τὴν
3051 5229 3205 5298 χεῖρα
3237 5228 3296 5280 τὸ
3326 5227 3597 5288 κόκκινον,
3639 5225 3777 5278 ὥστε

2204 5304 2500 5376 κατάδηλον
2537 5304 2698 5357 αὑτὸν
2729 5305 2999 5372 γενέσθαι,
3035 5307 3154 5358 τότε
3189 5304 3629 5374 Ἐπισυνήπκιγε
3667 5305 3782 5372 τὴς--

2201 5385 2397 5453 χεῷα,
2453 5383 2553 5436 καὶ
2597 5383 2857 5451 ἐξῆλθεν
2889 5388 2920 5437 ό
2963 5383 3225 5454 ἀδελφὸς
3267 5385 3473 5438 αὑτοῦ.
3523 5387 3783 5455 Παρεχώ-

2205 5479 2359 5532 ρησε,
2396 5465 2547 5533 φησὶ,
2600 5464 2677 5535 τῷ
2726 5463 2935 5534 ἀδελφῷ
2984 5465 3080 5535 τὴν
3129 5466 3373 5536 πρόοδον,
3407 5467 3500 5518 καὶ
3529 5468 3558 5518 6
3593 5465 3772 5520 τελειμ

2201 5547 2347 5608 ταῖος
2379 5544 2731 5614 νομιζόμενος
2764 5547 2977 5616 πρῶτος
3009 5545 3174 5616 ἐξῄει,
3203 5549 3296 5598 καὶ
3322 5547 3350 5596 6
3383 5545 3594 5614 πρῶτος
3624 5563 3778 5614 νομιο

2201 5622 2424 5696 ξάμενος
2453 5627 2567 5695 μετ’
2595 5625 2798 5677 ἐκεῖνον
2835 5625 3045 5695 προῄει.
3078 5623 3188 5676 Καὶ
3217 5621 3385 5677 εἶπεν
3435 5625 3470 5692 ἠ
3501 5623 3666 5692 μαῖα·
3714 5625 3782 5678 Τί

2201 5703 2446 5770 διεκόπη
2475 5705 2573 5758 διὰ
2615 5706 2690 5757 σὲ
2722 5705 3026 5774 ρραγμός;
3063 5704 3168 5756 Kal
3201 5704 3457 5759 ἐκάλεσε
3497 5707 3562 5760 τὸ
3594 5707 3780 5778 ὄνομα

2205 5783 2390 5838 αὐτοῦ
2423 5782 2626 5848 Φαρές.
2665 5783 2906 5852 Διακοπὴ
2941 5785 3048 5852 γάρ
3083 5785 3443 5854 ἑρμηνεύεται
3489 5786 3548 5837 τὸ
3585 5785 3776 5854 ὅνομα,

2207 5865 2298 5915 καὶ
2337 5861 2631 5930 μερισμὸς,
2681 5861 2756 5922 ὡς
2787 5861 2854 5912 ἂν
2899 5863 3038 5913 εἴποι
3075 5879 3177 5926 τις.
3215 5864 3328 5920 Kal
3371 5864 3521 5930 μετὰ
3565 5864 3780 5918 τοῦτον

2265 5973 2288 6014 d
2313 5973 2392 6021 Sic
2417 5971 2565 6022 Savil.
2591 5977 2640 6020 et
2659 5984 2746 6021 sex
2773 5985 2888 6022 mss.
2915 5971 3086 6022 Morel.
3115 5981 3162 6024 et
3187 5973 3268 6022 alii
3289 5976 3727 6038 καταγεὶαοθῶξιεν.
