4168 6264
372 365 475 416 555

371 475 610 528 volebam
657 470 817 525 etiam
865 469 1022 525 hodie
1072 467 1318 523 eamdem
1373 463 1646 518 historiam
1705 468 1952 528 tractare,

371 561 596 631 indeque
670 559 822 614 vobis
884 568 1168 612 contexere
1247 555 1503 610 doctrinae
1573 564 1877 605 sermonem
1937 565 1949 600 :

370 659 553 700 verum
604 645 654 698 in
709 643 884 697 medio
934 643 1032 696 alia
1077 641 1322 710 quaedam
1377 637 1610 691 narratio
1645 634 1940 702 interjacet,

370 753 530 807 quam
582 751 688 790 non
731 751 939 803 mquum
969 742 1050 789 est
1089 748 1188 787 nos
1220 731 1529 801 praeterire;
1567 727 1658 781 sed
1700 741 1832 794 opus
1865 731 1949 777 est

369 839 428 881 nt
467 837 720 897 quantum
767 825 1015 895 possibile
1053 835 1133 878 est
1172 831 1586 892 perscrutz‘mnr,
1633 827 1686 871 et
1724 817 1801 870 sic
1844 817 1946 869 itc—

371 933 491 971 rnm
537 917 603 970 ad
655 925 1026 986 argumentum
1072 913 1290 982 Josephi
1342 911 1643 966 redeamus.
1694 908 1947 974 Qumnam

374 1010 532 1077 igitur
555 1008 641 1063 illa
667 1024 784 1077 quae
807 1006 1136 1062 interseritur
1163 1003 1436 1060 narratio?
1463 1002 1550 1056 llla
1580 1002 1646 1055 de
1674 1000 1826 1055 Iuda.
1849 997 1947 1054 llic

370 1101 514 1153 etiim
535 1109 748 1168 accepta
767 1099 818 1152 in
841 1113 1060 1151 uxorem
1088 1096 1190 1150 ﬁlia
1216 1093 1524 1157 Chananmi,
1549 1092 1682 1146 Sava
1711 1087 1944 1149 nomine,

371 1192 738 1260 susceptisque
773 1207 846 1244 ex
889 1192 978 1244 illa
1021 1189 1188 1243 tribus
1221 1188 1374 1251 ﬁliis,
1397 1185 1567 1248 duxit,
1616 1183 1806 1252 inquit,
1839 1179 1946 1250 pri-

371 1282 642 1350 mogenita
680 1296 777 1335 suo
805 1281 878 1334 Er
922 1295 1144 1334 uxorem
1182 1280 1430 1334 Thamar.
1463 1276 1593 1344 Quia
1641 1282 1820 1326 autem
1857 1271 1946 1325 ille

370 1372 540 1424 :nalus
566 1378 679 1425 erat
703 1385 886 1425 coram
907 1370 1149 1434 Domino,
1173 1367 1366 1421 occidit
1391 1381 1514 1420 eum
1535 1365 1692 1418 Deus.
1723 1363 1785 1416 Et
1809 1376 1944 1429 pra:-

368 1462 510 1529 t'cpit
563 1461 773 1526 Annan,
819 1469 875 1514 ut
914 1461 1070 1514 ducta
1116 1473 1280 1512 uxore
1325 1456 1503 1510 fratris
1546 1453 1649 1519 sui,
1691 1452 1940 1506 excitaret

368 1566 549 1605 semen
579 1550 726 1604 fratri
754 1566 869 1604 suo.
917 1551 968 1604 Id
996 1550 1137 1604 enim
1169 1550 1248 1603 lex
1275 1548 1450 1616 jussit,
1478 1561 1595 1616 quae
1620 1544 1771 1608 dicit,
1800 1542 1940 1595 Mors

369 1650 458 1691 tuo
487 1640 646 1694 fratre
675 1641 789 1696 sine
816 1641 1018 1706 liberis,
1057 1640 1217 1693 frater
1239 1639 1395 1692 ducta
1424 1652 1588 1690 uxore
1617 1635 1813 1691 excitet
1853 1647 1942 1686 se-

366 1745 487 1782 men
526 1728 671 1784 fratri
725 1729 913 1803 (Deut.
961 1732 1051 1784 25.
1098 1729 1195 1800 5).
1245 1729 1440 1784 Verum
1489 1736 1542 1781 et
1591 1727 1762 1789 hunc,
1817 1725 1940 1792 quia

367 1821 536 1874 malus
555 1830 690 1886 erat,
718 1823 913 1876 occidit
940 1822 1210 1875 Dominus.
1236 1820 1347 1874 lloc
1373 1817 1562 1872 Judam
1591 1826 1792 1870 terrore
1820 1829 1941 1883 per-

364 1911 510 1974 tulit,
543 1911 811 1966 videntem
838 1912 971 1967 duos
1001 1913 1135 1964 ﬁlios
1164 1920 1269 1964 tam
1299 1910 1402 1963 cito
1427 1908 1692 1962 interiisse
1718 1922 1731 1958 :
1761 1914 1815 1959 et
1848 1919 1942 1956 vo-

365 2003 476 2059 lens
506 2003 738 2059 Thamar
773 2005 1058 2069 consolari,
1093 2003 1331 2072 promisit
1383 2017 1440 2055 se
1481 2000 1644 2052 alium
1683 1997 1847 2049 tilium
1892 1996 1940 2050 ei

363 2096 612 2150 daturum
644 2115 659 2150 :
691 2097 782 2150 sed
826 2113 930 2150 non
965 2096 1218 2164 implebat
1250 2093 1529 2158 promissa,
1563 2091 1765 2144 veritus
1793 2104 1859 2142 ne
1888 2099 1941 2141 ct

364 2185 477 2246 ipse
511 2185 755 2238 eamdem
801 2201 1013 2254 pinnam
1056 2184 1236 2249 ferret,
1267 2198 1425 2252 quam
1471 2180 1680 2235 fratres.
1721 2180 1941 2234 Talibus

364 2273 800 2341 promissionibus
826 2274 1140 2342 pascebatur
1161 2273 1410 2335 Thamar,
1455 2272 1613 2340 inque
1651 2271 1810 2326 domo
1847 2285 1940 2339 pa-

363 2364 458 2415 tris
485 2362 567 2417 sui
599 2363 838 2427 sedebat,
871 2374 1184 2434 exspectans
1212 2363 1425 2435 quando
1450 2363 1620 2418 soceri
1659 2362 1938 2432 promissio

364 2453 672 2522 impleretur
699 2470 711 2505 :
741 2461 795 2508 et
819 2453 1004 2508 videns
1035 2454 1222 2508 Judam
1255 2471 1359 2507 non
1392 2455 1527 2508 velle
1565 2453 1786 2522 implere
1817 2467 1938 2520 pro-

363 2547 546 2611 missa,
575 2547 780 2602 interim
814 2552 1086 2603 mansuete
1117 2549 1251 2614 tulit,
1286 2563 1388 2601 non
1416 2547 1682 2602 sustinens
1708 2546 1932 2600 aliorum

342 2634 624 2708 ‘conjugia,
671 2639 765 2693 sed
807 2640 1046 2708 amplexa
1089 2639 1421 2706 viduitatem,
1463 2647 1517 2692 et
1562 2647 1769 2707 tempus
1807 2650 1939 2690 con-

357 2745 545 2798 gruum
567 2740 880 2800 ex5pectans
901 2748 914 2784 :
933 2730 1215 2785 festinabat
1232 2731 1374 2785 enim
1393 2738 1447 2784 ut
1465 2729 1603 2784 ﬁlios
1629 2735 1934 2799 procrearet

355 2837 418 2875 et
447 2838 657 2876 socero.
691 2823 755 2876 Et
783 2825 903 2892 quia
933 2823 1064 2878 vidit
1104 2839 1317 2878 socrum
1353 2834 1634 2888 mortuam,
1663 2830 1717 2876 et
1742 2821 1930 2876 Judam

355 2913 538 2965 ventre
583 2913 636 2965 in
679 2913 916 2967 Thamua
951 2915 1016 2968 ad
1045 2913 1339 2970 tondendas
1376 2928 1522 2977 Oves,
1567 2913 1729 2966 furari
1769 2911 1934 2966 voluit

355 3003 529 3056 soceri
552 3003 910 3070 concubitum,
939 3011 994 3059 et
1017 3021 1079 3058 ex
1109 3005 1199 3058 illo
1227 3005 1362 3058 ﬁlios
1391 3018 1691 3074 procreare,
1729 3017 1832 3056 non
1862 3003 1928 3055 li-

358 3090 589 3146 hidinem
621 3095 834 3162 explere
863 3096 1261 3164 c0ucupisceus,
1295 3095 1432 3149 absit
1462 3095 1583 3159 hoc,
1631 3095 1724 3148 sed
1753 3108 1822 3147 ne
1852 3093 1932 3145 vi-

355 3181 573 3235 deretur
623 3197 744 3237 esse
794 3184 908 3239 sine
945 3185 1159 3241 nomine
1188 3205 1200 3241 :
1227 3186 1461 3256 alioquin
1513 3196 1566 3241 et
1607 3184 1933 3255 dispensatio

353 3283 467 3326 erat
504 3272 553 3326 id
583 3275 722 3344 quod
753 3273 928 3341 ﬁebat,
962 3277 1100 3333 unde
1125 3288 1180 3332 et
1218 3293 1380 3347 Opere
1414 3279 1677 3347 completa
1718 3286 1841 3331 sunt
1867 3292 1927 3330 ea

353 3360 473 3430 mne
504 3365 588 3418 illa
616 3366 944 3422 deliberavit.
978 3369 1061 3422 14.
1095 3369 1347 3439 Depositis
1376 3369 1529 3434 enim,
1561 3369 1751 3436 inquit,
1781 3367 1931 3422 vesti-

354 3455 444 3509 bus
467 3457 722 3512 viduitatis
765 3477 888 3525 sate,
927 3470 974 3513 et
1009 3461 1187 3514 induta
1226 3462 1476 3527 theristro,
1508 3470 1556 3514 et
1594 3470 1773 3513 ornata
1801 3460 1928 3514 sedit

353 3548 490 3613 apud
529 3559 699 3616 portas
729 3549 876 3622 (Cap.
912 3553 1022 3622 58).
1069 3553 1265 3608 Deinde
1302 3555 1450 3623 quasi
1500 3568 1760 3607 excusans
1808 3568 1925 3606 eam

354 3637 644 3706 Scriptura,
667 3641 798 3695 dixit
824 3660 837 3692 :
875 3642 1008 3696 Vidit
1023 3645 1152 3696 enint
1176 3645 1311 3713 quod
1337 3654 1556 3699 creverat
1588 3643 1795 3707 Selom;
1822 3644 1928 3713 ipse

351 3739 515 3782 autem
560 3749 660 3785 non
702 3732 844 3786 daret
886 3735 1049 3804 ipsam
1099 3736 1145 3787 ei
1191 3751 1417 3801 uxorem,
1460 3744 1513 3788 et
1545 3743 1820 3803 propterea
1859 3733 1926 3787 ad

351 3819 720 3888 deccptioncm
751 3823 891 3875 illam
917 3824 1237 3892 properavit.
1265 3823 1428 3878 Judas
1457 3824 1598 3878 enim
1627 3839 1747 3877 cum
1773 3832 1925 3891 puta-

353 3919 432 3964 ret
452 3927 568 3964 eam
593 3927 713 3966 esse
735 3921 968 3967 scortum
1004 3915 1293 3986 (velaverat
1320 3914 1460 3966 enim
1490 3913 1574 3966 illa
1605 3913 1815 3975 faciem,
1863 3928 1927 3966 ne

351 4001 770 4072 agnosceretur),
799 4003 882 4056 l6.
928 4003 1140 4056 Divertit
1168 4006 1235 4057 ad
1260 4020 1390 4056 eam.
1421 4003 1527 4057 Illa
1564 4013 1730 4057 autem
1758 4003 1884 4055 dixit
1909 4018 1928 4055 :

353 4087 486 4153 Quid
525 4089 648 4141 milii
678 4090 860 4144 dabis?
889 4091 910 4144 Ι
922 4091 988 4145 lle
1027 4103 1194 4146 autem
1233 4093 1483 4163 pollicitus
1525 4103 1596 4146 est
1622 4093 1823 4146 lardum
1865 4109 1928 4147 ea:

349 4179 580 4248 gregibus
622 4196 676 4234 se
715 4182 1003 4236 missurum:
1048 4184 1134 4237 l7.
1181 4183 1244 4235 At
1283 4183 1390 4237 ltwc
1415 4184 1544 4237 dixit
1573 4198 1592 4237 :
1624 4183 1686 4238 Si
1729 4183 1928 4239 dederis

349 4270 700 4337 arrltabonem,
753 4273 910 4326 donec
954 4275 1142 4328 mittas.
1190 4275 1276 4329 18.
1311 4274 1377 4327 Et
1419 4275 1556 4328 dedit
1595 4276 1840 4327 annulum
1877 4285 1924 4327 et

347 4362 620 4429 armillam,
652 4375 698 4420 et
744 4364 996 4428 baculum,
1041 4377 1086 4419 et
1117 4368 1318 4420 intravit
1358 4367 1426 4419 ad
1468 4383 1598 4431 eant,
1641 4377 1685 4419 et
1714 4368 1924 4435 gravida

349 4453 482 4521 facta
510 4461 583 4507 est
611 4472 674 4509 ex
699 4473 778 4510 eo.

419 4543 647 4598 Christus
697 4562 760 4598 ea:
813 4548 1000 4600 semine
1036 4547 1196 4599 Juda.
1222 4578 1288 4586 —
1315 4548 1498 4602 Nullus
1538 4549 1652 4604 haec
1698 4550 1921 4603 audiens

348 4631 666 4686 condemnet
693 4634 925 4688 Thamar
952 4654 963 4689 :
995 4652 1136 4700 nam,
1166 4645 1225 4690 ut
1253 4637 1384 4702 dixi,
1415 4639 1790 4708 dispensationi
1821 4643 1920 4694 mi-

350 4721 593 4774 nistravit
621 4739 633 4774 :
657 4734 936 4792 propterea
979 4740 1150 4794 neque
1190 4727 1349 4779 ullam
1387 4727 1508 4781 inde
1542 4730 1919 4798 reprehensio-

349 4828 468 4866 nem
497 4825 748 4879 meretur,
781 4832 950 4884 neque
975 4816 1136 4871 Judas
1164 4819 1476 4873 criminibus
1515 4819 1608 4874 fuit
1636 4822 1917 4876 obnoxius.

348 4904 556 4958 Etenim
594 4903 695 4960 hac
726 4907 804 4960 via
837 4907 1148 4974 procedens,
1197 4908 1433 4965 invenies
1477 4926 1543 4965 ex
1584 4913 1762 4980 pueris
1796 4913 1920 4967 inde

345 4996 480 5048 natis
499 4996 766 5050 Christum
786 4999 1074 5053 secundum
1105 5016 1315 5056 carnem
1341 5001 1534 5059 ducere
1561 5019 1747 5073 genus.
1772 5004 1922 5060 Prii--

346 5097 488 5141 terca
517 5088 624 5142 duo
667 5090 749 5142 isti
779 5091 870 5144 tllii
906 5107 1001 5160 per
1035 5108 1153 5145 eum
1190 5095 1321 5160 nati,
1351 5094 1574 5149 duorum
1605 5096 1916 5164 populorum

345 5180 507 5246 figura
538 5178 765 5242 fuerunt,
801 5191 848 5232 et
875 5182 1146 5245 praedictio
1185 5185 1424 5252 quaedam
1453 5186 1574 5240 vita:
1603 5195 1709 5240 ttnn
1737 5186 1919 5241 Judai-

344 5283 439 5331 ειν,
471 5279 582 5323 tum
624 5270 932 5339 spirituatts.
978 5272 1082 5326 Sed
1124 5289 1262 5328 nunc
1289 5275 1563 5330 videamus
1594 5288 1714 5347 post
1739 5294 1917 5333 reces-

341 5373 455 5411 sum
476 5357 647 5425 Judzn,
679 5361 946 5430 quomodo
981 5377 1143 5429 parvo
1171 5373 1355 5418 exacto
1381 5373 1636 5434 tempore,
1671 5378 1724 5421 et
1753 5383 1916 5438 opere

342 5448 393 5501 in
425 5461 664 5518 apertum
689 5452 964 5522 producto,
995 5454 1156 5510 Judas
1186 5459 1526 5526 semetipsum
1569 5460 1911 5528 condemnat,

345 5538 486 5594 illam
523 5557 551 5593 a
575 5543 887 5599 criminibus
917 5545 1166 5600 liberans.
1209 5547 1338 5601 Nam
1371 5560 1648 5619 postquam
1677 5551 1916 5622 implevit

343 5627 570 5687 Thamar
593 5633 735 5703 quod
766 5636 950 5701 voluit,
983 5638 1173 5693 iterum
1199 5649 1399 5694 mutato
1435 5639 1616 5694 habitu
1644 5641 1765 5696 inde
1792 5643 1910 5713 qui-

341 5720 458 5778 dem
489 5726 725 5793 recessit,
754 5737 806 5784 et
833 5730 973 5785 venit
1013 5731 1065 5786 in
1101 5731 1313 5789 domum
1345 5748 1514 5790 suam.
1543 5733 1706 5790 ludas
1732 5746 1913 5792 autem

1209 301 1221 314 κ
1269 341 1278 348 ’
1333 353 1396 408 IN
1435 353 1587 407 car.
1632 346 1916 404 xxxvnt.
1958 340 2197 398 cases.
2241 339 2465 395 nontL.
2510 337 2663 393 an-z

3538 342 3636 394 53'.

2064 452 2191 507 nihil
2221 468 2405 507 eorum
2428 452 2621 515 sciens,
2654 452 3054 520 promissmncm
3081 451 3317 521 implevit
3342 463 3398 507 et
3426 453 3634 508 hmdum

2064 544 2227 606 misit,
2262 553 2318 596 ut
2343 541 2695 595 arrhabonem
2726 557 2879 595 suum
2911 542 2985 596 illi
3013 541 3192 596 datum
3218 543 3480 612 reciperet
3507 559 3519 596 :
3544 543 3639 598 sed

2064 650 2320 704 nusquam
2377 633 2589 686 inventa
2634 633 2872 699 muliere,
2927 635 3082 688 rediit
3129 650 3279 704 puer,
3326 635 3634 705 signiﬁcans

2059 723 2208 778 J'uda:
2247 739 2305 777 se
2333 738 2593 792 nusquam
2627 723 2864 778 invenire
2907 725 3182 779 mulierem
3223 726 3476 794 potuisse.
3505 727 3638 794 Qui-

2060 815 2157 868 bus
2197 815 2505 883 compertis,
2534 813 2699 868 Judas
2726 814 2878 881 dixit,
2919 816 3107 886 inquit,
3149 816 3225 871 Ne
3255 816 3638 872 forte-damne-

2061 921 2202 966 mur,
2243 913 2298 957 ut
2333 904 2494 957 habiti
2541 904 2751 972 ingrati.
2786 904 2966 973 Neque
3013 908 3151 960 enim
3181 908 3382 962 sciebat
3414 907 3632 961 factum.

2057 995 2251 1051 Verum
2281 996 2564 1066 prmleritis
2595 996 2864 1050 mensibus
2896 997 3082 1062 tribus,
3115 1006 3170 1052 et
3194 999 3398 1052 sarcina
3431 1001 3633 1052 ventris

2059 1096 2264 1155 partum
2309 1088 2649 1156 praedicente,
2697 1097 2751 1141 ct
2801 1088 2948 1142 nullo
2991 1089 3097 1142 alio
3139 1089 3388 1144 furtivum
3433 1093 3636 1145 sciente

2054 1179 2392 1233 concubitum
2419 1196 2434 1235 :
2459 1181 2547 1233 2.5.
2579 1180 2963 1244 Annuntiatum,
2997 1181 3183 1250 inquit,
3207 1191 3277 1235 est
3302 1180 3472 1248 Judw,
3503 1184 3637 1251 quod

2053 1281 2250 1323 uterum
2284 1280 2472 1341 gereret
2518 1288 2580 1324 ea:
2629 1271 2900 1325 adulterio.
2960 1271 3026 1324 Et
3073 1282 3127 1324 ut
3170 1271 3366 1339 didicit,
3423 1273 3643 1326 Educite

2052 1378 2181 1424 eam,
2216 1362 2396 1431 inquit,
2425 1372 2469 1415 et
2499 1364 2838 1415 comburatur.
2883 1361 3065 1432 Magna
3101 1362 3410 1431 indignatio,
3450 1365 3629 1432 gravis

2053 1467 2228 1520 pzrna,
2253 1453 2373 1523 quia
2401 1465 2454 1507 et
2481 1461 2755 1522 peccatum
2781 1452 2980 1521 grande
3018 1467 3136 1508 esse
3163 1451 3458 1507 videbatur.
3491 1454 3648 1520 Quid"

2052 1545 2207 1612 igitur
2256 1543 2534 1598 Thamar?
2583 1543 2856 1598 Productis
2905 1544 2968 1597 iis
3017 1559 3133 1612 qtae
3177 1545 3226 1597 in
3275 1543 3629 1597 arrhabonem

2049 1634 2214 1688 Jitdas
2260 1635 2565 1704 reliquerat,
2615 1634 2936 1704 inquitz‘25.
2980 1634 3040 1689 Si
3082 1635 3191 1704 quis
3229 1644 3301 1688 est
3340 1637 3487 1706 cujus
3522 1635 3628 1688 lucc

2049 1737 2188 1793 sunt,
2213 1727 2275 1781 ab
2301 1727 2391 1780 illo
2420 1727 2602 1781 ventris
2629 1729 2879 1779 sarcinam
2910 1727 3098 1796 accepi.

2117 1819 2172 1872 2.
2214 1818 2442 1873 Attende
2464 1818 2730 1888 quomodo
2763 1819 2923 1873 silens
2947 1818 3049 1872 ﬁde
3078 1819 3266 1888 dignos
3290 1827 3450 1873 testes
3471 1819 3644 1873 affert.

2045 1912 2135 1980 qui
2160 1911 2457 1980 loquantur,
2483 1910 2682 1964 etsatis
2702 1924 2818 1963 eam
2842 1910 3080 1963 criminis
3103 1910 3368 1963 innoxiam
3399 1910 3622 1964 demon-

2045 2012 2236 2056 strent.
2267 2001 2398 2066 Quia
2435 2001 2576 2054 enim
2603 1999 2770 2053 tribus
2801 2000 3023 2054 testibus
3049 2001 3256 2070 egebat,
3299 2017 3416 2068 qua:
3453 2001 3505 2053 in
3535 2001 3620 2052 tali

2045 2109 2204 2147 causa
2244 2093 2569 2162 arguebatur
2598 2110 2611 2145 :
2646 2093 2842 2145 idcirco
2870 2101 2926 2147 et
2964 2091 3079 2146 ha-c
3116 2091 3266 2162 quasi
3296 2092 3440 2146 claro
3472 2093 3642 2146 testi-~

2044 2186 2224 2239 monio
2241 2185 2387 2250 dato,
2414 2194 2522 2240 tres
2543 2185 2898 2240 arrhabonum
2923 2190 3126 2253 species
3148 2185 3326 2250 mittit,
3347 2185 3621 2248 annulum,

2042 2269 2322 2338 armillam,
2344 2282 2406 2333 et
2435 2276 2676 2330 baculum
2713 2292 2725 2328 :
2755 2284 2808 2328 et
2837 2276 2977 2330 domi
3009 2275 3201 2329 sedens
3243 2283 3529 2344 taceasque
3570 2275 3619 2328 in

2041 2384 2197 2422 causa
2238 2369 2382 2422 vicit.
2427 2368 2517 2424 26.
2554 2367 2721 2421 ludas
2768 2368 2909 2422 enim
2956 2385 3070 2420 cum
3117 2369 3415 2438 agnovisset,
3447 2367 3575 2421 dixit
3603 2383 3636 2418 τ-

2038 2458 2330 2528 Justificala
2353 2470 2426 2514 est
2453 2461 2612 2530 magis
2634 2475 2784 2528 quant
2806 2475 2916 2529 ego,
2943 2467 3206 2527 prapterea
3227 2458 3362 2526 quod
3384 2473 3481 2510 non
3503 2457 3622 2510 dedi

2039 2567 2149 2602 eam
2177 2550 2285 2618 ﬁlio
2317 2565 2424 2603 meo
2451 2549 2645 2604 Selom.
2671 2548 2808 2616 Quid
2837 2557 2937 2613 est,
2967 2547 3256 2617 Iusti/irata
3281 2557 3354 2601 est
3380 2549 3490 2618 ipsa
3515 2565 3624 2600 ma-

2036 2639 2132 2710 gis,
2165 2655 2316 2709 quam
2345 2640 2473 2710 ego?
2512 2639 2603 2693 llla
2631 2639 2865 2708 quidem,
2899 2639 3089 2708 inquit,
3139 2640 3350 2694 innoxia
3390 2650 3490 2705 cst,
3520 2655 3618 2709 ego

2036 2740 2214 2782 autem
2259 2730 2521 2798 mcipsum
2571 2731 2906 2795 condemno,
2954 2739 3008 2784 et
3042 2729 3184 2783 nullo
3211 2740 3464 2799 urguente
3507 2746 3618 2784 me-

2037 2821 2211 2888 ipsum
2246 2820 2448 2888 prodo;
2482 2821 2587 2873 imo
2622 2821 2832 2874 abunde
2859 2835 2943 2874 me
2980 2821 3323 2890 redarguunt,
3352 2837 3468 2889 qnce
3496 2821 3615 2875 data

2034 2919 2157 2962 sunt
2186 2910 2260 2962 illi
2291 2910 2343 2964 in
2371 2910 2746 2966 arrhabonem.
2773 2910 2839 2964 Et
2862 2910 3050 2964 deinde
3078 2911 3270 2964 iterum
3299 2911 3626 2965 Thamarent-

2033 3014 2315 3065 excnsans,
2347 3001 2513 3054 dicit:
2547 3001 2679 3067 Quia
2708 3019 2810 3054 non
2853 3000 2968 3055 dedi
2994 3017 3102 3053 eam
3134 3001 3306 3055 Selom
3332 3001 3439 3069 ﬁlio
3483 3017 3612 3054 meo.

2035 3089 2195 3145 Forte
2229 3099 2404 3146 autem
2431 3089 2533 3145 hoc
2564 3089 2759 3145 factum
2805 3098 2887 3145 est
2913 3091 2982 3143 ob
3008 3089 3142 3144 hanc
3177 3107 3333 3160 quam
3377 3091 3615 3144 dicturus

2034 3196 2151 3235 sum
2193 3182 2607 3247 causam._Nam
2651 3183 2773 3248 quia
2803 3181 2967 3236 Judas
3017 3181 3234 3251 putabat
3273 3181 3412 3234 illius
3457 3195 3620 3236 causa

2034 3282 2274 3327 mortuos
2303 3272 2377 3327 Er
2405 3283 2460 3328 et
2489 3275 2697 3336 Aunan,
2730 3272 2888 3343 idque
2919 3281 3162 3327 metuens
3191 3287 3310 3326 eam
3338 3286 3442 3326 non
3469 3271 3620 3327 dedit-

2031 3363 2232 3430 Selom,
2265 3365 2507 3434 quamvis
2549 3365 2597 3418 ei
2626 3365 2976 3434 promisisset,
3005 3372 3064 3417 ut
3095 3362 3376 3418 manifeste
3412 3378 3475 3418 ac
3501 3363 3615 3418 evi-

2030 3456 2220 3511 denter
2253 3457 2416 3512 sciret
2454 3457 2620 3526 ipsam
2668 3472 2772 3513 non
2805 3457 2920 3512 istis
2948 3472 3160 3512 causam
3204 3457 3364 3511 fuisse
3403 3457 3622 3519 mortis,

2031 3549 2123 3602 sed
2156 3563 2248 3603 cos
2275 3559 2492 3620 propter
2529 3564 2678 3603 suam
2705 3549 2958 3604 malitiam
2989 3564 3174 3619 ruminas
3201 3548 3412 3603 dedisse
3440 3551 3614 3620 (οσεὶτο

2031 3640 2104 3693 dit
2147 3658 2281 3706 eum,
2322 3643 2510 3711 inquit,
2539 3642 2676 3696 Deus
2707 3658 2726 3696 :
2752 3652 2806 3697 et
2833 3643 3019 3697 iterum
3043 3685 3057 3709 ,
3092 3643 3286 3697 Occidit
3319 3661 3428 3696 eum
3461 3643 3608 3714 (Gen.

2031 3731 2118 3785 58.
2164 3733 2216 3784 7.
2252 3732 2400 3801 lO),
2455 3733 2624 3800 inquit
2655 3733 2816 3786 etiam
2867 3733 2933 3787 de
2987 3735 3288 3803 secundo),
3333 3741 3624 3802 propterea--

2032 3821 2246 3890 ignarus
2273 3822 2385 3890 ipse
2415 3838 2532 3876 cum
2561 3839 2694 3876 nuru
2716 3837 2809 3875 sua
2832 3839 2942 3876 rem
2967 3823 3146 3888 habet,
3175 3835 3222 3877 et
3255 3825 3397 3878 clare
3427 3824 3610 3877 didicit

2037 3912 2202 3979 ipsam
2236 3927 2340 3965 non
2372 3912 2424 3964 in
2454 3926 2614 3966 causa
2640 3913 2826 3979 fuisse,
2855 3912 2948 3966 sed
2979 3913 3189 3967 illorum
3234 3913 3486 3967 malitiam
3514 3931 3608 3968 eos

2029 4018 2149 4057 reos
2187 4018 2361 4074 pmnae
2405 4003 2594 4058 fecisse
2633 4019 2647 4056 :
2679 4012 2734 4059 et
2767 4003 3044 4059 confessus
3088 4015 3365 4074 peccatum
3415 4019 3605 4068 suum,

2028 4095 2185 4146 etiam
2214 4094 2353 4147 illam
2380 4108 2410 4148 a
2437 4094 2697 4164 supplicio
2735 4094 2998 4150 liberavit.
3031 4093 3150 4148 Non
3175 4095 3381 4164 adjecit,
3416 4096 3605 4165 inquit,

2027 4193 2080 4237 ut
2101 4192 2418 4254 cognosceret
2443 4201 2571 4249 eam,
2593 4184 2735 4254 quod
2759 4183 3014 4248 declarat,
3038 4199 3210 4254 neque
3233 4185 3458 4255 primum
3485 4200 3617 4239 cum.

2026 4291 2087 4330 ea
2128 4292 2241 4331 rem
2274 4277 2576 4331 habiturum
2606 4277 2790 4344 fuisse,
2833 4278 2876 4332 si
2904 4279 3208 4348 agnovisset
3235 4294 3374 4332 eam.
3405 4278 3621 4332 Deinde-

2026 4376 2306 4436 postqnam
2335 4367 2617 4438 diligenter
2648 4369 2883 4424 narravit
2926 4371 3078 4425 nobis
3115 4370 3294 4424 divina
3336 4369 3617 4439 Scriptura-

2024 4457 2393 4524 dt-cuptionem
2441 4475 2599 4528 quant
2645 4459 2842 4514 fecerat
2892 4459 3160 4525 Thamar,
3215 4471 3623 4530 consequenter

2025 4547 2178 4600 docet
2211 4563 2307 4602 nos
2335 4548 2424 4618 qui
2453 4549 2543 4602 ﬁlii
2571 4550 2619 4603 ei
2655 4550 2762 4603 sint
2800 4551 2927 4604 nati.
2951 4551 3040 4603 27.
3069 4550 3297 4604 Factum
3313 4561 3385 4604 est
3413 4562 3613 4613 autem,

2025 4635 2212 4704 inquit,
2241 4652 2356 4691 cum
2381 4647 2594 4707 pareret,
2614 4648 2754 4690 erant
2773 4639 2972 4708 gemelli
2996 4641 3235 4700 inreatre
3258 4640 3368 4709 ejus
3387 4654 3404 4692 :
3421 4638 3508 4692 28.
3537 4637 3609 4690 Et

2023 4744 2134 4780 cum
2161 4738 2375 4797 pareret,
2398 4745 2530 4781 unus
2556 4729 2804 4796 protendit
2836 4745 3038 4781 manum
3067 4743 3088 4782 ε
3113 4730 3476 4799 apprehensum
3505 4745 3610 4781 au-

2024 4828 2121 4872 tent
2170 4818 2410 4873 obstetrix
2449 4821 2651 4872 coccino
2696 4819 2890 4888 ligavit,
2944 4819 3113 4872 dicens
3135 4835 3154 4872 :
3187 4819 3285 4872 Hic
3324 4822 3604 4890 egredietur

2024 4911 2236 4978 primus.
2281 4909 2412 4964 Vide
2453 4910 2557 4976 hic,
2604 4910 2846 4974 obsecro,
2885 4920 3274 4965 sacramentum
3320 4920 3378 4966 et
3405 4913 3601 4981 prtedi-

2021 5004 2259 5058 ctionem
2291 5002 2608 5057 futurorum.
2640 5001 2771 5056 Nam
2812 5011 3089 5072 postquam
3132 5003 3314 5073 ligavit
3339 5003 3598 5060 obstetrix

2022 5110 2238 5148 tnanum
2288 5094 2527 5158 coz'cino,
2581 5094 2652 5146 ita
2701 5103 2759 5147 ut
2810 5095 3058 5164 cognosci
3105 5105 3281 5164 posset
3333 5096 3594 5159 exiturus.

2023 5197 2147 5242 tunc
2170 5187 2258 5242 29.
2301 5187 2530 5241 Retraxit
2563 5203 2788 5252 manum,
2819 5197 2868 5241 et
2909 5188 3030 5242 exiit
3058 5192 3216 5259 frater
3243 5190 3370 5260 ejus.
3398 5190 3594 5254 Cessit,

2021 5278 2206 5349 inquit,
2238 5278 2405 5344 fratri,
2449 5287 2506 5332 ut
2549 5278 2693 5347 prior
2717 5279 3080 5349 egrederetur,
3111 5290 3166 5334 ct
3202 5281 3291 5349 qui
3333 5283 3596 5348 posterior

2021 5371 2317 5437 putabatur,
2363 5369 2507 5437 prior
2551 5368 2700 5435 exiit,
2745 5377 2800 5423 et
2845 5369 2930 5439 qui
2983 5371 3128 5438 prior
3173 5370 3620 5436 existimabatth

2017 5459 2281 5528 posterior
2303 5474 2548 5529 egressus
2588 5470 2688 5515 est.
2725 5460 2788 5514 Et
2816 5462 2944 5514 dixit
2983 5461 3221 5514 obstetrix
3247 5477 3265 5514 :
3298 5462 3468 5527 Quare
3510 5463 3596 5514 tti-

2016 5551 2120 5605 visa
2140 5562 2214 5604 est
2234 5559 2438 5621 propter
2463 5561 2510 5605 te
2531 5567 2670 5622 sepes
2690 5551 2716 5604 ?
2741 5552 2807 5605 Et
2834 5553 3020 5605 vocavit
3044 5568 3221 5605 nomen
3241 5553 3348 5623 ejus
3369 5551 3597 5606 Phares-

2017 5642 2396 5698 Dissectionem
2427 5643 2568 5698 enim
2605 5651 2660 5698 et
2689 5643 2838 5713 quasi
2879 5645 3212 5713 partitionem
3255 5645 3356 5699 hoc
3391 5660 3586 5702 nomen

2015 5734 2298 5805 significat.
2345 5735 2432 5790 30.
2483 5733 2550 5788 Et
2579 5745 2689 5804 post
2737 5733 2866 5789 hunc
2909 5751 3133 5806 egressus
3163 5746 3232 5792 est
3259 5736 3420 5806 frater
3444 5736 3578 5802 ejus,
