4168 6264
485 293 593 352 533

488 411 578 480 qni
602 412 800 482 signum
845 413 898 466 in
934 428 1086 466 manu
1122 413 1321 466 dextera
1357 420 1638 482 acceperat,
1683 423 1730 466 et
1758 415 1951 470 vocavit
1985 429 2081 467 no—

495 519 609 556 men
639 504 749 574 ejus
778 501 935 567 Zara,
968 504 1107 574 quod
1135 505 1514 573 interpretatur
1533 503 1724 559 Oriens
1747 502 1845 578 (a).

564 593 702 649 Zara
728 597 894 666 figura
915 595 1179 650 Ecclesiae.
1209 594 1317 649 Lex
1345 606 1546 666 peccata
1577 597 1903 652 demonstrat.
1927 627 1997 636 —
2017 596 2086 651 Et

495 686 636 756 quod
663 701 768 741 non
796 695 995 742 temere
1029 695 1082 740 et
1109 686 1308 756 absque
1335 703 1494 740 causa
1526 687 1641 742 lucc
1667 687 1801 742 facta
1831 689 1958 754 sint,
1991 687 2086 742 sed

497 782 662 848 figura
703 779 994 832 futurorum
1043 775 1262 843 fuerint,
1305 779 1548 833 resiosac
1577 780 1871 834 declarant.
1903 779 2087 850 Neque

497 872 638 924 cnim
685 868 977 924 secundum
1023 879 1227 925 naturae
1283 869 1528 924 ordinem
1582 871 1685 925 hoc
1731 868 1929 926 factum
1981 879 2084 925 est.

497 963 776 1030 Quomodo
797 964 938 1018 enim
969 970 1086 1017 erat
1113 962 1386 1032 possibile,
1419 972 1475 1017 ut
1497 973 1782 1033 postquam
1809 978 1997 1017 manus
2025 962 2090 1017 li-

499 1069 619 1125 gata
646 1052 742 1108 fuit
768 1055 1012 1121 coccino,
1040 1054 1153 1124 ipsa
1184 1055 1374 1109 iterum
1401 1055 1832 1122 contraheretur,
1860 1064 1915 1109 et
1939 1055 2092 1110 daret

498 1147 781 1215 posteriori
823 1147 1128 1212 transitum,
1158 1145 1260 1200 nisi
1293 1145 1472 1201 divina
1505 1146 1747 1216 qumdam
1780 1148 1947 1200 virtus
1975 1145 2092 1201 hsce

503 1237 649 1306 prius
674 1235 1060 1307 dispensasset,
1092 1246 1146 1291 et
1184 1237 1324 1292 sicut
1351 1237 1404 1290 in
1433 1237 1619 1291 umbra
1649 1237 1876 1306 quadam
1905 1236 2089 1306 praeli-

501 1337 764 1399 gurasset,
796 1327 935 1398 quod
963 1328 1140 1382 statim
1169 1328 1236 1381 ab
1266 1327 1414 1382 initio
1438 1327 1591 1394 Zara,
1623 1327 1764 1398 quod
1791 1336 1874 1382 est
1901 1325 2094 1382 Oriens

504 1421 616 1494 (hic
641 1423 783 1476 enim
817 1421 983 1490 figura
1027 1429 1142 1474 erat
1185 1419 1484 1488 Ecclesiae),
1513 1428 1859 1490 prospectare
1887 1419 2048 1487 erepit
2077 1436 2090 1472 :

505 1529 612 1582 quo
637 1512 904 1583 paulisper
943 1511 1288 1581 procedente,
1321 1527 1382 1564 ac
1412 1525 1536 1566 mox
1586 1509 1981 1576 retrocedente,
2015 1510 2093 1564 le-

507 1605 643 1674 galis
678 1605 978 1660 observatio
1033 1619 1131 1675 per
1166 1604 1366 1659 Phares
1404 1603 1697 1674 significata
1743 1603 2086 1668 subintravit,

507 1714 628 1766 qua:
675 1708 953 1766 postquam
999 1696 1090 1749 diu
1138 1711 1359 1764 regnum
1402 1695 1678 1760 tenuisset,
1729 1708 1794 1748 eo
1835 1693 1923 1764 qui
1950 1691 2096 1764 prius

505 1797 766 1854 cesserat,
819 1786 952 1840 Zara
999 1785 1265 1853 videlicet,
1314 1799 1501 1839 rursus
1543 1785 1888 1855 procedente,
1937 1785 2100 1840 cessit

514 1877 765 1932 Ecclesia:
795 1878 965 1931 omnis
993 1876 1209 1931 Judaica
1242 1876 1613 1931 consuetudo?
1642 1875 1746 1931 Sed
1792 1875 1929 1930 forte
1956 1889 2100 1929 nunc

511 1969 666 2022 fuerit
698 1967 1057 2022 necessarium
1111 1967 1249 2021 idem
1295 1969 1511 2021 brevius
1550 1975 1604 2022 et
1653 1965 1849 2021 clarius
1894 1965 2096 2020 dicere.

489 2059 765 2126 Fuerunt,
821 2059 960 2112 sicut
1010 2057 1143 2111 Zara
1193 2059 1280 2128 qui
1334 2073 1548 2113 manum
1597 2059 1834 2127 protulit,
1887 2057 2000 2112 Noe
2047 2065 2102 2112 et

511 2149 802 2216 Abraham,
836 2149 943 2204 imo
982 2161 1106 2204 ante
1136 2147 1247 2204 Noe
1277 2150 1410 2204 Abel
1450 2157 1507 2204 et
1533 2149 1739 2216 Enoch,
1767 2149 1962 2219 quibus
1987 2163 2102 2202 ma-

512 2258 673 2311 gnum
715 2241 948 2296 studium
984 2241 1082 2297 fuit
1131 2252 1188 2296 ut
1231 2244 1503 2311 placerent
1542 2242 1676 2296 Deo.
1707 2240 1908 2296 Deinde
1949 2249 2100 2310 post-

510 2350 669 2404 quam
701 2335 753 2388 in
785 2335 983 2389 multos
1027 2337 1322 2410 propagati,
1364 2336 1527 2390 multa
1567 2345 1904 2404 peccatorum
1935 2349 2098 2389 onera

511 2427 865 2496 collegerunt,
896 2442 1031 2496 opus
1065 2435 1242 2480 autem
1269 2435 1384 2480 erat
1415 2435 1472 2480 ut
1497 2426 1582 2480 vel
1619 2440 1832 2495 parvam
1871 2425 2102 2496 aliquam

513 2517 930 2572 consolationem
974 2516 1277 2572 haberent:
1305 2517 1426 2571 data
1467 2526 1552 2572 est
1591 2517 1677 2571 les
1702 2526 1760 2570 ut
1785 2515 1973 2570 umbra
2007 2516 2105 2570 ali-

514 2625 638 2680 qua,
691 2625 796 2664 non
843 2618 1061 2679 peccata
1109 2609 1320 2674 tollens,
1362 2607 1455 2662 sed
1499 2622 1562 2662 ea
1610 2606 2004 2672 demonstrans,
2050 2615 2106 2661 et

514 2703 792 2756 manifesta
819 2703 898 2756 eis
922 2701 1142 2765 faciens,
1177 2709 1234 2754 ut
1273 2708 1542 2769 tamquam
1573 2697 1868 2768 imperfecti
1897 2696 1988 2750 filii
2015 2697 2105 2767 qui

516 2794 653 2847 laete
683 2803 992 2862 pascuntur,
1021 2790 1328 2845 adolescere
1361 2798 1600 2860 possent.
1631 2788 1830 2844 Verum
1863 2789 1984 2858 quia
2011 2803 2106 2842 ne-

515 2899 619 2957 que
644 2883 746 2941 hoc
773 2883 858 2941 his
889 2881 1103 2958 profuit,
1132 2882 1248 2952 sed,
1279 2882 1363 2943 vel
1391 2881 1507 2958 lege
1528 2889 1867 2957 peccatorum
1896 2881 2107 2949 magni-

517 2981 752 3036 tudinem
804 2989 1156 3045 monstrante,
1208 2979 1304 3048 ipsi
1363 2980 1556 3034 iterum
1607 2977 1795 3032 iisdem
1849 2968 2107 3046 inquinati

515 3082 660 3138 sunt,
696 3072 988 3126 adveniens
1018 3071 1315 3125 communis
1345 3070 1597 3124 Dominus
1623 3077 1826 3136 noster,
1855 3067 2107 3138 spiritua-

522 3167 626 3221 lem
664 3165 803 3218 hanc
842 3174 897 3218 et
927 3164 1207 3218 virtutibus
1234 3163 1436 3217 claram
1478 3163 1634 3214 vitam
1669 3160 1904 3214 humano
1925 3157 2107 3228 generi

516 3256 738 3327 largitus
764 3266 866 3322 est,
899 3257 1052 3324 cujus
1083 3256 1302 3324 figuram
1340 3253 1472 3307 Zara
1505 3253 1777 3322 implebat.
1813 3251 1879 3306 Et
1909 3251 2110 3304 idcirco

518 3350 840 3419 evangelista
866 3348 1026 3402 etiam
1066 3346 1310 3400 meminit
1333 3343 1587 3408 Thamar,
1617 3352 1672 3397 et
1701 3356 1885 3396 eorum
1916 3340 2008 3410 qui
2043 3354 2109 3392 ex

519 3441 607 3495 itla
636 3441 744 3494 uati
787 3448 932 3503 sunt,
964 3447 1018 3492 et
1042 3437 1209 3492 dicit:
1237 3437 1268 3490 J
1277 3437 1403 3490 udas
1440 3444 1607 3488 autem
1631 3433 1804 3504 genuit
1835 3429 2033 3484 Phares
2061 3440 2108 3484 et

518 3530 708 3587 Zaram
735 3532 798 3584 de
825 3529 1050 3583 Thamar
1069 3529 1280 3600 (Matth.
1316 3529 1366 3581 1.
1395 3525 1472 3598 5).

593 3625 646 3677 5.
686 3621 764 3676 Ne
791 3623 948 3691 igitur
974 3631 1171 3676 temere
1197 3629 1579 3690 prmtereamus
1609 3632 1671 3672 ea
1695 3631 1812 3686 quae
1834 3615 1887 3669 in
1909 3613 2111 3669 divinis

519 3715 809 3784 Scripturis
833 3724 956 3769 sunt
986 3714 1214 3784 prodita,
1245 3725 1419 3782 neque
1443 3725 1509 3766 ea
1534 3725 1655 3780 qua:
1681 3707 1932 3762 dicuntur
1955 3721 1984 3758 a
2019 3720 2112 3759 su-

521 3809 738 3878 perficie
759 3808 1048 3862 salutemus
1072 3823 1087 3874 ;
1115 3806 1208 3862 sed
1235 3805 1459 3875 ingressi
1482 3803 1548 3857 ad
1572 3804 1742 3872 ipsum
1767 3797 2108 3870 profundum,

520 3916 642 3954 cum
672 3900 884 3955 divitias
913 3916 1033 3970 quae
1060 3900 1132 3954 ibi
1163 3899 1328 3953 latent
1353 3896 1720 3960 didicerimus,
1751 3893 2113 3964 glorificemus

523 3992 807 4047 Dominum
835 4000 1096 4056 nostrum,
1124 3991 1213 4061 qui
1239 4006 1361 4046 cum
1390 3998 1532 4043 tanta
1561 3987 1818 4057 sapientia
1839 3985 2115 4054 dispensat

521 4084 720 4138 omnia.
738 4083 872 4140 Nam
894 4084 939 4137 si
970 4083 1296 4138 uoluerimus
1317 4091 1551 4136 mentem
1566 4091 1619 4134 et
1640 4094 1857 4134 causam
1872 4081 2111 4134 omnium

522 4193 642 4246 quae
673 4175 806 4230 facta
851 4183 977 4228 sunt
1021 4174 1324 4243 exquirere,
1374 4187 1480 4226 non
1519 4171 1692 4225 solum
1736 4169 1872 4224 hanc
1913 4170 2114 4225 conde-

523 4269 846 4335 mnabimus,
866 4266 1008 4336 quod
1037 4282 1157 4322 cum
1184 4281 1375 4321 socero
1402 4281 1500 4320 suo
1535 4263 1902 4331 concubuerit,
1935 4263 2029 4318 sed
2059 4273 2115 4318 et

524 4362 798 4415 Abraham
844 4359 1321 4430 reprehendemus,
1359 4369 1416 4413 ut
1445 4358 1773 4430 puericidam
1815 4358 1996 4412 animo
2037 4355 2117 4410 fa-

525 4466 692 4520 etum,
725 4464 779 4509 et
819 4454 1077 4509 Phineem
1104 4463 1162 4508 ut
1191 4453 1391 4523 gemini
1434 4451 1595 4507 simul
1635 4450 1906 4506 homicidii
1939 4465 2112 4504 reum.

526 4549 620 4604 Sin
650 4557 826 4603 autem
859 4549 1276 4618 uniuscujusque
1300 4561 1519 4601 causam
1546 4545 1830 4615 diligenter
1857 4541 2112 4598 didiceri-

524 4657 664 4706 mus,
710 4651 766 4696 et
793 4641 913 4696 illos
939 4656 970 4695 a
999 4642 1223 4696 crimine
1261 4638 1628 4701 liberabimus,
1653 4648 1708 4692 et
1748 4652 1846 4691 nos
1892 4635 2112 4690 multam

523 4737 648 4792 inde
687 4735 966 4790 utilitatem
1017 4736 1390 4805 percipiemus.
1431 4733 1693 4788 Carterum
1745 4746 1844 4786 nos
1878 4747 1996 4799 quae
2048 4729 2116 4784 ad

521 4827 804 4882 historiam
827 4830 965 4881 hanc
989 4829 1237 4894 attinent,
1266 4842 1365 4898 pro
1392 4827 1528 4879 virili
1558 4834 1738 4880 nOstra
1769 4823 2117 4892 pertractavi-

523 4935 644 4972 mus
669 4919 875 4974 caritati
907 4929 1117 4974 vestrae.

597 5007 880 5064 Historiam
901 5009 1114 5080 Iosephi
1143 5027 1354 5065 narrare
1387 5011 1582 5082 pergit;
1607 5011 1771 5081 ipsum
1797 5011 1963 5080 gratia
1988 5025 2109 5063 con-

525 5102 668 5157 tinuo
693 5103 931 5173 adjutum
959 5105 1192 5158 ostendit.
1218 5133 1288 5144 —
1313 5104 1464 5172 Quod
1492 5105 1537 5158 si
1579 5119 1684 5158 non
1719 5105 2032 5173 fatigamini,
2061 5111 2116 5160 et

450 5233 471 5243 ο
526 5197 826 5264 volueritis,
857 5198 1016 5252 etiam
1044 5198 1322 5268 sequentia
1367 5200 1710 5266 attingemus,
1741 5206 1796 5251 et
1823 5198 2013 5251 iterum
2047 5195 2114 5250 ad

525 5289 887 5344 narrationem
915 5287 1243 5343 admirabilis
1265 5287 1484 5358 Iosephi
1524 5289 1818 5352 veniemus,
1853 5297 1910 5341 ut
1951 5287 2119 5341 disca-

525 5394 594 5439 tts
622 5399 688 5438 ex
720 5384 784 5437 iis
810 5399 930 5453 qua:
960 5382 1119 5437 hodie
1155 5382 1293 5437 dicta
1339 5392 1484 5446 sunt,
1529 5397 1649 5451 qua:
1685 5397 1981 5452 generosus
2025 5380 2116 5436 ille

524 5475 743 5538 athleta,
779 5487 899 5544 post
938 5475 1145 5530 somnia
1177 5476 1266 5530 illa
1297 5491 1519 5546 regnum
1551 5485 1604 5530 et
1637 5471 1989 5546 principatum
2011 5475 2118 5530 fra-

529 5577 666 5623 trum
696 5571 794 5626 sibi
829 5571 1215 5640 promittentia,
1248 5570 1581 5637 sustinuerit,
1613 5582 1668 5625 et
1693 5571 1960 5641 quomodo
1989 5586 2110 5627 cer-

589 5741 667 5806 (α)
697 5746 796 5796 Vox
823 5749 1055 5801 lich'aica
1081 5759 1155 5801 est
1176 5755 1292 5817 ΠἾτ,
1315 5752 1402 5801 sed
1429 5751 1710 5812 l'equentius
1747 5757 1908 5808 nam.

1235 296 1290 352 S.
1331 295 1606 352 JOANNlS
1643 295 2118 364 CHRYSOSTOMI
2164 297 2478 355 ARCHIEP.
2501 297 3034 359 CONSTANTINOP.

3667 303 3770 359 533

2195 413 2481 468 taminibus
2507 415 2838 472 certamina.
2879 415 3261 472 tentationibus
3300 417 3622 472 lentationes
3664 431 3782 470 Suc-

2193 504 2480 570 cesserint;
2509 507 2576 558 ita
2607 513 2662 559 ut
2693 505 3151 561 increbrescerent
3178 504 3448 575 naufragia
3470 549 3485 572 ,
3519 521 3618 561 nec
3651 508 3782 562 sub-

2197 607 2528 665 mergerelur
2567 597 2892 667 gubernator
2919 616 2931 650 :
2957 607 3010 651 et
3055 613 3177 651 cum
3223 595 3449 652 validior
3490 597 3787 668 insurgeret

2197 691 2504 755 tempestas,
2525 689 2675 757 quasi
2701 687 2766 742 ad
2796 689 3150 758 gubernacula
3179 688 3394 757 sedens,
3423 691 3598 744 navim
3632 706 3784 760 rege-

2196 787 2294 832 ret.
2325 777 2364 832 E
2394 793 2452 832 re
2475 789 2651 833 autem
2682 780 3014 836 fueritverba
3036 781 3146 850 ipsa
3172 779 3356 835 audire
3375 821 3390 846 ,
3420 790 3475 834 ut
3500 780 3785 852 diligenter

2196 869 2373 921 omnia
2404 868 2610 924 discere
2637 870 2920 939 possimus.
2955 871 3005 925 I.
3030 868 3223 941 Ioseph
3250 880 3417 924 autem
3443 871 3686 924 deductus
3713 880 3785 924 est

2196 960 2248 1012 in
2276 958 2583 1031 JEgyptum,
2626 971 2672 1016 et
2709 964 2826 1015 emit
2867 979 2980 1016 eum
3007 964 3375 1035 archimagirus
3411 963 3696 1017 Pharaonis
3723 964 3788 1014 de

2199 1067 2352 1103 manu
2386 1049 2761 1105 lsmaelitarum
2793 1050 2976 1122 (Caput
3005 1053 3120 1123 59).
3168 1053 3371 1109 Deinde
3408 1064 3680 1124 postquam
3711 1053 3783 1106 illi

2199 1142 2436 1196 moribus
2473 1143 2703 1207 barbari,
2731 1144 2818 1214 qui
2849 1160 2877 1196 a
2903 1144 3152 1198 fratribus
3175 1160 3296 1199 eum
3332 1153 3591 1206 emerant,
3623 1143 3786 1214 Egy-

2202 1236 2312 1304 ptio
2338 1235 2696 1306 archimagiro
2742 1237 3054 1303 Pharaonis,
3084 1237 3454 1303 vendiderunt,
3484 1238 3656 1292 varios
3683 1237 3784 1292 do-

2202 1325 2373 1378 minos
2403 1327 2622 1381 sortitus
2643 1336 2724 1381 est
2756 1327 2865 1392 ille,
2899 1329 2986 1396 qui
3018 1328 3155 1382 inter
3178 1329 3329 1382 ulnas
3351 1330 3514 1398 patris
3537 1328 3787 1382 educatus

2203 1416 2375 1471 fuerat
2397 1435 2409 1470 :
2435 1429 2490 1472 ut
2517 1434 2584 1473 ne
2601 1417 2925 1473 admiremur
2939 1419 3205 1488 quomodo
3223 1420 3399 1474 tulerit
3416 1435 3626 1490 gravem
3647 1419 3786 1472 illam

2201 1511 2508 1566 servitutem
2525 1511 2835 1566 adolescens
2852 1555 2865 1578 ,
2883 1519 2937 1565 et
2951 1513 3167 1566 omnino
3187 1512 3332 1566 dura:
3350 1510 3649 1582 hujusmodi
3667 1511 3789 1564 vita:

2202 1602 2530 1672 inexpertus,
2563 1601 2812 1672 domique
2829 1617 3016 1672 magna
3037 1602 3200 1672 patris
3215 1602 3582 1658 benevolentia
3598 1603 3792 1656 enutri-

2207 1702 2290 1747 tus
2311 1710 2322 1746 :
2345 1691 2579 1746 subdidit
2593 1693 2866 1762 Scriptura
2885 1693 3068 1748 dicens
3084 1713 3097 1748 :
3113 1693 3168 1748 2.
3193 1693 3258 1746 Et
3283 1705 3388 1748 erat
3412 1693 3658 1748 Dominus
3674 1711 3788 1748 cum

2202 1784 2416 1856 Ioseph,
2431 1795 2476 1838 et
2487 1793 2593 1838 erat
2613 1785 2687 1838 vir
2705 1801 2970 1853 assequens
3002 1783 3098 1857 (a).
3121 1785 3255 1853 Quid
3274 1794 3376 1850 est,
3399 1784 3525 1840 Erat
3549 1785 3792 1840 Dominus

2206 1893 2319 1930 cum
2333 1875 2526 1946 Ioseph
2544 1876 2943 1931 ?Comitabatur
2961 1891 3104 1940 eum,
3125 1876 3312 1946 inquit,
3338 1875 3512 1930 divina
3531 1876 3715 1946 gratia,
3739 1885 3794 1929 et

2205 1967 2458 2023 reddebat
2475 1969 2522 2022 ei
2544 1967 2710 2022 facilia
2731 1968 2906 2023 omnia
2925 1983 3043 2038 qua!
3055 1969 3232 2038 gravia
3251 1980 3421 2022 erant.
3446 1968 3566 2022 [huc
3583 1968 3794 2036 dispen-

2204 2061 2356 2116 sabat
2397 2076 2582 2116 omnes
2600 2061 2714 2131 ejus
2732 2075 2836 2126 res,
2857 2059 2973 2115 hinc
2985 2061 3374 2115 mansuetiores
3393 2059 3440 2115 ei
3457 2060 3684 2115 reddidit
3699 2077 3794 2115 ne-

2207 2153 2516 2222 gotiatores.
2542 2163 2594 2207 et
2617 2152 2850 2208 vendere
2865 2152 3220 2222 archimagiro
3241 2153 3434 2222 coegit,
3465 2160 3524 2206 ut
3545 2151 3792 2222 paulatim

2210 2243 2308 2299 hac
2335 2245 2417 2298 via
2448 2243 2764 2314 procedens,
2789 2254 2842 2298 et
2867 2259 2963 2313 per
2993 2245 3312 2298 tcntationes
3335 2245 3449 2297 illas
3469 2243 3689 2309 vadens,
3721 2245 3785 2297 ad

2209 2337 2411 2407 regium
2443 2336 2634 2392 solium
2674 2336 2963 2391 ascendere
2995 2336 3210 2390 valeret.
3245 2335 3441 2389 Verum
3474 2346 3550 2401 tu,
3579 2335 3791 2397 dilecte,

2208 2427 2432 2482 audiens
2459 2443 2582 2483 eum
2624 2427 2941 2482 sustinuisse
2983 2427 3290 2481 servitutem
3335 2425 3474 2495 apud
3505 2425 3795 2496 negotiato-

2214 2534 2321 2584 res,
2369 2517 2564 2573 deinde
2617 2519 2904 2573 servivisse
2947 2517 3088 2588 apud
3140 2515 3572 2587 archimagirum,
3625 2515 3796 2586 cogita

2209 2610 2476 2680 quomodo
2505 2625 2611 2666 non
2642 2611 2883 2664 turbatus
2921 2611 3009 2675 sit,
3059 2625 3229 2679 neque
3267 2608 3596 2679 cogitaverit,
3628 2623 3797 2678 neque

2211 2700 2533 2757 ltzesitaverit
2573 2716 2756 2756 secum
2795 2700 3018 2756 dicens:
3049 2700 3178 2768 Quze
3216 2699 3545 2754 somniorum
3588 2699 3796 2754 illorum

2210 2792 2474 2862 deceptio,
2530 2808 2649 2863 qua:
2698 2801 2896 2846 tantam
2941 2791 3160 2863 gloriam
3215 2791 3607 2863 pollicebatur?
3662 2791 3800 2853 Ecce

2210 2883 2353 2939 enim
2385 2893 2504 2954 post
2532 2884 2738 2940 somnia
2773 2884 2860 2942 illa
2886 2884 3135 2955 servitus,
3169 2899 3222 2945 et
3247 2891 3477 2944 servitus
3499 2891 3698 2959 gravis,
3734 2905 3798 2944 ac

2210 2974 2415 3036 domini
2467 2979 2732 3036 vatiizab
2777 2981 2879 3035 hoc
2919 2991 3130 3035 transeo
3175 2980 3241 3034 ad
3280 2979 3461 3046 illum;
3507 2981 3573 3035 ab
3617 2981 3707 3034 illo
3735 2980 3801 3035 ad

2214 3072 2376 3127 alium
2420 3080 2522 3127 :et
2563 3087 2726 3142 cogor
2777 3070 3127 3126 barbarorum
3181 3085 3494 3126 assuescere
3545 3071 3801 3125 moribus.

2212 3165 2479 3237 Numquid
2508 3165 2748 3220 derelicti
2779 3163 3002 3218 sumus?
3025 3163 3280 3232 numquid
3302 3163 3592 3230 contempti
3621 3175 3804 3216 sumus

2214 3275 2242 3310 a
2275 3273 2508 3328 superno
2533 3257 2780 3327 prmsidio
2803 3258 2826 3310 ’ἶ
2853 3256 2995 3310 Nihil
3021 3257 3126 3310 tale
3156 3259 3236 3308 vel
3264 3256 3397 3308 dixit
3426 3255 3509 3309 vel
3536 3254 3801 3323 eegitavit,

2214 3349 2306 3403 scd
2333 3349 2449 3403 tulit
2475 3349 2652 3402 omnia
2677 3357 2950 3402 mansuete
2973 3355 3028 3401 et
3053 3345 3281 3400 fortiter.
3311 3343 3438 3398 Erat
3465 3345 3608 3399 enim
3631 3342 3806 3396 Domi-

2215 3456 2310 3493 nus
2338 3456 2452 3493 cum
2472 3436 2685 3508 Ioseph,
2717 3448 2764 3492 et
2790 3449 2894 3492 erat
2923 3438 2999 3490 vir
3023 3453 3310 3505 assequeris.
3344 3435 3480 3503 Quid
3509 3444 3612 3500 est,
3659 3435 3805 3488 Asse-

2215 3535 2413 3603 quens?
2437 3531 2626 3587 Omnia
2652 3533 2700 3586 ei
2731 3546 2984 3602 prospere
3023 3529 3403 3592 succedebant,
3445 3529 3640 3597 ubique
3668 3541 3804 3595 prte-

2216 3626 2440 3681 ccdebat
2478 3640 2598 3678 eum
2643 3638 2873 3692 superna
2920 3620 3270 3692 providentia,
3316 3628 3371 3673 et
3413 3619 3485 3672 ita
3525 3616 3804 3672 manifesta

2217 3727 2333 3774 erat
2359 3717 2550 3788 gratia,
2583 3732 2702 3785 qua:
2724 3715 2946 3770 florebat
2967 3729 3129 3784 super
3154 3730 3298 3777 cum,
3325 3713 3562 3766 utetiam
3587 3710 3806 3764 domino

2217 3811 2334 3881 ejus
2379 3809 2735 3879 archimagiro
2765 3807 3103 3863 manifestmn
3153 3806 3256 3859 hoc
3298 3805 3468 3859 fieret.
3516 3805 3570 3859 5.
3603 3801 3806 3857 Sciebat

2218 3903 2370 3968 enim,
2396 3901 2582 3971 inquit,
2606 3900 2838 3954 dominus
2861 3900 2988 3969 ejus,
3011 3897 3146 3968 quod
3175 3896 3422 3950 Dominus
3442 3905 3567 3949 esset
3591 3911 3703 3948 cum
3721 3910 3803 3959 eo,

2218 4006 2262 4048 et
2291 3995 2461 4049 omnia
2489 4009 2814 4065 quoscumque
2848 3991 3082 4064 faciebat,
3125 3989 3376 4043 Dominus
3405 4004 3646 4058 prospera
3687 3986 3806 4040 red-

2218 4090 2364 4142 debat
2410 4091 2461 4143 in
2495 4089 2725 4142 manibus
2767 4088 2901 4156 ejus.
2944 4085 2998 4140 4.
3040 4083 3239 4138 Invenit
3267 4093 3436 4136 autem
3461 4079 3655 4150 Ioseph
3684 4097 3806 4151 gra-

2217 4181 2338 4234 tiam
2367 4197 2537 4234 coram
2568 4179 2771 4232 domino
2787 4193 2899 4242 suo,
2929 4185 2975 4230 et
2999 4175 3256 4229 constituit
3287 4190 3398 4227 eum
3424 4188 3576 4242 super
3603 4171 3811 4224 domum

2219 4287 2384 4336 snam,
2429 4280 2475 4323 et
2521 4269 2693 4323 omnia
2731 4282 3057 4338 quacumque
3099 4265 3332 4326 habebat,
3373 4264 3509 4316 dedit
3537 4263 3590 4316 in
3631 4277 3810 4314 manus

2217 4361 2434 4431 Ioseph.
2467 4361 2657 4438 Vidisti
2692 4369 2945 4430 quantum
2977 4359 3046 4412 sit
3080 4371 3309 4426 superna
3338 4370 3494 4408 manu
3524 4352 3811 4422 adjuvari?

2223 4453 2360 4506 Ecce
2386 4452 2528 4507 enim
2560 4461 2614 4506 et
2633 4451 2813 4520 juveni
2839 4460 2893 4504 et
2918 4448 3197 4520 peregrino
3221 4457 3275 4500 et
3301 4443 3512 4512 captivo
3545 4457 3812 4510 servoque

2219 4562 2247 4599 a
2277 4545 2492 4600 domino
2514 4553 2620 4599 tota
2643 4543 2831 4598 domus
2853 4541 3088 4597 creditur
3117 4558 3128 4593 :
3162 4538 3226 4592 Et
3255 4536 3548 4606 omniaquae
3573 4533 3807 4598 habebat,

2220 4639 2357 4692 dedit
2384 4639 2436 4691 in
2463 4653 2640 4690 manus
2670 4638 2798 4706 ejus.
2827 4634 3039 4700 Quare?
3064 4632 3197 4700 Quia
3238 4646 3361 4684 cum
3391 4642 3626 4697 superno
3656 4625 3807 4678 ausi-

2223 4732 2292 4784 Iio
2312 4740 2363 4784 et
2393 4743 2519 4784 suos
2544 4727 2721 4781 attulit
2747 4739 2944 4781 mores.
2970 4723 3156 4778 Gratus
3178 4722 3322 4777 enim
3343 4721 3387 4773 ei
3410 4727 3557 4784 erat;
3584 4716 3685 4770 hoc
3705 4723 3807 4779 est,

2221 4837 2340 4874 cum
2373 4833 2560 4889 magna
2581 4818 2748 4888 gratia
2778 4815 3003 4871 faciebat
3023 4814 3221 4869 omnia.
3253 4811 3453 4866 Deinde
3476 4808 3660 4862 volens
3687 4820 3808 4859 eum

2223 4914 2481 4981 benignus
2527 4911 2665 4964 Deus
2695 4908 2746 4962 in
2777 4905 2965 4976 majori
3006 4905 3289 4960 securitate
3327 4901 3672 4962 constituere,
3703 4911 3810 4950 non

2223 5003 2464 5057 liberavit
2503 5017 2531 5054 a
2583 5002 2860 5065 servitute,
2897 5011 3069 5066 neque
3098 4995 3398 5050 libertatem
3437 4992 3484 5047 ei
3516 4989 3680 5044 dedit.
3716 4988 3811 5041 llic

2223 5096 2364 5149 enim
2411 5110 2526 5148 mos
2571 5104 2652 5148 est
2682 5093 2811 5154 Deo,
2839 5099 2894 5144 ut
2937 5105 3041 5143 non
3093 5088 3282 5142 liberet
3321 5101 3348 5135 a
3393 5082 3638 5153 periculis
3669 5080 3812 5132 viros

2224 5187 2416 5248 virtute
2445 5185 2649 5248 claros,
2683 5198 2854 5252 neque
2893 5198 2924 5235 e
2953 5177 3336 5235 tentationibus
3367 5176 3564 5228 eximat
3591 5190 3606 5230 ς
3638 5169 3729 5223 sed
3762 5170 3811 5222 in

2224 5280 2352 5349 ipsis
2380 5277 2760 5332 tcntationibus
2803 5283 3006 5328 tantum
3048 5286 3201 5326 suum
3244 5265 3493 5323 ostendat
3531 5263 3810 5325 auxilium,

2225 5379 2283 5423 ut
2311 5369 2624 5424 tcntationes
2655 5368 2782 5436 ipsa:
2822 5366 2900 5420 eis
2932 5366 3058 5417 liant
3087 5361 3300 5416 occasio
3333 5356 3650 5413 festivitatis.
3683 5353 3814 5407 Pro-

2226 5471 2342 5530 pter
2374 5459 2474 5513 hoc
2503 5469 2556 5513 et
2589 5458 2776 5512 beatus
2809 5456 2970 5511 David
3003 5455 3214 5508 dicebat
3244 5470 3257 5506 :
3290 5451 3356 5504 1η
3384 5447 3708 5502 tribulatione
3738 5443 3813 5494 di-

2226 5554 2398 5608 latasti
2440 5569 2515 5605 me
2557 5549 2724 5621 (Psal.
2758 5549 2810 5603 4.
2852 5548 2931 5619 2).
2985 5546 3099 5599 Non
3150 5542 3570 5604 tribulationem,
3624 5534 3813 5604 inquit,

2291 5688 2363 5746 (α)
2392 5686 2624 5733 ttebraiee
2640 5661 2816 5737 rr'ova
2874 5686 3004 5740 vim,
3033 5678 3104 5728 rir
3127 5688 3353 5739 prospere
3376 5686 3539 5739 agens,
3555 5683 3649 5734 quo
3668 5667 3813 5719 etiam

2231 5771 2378 5807 sensu
2403 5757 2559 5805 locum
2584 5754 2793 5816 explicat
2811 5757 3173 5814 (nrysostomus
3196 5747 3332 5797 infra.
