4168 6264
468 287 575 347 535

462 400 724 468 ἐξῆλθεν
750 398 784 452 ό
820 396 1083 465 ἀδελφὸς
1110 394 1294 449 αὐτοῦ
1328 397 1360 448 ό
1391 393 1459 447 τὸ
1496 390 1747 460 σημεῖον
1790 390 1889 443 ἐπὶ
1928 387 2035 455 τῆς

464 481 660 551 χειρὸς
712 480 824 545 τῆς
877 478 1079 544 δεξιᾶς
1127 477 1477 545 δεξάμενος,
1524 476 1622 528 καὶ
1668 473 1924 527 ἐκάλεσε
1971 471 2038 524 τὸ

464 566 651 633 ὄνομα
682 562 867 617 αὐτοῦ
906 560 1086 630 Ζαρᾶ,
1111 560 1140 614 ὃ
1163 560 1522 632 ἑρμηνεύεται
1550 557 1803 627 ἀνατολή.

529 725 639 777 Καὶ
670 725 750 776 ὅτι
787 725 885 793 οὑχ
915 723 1101 787 ἁπλῶς
1138 723 1310 777 ταῦτα
1346 722 1658 792 γεγένηται,
1702 718 1839 774 ἀλλά
1868 717 2032 781 τύπος

454 800 525 877 ἦν
550 807 657 859 τῶν
688 807 989 876 μελλόντων
1015 806 1250 867 ἔσεσθαι.
1282 806 1419 860 αύτά
1442 806 1589 876 δηλοῖ
1617 804 1684 858 τά
1713 804 2030 873 πράγματα.

459 889 594 941 Ούδέ
633 889 742 958 γὰρ
774 889 913 941 κατά
946 888 1159 957 φύσεως
1204 888 1524 942 ἀκολουθίαν
1570 883 1637 958 ἦν
1683 886 1743 939 τὸ
1792 885 2031 953 γεγονός.

460 970 585 1032 Πῶς
615 969 724 1040 γὰρ
758 966 826 1040 ῆν
859 970 1100 1030 δυνατὸν,
1140 972 1277 1039 μετὰ
1302 972 1362 1024 τὸ
1390 970 1605 1039 δεθῆναι
1638 970 1738 1038 τήν
1767 971 1925 1037 χεῖρα
1954 966 2033 1036 τῷ

460 1051 716 1121 κοκκίνῳ,
754 1052 913 1105 πάλιν
946 1053 1295 1122 συσταλῆναι,
1336 1054 1428 1106 καὶ
1461 1052 1643 1106 δοῦναι
1682 1049 1911 1121 πάροδον
1954 1046 2034 1116 τῷ

463 1133 600 1202 μετά
650 1133 853 1197 ταῦτα,
896 1136 945 1187 εί
982 1134 1057 1205 μὴ
1106 1134 1227 1187 θεία
1274 1152 1357 1197 τις
1403 1131 1471 1205 ἦν
1521 1134 1748 1202 δύναμις
1792 1134 1826 1201 ή
1862 1130 2034 1184 ταῦτα

456 1216 940 1285 προοικονομοῦσα,
975 1217 1069 1269 καὶ
1097 1216 1345 1287 καθάπερ
1372 1218 1430 1268 ἐν
1463 1218 1591 1286 σκιᾷ
1613 1231 1717 1268 τινι
1751 1212 2032 1283 προδιετυ-

459 1297 645 1358 ποῦτο,
674 1300 756 1351 ὃτι
786 1298 846 1362 ἐξ
874 1299 1049 1369 ἀρχῆς
1084 1299 1176 1352 καὶ
1206 1300 1269 1351 ἐκ
1308 1298 1609 1368 προοιμίων
1644 1298 1671 1349 6
1700 1296 1869 1365 Ζαρά,
1900 1295 2032 1365 ὅπερ

458 1378 606 1431 ἐστὶν
633 1381 863 1451 ἀνατολὴ
888 1394 910 1420 ιι
944 1373 1120 1448 (οὗτος
1151 1380 1259 1450 γάρ
1288 1382 1315 1431 6
1339 1380 1505 1442 τύπος
1534 1380 1632 1448 τῆς
1662 1377 2030 1446 Ἐκκλησίας),

457 1461 660 1531 ήρξατο
706 1462 1059 1531 προκύπτειν,
1094 1464 1186 1515 καὶ
1228 1462 1420 1535 μικρὸν
1470 1461 1824 1531 προελθόντος
1866 1456 2031 1512 αὑτοῦ

457 1545 551 1596 καὶ
604 1545 1078 1615 ὑποχωρήσαντος,
1122 1548 1155 1616 ή
1203 1544 1401 1615 νομικὴ
1437 1544 1815 1614 παρατήρησις
1858 1544 1891 1613 ή
1945 1541 2033 1594 διά

455 1625 547 1677 τοῦ
580 1627 752 1694 Φαρὲς
800 1628 1108 1698 μηνυομένη
1149 1626 1455 1697 ἐπεισῆλθε.
1492 1627 1586 1679 καὶ
1631 1625 1807 1696 χρόνῳ
1856 1622 2032 1693 πολλῷ

456 1708 748 1775 κρατοῦσα,
774 1708 932 1762 πάλιν
958 1709 1048 1762 τοῦ
1087 1710 1349 1781 πρότερον
1380 1708 1527 1780 [594]
1555 1708 2029 1778 ὑποχωρήσαντος,

453 1790 547 1842 τοῦ
586 1793 736 1860 Ζαρᾶ
777 1791 938 1859 λέγω,
971 1792 1344 1861 προελθόντος,
1374 1789 1735 1864 παρεχώρησε
1776 1788 1936 1841 πάλιν
1963 1789 2029 1857 τῇ

453 1870 749 1942 Ἐκκλησία
769 1874 916 1925 πᾶσα
938 1875 970 1943 ἡ
1003 1873 1266 1943 Ἰουδαῖκή
1289 1872 1531 1924 πολιτεία
1551 1888 1565 1935 ;
1597 1871 1755 1923 Ἀλλά
1774 1869 1914 1939 τάχα
1934 1868 2031 1923 νῦν

452 1955 746 2021 ἀναγκαῖον
778 1954 1185 2025 συντομώτερον
1215 1956 1377 2007 πάλιν
1414 1954 1547 2007 αὐτὸ
1581 1954 1674 2006 καὶ
1700 1952 2033 2021 σαφέστερον

450 2037 644 2090 εἰπεῖν.
670 2034 964 2107 Ἤρξαντο,
1017 2038 1272 2107 καθάπερ
1314 2039 1342 2088 6
1381 2036 1532 2105 Ζαρᾶ
1566 2036 1665 2103 τὴν
1697 2037 1852 2103 χεῖρα
1894 2050 2031 2103 προ-

450 2118 764 2187 ἐξήνεγκεν,
787 2123 814 2171 6
841 2118 963 2169 Νῶε
997 2118 1089 2169 καὶ
1116 2120 1144 2169 6
1176 2117 1446 2187 Ἀϐραὰμ,
1491 2117 1691 2186 μᾶλλον
1717 2116 1773 2168 δέ
1804 2116 1910 2187 πρὸ
1936 2115 2031 2167 τοῦ

450 2201 573 2252 Νςῖιε
603 2204 631 2253 6
660 2201 822 2253 Ἀϐελ
857 2202 950 2253 καὶ
978 2201 1006 2251 ὁ
1047 2198 1214 2267 Ἑνὼχ
1258 2201 1356 2268 τῆς
1394 2200 1528 2269 πρὸς
1565 2199 1656 2251 τὸν
1688 2198 1819 2251 Θεὸν
1851 2199 2034 2271 εύαρε-

452 2283 693 2350 στήσεως
765 2282 932 2334 πολὺν
987 2281 1256 2334 ποιεῖσθαι
1309 2280 1487 2349 λόγον.
1541 2276 1673 2332 Εἶτα
1724 2281 1906 2350 ἐπειδὴ
1953 2282 2031 2343 εἰς

451 2364 658 2433 πλῆθος
698 2364 1018 2427 ἐκταθέντες
1048 2363 1217 2415 πολλά
1249 2364 1440 2434 φορτία
1468 2363 1879 2432 ἁμαρτημάτων
1913 2379 2033 2413 συν-

449 2446 719 2511 ελέξαντο,
768 2446 872 2499 ἔδει
903 2446 958 2499 δέ
1007 2448 1209 2516 μικρᾶς
1258 2464 1403 2509 τινος
1444 2446 1639 2508 αὐτοὺς
1685 2443 2032 2515 παραμυθίας

449 2529 760 2593 ἀπολαύειν,
787 2529 861 2592 ὡς
886 2530 1012 2583 σκιά
1039 2546 1122 2591 τις
1156 2530 1184 2581 6
1207 2528 1367 2599 νόμος
1407 2528 1583 2597 ἐδόθη,
1610 2529 1707 2597 ούχ
1734 2528 1814 2580 ὅτι
1856 2528 2031 2598 ἀμαρ-

448 2611 661 2679 τήματα
689 2611 949 2681 ἀναιρῶν,
979 2610 1113 2663 ἀλλά
1147 2610 1317 2663 ταῦτα
1343 2610 1662 2673 ἀποδεικνὺς
1696 2611 1787 2663 καὶ
1821 2609 2031 2680 φανερά

450 2694 629 2756 αὐτοῖς
680 2693 1064 2762 ἐργαζόμενος,
1096 2694 1181 2744 ἵνα
1237 2692 1484 2764 καθάπερ
1515 2693 1584 2746 τά
1632 2692 1793 2763 ἀτελῆ
1845 2692 2029 2745 παιδία

445 2777 675 2844 γάλακτι
708 2776 1015 2847 τρεφόμενα
1053 2778 1132 2839 εἰς
1176 2778 1360 2846 ἀκμὴν
1408 2778 1624 2847 ήλικίας
1656 2776 1829 2829 ἐλθεῖν
1866 2776 2029 2845 δυνη-

447 2858 633 2913 θῶσιν.
669 2859 807 2911 Ἀλλ’
839 2858 1026 2929 ἐπειδὴ
1058 2858 1180 2911 οὐδὲ
1226 2858 1397 2922 οὕτως
1434 2860 1717 2913 ἀπώναντό
1744 2876 1829 2924 τι,
1871 2858 2026 2925 ἀλλὰ,

447 2943 621 2997 καίτοι
659 2942 1098 3005 ὑποδεικνύοντοες
1131 2940 1226 2995 τοῦ
1270 2943 1436 3012 νόμου
1473 2942 1581 2994 τῶν
1615 2942 2027 3013 ἁμαρτημάτων

448 3028 511 3080 τὸ
554 3025 802 3095 μέγεθος,
831 3019 975 3078 οῦτοι
1026 3025 1188 3077 πάλιν
1230 3026 1437 3087 τούτοις
1468 3025 1816 3095 ἀνεφύροντο,
1855 3041 2029 3093 παρα-

448 3108 735 3176 γενόμενος
768 3110 794 3160 6
829 3107 1003 3170 κοινὸς
1044 3108 1318 3177 Δεσπότης
1350 3108 1446 3176 τὴν
1482 3106 1853 3177 πνευματικὴν
1893 3106 2025 3159 ταύ-

443 3206 543 3260 την
576 3192 666 3242 καὶ
715 3191 968 3261 ἐνάρετον
1004 3190 1275 3243 πολιτείαν
1308 3188 1387 3258 τῷ
1426 3190 1533 3241 τῶν
1566 3188 1867 3259 ἀνθρώπων
1898 3191 2025 3258 ἐχαο

447 3273 635 3340 ρίσατο
673 3272 838 3339 γένει,
868 3268 935 3343 ἧς
968 3271 1136 3325 τύπον
1178 3273 1206 3323 6
1237 3273 1388 3342 Ζαρᾶ
1437 3272 1695 3340 ἐπλήρου.
1725 3272 1822 3323 Διά
1870 3271 2025 3323 τοῦτο

446 3356 539 3407 καὶ
577 3357 605 3407 6
650 3355 1038 3425 εύαγγελιστής
1076 3356 1347 3425 μέμνηται
1393 3355 1485 3406 καὶ
1532 3356 1632 3423 τῆς
1682 3354 1879 3423 Θάμαρ
1931 3356 2024 3407 καὶ

445 3436 552 3488 τῶν
599 3439 655 3503 ἐξ
705 3440 872 3507 αὐτῆς
925 3438 1246 3508 τεχθέντων,
1302 3438 1395 3489 καί
1449 3453 1645 3506 φησιν·
1692 3438 1911 3501 Ἰούδας
1955 3436 2024 3488 δὲ

444 3520 733 3589 ἐγέννησε
761 3523 867 3574 τὸν
895 3521 1085 3589 Φαρὲς
1112 3521 1208 3575 καὶ
1240 3520 1347 3575 τὸν
1375 3519 1534 3589 Ζαρᾶ
1563 3521 1631 3573 ἐκ
1663 3518 1771 3587 τῆς
1802 3518 2020 3587 Θάμαρ.

516 3681 584 3748 γ’.
602 3680 694 3751 Μὴ
709 3682 885 3735 τοίνυν
907 3683 1092 3745 άπλῶς
1114 3683 1440 3754 παρατρέχω
1447 3700 1543 3751 μεν
1561 3683 1627 3735 τά
1642 3684 1698 3735 ἐν
1714 3685 1833 3745 ταῖς
1851 3683 2024 3747 θείαις

443 3762 683 3832 Γραφαῖ;
732 3765 991 3834 κείμενα,
1036 3765 1169 3835 μηδέ
1214 3764 1537 3831 ἐξεπιπολῆς
1564 3767 1675 3825 τοῖς
1708 3764 2021 3831 λεγομένοις

447 3846 820 3915 προσέχωμεν,
847 3846 961 3898 ἀλλ’
988 3849 1067 3908 είς
1094 3847 1152 3898 τὸ
1184 3846 1342 3914 βάθος
1370 3846 1593 3905 ἑαυτοὺς
1622 3845 1899 3906 καθέντες,
1931 3847 2025 3897 καὶ

446 3928 535 3980 τὸν
566 3929 984 3997 ἐναποκείμενον
1010 3928 1239 3979 πλοῦτον
1264 3927 1687 3995 καταμαθόντες,
1711 3924 2021 3995 δοξάζωμεν

444 4013 535 4066 τὸν
583 4012 845 4081 ἡμέτερον
874 4011 1169 4081 Δεσπότην,
1211 4011 1301 4062 τὸν
1341 4010 1477 4079 μετὰ
1525 4008 1787 4077 τοσαύτης
1834 4009 2023 4077 σοφίας

446 4098 659 4150 ἅπαντα
686 4095 1090 4164 οἰκονομοῦντα.
1123 4095 1182 4145 El
1214 4094 1321 4162 γάρ
1356 4092 1429 4163 μὴ
1456 4093 1545 4145 τὸν
1574 4090 1773 4144 σκοπὸν
1804 4092 1897 4143 καὶ
1924 4091 2024 4161 τήν

447 4180 624 4232 αἰτίαν
673 4178 903 4231 ἑκάστου
954 4175 1062 4229 τὼν
1123 4177 1423 4245 γινομένων
1470 4176 1745 4241 ἐξετάζειν
1814 4173 2020 4244 βουλοί-

448 4261 606 4330 μεθα,
638 4262 698 4313 ού
733 4260 890 4329 μόνον
929 4259 1132 4329 ταύτης
1162 4260 1629 4327 κατηγορήσομεν,
1662 4257 1737 4319 ὼς
1774 4256 1854 4326 τῷ
1890 4274 2016 4309 πεν-

445 4344 587 4417 θερῷ
636 4345 803 4415 αὐτῆς
837 4343 1108 4414 μιγείσης,
1138 4342 1271 4394 ἀλλά
1301 4342 1394 4393 καὶ
1432 4342 1522 4394 τὸν
1560 4339 1807 4410 Ἀϐραάμ
1846 4340 2022 4393 αἰτια-

447 4429 671 4497 σόμεθα,
701 4428 774 4491 ὡς
816 4427 1158 4479 παιδοκτόνον
1184 4428 1249 4494 τῇ
1280 4423 1471 4496 γνώμῃ
1496 4424 1880 4493 γεγενημένον,
1927 4424 2021 4476 καὶ

446 4511 535 4561 τὸν
562 4511 765 4573 Φινεὲς,
804 4510 879 4571 ὼς
920 4510 1038 4561 κατ’
1084 4508 1243 4561 αὑτὸν
1269 4507 1362 4558 δύο
1392 4508 1583 4573 φόνους
1622 4505 2014 4577 ἐργασάμενον.

444 4592 584 4644 ·Ἐάν
610 4592 666 4643 δὲ
698 4593 928 4644 ἑκάστου
962 4591 1060 4660 τὴν
1094 4590 1272 4642 αἰτίαν
1307 4588 1545 4660 ἀκριϐῶς
1592 4589 2017 4657 καταμάθωμεν,

449 4677 731 4736 κάκείνους
766 4674 1022 4743 μέμψεως
1068 4672 1465 4741 ἀπαλλάξομεν.
1504 4672 1596 4724 καὶ
1626 4671 1779 4724 αὑτοὶ
1820 4670 2021 4739 πολλὴν

446 4757 654 4811 ἐκεῖθεν
695 4758 793 4827 τὴν
826 4756 1091 4824 ὠφέλειαν
1152 4753 1573 4825 καρπωσόμεθα.
1616 4752 1776 4805 Ἀλλά
1819 4753 1884 4805 τὰ
1923 4752 2020 4821 μὲν

446 4840 584 4892 κατά
612 4839 707 4909 τήν
750 4839 985 4909 ἱστορίαν
1017 4838 1238 4907 ταύτην,
1269 4837 1345 4899 ὡς
1376 4837 1503 4905 ήμῖν
1547 4831 1657 4889 οἷόν
1688 4852 1748 4887 τε
1777 4830 1865 4905 ἦν,
1891 4835 2021 4902 διεξ-

446 4921 780 4993 εληλύθαμεν
806 4924 898 4973 ἐπὶ
934 4924 1029 4991 τῆς
1061 4921 1327 4992 ὑμετέρας
1353 4920 1594 4989 ἀγάπης.

514 5097 577 5149 Εἰ
607 5095 663 5147 δὲ
700 5093 773 5164 μὴ
811 5092 1144 5160 ἀπεκάμετε,
1180 5090 1273 5142 καὶ
1316 5085 1589 5157 βούλεσθε,
1634 5084 1727 5136 καὶ
1758 5081 1865 5134 τῶν
1894 5079 2019 5149 ἑξῆς

445 5175 787 5247 ἐφαψάμεθα,
817 5175 909 5227 καὶ
941 5174 1099 5227 πάλιν
1129 5172 1222 5225 ἐπὶ
1251 5171 1351 5241 τὴν
1392 5168 1534 5221 κατά
1576 5167 1666 5219 τὸν
1710 5164 2020 5247 θαυμαστδν

459 5246 654 5329 Ἰωσὴφ
700 5259 948 5328 διήγησιν
980 5255 1202 5325 ἥξομεν,
1251 5254 1337 5306 ἵνα
1389 5252 1597 5322 μάθητε
1616 5249 1744 5329 ῌκαὶ
1796 5250 1860 5299 ἐκ
1912 5246 2019 5298 τῶν

447 5326 683 5414 σήμερον
732 5326 1054 5409 λεγομένων,
1101 5338 1201 5390 ὅσα
1240 5339 1268 5388 6
1308 5337 1551 5402 γενναῖος
1583 5326 1735 5393 οὗτος
1786 5329 2021 5414 ἀθλητὴς

629 5424 700 5477 τά
744 5424 998 5494 ὀνείρατα
1045 5423 1255 5482 ἐκεῖνα,
1308 5418 1375 5471 τά
1423 5418 1519 5486 τὴν
1556 5414 1831 5496 βασιλείαν
1875 5409 2023 5496 αύτῷ

451 5493 725 5580 μηνύοντα
772 5493 868 5560 καί
920 5505 1018 5575 τήν
1066 5504 1207 5557 κατά
1254 5502 1361 5554 τῶν
1401 5499 1644 5566 ἀδελφῶν
1686 5495 1880 5580 ἀρχὴν,
1921 5493 2022 5580 ὑπ-

449 5576 650 5662 έμεινε,
682 5591 776 5643 καὶ
812 5591 957 5650 ὅπως
1004 5588 1111 5640 ἀπὸ
1138 5586 1363 5653 ἀγώνων
1406 5583 1611 5651 ἀγῶνες
1647 5580 1807 5633 αὑτὸν
1854 5576 2020 5662 6:866-

449 5661 628 5745 χοντο,
672 5675 767 5728 καὶ
811 5674 1137 5743 πειρασμοῖς
1183 5668 1481 5740 πειρασμοὶ
1525 5666 1876 5733 συνήπτοντο,
1928 5661 2021 5711 καὶ

449 5758 723 5827 ἐπάλληλα
763 5752 832 5827 ἦν
863 5754 931 5808 τὰ
953 5754 1205 5821 ναυάγια.
1236 5752 1330 5805 καὶ
1355 5752 1384 5803 6
1422 5749 1756 5819 κυϐερνήτης
1794 5746 1854 5796 ού
1894 5759 2021 5795 κατ-

452 5842 779 5905 εποντίζετο,
826 5838 918 5893 καὶ
975 5836 1324 5907 σφοδροτέρου
1378 5834 1469 5889 τοῦ
1533 5831 1793 5901 χειμῶνος
1849 5830 2016 5880 ἐπαν-

1408 282 1475 334 IN
1518 280 1669 334 CAP.
1710 276 1974 333 XXXVIII
2015 276 2260 332 GENES.
2298 277 2532 333 HOMIL.
2575 278 2731 335 LXII.

2149 390 2467 460 ισταμένου,
2522 390 2769 461 καθάπερ
2828 389 2921 441 ἐπὶ
2976 388 3084 443 τῶν
3127 388 3325 444 οἰάκων
3378 390 3719 461 καθήμενος,

2141 471 2283 524 οὕτω
2324 474 2425 542 τὴν
2478 473 2603 526 ναῦν
2651 474 2847 526 ἴθυνεν.
2880 470 3063 536 Ἀξιον
3105 473 3161 525 δὲ
3195 472 3425 527 ἀκοῦσαι
3472 475 3567 526 καὶ
3619 477 3722 528 αύ-

2140 554 2247 606 τῶν
2293 555 2401 606 τῶν
2449 556 2730 624 ῥημάτων,
2771 556 2856 608 ἵνα
2894 555 3071 608 πάντα
3108 555 3244 624 μετά
3284 554 3569 624 ἀκριϐείας
3616 573 3719 624 μα-

2142 634 2253 688 θεῖν
2302 636 2639 707 δυνηθῶμεν.
2688 638 2902 705 Ἰωσὴφ
2952 636 3051 700 δὲ,
3099 637 3265 707 φησὶ,
3329 638 3594 705 κατήχθη
3632 641 3723 703 είς

2138 717 2472 783 Αἴγυπτον,
2515 717 2611 771 καί
2656 718 2954 783 ἐκτήσατο
3002 719 3186 772 αὑτὸν
3226 722 3257 772 ὀ
3304 718 3719 788 ἁρχιμάγειρος

2140 799 2347 864 Φαραὼ
2375 799 2443 851 ἐκ
2470 800 2668 868 χειρὸς
2712 799 3115 867 Ἰσμαηλιτῶν.
3150 797 3283 853 Εἶτα
3312 802 3497 869 ἐπειδὴ
3525 804 3617 855 καὶ
3664 804 3715 854 οί

2139 882 2287 946 παρά
2313 880 2419 931 τῶν
2449 881 2691 948 ἀδελφῶν
2721 882 2880 934 αὑτὸν
2908 882 3249 951 ὠνησάμενοι
3284 881 3547 953 βάρϐαροί
3572 900 3716 947 τινες

2138 977 2229 1013 και
2257 961 2531 1014 ἀλλόκοτοι
2561 959 2701 1032 ἦσαν
2725 963 2785 1015 τὸ
2804 959 2955 1033 ἦθος,
2982 964 3077 1016 καὶ
3094 964 3253 1016 πάλιν
3269 966 3423 1017 αὐτοὶ
3445 964 3522 1034 τῷ
3546 966 3715 1032 Δίγυ-

2138 1043 2279 1113 πτίῳ
2309 1044 2388 1115 τῷ
2434 1046 2816 1116 ἀρχιμάγείρῳ
2857 1044 2949 1097 τοῦ
2984 1046 3181 1117 Φαραὼ
3223 1048 3384 1101 αὑτὸν
3432 1047 3711 1110 ἀπέδοντο,

2138 1125 2231 1177 καὶ
2256 1125 2543 1195 διαφόρους
2572 1127 2766 1196 ῆμειϐε
2806 1126 3072 1191 δεσπότας
3112 1130 3139 1181 6
3184 1130 3244 1181 ἐν
3286 1132 3406 1192 ταῖς
3451 1129 3716 1197 ἀγκάλαις

2134 1206 2228 1258 τοῦ
2286 1208 2487 1278 πατρὸς
2534 1207 2898 1278 ἀνατραφείςο
2939 1209 3027 1261 ἵνα
3058 1209 3131 1278 μὴ
3182 1209 3517 1279 ξενιζώμεθα
3560 1207 3713 1280 [ὸ95]

2138 1287 2252 1352 πῶς
2286 1289 2483 1358 ήνεγκε
2503 1290 2600 1359 τήν
2623 1289 2902 1359 μοχθηράν
2932 1290 3147 1360 ἐκείνην
3178 1291 3421 1343 δουλείαν
3453 1290 3574 1355 νέος
3616 1290 3712 1356 ὢν,

2135 1372 2228 1423 καὶ
2275 1372 2457 1441 πάσης
2496 1374 2750 1441 τοιαύτης
2795 1372 3212 1442 σκληραγωγίας
3244 1375 3469 1443 ἄπειρος
3490 1414 3504 1437 ,
3533 1376 3625 1427 καὶ
3655 1375 3715 1427 ἐν

2132 1454 2279 1524 οἰκίᾳ
2313 1455 2448 1524 μετά
2476 1455 2679 1524 πολλῆς
2714 1454 2812 1523 τῆς
2859 1455 3133 1526 πατρικῆς
3174 1456 3552 1526 φιλοστοργίας
3579 1459 3711 1509 ἀνα-

2131 1538 2381 1606 τραφεὶς,
2429 1538 2708 1606 ἐπήγαγεν
2748 1539 2781 1607 ή
2826 1537 3014 1608 Γραφὴ
3054 1537 3315 1605 λέγουσα·
3349 1541 3455 1592 Καὶ
3490 1536 3568 1608 ἦν
3594 1538 3713 1593 Κύ-

2126 1633 2258 1685 ριος
2285 1618 2436 1684 μετὰ
2486 1618 2731 1687 Ἰωσὴφ,
2786 1619 2882 1672 καὶ
2927 1615 3006 1688 ἦν
3076 1620 3232 1687 ἀνὴρ
3275 1618 3709 1689 ἐπιτυγχάνων.

2134 1699 2199 1750 Τί
2228 1701 2363 1762 ἐστι,
2411 1701 2519 1753 Καί
2546 1697 2625 1769 ἦν
2658 1704 2873 1768 Κύριος
2896 1701 3045 1770 μετὰ
3095 1704 3354 1772 Ἰωσήφ;
3410 1703 3712 1773 Συμπαρῆν

2135 1782 2307 1851 αὐτῷ,
2336 1783 2522 1853 φησὶν,
2555 1787 2587 1854 ή
2622 1783 2825 1837 ἀνωθεν
2849 1787 3028 1857 χάρις,
3065 1787 3159 1839 καὶ
3186 1787 3326 1858 αὑτὴ
3349 1788 3495 1856 αὐτῷ
3536 1789 3712 1841 πάντα

2130 1867 2199 1919 τά
2228 1867 2464 1937 δυσχερῆ
2514 1866 2890 1939 ἐξευμάριζεν.
2927 1870 3075 1940 Α’ύτη
3104 1872 3279 1924 πάντα
3303 1872 3371 1925 τά
3397 1872 3515 1925 κατ’
3549 1873 3713 1925 αὑτὸν

2130 1946 2427 2019 ᾠκονόμει·
2457 1950 2594 2021 αῦτη
2628 1952 2722 2003 καὶ
2749 1953 2874 2016 τοὺς
2906 1953 3178 2023 ἐμπόρους
3208 1955 3449 2017 ἐκείνους
3494 1957 3714 2025 ἡμερω-

2129 2032 2319 2101 τέρους
2367 2033 2514 2103 αὐτῷ
2550 2034 2851 2104 κατέστησε
2875 2077 2888 2100 ,
2924 2038 3017 2089 καὶ
3050 2038 3338 2090 ἀποδόσθαι
3370 2037 3446 2107 τῷ
3473 2040 3711 2109 ἀρχιμαι-

2130 2114 2299 2183 γείρῳ
2334 2116 2770 2185 κατηνάγκασεν,
2807 2119 2894 2171 ἵνα
2924 2118 3030 2190 ὀδῷ
3061 2121 3368 2190 προϐαίνων
3396 2120 3538 2173 οὕτω
3572 2122 3711 2175 κατὰ

2133 2198 2324 2267 μικρὸν
2347 2237 2360 2260 ,
2394 2199 2488 2251 καὶ
2527 2199 2616 2252 διά
2652 2200 2761 2252 τῶν
2810 2202 3133 2271 πειρασμῶν
3162 2202 3364 2255 τούτων
3395 2202 3589 2255 ὁδεύων
3618 2204 3713 2256 ἐπὶ

2130 2279 2218 2331 τὸν
2245 2281 2342 2350 τῆς
2370 2281 2646 2350 βασιλείας
2680 2280 2865 2352 θρόνον
2899 2284 3139 2337 ἀνελθεῖν
3169 2285 3390 2355 δυνηθῇ.
3425 2285 3583 2339 Ἀλλά
3618 2288 3709 2348 σὺ,

2128 2363 2417 2432 ἀγαπητέ,
2483 2363 2695 2415 ἀκούων
2741 2365 2821 2417 ὄτι
2871 2365 3129 2435 ὑπέμεινε
3177 2366 3273 2437 τήν
3320 2367 3567 2421 δουλείαν
3608 2369 3709 2438 τὴν

2129 2443 2279 2514 παρά
2316 2446 2429 2506 τοῖς
2479 2444 2780 2514 ἐμπόροις,
2825 2442 2943 2499 εἶτα
2988 2447 3256 2513 διεδέξατο
3288 2450 3320 2519 ή
3360 2448 3570 2502 δουλεία
3612 2450 3708 2503 τοῦ

2128 2526 2528 2597 ἀρχιμαγείρου
2549 2568 2564 2594 ,
2600 2527 2821 2596 λογίζου
2843 2568 2859 2593 ,
2908 2529 3024 2593 πῶς
3058 2530 3158 2583 οὑκ
3192 2532 3548 2603 ἐταράττετο,
3589 2533 3709 2587 οὑδὲ

2126 2607 2450 2676 διελογίζετο
2479 2611 2601 2663 καθ’
2634 2612 2823 2665 ἐαυτὸν
2861 2613 2954 2665 καὶ
2988 2613 3181 2684 ἠπόρει
3209 2615 3300 2667 καὶ
3333 2615 3485 2682 ἔλεγε
3505 2632 3518 2645 ·
3546 2616 3640 2679 Τίς
3672 2616 3705 2685 ή

2123 2692 2232 2744 τῶν
2265 2693 2559 2762 ὀνειράτων
2589 2694 2811 2748 ἐκείνων
2836 2696 3017 2767 ἀπάτη
3049 2699 3080 2766 ή
3109 2696 3376 2767 τοσαύτην
3410 2698 3508 2768 τήν
3547 2716 3705 2769 περι-

2126 2776 2352 2842 φάνειάν
2381 2794 2466 2846 μοι
2512 2777 2827 2845 μηνύουσας
2870 2778 2997 2831 Ἰδοὺ
3029 2780 3137 2848 γάρ
3169 2780 3305 2848 μετά
3352 2782 3421 2833 τὰ
3453 2781 3705 2848 ὀνείρατα

2126 2859 2310 2911 ἐκεῖνα
2350 2858 2595 2925 δουλεία,
2628 2861 2720 2913 καὶ
2762 2861 2974 2913 δουλεία
3013 2862 3258 2932 χαλεπὴ,
3301 2863 3395 2916 καὶ
3437 2856 3704 2927 δεσπότας

2124 2941 2339 3011 ἀμείϐω
2361 2983 2375 3006 ,
2407 2942 2515 2994 ἀπὸ
2550 2943 2742 2996 τούτου
2784 2944 2922 3013 πρὸς
2964 2945 3191 3006 ἐκεῖνον,
3230 2946 3323 2997 καὶ
3370 2946 3464 2998 ἀπ’
3498 2946 3706 2999 ἐκείνου

2126 3024 2261 3094 πρὸς
2308 3023 2531 3087 τοῦτον,
2575 3026 2670 3077 καὶ
2740 3024 3119 3093 ἀναγκάζομαι
3170 3025 3346 3079 ἔθεσιν
3392 3027 3706 3092 ἀλλοκότοις

2127 3105 2641 3175 συναναμίγνυσθαι.
2686 3102 2834 3177 Ἀρα
2885 3106 2959 3177 μή
3012 3107 3546 3179 ἐγκατελείφθημεν;
3595 3106 3707 3181 ἆρα

2127 3188 2201 3258 μὴ
2247 3188 2622 3258 παρώφθημεν
2680 3188 2827 3259 παρά
2869 3189 2968 3256 τῆς
3019 3189 3225 3242 ἀνωθεν
3275 3191 3485 3260 ροπῆς;
3541 3193 3707 3247 Οὐδὲν

2121 3270 2361 3323 τοιοῦτον
2388 3272 2487 3323 ούκ
2517 3267 2691 3337 εἶπεν,
2723 3273 2820 3324 ούκ
2848 3272 3149 3341 ἐνενόησεν,
3186 3271 3302 3325 ἀλλ’
3328 3276 3490 3344 ἔφερε
3522 3275 3705 3329 πάντα

2122 3354 2313 3424 πράως
2364 3354 2457 3407 καὶ
2504 3356 2782 3422 γενναίως.
2828 3350 2940 3409 Ἦν
2980 3355 3085 3425 γὰρ
3138 3358 3355 3423 Κύριος
3386 3358 3539 3425 μετὰ
3583 3359 3704 3413 Ἰω-

2121 3436 2252 3503 σὴφ
2279 3476 2292 3498 ,
2327 3436 2425 3489 καί
2454 3432 2532 3503 ἦν
2562 3436 2719 3506 ἀνὴρ
2758 3436 3171 3506 ἐπιτυγχάνων
3237 3438 3301 3489 Τί
3340 3440 3509 3503 ἐστιν,
3548 3441 3704 3492 Ἐπι-

2121 3519 2454 3587 τυγχάνων.
2502 3521 2685 3573 Πάντα
2723 3514 2871 3590 αύτῴ
2906 3521 3233 3585 κατευώδου,
3271 3523 3544 3591 πανταχοῦ
3574 3540 3706 3591 προ-

2120 3602 2371 3654 ωδοποίει
2396 3603 2542 3673 αύτῷ
2584 3606 2616 3672 ή
2649 3603 2854 3657 ἀνωθεν
2882 3605 3040 3675 χάρις
3059 3644 3073 3666 ,
3108 3605 3202 3657 καὶ
3237 3605 3375 3658 οὕτω
3402 3607 3610 3677 φανερά
3636 3603 3705 3678 ἦν

2120 3683 2152 3751 ή
2191 3683 2497 3736 ἐπανθοῦσα
2524 3685 2671 3753 αὐτῷ
2703 3686 2861 3754 χάρις
2881 3727 2895 3749 ,
2927 3686 3001 3749 ὡς
3042 3688 3137 3739 καὶ
3165 3685 3242 3755 τῷ
3271 3686 3505 3758 δεσπότῃ
3538 3688 3702 3740 αὐτοῦ

2120 3763 2199 3831 τῷ
2249 3766 2623 3835 ἀρχιμάγείρῳ
2666 3766 2964 3835 κατάδηλον
3010 3766 3168 3818 τοῦτο
3223 3768 3496 3833 γενέσθαι.
3537 3768 3703 3838 ’ᾘδει

2120 3844 2252 3912 γὰρ,
2306 3847 2490 3915 φησὶν,
2538 3851 2570 3899 ό
2619 3849 2815 3913 κύριος
2844 3848 3051 3912 αὐτοῦ,
3089 3848 3177 3900 ὅτι
3212 3851 3427 3915 Κύριος
3469 3847 3547 3916 ἦν
3574 3851 3702 3916 μετ’

2122 3924 2327 3989 αὐτοῦ,
2361 3926 2457 3978 καί
2490 3926 2684 3980 πάντα
2718 3928 2833 3981 ὅσα
2863 3928 2939 3981 ἂν
2963 3928 3105 3996 ποιῇ
3126 3970 3139 3992 ,
3174 3930 3384 3996 Κύριος
3410 3931 3613 3984 εὐοδοἷ
3633 3933 3703 3985 ἐν

2122 4008 2251 4073 ταῖς
2283 4009 2494 4077 χερσὶν
2525 4009 2733 4064 αὐτοῦ.
2769 4008 2926 4079 Εὗρε
2968 4012 3037 4064 δὲ
3083 4013 3304 4080 Ἰωσὴφ
3327 4013 3506 4081 χάριν
3528 4015 3702 4068 ἐναν-

2120 4092 2251 4144 τίον
2282 4092 2387 4145 τοῦ
2434 4094 2644 4161 κυρίου
2689 4095 2911 4159 αὑτοῦ,
2960 4095 3058 4149 καί
3108 4094 3483 4163 κατέστησεν
3515 4100 3701 4152 αὑτεν

2120 4172 2217 4225 ἐπὶ
2250 4178 2357 4227 τοῦ
2396 4176 2565 4229 οτκου
2611 4176 2798 4231 αὐτοῦ
2822 4216 2836 4239 ,
2877 4177 2975 4230 καὶ
3018 4177 3214 4231 πάντα
3250 4179 3367 4231 ὅσα
3412 4176 3489 4245 ἦν
3540 4179 3700 4245 αὐτῴ

2119 4257 2303 4309 ἔδωκε
2327 4257 2425 4310 διὰ
2452 4257 2649 4326 χειρὸς
2682 4258 2914 4327 Ἰωσήφ.
2947 4254 3100 4323 Είδες
3122 4260 3245 4313 ὅσον
3290 4261 3435 4314 ἐστὶν
3464 4263 3568 4314 ὑπὸ
3598 4261 3699 4331 τῆς

2120 4337 2327 4391 ἄνωθεν
2376 4339 2686 4408 βοηθεῖσθαι
2718 4339 2933 4406 δεξιᾶς;
2974 4342 3104 4394 Ἰδοὺ
3155 4341 3263 4413 γὰρ
3315 4343 3405 4395 καὶ
3447 4344 3563 4407 νέος
3604 4345 3699 4396 καὶ

2122 4422 2271 4488 ξένος
2320 4423 2413 4474 καὶ
2451 4423 2794 4491 αἰχμάλωτος
2825 4424 2921 4477 καὶ
2952 4424 3155 4487 δοῦλος,
3193 4442 3283 4478 και
3316 4428 3495 4478 πᾶσαν
3520 4428 3699 4497 ἐγχει-

2123 4505 2330 4576 ρίζεται
2362 4505 2512 4574 παρά
2541 4505 2633 4557 τοῦ
2665 4506 2923 4558 δεσπότου
2972 4508 3069 4577 τὴν
3108 4508 3307 4561 οἰκίαν.
3357 4509 3469 4561 Καὶ
3502 4508 3700 4565 πάντα

2121 4586 2219 4638 διὰ
2252 4586 2447 4655 χειρὸς
2493 4588 2679 4641 αὑτοῦ
2721 4587 2961 4651 δέδωκε,
3011 4589 3162 4658 φησί.
3211 4590 3309 4642 Διά
3351 4591 3435 4654 τί;
3481 4590 3698 4662 Ἐπειδὴ

2125 4668 2261 4738 μετά
2308 4668 2405 4737 τῆς
2451 4668 2655 4721 ἀνωθεν
2706 4669 2995 4740 συνεργίας
3025 4673 3118 4723 καὶ
3147 4671 3237 4723 τὸν
3269 4674 3466 4723 οἰκεῖον
3500 4672 3697 4741 τρόπον

2122 4753 2456 4822 εἰσήνεγκεν.
2494 4751 2818 4819 Εὺηρέστει
2850 4753 2957 4822 γὰρ
2985 4752 3145 4817 αὐτῷ
3165 4792 3178 4812 ,
3210 4753 3395 4821 φησὶν,
3432 4755 3550 4806 ἀντὶ
3576 4752 3697 4819 τοῦ,

2123 4835 2274 4888 Μετὰ
2306 4835 2504 4904 πολλῆς
2530 4835 2740 4898 εὐνοίας
2768 4835 2984 4888 ἅπαντα
3008 4836 3379 4905 διεπράττετο.
3417 4833 3549 4888 Εἶτα
3576 4836 3699 4905 βου-

2120 4918 2343 4987 λόμενος
2380 4919 2541 4971 αὑτὸν
2574 4920 2601 4970 6
2630 4918 3008 4987 φιλάνθρωπος
3033 4919 3164 4981 Θεὸς
3192 4920 3251 4971 ἐν
3280 4920 3483 4973 πλείονι
3521 4937 3695 4973 κατα-

2124 5003 2319 5072 στῆσαι
2350 5002 2532 5072 ἀδείᾳ,
2580 5002 2679 5054 οὐκ
2721 5001 2997 5071 ἀπήλλαξε
3028 5002 3126 5069 τῆς
3163 5002 3405 5065 δουλείας
3425 5044 3439 5067 ,
3485 5003 3605 5055 ούδέ
3637 5004 3695 5055 ἐν

2120 5083 2400 5154 ἐλευθερίᾳ
2432 5083 2845 5154 παρεσκεύασεν
2872 5079 3031 5136 εἶναι.
3072 5084 3241 5137 Τοῦτο
3270 5089 3378 5154 γὰρ
3402 5084 3550 5154 αύτῷ
3574 5084 3695 5146 ἐθος

2121 5166 2228 5228 ἀεὶ,
2281 5167 2406 5229 τοὺς
2457 5167 2744 5238 ἐναρέτους
2794 5166 2993 5237 ἄνδρας
3036 5168 3137 5220 οὐκ
3180 5168 3543 5220 ἀπαλλάττειν
3587 5166 3696 5217 τῶν

2122 5249 2400 5313 κινδύνων,
2441 5250 2560 5302 οὐδὲ
2608 5249 2926 5320 ἐλευθεροῦν
2957 5251 3063 5303 τῶν
3096 5250 3435 5320 πειρασμῶν,
3484 5248 3598 5299 ἀλλ’
3637 5249 3696 5299 ἐν

2120 5334 2303 5395 αὑτοῖς
2346 5339 2457 5396 τοῖς
2488 5336 2815 5403 πειρασμοῖς
2844 5334 3112 5403 τοσαύτην
3157 5330 3561 5386 ἐπιδείκνυσθαι
3595 5330 3695 5400 τήν

2119 5417 2324 5468 οἰκείαν
2355 5416 2556 5485 ῥοπὴν,
2585 5416 2660 5479 ὡς
2692 5417 2887 5479 αὐτοὺς
2915 5418 3040 5479 τοὺς
3073 5416 3411 5487 πειρασμοὺς
3437 5413 3694 5466 ὑπόθεσιν

2120 5501 2299 5561 αὐτοῖς
2333 5500 2525 5569 ἑορτῆς
2567 5499 2829 5566 γίνεσθαι.
2884 5502 2982 5551 Διά
3024 5498 3181 5551 τοῦτο
3218 5499 3310 5551 καὶ
3354 5500 3381 5551 ὁ
3424 5496 3693 5568 μακάριος

2118 5581 2280 5634 Δαυῖδ
2328 5582 2531 5648 ἐλεγενο
2586 5583 2681 5635 Ἐν
2706 5582 2908 5648 θλίψει
2935 5579 3280 5646 ἐπλάτυνάς
3308 5597 3405 5649 με.
3436 5581 3569 5648 Οὐχὶ
3597 5580 3695 5649 τὴν

2122 5664 2297 5732 θλίψιν
2336 5664 2621 5733 ἀπήλασας
2644 5706 2658 5727 ,
2691 5665 2875 5732 φησὶν,
2905 5662 3025 5715 οὑδὲ
3052 5663 3257 5733 ταύτης
3298 5662 3611 5726 ἀπαλλάξας
3637 5664 3696 5715 ἐν

2120 5749 2299 5801 ἀνέσει
2334 5765 2398 5816 με
2426 5744 2563 5800 εἶναι
2586 5748 2910 5816 πεποίηκας,
2939 5746 3053 5799 ἀλλ’
3079 5747 3215 5816 ὅπερ
3240 5747 3356 5799 ἐστὶ
3382 5745 3696 5816 θαυμαστὸν

2120 5833 2213 5886 καὶ
2249 5831 2547 5903 παράδοξον
2567 5870 2580 5895 ,
2613 5832 2667 5882 ἐν
2706 5830 2854 5903 μέσῳ
2879 5830 2986 5885 τῶν
3016 5830 3249 5901 θλίψεων
3272 5833 3603 5902 τυγχάνοντα
3636 5825 3697 5880 ἐν
