4168 6264
374 287 475 343 557

373 399 658 463 abstulisti,
684 406 856 469 neque
872 400 938 454 ab
956 415 1018 455 ea
1048 400 1329 455 liberatum
1360 400 1410 454 in
1439 400 1823 469 tranquillitate
1847 415 1968 456 esse

379 491 588 546 voluisti
613 509 626 545 :
650 490 745 546 sed
778 490 830 545 id
860 491 1000 561 quod
1030 500 1114 545 est
1149 492 1487 557 miraculum,
1516 500 1572 546 et
1596 506 1851 561 perquam
1880 508 1968 545 ra-

377 599 515 650 rum,
545 582 599 637 in
631 582 808 638 medio
846 583 1205 638 tribulationis
1243 583 1616 650 constitutum,
1647 585 1850 655 absque
1878 603 1972 655 pa-

375 690 502 729 vore
524 688 644 729 esse
674 689 759 728 me
791 672 962 728 fecisti
993 692 1007 727 :
1039 674 1164 729 illud
1193 689 1326 729 sane
1351 683 1406 729 et
1440 675 1528 729 hic
1550 675 1673 730 fecit
1707 676 1968 745 benignus

377 766 650 819 Dominus.
692 766 745 819 5.
784 763 1050 818 Benediatit
1088 766 1220 818 enim
1256 767 1461 819 domum
1486 765 1728 837 Egyptii
1766 779 1972 837 propter

375 854 589 923 Ioseph.
624 855 687 907 Et
708 854 891 909 didicit
914 864 1095 924 postea
1126 855 1404 921 barbarus,
1439 872 1560 911 eum
1588 857 1675 926 qui
1700 868 1757 911 ut
1781 874 1969 913 servus

376 944 686 1006 habebatur,
726 946 835 1000 Deo
858 947 1197 1015 peculiariter
1234 955 1441 1016 gratum
1471 962 1611 1014 esse,
1646 947 1713 1000 Et
1738 949 1968 1019 permisit

378 1035 550 1087 omnia
574 1050 686 1105 quae
712 1034 923 1089 habebat
953 1055 1005 1088 ιη
1032 1039 1263 1090 manibus
1287 1038 1516 1109 Joseph;
1545 1040 1596 1093 6.
1629 1048 1677 1092 et
1709 1056 1809 1093 non
1836 1042 1965 1093 scie-

375 1128 460 1179 bat
496 1126 790 1197 quidquam,
840 1138 1025 1197 prreter
1054 1144 1236 1200 panem
1276 1146 1423 1199 quem
1465 1130 1774 1185 comedebat.
1806 1131 1965 1198 Quasi

376 1217 650 1273 dominum
694 1220 857 1274 totius
887 1219 1079 1274 domus
1122 1221 1417 1275 constituit.
1454 1222 1535 1276 En
1573 1236 1759 1277 servus
1794 1230 1850 1277 et
1879 1238 1971 1276 ca-

377 1310 548 1378 ptivus
573 1311 672 1366 sub
698 1326 858 1365 manu
887 1326 980 1365 sua
1008 1312 1170 1367 habet
1196 1312 1373 1367 omnia
1399 1330 1518 1383 qua:
1558 1323 1710 1370 erant
1740 1313 1969 1369 domini.

375 1401 544 1456 Tanta
571 1418 657 1458 res
683 1413 766 1458 est
794 1404 964 1458 virtus
992 1422 1005 1456 ε
1030 1420 1151 1458 nam
1182 1405 1504 1475 ubicumque
1533 1406 1621 1460 illa
1642 1408 1965 1477 apparuerit,

376 1494 628 1549 omnibus
649 1494 953 1550 dominatur
973 1506 1027 1551 et
1053 1498 1325 1566 prmvalet.
1356 1498 1568 1552 Etenim
1597 1500 1736 1554 sicut
1764 1500 1969 1554 oriente

377 1590 489 1643 sole
518 1589 753 1643 tenebrre
777 1589 1153 1656 discutiuntur,
1188 1592 1257 1643 ita
1299 1597 1354 1644 et
1383 1605 1524 1646 nunc
1550 1600 1841 1661 apparente
1866 1592 1969 1645 vir-

378 1689 489 1734 tute
518 1695 547 1734 e
574 1679 751 1735 medio
782 1680 983 1734 tollitur
1006 1680 1182 1735 omnis
1213 1682 1433 1735 malitia.

444 1772 499 1825 4.
536 1769 680 1825 Victa
706 1788 737 1824 a
760 1770 986 1841 Iosepho
1024 1789 1154 1825 uxor
1184 1772 1527 1843 Putipharis;
1570 1774 1704 1828 Deus
1743 1776 1881 1830 solus
1903 1777 1970 1829 ti-

375 1864 589 1916 mendus
614 1862 894 1919 est.——Sed
927 1866 1063 1918 mala
1084 1866 1249 1920 bestia
1272 1867 1535 1929 diabolus,
1566 1876 1619 1920 ut
1641 1868 1872 1937 primum
1898 1870 1973 1921 vi-

373 1953 449 2004 dit
474 1952 677 2021 justum
711 1963 918 2023 gratum
952 1969 1091 2021 esse,
1126 1964 1181 2008 et
1224 1970 1320 2025 per
1347 1971 1407 2010 ea
1438 1971 1556 2025 qua:
1588 1966 1837 2025 putantur
1852 1972 1972 2013 esse

373 2042 594 2098 adversa
626 2044 907 2100 clariorem
950 2045 1087 2112 fieri,
1132 2044 1311 2100 fremit
1338 2045 1588 2101 dentibus
1630 2056 1684 2101 et
1727 2047 1918 2101 insanit
1953 2065 1969 2103 :

375 2151 547 2206 neque
575 2136 759 2192 videre
802 2146 975 2207 potest
996 2136 1194 2206 justum
1219 2136 1454 2207 quotidie
1492 2140 1656 2206 magis
1701 2154 1763 2193 ac
1804 2141 1972 2210 magis

373 2228 691 2291 clarescere,
720 2227 815 2282 sed
847 2227 1165 2297 profundum
1191 2228 1497 2283 barathrum
1522 2230 1720 2293 effodit,
1753 2243 1803 2285 et
1828 2248 1971 2301 pne-

375 2317 612 2385 cipitium
660 2327 840 2383 parat,
893 2334 999 2386 quo
1049 2319 1195 2372 illum
1246 2320 1499 2385 maximo,
1553 2329 1608 2375 ut
1660 2322 1968 2391 arbitratur,

373 2406 570 2457 damno
595 2404 820 2469 alliciat;
854 2414 907 2460 et
947 2416 1317 2477 tempestatem
1371 2411 1601 2476 excitat,
1645 2427 1762 2482 quae
1804 2414 1972 2484 possit

377 2497 664 2550 violentum
709 2498 808 2567 ipsi
852 2499 1183 2569 naufragium
1216 2516 1406 2570 parere
1445 2520 1458 2556 :
1501 2504 1595 2557 sed
1637 2504 1821 2559 didicit
1863 2521 1967 2561 non

376 2598 495 2657 post
527 2590 740 2660 longum
772 2600 1000 2661 tempus,
1032 2606 1092 2647 se
1121 2603 1304 2648 contra
1345 2596 1617 2651 stimulum
1666 2599 1966 2668 calcitrarc,

376 2690 426 2733 ct
454 2689 635 2735 contra
674 2695 828 2734 suum
856 2692 1014 2749 eaput
1043 2685 1253 2753 operari
1284 2687 1481 2740 omnia.
1526 2686 1592 2740 Et
1617 2699 1725 2742 erat
1752 2690 1966 2759 Joseph,

374 2772 559 2840 tnquit,
593 2773 798 2842 pulcher
827 2774 1008 2843 specie,
1037 2784 1082 2829 et
1114 2778 1366 2845 formosus
1392 2789 1615 2845 aspectu.
1649 2779 1826 2847 Quare
1866 2797 1969 2836 no-

377 2864 455 2917 bis
483 2866 722 2932 corporis
754 2865 1201 2933 pulchritudinem
1225 2871 1442 2923 narrat?
1463 2870 1531 2925 Ut
1553 2871 1821 2927 discamus
1847 2889 1967 2928 cum

376 2971 479 3010 non
511 2958 682 3012 solum
706 2959 878 3012 anima
912 2960 1189 3028 pulchrum
1214 2960 1397 3027 fuisse,
1428 2963 1521 3018 sed
1559 2974 1612 3019 et
1633 2980 1876 3035 corpore.
1912 2966 1970 3021 ln

377 3048 491 3115 ipso
521 3047 661 3101 enim
691 3048 824 3103 flore
852 3050 1024 3104 :etatis
1047 3060 1163 3105 erat
1186 3069 1197 3103 :
1224 3052 1435 3122 juvenis
1478 3065 1613 3121 erat,
1647 3066 1701 3111 et
1750 3058 1971 3113 Pulcher

372 3138 556 3203 specie,
590 3148 635 3191 et
654 3138 905 3207 formosus
929 3142 1081 3211 facie.
1108 3143 1231 3197 [hcc
1260 3154 1436 3198 autem
1468 3148 1614 3216 prius
1642 3151 1876 3203 narravit
1901 3150 1970 3206 de

372 3244 439 3280 ρο
462 3228 758 3297 Scriptura,
808 3241 866 3285 ut
909 3232 1099 3288 doceat
1130 3252 1226 3290 nos
1262 3234 1566 3307 [Egyptiam
1612 3240 1969 3298 adolescentis

374 3320 764 3388 pulchritudine
788 3335 995 3392 captam
1021 3326 1087 3379 ad
1117 3327 1354 3383 illicitum
1375 3346 1495 3383 eum
1525 3321 1964 3388 concubitum'in-

370 3412 582 3467 citasse.
616 3414 665 3469 7.
697 3411 763 3467 Et
783 3416 973 3484 factum
1000 3428 1072 3471 est
1095 3430 1205 3489 post
1235 3421 1360 3474 haec.
1385 3423 1519 3488 Quid
1548 3433 1647 3487 est,
1672 3424 1796 3480 Post
1822 3428 1969 3482 lucc?

375 3503 659 3572 Postquam
692 3506 741 3559 ei
772 3508 1073 3563 concredita
1109 3520 1343 3579 potestas
1384 3516 1545 3569 totius
1574 3515 1785 3580 domus,
1820 3529 1966 3586 post-

373 3610 531 3660 quam
565 3606 768 3651 tantum
798 3598 1052 3653 honorem
1076 3616 1104 3654 a
1127 3601 1345 3658 domino
1365 3619 1461 3659 suo
1482 3619 1840 3677 consequutus
1863 3620 1964 3677 est,

371 3684 554 3756 lnjccit
601 3704 730 3740 uxor
768 3690 959 3744 domini
999 3692 1079 3744 sui
1124 3695 1295 3747 oculos
1340 3713 1455 3749 suos
1494 3698 1545 3750 in
1587 3697 1801 3768 Joseph.
1835 3701 1967 3755 Vide

374 3778 830 3846 intemperantiam
880 3783 1090 3837 lasciva:
1144 3786 1405 3841 mulieris.
1438 3788 1552 3841 Non
1591 3790 1752 3844 subiit
1792 3791 1865 3844 illi
1915 3794 1967 3846 in

375 3878 603 3925 mentem
634 3887 693 3925 se
722 3872 904 3927 haberi
936 3874 1225 3941 dominam,
1258 3893 1362 3931 non
1391 3881 1636 3949 cogitavit
1678 3882 1825 3935 illum
1848 3898 1969 3938 esse

375 3975 607 4024 servum,
637 3962 731 4017 sed
758 3979 788 4016 a
820 3963 1147 4021 formositate
1172 3977 1346 4036 capta,
1366 3977 1419 4023 et
1439 3970 1700 4026 diabolico
1723 3973 1968 4027 incendio

374 4063 645 4123 suscepto,
676 4055 726 4107 in
764 4055 1010 4125 juvenem
1042 4069 1226 4128 postea
1265 4061 1468 4116 insilire
1509 4073 1714 4119 tentat:
1747 4066 1970 4121 malam-

374 4146 475 4213 que
499 4146 640 4199 illam
668 4150 1041 4216 cogitationem
1072 4152 1122 4205 in
1155 4163 1333 4209 mente
1359 4170 1599 4223 servans,
1635 4167 1843 4228 tempus
1880 4161 1965 4213 in-

373 4237 619 4305 quirebat
645 4247 700 4293 et
727 4240 1089 4308 solitudinem,
1114 4260 1233 4314 qua:
1274 4258 1489 4316 possent
1516 4250 1561 4303 ei
1592 4254 1868 4320 cooperari
1901 4254 1965 4309 ad

373 4328 610 4382 illicitum
653 4345 805 4384 sumn
853 4344 1120 4389 conatum.
1184 4336 1365 4391 Verum
1412 4339 1500 4393 ille
1543 4343 1703 4395 noluit
1732 4360 1751 4397 .'
1791 4361 1967 4415 neque

374 4426 567 4492 paruit,
598 4441 769 4496 neque
794 4429 953 4482 verba
980 4430 1123 4484 illius
1149 4434 1405 4502 suscepit.
1436 4433 1647 4490 Sciebat
1672 4437 1813 4491 cnim
1843 4440 1967 4495 hinc

375 4516 471 4569 sibi
497 4532 739 4587 magnam
774 4522 1057 4588 perniciem
1089 4526 1265 4579 enasci
1292 4544 1305 4579 :
1333 4535 1387 4581 et
1413 4542 1515 4581 non
1538 4530 1706 4583 solum
1732 4546 1816 4585 res
1841 4547 1966 4587 suas

373 4609 669 4674 Spectabat,
716 4609 809 4664 sed
859 4627 1073 4679 operam
1103 4614 1262 4668 dabat
1314 4625 1371 4670 ut
1414 4627 1468 4671 et
1509 4618 1674 4686 illam,
1707 4633 1962 4690 quantum

377 4700 629 4766 possibile
659 4711 795 4765 erat,
826 4702 893 4755 ab
924 4703 1125 4759 insania
1153 4704 1253 4760 hac
1282 4706 1552 4775 liberaret,
1584 4719 1638 4763 et
1679 4712 1746 4766 ab
1780 4713 1963 4768 illicita

376 4795 473 4846 i5ta
504 4797 932 4864 concupiscentia
966 4815 980 4849 ;
1010 4808 1169 4868 atque
1211 4801 1491 4854 consilium
1521 4804 1567 4857 ei
1611 4804 1784 4870 affert,
1822 4808 1963 4875 quod

372 4898 397 4937 s
439 4882 671 4939 flieiehat
700 4885 748 4939 ei
774 4894 828 4939 ut
856 4888 1167 4956 pudefieret,
1193 4899 1247 4945 et
1273 4891 1397 4959 quid
1427 4892 1524 4947 sibi
1555 4905 1697 4949 esset
1728 4896 1971 4964 profutu-

374 4989 490 5028 rum
525 4989 893 5045 cognosceret.
923 4980 974 5034 8.
1014 4978 1157 5033 Dixit
1196 4982 1351 5049 enim,
1388 4982 1575 5053 inquit,
1608 4987 1756 5039 uxori
1776 4988 1966 5043 domini

373 5069 449 5119 sui
482 5068 715 5136 (domina
759 5086 787 5124 a
832 5086 986 5126 servo
1026 5073 1305 5127 consilium
1332 5075 1596 5145 accepit):
1628 5078 1688 5131 Si
1730 5078 1965 5135 dominus

376 5172 514 5209 meus
533 5170 738 5229 propter
764 5178 841 5213 me
863 5163 989 5216 nihil
1015 5165 1105 5217 scit
1130 5164 1183 5216 in
1210 5164 1359 5219 domo
1379 5182 1492 5229 sua,
1524 5168 1613 5220 sed
1634 5168 1802 5223 omnia
1828 5187 1966 5241 qure-

373 5264 583 5313 cumque
606 5250 774 5318 habet,
802 5252 936 5306 dedit
962 5255 1013 5307 in
1038 5271 1215 5309 manus
1243 5273 1399 5310 meas.
1421 5256 1466 5311 Ο
1491 5268 1697 5328 gratum
1728 5262 1824 5314 viri
1851 5264 1966 5314 ani-

373 5341 553 5395 mum!
587 5343 716 5398 Vide
755 5346 1021 5413 quomodo
1059 5359 1337 5404 enumerat
1367 5351 1624 5406 beneficia
1650 5353 1873 5416 domini,
1906 5364 1966 5409 ut

374 5430 562 5485 doceat
586 5442 841 5502 quantum
872 5436 958 5490 illa
982 5451 1039 5492 se
1062 5438 1319 5509 ingratam
1341 5456 1465 5512 erga
1487 5444 1765 5514 conjugem
1782 5456 1962 5501 osten-

374 5522 480 5575 dat.
510 5523 565 5577 Si
592 5526 735 5579 enim
762 5540 880 5596 ego,
916 5528 1116 5598 inquit,
1141 5534 1229 5600 qui
1266 5532 1491 5589 famulus
1518 5550 1635 5589 sum
1660 5578 1674 5603 ,
1707 5538 1795 5607 qui
1837 5554 1959 5606 per-

373 5616 608 5679 egrinus,
638 5616 729 5685 qui
754 5618 1014 5687 captivus,
1041 5630 1185 5675 tanta
1210 5623 1355 5678 fruor
1374 5616 1661 5693 apud'enm
1692 5628 1956 5691 libertate,

375 5715 425 5755 ut
456 5705 632 5762 omnia
672 5721 767 5763 sua
806 5707 906 5763 sub
944 5727 1103 5767 manu
1136 5730 1250 5769 mea
1284 5716 1558 5775 tradiderit
1591 5735 1602 5747 '
1637 5728 1689 5773 et
1715 5719 1845 5775 nihil
1875 5734 1955 5776 est

1357 284 1424 341 IN
1460 284 1616 343 CAP.
1654 282 1906 343 XXXIX.
1950 287 2197 345 GENES.
2240 290 2469 349 llOMIL.
2512 294 2672 350 LXII.

3565 296 3667 353 538

2076 403 2216 471 quod
2249 406 2457 476 excepit
2484 406 2552 462 de
2580 423 2739 462 manu
2777 422 2917 475 mea,
2960 417 3155 477 praeter
3194 416 3245 465 te
3286 426 3299 463 :
3329 415 3387 465 et
3422 411 3669 465 omnibus

2076 494 2193 549 aliis
2221 510 2319 565 ego
2347 512 2595 565 praesum,
2628 500 2727 552 soli
2759 508 2935 553 autem
2972 498 3064 554 tibi
3090 496 3363 568 subjieior,
3387 516 3551 571 esquc
3577 517 3669 555 ex-

2078 593 2156 639 tra
2188 601 2359 641 meam
2391 596 2729 657 potestatem.
2785 588 2987 644 Deinde
3018 597 3076 643 ut
3113 590 3325 645 letalem
3366 591 3415 645 ei
3459 591 3667 660 plagam

2075 677 2247 744 daret,
2294 688 2349 733 et
2400 681 2450 734 in
2498 690 3051 735 mentemrevocaret
3077 681 3172 735 viri
3219 682 3663 743 benevolentiam,

2080 769 2530 840 persuaderetque
2555 772 2602 825 ei
2636 788 2702 824 ne
2734 781 2838 825 tam
2862 772 3062 841 ingrata
3081 780 3223 826 esset
3238 786 3360 841 erga
3386 772 3666 841 conjugem

2076 874 2251 924 sumn,
2282 862 2449 929 inquit
2473 879 2485 913 :
2514 863 2577 914 Et
2607 870 2657 919 tu
2684 872 2963 931 propterea
2984 874 3131 917 extra
3156 872 3470 932 potestatem
3494 878 3666 917 meam

2076 966 2133 1003 es
2162 990 2177 1016 ,
2209 966 2272 1004 eo
2298 951 2345 1003 9,
2382 951 2530 1017 Quod
2554 961 2607 1003 tu
2635 968 2766 1004 uxor
2793 953 2903 1022 ejus
2931 953 3017 1006 sis.
3052 952 3182 1006 Cum
3215 955 3371 1023 igitur
3396 968 3527 1006 uxor
3552 955 3669 1020 ejus

2076 1040 2170 1104 sis,
2204 1040 2468 1105 Quomodo
2508 1042 2694 1111 faciam
2742 1042 2835 1095 hoc
2883 1042 3070 1095 malum
3117 1043 3337 1111 verbum,
3369 1055 3415 1095 et
3457 1044 3670 1113 peccaba

2076 1149 2244 1185 coram
2281 1133 2389 1187 Deo
2411 1133 2436 1186 ?
2461 1133 2721 1199 Quoniam
2743 1134 2885 1187 enim
2918 1133 3004 1187 illa
3032 1134 3374 1189 solitudinem
3402 1134 3666 1187 observa-

2077 1226 2186 1289 bat,
2219 1235 2273 1279 et
2300 1235 2508 1294 tempus
2540 1225 2881 1295 exspectabat
2914 1239 3020 1294 quo
3058 1225 3220 1279 latere
3266 1234 3445 1293 posset
3470 1225 3664 1290 virum,

2076 1326 2129 1371 et
2158 1332 2344 1372 omnes
2372 1319 2461 1387 qui
2506 1319 2557 1372 in
2604 1318 2763 1372 domo
2803 1327 2975 1384 erant,
3007 1316 3136 1371 dicit
3165 1333 3178 1368 :
3206 1316 3467 1381 Quomodo
3495 1328 3674 1385 potero

2076 1412 2242 1478 facere
2272 1411 2462 1463 malum
2505 1411 2622 1477 hoc,
2650 1419 2699 1463 et
2729 1410 2943 1479 peccabo
2965 1424 3136 1461 coram
3168 1406 3273 1460 Deo
3292 1406 3318 1459 .9
3345 1406 3481 1473 Quid
3524 1407 3667 1460 enini

2079 1505 2270 1572 putas?
2303 1504 2519 1557 Etiamsi
2574 1502 2857 1557 fecerimus
2908 1510 2967 1555 ut
3017 1515 3103 1555 res
3138 1500 3274 1554 clam
3306 1500 3373 1553 sit
3400 1499 3667 1561 omnibus,

2075 1597 2290 1650 oculum
2318 1605 2493 1651 tamen
2517 1597 2687 1661 illum,
2716 1597 2804 1665 qui
2824 1594 3112 1649 dormitare
3138 1592 3338 1662 nequit,
3369 1591 3533 1645 latere
3561 1606 3668 1645 non

2079 1688 2372 1757 poterimus
2403 1705 2416 1740 :
2450 1687 2597 1741 illum
2628 1686 2803 1741 solum
2846 1686 3035 1739 timere
3074 1692 3304 1754 Oportet,
3356 1692 3410 1735 et
3441 1690 3668 1735 tremere

2075 1796 2138 1833 ac
2165 1794 2378 1849 pavere,
2410 1787 2470 1831 ut
2494 1793 2560 1831 ne
2588 1778 2639 1830 in
2666 1784 2957 1843 conspectu
3000 1774 3114 1844 ejus
3144 1773 3266 1827 mali
3293 1772 3561 1842 quidpiam
3590 1771 3667 1823 fa-

2077 1873 2304 1926 ciamus.
2335 1871 2396 1924 Et
2424 1877 2481 1923 ut
2501 1869 2768 1924 discamus
2787 1869 2915 1936 justi
2937 1865 3287 1921 excellentem
3308 1864 3582 1928 virtutem,
3615 1871 3669 1916 et

2078 1980 2199 2019 eum
2230 1979 2333 2017 non
2371 1963 2538 2017 semel
2581 1976 2752 2031 neque
2797 1961 2898 2025 his,
2943 1960 3037 2013 sed
3078 1968 3133 2013 et
3173 1958 3369 2028 saepius
3398 1965 3667 2011 certamen

2078 2057 2178 2109 hoc
2199 2055 2534 2115 sustinuisse,
2565 2066 2620 2108 et
2642 2053 2965 2121 colloquium
2997 2050 3098 2104 hoc
3129 2050 3333 2113 tulisse,
3363 2046 3669 2101 consulere-

2078 2162 2181 2216 que
2212 2164 2314 2199 non
2338 2147 2657 2207 cessavisse,
2688 2143 2862 2199 subdit
2891 2142 3162 2211 Scriptura
3189 2158 3201 2197 :
3231 2141 3317 2196 10.
3350 2139 3475 2193 Cum
3506 2147 3669 2191 autem

2079 2236 2358 2306 loqueretur
2383 2238 2445 2290 de
2461 2236 2543 2289 die
2561 2238 2613 2289 in
2636 2236 2785 2300 diem,
2814 2245 2859 2288 et
2885 2251 2984 2287 non
3008 2233 3229 2287 obedirct
3255 2232 3299 2285 ei
3326 2246 3344 2285 :
3367 2230 3453 2283 ubi
3484 2229 3668 2281 obser-

2079 2331 2220 2384 vavit
2243 2331 2293 2382 in
2327 2329 2487 2381 domo
2520 2328 2800 2381 facientem
2827 2323 3046 2394 aliquid,
3076 2323 3267 2376 assiliit
3314 2323 3366 2374 in
3391 2322 3664 2387 juvenem,

2077 2422 2215 2474 sicut
2268 2420 2378 2474 fera
2421 2419 2670 2472 dentibus
2715 2415 2985 2477 frendens,
3026 2423 3081 2469 et
3122 2412 3469 2482 apprehensis
3504 2410 3665 2462 vesti;

2078 2513 2270 2568 mentis
2320 2513 2660 2567 tenuiteum.
2693 2509 2808 2564 Non
2862 2508 3176 2577 simpliciter
3229 2506 3330 2559 hoc
3380 2511 3664 2572 praeterea-

2077 2620 2216 2672 mus,
2266 2604 2359 2659 scd
2403 2604 2698 2675 cogitemus
2743 2610 2997 2672 quantum
3040 2609 3311 2679 certamen
3359 2594 3667 2649 sustinuerit

2071 2702 2247 2770 justus
2278 2699 2384 2753 ille.
2432 2698 2547 2752 Non
2589 2697 2731 2751 enim
2758 2704 2871 2750 erat
2913 2704 3018 2747 tam
3068 2689 3403 2754 admirabile,
3446 2695 3503 2741 ut
3538 2685 3665 2741 mihi

2073 2794 2305 2860 videtur,
2335 2793 2387 2845 in
2418 2792 2632 2844 fornace
2682 2787 2965 2859 Babylonis
3012 2784 3211 2839 versari
3257 2794 3365 2836 tres
3393 2795 3584 2850 pueros
3614 2789 3668 2831 et

2077 2886 2268 2939 illa-sos
2303 2897 2632 2952 permanere,
2678 2879 2915 2949 nihilque
2943 2878 3009 2931 ab
3036 2878 3154 2946 igne
3178 2873 3282 2943 pati
3312 2873 3473 2944 (Dan.
3496 2870 3574 2942 5),
3609 2879 3665 2922 ut

2074 2976 2385 3031 admirabile
2417 2974 2516 3027 hoc
2544 2982 2595 3027 el
2641 2988 2845 3034 rarum,
2885 2984 3076 3036 nempe
3114 2964 3482 3020 admirandum
3520 2963 3664 3013 illttm

2071 3068 2318 3137 juvenem
2350 3064 2566 3119 retineri
2594 3059 2925 3115 vestimentis
2952 3074 2979 3110 a
3006 3057 3230 3111 scelesta
3260 3055 3345 3108 illa
3370 3064 3421 3106 et
3450 3052 3664 3114 lasciva,

2077 3176 2175 3214 nec
2204 3171 2377 3212 tamen
2409 3158 2482 3211 illi
2515 3156 2726 3217 cedere,
2770 3151 2865 3207 sed
2894 3160 2947 3205 et
2975 3151 3213 3204 vestibus
3240 3147 3437 3201 relictis
3468 3143 3519 3197 in
3551 3159 3663 3196 ma-

2077 3252 2232 3305 nibus
2260 3250 2402 3304 illius
2434 3249 2658 3303 resilire.
2690 3245 2998 3301 Sieutenim
3029 3252 3135 3297 tres
3166 3240 3312 3311 pueri
3350 3240 3419 3292 illi
3452 3247 3661 3307 propter

2075 3358 2225 3397 sitam
2256 3342 2503 3395 virtutem
2532 3354 2762 3407 superno
2789 3336 2908 3392 freti
2935 3335 3150 3399 auxilio,
3181 3335 3299 3401 igne
3335 3328 3660 3400 prrrstantio-

2075 3450 2162 3491 res
2196 3434 2293 3489 visi
2321 3442 2446 3487 sunt
2476 3452 2488 3487 :
2522 3434 2590 3485 ita
2620 3441 2675 3487 et
2705 3431 2812 3493 ille,
2837 3430 2959 3500 quia
2988 3427 3128 3498 quod
3171 3426 3221 3479 in
3259 3440 3316 3478 se
3338 3431 3450 3477 erat
3480 3420 3665 3475 affere-

2075 3528 2183 3589 bat,
2215 3536 2269 3581 et
2298 3524 2640 3580 continentia:
2678 3521 2969 3577 certamina
2999 3534 3117 3573 cum
3156 3531 3343 3586 magna
3381 3512 3666 3567 exhibebat

2073 3618 2393 3683 constantia,
2441 3629 2633 3685 magno
2663 3625 3001 3682 supernoque
3032 3608 3276 3679 praesidio
3308 3604 3662 3659 muniebatur.

2074 3709 2255 3777 Neque
2281 3708 2423 3762 enim
2474 3706 2753 3774 potuisset,
2801 3704 3021 3757 dextera
3069 3699 3161 3753 Dei
3208 3713 3313 3752 non
3344 3702 3666 3763 cooperante

2073 3799 2143 3860 ei,
2173 3805 2375 3851 tantum
2399 3806 2668 3849 certamen
2691 3803 2919 3857 certare,
2956 3798 3012 3846 et
3040 3806 3070 3843 a
3093 3789 3294 3843 retibus
3322 3786 3462 3840 illius
3491 3784 3666 3838 libidi-

2074 3902 2219 3942 nosm
2246 3886 2487 3940 mulieris
2525 3884 2797 3952 aufugi-re.
2830 3883 2895 3936 Et
2929 3880 3121 3935 licebat
3151 3888 3333 3948 postea
3364 3876 3543 3930 videre
3567 3875 3664 3927 ad-

2075 3980 2372 4035 mirabilem
2398 3980 2567 4042 illum,
2597 3978 2795 4032 nudum
2816 3975 3029 4047 quidem
3052 3975 3284 4030 vestibus
3314 3974 3478 4036 exire,
3510 3971 3664 4025 indu-

2075 4082 2183 4126 tum
2214 4082 2389 4126 autem
2434 4071 2777 4126 continentia:
2809 4069 3157 4131 vestimentis,
3203 4076 3257 4121 et
3296 4066 3446 4136 quasi
3484 4064 3551 4117 ah
3581 4064 3662 4116 in-

2071 4162 2262 4218 cendio
2304 4172 2358 4226 et
2404 4164 2617 4217 fornace
2646 4161 2868 4216 ilhcsum
2911 4159 3186 4229 effugere:
3234 4174 3295 4212 ac
3344 4173 3447 4210 non
3492 4156 3664 4209 solum

2072 4272 2177 4310 non
2213 4256 2481 4323 adustum,
2510 4254 2602 4310 sed
2635 4264 2689 4309 et
2718 4255 2885 4309 multo
2911 4252 3244 4323 fulgidiorem
3289 4260 3343 4308 et
3381 4249 3663 4304 clariorem

2070 4349 2288 4404 factum.
3056 4414 3059 4417 _

2143 4442 2195 4496 5.
2226 4441 2330 4496 Sed
2361 4440 2478 4496 vide
2508 4450 2627 4511 post
2655 4449 2853 4495 tantam
2880 4440 3177 4503 victoriam,
3213 4446 3433 4507 postque
3462 4443 3661 4488 tantam

2070 4532 2455 4597 fortitudinem,
2501 4533 2654 4602 cujus
2697 4547 2856 4586 causa
2899 4531 3046 4584 illum
3084 4529 3361 4599 oportebat.
3394 4527 3659 4587 coronari,

2070 4635 2125 4680 et
2170 4625 2324 4694 cujus
2371 4639 2528 4679 causa
2586 4623 2867 4693 Oportebat
2922 4623 3071 4675 illum
3123 4619 3419 4688 prmdicari,
3470 4618 3661 4670 iterum

2070 4720 2220 4787 quasi
2245 4734 2397 4773 reum
2418 4729 2468 4773 et
2495 4718 2782 4785 obnoxium
2813 4716 3092 4769 innumera
3121 4712 3469 4767 sustinentem
3499 4709 3659 4763 mala.

2072 4811 2201 4865 Nam
2228 4809 2472 4880 [Egyptia
2496 4809 2585 4863 illa
2616 4824 2721 4861 nou
2751 4807 2926 4861 ferens
2949 4806 3202 4874 pudorem
3225 4813 3277 4857 et
3292 4801 3659 4872 opprobrium,

2071 4903 2123 4955 in
2154 4918 2273 4971 quae
2309 4902 2540 4969 seipsam
2578 4900 2835 4969 injecerat
2867 4895 3213 4966 impossibilia
3239 4902 3527 4959 attentans,
3555 4895 3661 4963 pri-

2070 5010 2217 5047 mum
2244 4993 2455 5062 quidem
2484 4991 2795 5045 convocavit
2820 5004 2912 5045 eos
2935 4989 3020 5059 qui
3050 4988 3103 5042 in
3133 4987 3294 5042 domo
3316 4995 3487 5053 erant,
3512 5001 3661 5041 accu-

2069 5098 2196 5137 sans
2234 5083 2624 5136 adolescentem
2670 5099 2682 5134 :
2730 5080 3145 5148 testificaturque
3174 5078 3321 5143 illum
3350 5077 3550 5131 dixisse
3598 5093 3661 5130 ea

2068 5190 2186 5244 quae
2215 5175 2282 5228 ab
2307 5174 2417 5243 ipsa
2439 5188 2631 5245 magno
2658 5174 2836 5228 lurore
2865 5173 3132 5243 proposita
3159 5173 3387 5237 fuerant,
3411 5180 3568 5240 atque
3589 5170 3661 5224 ita

2068 5281 2258 5320 omnes
2298 5265 2545 5335 decipere
2583 5273 2769 5319 tentat.
2816 5265 2912 5321 llic
2937 5265 3080 5319 enim
3126 5279 3243 5318 mos
3288 5272 3373 5318 est
3421 5262 3656 5323 malitiae,

2068 5372 2280 5427 semper
2321 5366 2505 5412 contra
2554 5359 2805 5413 virtutem
2854 5366 3072 5429 pugnat,
3114 5369 3169 5412 et
3212 5356 3260 5410 ei
3304 5371 3399 5409 sua
3443 5365 3658 5425 peccata

2067 5448 2372 5503 adscribere
2401 5452 2632 5518 satagit;
2667 5450 2719 5503 id
2743 5450 2884 5519 quod
2924 5459 2975 5504 et
3016 5449 3132 5502 haec
3168 5446 3414 5510 faciebat,
3472 5445 3657 5499 adole.-

2070 5550 2312 5595 scentem
2335 5542 2483 5609 quasi
2508 5542 2952 5610 intemperantem
2982 5540 3270 5595 criminans
3299 5548 3354 5593 et
3399 5552 3457 5592 se
3483 5536 3655 5591 conti-

2069 5640 2263 5686 nenttaa
2292 5633 2437 5686 larva
2478 5641 2680 5702 tegens,
2715 5632 3005 5702 dicensque
3034 5640 3251 5699 propter
3282 5628 3383 5682 hoc
3410 5637 3465 5683 et
3509 5628 3659 5682 illum

2070 5732 2244 5779 vestes
2271 5724 2567 5796 reliquisse,
2600 5735 2651 5779 et
2678 5741 2734 5779 se
2762 5724 3041 5779 retinuisse
3069 5721 3205 5777 illas.
3240 5720 3502 5792 iicnignus
3524 5731 3653 5771 vero
