4168 6264
519 280 622 336 5'59

522 395 664 450 Deus
693 393 807 448 ha-c
835 394 946 448 fieri
977 393 1249 462 permittit,
1272 403 1330 446 ut
1361 407 1454 460 per
1473 392 1648 445 omnia
1675 388 1924 444 famulum
1941 405 2094 443 suum

520 486 800 539 clariorem
838 485 1054 538 efficiat.
1081 483 1212 537 Nam
1245 483 1356 535 haec
1379 482 1555 535 omnia
1585 481 1812 536 venienti
1835 482 1950 534 viro
1976 496 2095 533 cum

523 589 712 643 magna
742 574 936 627 malitia
967 574 1130 636 dixit,
1181 581 1235 626 et
1259 572 1652 625 adolescentem
1679 573 1944 625 accusavit
1970 610 1984 630 ,
2013 571 2095 622 di-

521 677 650 716 cens
685 681 698 717 :
730 664 816 716 l7.
849 662 1062 715 Intrauit
1084 663 1152 714 ad
1179 679 1257 716 me
1285 678 1409 730 puer
1436 660 1699 724 Hebrceus,
1729 677 1876 730 quem
1909 660 2098 714 duxisti

523 753 590 804 ad
611 768 719 816 nos,
752 761 806 804 ut
834 752 1063 804 illuderet
1089 751 1230 804 mihi.
1253 751 1297 805 Ο
1324 752 1513 806 misera
1545 760 1599 805 et
1619 751 1952 804 calamitosa!
1980 750 2134 809 Non;

1223 278 1275 332 S.
1316 275 1590 331 JOANNIS
1625 271 2097 332 CIIRVSOSTOMI
2134 269 2449 328 ARCHIEP.
2489 270 3020 330 CONSTANTINOP.

3677 277 3778 333 510

2205 388 2342 457 quod
2372 387 2618 442 Dominus
2645 397 2750 442 erat
2774 405 2886 442 cum
2907 405 2986 453 eo,
3016 398 3065 443 et
3091 391 3262 443 omnia
3283 405 3397 461 qua
3419 391 3526 460 ipse
3545 393 3778 461 faciebat,

2207 477 2452 531 Dominus
2477 495 2772 546 prosperare
2789 479 3000 548 faciebat
3023 479 3078 533 in
3100 481 3330 535 manibus
3350 482 3476 550 ejus.
3507 481 3636 535 Vidn
3651 499 3780 553 quo-

2205 567 2364 620 modo
2404 568 2755 622 comitabatur
2785 583 2906 622 eum
2946 580 3200 636 perpetuo
3242 585 3470 640 superna
3513 575 3701 643 gratia,
3727 585 3782 628 ct

2205 658 2377 710 omnia
2405 672 2523 724 qtae
2545 655 2786 720 faciebat,
2816 668 2967 712 erant
2997 659 3147 726 plena
3169 661 3355 727 gratia.

2277 745 2489 801 Moralis
2515 747 2760 816 epilogus.
2782 747 2874 800 Dei
2895 751 3058 816 gratia
3082 751 3225 819 dﬁcit
3252 760 3307 803 ut
3331 752 3499 804 omnia
3519 751 3642 806 bene
3663 770 3781 806 suc-

525 844 636 910 ipse
667 843 972 906 introduxit,
1006 853 1063 897 ut
1103 833 1349 898 illuderet
1375 842 1466 896 tibi
1502 860 1515 895 :
1547 842 1640 896 sed
1666 843 1905 897 diabolus
1937 851 1986 895 te
2016 835 2116 913 in...I
2206 838 2481 892 cedant.—-
2503 836 2615 890 Hoc
2645 837 2800 906 igitur
2825 846 2880 891 et
2909 855 3004 891 nos
3045 840 3371 905 Studeamus,
3411 851 3466 895 ut
3507 843 3778 896 nobiscum

522 931 691 996 duxit,
721 942 775 987 ut
798 950 902 987 non
929 935 1100 988 solum
1141 934 1376 988 adultera
1421 935 1594 998 lieres,
1627 933 1718 988 sed
1745 942 1799 987 et
1827 942 1902 994 ut,
1935 946 2102 1000 quan—

525 1033 634 1077 tutu
667 1025 717 1078 in
747 1033 798 1080 te
839 1026 950 1090 fuit,
989 1026 1330 1080 homicidium
1359 1036 1612 1094 patrares.
1649 1025 1713 1078 Et
1738 1024 1968 1078 ostendit
2007 1038 2101 1091 po-

523 1125 636 1170 stea
663 1115 728 1170 ad
753 1117 1238 1187 comprobationcm
1267 1133 1448 1172 eorum
1479 1134 1596 1187 qua:
1622 1117 1762 1170 dicta
1792 1123 1945 1170 erant
1968 1114 2094 1168 ado-

515 1202 776 1259 'Iescentis
796 1215 992 1260 vestes.

597 1293 695 1349 Dei
721 1296 1031 1364 providentia
1048 1312 1168 1366 erga
1195 1297 1494 1366 Joseplmm.
1515 1326 1585 1337 -—
1605 1294 1916 1360 Considera,
1941 1292 2070 1348 obse
2084 1323 2098 1330 -

524 1400 640 1450 cro,
696 1385 780 1440 hic
826 1388 1121 1441 communis
1166 1392 1403 1441 omnium
1457 1386 1664 1441 Domini
1713 1385 2097 1440 clementiam:

527 1477 668 1528 sicut
694 1475 834 1530 enim
869 1492 896 1528 a
924 1477 1174 1532 fratribus
1217 1479 1360 1532 ἰιιιιιιι
1404 1479 1618 1547 eripuit,
1658 1477 1953 1530 volentibus
1979 1491 2101 1530 cum

529 1566 827 1622 interficere
863 1585 876 1619 ε
927 1576 981 1622 et
1019 1568 1196 1623 eﬂ'ecit
1231 1569 1456 1638 primum
1486 1569 1698 1638 quidem
1729 1577 1785 1622 ut
1810 1567 2103 1622 secundum

528 1658 807 1712 consilium
830 1659 1012 1715 Ruben
1039 1660 1090 1713 in
1111 1660 1394 1715 cisternam
1421 1661 1810 1725 immitteretur,
1841 1667 1895 1714 et
1919 1667 2102 1728 postea

531 1749 720 1802 iterum
750 1748 1038 1803 secundum
1061 1751 1338 1804 consilium
1366 1749 1514 1804 Juda:
1537 1749 1947 1818 negotiatoribus
1975 1763 2104 1801 ven-

529 1838 764 1905 deretur,
797 1848 852 1893 ut
876 1840 1205 1894 somniorum
1229 1855 1447 1896 eventus
1473 1841 1880 1909 complerentur,
1913 1838 2100 1894 tidem-

531 1945 634 1998 que
681 1931 913 1986 facerent
944 1931 1108 2001 justo,
1158 1949 1261 1986 non
1309 1933 1498 1988 frustra
1546 1948 1718 2002 neque
1756 1943 1954 1986 temere
1991 1931 2105 1986 htec

532 2023 841 2092 praesiguata
873 2023 1035 2080 fuisse
1071 2043 1084 2079 :
1116 2026 1185 2080 ita
1211 2035 1265 2080 et
1304 2042 1442 2082 nunc
1479 2040 1709 2095 superna
1758 2040 1945 2079 manus
1985 2032 2105 2078 erat

529 2127 647 2182 qua:
677 2114 957 2170 barbarum
989 2117 1234 2186 detinuit,
1265 2128 1318 2173 et
1343 2135 1449 2174 non
1484 2120 1720 2190 permisit
1754 2129 1810 2172 ut
1837 2118 2014 2173 statim
2037 2117 2102 2172 ad

531 2204 729 2260 caadem
753 2207 879 2275 justi
909 2207 1200 2263 festinaret.
1237 2211 1370 2276 Quid
1417 2212 1556 2266 enim
1603 2210 1956 2280 prohibuisset
1981 2224 2104 2264 eum

530 2299 632 2354 hoc
658 2298 852 2366 facere,
897 2316 1018 2356 cum
1067 2303 1382 2370 intelligeret
1425 2303 1571 2357 illum
1602 2305 1796 2358 violare
1840 2319 1991 2357 suum
2021 2301 2103 2355 le-

531 2398 675 2444 ctum
703 2391 1029 2446 tentavisse?
1073 2392 1269 2446 Verum
1315 2393 1562 2460 providus
1597 2394 1732 2448 Deus
1761 2394 1880 2448 ideo
1906 2401 2104 2447 tantam

531 2480 732 2533 curavit
774 2481 842 2534 ab
896 2482 986 2534 illo
1024 2481 1260 2536 exhiberi
1302 2482 1658 2544 clementiam,
1705 2492 1761 2536 ut
1798 2483 2020 2550 injectus
2051 2483 2103 2535 in

530 2575 818 2627 carcerem,
849 2565 1008 2617 etiam
1041 2565 1147 2619 illic
1173 2580 1323 2619 suam
1349 2565 1640 2620 declararet
1661 2567 1926 2633 virtutem,
1953 2578 2008 2622 et
2029 2566 2107 2620 sic

531 2649 596 2702 ad
629 2652 972 2720 principatum
999 2655 1143 2723 regni
1175 2657 1490 2724 perveniret.
1522 2656 1606 2710 19.
1631 2657 1928 2712 Sui-censuit
1949 2661 2101 2725 enim,

534 2739 720 2808 inquit,
753 2742 983 2796 dominus
1009 2746 1136 2813 ejus,
1177 2744 1264 2800 ΞΟ.
1311 2755 1358 2800 et
1394 2747 1526 2800 misit
1555 2764 1666 2800 eum
1713 2749 1763 2800 in
1803 2750 2102 2818 custodiam,

534 2830 618 2884 ubi
643 2832 790 2884 vincti
818 2834 946 2903 regis
991 2834 1356 2890 detinebantur.
1402 2835 1506 2890 Sed
1551 2837 1597 2891 si
1624 2838 1837 2907 quidem
1867 2854 1968 2894 non
1990 2855 2106 2894 crc-

531 2920 709 2987 dcbat,
739 2937 839 2975 non
868 2924 1141 2992 oportebat
1171 2941 1290 2980 eum
1323 2926 1372 2979 in
1396 2941 1662 2982 carcerem
1693 2928 1992 2998 conjicere:
2022 2931 2102 2984 sin

531 3013 779 3069 credebat
799 3030 981 3069 verum
1001 3030 1119 3070 esse
1147 3016 1284 3087 quod
1305 3016 1552 3089 IEgyptia
1583 3017 1826 3086 ﬁnxerat,
1857 3029 1980 3075 tunc
2007 3037 2102 3074 ne-

530 3119 634 3174 que
666 3119 880 3159 carcere
919 3105 1108 3175 dignus
1135 3115 1268 3174 erat,
1312 3109 1405 3162 sed
1446 3109 1600 3177 plecti
1623 3109 1794 3178 capite
1831 3118 1886 3164 et
1922 3119 2104 3166 extre-

531 3209 671 3249 mam
719 3210 930 3266 ptenam
977 3197 1083 3265 pati
1136 3197 1379 3252 debebat.
1438 3198 1633 3253 Verum
1690 3200 1901 3268 quando
1951 3216 2105 3256 suum

529 3285 779 3339 auxilium
811 3285 996 3342 dextra
1027 3301 1255 3356 superna
1283 3289 1534 3352 ostendit,
1563 3291 1738 3344 omnia
1779 3291 1914 3344 levia
1946 3300 2000 3345 et
2022 3291 2099 3345 fa-

529 3376 650 3430 cilia
681 3375 841 3441 fiunt;
875 3386 927 3431 et
949 3377 1152 3432 feroces
1180 3381 1562 3434 mansuetiores
1582 3395 1639 3434 se
1660 3389 1928 3449 prmstant.
1955 3381 2105 3436 Tunc

531 3476 708 3520 autem
753 3483 1038 3536 supernum
1085 3469 1382 3537 prmsidium
1425 3471 1645 3525 ubertim
1686 3471 1839 3526 nobis
1885 3473 2101 3539 assistit,

529 3557 742 3623 quando
787 3557 1002 3611 multam
1032 3569 1086 3613 et
1113 3574 1210 3614 nos
1250 3561 1637 3616 ostenderimus
1663 3564 1930 3620 virtutem.
1973 3565 2103 3620 Nam

530 3645 617 3700 hic
645 3647 890 3716 quoniam
935 3649 1154 3703 multum
1184 3651 1425 3718 certavit,
1467 3663 1741 3722 propterea
1785 3655 1944 3708 etiam
1990 3671 2104 3710 ma-

529 3752 658 3806 gnas
687 3739 1056 3794 retributiones
1083 3744 1442 3812 consequitur.
1475 3743 1539 3796 Et
1571 3753 1687 3812 post
1716 3753 1914 3798 tantam
1949 3745 2102 3800 forti-

531 3827 761 3881 tudinem
790 3829 1065 3885 abducitur
1107 3831 1159 3885 in
1189 3847 1479 3896 carcerem,
1517 3843 1569 3887 et
1603 3835 1822 3889 silenter
1857 3835 1958 3890 fert
1985 3851 2104 3889 om-

531 3917 635 3968 nia.
668 3917 826 3972 Scitis
847 3919 985 3974 enim
1014 3931 1208 3990 quanta
1253 3923 1286 3976 ii
1321 3923 1410 3992 qui
1453 3939 1554 3977 non
1598 3934 1721 3978 sunt
1766 3926 1865 3980 sibi
1904 3927 2102 3981 conscii

533 4007 782 4072 malitias,
835 4010 1047 4079 quando
1095 4014 1230 4065 sicut
1275 4013 1350 4066 rei
1402 4013 1837 4080 condemnantur,
1890 4023 2105 4070 utantur

531 4114 673 4167 sepe
723 4101 932 4167 fiducia,
981 4102 1296 4172 dicendique
1339 4104 1579 4159 libertate
1629 4106 1865 4160 instructi
1905 4108 2102 4176 ingenti

529 4189 707 4242 animo
751 4188 1022 4258 insurgunt
1065 4201 1247 4246 contra
1294 4207 1384 4247 eos
1433 4194 1522 4263 qui
1571 4195 1863 4250 insontibus
1900 4197 2103 4254 crimen

531 4278 809 4332 intentant.
855 4279 1050 4334 Verum
1096 4282 1184 4336 ille
1236 4297 1340 4335 non
1379 4283 1500 4338 sic:
1541 4285 1632 4338 sed
1674 4285 1814 4350 silet,
1844 4295 1897 4340 et
1923 4289 2098 4342 omnia

530 4378 803 4422 mansuete
845 4369 966 4435 fert,
998 4379 1050 4424 et
1079 4385 1264 4440 magna
1292 4387 1411 4426 cum
1442 4373 1687 4441 patientia
1723 4375 1809 4430 Dei
1831 4386 2102 4446 exspectat

529 4459 842 4514 subsidium.
870 4461 1001 4517 Vide
1028 4464 1167 4516 cnim
1199 4465 1463 4535 quomodo
1493 4474 1548 4520 et
1588 4465 1639 4519 in
1665 4481 1879 4522 carcere
1907 4470 2102 4536 princi-

530 4560 709 4618 patum
739 4566 949 4606 omnem
975 4555 1196 4623 accipiat
1219 4570 1248 4608 a
1273 4556 1492 4610 custode
1516 4559 1766 4622 carceris,
1798 4558 1953 4626 idque
1984 4577 2097 4614 me-

529 4640 632 4692 rito
664 4656 677 4692 :
705 4639 792 4694 2|.
834 4641 963 4695 Erat
987 4645 1127 4698 enim
1158 4643 1406 4698 Dominus
1430 4663 1543 4699 cum
1587 4646 1796 4714 Ioseph,
1837 4649 2020 4717 inquit,
2053 4660 2101 4704 et

528 4730 812 4796 effundebat
838 4735 882 4787 ei
913 4750 1058 4788 suam
1080 4737 1492 4792 misericordiam.
1548 4737 1680 4804 Quid
1703 4747 1802 4800 est,
1846 4737 2098 4804 E/funde-

527 4823 610 4873 bat
635 4823 678 4874 ei
703 4840 846 4875 suam
873 4825 1308 4879 misericordiam?
1332 4825 1410 4879 Ad
1441 4827 1832 4882 miserationem
1864 4828 2099 4884 inflecte-

529 4911 616 4963 bat
646 4912 949 4980 prarfectum
986 4918 1238 4982 carceris,
1271 4929 1324 4971 et
1363 4920 1494 4972 mire
1534 4934 1655 4988 erga
1688 4920 1833 4974 illum
1864 4921 2097 4976 benevo-

528 5001 747 5055 lentiam
773 5017 920 5056 suam
949 5005 1203 5058 declarari
1234 5008 1450 5061 curabat
1492 5027 1505 5062 :
1551 5009 1700 5062 Dedit
1737 5012 1877 5064 enim
1908 5013 1952 5065 ei
1980 5029 2099 5082 gra-

525 5092 648 5144 tiam
667 5107 834 5144 coram
852 5094 964 5148 illo.
984 5094 1122 5150 Vere
1147 5096 1276 5149 nihil
1305 5097 1507 5150 beatius
1532 5113 1594 5150 eo
1616 5100 1701 5168 qui
1739 5099 1833 5152 Dei
1863 5100 2097 5155 benevo-

528 5183 684 5236 lentia
712 5181 918 5237 fruitur.
945 5184 1036 5240 22.
1071 5185 1217 5239 Dedit
1253 5187 1414 5251 enim,
1462 5188 1648 5255 inquit,
1695 5191 1956 5258 praefectus
1979 5208 2096 5244 car-

523 5275 650 5328 ceris
671 5291 917 5329 carcerem
937 5277 988 5329 in
1012 5293 1216 5329 manum
1235 5277 1446 5348 Josepli.
1471 5278 1602 5334 Vide
1622 5282 1888 5348 quomodo
1915 5291 2095 5338 custos

524 5367 754 5422 carceris
793 5368 988 5438 aliquid
1039 5369 1256 5425 honoris
1293 5370 1344 5425 ei
1385 5371 1576 5438 defert,
1623 5374 2093 5444 auctoritatemque

525 5458 573 5511 ei
597 5461 867 5528 permittit,
897 5471 1054 5532 atque
1091 5478 1277 5518 omnes
1305 5463 1396 5532 qui
1445 5463 1498 5518 in
1545 5478 1757 5518 carcere
1781 5473 1951 5530 erant,
1975 5481 2094 5520 esse

521 5550 671 5620 jubet
713 5553 813 5607 sub
861 5563 1117 5622 potestate
1154 5555 1286 5624 ejus.
1333 5554 1421 5610 23.
1470 5553 1539 5608 Et
1561 5556 1804 5608 nesciebat
1830 5559 2094 5624 praefectus

525 5644 736 5697 carceris
759 5646 952 5715 aliquid
977 5662 996 5700 :
1023 5648 1191 5702 omnia
1218 5648 1348 5702 enim
1369 5658 1512 5703 erant
1537 5648 1589 5700 in
1615 5663 1766 5700 manu
1788 5658 2003 5716 Ioseph,
2033 5663 2090 5701 eo

2205 941 2414 993 semper
2439 926 2724 981 habeamus
2757 929 3054 992 Dominum,
3081 939 3135 983 et
3164 939 3220 983 ut
3246 946 3365 999 qua:
3385 946 3417 985 a
3449 933 3600 986 nobis
3628 931 3779 996 Iiuut,

2205 1019 2272 1070 ab
2302 1017 2392 1071 illo
2431 1028 2824 1086 prosperantur.
2868 1018 2999 1072 Nam
3025 1020 3115 1088 qui
3160 1020 3300 1075 illius
3337 1021 3590 1078 auxilium
3631 1037 3780 1077 asse-

2205 1107 2403 1175 quitur,
2451 1109 2610 1162 etiam
2662 1109 2714 1162 in
2757 1109 2945 1164 mediis
2990 1111 3140 1164 malis
3179 1112 3445 1166 exsistens
3472 1113 3686 1178 ridebit,
3715 1129 3779 1170 ac

2206 1197 2355 1250 nihili
2383 1198 2587 1266 putabit
2611 1199 2809 1263 omnia,
2844 1199 3067 1254 Domino
3086 1202 3320 1255 omnium
3351 1202 3575 1258 faciente
3593 1213 3648 1259 et
3673 1205 3782 1259 dis-

2208 1296 2440 1356 ponente
2467 1297 2678 1351 cuncta,
2707 1297 2764 1342 ut
2795 1303 3046 1358 prOSpere
3083 1291 3371 1346 succedant
3390 1293 3583 1359 omnia,
3625 1303 3782 1364 atque

2206 1377 2371 1431 ardua
2415 1377 2586 1432 facilia
2630 1379 2906 1434 reddente.
2951 1381 3234 1447 Quomodo
3277 1393 3455 1438 autem
3493 1387 3782 1452 poterimus

2208 1469 2483 1524 nobiscum
2533 1470 2730 1526 habere
2781 1471 3092 1539 Dominum,
3140 1474 3209 1528 ita
3257 1483 3315 1529 ut
3365 1474 3480 1542 ipso
3523 1476 3782 1545 dirigente

2207 1559 2464 1628 prospere
2493 1575 2711 1630 agamus
2739 1561 2790 1614 in
2821 1563 3106 1617 omnibus?
3133 1562 3187 1618 Si
3215 1564 3376 1618 sobrii
3404 1566 3782 1636 vigitantesque

2211 1648 2484 1716 fuerimus,
2514 1659 2569 1704 et
2597 1651 2787 1706 imitati
2817 1651 3072 1707 fuerimus
3103 1653 3313 1723 juvenis
3351 1655 3488 1710 illius
3516 1658 3784 1712 continet.-

2210 1739 2334 1793 tiam
2364 1749 2418 1795 et
2443 1741 2575 1795 alias
2597 1741 2840 1809 virtutes,
2868 1744 3208 1814 animumque
3245 1762 3584 1822 generosum,
3609 1764 3669 1802 ac
3699 1751 3780 1803 vi-

2207 1833 2442 1888 derimus
2469 1835 2546 1889 sic
2573 1835 2749 1889 omnia
2799 1835 2911 1890 fieri
2940 1836 3217 1906 diligenter
3256 1849 3521 1908 oportere,
3551 1851 3607 1893 ut
3633 1857 3784 1894 num-

2207 1939 2365 1992 quam
2391 1939 2419 1976 a
2449 1924 2670 1978 Domino
2689 1928 3140 1991 condemnemur;
3167 1928 3258 1982 sed
3286 1929 3515 1984 sciamus
3535 1931 3785 2000 possibile

2209 2028 2310 2066 nou
2339 2029 2478 2079 esse,
2511 2023 2566 2068 ut
2594 2016 2882 2070 occultetur
2910 2015 3107 2086 aliquid
3145 2019 3212 2072 ab
3239 2021 3393 2074 oculo
3425 2021 3514 2074 illo
3541 2022 3628 2090 qui
3653 2021 3779 2075 dor-

2207 2103 2397 2157 mitare
2425 2103 2627 2172 nequit,
2654 2118 2837 2158 verum
2867 2120 3086 2163 necesse
3109 2108 3325 2162 omnino
3349 2123 3488 2174 esse,
3521 2119 3576 2162 nt
3619 2110 3660 2162 is
3694 2109 3786 2177 qui

2209 2201 2410 2262 peccat,
2445 2195 2715 2262 suppliciis
2747 2194 3010 2251 obnoxius
3036 2196 3144 2252 liat.
3174 2196 3354 2267 Neque
3381 2200 3594 2268 majoris
3623 2201 3779 2254 facia-

2208 2299 2326 2338 mus
2366 2285 2609 2340 timorem
2663 2285 2957 2354 hominum,
3005 2304 3162 2358 quam
3211 2290 3621 2360 indignationem
3668 2293 3778 2354 Dei,

2208 2373 2302 2428 sed
2329 2389 2594 2429 memores
2621 2375 2788 2430 simus
2816 2391 3027 2446 semper
3047 2379 3329 2432 verborum
3369 2379 3563 2449 Joseph
3599 2381 3781 2434 dicen-

2210 2465 2276 2518 tis
2307 2482 2320 2518 :
2353 2464 2614 2531 Quomodo
2653 2467 2839 2536 faciam
2866 2469 3065 2522 verbum
3110 2469 3204 2523 hoc
3239 2472 3449 2534 malum,
3481 2485 3528 2526 et
3571 2476 3782 2541 peccatio

2211 2574 2380 2612 coram
2413 2557 2561 2613 Deo?
2590 2559 2753 2630 Igitur
2781 2560 2993 2630 quando
3035 2577 3132 2616 nos
3175 2561 3346 2631 aliqua
3379 2565 3622 2633 cogitatio
3660 2579 3782 2632 per-

2212 2651 2408 2716 turbat,
2437 2651 2536 2705 hoc
2563 2651 2613 2705 in
2639 2661 2816 2707 mente
2855 2667 3126 2708 versemus
3151 2653 3390 2720 verbmn,
3421 2663 3477 2709 et
3500 2656 3680 2709 statim
3706 2654 3784 2709 ef-

2213 2744 2372 2813 fugiet
2396 2744 2566 2797 omnis
2607 2744 2783 2798 illicita
2814 2744 3256 2815 concupiscentia.
3293 2745 3470 2814 Itaque
3514 2747 3626 2800 sive
3665 2748 3783 2816 quis

2209 2846 2489 2901 corporum
2531 2835 2954 2902 concupiscentia
2996 2836 3252 2904 capiatur,
3289 2837 3399 2892 sive
3444 2839 3782 2905 pecuniarum

2209 2937 2412 2990 amore,
2441 2922 2554 2977 sive
2597 2923 2698 2977 alia
2739 2924 2964 2994 quadam
3007 2925 3233 2980 absurda
3277 2927 3566 2995 voluptate.
3603 2929 3782 2983 statim

2211 3011 2312 3068 hoc
2337 3014 2553 3084 cogitet,
2585 3014 2730 3069 illum
2769 3031 2958 3086 nempe
2984 3031 3102 3072 esse
3129 3018 3220 3086 qui
3261 3034 3358 3073 nos
3386 3019 3721 3084 condemnet,
3751 3035 3781 3074 a

2209 3121 2311 3175 quo
2338 3121 2444 3159 non
2472 3113 2554 3160 est
2573 3105 2821 3174 possibile
2841 3107 3108 3162 occultare
3133 3108 3290 3162 etiam
3310 3123 3370 3163 ea
3393 3125 3510 3179 qua:
3528 3109 3578 3163 in
3606 3119 3782 3164 mente

2211 3205 2389 3250 nostra
2420 3205 2698 3251 versantur
2729 3215 2742 3251 :
2772 3207 2824 3251 et
2847 3199 3064 3252 omnino
3085 3197 3396 3269 effugiemus
3416 3200 3573 3254 etiam
3599 3199 3782 3254 diabo-

2211 3287 2336 3342 licas
2366 3288 2798 3350 machinationes,
2831 3305 3127 3360 magnoque
3153 3291 3414 3361 adjutorio
3437 3305 3672 3360 superno
3695 3293 3782 3362 ju-

2210 3379 2478 3445 vabimur;
2507 3395 2611 3448 quo
2632 3380 2781 3434 nobis
2805 3380 2904 3433 frui
2933 3382 3201 3450 contingat
3230 3383 3474 3436 omnibus
3503 3387 3667 3451 gratia
3727 3391 3780 3436 et

2210 3470 2530 3541 benignitate
2555 3470 2761 3525 Domini
2789 3471 2953 3526 nostri
2979 3471 3328 3539 JesuChristi,
3359 3473 3442 3526 cui
3483 3489 3600 3526 cum
3627 3473 3782 3528 Patre

2209 3573 2261 3617 et
2289 3575 2470 3618 sancto
2490 3563 2684 3633 Spiritu
2711 3564 2779 3618 sit
2807 3565 2993 3634 gloria,
3026 3566 3325 3634 imperium,
3353 3567 3540 3633 honor,
3568 3579 3704 3618 nunc
3727 3575 3779 3620 ct

2209 3669 2438 3726 semper,
2467 3658 2592 3710 etin
2618 3657 2808 3711 sa'cnla
2836 3657 3167 3710 sa‘culorum.
3202 3660 3389 3712 Amen.

2760 3785 3029 3840 IIOIIILIA
3063 3784 3243 3840 LXIII.

2209 3892 2278 3948 Et
2306 3896 2549 3949 nesciebat
2589 3895 2780 3964 aliquid
2823 3899 3086 3966 prwfcctns
3113 3897 3324 3950 carceris
3350 3907 3552 3966 prapter
3584 3899 3773 3970 Ioseph

2809 3987 2959 4058 (Cen.
2987 3988 3075 4042 59.
3104 3987 3215 4054 εδ).

2280 4101 2330 4154 Ι.
2363 4099 2635 4169 Reliquias
2668 4114 2852 4153 eorum
2882 4115 3000 4168 quae
3029 4113 3057 4152 a
3101 4099 3254 4153 nobis
3295 4099 3405 4152 heri
3449 4099 3584 4154 dicta
3610 4108 3772 4166 sunt,

2207 4190 2448 4243 volumus
2493 4188 2652 4243 hodie
2695 4189 2916 4243 reddere
2957 4189 3161 4244 caritati
3216 4201 3406 4245 vestrae
3435 4230 3450 4252 ,
3483 4199 3535 4244 et
3585 4191 3773 4244 iterum

2207 4281 2466 4349 attingere
2497 4279 2770 4334 historiam
2791 4279 3030 4349 Josephi.
3061 4282 3216 4336 Scitis
3236 4283 3376 4335 enim
3400 4283 3646 4337 hesterno
3665 4298 3775 4336 ser-

2208 4386 2364 4423 mone
2410 4370 2660 4438 prolixius
2701 4379 2921 4426 exteuso
2946 4413 2960 4436 ,
2994 4387 3090 4426 nos
3133 4387 3238 4426 non
3285 4372 3517 4442 potuisse
3554 4373 3774 4427 ulterius

2207 4461 2471 4530 progredi,
2504 4460 2595 4515 sed
2620 4461 2852 4515 sermoni
2878 4461 3030 4516 finem
3052 4461 3621 4535 imposuisse,quando
3649 4479 3771 4531 pro-

2206 4562 2322 4621 pter
2352 4551 2612 4623 Egyptia:
2638 4553 2954 4608 calumniam
2979 4556 3046 4607 ab
3065 4553 3410 4622 archimagiro
3435 4554 3484 4606 in
3507 4568 3772 4608 carcerem

2205 4654 2285 4697 est
2309 4643 2596 4711 ennjectus.
2621 4642 2743 4697 Ideo
2764 4642 2918 4697 hodie
2947 4657 3121 4711 operte
3151 4644 3374 4711 pretium
3405 4643 3556 4696 fuerit
3582 4643 3774 4697 docere

2204 4744 2432 4787 vestram
2460 4733 2753 4798 caritatem,
2779 4749 2897 4802 qua:
2927 4732 2976 4785 in
3007 4747 3219 4786 carcere
3239 4732 3286 4786 ei
3315 4731 3620 4787 acciderint.
3645 4732 3771 4786 Nam

2205 4831 2479 4892 postquam
2504 4823 2554 4876 in
2581 4837 2848 4876 carcerem
2874 4829 2958 4876 est
2980 4822 3271 4889 conjectus,
3300 4831 3354 4876 et
3383 4821 3606 4875 traditus
3636 4837 3772 4890 pra:-

2206 4915 2340 4968 fecto
2367 4913 2614 4976 carceris,
2638 4915 2794 4968 etiam
2824 4913 2928 4966 illic
2959 4921 3157 4966 tantum
3186 4913 3277 4966 Dei
3307 4913 3597 4966 subsidium
3627 4927 3774 4966 asse-

2203 5015 2400 5074 quutus
2424 5013 2543 5064 est,
2578 5013 2632 5056 ut
2663 5004 2821 5056 totius
2848 5002 3074 5056 carceris
3113 5005 3436 5072 principatus
3469 5019 3496 5055 a
3527 5001 3774 5070 pra-lecto

2202 5100 2432 5153 carceris
2458 5097 2556 5167 ipsi
2582 5097 2977 5151 concederetur.
3013 5095 3076 5148 Et
3104 5095 3346 5148 nesciebat
3374 5095 3564 5163 aliquid
3594 5097 3772 5164 prafe-

2201 5199 2308 5241 ctus
2332 5188 2545 5240 carceris
2576 5197 2776 5255 propter
2803 5185 3012 5254 Joseph.
3041 5184 3230 5238 Vidisti
3269 5182 3533 5253 quomodo
3562 5185 3611 5236 in
3645 5183 3772 5251 ipsis

2203 5277 2454 5332 mrumnis
2479 5292 2695 5330 versans
2715 5319 2730 5340 ,
2762 5277 3132 5330 adversitatem
3162 5290 3228 5328 ne
3271 5273 3497 5328 senserit
3520 5273 3729 5342 quidem
3757 5312 3769 5337 ,

2201 5371 2291 5424 sed
2343 5369 2560 5437 provida
2599 5369 2857 5437 sapientia
2895 5367 2986 5420 Dei
3028 5365 3203 5420 omnia
3245 5378 3431 5433 aspera
3473 5362 3690 5416 verterit
3720 5361 3772 5414 iu

2195 5460 2445 5530 jucunda.
2478 5461 2543 5514 Et
2581 5460 2716 5513 sicut
2755 5459 2876 5512 licet
2901 5457 3020 5526 quis
3060 5454 3395 5524 margaritam
3428 5453 3538 5506 luto
3561 5451 3762 5506 obruat.

2200 5553 2541 5606 nihilominus
2581 5552 2806 5604 nativam
2856 5551 3049 5605 retinet
3091 5545 3534 5617 pulchritudinem
3567 5584 3580 5598 .
3613 5544 3688 5596 sic
3719 5554 3772 5596 et

2202 5645 2386 5709 virtus,
2415 5657 2746 5714 quocumque
2770 5657 2884 5696 cam
2907 5640 3216 5710 projeceris,
3244 5652 3391 5693 suam
3419 5637 3526 5690 vim
3552 5634 3767 5698 exserit,
