4168 6264
419 317 521 374 559

416 433 511 488 καὶ
558 434 822 505 ἡνείχετο,
870 436 955 491 ἵνα
1006 438 1094 491 διὰ
1136 438 1354 493 πάντων
1400 441 1491 494 τὸν
1531 444 1726 497 ἐαυτοῦ
1772 446 1990 514 οἰκέτην

416 516 801 588 λαμπρότερον
850 521 1126 593 ἀποφήνῃ.
1182 523 1367 575 Ταῦτα
1397 524 1505 595 γὰρ
1542 526 1756 580 ἅπαντα
1786 526 1993 580 ἐλθόντι

411 598 492 667 τῷ
524 599 679 668 ἀνδρὶ
710 599 846 668 μετὰ
875 601 1076 673 πολλῆς
1111 604 1211 674 τῆς
1264 608 1603 676 κακουργίας
1631 608 1861 662 εἰποῦσα
1901 609 1994 662 καὶ

415 684 844 753 κατηγορήσασα
879 685 970 739 τοῦ
998 688 1279 742 νεανίσκου
1303 690 1487 758 ἔλεγεν
1512 707 1525 720 ⁸
1548 692 1815 761 Εἰσῆλθες
1841 695 1990 761 πρός

409 783 487 836 με
520 770 552 821 ό
579 768 720 833 παῖς
760 772 792 823 ό
832 768 1132 839 Ἑϐραῖος,
1165 772 1239 826 ὃν
1263 775 1584 845 εἰσήγαγες
1609 778 1761 845 πρὸς
1795 779 1987 846 ἡμᾶς,

411 848 696 915 ἐμπαῖξαι
728 867 851 917 μοι.
906 852 1089 905 Ἀθλία
1137 855 1231 908 καὶ
1270 857 1605 928 ταλαίπωρε,
1658 862 1773 913 Οὐκ
1828 861 1990 924 αὐτὸς

414 933 715 1001 εἰσήγαγεν⁴
734 932 874 987 ὥστε
904 936 1168 1005 ἐμπαῖξαί
1196 956 1298 1005 σοι,
1317 940 1430 993 ἀλλ’
1461 944 1489 994 ό
1511 942 1755 1006 διάϐολός
1779 961 1837 996 σε
1869 946 1989 997 εἰσ-

414 1015 623 1083 ήγαγεν
642 1058 654 1078 ,
684 1015 826 1069 ὥστε
876 1018 951 1088 μὴ
998 1020 1155 1089 μόνον
1184 1023 1465 1092 μοιχαλίδα
1498 1025 1747 1091 γενέσθαι
1773 1068 1789 1092 ,
1830 1027 1986 1091 ἀλλὰ,

383 1097 470 1151 ,τὸ
497 1093 629 1168 ἦκον
663 1099 742 1161 εἰς
787 1100 868 1157 σὲ.
914 1103 1007 1155 καὶ
1044 1103 1202 1170 φόνον
1254 1106 1608 1176 ἐργάσασθαι.
1638 1110 1742 1163 Καὶ
1776 1110 1987 1164 ἐδείκνυ

321 1205 324 1208 ~
410 1179 596 1233 λοιπόν
650 1183 729 1244 εἰς
755 1182 1028 1249 ἀπόδειξιν
1052 1185 1163 1239 τῶν
1194 1188 1324 1258 παρ’
1370 1189 1539 1259 αὐτῆς
1584 1190 1889 1261 λεγομένων
1920 1195 1988 1246 τὰ

411 1263 606 1331 ίμάτια
628 1263 722 1315 τοῦ
749 1265 1052 1319 νεανίσκου.

492 1357 687 1410 Ἐννόει
718 1375 807 1427 μοι
838 1360 1072 1415 ἐνταῦθα
1096 1362 1189 1416 τοῦ
1230 1364 1408 1418 κοινοῦ
1437 1367 1655 1421 πάντων
1684 1368 1985 1440 ἀνθρώπων

407 1442 678 1493 Δεσπότου
705 1445 804 1514 τὴν
835 1444 1262 1517 φιλανθρωπίαν.
1294 1450 1504 1521 Ὥσπερ
1537 1452 1645 1522 γὰρ
1685 1452 1790 1505 τῶν
1827 1454 1983 1507 ἀδελ-

408 1522 525 1590 φῶν
568 1525 730 1578 αὑτὸν
760 1526 995 1592 ἐξείλετο
1047 1530 1387 1600 βουλομένων
1432 1535 1595 1587 αὑτὸν
1626 1537 1855 1600 ἀνελεῖν,
1893 1540 1985 1590 καὶ

411 1608 794 1692 παρεσκεύασε
826 1612 1089 1682 πρότερον
1120 1615 1217 1685 μὲν
1247 1617 1388 1670 κατά
1414 1619 1513 1689 τὴν
1547 1621 1855 1692 συμϐουλὴν
1888 1623 1982 1674 τοῦ

417 1688 639 1773 Ἱξουϐὴν
668 1694 746 1754 εἰς
773 1693 865 1747 τὸν
899 1694 1100 1749 λάκκον
1130 1697 1490 1770 ἐμϐληθῆναι,
1521 1688 1782 1773 καὶήμετὰ
1810 1688 1983 1759 ταῦτα

403 1771 565 1824 πάλιν
594 1775 732 1826 κατὰ
765 1776 863 1846 τὴν
894 1778 1203 1850 συμϐουλὴν
1229 1780 1322 1834 τοῦ
1375 1782 1544 1837 Ἰούδα
1573 1771 1686 1848 τοῖς
1720 1787 1981 1858 ἐμπόροις

400 1854 787 1939 διαπραθῆναι,
819 1859 905 1911 ἵνα
939 1859 1045 1912 τῶν
1067 1862 1363 1933 ὀνειράτων
1396 1866 1427 1934 ἡ
1461 1865 1685 1929 ἔκϐασις
1712 1854 1792 1930 εἰς
1821 1854 1980 1939 ἔργον

400 1937 627 1992 ἐλθοῦσα
660 1941 822 2024 πείσῃ
854 1943 945 1995 τὸν
979 1944 1208 2010 δίκαιον,
1252 1946 1328 2009 ὡς
1362 1949 1422 2000 οὑ
1470 1950 1649 2019 μάτην
1705 1951 1823 2003 οὑδέ
1853 1937 1977 2024 εἰκῆ

400 2020 579 2073 ἐκεῖνα
607 2023 754 2093 αὑτῷ
791 2026 1169 2094 προεμηνύετο
1194 2043 1207 2055 °
1256 2027 1399 2081 οῦτω
1427 2032 1522 2082 καὶ
1556 2032 1649 2083 νῦν
1700 2034 1733 2100 ἠ
1774 2033 1979 2087 ἄνωθεν

402 2104 526 2175 χεὶρ
550 2100 618 2175 ἦν
650 2108 682 2175 ἡ
720 2107 811 2159 τὸν
844 2107 1121 2177 βάρϐαρον
1160 2111 1367 2163 ἐκεῖνον
1398 2112 1738 2181 κατέχουσα,
1769 2117 1861 2168 καὶ
1906 2118 1979 2187 μὴ

394 2188 806 2257 συγχωρήσασα
849 2188 1053 2251 εὐθέως
1100 2192 1193 2241 ἐπὶ
1226 2192 1325 2261 τὴν
1357 2195 1572 2262 σφαγὴν
1612 2197 1851 2266 ὁρμῆσαι
1883 2199 1976 2250 τοῦ

395 2270 697 2321 νεανίσκου.
728 2270 792 2321 Τί
822 2271 931 2342 γὰρ
963 2267 1029 2340 ἦν
1052 2272 1112 2325 τὸ
1141 2274 1370 2336 κωλύον,
1401 2276 1639 2345 μαθόντα
1663 2278 1739 2341 ὡς
1770 2281 1850 2341 εἰς
1882 2280 1979 2334 αὑ-

394 2349 495 2421 τὴν
522 2350 618 2419 τὴν
647 2350 806 2421 εὐνὴν
832 2353 1088 2422 ἀδικῆσαι
1128 2356 1290 2409 αὑτὸν
1318 2358 1639 2428 ἐπεχείρησε
1658 2401 1671 2423 ,
1708 2360 1780 2432 μὴ
1818 2360 1977 2417 τοῦτο

398 2431 659 2501 ποιῆσαι;
722 2433 860 2486 Ἀλλ’
910 2437 938 2488 ό
984 2436 1293 2507 εὐμήχανος
1344 2438 1470 2502 Θεὸς
1520 2443 1788 2513 τοσαύτην
1834 2462 1975 2515 παρ-

397 2514 695 2567 εσκεύασεν
723 2516 884 2569 αὑτὸν
913 2518 1281 2585 ἐπιδείξασθαι
1306 2520 1401 2591 τὴν
1432 2524 1740 2594 πραΰτητα,
1761 2527 1846 2580 ἴνα
1870 2514 1971 2596 ἐμ·-

396 2595 614 2666 ϐληθεὶς
642 2596 718 2668 τῷ
751 2598 1129 2672 δεσμωτηρίῳ,
1160 2603 1254 2656 καὶ
1287 2604 1451 2655 πάλιν
1479 2607 1595 2658 ἐκεῖ
1618 2607 1717 2677 τὴν
1764 2595 1971 2663 οἰκείαν

395 2677 802 2761 ἐπιδειξάμενος
832 2681 1055 2752 ἀρετὴν,
1082 2683 1254 2748 οὕτως
1284 2686 1375 2739 ἐπὶ
1412 2686 1509 2757 τὴν
1544 2688 1717 2761 ἀρχὴν
1745 2692 1844 2761 τῆς
1876 2692 1972 2761 βα-

394 2759 598 2824 σιλείας
634 2762 1030 2834 παραγένηται.
1073 2766 1377 2836 Ἐθυμὼθη
1410 2772 1538 2838 γὰρ,
1579 2759 1765 2841 φησὶν,
1800 2759 1833 2828 ό
1866 2759 1970 2828 ia}-

386 2859 514 2909 ριος
553 2845 761 2905 αὐτοῦ,
794 2846 893 2899 καί
927 2847 1214 2901 ἐνέϐαλεν
1243 2852 1428 2903 αὐτὸν
1455 2855 1541 2918 εἰς
1572 2854 1637 2905 τὸ
1669 2856 1965 2924 ὀχύρωμα,

389 2925 544 2979 ὅπου
578 2929 628 2979 οἱ
671 2926 975 2995 δεσμῶται
1010 2930 1114 2983 τοῦ
1145 2932 1453 2998 βασιλέως
1488 2936 1867 3005 ’κατέχον-ται.
1907 2940 1967 2992 Εἰ

393 3009 490 3077 μὲν
518 3009 626 3079 γὰρ
659 3009 735 3080 μὴ
764 3010 1071 3076 ἐπίστευσε,
1099 3014 1199 3066 οὑκ
1235 3016 1401 3086 ἐχρῆν
1429 3017 1591 3071 αὑτὸν
1620 3019 1876 3089 ἐμϐαλεῖν
1909 3022 1968 3074 ἐν

388 3090 466 3160 τῷ
490 3090 846 3163 δεσμωτηρίῳ
864 3108 876 3121 ·
912 3095 960 3145 εἰ
988 3093 1045 3147 δέ
1074 3094 1363 3150 ἐπίστευσε
1392 3098 1553 3152 πάλιν
1594 3100 1792 3170 ἀληθὲς
1828 3098 1966 3154 εἶναι

387 3172 450 3224 τὸ
473 3173 623 3243 παρά
653 3175 749 3244 τῆς
778 3176 1082 3253 ᾼίγυπτίας
1110 3177 1422 3246 λεγόμενον,
1446 3182 1567 3234 οὑδὲ
1596 3180 1738 3235 οὕτω
1761 3183 1969 3253 δεσμωὲ

385 3256 578 3326 τηρίου
602 3256 751 3322 ἄξιος
779 3251 868 3329 ἦν,
903 3258 1040 3313 ἀλλὰ
1073 3261 1455 3333 ἀποτμηθῆναι
1490 3266 1583 3317 καὶ
1605 3265 1761 3337 δίκην
1782 3251 1964 3320 δοῦναι

384 3339 483 3407 τὴν
522 3339 774 3411 ἐσχάτην.
817 3342 955 3393 Ἀλλ’
989 3344 1117 3395 ὅταν
1150 3345 1182 3414 ἡ
1216 3344 1421 3397 ἄνωθεν
1452 3346 1602 3412 δεξιά
1639 3348 1736 3418 τὴν
1764 3349 1965 3419 ἑαυτῆς

386 3421 641 3491 πρόνοιαν
667 3422 1033 3479 ἐπιδείκνυται
1054 3466 1067 3489 ,
1104 3428 1280 3480 πάντα
1313 3427 1509 3481 εὔκολα
1549 3431 1643 3482 καὶ
1681 3432 1843 3502 ῥᾴδια
1877 3434 1963 3501 γί-

384 3520 555 3567 νεται,
582 3506 675 3559 καὶ
698 3507 745 3557 οί
772 3505 954 3576 ἄγριοι
976 3508 1318 3579 ἡμερώτεροι
1339 3511 1709 3566 καθίστανται.
1744 3516 1877 3567 Τότε
1905 3516 1962 3568 δὲ

383 3589 478 3640 καὶ
501 3591 534 3659 ἡ
562 3589 767 3643 ἄνωθεν
810 3591 951 3659 ῥοπὴ
993 3592 1129 3660 μετά
1168 3592 1443 3661 δαψιλείας
1490 3596 1621 3664 ἡμῖν
1660 3598 1959 3665 παραγίνε-

383 3688 492 3732 ται,
512 3672 638 3724 ὅταν
659 3671 858 3743 πολλὴν
882 3673 975 3725 καὶ
1003 3674 1161 3744 ἡμεῖς
1183 3676 1283 3746 τὴν
1316 3677 1513 3747 ἀρετὴν
1543 3678 1957 3749 ἐπιδειξώμεθα.

396 3751 613 3824 Ἐπειδὴ
637 3754 745 3825 γὰρ
773 3754 1023 3823 μεγάλως
1050 3750 1202 3818 οὗτος
1222 3758 1549 3824 ἠγωνίσατο,
1568 3759 1655 3811 διὰ
1681 3759 1839 3812 τοῦτο
1869 3764 1960 3814 καὶ

388 3835 637 3904 μεγάλων
664 3836 926 3889 ἀπολαύει
964 3837 1070 3889 τῶν
1104 3838 1367 3907 ἀμοιϐῶν.
1400 3841 1508 3891 Καὶ
1547 3841 1683 3909 μετὰ
1713 3839 1810 3911 τὴν
1845 3860 1960 3894 τοσ-

383 3916 556 3987 αύτην
603 3917 855 3987 ἀνδρείαν
897 3918 1141 3985 ἀπήγετο
1193 3921 1271 3982 εἰς
1314 3921 1373 3971 τὸ
1416 3921 1820 3991 δεσμωτήριον,
1866 3924 1959 3977 καὶ

385 4002 512 4071 σιγῇ
538 4000 716 4052 πάντα
750 3998 1042 4070 ὑπέμενεν.
1075 4001 1216 4053 Ἰστε
1246 4001 1355 4072 γὰρ
1393 4003 1540 4065 ὅπως
1568 4006 1615 4055 οἰ
1649 4004 1813 4074 μηδὲν
1835 4007 1958 4060 ἐαυ-

380 4084 494 4145 τοῖς
520 4081 816 4145 συνειδότες
848 4082 1107 4155 πονηρὸν,
1132 4085 1351 4138 ἐπειδὰν
1380 4085 1455 4147 ὡς
1477 4084 1766 4141 ὑπεύθυνοι
1788 4106 1957 4143 κατα-

381 4163 730 4227 δικάζωνται,
767 4164 909 4238 πόσῃ
947 4166 1241 4237 κέχρηνται
1277 4166 1536 4229 πολλάκις
1568 4170 1634 4238 τῇ
1672 4172 1956 4242 παρρησίᾳ

381 4247 473 4299 καὶ
499 4249 566 4316 τῇ
597 4247 1047 4319 ἐλευθεροστομίᾳ
1070 4288 1085 4311 ,
1121 4249 1634 4320 κατεξανιστάμενοι
1680 4255 1772 4306 καὶ
1801 4253 1952 4326 [599]

382 4329 911 4398 μεγαλοφρονοῦντες
942 4331 1081 4384 κατὰ
1113 4332 1220 4384 τῶν
1249 4332 1346 4401 τὴν
1389 4332 1544 4402 δίκην
1582 4334 1764 4398 αὑτοῖς
1799 4337 1955 4389 ἀνευ-

380 4411 557 4475 θύνοις
594 4409 741 4466 οὖσιν
769 4416 1099 4482 ἐπαγόντων.
1133 4415 1270 4467 Ἀλλ’
1298 4408 1451 4479 οὗτος
1479 4418 1577 4486 οὐχ
1606 4417 1797 4484 οὕτως,
1820 4419 1953 4475 ἀλλά

380 4496 475 4547 καὶ
519 4497 646 4566 σιγᾷ
672 4535 686 4559 ,
727 4499 819 4550 καὶ
868 4498 1044 4550 πάντα
1087 4498 1275 4568 πράως
1314 4497 1545 4567 δέχεται,
1590 4500 1681 4552 καὶ
1724 4502 1952 4572 ἀνέμενε

382 4579 518 4648 μετά
543 4580 738 4649 πολλῆς
769 4579 867 4649 τῆς
891 4580 1165 4650 ὑπομονῆς
1191 4580 1291 4649 τὴν
1316 4580 1410 4632 τοῦ
1435 4581 1570 4634 Θεοῦ
1603 4585 1794 4655 ροπὴν.
1811 4587 1953 4657 Ὅρα

378 4662 488 4729 γὰρ
523 4660 639 4723 πῶς
675 4661 768 4713 καὶ
796 4661 852 4713 ἐν
873 4660 950 4730 τῷ
979 4662 1335 4732 δεσμωτηρίῳ
1371 4660 1445 4714 ὣν
1471 4663 1632 4716 πάλιν
1661 4666 1758 4735 τὴν
1778 4667 1950 4739 ἀρχὴν

379 4743 596 4796 ἃπασαν
642 4743 803 4806 αὐτὸς
844 4743 1054 4813 ἐδέχετο
1086 4744 1235 4813 παρά
1264 4744 1355 4796 τοῦ
1398 4745 1835 4815 δεσμοφύλακος·
1868 4754 1949 4804 εἰσ

378 4824 583 4887 κότως’
614 4820 737 4878 Ἦν
769 4825 895 4896 γάρ,
941 4826 1108 4895 φησὶ,
1140 4828 1357 4894 Κύριος
1376 4828 1522 4896 μετὰ
1564 4830 1784 4899 Ἰωσὴφ
1806 4872 1819 4892 .
1853 4834 1951 4886 καὶ

376 4907 660 4977 κατέχεεν
683 4910 869 4962 αὐτοῦ
902 4908 1091 4973 ἕλεος.
1114 4910 1177 4961 Τί
1201 4911 1317 4961 ἐστι
1344 4911 1424 4975 τὸ,
1442 4913 1738 4981 Κατέχεεν
1762 4916 1949 4969 αὐτοῦ

381 4991 581 5056 Meae;
607 4991 746 5063 Πρὸς
774 4986 953 5044 οἶκτον
982 4992 1267 5061 ἐπέκαμψε
1289 4992 1380 5046 τὸν
1412 4993 1944 5065 ἀρχιδεσμοφύλακα,

376 5073 471 5125 καὶ
507 5073 703 5144 πολλὴν
732 5075 858 5143 περὶ
885 5075 1043 5127 αὑτὸν
1080 5074 1177 5145 τὴν
1207 5074 1417 5128 εῦνοιαν
1445 5076 1815 5144 ἐπιδείξασθαι
1843 5097 1947 5134 πα-

380 5157 730 5224 ρεσκεύαοῈν⁸
765 5156 982 5210 Ἔδωκε
1013 5158 1123 5226 γὰρ
1146 5158 1306 5223 αὐτῷ
1339 5158 1514 5227 χάριν
1539 5160 1817 5217 ἐναντίον
1842 5167 1947 5217 αὐ-

375 5238 502 5294 τοῦ.
559 5239 783 5310 Δληθῶς
811 5240 962 5323 οὐδὲν
998 5242 1459 5313 μακαριστότερον
1487 5243 1579 5296 τοῦ
1609 5246 1708 5315 τῆς
1742 5248 1947 5323 ἀνωθεν

376 5321 585 5385 εὐνοίας
636 5322 1015 5386 ἀπολαύοντος.
1054 5324 1272 5377 Ἔδωκε
1304 5325 1414 5395 γὰρ
1438 5368 1452 5390 ,
1487 5327 1681 5397 φησὶν,
1714 5331 1743 5381 ό
1782 5321 1948 5398 ἀρχιέ-

373 5402 765 5474 6εσμοφύλιιξ
793 5405 859 5458 τὸ
890 5406 1294 5476 δεσμωτήριον
1336 5407 1433 5460 διὰ
1466 5409 1663 5476 χειρὸς
1705 5411 1785 5476 τῷ
1828 5415 1947 5469 Ἰωτ

372 5487 523 5556 σήφ.
552 5488 690 5558 Ὅρα
734 5488 850 5552 πῶς
880 5489 1231 5556 ὑπεξίσταται
1259 5492 1287 5542 ό
1323 5491 1686 5561 δεσμοφύλαξ,
1717 5498 1810 5548 καὶ
1838 5515 1944 5549 πα-

377 5574 630 5640 ραχωρεῖ,
680 5574 773 5624 καὶ
822 5570 972 5642 αὑτῷ
1022 5574 1120 5643 τὴν
1162 5572 1444 5625 αὑθεντίαν
1495 5576 1815 5646 ἐπιτρέπει,
1852 5582 1945 5634 καὶ

374 5652 580 5715 πάγας
609 5655 735 5717 τοὺς
776 5655 832 5707 ἐν
865 5655 939 5725 τῷ
974 5654 1327 5726 δεσμωτηρίῳ
1353 5656 1457 5709 ὑπὸ
1482 5657 1581 5728 τὴν
1613 5659 1822 5713 ἐκείνου
1854 5663 1943 5729 ἐξ-

371 5736 556 5788 ουσίαν
582 5733 719 5789 εἷναι
745 5737 1015 5791 ἐκέλευσε.
1049 5739 1158 5792 Καὶ
1191 5740 1301 5791 οὐκ
1324 5735 1403 5808 ἦν
1437 5742 1470 5793 ό
1495 5741 1939 5812 ἁρχιδεσμοφύ-

374 5819 491 5882 lat,"
520 5819 827 5890 γινώσκων
862 5819 1068 5875 οὐδέν*
1112 5820 1307 5873 πάντα
1347 5822 1456 5890 γὰρ
1491 5818 1571 5891 ἦν
1612 5823 1710 5879 διὰ
1742 5827 1940 5895 χειρὸς

1379 323 1447 379 ΙΝ
1486 323 1636 381 CAP.
1671 321 1891 378 XXXIX
1927 323 2170 383 GENES.
2216 328 2448 385 IIOMIL.
2490 333 2671 388 LXIII.

3574 348 3679 402 M0

2115 445 2357 515 Ἰωσὴφ,
2385 449 2481 503 διὰ
2507 450 2574 503 τὸ
2606 451 2715 505 τὸν
2743 453 2961 521 Κύριον
2984 458 3113 526 μετ’
3145 458 3334 515 αὐτοῦ
3367 456 3540 524 εἶναι.
3577 469 3677 521 καὶ

2096 524 2213 579 ὅσα
2240 531 2420 615 αὐτὸς
2455 532 2642 586 ἐποίει
2662 573 2675 596 ,
2711 537 2928 603 Κύριος
2958 524 3184 595 ετὺώδου
3213 543 3282 595 ἐν
3309 543 3439 609 ταῖς
3466 549 3681 615 χερσὶν

2093 610 2301 664 αὐτοῦ.
2339 612 2537 667 Σκόπει
2572 615 2688 679 πῶς
2726 621 3019 690 συμπαρῆν
3044 623 3193 693 αὑτῷ
3231 610 3501 695 διηνεκῶς
3526 610 3559 700 ἡ
3586 632 3678 701 χά-

2096 707 2182 760 ρις
2209 693 2256 783 ’ἡ
2294 693 2521 783 ἀνωθεν,
2557 698 2651 750 καὶ
2682 699 2861 755 πάντα
2894 702 3038 774 ἅπερ
3077 693 3315 775 ἔπραττε
3343 693 3567 778 χάριτος
3586 693 3676 783 ’ῆν

2094 776 2274 845 πεπλη
2283 779 2523 848 ρωμένα.

2164 859 2335 913 Τοῦτο
2375 862 2574 947 τοίνυν
2600 864 2693 947 καὶ
2740 867 2901 936 ἡμεῖς
2948 869 3362 941 σπουδάσωμεν,
3420 873 3505 928 ἵνα
3553 877 3674 947 μεθ’

2092 940 2301 993 ἑαυτῶν
2324 943 2535 1013 ἔχωμεν
2555 946 2761 1029 ἀεὶᾼτὸν
2783 949 3005 1020 Κύριον,
3036 953 3129 1003 καὶ
3152 940 3333 1006 ἵνατά
3358 959 3487 1026 παρ’
3512 940 3672 1029 ἡμῶν

2090 1023 2352 1114 γινόμενα
2404 1026 2494 1078 ὑπ’
2541 1027 2751 1081 ἐκείνου
2791 1033 3175 1114 κατευοδῶται.
3230 1035 3288 1089 Ὀ
3327 1023 3672 1114 γὰρ-ταύτης

2088 1103 2339 1195 ἀξιωθεὶς
2363 1110 2461 1177 τῆς
2491 1110 2692 1195 ῥοπῆς,
2728 1111 2831 1195 κᾶν
2866 1113 3050 1183 μέσοις
3075 1121 3185 1181 τοῖς
3217 1103 3417 1185 δεινοῖς
3441 1121 3516 1176 ὢν
3538 1103 3669 1195 τυέᾲ

2088 1187 2248 1258 χάνῃ,
2282 1191 2713 1258 καταγελάσεται
2745 1194 2983 1259 πάντων,
3026 1199 3120 1252 καὶ
3161 1201 3313 1253 οὐδὲν
3358 1204 3496 1258 αὐτὰ
3525 1187 3667 1278 ἡγή-

2090 1287 2262 1335 σεται,
2302 1272 2394 1325 τοῦ
2418 1276 2689 1330 Δεσπότου
2726 1278 2835 1332 τῶν
2864 1279 3018 1347 ὅλων,
3048 1282 3142 1335 τοῦ
3176 1284 3353 1337 πάντα
3385 1288 3665 1354 ποιοῦντος

2088 1353 2181 1404 καὶ
2225 1359 2753 1425 μετασκευάζοντος,
2800 1362 3214 1428 κατευοδοῦντος
3256 1367 3405 1437 αὑτῷ
3452 1371 3666 1426 ἅπαντα

2087 1436 2179 1489 καὶ
2204 1437 2273 1489 τὰ
2298 1438 2533 1510 δυσχερῆ
2568 1443 2723 1513 ῥᾴδια
2768 1445 3217 1515 ἀπεργαζομένου
3235 1461 3282 1500 ι.
3340 1436 3462 1514 Πῶς
3488 1451 3545 1505 δέ
3576 1454 3665 1506 δυ-

2085 1519 2364 1589 νησόμεθα
2393 1523 2513 1591 μεθ’
2542 1525 2749 1578 ἑαυτῶν
2773 1525 2916 1596 ἔχειν
2943 1528 3032 1581 τὸν
3063 1528 3287 1600 Κύριον,
3325 1533 3420 1584 καὶ
3451 1534 3541 1586 ὑπ’
3567 1537 3663 1589 αὐ-

2083 1601 2176 1652 τοῦ
2206 1595 2640 1660 ’κατευοδοῦσθαι
2672 1609 2730 1659 ἐν
2766 1595 2999 1673 ἅπασιν;
3048 1612 3173 1665 Ἐἀν
3212 1615 3473 1683 νήφοντες
3511 1611 3662 1688 ὦμεν

2084 1682 2176 1736 καὶ
2204 1686 2593 1758 ἐγρηγορότες,
2625 1691 2718 1743 καὶ
2752 1694 3121 1762 μιμησώμεθα
3164 1682 3273 1749 τοῦ
3305 1699 3427 1752 νέου
3468 1682 3659 1755 τούτου

2081 1767 2178 1836 τὴν
2202 1769 2574 1857 σωφροσύνην,
2600 1774 2694 1826 καὶ
2730 1773 2831 1857 τὴν
2851 1774 3016 1845 ἄλλην
3058 1778 3277 1850 ἀρετὴν,
3316 1782 3409 1834 καὶ
3438 1782 3497 1836 τὸ
3526 1786 3659 1857 φρό..

2081 1865 2228 1918 νημα
2264 1850 2324 1902 τὸ
2354 1855 2628 1919 γενναῖον,
2667 1856 2759 1907 καὶ
2797 1856 2995 1926 ῖδωμεν
3038 1858 3120 1909 ὅτι
3181 1860 3323 1914 οὕτω
3362 1864 3467 1934 χρὴ
3519 1850 3658 1935 μετά

2080 1933 2367 2016 ἀκριϐείας
2397 1935 2611 1989 ἅπαντα
2647 1938 3094 2009 διαπράττεσθαι,
3135 1943 3210 2006 ὡς
3240 1933 3530 2016 μηδέποτε
3552 1950 3658 2005 ὑπὸ

2079 2015 2172 2066 τοῦ
2216 2018 2487 2071 Δεσπότου
2532 2023 3018 2092 καταγνωσθῆναι,
3058 2025 3176 2078 ἀλλ’
3205 2015 3416 2098 ὅτιγοὺχ
3447 2027 3558 2085 οἷόν
3595 2036 3655 2088 τέ

2079 2113 2198 2180 τινα
2224 2097 2403 2151 λαθεῖν
2428 2102 2633 2155 ἐκεῖνον
2666 2104 2759 2157 τὸν
2790 2105 3088 2175 ἀκοίμητον
3119 2097 3649 2180 ὀφθαλμὸνείδέναι,

2078 2178 2436 2265 ἀλλ’-ἀνάγκη
2478 2184 2696 2249 πάντως
2726 2187 2817 2239 τὸν
2845 2188 3162 2258 ἁμαρτόντα
3208 2178 3328 2255 ταῖς
3356 2178 3653 2265 τιμωρίαις

2080 2260 2663 2348 ὑπεύθυνον-γενέσθαι.
2690 2269 2798 2321 Καὶ
2826 2269 2899 2339 μὴ
2927 2275 3320 2344 προτιμότερον
3348 2260 3652 2348 ἡγώμεθαδ

2184 2344 2289 2431 τῶν
2306 2345 2402 2398 ἀνθ
2409 2345 2606 2431 ρώπων
2626 2350 2787 2417 φόϐον
2814 2354 2915 2421 τῆς
2936 2354 3027 2405 τοῦ
3050 2354 3183 2407 Θεοῦ
3209 2342 3648 2431 ἀγανακτὴσεως,

2077 2424 2221 2510 ἀλλὰ,
2264 2430 2690 2500 μνημονεύωμεν
2727 2432 2816 2486 διὰ
2854 2435 3052 2500 παντὸς
3098 2438 3208 2489 τῶν
3253 2424 3513 2510 ῥημάτων
3555 2424 3653 2498 τοῦ

2087 2508 2283 2597 Ἰωσὴφ
2317 2510 2607 2597 λέγοντος(
2630 2515 2763 2580 Πῶς
2796 2518 3028 2581 ποιήσω
3068 2520 3132 2572 τὸ
3159 2508 3340 2589 ῥῆμά.
3365 2524 3427 2577 τὸ
3464 2540 3650 2597 πονη-

2064 2590 2180 2659 ρὸν
2206 2592 2381 2646 τοῦτο
2398 2633 2412 2657 ,
2445 2594 2544 2647 καί
2575 2596 2990 2669 ἁμαρτήσομαι
3016 2602 3294 2657 ἐναντίον
3320 2608 3427 2661 τοῦ
3455 2590 3648 2671 Θεοῦτ

2073 2674 2241 2727 Ὅταν
2269 2693 2353 2740 τις
2375 2673 2468 2731 οὖν
2500 2678 2756 2765 λογισμδς
2776 2683 2922 2751 ἡμᾶς
2948 2682 3301 2760 διαταράττῃ,
3320 2690 3479 2744 τοῦτο
3502 2693 3559 2745 ἐν
3578 2696 3647 2765 τῇ

2069 2758 2278 2844 διανοίᾳ
2305 2760 2627 2830 στρέφωμεν
2663 2763 2725 2815 τὸ
2755 2766 2906 2835 ῥῆμα
2927 2804 2940 2830 ,
2973 2768 3069 2821 καὶ
3104 2758 3447 2843 παραχρῆμα
3472 2758 3646 2844 φυγιιζ

2069 2840 2281 2892 δεύεται
2326 2845 2474 2894 πᾶσα
2505 2845 2704 2906 ἄτοπος
2749 2847 3035 2918 ἐπιθυμία.
3086 2850 3210 2903 Εῖτε
3255 2840 3646 2925 οὗν-σωμάτων

2070 2921 2336 3012 ἐπιθυμίᾳ
2365 2940 2449 2986 τις
2478 2925 2591 2993 ἁλῷ
2616 2965 2631 2989 ,
2667 2926 2775 3012 εἴτε
2806 2931 3107 3012 χρημάτων
3143 2932 3305 3001 ἔρωτι
3326 2974 3340 2998 ,
3372 2921 3479 2989 εἴτε
3509 2939 3645 3012 ἄλλῃ

2068 3003 2174 3056 τινὶ
2203 3004 2390 3074 ἀτόπῳ
2416 3007 2597 3077 ἡδονῇ,
2625 3009 2831 3073 εὐθέως
2860 3011 3017 3064 τοῦτο
3044 3013 3361 3081 λογιζέσθω,
3389 3020 3471 3072 ὅτι
3500 3003 3644 3074 ἐκεῖἶ

2067 3101 2156 3145 νος
2187 3087 2317 3155 ἡμῖν
2356 3088 2501 3139 ἐστιν
2529 3091 2556 3141 ό
2586 3090 2838 3157 δικάζων,
2872 3093 2929 3146 ὃν
2956 3095 3053 3164 οὐχ
3091 3091 3201 3150 οἷόν
3229 3115 3287 3150 τε
3315 3100 3496 3154 λαθεῖν
3522 3103 3643 3158 οὐδὲ

2067 3170 2134 3253 τά
2164 3170 2221 3253 ἐν
2250 3172 2314 3239 τῇ
2353 3171 2560 3241 διανοίᾳ
2604 3172 2998 3245 βουλευόμενα·
3038 3180 3131 3232 καὶ
3176 3182 3393 3246 πάντως
3421 3184 3644 3253 διαφευ-

2067 3249 2268 3319 ξόμεθα
2308 3254 2401 3305 καὶ
2428 3253 2527 3318 τὰς
2559 3255 2653 3309 τοῦ
2681 3256 2927 3313 διαϐόλου
2968 3263 3217 3332 μηχανάς
3235 3303 3250 3328 ,
3288 3267 3382 3319 καὶ
3406 3249 3643 3322 ἀπολαύσ

2066 3349 2231 3401 σομεν
2275 3334 2474 3420 πολλῆς
2515 3337 2616 3407 τῆς
2660 3340 2866 3394 ἀνωθεν
2914 3346 3270 3415 συμμαχίας·
3320 3344 3388 3420 ἦς
3430 3350 3642 3418 γένοιτο

2063 3418 2270 3505 πάντας
2300 3419 2445 3505 ἡμξις
2473 3421 2773 3505 ἐπιτυχεῖν,
2801 3427 2985 3496 χάριτι
3016 3430 3108 3480 καὶ
3131 3418 3518 3505 φιλανθρωπίᾳ
3540 3434 3637 3489 τοῦ

2062 3500 2266 3586 κυρίου
2295 3502 2450 3586 ἡμῶν
2490 3504 2663 3573 Ἰησοῦ
2708 3506 2968 3577 Χριστοῦ,
2997 3508 3147 3582 [600]
3192 3513 3310 3581 μεθ’
3338 3500 3401 3569 οὗ
3427 3500 3505 3586 τῶ
3535 3519 3641 3571 Πα-

2059 3582 2169 3652 τρί,
2197 3583 2313 3669 ἅμα
2337 3585 2415 3653 τῷ
2442 3586 2581 3669 ἀγίῳ
2611 3589 2909 3659 Πνεύματι,
2934 3592 3081 3657 δόξα,
3119 3597 3340 3666 κράτος,
3365 3582 3519 3669 τιμὴ,
3541 3600 3637 3654 νῦν

2061 3665 2153 3718 καὶ
2179 3667 2287 3732 ἀεὶ,
2317 3668 2410 3719 καὶ
2434 3668 2514 3731 εἰς
2545 3671 2671 3734 τοὺς
2696 3673 2898 3735 αἰῶνας
2929 3674 3038 3727 τῶν
3065 3665 3295 3733 αἰώνων.
3337 3665 3527 3750 Ἀμήν.

2638 3802 2887 3854 ΟΜΙΛΙΑ
2925 3799 3041 3857 EI".

2058 3877 2167 3930 Καὶ
2201 3880 2313 3931 οὐκ
2348 3878 2428 3947 ἦν
2460 3881 2986 3960 γινώσκων-οὐδέν
3027 3890 3060 3940 ὀ
3100 3888 3632 3960 ἀρχιδεσμοφύλαξ

2652 3950 2751 4004 διὰ
2785 3954 3017 4024 Ἰωσήφ.

2128 4041 2197 4096 α’.
2227 4043 2307 4097 Τά
2325 4044 2551 4129 λείψανα
2568 4045 2674 4100 τῶν
2691 4046 2818 4117 χθὲς
2846 4050 2976 4121 ἡμῖν
2998 4052 3303 4123 εἰρημένων
3327 4054 3630 4129 βουλόμεθα

2059 4124 2299 4209 σήμερον
2329 4127 2620 4183 ἀποδοῦναι
2636 4134 2702 4201 τῇ
2739 4133 2980 4204 ὑμετέρᾳ
3000 4134 3207 4207 ἀγάπῃ,
3240 4138 3333 4190 καὶ
3361 4139 3460 4209 τῆς
3488 4124 3629 4195 ,ιατά

2056 4205 2148 4259 τὸν
2196 4209 2393 4293 Ἰωσὴφ
2433 4212 2595 4265 πάλιν
2630 4214 2871 4282 ἱστορίας
2911 4205 3183 4285 ἅψασθαι.
3211 4221 3355 4272 Ἴστε
3400 4205 3507 4293 γάρ
3542 4224 3627 4278 ὅτι

2055 4289 2180 4360 χθὲς
2199 4293 2279 4353 εἰς
2302 4292 2478 4376 μῆκος
2494 4297 2626 4364 ἡμῖν
2649 4297 2969 4362 ἐκταθέντος
2995 4299 3087 4353 τοῦ
3112 4301 3270 4369 λόγου
3291 4303 3389 4358 οὑκ
3409 4289 3627 4376 ἰσχύσα-

2058 4389 2158 4456 μεν
2189 4375 2500 4445 περαιτέρω
2551 4379 2857 4448 προελθεῖν,
2894 4381 3029 4436 ἀλλά
3056 4387 3250 4456 μέχρις
3281 4375 3493 4440 ἐκείνου
3534 4390 3629 4444 τὸν

2054 4452 2210 4522 λόγον
2241 4457 2569 4527 ἐστήσαμεν,
2602 4460 2762 4528 ἡνίκα
2790 4462 2879 4515 διὰ
2900 4464 2995 4535 τὴν
3019 4466 3117 4535 τῆς
3130 4452 3435 4535 Ᾰίγυπτίας
3468 4487 3626 4525 συκοο

2055 4538 2282 4624 φαντίαν
2314 4541 2440 4624 ὑπὸγ
2465 4542 2559 4594 τοῦ
2593 4545 2993 4617 ἀρχιμάγειρου
3036 4552 3117 4612 εἰς
3162 4552 3222 4603 τὸ
3254 4541 3625 4624 δεσμωτήριον

2053 4620 2335 4704 ἐνεϐλήθη.
2368 4623 2459 4676 Διὸ
2487 4625 2726 4695 σήμερον
2759 4629 3053 4695 ἀναγκαῖον
3081 4631 3286 4695 διδάξαι
3310 4620 3406 4702 τὴν
3428 4620 3625 4704 ὑμετέ-

2056 4718 2150 4771 ραν
2181 4703 2401 4789 ἀγάπην
2421 4706 2498 4789 Δτά
2516 4708 2656 4761 κατὰ
2690 4708 2749 4760 τὸ
2771 4709 3139 4782 δεσμωτήριον
3162 4714 3311 4783 αὑτῷ
3344 4703 3622 4789 συμϐεϐη-

2055 4785 2208 4838 κότα.
2229 4786 2448 4871 Ἐπειδὴ
2469 4789 2575 4860 γὰρ
2601 4790 2863 4861 ἐνεϐλήθη
2886 4794 2965 4855 εἰς
2981 4795 3039 4845 τὸ
3054 4794 3333 4865 ὀχύρωμα,
3358 4801 3451 4852 καὶ
3480 4785 3623 4871 παρ-

2051 4867 2205 4937 εδόθη
2253 4867 2331 4937 τῷ
2377 4871 2897 4941 ἀρχιδεσμοφύλακι,
2936 4876 3095 4928 κάκεῖ
3132 4879 3366 4950 τοσαύτη
3397 4867 3622 4947 γέγονεν

2056 4952 2136 5012 εἰς
2166 4951 2374 5023 αὑτὸνὴ
2402 4953 2553 5025 παρά
2568 4956 2660 5007 τοῦ
2692 4956 2826 5008 Θεοῦ
2856 4958 3018 5029 ῥοπὴ,
3043 4960 3117 5023 ὡς
3137 4962 3313 5014 πᾶσαν
3340 4962 3435 5031 τὴν
3447 4964 3620 5036 ἀρχὴν

2048 5034 2141 5086 τοῦ
2168 5034 2543 5107 δεσμωτηρίου
2564 5038 2725 5090 αὑτὸν
2746 5040 3172 5111 ἐμπιστευθῆναι
3189 5044 3340 5113 παρά
3354 5044 3445 5098 τοῦ
3465 5034 3620 5117 ἀρχι-

2048 5117 2474 5186 δεσμοφύλακος.
2504 5122 2614 5173 Καὶ
2632 5124 2743 5175 οὐκ
2772 5119 2851 5192 ἦν
2876 5124 3204 5191 γινώσκων,
3226 5128 3408 5197 φησιν,
3439 5128 3619 5183 οὐδὲν

2048 5203 2079 5254 ὁ
2108 5201 2639 5271 ἀρχιδεσμοφύλαξ
2684 5204 2779 5258 διὰ
2819 5206 3061 5275 Ἰωσήφ.
3104 5204 3251 5273 Εἶδες
3283 5210 3397 5273 πῶς
3427 5213 3484 5263 ἐν
3520 5212 3617 5263 αῦ-

2048 5285 2165 5345 ταῖς
2189 5286 2307 5346 ταῖς
2330 5283 2538 5353 θλίψεσι
2572 5287 2859 5356 γενόμενος
2884 5290 3137 5358 οὐδεμίαν
3169 5292 3418 5361 αἴσθησιν
3449 5292 3616 5363 ἐλάμ-

2048 5364 2175 5416 ϐανε
2202 5365 2309 5418 τῶν
2329 5366 2605 5439 λυπηρῶν,
2634 5370 2799 5441 ἀλλ’ἢ
2831 5373 3136 5442 εὐμήχανος
3163 5373 3256 5427 τοῦ
3290 5374 3424 5427 Θεοῦ
3454 5376 3616 5444 σοφία

2046 5448 2222 5500 πάντα
2246 5449 2537 5517 μετέϐαλλε
2558 5451 2624 5504 τὰ
2641 5453 2879 5522 λυπηρά.
2902 5455 3010 5508 Καὶ
3027 5455 3380 5525 καθάπερτὸν
3398 5474 3613 5528 μαργα-

2047 5531 2202 5600 ρίτην
2215 5531 2317 5585 κᾶν
2342 5533 2400 5583 ἐν
2419 5532 2662 5604 βορϐόρῳ
2689 5552 2772 5599 τις
2795 5537 3151 5606 καταχώσειε,
3174 5539 3232 5591 τὸ
3260 5540 3457 5592 οἰκεῖον
3480 5541 3614 5594 κάλα

2044 5612 2131 5676 λος
2164 5614 2531 5670 ἐπιδείκνυται
2554 5633 2565 5645 ·
2587 5617 2837 5671 οὕτωκαὶ
2856 5620 2888 5687 ἡ
2907 5620 3095 5691 ἁρετὴ,
3123 5621 3254 5675 ὅπου
3281 5622 3325 5675 δ’
3349 5623 3416 5678 ἂν
3444 5632 3612 5706 αὐτὴν

2110 5780 2135 5845 ξ’
2157 5779 2373 5845 Quatuor
2396 5795 2507 5830 mss.
2535 5784 2955 5845 κατεργαζομένου.
2997 5837 2999 5839 ,

2112 5838 2138 5875 δ
2165 5840 2263 5889 Sex
2289 5856 2399 5893 mss.
2424 5846 2486 5906 μὴ
2511 5838 2734 5908 πρότερον
2751 5838 2970 5913 ἡγώμεθρι
