4168 6264
596 363 692 418 551

595 481 859 550 ἐμϐάλῃς,
893 475 989 546 τὴν
1035 475 1239 528 οἰκείαν
1274 474 1502 544 δύναμιν
1547 472 1936 534 ἐπιδείκνυται,
1968 471 2072 523 κᾶν
2105 473 2162 523 ἐν

542 556 544 558 ’
593 561 828 630 δουλείᾳ.
859 559 963 610 κᾶν
999 559 1056 608 ἐν
1085 557 1459 627 δεσμωτηρίῳ,
1503 555 1604 608 κᾶν
1638 558 1696 606 ἐν
1729 553 1926 619 θλίψει,
1967 552 2072 604 κᾶν
2107 554 2164 604 ἐν

598 645 799 698 ἀνέσει.
848 639 999 692 Ἐπεὶ
1031 635 1124 690 οὖν
1158 638 1250 690 καὶ
1285 640 1343 689 ἐν
1379 638 1456 707 τῷ
1489 635 1847 706 δεσμωτηρίῳ
1876 633 2165 703 ἐμϐληθεὶς

595 723 706 779 εἷλε
735 723 824 774 τὸν
865 719 1405 790 ἀρχιδεσμοφύλακα,
1441 720 1536 773 καὶ
1582 720 1798 771 πάντων
1831 717 1941 768 τῶν
1977 717 2164 768 αὐτόθι

594 809 692 878 τὴν
709 805 954 869 ἐξουσίαν
972 801 1189 865 ἐδέξατο
1209 803 1334 873 παρ’
1350 802 1536 864 αὐτοῦ,
1554 802 1646 854 ῐδω
1655 817 1751 870 μεν
1771 797 2002 850 ἐνταῦθα
2020 799 2165 860 ὅπως

594 891 694 958 τῆς
723 885 1032 956 προσούσης
1066 883 1212 952 αὐτῴ
1241 884 1464 954 χάριτος
1496 882 1826 934 ἐκκαλύπτει
1857 879 1954 949 τὴν
1989 879 2161 948 ίσχύν.

605 969 878 1038 Ἐγένετο
909 968 1040 1037 γὰρ,
1071 967 1224 1034 φησὶ,
1251 966 1402 1034 μετὰ
1422 967 1493 1018 τὰ
1515 965 1752 1032 ῥήματα
1767 963 1970 1016 ταῦτα.
1993 964 2161 1025 Uria;

594 1052 773 1120 ’Ἂπερ
805 1050 1103 1118 διηγήσατο
1135 1049 1271 1118 μετά
1303 1049 1364 1100 τὸ
1406 1046 1898 1115 συκοφαντηθῆναι,
1931 1045 2066 1114 μετά
2104 1045 2164 1097 τὸ

599 1132 1057 1202 καταδικασθῆναι
1077 1132 1138 1183 τὸ
1169 1131 1540 1201 δεσμωτήριον
1569 1130 1766 1182 οἰκεῖψ
1794 1129 1890 1182 καὶ
1917 1130 1976 1181 οὐ
2007 1128 2164 1181 τοῦτο

595 1217 777 1285 μόνον,
820 1214 955 1268 ἀλλά
981 1215 1076 1266 καὶ
1114 1214 1250 1282 μετά
1288 1213 1347 1265 τὸ
1375 1212 1638 1282 γνωρίσαι
1669 1212 1820 1280 ἡμῖν,
1845 1211 1926 1263 ὅτι
1961 1211 2164 1279 Κύριος

591 1297 660 1369 ἦν
690 1298 807 1368 μετ’
837 1295 1022 1357 αὐτοῦ,
1053 1297 1144 1347 καὶ
1187 1297 1268 1347 ὃτι
1300 1295 1329 1346 6
1360 1292 1836 1364 ἀρχιδεσμοφύλαξ
1865 1293 1954 1347 διὰ
1983 1293 2164 1362 χειρὸς

593 1379 761 1434 αὐτοῦ
809 1380 985 1431 πάντα
1027 1377 1095 1430 τὰ
1142 1376 1326 1429 αὐτόθι
1383 1375 1683 1445 ἐπέτρεψεν
1740 1377 2159 1447 οἰκονομεῖσθαι.

605 1463 866 1532 Ἐγένετο
893 1458 1005 1516 οὖν
1024 1461 1172 1528 μετὰ
1193 1460 1263 1513 τὰ
1281 1460 1519 1528 ῥήματα
1539 1459 1744 1522 ταῦτα,
1779 1461 1916 1529 μετὰ
1943 1461 2004 1512 τὸ
2033 1459 2161 1528 βλη-

594 1545 753 1616 θῆναι
805 1543 966 1598 αὐτὸν
1015 1544 1072 1593 ἐν
1119 1541 1195 1611 τῷ
1241 1541 1618 1611 δεσμωτηρίῳ,
1673 1541 2010 1609 ἁμαρτόντα
2058 1543 2164 1594 τὸν

592 1627 1009 1697 ἀρχιοινοχόον
1029 1625 1124 1677 καί
1146 1623 1714 1692 τὸνάρχισιτοποιὸν
1728 1621 2164 1689 καταδικασθῆ-

593 1727 692 1764 ναι
720 1708 839 1762 ὑπὸ
861 1707 964 1760 τοῦ
988 1706 1296 1770 ,βασιλέως
1314 1707 1377 1758 τὸ
1402 1704 1806 1772 δεσμωτήριον
1827 1705 2014 1758 οἰκεῖν
2033 1722 2045 1735 ·
2065 1705 2163 1757 καὶ

594 1790 920 1858 δεξάμενος
939 1787 1159 1851 αὐτοὺς
1180 1791 1212 1841 ό
1233 1786 1764 1855 ἀρχιδεσμοφύλαξ
1780 1787 2164 1853 συνέστησεν

593 1870 814 1934 αὐτοὺς
852 1869 933 1933 τῷ
975 1869 1208 1936 Ἰωσήφ.
1251 1869 1385 1922 Οὐδέ
1433 1871 1541 1938 γὰρ
1573 1868 1648 1931 ώς
1693 1869 1944 1940 δεσμώτῃ
1978 1869 2162 1922 λοιπὸν

593 1954 743 2023 αὐτῷ
766 1952 1049 2021 ἐκέχρητο,
1089 1951 1200 2005 ἀλλ’
1221 1951 1294 2012 ώς
1324 1954 1566 2024 κοινωνῷ
1589 1957 1686 2025 τῆς
1708 1953 2003 2025 φροντίδος,
2029 1952 2162 2022 μᾶλ-

592 2037 682 2088 λον
709 2035 765 2086 δέ
799 2035 892 2086 καὶ
917 2033 992 2095 ώς
1016 2033 1184 2103 ἱκανῷ
1217 2035 1590 2103 ἐπικουφίζειν
1607 2038 1704 2096 τάς
1738 2034 2023 2106 συμφορὰς
2051 2036 2162 2094 τοῖς

593 2115 777 2169 αὐτόθι
811 2115 1244 2185 καθειργμένοις.
1275 2115 1385 2168 Καὶ
1432 2119 1704 2185 παρέστη
1743 2116 1967 2180 αὐτοῖς,
2007 2115 2156 2184 φησί.

593 2201 634 2250 Τ
641 2199 658 2252 ί
691 2200 806 2250 ἐστι
845 2197 926 2257 τὸ,
966 2195 1239 2263 Παρέστη
1269 2197 1512 2264 αὐτοῖς;
1561 2201 1708 2253 Ἀντὶ
1740 2198 1856 2260 τοῦ,
1909 2215 2159 2268 παρεμυ-

594 2283 759 2344 θεῖτο,
793 2281 1018 2350 ἐνεύρου
1049 2279 1228 2333 αὐτῶν
1255 2281 1346 2332 τὸν
1372 2282 1652 2352 λογισμὸν.
1681 2284 1951 2352 διήγειρεν
1982 2281 2159 2334 αὐτῶν

591 2365 690 2433 τὴν
731 2363 988 2422 διάνοιαν,
1045 2362 1106 2412 οὐ
1157 2362 1452 2433 συνεχώρει
1499 2365 1875 2434 καταποθῆναι
1922 2363 2027 2416 ὑπὸ
2063 2364 2160 2431 τῆς

592 2445 852 2514 ἀθυμίας.
886 2440 1080 2497 Ἦσαν
1108 2443 1177 2495 δὲ
1202 2444 1427 2513 ἡμέρας
1448 2448 1681 2512 πολλὰς
1706 2448 1775 2499 ἐν
1792 2446 1865 2514 τῇ
1894 2445 2158 2514 φυλακῇ,

594 2528 694 2581 καὶ
741 2523 906 2580 εἶδον
945 2526 1261 2592 ἀμφότεροι
1294 2527 1582 2580 ἐνύπνιον
1613 2528 1683 2580 ἐν
1701 2527 1809 2595 μιᾷ
1832 2528 2004 2582 νυκτί
2037 2529 2070 2580 ὅ
2098 2545 2162 2581 τε

591 2608 1004 2677 ἀρχιοινοχόος
1018 2607 1114 2660 καί
1135 2611 1166 2660 ό
1181 2609 1647 2675 ἀρχισιτοποιός.
1667 2611 1804 2662 Ἀλλ’
1825 2613 1852 2662 6
1865 2609 2162 2679 θαυμάσιος

591 2687 746 2754 οὗτος
772 2690 929 2760 ἐργον
956 2689 1272 2759 ποιούμενος
1293 2690 1390 2761 τὴν
1419 2691 1623 2744 τούτων
1647 2693 2008 2764 παράκλησιν,
2039 2693 2160 2746 ἰδὼν

593 2773 789 2834 αὐτοὺς
811 2771 914 2823 ὑπὸ
942 2772 1038 2840 τῆς
1062 2770 1237 2839 ὅψεως
1269 2771 1376 2824 τῶν
1397 2771 1691 2843 ὀνειράτων
1720 2775 2162 2844 τεταραγμένους

593 2854 688 2908 καί⁸
721 2854 1160 2922 συγκεχυμένους
1197 2853 1294 2924 τὴν
1341 2853 1597 2920 διάνοιαν,
1651 2856 1816 2924 φησί’
1858 2857 1916 2909 Τί
1949 2857 2038 2909 ὅτι
2091 2857 2162 2909 τὰ

590 2938 879 3002 πρόσωπα
893 2933 1060 3002 ὑμῶν
1081 2937 1406 3003 σκυθρωπὰ
1427 2937 1716 3005 σήμερονς
1742 2938 1978 2991 Ἑδείκνυ
2004 2937 2157 3010 [601]

590 3020 698 3087 γάρ
727 3019 760 3088 ἡ
790 3017 882 3069 τοῦ
907 3017 1198 3088 προσώπου
1229 3019 1567 3082 κατάστασις
1592 3019 1689 3090 τὴν
1720 3020 1866 3074 ἔνδον
1886 3022 2156 3091 ταραχήν.

589 3101 688 3153 Διά
717 3099 874 3154 τοῦτο
904 3102 998 3152 καὶ
1029 3100 1188 3167 σοφός
1221 3117 1305 3163 τις
1335 3100 1487 3169 ἔλεγε
1508 3117 1522 3130 ο
1553 3101 1815 3170 Καρδίας
1843 3105 2160 3170 εὐφραινο-

581 3183 774 3251 μένης
795 3180 1003 3234 θάλλει
1029 3183 1372 3248 πρόσωπον-ο
1387 3183 1456 3236 ἐν
1476 3183 1544 3236 δὲ
1558 3186 1779 3250 λύπαις
1792 3185 1984 3250 οὔσης
2011 3200 2161 3238 σκυ-

588 3262 891 3330 θρωπάζει.
938 3265 1088 3316 Ἐπεὶ
1120 3260 1212 3315 οὖν
1241 3261 1377 3316 εἶδεν
1408 3265 1604 3328 αὐτοὺς
1637 3267 1694 3318 ἐν
1731 3268 2003 3337 κατηφείᾳ
2029 3283 2162 3334 τυγ-

589 3347 850 3414 χάνοντας
894 3344 980 3396 διὰ
1015 3346 1114 3415 τὴν
1163 3345 1268 3397 τῶν
1314 3348 1604 3412 ὀνειράτων
1645 3348 1785 3416 ὄψιν,
1832 3348 2162 3401 ἐπυνθάνετο

587 3426 688 3496 τὴν
715 3426 893 3479 αἰτίαν
932 3425 1120 3494 μαθεῖν
1167 3426 1508 3498 βουλόμενος.
1545 3429 1688 3498 Ὅρα
1711 3429 1827 3492 πῶς
1869 3430 1964 3481 καὶ
1991 3431 2050 3482 ἐν
2077 3430 2162 3482 δε-

591 3511 887 3581 σμωτηρίῳ
916 3512 1195 3580 τυγχάνων
1212 3513 1308 3582 τὴν
1335 3513 1541 3567 οἰκείαν
1570 3515 1768 3586 ἀρετὴν
1791 3515 2156 3580 ἐπεδείκνυτο,

589 3594 684 3647 καὶ
708 3595 806 3655 τὰς
833 3593 1067 3664 ἀθυμίας
1093 3594 1300 3665 ἑτέροις
1333 3596 1703 3664 ἐπικουφίζειν
1736 3597 2058 3662 ἐσπούδαζε.
2093 3599 2160 3651 Τί

587 3671 681 3730 οὖν
717 3679 945 3741 ἐκεῖνοι;
996 3676 1316 3730 Ἐνύπνιον
1339 3678 1597 3747 εἴδομεν,
1626 3681 1725 3732 καὶ
1756 3683 1789 3733 ό
1815 3681 2160 3748 συγκρίνων

586 3761 698 3812 οὐκ
726 3759 896 3812 ἐστιν
927 3761 1092 3812 αὐτό.
1133 3760 1389 3826 Ἦγνόουν
1417 3761 1510 3814 τοῦ
1537 3762 1672 3832 πρὸς
1700 3763 1898 3825 αὐτοὺς
1919 3763 2158 3832 διαλεγο-

589 3841 751 3910 μένου
789 3842 888 3912 τὴν
927 3842 1149 3910 σοφίαν·
1181 3841 1254 3905 ὡς
1282 3843 1362 3894 ἐνί
1393 3843 1501 3896 τῶν
1527 3844 1735 3897 πολλῶν
1761 3845 1908 3916 αὐτῷ
1947 3849 2158 3917 προσεῖ-

586 3941 700 3992 χον,
733 3923 822 3976 διά
855 3922 1012 3976 τοῦτο
1042 3924 1164 3976 οὐδέ
1209 3925 1269 3977 τὸ
1299 3925 1547 3978 ἐνύπνιον
1596 3926 1867 3994 λέγουσιν,
1909 3928 2024 3982 ἀλλ’
2073 3931 2155 3982 ὃτι

588 4005 748 4074 μόνον
791 4001 951 4069 εἶδον,
999 4007 1093 4059 καί
1135 4023 1331 4074 φασιν⁹
1365 4008 1555 4070 Οὐδείς
1589 4009 1738 4063 ἐστιν
1777 4012 1806 4062 6
1853 4012 2155 4082 συγκρίνων

588 4089 736 4142 αὐτό.
782 4089 921 4141 Ἀλλ’
960 4091 988 4142 6
1038 4088 1337 4158 θαυμάσιος
1382 4092 1522 4160 ἀνήρ
1565 4109 1697 4162 φησι
1749 4093 1885 4163 πρὸς
1922 4095 2152 4159 αὐτούς’

594 4172 734 4238 Οὐχὶ
766 4171 864 4224 διὰ
893 4173 998 4225 τοῦ
1028 4173 1174 4224 Θεοῦ
1205 4174 1241 4237 ή
1267 4172 1632 4240 διασάρησις
1657 4175 1855 4227 αὐτῶν
1879 4176 2155 4241 iratum-

588 4251 896 4319 ηγήσασθε
922 4249 1034 4306 οὖν
1047 4270 1167 4320 μοι.
1191 4254 1279 4324 Μὴ
1302 4255 1409 4324 γὰρ
1425 4255 1634 4306 οἴκοθεν
1662 4257 2071 4328 ἐπαγγέλλομαί
2100 4279 2152 4312 τι

585 4334 712 4400 ὑμῖν
736 4335 911 4402 ἐρείν;
944 4334 1074 4396 Θεός
1106 4335 1252 4386 ἐστιν
1279 4338 1306 4387 6
1335 4336 1752 4391 ἀποκαλύπτων.
1777 4340 2154 4408 Διηγήσασθε

583 4411 697 4471 οὖν
708 4433 826 4480 μοι.
857 4417 998 4485 Ὅρα
1031 4415 1240 4468 σύνεσιν
1273 4417 1364 4468 καὶ
1393 4420 1889 4492 ταπεινοφροσύνης
1917 4423 2152 4494 ὑπερϐο-

581 4497 698 4569 λήν.
744 4499 856 4550 οὐκ
895 4494 1066 4563 εἶπεν,
1098 4500 1180 4551 ὃτι
1214 4499 1355 4568 Ἐγὼ
1378 4502 1504 4571 ὑμῖν
1541 4503 1823 4574 διακρίνω,
1880 4505 1988 4574 ἐγὼ
2014 4499 2151 4577 ’ύμῖν

580 4583 722 4650 λέγω
763 4581 871 4634 τῶν
899 4582 1192 4652 ὀνειράτων
1224 4582 1321 4654 τὴν
1358 4584 1601 4650 ἔκϐασιν,
1651 4588 1786 4640 ἀλλά
1807 4588 1858 4640 τί
1879 4605 1890 4653 ;
1939 4591 2150 4659 Διηγσή-

578 4669 774 4719 σασθε
817 4660 931 4718 οὖν
958 4681 1078 4733 μοι.
1121 4665 1250 4728 Θεὸς
1288 4666 1394 4737 γάρ
1430 4669 1546 4721 ἐστι
1584 4671 1742 4739 μόνος
1769 4674 1796 4724 6
1834 4672 1899 4724 τά
1928 4672 2150 4725 τοιαῦτα

579 4746 1000 4801 ἀποκαλύπτων.
1029 4747 1136 4800 Καί
1162 4747 1492 4814 διηγήσατο
1525 4755 1556 4804 d
1583 4753 2012 4820 ἀρχιοινοχόος.
2034 4754 2149 4807 ’Καὶ

577 4830 846 4894 ἀκούσας
884 4832 917 4882 ό
960 4829 1179 4897 Ἰωσήφ
1202 4846 1351 4897 φησι
1375 4846 1388 4860 ’
1416 4833 1593 4888 Τοῦτο
1622 4836 1658 4901 ἡ
1694 4835 2008 4904 σύγκρισις
2039 4839 2149 4890 αὺ-

577 4911 706 4964 τοῦ.
740 4914 804 4962 Οἱ
849 4911 1005 4978 τρεῖς
1047 4913 1368 4980 πυθμένες.
1401 4915 1558 4984 τρεῖς
1588 4917 1796 4986 ἡμέραι
1839 4919 1996 4971 είσίν
2016 4936 2029 4948 ο
2059 4919 2145 4972 ἔτι

576 4987 732 5056 τρεῖς
759 4988 991 5056 ἡμέραι,
1012 4990 1107 5042 καί
1130 4992 1548 5059 μνησθήσεται
1571 4995 1778 5061 Φαραὼ
1798 4995 1904 5062 τῆς
1926 4998 2146 5066 ἀρχιοι-

575 5072 817 5139 νοχοΐας
845 5085 980 5132 σου,
1013 5072 1109 5124 καί
1142 5074 1630 5141 ἀποκαταστήσει
1657 5095 1749 5140 σε,
1796 5079 1892 5132 καὶ
1933 5079 2145 5146 δώσεις

575 5155 641 5208 τὸ
669 5153 956 5222 ποτήριον
979 5156 1189 5222 Φαραὼ
1210 5160 1296 5222 εἰς
1328 5158 1442 5226 τὴν
1460 5160 1628 5228 χεῷα
1649 5162 1833 5215 αὐτοῦ
1861 5163 2007 5215 κατὰ
2030 5165 2144 5230 τὴν

568 5234 770 5304 ἀρχήν
815 5249 932 5288 σου
978 5236 1092 5302 τὴν
1131 5237 1445 5306 προτέραν,
1499 5243 1578 5307 ὡς
1629 5239 1790 5310 ἦσθα
1833 5246 2138 5313 οἰνοχοῶν.

583 5318 771 5373 Ἀλλὰ
797 5317 1214 5387 ἀναμνήσθητι
1225 5339 1345 5388 μου
1368 5321 1463 5376 διὰ
1485 5325 1764 5390 σεαυτοῦ,
1789 5325 1933 5378 ὅταν
1950 5322 2020 5380 εὖ
2045 5344 2142 5380 σοι

576 5401 833 5471 γένηται,
858 5401 953 5454 καί
983 5401 1261 5469 ποιήσεις
1275 5402 1368 5455 ἐπ’
1395 5405 1498 5473 ἐμὲ
1517 5407 1709 5470 ἕλεος,
1725 5408 1822 5462 καί
1839 5408 2140 5477 μνήσθητι

575 5483 702 5552 περὶ
739 5483 886 5553 ἐμοῦ
929 5485 1080 5552 πρὸς
1119 5485 1348 5552 Φαραὼ.
1391 5486 1488 5539 καί
1531 5487 1768 5554 ἐξάξεις
1808 5506 1884 5557 με
1919 5490 1988 5541 ἐκ
2033 5492 2138 5544 τοῦ

575 5565 948 5633 ὀχυρώματος
987 5568 1221 5630 τούτου,
1273 5567 1361 5621 ὄτι
1391 5569 1588 5638 κλοπῇ
1628 5571 1902 5638 ὲκλάπην
1931 5573 1998 5624 ἐκ
2027 5573 2139 5641 γῆς

578 5648 882 5714 Ἐϐραίων,
907 5650 1004 5701 καὶ
1022 5645 1138 5703 ὧδε
1165 5653 1274 5704 οὐκ
1302 5651 1560 5720 ἐποίησα
1580 5654 1779 5717 οὐδὲν,
1807 5655 1903 5708 καὶ
1933 5655 2135 5708 ἐνέϐα-

575 5728 680 5783 λόν
706 5745 782 5795 με
814 5733 899 5793 είς
924 5721 1036 5782 ’τὸν
1065 5733 1292 5786 λάκκον
1320 5735 1552 5788 τοῦτον.
1591 5737 1804 5806 Ἐπειδὴ
1827 5741 2134 5807 προεμήνυο

568 5824 660 5858 σεν
702 5808 848 5876 αὐτῷ
895 5811 962 5861 τά
999 5811 1259 5879 μέλλοντα
1307 5815 1455 5884 αὐτῷ
1484 5819 1692 5886 χρηστά
1733 5819 2126 5887 συμϐήσεσθαι,

570 5888 658 5940 καὶ
688 5887 785 5956 τὴν
808 5890 1149 5960 καταλλαγὴν
1189 5895 1279 5946 τοῦ
1317 5895 1600 5964 βασιλέως,
1633 5899 1786 5965 φησί,
1815 5897 2129 5963 Μνήσθητί

1303 364 1357 418 S.
1395 358 1678 417 JOANNIS
1715 356 2198 414 CHRYSOSTOMI
2237 357 2558 415 ARCIIIEI’.
2598 357 3151 418 CONSTANTINOP.

3740 363 3848 417 5ιί

2268 490 2383 539 μοι·
2408 472 2505 526 διὰ
2527 475 2808 535 σεαυτοῦ,
2830 475 2956 528 ὅταν
2984 473 3263 547 ἀπολάϐῃς
3283 490 3373 526 σου
3400 473 3499 544 τὴν
3515 475 3839 547 εὐημερίαν·

2272 556 2492 623 μνήμην
2527 556 2749 624 ποίησαι
2784 556 2877 608 τοῦ
2917 573 3000 609 σοι
3030 557 3204 610 ταῦτα
3228 557 3697 626 προμηνύσαντος,
3739 562 3837 613 καὶ

2268 637 2515 703 ποιήσεις
2549 636 2636 688 ἐπ’
2671 638 2770 706 ἐμέ
2792 637 2958 701 ἔλεος.

2337 715 2402 785 β’.
2426 717 2597 771 Τοῦτο
2621 718 2852 783 ἀκούων,
2883 721 3154 790 ἀγαπητέ,
3180 723 3254 790 μὴ
3281 722 3644 792 μικροψυχίαν
3675 739 3842 776 κατα-

2263 797 2406 866 γνῷς
2429 799 2521 850 τοῦ
2545 799 2776 862 δικαίου,
2803 800 2937 854 ἀλλά
2961 802 3131 872 ταύτῃ
3161 803 3394 870 μάλιστα
3417 804 3738 872 ἐκπλάγηθι,
3758 807 3842 857 ὅτι

2263 879 2528 932 τοσούτων
2564 880 2838 951 δυσχερῶν
2885 883 3083 945 ὄντων,
3117 884 3216 953 τὴν
3255 885 3444 937 αὐτόθι
3473 885 3687 954 οἴκησιν
3718 903 3843 954 γενο

2263 961 2428 1023 ναίως
2456 962 2549 1014 καί¹
2582 963 2917 1033 εὐχαρίστως
2962 965 3173 1034 ἔφερεν.
3205 966 3266 1018 Εἰ
3309 965 3418 1036 γάρ
3452 967 3545 1018 καὶ
3581 967 3841 1030 πολλάκις

2263 1043 2362 1112 τὴν
2409 1043 2559 1112 παρά
2591 1044 2686 1095 τοῦ
2733 1044 3272 1114 ἀρχιδεσμοφύλακος
3303 1047 3553 1111 ἐξουσίαν
3602 1049 3837 1117 εἰλήφει,

2264 1126 2361 1178 ἀλλ
2377 1127 2546 1195 ’ὅμως
2562 1126 2854 1194 ἐϐαρύνετο
2868 1128 2929 1180 τὸ
2948 1129 3426 1195 κατακεκλεῖσθαι,
3444 1131 3538 1184 καὶ
3570 1133 3707 1201 μετά
3734 1132 3839 1184 τῶν

2266 1207 2602 1278 αὐχμώντων
2629 1209 2722 1261 καὶ
2751 1209 3046 1278 ρυπώντων
3077 1207 3238 1265 εἶναι.
3259 1213 3405 1281 Ὅρα
3430 1213 3540 1282 γὰρ
3564 1213 3728 1265 αὐτοῦ
3745 1214 3840 1266 καὶ

2265 1293 2328 1342 ἐκ
2349 1290 2538 1343 τούτου
2565 1290 2663 1361 τὴν
2684 1290 2970 1360 φιλόσοφον
2987 1293 3216 1363 γνώμην
3238 1310 3252 1323 ·
3269 1294 3414 1356 ὅπως
3435 1293 3576 1364 μετά
3592 1295 3840 1364 ἀνδρείας

2264 1371 2460 1442 ἔφερεν
2485 1371 2723 1435 ἅπαντα,
2759 1372 2848 1424 διὰ
2876 1374 3094 1427 πάντων
3121 1375 3322 1444 πολλὴν
3351 1375 3448 1445 τὴν
3479 1393 3840 1444 ταπεινοφροο

2266 1453 2432 1523 σύνην
2455 1453 2918 1522 ἐπιδεικνύμενος.
2950 1456 3059 1508 Καὶ
3082 1457 3359 1522 ποιήσεις
3387 1459 3478 1510 ἐπ’
3501 1459 3606 1525 ἐμὲ
3638 1458 3836 1521 ἕλεος,

2264 1535 2360 1588 καὶ
2379 1535 2710 1604 μνησθήσῃ
2732 1537 2865 1604 περὶ
2892 1537 3038 1605 ἐμοῦ
3063 1538 3212 1605 πρὸς
3228 1539 3458 1607 Φαραὼ,
3485 1540 3583 1591 καὶ
3603 1539 3838 1604 ἐξάξεις

2260 1633 2336 1684 με
2351 1617 2420 1669 ἐκ
2446 1618 2551 1671 τοῦ
2577 1619 2956 1688 ὀχυρώματος
2978 1621 3213 1674 τούτου.
3242 1622 3443 1676 Ἐννόει
3470 1640 3559 1691 μοι
3581 1622 3835 1686 ἐνταῦθα,

2265 1699 2380 1760 πῶς
2407 1699 2555 1752 οὐδὲν
2584 1700 2729 1768 λέγει
2759 1701 2898 1755 κατὰ
2913 1702 3011 1771 τῆς
3042 1705 3244 1774 μιαρᾶς
3267 1704 3484 1773 ἐκείνης
3512 1705 3833 1774 μοιχαλίδος,

2262 1776 2381 1828 οὐδέ
2429 1780 2669 1832 αἰτιᾶται
2701 1780 2792 1831 τὸν
2829 1781 3114 1850 δεσπότην,
3153 1781 3273 1832 οὐδέ
3311 1781 3409 1850 τὴν
3447 1781 3556 1834 τῶν
3594 1782 3836 1857 ἀδελφῶν

2263 1874 2328 1908 πε
2339 1858 2391 1928 ρὶ
2419 1859 2580 1912 αὑτὸν
2599 1861 2774 1912 ἁπανο
2785 1863 2993 1930 ρωπίαν
3018 1863 3305 1932 διηγεῖται,
3330 1863 3464 1915 ἀλλὰ
3488 1864 3837 1932 συγκαλύψας

2263 1941 2460 2003 πάντα,
2489 1941 2952 2014 φησίοΜνήσθητί
2979 1961 3104 2013 μου,
3127 1945 3222 1998 καὶ
3241 1944 3465 2014 ποίησον
3494 1944 3837 2015 ἐξενεχθῆναί

2265 2038 2332 2090 με
2363 2023 2428 2075 ἐκ
2451 2023 2543 2074 τοῦ
2568 2024 2921 2095 ὀχυρώματος
2942 2026 3128 2080 τούτου
3145 2044 3158 2057 ⁸
3184 2027 3310 2079 Ὀτι
3339 2026 3542 2095 κλοπῇ
3561 2028 3839 2096 ἐκλὰπην

2260 2103 2329 2155 ἐκ
2354 2103 2463 2171 γῆς
2493 2105 2794 2172 Ἐϐραίων,
2818 2108 2914 2160 καί
2936 2102 3052 2161 ὧδε
3068 2110 3178 2161 οὐκ
3200 2109 3462 2174 ἐποίησα
3480 2109 3681 2171 οὐδὲν,
3698 2110 3836 2164 ἀλλ’

2261 2184 2550 2239 ἐνέϐαλόν
2581 2204 2658 2255 με
2697 2191 2784 2253 εὶς
2833 2189 2938 2242 τὸν
2971 2190 3203 2244 ,λάκκον
3246 2191 3479 2245 τοῦτον.
3521 2191 3611 2262 Μὴ
3649 2193 3834 2254 ἁπλῶς

2258 2267 2418 2320 τοῦτο
2469 2270 2941 2340 παραδράμωμεν,
2987 2273 3102 2325 ἀλλ’
3141 2275 3484 2343 ἐννοήσωμεν
3538 2275 3635 2343 τῆς
3679 2273 3832 2346 [60³]

2260 2347 2435 2419 ψυχῆς
2466 2351 2630 2403 αὐτοῦ
2659 2352 2755 2422 τὴν
2787 2354 3131 2422 φιλοσοφίαν,
3162 2357 3253 2407 καὶ
3275 2357 3424 2418 ὅπως
3462 2355 3653 2427 καιρὸν
3673 2358 3835 2426 εὑρη-

2261 2431 2372 2494 κὼς
2404 2435 2671 2498 τοιοῦτον,
2701 2437 2794 2487 καὶ
2822 2435 2976 2499 εἰδὼς
3015 2437 3095 2489 ὃτι
3128 2437 3416 2508 δυνήσεται
3445 2438 3658 2491 ἅπαντα
3685 2439 3713 2491 6
3733 2441 3832 2510 ἀρ-

2259 2514 2552 2584 χιοινοχόος
2583 2517 2640 2568 ἐν
2671 2518 2940 2589 εὐημερίᾳ
2970 2518 3208 2587 γεγονὼς
3235 2522 3498 2592 γνωρίσαι
3526 2521 3604 2592 τῷ
3627 2521 3836 2590 βασιλεῖ

2261 2596 2328 2648 τά
2372 2597 2490 2648 κατ’
2533 2598 2718 2662 αὐτὸν,
2752 2601 2813 2651 οὐ
2856 2601 2953 2670 τὴν
2995 2603 3296 2670 Αἰγυπτίαν
3340 2603 3614 2656 διαϐάλλει
3650 2604 3833 2673 (πάλιν

2261 2680 2369 2749 γάρ
2408 2679 2478 2732 τὰ
2505 2681 2642 2733 αὐτά
2668 2681 2820 2752 ἐρῶ),
2853 2684 2912 2735 οὐ
2953 2683 3042 2736 τὸν
3089 2684 3352 2755 δεσπότην
3380 2685 3502 2753 ἄγει
3531 2690 3611 2748 εἰς
3648 2691 3829 2756 μέσον,

2260 2761 2379 2813 οὐδὲ
2416 2763 2541 2826 τούς
2580 2763 2871 2831 ἀδελφούςο
2903 2765 2965 2817 οὐ
3007 2764 3153 2832 λέγει
3199 2765 3296 2836 τὴν
3326 2767 3524 2832 αἰτίαν,
3569 2769 3637 2821 δι’
3677 2771 3742 2840 ἣν
3773 2770 3832 2823 τὸ

2261 2843 2630 2914 δεσμωτήριον
2659 2847 2827 2898 οἰκεῖν
2853 2847 3237 2918 κατεδικάσθη,
3259 2851 3380 2902 οὐδέ
3410 2851 3701 2915 σπουδάζει
3725 2852 3831 2905 δεί-

2263 2926 2347 2991 ξαι
2378 2929 2473 2996 τὴν
2506 2931 2849 3000 παρανομίαν
2874 2929 2973 2999 τὴν
3003 2933 3081 2993 εἰς
3100 2932 3261 2984 αὐτὸν
3283 2935 3658 3004 γεγενημένην
3678 2953 3691 2964 ·
3717 2936 3831 2988 ἀλλ’

2262 3008 2378 3071 ἐνὸς
2402 3010 2563 3078 μόνου
2596 3011 2826 3078 γίνεται,
2859 3013 2916 3063 οὐ
2939 3013 3032 3064 τοῦ
3066 3015 3285 3067 ἐκείνων
3301 3015 3497 3086 δηλαδὴ
3526 3019 3833 3089 κατηγορῆ·

2264 3107 2375 3155 σαι,
2405 3091 2545 3146 ἀλλά
2571 3093 2662 3146 τοῦ
2693 3095 2832 3166 ὑπὲρ
2865 3094 3062 3148 ἐαυτοῦ
3098 3097 3256 3167 μόνον
3279 3100 3474 3154 εἰπεῖν.
3505 3101 3614 3152 Καὶ
3643 3101 3709 3154 τὰ
3734 3103 3832 3172 μὲν

2261 3175 2412 3245 παρά
2441 3175 2546 3227 τῶν
2590 3176 2833 3246 ἀδελφῶν
2888 3179 3242 3234 συνεσκίασεν
3283 3183 3475 3244 εἰπών,
3523 3183 3833 3252 Ἐκλάπην

2259 3257 2327 3309 ἐκ
2364 3257 2476 3326 γῆς
2500 3258 2793 3326 Ἑϐραίων·
2811 3273 2878 3313 τα
2908 3262 2964 3315 δέ
2986 3263 3134 3334 παρὰ
3151 3265 3251 3333 τῆς
3279 3265 3586 3332 Αἰγυπτίας
3615 3267 3832 3337 ἐκείνης

2263 3339 2360 3408 τῆς
2396 3341 2695 3394 ἀκολάστου
2729 3343 2850 3394 οὐδέ
2886 3345 2965 3408 εἰς
3001 3347 3164 3415 μέσον
3195 3347 3339 3414 ἄγει,
3385 3347 3506 3400 οὐδέ
3534 3348 3632 3418 τὴν
3682 3351 3833 3420 παρά

2258 3421 2352 3474 τοῦ
2387 3422 2644 3475 δεσπότου
2673 3424 2855 3477 ἄδικον
2893 3428 3012 3478 κατ’
3039 3427 3204 3480 αὐτοῦ
3231 3428 3622 3497 ἀγανάκτησιν.
3671 3431 3833 3485 Ἀλλά

2259 3505 2312 3556 τί
2351 3521 2545 3573 φησιν;
2574 3499 2712 3558 ’Ὧδε
2736 3509 2847 3561 οὐκ
2870 3509 3129 3576 ἐποίησα
3151 3511 3353 3575 οὐδὲν,
3385 3513 3522 3566 ἀλλ’
3543 3513 3832 3567 ἐνέϐαλόν

2253 3602 2329 3654 με
2365 3589 2453 3652 εὶς
2494 3586 2599 3639 τὸν
2639 3587 2869 3642 λάκκον
2898 3592 3128 3645 τοῦτον.
3159 3593 3344 3647 Ταῦτα
3377 3594 3666 3660 ἀκούοντες
3706 3615 3832 3650 παι-

2257 3669 2561 3741 δευώμεθα,
2602 3671 2823 3724 ἐπειδάν
2856 3690 2965 3727 τισι
2995 3677 3260 3740 τοιούτοις
3297 3679 3726 3749 περιπέσωμεν,
3753 3679 3828 3750 μὴ

2257 3752 2500 3816 ἐκείνους
2535 3755 2856 3820 σπουδάζειν
2888 3758 3234 3829 περιϐάλλειν
3267 3760 3576 3830 λοιδορίαις,
3607 3763 3701 3814 καὶ
3724 3766 3829 3831 τὴν

2257 3837 2508 3904 γλῶσσαν
2533 3838 2734 3908 ἀκονᾷν
2759 3840 2898 3891 κατά
2922 3841 3022 3910 τῆς
3046 3842 3246 3912 ἐτέρων
3270 3845 3604 3913 κατηγορίας
3620 3856 3668 3904 ι.
3689 3845 3825 3898 ἀλλὰ

2260 3920 2422 3989 μόνον
2459 3921 2651 3992 πράως
2675 3921 2765 3972 καὶ
2786 3923 2817 3991 ἡ
2829 3923 2892 3991 μέ
2903 3939 3009 3992 ρως
3032 3924 3258 3988 ἐαυτούς
3277 3925 3602 3990 ἀνευθύνους
3623 3927 3828 3980 δεικνύ-

2256 4019 2366 4062 ναι,
2403 4004 2496 4054 καὶ
2524 4003 2809 4071 μιμεῖσθαι
2840 4004 2928 4056 τὸν
2960 4004 3262 4074 θαυμάσιον
3283 4007 3494 4072 τοῦτον,
3517 4009 3596 4062 ὃτι
3625 4009 3743 4062 οὐδὲ
3767 4011 3826 4062 ἐν

2258 4087 2510 4155 συμφορᾷ
2541 4084 2617 4137 ῶν
2652 4087 2976 4152 κατεδέξατο
3005 4089 3108 4141 κᾶν
3137 4089 3300 4160 μέχρι
3321 4091 3582 4162 ῥημάτων
3606 4093 3823 4162 ἐκπομ-
3871 4092 3880 4096 ’

2268 4166 2470 4219 πεῦσαι
2501 4167 2601 4235 τῆς
2634 4169 2937 4236 Αἰγυπτίας
2969 4170 3067 4240 τὴν
3097 4171 3409 4240 ἀσέλγειαν.
3441 4177 3583 4228 Ἴστε
3613 4175 3722 4246 γὰρ
3742 4177 3824 4228 ὅτι

2256 4248 2439 4300 πολλοὶ
2485 4249 2744 4312 πολλάκις
2795 4253 2889 4305 καὶ
2934 4253 3226 4307 ὑπεύθυνοι
3279 4255 3430 4319 ὅντες
3478 4257 3822 4327 ἐγκλήμασι,

2255 4331 2421 4401 πολλῇ
2445 4334 2510 4401 τῇ
2529 4333 2882 4404 ἀναισχυντία⁴
2904 4337 3320 4406 κεχρημένοιτά
3339 4338 3546 4392 ἑαυτῶν
3569 4339 3824 4410 πλημμε-

2253 4410 2474 4482 λήματα
2515 4414 2724 4484 ἐτέροις
2768 4417 3090 4485 περιάπτειν
3130 4419 3527 4490 ἐπιχειροῦσινο
3563 4416 3717 4484 οὗτος
3765 4421 3823 4474 δὲ

2253 4496 2346 4548 τοῦ
2414 4497 2564 4568 ἡλίου
2623 4499 2916 4569 φανότερος
2960 4501 2986 4540 b
3027 4503 3326 4572 τυγχάνων,
3387 4503 3478 4556 καὶ
3524 4503 3824 4574 δυνάμενος

2253 4578 2468 4633 ἅπαντα
2501 4580 2640 4650 μετά
2677 4581 2932 4652 ἀληθείας
2966 4585 3161 4649 εἰπεῖν,
3203 4585 3462 4656 κάκείνης
3491 4587 3589 4658 τὴν
3624 4588 3821 4656 μανίαν

2251 4660 2548 4732 κατάδηλον
2585 4664 2827 4732 ποιῆσαι,
2863 4665 2955 4720 καὶ
2988 4667 3178 4720 ἐαυτὸν
3198 4668 3659 4740 περιφανέστερον
3685 4671 3820 4722 ἀπο-

2248 4742 2438 4807 δεῖξαι,
2471 4744 2622 4797 οὐδὲν
2651 4745 2873 4800 ἐκείνων
2912 4749 2991 4812 εἰς
3025 4749 3187 4818 μέσον
3225 4751 3370 4819 ἀγει.
3405 4751 3539 4804 Οὐδὲ
3578 4752 3685 4822 γὰρ
3719 4753 3820 4823 τὴν

2249 4828 2398 4899 παρά
2428 4829 2536 4881 τῶν
2566 4829 2866 4900 ἀνθρώπων
2893 4833 3124 4903 ἐθηρᾶτο
3150 4833 3326 4899 δόξαν,
3359 4835 3475 4888 ἀλλ’
3501 4838 3722 4907 ἠρκεῖτο
3750 4839 3816 4908 τῇ

2247 4911 2451 4966 ἄνωθεν
2472 4913 2674 4982 εὐνοίᾳ,
2695 4915 2787 4966 καί
2803 4914 2893 4966 τὸν
2908 4915 3204 4985 ἀκοίμητον
3221 4919 3427 4970 ἐκεῖνον
3442 4919 3602 4986 μόνον
3617 4918 3818 4986 ὀφθαλο

2251 4993 2348 5062 μὸν
2398 4993 2651 5048 ἐδούλετο
2700 4996 2995 5065 ἐπαινέτην
3040 4997 3183 5066 ἐχειν
3215 4999 3322 5051 τῶν
3363 5001 3681 5070 γινομένων.
3725 5001 3818 5054 Δ.ὸ

2247 5078 2338 5128 καὶ
2368 5078 2628 5144 σιγῶντος
2655 5078 2844 5141 αὐτοῦ,
2868 5079 2961 5131 καὶ
2990 5081 3168 5134 πάντα
3189 5081 3453 5152 κρύπτειν
3482 5083 3817 5153 ἐπιχειρούν-

2243 5174 2354 5220 τος,
2375 5160 2402 5210 6
2433 5159 2810 5230 φιλάνθρωπος
2837 5161 3114 5231 Δεσπότης
3141 5163 3220 5225 εἰς
3241 5163 3508 5233 τοσαύτην
3535 5165 3696 5218 αὐτὸν
3713 5181 3813 5216 πε-

2247 5243 2529 5310 ριφάνειαν
2563 5243 2791 5313 ἤγαγεν,
2825 5243 2914 5295 ὅτε
2938 5244 3115 5308 καλῶς
3148 5241 3252 5298 εἶδε
3283 5247 3372 5298 τὸν
3403 5247 3642 5317 ἀθλητὴν
3669 5248 3815 5310 ἀγω-

2243 5325 2549 5393 νισάμενον.
2581 5325 2730 5387 Τέως
2760 5327 2814 5378 δὲ
2844 5326 3104 5397 μάθωμεν
3126 5329 3220 5382 καὶ
3249 5330 3312 5381 ἐκ
3339 5328 3447 5381 τῶν
3473 5330 3611 5397 μετά
3643 5329 3814 5384 ταῦτα

2242 5407 2543 5476 γινομένων
2570 5407 2681 5482 τὴν⁸
2703 5407 2978 5480 ὑπομονὴν
3012 5409 3107 5461 τοῦ
3135 5409 3347 5480 ἀνδρὸς,
3379 5411 3472 5463 καὶ
3507 5414 3653 5474 ὅπως
3678 5412 3812 5482 πρὸς

2241 5488 2338 5556 τὴν
2374 5489 2629 5559 μέλλησιν
2655 5479 2754 5542 ὂύκ
2776 5479 3155 5562 ἐδυσχέρανεν,
3195 5479 3315 5546 οὐδέ
3335 5479 3776 5564 ἀπεδυσπέτησεν
3792 5511 3806 5524 ·

2239 5571 2373 5623 ἀλλά
2415 5571 2554 5640 μετὰ
2576 5571 2776 5642 πολλῆς
2803 5575 2900 5644 τῆς
2933 5575 3242 5645 προθυμίας
3266 5576 3479 5630 ἅπαντα
3497 5577 3678 5646 φέρων
3711 5578 3832 5647 ηὺ.Δ

2238 5654 2483 5722 χαρίστει
2521 5655 2596 5723 τῷ
2640 5655 2812 5708 ταῦτα
2852 5659 3221 5726 συγχωρούντι
3252 5659 3499 5725 γίνεσθαι
3539 5661 3803 5729 Δεσπότῃ.

2239 5735 2420 5786 Ταῦτα
2451 5736 2689 5797 ἀκούσας
2717 5738 2744 5788 6
2767 5740 3188 5806 ἀρχισιτοποιὸς,
3231 5741 3327 5792 καί⁵
3361 5742 3588 5810 νομίσας
3623 5741 3716 5795 καὶ
3745 5741 3806 5793 τὸ

2287 5843 2310 5910 ξ’
2336 5842 2538 5910 ςοξεξῇιι.
2565 5849 2872 5910 κακηγορίας.

2288 5904 2312 5941 ι)
2340 5903 2538 5954 Coislin.
2567 5915 2618 5956 et
2640 5903 2787 5960 salii.
2818 5909 2865 5958 in
2893 5927 3046 5976 marg.
3071 5918 3402 5983 φανερώτερος.
