4168 6264
406 354 507 408 541

405 466 562 519 etiam
581 463 634 519 in
653 462 923 521 servitute,
939 459 1096 513 etiam
1117 456 1166 510 in
1186 469 1415 516 carcere,
1435 454 1657 507 etiamin
1675 450 1980 513 afflictione,

407 559 566 606 etiam
597 554 650 606 in
686 552 1050 621 prosperitate.
1076 548 1336 615 Quoniam
1367 546 1522 613 igitur
1548 554 1602 598 ct
1641 544 1693 597 in
1718 558 1984 597 carcerem

404 646 674 712 conjectus
703 644 801 698 sibi
828 641 1130 697 conciliavit
1153 637 1458 709 przefectum
1484 635 1732 699 carceris,
1755 643 1810 688 et
1831 647 1990 701 super

407 749 595 789 onmes
618 736 704 804 qui
734 735 800 787 ini
832 741 982 786 erant
1010 739 1320 799 potestatem
1346 728 1412 779 ab
1437 741 1501 779 eo
1527 725 1735 794 accepit
1763 742 1777 777 :
1802 722 1984 776 videa—

410 841 529 879 mus
554 837 606 880 et
636 826 720 878 hic
743 823 1009 892 quomodo
1035 823 1137 873 vim
1169 819 1350 888 gratiae
1380 816 1478 868 sibi
1508 828 1775 868 concessa:
1818 811 1986 863 mani—

412 914 633 968 festarit.
662 917 714 969 I.
744 914 956 967 Factum
999 921 1071 964 est
1117 911 1279 971 enim,
1310 907 1511 974 inquit,
1542 914 1653 974 post
1698 901 1843 954 verba
1883 901 1988 952 ha'c

418 1004 566 1075 (Cap.
593 1006 704 1076 ω).
729 1003 948 1069 Qualia?
980 1002 1108 1069 Qum
1139 999 1368 1053 narravit
1399 1004 1515 1064 post
1554 994 1746 1047 factam
1787 988 1988 1044 calum-

414 1098 577 1159 niam,
596 1104 874 1163 postquam
889 1092 1270 1145 condemnatus
1291 1096 1371 1141 est
1399 1085 1463 1138 ad
1490 1097 1755 1147 carcerem
1782 1097 1794 1133 :
1815 1089 1867 1133 et
1884 1094 1986 1132 non

418 1189 517 1241 hoc
551 1188 719 1240 solum
743 1227 759 1250 ,
791 1185 881 1239 sed
913 1194 965 1237 et
996 1194 1269 1251 postquam
1310 1177 1659 1246 significatum
1708 1180 1791 1225 est
1836 1170 1988 1223 nobis

418 1280 696 1331 Dominum
727 1291 844 1330 cum
874 1276 963 1327 illo
989 1273 1174 1337 fuisse,
1204 1280 1255 1324 et
1283 1267 1587 1339 pra-fectum
1611 1262 1841 1319 carceris
1870 1276 1988 1314 om-

415 1370 504 1421 nia
532 1382 650 1437 qure
679 1366 748 1420 ibi
776 1374 927 1420 erant
954 1364 1051 1433 ipsi
1079 1361 1427 1422 commisisse,
1450 1365 1510 1409 ut
1537 1370 1629 1424 per
1648 1353 1790 1405 illum
1817 1351 1987 1404 admi-

417 1460 785 1512 nistrarentur.
814 1455 1027 1508 Factum
1054 1463 1145 1515 est,
1179 1451 1365 1519 inquit,
1391 1457 1499 1518 post
1526 1446 1670 1498 verba
1700 1444 1824 1506 hcce,
1849 1452 1989 1509 post-

412 1565 572 1617 quam
588 1548 811 1617 injectus
826 1557 906 1602 est
924 1547 975 1599 in
996 1558 1283 1605 carcerem,
1302 1557 1417 1593 cum
1436 1545 1714 1608 peccassent
1730 1535 1991 1605 ρνωίοειυδ

416 1641 768 1708 pincernarum
789 1648 834 1691 et
861 1640 1127 1708 prazfectus
1154 1635 1414 1705 pistorum,
1446 1631 1503 1683 2.
1529 1639 1582 1682 et
1600 1629 1651 1682 5.
1678 1626 1992 1680 condemnati

414 1740 530 1783 sunt
556 1748 587 1782 a
625 1746 772 1799 rege.
808 1739 861 1781 ut
900 1730 953 1793 in
995 1742 1245 1789 carcerem
1270 1725 1601 1783 mitterentur,
1625 1720 1676 1773 4.
1705 1733 1826 1787 quos
1857 1731 1988 1783 pra:-

417 1826 572 1890 fectus
614 1823 825 1873 carceris
860 1818 1082 1888 Josepho
1127 1812 1510 1869 commendavit.
1542 1810 1722 1877 Neque
1765 1808 1908 1861 enim
1938 1813 1994 1858 ut

423 1911 601 1964 vincto
630 1926 754 1964 usus
780 1920 857 1963 est
888 1910 995 1972 illo,
1027 1908 1119 1962 sed
1152 1915 1207 1959 ut
1228 1919 1474 1959 curarum
1507 1900 1780 1969 participe,
1811 1900 1915 1951 imo
1939 1905 1994 1950 ut

415 2014 482 2053 eo
507 2001 595 2068 qui
624 2001 691 2053 ibi
714 2000 1048 2054 detentorum
1072 1997 1312 2050 miserias
1340 1993 1496 2047 solari
1522 1999 1719 2061 posset.
1748 1989 1813 2040 Et
1838 1988 1993 2040 adsti-

419 2092 477 2142 tit
502 2091 570 2144 eis
593 2131 609 2156 ,
637 2091 824 2159 inquit.
850 2089 986 2153 Quid
1012 2097 1128 2149 est,
1162 2086 1359 2138 Adstitit
1389 2084 1457 2135 eis
1479 2082 1504 2136 .9
1527 2083 1637 2134 Hoc
1671 2088 1771 2144 est,
1800 2091 1993 2133 cons.)-

417 2180 553 2233 latus
573 2188 655 2233 est
674 2219 688 2244 ,
712 2179 985 2232 roboravit
1004 2190 1189 2229 eorum
1215 2182 1438 2238 mentes,
1471 2172 1641 2226 erexit
1668 2185 1849 2224 eorum
1877 2167 1991 2220 ani-

378 2336 381 2341 λ
419 2284 535 2322 mos
557 2310 572 2333 ,
601 2278 655 2321 et
690 2284 794 2321 non
840 2266 1078 2334 permisit
1114 2264 1384 2317 absorberi
1429 2278 1537 2330 pra:
1574 2262 1801 2315 tristitia.
1836 2258 1994 2311 Erant

416 2368 587 2411 autem
626 2358 798 2409 diebus
843 2356 1013 2409 multis
1038 2357 1089 2408 in
1118 2370 1313 2407 carcere
1334 2395 1347 2415 ,
1374 2354 1424 2407 5.
1453 2362 1499 2405 et
1528 2352 1753 2403 viderunt
1795 2360 1995 2416 uterque

421 2446 724 2499 insomnium
751 2447 801 2499 in
828 2456 969 2499 nocte
987 2462 1108 2510 una,
1133 2444 1396 2512 praefectus
1423 2443 1770 2512 pincernarum
1799 2448 1845 2491 et
1864 2454 1995 2508 pra:-

420 2542 579 2606 {ectus
626 2538 887 2605 pistorum.
918 2535 1022 2591 Sed
1053 2536 1236 2590 beatus
1278 2535 1365 2586 ille
1388 2574 1403 2598 ,
1436 2533 1517 2586 cui
1549 2539 1831 2585 curteerat
1859 2543 1988 2599 quc-

423 2629 580 2681 niodo
610 2628 971 2681 consolaretur
997 2628 1110 2680 illos
1136 2668 1150 2692 ,
1185 2636 1240 2679 ut
1271 2625 1396 2679 vidit
1427 2640 1518 2679 eos
1540 2626 1608 2677 ob
1631 2624 1886 2676 visionem
1915 2621 1996 2673 in-

422 2721 745 2775 slimuiorum
779 2720 996 2782 turbari,
1031 2728 1083 2772 et
1110 2728 1286 2772 mente
1316 2716 1590 2781 confundi,
1618 2716 1745 2769 dicit
1772 2733 1786 2769 :
1814 2715 1865 2767 7.
1894 2711 1994 2766 Cur

420 2811 573 2878 [acies
599 2819 774 2863 vestra:
799 2810 946 2864 hodie
983 2818 1083 2861 tam
1110 2808 1357 2861 obnubin
1396 2815 1441 2860 et
1482 2818 1667 2858 maesta:
1687 2812 1711 2861 .7
1733 2803 1992 2857 Ostende-

422 2903 545 2954 bant
560 2902 699 2955 enim
724 2900 883 2954 facies
899 2915 1080 2954 eorum
1100 2901 1239 2952 intus
1255 2900 1502 2952 latentem
1520 2896 1990 2966 perturbationem.

421 2991 710 3059 PrOpterea
747 2998 803 3043 et
842 2991 1052 3058 sapiens
1080 2990 1291 3058 quidam
1322 2987 1531 3041 dicebat
1560 3009 1573 3038 :
1606 2985 1767 3039 Corde
1798 2985 1996 3037 laztante

423 3083 567 3150 ﬂoret
593 3080 766 3148 facies,
797 3080 851 3131 in
878 3079 1080 3132 tristitia
1103 3089 1270 3131 autem
1300 3078 1592 3139 exsistente,
1618 3086 1785 3127 maeret
1816 3073 1991 3142 (Prov.

424 3172 510 3224 15.
548 3171 655 3240 I5}.
686 3169 844 3238 Igitur
872 3169 991 3238 quia
1017 3168 1147 3221 vidit
1187 3180 1279 3221 eos
1307 3166 1513 3221 tristitia
1544 3164 1760 3217 allectos
1787 3171 1999 3230 propttr

424 3259 805 3314 insomniorum
832 3259 1087 3312 visionem
1108 3298 1122 3320 ,
1152 3272 1363 3311 causam
1393 3255 1597 3309 discere
1626 3252 1810 3307 volens
1838 3267 1997 3321 roga-

422 3350 657 3405 vit.Vide
684 3348 950 3419 quomodo
973 3349 1100 3404 etin
1126 3364 1337 3404 carcere
1360 3349 1622 3402 exsistens
1646 3361 1792 3400 suam
1820 3356 1999 3398 osten-

424 3443 502 3496 dit
548 3441 789 3494 virtutem
817 3481 833 3507 ,
864 3448 917 3494 et
961 3440 1182 3494 aliorum
1224 3454 1480 3493 maerores
1514 3437 1742 3491 allevare
1778 3434 1996 3489 studuit.

425 3533 558 3601 Quid
591 3533 747 3602 igitur
787 3532 900 3585 illi?
928 3533 979 3587 8.
1015 3532 1279 3586 Somnium
1317 3531 1562 3596 vidimus,
1593 3538 1638 3583 et
1667 3545 1766 3582 non
1795 3537 1867 3581 est
1912 3529 1997 3597 qui

426 3627 664 3693 conjectet
702 3624 851 3677 illud.
887 3623 1203 3693 Ignorabant
1230 3623 1539 3692 sapientiam
1585 3622 1701 3690 ejus
1745 3635 1867 3674 cum
1894 3635 2000 3688 quo

429 3714 795 3783 loquebantur,
818 3713 907 3767 sed
932 3713 1199 3781 vulgarem
1221 3713 1450 3781 aliquem
1472 3726 1591 3765 esse
1606 3709 1999 3774 existimabam,

429 3812 483 3857 ct
511 3814 785 3871 propterea
814 3804 1079 3857 somnium
1102 3803 1149 3855 ei
1174 3818 1278 3859 non
1312 3811 1560 3866 narrant,
1593 3801 1683 3854 sed
1715 3809 1912 3853 tantum
1945 3813 2002 3852 se

430 3894 626 3947 vidisse
667 3892 881 3955 dicunt,
911 3902 964 3945 et
1006 3892 1242 3945 addunt:
1272 3892 1459 3945 Nullus
1501 3901 1581 3943 est
1609 3892 1697 3959 qui
1742 3890 2005 3959 conjectet

435 3981 583 4034 illud.
611 3980 810 4034 Verum
839 3982 1163 4035 admirabilis
1205 3981 1292 4035 ille
1325 3981 1407 4034 vir
1445 3982 1572 4034 dicit
1614 3981 1691 4034 eis
1718 3998 1731 4034 :
1764 3979 1947 4032 Nonne
1973 3996 2005 4031 a

436 4069 541 4125 Deo
578 4071 916 4141 manifestatio
951 4073 1059 4142 ejus
1084 4072 1191 4124 est?
1218 4071 1441 4126 Narrate
1465 4073 1618 4142 igitur
1639 4073 1781 4125 mihi.
1810 4071 1946 4125 Num
1975 4086 2002 4123 a

435 4176 520 4215 Ine
563 4159 677 4229 ipso
720 4160 969 4229 promitto
1009 4162 1157 4215 vobis
1196 4162 1393 4230 aliquid
1425 4178 1508 4216 me
1534 4163 1836 4215 dicturum?
1868 4162 2005 4215 Deus

434 4262 512 4306 est
532 4253 619 4322 qui
638 4252 854 4306 revelat.
882 4251 1101 4305 Narrate
1121 4253 1271 4322 igitur
1292 4253 1431 4305 mihi.
1459 4252 1587 4306 Vide
1609 4252 2004 4321 intelligentiam

435 4356 487 4396 et
516 4344 822 4397 humilitatis
844 4344 1231 4397 excellentiam.
1261 4342 1373 4396 Non
1402 4343 1534 4397 dixit
1558 4383 1573 4407 ,
1607 4343 1714 4412 Ego
1741 4343 1889 4395 vobis
1921 4342 2005 4394 di-

435 4436 627 4506 judico,
656 4451 752 4505 ego
783 4436 931 4489 vobis
954 4436 1071 4489 dico
1092 4437 1415 4489 somniorum
1440 4442 1706 4498 eventum;
1734 4433 1824 4486 sed
1847 4432 2007 4502 quid?

442 4525 659 4579 Narrate
699 4527 851 4593 igitur
872 4527 1012 4578 mihi.
1048 4527 1185 4579 Deus
1214 4527 1356 4578 enim
1381 4535 1461 4578 est
1490 4524 1634 4578 solus
1664 4524 1750 4593 qui
1781 4526 1898 4576 talia
1926 4538 2008 4575 re-

440 4616 598 4669 velat.
629 4616 682 4669 9.
713 4615 777 4666 Et
819 4617 1037 4668 narravit
1083 4615 1342 4682 prccfectus
1386 4615 1758 4682 pincernarum.
1804 4614 1889 4666 12.
1942 4611 2007 4665 Ut

441 4716 606 4759 autent
636 4705 822 4757 audivit
840 4704 1049 4774 Joseph,
1076 4707 1233 4772 inquit
1253 4721 1269 4757 :
1289 4703 1412 4758 "(ac
1429 4715 1499 4757 est
1518 4705 1858 4770 interpretatio
1880 4703 2006 4771 ejus.

446 4799 531 4852 15.
558 4796 676 4850 Tres
706 4797 1025 4865 propagines,
1059 4807 1155 4850 tres
1182 4805 1296 4849 sunt
1317 4796 1420 4848 dies
1443 4810 1461 4847 :
1481 4794 1647 4845 adhuc
1677 4803 1774 4846 tres
1800 4793 1903 4845 dies
1921 4833 1934 4852 ,
1965 4804 2009 4843 et

442 4885 781 4941 recordubitur
827 4884 1027 4938 Pharao
1057 4894 1154 4937 tua:
1196 4887 1546 4954 pincernarum
1586 4886 1934 4954 prtefecturaz.‘
1969 4893 2012 4933 et

443 4979 558 5031 hinc
582 4979 803 5030 restituet
832 4987 905 5041 te,
935 4987 980 5030 ct
1009 4978 1149 5030 dabis
1175 4976 1410 5045 poculum
1439 4974 1704 5027 Pharaoni
1732 4974 1783 5026 in
1810 4990 2011 5025 manum

442 5073 552 5141 ejus
586 5071 739 5141 juxta
766 5070 1030 5137 pristinum
1076 5069 1286 5137 oﬂ‘icium
1314 5078 1485 5131 tuum,
1509 5073 1563 5118 ut
1587 5064 1780 5118 solebas
1799 5104 1813 5127 ,
1846 5063 2014 5116 vinum

440 5162 726 5231 infundens.
757 5158 950 5213 H.8cd
970 5160 1231 5211 recordare
1255 5158 1352 5210 mei
1369 5174 1455 5226 per
1471 5155 1799 5223 temetipsum,
1816 5153 2015 5221 quando

442 5250 528 5302 tibi
556 5250 676 5303 bene
698 5250 810 5313 erit,
827 5258 872 5302 et
892 5249 1043 5317 facies
1072 5250 1192 5301 mihi
1213 5248 1624 5309 misericordiam,
1647 5255 1691 5299 et
1712 5260 1899 5297 memor
1921 5244 2017 5296 eris

447 5340 544 5394 mei
570 5342 707 5411 apud
745 5340 1065 5395 Pharaonem
1091 5383 1105 5403 ,
1129 5350 1177 5393 et
1217 5340 1396 5393 educes
1440 5355 1517 5391 me
1552 5355 1614 5391 ea:
1656 5352 1852 5390 carcere
1880 5336 1972 5388 hoc
1992 5353 2009 5385 :

448 5431 534 5485 I5.
564 5433 681 5501 quia
708 5433 884 5501 furtim
922 5433 1163 5485 abductus
1191 5447 1298 5485 sum
1327 5446 1389 5484 ea:
1427 5441 1556 5483 terra
1584 5427 1942 5489 Hebraeorum,
1975 5436 2019 5478 ct

449 5522 529 5576 hic
566 5523 665 5592 feci
706 5523 833 5576 nihil
855 5562 872 5588 ,
902 5533 947 5576 et
978 5524 1285 5575 immiserunt
1312 5538 1391 5575 me
1416 5521 1467 5573 in
1496 5521 1627 5573 hunc
1669 5519 1857 5571 lacum.
1889 5518 2020 5581 Quia

451 5612 766 5680 praedixerat
806 5613 855 5667 ei
887 5608 1019 5666 bona
1043 5622 1298 5667 eventura
1317 5652 1335 5678 ,
1365 5619 1415 5665 et
1464 5607 1911 5664 reconciliandum
1941 5623 2022 5661 re-

447 5724 602 5779 gem,
648 5711 813 5767 dicit:
845 5710 1040 5766 Memor
1081 5721 1184 5767 esto
1236 5710 1330 5764 mei
1383 5725 1469 5780 per
1513 5708 1723 5778 teipsum
1750 5743 1767 5773 ,
1811 5704 2020 5775 quando

1439 343 1501 395 ΙΝ
1539 342 1689 395 CAP.
1734 341 1842 394 XL.
1887 337 2129 393 GENES.
2172 335 2392 390 IIOMIL.
2441 334 2620 388 LXIII.

3562 339 3668 394 53"!

2096 448 2399 507 felicitatem
2441 458 2579 501 tuam
2607 447 2913 511 obtinueris,
2945 455 3263 502 mentionem
3291 446 3529 505 faciendo
3552 455 3670 522 ejus

2092 539 2179 606 qui
2208 539 2321 591 hare
2348 538 2437 591 tibi
2469 536 2732 606 prtedixit,
2754 546 2806 590 et
2828 536 2986 591 facies
3012 537 3138 591 mihi
3161 539 3595 596 misericordiam.

2162 626 2216 679 2.
2244 627 2509 679 Fortitudo
2547 627 2704 679 animi
2730 626 2941 697 Iosephi
2966 638 3177 693 quanta;
3205 643 3392 696 quanta
3415 638 3525 700 ejus
3549 651 3668 702 erga

2094 717 2381 783 proximum
2409 718 2613 770 caritas.
2638 746 2710 754 —
2735 717 2859 769 Ilaec
2888 717 3113 771 audiens
3133 756 3151 784 ,
3183 718 3374 773 dilecte
3396 760 3413 787 ,
3437 738 3506 775 ne
3541 737 3669 776 con-

2092 808 2312 861 demnes
2337 808 2820 876 pusillantmitatem
2843 810 2972 878 justi
2999 829 3012 864 :
3035 812 3129 865 sed
3155 812 3253 866 hac
3279 815 3480 868 ratione
3507 817 3669 883 potis-

2089 898 2281 950 simum
2304 898 2636 965 obstupesce,
2660 901 2798 969 quod
2830 916 2948 953 cum
2980 909 3085 955 tam
3117 903 3277 955 multa
3305 914 3483 957 essent
3503 907 3668 958 mole.

2091 995 2193 1051 sta,
2228 995 2329 1038 tam
2358 985 2567 1040 fortiter
2596 997 2650 1042 et
2690 1002 2840 1057 :equo
2868 991 3045 1043 animo
3077 992 3194 1044 tulit
3224 992 3367 1046 illam
3400 995 3665 1047 inhabita-

2096 1080 2316 1133 tionem.
2344 1079 2473 1132 Nam
2505 1080 2625 1133 licet
2654 1096 2896 1150 magnam
2924 1098 2953 1135 a
2983 1084 3203 1138 custode
3243 1088 3473 1140 carceris
3513 1100 3664 1156 pote—

2092 1180 2281 1222 statem
2304 1172 2614 1238 accepisset,
2638 1180 2866 1224 attamen
2887 1173 3266 1240 gravabaturin
3290 1185 3433 1228 tanto
3455 1178 3668 1245 pzndore

2094 1272 2215 1311 eum
2245 1259 2471 1311 sordidis
2492 1269 2544 1313 et
2571 1261 2822 1329 squalidis
2849 1260 3071 1330 agendo.
3104 1262 3234 1315 Nam
3260 1263 3376 1317 vide
3405 1266 3519 1333 ejus
3546 1268 3663 1335 phi-

2097 1347 2421 1415 losophicam
2452 1359 2716 1416 mentem,
2746 1353 3011 1418 quomodo
3037 1352 3241 1406 fortiter
3270 1354 3448 1407 tulerit
3466 1358 3665 1422 omnia,

2096 1437 2148 1488 in
2176 1438 2418 1493 omnibus
2454 1456 2697 1509 magnam
2743 1442 3021 1498 declarans
3064 1447 3256 1501 auimre
3296 1448 3665 1507 humilitatem.

2096 1526 2159 1579 Et
2184 1530 2337 1595 [acies
2359 1570 2374 1592 ,
2404 1532 2594 1598 inquit,
2627 1533 2678 1584 in
2703 1550 2779 1587 me
2805 1538 3218 1603 misericordiam,
3251 1552 3295 1594 et
3330 1546 3669 1598 recordaberis

2096 1620 2190 1669 mei
2218 1618 2357 1686 apud
2401 1618 2757 1689 Pharaonem,
2788 1635 2834 1677 et
2878 1626 3057 1680 educes
3099 1645 3179 1683 me
3221 1647 3283 1683 ex
3320 1649 3518 1686 carcere
3551 1636 3664 1689 hoc.

2096 1709 2323 1762 Attende
2347 1752 2362 1776 ,
2395 1710 2615 1766 obsecro
2645 1753 2659 1776 ,
2694 1714 2779 1768 hic
2822 1717 3086 1784 quomodo
3124 1720 3250 1773 nihil
3298 1722 3438 1776 dicat
3481 1736 3667 1779 contra

2096 1799 2372 1851 scelestam
2421 1801 2558 1853 illam
2590 1802 2884 1858 adulteram
2907 1846 2920 1869 ,
2945 1822 3115 1876 neque
3142 1821 3324 1879 arguat
3348 1813 3618 1868 dominum
3650 1856 3666 1878 ,

2098 1902 2269 1956 neque
2298 1901 2474 1943 narret
2501 1890 2718 1944 fratrum
2746 1894 2795 1946 in
2826 1908 2885 1947 se
2916 1895 3371 1963 inbumanitatem,
3401 1903 3492 1955 sed
3518 1907 3671 1958 tectis

2096 1980 2375 2046 omnibus,
2406 1981 2530 2036 dicit
2563 2000 2574 2034 :
2609 1984 2905 2039 Recordare
2936 1988 3037 2042 mei
3070 2029 3086 2054 ,
3119 1999 3174 2042 et
3203 1990 3284 2044 fac
3311 1994 3462 2047 educi
3492 2011 3577 2049 me
3602 2012 3667 2051 ex

2096 2087 2309 2127 carcere
2336 2074 2433 2128 hoc
2461 2094 2475 2128 ;
2509 2076 2639 2140 Quia
2666 2079 2838 2145 furtim
2867 2080 3111 2134 abductus
3136 2099 3246 2135 sum
3278 2088 3339 2136 de
3378 2095 3509 2139 terra
3558 2087 3667 2141 lle-

2098 2164 2343 2217 brarorum
2368 2207 2382 2231 ,
2412 2176 2457 2220 et
2483 2167 2563 2220 hic
2606 2169 2734 2222 nihil
2759 2171 2889 2239 feci,
2920 2181 2966 2224 et
2991 2173 3299 2226 immiserunt
3325 2192 3402 2228 me
3427 2177 3476 2230 in
3504 2178 3670 2231 lacum

2097 2257 2247 2309 hunc.
2277 2256 2353 2310 Ne
2384 2257 2739 2324 perfunctorie
2768 2260 2866 2314 hoc
2894 2272 3292 2330 praetereamus,
3316 2265 3409 2318 sed
3432 2268 3672 2321 conside-

2098 2361 2274 2399 remus
2313 2362 2470 2415 quam
2508 2349 2872 2418 pbilowpbica
2914 2362 3093 2407 mente
3119 2354 3370 2421 praeditus
3396 2356 3585 2422 fuerit,
3619 2369 3671 2413 et

2095 2439 2361 2507 quomodo
2402 2440 2609 2494 inventa
2655 2444 3047 2510 Opportunitate
3094 2447 3378 2513 temporis,
3406 2457 3461 2502 et
3496 2450 3671 2502 sciens

2096 2529 2403 2596 praefectum
2435 2530 2805 2599 pinceruarum
2837 2534 2884 2586 in
2913 2533 3117 2588 felicem
3146 2545 3340 2590 statum
3370 2538 3672 2593 restitutum

2100 2633 2254 2684 posse
2306 2635 2466 2675 omne
2517 2622 2782 2690 negotium
2831 2636 2986 2677 suum
3031 2624 3141 2693 regi
3198 2625 3532 2694 signiﬁcare,
3564 2644 3670 2680 non

2098 2707 2399 2778 Egyptiam
2430 2711 2774 2779 reprehendit
2801 2712 3016 2780 (iterum
3048 2714 3190 2767 enim
3222 2714 3407 2769 eadem
3451 2716 3669 2786 dicam),

2098 2814 2203 2851 non
2222 2801 2493 2855 dominum
2518 2800 2667 2854 affert
2693 2802 2745 2855 in
2770 2802 3023 2867 medium,
3047 2820 3151 2857 non
3180 2806 3388 2868 fratres;
3418 2821 3521 2859 non
3549 2807 3675 2859 dicit

2099 2906 2311 2943 causam
2355 2904 2567 2960 propter
2591 2908 2746 2962 quam
2777 2895 3159 2950 condemnatus
3186 2897 3256 2949 sit
3285 2898 3337 2949 in
3370 2912 3634 2951 carcerem
3655 2937 3670 2959 ,

2101 2993 2271 3048 neque
2312 2982 2487 3034 scelus
2526 2981 2576 3034 in
2606 2998 2664 3037 se
2705 2984 3046 3038 commissum
3087 3000 3304 3040 narrare
3342 2986 3549 3040 studet:
3580 2986 3673 3039 sed

2104 3070 2204 3124 hoc
2230 3086 2391 3125 unum
2430 3081 2608 3137 curat,
2640 3089 2741 3127 non
2771 3083 2825 3127 ut
2850 3076 2968 3127 illos
2992 3075 3344 3141 condemnet,
3372 3076 3465 3130 sed
3492 3086 3549 3129 ut
3580 3093 3674 3144 pro

2102 3176 2159 3216 se
2188 3164 2304 3217 solo
2333 3164 2489 3219 dicat.
2522 3166 2586 3219 Et
2615 3167 2835 3220 fratrum
2862 3167 3073 3236 quidem
3100 3182 3312 3221 causam
3351 3168 3628 3223 occultavit
3654 3208 3673 3233 ,

2102 3255 2283 3310 dicens
2311 3274 2323 3310 :
2347 3256 2508 3311 Furta
2528 3259 2768 3311 abductus
2787 3275 2898 3312 sum
2922 3275 2986 3313 ex
3010 3269 3141 3313 terra
3170 3258 3495 3313 Hebra’orum
3518 3276 3536 3313 :
3558 3277 3677 3330 qua;

2101 3360 2278 3405 autem
2303 3351 2549 3421 [Egyptia
2582 3353 2664 3405 illa
2699 3352 2929 3417 fecerat,
2958 3367 3060 3405 non
3099 3351 3298 3422 profert
3324 3352 3375 3406 in
3402 3352 3630 3406 medium
3658 3394 3673 3417 ,

2104 3459 2273 3512 neque
2317 3443 2562 3512 injustam
2608 3443 2808 3497 doinini
2853 3444 2933 3497 sui
2986 3459 3105 3513 erga
3137 3458 3195 3497 se
3240 3443 3673 3512 indignationem.

2104 3535 2210 3590 Sed
2249 3536 2371 3604 quid
2412 3536 2570 3590 dicit?
2596 3535 2694 3588 llic
2731 3536 2826 3606 feci
2869 3536 3026 3600 nihil,
3061 3545 3107 3587 et
3148 3536 3461 3587 immiserunt
3503 3550 3580 3586 me
3623 3534 3679 3584 in

2104 3643 2352 3681 carcerem
2400 3628 2549 3680 hunc.
2582 3627 2706 3680 Il;cc
2748 3626 3021 3679 audientes
3068 3624 3367 3686 discamus,
3394 3625 3438 3676 si
3475 3623 3524 3676 in
3556 3624 3683 3677 talia

2107 3717 2446 3772 inciderimus
2467 3757 2485 3784 ,
2515 3725 2573 3769 ut
2598 3730 2879 3769 caveamus
2918 3730 2984 3767 ne
3009 3713 3261 3768 conviciis
3292 3714 3408 3765 illos
3430 3753 3445 3775 ,
3468 3713 3556 3779 qui
3583 3723 3680 3762 nos

2106 3817 2398 3871 vexarunt,
2428 3808 2752 3861 incessamus
2775 3845 2789 3869 ,
2819 3814 2871 3858 et
2913 3805 2977 3857 ad
3004 3803 3396 3857 accusationem
3425 3803 3440 3832 ¹
3465 3801 3680 3856 illorum

2109 3899 2341 3968 linguam
2364 3913 2613 3951 acuamus
2642 3913 2653 3946 :
2684 3896 2774 3949 sed
2799 3895 2972 3949 solum
2998 3894 3422 3947 demonstremus
3452 3892 3504 3944 in
3533 3907 3683 3951 nian-

2109 3989 2391 4044 suetudine
2431 3996 2485 4040 et
2510 3986 2726 4040 lenitate
2754 3998 2850 4037 nos
2876 3984 3118 4037 innoxios
3155 3996 3276 4035 esse
3298 4020 3312 4045 ,
3336 3989 3389 4033 et
3414 3980 3680 4033 imitemur

2112 4082 2259 4135 illum
2284 4076 2669 4139 admirabilem,
2700 4074 2789 4144 qui
2819 4089 2987 4141 neque
3018 4074 3067 4125 in
3094 4072 3393 4125 calamitate
3419 4071 3681 4124 exsistens

2109 4172 2273 4226 voluit
2306 4170 2389 4223 vel
2438 4168 2612 4221 verbis
2653 4167 2992 4236 petulantiam
3022 4173 3076 4218 et
3104 4162 3378 4217 libidinem
3412 4161 3684 4232 'Aigyptiae

2110 4264 2400 4334 divulgare.
2449 4261 2605 4316 Scitis
2642 4260 2783 4314 enim
2828 4258 3023 4312 multos
3053 4256 3362 4311 criminibus
3396 4256 3555 4310 etiam
3584 4255 3684 4307 ob-

2112 4360 2297 4413 noxios
2316 4398 2330 4422 ,
2355 4370 2540 4425 magna
2568 4352 2889 4422 impudentia
2928 4351 2977 4403 in
3005 4349 3139 4404 alios
3167 4364 3260 4403 sua
3289 4348 3478 4402 delicta
3508 4356 3683 4401 trans-

2114 4453 2253 4506 ferre
2277 4449 2455 4503 conari
2487 4464 2500 4500 :
2529 4446 2611 4498 hic
2635 4454 2812 4498 autem
2841 4443 2953 4495 sole
2981 4441 3175 4494 clarior
3201 4440 3484 4501 exsistens,
3513 4446 3568 4491 et
3591 4438 3684 4506 qui

2114 4550 2315 4610 peierat
2347 4537 2524 4591 omnia
2551 4550 2670 4588 cum
2701 4533 2924 4587 veritate
2949 4532 3147 4594 dicere,
3178 4540 3229 4583 et
3258 4530 3396 4582 illius
3427 4529 3685 4582 insaniam

2115 4630 2447 4687 manifestam
2476 4627 2669 4689 facere,
2698 4635 2753 4678 et
2777 4623 3124 4689 semetipsum
3151 4620 3433 4674 clariorem
3459 4618 3685 4672 demon-

2115 4735 2285 4779 strare
2307 4763 2322 4785 ,
2353 4720 2478 4774 nihil
2521 4720 2727 4772 illorum
2779 4717 2829 4768 in
2865 4713 3100 4768 medium
3125 4711 3297 4763 affert.
3324 4709 3507 4777 Neque
3544 4709 3688 4765 enim

2119 4818 2400 4870 humanam
2426 4809 2715 4865 venabatur
2738 4806 2979 4874 gloriam,
3008 4803 3101 4857 sed
3130 4800 3422 4854 sufficiebat
3446 4800 3493 4854 ei
3525 4800 3689 4854 bene-

2116 4907 2344 4963 volentia
2372 4910 2617 4973 su'perna,
2646 4906 2701 4954 et
2721 4898 2935 4952 oculum
2959 4896 3106 4949 illum
3134 4893 3307 4947 solum
3326 4891 3413 4960 qui
3436 4906 3541 4944 non
3566 4888 3694 4943 dor-

2119 5002 2214 5055 mit
2236 4998 2431 5052 babere
2454 4993 2662 5049 volebat
2686 4988 3013 5042 laudatorem
3031 4985 3288 5038 factorum
3309 4996 3543 5035 suorum.
3567 4978 3691 5033 Ideo

2119 5090 2307 5144 silente
2329 5100 2396 5140 eo
2418 5126 2433 5151 ,
2459 5093 2515 5139 et
2538 5082 2715 5137 omnia
2742 5079 2993 5146 obtegere
3021 5075 3291 5149 moliente,
3321 5072 3556 5126 clemens
3588 5070 3693 5122 llo-

2122 5185 2293 5239 minus
2324 5181 2375 5233 in
2404 5187 2599 5231 tantam
2636 5188 2757 5227 eum
2782 5171 3003 5241 gloriam
3035 5166 3294 5236 perduxit,
3327 5162 3537 5232 quando
3565 5161 3695 5215 vilit

2121 5275 2374 5328 athletam
2419 5282 2575 5322 suum
2614 5274 2754 5319 recte
2782 5272 3037 5317 certasse.
3064 5258 3179 5313 Jam
3210 5264 3385 5309 autem
3426 5253 3694 5307 discamus

2122 5378 2175 5422 et
2214 5381 2278 5420 ex
2327 5363 2390 5416 iis
2432 5376 2549 5429 qua:
2597 5366 2773 5427 postea
2820 5362 3115 5423 sequuntur
3151 5348 3249 5401 viri
3282 5343 3697 5413 patientiam,et

2123 5456 2389 5530 quomodo
2420 5470 2522 5506 non
2553 5450 2808 5521 gravatim
2845 5447 2941 5502 fert
2965 5443 3273 5498 dilationem
3295 5479 3311 5505 ,
3345 5450 3514 5530 neque
3543 5450 3571 5486 a
3602 5448 3697 5488 sua

2125 5524 2396 5605 alacritate
2437 5540 2791 5605 excidit;sed
2842 5550 2994 5606 mquo
3042 5532 3220 5587 animo
3254 5526 3431 5583 omnia
3477 5524 3616 5589 fert,
3645 5531 3699 5577 et

2196 5706 2214 5740 ι
2247 5702 2406 5763 Coisl.,
2432 5696 2793 5752 detractionem.
