2084 3132
280 197 333 226 5ιὸ

280 260 402 290 prompte
418 253 517 288 gratias
532 252 586 287 agit
596 250 707 278 Domino
721 257 770 276 suo
782 270 790 281 ,
803 249 847 284 qui
861 248 917 276 hzcc
932 248 989 276 ﬁeri
1006 256 1067 283 per-

279 300 409 327 mittebat.
426 298 470 325 llis
483 297 588 328 auditis,
597 296 719 330 princeps
731 294 858 328 pistorum
875 299 947 320 ratus
957 298 983 320 et
992 301 1068 320 suum

279 345 329 372 sibi
345 344 474 371 somnium
495 342 555 368 boni
576 340 673 375 aliquid
695 339 866 373 prtcsiguarc,
882 343 971 365 narrat
983 339 1006 365 ei
1027 346 1070 365 so-

280 389 346 417 .mnii
362 388 501 414 visiOnem.
513 385 588 419 Quod
602 389 629 411 ιιι
642 384 724 411 audiit
736 384 845 418 Joscph,
861 388 968 418 accepta
989 384 1069 410 etiam

279 443 312 462 ex
326 440 438 467 superna
453 432 615 459 revelatione
629 430 687 465 cjus
703 429 931 464 interpretatione,
949 429 1069 463 pnedicit

280 481 316 507 illi
339 480 472 507 interitum
495 478 675 505 imminentem
687 498 695 510 ,
710 481 736 503 et
751 476 815 503 dicit
831 484 837 502 :
851 475 893 503 19.
909 475 998 501 Adhuc
1020 479 1069 500 tres

278 526 332 552 dies
344 545 351 556 ,
367 530 389 550 et
403 526 499 559 auferet
515 523 618 549 Pharao
639 528 714 557 caput
730 526 798 547 tuum
813 529 829 547 (ι
843 525 866 547 te
877 541 883 553 ,
898 525 921 546 et
935 520 1069 554 suspendet

280 576 302 597 te
322 571 347 597 in
362 571 450 605 ligno;
465 575 486 596 et
500 570 629 595 comedent
642 569 752 595 volucres
765 568 818 594 ειπειί
834 576 921 594 carne:
933 572 989 593 tuas
1003 575 1018 592 a
1034 571 1067 593 te.

279 615 391 650 Propter
404 615 454 642 hoc
467 615 538 649 prius
549 614 679 645 dicebam,
692 613 786 647 inquit,
799 619 851 638 non
860 619 874 638 a
883 611 985 645 meipso
994 611 1068 637 vobis

279 661 394 696 pnrdico
406 682 413 693 ,
427 660 473 687 sed
488 667 662 694 qu:ecumque
679 659 747 685 Deus
770 657 891 685 revelave
898 657 948 683 rit:
963 660 990 683 ut
1012 656 1067 683 sive

280 708 378 735 bonum
400 707 498 741 aliquid
513 726 520 738 ,
535 706 591 733 sive
614 705 712 732 malum
739 704 880 738 praesignct
905 702 1066 730 somniorum

282 753 366 786 visio,
381 760 433 779 non
447 751 511 778 milli
527 751 692 777 adscribatis.
708 749 765 776 Non
781 749 851 776 enim
870 756 884 774 a
903 755 946 774 me
961 747 1017 774 hmc
1030 747 1069 772 lo-

280 805 358 832 quor,
370 797 416 824 sed
430 797 473 823 illa
487 796 562 822 vobis
574 795 689 827 declaro,
701 801 873 830 quagcum'juc
882 800 995 827 superna
1009 800 1068 827 gru-

280 845 316 870 tia
336 843 400 870 mihi
414 842 598 870 manifestarit.
610 842 740 868 Catterum
760 848 820 867 cum
834 839 957 866 adessent
977 837 1066 865 statuti

280 889 348 921 dies,
363 895 444 922 opere
459 887 564 922 impleta
579 891 640 913 sunt
652 894 711 921 qua!
721 885 818 919 Joscph
832 884 935 911 dixerat
948 888 990 910 :et
1000 883 1067 910 sicut

281 934 336 968 ipse
352 934 539 967 interpretatus
561 937 618 959 erat
632 952 638 963 ,
655 933 689 958 ita
709 931 818 965 contigit
843 930 947 963 utrique
959 950 966 961 ,
981 933 1008 955 et
1023 929 1066 955 ille

279 979 386 1013 quidem
410 978 442 1005 ad
466 978 604 1013 pristinam
630 977 706 1004 rediit
729 976 897 1007 felicitatem,
914 975 957 1001 hic
979 978 1066 1001 autem

280 1033 385 1059 pmnam
405 1025 462 1052 luit.
486 1024 531 1051 25.
555 1023 637 1050 Porro
659 1024 791 1057 praefectus
815 1022 1007 1055 pincernarttm,
1023 1020 1067 1053 qui

280 1074 380 1096 tantam
399 1069 608 1095 consolationem
631 1072 784 1101 acceperat,
799 1075 848 1093 non
869 1070 903 1093 est
923 1065 1068 1092 recordatus

279 1114 375 1148 Ioseph
388 1135 396 1144 ,
407 1114 452 1140 sed
466 1114 555 1140 oblitus
566 1118 600 1139 est
616 1113 680 1148 ejus.
695 1112 757 1138 \‘itle
769 1112 863 1138 iterum
873 1111 972 1145 justum
984 1110 1010 1136 in
1024 1117 1068 1144 pa-

280 1160 368 1186 licstra
383 1159 469 1193 aliqtta
483 1162 627 1185 certantem
642 1177 649 1190 ,
664 1161 691 1183 et
705 1164 759 1183 sua:
781 1157 884 1182 virtutis
899 1154 1068 1182 exhibentem

280 1204 436 1240 spccimina,
452 1212 504 1230 non
521 1203 678 1238 perturbari,
694 1209 779 1236 neque
798 1201 970 1233 commoveri,
984 1207 1069 1234 neque

280 1257 350 1284 a:gre
361 1249 440 1276 ferre.
453 1248 519 1275 Nam
532 1249 554 1275 si
567 1249 625 1282 quis
639 1255 671 1274 ex
687 1246 839 1281 vulgaribus
853 1246 955 1278 fuisset,
966 1247 1001 1272 ita
1015 1244 1068 1271 for-

281 1295 361 1322 tassis
373 1295 442 1322 intra
456 1302 485 1321 se
497 1294 622 1321 dixisset:
634 1293 703 1326 Quid
720 1293 771 1319 hoc
785 1293 844 1319 rei?
858 1293 996 1327 prazlectus
1009 1291 1067 1326 pin-

281 1347 422 1367 cernarum
433 1361 441 1373 ,
457 1347 517 1367 mox
534 1344 563 1366 ut
580 1339 766 1372 interpretatus
785 1345 843 1364 sum
863 1338 887 1364 ei
906 1337 1068 1364 somniorum

282 1385 410 1412 visionem
421 1404 427 1415 .
444 1384 582 1418 pristinam
604 1383 757 1410 felicitatem
781 1382 883 1416 accepit
898 1391 904 1409 :
919 1386 946 1409 ct
961 1390 1013 1409 non
1028 1386 1069 1410 est

282 1437 385 1456 memor
399 1429 456 1463 ejus
470 1429 513 1463 qui
527 1429 577 1455 sibi
592 1428 722 1462 praadixit.
738 1427 784 1454 llle
798 1427 905 1461 quidem
917 1427 993 1454 solita
1012 1427 1069 1454 [ριξ-

281 1475 361 1501 citate
383 1473 496 1505 fruitur,
517 1481 565 1508 ego
581 1479 690 1505 autem,
709 1472 752 1507 qui
776 1472 839 1499 nihil
861 1472 922 1498 mali
946 1475 1070 1506 operatus

281 1527 350 1551 sum,
367 1519 410 1547 hic
419 1518 564 1546 concludor
575 1525 634 1545 cum
647 1517 796 1550 homicidis,
810 1525 869 1544 cum
881 1516 992 1549 furibus,
1008 1524 1068 1543 cum

281 1564 438 1595 latronibus.
453 1572 512 1591 cum
528 1564 559 1590 iis
574 1563 617 1597 qui
632 1564 767 1589 innumera
787 1562 854 1588 mala
866 1562 1068 1588 commiserunt.

281 1609 350 1637 Nihil
362 1610 455 1636 horum
467 1609 507 1636 vel
520 1608 596 1640 dixit,
610 1608 650 1635 vel
664 1607 789 1642 cogitavit
800 1616 805 1633 :
816 1606 916 1633 sciebat
927 1606 998 1632 enim
1011 1613 1071 1633 am—

283 1655 365 1689 pticra
376 1654 426 1682 sibi
439 1655 523 1680 stadia
539 1653 635 1688 parari,
652 1658 679 1680 ut
694 1653 809 1687 legitime
819 1651 947 1679 certando
962 1652 1068 1678 clariori

282 1699 451 1727 redimiretur
465 1706 572 1726 corona.

318 1745 345 1772 5.
365 1745 509 1771 Considera
523 1745 593 1772 enim
607 1743 739 1779 quomodo
753 1747 814 1777 post
831 1742 1022 1769 restitutionem
1039 1742 1069 1768 il-

283 1790 335 1816 lius
346 1790 398 1816 duo
410 1790 471 1816 anni
486 1789 670 1824 pr.rterierint.
682 1788 825 1823 Oportebat
839 1787 910 1814 enim
921 1787 1069 1821 exspectari

284 1840 387 1869 tempus
399 1840 586 1869 opportunum,
605 1839 632 1861 ut
646 1834 740 1868 majori
753 1841 815 1860 cum
830 1833 913 1868 gloria
927 1833 988 1861 inde
1002 1832 1070 1860 edu-

281 1885 396 1909 ceretur.
409 1881 437 1908 Si
452 1882 523 1908 enim
537 1879 682 1915 pratfectus
695 1879 879 1914 pincernantm
893 1882 955 1906 ante
967 1878 1069 1905 somnia

282 1927 427 1954 Pharaonis
440 1927 593 1954 recordatus
605 1947 612 1959 ,
628 1933 689 1954 cum
702 1925 820 1953 subsidio
839 1933 888 1953 suo
911 1925 1068 1957 liberasset,

281 1972 401 2000 fortassis
416 1979 468 1999 non
489 1977 542 1999 tam
564 1972 701 2006 perspicua
721 1971 815 1999 fuisset
827 1971 886 1998 aliis
900 1971 958 2005 ejus
974 1971 1067 1997 virtus.

281 2017 357 2044 Nunc
370 2023 459 2044 autem
472 2017 557 2044 solers
570 2023 596 2044 et
606 2017 712 2051 sapiens
726 2016 794 2043 Deus
807 2016 905 2049 sciens,
921 2017 988 2043 sicut
1002 2017 1070 2051 opti-

282 2072 340 2090 tntts
352 2063 443 2090 artifex
458 2084 464 2094 ,
477 2067 575 2098 quanto
596 2067 716 2096 tempore
739 2062 765 2089 in
787 2062 847 2097 igne
867 2061 962 2089 debeat
974 2070 1068 2089 aurum

282 2110 365 2136 teneri
376 2129 383 2141 ,
400 2114 426 2136 ct
440 2109 534 2135 iterum
556 2108 616 2134 imle
629 2108 718 2135 reduci
732 2128 739 2140 ,
756 2107 884 2142 permittit
907 2107 940 2134 ad
966 2112 1070 2142 tempus

282 2156 394 2182 duorum
406 2162 535 2181 annorum
549 2153 702 2187 pra:l‘cctum
717 2153 902 2187 pincernarum
918 2154 988 2180 illius
1002 2154 1070 2180 obli-

282 2200 366 2231 visci,
383 2205 410 2226 ut
422 2203 449 2226 et
460 2204 563 2233 tempus
576 2199 741 2226 somniorum
757 2199 903 2226 Pharaonis
915 2199 1025 2233 veniat,
1041 2205 1068 2227 et

281 2245 457 2280 compcllenle
470 2244 626 2272 necessitate
637 2246 703 2279 ipsa,
717 2245 804 2279 justus
818 2245 861 2272 ille
875 2246 900 2272 in
918 2249 972 2273 toto
987 2253 1069 2280 regno

281 2292 427 2319 Pharaonis
451 2296 529 2318 notus
544 2291 598 2318 tiat.
615 2292 640 2318 1.
657 2290 725 2317 Nam
741 2295 795 2326 post
814 2292 877 2318 duo:
894 2300 974 2319 annos
988 2293 1068 2326 vidit,

281 2337 366 2371 inquit
377 2358 384 2370 ,
397 2337 495 2364 somnia
510 2335 623 2363 Pharao.
637 2335 663 2363 8.
681 2336 712 2362 Et
726 2339 820 2371 facta":
834 2342 870 2363 est
881 2345 963 2369 mane,
975 2341 998 2363 et
1012 2342 1068 2364 tur—

279 2382 337 2409 bata
348 2387 384 2408 est
397 2382 481 2408 anima
495 2382 559 2417 ejus.
576 2381 610 2408 Et
623 2382 699 2413 misit,
710 2386 732 2408 et
744 2383 837 2408 vocavit
848 2390 933 2409 omnes
944 2383 1070 2417 conjecto-

282 2435 320 2453 τρε
345 2426 453 2461 Δῑῃνριὶ
465 2448 472 2458 ,
487 2431 509 2453 et
527 2435 613 2453 omnes
630 2427 753 2462 sapientes
770 2435 839 2460 suos,
859 2432 882 2454 et
908 2428 1018 2454 narravit
1035 2429 1069 2455 eis

284 2471 385 2498 Pharao
395 2473 529 2503 somnium,
539 2476 560 2498 et
573 2480 622 2498 non
633 2477 684 2498 erat
694 2473 848 2498 annuntians
860 2472 923 2499 illud
941 2472 1069 2499 Pharaoni

282 2515 381 2551 (Caput
396 2517 424 2543 M
438 2515 459 2551 ).
477 2516 540 2544 Vide
564 2518 734 2551 multiplicem
761 2517 808 2544 Dei
834 2518 1067 2552 dispensationem.

283 2563 358 2590 Prius
380 2563 508 2597 permittit
529 2570 622 2590 omnes
637 2564 680 2597 qtti
696 2563 731 2590 ibi
755 2563 918 2591 habebantur
937 2564 1069 2598 sapientes

282 2609 394 2641 tentari,
414 2614 441 2636 ut
461 2608 640 2635 demonstrata
665 2616 756 2636 eorum
781 2609 928 2644 ignorantia
940 2630 947 2642 ,
963 2610 1067 2636 tandem

282 2654 324 2681 hic
338 2655 457 2687 vinctus,
472 2654 607 2688 captivus,
625 2661 717 2681 servus
729 2675 737 2687 ,
753 2655 880 2682 Hebraeus
901 2656 927 2682 in
951 2656 1067 2683 medium

281 2699 410 2727 adductus
420 2704 481 2726 nota
494 2698 592 2726 taceret
604 2707 634 2726 ea
643 2707 701 2734 qua:
715 2700 805 2726 multis
817 2700 905 2734 ignota
917 2705 1002 2733 erant,
1015 2708 1068 2735 quo

281 2745 405 2772 omnibus
419 2743 632 2771 tnanifestaretur
646 2752 759 2779 superna
779 2750 862 2780 gratia
883 2746 909 2772 in
928 2745 975 2773 illo
988 2746 1069 2773 reful-

281 2797 355 2823 gens.
367 2790 433 2816 Cum
446 2789 524 2824 igitur
536 2797 628 2817 omnes
642 2790 776 2824 sapientes
790 2791 935 2822 venissent,
944 2796 971 2818 et
984 2798 1069 2826 neque

281 2834 370 2861 dicere
382 2835 479 2869 aliquid
494 2855 501 2868 ,
518 2842 604 2869 neque
617 2843 646 2862 os
661 2836 765 2870 aperire
784 2840 910 2870 possent:
923 2841 985 2863 tunc
999 2837 1069 2871 prin-

283 2885 346 2912 ceps
360 2879 544 2912 pincernarum
559 2881 713 2908 recordatus
730 2882 863 2908 recensuit
879 2881 1010 2909 Pharaoni
1034 2889 1065 2909 ca

652 193 680 220 S.
696 191 834 220 JOANNIS
853 190 1090 219 CllRYSOSTOMI
1110 191 1267 220 ARCHlEP.
1288 193 1554 221 CONSTANTINOP.

1857 193 1911 222 5M

1122 257 1181 284 qua:
1197 250 1246 277 sibi
1265 250 1291 277 in
1304 258 1412 278 carcere
1423 252 1609 286 contigerant,
1625 254 1652 277 et
1665 251 1748 285 inquit
1760 260 1766 278 ι
1779 250 1802 278 9.
1822 248 1912 278 Pcrcu-

1123 300 1175 321 tum
1190 303 1271 322 meum
1284 296 1430 323 reminiscor
1445 297 1528 323 hodie.
1545 296 1578 324 Et
1591 301 1681 324 narrat
1694 297 1783 324 statim
1800 305 1912 332 quomo—

1121 339 1157 366 do
1171 340 1196 367 in
1210 348 1346 368 carcerem
1360 340 1496 375 conjectus
1509 343 1544 368 sit
1562 342 1618 376 ipse
1631 346 1658 369 et
1672 342 1813 376 prmfectns
1828 344 1911 377 pisto-

1121 393 1189 417 rum,
1202 391 1229 414 ct
1242 387 1355 413 viderint
1368 388 1481 419 somnia,
1495 392 1521 414 et
1535 388 1779 421 interpretationem
1793 396 1885 416 eorum
1898 398 1911 415 a

1121 430 1218 466 Joscph
1233 433 1398 466 acceperint,
1411 437 1438 459 et
1450 432 1584 466 quomodo
1597 433 1742 460 secundum
1756 433 1825 460 illius
1845 441 1909 468 pra:-

1121 476 1263 503 dictioncm
1279 477 1343 510 ipsis
1356 477 1494 504 evenerint
1507 478 1606 504 omnia.
1619 478 1663 504 M.
1680 477 1741 504 "rec
1751 487 1808 505 cum
1821 479 1914 505 audiar

1120 526 1155 547 set
1170 529 1214 548 rex
1225 542 1231 552 ,
1244 522 1310 548 misit
1322 522 1356 548 ad
1371 521 1477 556 Ioseph,
1494 527 1518 549 et
1531 522 1617 550 eduxit
1637 531 1692 549 eum
1711 531 1742 549 ea:
1757 531 1856 550 carcere
1867 544 1876 557 ,
1890 529 1912 550 et

1121 567 1279 593 lotonderlmt
1297 575 1353 593 eum
1364 587 1371 599 ,
1383 572 1405 594 et
1425 572 1582 594 mutaverunt
1606 568 1778 595 vestimentum
1801 569 1855 604 ejus
1868 589 1875 601 ,
1891 576 1913 595 et

1120 612 1221 638 intravit
1245 612 1279 638 ad
1295 611 1465 639 Pharaonem.
1477 612 1544 639 Vide
1563 613 1651 639 statim
1665 613 1699 639 ab
1711 613 1787 639 initio
1800 618 1912 647 quantus

1121 664 1190 684 nunc
1205 657 1299 683 honor.
1314 658 1454 692 Postquam
1467 658 1537 685 eniut
1554 663 1681 691 purgatus
1698 655 1745 685 est'
1754 666 1801 692 per
1810 660 1912 692 patien-

1120 703 1194 735 tiam,
1202 704 1270 729 sicut
1280 711 1372 729 aurum
1383 704 1493 730 rutilans
1501 703 1563 730 exiit
1574 704 1606 730 de
1616 708 1761 735 carcere,ct
1771 703 1865 730 ductus
1872 710 1913 730 est

1122 747 1154 774 ad
1170 747 1344 775 Pharamem.
1363 748 1456 775 Vidisti
1474 753 1603 783 quantum
1616 748 1650 775 sit
1664 755 1678 774 a
1693 756 1808 783 superna
1828 748 1911 783 gratia

1119 793 1256 827 adjuvari?
1267 794 1331 821 Vide
1341 801 1409 820 nunc
1418 799 1514 828 quanta
1522 794 1670 828 dispensata
1682 794 1745 826 sint,
1756 798 1784 820 ut
1792 802 1834 820 res
1841 794 1912 821 lose-

1119 839 1163 873 phi
1173 840 1377 873 complerentur.
1389 839 1452 866 Nam
1463 844 1599 874 postquam
1611 847 1742 867 summum
1751 840 1816 867 illud
1827 846 1912 867 certa-

1120 891 1181 911 men
1190 885 1691 920 certasset,etscelcstmilliusEgyptim
1699 884 1912 919 pedicascﬂ'ugis

1120 935 1169 962 set,
1178 934 1204 956 et
1213 931 1238 956 in
1247 938 1380 957 carcerem
1387 930 1765 965 conjcctusesset,permisitut
1772 930 1912 964 praefectus

1120 974 1306 1008 pincernarum
1320 979 1346 1002 ct
1357 975 1494 1009 praefectus
1504 976 1631 1009 pistorum
1638 975 1783 1002 Pharaonis
1795 975 1911 1009 perillud

1121 1024 1223 1054 tempus
1237 1020 1262 1046 in
1280 1027 1413 1048 carcerem
1432 1021 1505 1047 illum
1519 1020 1689 1054 injicerentur
1702 1040 1708 1051 ,
1723 1025 1749 1047 et
1766 1028 1813 1054 per
1831 1020 1912 1046 inter-

1120 1066 1295 1100 pretationem
1312 1066 1475 1093 somniorum
1489 1066 1623 1093 discerent
1638 1067 1685 1092 viri
1698 1066 1866 1100 sapientiam,
1883 1069 1912 1092 ut

1120 1118 1211 1138 eorum
1220 1112 1286 1139 alter
1298 1119 1367 1138 nunc
1380 1112 1536 1146 tempestive
1546 1111 1615 1138 illius
1627 1111 1788 1138 mentionem
1800 1111 1909 1143 iaciens,

1120 1164 1180 1182 cum
1199 1157 1223 1182 in
1245 1157 1360 1183 medium
1379 1155 1519 1191 proferret.
1537 1157 1580 1184 i5.
1597 1156 1668 1183 Dixit
1688 1161 1790 1188 autent,
1807 1155 1910 1189 inquit,

1120 1200 1224 1227 Pharao
1238 1201 1271 1227 ad
1282 1201 1378 1236 Joseph
1390 1211 1398 1228 :
1411 1202 1543 1229 Somnium
1554 1202 1614 1233 vidi,
1625 1207 1648 1228 et
1663 1210 1712 1227 non
1725 1206 1760 1227 est
1775 1201 1818 1236 qui
1834 1201 1914 1227 inter-

1121 1251 1231 1277 pretetur
1254 1246 1339 1273 illud:
1356 1254 1401 1281 ego
1420 1252 1501 1273 autem
1520 1246 1605 1272 audivi
1625 1246 1656 1273 de
1677 1251 1700 1273 te
1718 1246 1827 1272 dicentes
1845 1245 1912 1280 quod

1120 1298 1176 1317 cum
1190 1290 1300 1317 audieris
1313 1292 1420 1324 somnia,
1436 1292 1493 1326 ipsa
1505 1292 1683 1327 interpreteris.
1701 1291 1767 1318 Vide
1777 1290 1911 1326 quomodo

1121 1335 1246 1363 confusus
1262 1336 1364 1363 Pharao
1379 1344 1431 1364 non
1447 1337 1510 1364 dicit
1523 1337 1672 1368 manifeste,
1684 1337 1785 1363 nullum
1799 1344 1908 1363 suorutn

1121 1382 1279 1415 sapientium
1300 1383 1419 1417 potuisse
1446 1383 1591 1418 dijudicare
1612 1383 1712 1409 somnia
1730 1391 1736 1408 :
1753 1382 1799 1409 sed
1823 1382 1911 1416 quid?

1122 1425 1254 1453 Somnium
1268 1427 1329 1460 vidi,
1339 1433 1361 1453 et
1374 1436 1424 1454 non
1437 1432 1473 1454 est
1490 1427 1533 1462 qui
1544 1428 1720 1463 interpretetur
1733 1427 1807 1454 illud.
1822 1427 1912 1454 Audiui

1122 1477 1204 1498 autem
1217 1472 1248 1498 de
1258 1478 1282 1499 te
1296 1473 1405 1500 dicente:
1416 1494 1424 1507 ,
1436 1473 1503 1509 quod
1515 1474 1536 1500 si
1549 1474 1660 1500 audieris
1669 1474 1766 1500 somnia
1778 1494 1785 1505 ,
1801 1474 1857 1507 ipsa
1868 1473 1910 1499 in-

1122 1519 1273 1552 terpreteris.
1284 1518 1428 1546 Considera
1441 1539 1448 1551 ,
1464 1519 1587 1552 obsecro,
1602 1519 1646 1546 hic
1661 1526 1783 1554 magnam
1797 1518 1912 1553 pruden-

1122 1562 1186 1590 tiam
1196 1568 1223 1590 et
1238 1564 1363 1598 pietatem
1377 1563 1486 1598 Ioseph,
1500 1564 1633 1599 quomodo
1646 1564 1777 1591 Pharaoni
1798 1571 1910 1598 respon-

1121 1609 1191 1636 deat.
1206 1609 1245 1636 Ne
1266 1610 1426 1644 suspiceris,
1444 1609 1546 1644 inquit,
1562 1617 1605 1637 me
1617 1610 1714 1644 aliquid
1729 1617 1744 1636 a
1763 1617 1806 1636 me
1827 1610 1909 1636 dictu-

1122 1662 1181 1681 rum
1193 1675 1199 1687 ,
1213 1655 1255 1682 vel
1268 1654 1415 1681 secundum
1428 1654 1568 1681 humanam
1584 1656 1739 1689 sapientiam
1755 1655 1911 1689 dijudicatu-

1122 1708 1190 1727 rum.
1203 1701 1368 1737 Nequeenim
1375 1699 1500 1736 possibile
1507 1704 1548 1727 est
1555 1699 1734 1733 sinesupcrna
1750 1701 1911 1728 revelatione

1122 1746 1212 1772 talium
1228 1746 1349 1772 notitiam
1369 1745 1476 1772 habere.
1499 1745 1573 1772 Scias
1591 1745 1671 1779 igitur
1686 1767 1691 1777 ,
1704 1746 1762 1772 sine
1785 1746 1838 1773 Deo
1858 1753 1909 1773 non

1122 1798 1200 1825 posse
1211 1798 1253 1817 mc
1266 1790 1428 1825 respondere
1443 1790 1501 1817 tibi.
1514 1790 1557 1818 16.
1574 1791 1636 1818 Sine
1649 1790 1702 1817 Deo
1715 1812 1721 1823 ,
1738 1791 1822 1826 inquit
1835 1813 1842 1824 ,
1860 1800 1911 1818 non

1122 1836 1310 1870 respondebitur
1330 1835 1440 1862 salutare
1455 1835 1596 1862 Pharaoni.
1612 1836 1749 1871 Cognosce
1771 1837 1911 1864 universo-

1122 1888 1180 1907 rum
1199 1881 1338 1908 Dnminnm
1352 1888 1409 1907 esse
1428 1881 1470 1915 qui
1485 1881 1586 1907 revelat
1601 1903 1605 1911 ,
1622 1885 1649 1908 et
1663 1888 1696 1907 ne
1710 1881 1744 1908 ab
1759 1881 1910 1908 hominibus

1122 1934 1220 1961 quem,
1235 1934 1292 1960 qum
1305 1928 1385 1953 solius
1402 1927 1447 1953 Dei
1463 1932 1502 1953 cst
1514 1926 1694 1953 manifestare.

1157 1973 1247 1999 Divina
1262 1974 1371 2007 potentia
1392 1981 1434 2007 per
1453 1972 1592 2007 Josephnm
1615 1974 1826 2006 ntani,’cstata.-—-
1842 1973 1908 2000 Vide

1121 2018 1254 2052 quomodo
1274 2026 1400 2052 responso
1415 2027 1461 2044 suo
1474 2019 1551 2045 docet
1567 2019 1740 2051 Pharaonem,
1766 2028 1843 2054 quatn
1858 2020 1911 2045 sint

1123 2064 1219 2091 inﬁrmi
1234 2070 1260 2091 ct
1282 2065 1387 2091 inutiles
1404 2065 1534 2098 sapientes
1550 2066 1617 2099 ejus,
1641 2071 1667 2092 et
1688 2071 1785 2100 quanta
1808 2067 1840 2092 sit
1862 2074 1908 2099 po-

1122 2111 1202 2137 tentia
1220 2110 1273 2136 Dci.
1289 2111 1368 2144 igitur
1381 2111 1504 2145 quoniam
1519 2111 1662 2144 cognovisti
1677 2118 1707 2137 cx
1721 2118 1772 2142 me,
1786 2118 1870 2144 neque
1878 2118 1911 2137 ex

1123 2155 1233 2182 humana
1250 2156 1387 2188 sapientia,
1414 2164 1499 2189 neque
1518 2163 1549 2182 ex
1566 2156 1679 2190 propriis
1696 2155 1839 2181 rationibus
1855 2155 1911 2180 hare

1122 2207 1164 2226 me
1174 2200 1255 2234 loqui,
1270 2200 1312 2226 dic
1321 2208 1380 2235 qua:
1391 2209 1405 2227 a
1418 2201 1471 2228 Dco
1483 2201 1528 2227 tibi
1543 2207 1604 2227 sunt
1618 2200 1793 2227 manifestata.
1808 2200 1912 2227 Pharao

1122 2244 1165 2271 tibi
1179 2245 1235 2271 haec
1252 2245 1344 2278 audiit,
1365 2249 1455 2274 narrat
1469 2246 1581 2278 somnia,
1595 2250 1621 2272 et
1634 2246 1747 2280 primum
1769 2250 1796 2272 et
1816 2252 1910 2272 secun-

1121 2290 1195 2322 dttm,
1207 2295 1234 2317 et
1245 2291 1328 2324 inquit
1339 2299 1346 2317 ε
1358 2291 1403 2317 24.
1417 2290 1479 2318 1)ἱωὶ
1495 2291 1685 2326 conjectoribus,
1701 2297 1724 2318 et
1738 2299 1788 2318 non
1802 2296 1854 2318 erat
1868 2292 1911 2326 qui

1122 2335 1283 2361 annuntiarct
1295 2335 1365 2362 mihi.
1378 2335 1434 2363 Non
1450 2336 1556 2369 audisti,
1573 2336 1665 2371 inquit,
1682 2344 1696 2363 a
1712 2344 1765 2370 me,
1782 2344 1834 2363 non
1849 2344 1911 2364 esse

1122 2379 1244 2407 humana:
1258 2381 1393 2414 sapientia)
1405 2381 1464 2407 talia
1474 2381 1641 2416 significare?
1651 2381 1689 2408 Nc
1700 2382 1778 2417 igitur
1789 2382 1841 2410 illis
1852 2389 1910 2409 suc-

1122 2432 1247 2452 censeas:
1263 2433 1406 2460 numquam
1428 2427 1500 2453 enim
1522 2430 1646 2460 poterunt
1661 2427 1721 2453 talia
1737 2427 1909 2461 comprehen-

1122 2471 1195 2502 dere,
1210 2478 1269 2505 qua:
1284 2479 1397 2506 superna
1412 2477 1490 2507 egent
1503 2473 1673 2500 revclatione.
1687 2473 1731 2500 25.
1744 2473 1776 2500 Et
1789 2473 1853 2500 dixit
1863 2472 1914 2501 Jo—

1122 2517 1193 2550 seph,
1210 2517 1310 2551 inquit:
1328 2518 1462 2544 Somnium
1487 2517 1631 2545 Pharaonis
1651 2527 1729 2545 unum
1744 2523 1788 2546 est.
1809 2519 1852 2547 52.
1878 2519 1916 2562 Ut

1122 2567 1204 2588 autem
1218 2562 1304 2588 credas
1320 2563 1385 2597 quod
1405 2571 1489 2589 verum
1508 2564 1564 2596 erit,
1587 2565 1653 2598 quod
1664 2573 1681 2590 α
1696 2564 1748 2592 Deo
1768 2565 1811 2591 tibi
1824 2566 1913 2599 prmi-

1121 2611 1226 2641 guatum
1240 2611 1285 2638 est,
1301 2612 1323 2634 et
1335 2608 1402 2642 quod
1414 2609 1560 2635 accelerabit
1573 2608 1641 2636 Deus
1655 2609 1724 2636 istud
1737 2610 1828 2644 facere,
1841 2618 1912 2645 repe-

1122 2652 1193 2678 titum
1207 2657 1243 2679 est
1255 2653 1373 2679 secundo.
1388 2653 1520 2688 Repetitio
1531 2657 1612 2687 enim,
1629 2655 1723 2689 inquit,
1743 2656 1911 2682 conﬁrmatio

1123 2703 1163 2725 est
1176 2700 1303 2731 visorum,
1320 2704 1347 2726 et
1361 2700 1494 2734 copiosior
1509 2701 1628 2734 probatio
1648 2701 1718 2736 quod
1731 2702 1839 2728 omnino
1855 2703 1911 2729 inec

1123 2744 1208 2771 futura
1225 2745 1287 2773 sint.
1302 2746 1333 2772 Et
1352 2751 1490 2780 postquam
1509 2746 1628 2773 distinxit
1652 2755 1791 2774 numerum
1809 2753 1911 2781 soptem

1123 2790 1202 2816 boum
1212 2795 1239 2817 et
1253 2795 1354 2825 septem
1370 2791 1514 2825 spicarum,
1530 2799 1561 2819 ac
1580 2791 1645 2818 dixit
1660 2799 1782 2826 magnam
1797 2791 1911 2819 futuram

1122 2835 1320 2869 abundantiam,
1336 2841 1363 2863 et
1377 2842 1467 2871 postea
1480 2845 1587 2872 gravem
1602 2844 1773 2873 sequuturam
1794 2846 1853 2864 csse
1875 2839 1912 2864 ta-

1124 2887 1203 2911 mcm,
1213 2880 1308 2908 deinde
1322 2883 1448 2915 optimum
1462 2883 1601 2910 consilium
1616 2883 1701 2915 atl'ert,
1713 2888 1739 2910 et
1750 2883 1909 2912 dicit:Con-
