4168 6264
476 323 582 380 545

473 437 576 494 πὺν
609 433 704 490 καί.
752 430 1060 505 συμϐουλὴν
1089 429 1297 500 εἰσάγει
1333 429 1584 499 ἀρίστην,
1611 427 1705 481 καί
1734 441 1896 496 φησι·
1929 427 2050 481 Κα-

469 524 748 591 τάστησον
775 512 945 588 ἀνδρα
976 515 1072 568 ἐπὶ
1098 514 1200 583 τῆς
1228 511 1528 580 Αἰγύπτου,
1554 509 1614 574 ὃς
1634 509 1922 580 δυνήσεται
1946 508 2054 591 τῶν

473 603 614 659 ἐπτά
639 590 798 654 ἐτῶν
824 600 924 670 τῆς
959 595 1217 667 εὐθηνίας
1262 594 1333 647 τά
1377 595 1696 665 γεννήματα
1731 590 2053 660 συναγαγὼν

470 688 645 749 οὑτως
671 684 1046 752 οἰκονομῆσαι,
1093 679 1166 742 ὡς
1204 675 1502 746 δυνηθῆναι
1529 678 1587 729 ἐν
1621 674 1700 746 τῷ
1740 673 1920 744 καιρῷ
1958 671 2052 725 τοῦ

470 767 631 840 λιμοῦ
667 763 1024 836 παραμυθίαν
1063 760 1340 829 εὑρέσθαι,
1379 759 1476 813 καὶ
1505 759 1581 830 μὴ
1616 756 1856 827 παντελῆ
1892 754 2051 840 γενέτ

473 838 600 908 σθαι
635 851 725 904 τὸν
766 845 1098 917 ἀφανισμόν.
1133 846 1354 912 Ἦρεσε
1381 843 1569 897 ταῦτα
1596 843 1679 907 τῷ
1715 838 1926 909 Φαραὼ
1953 839 2056 893 καί

474 937 626 992 πᾶσι
645 934 772 999 τοῖς
798 930 1016 985 παισὶν
1041 929 1251 984 αὐτοῦ.
1273 929 1384 981 Kal
1412 926 1599 980 λοιπὸν
1621 926 1886 997 ὑπηρετεῖ
1906 925 1934 977 6
1955 923 2056 975 Φα-

475 1021 589 1094 ραὼ
617 1023 683 1089 τῇ
709 1016 934 1070 ἐκϐάσει
971 1014 1080 1067 τῶν
1105 1014 1400 1084 ὀνειράτων
1431 1011 1527 1065 τοῦ
1544 1010 1771 1094 Ἰωσὴφ,
1797 1001 1873 1063 ὧν
1900 1005 2058 1094 ἐθεάῗ-

472 1091 602 1158 6610
631 1102 794 1173 ἡνίκα
819 1099 972 1171 παρὰ
995 1097 1076 1168 τῷ
1101 1097 1271 1169 πατρὶ
1297 1095 1477 1167 διῆγει
1525 1093 1630 1148 Kal
1658 1093 1822 1156 αὐτὸς
1859 1091 1956 1163 μὲν
1987 1091 2057 1144 τά

471 1189 728 1259 ὀνείρατα
759 1184 854 1239 τοῦ
883 1181 1084 1256 Φαραὼ
1106 1181 1374 1250 διέκρινεν
1392 1197 1405 1210 ⁸
1431 1180 1460 1233 6
1491 1179 1547 1232 δὲ
1567 1176 1770 1249 Φαραὼ
1796 1179 1878 1238 εἰς
1907 1173 2057 1237 τέλος

468 1269 572 1344 ἦγε
604 1271 718 1324 τῶν
749 1269 1042 1340 ὀνειράτων
1081 1271 1182 1339 τὴν
1228 1264 1451 1319 ἔκϐασιν
1499 1262 1730 1332 ἀγνοῶν.
1793 1259 2058 1344 Ἀκούσας

469 1343 580 1429 γὰρ
599 1354 792 1419 ταῦτα,
824 1353 1010 1423 φησὶν,
1043 1346 1192 1406 Ετπε
1205 1348 1331 1414 τοῖς
1361 1345 1575 1401 παισίν
1598 1345 1787 1429 αὐτοῦ
1801 1361 1818 1376 ο
1840 1343 1936 1412 Μὴ
1957 1343 2057 1429 εὐζ-

469 1423 741 1511 ρήοομεν
755 1439 1067 1507 ἄνθρωπον
1083 1432 1378 1498 τοιοῦτον,
1410 1429 1479 1498 ὃς
1497 1431 1624 1500 ἔχει
1646 1428 1883 1499 πνεῦμα
1910 1423 2058 1481 Θεοῦ

470 1531 540 1582 ἐν
565 1523 756 1589 ἑαυτῷ
777 1540 795 1588 ;

543 1633 605 1685 6'.
625 1629 778 1694 Εἶδες
803 1627 921 1690 πῶς
941 1625 1084 1695 ἔγνω
1101 1623 1196 1678 καί
1210 1621 1373 1685 αὐτὸς
1391 1622 1472 1675 ὅτι
1503 1621 1568 1674 ἐκ
1579 1619 1681 1690 τῆς
1704 1617 1911 1673 ἄνωθεν
1927 1619 2062 1673 ἀπο-

472 1715 758 1785 καλύψεως
785 1709 934 1781 αὐτῷ
963 1708 1139 1763 ταῦτα
1183 1703 1464 1776 κατάδηλα
1499 1704 1727 1773 γέγονε;
1761 1702 1897 1757 Τίνα
1929 1702 2059 1785 γὰρ,

475 1784 661 1870 φησιν,
702 1796 1030 1870 εὑρήσομεν,
1062 1789 1122 1854 ὃς
1151 1787 1411 1858 τοιαύτης
1449 1786 1681 1870 ἠξίωται
1707 1784 2064 1870 χάριτοςηώς

474 1865 693 1951 πνεῦμα
716 1865 851 1932 Θεοῦ
880 1876 1024 1946 ἔχειν
1050 1876 1108 1928 ἐν
1141 1871 1322 1943 ἐαυτῷ
1346 1888 1360 1936 ;
1391 1870 1500 1926 Καὶ
1535 1865 1668 1924 εἶπε
1687 1869 1769 1935 τῷ
1812 1867 2059 1936 Ἰωσήφ·

485 1963 727 2032 Ἐπειδὴ
753 1959 947 2024 ἔδειεέ
968 1975 1067 2012 σοι
1089 1959 1122 2010 ὁ
1144 1956 1288 2020 Θεὸς
1311 1953 1509 2008 πάντα
1530 1954 1738 2022 ταῦτα,
1760 1954 1872 2008 οὐκ
1893 1953 2066 2007 ἔστιν

475 2049 785 2116 ἄνθρωπος
823 2039 1259 2113 φρονιμώτερός
1294 2053 1435 2092 σου.

545 2151 746 2206 Σκόπει
783 2145 1018 2202 ἐνταῦθα
1055 2142 1200 2208 πῶς,
1240 2143 1371 2196 ὅταν
1401 2139 1658 2212 βούληται
1698 2141 1726 2193 6
1756 2139 2065 2210 εὐμήχανος

474 2237 607 2298 Θεὸς
637 2237 716 2298 εἰς
745 2232 906 2303 ἔργον
953 2228 1184 2295 ἀγαγεῖν
1211 2224 1280 2278 16
1321 2223 1473 2294 αὐτῷ
1499 2223 1747 2290 δόξαντα,
1771 2221 1923 2276 οὐδὲν
1955 2219 2066 2274 τῶν

475 2323 536 2375 ὲν
561 2319 640 2390 τῷ
671 2319 822 2389 μέσῳ
851 2311 1257 2384 συμϐαινόντων
1279 2309 1506 2380 κώλυμα
1537 2307 1790 2376 γενέσθαι
1817 2305 2062 2360 δύναται.

490 2409 622 2472 ’ἰδοῦ
659 2405 791 2477 γὰρ,
823 2403 917 2457 καὶ
967 2398 1153 2470 σφαγὴ
1191 2396 1414 2468 σχεδὸν,
1447 2395 1524 2459 ὡς
1574 2395 1771 2457 εἰπεῖν,
1821 2393 1926 2446 ὐπὸ
1956 2392 2067 2477 τῶν

479 2476 744 2560 ἀδελφῶν
774 2488 1000 2556 γέγονε,
1055 2483 1151 2534 καὶ
1186 2481 1425 2552 πρᾶσις,
1466 2479 1558 2531 κα)⁸
1586 2477 1890 2547 κατηγορία
1938 2476 2069 2548 περὶ

479 2574 646 2630 αὐτὸν
676 2573 906 2640 ἔσχατον
934 2567 1228 2634 ἐπάγουσα
1253 2562 1522 2640 κίνδυνον,
1562 2561 1658 2614 καὶ
1695 2561 2068 2631 δεσμωτήριον

481 2659 576 2711 ἐπὶ
601 2639 856 2710 τοσοῦτον
883 2651 1096 2722 χρόνον,
1122 2647 1218 2701 καὶ
1247 2639 1393 2716 μετά
1418 2643 1591 2698 ταῦτα
1618 2643 1832 2697 ἅπαντα
1859 2643 1937 2705 είς
1969 2643 2069 2696 αὐ-

480 2745 574 2796 τὸν
623 2737 915 2808 ἀνηνέχθη,
944 2733 1131 2804 σχεδὸν
1171 2732 1368 2794 εἰπεῖν,
1408 2729 1499 2782 τὸν
1531 2727 1720 2799 θρόνον
1739 2728 1830 2780 τὸν
1863 2725 2071 2797 βασιλι-

485 2831 600 2885 κόν.
654 2823 894 2891 Ἐπειδὴ
920 2819 1113 2884 ἐδειξέ
1135 2836 1234 2872 σοι
1263 2820 1297 2871 ὀ
1334 2817 1479 2882 Θεὸς
1501 2815 1698 2869 πάντα
1724 2813 1931 2881 ταῦτα,
1961 2814 2073 2867 οὐκ

486 2917 660 2968 ἐστιν
679 2909 988 2976 ἅνθρωπος
1019 2899 1454 2972 φρονιμῦτερός
1475 2913 1593 2952 σου
1622 2898 1721 2951 καὶ
1757 2895 2074 2951 συνετώτε-

480 3013 626 3066 ρος.,
650 2992 734 3048 Σὺ
751 2986 873 3056 ⁴οὗν
894 2989 1012 3057 ἔσῃ
1037 2986 1134 3040 ἐπὶ
1160 2983 1240 3050 τῷ
1260 2985 1404 3051 οἴκῳ
1423 2999 1564 3052 μου,
1590 2980 1692 3066 καί
1712 2981 1808 3036 ἐπὶ
1831 2979 1910 3066 τῷ
1935 2980 2076 3066 στέ-

481 3063 625 3150 ξματί
675 3082 792 3142 σου
845 3072 1245 3128 ἐπακούσεται
1289 3067 1410 3133 πᾶς
1463 3069 1496 3120 ό
1547 3065 1723 3150 λαὸς,
1750 3063 2077 3150 πλὴνῖτὸν

489 3148 705 3230 θρόνον
743 3157 1012 3225 ὑπερέξω
1047 3169 1164 3208 σου
1204 3151 1339 3221 ἐγώ.
1378 3151 1520 3222 Ὅρα
1554 3148 1673 3212 πῶς
1705 3148 1900 3220 ἀθρόον
1927 3149 1957 3200 6
1987 3148 2076 3201 δε·-

492 3245 718 3316 σμώτης
740 3240 993 3312 βασιλεὺς
1009 3237 1335 3291 καθίσταται
1349 3235 1531 3307 πάσης
1551 3236 1651 3305 τῆς
1671 3233 1970 3302 Αἰγύπτου,
1983 3232 2079 3285 καί

487 3335 520 3387 6
563 3332 668 3385 ὑπὸ
707 3329 805 3382 τοῦ
856 3325 1259 3398 ἀρχιμαγείρου
1309 3325 1390 3387 εἰς
1433 3323 1497 3376 τὸ
1539 3323 1916 3394 δεσμωτήριον
1967 3322 2080 3373 εἰσ-

492 3414 700 3485 αχθεὶς,
719 3411 823 3464 ὑπὸ
838 3410 931 3462 τοῦ
952 3407 1220 3479 βασιλέως
1244 3408 1323 3469 εἰς
1337 3405 1507 3469 αὐτὴν
1522 3405 1783 3472 ἀνάγεται
1812 3405 1912 3476 τὴν
1934 3404 2078 3485 ἀνω-

491 3484 642 3551 τάτω
666 3495 831 3564 τιμήν
862 3496 886 3524 ⁸
909 3507 922 3521 ⁸
953 3491 1047 3544 καὶ
1070 3491 1098 3542 6
1135 3489 1428 3558 γενόμενος
1450 3487 1613 3541 αὐτοῦ
1639 3486 1904 3558 δεσπότης
1932 3484 2080 3550 ἐξαί-

495 3597 633 3652 φνης
665 3577 838 3652 ἐώρα,
867 3575 924 3630 ὃν
965 3574 1040 3637 ὼς
1082 3573 1269 3644 μοιχὸν
1303 3573 1386 3634 εἰς
1411 3571 1472 3624 τὸ
1500 3570 1873 3642 δεσμωτήριον
1913 3569 2080 3652 ἐμϐε-

494 3649 709 3734 ϐλήκει,
737 3649 838 3732 τὴν
866 3657 1042 3730 ἀρχὴν
1072 3655 1253 3726 πάσης
1275 3653 1552 3724 Αἰγύπτου
1584 3653 1895 3724 δεξάμενον.
1927 3649 2081 3716 Εἶδες

494 3755 662 3808 πόσον
695 3750 811 3803 ἐστί
847 3747 910 3801 16
950 3745 1139 3816 φέρειν
1169 3744 1508 3814 εὐχαρίστως
1539 3744 1668 3806 τοὺς
1701 3741 2077 3813 πειρασμούςς

493 3837 594 3892 Διά
621 3834 780 3889 τοῦτο
806 3830 902 3887 καὶ
940 3829 1152 3892 Παῦλος
1179 3827 1394 3897 ἔλεγεν⁹
1438 3829 1500 3883 Ἠ
1526 3828 1733 3896 θλίψις
1764 3826 2083 3894 ὑπομονὴν

494 3907 933 3986 κατεργάζεται,
955 3915 992 3982 η
1016 3912 1084 3966 δὲ
1105 3911 1383 3982 ὑπομονὴ
1409 3909 1684 3981 δοκιμὴν,
1713 3911 1751 3976 η
1772 3909 1838 3963 δὲ
1864 3908 2080 3978 δοκιμὴ

493 4001 736 4064 ἐλπίδα,
772 4000 810 4068 ἡ
840 3997 914 4065 δὲ
940 3995 1140 4062 ἐλπίς,
1166 3998 1238 4049 οὐ
1271 3996 1683 4064 καταισχύνει.
1724 3994 1866 4063 Ὅρα
1893 3989 1984 4046 οὖν
2015 3993 2043 4032 b
2063 4007 2079 4023 '

494 4084 594 4148 τὰς
624 4082 834 4152 θλίψεις
881 4079 999 4150 μεθ’
1033 4077 1313 4148 ὑπομονῆς
1342 4078 1604 4147 ’ήνεγκενο
1640 4078 1674 4146 ἡ
1709 4077 1955 4146 ὑπομονὴ
1992 4076 2080 4129 δό-

496 4183 659 4237 κιμον
685 4163 846 4218 αὐτὸν
868 4161 1242 4232 ἀπειργάσατο
1257 4175 1269 4187 '
1293 4159 1513 4227 δόκιμος
1535 4158 1825 4237 γενόμενος
1848 4157 2083 4222 ἐλπίζων

495 4234 728 4304 διετέλει
747 4263 760 4276 ·
794 4248 828 4316 ή
862 4243 1020 4306 ἐλπὶς
1049 4243 1112 4295 οὐ
1144 4239 1501 4311 κατῄσχυνεν.
1536 4234 1685 4301 Εἶπε
1708 4238 1775 4315 δὲ
1796 4240 1951 4308 ,πρὸς
1977 4242 2084 4294 αὺ-

493 4338 627 4395 τόνέ
667 4332 818 4387 Ἰδοὺ
847 4329 1171 4398 καθίστημι
1204 4344 1279 4382 σε
1309 4328 1577 4397 σήμερον
1611 4327 1708 4380 ἐπὶ
1739 4326 1946 4382 πᾶσαν
1964 4327 2085 4398 γῆν

495 4419 821 4488 Αἰγύπτου.
845 4413 953 4468 Καί
976 4412 1396 4480 περιελόμενος
1409 4408 1618 4478 Φαραὼ
1635 4410 1744 4464 τὸν
1761 4410 2086 4466 δακτύλιον

497 4503 617 4558 ἀπὸ
648 4500 761 4568 τῆς
785 4497 984 4569 χειρὸς
1006 4495 1216 4558 αὑτοῦ,
1245 4493 1592 4563 περιέθηκεν
1616 4494 1803 4548 αὐτὸν
1845 4496 1947 4548 ἐπὶ
1971 4497 2087 4566 τὴν

498 4586 670 4657 χεῖρα
702 4583 948 4650 Ἰωσὴφ,
977 4579 1074 4634 καὶ
1101 4577 1397 4634 ἐνέδυσεν
1438 4577 1626 4633 αὐτὸν
1670 4579 1908 4647 στολὴν
1926 4580 2087 4644 ,βυσ-

499 4671 705 4737 σίνην,
754 4665 854 4720 καί
887 4661 1199 4732 περιέθηκε
1241 4661 1451 4716 κλοιὸν
1482 4661 1756 4730 χρυσοῦν
1796 4663 1930 4730 περί
1979 4663 2088 4718 τὸν

498 4753 808 4822 τράχηλον
843 4747 1053 4810 αὐτοῦ,
1105 4746 1203 4800 καί
1251 4745 1604 4800 ἐνεϐίϐασεν
1650 4745 1839 4799 αὑτὸν
1882 4745 1981 4799 ὲπί
2019 4745 2088 4800 τὸ

497 4838 657 4906 ἅρμα
687 4837 752 4888 τὸ
787 4832 1072 4901 δεύτερον
1116 4830 1324 4895 αὐτοῦ,
1359 4829 1460 4883 καὶ
1492 4828 1794 4898 ἐκήρυξεν
1823 4829 2087 4899 ἐμπροσ-

500 4924 608 4974 θεν
627 4916 813 4973 αὐτοῦ
839 4914 1059 4984 κῆρυξ.
1091 4911 1192 4967 καί
1215 4911 1594 4980 κατέστησεν
1612 4911 1801 4968 αὐτόν
1824 4913 1916 4982 ἐφ’
1939 4913 2090 4982 ὅλης

501 5001 614 5071 τῆς
636 5001 961 5070 Αἰγύπτου.
1015 4995 1234 5068 Ἐπειδὴ
1261 4995 1370 5068 γὰρ
1401 4997 1493 5051 τὸν
1522 4995 1655 5052 Θεὸν
1683 4993 1797 5068 εἶχε
1827 4995 1944 5067 μεθ’
1966 4999 2092 5051 ἐαυ-

500 5087 618 5148 τοῦ,
646 5079 706 5138 οῦ
719 5101 800 5148 τος
828 5081 976 5152 αὐτῷ
1009 5081 1184 5136 ταῦτα
1214 5082 1391 5134 πάντα
1433 5082 1859 5154 προηυτρέπισε,
1891 5082 1987 5135 καὶ
2012 5084 2093 5146 εἰς

502 5172 600 5239 τὴν
652 5167 1009 5241 περιφάνειαν
1054 5165 1218 5219 αὐτὸν
1261 5164 1465 5236 ταύτην
1512 5167 1806 5236 ἀνήγαγεν.
1840 5161 1988 5219 Εἴπε
2026 5165 2095 5220 δὲ

505 5251 732 5321 Φαραώο
757 5253 929 5304 Ἄνευ
966 5249 1082 5303 σοῦ
1105 5247 1310 5313 οὐδεὶς
1349 5245 1534 5318 ἐξάρῃ
1567 5248 1680 5316 τὴν
1711 5247 1882 5317 χεῖρα
1904 5248 2094 5302 αὐτοῦ

504 5337 599 5390 ἐπὶ
629 5331 797 5404 πάσῃ
826 5331 978 5406 [(306]
999 5331 1076 5403 τῇ
1107 5332 1430 5401 Αἰγύπτου.
1463 5332 1571 5385 Καὶ
1597 5331 1853 5387 ἐκάλεσε
1886 5332 2095 5402 Φαραὼ

506 5429 570 5480 τὸ
607 5427 794 5494 ὄνομα
836 5424 1071 5492 Ἰωσὴφ,
1118 5421 1605 5490 Ψομθομφανήκο
1646 5421 1735 5476 διὰ
1781 5423 1879 5492 τῆς
1919 5441 2091 5494 προσ-

509 5509 736 5579 ηγορίας
765 5507 856 5562 τοῦ
880 5507 1143 5577 ὀνόματος
1162 5503 1386 5576 διηνεκῆ
1413 5503 1510 5575 τὴν
1534 5506 1751 5576 μνήμην
1774 5505 2094 5576 βουλόμενος

507 5590 865 5644 εναποθέσθαι
900 5589 1000 5659 τῆς
1037 5586 1453 5658 ἐνυπαρχούσης
1486 5586 1634 5656 αὐτῷ
1668 5588 1888 5655 σοφίας
1925 5588 2093 5643 Τοῦτο

507 5675 616 5743 γάρ
642 5673 958 5742 ἐρμηνεύει,
987 5671 1111 5726 Τῶν
1133 5671 1414 5740 κρυπτῶν
1439 5671 1743 5743 γνώστης·
1771 5675 1960 5747 ἐπειδὴ
1983 5676 2092 5745 γὰρ

495 5873 498 5876 γ
618 5804 714 5878 Αίίἱ
734 5807 820 5878 τὴν
844 5807 1071 5878 ἀνωτάτω
1094 5809 1258 5878 ἀρχήνς

567 5865 598 5907 ι
621 5867 752 5928 "Opa
771 5866 868 5916 οὑν.
910 5867 1022 5917 Haec
1045 5865 1228 5920 οωὶἰίιι
1244 5869 1388 5919 Coisl.

1149 312 1207 371 S.
1248 309 1534 371 JOANNIS
1569 306 2062 368 CHRYSOSTOMI
2100 305 2424 370 ARCHIEP.
2467 307 3020 370 CONSTAN'I'INOP.

3634 317 3737 376 δη

2161 429 2232 482 16
2279 430 2448 484 πᾶσιν
2498 429 2752 498 ἄγνωστα
2805 428 2886 490 είς
2935 425 3167 500 φανερὸν
3217 428 3410 500 ήγαγε,
3458 433 3743 503 σημαίνων

2156 511 2316 565 τοῦτο
2333 513 2466 566 αὐτὸ
2484 513 2512 566 6
2532 513 2733 583 Φαραὼ
2754 512 2854 583 τὴν
2874 512 3246 583 προσηγορίαν
3267 514 3416 584 αὐτῷ
3443 516 3737 589 ἐπιτίθησι.

2156 594 2268 648 Kal
2299 593 2815 664 ἐπιδαψιλευόμενος
2839 596 2905 665 τῇ
2939 597 3094 666 τιμῇ,
3126 594 3342 648 δίδωσιν
3364 597 3513 668 αὐτῷ
3531 599 3628 653 καὶ
3645 601 3742 672 τὴν

2157 675 2435 748 θυγατέρα
2466 675 2718 746 Πετεφρῆ
2748 679 2828 739 εἰς
2862 679 3116 744 γυναῖκα.
3154 672 3287 731 Εἶτα
3313 680 3500 752 ἐπειδὴ
3528 681 3747 752 όμῶνυ-

2160 776 2260 830 μος
2302 755 2374 830 ἦν
2414 753 2569 823 οὗτος
2608 759 2689 829 τῷ
2731 759 3010 831 γενομένῳ
3051 759 3216 814 αὐτοῦ
3249 761 3483 837 δεσπότῃ
3509 806 3524 830 ,
3568 768 3742 836 φησί,

2164 842 2274 896 Τοῦ
2305 843 2503 912 ίερέως
2544 843 2996 908 Ἡλιουπόλεως.
3023 843 3134 896 Kal
3155 843 3241 896 ἵνα
3271 845 3533 917 μάθωμεν
3557 848 3746 904 λοιπὸν

2157 927 2274 980 οταν
2300 928 2451 995 ἀγων
2501 928 2594 999 τὴν
2622 927 2842 998 ἠλικίαν
2865 928 2894 979 6
2933 926 3236 996 θαυμάσιος
3276 923 3432 992 οὗτος
3472 933 3747 1004 τοσαύτης

2157 1008 2377 1077 ήξιοῦτο
2402 1010 2503 1078 τῆς
2531 1010 2772 1082 ἀμοιϐῆς
2815 1011 2910 1063 καί
2949 1009 3238 1073 τοσούτους
3271 1011 3582 1077 ἐπεδείξατο
3617 1017 3745 1080 τούς

2159 1091 2376 1158 ἄθλους,
2402 1093 2567 1163 φησιν
2591 1109 2606 1125 ο
2645 1091 2859 1162 Ἰωσὴφ
2892 1090 2962 1144 δὲ
2979 1087 3061 1160 ἦν
3087 1091 3410 1160 τριάκοντα
3443 1095 3616 1164 ἐτῶν,
3646 1098 3749 1153 ὅτε

2158 1174 2306 1244 ἔστη
2335 1175 2616 1231 ἐναντίον
2647 1175 2879 1245 Φαραώ.
2924 1175 3017 1249 Μὴ
3047 1175 3237 1240 ἁπλῶς
3283 1178 3596 1249 νομίσωμεν
3637 1182 3747 1236 τῶν

2160 1259 2299 1313 ἐτῶν
2347 1259 2438 1314 16v
2471 1261 2662 1332 χρόνον
2702 1259 2984 1328 ἐγκεῖσθαι
3005 1298 3021 1325 ,
3071 1259 3187 1313 ἀλλ’
3219 1261 3308 1315 ἵνα
3337 1261 3631 1332 μάθωμεν,
3662 1263 3744 1317 ὅτι

2159 1343 2280 1396 οὐκ.
2311 1343 2456 1396 ἐστιν
2499 1342 2672 1397 οὐδενί
2718 1341 3008 1414 ἀμελοῦντι
3054 1343 3154 1412 τῆς
3201 1344 3404 1414 ἀρετῆς
3441 1345 3708 1414 ἀπολογία
3728 1384 3746 1407 .

2160 1427 2282 1482 οὐδέ
2315 1428 2493 1494 ἒξεστί
2527 1445 2636 1481 τινι
2685 1427 3053 1499 προϐαλέσθαι
3084 1427 3334 1498 νεότητα,
3370 1428 3500 1482 ἔνθα
3545 1431 3746 1500 ἀρετήν

2161 1510 2537 1577 ἐπιδείξασθαι
2574 1512 2670 1565 δεῖ.
2715 1511 2845 1565 ’1δού
2877 1509 2988 1582 γὰρ
3016 1502 3173 1574 οὗτος
3205 1511 3266 1564 οὐ
3305 1511 3464 1581 μόνον
3493 1511 3612 1576 νέος
3653 1509 3743 1583 ἦν,

2162 1593 2297 1649 ἀλλά
2326 1593 2421 1647 καὶ
2450 1593 2614 1657 καλὸς
2641 1593 2718 1665 τῷ
2746 1594 2873 1647 εῖδει
2895 1633 2910 1656 ,
2943 1595 3036 1648 καὶ
3064 1593 3266 1665 ὡραῖος
3303 1597 3369 1664 τῇ
3406 1593 3552 1663 ὕψει.
3588 1594 3747 1648 Ἐστι

2162 1678 2272 1749 γάρ
2305 1677 2401 1732 καὶ
2435 1677 2555 1732 νέον
2604 1677 2734 1731 ὄντα
2784 1677 2860 1748 μὴ
2883 1677 3185 1747 κεκτῆσθαι
3225 1677 3326 1748 τὴν
3370 1678 3466 1730 τοῦ
3496 1677 3750 1747 σώματος

2162 1762 2484 1833 εὐμορφίαν.
2514 1755 2682 1825 Οὗτος
2709 1762 2765 1814 δέ
2803 1761 2942 1832 μετά
2965 1761 3068 1831 τῆς
3090 1761 3346 1831 νεότητος
3376 1761 3471 1814 καί
3492 1761 3656 1824 καλὸς
3677 1757 3748 1830 ἦν

2161 1845 2241 1916 τῷ
2286 1845 2438 1911 εἴδει,
2471 1845 2565 1902 καὶ
2612 1845 2813 1916 ὡραῖος
2845 1847 2918 1916 τῇ
2965 1844 3107 1915 ὄψει,
3138 1845 3232 1898 καὶ
3277 1845 3465 1914 σχεδὸν
3493 1848 3552 1898 ἐν
3600 1845 3749 1915 αὐτῷ

2162 1930 2262 1998 τῆς
2293 1928 2513 2000 ἡλικίας
2531 1927 2611 1999 τῷ
2634 1927 2786 1981 ἀνθει
2806 1924 3110 2003 τυγχάνων,
3139 1926 3326 1990 δοῦλος
3354 1927 3449 1980 καὶ
3465 1926 3752 1998 αἰχμάλω-

2163 2027 2254 2075 τος
2307 2012 2541 2080 ἐγένετο.
2580 2009 2870 2064 Δεκαεπτά
2898 2009 3037 2063 ἐτῶν
3077 2009 3190 2080 γάρ
3240 2006 3330 2080 ἦν,
3366 2010 3552 2080 φησὶν,
3589 2009 3749 2081 ήνίκα

2165 2095 2414 2165 κατήχθη
2430 2095 2512 2158 εἰς
2539 2093 2840 2164 Αἴγυπτον.
2869 2089 3003 2147 Εἶτα
3037 2093 3096 2146 ἐν
3135 2093 3279 2163 αὐτῇ
3313 2094 3380 2162 τῇ
3407 2091 3626 2163 καμίνῳ
3647 2093 3750 2163 τῆς

2167 2180 2418 2250 νεότητος
2467 2178 2819 2250 γεγενημένῳ
2873 2176 3173 2232 ἐπιτίθεται
3225 2177 3260 2246 ή
3308 2175 3604 2239 ἀκόλαστος
3655 2177 3750 2228 Αἰ-

2165 2262 2393 2332 γυπτία,
2409 2263 2444 2332 ἡ
2462 2261 2719 2315 δέσποινα
2751 2258 2918 2314 αὑτοῦ
2947 2259 3311 2330 γεγενημένη,
3344 2257 3438 2311 καί
3462 2257 3582 2310 οὐδὲ
3607 2255 3752 2310 οῦτω

2167 2346 2514 2416 περιεγένετο
2534 2345 2633 2418 τῆς
2652 2344 2905 2416 ἀνδρείας
2926 2342 3019 2397 τοῦ
3035 2341 3254 2396 δικαίου
3275 2357 3290 2373 ·
3321 2334 3440 2393 εἶτα
3459 2339 3520 2393 16
3543 2339 3752 2410 δεσμω-

2165 2429 2376 2499 τήριον,
2407 2429 2504 2482 καί
2537 2429 2570 2498 ή
2599 2427 2690 2480 ἐπὶ
2721 2426 2976 2480 τοσοῦτον
3002 2426 3190 2497 χρόνον
3223 2426 3340 2478 ἐκεῖ
3366 2423 3709 2496 ταλαιπωρία
3727 2437 3748 2453 ο

2167 2510 2262 2564 καὶ
2297 2509 2461 2582 ἔμενε
2511 2510 2765 2581 καθάπερ
2820 2509 3056 2579 ἀδάμας,
3087 2507 3148 2560 οὐ
3175 2507 3334 2578 μόνον
3375 2508 3437 2561 οὐ
3471 2507 3753 2576 γινόμενος

2168 2593 2577 2666 ἀσθενέστερος,
2601 2594 2736 2647 ἀλλά
2754 2594 2849 2647 καὶ
2871 2592 3093 2645 πλείονα
3128 2591 3281 2662 ἰσχὺν
3298 2589 3752 2663 προσλαμϐάνων.

2169 2671 2298 2747 Εῐχε
2341 2669 2463 2746 γὰρ
2494 2676 2794 2748 νευροῦσαν
2822 2675 2987 2730 αὐτὸν
3032 2675 3134 2746 τὴν
3167 2673 3373 2729 ἀνωθεν
3421 2673 3605 2743 χάριν.
3642 2673 3755 2725 Kal

2170 2760 2360 2830 ἐπειδὴ
2383 2759 2673 2831 προλαϐὼν
2695 2759 2765 2812 16
2797 2759 2929 2830 παρ’
2951 2756 3149 2812 ἐαυτοῦ
3191 2757 3370 2811 πάντα
3413 2755 3753 2819 ἐπεδείξατο,

2169 2842 2258 2896 διὰ
2283 2842 2442 2896 τοῦτο
2465 2843 2574 2896 ἀπὸ
2595 2841 2689 2896 τοῦ
2720 2841 3092 2912 δεσμωτηρίου
3124 2839 3218 2894 ἐπὶ
3235 2839 3335 2912 τήν
3363 2838 3538 2912 ἀρχὴν
3577 2837 3758 2908 πάσης

2173 2924 2422 2980 ἐκαλεῖτο
2452 2926 2554 2997 τῆς
2579 2924 2882 2994 Αἰγύπτου.

2242 3014 2306 3066 ε’.
2324 3009 2511 3063 Ταῦτα
2533 3008 2825 3072 ἀκούοντες
2847 3008 3117 3078 μηδέποτε
3143 3008 3202 3062 ἐν
3223 3007 3345 3070 ταῖς
3374 3005 3618 3076 θλίψεσιν
3649 3006 3759 3060 ἀπ-

2174 3092 2549 3165 αγορεύωμεν,
2573 3091 2710 3164 μηδὲ
2727 3094 2840 3154 τοῖς
2872 3090 3093 3153 οἰκείοις
3125 3090 3402 3161 λογισμοῖς
3427 3089 3759 3144 κατακολου-

2177 3177 2398 3240 θοῦντες
2422 3176 2910 3248 δυσανασχετῶμεν
2929 3192 2944 3208 ο
2967 3174 3104 3229 ἀλλά
3132 3174 3333 3247 πολλὴν
3356 3174 3456 3244 τὴν
3481 3172 3760 3244 ὑπομονὴν

2176 3261 2611 3332 ἐπιδεικνύμενοι
2644 3264 2711 3332 τῇ
2742 3259 2918 3314 ἐλπίδι
2942 3257 3294 3330 τρεφώμεθα,
3317 3256 3519 3320 εἰδότες
3546 3255 3638 3310 τοῦ
3665 3259 3763 3308 Δε-

2179 3345 2381 3398 σπότου
2427 3344 2588 3416 ήμῶν
2635 3344 2697 3396 16
2736 3343 3066 3414 εὐμήχανον,
3123 3339 3219 3396 καὶ
3251 3341 3334 3396 ὅτι
3383 3341 3445 3394 οὐ
3489 3340 3762 3411 περιορῶν

2176 3429 2327 3497 ἡμᾶς
2350 3427 2749 3498 καταλιμπάνει
2771 3428 2967 3496 πεῖραν
2991 3424 3175 3479 λαϐεῖν
3199 3424 3308 3478 τῶν
3327 3423 3605 3496 λυπηρῶν,
3628 3421 3760 3474 ἀλλά

2180 3511 2502 3581 βουλόμενος
2531 3512 2677 3582 ἡμᾶς
2730 3510 3178 3579 ἀγωνισαμένους
3210 3507 3460 3580 λαμπρὸν
3489 3507 3761 3576 ἀναδήσα-

2180 3595 2305 3649 σθαί
2326 3594 2417 3648 τὸν
2440 3595 2726 3664 στέφανον.
2745 3593 2902 3646 Οῦτω
2918 3593 3118 3656 πάντες
3137 3594 3184 3646 οἰ
3209 3593 3352 3660 ἀγιοι
3375 3591 3758 3662 εὐδοκίμησαν.

2178 3677 2279 3732 Διά
2304 3675 2464 3732 τοῦτο
2497 3678 2590 3731 καί
2618 3677 2666 3729 οἰ
2693 3675 2980 3730 ἀπόστολοι
3000 3675 3214 3743 ἔλεγον·
3245 3675 3349 3728 Διά
3372 3673 3618 3728 πολλῶν
3637 3673 3763 3726 θλί-

2177 3764 2346 3830 198w
2376 3759 2473 3814 δεῖ
2497 3759 2656 3829 ἠώς
2689 3759 2990 3814 είσελθεῖν
3031 3760 3120 3823 εὶς
3146 3757 3263 3826 τὴν
3287 3755 3616 3822 ⁴βασιλείαν
3653 3753 3760 3807 τοῦ

2181 3844 2352 3899 Θεοῦ.
2377 3841 2490 3898 Kal
2516 3843 2676 3907 αὐτὸς
2703 3844 2735 3895 6
2761 3840 2995 3913 Χριστὸς
3021 3840 3174 3908 ἐλεγε
3201 3842 3315 3904 τοῖς
3331 3839 3447 3910 ’μαθ
3457 3841 3636 3911 ηταίς’
3668 3838 3764 3890 Ἐν

2178 3926 2260 3993 τῷ
2275 3929 2482 3997 κόσμῳ
2501 3926 2714 3995 θλίψιν
2735 3925 2920 3989 ἕξετε.
2939 3922 3030 3994 Μὴ
3049 3925 3229 3977 τοίνυν
3257 3923 3612 3994 ἀσχάλλωμεν
3625 3919 3765 3992 πρὸς

2179 4011 2279 4074 τὰς
2312 4009 2540 4081 θλίψεις,
2571 4008 2687 4063 ἀλλ’
2714 4005 3002 4079 ἀκούωμεν
3035 4007 3250 4061 Παύλου
3281 4007 3552 4074 λέγοντος,
3581 4005 3664 4058 ὅτι
3697 4005 3763 4057 Οἱ

2180 4095 2465 4160 θέλοντες
2489 4093 2595 4162 ζῇν
2618 4092 2882 4160 εὐσεϐῶς
2902 4095 2973 4148 ἐν
2995 4091 3231 4163 Χριστῷ
3275 4091 3490 4159 Ἰησοῦ,
3515 4085 3766 4159 διωχθή-

2179 4193 2415 4233 σονται.
2444 4179 2556 4232 Kal
2613 4179 2686 4248 μὴ
2731 4174 3090 4248 ξενιζώμεθα,
3134 4173 3762 4248 μηδέδυσχεραίνωμεν,

2182 4262 2320 4316 ἀλλά
2359 4261 2496 4332 μετά
2530 4261 2712 4331 πάσης
2747 4260 2998 4332 ἀνδρείας
3026 4261 3122 4314 καὶ
3146 4256 3426 4330 ὑπομονῆς
3465 4255 3534 4310 τὰ
3563 4253 3766 4323 ἐπαγό-

2187 4363 2322 4417 μενα
2353 4344 2628 4417 φέρωμεν,
2656 4343 2729 4415 μὴ
2761 4343 2895 4416 πρὸς
2917 4343 3014 4408 τὰς
3038 4343 3245 4414 θλίψεις
3268 4339 3598 4413 ἀφορῶντες,
3631 4337 3767 4393 ἀλλά

2183 4428 2322 4500 πρὸς
2340 4429 2402 4480 τὸ
2436 4427 2625 4494 κέρδος
2641 4427 2702 4480 16
2723 4429 2756 4499 ή
2767 4429 2857 4498 μῖν
2877 4425 3125 4481 ἐντεῦθεν
3151 4423 3544 4494 συλλεγόμενον
3558 4437 3576 4454 ο
3603 4424 3769 4493 ἐμπο-

2175 4512 2280 4582 ρία
2309 4511 2420 4582 γάρ
2439 4511 2586 4563 ἐστιν
2615 4509 2753 4580 αῦτη
2797 4510 3164 4580 πνευματική.
3199 4507 3308 4561 Kal
3345 4506 3598 4576 καθάπερ
3625 4503 3768 4558 οἰτά

2186 4595 2444 4666 χρήματα
2463 4590 2742 4660 συλλέγειν
2773 4591 3106 4663 βουλόμενοι,
3129 4590 3224 4645 καὶ
3240 4589 3337 4661 τήν
3353 4588 3622 4660 ἐμπορίαν
3638 4585 3768 4640 ταύ-

2184 4693 2286 4747 την
2312 4675 2412 4747 τὴν
2441 4674 2699 4746 βιωτικὴν
2728 4677 3025 4746 μετιόντες,
3048 4675 3148 4728 οὐκ
3169 4673 3236 4728 ἀν
3263 4675 3466 4744 ἑτέρως
3492 4673 3769 4742 δυνηθεῖεν

2187 4758 2418 4830 αὐξῆσαι
2434 4761 2533 4829 τὴν
2554 4761 2759 4813 οἰκείαν
2775 4760 3114 4830 περιουσίαν,
3139 4760 3187 4811 εἰ
3214 4758 3288 4830 μὴ
3309 4757 3538 4821 πολλοὺς
3591 4755 3770 4810 κινδύ-

2188 4861 2310 4907 νους
2327 4843 2648 4914 ὑπομένοιεν
2675 4843 2817 4897 κατά
2835 4843 2940 4913 γῆν
2953 4843 3046 4898 καὶ
3065 4841 3208 4898 κατά
3223 4839 3496 4895 θάλασσαν
3523 4841 3644 4910 (καὶ
3662 4840 3767 4910 γὰρ

2188 4927 2401 5000 λῃστῶν
2419 4926 2661 4996 ἐφόδους,
2676 4927 2771 4980 καὶ
2793 4926 3066 4997 πειρατῶν
3091 4925 3383 4988 ἐπιϐουλάς
3405 4925 3614 4995 ἀνάγκη
3639 4924 3770 4976 ὑπο-

2192 5009 2426 5081 στῆναι),
2449 5006 2598 5080 [607]
2616 5009 2712 5063 καὶ
2724 5011 2875 5080 ὅμως
2891 5011 3066 5064 πάντα
3090 5009 3227 5081 μετά
3247 5008 3448 5078 πολλῆς
3466 5008 3563 5076 τῆς
3577 5006 3770 5077 προθυ-

2195 5093 2324 5164 μίας
2355 5088 2747 5162 καταδέχεσθαι
2770 5091 3145 5162 ἐτοιμάζονται
3163 5133 3180 5157 ,
3212 5094 3279 5162 τῇ
3307 5090 3603 5159 προσδοκίᾳ
3625 5099 3648 5128 θ
3675 5087 3768 5141 τοῦ

2192 5175 2415 5246 κέρδους
2437 5174 2690 5245 οὐδεμίαν
2711 5175 2818 5229 τῶν
2833 5174 3091 5246 λυπηρῶν
3111 5174 3362 5246 αἴσθησιν
3378 5172 3766 5241 λαμϐάνοντες’

2192 5259 2283 5312 τὸν
2311 5257 2474 5311 αὐτὸν
2495 5257 2559 5329 δὴ
2574 5258 2773 5329 τρόπον
2795 5260 2887 5312 καὶ
2915 5261 3061 5330 ἡμᾶς
3082 5257 3398 5321 ἐννοοῦντας
3414 5258 3504 5310 τὸν
3523 5254 3771 5309 ἐντεῦθεν

2199 5342 2325 5413 ἡμῖν
2349 5341 2738 5412 συλλεγόμενον
2770 5341 3000 5396 πλοῦτον
3032 5343 3127 5398 καί
3151 5343 3251 5414 τὴν
3271 5341 3649 5412 πνευματικὴν
3671 5343 3770 5408 ἐμ-

2194 5423 2413 5495 πορίαν,
2465 5427 2730 5496 προσήκει
2785 5425 2997 5497 χαίρειν
3041 5427 3138 5479 καὶ
3175 5425 3525 5494 ἀγάλλεσθαι,
3558 5423 3652 5476 καὶ
3696 5423 3768 5491 μὴ

2196 5509 2418 5562 σκοπεῖν
2446 5508 2515 5562 τὰ
2547 5507 2872 5580 βλεπόμενα,
2898 5509 3033 5565 ἀλλά
3055 5511 3127 5562 τὰ
3148 5510 3221 5582 μὴ
3242 5508 3570 5579 βλεπόμενα,
3601 5506 3746 5559 καθά

2195 5607 2302 5663 περ
2352 5592 2381 5643 6
2425 5589 2637 5654 Παῦλος
2677 5595 2937 5654 παραινεῖ
2985 5591 3328 5660 λέγωνοοΜὴ
3376 5591 3774 5644 σκοπούντων

2193 5670 2364 5741 ὴμῶν
2400 5673 2472 5726 τὰ
2489 5673 2860 5742 βλεπόμενα.
2913 5674 3093 5728 -Τοῦτο
3137 5674 3246 5744 γὰρ
3302 5674 3502 5739 πίστις,
3532 5674 3662 5724 ὅταν
3699 5670 3773 5742 μὴ

2199 5857 2201 5859 ,
2260 5815 2281 5876 ξ
2309 5811 2535 5876 Quinque
2559 5824 2673 5860 mss.
2693 5814 3039 5876 Atq1a$£xov1at
3081 5819 3139 5876 τῇ
3161 5814 3449 5876 προσδοκίᾳ.
3474 5813 3601 5876 Infra
3622 5815 3772 5862 iidem

2189 5873 2302 5938 ἡμῖν
2324 5872 2637 5934 συναγόμενον
2656 5872 2885 5935 πλοῦτον,
2898 5872 2979 5924 καὶ
3000 5877 3084 5934 τὴν
3103 5872 3424 5937 πνευματικὴν
3441 5875 3679 5937 εὐπορίαν.
