4168 6264
408 308 511 365 545

406 422 571 478 stilla
587 417 760 473 virum
789 429 951 488 super
965 413 1276 487 Egyptum,
1298 413 1385 483 qui
1412 413 1581 484 possit
1605 412 1859 482 colligere
1882 414 2007 469 red-

405 512 673 568 undantes
697 511 902 567 fructus
934 521 1141 578 septem
1181 520 1465 571 annorum,
1486 519 1550 559 ac
1568 505 1646 561 sic
1664 506 1998 576 dispensare,

407 617 462 661 ut
490 605 660 677 possit
688 604 742 658 in
773 612 1017 671 tempore
1052 600 1208 654 famis
1236 596 1489 651 solatium
1515 596 1765 663 inveniri,
1810 606 1864 652 et
1894 612 1997 652 non

405 697 497 751 fiat
521 693 830 751 omnimoda
873 690 1234 759 consumptio.
1267 690 1358 745 37.
1394 685 1701 741 Placuerunt
1726 689 1834 743 haec
1858 685 2000 743 Pha-

404 789 549 842 raoni
570 770 617 841 et
641 785 873 840 omnibus
892 783 1048 838 servis
1066 783 1195 852 ejus.
1240 780 1495 851 Tuncque
1519 779 1839 834 ministravit
1861 778 2000 834 Pha-

405 894 498 934 rao
526 877 693 934 exitui
736 875 1068 932 somniorum
1109 871 1329 943 Joseph,
1375 886 1497 943 qua
1537 871 1743 927 viderat
1783 871 1996 943 quando

404 972 547 1041 apud
577 978 785 1041 patrem
809 968 1021 1040 agebat.
1052 967 1121 1021 Et
1144 966 1261 1037 ipse
1282 965 1501 1037 quidem
1525 966 1733 1021 somnia
1758 966 1993 1023 Pharao-

407 1064 488 1117 nis
515 1061 873 1131 dijudicabat:
901 1059 1110 1114 Pharao
1147 1066 1329 1113 autem
1370 1057 1703 1113 somniorum
1744 1069 1997 1114 eventum

406 1157 658 1226 ignorans
685 1153 752 1209 ad
780 1154 941 1209 linem
967 1151 1215 1209 ducebat.
1247 1150 1383 1206 Nam
1406 1158 1465 1206 ut
1486 1150 1605 1206 haec
1635 1150 1855 1216 audivit,
1903 1150 1995 1207 58.

408 1246 553 1300 Dixit
574 1245 729 1301 seruis
761 1244 867 1297 suis
886 1259 906 1295 :
938 1241 1081 1296 Nam
1104 1241 1414 1296 inveniemus
1436 1240 1688 1297 hominem
1711 1240 1886 1309 talem,
1906 1240 1996 1311 qui

367 1405 371 1407 λ
404 1340 551 1394 habet
568 1338 801 1407 spiritum
827 1335 924 1390 Dei
950 1336 1005 1388 in
1030 1332 1334 1403 semetipso?

474 1435 529 1489 4.
570 1430 760 1486 Vidisti
809 1426 1077 1500 quomodo
1117 1426 1367 1496 cognovit
1406 1432 1462 1481 et
1499 1424 1637 1496 ipse,
1668 1439 1735 1481 ex
1763 1440 1993 1496 superna

402 1524 731 1581 revelatione
764 1521 885 1576 inec
930 1520 981 1575 ei
1020 1516 1362 1575 manifestata
1396 1516 1602 1574 fuisse?
1630 1519 1802 1585 Quem
1825 1518 1990 1584 enim,

405 1615 597 1685 inquit,
645 1611 998 1677 inveniemus,
1030 1609 1121 1680 qui
1147 1616 1351 1665 tantam
1386 1617 1747 1679 consequutus
1771 1609 1842 1665 sit
1864 1624 1991 1679 gra-

404 1708 553 1773 tiam,
585 1715 643 1760 ut
682 1703 929 1775 spiritum
972 1701 1063 1757 Dei
1090 1701 1142 1757 in
1164 1715 1225 1758 se
1253 1699 1483 1757 habeat?
1508 1700 1600 1757 39.
1631 1699 1699 1754 Et
1727 1700 1880 1767 dixit,
1907 1701 1990 1756 in-

401 1800 538 1869 quit,
565 1798 631 1851 ad
653 1795 848 1866 Joseph
867 1810 886 1849 :
911 1792 1045 1859 Quia
1072 1791 1368 1847 monstrauit
1392 1791 1483 1847 tibi
1510 1790 1646 1846 Deus
1661 1791 1834 1846 omnia
1859 1791 1987 1858 lucc,

401 1907 504 1944 non
521 1898 594 1944 est
616 1890 768 1943 homo
788 1886 1082 1958 prudentior
1103 1900 1257 1955 quam
1275 1891 1351 1939 tu.
1516 1940 1521 1943 _

473 1978 623 2034 Nihil
648 1976 859 2047 impedit
894 1976 1147 2031 decretum
1179 1973 1299 2028 Dei.
1332 1972 1591 2041 Quantum
1617 1973 1685 2028 sit
1716 1975 1849 2045 ferre
1874 1989 1991 2029 cum

401 2070 678 2142 gratiarum
696 2068 894 2122 actione
912 2066 1230 2121 tentationes.
1246 2094 1321 2106 —
1336 2063 1569 2121 Attende
1589 2063 1676 2121 hic
1696 2064 1987 2136 quomodo,

401 2161 844 2233 quandocumque
863 2158 1091 2213 voluerit
1108 2157 1357 2227 providus
1377 2157 1519 2213 Deus
1536 2171 1700 2228 opere
1719 2157 1991 2228 complere

399 2270 519 2325 qua:
544 2254 645 2308 sibi
675 2252 787 2307 visa
815 2251 1033 2317 fuerint,
1065 2250 1194 2305 nihil
1224 2264 1412 2306 eorum
1438 2266 1557 2322 qua:
1602 2250 1656 2306 in
1696 2251 1875 2307 medio
1894 2252 1991 2307 oh-

398 2357 544 2403 stare
564 2347 830 2412 videntur,
856 2343 1115 2415 impedire
1136 2344 1324 2415 possit.
1353 2343 1493 2400 Ecce
1512 2344 1658 2399 enim
1680 2360 1711 2399 a
1739 2344 1987 2403 fratribus

401 2454 569 2510 prope
595 2438 806 2494 occisus
836 2438 1025 2501 fuerat,
1066 2444 1253 2507 postea
1282 2443 1466 2491 autem
1491 2435 1762 2503 venditus,
1805 2450 1990 2493 acces-

400 2542 542 2588 serat
565 2533 693 2588 item
711 2529 981 2586 calumnia.
996 2529 1049 2583 in
1065 2539 1363 2583 extremum
1384 2527 1679 2600 periculum
1691 2528 1985 2601 adducens,

400 2632 454 2677 et
480 2624 532 2676 in
558 2635 775 2677 carcere
804 2627 953 2675 tanto
979 2628 1221 2689 tempore
1243 2618 1435 2684 fuerat,
1457 2627 1513 2674 et
1531 2628 1654 2690 post
1671 2619 1788 2676 haec
1806 2621 1987 2678 omnia

400 2713 466 2767 ad
493 2714 686 2783 ipsum,
717 2725 883 2781 prope
909 2710 1164 2774 dixerim,
1211 2709 1354 2781 regis
1395 2710 1590 2767 solium
1624 2721 1842 2770 evectus
1878 2722 1985 2771 est.

404 2804 657 2872 Quoniam
679 2802 895 2857 ostendit
940 2801 1029 2855 tibi
1070 2800 1210 2855 Deus
1239 2801 1347 2856 [uec
1374 2803 1567 2868 omnia,
1598 2816 1700 2858 non
1727 2814 1799 2859 est
1837 2806 1991 2863 homo

401 2894 695 2965 prudentior
736 2903 782 2948 et
827 2892 1185 2963 intelligentior
1206 2902 1273 2949 te.
1295 2894 1387 2950 40.
1423 2893 1503 2948 Tu
1525 2895 1681 2967 igitur
1706 2897 1808 2952 eris
1833 2914 1991 2970 super

402 2989 609 3042 domum
633 3003 817 3054 meam,
844 2996 890 3041 et
916 2986 970 3040 in
993 3002 1081 3041 ore
1104 2997 1190 3042 tuo
1214 2987 1419 3043 obediet
1436 2990 1601 3045 omnis
1630 2990 1848 3061 populus
1864 3006 1883 3046 :
1898 3007 1987 3047 ue-

403 3091 682 3135 rumtamen
710 3080 892 3135 throno
917 3095 1009 3151 ego
1028 3090 1076 3134 te
1101 3081 1417 3136 antecellunt.
1442 3080 1585 3145 Vide,
1606 3083 1875 3153 quomodo
1898 3100 1989 3143 ca-

402 3172 576 3241 ptivus
599 3168 821 3239 repente
845 3171 1190 3227 constituitur
1223 3188 1321 3228 rex
1352 3173 1513 3229 totius
1549 3173 1788 3247 Egypti,
1815 3186 1870 3233 et
1896 3178 1987 3249 qui

400 3264 468 3319 ab
493 3265 847 3334 archimagiro
876 3264 927 3319 in
962 3276 1237 3322 carcerem
1278 3266 1552 3337 conjectus
1581 3266 1772 3333 fuerat,
1798 3284 1828 3324 a
1859 3285 1989 3341 rege

402 3356 454 3410 in
498 3370 767 3415 summum
795 3355 1004 3411 locum'
1034 3357 1299 3412 exaltatus
1324 3368 1439 3413 est:
1469 3373 1534 3414 ac
1558 3360 1647 3429 qui
1675 3360 1848 3415 fuerat
1869 3361 2009 3432 ejus

401 3448 665 3513 dominus,
694 3457 917 3518 repente
962 3447 1095 3503 vidit
1131 3463 1291 3519 quem
1319 3457 1377 3504 ut
1401 3449 1701 3506 adulterum
1726 3452 1778 3506 in
1798 3466 1988 3509 carce-

400 3553 514 3593 rem
536 3538 776 3605 miserat,
802 3538 965 3594 totius
992 3537 1211 3611 Egypti
1237 3541 1540 3610 suscepisse
1559 3543 1867 3611 imperium.
1900 3544 2003 3599 Vin.

400 3629 523 3683 disti
549 3638 807 3697 quantum
830 3629 903 3683 sit
930 3628 1078 3684 ferre
1104 3645 1228 3685 cum
1249 3630 1538 3700 gratiarum
1573 3633 1783 3690 actione
1809 3643 2005 3690 tenta--

404 3720 608 3773 tiones?
632 3719 921 3789 Propterea
965 3718 1162 3774 Paulus
1187 3720 1421 3789 dicebat,
1448 3722 1662 3793 Aﬁlictio
1694 3724 1989 3794 patientiam

403 3821 663 3878 operatur,
716 3810 959 3877 patientia
1006 3810 1373 3878 probationem,
1419 3810 1650 3881 probatio
1678 3830 1838 3885 spem,
1875 3831 1989 3885 spes

402 3916 503 3953 non
554 3900 815 3971 pudefacit
885 3899 1063 3972 (Rom.
1095 3902 1153 3955 5.
1181 3900 1304 3957 5-5
1328 3899 1370 3972 ).
1406 3900 1540 3956 Vide
1584 3902 1742 3973 igitur
1779 3922 1792 3958 :
1848 3904 1985 3960 afﬂio

401 4004 607 4046 enones
636 3993 895 4061 patienter
924 3992 1069 4059 tulit;
1101 3992 1354 4062 patientia
1381 3992 1663 4062 probatum
1683 4011 1807 4059 eum
1828 3996 1984 4064 fecit;

402 4085 654 4154 probatus
684 4086 852 4140 factus
879 4086 932 4140 in
960 4098 1149 4154 magna
1178 4100 1277 4155 spe
1300 4085 1521 4156 agebat;
1550 4101 1677 4157 spes
1696 4104 1800 4143 non
1828 4090 1990 4159 pude-

400 4180 543 4233 fecit.
576 4179 663 4233 Η.
696 4175 838 4232 Dixit
864 4188 1032 4231 autent
1051 4178 1121 4231 ad
1149 4193 1261 4231 eum
1281 4194 1301 4231 :
1328 4178 1461 4233 Ecce
1482 4183 1734 4235 constituo
1763 4191 1811 4236 te
1839 4181 1990 4238 hodie

398 4286 553 4339 super
578 4286 776 4323 omnem
824 4280 1009 4324 terram
1038 4267 1277 4340 Egypti.
1318 4268 1411 4325 ﬂ.
1455 4268 1525 4324 Et
1565 4269 1776 4327 Pharao
1816 4274 1988 4329 ablata

399 4362 590 4415 annulo
611 4363 674 4416 de
700 4360 853 4416 manu
891 4380 1005 4431 sua,
1034 4364 1199 4433 posuit
1233 4378 1347 4417 eum
1375 4364 1428 4417 in
1458 4380 1613 4419 manu
1644 4364 1858 4437 Ioseph,
1901 4369 1987 4422 in-

400 4453 604 4519 duitque
627 4468 739 4505 eum
763 4462 896 4505 ueste
934 4453 1158 4522 byssina,
1203 4462 1250 4506 et
1285 4453 1617 4508 circumdedit
1657 4457 1843 4510 collum
1879 4458 1991 4525 ejus

403 4554 579 4617 torque
599 4556 773 4606 aureo,
800 4543 891 4597 45.
920 4554 968 4596 et
998 4546 1115 4613 fecit
1155 4558 1267 4597 eum
1292 4546 1565 4600 ascendere
1601 4563 1753 4617 super
1779 4563 1991 4600 currum

400 4616 561 4689 suum
588 4622 885 4685 secundum.
931 4631 1002 4709 Et
1048 4633 1387 4702 promulgavit
1428 4649 1602 4689 coram
1637 4616 1695 4689 eo
1723 4651 1909 4704 praeco,
1940 4645 1993 4690 et

400 4714 657 4779 constituit
678 4740 790 4778 eum
808 4739 960 4794 super
986 4732 1143 4777 totam
1169 4722 1477 4794 Egyptum.
1503 4724 1638 4781 Nam
1671 4727 1812 4781 Deus
1829 4742 1988 4797 quem

403 4816 634 4871 habebat
662 4828 867 4881 secum,
897 4823 1049 4868 antea
1076 4815 1125 4869 ei
1148 4816 1327 4869 omnia
1355 4814 1493 4871 bene
1515 4816 1876 4886 disposuerat,
1901 4829 1987 4873 at-

402 4922 504 4977 que
530 4923 654 4962 eum
697 4907 749 4961 in
794 4904 998 4961 tantum
1023 4904 1205 4975 gloria:
1233 4906 1446 4961 culmen
1496 4908 1692 4964 evexit.
1721 4909 1810 4966 44.
1845 4908 1990 4969 Dicit

402 5011 569 5054 autem
596 4996 843 5053 Pharao:
866 4997 1064 5068 Absque
1085 5006 1134 5051 te
1150 4997 1324 5052 nullus
1341 4998 1525 5053 levabit
1546 5013 1753 5055 manum
1775 5018 1922 5058 suam
1936 5004 1992 5059 in

404 5091 540 5144 omni
567 5100 698 5144 terra
724 5087 958 5160 £9ypti.
990 5089 1078 5144 45.
1104 5086 1175 5142 Et
1206 5090 1398 5145 vocavit
1442 5089 1651 5146 Pharao
1685 5109 1868 5148 nomen
1890 5094 1991 5150 Io.

405 5184 550 5246 δερὴ.
583 5180 1108 5253 Psomthomphanech
1128 5197 1147 5235 :
1173 5181 1535 5252 appellatione
1560 5183 1750 5239 volens
1771 5186 1990 5256 sapien-

404 5278 531 5328 tiam
551 5272 668 5343 ejus
698 5280 950 5343 perpetua
977 5272 1235 5328 memoria
1265 5280 1511 5329 testatam
1535 5288 1677 5331 esse.
1710 5275 1824 5332 Hoc
1846 5278 1993 5333 enim

406 5363 688 5433 significat,
732 5362 1057 5418 Occultorum
1084 5364 1351 5435 cognitor.
1382 5379 1448 5421 eo
1475 5366 1616 5438 quod
1636 5382 1700 5423 ea
1728 5383 1850 5439 quae
1875 5383 1992 5425 om-

408 5455 562 5507 nibus
587 5454 796 5509 oceulta
839 5462 993 5510 erant
1028 5454 1470 5524 manifestaverit,
1501 5458 1621 5513 ideo
1646 5473 1713 5515 ex
1742 5475 1802 5523 re
1838 5470 1992 5532 gesta

406 5545 813 5614 appellationem
835 5546 884 5600 ei
907 5547 1130 5615 imponit
1170 5545 1237 5603 Et
1256 5550 1690 5609 utaccumularet
1708 5550 1990 5623 honorem,

472 5725 490 5756 ι
528 5722 628 5786 an,
656 5724 721 5775 ad
743 5736 978 5776 summam
992 5729 1284 5790 potestatem.

1442 298 1510 356 ιΝ
1544 296 1697 355 CAP.
1738 298 1875 355 XLI.
1916 300 2163 360 GENES.
2202 302 2432 361 HOMIL.
2472 304 2655 365 LXIII.

3596 321 3700 377 546

2118 416 2210 473 dat
2236 419 2286 474 ei
2315 419 2479 491 filiam
2518 420 2797 493 Petephra:
2840 424 2895 480 in
2934 442 3181 485 uxorem.
3210 430 3412 489 Deinde
3447 436 3569 505 quia
3600 438 3701 495 iste

2106 508 2348 579 ejusdem
2391 513 2623 569 nominis
2649 525 2768 572 erat
2794 532 2917 573 eum
2946 534 3011 575 eo
3037 519 3127 590 qui
3155 522 3402 581 dominus
3444 525 3560 597 ejus
3588 529 3698 583 fue-

2107 609 2211 665 rat,
2233 601 2384 667 dicit,
2416 604 2710 661 Sacerdotis
2742 606 3086 677 IleliOpoleos.
3131 613 3197 667 Et
3237 622 3295 668 ut
3334 616 3605 675 discamus
3647 624 3695 681 in

2105 706 2209 762 qua
2235 701 2392 749 aztate
2421 694 2579 751 fuerit
2605 698 2936 756 admirabilis
2960 699 3075 769 ille,
3099 702 3188 771 qui
3215 713 3417 761 tantam
3442 723 3674 780 assequu

2107 793 2191 838 tus
2234 795 2316 840 est
2354 788 2676 854 mercedem,
2711 801 2963 863 tantaque
2990 796 3280 850 certamina
3307 798 3569 869 exhibuit,
3618 806 3693 859 in-

2102 875 2251 944 quit:
2273 877 2364 932 46.
2393 876 2589 949 Ioseph
2619 891 2789 937 autem
2815 895 2922 939 erat
2948 886 3156 958 triginta
3182 906 3453 955 annorum,
3494 898 3694 963 quando

2101 967 2237 1022 stetit
2261 985 2434 1025 coram
2464 970 2754 1028 Pharaone.
2782 975 2860 1032 Ne
2882 984 3086 1035 temere
3108 991 3353 1050 putemus
3372 987 3698 1058 assignatum
3725 1042 3732 1055 ,

2101 1072 2222 1114 esse
2248 1076 2531 1117 numerum
2559 1078 2843 1129 annorum,
2875 1067 2973 1123 sed
3008 1079 3066 1123 ut
3101 1071 3371 1129 discamus
3408 1077 3696 1148 negligant:

2100 1147 2350 1205 virtutem
2372 1151 2572 1208 nullam
2600 1167 2721 1209 esse
2741 1158 3138 1214 excusationem
3160 1178 3176 1215 :
3202 1177 3374 1233 neque
3400 1167 3542 1221 enim
3560 1147 3695 1223 licet

2098 1240 2256 1298 alicui
2284 1242 2518 1313 objicere
2542 1243 2902 1313 jnventutem,
2943 1248 3031 1303 ubi
3062 1249 3229 1307 virtus
3263 1257 3558 1312 exercenda
3587 1268 3692 1313 est.

2098 1332 2243 1390 Ecce
2282 1335 2373 1392 ille
2396 1351 2502 1392 non
2530 1336 2703 1393 solum
2738 1338 2951 1408 juvenis
2978 1350 3123 1409 erat,
3162 1344 3256 1398 sed
3286 1345 3444 1401 etiam
3476 1350 3697 1417 pulcher

2099 1426 2303 1496 specie,
2332 1436 2386 1482 et
2415 1426 2684 1484 formosus
2725 1430 2878 1486 facie.
2921 1431 3196 1503 Contingit
3235 1434 3376 1490 enim
3406 1438 3693 1508 aliquando

2094 1513 2347 1584 juvenem
2375 1530 2515 1585 esse,
2544 1526 2601 1574 et
2627 1519 2773 1575 nulla
2802 1522 3043 1591 corporis
3069 1522 3469 1592 pulchritudine
3493 1530 3693 1597 prazdi-

2098 1614 2231 1661 tum.
2259 1604 2358 1662 ilic
2392 1616 2572 1664 autem
2602 1616 2658 1665 et
2678 1608 2889 1679 juvenis
2914 1620 2969 1666 et
2996 1612 3218 1681 pulcher
3239 1622 3356 1670 erat
3380 1617 3580 1685 specie,
3608 1617 3692 1671 fa-

2097 1696 2287 1767 cieque
2324 1697 2574 1766 decorus,
2602 1714 2666 1755 ac
2689 1701 2841 1771 quasi
2871 1702 2923 1757 iu
2956 1703 3072 1773 ipso
3097 1704 3389 1774 juventutis
3415 1705 3549 1763 flore
3572 1723 3692 1764 ser-

2097 1803 2193 1844 vus
2218 1797 2275 1844 et
2301 1790 2544 1859 captivus
2573 1791 2746 1847 factus
2771 1801 2872 1847 est.
2901 1793 3097 1850 Decem
3122 1796 3265 1850 enim
3287 1806 3339 1851 et
3361 1809 3563 1868 septem
3590 1798 3693 1855 ha-

2095 1878 2254 1936 bebat
2279 1894 2469 1945 annos,
2500 1881 2713 1952 quando
2735 1881 2999 1939 deductus
3022 1892 3106 1939 est
3131 1885 3184 1940 in
3212 1885 3504 1958 Egyptum
3534 1887 3689 1961 (Gen.

2094 1970 2183 2027 57.
2219 1971 2295 2043 1).
2327 1972 2528 2028 Deinde
2554 1974 2605 2029 in
2633 1974 2747 2044 ipsa
2775 1976 2993 2032 fornace
3009 1976 3307 2046 juventutis
3334 1980 3563 2050 positum
3584 1984 3692 2039 sol-

2094 2061 2316 2121 licitavit
2341 2066 2704 2137 intemperans
2729 2066 2980 2139 Egyptia
3010 2070 3227 2126 domina
3255 2072 3392 2141 ejus,
3420 2089 3596 2145 neque
3610 2076 3690 2132 sic

2092 2156 2367 2225 superavit
2401 2157 2533 2227 justi
2561 2158 2660 2213 viri
2693 2156 3084 2228 fortitudinem;
3112 2161 3344 2233 denique
3388 2163 3442 2218 in
3470 2179 3690 2223 carcere

2093 2257 2243 2303 tanto
2268 2258 2511 2321 tempore
2538 2266 2874 2307 aerumnosos
2914 2253 3043 2308 fuit:
3069 2262 3124 2308 et
3152 2256 3346 2311 mansit
3376 2258 3526 2326 quasi
3562 2258 3691 2313 ada-

2092 2358 2239 2411 mas;
2272 2359 2377 2399 non
2407 2330 2580 2401 solum
2608 2328 2714 2400 non
2747 2344 2916 2402 factus
2943 2346 3227 2416 infirmior,
3258 2349 3354 2404 sed
3383 2358 3437 2405 et
3459 2350 3578 2421 plus
3599 2365 3689 2405 ro-

2091 2433 2240 2490 boris
2284 2450 2585 2492 assumens.
2619 2435 2817 2492 Habuit
2845 2436 2989 2493 enim
3035 2438 3378 2494 rohorantem
3408 2455 3467 2495 se
3496 2455 3688 2512 super-

2091 2541 2214 2583 nam
2241 2527 2488 2599 gratiam.
2516 2528 2779 2597 Quoniam
2810 2529 2960 2599 prius
2996 2529 3140 2600 quod
3169 2544 3323 2607 suum
3367 2541 3486 2588 erat
3517 2541 3687 2588 totum

2090 2620 2360 2687 attulerat,
2393 2630 2675 2691 propterea
2698 2636 2730 2677 e
2764 2634 2984 2699 carcere
3010 2620 3079 2678 ad
3122 2622 3481 2694 principatum
3526 2624 3690 2681 totius

2090 2711 2311 2786 Egypti
2336 2713 2624 2770 accersitus
2652 2721 2754 2769 est.

2161 2806 2217 2861 5.
2259 2803 2484 2861 Fortiter
2511 2805 2733 2876 ferenda:
2769 2814 2888 2860 sunt
2913 2806 3223 2877 aﬂlictiones.
3250 2805 3426 2862 Oculis
3466 2809 3586 2876 fidei
3606 2826 3687 2867 res

2090 2894 2380 2965 spirituales
2401 2894 2773 2964 conspicienda
2795 2904 2932 2962 sunt,
2960 2903 3007 2949 et
3033 2894 3178 2949 verba
3200 2893 3299 2948 Dei
3328 2897 3541 2964 ﬁrmiter
3576 2912 3685 2954 cre-

2091 2978 2427 3033 dendum.—
2453 2978 2581 3033 Haie
2608 2976 2887 3033 audientes
2935 2979 2989 3033 in
3026 2978 3404 3036 afflictionibus
3445 2981 3685 3038 animum

2092 3085 2381 3142 numquam
2425 3070 2875 3141 despondeamus,
2924 3085 3100 3141 neque
3148 3071 3363 3142 propria
3405 3072 3685 3129 ratiocinia

2091 3171 2380 3235 sequentes
2424 3174 2567 3233 aegre
2622 3162 2893 3217 feramus:
2920 3160 3015 3217 sed
3066 3175 3315 3232 magnam
3370 3164 3684 3232 patientiam

2092 3255 2406 3312 exhibentes
2434 3270 2530 3326 spe
2549 3255 2690 3310 bona
2715 3253 3013 3321 foveamur,
3039 3256 3271 3311 scientes
3288 3255 3562 3312 solertiam
3590 3256 3687 3311 Do-

2090 3345 2223 3401 mini
2249 3346 2417 3400 nostri
2444 3362 2460 3400 :
2488 3345 2579 3415 qui
2605 3344 2787 3399 sinens
2818 3358 2917 3400 nos
2945 3359 3133 3416 aspera
3164 3346 3418 3415 experiri,
3450 3361 3556 3403 non
3586 3347 3686 3401 de-

2092 3437 2224 3493 serit
2248 3450 2367 3503 nos,
2397 3435 2491 3490 sed
2516 3435 2627 3490 vult
2650 3443 2710 3490 ut
2733 3444 3004 3492 certantes
3042 3436 3257 3491 elariori
3300 3452 3498 3492 corona
3541 3436 3685 3493 redi-

2090 3529 2341 3585 miamur.
2375 3529 2451 3583 Ita
2476 3542 2667 3583 omnes
2694 3527 2865 3582 sancti
2893 3508 3101 3598 probati
3126 3536 3271 3584 sunt.
3309 3528 3598 3599 Propterea
3628 3538 3688 3585 et

2091 3620 2318 3691 apostoli
2343 3620 2626 3675 dicebant:
2652 3619 2759 3675 Per
2782 3620 2968 3674 multas
2994 3619 3283 3695 aﬂiictiones
3303 3630 3499 3686 oportet
3520 3638 3612 3675 nos
3631 3622 3688 3676 in

2091 3729 2305 3783 regnum
2333 3711 2428 3766 Dei
2454 3712 2646 3767 intrare
2664 3710 2801 3782 (Act.
2832 3713 2921 3767 M.
2946 3711 3060 3782 22).
3092 3712 3159 3767 Et
3180 3714 3295 3781 ipse
3320 3710 3563 3768 Christus
3600 3713 3690 3767 di-

2091 3804 2248 3863 cehat
2271 3801 2549 3872 discipulis
2573 3802 2721 3858 suis:
2751 3801 2818 3856 In
2860 3803 3050 3857 mundo
3086 3803 3402 3873 aﬂlictionem
3443 3802 3688 3858 habebitis

2094 3898 2275 3973 (Joan.
2304 3899 2393 3955 16.
2422 3899 2538 3969 55).
2569 3898 2827 3970 Neigitur
2852 3913 3176 3956 maereamus
3205 3901 3259 3956 in
3283 3901 3686 3969 afflictionibus,

2092 3992 2186 4049 sed
2211 3991 2489 4048 audiamus
2509 3991 2730 4048 Paulum
2750 3991 3037 4058 dicentem,
3086 3991 3186 4059 Qui
3226 3993 3401 4047 volunt
3426 3994 3507 4065 pie
3526 3994 3689 4050 virere

2091 4084 2146 4139 in
2171 4083 2374 4142 Christo
2413 4084 2563 4153 Iesu,
2585 4085 3011 4157 persequutionem
3048 4086 3306 4157 patientur
3334 4086 3430 4159 (2.
3460 4086 3595 4141 Tim.
3626 4088 3686 4143 5.
3760 4090 3761 4093 “

2093 4175 2207 4244 12),
2240 4177 2309 4232 Et
2334 4193 2400 4233 ne
2427 4176 2777 4253 admiremur,
2809 4193 2983 4250 neque
3001 4195 3144 4249 aegre
3169 4178 3426 4249 feramus,
3448 4181 3544 4237 sed
3564 4196 3683 4237 om-

2093 4269 2182 4325 nia
2209 4283 2330 4325 cum
2363 4270 2673 4326 fortitudine
2711 4278 2768 4326 et
2810 4271 3065 4340 patientia
3096 4272 3412 4340 toleremus,
3465 4287 3573 4326 non
3616 4271 3685 4328 ad

2093 4359 2413 4415 alﬂictiones
2458 4362 2833 4430 respicientes,
2874 4363 2968 4418 sed
3012 4362 3079 4418 ad
3126 4364 3521 4435 lucrumquod
3562 4365 3688 4422 inde

2093 4463 2482 4518 congregamus
2523 4468 2538 4503 :
2580 4452 2874 4520 spiritualis
2919 4453 3062 4508 enim
3112 4456 3354 4524 quaedam
3400 4457 3688 4526 negotiatio

2095 4544 2200 4592 est.
2231 4536 2300 4593 Et
2323 4537 2463 4592 sicut
2491 4539 2580 4608 qui
2606 4542 2861 4607 pecunias
2887 4545 3139 4611 colligere
3169 4545 3373 4609 volunt,
3400 4556 3560 4615 atque
3587 4546 3687 4601 hu-

2090 4626 2181 4698 jus
2199 4626 2819 4697 smeulirnegotiationem
2844 4642 3116 4697 exercent,
3145 4650 3249 4689 non
3276 4635 3433 4689 aliter
3465 4646 3689 4703 possunt

2094 4731 2291 4786 augere
2314 4731 2440 4773 suas
2462 4732 2618 4787 opes,
2651 4718 2753 4775 nisi
2782 4719 2946 4774 multa
2973 4722 3206 4789 pericula
3250 4732 3389 4778 terra
3442 4727 3686 4796 mari-pte

2096 4809 2448 4873 sustinuerint
2474 4811 2725 4880 (necesse
2751 4822 2834 4865 est
2859 4810 3001 4865 enim
3033 4822 3090 4865 ut
3118 4813 3293 4868 ferant
3334 4814 3600 4872 latronum
3629 4826 3686 4874 et

2097 4901 2694 4973 pirataruminsidias);
2726 4903 2960 4956 attamen
2988 4903 3164 4957 omnia
3194 4919 3383 4976 magna
3413 4907 3683 4964 alacritate

2097 4991 2413 5060 suscipiunt,
2441 5001 2498 5047 et
2522 4992 2594 5047 ob
2624 4992 3081 5062 exspectationem
3121 4995 3274 5061 lucri,
3323 5014 3682 5056 mmmnarnm

2097 5097 2315 5140 sensum
2343 5084 2545 5139 nullum
2570 5083 2795 5139 habent:
2822 5084 3009 5141 eodem
3038 5086 3196 5141 modo
3222 5098 3277 5142 et
3304 5104 3421 5151 nos,
3443 5090 3685 5160 cogitan-

2098 5180 2182 5229 tes
2223 5171 2435 5228 divitias
2474 5182 2530 5227 et
2580 5172 2885 5243 spirituales
2934 5188 3139 5230 merces
3168 5175 3209 5241 ¹,
3241 5192 3372 5245 quas
3401 5178 3557 5233 nobis
3598 5179 3686 5233 hic

2098 5262 2351 5333 colligere
2391 5262 2537 5328 licet,
2578 5272 2790 5334 oportet
2835 5264 3069 5336 gaudere
3098 5275 3155 5321 et
3178 5268 3470 5335 exsultare,
3498 5278 3554 5324 et
3577 5285 3686 5326 non

2098 5354 2447 5425 contemplari
2469 5370 2590 5425 quae
2611 5356 2879 5421 videntur,
2902 5355 2996 5411 sed
3020 5372 3139 5428 qua:
3159 5372 3264 5412 non
3285 5358 3553 5425 videntur,
3575 5360 3688 5416 sic-

2098 5453 2242 5500 utet
2281 5444 2479 5501 Paulus
2505 5432 2783 5511 admouet,
2828 5445 3048 5501 dicens:
3080 5444 3205 5499 Non
3252 5447 3685 5505 considerantibus

2100 5534 2244 5591 nobis
2268 5551 2328 5591 ea
2351 5549 2464 5607 qua
2493 5534 2723 5590 ridentur
2748 5535 2827 5605 (Ξ.
2857 5535 2975 5590 Cor.
2998 5537 3051 5590 4.
3085 5536 3197 5607 18).
3231 5536 3377 5591 Fidei
3407 5539 3549 5593 enim
3574 5549 3684 5608 est,

2163 5675 2181 5701 ι
2209 5676 2358 5739 juxta
2379 5670 2742 5739 quinquenium.
2780 5666 3046 5731 legendum
3090 5678 3184 5730 est,
3209 5669 3509 5737 spiritalem
3534 5676 3684 5727 abim-

2102 5730 2334 5794 duilium,
2362 5730 2467 5794 pro,
2491 5730 2765 5794 spirith
2786 5730 2986 5781 merces.
