2084 3132
243 175 294 201 5H

243 239 297 260 non
320 231 504 267 corporalibus
522 231 606 258 oculis
624 230 765 257 contentos
787 235 857 262 esse,
879 228 928 257 sed
951 227 1035 256 oculis

243 278 341 305 trientis
355 277 492 312 imaginari
506 283 537 303 ea
551 282 610 310 qua:
627 279 681 302 nou
694 273 828 302 videntur.
848 273 914 301 Nam
928 273 972 301 illa
983 272 1036 300 fide

245 324 365 359 .liguiora
386 322 517 350 credenda
533 325 606 354 sunt,
622 327 701 355 quam
724 327 756 348 ea
777 327 837 354 qua:
851 318 1035 353 corporalibus

242 370 329 397 oculis
343 368 479 396 videntur.
495 366 540 394 Sic
562 365 712 401 patriarcha
726 370 818 400 gratus
830 365 879 392 fuit
891 364 958 397 Deo,
973 363 1035 399 quia

243 414 355 442 credidit
369 412 538 448 promissioni
552 412 621 447 ejus,
636 416 663 439 et
682 411 804 446 superior
823 415 917 438 natura
940 409 1034 443 factus,

243 460 419 493 humanisque
439 458 602 490 rationibus;
624 456 685 485 ideo
699 457 855 492 Repulatum
868 460 906 483 est
918 456 941 483 ei
954 455 1035 490 inju-

241 506 336 532 atitiam
350 504 438 540 (Rom.
450 505 478 532 4.
491 504 531 539 5).
542 503 699 536 Considera,
709 502 840 537 justitiam
853 508 914 529 esse
925 500 1036 529 credere

241 552 274 578 iis
284 559 343 586 quae
356 558 370 577 a
386 550 443 578 Deo
452 550 587 578 dicuntur.
599 549 712 583 Quando
724 548 851 576 enimille
864 547 964 583 aliquid
975 555 1037 583 pro-

242 597 354 630 miserit,
371 604 406 625 ne
417 596 483 623 mihi
496 595 643 623 secundum
657 595 800 623 humanam
815 594 1034 630 consequentiam

240 651 286 672 res
301 643 433 679 expende,
450 642 497 671 sed
513 642 635 678 superior
647 640 799 676 huiusmodi
818 641 966 670 rationibus
985 640 1033 673 sis,

241 697 272 717 ac
285 689 389 717 conﬁde
403 689 530 724 potenti-.c
543 688 602 723 ejus
617 687 661 723 qui
677 687 810 722 promisit.
830 687 868 714 lta
888 687 1034 722 unusquis—

241 744 293 772 que
305 737 438 770 justorum
453 735 583 770 probatus
594 733 652 766 fuit,
664 734 699 761 ita
711 738 737 761 et
747 733 912 761 admirabilis
930 733 974 760 ille
987 732 1034 761 Jo-

241 782 318 816 seph,
339 788 399 808 cum
421 784 484 815 post
506 780 549 808 illa
572 779 676 807 somnia
695 782 768 807 tanta
782 778 923 814 interiecta
937 778 1036 806 fuerint

242 826 444 861 impedimenta,
460 833 515 853 non
532 826 653 853 turbatus
667 828 708 852 est
721 825 822 858 animo,
843 832 898 852 non
916 831 1036 852 commo-

242 870 287 899 tus
298 876 349 904 est,
362 871 409 899 sed
423 871 533 898 robusta
547 875 637 899 mente
649 870 754 898 fortiter
763 870 824 897 tulit
835 870 935 904 omnia,
947 870 1035 898 sciens

241 925 295 945 non
310 924 369 945 esse
382 917 508 952 possibile
519 925 549 945 ea
562 924 621 952 qua:
634 917 707 945 Deus
717 916 835 944 decrevit
846 924 900 944 non
912 916 1032 945 evenire.

241 963 302 991 Ideo
318 967 378 998 post
393 964 558 996 servitutem,
583 966 645 998 post
659 969 806 995 carcerem,
822 966 976 997 tantamque
987 969 1033 989 ca-

240 1010 379 1043 lumniam,
402 1010 579 1045 principatum
598 1008 716 1044 suscepit
728 1009 809 1037 totius
829 1008 948 1044 Egypti.
972 1008 1034 1036 Hmc

240 1058 320 1093 igitur
338 1057 428 1084 omnia
442 1057 598 1092 cogitantes,
616 1056 720 1083 fortiter
733 1055 912 1090 suscipiamus
925 1062 956 1082 ea
971 1063 1030 1091 qua:

239 1104 400 1137 inferuntur,
419 1103 571 1138 gratiasque
584 1109 694 1138 agamus
706 1102 756 1138 pro
769 1102 895 1130 omnibus
908 1101 1033 1129 clementi

239 1150 307 1183 Deo,
321 1154 347 1177 et
363 1149 421 1185 ejus
431 1151 621 1184 exspectemus
642 1148 865 1184 opitulationem:
882 1156 942 1184 qua:
956 1148 1034 1176 nobis

239 1195 363 1222 omnibus
377 1195 549 1228 concedatur,
565 1195 649 1230 gratia
663 1198 691 1223 et
704 1194 847 1223 clementia
863 1194 967 1222 Domini
986 1202 1034 1222 no-

239 1240 287 1268 stri
301 1240 365 1268 .lesu
383 1240 494 1274 Chrlsd,
515 1240 558 1268 cui
572 1246 634 1268 eum
649 1239 727 1267 Patre
741 1244 769 1268 et
782 1244 875 1268 sancto
887 1239 986 1276 Spiritu
1000 1240 1034 1268 sit

238 1284 330 1321 gloria,
354 1285 506 1320 imperium,
529 1289 557 1313 et
580 1285 677 1319 honor,
694 1291 764 1313 nunc
784 1291 811 1313 et
824 1291 949 1321 semper,
963 1289 992 1314 et
1006 1284 1032 1313 in

239 1330 335 1359 smmla
346 1330 515 1358 saeculorum.
529 1330 627 1358 Amen.

512 1396 652 1424 llOMlLlA
672 1396 764 1424 LXIV.

239 1451 323 1478 Exibit
344 1456 428 1478 autent
447 1450 543 1487 Ioseph
563 1459 580 1478 a
602 1451 665 1486 facie
679 1451 838 1486 Pharaonu,
853 1457 877 1480 et
890 1454 1033 1489 peragravit

273 1505 371 1523 carnem
391 1501 484 1523 terram
501 1495 631 1532 Egypti,‘
645 1500 670 1523 et
691 1497 749 1532 fecit
767 1501 834 1524 terra
848 1498 921 1526 annis
938 1504 1034 1534 septem

272 1542 409 1578 fertilitatis
422 1541 565 1577 manipulos
577 1548 587 1575 ,'
598 1545 623 1568 et
636 1543 795 1578 congregavit
807 1544 961 1577 [ramorum
968 1545 1034 1578 sicut

265 1595 375 1616 arenam
387 1588 466 1615 maris
484 1587 571 1623 (Gen.
585 1588 631 1616 ll.
642 1588 724 1616 4649
733 1589 754 1623 ).

272 1646 299 1673 l.
314 1644 399 1672 Vultis
407 1648 436 1672 ut
448 1649 474 1672 et
484 1644 564 1672 hodie
574 1644 711 1672 historiam
720 1644 828 1679 .losephi
839 1647 992 1679 tractemus,
1006 1647 1034 1674 et

237 1690 376 1718 videamus
395 1689 530 1724 quomodo
552 1689 593 1715 \‘ir
607 1688 652 1716 ille
666 1709 673 1721 ,
687 1693 811 1724 suscepto
833 1691 914 1718 totius
927 1691 1034 1727 Egypti

237 1736 402 1771 principatu,
430 1742 479 1775 per
501 1735 619 1762 innatam
642 1734 692 1762 sibi
715 1735 915 1770 intelligentiam
941 1744 1034 1765 omnes

237 1781 390 1810 consolatus
414 1780 515 1808 fuerit?
530 1780 575 1808 i=6.
592 1780 678 1808 Exivit
697 1781 768 1808 enim
782 1802 789 1815 ,
805 1781 909 1816 inquit,
930 1791 946 1809 a
968 1783 1034 1818 facie

236 1827 399 1860 Pharaonis,
424 1827 575 1854 (ttranaitit
597 1834 641 1861 per
661 1834 760 1854 omnem
785 1831 877 1854 terram
904 1827 1035 1863 fligi/pri;

236 1874 279 1902 47.
295 1878 318 1901 et
333 1874 389 1909 fecit
413 1878 478 1900 terra
502 1873 576 1899 armis
595 1876 689 1907 septem
710 1872 846 1907 fertilitatis
870 1874 1035 1908 manipulos;

236 1919 280 1948 ω.
296 1924 319 1946 et
332 1919 490 1954 congregavit
504 1918 657 1953 frumentum
668 1918 732 1945 sicut
751 1920 855 1945 arenam
871 1919 958 1946 maris.
971 1918 1036 1947 Sus-

236 1969 311 1999 cepta
323 1965 399 2000 prius
414 1972 428 1991 a
443 1972 507 2000 rege
523 1968 654 1999 potestate
675 1964 765 1997 omni,
786 1964 910 2000 collegit,
926 1964 1011 2000 inquit
1024 1987 1031 1999 ,

237 2011 335 2045 fruges.
348 2014 376 2038 et
390 2010 416 2037 in
430 2010 580 2037 civitatibus
592 2009 719 2044 reposuit,
731 2009 875 2044 providens
884 2010 938 2045 jam
951 2010 1035 2038 multo

238 2062 314 2083 antea
327 2076 334 2089 ,
349 2064 411 2090 quae
426 2055 521 2082 futurae
540 2056 659 2089 penuria:
680 2061 837 2083 succurrere
851 2061 971 2090 possent.
991 2056 1036 2084 Vi-

238 2102 298 2130 disti
311 2102 404 2137 quales
418 2101 607 2129 retributiones
620 2100 782 2128 fortitudinis
796 2104 824 2128 et
836 2101 971 2135 patientiae
984 2122 992 2135 ,
1008 2106 1036 2130 et

239 2149 353 2175 aliarum
366 2147 495 2175 virtutum
507 2147 588 2174 etiam
609 2146 653 2174 hic
674 2145 808 2181 acceperit
818 2146 906 2180 justus
918 2167 926 2180 ,
940 2154 1001 2174 cum
1019 2155 1035 2174 a

238 2193 351 2221 vinculis
361 2192 395 2220 ad
406 2193 477 2228 regia
490 2192 586 2227 palatia
601 2191 739 2220 ascendit?
748 2191 793 2220 50.
807 2191 871 2219 Nati
880 2196 939 2219 sunt
949 2197 1033 2219 autem

238 2240 286 2274 illi,
298 2239 391 2275 inquit,
402 2239 453 2266 duo
463 2239 521 2273 ﬁlii,
534 2238 679 2273 priusquam
689 2238 833 2265 aduenirertt
841 2238 902 2265 anni
912 2238 1036 2273 penuriae:

238 2288 268 2315 5i
275 2306 282 2314 .
296 2290 320 2314 et
333 2285 428 2313 uocauit
441 2292 531 2312 nomen
541 2284 632 2319 prioris
642 2284 670 2311 Μ
672 2292 761 2312 unaue
772 2292 782 2311 :
792 2285 911 2319 quoniam
923 2285 1036 2312 oblivisci

240 2341 280 2360 me
292 2332 351 2367 ferit
362 2331 431 2359 Deus
444 2331 557 2358 omnium
571 2330 685 2357 laborant
700 2338 822 2363 meorum,
839 2335 864 2357 et
881 2338 968 2358 eorum
980 2338 1037 2366 qua

236 2384 295 2407 sunt
310 2380 389 2415 patria
400 2378 460 2405 mei.
475 2376 591 2405 Attende
603 2377 645 2404 hic
666 2376 717 2404 viri
732 2376 890 2411 religionem
903 2380 931 2404 et
949 2377 1036 2411 pieta-

237 2431 302 2457 tem,
317 2424 452 2459 quomodo
467 2431 515 2458 per
526 2423 571 2449 lilii
585 2422 791 2458 appellationem
802 2422 960 2450 memoriam
974 2429 1036 2450 om-

238 2470 309 2497 nium
322 2469 466 2497 servaverit
478 2469 531 2503 (a),
549 2473 576 2495 ut
591 2473 717 2503 perpetuo
730 2468 829 2502 gratias
838 2471 938 2503 ageret,
950 2472 977 2495 et
990 2469 1036 2503 qui

238 2523 272 2542 ex
289 2522 319 2542 se
332 2518 408 2541 natus
419 2517 487 2547 erat,
501 2520 549 2548 per
560 2521 635 2541 suam
647 2513 854 2548 appellationem
865 2514 935 2541 scire
945 2517 1036 2548 posset

237 2560 383 2597 certamina
396 2581 403 2594 ,
419 2563 447 2588 et
468 2559 623 2594 patientiam
635 2580 642 2591 ,
667 2566 727 2594 quae
741 2559 828 2593 justus
847 2559 985 2594 perferens
1009 2560 1035 2586 in

238 2612 339 2634 tantam
364 2605 533 2641 pervenisset
554 2604 677 2639 gloriam.
702 2604 768 2637 Quia
788 2604 899 2631 oblivisci
916 2612 956 2631 me
978 2604 1037 2639 fecit

237 2653 307 2680 Deus
316 2652 428 2680 omnium
438 2651 552 2679 laborum
563 2658 685 2684 mearum,
700 2654 723 2677 et
733 2651 842 2678 omnium
854 2658 910 2685 aute
922 2655 981 2679 sunt
991 2656 1037 2686 pne

270 2742 306 2779 (τι)
323 2738 1034 2779 Imaoblivionémﬂte‘lﬂirdfiiﬁ.Euergetarum

239 2769 338 2798 nomine
349 2776 511 2804 Manassetul,
522 2770 594 2795 modo
612 2769 811 2804 dixit__set'iptura
825 2776 830 2793 :
845 2773 951 2804 manasse
964 2769 1035 2804 enim

240 2805 357 2828 Hebraice
369 2798 491 2830 .‘tWJD'ﬁt
502 2808 534 2827 ex
546 2803 603 2828 mu:
614 2822 621 2832 ,
641 2798 755 2825 oblivisci.
764 2803 852 2824 verum
860 2806 912 2824 mos
920 2800 1034 2832 obtinuit,

239 2842 267 2862 ut
277 2844 332 2862 eum
343 2839 398 2868 quis
405 2839 519 2868 aerumnis
530 2840 556 2861 et
565 2830 633 2861 malis
642 2836 756 2860 omnibus
767 2838 868 2866 ereptus
876 2835 930 2868 fuit,
942 2830 1035 2868 dicatur

240 2865 485 2897 m.iloruiu'oblivisci;
498 2867 522 2891 id
534 2871 580 2896 est,
591 2869 616 2892 in
637 2873 721 2892 eorum
728 2872 827 2891 sensum
833 2872 881 2890 non
892 2865 954 2890 ultra
968 2866 1022 2891 veni

241 2904 278 2927 re,
292 2898 338 2922 etsi
350 2897 445 2922 illorum
456 2898 606 2923 recordetur.

598 173 627 201 s.
647 173 785 201 JOANNIS
803 170 1041 201 CHRYSOSTOMI
1060 171 1219 200 ARCHIEP.
1241 164 1509 202 CONSTANTINOP.

1833 178 1884 207 548

1089 228 1135 255 tria
1156 229 1215 256 mei.
1231 229 1300 264 Quid
1320 234 1362 258 est
1374 250 1382 263 ,
1400 230 1519 259 Durnium
1534 230 1648 259 laborum
1671 234 1805 261 meorum?
1818 234 1884 263 lline

1087 273 1256 303 subindicare
1275 276 1339 303 mihi
1352 276 1458 304 videtur
1469 277 1581 311 prima'm
1596 282 1622 305 et
1634 279 1782 306 secundum
1797 280 1884 307 serii-

1088 324 1181 353 tutem,
1195 325 1222 348 et
1236 321 1369 349 miseriam
1386 329 1465 357 quam
1479 323 1505 349 in
1519 329 1626 350 carcere
1639 323 1708 350 tulit.
1725 323 1758 351 Et
1772 326 1884 353 omnium

1089 373 1146 398 qtae
1162 370 1222 393 sunt
1235 367 1314 401 patria
1327 367 1376 393 mei
1387 375 1396 394 :
1409 368 1620 403 segregationem
1634 369 1784 404 significat,
1804 378 1883 405 quam

1087 409 1214 438 sustinuit
1236 412 1364 447 abreptus
1374 412 1408 440 ab
1420 412 1491 440 ulnis
1508 413 1647 448 palemis,
1663 414 1724 449 quia
1742 415 1883 444 immatura

1088 459 1230 489 :etate,tam
1238 456 1383 484 liberaliter
1390 457 1525 489 educatus.
1532 458 1680 486 libertatem
1688 466 1748 486 cum
1757 461 1885 488 servitute

1087 503 1265 530 ciimmutavlt.
1276 503 1320 530 52.
1331 503 1364 529 Et
1373 511 1462 530 nomen
1471 504 1573 531 secundi
1583 505 1679 531 vocavit
1686 504 1818 540 Epltuint,
1825 508 1884 541 quia

1087 556 1195 576 crescere
1207 549 1265 584 fecit
1276 557 1317 576 me
1327 548 1395 576 Deus
1412 549 1439 576 in
1451 553 1519 575 terra
1528 549 1677 577 humilitati:
1692 557 1764 577 metu.
1781 551 1847 579 Vide
1856 557 1883 579 et

1088 594 1167 629 hujus
1178 597 1279 621 nomen
1301 594 1446 629 gratiarum
1468 594 1573 623 actione
1586 593 1704 630 plenum.
1724 595 1782 624 Non
1797 597 1881 624 solum

1086 639 1170 672 enim,
1184 636 1354 666 adversitatis
1371 638 1473 667 oblitus
1487 646 1546 666 sum
1557 659 1564 672 ,
1578 639 1625 667 sed
1636 644 1663 667 et
1676 644 1770 668 auctus
1782 645 1842 668 sum
1855 642 1881 668 in

1086 688 1158 712 terra
1169 704 1176 716 ,
1193 684 1218 711 in
1232 691 1284 719 qua
1303 687 1405 711 tantam
1419 684 1531 711 sustinui
1545 684 1756 712 humiliationem
1768 706 1776 719 ,
1790 690 1881 721 utpote

1088 730 1114 758 in
1133 730 1264 758 extremis
1284 730 1411 764 periculis
1432 730 1514 757 etiam
1536 729 1570 758 de
1590 730 1643 757 vita
1664 731 1768 759 anxius.
1784 731 1879 759 Verum

1086 782 1157 803 nunc
1176 775 1268 803 auditu
1291 775 1370 810 digna
1392 779 1527 810 suntquae
1549 780 1706 811 sequuntur.
1726 776 1793 804 Nam
1818 782 1878 812 post

1085 821 1247 850 fertilitatem
1258 825 1361 856 septem
1368 825 1512 855 annorum,
1524 819 1691 849 venerantet
1701 826 1804 857 septem
1817 824 1879 853 anui

1086 867 1204 903 penuriae
1224 872 1252 895 et
1269 867 1355 900 famis,
1371 866 1518 895 secundum
1539 867 1737 902 praedictionem
1759 867 1879 903 Josephi.

1086 914 1186 942 Rerum
1200 914 1272 941 enim
1284 917 1397 941 eventus
1409 918 1565 941 concessam
1577 912 1635 941 viro
1648 914 1806 948 sapientiam
1820 922 1879 942 om-

1089 960 1168 987 nibus
1181 958 1342 994 detegebat,
1364 958 1444 993 idque
1463 958 1614 991 elﬁciebat,
1633 962 1663 985 ut
1675 966 1768 986 omnes
1781 959 1806 987 ei
1820 966 1880 988 sese

1084 1005 1279 1033 submitterent.
1301 1004 1336 1031 Et
1348 1011 1408 1031 eum
1427 1004 1516 1031 fames
1537 1003 1625 1031 valida
1638 1003 1705 1031 facta
1721 1009 1810 1038 esset,
1827 1005 1880 1039 pri-

1085 1058 1157 1078 mum
1171 1056 1218 1078 eos
1231 1049 1369 1084 penuriam
1379 1049 1482 1077 sentire
1494 1055 1548 1076 non
1565 1049 1694 1083 permisit.
1710 1050 1753 1077 54.
1768 1049 1880 1077 inomni

1084 1096 1155 1125 enim
1171 1100 1238 1123 terra
1247 1094 1430 1131 Egyptian»):
1439 1099 1509 1122 erant
1516 1102 1607 1130 partes.
1619 1094 1673 1122 Sed
1683 1102 1743 1122 cum
1758 1095 1879 1123 molestia

1086 1142 1164 1169 famis
1176 1141 1369 1173 invalesoeret,
1384 1139 1509 1167 elmavit
1522 1140 1636 1175 populus
1655 1139 1688 1166 ad
1702 1139 1878 1173 Pharaonem,

1084 1187 1179 1222 magna
1194 1193 1303 1222 pressus
1319 1185 1465 1221 indigentia
1484 1194 1492 1213 -:
1513 1192 1529 1213 a
1547 1184 1617 1212 fame
1635 1185 1708 1212 enim
1725 1186 1829 1219 coacti,
1845 1186 1879 1214 ad

1084 1238 1175 1268 regem
1189 1235 1379 1259 cucurrerunt.
1399 1231 1483 1258 Ροιτο
1493 1230 1553 1258 vide
1566 1230 1645 1265 hujus
1655 1230 1877 1259 benevolentiam.

1147 1277 1217 1305 Dixit
1231 1281 1316 1304 autem
1335 1276 1440 1304 Pharao
1461 1276 1612 1311 Egyptiit:
1628 1275 1668 1303 Ite
1684 1276 1719 1302 ad
1729 1275 1825 1312 Josepit
1834 1285 1843 1309 ,'
1854 1281 1879 1304 et

1083 1324 1206 1360 quidquid
1219 1323 1311 1350 dixerit
1324 1323 1405 1355 vobis,
1417 1322 1494 1357 facite
1505 1330 1515 1349 :
1526 1322 1603 1357 quasi
1618 1321 1719 1349 diceret
1733 1331 1740 1349 :
1754 1322 1821 1355 Quid
1835 1330 1879 1350 tuo

1081 1369 1239 1405 suapicitis?
1253 1368 1310 1396 Non
1332 1368 1428 1396 videtis
1440 1375 1485 1396 me
1505 1367 1578 1402 regis
1598 1367 1718 1395 habiturn
1741 1367 1880 1396 dumtaxat

1082 1419 1208 1451 gestare,
1222 1414 1350 1448 illumque
1377 1413 1454 1441 nobis
1476 1413 1600 1440 omnibus
1621 1412 1716 1441 salutis
1740 1417 1890 1442 auctorem.

1083 1460 1202 1489 factum?
1215 1459 1342 1494 Neigitur
1355 1459 1400 1486 illo
1414 1459 1506 1486 relicto
1519 1458 1551 1485 ad
1564 1466 1605 1485 me
1617 1458 1740 1491 curratis,
1749 1458 1798 1486 sed
1808 1459 1879 1487 abite

1083 1508 1116 1535 ad
1131 1507 1217 1540 illum,
1232 1506 1266 1533 Et
1281 1514 1443 1540 quaecumque
1453 1505 1544 1532 dixerit
1556 1505 1642 1538 vobis,
1655 1504 1740 1540 facite.
1751 1505 1796 1533 56.
1810 1505 1880 1540 Apoc

1083 1554 1134 1581 ruit
1140 1554 1226 1581 autem
1237 1552 1334 1588 λυπρή
1344 1553 1443 1585 horrea,
1457 1556 1481 1579 et
1491 1551 1603 1579 uendidit
1615 1550 1756 1586 Egyptiis.
1767 1551 1803 1579 Et
1813 1558 1880 1586 quo-

1084 1599 1156 1627 niam
1169 1604 1262 1627 omnes
1272 1596 1445 1627 consumebat
1458 1595 1538 1625 famis
1550 1596 1706 1630 necessitas,
1715 1597 1760 1625 57.
1773 1596 1878 1631 Oinnu,

1085 1644 1190 1680 inquit,
1203 1642 1337 1677 provincia
1354 1642 1486 1670 veniebant
1505 1641 1532 1669 in
1545 1641 1706 1677 Egyptum,
1721 1645 1748 1669 ut
1766 1647 1877 1670 emerent

1085 1690 1239 1725 frumentum
1248 1697 1258 1716 :
1272 1687 1413 1715 inualuerat
1425 1687 1509 1721 enim,
1522 1687 1622 1722 inquit,
1640 1688 1719 1722 fames
1732 1695 1808 1722 super
1822 1695 1878 1714 om.

1085 1744 1143 1762 nell
1152 1739 1257 1762 terram.
1272 1733 1339 1762 Vide
1350 1753 1358 1766 ,
1369 1733 1496 1766 obsecro,
1510 1732 1644 1768 quomodo
1658 1732 1783 1767 paulatim
1795 1740 1863 1761 even
1871 1748 1878 1752 -

1086 1784 1141 1808 tum
1155 1781 1275 1814 accipere
1290 1778 1417 1813 incipiant
1429 1778 1532 1806 somnia
1543 1778 1652 1812 .loseph.
1663 1778 1728 1805 Nam
1740 1778 1783 1806 ubi
1795 1777 1878 1806 fames

1086 1825 1215 1857 invaluit,
1232 1829 1258 1852 et
1274 1823 1414 1858 occupavit
1427 1828 1525 1850 terram
1537 1822 1679 1856 Chanaan,
1696 1823 1721 1850 in
1735 1822 1786 1858 qua
1799 1822 1877 1851 habi-

1087 1872 1158 1899 tabat
1172 1871 1253 1899 Jacnb
1275 1870 1353 1904 hujus
1367 1873 1441 1904 pater
1452 1890 1460 1902 ,
1482 1870 1526 1904 qui
1543 1869 1569 1896 1.
1585 1868 1724 1903 Postquam
1747 1868 1835 1895 didicit
1850 1870 1878 1896 iu

1086 1917 1123 1945 1E
1126 1922 1202 1953 gypto
1214 1917 1366 1951 frumentum
1375 1915 1531 1948 venumdari,
1542 1914 1616 1949 dixit,
1631 1915 1726 1949 inquit,
1737 1915 1797 1948 [iliis
1806 1915 1858 1942 suis
1869 1921 1879 1941 :

1088 1964 1172 1998 Quare
1186 1972 1272 1998 segnes
1288 1963 1364 1989 estis?
1376 1961 1402 1988 2.
1419 1961 1484 1988 Ecce
1496 1961 1580 1990 audivi
1593 1961 1661 1995 quod
1675 1962 1828 1995 frumentum
1844 1960 1877 1987 sit

1085 2010 1112 2036 in
1122 2009 1248 2044 lEgypto.
1269 2008 1435 2039 Descendite,
1450 2012 1475 2033 ut
1489 2006 1637 2041 contparetis
1658 2006 1728 2032 nobis
1748 2013 1829 2040 pauca
1843 2005 1878 2031 ci-

1086 2056 1167 2088 baria,
1182 2061 1208 2081 ut
1221 2054 1332 2080 vivamus
1343 2073 1350 2085 ,
1364 2058 1387 2079 et
1403 2061 1452 2078 non
1466 2053 1602 2079 moriamur
1619 2051 1699 2087 (Cap.
1715 2051 1749 2078 42
1793 2050 1877 2084 Quid,

1085 2100 1170 2135 inquit
1183 2120 1190 2132 ,
1212 2099 1253 2126 hic
1268 2098 1382 2126 sedetis?
1394 2097 1471 2124 Abite
1489 2097 1515 2124 in
1529 2096 1672 2131 Aigyptum
1684 2116 1692 2130 ,
1708 2100 1735 2123 et
1753 2096 1879 2124 alimenta

1086 2146 1162 2174 nobis
1175 2145 1275 2172 afferte.
1293 2144 1355 2171 llaec
1369 2147 1456 2170 autem
1467 2143 1555 2170 omnia
1571 2143 1637 2169 facta
1652 2146 1723 2175 sunt,
1740 2147 1768 2170 ut
1782 2141 1880 2171 fratres

1086 2191 1186 2225 Joseph
1200 2190 1294 2217 visioui
1309 2189 1366 2223 ejus
1381 2188 1469 2216 omnia
1486 2188 1684 2215 ministrarent:
1700 2192 1727 2215 et
1742 2187 1877 2222 interpre-

1087 2239 1214 2265 tationem
1228 2236 1325 2264 somnii
1340 2242 1418 2270 quam
1430 2234 1481 2270 ipsi
1494 2234 1718 2269 conjectaverant,
1729 2240 1790 2260 cum
1803 2232 1877 2260 audi-

1085 2287 1145 2311 rent
1158 2281 1259 2316 Joseph
1274 2281 1407 2308 somnium
1427 2283 1596 2311 narrantem,
1611 2278 1762 2313 implerent.
1774 2278 1802 2306 ὅ.
1824 2277 1879 2305 De-

1086 2328 1236 2356 scenderam
1245 2327 1328 2359 enim.
1342 2325 1438 2361 inquit,
1450 2326 1537 2353 decem
1550 2326 1652 2360 fratrea,
1666 2324 1694 2352 4.
1707 2328 1731 2351 et
1744 2323 1880 2359 Benjamin

1086 2381 1138 2401 non
1146 2376 1305 2407 acceperunt.
1315 2371 1361 2407 qui
1371 2375 1429 2400 erat
1440 2369 1521 2398 inter
1528 2368 1628 2404 Joseph
1637 2376 1671 2396 ex
1680 2368 1773 2396 eadem
1783 2371 1879 2396 matre.

1086 2419 1191 2447 Dicebat
1203 2418 1271 2446 enim
1283 2422 1354 2453 pater
1367 2417 1422 2452 ejus
1431 2424 1441 2444 :
1455 2415 1497 2442 Ne
1514 2416 1579 2450 forte
1597 2413 1694 2441 accidat
1706 2414 1730 2440 ei
1746 2413 1855 2449 languor
1871 2421 1880 2440 :

1087 2473 1199 2502 parcens
1212 2472 1306 2500 puero,
1322 2472 1355 2492 eo
1365 2462 1437 2498 quod
1449 2464 1529 2489 aetate
1541 2461 1682 2488 immatura
1700 2463 1768 2487 erat.
1783 2459 1811 2487 6.
1831 2458 1880 2486 Ve-

1087 2516 1178 2540 nerunt
1191 2515 1275 2538 autent
1284 2530 1292 2542 ,
1305 2514 1331 2537 et
1344 2508 1441 2543 Ioseph
1456 2507 1521 2534 sicut
1535 2506 1675 2541 principem
1691 2504 1802 2541 Egypti
1814 2504 1880 2531 ado—

1086 2561 1204 2585 raoerunt
1217 2564 1292 2591 super
1302 2556 1394 2591 facient
1406 2562 1479 2581 suam
1490 2553 1517 2579 in
1532 2557 1608 2579 terra.
1624 2551 1658 2578 Et
1669 2558 1740 2578 nunc
1752 2551 1879 2585 ignoran-

1088 2607 1129 2631 tes
1147 2601 1255 2638 quidem
1278 2600 1336 2628 htec
1349 2598 1439 2627 omnia
1462 2597 1571 2625 faciunt.
1594 2596 1661 2624 Nam
1684 2596 1745 2630 quia
1768 2595 1880 2623 multum

1089 2647 1216 2682 temporis
1229 2646 1426 2677 intercesserat,
1437 2642 1532 2670 iaciem
1542 2641 1631 2669 fratris
1641 2648 1694 2668 non
1704 2645 1879 2676 agnoverunt.

1088 2691 1238 2722 Verisimile
1250 2691 1323 2721 enim
1335 2694 1387 2724 est,
1401 2689 1525 2725 juvenem
1539 2687 1615 2721 olim,
1628 2693 1699 2714 nunc
1712 2687 1881 2713 immutatum

1089 2740 1174 2768 forma
1194 2738 1286 2766 fuisse.
1307 2736 1390 2772 quue
1409 2739 1493 2764 totum
1513 2734 1610 2770 opinor
1630 2732 1727 2760 divinre
1741 2732 1882 2766 dispensa-

1089 2786 1171 2815 tionis
1182 2785 1274 2817 fuisse,
1291 2784 1327 2812 ita
1341 2787 1435 2811 utnon
1450 2780 1584 2817 potuerint
1595 2779 1636 2807 vel
1647 2787 1680 2807 cx
1692 2784 1826 2810 sermone,
1840 2777 1882 2804 vel

1089 2841 1122 2861 ex
1135 2836 1245 2867 aspectu
1257 2830 1365 2858 fratrem
1376 2835 1530 2864 agnoscere.
1543 2826 1619 2855 Unde
1632 2826 1702 2853 enim
1717 2830 1840 2859 umquam
1857 2823 1883 2850 in

1090 2878 1158 2906 hanc
1168 2877 1320 2913 opinionem
1330 2874 1482 2904 vertissent?
1493 2873 1598 2902 Etenim
1610 2872 1804 2908 putabantcum
1815 2868 1885 2905 apud
