2073 3130
256 169 309 199 549

254 227 376 254 τοιοῦτον
398 227 459 255 οὐδὲ
486 229 528 260 εἰς
550 227 673 255 διάνοιαν
703 228 797 255 λαϐεῖν
822 226 983 263 δυνηθέντες
997 226 1046 253 οὐκ

253 269 440 304 ἐπεγίνωσκον
463 270 510 297 τὸν
528 269 638 305 Ἰωσήφ.
654 269 741 301 Αύτὺς
754 269 784 296 δέ
795 268 968 304 παραχρῆμα
983 267 1047 294 θεα-

254 311 373 346 σάμενος
402 311 501 343 αὐτοὺς
521 311 639 345 ἐπέγνω,
656 311 704 338 καὶ
725 310 868 338 λανθάνειν
883 309 1046 342 ἐσπούδαζε,

253 353 302 379 καὶ
327 353 365 385 ὡς
390 352 542 388 ἀλλοτρίοις
562 354 653 385 αὐτοῖς
679 353 884 389 προσφέρεσθαι
909 352 1045 379 ἐϐούλετο.

259 393 469 428 Ἠλλοτριοῦτο
480 395 544 430 γὰρ,
562 394 656 430 φησὶν,
669 394 721 422 ἀπ’
736 394 846 427 αὐτῶν,
869 394 919 422 καὶ
935 394 1047 428 ἐλάλη-

251 444 309 464 σεν
321 437 423 470 αὐτοῖς
438 437 569 472 σκληρά·
581 437 630 464 καὶ
640 435 715 464 εἷπε·
728 438 825 465 Πόθεν
834 437 945 471 ﬁmus;
959 438 1047 473 Προσ-

251 479 369 505 ποιεῖται
383 478 504 514 παντελῆ
511 478 634 513 ἄγνοιαν,
646 479 689 505 ἳνα
702 479 792 506 πάντα
809 478 879 514 μετά
903 479 1046 514 ἀκριϐείας

251 521 318 555 παρ’
332 520 420 547 αὐτῶν
433 520 528 555 μαθεῖν
542 521 653 557 δυνηθῇ.
669 521 816 556 Ἐπεθύμει
829 520 884 557 γὰρ
899 521 1003 556 γνῶναι
1011 521 1046 548 τὰ

249 563 323 590 κατά
338 563 384 589 τὸν
398 563 505 600 πατέρα
521 564 614 590 καὶτὰ
627 563 697 590 κατά
709 563 755 589 τὸν
767 563 891 597 ἀδελφόν.

286 604 319 639 β’.
332 605 387 631 Καὶ
398 605 467 636 τέως
482 606 532 640 μὲν
549 605 713 632 πυνθάνεται
729 606 761 631 ἐκ
776 605 856 637 ποίας
873 604 965 641 χώρας
980 614 1046 639 τυγ-

249 646 379 682 χάνουσι,
399 646 446 674 καί
464 655 547 681 φασιν
565 648 596 674 ἐκ
611 647 661 682 τῆς
675 647 784 674 Χαναὰν
803 647 891 673 ἐλθεῖν
909 647 1045 683 ἀγοράσαι

250 687 396 724 βρώματα.
417 689 450 716 Ἦ
465 689 513 716 τοῦ
530 688 621 724 λιμοῦ,
640 689 734 723 φασὶν,
751 689 859 724 ἀνάγκη
876 689 926 724 τῆς
944 689 1045 716 66mm-

250 730 313 765 ρίας
323 731 397 766 ἡμᾶς
410 730 513 766 ταύτης
523 730 688 766 ἀνασχέσθαι
698 730 844 765 πεποίηκε,
853 730 900 757 καὶ
911 730 955 757 διὰ
965 730 1044 757 τοῦτο

249 772 444 804 καταλιπόντες
460 773 494 799 τὰ
512 773 599 799 οίκεῖα
613 771 729 799 ἐνταῦθα
738 773 976 808 παραγεγόναμεν.
989 773 1043 800 Καὶ

248 813 397 849 ἐμνήσθη.
415 814 508 849 φησὶν,
532 813 643 848 Ἰωσὴφ
656 813 717 841 τῶν
727 814 889 847 ἐνυπνίων,
905 810 949 841 ὧν
963 812 1044 841 εἶδεν

248 855 351 888 αὑτός.
369 855 418 886 Εἰς
434 855 538 881 ἔννοιαν
555 854 640 881 ἐλθὼν
651 855 706 882 τῶν
719 855 876 890 ὀνειράτων,
892 855 940 882 καὶ
954 854 1043 891 εὑρὼν

248 896 299 931 τὴν
321 896 432 924 ἑκϐασιν
454 897 495 928 είς
518 896 599 932 ἔργον
625 896 797 932 ἐληλυθυῖαν,
821 896 946 923 ἐϐούλετο
974 897 1042 932 μετὰ

247 938 393 974 ἀκριϐείας
403 938 512 965 ἅπαντα
529 938 635 973 μαθεῖν.
650 939 696 965 Διὸ
718 939 765 965 καὶ
788 938 859 974 μετά
874 938 978 974 πολλῆς
992 939 1041 966 αύ-

246 982 304 1012 τοῖς
320 981 370 1015 τῆς
384 981 564 1016 σφοδρότητος
580 980 682 1012 εύθέως
693 981 881 1016 ἀποκρίνεται,
899 981 947 1007 καί
962 986 1038 1016 φησι·

216 1042 221 1046 .
247 1021 444 1049 Κατάσποποί
471 1022 551 1054 ἐστε,
571 1022 622 1049 καί
648 1020 834 1056 κατανοῆσαι
846 1022 883 1049 τὰ
900 1022 970 1057 Ζχνη
986 1022 1042 1056 τῆς

246 1063 304 1098 τῆς
315 1064 416 1097 ἢκιιτε.
429 1064 485 1099 Ούχ
504 1061 585 1098 ὑγιεῖ,
608 1064 686 1099 φησὶ,
708 1064 805 1100 γνώμῃ
823 1064 1040 1100 παραγεγόνατε.

252 1104 374 1131 Ἐοίκατε
395 1105 479 1141 τέχνῃ
495 1106 548 1132 τινὶ
566 1105 613 1133 καὶ
626 1105 780 1142 κακουργίᾳ
797 1105 846 1142 τὴν
861 1105 978 1133 ἐνταῦθα
988 1107 1041 1140 ἄφ-

247 1146 299 1180 ιξιν
314 1146 502 1183 πεποιηκέναι.
518 1148 550 1173 Οῑ
567 1147 596 1174 δέ
612 1147 754 1181 ὲναγώνιοι
771 1148 912 1184 γενόμενοι
923 1168 930 1179 ,
947 1149 1038 1183 φασίν·

247 1189 332 1223 οὐχὶ,
353 1189 446 1222 κύριε.
463 1189 518 1215 Καὶ
533 1189 602 1224 ὅπερ
618 1189 714 1224 μαθεῖν
722 1190 888 1223 ἐσπούδαζεν
898 1191 913 1217 ό
928 1191 1039 1226 Ἰωσὴφ,

245 1230 325 1257 τοῦτο
341 1230 446 1257 οἴκοθεν
459 1230 540 1257 αὑτὸν
557 1230 722 1265 διδάσκουσι,
732 1231 780 1258 καί
793 1233 925 1267 φασιν·οί
935 1232 1041 1266 παῖδές

245 1278 305 1299 σου
330 1271 464 1306 ἤλθομεν
478 1272 622 1306 πρίασθαι
635 1273 789 1307 βρώματα.
806 1273 923 1307 Πάντες
944 1274 1040 1309 ἐσμὲν

244 1313 304 1341 υἱοὶ
314 1313 384 1346 ἐνὸς
394 1313 716 1348 ἀνθρώπου,ειρηνικοί
730 1315 834 1350 ἐσμεν,
847 1316 903 1343 οὐκ
917 1316 999 1343 εἶσιν
1012 1317 1040 1342 οι

245 1354 352 1388 παῖδές
375 1362 434 1382 σου
453 1355 651 1383 κατάσκοποι.
669 1356 730 1383 Ἔτι
747 1357 813 1392 περὶ
829 1357 934 1384 ἑαυτῶν
959 1357 1039 1393 μόνον

244 1396 471 1433 ἀπολογούμενοι,
484 1398 532 1424 καὶ
542 1397 596 1424 ύπὺ
603 1398 650 1424 τοῦ
662 1398 744 1433 φόϐου
755 1399 981 1431 κατασεισθέντες
989 1399 1039 1435 τὴν

243 1438 373 1470 διάνοιαν,
387 1439 493 1465 οὐδέπω
506 1439 541 1466 τὰ
555 1439 595 1475 τῷ
613 1440 714 1476 Ἰωσὴφ
730 1441 938 1477 σπουδαζόμενα
962 1443 1039 1478 είρή-

244 1489 319 1507 κασι.
337 1480 383 1507 Διὸ
394 1480 512 1516 ἐπέμενε
528 1481 625 1516 λέγων·
644 1482 728 1518 οὐχί,
751 1484 832 1511 ἀλλὰ
847 1484 883 1511 τὰ
895 1485 966 1519 ῖχνη
983 1484 1039 1519 τῆς

242 1522 301 1557 τῆς
311 1522 419 1557 ἤλθετε
436 1522 522 1550 ἰδεῖν.
540 1524 689 1560 Περιττῶς,
703 1525 781 1560 φησὶ,
795 1525 870 1562 [610]
884 1526 972 1553 ταῦτά
992 1535 1037 1561 μοι

242 1564 347 1599 λέγετε·
362 1564 411 1592 καὶ
426 1564 483 1601 γὰρ
497 1565 564 1593 αὐτὸ
575 1566 607 1592 τὺ
622 1566 716 1601 σχῆμα
723 1566 774 1601 τῆς
790 1568 944 1604 παρουσίας
960 1568 1038 1604 ὑμῶν

241 1605 389 1638 δείκνυσιν,
406 1606 447 1633 ὃτι
458 1607 612 1644 κακουργίᾳ
625 1608 679 1634 τινὶ
694 1608 832 1644 χρώμενοι
847 1609 964 1636 ἐνταῦθα
982 1619 1036 1637 πα-

244 1647 420 1683 ραγεγόνατε,
436 1648 469 1674 Οἱ
480 1648 509 1675 δὲ
522 1648 575 1675 ὑπὸ
585 1649 633 1684 τῆς
645 1649 769 1685 ἀνάγκης
783 1651 869 1686 αὐτῆς
879 1651 1037 1679 συνελαυνό-

244 1697 332 1725 μενοι,
356 1689 403 1715 καὶ
427 1688 583 1725 βουλόμενοι
596 1691 636 1719 είς
650 1688 741 1718 οἶκτον
766 1692 847 1719 αὐτὸν
867 1693 1035 1728 ἐπικάμψαι,

243 1730 321 1765 φασί·
337 1729 455 1757 Δώδεκὰ
467 1730 593 1766 ἐσμενγοί
609 1732 716 1765 παῖδές
723 1740 782 1760 σου
794 1733 930 1769 ἀδελφοί.
946 1735 978 1761 Ὥ
987 1735 1036 1770 τῆς

241 1771 444 1813 τῷνηρημάτων
465 1772 588 1810 ἀπάτηςί
607 1774 663 1800 Καὶ
681 1774 728 1801 τὸν
746 1776 803 1807 τοῖς
819 1776 951 1812 ἐμπόροις
971 1777 1037 1813 παρ’

241 1811 334 1839 αὐτῶν
350 1812 535 1849 διαπραθέντα
555 1814 594 1850 τῷ
614 1814 725 1851 ἀριθμῷ
740 1816 873 1852 συνῆψαν
890 1811 937 1844 καὶ
950 1818 981 1845 οὐ
992 1811 1037 1845 λέ-

241 1861 329 1889 γουσι,
340 1853 540 1891 Δώδεκαῆμεν,
556 1856 633 1888 ἀλλά,
645 1857 763 1884 Δώδεκά
783 1858 878 1893 ἐσμεν
898 1859 1034 1894 ἀδελφοί·

241 1895 292 1923 καὶ
301 1897 367 1923 ἰδοὺ
382 1899 399 1924 d
414 1897 635 1933 νεώτεροςμετὰ
647 1899 701 1926 τοῦ
716 1901 829 1933 πατρὸς
842 1901 937 1935 ἡμῶν.
951 1901 1036 1929 Τοῦτο

240 1937 296 1974 γὰρ
304 1936 337 1974 ἧν
355 1939 388 1965 αὐ
394 1939 429 1975 τῷ
437 1940 466 1966 τὸ
487 1940 703 1976 σπουδαζόμενον
716 1942 827 1976 γνῶναι,
843 1945 867 1969 εί
882 1944 920 1979 μὴ
933 1944 1035 1972 καὶτὸν

240 1980 355 2015 ἀδελφὺν
371 1980 406 2007 τὰ
431 1982 501 2009 αὐτά
526 1982 736 2011 διατεθείκασιν.
765 1984 839 2011 Ἰδοὺ
855 1986 872 2011 ὁ
892 1986 1035 2020 νεώτερος

238 2022 313 2056 μετὰ
324 2022 378 2049 τοῦ
391 2023 504 2057 πατρὸς
517 2022 612 2058 ἡμῶν
631 2026 647 2051 ὀ
656 2024 691 2051 δὲ
704 2024 804 2059 ἕτερος
820 2027 877 2060 οὐχ
896 2026 1033 2062 ὑπάρχει.

240 2063 296 2091 Καὶ
312 2063 342 2090 οὗ
356 2064 463 2098 λέγουσι
480 2066 529 2099 τὴν
544 2065 634 2092 αἰτίαν
658 2067 762 2100 σαφῶς,
778 2067 834 2093 ἀλλ’
850 2068 955 2100 ἁπλῶς,
973 2070 1034 2103 Οὐχ

240 2105 379 2140 ὑπάρχει.
399 2106 447 2132 Ἐκ
462 2106 557 2132 τούτου
573 2108 612 2138 εἰς
623 2107 741 2142 ὑποψίαν
757 2108 852 2141 ἐλθὼν,
870 2110 975 2145 μήποτε
988 2113 1035 2138 καὶ

240 2147 281 2178 είς
291 2148 337 2173 τὸν
355 2147 485 2182 Βενιαμὶν
503 2148 538 2174 τὰ
557 2148 637 2183 ὃμοια
659 2150 830 2185 εἰργάσαντο,
848 2152 924 2187 φησί·
944 2152 1035 2180 Τοῦτό

239 2188 326 2215 ἐστιν
339 2188 468 2223 ὃειρηκα
484 2189 567 2224 ὑμῖν,
581 2189 626 2216 ὅτι
643 2192 831 2218 κατάσκοποί
842 2193 970 2221 ἐστε.οὐ
979 2196 1034 2229 γὰρ

236 2229 280 2267 μὴ
293 2230 436 2264 ἐξέλθητε
449 2231 601 2263 ἐντεῦθεν,
618 2231 674 2265 ἕως
687 2231 722 2260 οὗ
734 2235 750 2260 ὁ
765 2234 898 2269 ἀδελφὸς
913 2236 997 2270 ὑμῶν
1015 2239 1031 2265 ὀ

238 2272 382 2307 νεώτερος
391 2272 466 2308 ἔλθῃ
476 2271 545 2301 ὧδε.
555 2274 673 2301 Ἐκεῖνον
683 2275 746 2302 ἰδεῖν
756 2275 897 2311 βούλομαι·
906 2278 1033 2314 ἐπιθυμῶ

239 2315 387 2342 θεάσασθαι
398 2316 444 2342 τὸν
457 2316 508 2348 τὰς
517 2315 603 2348 αὐτάς
612 2325 657 2352 μοι
669 2316 788 2344 λύσαντα
802 2319 910 2351 ὠδῖνας·
926 2321 1032 2356 ὑφορῶ-

239 2366 288 2393 μαι
297 2357 351 2394 γὰρ
358 2356 436 2393 ὑμῶν
447 2358 478 2384 ἐκ
489 2357 543 2385 τῶν
551 2359 612 2385 κατ’
621 2359 671 2393 ἐμὲ
681 2360 835 2394 γενομένων
849 2362 898 2396 τὴν
906 2362 1031 2396 μισάδελ-

236 2408 287 2434 φον
294 2399 416 2435 γνώμην.
425 2400 458 2426 Εἰ
465 2400 555 2427 τοίνυν
566 2400 702 2435 βούλεσθε,
720 2402 930 2430 Ἀποστείλατε
937 2404 991 2431 ἕνα
998 2405 1032 2437 ἐξ

235 2440 383 2476 ὐμῶν-,καί
396 2441 521 2477 ἀγάγετε
533 2443 635 2469 αὐτόν·
649 2444 726 2479 ὑμεῖς
735 2444 763 2470 δὲ
778 2445 877 2471 οἰκεῖτε
887 2446 917 2472 τὸ
925 2446 1032 2482 δεσμω-

235 2483 407 2525 τήριον,ἐως
427 2483 460 2511 ἂν
485 2484 588 2515 ἐκεῖνος
608 2486 807 2520 παραγένηται.
835 2486 953 2519 Ἐκεῖνος
977 2489 1031 2525 γὰρ

235 2524 435 2560 παραγεγονὼς
445 2525 556 2559 διδάξει,
574 2527 597 2552 εἰ
615 2528 703 2562 ἀληΟῆ
721 2528 754 2554 τὰ
774 2530 839 2563 παρ’
860 2529 935 2564 ὑμῶν
954 2524 1032 2564 λεγό-

236 2567 379 2609 μενακκαὶ
393 2566 571 2609 ἐλευθερώσει
589 2568 661 2602 ὑμᾶς
676 2569 767 2604 πάσης
783 2570 910 2605 ὑποψίας.
927 2572 958 2598 Εἰ
976 2572 1031 2609 γὰρ

236 2608 274 2643 μὴ
291 2607 370 2634 τοῦτο
386 2608 501 2641 γένοιτο,
515 2609 594 2645 δῆλον
610 2610 686 2637 ἔσται
700 2618 712 2631 υ
727 2612 767 2638 ὅτι
780 2607 1030 2645 κατάσκοποίὲστε,

234 2650 282 2676 καὶ
308 2650 352 2677 διὰ
366 2649 446 2677 τοῦτο
471 2651 588 2678 ἐνταῦθα
614 2653 829 2688 παραγεγόνατε.
858 2654 913 2681 Καὶ
944 2656 1030 2683 ταῦτα

234 2691 365 2726 εἰρηκὼς,
382 2692 483 2719 Ἔθετο
506 2693 618 2726 αὐτοὺς
633 2694 667 2720 ἐν
683 2694 722 2728 τῇ
740 2695 873 2730 φυλακῇ.
890 2697 960 2731 Ὅρα
973 2698 1031 2730 πῶς

234 2733 324 2760 αὐτῶν
341 2733 481 2768 βασανίζει
496 2735 546 2766 τάς
558 2735 681 2770 γνώμας,
700 2737 746 2763 καὶ
764 2737 798 2763 δι’
811 2734 848 2763 ὧν
865 2739 905 2769 εἰς
920 2738 1031 2771 τούτους

234 2774 430 2806 ἐπιδείκνυται,
442 2775 491 2811 τὴν
505 2777 698 2812 φιλοστοργίαν
712 2778 831 2806 δείκνυσι
844 2780 894 2814 τὴν
907 2782 974 2815 πρὸς
984 2781 1030 2807 τὸν

234 2815 357 2856 ἀδελφόν.
377 2815 459 2843 Μετὰ
482 2817 516 2844 δὲ
539 2818 616 2852 τρεῖς
637 2819 750 2854 ἡμέρας
769 2822 902 2854 καλέσας
919 2822 1030 2856 αὐτοὺς

235 2855 310 2884 εἷπε·
332 2858 424 2884 Τοῦτο
437 2859 595 2892 ποιήσατε,
606 2862 654 2888 καὶ
665 2862 794 2896 ζήσεσθε
807 2871 813 2876 ·
824 2863 877 2890 τὸν
890 2865 945 2898 γὰρ
956 2855 1030 2892 Θεὸν

236 2899 294 2942 ἐγὼ
306 2900 461 2934 φοϐοῦμαι.
478 2903 510 2930 ει
532 2904 674 2938 εἰρηνικοί
694 2906 779 2937 ἐστε.
795 2906 927 2940 ἀδελφὸς
944 2908 1027 2942 ὑμῶν

236 2938 279 2972 εἷς
301 2942 512 2975 κατασχεθήτω
528 2945 562 2971 ἐν
586 2945 623 2979 τῇ
646 2946 768 2980 φυλακῇ
780 2956 786 2961 ·
799 2938 884 2974 αὐτο-ί
897 2938 931 2975 δέ
941 2938 1028 2980 ,βαδί-

268 2982 281 2998 ι
292 2981 418 3007 Edehalur
428 2984 531 3016 γένηται,
541 2986 611 3015 δῆλόν
622 2988 680 3012 ἐστι.
692 2987 764 3013 Cois].
782 2990 861 3015 seculi
873 2997 966 3016 sumus.
980 2991 1025 3017 En.

605 169 635 198 S.
655 169 799 199 JOANNIS
816 166 1063 198 CHRYSOSTOMI
1084 166 1244 196 ARCHIEP.
1264 170 1538 199 CONSTANTlNOP.

1842 170 1895 199 550

1100 234 1175 253 σατε
1182 226 1232 253 καὶ
1246 227 1441 264 ἀπ[αγ]άγετε
1453 229 1507 255 τὸν
1520 227 1694 264 ἀγορασμὸν
1710 227 1765 262 τῆς
1778 227 1895 255 σιτοδο-

1099 269 1170 301 σίας
1180 269 1275 303 ὑμῶν,
1291 270 1340 297 καὶ
1359 270 1414 298 τὸν
1426 270 1563 305 ἀδελφὸν
1577 270 1662 305 ὑμῶν
1681 269 1735 297 τὸν
1751 269 1896 304 νεώτερον

1097 310 1223 345 ἀγάγετε
1246 312 1322 346 πρός
1344 320 1394 347 με,
1406 312 1457 339 καί
1480 311 1714 345 πιστευθήσεται
1726 312 1762 339 τὰ
1774 311 1896 347 ῥήματα

1098 353 1191 387 ὑμῶν’
1203 353 1230 380 εί
1242 353 1278 380 δὲ
1287 353 1343 388 μὴ,
1358 353 1570 381 ἀποθανεῖσθε.

1133 394 1233 421 Σκόπει
1247 395 1353 422 σύνεσιν
1369 404 1376 410 ·
1395 395 1561 430 Βουλόμενος
1576 395 1623 422 καὶ
1639 394 1689 429 τὴν
1701 395 1766 429 περὶ
1784 394 1895 426 τούτους

1097 433 1204 464 εὔνοιαν
1227 436 1423 469 ἐπιδείξασθαι,
1447 437 1494 464 καὶ
1515 436 1562 463 τοῦ
1587 437 1691 472 πατρὸς
1717 437 1767 472 τὴν
1792 436 1895 463 ἔνδειαν

1097 478 1365 513 παραμυθήσασθαι,
1385 478 1434 505 καὶ
1452 479 1517 514 περὶ
1536 478 1583 505 τοῦ
1603 478 1719 512 ἀδελφοῦ
1743 478 1839 513 μαθεῖν
1862 478 1893 504 τὸ

1096 520 1206 555 ἀληθὲς,
1230 520 1279 547 ἑνα
1302 520 1504 556 κατασχεθῆναι
1527 520 1698 556 προστάξας,
1716 520 1779 551 τοὺς
1797 519 1892 551 ἀλλους

1095 561 1224 588 ἀπελθεῖν
1237 561 1389 589 ἐκέλευσεν.
1401 562 1470 589 Ἀλλ’
1481 562 1533 599 ὅρα
1549 571 1594 597 μοι
1605 561 1698 588 λοιπὸν
1715 561 1833 588 ἐνταῦθα
1847 562 1890 588 τὸν

1095 602 1244 629 ἀδέκαστον
1258 603 1397 639 δικαστὴν,
1413 603 1444 630 τὸ
1460 603 1577 635 συνειδὸς
1595 602 1685 630 αὐτῶν
1698 602 1890 636 κατεξανιστά-

1096 653 1176 679 μενον
1189 666 1196 677 ,
1212 645 1259 671 καὶ
1274 645 1379 677 οὐδενὸς
1392 645 1547 680 ἐλέγχοντος
1562 665 1570 676 ,
1585 645 1646 672 οὐδὲ
1661 645 1702 676 είς
1715 645 1797 680 μέσον
1811 645 1893 678 ἀγον‹

1095 693 1150 716 τος,
1172 684 1271 716 αὐτοὺς
1294 685 1397 711 ἑαυτῶν
1423 685 1590 721 κατηγόρους
1614 685 1791 720 γινομένους·
1814 682 1887 711 Εῖπε

1094 725 1149 760 γὰρ
1162 746 1169 758 ,
1185 726 1285 761 φησὶν,
1303 726 1433 759 ἕκαστος
1453 726 1528 761 πρὸς
1547 727 1601 753 τὸν
1619 725 1755 759 ἀδελφὸν
1774 725 1869 753 αὑτοῦ
1884 734 1890 740 ’

1093 768 1151 794 Ναί
1164 775 1172 784 ·
1187 767 1223 795 ἐν
1236 768 1394 803 ἁμαρτίαις
1412 768 1469 803 γάρ
1486 769 1582 803 ἐσμεν
1601 768 1669 802 περὶ
1686 767 1741 794 τοῦ
1756 767 1891 802 ἀδελφοῦ

1093 809 1188 844 ἡμῶν,
1219 810 1264 837 ὅτι
1285 810 1481 846 ὑπερείδομεν
1504 811 1563 845 τὴν
1583 811 1689 844 θλίψιν
1710 809 1766 843 τῆς
1786 810 1890 844 ψυχῆς

1093 852 1197 884 αὐτοῦ,
1218 851 1268 879 ὅτε
1285 852 1441 880 κατεδέετο
1454 852 1549 888 ἡμῶν,
1565 852 1615 879 καὶ
1635 853 1692 879 οὐκ
1709 852 1890 885 εἰσηκούσα-

1081 902 1150 928 ιμεν
1175 894 1286 922 αὐτοῦ·
1306 895 1411 922 ἕνεκεν
1439 893 1496 923 οὖν
1526 896 1635 922 τούτου
1660 893 1795 927 ἐπῆλθεν
1817 893 1891 928 ἡμῖν

1094 935 1179 963 πᾶσα
1202 936 1221 970 ἠ
1248 936 1353 970 θλίψις
1374 937 1461 971 αὕτη.
1483 936 1610 963 Τοιοῦτον
1632 936 1686 971 γὰρ
1707 937 1723 971 ἡ
1746 935 1868 971 ἁμαρτία
1883 943 1890 950 ·

1093 977 1204 1004 ἐπειδὰν
1222 978 1335 1014 τελεσθῇ
1349 978 1395 1005 καὶ
1409 978 1450 1010 είς
1464 978 1544 1013 ἔργον
1560 978 1636 1014 ἔλθῃ.
1650 977 1710 1004 τότε
1724 978 1774 1013 τῆς
1787 978 1890 1009 οἰκείας
1915 999 1919 1002 .

1092 1018 1208 1051 ἀτοπίας
1237 1019 1357 1046 δείκνυσι
1383 1020 1434 1055 τὴν
1460 1020 1626 1056 ὑπερϐολήν.
1654 1020 1710 1047 Καὶ
1731 1019 1856 1055 καθάπερ
1875 1021 1891 1046 ὁ

1094 1060 1211 1096 μεθύων,
1231 1061 1294 1088 ὅταν
1312 1062 1360 1096 μὲν
1373 1061 1456 1089 πολὺν
1466 1062 1511 1088 τὸν
1522 1062 1640 1096 ἄκρατον
1654 1061 1748 1097 ἐγχέῃ,
1760 1061 1889 1097 οὐδεμίαν

1091 1102 1217 1137 αἴσθησιν
1232 1102 1366 1138 λαμϐάνει
1376 1103 1427 1139 τῆς
1440 1104 1473 1130 ἐκ
1485 1103 1532 1130 τοῦ
1545 1103 1616 1130 οἴνου
1631 1104 1778 1138 γινομένης
1788 1102 1888 1138 λύμης.

1093 1145 1161 1179 μετά
1174 1144 1203 1171 δὲ
1221 1144 1308 1171 ταῦτα
1324 1144 1369 1171 διὰ
1391 1146 1439 1180 τῆς
1461 1145 1559 1180 πείρας
1583 1144 1669 1180 αὐτῆς
1689 1144 1820 1180 μανθάνει
1838 1144 1888 1179 τῆς

1092 1185 1195 1221 βλάϐης
1207 1186 1238 1213 τὸ
1254 1187 1368 1222 μέγεθος
1381 1195 1388 1203 ·
1403 1186 1475 1213 οὕτω
1491 1186 1537 1214 καὶ
1554 1188 1570 1222 ή
1590 1187 1729 1223 ἀμαρτίαὶ·
1744 1187 1825 1223 μέχρι
1837 1186 1888 1222 μὲν

1091 1226 1125 1253 ἂν
1141 1227 1254 1262 τελεσθῇ
1270 1227 1296 1260 δ,
1315 1229 1406 1254 σκοτοῖ
1420 1227 1466 1255 τὸν
1484 1228 1624 1263 λογισμὸν,
1640 1228 1687 1255 καὶ
1698 1228 1825 1264 καθάπερ
1844 1236 1889 1254 νε-

1091 1268 1158 1303 φέλη
1185 1269 1293 1305 πυκνὴ,
1316 1268 1388 1296 οὕτω
1407 1271 1492 1305 πηροῖ
1508 1269 1558 1305 τὴν
1574 1269 1693 1297 διάνοιαν
1705 1278 1712 1285 ·
1734 1269 1846 1305 ὕστερον
1858 1269 1888 1296 δὲ

1091 1309 1205 1346 [διητδ
1216 1311 1334 1343 συνειδὸς
1346 1310 1606 1347 κατεξανιστάμενον
1619 1312 1720 1343 παντὸς
1732 1311 1886 1347 κατηγόρου

1091 1352 1268 1388 σφοδρότερον
1291 1353 1449 1386 καταξαίνει
1472 1354 1521 1389 τὴν
1546 1353 1675 1385 διάνοιαν,
1700 1355 1748 1381 καὶ
1767 1353 1886 1380 δείκνυσι

1089 1393 1143 1420 τῶν
1155 1394 1348 1430 γεγενημένων
1362 1394 1411 1429 τὴν
1425 1394 1552 1422 ἀτοπίαν.
1566 1395 1638 1431 Ὅρα
1649 1395 1704 1430 γὰρ
1718 1395 1766 1422 καὶ
1775 1395 1886 1427 τούτους

1089 1434 1137 1462 νῦν
1156 1436 1197 1467 είς
1215 1435 1341 1472 αἴσθησιν
1358 1436 1539 1472 ἐρχομένους,
1555 1437 1601 1464 καὶ
1615 1437 1659 1463 ὅτε
1679 1436 1803 1471 περὶτοῦ
1816 1436 1886 1463 πάν-

1088 1477 1135 1508 τὸς
1159 1475 1229 1504 εἶδον
1243 1478 1350 1510 ἑαυτοῖς
1372 1478 1594 1513 ἐπικρεμάμενον
1607 1478 1653 1505 τὸν
1670 1479 1792 1505 κίνδυνον
1803 1498 1810 1509 .
1824 1477 1885 1504 τότε

1087 1518 1351 1554 ἐξομολογουμένους
1365 1519 1400 1546 τὰ
1417 1519 1463 1546 ὑπ’
1479 1519 1570 1546 αὐτῶν
1586 1520 1767 1555 γεγενημένα,
1781 1519 1827 1546 καὶ
1839 1518 1885 1545 λέ-

1088 1569 1187 1594 γοντας
1201 1570 1207 1576 ·
1226 1562 1283 1589 Ναί
1301 1567 1312 1581 α
1330 1570 1339 1577 ν
1354 1561 1390 1588 ἐν
1406 1562 1562 1597 ἁμαρτίαις
1574 1562 1631 1597 γάρ
1642 1562 1736 1596 ἐσμεν
1748 1561 1816 1595 περὶ
1831 1562 1885 1588 τοῦ

1088 1602 1222 1637 ἀδελφοῦ
1244 1602 1339 1637 ἡμῶν,
1360 1603 1405 1630 ὅτι
1425 1604 1622 1639 ὺπερείδομεν
1634 1604 1694 1638 τὴν
1707 1605 1813 1638 θλίψιν
1830 1602 1886 1637 τῆς

1087 1645 1193 1680 ψυχῆς
1203 1645 1307 1673 αὐτοῦ.
1329 1645 1385 1681 υὺχ
1403 1646 1497 1678 ἀπλῶς
1515 1646 1575 1673 οὐδὲ
1592 1646 1690 1681 μάτην,
1707 1646 1786 1681 φησὶ,
1798 1645 1885 1672 ταῦτα

1088 1687 1275 1726 ὑπομένομεν,
1283 1687 1351 1715 ἀλλὰ
1363 1687 1485 1721 δικαίως,
1498 1689 1545 1715 καὶ
1556 1688 1658 1723 σφόδρα
1670 1687 1796 1719 δικαίως·
1807 1688 1885 1718 δίκας

1088 1730 1143 1765 γὰρ
1155 1730 1263 1765 δίδομεν
1269 1731 1327 1766 -τῆς
1340 1730 1538 1767 ἀπανθρωπίας
1551 1731 1599 1758 καὶ¹
1611 1731 1661 1766 τῆς
1675 1730 1816 1766 ὠμότητος
1827 1750 1835 1762 ,
1849 1728 1884 1766 ἧς

1087 1772 1153 1807 περὶ
1173 1772 1218 1799 τὸν
1236 1771 1350 1807 ἀδελφὸν
1369 1772 1567 1809 ἐπεδειξάμεθα
1579 1781 1586 1788 ·
1603 1773 1669 1800 Ὀτι
1688 1771 1884 1807 ὑπερείδομεν

1087 1813 1146 1847 τὴν
1171 1814 1278 1849 θλίψιν
1303 1814 1360 1849 τῆς
1390 1813 1496 1849 ψυχῆς
1525 1813 1632 1847 αὐτοῦ,
1659 1814 1709 1841 ὅτε
1729 1813 1883 1841 κατεδέετο

1086 1854 1180 1890 ἡμῶν,
1207 1856 1258 1883 καὶ
1285 1857 1342 1884 οὐκ
1367 1857 1595 1892 εἰσηκούσαμεν
1622 1855 1726 1884 αὐτοῦ.
1761 1854 1881 1889 Ἐπειδὴ,

1087 1898 1181 1933 φησὶν,
1198 1898 1370 1934 ἀσυμπαθεῖς
1384 1899 1553 1933 γεγόναμεν,
1565 1898 1612 1925 καὶ
1625 1897 1725 1933 πολλὴν
1744 1895 1883 1928 ἐπεδειξά-

1089 1939 1159 1974 μεθα
1174 1939 1223 1975 τὴν
1240 1940 1380 1976 ὠμότητα,
1403 1941 1447 1967 διὰ
1470 1940 1550 1967 τοῦτο
1575 1941 1623 1968 καὶ
1649 1941 1730 1976 ἡμεῖς
1754 1937 1802 1965 νῦν
1826 1937 1881 1965 τῶν

1086 1982 1177 2009 αὐτῶν
1192 1982 1353 2018 πειρώμεθα
1367 1991 1374 1997 ·
1388 1983 1515 2010 ’Ἕνεκεν
1538 1982 1593 2017 γὰρ
1618 1982 1727 2009 τούτου
1748 1981 1882 2016 ἐπῆλθεν

1086 2023 1132 2058 ἐφ’
1146 2023 1226 2058 ἡμᾶς
1238 2025 1257 2058 ἠ
1274 2025 1380 2058 θλίψις
1397 2025 1487 2058 αῦτη.

1120 2068 1155 2099 γ’.
1167 2066 1223 2092 Καὶ
1236 2066 1323 2092 ταῦτα
1340 2066 1391 2101 μὲν
1404 2066 1473 2101 πρὸς
1486 2066 1618 2102 ἀλλήλους
1630 2066 1790 2101 διελέγοντο,
1805 2067 1881 2102 νομί-

1086 2107 1178 2139 ζοντες
1195 2107 1308 2142 μηδενὸς
1322 2107 1424 2134 τούτων
1439 2108 1584 2135 ἐπακούειν
1593 2109 1638 2135 τὸν
1652 2109 1761 2144 Ἰωσήφ.
1776 2109 1819 2139 Ὡς
1826 2109 1881 2144 γὰρ

1085 2148 1190 2182 ἀγνοῶν
1203 2148 1251 2175 καὶ
1262 2148 1312 2174 οὐκ
1326 2148 1404 2180 είδὼς
1412 2149 1501 2176 αὐτῶν
1508 2150 1558 2185 τὴν
1565 2149 1698 2184 γλῶτταν.
1709 2150 1879 2185 παρεσκεύαπ

1085 2198 1131 2216 σεν
1147 2189 1269 2225 ἑρμηνέα
1285 2190 1386 2225 μεταξὺ
1402 2190 1564 2226 ἀμφοτέρων
1575 2192 1697 2223 ἑστάναι,
1710 2191 1801 2219 καὶτὰ
1812 2194 1879 2228 παρ’

1084 2231 1168 2257 αὑτοῦ
1182 2231 1325 2266 διασαφεῖν
1337 2232 1468 2264 ἐκείνοις,
1488 2233 1536 2259 καὶ
1547 2233 1582 2260 τὰ
1597 2235 1660 2268 παρ’
1678 2234 1791 2260 ἐκείνων
1806 2235 1880 2268 αὐτῷ

1085 2272 1256 2309 ἑρμηνεύειν.
1285 2273 1380 2300 Ταῦτα
1405 2273 1440 2300 δὲ
1467 2274 1586 2301 ἀκούων
1612 2276 1630 2301 ὁ
1661 2275 1789 2310 Ῥουϐὴν
1814 2274 1880 2302 εἷπε

1084 2314 1158 2348 πρὸς
1188 2315 1314 2348 αὐτούς·
1332 2316 1393 2343 οὐκ
1412 2315 1551 2350 ἐλάλησα
1581 2316 1662 2351 ὑμῖν,
1693 2317 1800 2352 λέγων.
1828 2318 1878 2351 Μὴ

1083 2356 1249 2389 ἀδικήσητε
1274 2357 1307 2383 τὸ
1334 2357 1507 2391 παιδάριον,
1532 2357 1580 2384 καὶ
1596 2359 1652 2385 οὐκ
1677 2360 1879 2392 εὶσηκούσητέ

1080 2406 1158 2432 μου;
1175 2397 1230 2426 Καὶ
1245 2398 1310 2426 ὶδοὺ
1323 2399 1357 2426 τὸ
1368 2397 1441 2434 alga
1457 2400 1550 2427 αὑτοῦ
1566 2400 1737 2434 ἐκζητεῐται.
1758 2402 1795 2427 Οὺ
1813 2409 1875 2427 συν-

1083 2439 1242 2472 εϐούλευσα,
1257 2441 1334 2477 φησὶ,
1358 2442 1427 2474 τότε,
1452 2442 1482 2468 οὐ
1504 2443 1690 2478 παρεκάλεσα,
1708 2442 1778 2469 ὥστε
1795 2443 1877 2478 μηδε-

1084 2482 1149 2517 μίαν
1173 2483 1280 2510 ἀδικίαν
1307 2484 1371 2519 περὶ
1391 2484 1472 2511 αὐτὸν
1496 2484 1700 2518 ἑπιδείξασθαι;
1726 2485 1777 2511 Διὰ
1799 2485 1878 2511 τοῦτο

1081 2523 1130 2550 νῦν
1149 2524 1184 2551 Τὸ
1200 2522 1272 2559 αἷμα
1287 2525 1380 2552 αὐτοῦ
1394 2525 1565 2560 ἐκζητεῒται.
1586 2527 1625 2562 Τῇ
1644 2526 1697 2562 γὰρ
1711 2526 1808 2561 γνώμῃ
1826 2526 1876 2553 αὺ-

1081 2565 1127 2592 τὺν
1138 2566 1259 2592 ἀνείλετε
1274 2574 1280 2580 ·
1295 2568 1318 2593 εἰ
1331 2568 1385 2603 γὰρ
1403 2567 1450 2594 καὶ
1467 2568 1504 2603 μὴ
1520 2568 1564 2594 διὸ
1581 2568 1627 2594 τοῦ
1643 2568 1741 2604 λαιμοῦ
1755 2568 1786 2594 τὸ
1802 2568 1878 2602 ξίφος

1081 2607 1188 2640 ὼσατε,
1206 2607 1274 2634 ἀλλὰ
1291 2608 1440 2644 βαρϐάροις
1457 2609 1586 2643 ἀνδράσιν
1605 2609 1686 2636 αὐτὸν
1705 2610 1876 2645 πεπράκατε,

1082 2649 1128 2675 καὶ
1141 2649 1335 2685 χαλεπωτέραν
1346 2651 1461 2677 θανάτου
1475 2651 1596 2678 δουλείαν
1610 2651 1684 2686 αὐτῷ
1700 2652 1875 2687 ἑπενοήσατε·

1081 2691 1125 2718 διὰ
1141 2691 1230 2724 τοῦτο,
1247 2693 1282 2719 Τὸ
1296 2691 1368 2727 αἱμα
1375 2693 1469 2720 αὑτοῦ
1480 2693 1718 2727 ἑκζητεῖταινῡν.
1736 2693 1877 2727 Ἐννόησον

1081 2735 1143 2761 ὅσον
1159 2735 1233 2761 ἐστὶν
1250 2735 1302 2762 ὑπὸ
1326 2735 1373 2762 τοῦ
1398 2736 1549 2767 συνειδότος
1576 2735 1805 2771 κατηγορεῖσθαι,
1829 2737 1877 2762 καὶ

1081 2776 1174 2803 τοῦτον
1197 2777 1244 2804 τὸν
1268 2778 1420 2813 κατήγορον
1443 2778 1575 2813 διηνεκῶς
1595 2778 1669 2813 ἔχειν
1691 2778 1876 2812 ἐπικείμενον,

1082 2818 1256 2845 καταϐοῶντα
1281 2820 1327 2846 καὶ
1350 2819 1399 2855 τὴν
1424 2819 1596 2855 παρανομίαν
1619 2820 1875 2855 ὑπομιμνήσκοντα.

1081 2859 1136 2886 Καὶ
1162 2860 1256 2886 ταῦτα
1282 2860 1374 2894 ἤκουε
1401 2860 1461 2895 μὲν
1483 2860 1594 2896 Ἰωσήφ
1627 2870 1634 2877 ·
1654 2860 1739 2888 αὐτοὶ
1759 2860 1794 2887 δὲ
1817 2861 1875 2887 οὐκ

1112 2900 1126 2920 h
1137 2901 1249 2933 Quinqgge
1261 2903 1447 2933 πιεεητελειωθῇ.

1115 2932 1127 2965 °_
1139 2932 1185 2965 Nai
1193 2932 1252 2965 a!ipi_
1262 2932 1381 2965 vertimus
1391 2932 1464 2965 rem,
1476 2940 1532 2964 quae
1544 2935 1584 2958 est
1595 2932 1692 2965 propria
1704 2934 1771 2958 vocis
1781 2933 1875 2964 ignin-

1082 2962 1215 2996 galio._Sed
1228 2962 1268 2986 hic
1288 2962 1376 2996 mefitg
1393 2962 1491 2989 clarius'
1507 2962 1624 2996 expr'miil.
1641 2962 1756 2990 'menlem
1771 2962 1874 2990 Ira—trum

1080 2992 1191 3024 Josephi,
1203 2996 1230 3018 ut
1241 3000 1271 3018 ex
1281 2995 1347 3019 serie
1360 2994 1449 3025 liquet.
