4146 6260
454 276 559 331 519

452 386 745 443 istiiaelitas
772 384 1226 449 factum‘servum,
1256 382 1562 452 servireque
1584 382 1725 451 apud
1755 383 2027 447 barbaros,

452 479 592 534 unde
632 478 758 531 nihil
784 477 957 532 simile
985 477 1090 530 illis
1112 478 1193 531 vel
1226 477 1275 528 in
1308 484 1537 529 mentem
1569 476 1749 529 venire
1781 484 1983 543 poterat
2012 490 2026 536 ;

450 578 507 622 et
536 583 638 621 non
662 576 988 636 agnoverunt
1005 565 1223 633 Joseph.
1256 565 1374 632 Ipse
1400 578 1526 617 vero
1561 564 1738 617 statim
1765 573 1821 617 ut
1852 564 1981 617 vidit
2008 604 2023 628 ,

446 659 661 727 agnovit
684 672 777 712 eos
804 674 818 709 :
846 666 901 712 et
943 666 1000 710 ut
1045 656 1377 725 ignoraretur
1404 654 1642 718 studuit,
1690 669 1753 707 ac
1795 669 1914 707 cum
1950 656 2027 708 eis

442 750 595 813 quasi
614 762 735 800 cum
784 747 971 801 alienis
1015 761 1173 815 agere
1199 744 1384 801 voluit.
1416 746 1468 799 7.
1514 745 1839 798 Abalienabat
1883 745 2024 800 enim
2114 792 2117 795 .

438 853 497 889 se
515 836 578 889 ab
605 838 675 890 eis
692 877 707 903 ,
751 847 797 889 et
826 837 1059 905 loquutus
1085 846 1158 890 est
1188 836 1260 889 eis
1288 836 1455 898 dura;
1483 845 1531 889 et
1559 836 1688 889 dixit
1713 851 1733 889 :
1767 834 1913 890 Unde
1939 852 2025 889 ve-

441 926 629 980 nistis?
668 927 890 981 Simulat
920 925 1280 981 omnimodam
1325 925 1710 994 ignorantiam,
1752 933 1812 979 ut
1847 925 2025 981 omnia

438 1015 724 1085 diligenter
742 1016 809 1071 ab
829 1017 906 1071 eis
931 1016 1137 1071 discere
1156 1024 1335 1085 queat.
1362 1015 1708 1070 Desiderabat
1725 1016 1868 1071 enim
1887 1018 2025 1073 scire

438 1120 560 1173 qua:
585 1104 653 1159 ad
681 1114 885 1174 patrem
913 1113 969 1160 et
991 1104 1058 1159 ad
1084 1104 1300 1160 fratrem
1329 1105 1658 1174 spectabant.

510 1196 564 1248 2.
593 1196 659 1250 Et
685 1198 912 1265 primum
937 1197 1127 1267 quaerit
1150 1212 1218 1251 ex
1245 1213 1348 1265 qua
1372 1197 1588 1265 regione
1608 1197 1736 1263 sint,
1761 1205 1818 1252 et
1839 1197 2024 1252 dicunt

436 1302 505 1341 cx
529 1288 778 1341 Chanaan
806 1303 865 1342 se
888 1289 1099 1343 venisse
1125 1297 1182 1341 ut
1223 1297 1463 1342 emerent
1489 1288 1770 1342 frumenta.
1802 1287 1977 1342 Famis
2000 1328 2017 1354 ,

439 1377 702 1447 inquiunt,
735 1369 1024 1434 necessitas
1048 1378 1100 1432 in
1126 1393 1283 1435 causa
1305 1387 1386 1432 est
1408 1393 1573 1446 quare
1593 1378 1645 1433 id
1672 1378 1877 1433 itineris
1895 1387 2021 1433 con-

437 1470 696 1536 fecimus,
729 1477 783 1523 et
810 1480 1090 1539 prepterea
1122 1471 1318 1525 relictis
1365 1470 1590 1539 propriis
1618 1469 1721 1525 huc
1756 1472 2015 1525 venimus.

436 1558 493 1612 9.
525 1557 592 1611 Et
617 1560 910 1619 recordatus
938 1569 1044 1624 est,
1077 1562 1240 1629 inquit
1271 1601 1288 1626 ,
1330 1559 1520 1629 Joseplt
1565 1562 1870 1614 somniorum
1908 1579 2020 1631 qua:

434 1649 542 1716 ipse
564 1649 773 1704 viderat.
799 1651 856 1705 In
879 1661 1107 1705 mentem
1130 1663 1387 1706 venerunt
1407 1653 1455 1705 ei
1484 1653 1708 1718 somnia,
1734 1664 1788 1706 et
1810 1654 2019 1710 videbat

432 1742 651 1796 evenire
674 1758 735 1796 ea
755 1784 771 1809 ,
808 1744 1031 1812 ideoque
1062 1743 1272 1797 volebat
1294 1744 1568 1813 diligenter
1593 1746 1769 1798 omnia
1790 1746 2016 1816 discere,

432 1841 488 1885 et
518 1847 704 1901 magna
753 1849 874 1887 cum
916 1834 1224 1889 austeritate
1264 1836 1343 1890 eis
1385 1836 1710 1905 respondet,
1736 1851 1800 1891 ac
1842 1837 2012 1894 dicit:

431 1920 791 1992 Exploratores
818 1925 956 1989 estis,
976 1935 1022 1977 et
1046 1925 1115 1983 ad
1138 1925 1504 1980 consideranda
1526 1928 1730 1995 vestigia
1754 1936 1899 1980 terra:
1927 1944 2013 1982 ve-

431 2013 592 2066 nistis.
628 2013 743 2067 Non
772 2024 935 2077 recta,
966 2016 1133 2084 inquit
1158 2054 1173 2080 ,
1208 2024 1383 2070 mente
1408 2016 1712 2070 advenistis.
1755 2017 2013 2072 Videmini

428 2110 542 2155 arte
585 2110 641 2157 et
669 2105 993 2172 malignitate
1031 2104 1259 2173 quadam
1300 2104 1404 2159 huc
1444 2106 1680 2173 profecti.
1713 2106 1787 2159 Illi
1835 2117 2012 2162 autem

429 2193 569 2247 anxii
597 2194 841 2249 dixerunt
869 2212 885 2250 :
913 2196 1001 2251 10.
1032 2195 1154 2249 Non
1175 2237 1189 2259 ,
1223 2197 1440 2250 domine.
1471 2197 1534 2251 Et
1563 2197 1614 2251 id
1647 2198 1789 2267 quod
1809 2198 2013 2254 discere

432 2284 680 2338 studebat
702 2285 918 2354 Joseph,
949 2287 1048 2341 hoc
1072 2302 1102 2340 a
1124 2288 1422 2357 semetipsis
1443 2288 1674 2354 docent,
1705 2298 1760 2343 et
1785 2289 1966 2344 dicunt
1993 2307 2007 2342 :

431 2372 577 2427 Servi
621 2376 694 2427 tui
730 2377 951 2430 venimus
975 2417 991 2443 ,
1035 2387 1089 2429 ut
1136 2394 1357 2431 amamus
1404 2379 1666 2433 escas.11.
1702 2379 1885 2433 Omnes
1914 2380 2009 2447 ﬁlii

428 2479 604 2517 sumus
626 2464 771 2518 unius
801 2466 893 2519 viri
918 2508 931 2529 ,
962 2468 1159 2535 paciﬁci
1176 2484 1379 2533 sumus,
1411 2484 1510 2521 non
1529 2477 1644 2521 sunt
1664 2471 1791 2521 servi
1827 2470 1897 2521 tui
1924 2484 2009 2522 ea:-

428 2556 732 2625 ptoratores.
771 2556 956 2611 Adhuc
983 2557 1050 2612 de
1074 2558 1262 2628 seipsis
1293 2568 1492 2612 tantum
1532 2560 1788 2613 rationem
1820 2559 2008 2614 redde-

426 2647 587 2710 bant,
613 2659 668 2702 et
697 2664 803 2717 prae
830 2651 1019 2705 timore
1048 2651 1256 2705 attoniti
1296 2660 1504 2715 mente,
1541 2651 1771 2704 nondum
1801 2667 1917 2720 quae
1941 2651 2008 2706 ad

424 2736 619 2807 Ioseph
667 2740 1039 2809 pertinebant,
1080 2741 1322 2797 dixerant
1350 2759 1363 2795 :
1393 2741 1512 2796 ideo
1538 2741 1627 2795 ille
1653 2756 2003 2810 perseverans

422 2829 633 2885 dicebat
664 2849 677 2884 :
707 2832 792 2886 12.
818 2831 957 2894 Non,
985 2833 1073 2887 sed
1098 2835 1299 2887 venistis
1327 2842 1382 2887 ut
1415 2834 1623 2909 vestigia
1651 2843 1801 2889 terra!
1826 2835 2006 2904 explo—

422 2921 562 2973 ratis.
607 2919 978 2988 Supervacue,
1011 2922 1208 2991 inquit,
1257 2923 1371 2978 haec
1401 2924 1530 2978 mihi
1565 2924 1740 2979 dicitis
1768 2944 1783 2979 :
1810 2926 2005 2979 etenim

424 3010 508 3064 vel
532 3009 645 3078 ipsa
670 3009 931 3064 adventus
955 3013 1116 3073 vestri
1140 3013 1277 3068 ratio
1300 3012 1555 3077 declarat,
1588 3029 1682 3069 vos
1710 3016 1851 3069 malo
1874 3030 2007 3084 quo-

424 3098 549 3154 dam
581 3102 852 3171 prnposito
881 3112 1055 3157 motos
1086 3103 1188 3160 huc
1226 3105 1456 3160 venisse.
1490 3105 1569 3160 Illi
1607 3115 1784 3162 autem
1816 3122 2002 3163 neces-

423 3188 580 3245 sitate
605 3192 773 3246 coacti
798 3234 813 3258 ,
843 3201 897 3248 et
927 3193 1171 3249 volentes
1199 3210 1321 3250 eum
1349 3194 1416 3249 ad
1442 3195 1861 3265 misericordiam
1902 3197 1997 3251 lle.

421 3291 568 3336 clere
594 3282 779 3338 dicunt
806 3303 818 3337 :
846 3286 930 3341 15.
960 3284 1237 3339 Duodecim
1274 3303 1451 3341 sumus
1476 3287 1658 3356 fratres
1683 3289 1817 3342 servi
1840 3289 1930 3341 tui.
1960 3289 2003 3344 Ο

421 3372 705 3427 verborum
735 3374 1100 3445 deceptionem
1124 3376 1138 3429 l
1172 3376 1346 3430 Etiam
1372 3391 1495 3431 eum
1524 3393 1681 3447 quem
1709 3377 2000 3453 negotiato-

421 3460 568 3516 ribus
594 3463 978 3530 vendiderant,
1028 3466 1081 3519 in
1131 3481 1355 3522 numero
1396 3481 1499 3521 suo
1536 3477 1857 3523 recensent:
1903 3483 2003 3523 nec

419 3549 648 3607 dicunt:
694 3554 978 3609 Duodecim
1031 3557 1228 3610 fuimus
1256 3597 1273 3623 ,
1321 3556 1414 3611 sed
1441 3597 1456 3622 ,
1507 3556 1787 3611 Duodecim
1828 3574 2001 3611 sanius

422 3644 621 3711 fratres,
649 3652 695 3695 et
721 3660 833 3697 ecce
843 3645 1026 3714 jnnior
1049 3662 1162 3698 cum
1186 3655 1329 3715 patre
1365 3655 1557 3699 nostro.
1586 3646 1698 3700 Hoc
1724 3647 1864 3700 enim
1887 3655 2003 3701 erat

420 3731 560 3799 quod
589 3733 724 3786 scire
753 3733 1018 3801 cupiebat,
1048 3749 1171 3787 num
1196 3744 1248 3788 et
1276 3734 1491 3787 fratrem
1517 3734 1759 3788 similiter
1785 3733 2002 3787 afﬂixis—

420 3829 560 3875 sent.
590 3819 657 3872 Et
683 3837 791 3873 ecce
806 3821 986 3892 junior
1008 3838 1122 3873 cum
1148 3832 1291 3890 patre
1317 3831 1489 3874 nostro
1513 3836 1533 3884 ;
1558 3822 1689 3874 alius
1714 3814 1879 3873 autem
1900 3837 2001 3873 non

422 3918 667 3979 superest.
698 3909 806 3964 Nec
832 3910 1015 3963 dicunt
1046 3927 1158 3964 rem
1190 3910 1484 3975 manifeste,
1513 3910 1603 3965 sed
1629 3920 1850 3974 tantum,
1879 3908 2000 3964 Non

416 4009 659 4069 superest.
691 3999 767 4053 Ex
798 4001 897 4054 hoc
922 4016 1041 4054 cum
1084 4000 1440 4070 suspicaretur
1462 4043 1477 4068 ,
1505 4016 1572 4056 ne
1602 3999 1737 4055 forte
1776 4011 1829 4054 et
1860 4001 1997 4054 Ben-

414 4091 582 4158 jamin
608 4093 765 4146 simili
796 4093 953 4146 modo
998 4092 1332 4156 aﬂ‘ecissent,
1366 4094 1456 4148 H.
1503 4093 1616 4146 Hoc
1648 4102 1760 4160 est,
1792 4092 1997 4160 inquit,

416 4184 551 4254 quod
572 4185 679 4239 dixi
700 4186 853 4249 vobis,
878 4185 1011 4254 quod
1032 4185 1371 4255 exploratores
1392 4185 1521 4238 sitis.
1547 4185 1634 4239 15.
1661 4183 1998 4254 Nequaquam

421 4275 537 4329 hinc
563 4277 693 4330 enim
722 4277 941 4337 exibitis,
972 4292 1231 4345 quousque
1256 4279 1413 4345 frater
1440 4284 1596 4329 vester
1615 4274 1798 4344 junior
1817 4274 2000 4326 venerit

419 4366 535 4419 huc.
568 4365 719 4420 Illum
746 4367 927 4421 videre
966 4366 1122 4429 volo;
1151 4366 1304 4433 cupio
1329 4365 1509 4419 videre
1537 4380 1657 4418 eum
1689 4363 1778 4434 qui
1805 4378 1867 4417 ex
1904 4378 2000 4416 eo-

422 4452 545 4508 dem
577 4464 728 4509 utero
756 4466 910 4508 uatus
949 4465 1068 4509 est:
1098 4457 1339 4521 suSpicor
1366 4456 1507 4508 enim
1547 4471 1613 4508 ex
1650 4454 1731 4507 his
1766 4469 1882 4521 qua:
1910 4454 2002 4505 ad-

420 4558 612 4597 versus
656 4559 741 4597 me
788 4545 1008 4613 egistis,
1054 4552 1287 4598 mentem
1331 4552 1559 4597 vestram
1610 4543 1842 4597 fraterno
1880 4543 2001 4597 odio

422 4629 687 4687 laborare.
722 4633 776 4687 Si
804 4633 962 4702 igitur
983 4633 1141 4686 vultis
1160 4673 1175 4698 ,
1207 4634 1290 4685 16.
1333 4632 1519 4685 Mittite
1550 4650 1706 4685 unum
1737 4649 1799 4685 ea:
1823 4634 1989 4700 vobis,

417 4733 468 4777 et
492 4723 729 4778 adducite
748 4741 860 4778 eum
891 4741 909 4778 :
932 4740 1025 4779 vos
1052 4738 1225 4778 autem
1255 4735 1462 4778 manete
1489 4725 1539 4777 in
1572 4740 1803 4788 carcere,
1829 4727 2001 4782 donec

417 4812 505 4867 ille
533 4815 759 4869 venerit.
801 4815 891 4869 Ille
933 4816 1073 4868 enim
1117 4830 1236 4869 cum
1280 4815 1593 4880 advenerit,
1622 4815 1835 4870 docebit
1874 4832 1999 4870 num

414 4922 540 4963 vera
557 4906 662 4961 sint
678 4922 794 4976 qua:
806 4906 1057 4969 dicitis,et
1073 4906 1313 4961 liberabit
1328 4921 1420 4960 vos
1440 4905 1506 4959 ab
1522 4906 1664 4960 omni
1681 4906 1999 4975 suspicione.

416 4996 548 5050 Nam
572 4997 615 5051 si
645 4995 747 5051 hoc
776 5012 882 5051 non
914 4995 1103 5061 fuerit,
1134 4995 1468 5049 manifestum
1496 5004 1580 5049 est
1618 5010 1714 5049 vos
1743 4997 1992 5063 explora-

418 5094 560 5139 tores
589 5100 726 5146 esse.
752 5095 806 5140 et
834 5095 1111 5155 propterea
1142 5085 1244 5139 huc
1268 5086 1496 5140 venisse.
1529 5084 1597 5138 Et
1626 5084 1728 5138 hoc
1758 5099 1879 5139 cum
1909 5086 1995 5140 di-

418 5176 601 5240 xisset,
618 5176 704 5230 17.
727 5174 905 5229 Posuit
924 5192 1009 5230 eos
1031 5177 1081 5229 in
1096 5192 1315 5231 carcere.
1332 5175 1464 5229 Vide
1484 5174 1749 5244 quomodo
1766 5175 1999 5244 ipsorum

423 5265 605 5333 probat
631 5266 885 5329 animum,
907 5275 962 5321 et
986 5281 1080 5335 per
1107 5280 1166 5320 ea
1188 5280 1304 5334 quae
1326 5266 1379 5319 in
1408 5266 1528 5319 illos
1554 5267 1678 5335 agit,
1703 5280 1850 5319 suam
1872 5281 1998 5335 erga

419 5352 634 5407 fratrem
663 5356 900 5409 declarat
925 5355 1367 5411 benevolentiam.
1403 5353 1530 5409 Post
1556 5364 1655 5410 tres
1692 5366 1860 5408 autem
1892 5357 1999 5410 dies

418 5446 602 5496 vocatis
641 5445 763 5509 illis,
787 5446 917 5500 dixit
950 5447 1085 5501 :18.
1130 5446 1243 5500 Hoc
1274 5447 1456 5517 facite,
1497 5455 1544 5502 et
1582 5446 1753 5500 vivetis
1793 5446 1999 5501 :Deum

410 5535 545 5586 enim
566 5551 656 5603 ego
681 5536 850 5589 timeo.
880 5538 965 5592 19.
1005 5538 1067 5593 Si
1094 5538 1295 5606 pacifici
1325 5538 1441 5591 estis
1461 5578 1476 5603 ,
1508 5553 1637 5590 unus
1665 5536 1883 5605 fratrum
1909 5552 1993 5590 ve-

410 5633 636 5676 strorum
687 5625 966 5682 detineatur
1034 5630 1115 5684 hic
1167 5630 1235 5707 in.
1265 5644 1497 5697 carcere,
1538 5643 1624 5684 vos
1658 5637 1825 5683 autem
1882 5644 2000 5697 pro-

1486 268 1557 325 IN
1588 271 1737 326 CAP.
1768 268 1925 325 XLII.
1958 269 2201 327 GENES.
2244 272 2467 329 IIOMIL.
2509 276 2689 330 LXIV.

3611 292 3717 349 550

2141 385 2463 452 ﬁcisciiuini;
2505 401 2551 443 et
2610 394 2799 446 ave/tite
2848 396 3145 465 emptionem
3185 398 3585 464 frumentationis
3630 415 3714 454 ve~

2135 485 2270 540 ειν-ω,
2296 477 2386 532 20.
2415 489 2459 532 et
2482 482 2686 550 fratrem
2707 494 2925 539 vestrum
2942 488 3202 556 juniorcm
3230 491 3393 546 ducite
3429 491 3498 547 ad
3513 512 3600 548 me
3627 533 3641 558 ,
3672 502 3720 546 et

2112 558 2388 640 credibilia
2408 574 2552 616 erunt
2568 565 2713 619 verba
2735 577 2892 621 vestra
2917 585 2936 623 :
2962 572 3093 639 quod
3140 571 3190 623 si
3244 576 3418 632 minus
3442 612 3459 640 ,
3514 575 3717 630 morie-

2206 732 2523 792 Conscientia
2561 738 2767 795 damnat
2808 747 3058 799 conscium
3090 747 3293 814 peccati.
3324 775 3394 786 —
3412 746 3710 802 Considera
3786 800 3796 809 ,

2133 827 2510 893 sagacitatem:
2545 829 2738 886 Volens
2774 846 2922 888 suam
2969 847 3094 904 erga
3126 835 3245 890 illos
3281 837 3707 894 benevolentiam
3761 826 3779 877 ’ἶ

2110 913 2420 981 declarare,
2463 927 2517 973 et
2553 922 2712 990 patris
2759 924 3028 990 penuriam
3071 926 3558 997 consolari,deqne
3603 928 3707 981 fra-

2133 1011 2213 1058 tre
2257 1007 2529 1064 veritatem
2590 1010 2840 1077 discere,
2888 1028 2994 1067 uno
3055 1025 3294 1080 retento,
3343 1018 3478 1072 alios
3556 1020 3703 1075 abire

2124 1091 2303 1160 jussit.
2350 1096 2453 1159 Sed
2524 1099 2647 1155 vide
2708 1117 2849 1157 nunc
2896 1105 3162 1173 quomodo
3225 1108 3543 1162 conscientia
3603 1124 3700 1165 eo-

2128 1200 2245 1241 rum
2273 1228 2288 1249 ,
2316 1188 2650 1260 incorruptus
2694 1193 2783 1247 ille
2804 1193 2986 1261 judex,
3014 1195 3267 1250 adversus
3293 1213 3388 1253 eos
3427 1199 3658 1267 insurgat
3679 1240 3697 1266 ,

2126 1285 2182 1328 et
2209 1277 2351 1330 nullo
2372 1289 2625 1348 arguente
2647 1322 2660 1344 ,
2690 1283 2769 1336 vel
2798 1284 2847 1336 in
2875 1283 3103 1338 medium
3126 1285 3393 1353 quidpiam
3420 1288 3695 1348 afferente,

2126 1365 2225 1434 ipsi
2251 1368 2331 1421 sui
2356 1368 2590 1437 ipsorum
2616 1384 2949 1429 accusatores
2980 1372 3124 1427 ﬁant.
3148 1374 3294 1441 Dixit
3319 1377 3481 1443 enim,
3504 1378 3697 1448 inquit,

2124 1458 2462 1527 unusquisque
2488 1460 2557 1512 ad
2585 1462 2791 1529 fratrem
2818 1478 2961 1516 suum
2989 1503 3005 1528 ,
3035 1464 3123 1518 21.
3156 1464 3336 1519 Merito
3361 1482 3382 1519 :
3405 1468 3455 1520 in
3480 1472 3694 1537 peccatis

2125 1544 2256 1598 enim
2282 1562 2453 1600 sumus
2483 1559 2685 1618 propter
2710 1555 2916 1621 fratrem
2946 1564 3169 1607 nostrum
3186 1594 3202 1619 ,
3233 1557 3351 1624 quia
3377 1555 3693 1626 despeximus

2121 1636 2433 1705 aﬂlictionem
2471 1641 2655 1694 anima,
2681 1643 2817 1708 eius,
2849 1644 3047 1709 quando
3076 1645 3430 1714 deprecabatur
3477 1664 3600 1715 nos,
3645 1659 3695 1703 et

2122 1742 2222 1780 non
2256 1729 2598 1784 exaudivimus
2632 1748 2741 1785 eum
2763 1750 2782 1799 ;
2824 1743 3026 1803 propter
3075 1736 3166 1789 ltoc
3218 1738 3350 1790 venit
3396 1754 3546 1808 super
3595 1757 3688 1794 nos

2120 1819 2281 1872 omnis
2332 1821 2531 1890 afﬂictio
2573 1824 2697 1895 lateo.
2753 1825 2826 1879 Ita
2865 1828 3006 1881 enim
3051 1843 3107 1882 se
3164 1829 3321 1886 habet
3370 1842 3692 1901 peccatum;

2119 1908 2328 1974 quando
2366 1923 2787 1967 consummatum
2816 1924 2977 1969 estet
3004 1931 3165 1985 opere
3207 1918 3532 1986 perfectum,
3566 1931 3691 1976 tunc

2118 2012 2229 2051 sum
2255 1999 2593 2056 absurditatis
2620 2004 2851 2059 ostendit
2878 2020 3176 2061 excessum.
3221 2008 3282 2063 Et
3325 2010 3461 2064 sicut
3487 2012 3686 2078 ebrius,

2117 2090 2330 2157 quando
2353 2093 2520 2146 multo
2540 2094 2665 2148 vino
2689 2110 2748 2150 se
2775 2097 3079 2166 ingurgitat,
3103 2099 3304 2155 nullum
3330 2101 3490 2156 sentit
3511 2117 3540 2154 a
3564 2103 3688 2157 vino

2117 2177 2365 2234 damnum
2388 2223 2403 2246 ,
2439 2192 2618 2250 postea
2643 2194 2816 2240 autem
2854 2189 3017 2242 sentit
3040 2191 3401 2258 experimento
3429 2202 3685 2263 quantum

2114 2268 2184 2322 sit
2204 2269 2607 2329 detrimentum:
2627 2274 2695 2330 ita
2711 2285 2763 2331 et
2781 2287 3073 2345 peccatum,
3087 2280 3255 2335 donec
3269 2291 3682 2349 consummatur,

2114 2363 2423 2418 obtenebrat
2442 2376 2690 2433 mentem,
2708 2376 2761 2422 et
2785 2369 2935 2438 quasi
2957 2370 3120 2447 densa
3145 2354 3331 2438 nubes,
3359 2373 3428 2426 ita
3453 2385 3683 2428 mentem

2112 2465 2345 2511 excaecat
2368 2474 2380 2510 :
2400 2458 2593 2514 deinde
2618 2463 2939 2516 conscientia
2967 2465 3206 2534 insurgit,
3234 2474 3288 2519 et
3312 2468 3499 2536 quovis
3526 2483 3682 2522 accu-

2111 2555 2287 2603 satore
2315 2560 2544 2605 mentem
2585 2553 2794 2621 gravius
2823 2554 3021 2608 arrodit
3044 2596 3060 2620 ,
3090 2564 3391 2612 monstrans
3432 2558 3679 2613 absurdi-

2113 2646 2271 2693 tatem
2297 2638 2440 2695 facti.
2469 2642 2751 2697 Enimvero
2780 2643 2899 2699 vide
2925 2660 3064 2699 nunc
3102 2645 3197 2699 hos
3236 2647 3286 2701 in
3331 2650 3527 2717 peccati
3554 2664 3678 2705 sen-

2110 2743 2229 2784 sum
2254 2731 2557 2798 venientes;
2582 2741 2636 2786 et
2667 2747 2785 2788 cum
2811 2735 2877 2789 de
2902 2751 3106 2790 summa
3151 2736 3336 2793 salutis
3383 2739 3690 2807 periculum.

2109 2823 2403 2879 immineret
2429 2866 2444 2891 ,
2478 2832 2599 2879 tunc
2634 2826 2845 2881 tandem
2889 2829 3201 2884 confitentes
3245 2847 3361 2900 qua:
3405 2830 3673 2903 fecerant,

2104 2921 2157 2966 et
2186 2912 2440 2978 dicentes,
2471 2913 2653 2968 Merito
2676 2915 2691 2945 ¹
2723 2933 2736 2969 :
2764 2918 2817 2969 in
2857 2919 3071 2985 peccatis
3112 2919 3243 2973 enim
3269 2904 3442 2973 sumus
3471 2933 3685 2992 prOpter.

2105 3004 2312 3071 fratrem
2327 3012 2568 3081 nostrum,
2584 3008 2819 3075 quoniam
2843 3008 3156 3074 despeximus
3171 3008 3481 3078 aﬂiictionem
3496 3014 3676 3066 anima
3714 2997 3723 3007 ’

2104 3094 2232 3148 eius.
2263 3094 2377 3148 Non
2403 3094 2640 3164 fortuito,
2671 3111 2841 3167 neque
2860 3096 2974 3153 sine
3001 3113 3158 3152 causa
3185 3098 3298 3153 haec
3331 3099 3671 3173 sustinemus,

2102 3185 2194 3239 sed
2217 3185 2358 3253 juste
2383 3195 2439 3241 et
2451 3188 2601 3244 valde
2624 3189 2763 3257 juste
2783 3203 2963 3257 poenas
2979 3189 3172 3245 luimus
3197 3190 3589 3247 inbumanitatis
3621 3202 3673 3247 et

2101 3278 2425 3334 crudelitatis
2448 3295 2603 3349 quam
2631 3295 2754 3349 erga
2787 3279 2999 3334 fratrem
3031 3290 3267 3345 nostrum
3294 3282 3628 3337 exhibuimus
3649 3301 3687 3349 ;¹

2106 3369 2354 3434 Quoniam
2391 3372 2705 3442 despeximus
2749 3372 3061 3441 aﬂlictionem
3091 3376 3270 3426 animm
3298 3374 3435 3442 ejus,
3466 3374 3668 3442 quando

2101 3464 2459 3532 deprecabatur
2508 3482 2599 3520 nos
2622 3508 2637 3531 ,
2666 3473 2711 3519 et
2737 3481 2836 3517 non
2885 3464 3165 3518 audivimus
3193 3482 3324 3521 eum.
3370 3464 3626 3531 Quoniam
3652 3508 3667 3529 ,

2103 3556 2301 3625 inquit,
2352 3556 2551 3625 absque
2597 3555 3056 3609 commiseratione
3104 3555 3294 3610 fuimus
3319 3597 3334 3621 ,
3365 3565 3418 3610 et
3446 3557 3664 3610 multam

2100 3645 2436 3699 exhibuimus
2476 3645 2867 3707 crudelitatem,
2896 3654 3168 3714 prepterea
3198 3661 3336 3699 nunc
3364 3662 3460 3699 nos
3484 3647 3666 3701 eadem

2100 3735 2425 3800 experimur,
2460 3743 2513 3786 ct
2536 3732 2863 3786 Praeter/ioc
2892 3737 3019 3787 venit
3084 3733 3296 3802 aﬂlictio
3349 3737 3458 3789 hace
3511 3750 3665 3799 super

2096 3832 2211 3871 ιιοδο

2166 3906 2219 3960 5.
2244 3904 2309 3958 Et
2331 3904 2443 3958 htec
2465 3903 2675 3973 quidem
2704 3903 2776 3957 illi
2804 3904 2941 3957 inter
2961 3918 3017 3955 se
3041 3903 3387 3964 disserebant,
3418 3918 3661 3971 putantes

2096 3996 2228 4050 nihil
2269 3995 2457 4050 horum
2484 3994 2668 4048 audire
2694 3992 3005 4062 Josephum.
3032 3992 3162 4045 Nam
3193 3993 3338 4060 quasi
3383 3992 3657 4061 ignorans,

2094 4099 2146 4142 et
2173 4087 2417 4141 nesciens
2443 4101 2626 4140 eorum
2672 4085 2899 4154 linguam
2920 4126 2942 4151 ι
2985 4098 3079 4152 per
3112 4083 3447 4151 interpretem
3478 4084 3661 4154 loque-

2094 4179 2250 4233 batur
2281 4178 2357 4232 eis
2376 4220 2391 4245 ,
2422 4178 2508 4247 qui
2539 4191 2600 4231 ea
2629 4192 2747 4246 qua:
2774 4175 2846 4229 illi
2872 4175 3243 4245 loquebantur,
3273 4182 3327 4228 et
3346 4188 3407 4229 ea
3432 4190 3550 4244 qua:
3574 4175 3662 4229 ille

2092 4270 2199 4334 eis,
2231 4271 2537 4339 explicaret.
2568 4268 2658 4322 ΞΩ.
2699 4267 2920 4320 Audiens
2958 4276 3124 4319 autem
3156 4266 3261 4319 htec
3307 4266 3510 4328 Ruben,
3538 4267 3664 4320 dixit

2090 4364 2161 4415 eis
2187 4378 2205 4415 .'
2231 4360 2414 4415 Nonne
2438 4361 2671 4426 loquutus
2701 4375 2811 4412 sum
2840 4358 2976 4411 vobis
3001 4357 3167 4411 dicens
3194 4371 3214 4409 :
3242 4356 3323 4409 Ne
3345 4358 3531 4426 injuria
3555 4357 3662 4427 afﬁ-

2091 4452 2236 4505 ciatis
2273 4466 2503 4521 puerum,
2532 4459 2577 4502 et
2604 4465 2704 4501 non
2727 4448 3000 4501 exaudistis
3030 4448 3151 4500 me?
3200 4446 3265 4499 Et
3308 4464 3419 4501 ecce
3452 4447 3658 4517 sanguis

2092 4543 2202 4612 ejus
2250 4541 2543 4613 exquiritur.
2593 4538 2777 4593 Nonne
2821 4549 2978 4603 tunc,
3040 4538 3235 4606 inquit,
3288 4540 3657 4604 consulebam,

2093 4646 2271 4686 nonne
2344 4628 2718 4692 obsecrabam,
2778 4642 2846 4680 ne
2909 4626 3050 4695 quod
3100 4635 3370 4693 peccatum
3426 4627 3478 4680 in
3541 4643 3660 4681 ensi

2094 4720 2488 4776 admitteretis?
2540 4720 2825 4787 Pr0pterea
2867 4732 3006 4771 nunc
3054 4716 3275 4786 Sanguis
3324 4717 3433 4786 ejus
3488 4721 3662 4787 exqui-

2093 4818 2240 4871 ritur.
2292 4815 2423 4870 Nam
2468 4821 2722 4883 quantum
2759 4809 2825 4864 ad
2885 4810 3213 4879 propositum
3254 4817 3523 4874 vestrum,
3574 4826 3665 4863 0c-

2093 4907 2294 4963 cidislis
2341 4922 2354 4959 :
2404 4905 2529 4959 licet
2590 4901 2731 4956 enim
2799 4915 2903 4954 non
2967 4913 3063 4968 per
3127 4897 3366 4967 jugulum
3432 4899 3662 4968 gladium

2097 4994 2491 5052 transmiseritis
2515 5033 2531 5059 ,
2561 4989 2801 5046 barbaris
2827 4998 3002 5044 tamen
3030 4989 3156 5061 viris
3184 5003 3304 5041 eum
3333 4989 3663 5051 vendidistis,

2093 5098 2147 5146 et
2173 5097 2343 5142 morte
2367 5084 2717 5139 difficiliorem
2744 5082 2793 5137 ei
2822 5080 3127 5135 servitutem
3157 5080 3489 5148 excogitastis
3510 5097 3522 5130 :
3547 5078 3667 5132 ideo

2094 5193 2236 5235 nunc
2280 5176 2502 5247 Sanguis
2544 5174 2652 5244 ejus
2685 5172 2977 5241 exquiritur.
3027 5167 3207 5238 Cogita
3255 5178 3509 5236 quantum
3539 5169 3663 5219 sita

2093 5270 2413 5328 conscientia
2442 5281 2535 5321 sua
2561 5265 2797 5320 accusari
2821 5306 2836 5327 ,
2862 5263 3158 5330 habereque
3187 5268 3445 5329 perpetuo
3469 5275 3663 5327 urgen-

2095 5372 2199 5418 tem
2224 5369 2277 5416 ει
2303 5360 2617 5415 clamantem
2642 5363 2998 5410 accusatorem
3016 5392 3031 5415 ,
3059 5360 3114 5405 et
3140 5351 3314 5405 8081118
3337 5364 3669 5403 commemo~

2092 5464 2317 5510 tantem.
2346 5451 2437 5505 25.
2467 5450 2534 5503 Et
2554 5452 2659 5504 haec
2678 5448 2837 5501 audiit
2869 5445 3068 5517 quidem
3103 5442 3324 5511 Josepli,
3362 5441 3461 5510 ipsi
3502 5450 3667 5495 autem

2094 5546 2436 5608 nesciverunt,
2487 5557 2545 5595 eo
2589 5539 2723 5609 quod
2771 5539 3040 5606 interprete
3093 5542 3313 5587 uteretur
3355 5550 3375 5586 :
3424 5531 3516 5587 sed
3559 5546 3664 5587 non

2092 5638 2231 5693 ultra
2255 5636 2396 5691 ferre
2423 5632 2622 5704 potuit,
2648 5631 2881 5687 fraterna
2910 5635 3095 5683 natura
3124 5633 3187 5681 et
3206 5622 3664 5679 commiseratione
