4146 6260
474 311 568 370 55]
1263 303 1322 360 S.
1361 301 1638 361 JOANNIS
1696 298 2167 359 CHRYSOSTOMI
2205 300 2523 362 ARCHIEP.
2562 304 3102 365 CONSTANTINOP.

467 426 645 497 ipsum
673 431 949 492 urguente.
977 421 1069 478 24.
1096 419 1165 483 Et
1191 436 1410 481 aversus,
1438 416 1639 487 inquit,
1670 416 1730 469 ab
1777 416 1868 480 eis,
1891 413 2025 485 ﬂevit
2043 454 2059 481 ,

472 529 530 572 ut
556 532 663 573 non
697 524 1072 586 agnosceretur
1096 513 1166 567 ab
1194 512 1290 567 eis.
1325 509 1393 563 Et
1418 510 1600 564 iterum
1627 508 1832 565 accessit
1861 507 1928 561 ad
1955 522 2061 571 eos,

469 620 517 665 et
576 612 816 680 loquutus
858 616 932 663 est
976 606 1065 659 eis.
1115 603 1209 659 25.
1275 601 1345 657 Et
1384 601 1574 670 accepit
1632 601 1972 670 Symeonem,
2019 606 2065 651 et

473 704 631 757 vinxit
662 718 775 756 eum
804 716 972 755 coram
1002 697 1093 752 eis.
1122 695 1256 750 Vide
1280 694 1548 763 quomodo
1573 692 1750 749 omnia
1777 692 1935 747 faciat
1960 707 2065 762 quo

471 796 696 851 incutiat
722 793 802 849 cis
827 800 1087 847 ter-rorem
1114 804 1129 855 ;
1152 797 1212 843 ut
1234 788 1479 843 videntes
1504 786 1717 841 vincula
1744 786 2026 857 Symeonis
2045 825 2061 853 ,

473 887 681 942 indiciis
707 899 765 940 se
794 882 1102 953 prederens,
1134 894 1203 935 an
1229 879 1410 935 fratris
1438 880 1672 949 aliquam
1711 878 2063 933 commisera-

472 978 673 1039 tionem
703 975 980 1031 haberent.
1035 974 1160 1028 Hine
1184 968 1325 1028 enim
1354 973 1530 1028 omnia
1562 972 1690 1029 facit
1715 971 1947 1041 probans
1972 982 2065 1024 eo-

404 1053 416 1064 .
469 1084 589 1125 rum
613 1054 869 1133 mentem,
891 1066 1094 1122 etscire
1118 1066 1472 1131 volens,num
1494 1072 1555 1120 et
1572 1071 1759 1119 contra
1783 1061 2062 1132 Beniamin

470 1162 605 1217 tales
631 1160 828 1214 fuerint
850 1175 863 1211 :
884 1165 1164 1227 propterea
1193 1156 1587 1226 etSymeonem
1614 1166 1796 1209 coram
1826 1154 1904 1208 eis
1934 1153 2063 1207 vin-

468 1253 568 1317 ciri
589 1252 760 1322 jubet,
791 1258 850 1304 ut
875 1248 1157 1319 diligenter
1182 1260 1281 1302 eos
1296 1245 1505 1316 probet,
1528 1252 1583 1299 et
1603 1244 1733 1298 sciat
1754 1254 2061 1310 num-quam

471 1342 815 1398 dilectionem
843 1354 969 1409 erga
1010 1339 1154 1393 illum
1193 1336 1468 1392 haberent.
1517 1333 1650 1389 Nam
1694 1331 2061 1387 misericordia

472 1438 528 1493 in
573 1437 724 1491 illum
768 1433 1028 1498 faciebat,
1071 1439 1133 1486 ut
1176 1430 1332 1485 citius
1370 1427 1646 1499 Beniamin
1690 1425 2059 1480 adducerent:

471 1530 615 1602 quod
646 1529 758 1583 fieri
789 1526 1000 1582 volebat
1020 1568 1034 1589 ,
1063 1532 1123 1579 ut
1146 1523 1375 1579 adventu
1406 1522 1582 1576 fratris
1621 1534 1841 1576 securus
1866 1518 2060 1574 redde-

471 1607 639 1679 retur.
664 1620 731 1675 Et
754 1617 1032 1683 mandavit,
1064 1618 1252 1686 inquit,
1281 1626 1335 1669 ut
1371 1614 1506 1671 sacci
1530 1629 1706 1668 eorum
1730 1612 2062 1684 implerentur

474 1718 745 1787 frumento,
766 1724 815 1769 et
831 1722 1157 1783 reponeretur
1186 1712 1398 1780 pecunia
1433 1711 1827 1780 uniuscujusque
1855 1707 1911 1762 in
1944 1724 2059 1762 sac-

471 1826 587 1864 cum
606 1823 772 1873 suum,
792 1816 838 1861 et
858 1805 1062 1859 daretur
1081 1804 1151 1858 eis
1178 1803 1413 1855 viaticum
1430 1802 1484 1855 in
1506 1801 1704 1855 itinere.
1731 1800 1823 1855 26.
1860 1798 1925 1853 Et
1947 1815 2062 1852 cum

472 1899 827 1970 intposuissent
860 1896 1016 1950 asinis
1047 1894 1174 1962 suis,
1205 1893 1454 1948 abierunt.
1498 1891 1631 1947 Vide
1652 1900 1845 1962 quanta
1866 1890 2062 1946 libera-

472 1988 623 2043 litate
642 1994 842 2053 utatur,
883 1986 1010 2040 dum
1064 1986 1223 2039 etiam
1276 1983 1455 2038 invitis
1498 1983 1577 2038 eis
1620 1982 1900 2049 benei'acit,
1954 1997 2060 2037 non

470 2079 795 2145 frumentum
844 2077 1015 2133 solum
1064 2076 1217 2141 dans,
1268 2075 1364 2131 sed
1412 2075 1574 2130 etiam
1624 2075 1921 2144 pecuniam,
1968 2074 2057 2127 27.

472 2169 601 2230 Cum
640 2178 814 2223 autem
863 2182 993 2221 unus
1040 2182 1103 2220 ea:
1151 2166 1222 2221 eis
1261 2165 1537 2236 aperuisset
1566 2180 1789 2228 saccum,
1840 2174 1898 2217 ut
1919 2164 2062 2217 daret

469 2259 714 2332 pabulum
755 2258 933 2322 asinis,
971 2257 1063 2312 28.
1092 2257 1216 2311 vidit
1258 2254 1542 2327 pecuniam,
1583 2265 1631 2310 et
1659 2256 1786 2310 dixit
1822 2254 2062 2325 fratribus

471 2353 600 2419 suis.
633 2350 854 2423 Pr0pter
878 2350 974 2404 hoc
1004 2350 1271 2403 attonitum
1300 2357 1375 2403 est
1415 2365 1503 2402 cor
1547 2364 1739 2411 eorum,
1786 2356 1833 2402 et
1878 2347 2063 2401 turbati

470 2450 593 2499 sunt
616 2452 792 2496 mutua
825 2442 1043 2495 dicentes
1065 2455 1085 2494 :
1111 2439 1213 2494 Cur
1235 2439 1328 2494 hoc
1368 2439 1483 2508 fecit
1507 2439 1647 2493 nobis
1671 2438 1845 2493 Deus?
1864 2437 2060 2493 lterum

472 2534 643 2606 magis
669 2533 816 2589 anxii
846 2532 966 2589 facti
990 2540 1135 2599 sunt,
1157 2530 1489 2602 suspicantes
1509 2545 1579 2585 ne
1604 2538 1657 2584 et
1685 2530 1784 2583 hoc
1808 2542 2060 2598 augmen-

470 2636 584 2683 tum
611 2625 858 2683 eis'esset
876 2624 1327 2687 criminationum,
1351 2630 1404 2677 et
1420 2636 1452 2677 a
1467 2620 1789 2676 conscientia
1807 2619 2058 2683 accusati,

470 2716 651 2772 omnia
681 2714 985 2771 tribuebant
1012 2723 1232 2791 peccato
1257 2714 1396 2783 quod
1416 2713 1467 2768 in
1488 2712 1687 2782 Joseph
1714 2710 2057 2766 admiserant.

471 2807 608 2862 Cum
638 2808 908 2862 venissent
931 2816 1108 2859 autem
1146 2803 1214 2858 ad
1244 2814 1471 2873 patrem,
1500 2810 1555 2858 et
1586 2803 1763 2858 omnia
1800 2801 1849 2857 ei
1895 2802 2063 2855 mani-

471 2899 609 2957 feste
647 2898 1033 2966 declarassem,
1082 2903 1435 2952 narraverunt
1462 2895 1881 2966 indignationem
1917 2895 2063 2964 prin—

470 2989 604 3061 cipis
626 2988 845 3062 Ευρῑί
868 3031 884 3055 ,
914 3003 1074 3061 quam
1099 2986 1308 3058 experti
1325 2994 1452 3042 sunt
1481 3003 1494 3040 :
1521 2996 1575 3042 et
1617 2985 1759 3057 quod
1799 2986 2064 3055 posuisset

478 3096 565 3140 eos
609 3082 666 3136 in
713 3080 996 3150 custodia,
1051 3079 1203 3150 quasi
1240 3078 1629 3148 exploratores.
1683 3078 1773 3134 51.
1825 3077 2062 3133 Diximus

471 3184 639 3245 autem
660 3175 725 3242 ei,
757 3173 1022 3245 inquiunt,
1078 3172 1217 3242 quod
1250 3172 1452 3242 pacifici
1498 3173 1676 3238 simus,
1708 3171 1801 3228 52.
1838 3181 1885 3225 et
1926 3171 2063 3241 quod

470 3266 735 3329 duodecim
756 3267 912 3329 simus
939 3266 1144 3347 fratres,
1176 3273 1224 3322 et
1251 3264 1384 3333 quod
1423 3280 1552 3318 unus
1575 3281 1676 3317 non
1709 3264 1942 3334 supersit,
1968 3264 2064 3315 mi-

470 3359 640 3415 nimus
681 3364 851 3410 autem
902 3356 968 3410 sit
1022 3371 1137 3409 cum
1172 3365 1315 3425 patre
1351 3364 1541 3410 nostra.
1581 3355 1671 3409 55.
1719 3354 1863 3408 Dixit
1896 3363 2062 3408 autem

471 3449 615 3514 nobis
647 3448 758 3503 :In
782 3448 875 3509 hoc
900 3444 1221 3509 declarabitis
1249 3447 1383 3516 quod
1409 3446 1610 3517 paciﬁci
1648 3446 1779 3514 sitis,
1822 3446 1866 3499 si
1906 3449 2064 3519 fratre

472 3557 575 3603 uno
597 3540 677 3603 hic
694 3540 893 3613 relicto,
914 3538 1000 3593 54.
1035 3537 1295 3600 adducetis
1314 3541 1525 3608 fratrem
1542 3547 1761 3597 vestrum
1794 3540 2059 3607 minorem,

474 3641 529 3687 ut
554 3631 712 3685 sciam
752 3629 888 3698 quod
911 3646 1013 3684 non
1034 3629 1143 3682 sitis
1168 3628 1527 3699 exploratores.
1560 3628 1685 3683 Haec
1725 3628 1915 3684 iterum
1963 3644 2060 3684 ex-

471 3730 855 3793 aSperaverunt
870 3721 997 3791 justi
1018 3720 1344 3776 maestitiam.
1366 3719 1491 3775 Post
1511 3721 1866 3777 narrationem
1885 3732 2061 3777 autent

472 3816 611 3884 hanc
637 3816 862 3880 tristem,
903 3829 1024 3870 eum
1052 3820 1401 3879 evacuassent
1441 3828 1628 3878 omnes
1675 3827 1861 3869 saccos
1899 3829 2058 3879 suos,

472 3908 677 3971 invenit
710 3906 1074 3977 unusquisque
1126 3905 1409 3975 pecuniam
1456 3920 1631 3973 suam,
1670 3914 1725 3959 et
1770 3908 2063 3961 timuerunt

472 4002 575 4071 ipsi
604 4009 659 4055 et
684 4007 833 4071 pater
858 4013 1067 4054 eorum.
1099 3997 1168 4053 Et
1194 3998 1333 4064 vide,
1366 4013 1482 4065 oro,
1524 3998 1716 4054 iterum
1752 3997 1838 4053 hic
1876 4013 2059 4059 senem

472 4094 791 4169 plorantem.
825 4091 894 4146 Et
931 4091 1182 4161 quidnam
1208 4091 1477 4147 diciteis?
1525 4092 1614 4147 56.
1668 4091 1755 4146 Me
1798 4092 1981 4163 absque
2008 4094 2061 4147 li-

477 4186 608 4252 beris
654 4201 761 4241 esse
797 4184 983 4255 fecistis
1009 4202 1028 4237 :
1053 4182 1248 4252 Ioseph
1289 4199 1392 4237 non
1422 4191 1515 4248 est,
1547 4182 1772 4253 Symeon
1818 4200 1920 4237 non
1954 4194 2059 4252 est,

470 4287 519 4345 et
544 4278 677 4332 hunc
696 4276 964 4348 Beniamin
993 4275 1290 4344 accipietis?
1324 4274 1495 4345 Super
1530 4291 1608 4330 me
1648 4279 1783 4346 facta
1817 4285 1931 4331 sunt
1958 4277 2063 4331 [nec

477 4369 670 4433 omnia.
691 4367 805 4421 Non
831 4364 1127 4421 sufficiebat
1149 4365 1301 4431 mihi,
1321 4366 1511 4436 inquit,
1530 4368 1701 4421 luctus
1722 4366 1939 4436 Joseph,
1966 4368 2062 4423 sed

476 4457 748 4528 adjecistis
786 4456 919 4511 eiet
963 4455 1283 4525 Symeonem
1316 4465 1411 4511 :et
1462 4472 1634 4527 neque
1689 4457 1773 4512 hic
1817 4457 2060 4513 dolorum

476 4566 718 4615 meorum
750 4548 873 4613 finis
898 4556 1000 4616 est,
1047 4547 1141 4607 sed
1179 4556 1235 4603 et
1270 4547 1545 4617 Benjamin
1591 4549 1836 4619 accipere
1879 4551 2059 4606 vultis.

476 4642 647 4714 Super
670 4656 748 4694 me
774 4641 909 4711 facta
933 4648 1048 4698 sunt
1070 4639 1179 4694 lucc
1206 4639 1398 4694 omnia.
1428 4638 1711 4694 Sufficiunt
1740 4641 1855 4695 hinc
1878 4642 2059 4710 verba,

474 4746 533 4803 ut
577 4735 819 4800 videatur
869 4748 1030 4803 quam
1080 4732 1321 4802 disrUpta
1368 4731 1567 4791 fuerint
1618 4732 1786 4801 patris
1836 4733 2061 4791 viscera.

475 4827 936 4901 Quemadmodum
993 4826 1134 4882 enim
1199 4826 1296 4899 ipsi
1342 4826 1516 4880 omnis
1575 4839 1698 4895 spes
1746 4825 1816 4882 de
1864 4826 2061 4896 Joseph

473 4923 723 4992 adempta
739 4929 854 4977 erat
880 4920 1122 4991 (putabat
1142 4920 1283 4974 enim
1305 4934 1426 4977 eum
1443 4934 1472 4971 a
1490 4919 1676 4975 bestiis
1690 4918 2026 4992 devoratum)
2046 4938 2060 4987 ;

476 5015 543 5071 ita
594 5023 649 5068 et
700 5027 873 5081 neque
925 5011 994 5067 de
1046 5012 1312 5083 Symeene
1362 5026 1511 5080 spem
1542 5012 1641 5087 sibi
1669 5012 2060 5081 pollicebatur:

470 5120 612 5165 nunc
633 5119 846 5176 quoque
873 5103 1012 5169 idem
1048 5100 1116 5157 de
1160 5103 1436 5173 Benjamin
1466 5102 1732 5158 formidat.
1782 5104 2064 5158 Verumta-

467 5213 594 5255 men
644 5195 1007 5259 reluctabatur
1033 5194 1229 5262 adhuc,
1258 5204 1313 5250 et
1364 5210 1470 5250 non
1499 5195 1658 5251 dabat
1705 5211 1947 5265 puerum.
1974 5197 2062 5256 '57.

468 5290 616 5347 Dixit
638 5299 809 5345 autem
858 5289 901 5343 ei
946 5287 1128 5341 Ruben
1177 5287 1537 5357 primogenitus
1561 5287 1880 5357 ejus:Duos
1930 5288 2066 5356 ﬁlios

472 5401 607 5439 meos
632 5383 821 5449 occide,
852 5382 1028 5439 sinon
1069 5380 1307 5433 reducam
1353 5396 1465 5432 eum
1506 5381 1575 5433 ad
1617 5390 1681 5441 te.
1729 5380 1812 5433 Da
1860 5397 1974 5437 eum
2012 5382 2065 5439 in

471 5491 681 5531 manum
708 5489 895 5541 meam,
925 5481 973 5531 et
996 5488 1089 5543 ego
1109 5471 1347 5524 reducam
1371 5487 1483 5531 eum
1510 5471 1578 5524 ad
1606 5482 1670 5525 te.
1699 5470 1843 5534 Mihi,
1874 5471 2065 5542 inquit,

471 5582 594 5633 eum
620 5566 801 5635 crede,
835 5564 967 5619 mihi
991 5563 1162 5631 trade,
1191 5572 1245 5618 et
1266 5578 1364 5633 ego
1395 5562 1491 5617 tibi
1529 5578 1653 5619 eum
1682 5563 1953 5619 reducam.

544 5662 598 5723 4.
640 5661 755 5716 Hoc
778 5668 955 5714 autem
989 5658 1214 5713 faciebat
1257 5656 1467 5722 Ruben,
1518 5658 1758 5727 cogitans
1798 5673 1905 5714 non
1945 5672 2066 5714 esse

476 5750 773 5827 possibile,
824 5750 925 5815 nisi
973 5766 1103 5831 puer
1151 5750 1308 5817 simul
1355 5747 1741 5823 descenderet,
1794 5749 1936 5831 ipsos
1996 5751 2065 5817 ad

3654 311 3761 368 55$

2174 415 2461 488 Egyptum
2506 418 2683 476 redire
2707 461 2723 485 ,
2768 431 2823 477 et
2865 436 2986 493 qua:
3012 421 3079 477 ad
3128 420 3391 478 alimenta
3420 422 3755 491 pertinebant

2170 524 2370 566 emere.
2403 510 2521 567 Non
2544 513 2689 569 cedit
2710 522 2889 570 tamen
2915 525 3083 585 pater,
3114 516 3210 571 sed
3231 514 3394 572 dicit:
3429 517 3520 572 38.
3549 515 3759 587 Nequa-

2168 618 2319 671 quam
2359 604 2623 659 descendet
2652 605 2958 673 ﬁliusmeus
2985 608 3261 663 vobiscum.
3307 609 3508 663 Deinde
3543 618 3597 663 et
3635 625 3760 664 eam

2169 702 2284 747 sam
2311 692 2460 760 dicit,
2497 697 2647 764 quasi
2686 699 2948 751 rationem
2994 699 3225 754 reddens
3249 698 3409 754 filiis:
3446 700 3578 765 Quia
3603 703 3763 772 frater
3806 769 3812 773 _

2168 783 2283 852 ejus
2307 795 2537 839 mortuus
2557 794 2650 851 est,
2686 796 2731 840 et
2757 788 2865 856 ipse
2884 788 3025 842 solus
3049 798 3119 842 est
3140 790 3363 843 relictus.
3393 789 3462 843 Et
3485 791 3756 861 continget,

2168 890 2283 929 eum
2303 884 2477 946 utpote
2510 877 2658 930 ualde
2672 878 2914 948 juvenem
2940 879 2991 931 iu
3021 880 3201 934 itinere
3229 879 3489 950 languere,
3530 892 3576 934 et
3600 882 3760 933 dedu-

2168 971 2297 1023 cetis
2313 980 2616 1025 senectutem
2636 987 2799 1024 meum
2818 987 2934 1025 cum
2960 972 3168 1025 tristitia
3190 973 3258 1026 ad
3302 974 3512 1043 inferos.
3545 973 3757 1037 Timeo,

2168 1058 2359 1129 inquit,
2390 1060 2533 1113 aetati
2558 1060 2913 1116 adolescentis
2933 1102 2949 1128 ,
2992 1070 3047 1116 et
3089 1064 3335 1131 suspicor
3361 1078 3428 1119 ne
3468 1063 3629 1118 etiam
3659 1064 3759 1117 hac

2167 1149 2808 1219 consolationesprivatus,
2826 1166 2947 1206 cum
2963 1150 3147 1206 dolore
3164 1151 3328 1206 vitam
3343 1152 3542 1207 finiam.
3563 1153 3758 1220 Quant-

2164 1241 2269 1295 ditt
2290 1242 2555 1297 enimille
2577 1256 2791 1297 mecum
2816 1252 2919 1309 est,
2942 1243 3127 1297 videor
3146 1242 3276 1298 mibi
3305 1243 3503 1297 habere
3527 1244 3757 1313 aliquam

2167 1333 2616 1400 consolationem,
2647 1345 2703 1389 et
2725 1334 2881 1403 hujus
2901 1334 3241 1390 consuetudo
3263 1334 3453 1388 minuit
3498 1335 3626 1389 mihi
3663 1336 3759 1390 do-

2168 1425 2358 1491 lorem,
2387 1440 2544 1496 quem
2575 1440 2643 1480 ex
2673 1425 2837 1480 fratre
2866 1426 2982 1495 ejus
3008 1425 3252 1494 concepi.
3281 1426 3347 1480 Et
3372 1441 3524 1481 artior
3542 1426 3755 1495 quidem

2167 1519 2285 1584 ejus
2303 1532 2429 1587 erga
2450 1516 2816 1586 Benjaminum
2837 1530 2941 1570 non
2967 1515 3296 1571 concedebat
3326 1525 3384 1570 ut
3410 1516 3555 1570 illum
3577 1518 3758 1569 dimit-

2167 1618 2338 1675 teret;
2372 1610 2425 1663 1.
2464 1607 2745 1663 Violentior
2782 1618 2950 1662 autem
2981 1609 3131 1676 ﬁebat
3162 1609 3353 1678 fames,
3382 1618 3431 1661 et
3460 1609 3757 1676 deﬁciebant

2165 1702 2237 1756 eis
2262 1700 2377 1754 cibi.
2416 1698 2473 1753 2.
2503 1698 2572 1755 Et
2588 1700 2714 1754 dicit
2744 1700 2814 1754 eis
2831 1709 2973 1768 pater
3004 1715 3023 1752 :
3058 1699 3204 1753 Abite
3229 1699 3431 1766 iterum,
3460 1698 3641 1765 σπανία
3663 1716 3757 1754 no-

2165 1791 2243 1846 bis
2274 1807 2438 1862 pauca
2466 1790 2657 1845 edulia.
2698 1791 2752 1847 '5.
2800 1790 2947 1846 Dixit
2988 1801 3158 1845 autem
3181 1791 3227 1845 ei
3254 1789 3424 1845 ludas
3452 1807 3470 1844 :
3500 1790 3757 1846 Testando

2164 1891 2427 1938 attestatus
2453 1892 2528 1937 est
2547 1882 2690 1937 nobis
2717 1883 2890 1946 homo,
2935 1882 3107 1936 dicens
3126 1897 3147 1938 :
3179 1880 3302 1936 Non
3330 1883 3559 1937 uidebitis
3579 1886 3759 1955 faciem

2165 1990 2347 2037 meam,
2369 1974 2466 2027 nisi
2487 1973 2649 2041 frater
2664 1972 3013 2042 vesterjunior
3025 1973 3281 2026 vobiscum
3303 1975 3479 2044 fuerit.
3497 1976 3552 2028 4.
3582 1974 3762 2045 Itaque

2165 2066 2209 2119 si
2233 2065 2388 2117 mittis
2429 2064 2687 2117 nobiscum
2737 2064 2951 2131 fratrem
2977 2074 3229 2129 nostrum,
3272 2063 3662 2129 descendemus,
3712 2075 3762 2118 et

2164 2172 2383 2208 entemus
2411 2156 2499 2208 tibi
2522 2156 2775 2226 frumenta
2793 2170 2812 2208 :
2840 2154 2893 2209 5.
2923 2154 3003 2209 sin
3029 2155 3219 2219 minus,
3263 2171 3367 2208 non
3381 2154 3582 2209 ibimus.
3616 2154 3757 2209 Nam

2166 2245 2316 2299 homo
2346 2245 2435 2298 ille
2459 2244 2589 2299 discit
2612 2244 2755 2299 nobis
2784 2260 2804 2298 :
2835 2243 2955 2299 Non
2983 2245 3211 2300 videbitis
3235 2246 3419 2318 faciem
3448 2264 3631 2314 meam,
3660 2250 3761 2302 nisi

2166 2342 2325 2412 frater
2353 2351 2511 2395 vester
2542 2342 2725 2412 junior
2764 2344 2915 2413 fuerit
2946 2343 3203 2396 vobiscum
3261 2341 3463 2415 (Caput
3506 2341 3630 2413 45).
3683 2342 3761 2396 Ne

2168 2442 2340 2500 putes,
2379 2432 2569 2502 inquit,
2598 2432 2715 2488 sine
2747 2432 2910 2488 fratre
2939 2447 3039 2487 nos
3072 2448 3228 2502 posse
3262 2431 3590 2489 descendere
3612 2433 3754 2487 illuc.

2164 2524 2218 2579 Si
2258 2525 2399 2577 enim
2417 2526 2494 2578 vis
2519 2535 2759 2580 nostrum
2792 2525 3107 2580 descensum
3134 2526 3365 2593 irritum,
3385 2534 3550 2580 etnos
3571 2540 3761 2579 omnes

2165 2615 2416 2683 periculis
2444 2614 2678 2681 involvi,
2715 2616 2856 2670 viam
2887 2627 3125 2671 nostram
3157 2618 3432 2671 abeamus.
3473 2617 3624 2671 Scias
3666 2631 3760 2670 att-

2169 2713 2277 2759 tem
2307 2705 2454 2759 illum
2488 2715 2836 2775 protestatum
2874 2706 3071 2775 fuisse,
3112 2722 3211 2763 nos
3255 2723 3361 2762 non
3404 2709 3609 2762 visuros
3638 2722 3760 2765 esse

2166 2795 2352 2850 faciem
2399 2796 2551 2866 ejus,
2585 2798 2687 2851 nisi
2726 2797 2891 2853 frater
2928 2799 3108 2867 junior
3147 2799 3420 2853 nobiscum
3464 2798 3754 2854 advenerit.

2165 2888 2439 2959 Angustias
2470 2889 2702 2960 undique
2730 2900 2886 2945 erant
2908 2890 3105 2957 Jacob;
3136 2890 3257 2945 ideo
3287 2890 3502 2959 plorans
3531 2890 3661 2945 dicit
3689 2891 3755 2944 ad

2167 2995 2296 3034 eos:
2326 2980 2378 3035 6.
2409 2981 2580 3045 Quare
2599 2982 2846 3052 amisistis
2871 2998 2951 3036 me
2971 3024 2984 3047 ,
3017 2982 3374 3035 annuntiantes
3402 2983 3509 3036 viro
3538 2982 3675 3052 quod
3693 2984 3757 3036 sit

2164 3073 2302 3127 vobis
2344 3074 2543 3144 frater?
2587 3073 2689 3129 Cur
2749 3091 2829 3128 me
2864 3074 3150 3145 afflixistis?
3194 3073 3372 3141 Quare
3408 3074 3536 3131 mihi
3570 3077 3756 3130 horum

2166 3166 2428 3221 malorum
2455 3175 2702 3222 auctores
2724 3166 2847 3221 facti
2872 3167 3041 3224 estis?
3069 3167 3201 3222 Nam
3231 3168 3279 3222 si
3304 3166 3406 3222 hoc
3430 3168 3656 3237 ipsi'non
3688 3169 3757 3222 si-

2166 3259 2520 3329 gnificassetis
2540 3299 2557 3327 ,
2599 3274 2935 3330 nequaquam
2977 3260 3244 3331 Symeone
3277 3260 3514 3331 privatus
3542 3274 3713 3315 essem
3737 3302 3753 3325 ,

2169 3366 2269 3408 nec
2298 3351 2447 3406 illum
2471 3367 2499 3406 a
2526 3352 2683 3408 vobis
2706 3353 3091 3423 requisivisset.
3114 3354 3166 3407 7.
3194 3352 3220 3407 Ι
3228 3353 3283 3407 lli
3302 3363 3470 3407 autem
3490 3353 3757 3407 dixerunt:

2167 3441 2505 3515 Interrogavit
2546 3460 2638 3499 nos
2667 3444 2839 3513 homo,
2870 3460 2990 3499 num
3031 3428 3200 3499 adhuc
3230 3455 3374 3515 pater
3402 3455 3569 3500 noster
3590 3446 3718 3499 vivat
3737 3488 3753 3512 ,

2168 3542 2215 3588 et
2243 3548 2366 3587 num
2389 3534 2454 3587 sit
2477 3533 2620 3589 nobis
2642 3534 2822 3604 frater,
2856 3542 2903 3590 et
2926 3534 3336 3589 annuntiavimus
3355 3536 3421 3589 ei.
3459 3534 3603 3589 Num
3626 3536 3756 3590 sciea

2169 3623 2346 3677 bamus
2390 3623 2528 3693 quod
2565 3624 2792 3679 dicturus
2839 3634 2968 3680 esset
3015 3625 3157 3681 nobis
3178 3668 3195 3693 ,
3240 3626 3490 3680 Adducite
3549 3627 3754 3697 fratrem

2167 3717 2424 3770 vestrum?
2452 3716 2529 3773 Ne
2555 3725 2730 3787 putes,
2764 3718 2951 3788 inquit,
2986 3727 3179 3788 sponte
3203 3735 3300 3773 nos
3333 3718 3607 3774 confessos
3635 3736 3755 3775 esse

2166 3810 2302 3877 viro,
2336 3820 2397 3866 ut
2422 3826 2479 3867 se
2517 3811 2751 3871 habeant
2785 3828 2872 3869 res
2899 3824 3116 3872 nostrm.
3149 3814 3410 3881 Quoniam
3435 3817 3575 3869 enim
3606 3815 3754 3884 quasi

2167 3903 2535 3973 exploratores
2557 3905 2608 3959 in
2633 3906 2989 3977 suspicionem
3016 3922 3137 3962 cum
3166 3909 3517 3973 venissemus,
3550 3922 3644 3960 nos
3664 3907 3755 3959 de—

2169 3996 2347 4063 tinuit,
2372 3997 2717 4067 interrogavit
2741 4009 2916 4053 aulem
2945 4000 3228 4070 diligenter
3244 4000 3311 4054 de
3334 4002 3496 4055 rebus
3523 4000 3751 4055 nostris:

2167 4089 2407 4145 volentes
2449 4105 2571 4147 eum
2618 4105 2744 4145 vere
2794 4092 2969 4145 omnia
3025 4092 3255 4159 docere,
3313 4092 3434 4145 talia
3486 4091 3752 4144 diximus:

2168 4178 2219 4234 8.
2255 4178 2596 4235 Dixit’autem
2622 4197 2799 4236 rursus
2826 4182 2992 4235 Judas
3034 4183 3104 4235 ad
3151 4193 3343 4254 patrem
3387 4199 3535 4237 suum
3564 4197 3583 4235 :
3611 4180 3757 4238 Mitte

2169 4286 2383 4339 puerum
2410 4287 2626 4337 mecum,
2648 4280 2695 4324 et
2711 4282 2971 4343 surgentes
2999 4272 3200 4339 ibimus,
3228 4284 3282 4326 ut
3308 4275 3551 4341 vivamus,
3579 4280 3627 4325 et
3656 4287 3756 4325 non

2167 4361 2463 4419 moriamur.
2508 4361 2659 4425 Mem,
2689 4362 2877 4432 inquit,
2903 4363 3021 4418 ﬁdei
3054 4364 3198 4420 illum
3229 4364 3455 4431 credito,
3490 4372 3547 4419 ut
3572 4362 3754 4419 accin-

2167 4466 2352 4520 gamus
2383 4466 2479 4507 nos
2506 4452 2703 4506 itineri.
2742 4454 3085 4524 Consumptis
3110 4457 3250 4511 enim
3280 4457 3412 4511 cibis
3439 4457 3583 4511 nulla
3605 4455 3758 4509 nobis

2168 4544 2354 4598 salutis
2383 4560 2508 4614 spes
2536 4546 2658 4613 erit,
2682 4562 2855 4617 neque
2880 4548 3093 4604 aliunde
3122 4550 3326 4605 consuli
3364 4549 3516 4605 nobis
3542 4549 3756 4620 poterit.

2168 4635 2222 4691 9.
2249 4631 2359 4706 Ego
2385 4637 2578 4709 accipio
2604 4654 2717 4693 cum
2736 4656 2767 4692 a
2789 4649 2877 4704 te;
2906 4642 3005 4695 nisi
3026 4642 3275 4706 reduxero
3307 4659 3438 4709 eum,
3470 4653 3517 4697 et
3538 4654 3758 4699 statuero

2169 4744 2336 4781 coram
2367 4738 2433 4795 te,
2463 4745 2549 4782 ero
2588 4730 2676 4784 ille
2717 4732 2805 4801 qui
2837 4734 3038 4801 peccavi
3071 4734 3157 4786 tibi
3179 4734 3410 4789 omnibus
3438 4735 3630 4790 diebus.
3670 4737 3757 4791 10.

2173 4817 2291 4871 Nisi
2319 4821 2451 4874 enim
2481 4821 2674 4874 tamdiu
2716 4824 2895 4875 morati
2926 4825 3223 4894 fuissemus,
3261 4826 3375 4895 jam
3415 4829 3637 4881 secundo
3683 4846 3761 4881 rc-

2170 4913 2509 4967 vertissemus.
2548 4912 2957 4971 Commiseratio
2981 4933 3139 4987 quam
3176 4920 3396 4975 exhibes
3426 4934 3595 4988 puero
3618 4961 3635 4987 ,
3680 4922 3762 4973 in-
3802 4990 3807 4993 _

2170 5002 2304 5071 quit,
2335 5004 2486 5059 nobis
2512 5006 2758 5063 omnibus
2786 5007 2889 5063 erit
2913 5023 3070 5061 causa
3096 5009 3363 5075 interitus.
3405 5010 3570 5065 Fame
3616 5012 3758 5067 enim

2172 5097 2464 5165 peribimus
2488 5139 2503 5163 ,
2536 5098 2636 5152 nisi
2675 5114 2796 5153 eum
2842 5101 3121 5155 nobiscum
3147 5102 3275 5155 velit
3298 5104 3588 5159 dimittere.
3626 5104 3762 5158 Vide

2173 5187 2387 5243 tandem
2416 5188 2521 5253 hic,
2553 5189 2768 5254 dilecte,
2796 5191 3065 5260 quomodo
3093 5191 3247 5247 famis
3276 5194 3569 5254 necessitas
3596 5195 3762 5264 patris

2171 5295 2410 5335 amorem
2438 5280 2645 5345 vicerit.
2679 5280 2875 5336 Videas
2896 5283 3037 5337 enim
3070 5298 3175 5337 non
3214 5284 3427 5339 aliunde
3454 5285 3649 5339 famem
3679 5300 3764 5338 se-

2172 5370 2285 5423 dari
2320 5384 2495 5439 posse,
2521 5386 2745 5441 eamque
2772 5371 2825 5428 in
2848 5372 2963 5429 dies
2994 5375 3163 5445 magis
3205 5390 3267 5428 ac
3298 5377 3465 5445 magis
3492 5378 3761 5431 incresce-

2173 5477 2231 5517 re
2266 5480 2280 5517 :
2315 5461 2373 5518 Si
2410 5464 2481 5518 ita
2510 5472 2629 5530 est,
2673 5466 2841 5536 inquit
2868 5505 2883 5530 ,
2916 5476 2969 5521 et
2994 5476 3206 5537 oportet
3234 5467 3335 5522 hoc
3363 5470 3583 5523 omnino
3610 5469 3723 5523 fieri
3746 5509 3762 5533 ,

2176 5553 2403 5621 potestis
2427 5554 2778 5623 descendere,
2802 5556 2902 5611 nisi
2930 5557 3072 5613 hunc
3090 5559 3431 5629 acceperitis,
3475 5559 3682 5614 debetis
3709 5568 3767 5614 et

2173 5642 2310 5697 dona
2336 5643 2528 5700 afferre
2553 5646 2689 5713 viro,
2709 5656 2763 5702 et
2785 5647 2986 5703 referre
3008 5650 3307 5717 pecuniam,
3338 5664 3496 5720 quam
3516 5651 3569 5703 in
3590 5650 3765 5704 saccis

2176 5733 2369 5791 vestris
2392 5733 2693 5801 invenistis.
2732 5738 2972 5809 Accipite
2996 5748 3175 5805 autem
3205 5748 3260 5802 et
3285 5739 3762 5811 pecuniamaiiant,
