4146 6260
439 299 544 364 .55!

442 415 719 490 ᾔδεισαν,
765 411 867 467 διὰ
916 410 983 466 τό
1025 410 1133 466 τόν
1176 409 1435 480 ἑρμηνέα
1473 407 1700 479 μεταξὺ
1739 403 1994 490 ἑστάναι
2014 419 2028 432 ο

441 487 559 556 ἀλλ’
591 502 693 554 οὑκ
719 499 798 553 ἔτι
823 498 1008 552 λοιπὸν
1046 496 1232 568 φέρειν
1258 495 1522 566 ἠδύνατο,
1557 494 1656 566 τῆς
1689 491 1904 565 φύσεως
1931 487 2034 560 τῆς

411 571 738 655 ’ἀδελφικῆς
784 583 878 638 καὶ
917 583 1020 653 τῆς
1073 580 1416 652 συμπαθείας
1467 578 1632 633 αὑτὸν
1684 573 2029 646 ἐλεγχούσης.

445 668 554 722 Καὶ
586 665 996 734 ἀποστραφεὶς
1015 706 1029 730 ,
1063 665 1258 736 φησὶν,
1290 663 1392 717 ἀπ’
1423 659 1623 714 αὐτῶν
1642 699 1656 724 ,
1690 658 2031 720 ἔκλαυσεν,

446 748 589 802 ὥστε
642 749 716 820 μὴ
770 747 1072 816 κατάδηλος
1123 747 1305 809 αὑτοῖς
1355 742 1632 812 γενέσθαι.
1688 740 1798 796 Καὶ
1847 736 2035 791 πάλιν

444 833 756 902 προσῆλθε
775 832 925 901 πρὸς
945 831 1290 896 αὑτοὺς,καὶ
1313 825 1485 882 εἶπεν
1494 823 1835 892 αὐτοῖς.Καὶ
1856 822 2034 877 ἔλαϐε

445 920 554 972 τὸν
575 917 884 986 Συμεῶνα,
908 917 1005 970 καί
1032 915 1259 982 ἔδησεν
1289 911 1480 966 αὐτὸν
1500 908 1780 963 ἐναντίον
1809 903 2030 960 αὐτῶν.

449 1002 591 1073 Ὅρα
618 1002 737 1065 πῶς
762 1001 944 1055 πάντα
963 1001 1126 1061 ποιεῖ,
1146 997 1289 1051 ὥστε
1321 997 1402 1057 είς
1429 993 1595 1062 φόϐον
1622 991 1820 1052 αὑτοὺς
1857 987 2032 1073 ἐμϐα-

445 1072 577 1149 λιῐν,
644 1086 734 1140 ίνα
785 1085 1024 1157 ὁρῶντες
1069 1084 1138 1137 τά
1187 1081 1362 1152 δεσμὰ
1401 1078 1495 1132 τοῦ
1541 1073 1804 1157 Συμεών,
1840 1072 2032 1157 δήλους

446 1165 672 1228 ἑαυτοὺς
696 1151 1017 1235 ποιήσωσιν,
1047 1163 1103 1216 εἴ
1121 1179 1246 1215 τινα
1272 1151 1402 1230 περὶ
1427 1158 1520 1210 τὸν
1555 1153 1782 1222 ἀδελφὸν
1811 1151 2032 1235 συᾼμπά-

446 1243 598 1297 θειαν
629 1229 1050 1298 ἐπιδείκνυνται.
1083 1242 1271 1296 Πάντα
1309 1229 1420 1308 γάρ
1469 1235 1644 1290 ταῦτα
1685 1233 1830 1286 ποιεί
1862 1229 2032 1308 βασαέ

445 1321 610 1386 νίζων
639 1323 819 1376 αὑτῶν
846 1321 944 1392 τὴν
972 1320 1222 1390 γνώμην,
1253 1320 1348 1372 καὶ
1374 1307 1578 1386 γνῶναι
1616 1309 1962 1392 βουλόμενος,
1983 1307 2033 1392 εἰ

447 1401 526 1470 μὴ
563 1402 656 1453 καὶ
704 1401 840 1472 πρὸς
887 1387 995 1455 τὸν
1023 1387 1283 1472 Βενιαμὶν
1335 1394 1564 1449 τοιοῦτοι
1609 1390 1908 1472 ,γεγόνασιζ
1936 1387 2034 1472 ἀξιά

445 1467 605 1532 τούτο
637 1467 866 1534 καῖ’τὸν
909 1479 1174 1551 Συμεῶνα
1193 1467 1447 1530 ἐναντίον
1487 1471 1670 1526 αὑτῶν
1715 1467 2033 1551 δεσμεϊσθαι

446 1558 694 1624 κελεύει,
727 1559 817 1612 ἵνα
872 1547 1136 1631 βασανίσῃ
1182 1557 1380 1620 αὑτοὺς
1421 1552 1559 1625 μετά
1591 1548 1900 1631 ἀκριϐείας,

451 1636 536 1709 ῐδῃ
563 1639 616 1692 εί
635 1654 756 1691 τινα
786 1627 1168 1711 φιλοστοργίαν
1192 1634 1321 1706 περὶ
1350 1633 1513 1711 αὑτὸν
1540 1629 1937 1711 ἐγδείιινυνταιί
1969 1627 2034 1680 Ἦ

447 1703 558 1787 γάρ
603 1716 732 1787 περὶ
779 1703 966 1770 τοῦτον
1009 1703 1188 1784 ’φειδὼ
1239 1703 1652 1787 παρεσκεύαζεν
1705 1703 2034 1787 ἐπιταχύναι

445 1781 544 1865 τὴν
569 1781 950 1866 τοῦᾛενιαμὶν
971 1781 1297 1865 παρουσίαν,
1319 1781 1457 1860 δπερ
1480 1786 1730 1866 ἐϐούλετο
1757 1781 2031 1866 γενέσθαι,

444 1863 586 1928 ὥστε
617 1863 990 1946 πληροφορίαν
1021 1863 1205 1926 λαϐεῖν
1229 1873 1294 1926 ἐκ
1329 1870 1430 1940 τῆς
1453 1867 1548 1921 τοῦ
1572 1863 1802 1946 ἀδελφοὺ
1829 1877 2034 1946 παρου-

445 1951 586 2016 σίας.
625 1939 744 2006 Καῖ
774 1939 1132 2015 ἐνετείλατο,
1169 1949 1353 2020 φησὶν,
1390 1939 1706 2016 ἐμπλῆσαι
1738 1942 1810 1995 τὰ
1830 1939 2036 2020 ἀγγεῖα

442 2029 645 2084 αὐτῶν
693 2033 903 2096 σίτου,
945 2032 1044 2084 καὶ
1088 2019 1423 2084 ἀποδοῦναι
1453 2021 1606 2096 [612]
1637 2019 1706 2074 τὸ
1753 2019 2036 2089 ἀργύριον

443 2107 681 2175 ἑκάστῳ
710 2113 796 2176 εις
819 2109 929 2163 τὸν
959 2109 1195 2162 σάκκον
1221 2105 1409 2159 αὐτοῦ
1429 2143 1444 2165 ,
1471 2101 1570 2156 καὶ
1593 2099 1806 2154 δοῦναι
1830 2097 2035 2176 αὐτοῖς

444 2175 826 2255 ἐπισιτισμὸν
867 2189 955 2254 εις
998 2187 1117 2253 τὴν
1163 2183 1326 2238 ὀδόν.
1389 2180 1501 2236 Καὶ
1556 2177 1864 2255 ἐπιθέντες
1911 2175 2035 2255 τοῖς

445 2263 610 2328 ὄνοις
637 2254 837 2318 αὐτῶν
860 2263 1158 2330 ἀπῆλθον.
1187 2263 1328 2332 Ὅρα
1357 2259 1530 2330 πόσην
1563 2254 1871 2327 φιλοτιμίαν
1912 2254 2034 2306 ἐπι-

443 2342 762 2396 δείκνυται·
791 2345 885 2397 καὶ
932 2343 1164 2404 ἄκοντας
1209 2341 1409 2402 αὑτοὺς
1463 2338 1767 2409 εὑεργετεῖ,
1821 2334 1884 2387 οὑ
1942 2332 2035 2387 τὸν

447 2422 594 2473 σῖτον
627 2421 788 2492 μόνον
814 2420 1094 2485 δεδωκὼς,
1138 2418 1276 2472 ἀλλά
1306 2419 1403 2472 καὶ
1426 2417 1498 2470 τά
1528 2415 1790 2488 ἀργύρια.
1825 2414 2033 2492 Λύσας

445 2497 516 2550 δὲ
562 2491 650 2565 εἷς
703 2501 773 2564 ἐξ
818 2498 1019 2554 αὐτῶν
1071 2498 1180 2551 τὸν
1218 2496 1575 2566 μάρσιππον
1617 2493 1839 2557 αὐτοῦ,
1877 2491 2034 2544 ὥστε

443 2577 656 2632 δοῦναι
682 2579 1070 2648 χορτάσματα
1102 2575 1227 2642 τοῖς
1259 2577 1443 2640 ὄνοις,
1475 2572 1585 2642 όρᾷ
1623 2575 1690 2626 τὸ
1725 2574 2030 2641 ἀργύριον,

444 2657 544 2711 καὶ
566 2653 698 2711 εἷπε
725 2657 850 2723 τοῖς
878 2656 1164 2725 ἀδελφοῖς
1192 2653 1400 2709 αὑτοῦ.
1443 2652 1577 2706 Ἐπί
1606 2653 1793 2714 τούτῳ
1812 2651 2030 2718 ἐξέστη

442 2736 482 2801 ἡ
517 2734 732 2802 καρδιά
761 2733 981 2800 αὐτῶν,
1016 2736 1115 2788 καὶ
1144 2732 1568 2802 ἐταράχθησαν
1593 2733 1682 2798 εις
1712 2731 2031 2800 ἀλλήλους

441 2813 724 2882 λέγοντες
743 2831 756 2846 ’
801 2816 862 2871 Τί
891 2814 1068 2870 τοῦτο
1094 2815 1386 2883 ἐποίησεν
1411 2812 1558 2882 ημῖν
1607 2815 1640 2866 ό
1671 2812 1851 2875 Θεός;
1915 2811 2032 2863 Ἐν-

444 2891 668 2960 αγώνιοι
711 2893 872 2948 πάλιν
911 2895 1201 2963 γεγόνασιν
1227 2933 1243 2958 ,
1274 2891 1616 2964 ὑφορώμενοι
1646 2891 1721 2961 μὴ
1751 2894 1842 2944 καὶ
1874 2889 2032 2942 τοῦτο

445 2969 732 3039 προσθήκη
763 2970 1122 3041 ἐγκλημάτων
1169 2970 1350 3031 αὑτοῖς
1388 2969 1645 3038 γένηται,
1677 2968 1772 3020 καὶ
1801 2966 1896 3038 τὴν
1925 2965 2032 3018 ἀπὸ

445 3048 540 3101 τοῦ
573 3047 869 3111 συνειδότος
894 3049 1105 3118 ἐχοντες
1135 3049 1489 3119 κατηγορίαν,
1513 3047 1688 3100 πάντα
1722 3045 2033 3116 ἐπέγραφον

444 3129 513 3198 τῇ
546 3127 787 3199 ἁμαρτίᾳ
810 3129 876 3199 τῇ
905 3129 982 3192 είς
1010 3127 1102 3179 τὸν
1131 3127 1327 3196 Ἰωσὴφ
1350 3126 1441 3178 ὑπ’
1464 3125 1644 3178 αὑτῶν
1666 3123 2029 3195 γεγενημένῃ.

447 3207 886 3278 Παραγενόμενοι
934 3206 991 3259 δὲ
1044 3206 1179 3277 προς
1230 3205 1320 3257 τὸν
1379 3203 1594 3274 πατέρα
1618 3244 1633 3268 ,
1681 3204 1778 3255 καὶ
1817 3202 2033 3256 ᾶπαντα

449 3285 590 3357 μετά
645 3284 927 3356 ἀκριϐείας
988 3282 1135 3353 αὑτῷ
1184 3281 1655 3350 ἀπαγγείλαντες,
1705 3281 2034 3354 διηγήσαντο

444 3362 544 3432 τὴν
567 3365 940 3434 ἀγανάκτησιν
977 3364 1074 3433 τήν
1107 3363 1226 3414 κατ’
1261 3361 1440 3414 αὐτῶν
1475 3361 1848 3431 γεγενημένην
1881 3361 2032 3432 παρά

445 3442 541 3500 τοῦ
570 3442 828 3514 ἄρχοντος
861 3442 958 3512 τῆς
990 3441 1289 3508 Αἰγύπτου,
1325 3440 1419 3492 καὶ
1452 3441 1534 3492 ὅτι
1569 3439 1721 3492 ἔθετο
1747 3440 1944 3504 αὐτοὺς
1973 3442 2033 3493 ἐν

447 3524 685 3596 φυλακῇ,
717 3522 792 3586 ὡς
822 3521 1221 3582 κατασκόπους.
1249 3519 1524 3588 Εἷπαμεν
1549 3518 1618 3570 δὲ
1645 3517 1828 3583 αὐτῷ,
1843 3521 2028 3588 φασὶν,

447 3603 538 3658 ὅτι
563 3601 852 3671 είρηνικοί
880 3601 1069 3670 ἐσμεν
1089 3639 1106 3664 ,
1133 3598 1233 3651 καί
1263 3598 1353 3652 ὅτι
1386 3597 1618 3652 δώδεκά
1645 3598 1833 3668 ἐσμεν
1857 3598 2033 3652 ἀδελ-

446 3683 549 3749 φοί
581 3697 597 3712 ο
630 3681 728 3734 καί
763 3682 796 3734 ό
823 3676 940 3747 μὲν
967 3672 1055 3742 εἷς
1081 3679 1195 3744 οὐχ
1218 3675 1495 3744 ὑπάρχει,
1529 3681 1560 3729 ό
1596 3679 1666 3730 δὲ
1688 3679 2034 3748 μικρότερος

443 3765 593 3834 μετὰ
625 3760 731 3814 τοῦ
771 3758 994 3825 πατρὸς
1035 3757 1224 3826 ἡμῶν.
1247 3752 1395 3808 Εἴπε
1424 3756 1492 3808 δὲ
1516 3757 1680 3824 ἡμῖν·
1722 3760 1816 3810 Ἐν
1844 3759 2033 3818 τούτῳ

449 3839 754 3908 φανεῖσθε,
782 3838 870 3890 ὅτι
893 3836 1181 3904 είρηνικοί
1211 3835 1354 3886 ἐστε
1383 3851 1398 3864 ο
1427 3835 1698 3902 ἀδελφὸν
1719 3836 1828 3888 ἕνα
1852 3834 2034 3904 ἄφετε

448 3913 599 3984 ὧδε,
633 3921 729 3973 καὶ
757 3916 1008 3986 ἀγάγετε
1035 3915 1144 3966 τὸν
1179 3913 1449 3981 ἀδελφὸν
1481 3914 1645 3981 ὑμῶν
1679 3915 1786 3967 τὸν
1824 3917 2032 3971 νεώτε-

443 4015 578 4069 ρον,
635 3997 734 4052 καί
787 3994 1089 4066 τνώσομαι
1143 3991 1235 4044 ὅτι
1289 3993 1400 4044 οὐκ
1446 3991 1588 4044 ἐστὲ
1639 3993 2031 4049 κατάσκοποι.

451 4075 640 4130 Ταῦτα
670 4074 835 4130 πάλιν
863 4073 1109 4137 ἀνέξαινε
1137 4073 1231 4124 τοῦ
1259 4070 1462 4124 δικαίου
1484 4071 1583 4133 τὰς
1605 4072 1859 4142 ἀθυμίας.
1881 4076 2036 4128 Μετά

451 4157 562 4228 γάρ
592 4157 691 4226 τῆς
735 4153 1038 4225 διηγήσεως
1067 4150 1272 4221 ταύτης
1323 4151 1424 4222 τῆς
1466 4150 1717 4221 λυπηρᾶς
1771 4153 1866 4207 καὶ
1906 4155 2035 4219 τοὺς

451 4237 660 4297 ἐαυτῶν
698 4237 1045 4309 μαρσίππους
1087 4232 1458 4300 κενώσαντες,
1491 4233 1758 4305 ηὕρισκεν
1805 4235 2035 4300 ἕκαστος

450 4318 514 4369 τὸ
537 4317 802 4390 ἀργύριον
822 4358 836 4382 ,
867 4315 962 4369 καὶ
993 4312 1340 4384 ἐφοϐήθησαν
1382 4314 1535 4367 αὐτοί
1570 4331 1630 4366 τε
1668 4314 1764 4368 καὶ
1795 4317 1824 4368 ό
1853 4313 2033 4385 πατὴρ

451 4399 653 4452 αὑτῶν.
677 4397 816 4452 ’Δλλ’
844 4398 947 4468 ὅρα
988 4413 1078 4466 μοι
1104 4394 1266 4447 πάλιν
1311 4394 1543 4450 ἐνταῦθα
1585 4395 1679 4448 τὸν
1721 4394 2035 4466 πρεσϐύτην

452 4479 877 4551 ἀποδυρόμενον.
937 4475 1003 4528 Τί
1062 4477 1170 4544 γάρ
1223 4491 1356 4544 φησι
1416 4474 1552 4546 πρὸς
1602 4475 1834 4543 αὑτούς;
1899 4475 2038 4543 Ἐμὲ

452 4559 830 4626 ὴτεκνὼσατε
849 4573 862 4586 ⁶
890 4555 1113 4622 Ἰωσὴφ
1143 4556 1255 4606 οὐκ
1276 4553 1432 4616 ἐστι,
1458 4552 1705 4621 Συμεὼν
1733 4557 1847 4608 οὐκ
1877 4556 2032 4620 ἐστι,

455 4638 558 4691 καὶ
601 4637 710 4691 τὸν
748 4634 1042 4702 ,Βενιαμίν
1085 4631 1390 4699 λήψεσθε;
1424 4632 1549 4684 Ἐπ’
1603 4631 1709 4700 ἐμὲ
1757 4635 2037 4703 ἐγένοντο

455 4715 644 4778 ταῦτα
671 4713 886 4768 πάντα.
928 4710 1042 4764 Οὑκ
1071 4711 1230 4780 ἢρκει
1267 4726 1393 4778 μοι,
1435 4710 1588 4778 φησὶ,
1622 4711 1684 4763 τὸ
1713 4711 1906 4776 πένθος
1940 4713 2036 4766 τοῦ

456 4795 679 4866 Ἰωσὴφ,
709 4793 846 4846 ἀλλά
880 4788 1257 4861 προσεθήκατε
1290 4787 1464 4860 τούτῳ
1493 4789 1587 4841 καὶ
1626 4790 1717 4843 τὸν
1763 4791 1986 4861 Συμεών
2019 4808 2033 4822 ο

456 4873 554 4928 καὶ
595 4872 715 4925 οὑδέ
760 4872 924 4942 μέχρι
960 4869 1150 4922 τούτου
1187 4867 1401 4921 ἵσταταί
1438 4885 1526 4938 μοι
1573 4868 1642 4920 τά
1681 4869 1866 4936 δεινὰ,
1903 4870 2039 4924 ἀλλά

453 4955 550 5008 καὶ
575 4953 666 5006 τὸν
699 4951 958 5021 Βενιαμὶν
990 4949 1173 5002 λαϐεῖν
1191 4947 1462 5016 βούλεσθε.
1483 4945 1608 4999 Ἐπ’
1630 4947 1738 5016 ἐμὲ
1760 4947 2038 5018 ἐγένοντο

453 5032 642 5094 ταῦτα
675 5029 890 5084 πάντα.
937 5027 1120 5082 Ἰκανά
1155 5028 1223 5080 τὰ
1261 5029 1483 5098 ῥήματα
1511 5027 1678 5091 δεῖξαι
1706 5027 1800 5080 τοῦ
1833 5030 2039 5099 πατρὸς

454 5111 851 5181 διακοπτόμενα
882 5107 953 5160 τά
985 5105 1282 5176 σπλάγχνα.
1324 5105 1431 5158 Καὶ
1455 5105 1562 5175 γὰρ
1584 5105 1773 5178 ὥσπερ
1801 5107 1869 5159 τὰ
1901 5107 2040 5161 κατά

453 5189 547 5242 τὸν
579 5189 778 5258 Ἰωσὴφ
821 5185 969 5255 αὑτῷ
1012 5185 1358 5255 ἀπηγόρευτο
1409 5183 1647 5256 (ἐνόμιζε
1699 5187 1809 5254 γάρ
1856 5186 2040 5257 θηρῶν

455 5267 795 5337 κατάϐρωμα
824 5264 1193 5335 γεγενῆσθαι),
1220 5263 1361 5315 οὕτω
1387 5264 1481 5316 καὶ
1521 5263 1589 5316 τὰ
1631 5264 1772 5316 κατά
1815 5265 1906 5317 τὸν
1938 5266 2040 5318 Συ-

460 5346 641 5416 μεῶνα
665 5345 1009 5416 ἀπηγόρευσε
1043 5359 1058 5374 ο
1087 5343 1269 5395 λοιπὸν
1298 5341 1355 5394 δὲ
1390 5341 1480 5395 καὶ
1510 5343 1638 5414 περὶ
1663 5345 1756 5397 τοὺ
1782 5345 2040 5416 Βενιαμὶν

455 5422 734 5479 ἐδεδοίκει.
796 5422 935 5477 Ἀλλ’
993 5422 1140 5492 ὅμως
1179 5421 1423 5488 ἀντεῖχεν
1461 5421 1572 5485 ἐτι,
1603 5421 1697 5473 καὶ
1737 5424 1838 5476 οὑκ
1867 5424 2038 5476 ἐδίδου

457 5503 548 5556 τὸν
576 5503 762 5557 παῖδα.
801 5498 949 5554 Εἷπε
986 5499 1054 5552 δὲ
1096 5498 1255 5564 αὺτῷ
1293 5498 1549 5566 Ῥουϐὴν
1591 5502 1624 5552 ό
1667 5502 2040 5570 πρωτότοκος

456 5584 668 5638 αὑτοῦ·
727 5582 872 5648 Τοὺς
900 5582 1009 5635 δύο
1038 5582 1209 5646 υἱούς
1242 5598 1360 5650 μου
1396 5581 1785 5645 ἀπόκτεινον,
1821 5580 1929 5634 ἐὰν
1951 5582 2038 5651 μὴ

456 5661 655 5731 ἀγάγω
687 5664 870 5716 αὐτον
898 5661 1046 5728 πρὸς
1071 5659 1163 5712 σέ.
1209 5659 1321 5724 Δὸς
1347 5659 1534 5713 αὐτόν
1569 5661 1657 5724 είς
1691 5659 1799 5726 τὰς
1836 5659 2039 5730 χεῖράς

455 5760 596 5811 μου,
633 5740 796 5810 κάγὼ
827 5740 950 5804 ἄξω
981 5741 1169 5793 αὑτὸν
1200 5739 1348 5806 πρὸς
1371 5739 1464 5793 σέ.
1491 5739 1644 5809 Ἐμοὶ
1665 5740 1848 5800 αὑτὸν,
1879 5745 2032 5813 φησὶ,

459 5822 767 5884 πίστευσον,
798 5821 921 5890 ἐμοὶ
942 5821 1182 5890 παράδος
1212 5837 1225 5850 ο
1254 5820 1365 5886 ἐγώ
1390 5839 1469 5874 σοι
1496 5822 1656 5874 αὑτὸν
1687 5823 1958 5887 ἐπανάξω.

529 5901 590 5967 δ’.
629 5900 798 5953 Τοῦτο
825 5899 880 5965 δὲ
915 5900 1085 5954 ἐποίει
1129 5899 1388 5970 Ῥουϐὴν,
1440 5901 1632 5954 ἐννοῶν
1670 5901 1744 5965 ὡς
1785 5902 1881 5972 οὑχ
1923 5898 2034 5957 οἷόν

1290 293 1364 352 IN
1394 293 1548 351 CAP.
1582 289 1750 350 XLIII
1810 287 1900 348 ET
1937 285 2106 345 XLIV
2142 286 2390 361 GENEB.
2429 292 2666 362 Ηοιιιι..
2703 296 2884 359 LXIV.

3608 301 3716 359 ὅδὲ

2135 418 2217 467 τε,
2245 405 2321 476 μή
2343 406 2438 460 τοῦ
2466 410 2654 475 παιδὸς
2679 411 3062 480 συγκατιόντος
3082 410 3281 476 αὑτοῖς,
3311 410 3473 466 πάλιν
3503 411 3582 474 είς
3611 413 3714 482 τὴν

2134 485 2409 554 Αἴγυπτον
2441 493 2734 558 ἀπελθεῖν,
2764 497 2860 549 καὶ
2899 495 2966 549 τά
3003 495 3140 566 πρὸς
3178 495 3473 566 διατροφὴν
3500 495 3713 565 ὠνήσα-

2137 566 2281 623 σθαι.
2311 571 2452 626 Ἀλλ’
2491 576 2594 630 οὑκ
2629 577 2899 631 ἐνδίδωσιν
2933 577 2962 628 ό
2993 577 3197 647 πατὴρ,
3225 575 3362 630 ἀλλά
3389 593 3554 646 φησιν
3587 592 3601 606 ·
3629 579 3713 629 οὐ

2135 653 2536 719 καταϐήσεται
2568 661 2602 712 ό
2625 660 2757 725 υἱός
2782 677 2903 729 μου
2926 661 3056 728 μεθ’
3087 659 3271 727 ὑμῶν.
3313 655 3448 713 Εἶτα
3486 661 3579 712 καὶ
3614 660 3714 730 τήν

2134 735 2314 787 αἰτίαν
2339 736 2510 804 λέγει,
2539 738 2729 811 ὥσπερ
2751 741 3182 812 ἀπολογούμενος
3205 745 3318 804 τοῖς
3347 741 3555 794 παισίν.
3583 741 3712 794 Ὀτι

2135 815 2170 867 ό
2200 815 2464 886 ἀδελφός
2487 822 2674 875 αὐτοῦ
2698 823 2977 886 ἀπέθανε,
3003 824 3101 876 καὶ
3126 823 3308 888 αὐτὸς
3322 823 3508 891 μόνος
3532 839 3714 875 κατα-

2133 895 2459 954 λέλειπται.
2490 901 2601 955 Καὶ
2627 904 2999 972 συμϐήσεται
3018 905 3098 971 ὠς
3122 904 3257 958 νέον
3289 902 3713 972 κομιδῆμαλα-

2135 980 2420 1050 κισθῆναι
2446 983 2515 1038 ἐν
2545 983 2622 1052 τῇ
2655 985 2770 1051 όδῷ
2791 1024 2806 1050 ,
2838 987 2938 1041 καὶ
2973 985 3259 1051 κατάξετέ
3283 1004 3402 1057 μου
3433 987 3498 1040 τὸ
3525 986 3714 1054 γῆρας

2129 1063 2280 1131 μετὰ
2313 1066 2517 1134 λύπης
2545 1070 2630 1134 εις
2657 1068 2828 1135 ᾅδου.
2866 1067 3012 1141 [615]
3044 1070 3266 1123 Δέδοικα
3283 1109 3303 1132 ,.
3329 1069 3482 1139 φησὶ,
3508 1069 3569 1141 :0
3596 1067 3714 1121 νέον

2135 1145 2300 1200 αὑτοῦ
2326 1149 2424 1218 τῆς
2446 1148 2684 1219 ἡλικίας,
2718 1151 2813 1205 καὶ
2846 1151 3131 1222 ὑφορῶμαι
3163 1150 3244 1224 μὴ
3269 1151 3365 1204 καὶ
3390 1151 3492 1220 τῆς
3524 1149 3713 1204 τούτου

2137 1230 2492 1299 παραμυθίας
2521 1232 2915 1303 ἀποστερηθεὶς
2942 1235 3059 1304 μετ’
3085 1233 3276 1305 ὀδύνης
3300 1233 3389 1286 τὸν
3415 1233 3528 1303 βίον
3546 1248 3716 1286 κατα·

2135 1311 2294 1366 λύσω.
2317 1314 2496 1386 Μέχρι
2523 1315 2632 1386 γὰρ
2656 1317 2746 1370 ὅτε
2774 1308 2929 1380 οὗτος
2960 1317 3173 1371 σύνεστί
3204 1335 3318 1388 μοι,
3350 1317 3489 1370 δοκῶ
3513 1316 3714 1388 μικράν

2134 1413 2254 1451 τινα
2275 1397 2420 1470 ἔχειν
2446 1399 2822 1470 παραμυθίαν,
2849 1402 2944 1454 καὶ
2970 1401 3004 1471 ή
3029 1400 3218 1454 τούτου
3241 1400 3499 1453 συνουσία
3527 1399 3717 1452 ὑποτέ-

2139 1497 2326 1550 μνεται
2350 1481 2449 1553 τὴν
2477 1483 2571 1536 ἐπὶ
2589 1483 2667 1554 τῷ
2686 1482 2900 1554 ἀδελφῷ
2920 1483 3084 1537 αὑτοῦ
3114 1483 3374 1555 ἀθυμίαν.
3397 1482 3537 1536 Ἀλλ’
3563 1486 3592 1536 ό
3617 1483 3717 1553 μὲν

2136 1563 2300 1627 πόθος
2342 1563 2372 1616 ὁ
2411 1565 2539 1635 περὶ
2571 1565 2665 1618 τὸν
2706 1565 2967 1636 Βενιαμὶν
3018 1567 3080 1618 οὑ
3115 1564 3410 1637 συνεχώρει
3440 1565 3518 1635 τῷ
3548 1565 3719 1635 πατρὶ

2134 1646 2321 1699 τοῦτον
2342 1647 2605 1718 προέσθαι
2620 1664 2634 1679 ο
2672 1647 2734 1700 '0
2759 1647 2827 1700 δὲ
2843 1647 3020 1718 λιμὸς
3034 1648 3436 1717 σφοδρότερος
3464 1647 3714 1717 ἐγίνετο.

2136 1729 2234 1782 καὶ
2275 1728 2563 1784 ἐπέλιπεν
2601 1731 2805 1796 αὐτοῖς
2852 1731 2926 1784 τὰ
2964 1729 3276 1800 βρώματα.
3315 1732 3430 1785 Καί
3454 1743 3644 1802 φησιν
3680 1732 3720 1785 ὁ

2134 1812 2350 1880 πατήρ·
2387 1813 2766 1880 Ἀπελθόντες
2813 1813 2999 1867 πάλιν
3030 1815 3315 1883 κομίσατε
3344 1813 3528 1884 μικρά
3558 1813 3716 1882 ,βρώ-

2127 1911 2308 1962 ματα.
2330 1891 2477 1950 Εῖπε
2504 1895 2572 1950 δὲ
2589 1895 2750 1960 αὐτῷ
2781 1894 3032 1961 Ἰούδας·
3067 1897 3460 1964 Διαμαρτυρία
3487 1895 3721 1964 διεμαρ-

2133 1978 2349 2044 τύρατο
2373 1978 2532 2049 ἡμᾶς
2558 1982 2592 2034 ό
2622 1978 2952 2047 ἅνθρωπος,
2992 1978 3186 2048 λέγων
3205 1996 3219 2010 ο
3247 1981 3376 2032 -Οὑκ
3403 1978 3626 2047 ὄψεσθε
3649 1977 3719 2032 τὸ

2134 2063 2464 2130 πρόσωπόν
2477 2079 2620 2131 μου,
2649 2061 2761 2116 ἐὰν
2779 2061 2864 2132 μὴ
2884 2065 2915 2116 ό
2943 2061 3230 2130 νεώτερος
3262 2061 3430 2130 ὑμῶν
3453 2061 3720 2130 ἁδελφὸς

2129 2147 2258 2213 μεθ’
2275 2145 2441 2215 ὑμῶν
2453 2141 2514 2216 ᾖ.
2538 2148 2610 2199 El
2625 2145 2743 2214 μὲν
2765 2143 2880 2199 οὖν
2900 2144 3302 2210 ἀποστέλλεις
3327 2142 3433 2198 τὸν
3451 2143 3721 2211 ἀδελφὸν

2135 2227 2335 2296 ἡμῶν,
2365 2228 2857 2295 καταϐησόμεθα,
2896 2228 2994 2280 καὶ
3031 2225 3409 2296 ἁτοράσομέν
3439 2241 3538 2279 σοι
3559 2223 3720 2292 βρώ-

2127 2325 2323 2377 ματα·
2373 2311 2427 2363 εί
2465 2309 2533 2362 δὲ
2573 2309 2660 2379 μὴ
2705 2309 3141 2375 ἀποστέλλεις,
3179 2311 3251 2362 οὐ
3281 2308 3718 2377 πορευσόμεθα,

2145 2393 2199 2446 '0
2228 2392 2338 2462 γὰρ
2359 2393 2670 2462 ἄνθρωπος
2691 2389 2861 2447 εἶπεν
2886 2391 3052 2462 ἡμῖν,
3082 2393 3170 2445 ὅτι
3206 2394 3326 2446 Οὐκ
3356 2391 3580 2461 ὄψεσθέ
3599 2407 3721 2459 μου

2132 2475 2201 2531 τὸ
2233 2478 2575 2544 πρόσωπον,
2608 2476 2719 2530 ἐὰν
2737 2475 2822 2544 μὴ
2844 2479 2876 2529 ό
2901 2475 3165 2543 ἀδελφὸς
3184 2475 3352 2545 ὑμῶν
3379 2479 3412 2530 ό
3437 2473 3720 2542 νεώτερος

2131 2554 2174 2630 ᾖ
2198 2561 2328 2628 μεθ’
2357 2558 2544 2628 ὑμῶν.
2580 2559 2672 2630 Μὴ
2706 2558 2934 2630 νομίσῃς
2956 2598 2970 2622 ,
3018 2559 3215 2628 φησὶν,
3264 2561 3414 2628 ἡμᾶς
3461 2557 3718 2612 δύνασθαι

2131 2643 2260 2697 ἄνευ
2293 2642 2388 2695 τοῦ
2417 2641 2646 2712 ἀδελφοῦ
2676 2643 2792 2695 ἐκεῖ
2817 2641 3140 2712 καταϐῆναι.
3174 2641 3238 2695 El
3273 2643 3381 2714 γάρ
3420 2642 3596 2713 βούλει
3625 2643 3723 2697 καὶ

2131 2727 2411 2798 ἄπρακτον
2447 2725 2606 2796 ἡμῶν
2643 2724 2895 2794 γενέσθαι
2931 2723 3030 2794 τὴν
3077 2724 3336 2790 κάθοδον,
3370 2725 3465 2777 καὶ
3512 2725 3721 2790 πάντας

2132 2810 2280 2879 ἡμᾶς
2323 2809 2553 2878 κινδύνῳ
2592 2807 2988 2880 περιϐληθῆναι
3013 2845 3029 2868 ,
3074 2807 3346 2876 ἀπίωμεν.
3381 2807 3518 2878 Ἴσθι
3548 2807 3605 2860 δὲ
3636 2808 3720 2862 ὅτι

2131 2890 2537 2961 διεμαρτύρατο
2562 2892 2738 2960 ἡμᾶς,
2766 2889 2841 2952 ὼς
2869 2890 2970 2943 οὑκ
2997 2888 3241 2958 ὀψόμεθα
3269 2888 3436 2942 αὐτοῦ
3468 2889 3529 2942 :0
3556 2891 3662 2960 πρό
3677 2907 3722 2941 τ-

2133 2989 2302 3037 ωπον,
2328 2974 2377 3025 εί
2408 2974 2482 3044 μὴ
2509 2973 2538 3025 ὁ
2560 2971 2786 3041 ἀδελφὸς
2814 2971 2970 3043 ήμῶν
2995 2971 3113 3040 μεθ’
3139 2969 3294 3040 ἡμῶν
3322 2971 3716 3041 παραγένηται.

2134 3056 2304 3109 Στενά
2332 3054 2596 3108 πάντοθεν
2621 3050 2690 3124 ἦν
2717 3053 2795 3125 τῷ
2815 3053 3012 3107 Ἰακώϐ
3031 3069 3044 3082 ·
3069 3052 3149 3104 διὸ
3169 3051 3265 3104 καὶ
3284 3053 3714 3123 ἀποδυρόμενος,

2135 3138 2270 3208 φησὶ
2292 3139 2427 3209 πρὸς
2449 3137 2646 3201 αὑτούς
2664 3155 2677 3169 ·
2714 3137 2776 3191 Τί
2803 3135 3281 3203 έκακοποιήσατέ
3315 3152 3410 3208 με.
3440 3136 3720 3207 ἀπαγγεί-

2133 3221 2353 3282 λαντες
2386 3215 2465 3281 τῷ
2491 3215 2801 3283 ἀνθρώπῳ,
2835 3215 2924 3268 ὅτι
2949 3216 3122 3269 ἐστιν
3153 3213 3296 3283 ὑμῖν
3334 3213 3599 3284 ἁδελφός
3620 3231 3637 3277 ;
3660 3245 3720 3253 -

2139 3295 2200 3348 Τί
2226 3293 2703 3360 ἐκακοποιήσατέ
2731 3310 2846 3363 με;
2885 3293 2984 3348 Διά
3005 3292 3082 3357 τί,
3115 3293 3314 3363 φησὶν,
3351 3293 3472 3362 ἐμοὶ
3513 3292 3720 3346 τούτων

2131 3372 2242 3425 τῶν
2269 3373 2454 3426 κακῶν
2479 3375 2638 3428 αῐτιοι
2668 3372 3000 3444 γεγένησθε;
3029 3373 3091 3424 El
3120 3371 3229 3441 γὰρ
3259 3371 3331 3441 μὴ
3359 3369 3516 3424 τοῦτο
3549 3373 3721 3440 ἐγνω-

2138 3453 2346 3524 ρίσατε,
2380 3453 2479 3506 οὑκ
2525 3453 2590 3506 ἄν
2634 3451 2727 3507 τοῦ
2768 3451 2993 3523 Συμεὼν
3041 3450 3445 3521 ἀπεστερήθην,
3499 3452 3600 3504 οὑκ
3652 3450 3720 3505 ἂν

2133 3532 2321 3585 τοῦτον
2348 3531 2705 3604 ἐπεζήτησεν.
2733 3535 2798 3586 Οἱ
2819 3532 2885 3586 δὲ
2904 3527 3100 3585 εἶπαν·
3128 3529 3542 3598 Ἐπηρώτησεν
3564 3528 3722 3598 ἡμᾶς

2133 3615 2168 3667 ό
2193 3611 2522 3678 ἅνθρωπος⁹
2550 3613 2621 3666 Et
2648 3611 2736 3664 ἔτι
2762 3614 2797 3664 ὁ
2821 3610 3017 3679 πατὴρ
3041 3608 3209 3678 ὑμῶν
3233 3608 3323 3677 ζῇ,
3345 3609 3443 3662 καὶ
3468 3610 3522 3661 εί
3545 3608 3721 3662 ἔστιν

2132 3693 2276 3761 ὑμῖν
2303 3691 2600 3759 ἀδελφὸς,
2629 3693 2729 3746 καὶ
2759 3692 3207 3762 ἀπηγγείλαμεν
3235 3690 3413 3756 αὐτῷ.
3438 3691 3532 3756 Μὴ
3562 3689 3722 3757 ᾕδει-

2129 3792 2264 3843 μεν,
2302 3773 2391 3826 ὅτι
2421 3774 2545 3840 ἐρεῖ
2570 3773 2714 3842 ἡμῖν
2734 3815 2750 3840 ,
2783 3773 3055 3842 Ἀγάγετε
3090 3774 3196 3825 τὸν
3221 3771 3488 3840 ἀδελφὸν
3517 3769 3714 3839 ῠμῶν;

2135 3855 2228 3924 Μὴ
2265 3855 2514 3925 νομίσῃς,
2551 3855 2734 3924 φησιν,
2774 3855 2924 3925 ἡμᾶς
2947 3855 3170 3916 ἑκόντας
3205 3852 3610 3922 ὡμολογηκέναι
3641 3852 3720 3922 τῷ

2136 3933 2291 4004 ἀνδρὶ
2323 3932 2391 3983 τὰ
2439 3931 2556 3984 καθ’
2604 3932 2770 4002 ήμᾶς.
2818 3931 3032 4002 Ἐπειδὴ
3067 3930 3176 4002 γὰρ
3222 3930 3296 3994 ὡς
3341 3931 3720 3992 κατασκόπους

2136 4015 2282 4083 ἡμᾶς
2313 4010 2660 4074 ὑποπτεύσας
2701 4011 2980 4080 κατεῖχεν,
3011 4007 3271 4080 ἐπηρώτα
3307 4008 3364 4060 δὲ
3400 4008 3536 4078 μετά
3559 4009 3720 4079 ἀκρι-

2137 4093 2290 4154 ϐείας
2335 4092 2404 4145 τά
2463 4092 2583 4145 καθ’
2637 4093 2812 4163 ήμᾶς,
2863 4090 2952 4142 διὰ
3010 4089 3166 4143 τοῦτο
3214 4089 3524 4160 βουλόμενοι
3582 4087 3719 4158 μετά

2136 4170 2394 4240 ἀληθείας
2436 4171 2615 4224 πάντα
2668 4170 2830 4224 αὑτὸν
2879 4168 3126 4234 διδάξαι,
3173 4169 3347 4223 ταῦτα
3396 4169 3716 4240 εἰρήκαμεν.

2135 4243 2285 4302 Εἵπε
2311 4246 2380 4299 δὲ
2403 4245 2590 4300 πάλιν
2635 4246 2867 4312 Ἰούδας
2899 4248 3048 4315 πρὸς
3075 4249 3183 4301 τὸν
3226 4247 3448 4316 πατέρα
3485 4245 3670 4300 αὺτοῦ
3700 4263 3715 4277 ·

2150 4327 2530 4382 Ἀπόστειλον
2576 4327 2642 4380 τὸ
2689 4327 3000 4396 παιδάριον
3045 4326 3166 4394 μετ’
3203 4326 3379 4396 ἐμοῦ,
3427 4326 3522 4379 καί
3568 4326 3717 4380 ἀνα-

2135 4405 2393 4472 στάντες
2422 4407 2854 4474 πορευσόμεθα,
2885 4405 2986 4458 ἳνα
3007 4404 3218 4474 ζῶμεν,
3253 4405 3350 4458 καὶ
3370 4404 3456 4473 μὴ
3495 4403 3717 4458 ἀποθά-

2136 4501 2352 4553 νωμεν.
2398 4485 2552 4553 Ἐμοὶ
2573 4527 2588 4549 ,
2620 4483 2783 4554 φησὶν
2805 4523 2821 4547 ,
2863 4483 3025 4536 αὑτὸν
3063 4485 3422 4552 ἐμπίστευσον
3449 4522 3464 4547 ,
3494 4483 3581 4536 ἵνα
3613 4482 3720 4552 ήδη

2137 4561 2403 4634 ἁψώμεθα
2423 4562 2518 4632 τῆς
2544 4561 2834 4615 ὁδοῦ.οὑδὲ
2861 4561 2968 4630 γὰρ
3001 4561 3080 4613 έτι
3108 4560 3258 4612 ἔσται
3285 4563 3414 4630 ἡμῖν
3445 4560 3718 4629 σωτηρίας

2136 4644 2326 4708 ἐλπὶς,
2367 4640 2476 4695 τῶν
2515 4640 2817 4712 βρωμάτων
2851 4639 3234 4694 ἀναλωθέντων
3256 4679 3272 4701 ,
3307 4641 3397 4692 καὶ
3424 4639 3717 4709 οὐδαμόθεν

2138 4720 2402 4792 ἑτέρωθεν
2436 4719 2799 4789 εὑρισκόντων
2825 4717 3194 4788 παραμυθίαν.
3221 4717 3362 4784 Ἐγὼ
3381 4716 3450 4768 δὲ
3469 4716 3717 4786 δέχομαι

2136 4801 2324 4854 αὐτὸν
2348 4798 2506 4868 παρὰ
2532 4799 2676 4854 σοῦ·
2697 4799 2806 4852 ἐὰν
2827 4797 2912 4866 μὴ
2932 4796 3129 4864 ἀγάγω
3155 4796 3360 4859 αὐτὸν,
3392 4796 3487 4849 καὶ
3505 4795 3718 4861 στήσω

2136 4879 2414 4931 ἐναντίον
2456 4892 2608 4941 σου,
2651 4874 3004 4946 ἡμαρτηκὼς
3040 4873 3252 4940 ἔσομαι
3287 4875 3372 4939 είς
3404 4872 3479 4926 σὲ
3510 4874 3720 4940 πάσας

2138 4958 2244 5023 τὰς
2286 4954 2529 5024 ἡμέρας.
2582 4957 2653 5010 El
2687 4953 2774 5023 μὴ
2826 4953 2936 5023 γὰρ
2981 4951 3419 5021 ἑϐραδύναμεν,
3466 4952 3582 5021 ἤδη
3639 4950 3717 5006 ἂν

2137 5034 2602 5102 ὑπεστρέψαμεν
2620 5032 2732 5100 δίς.
2767 5033 2832 5084 Ἢ
2872 5049 2935 5084 πε
2947 5031 2999 5101 p1
3027 5030 3118 5083 τὸν
3151 5031 3345 5096 παῖδα,
3381 5032 3543 5102 φησὶ,
3578 5047 3717 5100 συμ-

2140 5113 2340 5166 πάθεια
2381 5114 2545 5165 πᾶσιν
2584 5111 2714 5183 ἡμῖν
2761 5110 2853 5163 τὸν
2900 5109 3120 5180 ὀλεθρον
3175 5110 3357 5180 μέλλει
3409 5110 3711 5182 προξενεῖν.

2138 5193 2417 5260 Φθάνομεν
2450 5191 2559 5263 γὰρ
2588 5191 2692 5244 ὑπὸ
2724 5189 2819 5244 τοῦ
2849 5188 3009 5259 λιμοῦ
3044 5189 3527 5260 καταναλωθῆναι,
3562 5190 3611 5241 εί
3640 5189 3718 5260 μή

2142 5271 2409 5341 βουληθῇς
2459 5269 2734 5333 ἀπολύσας
2783 5269 2946 5322 αὑτὸν
3008 5267 3288 5338 ἐκπέμψαι
3341 5270 3509 5338 ἡμᾶς.
3541 5267 3714 5322 Βλέπε

2140 5349 2324 5402 λοιπὸν
2356 5348 2610 5413 ἐνταῦθα,
2644 5348 2892 5419 ἀγαπητὲ
2916 5387 2932 5412 ,
2968 5348 3085 5412 πῶς
3113 5349 3145 5417 ή
3180 5347 3274 5400 τοῦ
3307 5346 3466 5416 λιμοῦ
3501 5347 3715 5418 ἀνάγκη

2140 5428 2354 5499 ἐνίκησε
2396 5428 2496 5498 τὴν
2545 5427 2921 5497 φιλοστοργίαν
2969 5425 3061 5478 τοῦ
3106 5425 3330 5496 πατρός.
3388 5424 3559 5496 Ὁρῶν
3607 5425 3717 5497 γάρ

2140 5507 2416 5578 οὐδεμίαν·
2452 5507 2650 5570 αὐτοὺς
2697 5506 3049 5576 εὑρίσκοντας
3097 5503 3448 5574 παραμυθίαν
3499 5503 3714 5575 ἑτέραν,

2141 5588 2236 5641 καὶ
2266 5587 2356 5639 τὸν
2387 5586 2542 5656 λιμὸν
2570 5584 2994 5653 ἐπιτεινόμενον,
3025 5584 3214 5654 φησίνο
3251 5584 3312 5637 El
3350 5582 3524 5647 οὕτως
3562 5584 3713 5650 ἐστὶ,

2144 5665 2419 5720 καὶτοῦτο
2445 5665 2526 5718 δεῖ
2550 5665 2765 5726 πάντως
2791 5661 3059 5731 γενέσθαι.
3095 5661 3184 5714 καὶ
3210 5663 3307 5732 οὑχ
3331 5659 3442 5716 οἶόν
3476 5681 3534 5716 τε
3571 5665 3717 5733 ὑμᾶς

2147 5743 2425 5798 κατελθεῖν
2448 5786 2462 5808 ,
2503 5745 2550 5796 εί
2591 5743 2665 5814 μὴ
2703 5745 2794 5796 καὶ
2839 5741 3025 5795 τοῦτον
3054 5741 3302 5806 λάϐοιτε,
3341 5741 3581 5811 ὀφείλετε
3624 5742 3719 5796 καὶ

2141 5825 2290 5893 δῶρα
2333 5824 2667 5892 ἀποκομίσαι
2717 5821 2796 5891 τῷ
2839 5820 3014 5892 ἀνδρί.
3066 5821 3176 5873 Καὶ
3210 5821 3272 5874 τὸ
3322 5820 3585 5893 ἀργύριον
3636 5820 3714 5883 δὲ,

2140 5905 2275 5974 ὅπερ
2305 5904 2361 5955 ἐν
2389 5906 2498 5966 τοῖς
2526 5899 2857 5974 μαρσίπποις
2879 5898 3031 5968 ὑμῶν
3062 5900 3354 5971 εὑρήκατε,
3379 5900 3713 5970 ἀπαγάγετε,
