4146 6260
501 328 609 393 553

1321 335 1390 392 IN
1427 334 1579 393 CAP.
1622 336 1804 395 XLIII.
1838 337 1927 397 ET
1964 339 2146 398 XLIV.
2189 341 2435 404 GENES.
2478 346 2704 407 HOMIL.
2746 353 2928 412 LXIV.

498 459 558 504 ut
580 463 761 505 emere
804 450 1019 519 possitis
1048 453 1334 506 frumenta.
1381 449 1470 507 i5.
1506 449 1572 504 Et
1618 455 1829 521 fratrem
1868 462 2084 507 vestrum

502 542 737 612 accipite.
791 541 998 614 Surgite
1035 544 1191 613 igitur
1215 585 1233 612 ,
1285 553 1332 599 et
1375 544 1661 598 descendite
1705 543 1777 597 ad
1803 542 2082 596 hominem.

498 634 583 688 Η.
620 632 759 687 Deus
786 644 964 688 autem
992 652 1131 689 meus
1167 636 1251 688 det
1277 635 1413 689 vobis
1439 635 1656 706 gratiam
1681 652 1853 689 coram
1886 636 2087 691 homine

492 725 604 789 illo,
633 732 681 778 et
709 724 877 778 mittat
898 729 1105 795 fratrem
1134 736 1351 780 vestrum
1373 743 1532 780 unum
1558 735 1606 780 et
1632 725 1923 799 Benjamin.
1968 727 2083 796 Eva

494 825 666 867 autem
692 816 1119 885 quemadmodum
1139 817 1308 871 liberis
1336 816 1544 871 orbatus
1570 817 1665 888 fui,
1691 816 1858 871 liberis
1877 819 2082 873 orbatus

489 922 623 960 sum.
666 906 801 963 Vide
826 909 1094 978 quomodo
1134 908 1383 964 eximiam
1424 924 1575 963 suam
1606 909 1945 965 dilectionem
1979 908 2078 964 de-

489 997 679 1065 clarat,
706 1014 866 1069 quam
895 1015 1019 1071 erga
1050 1001 1248 1071 Joseph
1298 1001 1500 1056 habuit.
1532 1000 1611 1056 Ne
1638 1000 1757 1072 quis
1791 1002 1934 1055 enim
1966 1000 2079 1056 exi-

3678 377 3741 432 5'1
3755 381 3782 433 ί

2199 466 2325 558 trem
2370 476 2524 558 suum
2550 466 2800 521 uterinum
2823 510 2841 533 ,
2870 483 2917 526 et
2945 473 3076 530 dixit
3101 494 3122 532 :
3152 480 3256 537 Hic
3300 497 3374 541 est
3422 489 3589 558 frater
3614 507 3776 550 vester

2185 545 2384 645 Ῐξηδον,
2419 551 2497 645 με
2534 568 2633 623 quo
2667 555 2906 615 dixeratis
2930 565 3076 633 mihi,
3116 580 3172 623 ut
3198 545 3446 634 duceretis
3463 584 3535 636 ad
3556 602 3635 642 me

2190 637 2319 691 dixit
2350 654 2370 693 :
2407 640 2547 742 D'eus
2593 646 2885 705 misereatur
2908 655 3006 741 tui,
3049 659 3148 726 ﬁli.
3193 663 3479 727 Considera
3518 637 3771 746 quantam

2187 731 2542 830 constantiam
2573 750 2682 804 prae
2717 752 2779 795 se
2805 738 2975 810 ferat,
3019 758 3074 803 et
3111 752 3287 811 adhuc
3316 731 3770 830 ignoraniianivg:

2188 818 2373 922 molet,
2402 829 2459 875 ut
2485 833 2884 929 persequentia
2905 818 3767 929 experimentum‘animivi-pscium

2168 910 2428 1020 ~iecipere
2457 916 2660 1020 possit,
2678 926 2946 989 quomodo
2971 931 3077 986 sint
3104 934 3276 994 allecti
3312 957 3435 1014 erga
3468 910 3764 1020 Beniamin:

2186 997 2395 1113 quia
2420 1005 2732 1113 vincebatur
2753 1026 2783 1066 a
2806 1023 2994 1071 natura
3018 1036 3136 1090 sua,
3173 1026 3264 1083 30.

488 1087 670 1203 δξίηδθι
693 1090 784 1203 :8
828 1090 1097 1203 spurcitie
1119 1135 1135 1157 ,
1163 1092 1248 1203 vel
1272 1092 1347 1203 de
1384 1092 1661 1203 deluuntur
1709 1090 1962 1203 hqc‘esse
1995 1090 2078 1203 (f-
2182 1089 2401 1203 i—nquit,.
2434 1095 2623 1203 viscera
2650 1102 2763 1203 ejus
2793 1087 3135 1203 etAquazrebat
3178 1128 3236 1172 ut
3282 1087 3766 1203 ﬂeret.”

485 1188 653 1244 ctum,
685 1178 797 1252 Ego
825 1181 954 1235 sicut
981 1183 1105 1251 [iliis
1143 1183 1350 1237 orbatus
1400 1180 1474 1251 fui
1499 1203 1527 1246 ,ν
1543 1182 1667 1251 ﬁliis
1693 1182 1900 1235 orbatus
1937 1196 2072 1246 sum,

485 1267 689 1325 idcirco
716 1270 970 1341 praemisit
999 1290 1013 1326 :
1054 1272 1195 1328 Deus
1217 1284 1383 1328 autem
1408 1289 1551 1327 meus
1569 1273 1652 1327 det
1668 1274 1803 1327 vobis
1831 1273 2069 1343 gratiam,

482 1371 531 1415 et
551 1364 716 1417 mittat
735 1364 946 1434 fratrem
966 1374 1184 1420 vestrum
1210 1365 1355 1420 illum
1379 1366 1534 1419 unum
1560 1375 1604 1418 et
1625 1363 1914 1436 Benjamin.
1937 1364 2067 1418 Nam

482 1451 610 1509 Iicet
649 1454 745 1522 Illi,
794 1456 994 1527 inquit,
1045 1458 1178 1513 salvi
1219 1458 1432 1524 fuerint,
1455 1457 1548 1512 sed
1583 1455 1695 1528 Ego
1730 1457 1876 1526 quasi
1902 1456 2070 1511 liberis

480 1561 703 1613 caream,
737 1547 891 1603 orbus
918 1565 1050 1602 sum.
1080 1549 1265 1619 Cogita
1294 1549 1402 1615 hic,
1432 1547 1705 1619 quomodo
1736 1555 1877 1603 totus
1897 1547 2067 1601 amori

477 1636 676 1708 Ioseph
697 1638 910 1695 deditus
935 1641 1025 1696 sit.
1058 1639 1424 1717 Vidensenim
1456 1648 1658 1697 tantum
1682 1640 1903 1697 chorum
1935 1640 2066 1697 libe-

477 1740 658 1782 rorum
682 1743 742 1784 se
769 1729 1225 1797 circumstantem,
1244 1730 1447 1804 absque
1471 1730 1597 1786 tlliis
1617 1746 1677 1787 se
1702 1746 1821 1787 esse
1839 1731 2062 1801 putavit,

474 1818 597 1888 quia
624 1819 715 1874 illo
747 1820 984 1890 privatus
1007 1830 1142 1877 erat.
1191 1824 1280 1879 15.
1312 1825 1624 1894 Acceperunt
1653 1832 1842 1891 autem,
1869 1822 2061 1892 inquit,

473 1910 570 1963 viri
607 1910 764 1977 dona,
795 1922 844 1966 et
870 1915 1139 1984 pecuniam
1165 1913 1440 1986 duplicem,
1468 1924 1515 1969 et
1542 1913 1814 1984 Benjamin
1831 1954 1849 1981 ,
1896 1924 1944 1969 et
1968 1914 2060 1969 de-

471 2002 770 2057 scenderunt
796 2004 851 2059 in
879 2003 1170 2076 nggptum
1200 2046 1216 2072 ,
1262 2015 1310 2060 et
1350 2013 1593 2060 steterunt
1634 2020 1807 2058 coram
1843 2003 2059 2073 Ioseph.

473 2092 559 2148 16.
590 2091 728 2147 Vidit
745 2105 916 2150 autem
938 2114 1025 2151 eos
1051 2097 1269 2167 Ioseph,
1291 2108 1337 2152 et
1363 2096 1634 2168 Benjamin
1656 2101 1866 2169 fratrem
1887 2114 2056 2153 suum.

468 2183 623 2250 Quod
657 2184 1014 2249 desiderabat.
1052 2186 1185 2242 vidit
1214 2196 1321 2241 tam
1343 2196 1580 2257 Optatum
1610 2188 1731 2241 sibi.
1759 2186 1904 2242 Vidit
1927 2188 2058 2244 satis

468 2289 590 2330 esse
621 2274 815 2331 factum
846 2291 944 2331 suo
969 2277 1258 2337 desiderio.
1290 2277 1356 2332 Et
1401 2278 1529 2333 dixit
1549 2320 1563 2345 ,
1596 2278 1785 2350 inquit,
1819 2282 2057 2350 praefecto

468 2367 644 2420 domui
670 2383 776 2422 sua:
817 2384 838 2423 :
875 2368 1125 2424 Introduc
1167 2369 1391 2424 homines
1420 2370 1475 2445 in
1516 2370 1754 2436 domum,
1798 2378 1845 2424 et
1887 2370 2057 2424 occide

468 2457 696 2512 victimas
734 2473 754 2512 :
780 2473 972 2512 mecum
1012 2460 1145 2513 enim
1173 2460 1433 2513 comedent
1471 2460 1585 2513 viri.
1616 2460 1701 2514 18.
1740 2458 1808 2515 Ut
1826 2460 2054 2514 viderunt

464 2554 634 2600 autem
657 2547 795 2616 quod
821 2548 1095 2602 introducti
1113 2549 1299 2602 suntin
1316 2550 1522 2603 domum
1537 2547 1753 2619 Ioseph,
1779 2549 2049 2604 dixerunt:

462 2634 687 2707 Propter
717 2638 1003 2707 pecuniam,
1036 2654 1151 2707 quin
1173 2638 1323 2693 rediit
1340 2639 1395 2694 in
1421 2656 1594 2695 saccos
1616 2651 1816 2696 nostros
1834 2642 1887 2696 in
1911 2641 2054 2711 prin-

459 2729 613 2800 cipio,
636 2730 944 2797 inducimur,
973 2740 1028 2785 ut
1056 2732 1362 2786 calumniam
1386 2731 1527 2786 nobis
1550 2732 1778 2799 intentet,
1810 2742 1857 2789 et
1886 2734 2051 2803 impo-

460 2828 549 2873 nat
578 2822 720 2874 nobis
746 2830 794 2876 et
836 2820 1053 2892 accipiat
1076 2839 1166 2876 nos
1205 2822 1259 2876 in
1297 2840 1485 2891 servos,
1528 2832 1575 2878 et
1617 2824 1787 2878 asinos
1828 2834 2046 2879 nostros.

457 2908 661 2982 Ioseph
689 2912 901 2982 quidem
944 2927 1097 2967 suam
1125 2927 1247 2983 erga
1297 2914 1417 2969 illos
1458 2915 1836 2985 benignitatem
1866 2914 2049 2971 decla-

459 3018 618 3070 rans,
665 3003 843 3059 omnia
886 3003 1246 3074 disponebat:
1292 3006 1367 3060 illi
1395 3016 1573 3063 autein
1615 3008 1758 3062 anxii
1803 3009 2043 3075 fuerunt,

459 3098 794 3167 suspicantes
820 3114 889 3153 ne
916 3097 1259 3167 pecuniarum
1294 3099 1463 3169 gratia
1503 3101 1878 3169 poenasluant,
1915 3109 2047 3153 tam-

455 3202 615 3256 quam
644 3188 806 3243 etiam
848 3188 901 3242 in
945 3187 1047 3243 hoc
1085 3188 1225 3243 male
1268 3189 1536 3243 fecissent.
1590 3189 1879 3259 Prtipterea
1920 3205 2045 3245 cum

455 3278 846 3346 accessissent,
896 3292 1113 3333 causam
1163 3269 1460 3334 formidinis
1488 3279 1765 3349 proferunt
1793 3280 2045 3350 praefecto

454 3367 668 3435 domus,
699 3376 753 3423 et
781 3378 998 3423 narrant
1024 3369 1290 3439 quomodo
1322 3370 1599 3439 pecuniam
1626 3370 1679 3425 in
1702 3372 1871 3426 saccis
1896 3370 2045 3427 inve-

455 3457 655 3524 nerint,
676 3466 730 3513 et
749 3458 932 3514 dicunt
959 3475 975 3513 :
1018 3458 1109 3514 9.2.
1154 3458 1431 3531 Propterea
1470 3461 1724 3532 duplicem
1749 3478 1882 3517 nunc
1910 3473 2045 3518 attu-

453 3548 604 3603 limus
633 3550 895 3618 pecuniam
922 3549 1202 3616 nobiscum,
1234 3561 1287 3604 ut
1315 3561 1360 3605 et
1384 3552 1603 3623 priorem
1628 3554 1970 3622 restituamus,
1996 3565 2043 3610 et

453 3655 586 3692 nunc
613 3640 777 3694 denuo
806 3656 1028 3695 emamus
1052 3644 1323 3713 frumenta.

523 3731 581 3785 5.
610 3729 747 3787 Vide
774 3733 1041 3801 quomodo
1067 3734 1397 3789 calamitates
1420 3750 1607 3789 eorum
1633 3736 1866 3791 animum
1897 3736 2043 3791 miti-

449 3830 661 3889 garent,
711 3836 911 3891 eosque
953 3822 1283 3877 reddiderint
1330 3826 1735 3881 mansuetiores.
1763 3825 1856 3880 25.
1897 3826 2042 3881 Dixit

449 3920 617 3963 autem
643 3910 713 3964 eis
740 3927 760 3964 :
792 3909 1052 3981 Propitius
1072 3913 1206 3966 vobis
1223 3915 1263 3978 ¹,
1292 3914 1445 3967 nolite
1473 3915 1683 3980 timere;
1707 3915 1842 3971 Deus
1860 3926 2038 3984 vester,

450 4012 497 4056 et
520 4001 657 4057 Deus
687 4003 847 4072 patris
877 4003 1026 4058 vestri
1052 4003 1187 4057 dedit
1228 4004 1365 4057 vobis
1394 4004 1653 4059 thesauros
1694 4006 1748 4059 in
1771 4008 1929 4062 saccis
1955 4024 2040 4062 ve-

450 4095 592 4159 stris;
628 4093 892 4163 pecuniam
940 4102 1154 4148 vestram
1185 4094 1305 4148 bene
1351 4095 1613 4163 probatam
1655 4095 1833 4150 habeo.
1872 4097 1950 4152 Ne
1972 4098 2037 4152 ti-

452 4184 665 4250 tneatis,
695 4184 883 4254 inquit,
914 4199 1084 4253 neque
1114 4183 1270 4254 hujus
1294 4185 1460 4254 gratia
1486 4184 1627 4239 anxii
1652 4185 1787 4240 sitis.
1826 4184 2037 4240 Nullum

450 4276 603 4332 vobis
630 4275 753 4332 inde
785 4276 987 4332 crimen
1030 4276 1361 4345 imponetur;
1395 4277 1671 4347 pecuniam
1698 4278 1853 4347 plene
1882 4293 2037 4334 acce-

451 4370 647 4439 pimus.
690 4371 732 4425 A
774 4370 885 4425 Deo
912 4379 1091 4440 putate
1124 4370 1225 4425 hoc
1268 4385 1388 4425 esse
1433 4370 1650 4437 factum,
1678 4379 1732 4426 et
1760 4370 2037 4428 thesauros

448 4462 604 4519 vobis
649 4462 703 4516 in
753 4463 1037 4531 marsupiis
1062 4462 1256 4517 vestris
1280 4477 1399 4517 esse
1425 4472 1769 4517 monstratos.
1820 4463 1885 4517 Et
1923 4479 2037 4517 cum

450 4559 557 4606 haec
585 4552 815 4618 dixisset,
843 4553 1015 4607 eduxit
1046 4552 1370 4623 Symeonem,
1398 4552 1488 4607 24.
1528 4563 1573 4607 et
1615 4554 1784 4608 attulit
1827 4572 2033 4626 aquam,

448 4654 505 4699 ut
528 4644 817 4699 lavarentur
838 4645 987 4714 pedes
1005 4660 1199 4709 eorum,
1222 4655 1268 4697 et
1293 4644 1478 4715 pabula
1501 4644 1638 4699 dedit
1656 4646 1813 4700 asinis
1839 4663 2030 4701 eorum.

454 4734 586 4791 Vide
623 4734 892 4803 quomodo
938 4749 1123 4803 preces
1163 4735 1326 4804 patris
1363 4735 1540 4791 omnia
1570 4736 1647 4790 eis
1672 4751 1926 4806 prospera
1956 4736 2037 4791 fa-

444 4836 631 4884 cerent
657 4844 672 4880 :
700 4837 755 4882 et
796 4829 927 4881 sicut
972 4826 1060 4882 ille
1084 4827 1163 4882 eis
1208 4836 1525 4896 apprecatus
1566 4836 1683 4895 est,
1715 4841 1834 4882 cum
1876 4829 2030 4897 dixit,

416 4921 584 4989 Deus
613 4918 770 4990 patris
793 4918 889 4971 mei
908 4918 1124 4988 gratiam
1139 4918 1275 4972 vobis
1301 4917 1403 4984 det,
1425 4917 1494 4970 ita
1517 4918 1696 4972 omnia
1714 4917 1849 4971 facta
1873 4928 2028 4974 sunt:

428 5021 500 5065 et
541 5008 824 5079 prmfectus
882 5009 1075 5063 doinns
1119 5009 1278 5064 etiam
1327 5018 1451 5064 ante
1502 5008 1786 5063 adventum
1830 5010 2029 5081 Ioseph

425 5116 659 5158 omnem
718 5101 797 5157 eis
841 5100 1219 5171 benignitatem
1264 5101 1524 5157 exhibuit.
1571 5102 1663 5157 25.
1714 5101 2031 5157 Paraveruut

439 5202 608 5247 autem
637 5192 773 5246 dona
797 5190 1014 5261 Ioseph.
1041 5190 1129 5246 £6.
1164 5191 1229 5244 Et
1249 5190 1535 5246 obtulerunt
1561 5193 1605 5245 ei
1632 5208 1746 5244 cum
1775 5192 2029 5262 ingressus

423 5300 474 5338 es
491 5295 596 5350 set,
627 5292 677 5338 et
703 5283 1040 5338 adoraverunt
1070 5298 1184 5336 eum
1211 5298 1362 5351 super
1387 5290 1590 5335 terram.
1620 5282 1711 5335 27.
1753 5280 1821 5336 Et
1849 5283 2030 5337 iterum

421 5376 764 5448 interrogavit
793 5391 877 5429 eos
920 5390 939 5428 :
970 5373 1114 5427 Num
1150 5372 1273 5427 bene
1313 5372 1458 5427 habet
1489 5382 1629 5441 pater
1654 5383 1813 5427 vester
1836 5374 2025 5438 senior,

414 5483 447 5520 ιι
470 5485 583 5524 nem
609 5467 807 5522 dixistis
832 5466 1027 5520 vivere?
1066 5466 1158 5520 28.
1208 5466 1273 5518 At
1319 5464 1396 5519 illi
1440 5465 1676 5518 dixerunt
1701 5479 1721 5518 :
1752 5463 1924 5518 Sanus
1955 5474 2027 5518 est

421 5577 612 5616 servus
653 5570 772 5614 tuus
816 5567 959 5628 pater
1001 5567 1188 5611 noster.
1233 5556 1300 5610 Et
1330 5557 1457 5611 dixit
1482 5574 1501 5610 :
1550 5556 1848 5611 Benedictus
1877 5555 2026 5609 homo

445 5652 531 5710 ille
552 5652 680 5708 Deo.
714 5650 781 5706 Et
807 5650 1378 5705 curvatsadoraverunt.
1423 5649 1514 5706 29.
1548 5648 1683 5703 Vidit
1724 5657 1893 5703 autem
1914 5651 2022 5719 fra-

467 5803 482 5838 ⁸
504 5801 559 5855 lu
575 5776 1005 5863 ttebrszoestdnz')
1022 5773 1191 5867 nubo,
1208 5812 1307 5865 pax
1331 5797 1473 5860 ιιοῡιδ,
1498 5798 1625 5863 quod
1646 5796 1823 5849 eodem
1834 5795 2023 5848 recidit.

2382 1186 2438 1297 in
2478 1190 2802 1297 cubiculum,
2828 1198 2967 1297 ﬂevit
3008 1204 3132 1259 illic.
3175 1186 3375 1268 SIJEt
3411 1186 3590 1276 abluti;

2178 1285 2363 1387 civit;
2388 1287 2443 1387 et
2708 1293 3243 1387 suam—Ademonstrat
3275 1285 3674 1387 benignitatem,
3704 1332 3761 1376 et

2176 1362 2303 1470 dicit
2322 1382 2347 1470 με
2376 1368 2629 1438 Apponite
2657 1393 2833 1470 panes.
2856 1381 2946 1437 52.
2980 1383 3050 1439 Et
3075 1362 3760 1470 apposuerunlieivsoli

2140 1544 2143 1547 Ἴ
2174 1461 2298 1523 pote
2320 1464 2593 1557 tamquam
2614 1467 2725 1535 regi
2753 1478 2809 1524 et
2831 1473 3054 1544 principi
3087 1481 3248 1536 totius
3275 1484 3524 1557 Egypti;
3555 1461 3758 1553 Etillis

2170 1561 2415 1643 seorsum,
2443 1561 2492 1607 et
2519 1554 2785 1628 ﬁgyptiis
2809 1565 2897 1634 qui
2918 1568 3074 1623 simul
3096 1554 3492 1635 ccenabant'
3512 1554 3575 1638 eo
3610 1604 3755 1643 seor-

2168 1652 2300 1733 sum.
2318 1638 2441 1733 on
2465 1646 2601 1717 enim.
2612 1663 2822 1718 possunt
2832 1652 3072 1727 ﬂgyptii
3088 1665 3346 1721 comedere
3364 1684 3477 1724 cum
3493 1638 3719 1732 Hebrteis
3730 1695 3751 1733 :

2168 1729 2477 1788 abominatio
2504 1738 2634 1791 enim
2658 1751 2732 1795 est
2750 1742 3033 1818 Egyptiis.
3063 1752 3152 1808 '55.
3181 1755 3436 1816 Sederunt
3459 1729 3642 1821 autem
3662 1729 3749 1825 co;

2138 1830 2277 1928 rant
2303 1837 2383 1886 eo,
2418 1826 2504 1894 qui
2531 1830 2745 1929 primus,
2774 1840 3049 1895 secundum
3090 1847 3437 1917 antiquitatem
3481 1874 3628 1914 suam
3650 1903 3666 1929 ,
3702 1873 3753 1918 et

2138 1930 2139 1933 ‘
2156 1916 2336 1985 junior
2356 1921 2632 1977 secundum
2666 1927 2979 1997 juventutem
3005 1950 3169 1989 suam.
3210 1916 3325 1996 IIoc
3374 1944 3493 2001 illos
3520 1949 3573 2003 in
3626 1916 3746 2006 stu;

2165 2020 2349 2107 porem
2394 2009 2722 2107 adduxit;et
2766 2020 2921 2077 valde
2965 2023 3127 2082 dubio
3153 2030 3332 2087 animo
3355 2033 3604 2107 fuerunt,
3645 2057 3746 2097 un-

2164 2095 2354 2189 denam
2386 2101 2435 2155 ei
2464 2106 2697 2174 cognitio
2740 2109 2967 2169 diversa:
3014 2116 3229 2175 illorum
3266 2125 3459 2180 artatis.
3517 2095 3744 2189 Et'cum

2141 2187 2315 2291 "daret
2353 2195 2602 2253 omnibus
2638 2211 2849 2291 partes,
2898 2205 3212 2278 Benjamino
3253 2218 3603 2291 quintuplices
3631 2187 3741 2280 dat.

2159 2277 2346 2385 neque
2380 2292 2558 2385 tamen
2600 2289 2945 2350 adverterunt
2982 2277 3109 2367 quid
3158 2304 3233 2357 rei
3263 2277 3456 2375 esset:

2132 2370 2345 2426 ‘tabant
2395 2373 2615 2432 fortuito
2640 2382 2869 2450 quodam
2907 2400 3101 2444 eventu
3147 2392 3215 2447 ab
3244 2410 3311 2449 eo
3350 2370 3490 2463 fieri,
3519 2410 3575 2456 et
3618 2370 3743 2460 huic

2162 2470 2428 2534 tamquam
2452 2467 2652 2538 iuniori
2684 2473 2832 2541 plura
2862 2476 2977 2533 dari
3004 2480 3103 2552 (a),
3132 2483 3370 2555 Cumque
3414 2489 3621 2546 finitum
3654 2511 3740 2549 es-

2155 2559 2584 2657 setconvivium,
2610 2564 2661 2618 Ι.
2694 2562 2918 2636 Vocavit,
2946 2570 3148 2642 inquit,
3178 2574 3371 2648 .Ioseph
3396 2592 3511 2634 eum
3532 2584 3619 2653 qui
3643 2586 3737 2638 do-

2154 2660 2258 2743 mus
2278 2663 2392 2743 suae
2419 2662 2650 2743 prteerat,
2681 2665 2729 2709 et
2757 2660 3015 2715 mandavit
3041 2664 3107 2730 ei,
3135 2665 3310 2722 dicens
3337 2670 3541 2743 :Imple
3566 2692 3737 2732 saccos

2152 2736 2414 2835 hominum
2455 2742 2740 2813 frumentis,
2765 2761 2959 2820 quanta
3006 2754 3139 2824 ferre
3179 2766 3412 2827 poterunt
3435 2736 3525 2828 ,vet
3576 2782 3734 2835 pecu-

2150 2829 2289 2881 niam
2333 2832 2561 2887 similiter
2600 2836 2654 2890 in
2695 2854 2868 2895 saccos
2914 2843 3251 2915 singulorum.
3296 2851 3351 2903 2.
3397 2864 3443 2908 et
3484 2829 3732 2929 scyphum

2149 2932 2440 3018 argenteum
2493 2925 2634 2980 mitte
2683 2929 2737 2983 in
2787 2947 2988 2987 saccum
3050 2937 3273 3006 jnnioris
3332 2925 3554 3014 (Caput?
3576 2925 3728 3018 ⁷44).

2150 3008 2283 3068 Vide
2312 3014 2505 3071 iterum
2519 3019 2730 3088 qualem
2754 3030 2925 3078 artem
2968 3027 3263 3099 excogitet,
3308 3008 3365 3086 ut
3388 3008 3731 3105 diligentissi-

2152 3121 2237 3160 me
2278 3116 2513 3164 mentem
2566 3110 2787 3168 fratrum
2820 3116 3093 3187 exploret,
3134 3135 3292 3190 quam
3334 3138 3459 3194 erga
3510 3126 3730 3183 fratrem

2149 3209 2304 3251 suum
2332 3197 2607 3270 Beniamin
2654 3202 2903 3260 habeant.
2934 3207 3003 3261 Et
3042 3206 3124 3264 his
3151 3210 3302 3266 factis
3324 3253 3340 3277 ,
3369 3213 3570 3270 dimisit
3611 3233 3726 3272 eos.

2149 3287 2215 3343 Et
2233 3304 2355 3344 cum
2372 3289 2484 3361 jam
2509 3295 2853 3363 arripuissent
2875 3297 2997 3366 iter,
3036 3300 3091 3355 4.
3114 3300 3259 3356 Dixit
3286 3309 3522 3375 prwfecto
3550 3309 3728 3363 domus

2146 3394 2255 3434 sute
2282 3397 2303 3434 :
2332 3380 2519 3453 Surge,
2548 3400 2840 3454 persequere
2861 3404 2968 3455 eos,
2994 3400 3040 3444 et
3069 3390 3205 3445 dices
3234 3407 3255 3447 :
3282 3394 3336 3449 5.
3381 3395 3551 3461 Quare
3577 3402 3727 3452 retri-

2114 3471 2323 3557 rbuistis
2368 3476 2505 3530 mala
2532 3494 2624 3547 pro
2670 3477 2859 3533 battis?
2902 3479 3074 3547 Quare
3105 3482 3262 3552 furati
3309 3486 3426 3540 estis
3479 3489 3727 3559 scyphum

2145 3582 2313 3619 meum
2343 3570 2673 3639 argenteum?
2729 3569 2915 3626 Nonne
2958 3573 3040 3628 hic
3076 3585 3148 3631 est
3174 3593 3319 3647 equo
3343 3577 3463 3633 bibit
3492 3581 3727 3636 dominus

2144 3660 2320 3714 meus?
2335 3657 2455 3730 Ipse
2470 3671 2636 3715 autem
2653 3673 2935 3733 auguratur
2951 3665 3005 3719 in
3026 3683 3104 3723 eo.
3118 3666 3257 3723 Male
3279 3681 3392 3723 acta
3408 3682 3524 3724 sunt
3539 3690 3597 3726 ea
3615 3690 3729 3742 qua:

2145 3749 2351 3819 fecistis.
2375 3749 2660 3819 P03tquam
2682 3762 2857 3806 autem
2883 3753 3085 3809 invenit
3108 3772 3223 3824 eos,
3250 3759 3442 3828 inquit,
3466 3761 3593 3816 dicit
3621 3765 3719 3818 eis:

2143 3840 2321 3907 Quare
2346 3840 2667 3896 benefactori
2705 3843 2841 3897 mala
2868 3846 3231 3913 rependistis?
3270 3865 3433 3917 quare
3470 3853 3725 3909 malitiam

2145 3939 2376 3984 vestram
2395 3944 2629 4001 eousque
2651 3932 2986 4001 extendistis,
3006 3945 3061 3989 ut
3076 3934 3143 3989 ad
3159 3951 3281 3991 eum
3297 3954 3506 4009 quoque
3523 3945 3721 4011 pertin-

2142 4028 2297 4089 geret
2339 4021 2427 4091 qui
2471 4035 2597 4092 erga
2642 4036 2738 4077 vos
2789 4032 2985 4080 tantam
3030 4027 3263 4081 ostendit
3304 4028 3724 4100 benignitatem?

2141 4127 2308 4181 quare
2351 4129 2457 4168 non
2498 4114 2713 4170 reveriti
2756 4116 2884 4171 estis
2914 4118 3011 4172 viri
3038 4132 3160 4187 erga
3202 4134 3296 4174 vos
3322 4123 3725 4191 magnanimita-

2143 4204 2283 4259 tem?
2311 4205 2439 4274 Qute
2464 4205 2579 4261 haec
2610 4215 2753 4261 tanta
2780 4207 3017 4263 malitia?
3041 4224 3159 4279 qua:
3178 4210 3381 4265 insania
3397 4228 3499 4282 qua
3526 4212 3723 4269 insani-

2142 4296 2248 4352 tis?
2274 4296 2497 4353 Nescitis
2526 4298 2667 4368 quod
2697 4299 2798 4355 hoc
2825 4301 2895 4354 sit
2924 4315 3036 4365 vas,
3065 4302 3117 4355 in
3160 4317 3266 4373 quo
3296 4303 3539 4359 dominus
3571 4322 3720 4360 nn-ns

2138 4393 2464 4462 auguratur?
2491 4389 2682 4444 ll-lalum
2704 4401 2783 4445 est
2814 4391 2915 4446 hoc
2935 4407 3071 4462 opus
3089 4405 3344 4462 vestrum,
3360 4398 3716 4466 perniciosum

2139 4482 2489 4552 propositum,
2509 4482 2661 4537 venia
2675 4482 2921 4553 indignus
2938 4495 3178 4549 conatus,
3202 4501 3388 4557 magna
3405 4488 3645 4554 audacia,
3667 4502 3722 4544 et

2138 4589 2349 4629 omnem
2379 4573 2764 4627 transcendens
2790 4574 3122 4627 malitiam.7.
3145 4574 3237 4629 Illi
3256 4585 3418 4631 autem
3440 4576 3671 4632 dixerunt
3701 4596 3721 4632 :

2141 4666 2309 4732 Quare
2339 4666 2556 4737 loquitur
2571 4667 2803 4719 dominus
2809 4667 2961 4736 juxta
2978 4670 3123 4719 verba
3141 4670 3247 4721 haec
3259 4668 3286 4719 Σ)
3308 4668 3505 4735 Quare,
3527 4669 3688 4739 inquit
3702 4712 3718 4735 ,

2136 4760 2323 4830 objicis
2346 4760 2500 4815 nobis
2525 4760 2626 4813 hoc
2644 4760 2869 4826 crimen,
2888 4775 2917 4813 a
2948 4776 3053 4829 quo
3078 4761 3295 4814 omnino
3320 4775 3503 4814 sumus
3526 4762 3716 4814 illlmll-

2137 4870 2233 4910 nes
2257 4855 2281 4908 τ
2302 4855 2442 4909 Absit
2478 4862 2534 4906 ut
2558 4853 2688 4907 servi
2718 4854 2792 4906 tui
2824 4856 3101 4906 secundum
3130 4851 3334 4906 verbum
3361 4852 3454 4906 hoc
3480 4854 3708 4921 faciant;

2134 4945 2274 5000 absit
2298 4960 2328 4998 a
2354 4944 2505 4999 nobis
2531 4953 2588 4998 ut
2614 4943 2719 4998 tale
2740 4942 2864 5013 quid
2912 4958 3161 5013 umquam
3210 4951 3554 4998 altentemus.
3582 4944 3715 4998 Nam

2138 5036 2229 5107 qui
2255 5035 2535 5105 pecuniam
2580 5034 2843 5105 duplicem
2866 5034 3160 5100 attulimus,
3191 5050 3298 5103 quo
3332 5044 3486 5103 pacto
3513 5038 3715 5089 furare—

2134 5142 2253 5183 mur
2275 5134 2551 5197 argentum
2574 5126 2657 5180 vel
2681 5126 2892 5178 aurum?
2908 5125 3057 5192 Quod
3079 5125 3122 5179 si
3154 5124 3255 5180 hoc
3278 5135 3452 5195 putas,
3476 5124 3530 5180 9.
3563 5127 3716 5195 Apud

2133 5234 2279 5289 quem
2320 5220 2578 5272 inventum
2621 5217 2775 5288 fuerit
2813 5232 2899 5271 vas
2940 5217 3077 5285 quod
3104 5217 3315 5285 inquiris
3335 5255 3357 5283 ,Α
3389 5218 3477 5270 ille
3512 5218 3710 5289 quidem

2133 5310 2379 5363 moriatur
2401 5349 2418 5374 ,
2444 5318 2500 5362 ut
2528 5308 2619 5378 qui
2653 5308 2757 5362 tale
2805 5306 2992 5362 fecerit
3035 5322 3207 5375 opus;
3253 5323 3346 5360 nos
3376 5316 3542 5359 autem
3580 5309 3711 5359 serui

2132 5400 2338 5454 erimus.
2366 5397 2722 5454 Conscientiae
2750 5397 2889 5451 bona
2922 5396 3112 5450 liducia
3139 5410 3233 5450 eos
3261 5394 3325 5449 ad
3349 5404 3455 5449 tam
3486 5395 3711 5448 fidenter

2132 5489 2452 5561 loquendum
2481 5489 2781 5544 inducebat.
2807 5489 2892 5543 10.
2933 5486 3036 5542 Ille
3059 5497 3248 5553 autem,
3309 5485 3501 5556 inquit,
3544 5486 3671 5539 dixit
3703 5504 3720 5539 :

2195 5600 2268 5661 (a)
2300 5606 2395 5649 Hoc
2412 5607 2507 5658 est,
2539 5599 2882 5661 existimabant
2912 5597 3089 5647 fratres
3117 5596 3331 5659 Josephi,
3354 5597 3631 5661 nescientes
3655 5612 3712 5646 se

2131 5659 2471 5729 cumhosepno
2494 5675 2625 5722 esse,
2651 5666 2758 5726 ejus
2766 5660 2904 5729 jussu
2930 5661 3202 5729 Benjamino
3222 5664 3393 5729 utpote
3414 5659 3711 5729 adbuepue-

2364 5719 2467 5775 dari
2482 5762 2496 5788 ,
2529 5719 3000 5789 quomain'solemus
3019 5719 3187 5785 pueris
3220 5719 3472 5786 plusquam
3504 5719 3615 5770 aliis
3631 5721 3711 5769 ait
