4146 6260
483 325 591 384 855

483 438 550 492 Et
575 455 729 507 nunc,
748 440 872 494 sicut
907 436 1124 500 dixistis,
1161 434 1274 493 erit.
1306 431 1458 504 Apud
1489 448 1633 500 quem
1676 432 1922 484 inventum
1942 429 2052 498 fue-

481 529 548 582 rit
580 530 838 601 poculum,
890 529 969 581 hic
1016 527 1154 588 solus
1185 539 1321 583 meus
1364 538 1538 580 servus
1583 522 1712 589 erit,
1759 536 1846 574 vos
1887 529 2053 574 autem

492 620 828 676 dimittrmini.
892 618 1121 678 Etcum
1173 613 1287 676 haec
1347 612 1647 678 dixissent,
1703 611 2053 680 permiserunt

483 709 619 766 eiut
659 707 970 762 scrutinium
1013 704 1230 768 iaceret.
1272 701 1362 764 12.
1411 699 1480 754 Et
1515 710 1764 758 scrutatus
1809 709 1916 765 est,
1949 699 2052 754 ini-

488 799 558 854 tio
581 814 612 850 a
637 797 829 850 seniore
852 798 1008 864 facto,
1035 793 1192 852 donec
1217 792 1403 852 veniret
1423 791 1490 848 ad
1512 789 1776 860 Benjamin
1795 830 1810 855 ,
1831 797 1889 850 et
1913 789 2052 848 illius

487 895 662 954 aperto
710 900 887 950 sacco,
922 883 1106 938 invenit
1144 881 1404 952 poculum.
1438 880 1550 936 Hoc
1598 879 1828 938 tenebris
1865 877 2055 938 offudit

482 989 668 1032 eorum
721 981 957 1030 mentem
998 989 1015 1026 :
1065 972 1252 1044 13._Et
1288 972 1629 1042 disruperuru,
1673 969 1876 1040 inquit,
1905 970 2056 1024 vesti-

479 1077 648 1120 menta
671 1083 764 1140 sua
791 1081 810 1120 :
835 1076 880 1120 et
907 1067 1254 1135 imposuerunt
1281 1064 1526 1144 iumentis
1552 1065 1733 1118 iterum
1769 1077 1940 1120 saccos
1960 1100 1978 1126 ,
2003 1069 2052 1114 et

482 1156 663 1209 reversi
687 1165 800 1212 sunt
827 1156 881 1212 in
918 1155 1182 1221 civitatem.
1224 1153 1314 1210 14.
1357 1150 1427 1222 Et
1462 1151 1714 1220 ingressus
1757 1148 1961 1214 ludas,
2005 1157 2055 1203 et

481 1251 661 1314 fratres
683 1245 758 1301 sui
775 1245 842 1300 ad
855 1242 1068 1316 Ioseph,
1088 1243 1373 1305 ceciderunt
1395 1257 1567 1299 coram
1589 1256 1648 1304 eo
1663 1256 1816 1309 super
1841 1247 2049 1296 terram.

484 1325 616 1390 Vide
647 1334 854 1408 quoties
876 1334 1237 1390 adorationem
1269 1331 1484 1386 faciunt.
1511 1331 1598 1386 l5.
1627 1329 1773 1384 Dixit
1797 1338 1965 1382 autem
1980 1327 2054 1382 eis

479 1425 675 1492 Ioseph
697 1440 715 1479 :
746 1425 914 1490 Quare
934 1423 1026 1477 hoc
1055 1421 1238 1490 fecistis
1258 1422 1283 1476 ?
1310 1420 1621 1486 Nesciebatis
1640 1419 1774 1489 quod
1793 1434 2049 1488 auguran-

484 1518 548 1572 do
577 1518 632 1570 in
657 1517 750 1570 hoc
775 1515 1036 1590 auguror?
1066 1513 1152 1574 16.
1181 1513 1324 1566 Dixit
1362 1522 1530 1566 autem
1548 1551 1564 1576 ,
1606 1510 1811 1579 inquit,
1839 1507 2006 1563 ludas
2033 1521 2054 1562 :

484 1607 620 1672 Quid
653 1607 1077 1670 contradicemus,
1125 1605 1203 1659 vel
1243 1603 1364 1674 quid
1409 1603 1666 1672 loquentur
1705 1601 1908 1658 domino
1930 1640 1946 1665 ,
1975 1599 2053 1663 vel

483 1695 730 1765 quomodo
767 1695 1200 1767 justiﬁcabimur?
1245 1693 1382 1748 Deus
1407 1703 1578 1747 autem
1620 1692 1806 1746 invenit
1845 1690 2050 1761 injusti-

481 1787 604 1838 tiam
623 1802 875 1842 servorum
895 1796 1112 1840 tuorum.
1143 1785 1338 1840 lterum
1362 1793 1614 1840 revocant
1639 1783 1738 1838 sibi
1765 1783 1818 1838 in
1845 1798 2053 1846 memo-

479 1877 614 1936 riam
639 1891 699 1932 ea
727 1893 844 1946 quae
875 1877 998 1930 olim
1023 1883 1207 1931 contra
1241 1875 1388 1932 illum
1414 1873 1672 1930 fecerunt.
1719 1873 1854 1929 Ecce
1879 1891 2050 1932 sumus

479 1967 605 2020 servi
631 1966 832 2020 domino
853 1975 1021 2020 nostra
1063 1975 1112 2021 et
1155 1981 1245 2019 nos
1270 1974 1318 2020 et
1341 1965 1426 2020 ille
1451 1965 1587 2035 apud
1612 1980 1757 2035 quem
1791 1965 2048 2022 inventum

482 2067 554 2108 est
584 2056 837 2125 poculum.
869 2055 984 2111 iam
1023 2071 1266 2126 magnam
1295 2055 1568 2111 declarant
1604 2055 2047 2122 benevolentiam,

481 2155 538 2200 et
576 2147 779 2216 seipsos
805 2162 924 2201 cum
967 2146 1128 2202 fratre
1167 2148 1221 2201 in
1263 2147 1570 2202 servitutem
1611 2145 1913 2216 subjiciunt.
1957 2147 2044 2200 17.

485 2237 630 2292 Dixit
679 2249 842 2293 autem
885 2237 1078 2308 Ioseph
1126 2255 1146 2294 :
1201 2237 1344 2292 Absit
1387 2245 1442 2292 ut
1491 2237 1586 2294 hac
1622 2238 1827 2310 faciam.
1881 2236 2050 2293 Homo

479 2331 620 2398 apud
653 2347 801 2400 quem
837 2331 1088 2386 inventum
1134 2331 1284 2400 fuerit
1327 2330 1611 2400 poculum,
1647 2329 1734 2396 ille
1777 2329 1870 2390 erit
1909 2344 2050 2394 meus

483 2439 652 2478 servus
675 2463 692 2491 ,
743 2437 831 2478 vos
881 2435 1047 2477 autem
1091 2422 1344 2480 ascendite
1385 2438 1498 2476 cum
1550 2420 1712 2482 salute
1753 2421 1822 2476 ad
1860 2429 2052 2491 patrem

480 2522 710 2567 vestrum.
1549 2551 1552 2554 ~

550 2605 602 2658 6.
633 2604 765 2660 Vide
804 2603 1071 2674 quomodo
1111 2603 1165 2659 id
1199 2619 1304 2676 quo
1341 2603 1558 2659 timebat
1603 2613 1772 2674 pater,
1818 2603 1922 2658 hoc
1965 2605 2046 2659 eis

479 2697 736 2766 contingit
764 2713 779 2750 :
811 2705 866 2751 et
903 2696 952 2750 in
989 2705 1096 2750 tam
1131 2710 1376 2766 magnam
1423 2695 1750 2750 devenerunt
1789 2695 2048 2756 turbatio-

483 2802 604 2844 nem
628 2826 643 2852 ,
683 2794 740 2842 ut
772 2785 895 2855 quid
927 2785 1159 2842 facerent
1187 2785 1470 2842 nescirent.
1506 2787 1589 2842 l8.
1623 2786 2051 2858 ApprOpinquavit

478 2885 641 2930 autem
663 2873 830 2928 ludas
847 2915 861 2939 ,
886 2874 1085 2944 inquit,
1107 2883 1154 2928 et
1177 2874 1322 2932 dixit.
1345 2874 1477 2941 Quia
1503 2874 1615 2943 ipse
1635 2882 1749 2929 erat
1767 2874 1857 2929 ille
1885 2874 1970 2943 qui
1997 2884 2052 2928 et

479 2982 509 3020 a
541 2975 687 3036 patre
709 2981 829 3020 eum
859 2973 1155 3036 acceperat,
1181 2974 1236 3021 et
1263 2966 1468 3022 dixerat
1492 2985 1505 3021 :
1539 2965 1654 3022 Nisi
1674 2965 1917 3020 reduxere
1935 2982 2051 3020 eum

483 3057 550 3109 ad
575 3065 642 3122 te,
666 3072 754 3109 ero
777 3055 863 3109 tibi
881 3062 1080 3125 peccato
1105 3055 1348 3110 obnoxius
1373 3054 1599 3110 omnibus
1627 3055 1834 3109 diebus:
1855 3055 2051 3110 idcirco

482 3155 536 3202 et
573 3145 788 3216 propior
821 3146 987 3201 factus
1030 3145 1312 3216 diligenter
1352 3153 1530 3201 narrat
1567 3146 1614 3201 ei
1657 3148 1832 3201 omnia
1858 3187 1874 3212 ,
1902 3156 1958 3200 ut
1997 3147 2050 3201 in

479 3235 990 3292 commiserationem
1020 3250 1086 3291 eo
1108 3236 1337 3290 adducto
1359 3277 1374 3302 ,
1408 3235 1703 3291 libertatem
1727 3251 1892 3305 puero
1918 3251 2049 3291 con-

481 3328 704 3383 ciliaret.
735 3329 821 3382 18.
851 3327 1280 3398 ApprOpinquavit
1306 3328 1458 3391 enim,
1491 3327 1678 3396 inquit,
1709 3327 1754 3380 ei
1777 3326 1942 3380 Judas
1961 3366 1976 3392 ,
2005 3335 2050 3380 et

481 3416 646 3470 dixit:
673 3415 798 3480 Oro,
828 3415 1048 3482 domine,
1079 3416 1311 3486 loquatur
1329 3431 1497 3470 servus
1522 3427 1655 3468 tuus.
1679 3416 1904 3471 Attende
1923 3431 2053 3486 quo-

485 3505 642 3561 modo
661 3521 757 3576 per
781 3505 957 3559 omnia
971 3513 1029 3560 ut
1046 3504 1259 3559 domino
1280 3520 1462 3560 servus
1488 3505 1750 3576 loquitur;
1778 3514 1831 3560 et
1859 3505 1910 3559 in
1937 3522 2052 3560 me-

485 3599 650 3654 moria
677 3597 816 3654 habe
837 3597 1041 3652 somnia
1069 3598 1476 3668 manipulorum,
1508 3608 1722 3669 propter
1747 3614 1865 3668 qua:
1886 3599 2052 3670 majo-

485 3703 598 3742 rem
624 3702 749 3757 crga
778 3701 901 3742 eum
933 3685 1183 3742 invidiam
1220 3696 1501 3752 acuerant,
1533 3696 1584 3742 et
1610 3687 1923 3757 obstupesce
1959 3702 2049 3741 so-

482 3783 673 3835 lertem
704 3779 796 3834 Dei
824 3779 1136 3848 sapientiam
1160 3821 1174 3844 ,
1204 3779 1468 3848 quomodo
1497 3783 1655 3834 tantis
1685 3780 1968 3835 obstaculis
1997 3779 2051 3834 in

485 3867 660 3925 medio
697 3868 912 3940 positis,
943 3868 1117 3924 omnia
1158 3884 1321 3942 opere
1348 3879 1468 3924 sunt
1508 3870 1740 3940 impleta.
1767 3869 2049 3939 Loquatur,

479 3959 683 4029 inquit,
714 3975 884 4014 servus
911 3968 1024 4014 tuus
1053 3977 1222 4013 coram
1247 3968 1314 4027 te,
1349 3970 1395 4014 et
1422 3977 1482 4014 ne
1504 3961 1738 4015 irascaris
1767 3977 1905 4014 servo
1929 3970 2015 4014 tuo
2033 4001 2048 4026 ,

484 4054 702 4108 domine.
734 4054 821 4111 l9.
852 4052 933 4106 Tu
959 4053 1278 4124 interrogasti
1304 4069 1467 4106 servos
1487 4063 1615 4118 tuos,
1640 4054 1806 4106 dicens
1831 4070 1849 4129 :_
1877 4053 2049 4107 Habe-

486 4146 613 4199 tisne
641 4149 851 4220 fratrem
877 4145 952 4198 vel
988 4153 1180 4213 patrem
1199 4146 1224 4198 ?
1251 4144 1340 4199 20.
1371 4154 1415 4198 et
1445 4145 1664 4198 diximus
1685 4145 1885 4199 domino
1911 4163 1928 4199 :
1957 4147 2050 4200 Est

484 4234 625 4287 nobis
654 4242 793 4303 pater
813 4249 986 4300 senex,
1012 4244 1056 4287 et
1076 4235 1238 4303 ﬁlium
1263 4235 1523 4290 senectutis
1542 4241 1774 4304 juvenem
1798 4238 1974 4302 habet,
2004 4249 2052 4292 et

484 4327 640 4392 frater
662 4324 772 4394 ejus
789 4332 1013 4376 mortuus
1033 4334 1121 4377 est.
1144 4322 1328 4394 Cogita
1348 4325 1434 4379 hic
1450 4326 1713 4395 quomodo
1733 4342 1791 4382 se
1813 4327 2052 4383 habuerit

481 4415 676 4485 Joseph
708 4415 822 4470 hmc
846 4415 1086 4470 audiens.
1119 4414 1218 4470 Ille
1243 4417 1379 4470 solus
1405 4419 1602 4472 relictus
1628 4428 1700 4472 est
1731 4419 1880 4474 matri
1906 4436 2050 4488 sure;

481 4515 627 4577 pater
651 4515 818 4559 autem
842 4521 954 4558 eam
979 4505 1161 4576 diligit.
1193 4507 1365 4574 Quare
1389 4517 1565 4562 autem
1589 4518 1641 4563 et
1667 4508 1753 4563 hic
1781 4511 2047 4576 mentitur,

474 4595 559 4654 sic
584 4595 766 4650 dicens
794 4610 810 4648 :
842 4593 1027 4650 Frater
1046 4599 1156 4665 ejus
1184 4605 1408 4652 mortuus
1427 4598 1542 4651 est?
1568 4598 1727 4668 Atqui
1749 4615 1868 4654 eum
1891 4617 2052 4671 nego-

478 4683 758 4738 tiatoribus
785 4683 1151 4740 vendiderant.
1180 4685 1377 4739 Verum
1404 4687 1524 4755 quia
1554 4689 1632 4742 sic
1667 4688 1802 4758 patri
1832 4704 2050 4756 persua-

480 4783 666 4828 serunt
687 4814 702 4838 ,
735 4775 884 4844 quasi
913 4775 1118 4829 occisus
1147 4783 1320 4839 esset,
1354 4786 1408 4830 et
1440 4791 1470 4830 a
1510 4776 1696 4832 bestiis
1721 4777 2004 4835 devoratus
2033 4799 2046 4835 :

484 4863 715 4933 alioquin
745 4864 900 4918 etiam
929 4874 1249 4934 putaverunt
1285 4880 1408 4920 eum
1437 4881 1542 4920 non
1574 4868 1832 4923 ferentem
1858 4868 2050 4925 barba-

478 4969 661 5007 rorum
693 4955 1002 5008 servitutem
1021 4995 1035 5019 ,
1063 4953 1173 5023 jam
1198 4970 1317 5010 esse
1342 4966 1630 5024 mortuum,
1661 4967 1714 5012 et
1743 4959 1937 5015 idcirco
1965 4960 2048 5015 di-

473 5044 547 5098 cit
576 5060 590 5096 :
623 5042 807 5097 Frater
842 5046 950 5114 ejus
992 5056 1218 5100 mortuus
1253 5056 1344 5100 est.
1375 5047 1463 5102 21.
1492 5047 1678 5102 Dixisti
1704 5059 1869 5103 autem
1897 5052 2049 5104 servis

471 5136 574 5192 tuis
600 5151 620 5190 :
639 5135 884 5190 Deducite
907 5150 1019 5190 eum
1041 5137 1108 5190 ad
1133 5153 1244 5203 me,
1273 5149 1320 5193 et
1340 5155 1516 5193 curam
1540 5141 1724 5194 habebo
1755 5143 1930 5211 ipsius.
1955 5142 2045 5198 2'5.

471 5229 539 5284 Et
563 5229 738 5284 dixisti
762 5245 782 5284 :
811 5228 930 5284 Nisi
957 5229 1225 5284 descendat
1251 5236 1410 5302 frater
1439 5244 1595 5288 vester
1627 5235 1874 5290 vobiscum
1901 5279 1915 5300 ,
1947 5254 2048 5291 non

470 5322 733 5395 apponetis
756 5331 810 5376 ut
834 5320 1042 5376 videatis
1071 5323 1247 5393 faciem
1275 5339 1456 5378 meam.
1483 5324 1577 5380 2i.
1610 5325 1826 5398 Factum
1854 5337 1926 5382 est
1950 5345 2045 5381 au-

481 5413 784 5480 temquando
805 5412 1116 5467 ascendimus
1130 5412 1198 5465 ad
1223 5429 1416 5467 servum
1431 5423 1570 5468 tuum
1597 5425 1786 5485 patrem
1802 5427 2046 5484 nostrum,

464 5503 881 5558 annuntiavimus
919 5504 964 5557 ei
999 5503 1146 5558 verba
1183 5505 1390 5558 domini.
1418 5505 1507 5561 25.
1541 5506 1681 5561 Dixit
1707 5519 1871 5562 autem
1909 5521 2050 5580 pater

474 5600 644 5643 uoster
666 5591 810 5646 nobis
829 5609 849 5648 :
876 5591 958 5648 Ite
977 5595 1178 5661 iterum,
1205 5595 1350 5649 emite
1377 5597 1517 5650 nobis
1541 5613 1700 5666 pauca
1722 5599 1931 5653 cibaria.
1953 5600 2043 5656 26.

476 5677 588 5734 Nos
614 5685 787 5738 autem
806 5683 1024 5739 diximus
1049 5685 1095 5741 ei
1125 5701 1144 5739 :
1181 5685 1296 5742 Non
1318 5686 1588 5756 poterimus
1609 5687 1927 5756 descendere,
1950 5691 2047 5746 nisi

1223 323 1280 380 s.
1317 319 1593 378 manus
1615 309 2090 376 murenarum
2107 313 2435 379 'ARCltlEP.
2473 303 3005 380 CONSTAN'IINOP.

3626 325 3737 383 556-

2160 424 2316 496 frater
2334 437 2502 484 noster
2519 429 2783 488 descendat
2804 431 3083 494 nobiseum.
3103 433 3190 488 27.
3213 431 3354 490 Dixit
3368 443 3531 492 autem
3561 454 3730 496 servus

2160 527 2274 573 tuus
2307 529 2450 588 pater
2476 530 2644 580 uoster
2669 535 2690 574 :
2724 519 2825 585 Vos
2853 522 2988 588 scitis
3010 561 3028 588 ,
3055 523 3190 592 quod
3218 522 3346 582 duos
3379 527 3572 595 peperit
3601 528 3724 582 mihi

2158 625 2309 674 tuor,
2327 609 2418 664 28.
2446 621 2498 671 et
2519 627 2743 681 egressus
2769 622 2842 668 est
2866 629 2996 668 unus
3021 630 3053 666 a
3077 631 3157 669 me
3175 655 3192 679 ,
3218 625 3264 670 et
3287 615 3488 678 dixistis
3504 658 3520 684 ,
3541 621 3677 688 quod
3695 637 3730 674 a

2160 698 2316 761 bestia
2332 699 2396 753 sit
2414 701 2696 758 devoratus.
2718 699 3006 757 Considera
3032 704 3296 773 quomodo
3318 719 3413 774 per
3430 710 3728 766 excusatio-

2159 802 2282 848 nem
2309 788 2458 844 Juda:
2479 790 2676 870 Ioseph
2701 793 2877 846 omnia
2899 793 3180 864 diligenter
3197 795 3442 854 didicerit
3463 814 3583 868 quae
3606 808 3726 869 post

2157 890 2310 933 suam
2332 879 2689 936 venditionem
2717 883 2922 954 egerint
2951 882 3128 948 domi,
3154 895 3210 940 et
3231 886 3406 956 qualia
3427 889 3562 958 patri
3583 889 3649 956 de
3666 905 3726 946 se

2125 1022 2128 1024 γ
2157 970 2505 1024 narraverint.
2528 969 2620 1024 29.
2637 971 2790 1026 Nunc
2809 972 2980 1044 igitur,
3003 973 3193 1045 inquit,
3213 977 3259 1030 si
3279 986 3326 1038 et
3345 978 3478 1034 hunc.
3493 980 3724 1052 tuleritis,

2125 1108 2128 1110 γ
2157 1067 2206 1114 et
2225 1059 2459 1119 acciderit
2483 1060 2527 1114 ei
2547 1060 2760 1132 languor
2778 1063 2832 1116 in
2850 1065 2951 1128 via,
2976 1063 3228 1140 deducetis
3251 1076 3548 1124 senectutem
3565 1086 3728 1128 meum

2156 1163 2273 1202 cum
2305 1164 2520 1204 maerore
2557 1151 2627 1204 ad
2657 1151 2865 1220 inferos.
2907 1151 2984 1209 Ita
3022 1168 3150 1226 ergo
3185 1164 3337 1226 patre
3377 1165 3560 1216 nostro
3599 1174 3728 1230 erga

2127 1306 2132 1312 η
2157 1255 2385 1308 puerum
2419 1241 2610 1297 aﬂ‘ecto
2635 1283 2652 1309 ,
2682 1243 2946 1313 quomodo
2974 1245 3263 1316 poterimus
3293 1245 3480 1306 faciem
3507 1249 3622 1318 eius
3649 1251 3726 1306 vi—

2155 1330 2306 1397 dere,
2323 1346 2490 1402 puero
2509 1347 2614 1389 non
2635 1334 2922 1391 exsistente
2940 1336 3248 1394 nobiscum?
3271 1339 3359 1395 30.
3377 1338 3576 1396 Pendet
3593 1342 3726 1396 enim

2155 1423 2328 1477 anima
2359 1425 2470 1493 ejus
2495 1439 2560 1478 ea:
2584 1423 2736 1496 hujus
2763 1426 2952 1480 anima.
2992 1427 3080 1484 5i.
3121 1427 3186 1484 Et
3223 1428 3466 1485 deducent
3499 1431 3627 1486 servi
3654 1432 3725 1484 tui

2154 1522 2454 1567 senectutem
2483 1514 2639 1584 patris
2666 1517 2821 1568 nostri
2848 1517 2975 1571 servi
2999 1517 3074 1570 tui
3097 1503 3213 1570 cum
3237 1535 3445 1583 maerore
3471 1521 3539 1573 ad
3563 1520 3721 1589 infcr-

2155 1617 2298 1658 nurn.
2325 1602 2510 1659 Servus
2537 1608 2671 1662 enim
2697 1614 2814 1659 tuus
2839 1607 3031 1684 accepit
3058 1623 3268 1675 puerum
3293 1625 3324 1662 a
3351 1619 3497 1678 patre
3521 1626 3615 1664 suo
3639 1611 3720 1666 di-

2154 1710 2271 1759 cens
2301 1709 2321 1748 :
2350 1693 2468 1749 Nisi
2492 1695 2657 1765 ipsum
2677 1697 2745 1750 ad
2771 1707 2818 1754 te
2837 1697 3081 1754 reduxere
3100 1738 3118 1764 ,
3149 1708 3349 1768 peccato
3368 1683 3612 1761 obnoxius
3638 1717 3724 1756 ero

2153 1783 2242 1840 tibi
2272 1784 2502 1840 omnibus
2540 1783 2732 1842 diebus.
2779 1785 2884 1840 llas
2911 1787 3290 1856 promissiones
3333 1787 3435 1844 feci
3466 1789 3633 1858 patri,
3668 1801 3725 1848 ut

2154 1887 2378 1948 puerum
2403 1874 2603 1951 possim
2643 1875 2906 1931 adducere
2924 1917 2940 1946 ,
2970 1884 3024 1932 et
3049 1891 3108 1932 ea
3140 1877 3362 1946 implere
3387 1893 3504 1948 qua:
3531 1887 3584 1933 tu
3610 1880 3724 1949 jus-

2152 1978 2320 2030 scras,
2349 1973 2747 2034 monstrareque
2771 1980 2930 2034 quam
2957 1981 3080 2031 vere
3108 1965 3414 2032 dixerimus,
3441 1978 3497 2022 et
3524 1969 3726 2025 nullum

2153 2054 2488 2112 mendacium
2525 2069 2556 2114 a
2591 2055 2743 2112 nobis
2777 2071 2898 2112 esse
2933 2057 3218 2126 prolatum.
3258 2058 3345 2112 53.
3385 2056 3539 2114 Nunc
3572 2059 3727 2130 igitur

2152 2145 2361 2200 manebo
2387 2161 2555 2208 servus
2585 2163 2675 2214 pro
2717 2163 2892 2216 puero,
2916 2148 3136 2217 famulus
3155 2148 3345 2201 domini
3367 2166 3388 2215 ;
3415 2165 3538 2218 puer
3559 2159 3726 2203 autent

2152 2234 2388 2294 ascendat
2415 2252 2528 2292 cum
2552 2236 2813 2306 fratribus.
2836 2237 2927 2292 24.
2955 2236 3216 2302 Quomodo
3245 2238 3377 2292 enim
3402 2238 3726 2293 ascendemus

2151 2329 2219 2384 ad
2245 2337 2458 2398 patrem,
2484 2345 2598 2384 cum
2635 2345 2737 2382 non
2769 2330 2832 2383 sit
2870 2329 3125 2384 nobiscum
3156 2331 3319 2398 puer?
3343 2329 3409 2383 Et
3443 2347 3505 2382 ne
3527 2330 3724 2383 videam

2151 2418 2323 2486 ntala,
2359 2435 2472 2488 quin
2508 2421 2753 2478 invenient
2800 2430 2989 2491 patrem
3037 2437 3218 2475 meum.
3266 2421 3390 2476 Haec
3434 2420 3726 2491 Josephum

2152 2507 2328 2566 animo
2349 2518 2791 2578 commoverunt,
2823 2519 2878 2566 et
2919 2510 3048 2565 satis
3074 2510 3122 2564 ei
3151 2505 3579 2566 demonstrarunt
3606 2513 3727 2566 illus

2152 2606 2206 2653 et
2246 2608 2446 2668 patrem
2489 2599 2645 2668 digne
2687 2600 2864 2655 colere
2886 2641 2900 2665 ,
2931 2610 2985 2656 et
3027 2599 3241 2655 fratrem
3274 2603 3495 2668 multum
3523 2617 3723 2658 amare.

2154 2691 2205 2746 1.
2239 2689 2304 2744 Et
2342 2707 2442 2747 non
2479 2691 2612 2744 ultra
2641 2691 2798 2759 potuit
2831 2693 2998 2761 ferre,
3037 2708 3194 2760 neque
3226 2692 3438 2745 tolerare
3470 2691 3730 2745 adstantes

2151 2780 2283 2846 sibi,
2316 2780 2404 2836 sed
2439 2783 2651 2851 repulsis
2687 2781 2915 2836 omnibus
2946 2783 3082 2836 solus
3117 2783 3246 2836 inter
3279 2801 3361 2838 eos
3399 2784 3601 2844 relictus
3624 2826 3638 2851 ,
3666 2784 3722 2838 2.

2125 2939 2128 2941 Α
2153 2873 2306 2927 missa
2324 2888 2438 2928 voce
2461 2889 2572 2926 cum
2599 2874 2722 2943 fletu
2745 2915 2762 2948 ,
2797 2883 2966 2926 nolunt
3006 2892 3059 2928 se
3093 2875 3210 2946 fecit
3235 2859 3494 2944 fratribus.
3527 2866 3595 2928 Et
3629 2876 3728 2929 hac

2153 2962 2367 3020 innotuit
2395 2963 2447 3016 in
2472 2972 2572 3016 toto
2609 2980 2791 3033 regno,
2823 2965 2874 3018 in
2909 2965 3058 3018 domo
3091 2963 3396 3022 Pharaonis.
3424 2965 3476 3018 3.
3510 2965 3578 3019 Et
3601 2966 3724 3020 dicit

2153 3041 2395 3122 fratribus
2433 3053 2536 3105 suis
2567 3068 2586 3105 :
2617 3051 2725 3122 Ego
2759 3069 2869 3105 sum
2904 3049 3112 3123 Ioseph.
3153 3052 3346 3108 Vivitne
3382 3055 3547 3108 adhuc
3583 3068 3726 3126 pater

2153 3159 2292 3196 meus
2325 3141 2492 3214 (Cap.
2534 3141 2670 3211 45)?
2707 3143 2968 3198 Admirari
3013 3145 3097 3197 hic
3135 3143 3272 3198 subit
3305 3153 3362 3201 et
3399 3145 3538 3200 beati
3569 3146 3727 3216 hujus

2153 3234 2499 3288 constantiam
2521 3241 2716 3287 tantam
2739 3275 2757 3300 ,
2784 3243 2838 3288 et
2863 3234 3004 3304 quod
3032 3235 3298 3306 hucusque
3337 3237 3727 3293 simulationem

2153 3324 2480 3387 sustinuerit,
2503 3332 2556 3377 et
2573 3324 2712 3394 quod
2734 3324 2851 3395 quis
2869 3335 3010 3380 esset
3028 3341 3132 3379 non
3162 3325 3540 3380 declaravcrit:
3567 3336 3725 3395 atque

2125 3485 2127 3487 ι
2154 3414 2496 3472 vehementer
2516 3414 2854 3484 obstupesco,
2876 3417 3142 3485 quomodo
3173 3415 3249 3472 illi
3269 3416 3534 3486 potuerint
3561 3425 3636 3471 sta
3646 3433 3722 3479 re.

2154 3505 2236 3559 vel
2274 3519 2335 3559 os
2375 3513 2558 3574 postea
2591 3505 2800 3574 aperire
2823 3545 2838 3570 ,
2878 3505 3143 3574 quomodo
3173 3521 3276 3560 non
3307 3506 3528 3559 avolarit
3555 3505 3621 3559 ab
3647 3506 3727 3560 cis

2153 3597 2347 3661 anima,
2380 3595 2644 3665 quomodo
2671 3611 2856 3652 eorum
2893 3611 3043 3650 mens
3082 3605 3188 3650 tota
3228 3610 3332 3650 non
3359 3596 3722 3666 obstupuerit,

2153 3685 2418 3757 quomodo
2447 3701 2552 3740 non
2577 3701 2637 3741 se
2661 3685 2956 3741 abdiderint
2994 3685 3132 3740 intra
3159 3693 3374 3740 terram.
3410 3685 3477 3740 Et
3502 3703 3600 3742 non
3629 3704 3723 3755 po-

2155 3785 2372 3838 tucrunt,
2399 3775 2587 3846 inquit,
2615 3779 2795 3846 fratres
2814 3777 2923 3846 ejus
2947 3776 3246 3844 respondere
3267 3775 3312 3828 ei
3338 3790 3357 3830 :
3385 3763 3568 3830 turbati
3593 3779 3724 3830 enim

2153 3876 2312 3918 erant.
2343 3865 2530 3920 Merito
2558 3883 2570 3919 :
2598 3865 2887 3938 cogitantes
2917 3865 3182 3936 quomodo
3203 3881 3324 3920 eum
3349 3875 3721 3933 tractaverant,

2154 3968 2207 4012 et
2232 3959 2400 4028 qualis
2425 3959 2536 4029 ipse
2565 3974 2688 4030 erga
2709 3959 2826 4014 illos
2861 3958 3033 4014 fuerat
3063 3976 3080 4016 :
3111 3967 3163 4014 et
3189 3959 3477 4034 cogitantes
3504 3959 3724 4029 gloriam

2153 4049 2205 4104 in
2261 4066 2361 4119 qua
2390 4051 2706 4107 constitutus
2744 4057 2858 4105 erat
2879 4091 2893 4113 ,
2925 4050 2992 4104 de
3023 4063 3117 4102 sua
3145 4049 3314 4103 salute
3343 4048 3729 4118 propemodum

2153 4141 2292 4195 anxii
2319 4150 2489 4198 erant.
2512 4140 2797 4208 Propterea
2817 4138 3000 4194 volt-ns
3019 4153 3114 4192 eos
3139 4139 3374 4192 animare
3398 4181 3412 4205 ,
3442 4139 3499 4193 4.
3530 4139 3727 4208 Appro-

2155 4232 2406 4301 pinquate,
2439 4229 2627 4298 inquit,
2660 4230 2727 4282 ad
2755 4246 2850 4282 me.
2882 4229 2960 4283 Ne
2986 4229 3334 4283 amovcamini
3361 4243 3456 4283 VOS
3487 4249 3501 4282 :
3536 4244 3602 4283 ne
3629 4243 3726 4282 co-

2151 4321 2328 4392 gitetis
2344 4335 2436 4373 vos
2458 4319 2670 4388 preprio
2691 4319 2911 4373 consilio
2938 4318 3051 4372 haec
3077 4328 3258 4372 contra
3291 4334 3375 4373 me
3397 4318 3591 4388 egisse.
3623 4319 3727 4373 Ista

2155 4427 2259 4466 non
2284 4419 2390 4464 tam
2421 4418 2608 4465 vestra:
2637 4424 2763 4480 erga
2796 4425 2881 4465 me
2907 4408 3254 4464 adscribenda
3288 4419 3411 4463 sunt
3440 4410 3725 4479 iniquitati,

2153 4517 2308 4572 quam
2339 4499 2530 4555 divina:
2555 4501 2827 4570 sapientia:
2853 4510 2906 4554 et
2935 4499 3184 4554 ineffabili
3213 4499 3593 4554 misericordia:
3625 4516 3639 4550 :
3667 4509 3729 4553 ut

2157 4593 2257 4648 huc
2280 4592 2567 4649 adveniens
2589 4633 2604 4658 ,
2634 4607 2775 4646 nunc
2801 4592 3110 4659 tempestive
3135 4599 3189 4644 et
3211 4589 3364 4645 vobis
3393 4599 3447 4644 et
3475 4591 3571 4644 toti
3605 4589 3729 4645 huic

2154 4683 2352 4754 regioni
2390 4697 2599 4754 possem
2642 4683 2978 4752 suppeditare
3015 4681 3285 4735 alimenta.
3316 4679 3383 4733 Et
3409 4680 3535 4733 dixit
3567 4697 3587 4733 :
3617 4679 3727 4750 Ego

2152 4792 2261 4830 sum
2281 4773 2469 4845 Ioseph
2490 4777 2645 4846 frater
2664 4784 2843 4839 vester,
2867 4791 3008 4844 quem
3027 4773 3315 4827 vendidistis
3339 4773 3392 4826 in
3418 4772 3726 4843 Egyptum.

2153 4867 2204 4922 5.
2237 4865 2392 4920 Nunc
2414 4866 2568 4936 igitur
2592 4881 2654 4918 ne
2675 4865 2903 4918 deleatis.
2926 4864 3004 4918 Ne
3026 4878 3139 4928 vos,
3169 4864 3359 4934 inquit,
3379 4862 3484 4918 hoc
3505 4872 3728 4919 contur-

2153 4957 2271 5022 bet;
2313 4972 2381 5012 ne
2432 4970 2675 5027 asperum
2719 4955 2868 5009 vobis
2915 4953 3152 5008 videatur
3190 4954 3330 5024 quod
3385 4954 3581 5009 factum
3625 4962 3726 5009 est.

2154 5046 2247 5100 Dei
2273 5046 2415 5101 enim
2449 5044 2841 5115 dispensatione
2869 5045 3201 5114 contigerunt
3237 5043 3372 5100 haec.
3414 5043 3554 5100 Deus
3596 5045 3728 5099 enim

2153 5156 2231 5193 me
2258 5137 2390 5193 misit
2415 5137 2468 5191 in
2487 5138 2637 5191 vitam
2663 5147 2779 5190 ante
2799 5153 2902 5190 vos.
2931 5137 2984 5191 6.
3014 5137 3153 5190 Nam
3179 5136 3258 5190 hic
3286 5137 3533 5191 secundus
3561 5152 3728 5190 annus

2152 5229 2302 5300 famis
2337 5245 2488 5299 super
2514 5239 2699 5284 terram
2721 5270 2736 5295 ,
2770 5239 2817 5282 et
2845 5229 3012 5282 adhuc
3036 5239 3224 5283 restant
3246 5231 3461 5299 quinque
3486 5231 3608 5284 anni
3633 5269 3646 5294 ,
3675 5230 3729 5282 in

2151 5325 2327 5396 quibus
2353 5340 2452 5376 non
2478 5324 2567 5376 erit
2596 5322 2757 5376 aratio
2781 5362 2796 5387 ,
2827 5337 2984 5392 neque
3017 5322 3206 5376 messis.
3235 5322 3287 5374 7.
3327 5321 3469 5375 Misit
3491 5322 3624 5375 enim
3652 5337 3730 5374 me

2152 5414 2291 5469 Deus
2311 5423 2426 5468 ante
2443 5429 2545 5480 vos,
2568 5423 2622 5466 ut
2637 5413 3030 5482 relinquerentur
3046 5412 3180 5466 vobis
3203 5411 3430 5482 reliquit:
3452 5427 3606 5481 super
3625 5421 3729 5463 ter-

2151 5523 2280 5560 ram.
2305 5506 2358 5560 8.
2393 5504 2546 5559 Nunc
2569 5505 2722 5575 igitur
2740 5520 2841 5558 non
2860 5518 2946 5559 vos
2966 5519 3044 5556 me
3067 5504 3268 5556 misistis
3289 5503 3387 5556 huc
3404 5543 3419 5568 ,
3450 5503 3538 5557 sed
3567 5500 3725 5556 Deus.

2221 5600 2275 5653 7.
2304 5597 2438 5653 Vide
2473 5595 2738 5668 quomodo
2767 5595 2934 5651 semel
2959 5603 3013 5649 et
3044 5595 3235 5649 iterum
3268 5603 3323 5648 et
3351 5593 3508 5648 tertio
3532 5605 3728 5647 conso-

2155 5691 2292 5748 latur
2315 5687 2435 5745 illos
2459 5727 2476 5756 ,
2506 5686 2688 5743 dicens
2715 5700 2776 5742 se
2805 5701 2910 5742 non
2943 5685 3071 5756 ipsis
3096 5683 3624 5742 adscriberecausam
3646 5682 3731 5738 sui
