4146 6260
448 326 552 380 551

1119 321 1178 375 S.
1211 317 1496 375 JOANNIS
1529 313 2014 372 οιιῐιῐεοδτοκι
2052 315 2374 373 ARCHIEP.
2415 317 2962 373 CONSTANTINOP.

3588 313 3694 371 558

443 438 543 508 τὴν
560 433 759 500 αἰτίαν,
780 433 874 488 καὶ
889 432 987 499 τὴν
1007 431 1087 494 εἰς
1105 431 1378 497 Αἴγυπτον
1409 427 1578 482 αὐτοῦ
1614 425 1861 490 κάθοδον,
2119 444 2340 495 ροντας
2357 430 2578 498 ἄρτους
2615 426 2696 494 τῷ
2727 427 3111 497 πατρίαύτοῦ
3138 429 3226 496 είς
3255 428 3374 497 τὴν
3405 427 3704 484 ὁδόν.Καί

447 507 536 572 τδν
570 516 702 570 Θεὸν
745 515 892 569 τοῦτο
927 511 1304 582 πεποιηκέναι,
1325 510 1466 562 ὥστε
1499 509 1583 575 είς
1617 507 1824 578 ταύτην
1859 507 2023 561 αὐτὸν

447 599 620 652 ἐλθεῖν
657 597 754 666 τὴν
792 593 1166 665 περιφάνειαν.
1192 592 1245 645 Ὀ
1287 591 1452 657 Θεὸς,
1489 591 1674 661 φησὶν,
1703 588 2024 645 ἀπέστειλέ

328 732 331 733 ν
442 699 536 749 με,
561 679 658 732 καί
690 675 939 743 ἐποίησέ
960 693 1037 743 με
1065 675 1146 740 ὼς
1177 674 1402 742 πατέρα
1421 674 1652 742 Φαραὼ,
1681 671 1783 726 καί
1817 673 2025 740 κύριον

444 762 670 822 παντὸς
707 757 812 811 τοῦ
846 758 1014 810 οῖκου
1050 757 1257 822 αὑτοῦ,
1279 756 1379 810 καὶ
1398 756 1662 825 ἄρχοντα
1680 754 1884 823 πάσης
1911 753 2024 822 τῆς

445 843 764 913 Αἰγύπτου.
785 838 1018 909 Ἐκείνη,
1047 837 1232 908 φησὶν,
1254 839 1288 909 ή
1314 837 1524 892 δουλεία
1555 838 1759 908 ταύτην
1799 855 1890 908 μοι
1922 838 2024 908 τὴν

445 927 474 974 ο
485 923 618 992 ρχὴν
640 920 1022 990 προεξένησεν,
1037 920 1220 989 ἐκείνη
1240 922 1274 990 ή
1296 921 1495 990 πρᾶσις
1515 921 1595 984 είς
1609 919 1815 990 ταύτην
1838 936 1906 988 με
1924 919 2025 984 τὴν

447 1003 799 1074 περιφάνειαν
830 1002 1058 1072 ἤγαγεν,
1079 1003 1260 1071 ἐκείνη
1292 1002 1327 1071 ή
1360 1001 1538 1070 θλίψις
1571 1000 1775 1071 ταύτης
1807 1019 1896 1072 μοι
1927 1001 2026 1070 τῆς

448 1103 468 1135 ε
480 1084 849 1154 ύδοκιμήσεως
869 1084 1124 1144 ὑπόθεσις
1141 1083 1384 1151 γέγονεν,
1407 1083 1614 1146 ἐκεῖνος
1633 1085 1662 1137 ό
1681 1084 1871 1152 φθόνος
1897 1081 2026 1136 ταύ-

449 1184 548 1237 την
587 1184 675 1237 μοι
707 1167 807 1236 τὴν
837 1166 994 1232 δόξαν
1029 1164 1204 1220 ἐτεκε.
1226 1164 1411 1220 Ταῦτα
1433 1166 1508 1236 μὴ
1532 1165 1691 1236 μόνον
1717 1164 2025 1234 ἀκούωμεν,

451 1251 586 1304 ἀλλά
607 1251 700 1304 καὶ
721 1249 1036 1320 μιμώμεθα.
1062 1251 1154 1301 καὶ
1187 1249 1327 1301 οὕτω
1346 1251 1470 1310 τοὺς
1491 1249 1676 1312 κακῶς
1696 1251 1842 1319 ἡμᾶς
1861 1249 2029 1302 διατι-

451 1334 642 1396 θέντας
679 1331 1150 1404 παραμυθώμεθα,
1188 1331 1589 1401 ἀλλοτριοῦντες
1630 1331 1924 1385 ἀπἀὐτῶν
1960 1330 2030 1384 τὰ

453 1417 750 1486 καθ’ήμῶν
787 1417 1063 1486 γινόμενα,
1087 1416 1179 1468 καὶ
1220 1416 1356 1485 μετά
1395 1415 1594 1484 πολλὴς
1614 1413 2030 1484 εὐγνωμοσύνης

454 1500 668 1552 ἅπαντα
705 1498 981 1568 φέροντες,
1004 1497 1252 1568 καθάπερ
1288 1499 1317 1548 ὁ
1355 1497 1654 1565 θαυμάσιος
1687 1489 1860 1558 οὗτος.
1880 1495 2034 1547 Ἐπεὶ

453 1577 567 1642 οῦν,
591 1582 774 1650 φησιν,
798 1580 1083 1650 ἐπείσθητε
1116 1581 1244 1651 παρ’
1264 1580 1418 1649 ἐμοῦ,
1441 1581 1522 1631 δτι
1542 1579 1638 1647 οὐχ
1658 1578 1786 1647 ὑμῖν
1805 1575 2034 1646 ἐπιγρά-

455 1681 544 1730 φω
579 1663 646 1716 τά
684 1665 763 1726 είς
801 1663 901 1732 ἐμὲ
930 1662 1058 1731 παρ’
1081 1662 1232 1730 ὑμῶν
1252 1661 1612 1732 γεγενημένα.
1633 1660 1746 1712 ἀλλ’
1769 1660 1912 1729 ὑμᾶς
1937 1657 2034 1727 μὲν

455 1745 780 1798 ἀπαλλάττω
796 1744 904 1796 τῶν
924 1743 1302 1815 ἐγκλημάτων,
1321 1742 1397 1812 τῷ
1416 1743 1472 1794 δέ
1492 1742 1609 1813 Θεῷ
1629 1741 1690 1794 τὺ
1711 1742 1818 1794 πᾶν
1837 1739 2038 1807 λογίζο-

459 1846 578 1899 μαι,
601 1826 676 1896 τῷ
709 1828 892 1880 ἐκεῖνα
928 1829 1106 1880 πάντα
1140 1827 1572 1896 οἰκονομήσαντι,
1597 1826 1683 1878 ἴνα
1725 1841 1814 1893 μοι
1849 1821 1908 1876 τὸ
1937 1823 2037 1892 τῆς

458 1910 738 1981 παρούσης
785 1909 942 1980 δόξης
994 1909 1394 1980 προσγένηται·
1447 1908 1830 1970 Σπεύσαντες
1881 1904 2036 1959 οὖνε1ι

455 1992 713 2060 ἀνάϐητε
737 1994 884 2060 πρός
922 1993 1027 2044 τὸν
1062 1990 1286 2059 πατέρα
1315 2009 1457 2059 μου,
1479 1991 1578 2044 καὶ
1611 1992 1816 2044 εἴπατε
1841 1987 2002 2054 αὐτῷ
2021 2007 2034 2020 ·

462 2075 610 2129 Τάδε
629 2075 789 2144 λέγει
807 2077 842 2129 ὁ
860 2075 990 2140 υίός
1009 2091 1126 2128 σου
1159 2072 1382 2142 Ἰωσήφ
1400 2090 1413 2104 ·
1451 2073 1724 2140 Ἐποίησέ
1747 2090 1824 2142 με
1843 2076 1875 2128 ὁ
1895 2073 2040 2139 Θεὸς

457 2160 667 2228 κύριον
697 2157 901 2226 πάσης
932 2155 1044 2227 γῆς
1063 2159 1384 2227 Αἰγύπτου.
1408 2157 1701 2225 Κατάϐηθι
1737 2152 1852 2212 οὖν
1889 2155 2041 2224 πρός

451 2259 550 2313 με,
572 2243 671 2297 καί
697 2241 785 2311 μὴ
820 2243 1171 2312 άναμείνῃς·
1211 2241 1310 2295 καὶ
1339 2242 1721 2310 κατοικήσεις
1747 2242 1818 2295 ἐν
1837 2239 1914 2311 γῇ
1934 2243 2042 2294 Γε-

456 2325 596 2393 σὲμ,
617 2324 718 2380 καί
746 2324 862 2394 ἔσῃ
895 2325 1074 2393 ἐγγύς
1099 2341 1219 2392 μου
1256 2323 1359 2387 σὺ,
1381 2324 1479 2378 καί
1501 2327 1558 2378 vl
1575 2325 1694 2378 υίοί
1711 2339 1852 2387 σου,
1872 2323 1970 2377 καί
1987 2325 2041 2377 οἱ

459 2408 576 2462 vlol
595 2405 715 2460 τῶν
732 2406 878 2461 υἱῶν
895 2424 1032 2469 σου,
1052 2406 1152 2460 καί
1171 2407 1244 2460 τὰ
1261 2408 1544 2475 πρόϐατα,
1567 2405 1665 2459 καί
1684 2409 1738 2460 οί
1751 2407 1920 2472 βόες,
1942 2405 2040 2459 καί

457 2489 578 2542 ὅσα
609 2488 711 2542 σοί
745 2487 895 2553 ἐστι,
915 2487 1014 2541 καί
1047 2487 1316 2557 ἐκθρέψαι
1346 2503 1421 2542 σε
1458 2487 1575 2558 (ἔτι
1604 2488 1712 2558 γὰρ
1743 2487 1921 2541 πέντε
1938 2486 2040 2555 ἐτη

457 2569 687 2640 λιμὸς),
711 2571 812 2623 ἵνα
842 2570 930 2639 μὴ
967 2569 1240 2639 ἐκτριϐῇς
1274 2570 1378 2632 σὺ,
1401 2570 1500 2623 καί
1537 2572 1590 2624 οἱ
1625 2572 1746 2624 υίοί
1779 2584 1918 2633 σου,
1945 2568 2042 2622 καί

459 2650 658 2707 πάντα
687 2651 759 2706 τὰ
788 2649 1140 2720 ὑπάρχοντά
1158 2665 1296 2706 σου.
1314 2651 1469 2706 Ἰδοὺ
1489 2653 1543 2705 οἱ
1564 2651 1859 2720 ὀφθαλμοί
1878 2651 2045 2718 ὑμῶν

456 2735 787 2800 βλέπουσι,
810 2734 906 2788 καί
947 2735 1001 2788 οἱ
1038 2734 1329 2803 ὀφθαλμοί
1352 2735 1634 2802 Βενιαμὶν
1653 2733 1758 2788 τοῦ
1777 2733 2042 2800 ἀδελφοῦ

457 2807 598 2888 μου,
623 2817 774 2890 [619]
797 2817 887 2870 ὅτι
906 2817 972 2871 τὸ
992 2818 1185 2886 στόμα
1199 2835 1318 2887 μου
1339 2817 1404 2892 τὸ
1423 2817 1659 2871 λαλοῦν
1690 2817 1838 2884 πρὸς
1865 2815 2041 2886 ὑμᾶς.

475 2901 888 2970 Ἀπαγγείλατε
923 2899 1002 2966 τῷ
1033 2901 1214 2968 πατρί
1226 2917 1346 2969 μου
1365 2898 1573 2954 πᾶσαν
1592 2900 1706 2967 τὴν
1723 2899 1911 2964 δόξαν
1924 2918 2044 2970 μου

462 2984 578 3052 τὴν
608 2986 679 3038 ὲν
715 2984 1006 3053 Αἰγύπτῳ,
1030 2983 1128 3035 καί
1161 2983 1279 3038 ὅσα
1310 2983 1520 3044 ειδετε,
1542 2983 1639 3036 καί
1676 2985 2045 3052 ταχύναντες

463 3065 819 3137 καταγάγετε
836 3068 1040 3120 αὐτόν.
1056 3065 1241 3118 Ταῦτα
1262 3065 1474 3120 ἅπαντα
1491 3066 1808 3137 διαλεχθεὶς,
1830 3067 1923 3120 καὶ
1943 3067 2042 3138 ἀρ-

463 3150 702 3213 κούντως
735 3149 930 3212 αὐτοὺς
959 3148 1523 3220 παραμυθησάμενος,
1546 3149 1642 3203 καὶ
1672 3149 2046 3219 ἐντειλάμενος

465 3234 640 3288 είπεῖν
673 3233 740 3285 τά
776 3233 904 3302 παρ’
924 3222 1090 3285 αὐτοῦ
1116 3230 1195 3302 τῷ
1214 3232 1404 3301 πατρὶ,
1424 3233 1520 3285 καὶ
1537 3231 1746 3301 ταχέως
1765 3231 1928 3284 αὐτὸν
1948 3234 2046 3284 ἐπε-

465 3317 782 3383 αναγαγεῖν,
799 3313 1131 3368 Ἐπιπεσὼν
1148 3313 1247 3366 ἐπὶ
1267 3314 1376 3367 τὸν
1394 3312 1698 3382 τράχηλον
1715 3315 1820 3368 τοῦ
1842 3317 2046 3367 Βενια-

461 3399 572 3467 μὶν
587 3399 892 3469 ἔκλαυσεν
911 3397 1147 3467 (ἐκεῖνος
1165 3393 1274 3465 γὰρ
1291 3389 1360 3465 ἦν
1379 3395 1526 3466 αὐτῷ
1544 3396 1917 3466 ὁμομήτριος),
1941 3397 2045 3450 κά-

469 3480 666 3546 κεῖνος
684 3479 870 3534 πάλιν
887 3481 1192 3534 ἔκλαυσεν
1208 3478 1300 3530 ἐπ’
1319 3475 1480 3541 αὺτῷ
1499 3496 1514 3510 ’
1551 3479 1650 3532 καί
1680 3480 2048 3547 κατεφίλησε

470 3563 701 3628 πάντας
734 3561 877 3625 τοὺς
911 3559 1214 3629 ἀδελφοὺς
1251 3558 1461 3622 αὑτοῦ,
1484 3558 1580 3614 καὶ
1616 3561 1923 3614 ἔκλαυσεν
1954 3561 2049 3614 ἐπ’

469 3644 694 3710 αὐτοῖς.
717 3643 827 3696 Καὶ
859 3642 977 3695 τότε
1016 3641 1158 3712 μετά
1188 3641 1286 3712 τὴν
1317 3639 1588 3712 τοσαύτην
1619 3641 1848 3706 διάλεξιν
1869 3643 2050 3696 καὶτὰ

470 3728 679 3798 δάκρυα
701 3727 796 3779 καὶ
815 3725 914 3779 τὴν
936 3742 1000 3777 συ
1007 3718 1267 3795 μϐουλὴν,
1284 3724 1350 3795 ήν
1373 3723 1506 3794 πρὸς
1525 3723 1720 3787 αὐτοὺς
1735 3724 2048 3796 ἐποιήσατο,

473 3809 626 3880 μόλις
660 3807 1001 3880 ἠδυνήθησαν
1035 3805 1262 3878 λαλῆσαι
1299 3805 1436 3877 πρὸς
1473 3805 1654 3860 αὐτόν.
1677 3798 1835 3860 Μετὰ
1866 3807 2052 3861 ταῦτα

472 3893 602 3962 γὰρ,
623 3894 807 3964 φησὶν,
840 3891 1160 3958 ἐλάλησαν
1197 3889 1346 3957 πρὸς
1381 3888 1587 3944 αὐτόν.
1634 3889 1824 3944 Ταῦτα
1859 3890 1927 3944 δὲ
1961 3892 2050 3945 δι-

471 3975 686 4042 εϐοήθη
706 3977 793 4041 εἰς
810 3974 920 4027 τὸν
937 3969 1105 4028 οἷκον
1124 3971 1352 4041 Φαραὼ,
1370 3972 1468 4025 καί
1485 3971 1694 4041 ἐχάρη,
1713 3971 1810 4026 καί
1830 3973 2052 4040 πάντες

473 4063 528 4114 οἱ
546 4061 616 4113 ἐν
635 4058 715 4125 τῷ
733 4059 895 4123 οικῳ.
913 4057 1326 4129 Ἐχαροποίησε,
1349 4055 1505 4126 φησὶ,
1526 4057 1736 4119 πάντας
1766 4059 1795 4110 ό
1815 4057 2054 4126 ἀναγνω-

477 4142 669 4214 ρισμὺς
695 4140 805 4194 τῶν
839 4139 1080 4208 ἀδελφῶν
1110 4138 1206 4192 τοῦ
1239 4139 1455 4209 Ἰωσήφ.
1489 4137 1599 4192 Kal
1627 4134 1778 4200 εἷπε,
1815 4141 1998 4208 φησὶν,
2019 4144 2054 4195 ό

467 4223 768 4290 ,ϐασιλεὺς
803 4221 884 4288 τῷ
913 4221 1125 4291 Ἰωσήφ
1144 4237 1158 4250 ’
1182 4219 1372 4274 Είπὸν
1390 4219 1514 4287 τοῖς
1535 4220 1820 4291 ἀδελφοῖς
1851 4239 1968 4277 σου
1985 4223 2014 4264 δ
2034 4239 2050 4255 ο

481 4306 662 4361 Τοῦτο
694 4305 985 4373 ποιήσατε
1002 4319 1016 4332 σ
1054 4303 1337 4372 γεμίσατε
1354 4302 1426 4357 τὰ
1443 4301 1652 4370 φορεῖα
1669 4300 1838 4373 ὑμῶν
1855 4304 2054 4374 σίτου,

476 4389 575 4444 καὶ
595 4389 906 4443 ἀπέλθετε.
926 4387 1035 4440 Kal
1055 4385 1462 4450 ἀναλαϐόντες
1497 4384 1604 4440 τὸν
1633 4384 1861 4455 πατέρα
1889 4388 2058 4458 ὑμῶν

477 4473 662 4541 ἦκατε
679 4471 830 4540 πρός
843 4487 938 4540 με,
960 4469 1060 4524 καὶ
1077 4467 1248 4522 δώσω
1266 4470 1409 4538 ὑμῖν
1424 4467 1668 4524 πάντων
1684 4469 1803 4524 τῶν
1820 4471 2058 4542 ἀγαθῶν

365 4587 368 4596 ε
477 4556 806 4626 Αἰγύπτου·
847 4552 928 4608 σὺ
971 4551 1038 4606 δέ
1073 4552 1334 4606 έντειλαι
1366 4549 1576 4614 ταῦτα.
1595 4553 1805 4607 λαϐεῖν
1836 4551 2059 4621 αὐτοὺς

477 4638 712 4708 ἀμάξας
747 4636 870 4704 τοῖς
903 4635 1162 4700 παιδίοις
1197 4633 1297 4688 καί
1332 4633 1461 4700 ταῖς
1495 4635 1944 4708 τνναιξίν.’ορα
1964 4636 2059 4690 καὶ

477 4723 568 4775 τὸν
601 4719 842 4790 βασιλέα,
864 4719 981 4782 πῶς
1013 4718 1112 4790 ήδη
1153 4717 1429 4790 φροντίζει
1462 4716 1591 4789 περὶ
1623 4717 1718 4787 τῆς
1736 4717 1831 4772 τοῦ
1861 4717 2057 4773 Ἰακὼϐ

479 4804 761 4858 ἐπανόδου.
784 4801 890 4856 Kal
909 4802 1339 4866 ἀναλαϐόντες,
1358 4817 1431 4870 φη
1439 4798 1510 4864 σῖ,
1529 4799 1636 4852 τὸν
1649 4798 1871 4868 πατέρα
1892 4799 2059 4869 ὑμῶν

478 4885 902 4958 παραγίνεσθε,
915 4883 1010 4958 καὶ
1029 4882 1114 4952 μὴ
1132 4884 1427 4953 φείσησθε
1448 4879 1572 4947 τοῖς
1593 4881 1918 4951 ὀφθαλμοῖς
1938 4881 2059 4936 τῶν

477 4966 716 5022 σκευῶν
742 4965 928 5034 ὑμῶν.
947 4957 1151 5020 Πάντα
1172 4964 1281 5036 γὰρ
1299 4964 1372 5018 τά
1389 4963 1579 5034 ἀγαθά
1595 4965 1897 5034 Αἰγύπτου
1918 4965 2060 5034 ὑμῖν

479 5052 672 5106 ἔσται.
699 5047 1114 5114 Ἐποίησανδὲ
1133 5048 1320 5113 οὕτως
1343 5051 1399 5100 οἱ
1415 5049 1532 5102 υίοί
1566 5047 1822 5117 Ἰσραήλ.
1843 5049 2059 5106 Ἔδωκε

479 5133 550 5186 δε
581 5133 792 5200 Ἰωσὴφ
827 5129 1032 5194 αὐτοῖς
1067 5129 1302 5198 ἀμάξας
1336 5128 1488 5186 κατὰ
1522 5131 1625 5196 τὰς
1664 5131 1917 5199 ἐντολὰς
1951 5133 2058 5188 τοῦ

472 5214 781 5280 ,ϐασιλέως
801 5229 814 5245 ο
842 5210 942 5266 καί
966 5209 1118 5267 πᾶσι
1127 5211 1245 5281 μὲν
1262 5207 1447 5266 ἔδωκε
1470 5211 1692 5279 δισσὰς
1712 5215 1960 5281 στολὰς,
1979 5213 2059 5280 τῷ

481 5298 549 5351 δὲ
591 5295 874 5365 Βενιαμὶν
931 5293 1114 5349 έδωκε
1164 5294 1546 5362 τριακοσίους
1601 5297 1871 5364 χρυσοῦς
1889 5337 1904 5360 ,
1959 5297 2057 5352 καί

481 5381 660 5436 πέντε
691 5377 1204 5444 ἑξαλλασσούσας
1233 5377 1481 5442 στολὰς,
1507 5377 1605 5432 καί
1639 5376 1720 5444 τῷ
1750 5380 1925 5448 πατρί
1955 5382 2061 5434 αύ-

479 5466 586 5520 τοῦ
622 5463 980 5520 ἀπέστειλεν
1004 5461 1237 5531 ὁμοίως,
1278 5461 1378 5515 καὶ
1406 5459 1553 5514 δέκα
1576 5460 1756 5527 ὄνους
1777 5466 2060 5532 αιροντας

467 5539 596 5602 ἀπὸ
627 5546 744 5600 τῶν
771 5544 1008 5616 ἀγαθῶν
1025 5546 1346 5618 Αἰγύπτου,
1372 5543 1472 5600 καὶ
1497 5544 1643 5600 δέκα
1660 5546 1948 5615 ἡμιόνους
1969 5548 2061 5602 ατ-

542 5691 568 5718 ⁸
581 5688 778 5748 Aliquot
799 5702 913 5762 m'ss.
925 5690 1188 5762 λογίζομαι,
1200 5691 1270 5750 τῷ
1289 5689 1367 5736 διὰ
1375 5689 1460 5745 τήν
1476 5685 1558 5762 ἐπὶ
1575 5687 1911 5762 τοῦῂτιαρόντος
1921 5691 2058 5762 δόξαν

481 5765 562 5810 μοι
571 5750 938 5854 προσΐνομὲνην
949 5749 1103 5819 ἐκεῖνα
1110 5749 1263 5798 πάντα
1274 5749 1947 5811 συγχωρήσαντμΣπεῦσαντες
1955 5751 2052 5802 οὖν.

483 5871 525 5873 __
544 5811 571 5849 δ
593 5810 695 5873 ιιξίε
717 5815 842 5873 ομιτ
862 5810 1048 5873 αὐτου.
1075 5810 1432 5873 Βθιοτὶρεὶῐηρε
1463 5825 1571 5873 σου,
1609 5811 1742 5871 quod
1773 5812 2055 5873 conjecerat

483 5868 654 5920 lonu'.
678 5872 732 5916 ει
751 5867 898 5918 Colsl.
927 5874 980 5918 et
1001 5883 1154 5934 marg.
1184 5867 1334 5922 Sa‘vil.
1359 5869 1498 5923 Eon.

2122 510 2310 566 ταῦτα
2343 511 2580 566 ἅπαντα
2613 510 2759 576 δοὺς
2791 510 3185 575 ἐξαπέστειλε
3219 511 3363 577 τοὺς
3397 511 3704 580 ἀδελφοὺς

2122 592 2330 657 αὐτοῦ,
2369 592 2468 646 καί
2502 593 2921 661 ἐπορεύθησαν
2943 609 2958 625 ο
2995 594 3095 647 καὶ
3130 589 3302 647 εἶπεν
3336 593 3568 659 αὐτοῖς’
3605 595 3703 659 Μὴ

2124 675 2423 744 ὀργίζεσθε
2439 676 2509 728 ἐν
2525 675 2600 743 τῇ
2619 675 2757 740 όδῷ.
2782 677 2923 745 Ὅρα
2940 675 3165 746 γνώμην
3185 676 3493 746 φιλόσοφον.
3517 676 3592 727 Οὐ
3616 675 3708 745 μό-

2123 776 2214 812 νον
2244 759 2405 823 αὐτδς
2435 761 2615 813 πᾶσαν
2640 759 2826 821 αὐτοῖς
2844 760 3023 830 ἀφῆκε
3043 758 3140 829 τὴν
3159 759 3348 830 ὀργὴν,
3372 757 3594 811 καὶτῶν
3612 759 3705 822 ἐγ-

2125 841 2420 912 κλημάτων
2439 841 2635 904 αὐτοὺς
2654 841 2984 912 ἀπήλλαξεν,
3007 841 3144 895 ἀλλά
3175 842 3269 895 καὶ
3304 842 3488 904 αὐτοῖς
3506 852 3706 913 παραι-

2125 927 2226 991 νεῖ,
2249 924 2324 995 μὴ
2342 924 2654 993 ὀργίζεσθαι
2674 925 2812 979 κατά
2833 925 2930 996 τὴν
2949 925 3087 988 ὁδὸν,
3114 925 3248 996 μηδέ
3270 924 3408 994 ὑπὲρ
3427 923 3534 977 τῶν
3554 939 3706 991 γεγε-

2126 1007 2374 1079 νημένων
2392 1006 2643 1076 ἀλλήλοις
2672 1007 2944 1075 ἐγκαλεῖν.
2968 1010 3030 1063 Εἰ
3050 1008 3160 1081 γὰρ
3180 1006 3343 1078 ἡνίκα
3362 1006 3705 1074 είστήκεισαν

2126 1087 2321 1159 πρώην
2351 1089 2442 1141 ἐπὶ
2479 1087 2574 1142 τοῦ
2609 1089 2825 1159 Ἰωσὴφ,
2847 1088 3032 1158 ελεγον
3054 1089 3189 1160 πρὸς
3208 1087 3458 1150 ἑαυτούς’
3481 1085 3614 1151 Ναὶ,
3637 1086 3706 1139 ἐν

2126 1171 2434 1240 ἁμαρτίαις
2468 1170 2656 1239 ἐσμὲν
2689 1171 2823 1239 περὶ
2861 1171 2968 1226 τοῦ
3001 1170 3222 1240 Ἰωσὴφ
3244 1212 3260 1232 .
3298 1170 3404 1224 τοῦ
3441 1167 3708 1236 ἀδελφοῦ

2127 1253 2317 1322 ἡμῶν,
2339 1253 2428 1306 ὅτι
2448 1253 2840 1323 ὑπερείδομεν
2856 1255 3043 1308 αὐτοῦ
3061 1253 3177 1322 τὴν
3197 1253 3409 1320 θλίψιν
3425 1269 3438 1282 ·
3461 1252 3556 1304 καὶ
3588 1252 3709 1304 ἐπι-

2132 1336 2263 1400 στὰς
2291 1339 2320 1389 ό
2348 1336 2572 1407 Ῥουϐὴν
2594 1337 2776 1405 ἐλεγεν
2799 1355 2813 1368 ⁸
2840 1340 2960 1391 Οὐκ
2980 1332 3151 1390 εἷπον
3172 1336 3316 1406 ὑμῖν
3333 1352 3348 1367 ο
3388 1336 3484 1402 Μὴ
3504 1332 3709 1399 ἀδική-

2131 1434 2281 1486 σητε
2299 1419 2366 1472 τὸ
2384 1419 2716 1486 παιδάριον,
2738 1420 2834 1472 καὶ
2855 1421 2966 1473 οὐκ
2985 1416 3388 1485 είσηκούσατέ
3399 1435 3518 1485 μου
3537 1431 3556 1478 ;
3579 1415 3709 1467 πολ-

2132 1499 2210 1568 λῷ
2234 1499 2431 1570 μᾶλλον
2451 1501 2594 1564 εἰκὸς
2614 1496 2682 1570 ἦν
2700 1501 2862 1554 αὐτὸν
2885 1499 3368 1565 κατεξανίστασθαι
3384 1497 3583 1553 αὐτῶν.
3603 1497 3711 1551 Καὶ

2133 1583 2222 1636 διὰ
2237 1582 2394 1635 τοῦτο
2414 1583 2790 1636 καταστέλλων
2808 1584 2988 1637 αὐτῶν
3005 1583 3096 1638 τὸν
3118 1583 3307 1653 θυμὸν,
3328 1582 3423 1636 καὶ
3457 1581 3557 1651 τὴν
3579 1579 3710 1649 πρὸς

2134 1664 2396 1735 ἀλλήλους
2415 1665 2767 1733 φιλονεικίαν,
2787 1667 2918 1736 φησί
2934 1683 2946 1696 ·
2967 1669 3024 1719 Μ
3028 1665 3062 1732 ἠ
3081 1663 3376 1733 ὀργίζεσθε
3390 1663 3460 1716 ὲν
3477 1661 3553 1730 τῇ
3572 1659 3707 1726 ὸδῷο

2135 1746 2251 1800 ἀλλ’
2269 1748 2619 1818 ἐννοήσαντες
2653 1748 2734 1800 ὅτι
2770 1748 3025 1818 οὐδεμίαν
3062 1748 3189 1817 ὑμῖν
3225 1746 3401 1800 αἰτίαν
3433 1746 3711 1814 ἐπήγαγον

2136 1831 2279 1900 ὑπὲρ
2313 1828 2422 1882 τῶν
2458 1831 2538 1893 εἰς
2570 1831 2669 1899 ἐμὲ
2689 1829 3089 1901 γεγενημένων,
3110 1830 3205 1884 καὶ
3223 1828 3378 1884 αὐτοὶ
3397 1827 3533 1900 πρὸς
3552 1826 3712 1898 ἀλλή-

2137 1913 2262 1975 λους
2282 1910 2539 1974 εὐνοϊκῶς
2555 1911 2859 1982 διατέθητε.

2207 1995 2304 2058 Τίς
2325 1993 2390 2047 ἂν
2410 1995 2528 2047 κατ’
2546 1993 2700 2058 ἀξίαν
2719 1997 2815 2064 τήν
2833 1993 3032 2064 ἀρετὴν
3050 1991 3141 2047 τοῦ
3159 1991 3368 2046 δικαίου
3382 1990 3572 2044 τούτου
3590 1989 3714 2044 θαυ-

2142 2077 2385 2150 μάσειεν,
2404 2077 2464 2140 ὃς
2498 2077 2599 2147 τὴν
2635 2079 2694 2131 ἐν
2725 2081 2790 2148 τῇ
2821 2079 2997 2148 Καινῇ
3019 2077 3334 2146 φιλοσοφίαν
3357 2074 3494 2144 μετά
3513 2073 3713 2143 πολλῆς

2139 2161 2240 2231 τῆς
2257 2160 2533 2230 δαψιλείας
2551 2160 2915 2231 άπεπλήρωσε
2936 2175 2950 2190 °
2973 2161 3066 2215 καὶ
3085 2161 3222 2232 ὅπερ
3257 2162 3287 2214 ό
3325 2157 3558 2228 Χριστὸς
3575 2172 3715 2226 παρ-

2141 2245 2280 2297 αινεῖ
2296 2243 2470 2312 λέγων
2486 2245 2596 2306 τοῖς
2617 2243 2933 2307 ἀποστόλοις
2950 2258 2964 2272 ·
3003 2240 3282 2311 Ἄγαπᾶτε
3298 2241 3442 2306 τοὺς
3464 2237 3716 2308 ἐχθροὺς

2141 2327 2328 2395 ὑμῶν,
2346 2325 2598 2393 εὔχεσθε
2629 2324 2782 2394 ὑπὲρ
2800 2324 2918 2378 τῶν
2936 2323 3376 2392 ἐπηρεαζόντων
3396 2321 3575 2390 ὑμᾶς.
3595 2318 3711 2374 τοῦ-

2139 2425 2204 2462 το
2223 2406 2376 2479 [620]
2396 2400 2551 2469 οὗτος
2587 2408 2682 2460 καὶ
2711 2405 2897 2476 ,πολλῷ
2933 2407 3093 2460 πλέον
3129 2405 3381 2475 ἐποίησεν
3403 2421 3418 2469 ;
3438 2403 3572 2458 Οὐδὲ
3607 2401 3718 2474 γὰρ

2141 2492 2306 2562 ⁴μόνον
2343 2490 2606 2561 τοσαύτην
2647 2492 2865 2560 ἀγάπην
2887 2489 3194 2554 ἐπεδείξατο
3212 2489 3342 2560 περὶ
3359 2488 3482 2550 τούς
3500 2483 3714 2539 ἀνελόνσ-

2141 2591 2241 2638 τας
2279 2573 2460 2637 αὐτὸν,
2481 2572 2543 2625 τό
2579 2589 2644 2641 γε
2683 2574 2763 2636 είς
2800 2573 2995 2636 αὐτοὺς
3025 2569 3180 2644 ἧκον,
3201 2571 3338 2624 ἀλλά
3357 2569 3532 2623 πάντα
3552 2567 3714 2631 ποιεῖ,

2144 2654 2285 2709 ὥστε
2319 2655 2523 2718 διδάξαι
2545 2655 2764 2718 αὐτοὺς,
2783 2656 2866 2708 ὅτι
2885 2655 3003 2708 οὐδὲ
3023 2654 3269 2726 ἥμαρτόν
3287 2667 3338 2706 τι
3357 2655 3436 2716 εἰς
3466 2649 3719 2704 αὐτόν.’Ὡ

2145 2737 2459 2808 φιλοσοφίας
2491 2737 2789 2808 ύπερϐολήί
2812 2735 2858 2789 ῶ
2888 2736 3306 2806 εὐγνωμοσύνης
3338 2735 3604 2795 ἐπίτασις,
3626 2729 3720 2784 καὶ

2143 2822 2240 2892 τῆς
2263 2821 2398 2889 πρὸς
2416 2820 2547 2873 Θεὸν
2567 2819 2786 2888 ἀγάπης
2803 2819 3070 2888 δαψίλειαί
3096 2819 3186 2888 Μὴ
3206 2818 3314 2888 γάρ
3335 2819 3510 2888 ὑμεῖς,
3532 2815 3719 2885 φησὶν,

2145 2905 2224 2966 είς
2245 2902 2344 2973 ἐμὲ
2364 2900 2536 2956 ταῦτα
2554 2901 2916 2972 διεπράξασθε
2936 2917 2952 2966 ;
2985 2901 3047 2953 Ἡ
3077 2900 3170 2952 τοῦ
3191 2899 3324 2953 Θεοῦ
3358 2900 3485 2970 περὶ
3504 2896 3602 2968 ἐμὲ
3621 2913 3721 2966 κη-

2145 2985 2368 3057 δεμονία
2402 2982 2574 3037 ταῦτα
2610 2983 2861 3052 γενέσθαι
2904 2984 3300 3054 συνεχώρησεν,
3341 2982 3431 3035 ῖνα
3466 2981 3560 3034 καὶ
3597 2977 3722 3050 ἐμοὶ

2145 3070 2254 3124 τῶν
2271 3067 2560 3139 ὀνειράτων
2597 3065 2696 3138 τὴν
2734 3066 2956 3121 ἔκϐασιν
2979 3069 3346 3138 παράσχηται.
3368 3065 3462 3118 καὶ
3482 3066 3606 3134 ὑμῖν
3625 3063 3723 3132 ἀρ-

2147 3150 2319 3206 κοῦσα
2341 3149 2612 3220 σωτηρίας
2631 3149 2886 3214 ὑπόθεσις
2905 3149 3250 3219 γένωμαι.Τδ
3270 3151 3327 3202 ἐν
3347 3147 3587 3218 θλίψεσιν
3605 3141 3720 3208 οῦν,

2145 3234 2181 3306 ἢ
2222 3235 2544 3304 πειρασμοῖς
2581 3230 2834 3300 γενέσθαι
2851 3242 2900 3296 ε,
2923 3233 3123 3303 πολλῆς
3160 3232 3259 3297 τῆς
3299 3232 3425 3299 περὶ
3463 3230 3609 3299 ήμᾶς
3627 3225 3723 3280 τοῦ

2147 3313 2528 3386 φιλανθρώπου
2549 3314 2683 3368 Θεοῦ
2707 3315 3030 3384 κηδεμονίας
3071 3315 3165 3368 καὶ
3193 3314 3446 3385 προνοίας
3483 3312 3600 3364 ἐστὶ
3635 3327 3727 3362 τε-

2147 3399 2402 3468 κμήριον.
2429 3397 2521 3466 Μὴ
2558 3398 2735 3450 τοίνυν
2773 3400 2838 3450 ἐκ
2857 3397 3057 3459 παντὸς
3090 3397 3292 3468 τρόπου
3310 3393 3408 3466 τὴν
3427 3394 3608 3448 ἄνεσιν
3629 3391 3726 3446 καὶΙ

2147 3480 2246 3551 τὴν
2269 3480 2451 3535 ἄδειαν
2473 3480 2841 3550 ἐπιζητῶμεν,
2863 3480 2997 3534 ἀλλά
3015 3481 3108 3534 καί⁵
3145 3481 3203 3532 ἐν
3237 3479 3423 3533 ἀνέσει
3441 3476 3730 3546 τυγχάνονο

2147 3553 2263 3627 τες,
2284 3563 2378 3616 καὶ
2404 3565 2463 3616 ἐν
2499 3563 2707 3633 θλίψεσι
2727 3563 3021 3632 γινόμενοι,
3042 3561 3241 3632 δμοίως
3259 3561 3359 3632 τὴν
3377 3558 3726 3630 εὐχαριστίαν

2149 3644 2566 3714 ἀναπέμπωμεν
2615 3645 2694 3715 τῷ
2731 3645 2976 3717 Δεσπότη
2997 3687 3016 3708 ,
3053 3645 3140 3698 ἴνα
3175 3642 3273 3714 τὴν
3309 3638 3728 3712 εὐγνωμοσύνην

2151 3726 2503 3796 θεασάμενος,
2525 3726 2911 3798 δαψιλεστέραν
2947 3729 3046 3798 τὴν
3079 3727 3207 3797 περὶ
3227 3726 3372 3796 ἡμᾶς
3393 3722 3726 3794 ἐπιδείξηται

2151 3807 2473 3878 κηδεμονίαν
2489 3823 2504 3838 ο
2522 3803 2589 3880 ἦς
2608 3810 2816 3878 γένοιτο
2834 3809 3043 3874 πάντας
3062 3810 3096 3879 ή
3103 3810 3210 3879 μᾶς
3228 3807 3522 3876 ἐπιτυχεῖν,
3542 3807 3727 3876 χάριτι

2153 3892 2248 3944 καὶ
2283 3889 2659 3963 φιλανθρωπία
2695 3893 2788 3946 τοῦ
2825 3893 3031 3964 Κυρίου
3066 3891 3224 3962 ήμῶν
3256 3889 3429 3960 Ἰησοῦ
3465 3884 3727 3959 Χριστοῦ,

2156 3974 2275 4045 μεθ’
2292 3969 2354 4028 οῦ
2372 3974 2449 4044 τῷ
2470 3975 2662 4045 Πατρὶ.
2684 3975 2802 4045 ἅμα
2827 3974 2904 4044 τῷ
2939 3974 3078 4045 ἀγίῳ
3099 3972 3395 4043 Πνεύματι,
3417 3970 3566 4035 δόξα,
3587 3968 3728 4040 κρά-

2152 4075 2265 4123 τος,
2281 4075 2333 4111 τι
2341 4057 2436 4131 μὴ,
2455 4055 2548 4112 νῦν
2569 4058 2658 4112 καὶ
2678 4059 2785 4127 ἀεὶ,
2803 4058 2896 4113 καὶ
2912 4059 2988 4122 είς
3004 4057 3132 4122 τοὺς
3152 4055 3352 4120 αίῶνας
3369 4053 3476 4109 τῶν
3493 4053 3726 4109 αἰώνων.

2167 4140 2360 4212 ’Δμήν.
2631 4216 2634 4220 ,

2744 4223 2991 4278 OMIAIA
3031 4220 3151 4278 EE'.

2156 4311 2270 4367 Kal
2305 4312 2647 4377 ἀνέϐησαν,
2681 4307 2844 4377 φησὶν
2867 4348 2883 4371 ,
2924 4305 2996 4377 ἐξ
3021 4306 3350 4377 Αἰγύπτου,
3403 4296 3730 4377 καίΑῆλθον

2225 4384 2313 4462 είς
2327 4381 2443 4450 τὴν
2461 4371 2803 4462 Χαναναίαν
2813 4375 2995 4462 ῼπρὸςῗ
3013 4371 3353 4462 ςιαεὶὼϐιτὸν
3368 4371 3603 4462 πατέᾶ
3613 4373 3730 4462 ἀεῖ

2227 4441 2366 4516 τῶν,
2385 4441 2510 4505 ’καὶ
2549 4441 2916 4520 ἀνήγγειλάν
2959 4442 3152 4520 αὑτῷ,-
3197 4443 3498 4520 λέγοντες,
3535 4441 3626 4493 ὅτι

2225 4511 2494 4594 υιόξσου
2525 4511 2754 4594 ἰφςέὴε
2773 4515 2862 4594 id.
2879 4513 2978 4568 καί
3001 4511 3384 4594 ,ιεῠτρςἀρλιεέ
3400 4511 3603 4594 πάσης
3618 4511 3732 4594 τῆς

2227 4582 2553 4660 Αίγύπτου.
2584 4582 2949 4660 Καίήέξέστῃ
3001 4583 3216 4640 Ἰακὼϐ
3241 4582 3314 4651 τῇ
3346 4582 3612 4648 διανοίαθ
3654 4582 3729 4634 οὐ

2227 4652 2340 4731 τῷ
2356 4660 2721 4716 ἐπίστευσεν
2755 4652 2984 4720 αὐτοῖς.

2227 4769 2297 4818 α’.
2314 4761 2500 4817 Είδετε
2534 4761 2598 4814 ἐκ
2635 4758 2744 4812 τῶν
2769 4755 2897 4826 χθὲς
2915 4755 3048 4827 ἡμῖν
3071 4754 3377 4827 εἰρημένων
3400 4752 3496 4808 τοῦ
3533 4751 3732 4824 Ἰωσὴφ

2155 4847 2257 4918 τὴν
2288 4843 2604 4916 φιλοσοφίαν
2637 4842 2731 4895 καὶ
2751 4839 2850 4910 τὴν
2881 4839 3088 4908 ἄφατον
3121 4836 3473 4904 ἀνεξικακίαν
3506 4837 3575 4907 ἢν
3603 4836 3733 4908 περὶ

2158 4931 2284 4994 τοὺς
2313 4927 2507 4982 ἐαυτοῦ
2534 4925 2797 4993 ἀδελφοὺς
2819 4921 3149 4986 ἐπεδείξατο,
3181 4920 3244 4975 οὐ
3279 4921 3438 4991 μόνον
3474 4919 3732 4990 οὐδεμίαν

2162 5013 2386 5084 μνήμην
2440 5010 2550 5063 τῶν
2594 5010 2673 5071 εἰς
2721 5005 2884 5060 αὐτὸν
2914 5004 3296 5075 γεγενημένων
3342 5004 3730 5074 ποιησάμενος,

2159 5095 2297 5151 ἀλλά
2321 5095 2413 5148 καὶ
2439 5094 2622 5156 αὐτοῖς
2646 5089 2930 5162 μέλλουσιν
2946 5087 3223 5141 ἐπανιέναι
3240 5085 3378 5156 πρὸς
3391 5085 3483 5140 τὸν
3499 5084 3730 5156 πατέρα,

2159 5179 2316 5233 τοῦτο
2369 5176 2502 5230 αὐτὸ
2550 5171 2886 5244 παραινέσας
2935 5169 3029 5224 καὶ
3068 5167 3376 5240 συμϐουλὴν
3404 5167 3730 5237 εἰσαγαγὼν,

2160 5259 2300 5314 ὥστε
2329 5259 2402 5330 μὴ
2432 5256 2691 5328 ἀλλήλους
2723 5253 2999 5308 αἰτιᾶσθαι
3031 5251 3173 5322 ὐπέρ
3208 5250 3319 5304 τῶν
3342 5250 3423 5314 εἰς
3445 5250 3606 5304 αὐτὸν
3634 5251 3732 5304 αὐ-

2157 5345 2271 5406 τοῖς
2303 5339 2712 5412 εἰργασμένων,
2744 5334 2881 5389 ἀλλὰ
2924 5335 3105 5388 πᾶσαν
3137 5333 3308 5404 ὀργὴν
3352 5331 3734 5393 ἀπελάσαντας

2164 5425 2301 5494 μετά
2320 5421 2574 5494 ὁμονοίας
2592 5419 2690 5490 τὴν
2702 5416 3011 5488 ὁδοιπορίαν
3023 5415 3314 5470 ποιεῖσθαι.
3339 5416 3658 5482 Ἀναγκαῖον
3674 5413 3733 5467 δέ

2159 5507 2342 5560 λοιπὸν
2363 5507 2599 5576 σήμερον
2616 5501 2686 5555 τά
2711 5501 2836 5570 ἑξῆς
2861 5498 3279 5570 ἀποπληρῶσαι,
3300 5497 3388 5550 ῖνα
3411 5497 3608 5568 ἴδωμεν
3638 5494 3734 5550 καὶ

2159 5590 2260 5660 τὴν
2286 5589 2493 5641 τούτων
2528 5585 2791 5639 ἐπάνοδον
2815 5584 2915 5652 τὴν
2947 5581 3088 5653 πρὸς
3115 5581 3211 5635 τὸν
3243 5579 3480 5652 πατέρα,
3507 5581 3602 5636 καὶ
3635 5577 3733 5632 τοῦ

2173 5670 2369 5726 Ἰακὼϐ
2405 5669 2504 5738 τὴν
2536 5670 2616 5730 εἰς
2644 5665 2920 5735 Δίγυπτον
2955 5661 3211 5718 κάθοδονο
3234 5661 3330 5716 καὶ
3370 5661 3520 5725 ὅπως
3571 5660 3735 5715 αὐτὸν

2216 5810 2239 5838 ε
2300 5808 2383 5856 Sic
2426 5804 2636 5854 maxima
2676 5767 2939 5864 ρει-8111188.
2984 5799 3116 5850 Editi
3159 5799 3436 5864 πειρασμοῖς
3473 5796 3742 5864 περιπαρε-

2159 5873 2288 5932 com,
2306 5881 2418 5932 qua
2441 5866 2593 5916 laeuo
2614 5859 2783 5915 γὶίίιιε
2800 5861 2908 5923 fuit,
2933 5869 2987 5913 ut
3008 5869 3147 5915 reue
3171 5859 3448 5922 ωέριωω
3473 5868 3552 5938 εει
3577 5859 3730 5908 SaﬂL
