4146 6260
456 282 563 339 557

455 396 733 466 ingressus
749 397 802 453 in
830 398 1139 471 Egyptum,
1163 400 1258 457 sed
1282 402 1447 458 Deum
1475 403 1576 460 hoc
1604 406 1813 475 fecisse,
1834 418 1891 465 ut
1912 410 2025 479 ipse

455 487 507 541 in
536 488 670 540 hanc
686 488 891 542 veniret
908 486 1151 558 gloriam.
1176 491 1335 559 Deus,
1354 492 1545 563 inquit,
1567 496 1699 570 misit
1722 514 1818 565 me,
1847 510 1894 565 et
1913 499 2031 570 fecit

456 593 531 629 me
555 577 699 645 quasi
728 587 919 647 patrem
954 578 1241 636 Pharaonis
1262 623 1279 649 ,
1310 591 1359 635 et
1383 569 1644 638 dominum
1672 588 1822 641 totius
1850 569 2029 644 domus

454 667 614 731 illius,
636 676 683 720 et
706 669 978 739 principem
1002 672 1151 725 totius
1177 671 1415 743 zEgypti.
1445 675 1558 739 Illa,
1590 677 1775 747 inquit,
1803 682 2029 735 servitus

457 756 597 808 hunc
637 757 984 825 principatum
1024 760 1149 813 mihi
1188 761 1525 828 conciliavit,
1572 765 1658 817 illa
1702 767 1935 822 venditio
1973 770 2026 824 in

457 842 594 897 hanc
622 859 706 898 me
731 846 951 913 gloriam
979 848 1153 902 evexit
1179 889 1192 913 ,
1225 849 1312 903 illa
1340 850 1556 905 afﬂictio
1589 853 1744 923 hujus
1767 856 1898 909 mihi
1927 858 2026 929 hoe

456 935 601 987 noris
639 936 847 989 occasio
876 935 1010 1002 fuit,
1051 937 1137 990 illa
1164 938 1383 1001 invidia.
1403 941 1540 997 banc
1576 944 1703 998 mihi
1732 944 2024 1002 claritatem

455 1026 679 1093 peperit.
710 1026 833 1081 llaec
861 1042 957 1082 nos
982 1044 1088 1083 non
1112 1030 1283 1084 solum
1308 1031 1581 1087 audiamus
1601 1076 1618 1100 ,
1648 1036 1742 1091 sed
1768 1045 1820 1091 et
1848 1037 2025 1093 imite-

455 1132 572 1168 mur
597 1135 610 1171 :
638 1127 686 1170 et
717 1118 784 1170 ita
811 1118 1045 1174 solemur
1067 1135 1159 1175 eos
1181 1122 1275 1191 qui
1303 1139 1401 1178 nos
1425 1124 1681 1193 afﬂixere,
1713 1142 1818 1182 non
1850 1129 2025 1198 impu-

455 1216 626 1261 tantes
652 1210 730 1262 eis
755 1226 873 1278 qua:
904 1212 956 1265 in
984 1227 1082 1267 nos
1109 1214 1467 1282 admiserunt,
1488 1226 1543 1272 et
1564 1221 1742 1274 omnia
1766 1235 1885 1275 cum
1916 1238 2027 1276 ma-

453 1310 555 1363 gna
587 1297 813 1353 ferentes
847 1300 1235 1369 benevolentia,
1266 1304 1405 1359 sicut
1433 1307 1522 1361 ille
1553 1310 1633 1362 vir
1660 1310 2021 1367 admirandus.

454 1385 634 1455 Igitur,
668 1389 853 1458 inquit,
882 1405 1005 1445 cum
1035 1407 1344 1461 persuasum
1368 1397 1516 1451 vobis
1544 1399 1777 1462 fecerim,
1806 1416 1893 1457 me
1919 1418 2024 1456 non

452 1479 601 1533 vobis
627 1479 928 1535 adscribere
947 1496 1009 1535 ea
1031 1497 1147 1552 quae
1167 1493 1350 1539 contra
1372 1501 1457 1541 me
1482 1501 1511 1539 a
1533 1489 1683 1543 vobis
1709 1489 1843 1544 facta
1868 1500 1992 1545 sunt
2006 1532 2022 1558 ,

452 1566 544 1620 sed
576 1568 713 1635 quod
750 1568 969 1623 liberem
1000 1586 1092 1625 vos
1121 1573 1435 1628 criminibus
1468 1594 1480 1629 :
1514 1577 1624 1631 Deo
1649 1590 1825 1632 autem
1856 1588 2020 1634 totum

452 1655 700 1721 tribuam,
724 1658 814 1726 qui
836 1658 923 1711 illa
947 1661 1014 1713 ita
1038 1661 1362 1730 dispensavit
1384 1675 1438 1718 ut
1464 1676 1774 1733 praesentem
1803 1668 2025 1737 gloriam

450 1745 525 1796 sic
549 1745 912 1814 acquirerem:
936 1748 988 1802 9.
1020 1748 1145 1802 Ideo
1161 1752 1450 1821 festinantes
1471 1757 1719 1808 ascendite
1742 1757 1810 1809 ad
1831 1768 2023 1826 patrem

448 1848 611 1886 meum
635 1874 650 1898 ,
680 1844 727 1888 et
751 1836 899 1889 dicite
917 1838 961 1889 ei
984 1851 1005 1890 :
1037 1838 1159 1894 Haec
1178 1840 1299 1917 dicit
1319 1843 1456 1910 filius
1478 1855 1591 1897 tuus
1614 1845 1804 1915 Joseph
1834 1863 1855 1900 :
1882 1845 2025 1901 Fecit

447 1940 525 1975 me
543 1923 677 1977 Deus
698 1925 955 1980 dominum
971 1930 1120 1983 totius
1140 1938 1285 1984 terra:
1300 1931 1536 2002 .Egypti.
1563 1933 1819 1990 Descende
1838 1938 1903 1990 ad
1924 1954 2020 2005 me,

445 2022 493 2066 et
516 2030 577 2067 ne
603 2013 810 2082 differas
834 2034 852 2079 ;
886 2019 973 2071 10.
1001 2029 1048 2071 et
1086 2020 1331 2074 habitabis
1360 2024 1412 2076 in
1449 2032 1581 2077 terra
1608 2024 1783 2079 Gesent
1807 2067 1820 2084 .
1854 2038 1898 2080 et
1925 2029 2023 2080 eris

444 2104 587 2171 apud
608 2122 685 2157 me
710 2115 782 2172 tu,
811 2116 857 2159 et
877 2108 973 2175 filii
1004 2109 1097 2174 tui,
1128 2120 1174 2162 et
1204 2110 1299 2176 ﬁlii
1322 2111 1544 2179 ﬁliorum
1573 2125 1786 2179 tuorum,
1814 2127 1859 2168 et
1888 2132 2020 2182 oves,

445 2202 492 2246 et
524 2194 666 2247 boves
689 2236 704 2258 ,
745 2205 792 2248 et
828 2213 1150 2269 quacumque
1189 2201 1340 2255 habes
1364 2244 1380 2269 ,
1414 2204 1499 2258 11.
1530 2214 1576 2258 et
1601 2207 1736 2260 alant
1763 2219 1808 2261 te
1837 2208 2024 2279 (adhuc

445 2283 579 2333 enim
595 2284 811 2353 quinque
828 2287 974 2339 annis
995 2288 1194 2360 fames),
1215 2301 1269 2344 ut
1289 2308 1389 2346 non
1409 2293 1623 2349 delearis
1647 2306 1721 2363 tu,
1748 2307 1795 2351 et
1811 2298 1906 2366 ﬁlii
1926 2297 2019 2364 tui,

445 2381 493 2423 et
504 2374 666 2426 omnis
677 2375 949 2429 substantia
959 2385 1063 2431 tua.
1081 2379 1165 2433 12.
1182 2378 1312 2436 Ecce
1322 2384 1457 2438 oculi
1468 2386 1614 2439 vestri
1626 2388 1810 2454 vident,
1830 2399 1875 2443 et
1890 2391 2023 2449 oculi

444 2458 712 2526 Beniamin
741 2468 912 2534 fratris
940 2469 1107 2535 vestri,
1130 2471 1265 2541 quod
1289 2488 1374 2525 ore
1399 2490 1507 2527 meo
1532 2477 1666 2530 vobis
1691 2476 1891 2547 loquor.
1913 2481 2021 2535 An-

445 2555 675 2607 nuntiate
711 2557 846 2626 patri
888 2576 995 2613 meo
1033 2576 1227 2615 omnem
1254 2564 1469 2633 gloriam
1506 2584 1666 2622 meam
1705 2587 1819 2641 qua:
1855 2582 1927 2626 est
1965 2573 2020 2628 in

445 2641 675 2714 .Egypto
692 2688 706 2711 ,
733 2656 778 2700 et
806 2665 1129 2722 quwcumque
1154 2655 1346 2709 vidistis
1362 2699 1376 2721 ,
1404 2667 1454 2711 et
1476 2660 1767 2729 festinantes
1793 2662 2020 2719 deducite

442 2749 577 2789 eum.
609 2736 891 2806 Postquam
920 2740 1031 2795 haec
1069 2744 1246 2798 omnia
1273 2745 1445 2811 dixit,
1473 2756 1525 2800 et
1554 2749 1682 2804 satis
1710 2766 1801 2805 eos
1828 2768 2019 2808 conso-

441 2820 578 2877 latus
604 2832 706 2890 est,
738 2827 1147 2900 mandatumque
1165 2831 1311 2888 dedit
1330 2843 1388 2888 ut
1405 2835 1471 2889 de
1495 2837 1652 2892 rebus
1673 2848 1726 2893 et
1750 2848 1892 2896 statu
1919 2858 2017 2896 suo

442 2921 645 2982 patrem
672 2916 952 2973 certiorem
983 2921 1267 2978 redderent
1295 2965 1311 2989 ,
1339 2926 1622 2997 statimque
1652 2930 2013 3000 adducerent,

443 3004 530 3057 M.
564 3004 751 3060 Cecidit
776 3010 828 3061 in
858 3011 1043 3065 collum
1070 3013 1336 3083 Benjamin
1365 3017 1536 3087 fratris
1562 3022 1672 3083 sui,
1693 3032 1741 3076 et
1764 3024 1899 3092 ﬂevit
1926 3026 1947 3095 (
1972 3027 2016 3080 is

442 3110 669 3166 namque
689 3108 804 3153 erat
824 3102 1059 3157 uterinus
1079 3104 1286 3174 frater),
1306 3118 1351 3161 et
1369 3109 1456 3163 ille
1475 3110 1687 3165 vicissim
1712 3114 1847 3181 ﬂevit
1866 3132 2016 3185 super

441 3201 532 3249 eo;
566 3197 612 3239 et
646 3190 899 3244 osculatus
932 3203 1002 3245 est
1031 3210 1203 3249 omnes
1231 3201 1414 3267 fratres
1452 3214 1568 3253 suos
1587 3241 1602 3265 ,
1625 3211 1674 3255 et
1700 3203 1837 3271 ﬂevit
1863 3221 2015 3275 super

438 3291 541 3330 eos.
572 3278 809 3349 Denique
836 3291 953 3350 post
980 3291 1180 3338 tantum
1210 3287 1531 3359 colloquium
1555 3300 1609 3345 et
1634 3291 1894 3364 lacrymas
1915 3336 1928 3359 ,
1959 3304 2013 3350 et

437 3366 850 3423 consolationem
876 3411 891 3437 ,
920 3381 972 3425 et
1001 3374 1278 3427 consilium
1317 3377 1457 3446 quod
1487 3377 1564 3433 eis
1592 3379 1768 3448 dedit,
1796 3384 1883 3436 vix
1912 3397 2011 3451 po-

440 3464 652 3510 tuerunt
678 3472 796 3512 cum
824 3474 889 3513 eo
920 3461 1081 3530 loqui.
1111 3464 1197 3518 15.
1226 3462 1352 3518 Post
1375 3469 1482 3520 Ittec
1510 3469 1672 3536 enim,
1702 3470 1903 3540 inquit,
1930 3473 2009 3527 lo-

435 3545 711 3615 quebantur
735 3549 798 3601 ei.
828 3549 914 3604 16.
949 3549 1071 3605 Ηωσ
1095 3562 1259 3607 autem
1284 3557 1453 3609 omnia
1478 3558 1736 3630 divulgata
1767 3570 1886 3615 sunt
1913 3602 1929 3628 ,
1965 3570 2010 3616 et

433 3636 679 3699 celebrata
713 3638 764 3691 in
791 3640 938 3693 domo
965 3641 1248 3698 Pharaonis
1266 3686 1281 3710 ,
1313 3656 1359 3700 et
1386 3649 1585 3718 gavisus
1614 3659 1685 3703 est
1712 3690 1728 3717 ,
1766 3662 1814 3705 et
1839 3669 2009 3707 omnes

432 3729 518 3795 qui
556 3728 607 3782 in
648 3731 797 3783 domo
831 3734 957 3799 ejus.
990 3733 1332 3801 Exhilaravit,
1366 3737 1567 3807 inquit,
1597 3754 1783 3796 omnes
1811 3744 2007 3811 agnitio

433 3817 655 3872 fratrum
684 3818 899 3888 Ioseph.
932 3823 1017 3876 17.
1050 3822 1118 3875 Et
1144 3824 1293 3891 dixit,
1324 3825 1511 3894 inquit,
1536 3845 1625 3882 rex
1650 3828 1843 3899 Ioseph
1866 3847 1885 3885 :
1910 3829 2008 3885 Dic

432 3908 675 3976 fratribus
700 3910 797 3962 tuis
824 3925 842 3962 :
874 3909 985 3961 Hoc
1012 3914 1163 3980 facite
1188 3928 1207 3965 :
1232 3913 1432 3981 implete
1455 3915 1682 3969 vehicula
1709 3928 1870 3971 vestra
1895 3919 2007 3988 fru—

434 4005 618 4061 ntento,
653 4005 701 4048 et
734 3996 883 4050 abite.
921 3997 1008 4052 18.
1039 3997 1106 4051 Et
1136 4010 1390 4071 assumpto
1418 4012 1562 4073 patre
1585 4015 1745 4057 vestro
1760 4006 1917 4061 redite
1938 4010 2004 4060 aa'

432 4101 541 4148 me,
576 4097 623 4139 et
656 4086 785 4140 dabo
823 4088 958 4143 vobis
995 4090 1058 4143 de
1095 4091 1325 4144 omnibus
1360 4092 1501 4147 bonis
1533 4092 1754 4163 Egypti
1783 4113 1801 4149 :
1829 4096 1916 4151 19.
1948 4107 2004 4152 tu

429 4185 595 4229 autem
618 4178 832 4244 manda,
861 4187 917 4232 ut
935 4181 1185 4250 accipiant
1209 4183 1434 4251 plaustra
1464 4186 1635 4253 pueris
1664 4194 1712 4240 et
1738 4188 2000 4245 uxoribus.

428 4263 564 4320 Vide
608 4276 661 4321 et
707 4283 882 4336 regem
907 4311 922 4333 ,
951 4270 1218 4339 quomodo
1241 4272 1349 4341 jam
1378 4288 1560 4328 curam
1600 4276 1708 4347 agit
1734 4275 1803 4332 de
1827 4264 2000 4334 reditu

432 4352 587 4409 Iacob
616 4356 712 4427 (a).
736 4355 804 4410 Et
829 4369 1107 4426 assumpto,
1139 4361 1330 4430 inquit,
1361 4373 1500 4431 patre
1517 4371 1678 4418 vestro
1702 4366 1881 4435 venite,
1904 4366 1996 4422 20.

427 4454 474 4497 et
499 4461 560 4499 ne
588 4449 805 4515 parcatis
830 4450 986 4502 oculis
1016 4449 1080 4504 de
1106 4453 1236 4504 vasis
1266 4453 1457 4505 vestris.
1498 4451 1685 4507 Omnia
1714 4455 1843 4509 enim
1869 4457 1997 4511 bona

425 4534 645 4606 Egypti
663 4548 825 4591 vestra
850 4550 1012 4594 erunt.
1030 4540 1091 4594 2|
1109 4582 1121 4594 .
1148 4541 1396 4596 Fecerunt
1415 4555 1579 4597 autem
1603 4546 1675 4598 sic
1694 4547 1791 4613 filii
1808 4545 1993 4603 Israél.
2082 4554 2085 4557 λ

422 4625 577 4679 Dedit
603 4636 769 4681 autem
797 4627 991 4696 Ioseph
1012 4632 1082 4683 eis
1109 4646 1305 4697 currus,
1330 4633 1481 4701 juxta
1506 4634 1797 4689 mandatum
1826 4639 1995 4707 regis;

418 4715 509 4769 22.
533 4723 583 4768 et
604 4716 835 4771 omnibus
858 4719 1063 4788 quidem
1080 4719 1219 4773 dedit
1238 4720 1380 4773 binas
1398 4718 1553 4776 stolas
1570 4761 1586 4787 ,
1612 4720 1879 4792 Benjamin
1903 4742 1995 4779 au-

420 4813 519 4858 tem
541 4805 680 4858 dedit
702 4815 945 4861 trecentas
964 4824 1164 4871 aureos,
1189 4817 1237 4862 et
1258 4810 1474 4878 quinque
1499 4811 1656 4865 stolas
1676 4815 1991 4880 matatorias,

416 4893 509 4948 23.
535 4902 582 4948 et
601 4896 733 4964 patri
751 4910 843 4950 suo
856 4897 991 4951 misit
1009 4898 1237 4951 similiter
1254 4908 1301 4953 et
1320 4899 1489 4953 decem
1511 4900 1682 4956 asinos
1700 4903 1913 4971 ferentes
1931 4905 1995 4960 de

416 4982 562 5037 bonis
575 4982 814 5054 ﬁguli,
839 4994 889 5042 et
906 4990 1074 5041 decem
1091 4989 1256 5042 mutas
1277 4991 1488 5058 ferentes
1505 5006 1659 5060 penes
1678 4993 1811 5062 patri
1827 5010 1921 5048 suo
1938 4995 1991 5049 in

417 5074 570 5128 viam.
594 5074 684 5130 24.
718 5076 911 5143 Quibus
937 5078 1165 5133 omnibus
1192 5080 1325 5135 datis
1341 5119 1359 5148 ,
1392 5080 1526 5136 misit
1557 5082 1742 5151 fratres
1764 5099 1915 5152 suos,
1943 5094 1991 5139 et

470 5244 551 5353 (Sa)
582 5248 654 5295 Sic
674 5259 845 5321 omnes
857 5261 965 5297 cum
978 5249 1115 5309 Editi,
1131 5255 1234 5299 tum
1249 5253 1571 5324 .ttanuscripti.
1591 5259 1891 5326 Atquorsum
1910 5253 1989 5304 hic

415 5315 483 5382 fg
610 5310 775 5382 έξιεοῢι
798 5322 847 5382 In
869 5309 1144 5382 «Egyptum,
1180 5326 1262 5373 qut
1286 5325 1544 5382 numquam
1556 5312 1825 5382 _1Egyptum
1850 5316 1986 5364 vnde-

415 5371 487 5413 rat
497 5365 687 5437 ‘lAAnnhic
698 5382 795 5437 vox
808 5365 981 5430 Graeca;
990 5365 1343 5437 -lw¢v68:ou,-qll$.
1356 5365 1530 5433 reditu,
1553 5365 1870 5437 interpretata
1888 5383 1982 5435 est,

413 5426 565 5486 posita
588 5429 734 5495 fuerit
764 5443 870 5492 pro,
892 5426 1041 5490 ea...
1066 5433 1145 5483 vel
1170 5426 1345 5505 potius,
1365 5426 1557 5506 eum,
1584 5426 1698 5545 qui
1725 5449 1871 5507 voces
1885 5426 1984 5498 jam

413 5497 526 5545 non,
549 5489 771 5545 reditum.
796 5492 902 5545 sed.
930 5492 1228 5545 descensum.
1253 5495 1580 5545 suamﬂcarent
1638 5502 1690 5545 Et
1707 5496 1785 5545 th
1807 5509 1984 5545 sensus

410 5497 532 5557 non,
549 5489 779 5549 reditum,
796 5489 902 5557 sed,
930 5489 1228 5557 descensum,
1253 5489 1614 5557 significarent?
1638 5502 1690 5545 Et
1707 5496 1785 5545 hic
1807 5489 1985 5547 sensus

408 5525 1228 5620 gausa‘s'traiimq‘safzma
1240 5525 1488 5620 ἕὲδῖιέἳὲἑ
1495 5525 1982 5620 ⁰ὦ“ὶεῖςῖὶὶῶ⁰’ῥέῗῗ

408 5613 547 5668 sunt,
562 5608 865 5664 descendere
886 5608 942 5664 αὶ
960 5608 1217 5676 phnimtim
1232 5618 1474 5669 dicuntur.

1486 292 1554 348 IN
1589 292 1745 351 CAP.
1782 294 1944 361 XLV.
2263 300 2498 361 HOMIL.
2526 306 2691 365 LXV.

3601 319 3709 379 558

2138 418 2353 487 profecti
2376 427 2493 473 sunt
2513 435 2534 474 :
2555 419 2780 489 dixitque
2805 421 2878 477 eis
2901 437 2923 478 :
2948 421 3032 478 Ne
3055 422 3346 482 irascamini
3364 427 3419 483 in
3443 429 3543 484 via.
3577 430 3710 488 Vide

2136 516 2371 562 mentem
2412 511 2652 567 moribus
2676 513 2890 582 optimis
2918 514 3213 583 praeditam.
3242 518 3358 574 Non
3385 520 3559 576 solum
3595 524 3709 593 ipse

2133 594 2336 650 dimisit
2362 598 2494 652 iram
2515 639 2531 665 ,
2560 610 2614 655 et
2639 615 2670 655 a
2696 603 3006 659 criminibus
3045 605 3323 675 liberavit,
3353 609 3448 665 sed
3480 619 3535 666 et
3561 612 3709 681 ipsos

2134 683 2385 741 admonet
2405 727 2421 752 ,
2461 705 2528 743 ne
2558 690 2853 746 irascantur
2877 693 2931 748 in
2956 694 3061 761 via,
3092 711 3266 767 neque
3288 714 3409 754 sese
3433 710 3616 756 mutuo
3639 703 3711 757 de

2134 771 2286 828 factis
2309 788 2574 832 accusent.
2606 779 2740 835 Nam
2768 783 2812 837 si
2841 799 3010 853 nuper
3032 800 3154 840 cum
3182 795 3438 843 steterant
3461 802 3584 847 ante
3607 792 3705 847 Jo-

2132 864 2284 932 seph,
2304 865 2550 922 dicebant
2567 870 2704 924 inter
2726 886 2806 937 se,
2827 873 3007 929 Merito
3026 893 3045 928 :
3065 877 3119 930 in
3145 880 3361 947 peccatis
3379 881 3510 935 enim
3535 899 3706 940 sumus

2132 964 2335 1033 prapter
2359 960 2568 1025 fratrem
2592 969 2818 1015 nostrum
2836 1002 2852 1029 ,
2871 964 2989 1032 quia
3013 968 3327 1035 despeximus
3353 970 3459 1039 ejus
3478 972 3706 1041 afﬂictio—

2132 1059 2243 1096 nem
2273 1045 2434 1113 (Gen.
2458 1048 2544 1101 42.
2573 1049 2663 1104 21.
2689 1050 2785 1125 22)
2811 1063 2904 1119 ;et
2930 1070 3217 1126 exsurgens
3242 1060 3428 1116 Ruben
3456 1062 3665 1119 dicebat
3690 1084 3703 1119 :

2128 1134 2318 1199 Nonne
2352 1136 2458 1192 dixi
2492 1140 2629 1194 vobis
2652 1183 2670 1210 ,
2703 1158 2766 1197 ne
2792 1143 2983 1213 injuria
3001 1146 3224 1216 efficiatis
3255 1167 3486 1220 puerum,
3526 1164 3572 1208 et
3604 1171 3707 1208 non

2129 1224 2403 1280 exaudistis
2439 1244 2517 1281 me
2536 1228 2563 1282 .’
2599 1229 2767 1285 multo
2802 1233 2971 1302 magis
2998 1236 3283 1293 verisimile
3310 1249 3444 1304 erat,
3473 1241 3618 1296 illum
3650 1243 3701 1296 in

2128 1314 2211 1375 via
2238 1330 2359 1370 cum
2387 1318 2507 1374 aliis
2533 1320 2825 1376 rixaturum
2851 1338 2991 1380 esse.
3036 1326 3319 1396 Propterea
3345 1335 3701 1401 comprimens

2129 1420 2314 1460 eorum
2340 1408 2474 1463 iram
2501 1419 2556 1465 et
2581 1414 2975 1469 contentionem
3003 1425 3257 1479 mutuam,
3289 1419 3414 1474 dicit
3441 1438 3454 1474 :
3485 1422 3568 1476 Ne
3593 1424 3701 1477 ira-
3743 1461 3751 1467 -

2127 1484 2339 1551 scamini
2358 1500 2410 1553 in
2436 1501 2547 1567 via;
2572 1503 2665 1558 sed
2689 1504 2981 1573 cogitantes
3008 1507 3147 1575 quod
3173 1523 3270 1578 ego
3296 1524 3399 1563 non
3428 1512 3701 1569 habuerim

2130 1602 2227 1655 pro
2252 1590 2473 1645 crimine
2498 1606 2614 1660 quas
2640 1592 2693 1646 in
2720 1608 2807 1648 me
2838 1593 3145 1662 admisistis,
3178 1596 3276 1667 ipsi
3302 1598 3464 1653 etiam
3486 1614 3581 1655 vos
3605 1601 3700 1656 be-

2127 1680 2426 1734 nevolentia
2456 1681 2687 1735 vicissim
2718 1686 3128 1753 prosequamini.

2200 1765 2414 1821 Moralis
2441 1769 2737 1823 exhortatio.
2760 1801 2830 1810 —
2851 1773 2978 1838 Quis
3010 1788 3105 1842 pro
3130 1774 3382 1845 dignitate
3407 1777 3700 1833 admirare-

2130 1864 2214 1909 tur
2237 1855 2366 1925 justi
2397 1858 2493 1912 viri
2521 1859 2676 1929 hujus
2705 1860 2975 1929 virtutem,
3007 1864 3094 1933 qui
3120 1880 3277 1937 novae
3308 1867 3438 1935 legis
3464 1867 3699 1936 philoso-

2125 1946 2305 2016 phiam
2352 1964 2538 2019 magna
2578 1950 2886 2021 adimplevit
2921 1953 3222 2023 diligentia;
3267 1964 3422 2025 atque
3466 1958 3519 2011 id
3559 1960 3700 2026 quod

2125 2037 2371 2093 Christus
2394 2040 2644 2095 admonet
2671 2042 2979 2112 discipulos,
3012 2043 3217 2115 Diligite
3235 2046 3462 2100 inimicos
3489 2057 3696 2114 vestros,

2126 2136 2265 2180 orate
2286 2144 2378 2197 pro
2409 2130 2811 2197 persequentibus
2837 2148 2921 2185 vos
2950 2132 3164 2201 (Matth.
3189 2134 3241 2189 5.
3265 2133 3382 2204 44).
3407 2135 3506 2190 hoc
3534 2136 3619 2191 ille
3644 2146 3701 2192 et

2125 2220 2292 2273 multo
2319 2220 2483 2290 magis
2510 2220 2672 2276 fecit?
2712 2220 2895 2293 Neque
2937 2226 3078 2279 cnim
3120 2225 3291 2280 solum
3322 2235 3517 2280 tantam
3545 2226 3700 2282 exhi-

2126 2311 2241 2367 buit
2269 2312 2544 2367 caritatem
2576 2328 2702 2383 erga
2730 2329 2821 2369 eos
2849 2317 2938 2385 qui
2963 2331 3050 2379 se,
3082 2326 3334 2386 quantum
3363 2318 3416 2373 in
3445 2320 3522 2374 eis
3549 2329 3695 2386 erat,

2123 2402 2460 2467 occiderant;
2489 2404 2581 2458 sed
2608 2405 2783 2459 omnia
2815 2406 2970 2469 facit,
3012 2415 3068 2459 ut
3093 2407 3422 2463 demonstret
3447 2409 3576 2463 nihil
3603 2425 3697 2465 eos

2123 2491 2176 2546 in
2202 2506 2262 2546 se
2289 2492 2490 2562 peccati
2519 2493 2815 2548 admisisse.
2847 2494 2891 2549 Ο
2920 2494 3269 2564 philosophia:
3293 2497 3691 2552 excellentiam!

2121 2594 2155 2636 ο
2179 2580 2446 2650 ingentem
2477 2582 2817 2651 probitatem,
2849 2592 2905 2638 et
2930 2584 3231 2640 dilectionis
3263 2585 3353 2640 Dei
3379 2586 3695 2656 magnitudi-

2121 2664 2418 2727 nemlNon
2449 2688 2572 2739 vos,
2617 2674 2807 2745 inquit,
2854 2674 2972 2729 haec
3019 2676 3147 2730 mihi
3191 2677 3422 2743 fecistis;
3461 2679 3553 2733 sed
3600 2679 3694 2733 Dei

2118 2777 2245 2833 erga
2278 2778 2364 2818 me
2390 2764 2719 2835 providentia
2772 2765 2886 2820 haec
2914 2765 3028 2821 fieri
3050 2767 3308 2837 permisit,
3336 2776 3393 2823 ut
3422 2768 3550 2823 mihi
3599 2784 3691 2824 so-

2118 2854 2383 2907 mniorum
2404 2862 2625 2910 eventus
2647 2854 3002 2921 concedatur,
3045 2865 3100 2911 et
3132 2856 3280 2912 vobis
3322 2858 3505 2914 salutis
3532 2872 3688 2913 causa

2117 2957 2237 2997 esse
2266 2945 2484 3013 possim.
2514 2945 2588 2999 Ita
2616 2951 2674 2998 ut
2697 2944 2747 2998 in
2776 2944 3147 3000 afﬂictionibus
3167 2946 3294 3001 etin
3315 2949 3690 3002 tentationibus

2117 3046 2257 3096 esse,
2288 3033 2331 3086 si
2361 3031 2522 3086 sobrii
2551 3031 2739 3100 simus,
2760 3032 2954 3089 divinat
2980 3033 3050 3089 sit
3073 3050 3196 3105 erga
3228 3050 3324 3090 nos
3349 3036 3689 3103 providentiae

2116 3128 2171 3175 et
2190 3121 2574 3177 benevolentia:
2601 3122 2828 3193 signum.
2856 3123 2931 3178 Ne
2954 3123 3112 3194 igitur
3130 3126 3182 3179 in
3205 3125 3450 3179 omnibus
3472 3140 3689 3195 prospe-

2116 3210 2327 3265 ritatem
2348 3221 2403 3266 et
2423 3211 2744 3267 afﬂuentiam
2769 3213 3115 3287 inquiramus,
3144 3214 3239 3270 sed
3264 3224 3317 3268 et
3341 3215 3454 3271 sive
3482 3216 3532 3268 in
3562 3231 3687 3285 pro-

2115 3300 2368 3370 speritate
2394 3300 2581 3361 simus.
2612 3302 2725 3356 sive
2766 3303 2820 3355 in
2848 3301 3189 3369 adversitate,
3221 3303 3464 3359 similiter
3492 3306 3685 3375 gratias

2113 3390 2396 3446 offeramus
2437 3392 2663 3448 Domino
2682 3433 2698 3458 ,
2730 3402 2788 3448 ut
2810 3392 2920 3447 visa
2948 3403 3095 3464 grata
3126 3402 3304 3457 mente
3332 3405 3508 3449 nostra
3535 3436 3551 3462 ,
3584 3397 3685 3448 Iar-

2112 3485 2313 3552 giorem
2357 3498 2504 3537 suam
2542 3499 2668 3553 erga
2712 3499 2810 3539 nos
2848 3483 3082 3540 declaret
3114 3485 3495 3555 providentiam
3525 3504 3540 3541 :
3566 3502 3683 3554 qua:

2112 3575 2264 3629 nobis
2293 3575 2542 3630 omnibus
2566 3576 2888 3632 concedatur
2912 3577 3079 3648 gratia
3105 3586 3159 3631 et
3184 3576 3547 3631 misericordia
3580 3577 3682 3631 Do-

2112 3667 2240 3720 mini
2284 3668 2447 3720 nostri
2494 3666 2617 3721 Jesu
2664 3665 2900 3731 Christi,
2954 3668 3167 3737 quicum
3207 3666 3351 3722 Patri
3401 3675 3455 3721 et
3497 3677 3681 3719 sancto

2111 3757 2328 3826 Spiritui
2357 3758 2425 3810 sit
2447 3757 2634 3825 gloria,
2661 3748 2960 3826 imperium,
2989 3757 3180 3825 honor,
3206 3771 3345 3812 nunc
3368 3766 3421 3812 et
3445 3770 3674 3825 semper,

2110 3854 2165 3901 et
2193 3844 2244 3899 in
2274 3843 2467 3898 saecula
2490 3842 2828 3898 saeculorum.
2856 3845 3046 3901 Amen.

2654 3995 2933 4055 HOMILIA
2966 3998 3128 4056 LXV.

2106 4128 2176 4183 Et
2212 4129 2571 4198 ascenderunt,
2613 4129 2817 4207 inquit,
2864 4147 2928 4187 ex
2972 4130 3239 4203 £gypto,
3285 4140 3332 4187 et
3363 4141 3595 4185 venerunt
3622 4134 3675 4185 in

2176 4228 2359 4274 terram
2385 4219 2627 4275 Chanaan
2653 4220 2721 4274 ad
2739 4220 2898 4275 Jacob
2924 4231 3115 4290 patrem
3138 4237 3284 4275 suum
3299 4229 3381 4275 :et
3412 4221 3673 4274 nuntiave-

2173 4317 2293 4362 runt
2320 4308 2367 4362 ei
2390 4309 2645 4363 dicentes:
2667 4306 2964 4364 Filiustuus
2987 4309 3177 4379 Ioseph
3204 4309 3339 4376 vivit,
3369 4318 3415 4362 et
3440 4308 3676 4364 domina-

2173 4406 2255 4451 tur
2282 4397 2372 4451 toti
2391 4408 2535 4452 terra:
2556 4397 2794 4469 Egypti.
2826 4398 2894 4453 Et
2921 4399 3170 4471 obstupuit
3191 4397 3352 4454 Iacob
3367 4414 3389 4466 ,°
3415 4416 3517 4454 non
3537 4400 3672 4454 enim

2171 4488 2380 4542 credidit
2404 4489 2475 4543 eis
2504 4486 2654 4561 (Gen.
2682 4490 2771 4544 45.
2795 4489 2887 4546 25.
2919 4491 3031 4561 26).

2171 4624 2224 4677 1.
2247 4621 2467 4677 Vidistis
2491 4635 2557 4676 ex
2584 4620 2667 4676 his
2684 4632 2801 4691 qua:
2822 4619 2937 4675 heri
2952 4620 3089 4675 dicta
3112 4628 3258 4685 sunt,
3278 4620 3671 4690 philosophiam

2098 4713 2314 4784 Iosephi
2342 4752 2359 4779 ,
2405 4721 2460 4767 et
2508 4711 2913 4767 inenarrabilem
2955 4710 3289 4766 clementiam
3337 4725 3497 4780 quam
3549 4728 3671 4782 erga

2099 4803 2289 4858 fratres
2312 4817 2436 4857 suos
2461 4801 2737 4857 exhibuit:
2762 4815 2865 4855 nec
2890 4800 3060 4855 solum
3088 4800 3283 4854 nullam
3311 4800 3437 4856 fecit
3458 4816 3670 4859 memo—

2095 4894 2229 4947 riam
2250 4906 2433 4947 eorum
2458 4906 2578 4961 quas
2597 4892 2650 4945 in
2671 4906 2731 4946 se
2753 4889 3093 4955 admiserant,
3123 4891 3215 4945 sed
3234 4899 3290 4946 et
3311 4891 3580 4948 redituros
3606 4895 3668 4947 ad

2098 4990 2366 5053 parentem
2392 4980 2683 5044 admonuit,
2704 4980 2938 5050 ipsisque
2963 4981 3239 5036 consilium
3265 4981 3411 5038 dedit
3436 4999 3504 5037 ne
3520 4984 3670 5038 inter

2096 5087 2157 5126 se
2176 5071 2456 5141 jurgentur
2475 5084 2636 5140 super
2658 5069 2744 5125 his
2765 5084 2884 5139 quae
2910 5069 2961 5124 in
2993 5070 3163 5139 ipsum
3188 5069 3536 5137 admiserant,
3573 5073 3668 5126 sed

2094 5161 2309 5216 dimissa
2334 5160 2478 5215 omni
2506 5160 2584 5215 ira
2604 5200 2622 5227 ,
2651 5160 2873 5230 paciﬁce
2896 5161 3187 5216 ambulent.
3215 5160 3404 5231 Operm
3436 5165 3669 5232 pretium

2090 5254 2174 5305 est
2202 5259 2379 5306 autem
2403 5258 2459 5304 et
2481 5250 2590 5319 jam
2614 5265 2733 5320 quas
2760 5261 3050 5319 sequuntur
3073 5265 3370 5317 recensere,
3400 5262 3458 5305 ut
3487 5252 3664 5305 videa-

2089 5356 2209 5396 mus
2220 5348 2275 5397 et
2303 5340 2492 5397 horum
2507 5341 2575 5395 ad
2596 5349 2798 5410 patrem
2816 5341 3067 5406 reditum,
3088 5350 3143 5395 et.
3159 5341 3475 5396 descensum
3498 5341 3661 5396 Jacob

2090 5432 2143 5486 in
2175 5431 2463 5502 Egyptum
2494 5447 2507 5483 :
2538 5444 2744 5485 necnon
2790 5430 3059 5501 quomodo
3100 5430 3400 5485 reﬂoruerit
3439 5429 3660 5485 audiens

2088 5537 2149 5576 ea
2188 5536 2304 5590 quae
2344 5519 2540 5589 Joseph
2586 5519 2921 5589 spectabant,
2951 5528 3143 5588 atque,
3168 5519 3332 5574 utsic
3355 5519 3557 5580 dicam.
3590 5518 3657 5574 de

2090 5626 2217 5667 seuc
2228 5608 2439 5679 juvenis
2454 5607 2689 5664 redditus
2705 5607 2793 5664 sit.
2810 5607 2939 5676 Quis
2954 5607 3096 5664 enim
3113 5619 3359 5664 sermonc
3379 5605 3662 5677 complecti
