  <div class='ocr_page' id='page_1' title='image "/cluster/home/n/w/nwhite01/storage/ocr_20150623/54/mdp.39015078384420/187.png"; bbox 0 0 2073 3130; ppageno 0'>
   <div class='ocr_carea' id='block_1_1' title="bbox 233 171 287 204">
    <p class='ocr_par' dir='ltr' id='par_1_1' title="bbox 233 171 287 204">
     <span class='ocr_line' id='line_1_1' title="bbox 233 171 287 204; baseline -0.037 0"><span class='ocrx_word' id='word_1_1' title='bbox 233 171 287 204; x_wconf 58' lang='grc' dir='ltr'><strong>εὓθ</strong></span> 
     </span>
    </p>
   </div>
   <div class='ocr_carea' id='block_1_2' title="bbox 234 228 1024 267">
    <p class='ocr_par' dir='ltr' id='par_1_2' title="bbox 234 228 1024 267">
     <span class='ocr_line' id='line_1_2' title="bbox 234 228 1024 267; baseline -0.01 -6"><span class='ocrx_word' id='word_1_2' title='bbox 234 236 326 267; x_wconf 85' lang='lat' dir='ltr'><strong>posset</strong></span> <span class='ocrx_word' id='word_1_3' title='bbox 337 232 500 267; x_wconf 81' lang='lat' dir='ltr'><strong>voluptatem</strong></span> <span class='ocrx_word' id='word_1_4' title='bbox 515 231 542 258; x_wconf 88' lang='lat' dir='ltr'><strong>in</strong></span> <span class='ocrx_word' id='word_1_5' title='bbox 559 235 613 265; x_wconf 78' lang='lat' dir='ltr'><strong>qua</strong></span> <span class='ocrx_word' id='word_1_6' title='bbox 635 232 698 257; x_wconf 86' lang='lat' dir='ltr'><strong>tunc</strong></span> <span class='ocrx_word' id='word_1_7' title='bbox 714 228 811 261; x_wconf 86' lang='lat' dir='ltr'><strong>fuerit,</strong></span> <span class='ocrx_word' id='word_1_8' title='bbox 831 235 892 256; x_wconf 90' lang='lat' dir='ltr'><strong>eum</strong></span> <span class='ocrx_word' id='word_1_9' title='bbox 907 228 1024 254; x_wconf 77' lang='lat' dir='ltr'><strong>disceret</strong></span> 
     </span>
    </p>
   </div>
   <div class='ocr_carea' id='block_1_3' title="bbox 208 274 1027 313">
    <p class='ocr_par' dir='ltr' id='par_1_3' title="bbox 208 274 1027 313">
     <span class='ocr_line' id='line_1_3' title="bbox 208 274 1027 313; baseline -0.007 -7"><span class='ocrx_word' id='word_1_10' title='bbox 208 296 222 310; x_wconf 70' lang='grc'><strong>-,</strong></span> <span class='ocrx_word' id='word_1_11' title='bbox 237 277 333 313; x_wconf 73' lang='lat' dir='ltr'><strong>Ioseph</strong></span> <span class='ocrx_word' id='word_1_12' title='bbox 346 275 447 309; x_wconf 73' lang='lat' dir='ltr'><strong>vivere,</strong></span> <span class='ocrx_word' id='word_1_13' title='bbox 459 283 485 305; x_wconf 87' lang='lat' dir='ltr'><strong>et</strong></span> <span class='ocrx_word' id='word_1_14' title='bbox 498 277 525 304; x_wconf 67' lang='lat' dir='ltr'><strong>iit</strong></span> <span class='ocrx_word' id='word_1_15' title='bbox 541 279 612 304; x_wconf 72' lang='lat' dir='ltr'><strong>tanta</strong></span> <span class='ocrx_word' id='word_1_16' title='bbox 620 276 747 311; x_wconf 73' lang='lat' dir='ltr'><strong>dignitate</strong></span> <span class='ocrx_word' id='word_1_17' title='bbox 760 275 932 302; x_wconf 84' lang='lat' dir='ltr'><strong>constitutum</strong></span> <span class='ocrx_word' id='word_1_18' title='bbox 945 281 1004 301; x_wconf 89' lang='lat' dir='ltr'><strong>esse</strong></span> <span class='ocrx_word' id='word_1_19' title='bbox 1014 274 1027 301; x_wconf 67' lang='grc'><strong><em>2</em></strong></span> 
     </span>
    </p>
   </div>
   <div class='ocr_carea' id='block_1_4' title="bbox 220 320 1027 358">
    <p class='ocr_par' dir='ltr' id='par_1_4' title="bbox 220 320 1027 358">
     <span class='ocr_line' id='line_1_4' title="bbox 220 320 1027 358; baseline -0.001 -9"><span class='ocrx_word' id='word_1_20' title='bbox 220 341 223 346; x_wconf 91' lang='grc'>.</span> <span class='ocrx_word' id='word_1_21' title='bbox 237 327 416 358; x_wconf 77' lang='lat' dir='ltr'><strong>Inexspectata</strong></span> <span class='ocrx_word' id='word_1_22' title='bbox 431 323 501 350; x_wconf 83' lang='lat' dir='ltr'><strong>enim</strong></span> <span class='ocrx_word' id='word_1_23' title='bbox 517 323 584 349; x_wconf 88' lang='lat' dir='ltr'><strong>bona</strong></span> <span class='ocrx_word' id='word_1_24' title='bbox 606 322 735 357; x_wconf 81' lang='lat' dir='ltr'><strong>majorem</strong></span> <span class='ocrx_word' id='word_1_25' title='bbox 752 321 915 355; x_wconf 79' lang='lat' dir='ltr'><strong>voluptatem</strong></span> <span class='ocrx_word' id='word_1_26' title='bbox 929 320 1027 348; x_wconf 79' lang='lat' dir='ltr'><strong>afferre</strong></span> 
     </span>
    </p>
   </div>
   <div class='ocr_carea' id='block_1_5' title="bbox 237 366 1026 402">
    <p class='ocr_par' dir='ltr' id='par_1_5' title="bbox 237 366 1026 402">
     <span class='ocr_line' id='line_1_5' title="bbox 237 366 1026 402; baseline -0.001 -8"><span class='ocrx_word' id='word_1_27' title='bbox 237 369 334 395; x_wconf 80' lang='lat' dir='ltr'><strong>solent.</strong></span> <span class='ocrx_word' id='word_1_28' title='bbox 350 368 433 401; x_wconf 78' lang='lat' dir='ltr'><strong>Quem</strong></span> <span class='ocrx_word' id='word_1_29' title='bbox 449 368 519 394; x_wconf 90' lang='lat' dir='ltr'><strong>enim</strong></span> <span class='ocrx_word' id='word_1_30' title='bbox 539 367 650 402; x_wconf 80' lang='lat' dir='ltr'><strong>putabat</strong></span> <span class='ocrx_word' id='word_1_31' title='bbox 672 372 734 395; x_wconf 85' lang='lat' dir='ltr'><strong>ante</strong></span> <span class='ocrx_word' id='word_1_32' title='bbox 756 371 797 394; x_wconf 90' lang='lat' dir='ltr'><strong>tot</strong></span> <span class='ocrx_word' id='word_1_33' title='bbox 816 374 901 394; x_wconf 85' lang='lat' dir='ltr'><strong>annos</strong></span> <span class='ocrx_word' id='word_1_34' title='bbox 915 366 997 394; x_wconf 79' lang='lat' dir='ltr'><strong>fuisse</strong></span> <span class='ocrx_word' id='word_1_35' title='bbox 1011 373 1026 393; x_wconf 85' lang='lat' dir='ltr'><strong>a</strong></span> 
     </span>
    </p>
   </div>
   <div class='ocr_carea' id='block_1_6' title="bbox 237 411 1028 447">
    <p class='ocr_par' dir='ltr' id='par_1_6' title="bbox 237 411 1028 447">
     <span class='ocr_line' id='line_1_6' title="bbox 237 411 1028 447; baseline 0 -9"><span class='ocrx_word' id='word_1_36' title='bbox 237 413 329 440; x_wconf 82' lang='lat' dir='ltr'><strong>bestiis</strong></span> <span class='ocrx_word' id='word_1_37' title='bbox 338 412 503 445; x_wconf 84' lang='lat' dir='ltr'><strong>devoratum,</strong></span> <span class='ocrx_word' id='word_1_38' title='bbox 515 417 544 440; x_wconf 88' lang='lat' dir='ltr'><strong>ut</strong></span> <span class='ocrx_word' id='word_1_39' title='bbox 553 413 785 441; x_wconf 63' lang='lat' dir='ltr'><strong>lntcltexit‘tenere</strong></span> <span class='ocrx_word' id='word_1_40' title='bbox 796 412 934 447; x_wconf 85' lang='lat' dir='ltr'><strong>imperium</strong></span> <span class='ocrx_word' id='word_1_41' title='bbox 948 411 1028 439; x_wconf 89' lang='lat' dir='ltr'><strong>totius</strong></span> 
     </span>
    </p>
   </div>
   <div class='ocr_carea' id='block_1_7' title="bbox 237 457 1028 494">
    <p class='ocr_par' dir='ltr' id='par_1_7' title="bbox 237 457 1028 494">
     <span class='ocr_line' id='line_1_7' title="bbox 237 457 1028 494; baseline -0.001 -8"><span class='ocrx_word' id='word_1_42' title='bbox 237 459 356 494; x_wconf 63' lang='lat' dir='ltr'><strong>Egypti,</strong></span> <span class='ocrx_word' id='word_1_43' title='bbox 370 459 504 493; x_wconf 86' lang='lat' dir='ltr'><strong>quomodo</strong></span> <span class='ocrx_word' id='word_1_44' title='bbox 516 465 569 486; x_wconf 89' lang='lat' dir='ltr'><strong>non</strong></span> <span class='ocrx_word' id='word_1_45' title='bbox 584 465 637 493; x_wconf 69' lang='lat' dir='ltr'><strong>prae</strong></span> <span class='ocrx_word' id='word_1_46' title='bbox 651 458 831 493; x_wconf 65' lang='lat' dir='ltr'><strong>magnitudine</strong></span> <span class='ocrx_word' id='word_1_47' title='bbox 840 457 927 492; x_wconf 78' lang='lat' dir='ltr'><strong>gaudii</strong></span> <span class='ocrx_word' id='word_1_48' title='bbox 938 461 1028 485; x_wconf 87' lang='lat' dir='ltr'><strong>mente</strong></span> 
     </span>
    </p>
   </div>
   <div class='ocr_carea' id='block_1_8' title="bbox 233 503 1026 538">
    <p class='ocr_par' dir='ltr' id='par_1_8' title="bbox 233 503 1026 538">
     <span class='ocr_line' id='line_1_8' title="bbox 233 503 1026 538; baseline -0.003 -7"><span class='ocrx_word' id='word_1_49' title='bbox 233 512 247 531; x_wconf 71' lang='grc' dir='ltr'><strong>ο</strong></span> <span class='ocrx_word' id='word_1_50' title='bbox 255 505 367 532; x_wconf 77' lang='lat' dir='ltr'><strong>xcessit?</strong></span> <span class='ocrx_word' id='word_1_51' title='bbox 377 503 449 532; x_wconf 86' lang='lat' dir='ltr'><strong>ldem</strong></span> <span class='ocrx_word' id='word_1_52' title='bbox 460 505 530 532; x_wconf 87' lang='lat' dir='ltr'><strong>enim</strong></span> <span class='ocrx_word' id='word_1_53' title='bbox 536 505 626 532; x_wconf 77' lang='lat' dir='ltr'><strong>facere</strong></span> <span class='ocrx_word' id='word_1_54' title='bbox 635 505 703 532; x_wconf 80' lang='lat' dir='ltr'><strong>solet</strong></span> <span class='ocrx_word' id='word_1_55' title='bbox 711 504 881 532; x_wconf 88' lang='lat' dir='ltr'><strong>imntodicum</strong></span> <span class='ocrx_word' id='word_1_56' title='bbox 889 503 1026 538; x_wconf 77' lang='lat' dir='ltr'><strong>gaudium,</strong></span> 
     </span>
    </p>
   </div>
   <div class='ocr_carea' id='block_1_9' title="bbox 236 547 1027 585">
    <p class='ocr_par' dir='ltr' id='par_1_9' title="bbox 236 547 1027 585">
     <span class='ocr_line' id='line_1_9' title="bbox 236 547 1027 585; baseline -0.003 -8"><span class='ocrx_word' id='word_1_57' title='bbox 236 549 306 585; x_wconf 90' lang='lat' dir='ltr'><strong>quod</strong></span> <span class='ocrx_word' id='word_1_58' title='bbox 320 550 413 585; x_wconf 87' lang='lat' dir='ltr'><strong>ingens</strong></span> <span class='ocrx_word' id='word_1_59' title='bbox 426 547 543 577; x_wconf 71' lang='lat' dir='ltr'><strong>tristitia.</strong></span> <span class='ocrx_word' id='word_1_60' title='bbox 556 549 591 577; x_wconf 77' lang='lat' dir='ltr'><strong>Et</strong></span> <span class='ocrx_word' id='word_1_61' title='bbox 603 549 694 577; x_wconf 69' lang='lat' dir='ltr'><strong>videre</strong></span> <span class='ocrx_word' id='word_1_62' title='bbox 703 549 767 577; x_wconf 85' lang='lat' dir='ltr'><strong>licet</strong></span> <span class='ocrx_word' id='word_1_63' title='bbox 777 549 876 576; x_wconf 82' lang='lat' dir='ltr'><strong>multos</strong></span> <span class='ocrx_word' id='word_1_64' title='bbox 889 547 1027 576; x_wconf 85' lang='lat' dir='ltr'><strong>effundere</strong></span> 
     </span>
    </p>
   </div>
   <div class='ocr_carea' id='block_1_10' title="bbox 233 587 1029 630">
    <p class='ocr_par' dir='ltr' id='par_1_10' title="bbox 233 587 1029 630">
     <span class='ocr_line' id='line_1_10' title="bbox 233 587 1029 630; baseline 0 -8"><span class='ocrx_word' id='word_1_65' title='bbox 233 597 368 630; x_wconf 81' lang='lat' dir='ltr'><strong>lacrymas</strong></span> <span class='ocrx_word' id='word_1_66' title='bbox 383 603 437 630; x_wconf 75' lang='lat' dir='ltr'><strong>pne</strong></span> <span class='ocrx_word' id='word_1_67' title='bbox 450 594 547 630; x_wconf 87' lang='lat' dir='ltr'><strong>gaudio</strong></span> <span class='ocrx_word' id='word_1_68' title='bbox 558 587 703 628; x_wconf 85' lang='lat' dir='ltr'><strong>immenso,</strong></span> <span class='ocrx_word' id='word_1_69' title='bbox 718 596 787 623; x_wconf 87' lang='lat' dir='ltr'><strong>alios</strong></span> <span class='ocrx_word' id='word_1_70' title='bbox 798 595 877 623; x_wconf 86' lang='lat' dir='ltr'><strong>etiam</strong></span> <span class='ocrx_word' id='word_1_71' title='bbox 890 602 963 630; x_wconf 62' lang='lat' dir='ltr'><strong>saepe</strong></span> <span class='ocrx_word' id='word_1_72' title='bbox 977 595 1029 622; x_wconf 86' lang='lat' dir='ltr'><strong>ob-</strong></span> 
     </span>
    </p>
   </div>
   <div class='ocr_carea' id='block_1_11' title="bbox 235 641 1029 676">
    <p class='ocr_par' dir='ltr' id='par_1_11' title="bbox 235 641 1029 676">
     <span class='ocr_line' id='line_1_11' title="bbox 235 641 1029 676; baseline 0 -8"><span class='ocrx_word' id='word_1_73' title='bbox 235 645 407 675; x_wconf 79' lang='lat' dir='ltr'><strong>stupescere,</strong></span> <span class='ocrx_word' id='word_1_74' title='bbox 423 641 530 675; x_wconf 88' lang='lat' dir='ltr'><strong>quando</strong></span> <span class='ocrx_word' id='word_1_75' title='bbox 550 641 605 668; x_wconf 77' lang='lat' dir='ltr'><strong>fieri</strong></span> <span class='ocrx_word' id='word_1_76' title='bbox 623 641 714 668; x_wconf 85' lang='lat' dir='ltr'><strong>vident</strong></span> <span class='ocrx_word' id='word_1_77' title='bbox 735 649 766 668; x_wconf 90' lang='lat' dir='ltr'><strong>ca</strong></span> <span class='ocrx_word' id='word_1_78' title='bbox 785 647 846 676; x_wconf 64' lang='lat' dir='ltr'><strong>qua:</strong></span> <span class='ocrx_word' id='word_1_79' title='bbox 859 648 913 668; x_wconf 81' lang='lat' dir='ltr'><strong>non</strong></span> <span class='ocrx_word' id='word_1_80' title='bbox 933 647 1029 675; x_wconf 84' lang='lat' dir='ltr'><strong>exspe-</strong></span> 
     </span>
    </p>
   </div>
   <div class='ocr_carea' id='block_1_12' title="bbox 236 686 1029 720">
    <p class='ocr_par' dir='ltr' id='par_1_12' title="bbox 236 686 1029 720">
     <span class='ocr_line' id='line_1_12' title="bbox 236 686 1029 720; baseline 0.001 -9"><span class='ocrx_word' id='word_1_81' title='bbox 236 690 374 712; x_wconf 67' lang='lat' dir='ltr'><strong>ctavurant</strong></span> <span class='ocrx_word' id='word_1_82' title='bbox 388 694 394 711; x_wconf 88' lang='lat'>:</span> <span class='ocrx_word' id='word_1_83' title='bbox 407 690 434 712; x_wconf 90' lang='lat' dir='ltr'><strong>et</strong></span> <span class='ocrx_word' id='word_1_84' title='bbox 456 693 524 720; x_wconf 87' lang='lat' dir='ltr'><strong>quos</strong></span> <span class='ocrx_word' id='word_1_85' title='bbox 545 690 665 712; x_wconf 83' lang='lat' dir='ltr'><strong>mortuos</strong></span> <span class='ocrx_word' id='word_1_86' title='bbox 679 691 738 713; x_wconf 81' lang='lat' dir='ltr'><strong>esse</strong></span> <span class='ocrx_word' id='word_1_87' title='bbox 753 686 877 720; x_wconf 79' lang='lat' dir='ltr'><strong>putabant</strong></span> <span class='ocrx_word' id='word_1_88' title='bbox 888 707 894 717; x_wconf 88' lang='lat'><strong>,</strong></span> <span class='ocrx_word' id='word_1_89' title='bbox 917 690 1029 720; x_wconf 85' lang='lat' dir='ltr'><strong>repente</strong></span> 
     </span>
    </p>
   </div>
   <div class='ocr_carea' id='block_1_13' title="bbox 186 730 1027 769">
    <p class='ocr_par' dir='ltr' id='par_1_13' title="bbox 186 730 1027 769">
     <span class='ocr_line' id='line_1_13' title="bbox 186 730 1027 769; baseline 0.004 -13"><span class='ocrx_word' id='word_1_90' title='bbox 186 765 192 769; x_wconf 84' lang='lat'>_</span> <span class='ocrx_word' id='word_1_91' title='bbox 214 737 218 741; x_wconf 67' lang='lat'><em>‘</em></span> <span class='ocrx_word' id='word_1_92' title='bbox 237 731 312 757; x_wconf 86' lang='lat' dir='ltr'><strong>vivos</strong></span> <span class='ocrx_word' id='word_1_93' title='bbox 327 730 446 758; x_wconf 77' lang='lat' dir='ltr'><strong>vident‘.</strong></span> <span class='ocrx_word' id='word_1_94' title='bbox 467 730 519 758; x_wconf 84' lang='lat' dir='ltr'><strong>Sed</strong></span> <span class='ocrx_word' id='word_1_95' title='bbox 533 736 561 758; x_wconf 90' lang='lat' dir='ltr'><strong>ut</strong></span> <span class='ocrx_word' id='word_1_96' title='bbox 573 731 741 758; x_wconf 86' lang='lat' dir='ltr'><strong>manifestior</strong></span> <span class='ocrx_word' id='word_1_97' title='bbox 752 730 799 758; x_wconf 85' lang='lat' dir='ltr'><strong>&#39;liat</strong></span> <span class='ocrx_word' id='word_1_98' title='bbox 814 738 903 759; x_wconf 88' lang='lat' dir='ltr'><strong>sermo</strong></span> <span class='ocrx_word' id='word_1_99' title='bbox 916 736 1008 759; x_wconf 83' lang='lat' dir='ltr'><strong>noster</strong></span> <span class='ocrx_word' id='word_1_100' title='bbox 1019 753 1027 764; x_wconf 94' lang='lat'><strong>,</strong></span> 
     </span>
    </p>
   </div>
   <div class='ocr_carea' id='block_1_14' title="bbox 238 774 1027 811">
    <p class='ocr_par' dir='ltr' id='par_1_14' title="bbox 238 774 1027 811">
     <span class='ocr_line' id='line_1_14' title="bbox 238 774 1027 811; baseline 0.004 -11"><span class='ocrx_word' id='word_1_101' title='bbox 238 774 379 802; x_wconf 75' lang='lat' dir='ltr'><strong>audiamus</strong></span> <span class='ocrx_word' id='word_1_102' title='bbox 393 783 453 810; x_wconf 77' lang='lat' dir='ltr'><strong>qute</strong></span> <span class='ocrx_word' id='word_1_103' title='bbox 472 776 539 803; x_wconf 85' lang='lat' dir='ltr'><strong>lecta</strong></span> <span class='ocrx_word' id='word_1_104' title='bbox 554 780 624 803; x_wconf 87' lang='lat' dir='ltr'><strong>sunt.</strong></span> <span class='ocrx_word' id='word_1_105' title='bbox 634 775 682 803; x_wconf 74' lang='lat'><strong>25.</strong></span> <span class='ocrx_word' id='word_1_106' title='bbox 698 774 730 802; x_wconf 83' lang='lat' dir='ltr'><strong>Et</strong></span> <span class='ocrx_word' id='word_1_107' title='bbox 741 778 915 809; x_wconf 73' lang='lat' dir='ltr'><strong>ascenderunt,</strong></span> <span class='ocrx_word' id='word_1_108' title='bbox 933 777 1027 811; x_wconf 86' lang='lat' dir='ltr'><strong>inquit,</strong></span> 
     </span>
    </p>
   </div>
   <div class='ocr_carea' id='block_1_15' title="bbox 238 819 1030 856">
    <p class='ocr_par' dir='ltr' id='par_1_15' title="bbox 238 819 1030 856">
     <span class='ocr_line' id='line_1_15' title="bbox 238 819 1030 856; baseline 0.003 -10"><span class='ocrx_word' id='word_1_109' title='bbox 238 826 269 846; x_wconf 70' lang='lat' dir='ltr'><strong>ea:</strong></span> <span class='ocrx_word' id='word_1_110' title='bbox 284 819 410 856; x_wconf 63' lang='lat' dir='ltr'><strong>Egypto,</strong></span> <span class='ocrx_word' id='word_1_111' title='bbox 427 825 449 847; x_wconf 90' lang='lat' dir='ltr'><strong>et</strong></span> <span class='ocrx_word' id='word_1_112' title='bbox 463 825 582 847; x_wconf 68' lang='lat' dir='ltr'><strong>venerunt</strong></span> <span class='ocrx_word' id='word_1_113' title='bbox 602 822 629 847; x_wconf 84' lang='lat' dir='ltr'><strong>in</strong></span> <span class='ocrx_word' id='word_1_114' title='bbox 648 826 740 847; x_wconf 81' lang='lat' dir='ltr'><strong>terram</strong></span> <span class='ocrx_word' id='word_1_115' title='bbox 762 821 882 848; x_wconf 75' lang='lat' dir='ltr'><strong>Chanaan</strong></span> <span class='ocrx_word' id='word_1_116' title='bbox 901 821 935 847; x_wconf 90' lang='lat' dir='ltr'><strong>ad</strong></span> <span class='ocrx_word' id='word_1_117' title='bbox 949 821 1030 848; x_wconf 84' lang='lat' dir='ltr'><strong>Iacob</strong></span> 
     </span>
    </p>
   </div>
   <div class='ocr_carea' id='block_1_16' title="bbox 239 865 1029 899">
    <p class='ocr_par' dir='ltr' id='par_1_16' title="bbox 239 865 1029 899">
     <span class='ocr_line' id='line_1_16' title="bbox 239 865 1029 899; baseline 0.004 -8"><span class='ocrx_word' id='word_1_118' title='bbox 239 871 336 899; x_wconf 82' lang='lat' dir='ltr'><strong>patrem</strong></span> <span class='ocrx_word' id='word_1_119' title='bbox 350 874 433 897; x_wconf 73' lang='lat' dir='ltr'><strong>suum,</strong></span> <span class='ocrx_word' id='word_1_120' title='bbox 446 865 491 893; x_wconf 72' lang='lat'><strong>26.</strong></span> <span class='ocrx_word' id='word_1_121' title='bbox 507 870 530 893; x_wconf 84' lang='lat' dir='ltr'><strong>et</strong></span> <span class='ocrx_word' id='word_1_122' title='bbox 542 867 751 893; x_wconf 75' lang='lat' dir='ltr'><strong>annnntiavcnmt</strong></span> <span class='ocrx_word' id='word_1_123' title='bbox 761 868 794 898; x_wconf 79' lang='lat' dir='ltr'><strong>ei,</strong></span> <span class='ocrx_word' id='word_1_124' title='bbox 810 866 918 894; x_wconf 71' lang='lat' dir='ltr'><strong>dicentes</strong></span> <span class='ocrx_word' id='word_1_125' title='bbox 928 875 937 893; x_wconf 93' lang='lat'><em>:</em></span> <span class='ocrx_word' id='word_1_126' title='bbox 947 866 1029 894; x_wconf 75' lang='lat' dir='ltr'><strong>Filius</strong></span> 
     </span>
    </p>
   </div>
   <div class='ocr_carea' id='block_1_17' title="bbox 240 909 1028 947">
    <p class='ocr_par' dir='ltr' id='par_1_17' title="bbox 240 909 1028 947">
     <span class='ocr_line' id='line_1_17' title="bbox 240 909 1028 947; baseline 0.004 -11"><span class='ocrx_word' id='word_1_127' title='bbox 240 914 297 936; x_wconf 77' lang='lat' dir='ltr'><strong>tuus</strong></span> <span class='ocrx_word' id='word_1_128' title='bbox 311 909 408 945; x_wconf 79' lang='lat' dir='ltr'><strong>Ioseph</strong></span> <span class='ocrx_word' id='word_1_129' title='bbox 425 911 491 943; x_wconf 78' lang='lat' dir='ltr'><strong>vivit,</strong></span> <span class='ocrx_word' id='word_1_130' title='bbox 505 915 528 937; x_wconf 88' lang='lat' dir='ltr'><strong>et</strong></span> <span class='ocrx_word' id='word_1_131' title='bbox 542 911 595 945; x_wconf 73' lang='lat' dir='ltr'><strong>ipse</strong></span> <span class='ocrx_word' id='word_1_132' title='bbox 608 911 753 938; x_wconf 74' lang='lat' dir='ltr'><strong>dominatur</strong></span> <span class='ocrx_word' id='word_1_133' title='bbox 765 912 810 938; x_wconf 83' lang='lat' dir='ltr'><strong>toti</strong></span> <span class='ocrx_word' id='word_1_134' title='bbox 824 916 896 939; x_wconf 65' lang='lat' dir='ltr'><strong>terra</strong></span> <span class='ocrx_word' id='word_1_135' title='bbox 909 911 1028 947; x_wconf 64' lang='lat' dir='ltr'><strong>Egypti.</strong></span> 
     </span>
    </p>
   </div>
   <div class='ocr_carea' id='block_1_18' title="bbox 239 953 1029 990">
    <p class='ocr_par' dir='ltr' id='par_1_18' title="bbox 239 953 1029 990">
     <span class='ocr_line' id='line_1_18' title="bbox 239 953 1029 990; baseline 0.004 -9"><span class='ocrx_word' id='word_1_136' title='bbox 239 953 274 981; x_wconf 83' lang='lat' dir='ltr'><strong>Et</strong></span> <span class='ocrx_word' id='word_1_137' title='bbox 288 955 391 981; x_wconf 71' lang='lat' dir='ltr'><strong>excessit</strong></span> <span class='ocrx_word' id='word_1_138' title='bbox 405 960 486 982; x_wconf 83' lang='lat' dir='ltr'><strong>mente</strong></span> <span class='ocrx_word' id='word_1_139' title='bbox 499 955 578 982; x_wconf 70' lang='lat' dir='ltr'><strong>Iacob</strong></span> <span class='ocrx_word' id='word_1_140' title='bbox 590 963 599 982; x_wconf 89' lang='lat'><em>:</em></span> <span class='ocrx_word' id='word_1_141' title='bbox 610 964 660 990; x_wconf 83' lang='lat' dir='ltr'><strong>non</strong></span> <span class='ocrx_word' id='word_1_142' title='bbox 672 957 739 982; x_wconf 80' lang='lat' dir='ltr'><strong>enim</strong></span> <span class='ocrx_word' id='word_1_143' title='bbox 752 957 858 983; x_wconf 84' lang='lat' dir='ltr'><strong>credidit</strong></span> <span class='ocrx_word' id='word_1_144' title='bbox 873 957 919 984; x_wconf 74' lang='lat' dir='ltr'><strong>eis.</strong></span> <span class='ocrx_word' id='word_1_145' title='bbox 938 956 1029 990; x_wconf 78' lang='lat' dir='ltr'><strong>Vides,</strong></span> 
     </span>
    </p>
   </div>
   <div class='ocr_carea' id='block_1_19' title="bbox 239 999 1031 1037">
    <p class='ocr_par' dir='ltr' id='par_1_19' title="bbox 239 999 1031 1037">
     <span class='ocr_line' id='line_1_19' title="bbox 239 999 1031 1037; baseline 0.005 -11"><span class='ocrx_word' id='word_1_146' title='bbox 239 999 266 1026; x_wconf 90' lang='lat' dir='ltr'><strong>id</strong></span> <span class='ocrx_word' id='word_1_147' title='bbox 280 1000 351 1035; x_wconf 90' lang='lat' dir='ltr'><strong>quod</strong></span> <span class='ocrx_word' id='word_1_148' title='bbox 366 1000 485 1027; x_wconf 87' lang='lat' dir='ltr'><strong>dicebam</strong></span> <span class='ocrx_word' id='word_1_149' title='bbox 496 1022 503 1033; x_wconf 93' lang='lat'><strong>,</strong></span> <span class='ocrx_word' id='word_1_150' title='bbox 520 1000 675 1028; x_wconf 86' lang='lat' dir='ltr'><strong>incredibile</strong></span> <span class='ocrx_word' id='word_1_151' title='bbox 697 1002 722 1029; x_wconf 87' lang='lat' dir='ltr'><strong>ei</strong></span> <span class='ocrx_word' id='word_1_152' title='bbox 739 1001 824 1029; x_wconf 87' lang='lat' dir='ltr'><strong>visum</strong></span> <span class='ocrx_word' id='word_1_153' title='bbox 837 1009 900 1029; x_wconf 81' lang='lat' dir='ltr'><strong>esse</strong></span> <span class='ocrx_word' id='word_1_154' title='bbox 913 1002 982 1037; x_wconf 88' lang='lat' dir='ltr'><strong>quod</strong></span> <span class='ocrx_word' id='word_1_155' title='bbox 996 1002 1031 1030; x_wconf 86' lang='lat' dir='ltr'><strong>de</strong></span> 
     </span>
    </p>
   </div>
   <div class='ocr_carea' id='block_1_20' title="bbox 239 1045 1029 1081">
    <p class='ocr_par' dir='ltr' id='par_1_20' title="bbox 239 1045 1029 1081">
     <span class='ocr_line' id='line_1_20' title="bbox 239 1045 1029 1081; baseline 0.004 -9"><span class='ocrx_word' id='word_1_156' title='bbox 239 1045 340 1080; x_wconf 70' lang='lat' dir='ltr'><strong>Ioseph</strong></span> <span class='ocrx_word' id='word_1_157' title='bbox 362 1046 582 1079; x_wconf 87' lang='lat' dir='ltr'><strong>annttntiabatur,</strong></span> <span class='ocrx_word' id='word_1_158' title='bbox 607 1047 641 1073; x_wconf 89' lang='lat' dir='ltr'><strong>ita</strong></span> <span class='ocrx_word' id='word_1_159' title='bbox 665 1051 693 1074; x_wconf 90' lang='lat' dir='ltr'><strong>ut</strong></span> <span class='ocrx_word' id='word_1_160' title='bbox 716 1053 805 1075; x_wconf 82' lang='lat' dir='ltr'><strong>mente</strong></span> <span class='ocrx_word' id='word_1_161' title='bbox 828 1053 1029 1081; x_wconf 83' lang='lat' dir='ltr'><strong>concuteretur,</strong></span> 
     </span>
    </p>
   </div>
   <div class='ocr_carea' id='block_1_21' title="bbox 240 1090 1031 1128">
    <p class='ocr_par' dir='ltr' id='par_1_21' title="bbox 240 1090 1031 1128">
     <span class='ocr_line' id='line_1_21' title="bbox 240 1090 1031 1128; baseline 0.006 -12"><span class='ocrx_word' id='word_1_162' title='bbox 240 1095 266 1117; x_wconf 86' lang='lat' dir='ltr'><strong>et</strong></span> <span class='ocrx_word' id='word_1_163' title='bbox 280 1098 339 1125; x_wconf 66' lang='lat' dir='ltr'><strong>qua:</strong></span> <span class='ocrx_word' id='word_1_164' title='bbox 352 1098 367 1117; x_wconf 87' lang='lat' dir='ltr'><strong>a</strong></span> <span class='ocrx_word' id='word_1_165' title='bbox 380 1090 505 1118; x_wconf 80' lang='lat' dir='ltr'><strong>fratribus</strong></span> <span class='ocrx_word' id='word_1_166' title='bbox 517 1092 624 1124; x_wconf 87' lang='lat' dir='ltr'><strong>fiebant,</strong></span> <span class='ocrx_word' id='word_1_167' title='bbox 641 1093 825 1127; x_wconf 83' lang='lat' dir='ltr'><strong>deceptionem</strong></span> <span class='ocrx_word' id='word_1_168' title='bbox 837 1100 897 1121; x_wconf 84' lang='lat' dir='ltr'><strong>esse</strong></span> <span class='ocrx_word' id='word_1_169' title='bbox 908 1094 1031 1128; x_wconf 82' lang='lat' dir='ltr'><strong>putaret?</strong></span> 
     </span>
    </p>
   </div>
   <div class='ocr_carea' id='block_1_22' title="bbox 240 1135 1031 1174">
    <p class='ocr_par' dir='ltr' id='par_1_22' title="bbox 240 1135 1031 1174">
     <span class='ocr_line' id='line_1_22' title="bbox 240 1135 1031 1174; baseline 0.008 -13"><span class='ocrx_word' id='word_1_170' title='bbox 240 1135 291 1169; x_wconf 80' lang='lat' dir='ltr'><strong>Qui</strong></span> <span class='ocrx_word' id='word_1_171' title='bbox 311 1136 382 1162; x_wconf 86' lang='lat' dir='ltr'><strong>enim</strong></span> <span class='ocrx_word' id='word_1_172' title='bbox 399 1140 461 1163; x_wconf 89' lang='lat' dir='ltr'><strong>tunc</strong></span> <span class='ocrx_word' id='word_1_173' title='bbox 478 1138 620 1164; x_wconf 89' lang='lat' dir='ltr'><strong>attulerant</strong></span> <span class='ocrx_word' id='word_1_174' title='bbox 641 1143 742 1165; x_wconf 88' lang='lat' dir='ltr'><strong>vestetn</strong></span> <span class='ocrx_word' id='word_1_175' title='bbox 759 1140 887 1174; x_wconf 80' lang='lat' dir='ltr'><strong>sanguine</strong></span> <span class='ocrx_word' id='word_1_176' title='bbox 903 1139 973 1167; x_wconf 75' lang='lat' dir='ltr'><strong>btedi</strong></span> <span class='ocrx_word' id='word_1_177' title='bbox 990 1141 1031 1167; x_wconf 73' lang='lat' dir='ltr'><strong>in-</strong></span> 
     </span>
    </p>
   </div>
   <div class='ocr_carea' id='block_1_23' title="bbox 241 1182 1033 1218">
    <p class='ocr_par' dir='ltr' id='par_1_23' title="bbox 241 1182 1033 1218">
     <span class='ocr_line' id='line_1_23' title="bbox 241 1182 1033 1218; baseline 0.006 -10"><span class='ocrx_word' id='word_1_178' title='bbox 241 1182 396 1216; x_wconf 74' lang='lat' dir='ltr'><strong>quinatam,</strong></span> <span class='ocrx_word' id='word_1_179' title='bbox 416 1187 442 1210; x_wconf 82' lang='lat' dir='ltr'><strong>et</strong></span> <span class='ocrx_word' id='word_1_180' title='bbox 458 1183 525 1217; x_wconf 87' lang='lat' dir='ltr'><strong>patri</strong></span> <span class='ocrx_word' id='word_1_181' title='bbox 540 1189 728 1218; x_wconf 85' lang='lat' dir='ltr'><strong>persuaserant</strong></span> <span class='ocrx_word' id='word_1_182' title='bbox 742 1190 802 1212; x_wconf 90' lang='lat' dir='ltr'><strong>eum</strong></span> <span class='ocrx_word' id='word_1_183' title='bbox 822 1192 836 1211; x_wconf 91' lang='lat' dir='ltr'><strong>a</strong></span> <span class='ocrx_word' id='word_1_184' title='bbox 860 1185 951 1213; x_wconf 87' lang='lat' dir='ltr'><strong>bestiis</strong></span> <span class='ocrx_word' id='word_1_185' title='bbox 973 1189 1033 1213; x_wconf 82' lang='lat' dir='ltr'><strong>esse</strong></span> 
     </span>
    </p>
   </div>
   <div class='ocr_carea' id='block_1_24' title="bbox 241 1226 1033 1261">
    <p class='ocr_par' dir='ltr' id='par_1_24' title="bbox 241 1226 1033 1261">
     <span class='ocr_line' id='line_1_24' title="bbox 241 1226 1033 1261; baseline 0.006 -8"><span class='ocrx_word' id='word_1_186' title='bbox 241 1226 417 1260; x_wconf 76' lang='lat' dir='ltr'><strong>devoratum,</strong></span> <span class='ocrx_word' id='word_1_187' title='bbox 438 1234 510 1255; x_wconf 90' lang='lat' dir='ltr'><strong>nunc</strong></span> <span class='ocrx_word' id='word_1_188' title='bbox 529 1228 621 1255; x_wconf 91' lang='lat' dir='ltr'><strong>dicunt</strong></span> <span class='ocrx_word' id='word_1_189' title='bbox 643 1236 704 1256; x_wconf 89' lang='lat' dir='ltr'><strong>eum</strong></span> <span class='ocrx_word' id='word_1_190' title='bbox 727 1229 832 1261; x_wconf 82' lang='lat' dir='ltr'><strong>vivere,</strong></span> <span class='ocrx_word' id='word_1_191' title='bbox 854 1233 881 1257; x_wconf 91' lang='lat' dir='ltr'><strong>et</strong></span> <span class='ocrx_word' id='word_1_192' title='bbox 901 1230 1033 1258; x_wconf 85' lang='lat' dir='ltr'><strong>dominari</strong></span> 
     </span>
    </p>
   </div>
   <div class='ocr_carea' id='block_1_25' title="bbox 243 1271 1034 1311">
    <p class='ocr_par' dir='ltr' id='par_1_25' title="bbox 243 1271 1034 1311">
     <span class='ocr_line' id='line_1_25' title="bbox 243 1271 1034 1311; baseline 0.008 -13"><span class='ocrx_word' id='word_1_193' title='bbox 243 1272 271 1298; x_wconf 94' lang='lat' dir='ltr'><strong>in</strong></span> <span class='ocrx_word' id='word_1_194' title='bbox 287 1277 340 1299; x_wconf 87' lang='lat' dir='ltr'><strong>tota</strong></span> <span class='ocrx_word' id='word_1_195' title='bbox 355 1271 481 1308; x_wconf 67' lang='lat' dir='ltr'><strong>Egypto.</strong></span> <span class='ocrx_word' id='word_1_196' title='bbox 498 1273 531 1301; x_wconf 86' lang='lat' dir='ltr'><strong>Et</strong></span> <span class='ocrx_word' id='word_1_197' title='bbox 546 1274 650 1301; x_wconf 89' lang='lat' dir='ltr'><strong>turbata</strong></span> <span class='ocrx_word' id='word_1_198' title='bbox 671 1277 761 1303; x_wconf 77' lang='lat' dir='ltr'><strong>mente</strong></span> <span class='ocrx_word' id='word_1_199' title='bbox 774 1275 906 1310; x_wconf 83' lang='lat' dir='ltr'><strong>cogitabat</strong></span> <span class='ocrx_word' id='word_1_200' title='bbox 920 1276 988 1311; x_wconf 90' lang='lat' dir='ltr'><strong>apud</strong></span> <span class='ocrx_word' id='word_1_201' title='bbox 1004 1283 1034 1304; x_wconf 85' lang='lat' dir='ltr'><strong>se</strong></span> 
     </span>
    </p>
   </div>
   <div class='ocr_carea' id='block_1_26' title="bbox 243 1318 1033 1353">
    <p class='ocr_par' dir='ltr' id='par_1_26' title="bbox 243 1318 1033 1353">
     <span class='ocr_line' id='line_1_26' title="bbox 243 1318 1033 1353; baseline 0.006 -8"><span class='ocrx_word' id='word_1_202' title='bbox 243 1318 378 1353; x_wconf 85' lang='lat' dir='ltr'><strong>quomodo</strong></span> <span class='ocrx_word' id='word_1_203' title='bbox 399 1319 494 1346; x_wconf 83' lang='lat' dir='ltr'><strong>rationi</strong></span> <span class='ocrx_word' id='word_1_204' title='bbox 518 1324 589 1346; x_wconf 85' lang='lat' dir='ltr'><strong>esset</strong></span> <span class='ocrx_word' id='word_1_205' title='bbox 612 1319 663 1347; x_wconf 91' lang='lat' dir='ltr'><strong>boc</strong></span> <span class='ocrx_word' id='word_1_206' title='bbox 686 1326 913 1349; x_wconf 88' lang='lat' dir='ltr'><strong>consentaneum:</strong></span> <span class='ocrx_word' id='word_1_207' title='bbox 929 1329 989 1349; x_wconf 86' lang='lat' dir='ltr'><strong>nam</strong></span> <span class='ocrx_word' id='word_1_208' title='bbox 1011 1325 1033 1350; x_wconf 84' lang='lat' dir='ltr'><strong>sl</strong></span> 
     </span>
    </p>
   </div>
   <div class='ocr_carea' id='block_1_27' title="bbox 245 1363 1035 1402">
    <p class='ocr_par' dir='ltr' id='par_1_27' title="bbox 245 1363 1035 1402">
     <span class='ocr_line' id='line_1_27' title="bbox 245 1363 1035 1402; baseline 0.006 -12"><span class='ocrx_word' id='word_1_209' title='bbox 245 1367 336 1390; x_wconf 83' lang='lat' dir='ltr'><strong>verum</strong></span> <span class='ocrx_word' id='word_1_210' title='bbox 350 1368 390 1391; x_wconf 85' lang='lat' dir='ltr'><strong>est</strong></span> <span class='ocrx_word' id='word_1_211' title='bbox 403 1363 465 1391; x_wconf 94' lang='lat' dir='ltr'><strong>illud</strong></span> <span class='ocrx_word' id='word_1_212' title='bbox 479 1363 551 1399; x_wconf 88' lang='lat' dir='ltr'><strong>prius</strong></span> <span class='ocrx_word' id='word_1_213' title='bbox 562 1364 672 1399; x_wconf 90' lang='lat' dir='ltr'><strong>dictum,</strong></span> <span class='ocrx_word' id='word_1_214' title='bbox 684 1366 819 1401; x_wconf 80' lang='lat' dir='ltr'><strong>quomodo</strong></span> <span class='ocrx_word' id='word_1_215' title='bbox 830 1372 934 1402; x_wconf 82' lang='lat' dir='ltr'><strong>poterat</strong></span> <span class='ocrx_word' id='word_1_216' title='bbox 945 1368 1035 1395; x_wconf 78' lang='lat' dir='ltr'><strong>Credi?</strong></span> 
     </span>
    </p>
   </div>
   <div class='ocr_carea' id='block_1_28' title="bbox 245 1408 1035 1444">
    <p class='ocr_par' dir='ltr' id='par_1_28' title="bbox 245 1408 1035 1444">
     <span class='ocr_line' id='line_1_28' title="bbox 245 1408 1035 1444; baseline 0.008 -10"><span class='ocrx_word' id='word_1_217' title='bbox 245 1409 267 1434; x_wconf 96' lang='lat' dir='ltr'><strong>si</strong></span> <span class='ocrx_word' id='word_1_218' title='bbox 283 1413 372 1435; x_wconf 86' lang='lat' dir='ltr'><strong>autem</strong></span> <span class='ocrx_word' id='word_1_219' title='bbox 394 1408 446 1436; x_wconf 89' lang='lat' dir='ltr'><strong>hoc</strong></span> <span class='ocrx_word' id='word_1_220' title='bbox 458 1409 618 1437; x_wconf 86' lang='lat' dir='ltr'><strong>credendum</strong></span> <span class='ocrx_word' id='word_1_221' title='bbox 633 1415 659 1437; x_wconf 90' lang='lat' dir='ltr'><strong>ct</strong></span> <span class='ocrx_word' id='word_1_222' title='bbox 673 1418 765 1438; x_wconf 87' lang='lat' dir='ltr'><strong>verum</strong></span> <span class='ocrx_word' id='word_1_223' title='bbox 776 1432 783 1444; x_wconf 91' lang='lat'><strong>,</strong></span> <span class='ocrx_word' id='word_1_224' title='bbox 805 1412 868 1439; x_wconf 88' lang='lat' dir='ltr'><strong>illud</strong></span> <span class='ocrx_word' id='word_1_225' title='bbox 881 1414 1035 1440; x_wconf 83' lang='lat' dir='ltr'><strong>necessario</strong></span> 
     </span>
    </p>
   </div>
   <div class='ocr_carea' id='block_1_29' title="bbox 244 1453 1035 1494">
    <p class='ocr_par' dir='ltr' id='par_1_29' title="bbox 244 1453 1035 1494">
     <span class='ocr_line' id='line_1_29' title="bbox 244 1453 1035 1494; baseline 0.008 -14"><span class='ocrx_word' id='word_1_226' title='bbox 244 1453 324 1481; x_wconf 86' lang='lat' dir='ltr'><strong>fuerit</strong></span> <span class='ocrx_word' id='word_1_227' title='bbox 335 1454 511 1482; x_wconf 84' lang='lat' dir='ltr'><strong>mendacium.</strong></span> <span class='ocrx_word' id='word_1_228' title='bbox 522 1455 647 1483; x_wconf 84' lang='lat' dir='ltr'><strong>Turbavit</strong></span> <span class='ocrx_word' id='word_1_229' title='bbox 657 1461 744 1484; x_wconf 88' lang='lat' dir='ltr'><strong>autem</strong></span> <span class='ocrx_word' id='word_1_230' title='bbox 755 1463 814 1484; x_wconf 85' lang='lat' dir='ltr'><strong>cum</strong></span> <span class='ocrx_word' id='word_1_231' title='bbox 826 1459 948 1490; x_wconf 78' lang='lat' dir='ltr'><strong>maxime,</strong></span> <span class='ocrx_word' id='word_1_232' title='bbox 964 1461 1035 1494; x_wconf 91' lang='lat' dir='ltr'><strong>quod</strong></span> 
     </span>
    </p>
   </div>
   <div class='ocr_carea' id='block_1_30' title="bbox 245 1499 1035 1534">
    <p class='ocr_par' dir='ltr' id='par_1_30' title="bbox 245 1499 1035 1534">
     <span class='ocr_line' id='line_1_30' title="bbox 245 1499 1035 1534; baseline 0.009 -9"><span class='ocrx_word' id='word_1_233' title='bbox 245 1499 317 1526; x_wconf 78' lang='lat' dir='ltr'><strong>aliud</strong></span> <span class='ocrx_word' id='word_1_234' title='bbox 333 1507 346 1526; x_wconf 87' lang='lat' dir='ltr'><strong>a</strong></span> <span class='ocrx_word' id='word_1_235' title='bbox 362 1499 420 1527; x_wconf 89' lang='lat' dir='ltr'><strong>filiis</strong></span> <span class='ocrx_word' id='word_1_236' title='bbox 437 1504 514 1528; x_wconf 81' lang='lat' dir='ltr'><strong>antea</strong></span> <span class='ocrx_word' id='word_1_237' title='bbox 534 1502 669 1534; x_wconf 86' lang='lat' dir='ltr'><strong>audierat,</strong></span> <span class='ocrx_word' id='word_1_238' title='bbox 686 1508 712 1529; x_wconf 91' lang='lat' dir='ltr'><strong>et</strong></span> <span class='ocrx_word' id='word_1_239' title='bbox 726 1503 776 1529; x_wconf 84' lang='lat' dir='ltr'><strong>alia</strong></span> <span class='ocrx_word' id='word_1_240' title='bbox 797 1510 867 1531; x_wconf 90' lang='lat' dir='ltr'><strong>nunc</strong></span> <span class='ocrx_word' id='word_1_241' title='bbox 887 1504 921 1531; x_wconf 84' lang='lat' dir='ltr'><strong>ab</strong></span> <span class='ocrx_word' id='word_1_242' title='bbox 934 1505 1035 1532; x_wconf 86' lang='lat' dir='ltr'><strong>eisdem</strong></span> 
     </span>
    </p>
   </div>
   <div class='ocr_carea' id='block_1_31' title="bbox 246 1544 1036 1582">
    <p class='ocr_par' dir='ltr' id='par_1_31' title="bbox 246 1544 1036 1582">
     <span class='ocr_line' id='line_1_31' title="bbox 246 1544 1036 1582; baseline 0.009 -11"><span class='ocrx_word' id='word_1_243' title='bbox 246 1544 370 1572; x_wconf 83' lang='lat' dir='ltr'><strong>disceret.</strong></span> <span class='ocrx_word' id='word_1_244' title='bbox 387 1545 512 1574; x_wconf 87' lang='lat' dir='ltr'><strong>Videntes</strong></span> <span class='ocrx_word' id='word_1_245' title='bbox 531 1547 609 1582; x_wconf 80' lang='lat' dir='ltr'><strong>igitur</strong></span> <span class='ocrx_word' id='word_1_246' title='bbox 624 1547 706 1582; x_wconf 85' lang='lat' dir='ltr'><strong>patris</strong></span> <span class='ocrx_word' id='word_1_247' title='bbox 727 1548 920 1582; x_wconf 85' lang='lat' dir='ltr'><strong>turbationem,</strong></span> <span class='ocrx_word' id='word_1_248' title='bbox 941 1553 969 1578; x_wconf 82' lang='lat' dir='ltr'><strong>et</strong></span> <span class='ocrx_word' id='word_1_249' title='bbox 989 1559 1036 1578; x_wconf 90' lang='lat' dir='ltr'><strong>vo-</strong></span> 
     </span>
    </p>
   </div>
   <div class='ocr_carea' id='block_1_32' title="bbox 246 1589 1034 1628">
    <p class='ocr_par' dir='ltr' id='par_1_32' title="bbox 246 1589 1034 1628">
     <span class='ocr_line' id='line_1_32' title="bbox 246 1589 1034 1628; baseline 0.01 -13"><span class='ocrx_word' id='word_1_250' title='bbox 246 1589 331 1617; x_wconf 89' lang='lat' dir='ltr'><strong>lentes</strong></span> <span class='ocrx_word' id='word_1_251' title='bbox 344 1591 367 1617; x_wconf 91' lang='lat' dir='ltr'><strong>ei</strong></span> <span class='ocrx_word' id='word_1_252' title='bbox 384 1590 502 1625; x_wconf 89' lang='lat' dir='ltr'><strong>pluribus</strong></span> <span class='ocrx_word' id='word_1_253' title='bbox 515 1594 677 1626; x_wconf 79' lang='lat' dir='ltr'><strong>argumentis</strong></span> <span class='ocrx_word' id='word_1_254' title='bbox 699 1594 869 1628; x_wconf 82' lang='lat' dir='ltr'><strong>persuadere,</strong></span> <span class='ocrx_word' id='word_1_255' title='bbox 893 1602 921 1622; x_wconf 89' lang='lat' dir='ltr'><strong>se</strong></span> <span class='ocrx_word' id='word_1_256' title='bbox 943 1593 1034 1623; x_wconf 72' lang='lat' dir='ltr'><strong>veium</strong></span> 
     </span>
    </p>
   </div>
   <div class='ocr_carea' id='block_1_33' title="bbox 248 1634 1036 1676">
    <p class='ocr_par' dir='ltr' id='par_1_33' title="bbox 248 1634 1036 1676">
     <span class='ocr_line' id='line_1_33' title="bbox 248 1634 1036 1676; baseline 0.008 -14"><span class='ocrx_word' id='word_1_257' title='bbox 248 1636 347 1668; x_wconf 85' lang='lat' dir='ltr'><strong>dicere,</strong></span> <span class='ocrx_word' id='word_1_258' title='bbox 363 1634 407 1663; x_wconf 68' lang='lat'><strong>27.</strong></span> <span class='ocrx_word' id='word_1_259' title='bbox 425 1636 533 1671; x_wconf 69' lang='lat' dir='ltr'><strong>Loqttutl</strong></span> <span class='ocrx_word' id='word_1_260' title='bbox 551 1639 641 1664; x_wconf 65' lang='grc' dir='ltr'><strong>διίηιεὶ</strong></span> <span class='ocrx_word' id='word_1_261' title='bbox 654 1641 736 1666; x_wconf 84' lang='lat' dir='ltr'><strong>omnia</strong></span> <span class='ocrx_word' id='word_1_262' title='bbox 751 1648 806 1674; x_wconf 79' lang='lat' dir='ltr'><strong>qua:</strong></span> <span class='ocrx_word' id='word_1_263' title='bbox 826 1648 841 1665; x_wconf 87' lang='lat' dir='ltr'><strong>a</strong></span> <span class='ocrx_word' id='word_1_264' title='bbox 860 1639 955 1676; x_wconf 80' lang='lat' dir='ltr'><strong>Ioseph</strong></span> <span class='ocrx_word' id='word_1_265' title='bbox 969 1642 1036 1669; x_wconf 81' lang='lat' dir='ltr'><strong>dicta</strong></span> 
     </span>
    </p>
   </div>
   <div class='ocr_carea' id='block_1_34' title="bbox 248 1684 1037 1721">
    <p class='ocr_par' dir='ltr' id='par_1_34' title="bbox 248 1684 1037 1721">
     <span class='ocr_line' id='line_1_34' title="bbox 248 1684 1037 1721; baseline 0.009 -14"><span class='ocrx_word' id='word_1_266' title='bbox 248 1686 330 1714; x_wconf 85' lang='lat' dir='ltr'><strong>erant,</strong></span> <span class='ocrx_word' id='word_1_267' title='bbox 343 1686 367 1708; x_wconf 87' lang='lat' dir='ltr'><strong>et</strong></span> <span class='ocrx_word' id='word_1_268' title='bbox 381 1691 542 1718; x_wconf 50' lang='lat' dir='ltr'><strong>quarumque</strong></span> <span class='ocrx_word' id='word_1_269' title='bbox 554 1684 601 1710; x_wconf 77' lang='lat' dir='ltr'><strong>sibi</strong></span> <span class='ocrx_word' id='word_1_270' title='bbox 616 1684 789 1711; x_wconf 62' lang='lat' dir='ltr'><strong>tttan&#39;dat&#39;erut.</strong></span> <span class='ocrx_word' id='word_1_271' title='bbox 811 1685 843 1712; x_wconf 89' lang='lat' dir='ltr'><strong>Et</strong></span> <span class='ocrx_word' id='word_1_272' title='bbox 863 1692 952 1720; x_wconf 76' lang='lat' dir='ltr'><strong>postea</strong></span> <span class='ocrx_word' id='word_1_273' title='bbox 975 1695 1037 1721; x_wconf 88' lang='lat' dir='ltr'><strong>pro-</strong></span> 
     </span>
    </p>
   </div>
   <div class='ocr_carea' id='block_1_35' title="bbox 248 1726 1035 1764">
    <p class='ocr_par' dir='ltr' id='par_1_35' title="bbox 248 1726 1035 1764">
     <span class='ocr_line' id='line_1_35' title="bbox 248 1726 1035 1764; baseline 0.009 -13"><span class='ocrx_word' id='word_1_274' title='bbox 248 1726 365 1753; x_wconf 88' lang='lat' dir='ltr'><strong>tulerunt</strong></span> <span class='ocrx_word' id='word_1_275' title='bbox 379 1726 492 1760; x_wconf 80' lang='lat' dir='ltr'><strong>plaustra</strong></span> <span class='ocrx_word' id='word_1_276' title='bbox 505 1748 513 1760; x_wconf 94' lang='lat'><strong>,</strong></span> <span class='ocrx_word' id='word_1_277' title='bbox 527 1732 553 1755; x_wconf 87' lang='lat' dir='ltr'><strong>et</strong></span> <span class='ocrx_word' id='word_1_278' title='bbox 564 1728 632 1755; x_wconf 90' lang='lat' dir='ltr'><strong>dona</strong></span> <span class='ocrx_word' id='word_1_279' title='bbox 646 1737 704 1763; x_wconf 74' lang='lat' dir='ltr'><strong>qua:</strong></span> <span class='ocrx_word' id='word_1_280' title='bbox 717 1737 731 1755; x_wconf 89' lang='lat' dir='ltr'><strong>a</strong></span> <span class='ocrx_word' id='word_1_281' title='bbox 746 1728 843 1764; x_wconf 80' lang='lat' dir='ltr'><strong>Ioseph</strong></span> <span class='ocrx_word' id='word_1_282' title='bbox 858 1731 937 1757; x_wconf 87' lang='lat' dir='ltr'><strong>missa</strong></span> <span class='ocrx_word' id='word_1_283' title='bbox 951 1736 1035 1763; x_wconf 85' lang='lat' dir='ltr'><strong>erant,</strong></span> 
     </span>
    </p>
   </div>
   <div class='ocr_carea' id='block_1_36' title="bbox 249 1771 1038 1809">
    <p class='ocr_par' dir='ltr' id='par_1_36' title="bbox 249 1771 1038 1809">
     <span class='ocr_line' id='line_1_36' title="bbox 249 1771 1038 1809; baseline 0.006 -11"><span class='ocrx_word' id='word_1_284' title='bbox 249 1776 276 1798; x_wconf 87' lang='lat' dir='ltr'><strong>et</strong></span> <span class='ocrx_word' id='word_1_285' title='bbox 290 1772 333 1799; x_wconf 89' lang='lat' dir='ltr'><strong>vix</strong></span> <span class='ocrx_word' id='word_1_286' title='bbox 354 1772 458 1799; x_wconf 73' lang='lat' dir='ltr'><strong>tandem</strong></span> <span class='ocrx_word' id='word_1_287' title='bbox 483 1772 601 1800; x_wconf 87' lang='lat' dir='ltr'><strong>fecerunt</strong></span> <span class='ocrx_word' id='word_1_288' title='bbox 624 1771 701 1800; x_wconf 84' lang='lat' dir='ltr'><strong>fidem</strong></span> <span class='ocrx_word' id='word_1_289' title='bbox 719 1775 801 1809; x_wconf 81' lang='lat' dir='ltr'><strong>patri,</strong></span> <span class='ocrx_word' id='word_1_290' title='bbox 817 1784 869 1802; x_wconf 80' lang='lat' dir='ltr'><strong>non</strong></span> <span class='ocrx_word' id='word_1_291' title='bbox 885 1783 944 1803; x_wconf 74' lang='lat' dir='ltr'><strong>esse</strong></span> <span class='ocrx_word' id='word_1_292' title='bbox 964 1784 1038 1803; x_wconf 87' lang='lat' dir='ltr'><strong>mett-</strong></span> 
     </span>
    </p>
   </div>
   <div class='ocr_carea' id='block_1_37' title="bbox 249 1815 1037 1856">
    <p class='ocr_par' dir='ltr' id='par_1_37' title="bbox 249 1815 1037 1856">
     <span class='ocr_line' id='line_1_37' title="bbox 249 1815 1037 1856; baseline 0.006 -13"><span class='ocrx_word' id='word_1_293' title='bbox 249 1815 324 1844; x_wconf 88' lang='lat' dir='ltr'><strong>dacia</strong></span> <span class='ocrx_word' id='word_1_294' title='bbox 340 1825 398 1851; x_wconf 70' lang='lat' dir='ltr'><strong>qua:</strong></span> <span class='ocrx_word' id='word_1_295' title='bbox 411 1824 425 1843; x_wconf 87' lang='lat' dir='ltr'><strong>a</strong></span> <span class='ocrx_word' id='word_1_296' title='bbox 439 1825 468 1845; x_wconf 84' lang='lat' dir='ltr'><strong>se</strong></span> <span class='ocrx_word' id='word_1_297' title='bbox 487 1817 650 1845; x_wconf 80' lang='lat' dir='ltr'><strong>dicerentur.</strong></span> <span class='ocrx_word' id='word_1_298' title='bbox 665 1818 728 1846; x_wconf 86' lang='lat' dir='ltr'><strong>Nam</strong></span> <span class='ocrx_word' id='word_1_299' title='bbox 744 1819 836 1847; x_wconf 83' lang='lat' dir='ltr'><strong>videns</strong></span> <span class='ocrx_word' id='word_1_300' title='bbox 850 1821 964 1854; x_wconf 83' lang='lat' dir='ltr'><strong>plaustra</strong></span> <span class='ocrx_word' id='word_1_301' title='bbox 978 1829 1037 1856; x_wconf 76' lang='lat' dir='ltr'><strong>qua:</strong></span> 
     </span>
    </p>
   </div>
   <div class='ocr_carea' id='block_1_38' title="bbox 251 1862 1035 1901">
    <p class='ocr_par' dir='ltr' id='par_1_38' title="bbox 251 1862 1035 1901">
     <span class='ocr_line' id='line_1_38' title="bbox 251 1862 1035 1901; baseline 0.008 -14"><span class='ocrx_word' id='word_1_302' title='bbox 251 1862 330 1888; x_wconf 86' lang='lat' dir='ltr'><strong>missa</strong></span> <span class='ocrx_word' id='word_1_303' title='bbox 352 1867 447 1894; x_wconf 77' lang='lat' dir='ltr'><strong>erant,</strong></span> <span class='ocrx_word' id='word_1_304' title='bbox 470 1868 498 1890; x_wconf 91' lang='lat' dir='ltr'><strong>ttt</strong></span> <span class='ocrx_word' id='word_1_305' title='bbox 517 1863 692 1891; x_wconf 84' lang='lat' dir='ltr'><strong>descenderet</strong></span> <span class='ocrx_word' id='word_1_306' title='bbox 702 1865 730 1891; x_wconf 90' lang='lat' dir='ltr'><strong>in</strong></span> <span class='ocrx_word' id='word_1_307' title='bbox 743 1864 898 1901; x_wconf 61' lang='lat' dir='ltr'><strong>Aigyptutn,</strong></span> <span class='ocrx_word' id='word_1_308' title='bbox 922 1865 1035 1893; x_wconf 83' lang='lat' dir='ltr'><strong>Primum</strong></span> 
     </span>
    </p>
   </div>
   <div class='ocr_carea' id='block_1_39' title="bbox 248 1908 1036 1946">
    <p class='ocr_par' dir='ltr' id='par_1_39' title="bbox 248 1908 1036 1946">
     <span class='ocr_line' id='line_1_39' title="bbox 248 1908 1036 1946; baseline 0.008 -12"><span class='ocrx_word' id='word_1_309' title='bbox 248 1908 359 1942; x_wconf 81' lang='lat' dir='ltr'><strong>vigorem</strong></span> <span class='ocrx_word' id='word_1_310' title='bbox 378 1909 599 1944; x_wconf 78' lang='lat' dir='ltr'><strong>rerepit,’inq‘uit.</strong></span> <span class='ocrx_word' id='word_1_311' title='bbox 629 1910 715 1938; x_wconf 82' lang='lat' dir='ltr'><strong>Senex</strong></span> <span class='ocrx_word' id='word_1_312' title='bbox 728 1932 734 1943; x_wconf 95' lang='lat'><strong>,</strong></span> <span class='ocrx_word' id='word_1_313' title='bbox 756 1911 905 1946; x_wconf 81' lang='lat' dir='ltr'><strong>decrepitus</strong></span> <span class='ocrx_word' id='word_1_314' title='bbox 918 1933 925 1943; x_wconf 83' lang='lat'><strong>,</strong></span> <span class='ocrx_word' id='word_1_315' title='bbox 938 1916 1036 1940; x_wconf 85' lang='lat' dir='ltr'><strong>terram</strong></span> 
     </span>
    </p>
   </div>
   <div class='ocr_carea' id='block_1_40' title="bbox 249 1954 1036 1991">
    <p class='ocr_par' dir='ltr' id='par_1_40' title="bbox 249 1954 1036 1991">
     <span class='ocr_line' id='line_1_40' title="bbox 249 1954 1036 1991; baseline 0.008 -12"><span class='ocrx_word' id='word_1_316' title='bbox 249 1958 384 1987; x_wconf 87' lang='lat' dir='ltr'><strong>spectans.</strong></span> <span class='ocrx_word' id='word_1_317' title='bbox 410 1954 546 1982; x_wconf 84' lang='lat' dir='ltr'><strong>alacritate</strong></span> <span class='ocrx_word' id='word_1_318' title='bbox 559 1955 650 1982; x_wconf 81' lang='lat' dir='ltr'><strong>’animi</strong></span> <span class='ocrx_word' id='word_1_319' title='bbox 673 1954 812 1983; x_wconf 86' lang='lat' dir='ltr'><strong>confestim</strong></span> <span class='ocrx_word' id='word_1_320' title='bbox 837 1957 1036 1991; x_wconf 81' lang='lat' dir='ltr'><strong>juvenescebat.</strong></span> 
     </span>
    </p>
   </div>
   <div class='ocr_carea' id='block_1_41' title="bbox 247 1998 1038 2037">
    <p class='ocr_par' dir='ltr' id='par_1_41' title="bbox 247 1998 1038 2037">
     <span class='ocr_line' id='line_1_41' title="bbox 247 1998 1038 2037; baseline 0.006 -12"><span class='ocrx_word' id='word_1_321' title='bbox 247 1999 316 2035; x_wconf 83' lang='lat' dir='ltr'><strong>Quid</strong></span> <span class='ocrx_word' id='word_1_322' title='bbox 332 2004 382 2032; x_wconf 91' lang='lat' dir='ltr'><strong>est,</strong></span> <span class='ocrx_word' id='word_1_323' title='bbox 398 1998 515 2027; x_wconf 79' lang='lat' dir='ltr'><strong>Primum</strong></span> <span class='ocrx_word' id='word_1_324' title='bbox 530 2002 643 2036; x_wconf 63' lang='lat' dir='ltr'><strong>vigorem</strong></span> <span class='ocrx_word' id='word_1_325' title='bbox 657 2002 770 2037; x_wconf 79' lang='lat' dir='ltr'><strong>recepit?</strong></span> <span class='ocrx_word' id='word_1_326' title='bbox 785 2002 858 2029; x_wconf 91' lang='lat' dir='ltr'><strong>Sicut</strong></span> <span class='ocrx_word' id='word_1_327' title='bbox 873 2004 939 2037; x_wconf 78' lang='lat' dir='ltr'><strong>ignis</strong></span> <span class='ocrx_word' id='word_1_328' title='bbox 958 2004 984 2030; x_wconf 95' lang='lat' dir='ltr'><strong>in</strong></span> <span class='ocrx_word' id='word_1_329' title='bbox 998 2004 1038 2030; x_wconf 91' lang='lat' dir='ltr'><strong>lu-</strong></span> 
     </span>
    </p>
   </div>
   <div class='ocr_carea' id='block_1_42' title="bbox 248 2046 1039 2084">
    <p class='ocr_par' dir='ltr' id='par_1_42' title="bbox 248 2046 1039 2084">
     <span class='ocr_line' id='line_1_42' title="bbox 248 2046 1039 2084; baseline 0.005 -12"><span class='ocrx_word' id='word_1_330' title='bbox 248 2053 340 2079; x_wconf 88' lang='lat' dir='ltr'><strong>cerna,</strong></span> <span class='ocrx_word' id='word_1_331' title='bbox 354 2046 460 2080; x_wconf 82' lang='lat' dir='ltr'><strong>quando</strong></span> <span class='ocrx_word' id='word_1_332' title='bbox 474 2047 563 2073; x_wconf 63' lang='lat' dir='ltr'><strong>deficit</strong></span> <span class='ocrx_word' id='word_1_333' title='bbox 576 2047 626 2074; x_wconf 82' lang='lat' dir='ltr'><strong>olei</strong></span> <span class='ocrx_word' id='word_1_334' title='bbox 642 2048 775 2079; x_wconf 82' lang='lat' dir='ltr'><strong>alimonia,</strong></span> <span class='ocrx_word' id='word_1_335' title='bbox 792 2053 817 2074; x_wconf 88' lang='lat' dir='ltr'><strong>et</strong></span> <span class='ocrx_word' id='word_1_336' title='bbox 829 2048 883 2082; x_wconf 78' lang='lat' dir='ltr'><strong>jam</strong></span> <span class='ocrx_word' id='word_1_337' title='bbox 895 2050 1039 2084; x_wconf 70' lang='lat' dir='ltr'><strong>exstingui-</strong></span> 
     </span>
    </p>
   </div>
   <div class='ocr_carea' id='block_1_43' title="bbox 249 2092 1038 2128">
    <p class='ocr_par' dir='ltr' id='par_1_43' title="bbox 249 2092 1038 2128">
     <span class='ocr_line' id='line_1_43' title="bbox 249 2092 1038 2128; baseline 0.008 -11"><span class='ocrx_word' id='word_1_338' title='bbox 249 2097 302 2124; x_wconf 87' lang='lat' dir='ltr'><strong>tur,</strong></span> <span class='ocrx_word' id='word_1_339' title='bbox 317 2092 337 2118; x_wconf 89' lang='lat' dir='ltr'><strong>si</strong></span> <span class='ocrx_word' id='word_1_340' title='bbox 352 2097 446 2126; x_wconf 87' lang='lat' dir='ltr'><strong>parum</strong></span> <span class='ocrx_word' id='word_1_341' title='bbox 459 2092 518 2126; x_wconf 84' lang='lat' dir='ltr'><strong>quis</strong></span> <span class='ocrx_word' id='word_1_342' title='bbox 533 2093 583 2118; x_wconf 80' lang='lat' dir='ltr'><strong>olei</strong></span> <span class='ocrx_word' id='word_1_343' title='bbox 605 2093 737 2124; x_wconf 83' lang='lat' dir='ltr'><strong>infuderit,</strong></span> <span class='ocrx_word' id='word_1_344' title='bbox 755 2099 863 2127; x_wconf 83' lang='lat' dir='ltr'><strong>repente</strong></span> <span class='ocrx_word' id='word_1_345' title='bbox 877 2095 919 2128; x_wconf 89' lang='lat' dir='ltr'><strong>qui</strong></span> <span class='ocrx_word' id='word_1_346' title='bbox 937 2096 1038 2123; x_wconf 86' lang='lat' dir='ltr'><strong>exstin-</strong></span> 
     </span>
    </p>
   </div>
   <div class='ocr_carea' id='block_1_44' title="bbox 249 2137 1039 2172">
    <p class='ocr_par' dir='ltr' id='par_1_44' title="bbox 249 2137 1039 2172">
     <span class='ocr_line' id='line_1_44' title="bbox 249 2137 1039 2172; baseline 0.008 -9"><span class='ocrx_word' id='word_1_347' title='bbox 249 2138 293 2172; x_wconf 88' lang='lat' dir='ltr'><strong>gui</strong></span> <span class='ocrx_word' id='word_1_348' title='bbox 310 2137 467 2171; x_wconf 87' lang='lat' dir='ltr'><strong>putabatur,</strong></span> <span class='ocrx_word' id='word_1_349' title='bbox 487 2137 625 2164; x_wconf 84' lang='lat' dir='ltr'><strong>clariorem</strong></span> <span class='ocrx_word' id='word_1_350' title='bbox 640 2139 736 2165; x_wconf 82' lang='lat' dir='ltr'><strong>emittit</strong></span> <span class='ocrx_word' id='word_1_351' title='bbox 748 2139 832 2166; x_wconf 88' lang='lat' dir='ltr'><strong>lttcetn</strong></span> <span class='ocrx_word' id='word_1_352' title='bbox 847 2148 853 2166; x_wconf 71' lang='grc' dir='ltr'><em>τ</em></span> <span class='ocrx_word' id='word_1_353' title='bbox 867 2141 900 2167; x_wconf 90' lang='lat' dir='ltr'><strong>ita</strong></span> <span class='ocrx_word' id='word_1_354' title='bbox 917 2146 943 2168; x_wconf 86' lang='lat' dir='ltr'><strong>et</strong></span> <span class='ocrx_word' id='word_1_355' title='bbox 957 2149 1039 2169; x_wconf 84' lang='lat' dir='ltr'><strong>senex</strong></span> 
     </span>
    </p>
   </div>
   <div class='ocr_carea' id='block_1_45' title="bbox 250 2182 1040 2218">
    <p class='ocr_par' dir='ltr' id='par_1_45' title="bbox 250 2182 1040 2218">
     <span class='ocr_line' id='line_1_45' title="bbox 250 2182 1040 2218; baseline 0.006 -9"><span class='ocrx_word' id='word_1_356' title='bbox 250 2182 293 2209; x_wconf 83' lang='lat' dir='ltr'><strong>ille</strong></span> <span class='ocrx_word' id='word_1_357' title='bbox 318 2189 372 2216; x_wconf 62' lang='lat' dir='ltr'><strong>pro:</strong></span> <span class='ocrx_word' id='word_1_358' title='bbox 395 2182 500 2209; x_wconf 76' lang='lat' dir='ltr'><strong>tristitia</strong></span> <span class='ocrx_word' id='word_1_359' title='bbox 531 2182 583 2216; x_wconf 85' lang='lat' dir='ltr'><strong>jam</strong></span> <span class='ocrx_word' id='word_1_360' title='bbox 616 2183 745 2218; x_wconf 77' lang='lat' dir='ltr'><strong>exstingui</strong></span> <span class='ocrx_word' id='word_1_361' title='bbox 769 2185 915 2212; x_wconf 79' lang='lat' dir='ltr'><strong>videbatur.</strong></span> <span class='ocrx_word' id='word_1_362' title='bbox 948 2185 1040 2214; x_wconf 81' lang='lat' dir='ltr'><strong>Noluit</strong></span> 
     </span>
    </p>
   </div>
   <div class='ocr_carea' id='block_1_46' title="bbox 249 2227 1039 2267">
    <p class='ocr_par' dir='ltr' id='par_1_46' title="bbox 249 2227 1039 2267">
     <span class='ocr_line' id='line_1_46' title="bbox 249 2227 1039 2267; baseline 0.008 -12"><span class='ocrx_word' id='word_1_363' title='bbox 249 2227 331 2263; x_wconf 76' lang='lat' dir='ltr'><strong>enim,</strong></span> <span class='ocrx_word' id='word_1_364' title='bbox 347 2227 440 2265; x_wconf 86' lang='lat' dir='ltr'><strong>inquit,</strong></span> <span class='ocrx_word' id='word_1_365' title='bbox 461 2230 655 2257; x_wconf 73' lang='lat' dir='ltr'><strong>consolationem</strong></span> <span class='ocrx_word' id='word_1_366' title='bbox 670 2230 781 2267; x_wconf 76' lang='lat' dir='ltr'><strong>accipere</strong></span> <span class='ocrx_word' id='word_1_367' title='bbox 791 2252 798 2265; x_wconf 86' lang='lat'><strong>,</strong></span> <span class='ocrx_word' id='word_1_368' title='bbox 813 2231 895 2259; x_wconf 71' lang='lat' dir='ltr'><strong>dicens</strong></span> <span class='ocrx_word' id='word_1_369' title='bbox 907 2239 916 2260; x_wconf 82' lang='lat'><strong><em>:</em></strong></span> <span class='ocrx_word' id='word_1_370' title='bbox 930 2231 1039 2261; x_wconf 78' lang='lat' dir='ltr'><strong>Descen-</strong></span> 
     </span>
    </p>
   </div>
   <div class='ocr_carea' id='block_1_47' title="bbox 249 2274 1039 2312">
    <p class='ocr_par' dir='ltr' id='par_1_47' title="bbox 249 2274 1039 2312">
     <span class='ocr_line' id='line_1_47' title="bbox 249 2274 1039 2312; baseline 0.009 -13"><span class='ocrx_word' id='word_1_371' title='bbox 249 2274 308 2300; x_wconf 87' lang='lat' dir='ltr'><strong>dam</strong></span> <span class='ocrx_word' id='word_1_372' title='bbox 334 2275 420 2309; x_wconf 76' lang='lat' dir='ltr'><strong>lugens</strong></span> <span class='ocrx_word' id='word_1_373' title='bbox 447 2275 473 2301; x_wconf 85' lang='lat' dir='ltr'><strong>in</strong></span> <span class='ocrx_word' id='word_1_374' title='bbox 494 2276 620 2310; x_wconf 73' lang='lat' dir='ltr'><strong>iit/emunt</strong></span> <span class='ocrx_word' id='word_1_375' title='bbox 641 2275 717 2311; x_wconf 77' lang='lat' dir='ltr'><strong>(Gen.</strong></span> <span class='ocrx_word' id='word_1_376' title='bbox 740 2275 785 2304; x_wconf 80' lang='grc'><strong>57.</strong></span> <span class='ocrx_word' id='word_1_377' title='bbox 805 2276 925 2312; x_wconf 74' lang='lat' dir='ltr'><strong>35).Ubi</strong></span> <span class='ocrx_word' id='word_1_378' title='bbox 950 2283 1039 2306; x_wconf 87' lang='lat' dir='ltr'><strong>autem</strong></span> 
     </span>
    </p>
   </div>
   <div class='ocr_carea' id='block_1_48' title="bbox 247 2320 1037 2359">
    <p class='ocr_par' dir='ltr' id='par_1_48' title="bbox 247 2320 1037 2359">
     <span class='ocr_line' id='line_1_48' title="bbox 247 2320 1037 2359; baseline 0.006 -13"><span class='ocrx_word' id='word_1_379' title='bbox 247 2320 374 2355; x_wconf 70' lang='lat' dir='ltr'><strong>cognovit</strong></span> <span class='ocrx_word' id='word_1_380' title='bbox 387 2320 480 2348; x_wconf 72' lang='lat' dir='ltr'><strong>vivere</strong></span> <span class='ocrx_word' id='word_1_381' title='bbox 491 2320 575 2348; x_wconf 82' lang='lat' dir='ltr'><strong>ﬁlium</strong></span> <span class='ocrx_word' id='word_1_382' title='bbox 586 2342 594 2353; x_wconf 92' lang='lat'><strong>,</strong></span> <span class='ocrx_word' id='word_1_383' title='bbox 610 2326 637 2349; x_wconf 89' lang='lat' dir='ltr'><strong>et</strong></span> <span class='ocrx_word' id='word_1_384' title='bbox 649 2322 783 2349; x_wconf 78' lang='lat' dir='ltr'><strong>dominari</strong></span> <span class='ocrx_word' id='word_1_385' title='bbox 793 2323 820 2350; x_wconf 87' lang='lat' dir='ltr'><strong>in</strong></span> <span class='ocrx_word' id='word_1_386' title='bbox 836 2327 890 2351; x_wconf 82' lang='lat' dir='ltr'><strong>tota</strong></span> <span class='ocrx_word' id='word_1_387' title='bbox 902 2323 1019 2359; x_wconf 66' lang='lat' dir='ltr'><strong>Egypto</strong></span> <span class='ocrx_word' id='word_1_388' title='bbox 1029 2344 1037 2357; x_wconf 92' lang='lat'><strong>,</strong></span> 
     </span>
    </p>
   </div>
   <div class='ocr_carea' id='block_1_49' title="bbox 247 2366 1039 2403">
    <p class='ocr_par' dir='ltr' id='par_1_49' title="bbox 247 2366 1039 2403">
     <span class='ocr_line' id='line_1_49' title="bbox 247 2366 1039 2403; baseline 0.004 -10"><span class='ocrx_word' id='word_1_389' title='bbox 247 2371 275 2393; x_wconf 89' lang='lat' dir='ltr'><strong>et</strong></span> <span class='ocrx_word' id='word_1_390' title='bbox 287 2366 353 2394; x_wconf 80' lang='lat' dir='ltr'><strong>vidit</strong></span> <span class='ocrx_word' id='word_1_391' title='bbox 367 2366 484 2401; x_wconf 78' lang='lat' dir='ltr'><strong>pianstra</strong></span> <span class='ocrx_word' id='word_1_392' title='bbox 497 2387 504 2399; x_wconf 93' lang='lat'><strong>,</strong></span> <span class='ocrx_word' id='word_1_393' title='bbox 526 2366 643 2394; x_wconf 81' lang='lat' dir='ltr'><strong>Primum</strong></span> <span class='ocrx_word' id='word_1_394' title='bbox 655 2368 765 2403; x_wconf 82' lang='lat' dir='ltr'><strong>uigorem</strong></span> <span class='ocrx_word' id='word_1_395' title='bbox 778 2369 880 2402; x_wconf 75' lang='lat' dir='ltr'><strong>recepit,</strong></span> <span class='ocrx_word' id='word_1_396' title='bbox 895 2373 921 2397; x_wconf 87' lang='lat' dir='ltr'><strong>et</strong></span> <span class='ocrx_word' id='word_1_397' title='bbox 932 2369 1039 2403; x_wconf 78' lang='lat' dir='ltr'><strong>juvenis</strong></span> 
     </span>
    </p>
   </div>
   <div class='ocr_carea' id='block_1_50' title="bbox 248 2412 1039 2447">
    <p class='ocr_par' dir='ltr' id='par_1_50' title="bbox 248 2412 1039 2447">
     <span class='ocr_line' id='line_1_50' title="bbox 248 2412 1039 2447; baseline 0.004 -9"><span class='ocrx_word' id='word_1_398' title='bbox 248 2420 280 2439; x_wconf 73' lang='lat' dir='ltr'><strong>ex</strong></span> <span class='ocrx_word' id='word_1_399' title='bbox 295 2420 360 2439; x_wconf 83' lang='lat' dir='ltr'><strong>sene</strong></span> <span class='ocrx_word' id='word_1_400' title='bbox 380 2412 464 2439; x_wconf 85' lang='lat' dir='ltr'><strong>factus</strong></span> <span class='ocrx_word' id='word_1_401' title='bbox 479 2417 529 2440; x_wconf 68' lang='lat' dir='ltr'><strong>est.</strong></span> <span class='ocrx_word' id='word_1_402' title='bbox 552 2413 679 2447; x_wconf 74' lang='lat' dir='ltr'><strong>Deposuit</strong></span> <span class='ocrx_word' id='word_1_403' title='bbox 697 2413 821 2441; x_wconf 63' lang='lat' dir='ltr'><strong>tumoris</strong></span> <span class='ocrx_word' id='word_1_404' title='bbox 833 2414 969 2447; x_wconf 79' lang='lat' dir='ltr'><strong>nebulam,</strong></span> <span class='ocrx_word' id='word_1_405' title='bbox 984 2414 1039 2442; x_wconf 84' lang='lat' dir='ltr'><strong>dis-</strong></span> 
     </span>
    </p>
   </div>
   <div class='ocr_carea' id='block_1_51' title="bbox 248 2458 1038 2494">
    <p class='ocr_par' dir='ltr' id='par_1_51' title="bbox 248 2458 1038 2494">
     <span class='ocr_line' id='line_1_51' title="bbox 248 2458 1038 2494; baseline 0.004 -11"><span class='ocrx_word' id='word_1_406' title='bbox 248 2458 314 2491; x_wconf 81' lang='lat' dir='ltr'><strong>pulit.</strong></span> <span class='ocrx_word' id='word_1_407' title='bbox 336 2458 524 2492; x_wconf 74' lang='lat' dir='ltr'><strong>cogitationum</strong></span> <span class='ocrx_word' id='word_1_408' title='bbox 542 2463 746 2493; x_wconf 83' lang='lat' dir='ltr'><strong>tempestatem,</strong></span> <span class='ocrx_word' id='word_1_409' title='bbox 771 2459 929 2493; x_wconf 83' lang='lat' dir='ltr'><strong>tranquillus</strong></span> <span class='ocrx_word' id='word_1_410' title='bbox 946 2464 1038 2494; x_wconf 69' lang='lat' dir='ltr'><strong>postea</strong></span> 
     </span>
    </p>
   </div>
   <div class='ocr_carea' id='block_1_52' title="bbox 248 2503 1039 2540">
    <p class='ocr_par' dir='ltr' id='par_1_52' title="bbox 248 2503 1039 2540">
     <span class='ocr_line' id='line_1_52' title="bbox 248 2503 1039 2540; baseline 0.004 -10"><span class='ocrx_word' id='word_1_411' title='bbox 248 2504 297 2531; x_wconf 85' lang='lat' dir='ltr'><strong>fuit</strong></span> <span class='ocrx_word' id='word_1_412' title='bbox 311 2512 318 2530; x_wconf 91' lang='lat'>:</span> <span class='ocrx_word' id='word_1_413' title='bbox 333 2503 389 2531; x_wconf 76' lang='lat' dir='ltr'><strong>tunc</strong></span> <span class='ocrx_word' id='word_1_414' title='bbox 402 2504 491 2532; x_wconf 84' lang='lat' dir='ltr'><strong>omnia</strong></span> <span class='ocrx_word' id='word_1_415' title='bbox 503 2504 675 2539; x_wconf 83' lang='lat' dir='ltr'><strong>dispensante</strong></span> <span class='ocrx_word' id='word_1_416' title='bbox 685 2505 750 2538; x_wconf 84' lang='lat' dir='ltr'><strong>Deo,</strong></span> <span class='ocrx_word' id='word_1_417' title='bbox 766 2510 795 2532; x_wconf 90' lang='lat' dir='ltr'><strong>ut</strong></span> <span class='ocrx_word' id='word_1_418' title='bbox 808 2505 892 2540; x_wconf 78' lang='lat' dir='ltr'><strong>justus</strong></span> <span class='ocrx_word' id='word_1_419' title='bbox 905 2510 958 2533; x_wconf 77' lang='lat' dir='ltr'><strong>tam</strong></span> <span class='ocrx_word' id='word_1_420' title='bbox 971 2506 1039 2533; x_wconf 82' lang='lat' dir='ltr'><strong>mul-</strong></span> 
     </span>
    </p>
   </div>
   <div class='ocr_carea' id='block_1_53' title="bbox 249 2550 1039 2587">
    <p class='ocr_par' dir='ltr' id='par_1_53' title="bbox 249 2550 1039 2587">
     <span class='ocr_line' id='line_1_53' title="bbox 249 2550 1039 2587; baseline 0.003 -10"><span class='ocrx_word' id='word_1_421' title='bbox 249 2554 336 2577; x_wconf 85' lang='lat' dir='ltr'><strong>torum</strong></span> <span class='ocrx_word' id='word_1_422' title='bbox 350 2550 470 2577; x_wconf 73' lang='lat' dir='ltr'><strong>labomm</strong></span> <span class='ocrx_word' id='word_1_423' title='bbox 483 2550 694 2578; x_wconf 83' lang='lat' dir='ltr'><strong>consolationem</strong></span> <span class='ocrx_word' id='word_1_424' title='bbox 705 2551 849 2585; x_wconf 78' lang='lat' dir='ltr'><strong>invauirot,</strong></span> <span class='ocrx_word' id='word_1_425' title='bbox 865 2557 893 2579; x_wconf 87' lang='lat' dir='ltr'><strong>et</strong></span> <span class='ocrx_word' id='word_1_426' title='bbox 905 2553 1039 2587; x_wconf 68' lang='lat' dir='ltr'><strong>particeps</strong></span> 
     </span>
    </p>
   </div>
   <div class='ocr_carea' id='block_1_54' title="bbox 248 2596 1040 2632">
    <p class='ocr_par' dir='ltr' id='par_1_54' title="bbox 248 2596 1040 2632">
     <span class='ocr_line' id='line_1_54' title="bbox 248 2596 1040 2632; baseline 0.004 -10"><span class='ocrx_word' id='word_1_427' title='bbox 248 2596 325 2623; x_wconf 79' lang='lat' dir='ltr'><strong>fieret</strong></span> <span class='ocrx_word' id='word_1_428' title='bbox 334 2596 469 2623; x_wconf 82' lang='lat' dir='ltr'><strong>felicitatis</strong></span> <span class='ocrx_word' id='word_1_429' title='bbox 484 2596 530 2623; x_wconf 83' lang='lat' dir='ltr'><strong>filii</strong></span> <span class='ocrx_word' id='word_1_430' title='bbox 541 2604 547 2622; x_wconf 96' lang='lat'>:</span> <span class='ocrx_word' id='word_1_431' title='bbox 557 2599 584 2623; x_wconf 90' lang='lat' dir='ltr'><strong>et</strong></span> <span class='ocrx_word' id='word_1_432' title='bbox 593 2601 722 2631; x_wconf 71' lang='lat' dir='ltr'><strong>prauam</strong></span> <span class='ocrx_word' id='word_1_433' title='bbox 734 2598 903 2625; x_wconf 73' lang='lat' dir='ltr'><strong>utsomninm</strong></span> <span class='ocrx_word' id='word_1_434' title='bbox 916 2597 1040 2632; x_wconf 85' lang='lat' dir='ltr'><strong>implere-</strong></span> 
     </span>
    </p>
   </div>
   <div class='ocr_carea' id='block_1_55' title="bbox 249 2640 1038 2677">
    <p class='ocr_par' dir='ltr' id='par_1_55' title="bbox 249 2640 1038 2677">
     <span class='ocr_line' id='line_1_55' title="bbox 249 2640 1038 2677; baseline 0.001 -9"><span class='ocrx_word' id='word_1_435' title='bbox 249 2646 292 2668; x_wconf 92' lang='lat' dir='ltr'><strong>tur</strong></span> <span class='ocrx_word' id='word_1_436' title='bbox 305 2641 330 2669; x_wconf 91' lang='lat' dir='ltr'><strong>id</strong></span> <span class='ocrx_word' id='word_1_437' title='bbox 343 2641 414 2676; x_wconf 90' lang='lat' dir='ltr'><strong>quod</strong></span> <span class='ocrx_word' id='word_1_438' title='bbox 429 2642 485 2676; x_wconf 86' lang='lat' dir='ltr'><strong>ipse</strong></span> <span class='ocrx_word' id='word_1_439' title='bbox 499 2641 689 2675; x_wconf 81' lang='lat' dir='ltr'><strong>interpretatus</strong></span> <span class='ocrx_word' id='word_1_440' title='bbox 701 2646 773 2674; x_wconf 82' lang='lat' dir='ltr'><strong>erat,</strong></span> <span class='ocrx_word' id='word_1_441' title='bbox 788 2642 879 2669; x_wconf 83' lang='lat' dir='ltr'><strong>dicens</strong></span> <span class='ocrx_word' id='word_1_442' title='bbox 890 2651 897 2669; x_wconf 90' lang='lat'><strong>:</strong></span> <span class='ocrx_word' id='word_1_443' title='bbox 907 2640 1038 2677; x_wconf 78' lang='lat' dir='ltr'><strong>Numquid</strong></span> 
     </span>
    </p>
   </div>
   <div class='ocr_carea' id='block_1_56' title="bbox 247 2687 1039 2722">
    <p class='ocr_par' dir='ltr' id='par_1_56' title="bbox 247 2687 1039 2722">
     <span class='ocr_line' id='line_1_56' title="bbox 247 2687 1039 2722; baseline 0.003 -9"><span class='ocrx_word' id='word_1_444' title='bbox 247 2687 372 2714; x_wconf 71' lang='lat' dir='ltr'><strong>veniemus</strong></span> <span class='ocrx_word' id='word_1_445' title='bbox 392 2693 438 2721; x_wconf 81' lang='lat' dir='ltr'><strong>ego</strong></span> <span class='ocrx_word' id='word_1_446' title='bbox 452 2691 475 2713; x_wconf 86' lang='lat' dir='ltr'><strong>et</strong></span> <span class='ocrx_word' id='word_1_447' title='bbox 489 2692 569 2714; x_wconf 65' lang='lat' dir='ltr'><strong>mata</strong></span> <span class='ocrx_word' id='word_1_448' title='bbox 581 2691 625 2713; x_wconf 79' lang='lat' dir='ltr'><strong>tua</strong></span> <span class='ocrx_word' id='word_1_449' title='bbox 634 2706 642 2718; x_wconf 86' lang='lat'><strong>,</strong></span> <span class='ocrx_word' id='word_1_450' title='bbox 658 2691 680 2713; x_wconf 86' lang='lat' dir='ltr'><strong>et</strong></span> <span class='ocrx_word' id='word_1_451' title='bbox 695 2688 787 2722; x_wconf 61' lang='lat' dir='ltr'><strong>patres</strong></span> <span class='ocrx_word' id='word_1_452' title='bbox 799 2688 847 2720; x_wconf 76' lang='lat' dir='ltr'><strong>tui,</strong></span> <span class='ocrx_word' id='word_1_453' title='bbox 860 2692 887 2714; x_wconf 78' lang='lat' dir='ltr'><strong>ut</strong></span> <span class='ocrx_word' id='word_1_454' title='bbox 905 2688 1039 2715; x_wconf 78' lang='lat' dir='ltr'><strong>adoremus</strong></span> 
     </span>
    </p>
   </div>
   <div class='ocr_carea' id='block_1_57' title="bbox 248 2732 1037 2768">
    <p class='ocr_par' dir='ltr' id='par_1_57' title="bbox 248 2732 1037 2768">
     <span class='ocr_line' id='line_1_57' title="bbox 248 2732 1037 2768; baseline 0.003 -9"><span class='ocrx_word' id='word_1_455' title='bbox 248 2737 273 2760; x_wconf 85' lang='lat' dir='ltr'><strong>te</strong></span> <span class='ocrx_word' id='word_1_456' title='bbox 292 2733 367 2767; x_wconf 78' lang='lat' dir='ltr'><strong>(Gen.</strong></span> <span class='ocrx_word' id='word_1_457' title='bbox 383 2733 426 2761; x_wconf 80' lang='lat'><strong>37.</strong></span> <span class='ocrx_word' id='word_1_458' title='bbox 446 2732 511 2768; x_wconf 74' lang='lat' dir='ltr'><strong>to)?</strong></span> <span class='ocrx_word' id='word_1_459' title='bbox 531 2733 566 2760; x_wconf 88' lang='lat' dir='ltr'><strong>Et</strong></span> <span class='ocrx_word' id='word_1_460' title='bbox 582 2732 699 2760; x_wconf 76' lang='lat' dir='ltr'><strong>credidit</strong></span> <span class='ocrx_word' id='word_1_461' title='bbox 714 2732 799 2760; x_wconf 84' lang='lat' dir='ltr'><strong>dictis</strong></span> <span class='ocrx_word' id='word_1_462' title='bbox 812 2738 892 2768; x_wconf 88' lang='lat' dir='ltr'><strong>atque</strong></span> <span class='ocrx_word' id='word_1_463' title='bbox 903 2733 978 2766; x_wconf 83' lang='lat' dir='ltr'><strong>visis,</strong></span> <span class='ocrx_word' id='word_1_464' title='bbox 991 2734 1037 2761; x_wconf 73' lang='grc'><strong>28.</strong></span> 
     </span>
    </p>
   </div>
   <div class='ocr_carea' id='block_1_58' title="bbox 249 2777 1039 2815">
    <p class='ocr_par' dir='ltr' id='par_1_58' title="bbox 249 2777 1039 2815">
     <span class='ocr_line' id='line_1_58' title="bbox 249 2777 1039 2815; baseline 0.003 -11"><span class='ocrx_word' id='word_1_465' title='bbox 249 2777 283 2804; x_wconf 82' lang='lat' dir='ltr'><strong>Et</strong></span> <span class='ocrx_word' id='word_1_466' title='bbox 291 2779 364 2811; x_wconf 65' lang='lat' dir='ltr'><strong>duit,</strong></span> <span class='ocrx_word' id='word_1_467' title='bbox 375 2778 461 2813; x_wconf 85' lang='lat' dir='ltr'><strong>inquit</strong></span> <span class='ocrx_word' id='word_1_468' title='bbox 472 2778 585 2815; x_wconf 70' lang='lat' dir='ltr'><strong>:Magna</strong></span> <span class='ocrx_word' id='word_1_469' title='bbox 593 2778 653 2805; x_wconf 84' lang='lat' dir='ltr'><strong>mihi</strong></span> <span class='ocrx_word' id='word_1_470' title='bbox 661 2781 732 2812; x_wconf 72' lang='lat' dir='ltr'><strong>sunt,</strong></span> <span class='ocrx_word' id='word_1_471' title='bbox 742 2778 764 2805; x_wconf 76' lang='lat' dir='ltr'><strong>si</strong></span> <span class='ocrx_word' id='word_1_472' title='bbox 772 2778 855 2805; x_wconf 82' lang='lat' dir='ltr'><strong>adhuc</strong></span> <span class='ocrx_word' id='word_1_473' title='bbox 862 2779 919 2805; x_wconf 78' lang='lat' dir='ltr'><strong>vivit</strong></span> <span class='ocrx_word' id='word_1_474' title='bbox 926 2778 1021 2814; x_wconf 68' lang='lat' dir='ltr'><strong>Ioseph</strong></span> <span class='ocrx_word' id='word_1_475' title='bbox 1029 2787 1039 2806; x_wconf 91' lang='lat'><em>:</em></span> 
     </span>
    </p>
   </div>
   <div class='ocr_carea' id='block_1_59' title="bbox 250 2842 1040 2898">
    <p class='ocr_par' dir='ltr' id='par_1_59' title="bbox 250 2842 1040 2898">
     <span class='ocr_line' id='line_1_59' title="bbox 250 2842 1040 2898; baseline 0.004 -30"><span class='ocrx_word' id='word_1_476' title='bbox 250 2844 293 2898; x_wconf 41' lang='lat' dir='ltr'><strong>mi</strong></span> <span class='ocrx_word' id='word_1_477' title='bbox 307 2845 410 2872; x_wconf 79' lang='lat' dir='ltr'><strong>Quatuor</strong></span> <span class='ocrx_word' id='word_1_478' title='bbox 421 2848 485 2875; x_wconf 61' lang='lat' dir='ltr'><strong>Mss,</strong></span> <span class='ocrx_word' id='word_1_479' title='bbox 494 2847 592 2876; x_wconf 86' lang='lat' dir='ltr'><strong>repente</strong></span> <span class='ocrx_word' id='word_1_480' title='bbox 603 2843 682 2870; x_wconf 73' lang='lat' dir='ltr'><strong>rident</strong></span> <span class='ocrx_word' id='word_1_481' title='bbox 694 2842 719 2869; x_wconf 81' lang='lat' dir='ltr'><strong>in</strong></span> <span class='ocrx_word' id='word_1_482' title='bbox 727 2850 813 2876; x_wconf 85' lang='lat' dir='ltr'><strong>magna</strong></span> <span class='ocrx_word' id='word_1_483' title='bbox 824 2843 951 2876; x_wconf 78' lang='lat' dir='ltr'><strong>splendore</strong></span> <span class='ocrx_word' id='word_1_484' title='bbox 962 2844 1040 2871; x_wconf 69' lang='lat' dir='ltr'><strong>viven-</strong></span> 
     </span>
    </p>
   </div>
   <div class='ocr_carea' id='block_1_60' title="bbox 569 164 1476 202">
    <p class='ocr_par' dir='ltr' id='par_1_60' title="bbox 569 164 1476 202">
     <span class='ocr_line' id='line_1_60' title="bbox 569 164 1476 202; baseline -0.003 -1"><span class='ocrx_word' id='word_1_485' title='bbox 569 174 598 201; x_wconf 83' lang='lat' dir='ltr'><strong>s.</strong></span> <span class='ocrx_word' id='word_1_486' title='bbox 618 172 757 202; x_wconf 70' lang='lat' dir='ltr'><strong>JOANNIS</strong></span> <span class='ocrx_word' id='word_1_487' title='bbox 768 169 1011 200; x_wconf 63' lang='lat' dir='ltr'><strong>mmssosrom</strong></span> <span class='ocrx_word' id='word_1_488' title='bbox 1031 164 1189 198; x_wconf 62' lang='lat' dir='ltr'><strong>ARCIHEP.</strong></span> <span class='ocrx_word' id='word_1_489' title='bbox 1208 169 1476 199; x_wconf 66' lang='lat' dir='ltr'><strong>CONSTANTINOP.</strong></span> 
     </span>
    </p>
   </div>
   <div class='ocr_carea' id='block_1_61' title="bbox 1816 175 1870 204">
    <p class='ocr_par' dir='ltr' id='par_1_61' title="bbox 1816 175 1870 204">
     <span class='ocr_line' id='line_1_61' title="bbox 1816 175 1870 204; baseline 0.037 -2"><span class='ocrx_word' id='word_1_490' title='bbox 1816 175 1870 204; x_wconf 75' lang='lat'><strong>560</strong></span> 
     </span>
    </p>
   </div>
   <div class='ocr_carea' id='block_1_62' title="bbox 1078 225 1872 266">
    <p class='ocr_par' dir='ltr' id='par_1_62' title="bbox 1078 225 1872 266">
     <span class='ocr_line' id='line_1_62' title="bbox 1078 225 1872 266; baseline 0.009 -14"><span class='ocrx_word' id='word_1_491' title='bbox 1078 225 1119 253; x_wconf 63' lang='lat' dir='ltr'><strong>ibo</strong></span> <span class='ocrx_word' id='word_1_492' title='bbox 1128 226 1213 261; x_wconf 66' lang='lat' dir='ltr'><strong>igitur,</strong></span> <span class='ocrx_word' id='word_1_493' title='bbox 1227 231 1251 253; x_wconf 89' lang='lat' dir='ltr'><strong>et</strong></span> <span class='ocrx_word' id='word_1_494' title='bbox 1262 227 1350 254; x_wconf 79' lang='lat' dir='ltr'><strong>videbo</strong></span> <span class='ocrx_word' id='word_1_495' title='bbox 1360 235 1416 253; x_wconf 81' lang='lat' dir='ltr'><strong>eum</strong></span> <span class='ocrx_word' id='word_1_496' title='bbox 1428 228 1573 263; x_wconf 75' lang='lat' dir='ltr'><strong>priusquam</strong></span> <span class='ocrx_word' id='word_1_497' title='bbox 1583 229 1688 256; x_wconf 79' lang='lat' dir='ltr'><strong>moriar.</strong></span> <span class='ocrx_word' id='word_1_498' title='bbox 1703 229 1800 266; x_wconf 73' lang='lat' dir='ltr'><strong>Magna</strong></span> <span class='ocrx_word' id='word_1_499' title='bbox 1815 237 1872 259; x_wconf 78' lang='lat' dir='ltr'><strong>sunt</strong></span> 
     </span>
    </p>
   </div>
   <div class='ocr_carea' id='block_1_63' title="bbox 1078 271 1873 310">
    <p class='ocr_par' dir='ltr' id='par_1_63' title="bbox 1078 271 1873 310">
     <span class='ocr_line' id='line_1_63' title="bbox 1078 271 1873 310; baseline 0.009 -13"><span class='ocrx_word' id='word_1_500' title='bbox 1078 271 1158 305; x_wconf 82' lang='lat' dir='ltr'><strong>mihi,</strong></span> <span class='ocrx_word' id='word_1_501' title='bbox 1182 272 1281 305; x_wconf 79' lang='lat' dir='ltr'><strong>inquit,</strong></span> <span class='ocrx_word' id='word_1_502' title='bbox 1297 277 1325 299; x_wconf 90' lang='lat' dir='ltr'><strong>et</strong></span> <span class='ocrx_word' id='word_1_503' title='bbox 1339 274 1470 300; x_wconf 82' lang='lat' dir='ltr'><strong>excedunt</strong></span> <span class='ocrx_word' id='word_1_504' title='bbox 1489 281 1595 301; x_wconf 87' lang='lat' dir='ltr'><strong>omnem</strong></span> <span class='ocrx_word' id='word_1_505' title='bbox 1615 275 1821 310; x_wconf 79' lang='lat' dir='ltr'><strong>cogitationem,</strong></span> <span class='ocrx_word' id='word_1_506' title='bbox 1844 282 1873 305; x_wconf 90' lang='lat' dir='ltr'><strong>et</strong></span> 
     </span>
    </p>
   </div>
   <div class='ocr_carea' id='block_1_64' title="bbox 1079 317 1872 356">
    <p class='ocr_par' dir='ltr' id='par_1_64' title="bbox 1079 317 1872 356">
     <span class='ocr_line' id='line_1_64' title="bbox 1079 317 1872 356; baseline 0.008 -12"><span class='ocrx_word' id='word_1_507' title='bbox 1079 317 1223 344; x_wconf 77' lang='lat' dir='ltr'><strong>obscurant</strong></span> <span class='ocrx_word' id='word_1_508' title='bbox 1237 325 1342 345; x_wconf 87' lang='lat' dir='ltr'><strong>omnem</strong></span> <span class='ocrx_word' id='word_1_509' title='bbox 1353 318 1496 346; x_wconf 82' lang='lat' dir='ltr'><strong>humanam</strong></span> <span class='ocrx_word' id='word_1_510' title='bbox 1511 320 1638 353; x_wconf 69' lang='lat' dir='ltr'><strong>lit-titiam,</strong></span> <span class='ocrx_word' id='word_1_511' title='bbox 1657 320 1688 348; x_wconf 86' lang='lat' dir='ltr'><strong>Si</strong></span> <span class='ocrx_word' id='word_1_512' title='bbox 1701 321 1784 349; x_wconf 86' lang='lat' dir='ltr'><strong>adhuc</strong></span> <span class='ocrx_word' id='word_1_513' title='bbox 1803 324 1872 356; x_wconf 79' lang='lat' dir='ltr'><strong>ﬁlius</strong></span> 
     </span>
    </p>
   </div>
   <div class='ocr_carea' id='block_1_65' title="bbox 1078 362 1873 400">
    <p class='ocr_par' dir='ltr' id='par_1_65' title="bbox 1078 362 1873 400">
     <span class='ocr_line' id='line_1_65' title="bbox 1078 362 1873 400; baseline 0.01 -13"><span class='ocrx_word' id='word_1_514' title='bbox 1078 369 1148 388; x_wconf 76' lang='lat' dir='ltr'><strong>meus</strong></span> <span class='ocrx_word' id='word_1_515' title='bbox 1160 362 1256 397; x_wconf 72' lang='lat' dir='ltr'><strong>Ioseph</strong></span> <span class='ocrx_word' id='word_1_516' title='bbox 1265 363 1324 389; x_wconf 69' lang='lat' dir='ltr'><strong>civit</strong></span> <span class='ocrx_word' id='word_1_517' title='bbox 1336 363 1393 390; x_wconf 76' lang='lat' dir='ltr'><strong>:ibo</strong></span> <span class='ocrx_word' id='word_1_518' title='bbox 1404 364 1481 400; x_wconf 85' lang='lat' dir='ltr'><strong>igitur</strong></span> <span class='ocrx_word' id='word_1_519' title='bbox 1491 370 1514 391; x_wconf 88' lang='lat' dir='ltr'><strong>et</strong></span> <span class='ocrx_word' id='word_1_520' title='bbox 1529 365 1615 393; x_wconf 84' lang='lat' dir='ltr'><strong>videbo</strong></span> <span class='ocrx_word' id='word_1_521' title='bbox 1626 374 1692 393; x_wconf 82' lang='lat' dir='ltr'><strong>eum.</strong></span> <span class='ocrx_word' id='word_1_522' title='bbox 1704 365 1873 395; x_wconf 86' lang='lat' dir='ltr'><strong>Festinemus</strong></span> 
     </span>
    </p>
   </div>
   <div class='ocr_carea' id='block_1_66' title="bbox 1080 408 1872 447">
    <p class='ocr_par' dir='ltr' id='par_1_66' title="bbox 1080 408 1872 447">
     <span class='ocr_line' id='line_1_66' title="bbox 1080 408 1872 447; baseline 0.006 -12"><span class='ocrx_word' id='word_1_523' title='bbox 1080 408 1176 444; x_wconf 91' lang='lat' dir='ltr'><strong>igitur,</strong></span> <span class='ocrx_word' id='word_1_524' title='bbox 1193 414 1222 436; x_wconf 89' lang='lat' dir='ltr'><strong>ut</strong></span> <span class='ocrx_word' id='word_1_525' title='bbox 1237 409 1294 444; x_wconf 87' lang='lat' dir='ltr'><strong>ejus</strong></span> <span class='ocrx_word' id='word_1_526' title='bbox 1309 410 1442 445; x_wconf 87' lang='lat' dir='ltr'><strong>colloquio</strong></span> <span class='ocrx_word' id='word_1_527' title='bbox 1457 411 1561 445; x_wconf 87' lang='lat' dir='ltr'><strong>potiar,</strong></span> <span class='ocrx_word' id='word_1_528' title='bbox 1587 413 1740 447; x_wconf 91' lang='lat' dir='ltr'><strong>priusqttam</strong></span> <span class='ocrx_word' id='word_1_529' title='bbox 1764 414 1872 440; x_wconf 84' lang='lat' dir='ltr'><strong>moriar.</strong></span> 
     </span>
    </p>
   </div>
   <div class='ocr_carea' id='block_1_67' title="bbox 1079 453 1875 492">
    <p class='ocr_par' dir='ltr' id='par_1_67' title="bbox 1079 453 1875 492">
     <span class='ocr_line' id='line_1_67' title="bbox 1079 453 1875 492; baseline 0.008 -12"><span class='ocrx_word' id='word_1_530' title='bbox 1079 453 1155 481; x_wconf 84' lang='lat' dir='ltr'><strong>Nunc</strong></span> <span class='ocrx_word' id='word_1_531' title='bbox 1165 474 1172 486; x_wconf 82' lang='lat'><strong>,</strong></span> <span class='ocrx_word' id='word_1_532' title='bbox 1187 454 1285 489; x_wconf 89' lang='lat' dir='ltr'><strong>inquit,</strong></span> <span class='ocrx_word' id='word_1_533' title='bbox 1300 455 1408 483; x_wconf 89' lang='lat' dir='ltr'><strong>nuntius</strong></span> <span class='ocrx_word' id='word_1_534' title='bbox 1428 454 1472 483; x_wconf 87' lang='lat' dir='ltr'><strong>ille</strong></span> <span class='ocrx_word' id='word_1_535' title='bbox 1493 457 1582 484; x_wconf 83' lang='lat' dir='ltr'><strong>erexit</strong></span> <span class='ocrx_word' id='word_1_536' title='bbox 1603 458 1720 484; x_wconf 88' lang='lat' dir='ltr'><strong>animum</strong></span> <span class='ocrx_word' id='word_1_537' title='bbox 1734 466 1832 492; x_wconf 91' lang='lat' dir='ltr'><strong>meum,</strong></span> <span class='ocrx_word' id='word_1_538' title='bbox 1847 465 1875 486; x_wconf 88' lang='lat' dir='ltr'><strong>et</strong></span> 
     </span>
    </p>
   </div>
   <div class='ocr_carea' id='block_1_68' title="bbox 1079 498 1883 534">
    <p class='ocr_par' dir='ltr' id='par_1_68' title="bbox 1079 498 1883 534">
     <span class='ocr_line' id='line_1_68' title="bbox 1079 498 1883 534; baseline 0.005 -8"><span class='ocrx_word' id='word_1_539' title='bbox 1079 498 1179 534; x_wconf 79' lang='lat' dir='ltr'><strong>fugavit</strong></span> <span class='ocrx_word' id='word_1_540' title='bbox 1192 501 1337 527; x_wconf 86' lang='lat' dir='ltr'><strong>senectutis</strong></span> <span class='ocrx_word' id='word_1_541' title='bbox 1352 501 1542 533; x_wconf 89' lang='lat' dir='ltr'><strong>infirmitatem,</strong></span> <span class='ocrx_word' id='word_1_542' title='bbox 1558 506 1585 528; x_wconf 88' lang='lat' dir='ltr'><strong>et</strong></span> <span class='ocrx_word' id='word_1_543' title='bbox 1598 502 1733 529; x_wconf 85' lang='lat' dir='ltr'><strong>roboravit</strong></span> <span class='ocrx_word' id='word_1_544' title='bbox 1743 499 1883 530; x_wconf 74' lang='lat' dir='ltr'><strong>menteth</strong></span> 
     </span>
    </p>
   </div>
   <div class='ocr_carea' id='block_1_69' title="bbox 1079 538 1883 582">
    <p class='ocr_par' dir='ltr' id='par_1_69' title="bbox 1079 538 1883 582">
     <span class='ocr_line' id='line_1_69' title="bbox 1079 538 1883 582; baseline 0.006 -11"><span class='ocrx_word' id='word_1_545' title='bbox 1079 543 1156 578; x_wconf 81' lang='lat' dir='ltr'><strong>Quod</strong></span> <span class='ocrx_word' id='word_1_546' title='bbox 1169 545 1191 571; x_wconf 88' lang='lat' dir='ltr'><strong>si</strong></span> <span class='ocrx_word' id='word_1_547' title='bbox 1204 549 1231 572; x_wconf 89' lang='lat' dir='ltr'><strong>et</strong></span> <span class='ocrx_word' id='word_1_548' title='bbox 1243 552 1303 572; x_wconf 86' lang='lat' dir='ltr'><strong>cum</strong></span> <span class='ocrx_word' id='word_1_549' title='bbox 1315 553 1346 573; x_wconf 84' lang='lat' dir='ltr'><strong>eo</strong></span> <span class='ocrx_word' id='word_1_550' title='bbox 1357 546 1471 580; x_wconf 89' lang='lat' dir='ltr'><strong>colloqui</strong></span> <span class='ocrx_word' id='word_1_551' title='bbox 1486 547 1632 582; x_wconf 79' lang='lat' dir='ltr'><strong>contingat,</strong></span> <span class='ocrx_word' id='word_1_552' title='bbox 1645 547 1790 582; x_wconf 82' lang='lat' dir='ltr'><strong>perfectam</strong></span> <span class='ocrx_word' id='word_1_553' title='bbox 1805 538 1883 576; x_wconf 67' lang='grc' dir='ltr'><strong>Ιωιί-ι</strong></span> 
     </span>
    </p>
   </div>
   <div class='ocr_carea' id='block_1_70' title="bbox 1079 589 1873 627">
    <p class='ocr_par' dir='ltr' id='par_1_70' title="bbox 1079 589 1873 627">
     <span class='ocr_line' id='line_1_70' title="bbox 1079 589 1873 627; baseline 0.005 -11"><span class='ocrx_word' id='word_1_554' title='bbox 1079 589 1146 616; x_wconf 86' lang='lat' dir='ltr'><strong>tiam</strong></span> <span class='ocrx_word' id='word_1_555' title='bbox 1169 594 1329 623; x_wconf 85' lang='lat' dir='ltr'><strong>asscquntus</strong></span> <span class='ocrx_word' id='word_1_556' title='bbox 1352 591 1461 617; x_wconf 89' lang='lat' dir='ltr'><strong>moriar.</strong></span> <span class='ocrx_word' id='word_1_557' title='bbox 1490 591 1522 617; x_wconf 80' lang='lat' dir='ltr'><strong>Et</strong></span> <span class='ocrx_word' id='word_1_558' title='bbox 1547 591 1613 618; x_wconf 84' lang='lat' dir='ltr'><strong>nihil</strong></span> <span class='ocrx_word' id='word_1_559' title='bbox 1640 597 1760 619; x_wconf 88' lang='lat' dir='ltr'><strong>moratus</strong></span> <span class='ocrx_word' id='word_1_560' title='bbox 1784 589 1873 627; x_wconf 84' lang='lat' dir='ltr'><strong>justus</strong></span> 
     </span>
    </p>
   </div>
   <div class='ocr_carea' id='block_1_71' title="bbox 1079 634 1872 671">
    <p class='ocr_par' dir='ltr' id='par_1_71' title="bbox 1079 634 1872 671">
     <span class='ocr_line' id='line_1_71' title="bbox 1079 634 1872 671; baseline 0.006 -11"><span class='ocrx_word' id='word_1_561' title='bbox 1079 634 1168 661; x_wconf 88' lang='lat' dir='ltr'><strong>itineri</strong></span> <span class='ocrx_word' id='word_1_562' title='bbox 1184 640 1213 661; x_wconf 89' lang='lat' dir='ltr'><strong>se</strong></span> <span class='ocrx_word' id='word_1_563' title='bbox 1227 635 1378 667; x_wconf 88' lang='lat' dir='ltr'><strong>commisit,</strong></span> <span class='ocrx_word' id='word_1_564' title='bbox 1402 635 1530 663; x_wconf 80' lang='lat' dir='ltr'><strong>festinans</strong></span> <span class='ocrx_word' id='word_1_565' title='bbox 1550 641 1577 664; x_wconf 85' lang='lat' dir='ltr'><strong>et</strong></span> <span class='ocrx_word' id='word_1_566' title='bbox 1598 644 1695 671; x_wconf 86' lang='lat' dir='ltr'><strong>urgens</strong></span> <span class='ocrx_word' id='word_1_567' title='bbox 1719 642 1748 664; x_wconf 91' lang='lat' dir='ltr'><strong>ut</strong></span> <span class='ocrx_word' id='word_1_568' title='bbox 1769 638 1872 665; x_wconf 76' lang='lat' dir='ltr'><strong>videret.</strong></span> 
     </span>
    </p>
   </div>
   <div class='ocr_carea' id='block_1_72' title="bbox 1080 678 1872 714">
    <p class='ocr_par' dir='ltr' id='par_1_72' title="bbox 1080 678 1872 714">
     <span class='ocr_line' id='line_1_72' title="bbox 1080 678 1872 714; baseline 0.006 -9"><span class='ocrx_word' id='word_1_569' title='bbox 1080 683 1133 705; x_wconf 81' lang='lat' dir='ltr'><strong>tam</strong></span> <span class='ocrx_word' id='word_1_570' title='bbox 1148 678 1326 706; x_wconf 86' lang='lat' dir='ltr'><strong>desideratum</strong></span> <span class='ocrx_word' id='word_1_571' title='bbox 1348 680 1432 706; x_wconf 85' lang='lat' dir='ltr'><strong>filium</strong></span> <span class='ocrx_word' id='word_1_572' title='bbox 1444 701 1450 711; x_wconf 89' lang='lat'><strong>,</strong></span> <span class='ocrx_word' id='word_1_573' title='bbox 1472 685 1552 714; x_wconf 87' lang='lat' dir='ltr'><strong>utque</strong></span> <span class='ocrx_word' id='word_1_574' title='bbox 1573 686 1634 709; x_wconf 89' lang='lat' dir='ltr'><strong>ante</strong></span> <span class='ocrx_word' id='word_1_575' title='bbox 1650 686 1688 708; x_wconf 89' lang='lat' dir='ltr'><strong>tot</strong></span> <span class='ocrx_word' id='word_1_576' title='bbox 1702 689 1785 710; x_wconf 89' lang='lat' dir='ltr'><strong>annos</strong></span> <span class='ocrx_word' id='word_1_577' title='bbox 1799 690 1872 710; x_wconf 86' lang='lat' dir='ltr'><strong>mor-</strong></span> 
     </span>
    </p>
   </div>
   <div class='ocr_carea' id='block_1_73' title="bbox 1080 724 1872 759">
    <p class='ocr_par' dir='ltr' id='par_1_73' title="bbox 1080 724 1872 759">
     <span class='ocr_line' id='line_1_73' title="bbox 1080 724 1872 759; baseline 0.009 -10"><span class='ocrx_word' id='word_1_578' title='bbox 1080 727 1165 757; x_wconf 88' lang='lat' dir='ltr'><strong>tuum,</strong></span> <span class='ocrx_word' id='word_1_579' title='bbox 1177 728 1212 756; x_wconf 91' lang='lat' dir='ltr'><strong>et,</strong></span> <span class='ocrx_word' id='word_1_580' title='bbox 1225 729 1253 751; x_wconf 88' lang='lat' dir='ltr'><strong>ut</strong></span> <span class='ocrx_word' id='word_1_581' title='bbox 1265 725 1383 759; x_wconf 84' lang='lat' dir='ltr'><strong>putabat,</strong></span> <span class='ocrx_word' id='word_1_582' title='bbox 1396 724 1493 752; x_wconf 87' lang='lat' dir='ltr'><strong>factum</strong></span> <span class='ocrx_word' id='word_1_583' title='bbox 1505 725 1592 753; x_wconf 89' lang='lat' dir='ltr'><strong>cibum</strong></span> <span class='ocrx_word' id='word_1_584' title='bbox 1604 727 1759 759; x_wconf 85' lang='lat' dir='ltr'><strong>bestiarum,</strong></span> <span class='ocrx_word' id='word_1_585' title='bbox 1771 728 1872 756; x_wconf 85' lang='lat' dir='ltr'><strong>videret</strong></span> 
     </span>
    </p>
   </div>
   <div class='ocr_carea' id='block_1_74' title="bbox 1080 769 1872 808">
    <p class='ocr_par' dir='ltr' id='par_1_74' title="bbox 1080 769 1872 808">
     <span class='ocr_line' id='line_1_74' title="bbox 1080 769 1872 808; baseline 0.009 -14"><span class='ocrx_word' id='word_1_586' title='bbox 1080 776 1153 795; x_wconf 89' lang='lat' dir='ltr'><strong>nttnc</strong></span> <span class='ocrx_word' id='word_1_587' title='bbox 1170 776 1260 804; x_wconf 77' lang='lat' dir='ltr'><strong>regem</strong></span> <span class='ocrx_word' id='word_1_588' title='bbox 1282 769 1399 805; x_wconf 67' lang='lat' dir='ltr'><strong>(Egypti.</strong></span> <span class='ocrx_word' id='word_1_589' title='bbox 1422 772 1447 797; x_wconf 81' lang='grc'><strong>1.</strong></span> <span class='ocrx_word' id='word_1_590' title='bbox 1470 771 1502 797; x_wconf 85' lang='lat' dir='ltr'><strong>Et</strong></span> <span class='ocrx_word' id='word_1_591' title='bbox 1524 780 1582 798; x_wconf 82' lang='lat' dir='ltr'><strong>cum</strong></span> <span class='ocrx_word' id='word_1_592' title='bbox 1596 773 1702 799; x_wconf 70' lang='lat' dir='ltr'><strong>venisset</strong></span> <span class='ocrx_word' id='word_1_593' title='bbox 1721 773 1755 799; x_wconf 88' lang='lat' dir='ltr'><strong>ad</strong></span> <span class='ocrx_word' id='word_1_594' title='bbox 1772 779 1872 808; x_wconf 71' lang='lat' dir='ltr'><strong>puteum</strong></span> 
     </span>
    </p>
   </div>
   <div class='ocr_carea' id='block_1_75' title="bbox 1080 813 1870 852">
    <p class='ocr_par' dir='ltr' id='par_1_75' title="bbox 1080 813 1870 852">
     <span class='ocr_line' id='line_1_75' title="bbox 1080 813 1870 852; baseline 0.01 -13"><span class='ocrx_word' id='word_1_595' title='bbox 1080 813 1225 846; x_wconf 75' lang='lat' dir='ltr'><strong>furamenti,</strong></span> <span class='ocrx_word' id='word_1_596' title='bbox 1238 819 1341 849; x_wconf 82' lang='lat' dir='ltr'><strong>preces,</strong></span> <span class='ocrx_word' id='word_1_597' title='bbox 1355 816 1450 850; x_wconf 88' lang='lat' dir='ltr'><strong>quibus</strong></span> <span class='ocrx_word' id='word_1_598' title='bbox 1465 817 1564 850; x_wconf 82' lang='lat' dir='ltr'><strong>gratias</strong></span> <span class='ocrx_word' id='word_1_599' title='bbox 1577 818 1687 852; x_wconf 78' lang='lat' dir='ltr'><strong>agebat,</strong></span> <span class='ocrx_word' id='word_1_600' title='bbox 1708 819 1804 846; x_wconf 90' lang='lat' dir='ltr'><strong>obtulit</strong></span> <span class='ocrx_word' id='word_1_601' title='bbox 1817 820 1870 847; x_wconf 90' lang='lat' dir='ltr'><strong>Do-</strong></span> 
     </span>
    </p>
   </div>
   <div class='ocr_carea' id='block_1_76' title="bbox 1079 858 1872 896">
    <p class='ocr_par' dir='ltr' id='par_1_76' title="bbox 1079 858 1872 896">
     <span class='ocr_line' id='line_1_76' title="bbox 1079 858 1872 896; baseline 0.009 -12"><span class='ocrx_word' id='word_1_602' title='bbox 1079 858 1171 890; x_wconf 82' lang='lat' dir='ltr'><strong>mino,</strong></span> <span class='ocrx_word' id='word_1_603' title='bbox 1191 863 1214 885; x_wconf 87' lang='lat' dir='ltr'><strong>et</strong></span> <span class='ocrx_word' id='word_1_604' title='bbox 1237 859 1385 894; x_wconf 79' lang='lat' dir='ltr'><strong>sacriﬁcavit</strong></span> <span class='ocrx_word' id='word_1_605' title='bbox 1403 861 1557 894; x_wconf 73' lang='lat' dir='ltr'><strong>sacriﬁcium</strong></span> <span class='ocrx_word' id='word_1_606' title='bbox 1579 861 1635 889; x_wconf 82' lang='lat' dir='ltr'><strong>Deo</strong></span> <span class='ocrx_word' id='word_1_607' title='bbox 1656 863 1724 896; x_wconf 81' lang='lat' dir='ltr'><strong>patri</strong></span> <span class='ocrx_word' id='word_1_608' title='bbox 1744 864 1783 890; x_wconf 74' lang='lat' dir='ltr'><strong>sui</strong></span> <span class='ocrx_word' id='word_1_609' title='bbox 1797 862 1872 891; x_wconf 77' lang='lat' dir='ltr'><strong>Isaac</strong></span> 
     </span>
    </p>
   </div>
   <div class='ocr_carea' id='block_1_77' title="bbox 1081 903 1240 938">
    <p class='ocr_par' dir='ltr' id='par_1_77' title="bbox 1081 903 1240 938">
     <span class='ocr_line' id='line_1_77' title="bbox 1081 903 1240 938; baseline 0.006 -8"><span class='ocrx_word' id='word_1_610' title='bbox 1081 903 1175 938; x_wconf 84' lang='lat' dir='ltr'><strong>‘(Caput</strong></span> <span class='ocrx_word' id='word_1_611' title='bbox 1186 904 1240 938; x_wconf 73' lang='grc'><strong>46).</strong></span> 
     </span>
    </p>
   </div>
   <div class='ocr_carea' id='block_1_78' title="bbox 1117 947 1870 990">
    <p class='ocr_par' dir='ltr' id='par_1_78' title="bbox 1117 947 1870 990">
     <span class='ocr_line' id='line_1_78' title="bbox 1117 947 1870 990; baseline 0.011 -15"><span class='ocrx_word' id='word_1_612' title='bbox 1117 949 1144 976; x_wconf 76' lang='grc'><strong>2.</strong></span> <span class='ocrx_word' id='word_1_613' title='bbox 1163 947 1228 977; x_wconf 75' lang='lat' dir='ltr'><strong>iltec</strong></span> <span class='ocrx_word' id='word_1_614' title='bbox 1249 950 1402 985; x_wconf 85' lang='lat' dir='ltr'><strong>audientes,</strong></span> <span class='ocrx_word' id='word_1_615' title='bbox 1423 952 1559 980; x_wconf 87' lang='lat' dir='ltr'><strong>discamus</strong></span> <span class='ocrx_word' id='word_1_616' title='bbox 1571 954 1677 988; x_wconf 87' lang='lat' dir='ltr'><strong>quando</strong></span> <span class='ocrx_word' id='word_1_617' title='bbox 1690 954 1753 990; x_wconf 86' lang='lat' dir='ltr'><strong>quid</strong></span> <span class='ocrx_word' id='word_1_618' title='bbox 1768 955 1870 987; x_wconf 78' lang='lat' dir='ltr'><strong>facturi.</strong></span> 
     </span>
    </p>
   </div>
   <div class='ocr_carea' id='block_1_79' title="bbox 1080 996 1872 1036">
    <p class='ocr_par' dir='ltr' id='par_1_79' title="bbox 1080 996 1872 1036">
     <span class='ocr_line' id='line_1_79' title="bbox 1080 996 1872 1036; baseline 0.01 -14"><span class='ocrx_word' id='word_1_619' title='bbox 1080 996 1125 1022; x_wconf 76' lang='lat' dir='ltr'><strong>vel</strong></span> <span class='ocrx_word' id='word_1_620' title='bbox 1146 996 1279 1031; x_wconf 82' lang='lat' dir='ltr'><strong>negotium</strong></span> <span class='ocrx_word' id='word_1_621' title='bbox 1298 998 1404 1032; x_wconf 81' lang='lat' dir='ltr'><strong>aliquod</strong></span> <span class='ocrx_word' id='word_1_622' title='bbox 1424 999 1554 1033; x_wconf 73' lang='lat' dir='ltr'><strong>C(Bpluri,</strong></span> <span class='ocrx_word' id='word_1_623' title='bbox 1571 1001 1613 1027; x_wconf 88' lang='lat' dir='ltr'><strong>vel</strong></span> <span class='ocrx_word' id='word_1_624' title='bbox 1635 1002 1872 1036; x_wconf 78' lang='lat' dir='ltr'><strong>peregrinationem</strong></span> 
     </span>
    </p>
   </div>
   <div class='ocr_carea' id='block_1_80' title="bbox 1083 1042 1873 1078">
    <p class='ocr_par' dir='ltr' id='par_1_80' title="bbox 1083 1042 1873 1078">
     <span class='ocr_line' id='line_1_80' title="bbox 1083 1042 1873 1078; baseline 0.01 -11"><span class='ocrx_word' id='word_1_625' title='bbox 1083 1042 1231 1076; x_wconf 85' lang='lat' dir='ltr'><strong>suscepturi</strong></span> <span class='ocrx_word' id='word_1_626' title='bbox 1250 1049 1356 1076; x_wconf 88' lang='lat' dir='ltr'><strong>sumus,</strong></span> <span class='ocrx_word' id='word_1_627' title='bbox 1372 1047 1400 1070; x_wconf 88' lang='lat' dir='ltr'><strong>ut</strong></span> <span class='ocrx_word' id='word_1_628' title='bbox 1412 1045 1534 1078; x_wconf 77' lang='lat' dir='ltr'><strong>precibus</strong></span> <span class='ocrx_word' id='word_1_629' title='bbox 1549 1044 1691 1073; x_wconf 70' lang='lat' dir='ltr'><strong>offeramus</strong></span> <span class='ocrx_word' id='word_1_630' title='bbox 1705 1046 1817 1074; x_wconf 91' lang='lat' dir='ltr'><strong>Domino</strong></span> <span class='ocrx_word' id='word_1_631' title='bbox 1829 1056 1873 1075; x_wconf 85' lang='lat' dir='ltr'><strong>sa-</strong></span> 
     </span>
    </p>
   </div>
   <div class='ocr_carea' id='block_1_81' title="bbox 1079 1086 1874 1124">
    <p class='ocr_par' dir='ltr' id='par_1_81' title="bbox 1079 1086 1874 1124">
     <span class='ocr_line' id='line_1_81' title="bbox 1079 1086 1874 1124; baseline 0.008 -11"><span class='ocrx_word' id='word_1_632' title='bbox 1079 1086 1229 1120; x_wconf 75' lang='lat' dir='ltr'><strong>crificium,</strong></span> <span class='ocrx_word' id='word_1_633' title='bbox 1252 1091 1279 1114; x_wconf 88' lang='lat' dir='ltr'><strong>et</strong></span> <span class='ocrx_word' id='word_1_634' title='bbox 1299 1088 1357 1122; x_wconf 90' lang='lat' dir='ltr'><strong>ejus</strong></span> <span class='ocrx_word' id='word_1_635' title='bbox 1377 1088 1537 1123; x_wconf 87' lang='lat' dir='ltr'><strong>adjtttorium</strong></span> <span class='ocrx_word' id='word_1_636' title='bbox 1556 1090 1726 1124; x_wconf 80' lang='lat' dir='ltr'><strong>invocemus,</strong></span> <span class='ocrx_word' id='word_1_637' title='bbox 1740 1096 1767 1119; x_wconf 89' lang='lat' dir='ltr'><strong>ct</strong></span> <span class='ocrx_word' id='word_1_638' title='bbox 1781 1092 1820 1120; x_wconf 89' lang='lat' dir='ltr'><strong>sic</strong></span> <span class='ocrx_word' id='word_1_639' title='bbox 1832 1093 1874 1120; x_wconf 86' lang='lat' dir='ltr'><strong>itt-</strong></span> 
     </span>
    </p>
   </div>
   <div class='ocr_carea' id='block_1_82' title="bbox 1084 1132 1863 1174">
    <p class='ocr_par' dir='ltr' id='par_1_82' title="bbox 1084 1132 1863 1174">
     <span class='ocr_line' id='line_1_82' title="bbox 1084 1132 1863 1174; baseline 0.008 -15"><span class='ocrx_word' id='word_1_640' title='bbox 1084 1132 1203 1159; x_wconf 85' lang='lat' dir='ltr'><strong>stitulum</strong></span> <span class='ocrx_word' id='word_1_641' title='bbox 1217 1133 1410 1168; x_wconf 80' lang='lat' dir='ltr'><strong>aggrediamur,</strong></span> <span class='ocrx_word' id='word_1_642' title='bbox 1426 1134 1559 1162; x_wconf 87' lang='lat' dir='ltr'><strong>imitantes</strong></span> <span class='ocrx_word' id='word_1_643' title='bbox 1570 1135 1673 1163; x_wconf 93' lang='lat' dir='ltr'><strong>illorum</strong></span> <span class='ocrx_word' id='word_1_644' title='bbox 1682 1136 1812 1171; x_wconf 78' lang='lat' dir='ltr'><strong>just&#39;orum</strong></span> <span class='ocrx_word' id='word_1_645' title='bbox 1822 1139 1863 1174; x_wconf 83' lang='lat' dir='ltr'><strong>pie</strong></span> 
     </span>
    </p>
   </div>
   <div class='ocr_carea' id='block_1_83' title="bbox 1080 1177 1876 1216">
    <p class='ocr_par' dir='ltr' id='par_1_83' title="bbox 1080 1177 1876 1216">
     <span class='ocr_line' id='line_1_83' title="bbox 1080 1177 1876 1216; baseline 0.01 -12"><span class='ocrx_word' id='word_1_646' title='bbox 1080 1180 1178 1206; x_wconf 81' lang='lat' dir='ltr'><strong>tatem.</strong></span> <span class='ocrx_word' id='word_1_647' title='bbox 1194 1177 1357 1213; x_wconf 73' lang='lat' dir='ltr'><strong>Sacri/ienuit</strong></span> <span class='ocrx_word' id='word_1_648' title='bbox 1368 1180 1521 1214; x_wconf 71' lang='lat' dir='ltr'><strong>sacriﬁcium</strong></span> <span class='ocrx_word' id='word_1_649' title='bbox 1536 1180 1587 1208; x_wconf 87' lang='lat' dir='ltr'><strong>Deo</strong></span> <span class='ocrx_word' id='word_1_650' title='bbox 1600 1182 1680 1216; x_wconf 75' lang='lat' dir='ltr'><strong>patris</strong></span> <span class='ocrx_word' id='word_1_651' title='bbox 1689 1183 1729 1210; x_wconf 79' lang='lat' dir='ltr'><strong>sui</strong></span> <span class='ocrx_word' id='word_1_652' title='bbox 1741 1183 1835 1211; x_wconf 73' lang='lat' dir='ltr'><strong>Isaac:</strong></span> <span class='ocrx_word' id='word_1_653' title='bbox 1848 1179 1876 1212; x_wconf 86' lang='lat' dir='ltr'><strong>ut</strong></span> 
     </span>
    </p>
   </div>
   <div class='ocr_carea' id='block_1_84' title="bbox 1079 1223 1876 1262">
    <p class='ocr_par' dir='ltr' id='par_1_84' title="bbox 1079 1223 1876 1262">
     <span class='ocr_line' id='line_1_84' title="bbox 1079 1223 1876 1262; baseline 0.008 -11"><span class='ocrx_word' id='word_1_654' title='bbox 1079 1223 1172 1251; x_wconf 75' lang='lat' dir='ltr'><strong>discas</strong></span> <span class='ocrx_word' id='word_1_655' title='bbox 1192 1231 1251 1251; x_wconf 90' lang='lat' dir='ltr'><strong>eum</strong></span> <span class='ocrx_word' id='word_1_656' title='bbox 1267 1226 1374 1260; x_wconf 82' lang='lat' dir='ltr'><strong>vestigia</strong></span> <span class='ocrx_word' id='word_1_657' title='bbox 1388 1226 1469 1260; x_wconf 84' lang='lat' dir='ltr'><strong>patris</strong></span> <span class='ocrx_word' id='word_1_658' title='bbox 1484 1226 1524 1254; x_wconf 86' lang='lat' dir='ltr'><strong>sui</strong></span> <span class='ocrx_word' id='word_1_659' title='bbox 1538 1232 1678 1262; x_wconf 88' lang='lat' dir='ltr'><strong>sequutum</strong></span> <span class='ocrx_word' id='word_1_660' title='bbox 1691 1236 1766 1262; x_wconf 87' lang='lat' dir='ltr'><strong>esse,</strong></span> <span class='ocrx_word' id='word_1_661' title='bbox 1783 1234 1811 1257; x_wconf 85' lang='lat' dir='ltr'><strong>et</strong></span> <span class='ocrx_word' id='word_1_662' title='bbox 1825 1230 1876 1257; x_wconf 89' lang='lat' dir='ltr'><strong>hoc</strong></span> 
     </span>
    </p>
   </div>
   <div class='ocr_carea' id='block_1_85' title="bbox 1086 1268 1875 1310">
    <p class='ocr_par' dir='ltr' id='par_1_85' title="bbox 1086 1268 1875 1310">
     <span class='ocr_line' id='line_1_85' title="bbox 1086 1268 1875 1310; baseline 0.006 -14"><span class='ocrx_word' id='word_1_663' title='bbox 1086 1268 1112 1296; x_wconf 87' lang='lat' dir='ltr'><strong>in</strong></span> <span class='ocrx_word' id='word_1_664' title='bbox 1130 1270 1201 1297; x_wconf 89' lang='lat' dir='ltr'><strong>cultu</strong></span> <span class='ocrx_word' id='word_1_665' title='bbox 1220 1269 1311 1297; x_wconf 83' lang='lat' dir='ltr'><strong>divino</strong></span> <span class='ocrx_word' id='word_1_666' title='bbox 1331 1270 1498 1304; x_wconf 82' lang='lat' dir='ltr'><strong>declarasse,</strong></span> <span class='ocrx_word' id='word_1_667' title='bbox 1511 1273 1583 1300; x_wconf 83' lang='lat' dir='ltr'><strong>sicut</strong></span> <span class='ocrx_word' id='word_1_668' title='bbox 1595 1272 1678 1302; x_wconf 88' lang='lat' dir='ltr'><strong>lsaac.</strong></span> <span class='ocrx_word' id='word_1_669' title='bbox 1694 1273 1728 1301; x_wconf 86' lang='lat' dir='ltr'><strong>Et</strong></span> <span class='ocrx_word' id='word_1_670' title='bbox 1739 1274 1800 1309; x_wconf 85' lang='lat' dir='ltr'><strong>quia</strong></span> <span class='ocrx_word' id='word_1_671' title='bbox 1814 1282 1875 1310; x_wconf 85' lang='lat' dir='ltr'><strong>gra-</strong></span> 
     </span>
    </p>
   </div>
   <div class='ocr_carea' id='block_1_86' title="bbox 1086 1314 1874 1352">
    <p class='ocr_par' dir='ltr' id='par_1_86' title="bbox 1086 1314 1874 1352">
     <span class='ocr_line' id='line_1_86' title="bbox 1086 1314 1874 1352; baseline 0.009 -12"><span class='ocrx_word' id='word_1_672' title='bbox 1086 1317 1141 1341; x_wconf 92' lang='lat' dir='ltr'><strong>tum</strong></span> <span class='ocrx_word' id='word_1_673' title='bbox 1166 1320 1243 1341; x_wconf 84' lang='lat' dir='ltr'><strong>suum</strong></span> <span class='ocrx_word' id='word_1_674' title='bbox 1265 1314 1387 1343; x_wconf 71' lang='lat' dir='ltr'><strong>aflbctum</strong></span> <span class='ocrx_word' id='word_1_675' title='bbox 1410 1316 1483 1350; x_wconf 89' lang='lat' dir='ltr'><strong>prius</strong></span> <span class='ocrx_word' id='word_1_676' title='bbox 1506 1322 1554 1351; x_wconf 87' lang='lat' dir='ltr'><strong>per</strong></span> <span class='ocrx_word' id='word_1_677' title='bbox 1576 1317 1720 1352; x_wconf 82' lang='lat' dir='ltr'><strong>gratiarum</strong></span> <span class='ocrx_word' id='word_1_678' title='bbox 1744 1319 1874 1347; x_wconf 80' lang='lat' dir='ltr'><strong>actionem</strong></span> 
     </span>
    </p>
   </div>
   <div class='ocr_carea' id='block_1_87' title="bbox 1086 1360 1877 1400">
    <p class='ocr_par' dir='ltr' id='par_1_87' title="bbox 1086 1360 1877 1400">
     <span class='ocr_line' id='line_1_87' title="bbox 1086 1360 1877 1400; baseline 0.006 -12"><span class='ocrx_word' id='word_1_679' title='bbox 1086 1360 1212 1395; x_wconf 86' lang='lat' dir='ltr'><strong>ostendit,</strong></span> <span class='ocrx_word' id='word_1_680' title='bbox 1224 1363 1313 1389; x_wconf 88' lang='lat' dir='ltr'><strong>statim</strong></span> <span class='ocrx_word' id='word_1_681' title='bbox 1323 1363 1483 1397; x_wconf 88' lang='lat' dir='ltr'><strong>subsequuta</strong></span> <span class='ocrx_word' id='word_1_682' title='bbox 1496 1368 1557 1390; x_wconf 91' lang='lat' dir='ltr'><strong>sunt</strong></span> <span class='ocrx_word' id='word_1_683' title='bbox 1567 1364 1647 1391; x_wconf 88' lang='lat' dir='ltr'><strong>etiam</strong></span> <span class='ocrx_word' id='word_1_684' title='bbox 1660 1372 1691 1391; x_wconf 89' lang='lat' dir='ltr'><strong>ea</strong></span> <span class='ocrx_word' id='word_1_685' title='bbox 1701 1374 1759 1400; x_wconf 72' lang='lat' dir='ltr'><strong>qua:</strong></span> <span class='ocrx_word' id='word_1_686' title='bbox 1768 1367 1877 1400; x_wconf 87' lang='lat' dir='ltr'><strong>superni</strong></span> 
     </span>
    </p>
   </div>
   <div class='ocr_carea' id='block_1_88' title="bbox 1086 1407 1878 1444">
    <p class='ocr_par' dir='ltr' id='par_1_88' title="bbox 1086 1407 1878 1444">
     <span class='ocr_line' id='line_1_88' title="bbox 1086 1407 1878 1444; baseline 0.008 -10"><span class='ocrx_word' id='word_1_687' title='bbox 1086 1407 1175 1435; x_wconf 85' lang='lat' dir='ltr'><strong>auxilii</strong></span> <span class='ocrx_word' id='word_1_688' title='bbox 1211 1408 1327 1435; x_wconf 81' lang='lat' dir='ltr'><strong>fuerunt.</strong></span> <span class='ocrx_word' id='word_1_689' title='bbox 1350 1409 1416 1437; x_wconf 79' lang='lat' dir='ltr'><strong>Nam</strong></span> <span class='ocrx_word' id='word_1_690' title='bbox 1437 1410 1497 1444; x_wconf 91' lang='lat' dir='ltr'><strong>quia</strong></span> <span class='ocrx_word' id='word_1_691' title='bbox 1522 1410 1627 1437; x_wconf 85' lang='lat' dir='ltr'><strong>videbat</strong></span> <span class='ocrx_word' id='word_1_692' title='bbox 1650 1415 1750 1438; x_wconf 88' lang='lat' dir='ltr'><strong>tantum</strong></span> <span class='ocrx_word' id='word_1_693' title='bbox 1776 1411 1878 1440; x_wconf 86' lang='lat' dir='ltr'><strong>itineris</strong></span> 
     </span>
    </p>
   </div>
   <div class='ocr_carea' id='block_1_89' title="bbox 1086 1452 1877 1489">
    <p class='ocr_par' dir='ltr' id='par_1_89' title="bbox 1086 1452 1877 1489">
     <span class='ocr_line' id='line_1_89' title="bbox 1086 1452 1877 1489; baseline 0.005 -10"><span class='ocrx_word' id='word_1_694' title='bbox 1086 1452 1213 1486; x_wconf 78' lang='lat' dir='ltr'><strong>spatium,</strong></span> <span class='ocrx_word' id='word_1_695' title='bbox 1227 1458 1254 1479; x_wconf 85' lang='lat' dir='ltr'><strong>et</strong></span> <span class='ocrx_word' id='word_1_696' title='bbox 1265 1453 1397 1487; x_wconf 81' lang='lat' dir='ltr'><strong>cogitabat</strong></span> <span class='ocrx_word' id='word_1_697' title='bbox 1411 1456 1484 1480; x_wconf 87' lang='lat' dir='ltr'><strong>suam</strong></span> <span class='ocrx_word' id='word_1_698' title='bbox 1497 1454 1659 1489; x_wconf 79' lang='lat' dir='ltr'><strong>decrepitam</strong></span> <span class='ocrx_word' id='word_1_699' title='bbox 1675 1460 1793 1489; x_wconf 66' lang='lat' dir='ltr'><strong>aetatem,</strong></span> <span class='ocrx_word' id='word_1_700' title='bbox 1807 1457 1877 1483; x_wconf 77' lang='lat' dir='ltr'><strong>reri-</strong></span> 
     </span>
    </p>
   </div>
   <div class='ocr_carea' id='block_1_90' title="bbox 1089 1495 1877 1536">
    <p class='ocr_par' dir='ltr' id='par_1_90' title="bbox 1089 1495 1877 1536">
     <span class='ocr_line' id='line_1_90' title="bbox 1089 1495 1877 1536; baseline 0.006 -12"><span class='ocrx_word' id='word_1_701' title='bbox 1089 1501 1130 1524; x_wconf 92' lang='lat' dir='ltr'><strong>tus</strong></span> <span class='ocrx_word' id='word_1_702' title='bbox 1150 1505 1183 1524; x_wconf 93' lang='lat' dir='ltr'><strong>ne</strong></span> <span class='ocrx_word' id='word_1_703' title='bbox 1205 1502 1291 1525; x_wconf 83' lang='lat' dir='ltr'><strong>morte</strong></span> <span class='ocrx_word' id='word_1_704' title='bbox 1312 1502 1524 1533; x_wconf 71' lang='lat' dir='ltr'><strong>prmoccu‘patus,</strong></span> <span class='ocrx_word' id='word_1_705' title='bbox 1547 1507 1561 1526; x_wconf 88' lang='lat' dir='ltr'><strong>a</strong></span> <span class='ocrx_word' id='word_1_706' title='bbox 1583 1495 1716 1535; x_wconf 81' lang='lat' dir='ltr'><strong>colloquio</strong></span> <span class='ocrx_word' id='word_1_707' title='bbox 1730 1505 1756 1528; x_wconf 88' lang='lat' dir='ltr'><strong>et</strong></span> <span class='ocrx_word' id='word_1_708' title='bbox 1770 1504 1877 1536; x_wconf 84' lang='lat' dir='ltr'><strong>aspectu</strong></span> 
     </span>
    </p>
   </div>
   <div class='ocr_carea' id='block_1_91' title="bbox 1088 1542 1877 1579">
    <p class='ocr_par' dir='ltr' id='par_1_91' title="bbox 1088 1542 1877 1579">
     <span class='ocr_line' id='line_1_91' title="bbox 1088 1542 1877 1579; baseline 0.006 -10"><span class='ocrx_word' id='word_1_709' title='bbox 1088 1542 1134 1569; x_wconf 81' lang='lat' dir='ltr'><strong>filii</strong></span> <span class='ocrx_word' id='word_1_710' title='bbox 1158 1543 1324 1577; x_wconf 87' lang='lat' dir='ltr'><strong>privaretur,</strong></span> <span class='ocrx_word' id='word_1_711' title='bbox 1348 1548 1470 1578; x_wconf 84' lang='lat' dir='ltr'><strong>precatur</strong></span> <span class='ocrx_word' id='word_1_712' title='bbox 1493 1544 1652 1579; x_wconf 87' lang='lat' dir='ltr'><strong>Dominum,</strong></span> <span class='ocrx_word' id='word_1_713' title='bbox 1673 1551 1702 1573; x_wconf 95' lang='lat' dir='ltr'><strong>ut</strong></span> <span class='ocrx_word' id='word_1_714' title='bbox 1715 1550 1814 1573; x_wconf 90' lang='lat' dir='ltr'><strong>tantam</strong></span> <span class='ocrx_word' id='word_1_715' title='bbox 1828 1547 1877 1574; x_wconf 90' lang='lat' dir='ltr'><strong>sibi</strong></span> 
     </span>
    </p>
   </div>
   <div class='ocr_carea' id='block_1_92' title="bbox 1084 1589 1878 1627">
    <p class='ocr_par' dir='ltr' id='par_1_92' title="bbox 1084 1589 1878 1627">
     <span class='ocr_line' id='line_1_92' title="bbox 1084 1589 1878 1627; baseline 0.008 -13"><span class='ocrx_word' id='word_1_716' title='bbox 1084 1589 1149 1615; x_wconf 61' lang='lat' dir='ltr'><strong>&#39;ritte</strong></span> <span class='ocrx_word' id='word_1_717' title='bbox 1163 1596 1314 1616; x_wconf 88' lang='lat' dir='ltr'><strong>mensuram</strong></span> <span class='ocrx_word' id='word_1_718' title='bbox 1328 1589 1456 1617; x_wconf 90' lang='lat' dir='ltr'><strong>concedat</strong></span> <span class='ocrx_word' id='word_1_719' title='bbox 1467 1609 1474 1622; x_wconf 88' lang='lat'><strong>,</strong></span> <span class='ocrx_word' id='word_1_720' title='bbox 1487 1595 1516 1617; x_wconf 91' lang='lat' dir='ltr'><strong>ut</strong></span> <span class='ocrx_word' id='word_1_721' title='bbox 1526 1591 1641 1625; x_wconf 85' lang='lat' dir='ltr'><strong>perfecta</strong></span> <span class='ocrx_word' id='word_1_722' title='bbox 1657 1592 1791 1627; x_wconf 88' lang='lat' dir='ltr'><strong>voluptate</strong></span> <span class='ocrx_word' id='word_1_723' title='bbox 1803 1592 1878 1621; x_wconf 85' lang='lat' dir='ltr'><strong>frna-</strong></span> 
     </span>
    </p>
   </div>
   <div class='ocr_carea' id='block_1_93' title="bbox 1089 1634 1880 1674">
    <p class='ocr_par' dir='ltr' id='par_1_93' title="bbox 1089 1634 1880 1674">
     <span class='ocr_line' id='line_1_93' title="bbox 1089 1634 1880 1674; baseline 0.008 -14"><span class='ocrx_word' id='word_1_724' title='bbox 1089 1638 1141 1661; x_wconf 89' lang='lat' dir='ltr'><strong>tur.</strong></span> <span class='ocrx_word' id='word_1_725' title='bbox 1164 1634 1215 1661; x_wconf 90' lang='lat' dir='ltr'><strong>Sed</strong></span> <span class='ocrx_word' id='word_1_726' title='bbox 1238 1635 1298 1662; x_wconf 86' lang='lat' dir='ltr'><strong>vide</strong></span> <span class='ocrx_word' id='word_1_727' title='bbox 1313 1635 1446 1670; x_wconf 88' lang='lat' dir='ltr'><strong>quomodo</strong></span> <span class='ocrx_word' id='word_1_728' title='bbox 1461 1636 1545 1663; x_wconf 88' lang='lat' dir='ltr'><strong>bonus</strong></span> <span class='ocrx_word' id='word_1_729' title='bbox 1560 1636 1686 1664; x_wconf 89' lang='lat' dir='ltr'><strong>Dominus</strong></span> <span class='ocrx_word' id='word_1_730' title='bbox 1698 1639 1788 1666; x_wconf 87' lang='lat' dir='ltr'><strong>multis</strong></span> <span class='ocrx_word' id='word_1_731' title='bbox 1800 1647 1880 1674; x_wconf 86' lang='lat' dir='ltr'><strong>argu-</strong></span> 
     </span>
    </p>
   </div>
   <div class='ocr_carea' id='block_1_94' title="bbox 1089 1679 1881 1714">
    <p class='ocr_par' dir='ltr' id='par_1_94' title="bbox 1089 1679 1881 1714">
     <span class='ocr_line' id='line_1_94' title="bbox 1089 1679 1881 1714; baseline 0.008 -9"><span class='ocrx_word' id='word_1_732' title='bbox 1089 1679 1186 1706; x_wconf 87' lang='lat' dir='ltr'><strong>mentis</strong></span> <span class='ocrx_word' id='word_1_733' title='bbox 1204 1680 1305 1714; x_wconf 85' lang='lat' dir='ltr'><strong>jttstum</strong></span> <span class='ocrx_word' id='word_1_734' title='bbox 1328 1688 1450 1708; x_wconf 85' lang='lat' dir='ltr'><strong>securum</strong></span> <span class='ocrx_word' id='word_1_735' title='bbox 1471 1682 1573 1709; x_wconf 82' lang='lat' dir='ltr'><strong>reddat.</strong></span> <span class='ocrx_word' id='word_1_736' title='bbox 1595 1681 1623 1710; x_wconf 76' lang='lat'><strong>2.</strong></span> <span class='ocrx_word' id='word_1_737' title='bbox 1643 1681 1715 1710; x_wconf 70' lang='lat' dir='ltr'><strong>Dixit</strong></span> <span class='ocrx_word' id='word_1_738' title='bbox 1729 1683 1800 1711; x_wconf 89' lang='lat' dir='ltr'><strong>enim</strong></span> <span class='ocrx_word' id='word_1_739' title='bbox 1813 1684 1881 1711; x_wconf 81' lang='lat' dir='ltr'><strong>Deus</strong></span> 
     </span>
    </p>
   </div>
   <div class='ocr_carea' id='block_1_95' title="bbox 1088 1724 1882 1764">
    <p class='ocr_par' dir='ltr' id='par_1_95' title="bbox 1088 1724 1882 1764">
     <span class='ocr_line' id='line_1_95' title="bbox 1088 1724 1882 1764; baseline 0.006 -13"><span class='ocrx_word' id='word_1_740' title='bbox 1088 1724 1173 1752; x_wconf 82' lang='lat' dir='ltr'><strong>Israe&#39;l</strong></span> <span class='ocrx_word' id='word_1_741' title='bbox 1195 1726 1219 1752; x_wconf 88' lang='lat' dir='ltr'><strong>in</strong></span> <span class='ocrx_word' id='word_1_742' title='bbox 1241 1726 1333 1753; x_wconf 75' lang='lat' dir='ltr'><strong>visione</strong></span> <span class='ocrx_word' id='word_1_743' title='bbox 1354 1727 1433 1753; x_wconf 84' lang='lat' dir='ltr'><strong>noctis</strong></span> <span class='ocrx_word' id='word_1_744' title='bbox 1456 1735 1467 1754; x_wconf 86' lang='lat'><em>:</em></span> <span class='ocrx_word' id='word_1_745' title='bbox 1491 1727 1587 1762; x_wconf 85' lang='lat' dir='ltr'><strong>Iacob,</strong></span> <span class='ocrx_word' id='word_1_746' title='bbox 1611 1727 1711 1762; x_wconf 82' lang='lat' dir='ltr'><strong>Iacob;</strong></span> <span class='ocrx_word' id='word_1_747' title='bbox 1727 1730 1752 1757; x_wconf 77' lang='grc'><strong>5.</strong></span> <span class='ocrx_word' id='word_1_748' title='bbox 1767 1737 1814 1764; x_wconf 84' lang='lat' dir='ltr'><strong>ego</strong></span> <span class='ocrx_word' id='word_1_749' title='bbox 1827 1738 1882 1756; x_wconf 80' lang='lat' dir='ltr'><strong>sum</strong></span> 
     </span>
    </p>
   </div>
   <div class='ocr_carea' id='block_1_96' title="bbox 1090 1767 1882 1810">
    <p class='ocr_par' dir='ltr' id='par_1_96' title="bbox 1090 1767 1882 1810">
     <span class='ocr_line' id='line_1_96' title="bbox 1090 1767 1882 1810; baseline 0.008 -14"><span class='ocrx_word' id='word_1_750' title='bbox 1090 1767 1158 1798; x_wconf 79' lang='lat' dir='ltr'><strong>Dens</strong></span> <span class='ocrx_word' id='word_1_751' title='bbox 1182 1776 1281 1805; x_wconf 84' lang='lat' dir='ltr'><strong>patrum</strong></span> <span class='ocrx_word' id='word_1_752' title='bbox 1298 1776 1398 1799; x_wconf 84' lang='lat' dir='ltr'><strong>tuorum</strong></span> <span class='ocrx_word' id='word_1_753' title='bbox 1409 1780 1421 1810; x_wconf 62' lang='grc' dir='ltr'><strong>ί</strong></span> <span class='ocrx_word' id='word_1_754' title='bbox 1437 1781 1467 1799; x_wconf 89' lang='lat' dir='ltr'><strong>ne</strong></span> <span class='ocrx_word' id='word_1_755' title='bbox 1488 1774 1575 1800; x_wconf 78' lang='lat' dir='ltr'><strong>timeas</strong></span> <span class='ocrx_word' id='word_1_756' title='bbox 1593 1774 1742 1802; x_wconf 80' lang='lat' dir='ltr'><strong>descendere</strong></span> <span class='ocrx_word' id='word_1_757' title='bbox 1762 1775 1788 1801; x_wconf 83' lang='lat' dir='ltr'><strong>in</strong></span> <span class='ocrx_word' id='word_1_758' title='bbox 1799 1775 1882 1810; x_wconf 67' lang='lat' dir='ltr'><strong>Egy-</strong></span> 
     </span>
    </p>
   </div>
   <div class='ocr_carea' id='block_1_97' title="bbox 1091 1815 1881 1856">
    <p class='ocr_par' dir='ltr' id='par_1_97' title="bbox 1091 1815 1881 1856">
     <span class='ocr_line' id='line_1_97' title="bbox 1091 1815 1881 1856; baseline 0.009 -15"><span class='ocrx_word' id='word_1_759' title='bbox 1091 1818 1169 1850; x_wconf 81' lang='lat' dir='ltr'><strong>pt‘um.</strong></span> <span class='ocrx_word' id='word_1_760' title='bbox 1190 1815 1222 1843; x_wconf 86' lang='lat' dir='ltr'><strong>In</strong></span> <span class='ocrx_word' id='word_1_761' title='bbox 1241 1825 1358 1852; x_wconf 86' lang='lat' dir='ltr'><strong>magnam</strong></span> <span class='ocrx_word' id='word_1_762' title='bbox 1374 1818 1441 1844; x_wconf 84' lang='lat' dir='ltr'><strong>enim</strong></span> <span class='ocrx_word' id='word_1_763' title='bbox 1453 1824 1550 1853; x_wconf 79' lang='lat' dir='ltr'><strong>gentem</strong></span> <span class='ocrx_word' id='word_1_764' title='bbox 1563 1819 1656 1854; x_wconf 81' lang='lat' dir='ltr'><strong>faciam</strong></span> <span class='ocrx_word' id='word_1_765' title='bbox 1669 1825 1693 1847; x_wconf 81' lang='lat' dir='ltr'><strong>te</strong></span> <span class='ocrx_word' id='word_1_766' title='bbox 1704 1821 1767 1847; x_wconf 82' lang='lat' dir='ltr'><strong>t&#39;llt&#39;c.</strong></span> <span class='ocrx_word' id='word_1_767' title='bbox 1782 1821 1809 1848; x_wconf 72' lang='grc'><strong>4.</strong></span> <span class='ocrx_word' id='word_1_768' title='bbox 1827 1821 1881 1856; x_wconf 72' lang='lat' dir='ltr'><strong>Ego</strong></span> 
     </span>
    </p>
   </div>
   <div class='ocr_carea' id='block_1_98' title="bbox 1089 1862 1883 1901">
    <p class='ocr_par' dir='ltr' id='par_1_98' title="bbox 1089 1862 1883 1901">
     <span class='ocr_line' id='line_1_98' title="bbox 1089 1862 1883 1901; baseline 0.006 -14"><span class='ocrx_word' id='word_1_769' title='bbox 1089 1862 1238 1888; x_wconf 72' lang='lat' dir='ltr'><strong>descendam</strong></span> <span class='ocrx_word' id='word_1_770' title='bbox 1260 1867 1356 1895; x_wconf 83' lang='lat' dir='ltr'><strong>tecum,</strong></span> <span class='ocrx_word' id='word_1_771' title='bbox 1379 1868 1403 1891; x_wconf 83' lang='lat' dir='ltr'><strong>et</strong></span> <span class='ocrx_word' id='word_1_772' title='bbox 1422 1864 1542 1891; x_wconf 77' lang='lat' dir='ltr'><strong>reducam</strong></span> <span class='ocrx_word' id='word_1_773' title='bbox 1560 1870 1584 1892; x_wconf 84' lang='lat' dir='ltr'><strong>te</strong></span> <span class='ocrx_word' id='word_1_774' title='bbox 1601 1865 1627 1891; x_wconf 87' lang='lat' dir='ltr'><strong>in</strong></span> <span class='ocrx_word' id='word_1_775' title='bbox 1645 1865 1739 1899; x_wconf 80' lang='lat' dir='ltr'><strong>ﬁnem,</strong></span> <span class='ocrx_word' id='word_1_776' title='bbox 1754 1870 1777 1892; x_wconf 88' lang='lat' dir='ltr'><strong>et</strong></span> <span class='ocrx_word' id='word_1_777' title='bbox 1787 1865 1883 1901; x_wconf 83' lang='lat' dir='ltr'><strong>Ioseph</strong></span> 
     </span>
    </p>
   </div>
   <div class='ocr_carea' id='block_1_99' title="bbox 1089 1907 1883 1945">
    <p class='ocr_par' dir='ltr' id='par_1_99' title="bbox 1089 1907 1883 1945">
     <span class='ocr_line' id='line_1_99' title="bbox 1089 1907 1883 1945; baseline 0.006 -11"><span class='ocrx_word' id='word_1_778' title='bbox 1089 1907 1201 1941; x_wconf 79' lang='lat' dir='ltr'><strong>imponet</strong></span> <span class='ocrx_word' id='word_1_779' title='bbox 1221 1909 1311 1934; x_wconf 71' lang='lat' dir='ltr'><strong>manui;</strong></span> <span class='ocrx_word' id='word_1_780' title='bbox 1334 1917 1411 1943; x_wconf 79' lang='lat' dir='ltr'><strong>super</strong></span> <span class='ocrx_word' id='word_1_781' title='bbox 1430 1909 1517 1936; x_wconf 74' lang='lat' dir='ltr'><strong>oculos</strong></span> <span class='ocrx_word' id='word_1_782' title='bbox 1539 1914 1603 1937; x_wconf 74' lang='lat' dir='ltr'><strong>tuos.</strong></span> <span class='ocrx_word' id='word_1_783' title='bbox 1620 1909 1686 1938; x_wconf 83' lang='lat' dir='ltr'><strong>Vide</strong></span> <span class='ocrx_word' id='word_1_784' title='bbox 1705 1911 1838 1945; x_wconf 87' lang='lat' dir='ltr'><strong>quomodo</strong></span> <span class='ocrx_word' id='word_1_785' title='bbox 1852 1920 1883 1939; x_wconf 81' lang='lat' dir='ltr'><strong>ea</strong></span> 
     </span>
    </p>
   </div>
   <div class='ocr_carea' id='block_1_100' title="bbox 1091 1950 1882 1991">
    <p class='ocr_par' dir='ltr' id='par_1_100' title="bbox 1091 1950 1882 1991">
     <span class='ocr_line' id='line_1_100' title="bbox 1091 1950 1882 1991; baseline 0.008 -13"><span class='ocrx_word' id='word_1_786' title='bbox 1091 1960 1151 1987; x_wconf 65' lang='lat' dir='ltr'><strong>quae</strong></span> <span class='ocrx_word' id='word_1_787' title='bbox 1168 1953 1257 1987; x_wconf 86' lang='lat' dir='ltr'><strong>justus</strong></span> <span class='ocrx_word' id='word_1_788' title='bbox 1269 1953 1313 1981; x_wconf 87' lang='lat' dir='ltr'><strong>ille</strong></span> <span class='ocrx_word' id='word_1_789' title='bbox 1328 1953 1493 1982; x_wconf 82' lang='lat' dir='ltr'><strong>desiderabat</strong></span> <span class='ocrx_word' id='word_1_790' title='bbox 1505 1976 1513 1987; x_wconf 88' lang='lat'><strong>,</strong></span> <span class='ocrx_word' id='word_1_791' title='bbox 1527 1962 1557 1981; x_wconf 82' lang='lat' dir='ltr'><strong>ca</strong></span> <span class='ocrx_word' id='word_1_792' title='bbox 1571 1950 1607 1983; x_wconf 86' lang='lat' dir='ltr'><strong>illi</strong></span> <span class='ocrx_word' id='word_1_793' title='bbox 1623 1956 1693 1983; x_wconf 88' lang='lat' dir='ltr'><strong>Deus</strong></span> <span class='ocrx_word' id='word_1_794' title='bbox 1707 1956 1861 1991; x_wconf 86' lang='lat' dir='ltr'><strong>polliceatur</strong></span> <span class='ocrx_word' id='word_1_795' title='bbox 1875 1966 1882 1984; x_wconf 90' lang='lat'>:</span> 
     </span>
    </p>
   </div>
   <div class='ocr_carea' id='block_1_101' title="bbox 1090 1996 1884 2037">
    <p class='ocr_par' dir='ltr' id='par_1_101' title="bbox 1090 1996 1884 2037">
     <span class='ocr_line' id='line_1_101' title="bbox 1090 1996 1884 2037; baseline 0.005 -12"><span class='ocrx_word' id='word_1_796' title='bbox 1090 1996 1144 2026; x_wconf 81' lang='lat' dir='ltr'><strong>imo</strong></span> <span class='ocrx_word' id='word_1_797' title='bbox 1155 2004 1182 2026; x_wconf 89' lang='lat' dir='ltr'><strong>et</strong></span> <span class='ocrx_word' id='word_1_798' title='bbox 1191 1999 1273 2027; x_wconf 89' lang='lat' dir='ltr'><strong>multo</strong></span> <span class='ocrx_word' id='word_1_799' title='bbox 1289 2000 1399 2035; x_wconf 87' lang='lat' dir='ltr'><strong>majora.</strong></span> <span class='ocrx_word' id='word_1_800' title='bbox 1413 1999 1580 2028; x_wconf 82' lang='lat' dir='ltr'><strong>Liberalitate</strong></span> <span class='ocrx_word' id='word_1_801' title='bbox 1590 2001 1660 2029; x_wconf 92' lang='lat' dir='ltr'><strong>enim</strong></span> <span class='ocrx_word' id='word_1_802' title='bbox 1671 2009 1717 2029; x_wconf 85' lang='lat' dir='ltr'><strong>sua</strong></span> <span class='ocrx_word' id='word_1_803' title='bbox 1729 2006 1884 2037; x_wconf 85' lang='lat' dir='ltr'><strong>nostraspe-</strong></span> 
     </span>
    </p>
   </div>
   <div class='ocr_carea' id='block_1_102' title="bbox 1092 2046 1881 2079">
    <p class='ocr_par' dir='ltr' id='par_1_102' title="bbox 1092 2046 1881 2079">
     <span class='ocr_line' id='line_1_102' title="bbox 1092 2046 1881 2079; baseline 0.003 -7"><span class='ocrx_word' id='word_1_804' title='bbox 1092 2046 1198 2073; x_wconf 86' lang='lat' dir='ltr'><strong>titiones</strong></span> <span class='ocrx_word' id='word_1_805' title='bbox 1214 2046 1387 2079; x_wconf 86' lang='lat' dir='ltr'><strong>transcendit,</strong></span> <span class='ocrx_word' id='word_1_806' title='bbox 1403 2054 1513 2074; x_wconf 89' lang='lat' dir='ltr'><strong>servans</strong></span> <span class='ocrx_word' id='word_1_807' title='bbox 1525 2047 1630 2074; x_wconf 81' lang='lat' dir='ltr'><strong>solitam</strong></span> <span class='ocrx_word' id='word_1_808' title='bbox 1640 2054 1714 2074; x_wconf 87' lang='lat' dir='ltr'><strong>suam</strong></span> <span class='ocrx_word' id='word_1_809' title='bbox 1727 2048 1881 2075; x_wconf 84' lang='lat' dir='ltr'><strong>misericor-</strong></span> 
     </span>
    </p>
   </div>
   <div class='ocr_carea' id='block_1_103' title="bbox 1091 2088 1884 2128">
    <p class='ocr_par' dir='ltr' id='par_1_103' title="bbox 1091 2088 1884 2128">
     <span class='ocr_line' id='line_1_103' title="bbox 1091 2088 1884 2128; baseline 0.003 -11"><span class='ocrx_word' id='word_1_810' title='bbox 1091 2089 1171 2117; x_wconf 87' lang='lat' dir='ltr'><strong>diam.</strong></span> <span class='ocrx_word' id='word_1_811' title='bbox 1199 2088 1240 2118; x_wconf 87' lang='lat' dir='ltr'><strong>Ne</strong></span> <span class='ocrx_word' id='word_1_812' title='bbox 1262 2091 1361 2124; x_wconf 76' lang='lat' dir='ltr'><strong>timeas,</strong></span> <span class='ocrx_word' id='word_1_813' title='bbox 1384 2092 1485 2127; x_wconf 83' lang='lat' dir='ltr'><strong>inquit,</strong></span> <span class='ocrx_word' id='word_1_814' title='bbox 1513 2092 1663 2119; x_wconf 76' lang='lat' dir='ltr'><strong>descendere</strong></span> <span class='ocrx_word' id='word_1_815' title='bbox 1683 2092 1709 2119; x_wconf 83' lang='lat' dir='ltr'><strong>in</strong></span> <span class='ocrx_word' id='word_1_816' title='bbox 1729 2092 1884 2128; x_wconf 67' lang='lat' dir='ltr'><strong>Egyptum.</strong></span> 
     </span>
    </p>
   </div>
   <div class='ocr_carea' id='block_1_104' title="bbox 1082 2133 1887 2174">
    <p class='ocr_par' dir='ltr' id='par_1_104' title="bbox 1082 2133 1887 2174">
     <span class='ocr_line' id='line_1_104' title="bbox 1082 2133 1887 2174; baseline 0.005 -11"><span class='ocrx_word' id='word_1_817' title='bbox 1082 2133 1222 2170; x_wconf 58' lang='lat' dir='ltr'><strong>&#39;Quoniam</strong></span> <span class='ocrx_word' id='word_1_818' title='bbox 1244 2137 1340 2164; x_wconf 86' lang='lat' dir='ltr'><strong>anxius</strong></span> <span class='ocrx_word' id='word_1_819' title='bbox 1362 2142 1419 2165; x_wconf 87' lang='lat' dir='ltr'><strong>erat</strong></span> <span class='ocrx_word' id='word_1_820' title='bbox 1437 2138 1472 2165; x_wconf 91' lang='lat' dir='ltr'><strong>ob</strong></span> <span class='ocrx_word' id='word_1_821' title='bbox 1486 2139 1534 2166; x_wconf 79' lang='lat' dir='ltr'><strong>via:</strong></span> <span class='ocrx_word' id='word_1_822' title='bbox 1550 2138 1740 2174; x_wconf 85' lang='lat' dir='ltr'><strong>longitudinem</strong></span> <span class='ocrx_word' id='word_1_823' title='bbox 1752 2160 1760 2172; x_wconf 87' lang='lat'><strong>,</strong></span> <span class='ocrx_word' id='word_1_824' title='bbox 1772 2140 1833 2168; x_wconf 81' lang='lat' dir='ltr'><strong>ideo</strong></span> <span class='ocrx_word' id='word_1_825' title='bbox 1844 2140 1887 2169; x_wconf 76' lang='lat' dir='ltr'><strong>di-</strong></span> 
     </span>
    </p>
   </div>
   <div class='ocr_carea' id='block_1_105' title="bbox 1092 2182 1886 2221">
    <p class='ocr_par' dir='ltr' id='par_1_105' title="bbox 1092 2182 1886 2221">
     <span class='ocr_line' id='line_1_105' title="bbox 1092 2182 1886 2221; baseline 0.004 -12"><span class='ocrx_word' id='word_1_826' title='bbox 1092 2183 1128 2210; x_wconf 90' lang='lat' dir='ltr'><strong>cit</strong></span> <span class='ocrx_word' id='word_1_827' title='bbox 1144 2191 1150 2209; x_wconf 93' lang='lat'><strong>:</strong></span> <span class='ocrx_word' id='word_1_828' title='bbox 1164 2182 1204 2209; x_wconf 85' lang='lat' dir='ltr'><strong>Ne</strong></span> <span class='ocrx_word' id='word_1_829' title='bbox 1218 2182 1344 2217; x_wconf 86' lang='lat' dir='ltr'><strong>respicias</strong></span> <span class='ocrx_word' id='word_1_830' title='bbox 1357 2183 1388 2210; x_wconf 89' lang='lat' dir='ltr'><strong>ad</strong></span> <span class='ocrx_word' id='word_1_831' title='bbox 1408 2183 1587 2211; x_wconf 80' lang='lat' dir='ltr'><strong>infirmitatem</strong></span> <span class='ocrx_word' id='word_1_832' title='bbox 1603 2185 1759 2212; x_wconf 87' lang='lat' dir='ltr'><strong>senectutis.</strong></span> <span class='ocrx_word' id='word_1_833' title='bbox 1777 2184 1811 2211; x_wconf 83' lang='lat' dir='ltr'><strong>In</strong></span> <span class='ocrx_word' id='word_1_834' title='bbox 1822 2193 1886 2221; x_wconf 79' lang='lat' dir='ltr'><strong>gen-</strong></span> 
     </span>
    </p>
   </div>
   <div class='ocr_carea' id='block_1_106' title="bbox 1092 2227 1887 2263">
    <p class='ocr_par' dir='ltr' id='par_1_106' title="bbox 1092 2227 1887 2263">
     <span class='ocr_line' id='line_1_106' title="bbox 1092 2227 1887 2263; baseline 0.001 -8"><span class='ocrx_word' id='word_1_835' title='bbox 1092 2232 1142 2255; x_wconf 84' lang='lat' dir='ltr'><strong>tem</strong></span> <span class='ocrx_word' id='word_1_836' title='bbox 1161 2227 1229 2255; x_wconf 88' lang='lat' dir='ltr'><strong>enim</strong></span> <span class='ocrx_word' id='word_1_837' title='bbox 1243 2235 1361 2263; x_wconf 81' lang='lat' dir='ltr'><strong>magnam</strong></span> <span class='ocrx_word' id='word_1_838' title='bbox 1375 2228 1469 2263; x_wconf 79' lang='lat' dir='ltr'><strong>faciam</strong></span> <span class='ocrx_word' id='word_1_839' title='bbox 1484 2234 1507 2256; x_wconf 91' lang='lat' dir='ltr'><strong>te</strong></span> <span class='ocrx_word' id='word_1_840' title='bbox 1516 2228 1569 2256; x_wconf 82' lang='lat' dir='ltr'><strong>illic</strong></span> <span class='ocrx_word' id='word_1_841' title='bbox 1584 2237 1593 2256; x_wconf 88' lang='lat'><strong><em>:</em></strong></span> <span class='ocrx_word' id='word_1_842' title='bbox 1605 2235 1628 2257; x_wconf 87' lang='lat' dir='ltr'><strong>et</strong></span> <span class='ocrx_word' id='word_1_843' title='bbox 1642 2230 1792 2257; x_wconf 74' lang='lat' dir='ltr'><strong>descendam</strong></span> <span class='ocrx_word' id='word_1_844' title='bbox 1807 2235 1887 2258; x_wconf 74' lang='lat' dir='ltr'><strong>tecum</strong></span> 
     </span>
    </p>
   </div>
   <div class='ocr_carea' id='block_1_107' title="bbox 1091 2273 1887 2311">
    <p class='ocr_par' dir='ltr' id='par_1_107' title="bbox 1091 2273 1887 2311">
     <span class='ocr_line' id='line_1_107' title="bbox 1091 2273 1887 2311; baseline 0.004 -11"><span class='ocrx_word' id='word_1_845' title='bbox 1091 2274 1118 2301; x_wconf 81' lang='lat' dir='ltr'><strong>in</strong></span> <span class='ocrx_word' id='word_1_846' title='bbox 1137 2273 1291 2309; x_wconf 65' lang='lat' dir='ltr'><strong>Egyptum.</strong></span> <span class='ocrx_word' id='word_1_847' title='bbox 1315 2273 1370 2309; x_wconf 82' lang='lat' dir='ltr'><strong>Ego</strong></span> <span class='ocrx_word' id='word_1_848' title='bbox 1393 2278 1418 2302; x_wconf 86' lang='lat' dir='ltr'><strong>te</strong></span> <span class='ocrx_word' id='word_1_849' title='bbox 1437 2275 1602 2309; x_wconf 79' lang='lat' dir='ltr'><strong>comitabor,</strong></span> <span class='ocrx_word' id='word_1_850' title='bbox 1621 2281 1648 2303; x_wconf 90' lang='lat' dir='ltr'><strong>et</strong></span> <span class='ocrx_word' id='word_1_851' title='bbox 1660 2276 1747 2303; x_wconf 88' lang='lat' dir='ltr'><strong>omnia</strong></span> <span class='ocrx_word' id='word_1_852' title='bbox 1765 2281 1806 2303; x_wconf 88' lang='lat' dir='ltr'><strong>tua</strong></span> <span class='ocrx_word' id='word_1_853' title='bbox 1822 2283 1887 2311; x_wconf 81' lang='lat' dir='ltr'><strong>pro-</strong></span> 
     </span>
    </p>
   </div>
   <div class='ocr_carea' id='block_1_108' title="bbox 1092 2319 1888 2355">
    <p class='ocr_par' dir='ltr' id='par_1_108' title="bbox 1092 2319 1888 2355">
     <span class='ocr_line' id='line_1_108' title="bbox 1092 2319 1888 2355; baseline 0.001 -8"><span class='ocrx_word' id='word_1_854' title='bbox 1092 2327 1170 2355; x_wconf 87' lang='lat' dir='ltr'><strong>spera</strong></span> <span class='ocrx_word' id='word_1_855' title='bbox 1184 2319 1304 2347; x_wconf 86' lang='lat' dir='ltr'><strong>reddam.</strong></span> <span class='ocrx_word' id='word_1_856' title='bbox 1319 2319 1436 2348; x_wconf 81' lang='lat' dir='ltr'><strong>Adt&#39;erte</strong></span> <span class='ocrx_word' id='word_1_857' title='bbox 1445 2321 1579 2355; x_wconf 87' lang='lat' dir='ltr'><strong>quomodo</strong></span> <span class='ocrx_word' id='word_1_858' title='bbox 1594 2321 1673 2349; x_wconf 71' lang='lat' dir='ltr'><strong>verba</strong></span> <span class='ocrx_word' id='word_1_859' title='bbox 1687 2321 1826 2348; x_wconf 83' lang='lat' dir='ltr'><strong>humilitati</strong></span> <span class='ocrx_word' id='word_1_860' title='bbox 1840 2329 1888 2349; x_wconf 89' lang='lat' dir='ltr'><strong>no-</strong></span> 
     </span>
    </p>
   </div>
   <div class='ocr_carea' id='block_1_109' title="bbox 1091 2366 1888 2404">
    <p class='ocr_par' dir='ltr' id='par_1_109' title="bbox 1091 2366 1888 2404">
     <span class='ocr_line' id='line_1_109' title="bbox 1091 2366 1888 2404; baseline 0.003 -10"><span class='ocrx_word' id='word_1_861' title='bbox 1091 2371 1155 2394; x_wconf 69' lang='lat' dir='ltr'><strong>stra:</strong></span> <span class='ocrx_word' id='word_1_862' title='bbox 1168 2371 1327 2401; x_wconf 84' lang='lat' dir='ltr'><strong>attemperet</strong></span> <span class='ocrx_word' id='word_1_863' title='bbox 1343 2375 1350 2394; x_wconf 87' lang='lat'><strong>:</strong></span> <span class='ocrx_word' id='word_1_864' title='bbox 1365 2366 1538 2400; x_wconf 80' lang='lat' dir='ltr'><strong>Descendam,</strong></span> <span class='ocrx_word' id='word_1_865' title='bbox 1553 2367 1651 2403; x_wconf 83' lang='lat' dir='ltr'><strong>inquit,</strong></span> <span class='ocrx_word' id='word_1_866' title='bbox 1664 2373 1746 2395; x_wconf 75' lang='lat' dir='ltr'><strong>tecum</strong></span> <span class='ocrx_word' id='word_1_867' title='bbox 1764 2368 1888 2404; x_wconf 50' lang='lat' dir='ltr'><strong>inJEgy-</strong></span> 
     </span>
    </p>
   </div>
   <div class='ocr_carea' id='block_1_110' title="bbox 1092 2411 1889 2448">
    <p class='ocr_par' dir='ltr' id='par_1_110' title="bbox 1092 2411 1889 2448">
     <span class='ocr_line' id='line_1_110' title="bbox 1092 2411 1889 2448; baseline 0.001 -9"><span class='ocrx_word' id='word_1_868' title='bbox 1092 2418 1172 2448; x_wconf 84' lang='lat' dir='ltr'><strong>ptum.</strong></span> <span class='ocrx_word' id='word_1_869' title='bbox 1199 2412 1267 2445; x_wconf 89' lang='lat' dir='ltr'><strong>Quid</strong></span> <span class='ocrx_word' id='word_1_870' title='bbox 1290 2412 1340 2440; x_wconf 87' lang='lat' dir='ltr'><strong>hoc</strong></span> <span class='ocrx_word' id='word_1_871' title='bbox 1360 2412 1463 2440; x_wconf 80' lang='lat' dir='ltr'><strong>beatius</strong></span> <span class='ocrx_word' id='word_1_872' title='bbox 1484 2411 1579 2447; x_wconf 78' lang='lat' dir='ltr'><strong>fuerit,</strong></span> <span class='ocrx_word' id='word_1_873' title='bbox 1601 2421 1680 2448; x_wconf 82' lang='lat' dir='ltr'><strong>quam</strong></span> <span class='ocrx_word' id='word_1_874' title='bbox 1704 2414 1786 2440; x_wconf 85' lang='lat' dir='ltr'><strong>Deum</strong></span> <span class='ocrx_word' id='word_1_875' title='bbox 1800 2414 1889 2448; x_wconf 86' lang='lat' dir='ltr'><strong>ipsum</strong></span> 
     </span>
    </p>
   </div>
   <div class='ocr_carea' id='block_1_111' title="bbox 1093 2457 1887 2494">
    <p class='ocr_par' dir='ltr' id='par_1_111' title="bbox 1093 2457 1887 2494">
     <span class='ocr_line' id='line_1_111' title="bbox 1093 2457 1887 2494; baseline 0 -9"><span class='ocrx_word' id='word_1_876' title='bbox 1093 2458 1192 2486; x_wconf 87' lang='lat' dir='ltr'><strong>habere</strong></span> <span class='ocrx_word' id='word_1_877' title='bbox 1204 2458 1328 2486; x_wconf 85' lang='lat' dir='ltr'><strong>comitem</strong></span> <span class='ocrx_word' id='word_1_878' title='bbox 1343 2458 1468 2486; x_wconf 72' lang='lat' dir='ltr'><strong>itineris?</strong></span> <span class='ocrx_word' id='word_1_879' title='bbox 1480 2457 1606 2493; x_wconf 84' lang='lat' dir='ltr'><strong>Sequitur</strong></span> <span class='ocrx_word' id='word_1_880' title='bbox 1616 2463 1709 2494; x_wconf 78' lang='lat' dir='ltr'><strong>postea</strong></span> <span class='ocrx_word' id='word_1_881' title='bbox 1723 2459 1870 2486; x_wconf 77' lang='lat' dir='ltr'><strong>consolatio</strong></span> <span class='ocrx_word' id='word_1_882' title='bbox 1878 2479 1887 2492; x_wconf 91' lang='lat'><strong>,</strong></span> 
     </span>
    </p>
   </div>
   <div class='ocr_carea' id='block_1_112' title="bbox 1091 2504 1887 2540">
    <p class='ocr_par' dir='ltr' id='par_1_112' title="bbox 1091 2504 1887 2540">
     <span class='ocr_line' id='line_1_112' title="bbox 1091 2504 1887 2540; baseline -0.001 -8"><span class='ocrx_word' id='word_1_883' title='bbox 1091 2512 1143 2540; x_wconf 83' lang='lat' dir='ltr'><strong>qua</strong></span> <span class='ocrx_word' id='word_1_884' title='bbox 1156 2505 1300 2540; x_wconf 87' lang='lat' dir='ltr'><strong>plurimum</strong></span> <span class='ocrx_word' id='word_1_885' title='bbox 1310 2504 1445 2539; x_wconf 81' lang='lat' dir='ltr'><strong>indigebat</strong></span> <span class='ocrx_word' id='word_1_886' title='bbox 1457 2512 1538 2533; x_wconf 78' lang='lat' dir='ltr'><strong>senex</strong></span> <span class='ocrx_word' id='word_1_887' title='bbox 1549 2514 1556 2532; x_wconf 87' lang='lat'><strong>:</strong></span> <span class='ocrx_word' id='word_1_888' title='bbox 1566 2504 1599 2532; x_wconf 86' lang='lat' dir='ltr'><strong>Et</strong></span> <span class='ocrx_word' id='word_1_889' title='bbox 1608 2505 1716 2540; x_wconf 70' lang='lat' dir='ltr'><strong>Ioseph,</strong></span> <span class='ocrx_word' id='word_1_890' title='bbox 1728 2505 1823 2540; x_wconf 76' lang='lat' dir='ltr'><strong>inquit,</strong></span> <span class='ocrx_word' id='word_1_891' title='bbox 1836 2505 1887 2531; x_wconf 75' lang='lat' dir='ltr'><strong>int-</strong></span> 
     </span>
    </p>
   </div>
   <div class='ocr_carea' id='block_1_113' title="bbox 1092 2550 1888 2585">
    <p class='ocr_par' dir='ltr' id='par_1_113' title="bbox 1092 2550 1888 2585">
     <span class='ocr_line' id='line_1_113' title="bbox 1092 2550 1888 2585; baseline 0.001 -8"><span class='ocrx_word' id='word_1_892' title='bbox 1092 2555 1167 2585; x_wconf 79' lang='lat' dir='ltr'><strong>ponet</strong></span> <span class='ocrx_word' id='word_1_893' title='bbox 1187 2559 1277 2577; x_wconf 76' lang='lat' dir='ltr'><strong>manus</strong></span> <span class='ocrx_word' id='word_1_894' title='bbox 1297 2558 1375 2585; x_wconf 73' lang='lat' dir='ltr'><strong>super</strong></span> <span class='ocrx_word' id='word_1_895' title='bbox 1390 2551 1476 2577; x_wconf 78' lang='lat' dir='ltr'><strong>oculos</strong></span> <span class='ocrx_word' id='word_1_896' title='bbox 1490 2555 1555 2577; x_wconf 79' lang='lat' dir='ltr'><strong>tuos.</strong></span> <span class='ocrx_word' id='word_1_897' title='bbox 1571 2550 1617 2577; x_wconf 82' lang='lat' dir='ltr'><strong>ille</strong></span> <span class='ocrx_word' id='word_1_898' title='bbox 1629 2550 1741 2578; x_wconf 90' lang='lat' dir='ltr'><strong>dilectus</strong></span> <span class='ocrx_word' id='word_1_899' title='bbox 1756 2555 1817 2578; x_wconf 85' lang='lat' dir='ltr'><strong>tuus</strong></span> <span class='ocrx_word' id='word_1_900' title='bbox 1830 2551 1888 2585; x_wconf 81' lang='lat' dir='ltr'><strong>ipse</strong></span> 
     </span>
    </p>
   </div>
   <div class='ocr_carea' id='block_1_114' title="bbox 1094 2596 1888 2631">
    <p class='ocr_par' dir='ltr' id='par_1_114' title="bbox 1094 2596 1888 2631">
     <span class='ocr_line' id='line_1_114' title="bbox 1094 2596 1888 2631; baseline 0 -8"><span class='ocrx_word' id='word_1_901' title='bbox 1094 2602 1119 2624; x_wconf 91' lang='lat' dir='ltr'><strong>te</strong></span> <span class='ocrx_word' id='word_1_902' title='bbox 1132 2596 1245 2627; x_wconf 88' lang='lat' dir='ltr'><strong>fovebit,</strong></span> <span class='ocrx_word' id='word_1_903' title='bbox 1260 2601 1287 2623; x_wconf 86' lang='lat' dir='ltr'><strong>et</strong></span> <span class='ocrx_word' id='word_1_904' title='bbox 1300 2604 1394 2623; x_wconf 86' lang='lat' dir='ltr'><strong>manus</strong></span> <span class='ocrx_word' id='word_1_905' title='bbox 1410 2596 1528 2630; x_wconf 89' lang='lat' dir='ltr'><strong>imponet</strong></span> <span class='ocrx_word' id='word_1_906' title='bbox 1540 2604 1619 2631; x_wconf 86' lang='lat' dir='ltr'><strong>super</strong></span> <span class='ocrx_word' id='word_1_907' title='bbox 1631 2596 1723 2624; x_wconf 85' lang='lat' dir='ltr'><strong>oculos</strong></span> <span class='ocrx_word' id='word_1_908' title='bbox 1735 2602 1804 2623; x_wconf 85' lang='lat' dir='ltr'><strong>tuos.</strong></span> <span class='ocrx_word' id='word_1_909' title='bbox 1818 2596 1888 2623; x_wconf 87' lang='lat' dir='ltr'><strong>Gau-</strong></span> 
     </span>
    </p>
   </div>
   <div class='ocr_carea' id='block_1_115' title="bbox 1091 2641 1894 2682">
    <p class='ocr_par' dir='ltr' id='par_1_115' title="bbox 1091 2641 1894 2682">
     <span class='ocr_line' id='line_1_115' title="bbox 1091 2641 1894 2682; baseline -0.002 -13"><span class='ocrx_word' id='word_1_910' title='bbox 1091 2642 1158 2669; x_wconf 84' lang='lat' dir='ltr'><strong>dens</strong></span> <span class='ocrx_word' id='word_1_911' title='bbox 1172 2642 1279 2676; x_wconf 87' lang='lat' dir='ltr'><strong>itaque,</strong></span> <span class='ocrx_word' id='word_1_912' title='bbox 1295 2645 1322 2669; x_wconf 84' lang='lat' dir='ltr'><strong>et</strong></span> <span class='ocrx_word' id='word_1_913' title='bbox 1335 2645 1407 2668; x_wconf 82' lang='lat' dir='ltr'><strong>totus</strong></span> <span class='ocrx_word' id='word_1_914' title='bbox 1423 2649 1534 2668; x_wconf 85' lang='lat' dir='ltr'><strong>securus</strong></span> <span class='ocrx_word' id='word_1_915' title='bbox 1544 2641 1595 2669; x_wconf 64' lang='lat' dir='ltr'><strong>iter</strong></span> <span class='ocrx_word' id='word_1_916' title='bbox 1604 2641 1704 2676; x_wconf 73' lang='lat' dir='ltr'><strong>arripe.</strong></span> <span class='ocrx_word' id='word_1_917' title='bbox 1724 2641 1814 2678; x_wconf 84' lang='lat' dir='ltr'><strong>Cogita</strong></span> <span class='ocrx_word' id='word_1_918' title='bbox 1828 2641 1872 2668; x_wconf 85' lang='lat' dir='ltr'><strong>bic</strong></span> <span class='ocrx_word' id='word_1_919' title='bbox 1886 2670 1894 2682; x_wconf 43' lang='grc' dir='ltr'><strong>ν</strong></span> 
     </span>
    </p>
   </div>
   <div class='ocr_carea' id='block_1_116' title="bbox 1093 2686 1890 2723">
    <p class='ocr_par' dir='ltr' id='par_1_116' title="bbox 1093 2686 1890 2723">
     <span class='ocr_line' id='line_1_116' title="bbox 1093 2686 1890 2723; baseline -0.003 -7"><span class='ocrx_word' id='word_1_920' title='bbox 1093 2689 1204 2716; x_wconf 85' lang='lat' dir='ltr'><strong>obsecro</strong></span> <span class='ocrx_word' id='word_1_921' title='bbox 1214 2709 1222 2721; x_wconf 91' lang='lat'><strong>,</strong></span> <span class='ocrx_word' id='word_1_922' title='bbox 1236 2695 1316 2723; x_wconf 91' lang='lat' dir='ltr'><strong>quam</strong></span> <span class='ocrx_word' id='word_1_923' title='bbox 1330 2687 1475 2721; x_wconf 88' lang='lat' dir='ltr'><strong>jucundum</strong></span> <span class='ocrx_word' id='word_1_924' title='bbox 1492 2687 1587 2715; x_wconf 83' lang='lat' dir='ltr'><strong>fecerit</strong></span> <span class='ocrx_word' id='word_1_925' title='bbox 1596 2687 1647 2715; x_wconf 90' lang='lat' dir='ltr'><strong>iter</strong></span> <span class='ocrx_word' id='word_1_926' title='bbox 1658 2687 1760 2722; x_wconf 88' lang='lat' dir='ltr'><strong>justus,</strong></span> <span class='ocrx_word' id='word_1_927' title='bbox 1773 2686 1890 2720; x_wconf 88' lang='lat' dir='ltr'><strong>acceptis</strong></span> 
     </span>
    </p>
   </div>
   <div class='ocr_carea' id='block_1_117' title="bbox 1093 2731 1888 2766">
    <p class='ocr_par' dir='ltr' id='par_1_117' title="bbox 1093 2731 1888 2766">
     <span class='ocr_line' id='line_1_117' title="bbox 1093 2731 1888 2766; baseline -0.004 -6"><span class='ocrx_word' id='word_1_928' title='bbox 1093 2737 1147 2761; x_wconf 88' lang='lat' dir='ltr'><strong>tam</strong></span> <span class='ocrx_word' id='word_1_929' title='bbox 1160 2733 1241 2760; x_wconf 87' lang='lat' dir='ltr'><strong>certis</strong></span> <span class='ocrx_word' id='word_1_930' title='bbox 1260 2732 1307 2760; x_wconf 85' lang='lat' dir='ltr'><strong>Dei</strong></span> <span class='ocrx_word' id='word_1_931' title='bbox 1323 2732 1554 2766; x_wconf 85' lang='lat' dir='ltr'><strong>promissionibus.</strong></span> <span class='ocrx_word' id='word_1_932' title='bbox 1568 2732 1596 2760; x_wconf 81' lang='grc'><strong>5.</strong></span> <span class='ocrx_word' id='word_1_933' title='bbox 1610 2732 1729 2759; x_wconf 70' lang='grc' dir='ltr'><strong>δωτοευὶι</strong></span> <span class='ocrx_word' id='word_1_934' title='bbox 1743 2732 1811 2758; x_wconf 68' lang='lat' dir='ltr'><strong>enim</strong></span> <span class='ocrx_word' id='word_1_935' title='bbox 1822 2751 1831 2764; x_wconf 95' lang='lat'><strong>,</strong></span> <span class='ocrx_word' id='word_1_936' title='bbox 1845 2731 1888 2758; x_wconf 83' lang='lat' dir='ltr'><strong>in-</strong></span> 
     </span>
    </p>
   </div>
   <div class='ocr_carea' id='block_1_118' title="bbox 1092 2777 1890 2814">
    <p class='ocr_par' dir='ltr' id='par_1_118' title="bbox 1092 2777 1890 2814">
     <span class='ocr_line' id='line_1_118' title="bbox 1092 2777 1890 2814; baseline -0.003 -8"><span class='ocrx_word' id='word_1_937' title='bbox 1092 2779 1167 2814; x_wconf 88' lang='lat' dir='ltr'><strong>quit,</strong></span> <span class='ocrx_word' id='word_1_938' title='bbox 1182 2778 1280 2811; x_wconf 85' lang='lat' dir='ltr'><strong>Iacob,</strong></span> <span class='ocrx_word' id='word_1_939' title='bbox 1296 2782 1320 2805; x_wconf 89' lang='lat' dir='ltr'><strong>et</strong></span> <span class='ocrx_word' id='word_1_940' title='bbox 1332 2777 1381 2813; x_wconf 82' lang='lat' dir='ltr'><strong>ﬁlii</strong></span> <span class='ocrx_word' id='word_1_941' title='bbox 1392 2779 1447 2813; x_wconf 75' lang='lat' dir='ltr'><strong>ejus</strong></span> <span class='ocrx_word' id='word_1_942' title='bbox 1459 2785 1468 2805; x_wconf 93' lang='lat'><em>:</em></span> <span class='ocrx_word' id='word_1_943' title='bbox 1481 2778 1507 2805; x_wconf 89' lang='lat'><strong>6.</strong></span> <span class='ocrx_word' id='word_1_944' title='bbox 1522 2783 1545 2804; x_wconf 80' lang='lat' dir='ltr'><strong>et</strong></span> <span class='ocrx_word' id='word_1_945' title='bbox 1555 2782 1703 2813; x_wconf 84' lang='lat' dir='ltr'><strong>acceperunt</strong></span> <span class='ocrx_word' id='word_1_946' title='bbox 1716 2785 1814 2804; x_wconf 85' lang='lat' dir='ltr'><strong>omnem</strong></span> <span class='ocrx_word' id='word_1_947' title='bbox 1829 2783 1890 2812; x_wconf 78' lang='lat' dir='ltr'><strong>pos-</strong></span> 
     </span>
    </p>
   </div>
   <div class='ocr_carea' id='block_1_119' title="bbox 1092 2824 1892 2860">
    <p class='ocr_par' dir='ltr' id='par_1_119' title="bbox 1092 2824 1892 2860">
     <span class='ocr_line' id='line_1_119' title="bbox 1092 2824 1892 2860; baseline -0.003 -7"><span class='ocrx_word' id='word_1_948' title='bbox 1092 2826 1226 2853; x_wconf 77' lang='lat' dir='ltr'><strong>sessionem</strong></span> <span class='ocrx_word' id='word_1_949' title='bbox 1248 2833 1320 2852; x_wconf 84' lang='lat' dir='ltr'><strong>suam</strong></span> <span class='ocrx_word' id='word_1_950' title='bbox 1329 2845 1337 2857; x_wconf 90' lang='lat'><strong>,</strong></span> <span class='ocrx_word' id='word_1_951' title='bbox 1351 2829 1374 2852; x_wconf 87' lang='lat' dir='ltr'><strong>et</strong></span> <span class='ocrx_word' id='word_1_952' title='bbox 1388 2830 1506 2852; x_wconf 84' lang='lat' dir='ltr'><strong>venerunt</strong></span> <span class='ocrx_word' id='word_1_953' title='bbox 1520 2825 1547 2852; x_wconf 86' lang='lat' dir='ltr'><strong>in</strong></span> <span class='ocrx_word' id='word_1_954' title='bbox 1561 2824 1715 2860; x_wconf 72' lang='lat' dir='ltr'><strong>)Eggptum.</strong></span> <span class='ocrx_word' id='word_1_955' title='bbox 1730 2825 1756 2852; x_wconf 86' lang='grc'><strong>7.</strong></span> <span class='ocrx_word' id='word_1_956' title='bbox 1771 2824 1805 2851; x_wconf 82' lang='lat' dir='ltr'><strong>In</strong></span> 
     </span>
    </p>
   </div>
   <div class='ocr_carea' id='block_1_120' title="bbox 1094 2868 1886 2906">
    <p class='ocr_par' dir='ltr' id='par_1_120' title="bbox 1094 2868 1886 2906">
     <span class='ocr_line' id='line_1_120' title="bbox 1094 2868 1886 2906; baseline -0.003 -9"><span class='ocrx_word' id='word_1_957' title='bbox 1094 2871 1164 2906; x_wconf 83' lang='lat' dir='ltr'><strong>ginta</strong></span> <span class='ocrx_word' id='word_1_958' title='bbox 1177 2879 1222 2899; x_wconf 81' lang='lat' dir='ltr'><strong>sea;</strong></span> <span class='ocrx_word' id='word_1_959' title='bbox 1232 2870 1364 2898; x_wconf 80' lang='lat' dir='ltr'><strong>animabus</strong></span> <span class='ocrx_word' id='word_1_960' title='bbox 1382 2870 1508 2898; x_wconf 76' lang='lat' dir='ltr'><strong>descendit</strong></span> <span class='ocrx_word' id='word_1_961' title='bbox 1520 2869 1600 2897; x_wconf 80' lang='lat' dir='ltr'><strong>Iacob</strong></span> <span class='ocrx_word' id='word_1_962' title='bbox 1621 2871 1647 2897; x_wconf 87' lang='lat' dir='ltr'><strong>in</strong></span> <span class='ocrx_word' id='word_1_963' title='bbox 1660 2868 1804 2905; x_wconf 63' lang='lat' dir='ltr'><strong>Egyptum</strong></span> <span class='ocrx_word' id='word_1_964' title='bbox 1819 2877 1828 2895; x_wconf 88' lang='lat'><em>:</em></span> <span class='ocrx_word' id='word_1_965' title='bbox 1841 2868 1886 2895; x_wconf 73' lang='lat'><strong>‘27.</strong></span> 
     </span>
    </p>
   </div>
  </div>
