4146 6260
456 375 550 429 561

454 490 558 556 ἐιτιι
610 491 812 543 Ἱακὼίλ⁹
827 492 914 558 είς
946 494 1286 563 Αἴγυπτον·
1329 494 1425 549 καὶ
1463 497 1686 565 Ἰωσὴφ
1720 498 1872 564 μετά
1913 495 2032 548 τῶν

455 572 604 625 υἱῶν
629 573 814 626 αὐτοῦ
859 573 977 626 τῶν
1013 577 1347 643 γενομένων
1391 577 1551 642 αὐτῷ
1586 579 1837 645 ἔννατος
1865 579 2034 648 ἐτύτο

457 669 645 722 χανεν
674 654 790 706 ὤν’
824 655 904 718 ὡς
929 651 1079 712 εἶναι
1095 659 1246 725 μετὰ
1268 661 1375 712 τοῦ
1419 659 1646 730 Ἰωσὴφ
1697 661 1798 726 τὰς
1833 661 2033 726 πάσας

457 738 660 805 ψυχὰς
679 737 1085 805 ἐϐδομήκοντα
1101 739 1298 795 πέντε.
1315 743 1470 806 Τίνος
1488 744 1672 796 ἕνεκεν
1695 745 1786 798 τὸν
1803 745 2034 814 ἀριθμὸν

457 819 586 887 ἡμῖν
639 818 772 888 μετὰ
810 819 1095 889 ἀκριϐείας
1128 824 1517 895 ἐπεσημήνατο
1543 828 1576 896 ἠ
1633 825 1753 878 θεία
1805 827 2030 895 Γραφής

457 901 574 953 Ἵνα
607 901 801 953 εἰδέναι
848 902 1082 972 ἔχωμεν,
1116 906 1265 968 ὅπως
1311 909 1390 969 είς
1417 908 1578 979 ἔργον
1623 909 1821 972 ἔξεισιν
1853 911 1885 978 ἡ
1937 911 2032 962 τοῦ

455 983 589 1035 Θεοῦ
641 983 945 1055 πρόρρησις
993 987 1026 1055 ή
1075 986 1328 1055 λέγουσα,
1384 991 1465 1042 ὅτι
1494 992 1598 1054 Είς
1651 992 1829 1058 ἔθνος
1879 993 2035 1061 μέγα

455 1065 686 1132 ποιήσω
717 1082 790 1118 σε
821 1066 962 1122 ἐκεῖ.
996 1069 1129 1120 Ἀπὸ
1160 1069 1268 1139 γὰρ
1300 1070 1504 1124 τούτων
1527 1073 1635 1125 τῶν
1664 1073 2034 1143 ἐϐδομήκοντα

455 1147 616 1201 πέντε
641 1147 828 1218 ψυχῶν
848 1152 927 1212 είς
955 1150 1242 1216 ἑξακοσίας
1264 1153 1506 1222 χιλιάδας
1521 1155 1751 1227 ἐξετάθη
1786 1157 1848 1210 τὸ
1879 1159 2032 1225 γένος

453 1229 546 1281 τοῦ
591 1230 826 1300 Ἰσραήλ.
861 1227 1015 1294 Εἶδες
1055 1232 1172 1296 πῶς
1195 1235 1258 1287 οὐ
1284 1236 1482 1305 μάτην,
1500 1237 1618 1289 οὐδὲ
1640 1239 1763 1307 εἰκῆ
1794 1239 1885 1292 τὸν
1907 1242 2030 1309 ἀρι-

455 1311 592 1382 θμδν
624 1314 732 1367 τῶν
784 1314 1153 1368 κατελθόντων
1205 1319 1285 1379 εἰς
1336 1317 1433 1389 τὴν
1466 1318 1742 1386 Αἴγυπτον
1796 1322 2033 1387 ἐδίδαξεν

455 1396 624 1464 ἡμᾶς,
655 1397 771 1449 ἀλλ’
803 1398 887 1448 ἵνα
944 1398 1142 1452 ειδέναι
1186 1399 1399 1469 ἔχωμεν
1429 1399 1489 1464 ἐξ
1520 1403 1656 1454 ὅσων
1689 1404 1842 1456 πόσοι
1872 1407 2032 1473 γεγό-

454 1496 595 1542 νασι,
614 1480 704 1532 καὶ
731 1480 804 1550 μὴ
820 1481 1189 1550 διαπιστῶμεν
1225 1485 1343 1546 ταῖς
1385 1483 1478 1536 τοῦ
1498 1484 1632 1537 Θεοῦ
1655 1488 2035 1555 ἐπαγγελίαις.

458 1561 629 1615 Ὅταν
649 1563 756 1631 γὰρ
786 1565 1061 1634 ἐννοήσῃς,
1099 1565 1179 1618 ὅτι
1215 1566 1352 1636 μετά
1379 1567 1476 1637 τὴν
1496 1566 1590 1620 τοῦ
1637 1569 1828 1622 Ἰακὼϐ
1851 1571 2034 1624 τελευ-

456 1643 556 1714 τὴν
595 1644 800 1698 καὶτοῦ
850 1647 1068 1717 Ἰωσὴφ,
1106 1647 1342 1721 τοσαύτῃ
1376 1655 1590 1722 μηχανῇ
1629 1653 1973 1723 χρησάμενος
2004 1667 2031 1695 ι

455 1731 485 1779 6
516 1726 622 1780 τῶν
663 1729 975 1796 Αἰγυπτίων
1008 1729 1279 1798 βασιλεὺς,
1310 1732 1450 1784 ὥστε
1505 1735 1584 1796 είς
1634 1735 2034 1807 εὐαριθμήτους

456 1809 653 1873 αὐτοὺς
685 1811 1010 1880 περιστῆσαι
1039 1812 1131 1864 καὶ
1165 1813 1239 1882 μὴ
1275 1813 1569 1884 ἐκταθῆναι
1600 1817 1778 1870 αὐτῶν
1800 1819 1860 1870 τὸ
1891 1819 2031 1889 πλῆ-

459 1892 570 1956 θος,
593 1893 714 1946 οὐδὲ
747 1893 919 1956 οὕτως
942 1894 1182 1964 ἴσχυσεν,
1201 1895 1334 1950 ἀλλά
1354 1897 1528 1970 ταύτῃ
1560 1901 1762 1968 μᾶλλον
1789 1903 2033 1956 ἐπεδίδου

458 1973 552 2026 καὶ
574 1973 788 2044 ηὔξετο,
821 1975 1064 2046 θαύμαζε
1073 1979 1180 2057 ᾲκαὶ
1195 1979 1497 2050 ἐκπλήττου
1514 1982 1606 2034 τοῦ
1625 1983 1760 2036 Θεοῦ
1778 1985 1878 2056 τὴν
1904 1988 2036 2057 πρό-

455 2073 624 2119 νοιαν,
660 2058 751 2109 καὶ
780 2058 861 2111 ὅτι
895 2059 991 2129 οὐχ
1042 2053 1152 2113 οἷόν
1180 2061 1239 2113 τέ
1279 2079 1409 2114 ποτε
1459 2064 1737 2119 διαπεσεῖν
1766 2053 1844 2120 τά
1883 2053 2035 2139 αὐτῷ

453 2137 700 2221 δόξαντα,
728 2141 832 2192 κᾶν
861 2142 1030 2211 μυρία
1051 2142 1227 2211 ἕτεροι
1261 2145 1628 2214 μηχανῶνται.
1675 2149 1811 2202 Ἀλλ’
1837 2137 2036 2221 ἴδωμεν

454 2219 551 2292 τὴν
581 2223 902 2275 ἀκολουθίαν
949 2223 1188 2290 ἅπασαν,
1227 2227 1313 2279 ἵνα
1347 2227 1608 2300 μάθωμεν
1637 2233 1785 2296 ὅπως
1835 2234 1904 2287 τὰ
1934 2219 2036 2305 τῆς

457 2305 745 2374 συντυχίας
773 2305 965 2374 γέγονε
998 2305 1075 2376 τῷ
1103 2308 1318 2362 Ἰακώϐ.
1364 2310 1592 2376 Ἦνίκα,
1621 2317 1806 2384 φησὶν,
1830 2317 2037 2387 ἡγγικε

455 2388 530 2455 τῇ
557 2388 864 2456 Αἰγύπτῳ,
905 2389 1224 2444 ἀπέστειλε
1261 2392 1368 2445 τάν
1425 2395 1660 2451 Ἰούδαν
1697 2399 2036 2467 ἔμπροσθεν

454 2469 642 2523 αὑτοῦ
667 2472 817 2536 πρὸς
837 2471 946 2524 τὸν
977 2471 1224 2541 Ἰωσὴφ,
1254 2473 1410 2527 ὥστε
1436 2477 1711 2546 μηνῦσαι
1737 2482 1896 2546 αὐτῷ
1929 2483 2035 2537 τοῦ

456 2553 681 2636 πατρὸς
707 2553 822 2621 την
846 2557 1206 2622 παρουσίαν.
1245 2558 1463 2611 Μαθὼν
1488 2561 1696 2615 τοίνυν
1718 2566 1752 2616 ὀ
1800 2565 2033 2636 Ἰωσὴφ,
2084 2625 2087 2627 _

456 2637 555 2690 καὶ
578 2635 788 2703 ζεύξας
813 2637 885 2690 τὰ
903 2637 1132 2707 ἅρματα
1153 2679 1168 2704 ,
1215 2640 1398 2708 ἀνέϐη
1426 2645 1513 2707 είς
1539 2645 1918 2714 συνάντησιν
1956 2635 2036 2715 τῷ

455 2721 632 2788 πατρί
659 2723 869 2785 αὐτοῦ,
901 2723 999 2776 καί
1030 2723 1234 2791 ὀφθεὶς
1270 2723 1430 2789 αὐτῷ
1460 2725 1759 2781 ἐπέπεσεν
1794 2731 1892 2783 ἐπὶ
1929 2733 2038 2786 τὸν

458 2806 761 2873 τράχηλον
778 2805 987 2869 αὑτοῦ,
1037 2805 1137 2859 καί
1159 2805 1430 2860 έκλαυσε
1461 2810 1746 2879 κλαυθμῷ
1777 2815 2034 2870 πλείονι.

456 2888 626 2940 Τοῦτο
647 2883 716 2958 ἦν
743 2890 878 2960 ὅπερ
909 2890 966 2941 ἐν
987 2889 1295 2962 προοιμίοις
1317 2890 1522 2960 ἔλεγον,
1551 2895 1632 2946 ὅτι
1663 2895 1921 2960 πολλάκις
1941 2901 2037 2953 καὶ

455 2969 615 3041 ἡδονὴ
640 2970 1050 3042 ὑπερϐάλλουσα
1075 2971 1287 3042 δάκρυα
1316 2975 1570 3043 προχέειν
1605 2979 2034 3047 παρασκευάζει.

469 3053 808 3107 Ἐπιπεσὼν
834 3094 851 3119 ,
904 3055 1106 3124 φησιν,
1159 3054 1260 3108 ἐπὶ
1321 3056 1430 3110 τὸν
1489 3057 1799 3128 τράχηλον
1847 3065 2036 3118 αὐτοῦ

454 3136 796 3190 ἔκλαυσεν·
841 3139 939 3207 οὐχ
979 3138 1186 3204 ἁπλῶς,
1243 3138 1401 3204 ἀλλά,
1451 3141 1748 3211 κλαυθμῷ
1779 3147 2033 3202 πλείονι.

456 3221 673 3284 Εὐθέως
702 3222 812 3290 γὰρ
863 3223 941 3284 εἰς
969 3221 1178 3274 ἔννοιαν
1209 3222 1402 3286 ἐλθὼν,
1437 3217 1513 3278 ὧν
1546 3225 1813 3280 πέπονθεν
1853 3231 2032 3295 αὐτὸς,

456 3298 531 3356 ὧν
556 3303 846 3373 ὑπέμεινεν
891 3304 919 3354 6
963 3302 1144 3374 πατὴρ
1170 3303 1235 3355 δι’
1279 3305 1459 3368 αὐτὸν,
1496 3308 1587 3358 καὶ
1625 3308 1718 3360 τοῦ
1754 3311 1948 3380 χρόνου
1977 3314 2038 3366 τὸ

462 3389 635 3458 μῆκος
671 3387 1026 3458 λογισάμενος
1076 3387 1170 3440 τοῦ
1223 3390 1424 3458 μεταξὺ
1461 3393 1775 3464 γενομένου,
1829 3398 1921 3450 καὶ
1953 3400 2037 3451 ὅτι

459 3471 610 3539 παρά
637 3472 814 3522 πᾶσαν
843 3470 1168 3540 προσδοκίαν
1195 3475 1286 3526 καὶ
1317 3475 1480 3538 αὐτὸς
1506 3477 1595 3529 τὸν
1626 3479 1838 3550 πατέρα
1866 3480 2035 3551 ἐώρα,

460 3555 553 3606 καὶ
583 3556 611 3606 6
649 3552 830 3623 πατὴρ
861 3553 951 3606 τὸν
992 3555 1160 3608 παῖδα
1191 3556 1473 3620 ἐθεάσατο,
1527 3560 1712 3630 πηγὰς
1744 3563 1895 3631 ἠφίει
1946 3564 2037 3617 δα-

459 3637 664 3708 κρύων,
695 3637 832 3706 ὁμοῦ
883 3637 976 3690 καὶ
999 3638 1098 3709 τὴν
1132 3639 1578 3709 ὑπερϐάλλουσαν
1608 3642 1800 3716 ἡδονὴν
1825 3645 2037 3699 δεικνύ-

464 3735 642 3788 μενος,
665 3720 759 3772 ml
773 3719 1109 3790 εὐχαριστῶν
1134 3721 1214 3790 τῷ
1241 3724 1486 3794 Δεσπότῃ
1515 3727 1651 3797 ὑπὲρ
1679 3728 1790 3780 τῶν
1809 3744 2038 3799 γεγενη-

462 3802 657 3871 μένων.
690 3802 796 3857 Kal
823 3799 973 3865 εἷπε,
1006 3805 1158 3875 φησὶ,
1191 3805 1341 3872 πρὸς
1372 3806 1628 3876 Ἰωσὴφ,
1685 3811 2036 3867 Ἆποθανοῦ-

453 3899 562 3951 μαι
585 3884 701 3937 ἀπὸ
725 3883 826 3936 τοῦ
862 3883 996 3945 νῦν,
1025 3885 1152 3939 ἐπεὶ
1193 3886 1420 3954 ἑώρακα
1448 3891 1513 3941 τὸ
1538 3894 1868 3958 πρόσωπόν
1895 3909 2034 3948 σου.

465 3969 586 4020 Ἔτι
608 3969 716 4037 γὰρ
744 3967 831 4046 σύ.
854 3966 980 4034 ζῇς.
1019 3969 1356 4040 ’Λπήλαυσα,
1388 3972 1572 4040 φησὶν,
1600 3968 1676 4027 ὧν
1707 3975 2035 4046 ἐπεθύμουν

460 4051 742 4120 ἐπέτυχον,
774 4044 836 4102 οὐ
866 4051 1122 4105 οὐδέποτε
1153 4054 1531 4124 προσεδόκησα
1552 4071 1565 4084 ·
1608 4057 1818 4129 ὑπῆρξέ
1855 4044 1945 4130 μοι
1968 4062 2038 4116 τά

461 4135 730 4216 μηδέποτε
776 4135 1131 4188 ἐλπισθέντα·
1187 4136 1248 4188 τὸ
1282 4136 1466 4189 λοιπὸν
1497 4139 1773 4210 ἀρκοῦμαι
1797 4145 1862 4214 τῇ
1900 4142 2035 4216 ζωῇ.

462 4215 612 4271 Εἶδον
645 4217 753 4288 γὰρ
774 4217 832 4270 ὃν
871 4217 1189 4279 ἐπεπόθουν,
1230 4219 1322 4273 καὶ
1353 4221 1513 4290 ἀρκεῖ
1557 4239 1644 4291 μοι
1690 4226 1828 4294 πρὸς
1859 4215 2038 4282 πᾶσαν

463 4301 800 4371 εὐφροσύνην
827 4302 887 4354 τὸ
937 4301 1252 4368 θεάσασθαι,
1304 4304 1384 4356 ὅτι
1437 4304 1514 4358 ἐτι
1555 4308 1618 4360 σὺ
1650 4307 1771 4379 ζῇς,
1799 4312 1827 4363 6
1870 4311 2036 4366 πάλαι

461 4383 739 4454 νομισθεὶς
763 4384 1082 4454 τεθνηκέναι
1116 4385 1209 4438 καὶ
1258 4385 1461 4457 θηρίων
1515 4390 1854 4462 κατάϐρωμα
1888 4410 2040 4464 γεγε-

461 4464 675 4535 νῆσθαι.
709 4466 954 4537 Πατρικὴ
979 4469 1010 4537 ἡ
1039 4467 1209 4538 φωνὴ,
1238 4470 1332 4522 καὶ
1363 4469 1743 4541 φιλοστοργίας
1770 4475 2034 4543 γέμουσα,

461 4552 556 4606 καὶ
587 4551 744 4622 ἱκανὴ
777 4553 876 4622 τὴν
896 4550 1153 4634 ,διάθεσιν
1197 4551 1296 4623 τὴν
1329 4554 1759 4625 ἐναποκειμένην
1790 4563 1854 4631 τῇ
1889 4560 2034 4634 ψυχῇ

462 4634 761 4705 κατάδηλον
795 4633 1037 4703 ποιῆσαι.
1080 4630 1227 4690 Ellis
1264 4635 1352 4698 δὲ,
1402 4639 1583 4707 φησιν,
1631 4630 1848 4709 Ἰωσὴφ
1887 4630 2038 4710 πρός

459 4717 606 4783 τοὺς
635 4716 937 4786 ἀδελφοὺς
961 4716 1147 4772 αὑτοῦ
1167 4733 1180 4745 ·
1214 4719 1454 4784 Ἀναϐὰς
1473 4721 1792 4791 ἀπαγγελῶ
1816 4723 1895 4788 τῷ
1921 4729 2036 4778 Φα-

455 4799 601 4867 ραὼ,
637 4800 733 4852 καὶ
779 4799 892 4866 ἐρῶ
918 4798 1110 4864 αὐτῷ·
1144 4804 1207 4854 οι
1239 4800 1492 4869 ἀδελφοί
1517 4820 1636 4870 μου
1676 4804 1902 4871 ἣκασιν
1924 4823 1938 4837 ·
1983 4813 2038 4862 ot

461 4882 530 4935 δὲ
575 4883 790 4949 ἄνδρες
838 4883 956 4936 είσι
1003 4883 1299 4951 ποιμένες.
1361 4883 1598 4953 Ἄνδρες
1645 4893 2037 4959 κτηνοτρόφοι

460 4964 602 5026 είσί,
625 4965 724 5016 καὶ
749 4965 822 5017 τὰ
850 4964 1041 5044 κτήνη
1081 4965 1179 5017 καὶ
1209 4964 1352 5030 τοὺς
1368 4966 1522 5031 ,βόας
1556 4969 1756 5024 αὐτῶν
1778 4975 2038 5044 ἀγηόχα-

461 5065 586 5102 σιν.
647 5048 786 5101 Ἐὰν
837 5043 950 5100 οὖν
979 5047 1214 5115 καλέσῃ
1246 5048 1404 5116 ὑμᾶς
1441 5051 1668 5119 Φαραὼ,
1725 5055 1820 5108 καί
1869 5043 2034 5126 εῑπῃ,

467 5131 528 5185 Τί
555 5129 622 5183 τὸ
641 5130 819 5199 ἔργον
832 5127 1034 5197 ῠμῶν;
1056 5129 1281 5193 εἴπατε,
1304 5131 1392 5184 ὅτι
1409 5137 1810 5205 Κτηνοτρόφοι
1825 5139 2034 5208 ἐσμέν.

461 5213 778 5284 Βδέλυγμα
812 5212 923 5283 γάρ
959 5214 1089 5266 ἐστι
1121 5213 1245 5279 τοῖς
1293 5218 1638 5286 Αἰγυπτίοις
1671 5221 1789 5287 πᾶς
1814 5224 2040 5294 ποιμὴν

459 5297 784 5367 προϐάτων.

537 5379 686 5453 [624]
711 5387 777 5448 γ’.
797 5380 938 5450 Ὅρα
967 5378 1199 5440 σύνεσιν,
1221 5381 1338 5438 οἵαν
1361 5383 1668 5456 συμϐουλὴν
1688 5387 1825 5457 πρὸς
1844 5389 2041 5454 αὐτοὺς

464 5469 717 5526 ποιεῖται,
741 5466 837 5535 οὐχ
867 5463 1052 5527 ἁπλῶς
1078 5464 1199 5518 οὐδέ
1228 5465 1304 5528 ὼς
1324 5465 1480 5536 ἔτυχε
1507 5467 1680 5521 ταῦτα
1708 5470 2040 5542 είσηγούμε-

462 5569 571 5613 νος,
598 5550 714 5603 ἀλλ’
733 5548 868 5618 όμοῦ
898 5547 1216 5619 βουλόμενος
1232 5550 1325 5602 καὶ
1358 5550 1417 5602 ἐν
1443 5551 1645 5604 πλείονι
1669 5552 1822 5624 ἀδείᾳ
1843 5553 2040 5622 αὐτοὺς

464 5632 828 5700 καταστῆσαι,
850 5632 944 5684 καὶ
973 5632 1046 5703 μὴ
1082 5637 1385 5703 συγχωρεῖν
1412 5636 1907 5706 συναναμίγνυσθαι
1929 5642 2043 5703 τοῖς

465 5715 800 5781 Αἰγυπτίοις.
850 5713 1064 5784 Ἐπειδὴ
1115 5715 1222 5785 γὰρ
1282 5718 1475 5769 ἐκεῖνοι
1525 5718 1898 5772 ἐϐδελύττοντο
1947 5723 2040 5775 καὶ

467 5793 795 5862 ἐξευτέλιζον
823 5797 950 5857 τοὺς
978 5795 1074 5865 τὴν
1112 5799 1476 5871 ποιμαντικὴν
1523 5800 1552 5840 δ
1589 5802 1916 5872 ἠσκηκότας»
1941 5803 2034 5857 ἅτε

528 5911 555 5996 ἰ
581 5909 1175 5996 ἒξξίἱλοσαύτέμδέαστεία
1195 5915 1507 5978 χρησάμενος.

583 5970 711 6020 Coisl
720 6007 730 6017 .
754 5970 1041 6033 ποιμενικήν.

1123 379 1180 433 ὃ.
1217 371 1500 433 JOANNIS
1535 371 2024 436 CIIRYSOSTOMI
2060 373 2384 436 ARCIIIEP.
2426 371 2969 437 CONSTANTINOP.

3592 378 3701 440 532

2137 496 2201 567 δὴ
2231 496 2383 549 αὐτοὶ
2412 497 2540 567 περὶ
2560 497 2659 567 τὴν
2692 497 2883 567 σοφίαν
2901 498 2999 568 τὴν
3021 485 3398 566 Αἰγυπτιακὴν
3423 495 3712 565 ἐσχολακό⁹

2135 596 2245 642 τες,
2276 579 2363 631 διὰ
2380 578 2537 632 τοῦτο
2571 584 2826 651 παραινεῖ
2841 582 2901 633 1:6
2930 579 3270 650 ἐπιτήδευμα
3295 577 3476 632 αὐτῶν
3508 580 3712 648 προϐαο

2134 659 2432 722 λέσθαι,ἴνα
2456 659 2594 730 μετά
2610 663 2932 732 προφάσεως
2955 661 3177 728 εὐλόγου
3205 659 3303 730 τὴν
3329 660 3712 713 καλλιστεύου-

2136 758 2234 793 σαν
2267 742 2448 804 αὐτοῖς
2479 742 2583 812 γῆν
2606 745 2870 813 ἀφορίσας
2894 742 3292 813 παρασκευάσῃ
3327 742 3464 810 μετὰ
3511 738 3712 811 πολλῆς

2133 823 2338 890 διάγειν
2383 824 2482 894 τῆς
2533 826 2736 889 ἀδείας.
2793 826 2904 879 Kal
2963 823 3326 892 παραλαϐὼν
3358 821 3540 877 πέντε
3592 824 3713 876 τῶν

2131 906 2412 974 ἀδελφῶν
2443 909 2628 962 αὐτοῦ
2672 908 2994 976 εισήγαγεν
3033 907 3257 973 αὐτοὺς
3303 908 3453 974 πρὸς
3483 907 3709 975 Φαραώ.

2133 989 2242 1042 Καὶ
2275 989 2660 1058 ἐπηρώτησεν
2690 993 2941 1056 αὐτούς·
2979 991 3041 1044 Τί
3067 991 3133 1043 τὸ
3171 989 3348 1057 ἔργον
3374 989 3576 1056 ὐμῶν;
3604 983 3716 1042 Kal

2132 1067 2339 1124 εἶπαν
2371 1075 2770 1142 Κτηνοτρόφοι
2797 1072 3007 1141 ἐσμέν.
3047 1072 3177 1126 Νῦν
3210 1067 3324 1126 οὖν
3360 1070 3715 1136 κατοικήσο-

2126 1169 2243 1221 μεν
2259 1155 2330 1206 ἐν
2349 1154 2427 1224 γῇ
2446 1155 2668 1224 Γεσέμ.
2682 1153 2830 1210 Εἷπε
2849 1155 2918 1208 δὲ
2949 1152 3159 1222 Φαραώ
3171 1170 3185 1184 ·
3211 1154 3710 1206 Κατοικείτωσαν.

2132 1236 2201 1288 El
2228 1234 2298 1287 δὲ
2314 1237 2554 1304 ἐπίστῃ,
2577 1237 2664 1290 ὅτι
2692 1237 2853 1291 εἰσίν
2874 1237 2942 1289 ἐν
2962 1234 3168 1300 αὐτοῖς
3193 1233 3413 1302 ἄνδρες
3441 1231 3710 1294 δυνατοί,

2133 1317 2522 1385 κατάστησον
2539 1319 2760 1386 αὐτοὺς
2781 1319 3078 1387 ἄρχοντας
3109 1316 3226 1370 τῶν
3259 1315 3417 1385 ἐμῶν
3451 1315 3708 1383 κτηνῶν.

2133 1401 2399 1471 Καθάπερ
2439 1401 2851 1454 συνεϐούλευσεν
2885 1402 2917 1453 6
2978 1399 3172 1470 Ἰωσὴφ
3205 1440 3220 1463 ,
3274 1399 3374 1469 τὴν
3419 1399 3712 1469 ἀπόκρισιν

2134 1483 2490 1552 ποιησάμενοι
2548 1485 2598 1536 οἱ
2653 1483 2871 1551 ἀδελφοὶ
2925 1483 3000 1553 τῷ
3050 1479 3271 1552 Φαραὼ,
3325 1481 3713 1549 ἐπετράπησαν

2133 1567 2403 1618 κατοικεῖν
2428 1566 2526 1635 τὴν
2551 1565 2748 1635 Γεσέμ.
2791 1563 2950 1618 Ἀλλά
2977 1563 3074 1637 τὴν
3095 1564 3227 1634 περὶ
3247 1563 3338 1615 τὸν
3383 1562 3577 1632 Ἰωσὴφ
3607 1562 3712 1614 δει-

2134 1650 2263 1711 κνύς
2285 1650 2312 1700 ὁ
2330 1646 2527 1718 Φαραὼ
2546 1646 2778 1714 εὔνοιαν,
2809 1647 2993 1718 φησιν⁸
3019 1647 3082 1699 El
3103 1643 3248 1709 οἶδάς
3273 1663 3424 1708 τινας
3449 1647 3507 1698 ἐν
3529 1646 3710 1707 αὐτοῖς

2132 1729 2407 1792 δυνατοὺς,
2439 1731 2533 1783 καὶ
2573 1729 2681 1782 τῶν
2712 1730 2862 1800 ἐμῶν
2887 1730 3100 1800 κτηνῶν
3130 1728 3398 1800 ἄρχοντας
3440 1729 3713 1796 κατάστη-

2136 1831 2245 1866 σον.
2270 1812 2567 1882 Είσήγαγε
2582 1812 2650 1866 δὲ
2672 1812 2897 1866 καὶτὸν
2925 1811 3148 1880 πατέρα
3173 1811 3322 1880 πρὸς
3344 1811 3452 1865 τὸν
3481 1810 3708 1878 Φαραώ.

2132 1896 2241 1950 Kal
2263 1896 2392 1949 εἶπε
2420 1895 2630 1962 Φαραὼ
2658 1893 2740 1960 τῷ
2767 1893 2965 1949 Ἰακώϐ
2981 1911 2997 1926 ο
3023 1894 3193 1948 Πόσα
3213 1894 3318 1960 έτη
3339 1893 3457 1947 τῶν
3477 1892 3714 1963 ἡμερῶν

2132 1977 2242 2045 τῆς
2274 1977 2428 2045 ζωῆς
2449 1994 2596 2042 σου;
2619 1976 2842 2046 Ἐπειδὴ
2867 1971 2975 2029 εἶδε
3003 1975 3096 2028 τὸν
3111 1974 3423 2046 πρεσϐύτην
3453 1978 3510 2029 ἐν
3547 1975 3710 2044 βαθυ⁴

2133 2061 2268 2130 τάτῃ
2310 2059 2473 2130 πολιᾷ
2520 2058 2878 2128 τυγχάνοντα,
2938 2057 3268 2111 πυνθάνεται
3299 2057 3409 2112 τῶν
3457 2057 3593 2110 ἐτῶν
3619 2057 3714 2110 τὸν

2134 2143 2383 2213 ἀριθμόν.
2410 2143 2518 2196 Καί
2535 2159 2726 2211 φησιν
2749 2143 2781 2194 ὁ
2824 2139 3031 2194 Ἰακώϐ
3047 2157 3060 2170 ·
3089 2143 3158 2194 Al
3188 2141 3399 2208 ἡμέραι
3421 2140 3540 2194 τῶν
3563 2140 3716 2194 ἐτῶν

2133 2227 2244 2293 τῆς
2281 2225 2430 2293 ζωῆς
2456 2243 2595 2292 μου,
2623 2222 2696 2289 ἃς
2725 2222 3009 2290 παροικῶ.
3036 2223 3177 2293 ’Ὀρα
3204 2223 3321 2286 πῶς
3355 2223 3583 2286 ἕκαστος
3605 2223 3714 2276 τῶν

2131 2307 2374 2369 δικαίων,
2409 2306 2482 2368 ὠς
2508 2308 2565 2358 ὲν
2596 2305 2720 2376 ξένῃ
2747 2305 2968 2372 διάγων,
3003 2305 3061 2356 ἐν
3090 2303 3169 2375 τῷ
3208 2304 3308 2375 βίῳ
3348 2304 3543 2374 τούτῳ.
3570 2303 3716 2358 οὕτω

2132 2390 2377 2442 διέκειτο.
2416 2387 2650 2460 Ἀκούσῃ
2675 2388 2782 2458 γὰρ
2808 2389 2902 2440 καὶ
2933 2386 3027 2440 τοῦ
3063 2386 3225 2439 Δαυῒδ
3255 2387 3395 2456 μετά
3425 2387 3602 2442 ταῦτα
3623 2386 3712 2440 λέ-

2133 2489 2319 2541 γοντος
2343 2490 2357 2502 ’
2403 2472 2525 2524 Ὅτι
2553 2471 2838 2538 πάροικος
2865 2470 2980 2540 ἐγώ
3002 2473 3118 2539 είμι
3143 2469 3213 2523 ἐν
3238 2468 3314 2538 τῆ
3329 2468 3408 2539 τῇ
3437 2471 3533 2524 καί
3567 2483 3714 2538 παρ-

2132 2554 2440 2622 επίδημοςσ
2468 2555 2563 2606 καὶ
2587 2547 2742 2617 οὗτός
2761 2570 2948 2624 φησιν’
2972 2557 3041 2608 Al
3063 2553 3274 2622 ἡμέραι
3291 2553 3410 2607 τῶν
3431 2553 3582 2606 ἐτῶν
3604 2550 3715 2620 τῆς

2135 2637 2282 2704 ζωῆς
2309 2654 2452 2706 μου.
2471 2635 2547 2700 ἀς
2573 2635 2856 2704 παροικῶ.
2884 2637 2982 2690 Διά
3013 2637 3174 2690 τοῦτο
3206 2637 3299 2690 καὶ
3330 2635 3539 2699 Παῦλος
3561 2635 3714 2703 ἔλεγε

2135 2721 2264 2790 περὶ
2293 2719 2402 2772 τῶν
2439 2719 2666 2772 δικαίων
2705 2719 2932 2780 τούτων,
2967 2720 3051 2771 ὅτι
3078 2719 3410 2789 ὡμολόγουν,
3441 2719 3522 2772 ὅτι
3574 2719 3714 2782 ξένοι

2134 2805 2230 2855 καὶ
2252 2801 2625 2871 παρεπίδημοί
2647 2804 2786 2854 εἰσιν
2815 2802 2908 2854 ἐπὶ
2935 2803 3033 2870 τῆς
3057 2803 3181 2872 γῆς.
3211 2804 3284 2856 Al
3309 2801 3542 2870 ἡμέραι,
3556 2801 3712 2870 φησὶ,

2132 2883 2253 2936 τῶν
2279 2883 2429 2936 ἑτῶν
2449 2883 2558 2950 τῆς
2584 2882 2733 2951 ζωῆς
2747 2901 2892 2952 μου,
2919 2883 2992 2950 ἃς
3011 2883 3295 2951 παροικῶ,
3326 2883 3542 2937 ἑκατὸν
3564 2881 3715 2950 τριώ-

2134 2982 2319 3020 κοντα
2353 2966 2480 3032 ἐτη,
2507 2966 2711 3034 μικραί
2742 2966 2842 3018 καί
2873 2966 3130 3032 πονηραί
3159 2967 3573 3036 τεγόνασι,καὶ
3599 2968 3712 3020 οὐκ

2133 3049 2420 3116 ἀφίκοντο
2457 3050 2543 3113 είς
2579 3049 2685 3113 τὰς
2709 3046 2934 3115 ἡμέρας
2956 3046 3074 3100 τῶν
3110 3049 3260 3102 ἐτῶν
3286 3047 3395 3116 τῆς
3421 3045 3570 3116 ζωῆς
3597 3045 3718 3100 τῶν

2135 3130 2405 3199 πατέρων
2427 3148 2564 3200 μου.
2596 3131 2694 3190 “Ac
2722 3130 2933 3200 ἡμέρας
2958 3129 3284 3200 παρῴκησα,
3320 3131 3475 3198 φησὶ,
3522 3128 3715 3200 μικραὶ

2135 3215 2228 3268 καὶ
2266 3214 2502 3284 πονηραὶ
2530 3213 2834 3281 γεγόνασιν.
2895 3213 3198 3266 Αἰνίττεται
3239 3213 3472 3266 ἐνταῦθα
3523 3213 3594 3266 τά
3618 3213 3716 3283 ἐτη

2134 3297 2232 3366 τῆς
2254 3295 2514 3356 δουλείας,
2540 3290 2606 3365 ἦς
2641 3294 2899 3364 ὑπέμεινε
2933 3295 3084 3366 παρά
3133 3295 3214 3365 τῷ
3257 3295 3464 3358 Λάϐαν,
3493 3295 3583 3348 διὰ
3614 3294 3716 3365 τὴν

2137 3381 2333 3448 φυγὴν,
2364 3379 2430 3448 ἣν
2456 3379 2544 3431 διὰ
2567 3377 2659 3430 τὸν
2688 3377 2914 3447 ἀδελφὸν
2947 3379 3269 3449 ἐποιήσατο·
3306 3375 3427 3432 εἶτα
3455 3377 3596 3449 μετά
3617 3377 3716 3448 τὴν

2136 3462 2342 3514 ἐκεῖθεν
2369 3460 2624 3514 ἐπάνοδον
2657 3461 2716 3514 τὸ
2761 3460 2957 3522 πένθος
2995 3461 3057 3513 τὸ
3087 3463 3146 3514 ἐν
3174 3460 3415 3531 τοσούτῳ
3463 3461 3662 3532 χρόνῳ,
3685 3459 3717 3512 δ

2137 3545 2260 3615 ἔσχε
2291 3544 2378 3597 διά
2409 3561 2467 3596 τε
2490 3544 2580 3597 τὸν
2612 3542 2706 3596 τοῦ
2749 3543 2944 3614 Ἰωσὴφ
2985 3544 3235 3607 θάνατον,
3267 3545 3362 3598 καὶ
3402 3545 3502 3608 τὰς
3551 3545 3715 3609 ἄλλας

2134 3627 2236 3689 τὰς
2267 3627 2324 3678 ἐν
2348 3624 2425 3695 τῷ
2452 3625 2598 3696 μέσῳ
2630 3625 3021 3697 ταλαιπωρίας.
3047 3627 3220 3679 Πόσον
3248 3627 3356 3698 γὰρ
3379 3627 3480 3681 οἴει
3503 3626 3594 3680 τὸν
3622 3627 3718 3696 φό-

2137 3708 2229 3763 ϐον
2255 3709 2419 3762 αὐτὸν
2445 3709 2758 3780 ἐσχηκέναι,
2793 3711 2957 3780 ἡνίκα
2978 3709 3067 3762 διὰ
3107 3710 3204 3780 τὴν
3238 3710 3472 3780 ἀδελφὴν
3499 3711 3548 3762 οί
3585 3711 3716 3779 περὶ

2135 3792 2224 3844 τὸν
2253 3791 2477 3862 Συμεὼν
2507 3791 2601 3844 καὶ
2642 3791 2733 3843 τὸν
2787 3789 2919 3844 Λευῒ
2963 3790 3258 3864 αὔτανδρον
3298 3792 3450 3845 πόλιν
3483 3792 3712 3854 ἀνεῖλον,

2136 3881 2231 3934 καὶ
2280 3881 2486 3944 πάντας
2517 3880 2644 3941 τοὺς
2671 3881 2730 3932 ἐν
2775 3879 3038 3949 Σηκίμοις
3060 3879 3438 3950 αἰχμαλώτους
3476 3880 3668 3934 ἔλαϐον
3697 3895 3713 3944 ;

2139 3965 2330 4032 Ἔλεγε
2365 3963 2473 4033 γὰρ
2505 3964 2598 4016 καὶ
2621 3962 2769 4025 τότε,
2794 3962 3008 4026 δεικνὺς
3033 3963 3130 4033 τὴν
3164 3963 3404 4032 ἀγωνίαν
3425 3965 3482 4018 ἐν
3580 3979 3714 4016 κατ-

2135 4047 2265 4116 έστη
2285 4064 2298 4078 ·
2330 4048 2602 4113 Μισητόν
2630 4061 2708 4113 με
2738 4043 3120 4111 πεποιήκατε,
3163 4043 3318 4100 ὥστε
3345 4049 3614 4114 πονηρόν
3638 4063 3717 4115 με

2135 4125 2287 4182 εἶναι
2315 4129 2384 4180 ἐν
2410 4127 2537 4193 τοῖς
2566 4127 2916 4181 κατοικοῦσι
2942 4127 3056 4195 τὴν
3077 4127 3214 4198 γῆν.
3251 4129 3398 4198 Ἐγὼ
3421 4129 3490 4182 δὲ
3523 4131 3717 4197 ὀλιγο-

2137 4213 2284 4276 στός
2311 4213 2426 4278 ειμι
2473 4211 2544 4263 ἐν
2596 4208 2839 4278 ἀριθμῷ.
2889 4210 2998 4263 Kal
3045 4212 3453 4280 συναχθέντες
3473 4212 3565 4265 ἐπ’
3611 4211 3719 4280 ἐμὲ

2135 4293 2522 4364 συγκόψουσί
2559 4309 2665 4360 με,
2713 4292 2812 4346 καὶ
2845 4291 3267 4361 ἐκτριϐήσομαι
3303 4292 3418 4361 ἐγώ
3453 4310 3517 4347 τε
3559 4293 3657 4347 καὶ
3681 4297 3716 4347 ὀ

2135 4374 2299 4444 οτκός
2325 4395 2464 4445 μου.
2500 4376 2598 4429 Διά
2627 4375 2784 4428 τοῦτό
2811 4392 2944 4445 φησι
2969 4394 2982 4406 ⁸
3012 4377 3224 4444 Μικραί
3254 4377 3352 4430 καὶ
3374 4377 3630 4445 πονηραί
3655 4382 3719 4432 αι

2133 4459 2345 4530 ἡμέραι
2390 4458 2508 4512 τῶν
2554 4457 2705 4512 ἐτῶν
2743 4457 2853 4526 τῆς
2893 4456 3036 4525 ζωῆς
3057 4476 3198 4526 μου.
3242 4457 3354 4512 Καὶ
3386 4463 3720 4525 κατῴκισεν

2136 4543 2360 4612 Ἰωσὴφ
2384 4541 2491 4595 τὸν
2523 4539 2748 4608 πατέρα
2771 4539 2957 4594 αὑτοῦ
2992 4541 3088 4594 καὶ
3115 4541 3257 4607 τοὺς
3279 4541 3582 4610 ἀδελφοὺς
3607 4546 3719 4597 αὺ-

2134 4624 2264 4689 τοῦ,
2299 4625 2397 4678 καὶ
2426 4624 2650 4678 ἔδωκεν
2672 4623 2878 4686 αὐτοῖς
2907 4621 3280 4692 κατάσχεσιν
3314 4625 3384 4675 ἐν
3422 4623 3499 4693 γῇ
3533 4626 3716 4693 Αὶγύ-

2135 4724 2310 4773 πτου,
2340 4708 2411 4761 ἐν
2437 4706 2511 4774 τῇ
2544 4705 2840 4773 βελτίστῃ
2873 4702 2969 4773 γῇ,
2999 4706 3066 4758 ἐν
3093 4704 3171 4774 γῆ
3203 4705 3529 4775 Ῥαμεσσῆ,
3566 4709 3719 4761 καθὰ

2135 4789 2470 4857 προσέταξε
2503 4787 2730 4855 Φαραώ.
2764 4786 2874 4840 Kal
2911 4787 3272 4855 ἐσιτομέτρει
3305 4787 3458 4860 [625]
3490 4788 3716 4858 Ἰωσὴφ

2134 4871 2216 4938 τῷ
2247 4872 2420 4940 πατρί
2441 4871 2538 4926 καί
2571 4871 2698 4936 τοῖς
2728 4870 3015 4939 ἀδελφοῖς
3059 4871 3246 4923 αὐτοῦ
3294 4873 3393 4923 καὶ
3419 4871 3598 4924 παντὶ
3635 4870 3717 4935 τῷ

2135 4956 2280 5020 οίκῳ
2303 4950 2409 5009 τοῦ
2429 4953 2648 5022 πατρὸς
2680 4951 2868 5007 αὐτοῦ
2915 4952 3090 5006 σῖτον
3121 4953 3272 5006 κατά
3317 4953 3508 5022 σῶμα.
3544 4953 3717 5007 Τοῦτο
3757 4980 3759 4982 -

2134 5034 2203 5110 ἦν
2227 5039 2365 5109 ὅπερ
2403 5037 2558 5104 ἔλεγε
2602 5039 2715 5098 τοῖς
2760 5033 3029 5102 ἀδελφοῖς,
3069 5035 3150 5088 ὅτι
3179 5035 3518 5090 Ἀπέστειλέ
3564 5052 3642 5105 με
3680 5039 3716 5089 ὁ

2139 5121 2284 5187 Θεὸς
2315 5121 2655 5190 ἔμπροσθεν
2690 5115 2859 5186 ὑμῶν
2874 5158 2890 5183 ,
2916 5115 3072 5172 ὥστε
3101 5121 3537 5174 ὑπολείπεσθαι
3572 5119 3719 5189 ὑμῖν

2136 5203 2508 5272 κατάλειμμα
2532 5201 2632 5255 ἐπὶ
2665 5199 2776 5268 τῆς
2807 5200 2920 5271 γῆς
2939 5218 2953 5233 ο
2980 5202 3094 5265 καὶ,
3119 5203 3201 5256 ὅτι
3224 5206 3329 5269 Εἰς
3355 5201 3508 5271 ζωὴν
3532 5203 3718 5268 ἐξαπ..

2136 5289 2372 5345 έστειλέ
2395 5305 2472 5357 με
2494 5291 2526 5340 ό
2557 5286 2700 5353 Θεὸς
2725 5286 3068 5355 ἔμπροσθεν
3085 5285 3272 5356 ὑμῶν.
3296 5289 3712 5358 Ἕσιτομέτρει,

2139 5376 2324 5446 φησὶν,
2361 5371 2566 5436 αὐτοῖς
2599 5371 2750 5425 κατὰ
2779 5371 2969 5440 σῶμα.

2209 5471 2278 5525 Τί
2313 5472 2449 5536 ἐστι,
2484 5467 2646 5523 Κατὰ
2684 5467 2888 5537 σῶμα;
2922 5469 2996 5521 T6
3031 5468 3236 5539 ἀρκοῦν
3283 5469 3516 5540 ἐκάστῳ.
3557 5471 3719 5534 Ἕθος

2139 5557 2248 5628 γὰρ
2275 5557 2342 5627 τῇ
2371 5555 2558 5625 Γραφῇ
2589 5552 2718 5606 ποτέ
2771 5553 2870 5622 μὲν
2897 5553 3006 5606 ἀπὸ
3045 5554 3143 5622 τῆς
3184 5556 3365 5624 ψυχῆς
3415 5555 3506 5608 τὸν
3539 5556 3717 5608 πάντα

2139 5639 2425 5710 ἄνθρωπον
2471 5637 2678 5698 καλεῖν,
2731 5635 2945 5689 ποτέδέ
2989 5636 3098 5688 ἀπὸ
3149 5637 3242 5690 τοῦ
3279 5636 3549 5707 σώματος.
3607 5639 3720 5692 Καὶ

2151 5723 2399 5792 καθάπερ
2440 5720 2698 5789 ἀνωτέρω
2735 5718 2937 5786 ἔλεγεν,
2967 5721 3071 5772 Ἐν
3105 5720 3511 5788 ἐϐδομήκοντα
3539 5721 3722 5774 πέντε

2145 5805 2374 5876 ψυχαῖς
2393 5802 2607 5869 κατέϐη
2628 5802 2839 5856 Ἰακὼϐ
2855 5805 2942 5866 είς
2955 5802 3279 5871 Αἴγυπτον,
3303 5804 3389 5854 ῐνα
3414 5803 3541 5874 είπῃ
3564 5802 3720 5856 €660-

2149 5891 2389 5958 μήκοντα
2422 5882 2582 5936 πέντε
2633 5884 2829 5954 ἄνδρας
2883 5885 2974 5937 καὶ
3011 5889 3273 5952 γυναῖκας
3293 5901 3308 5917 ο
3337 5883 3479 5939 οὕτω
3509 5887 3604 5941 καὶ
3630 5886 3721 5938 ἐν·

2143 5969 2337 6038 ταῦθα,
2361 5969 2525 6024 ’Κατὰ
2552 5966 2888 6036 σῶμα,›άντὶ
2909 5969 3023 6036 τοῦ,
3074 5967 3194 6023 καθ’
3227 5971 3455 6024 ἕκαστον
3501 5970 3720 6040 ἀνθρω-
