4146 6260
391 431 455 484 56
464 431 482 484 I

390 555 434 595 et
472 544 660 611 Itseph
699 556 815 594 cum
854 542 973 609 filiis
992 542 1128 607 suis,
1179 541 1401 611 qui-nati
1425 540 1607 592 suntei
1629 540 1680 592 in
1702 538 1965 609 .Egypto,

394 647 567 685 novem
592 640 733 684 erant
755 671 770 695 ,
802 640 849 685 et
878 632 949 683 ita
972 647 1086 683 cum
1110 629 1302 699 Ioseph
1327 637 1466 682 erant
1493 645 1661 682 omnes
1689 629 1873 681 animat
1893 643 1968 680 se-

392 721 656 790 ptuaginta
691 721 926 790 quinque.
973 721 1147 785 Quare
1191 719 1462 787 Scriptura
1502 732 1780 771 numerum
1824 726 1967 771 tanta

391 808 658 877 diligentia
684 809 958 863 annotavit
981 808 1004 861 ?
1033 810 1102 865 Ut
1132 810 1270 863 scire
1298 808 1559 876 possimus
1585 806 1850 875 quomodo
1876 807 1970 861 Dei

398 899 673 967 prmdictio
702 898 914 969 impleta
944 900 1039 963 sit,
1072 899 1254 953 dicens
1280 914 1294 951 :
1326 897 1392 951 In
1420 906 1612 967 gentem
1639 913 1870 966 magnam
1892 902 1971 966 fa-

393 990 524 1042 ciam
567 998 613 1042 ts
651 988 757 1042 illic
796 989 985 1058 (Exod.
1030 989 1118 1042 12.
1154 990 1265 1059 57).
1295 987 1425 1042 Nam
1451 1002 1518 1042 ex
1548 988 1610 1041 iis
1639 990 1969 1056 septuaginta

393 1080 629 1148 quinque
656 1080 928 1133 animabus
949 1081 1000 1133 in
1024 1090 1268 1133 sexcenta
1298 1079 1459 1132 millia
1483 1092 1650 1147 genus
1672 1078 1828 1133 Israél
1851 1092 1971 1147 pro-

399 1178 645 1237 pagatum
674 1177 776 1222 est.
810 1168 995 1223 Vidisti
1016 1168 1281 1238 quomodo
1308 1183 1413 1221 non
1443 1167 1632 1221 frustra
1650 1207 1666 1234 ,
1695 1182 1867 1235 neque
1893 1176 1972 1221 tc-

397 1273 541 1311 mere
570 1272 845 1312 numerum
867 1273 1048 1313 eorum
1077 1259 1163 1327 qui
1188 1258 1240 1310 in
1261 1254 1549 1327 Egyptum
1565 1255 1969 1321 descenderunt,

399 1361 496 1400 nos
522 1347 701 1400 docuit
733 1363 746 1399 :
777 1348 870 1401 sed
901 1356 960 1401 ut
978 1346 1115 1401 scire
1143 1346 1402 1415 possimus
1423 1360 1582 1415 quam
1611 1347 1757 1399 multi
1778 1360 1843 1399 ex
1866 1354 1972 1399 tam

399 1439 583 1506 paucis
612 1437 734 1492 facti
772 1439 911 1502 sint,
946 1448 1001 1492 et
1029 1438 1217 1491 divinis
1244 1435 1675 1506 promissionibus
1706 1451 1772 1490 ne
1799 1437 1975 1491 minus

400 1527 699 1581 credamus.
752 1527 883 1581 Nam
921 1526 1131 1596 quando
1175 1526 1526 1596 cogitaveris,
1577 1534 1697 1593 post
1748 1536 1971 1578 mortem

399 1615 565 1671 Iacob
590 1626 644 1671 et
664 1615 860 1686 Ioseph
879 1660 897 1682 ,
920 1626 1062 1671 tanta
1083 1617 1470 1671 machinatione
1489 1631 1642 1670 usum
1662 1630 1782 1670 esse
1805 1614 1972 1684 Egy-

403 1706 631 1773 ptiorum
679 1721 896 1775 regem,
941 1713 998 1759 ut
1044 1721 1319 1760 numerum
1358 1720 1543 1760 eorum
1587 1705 1878 1767 minueret,
1921 1711 1977 1757 et.

403 1808 623 1860 parvum
664 1796 891 1860 iaceret,
923 1808 992 1849 ne
1016 1794 1068 1847 in
1104 1803 1303 1847 tantam
1334 1801 1708 1862 propagaretur
1736 1793 1975 1846 multitu-

400 1883 608 1947 dinem,
655 1892 709 1937 et
750 1883 881 1937 nihil
922 1883 1194 1953 potuisse,
1241 1882 1339 1937 sed
1378 1882 1546 1951 magis
1586 1890 1641 1936 et
1669 1883 1833 1950 magis
1858 1896 1977 1935 cre-

402 1974 540 2027 visse
585 1974 835 2042 populum
881 1990 895 2027 :
937 1974 1200 2028 admirare
1235 1981 1291 2027 et
1325 1980 1567 2040 stupesce
1594 1971 1974 2039 providentiam

408 2063 540 2127 Dei,
583 2072 635 2116 et
675 2063 944 2132 quomodo
982 2077 1089 2117 non
1134 2062 1204 2117 sit
1248 2062 1499 2131 possibile
1540 2062 1687 2115 irrita
1712 2076 1830 2117 esse
1858 2078 1976 2129 quae

404 2152 517 2219 ipse
561 2151 893 2215 decreverit,
949 2151 1161 2207 etiamsi
1206 2150 1410 2204 inﬁnita
1455 2151 1822 2205 machinentur
1863 2151 1972 2205 alii.

404 2242 666 2309 (Sa-terum
710 2242 985 2296 videamus
1030 2250 1332 2296 contextum
1378 2249 1577 2307 totum,
1622 2251 1680 2294 ut
1712 2241 1977 2295 discamus

404 2331 672 2398 quomodo
711 2330 876 2385 Iacob
899 2346 1018 2387 cum
1052 2332 1161 2386 tilio
1185 2332 1254 2385 sit
1277 2346 1611 2401 congressus.
1639 2332 1727 2387 28.
1760 2331 1977 2398 Quando

404 2431 570 2474 autem
592 2423 1010 2491 appropinquavit
1034 2422 1086 2475 in
1111 2431 1294 2475 terram
1317 2419 1534 2491 λεπριὶ
1554 2462 1568 2484 ,
1607 2421 1742 2474 misit
1778 2420 1973 2474 Iudam

406 2522 523 2563 ante
556 2527 608 2564 se
635 2511 702 2563 ad
724 2510 917 2580 Ioseph
940 2552 954 2576 ,
978 2521 1034 2564 ut
1062 2512 1369 2581 signiﬁcaret
1395 2513 1470 2565 illi
1496 2512 1653 2581 patris
1681 2513 1971 2567 aduentum.

405 2599 498 2653 29.
529 2598 695 2669 Igitur
712 2599 905 2670 Ioseph
931 2610 984 2653 ut
1012 2601 1215 2666 didicit,
1235 2601 1411 2671 junxit
1434 2617 1612 2654 currus
1629 2642 1645 2667 ,
1676 2611 1722 2655 et
1751 2603 1977 2655 ascendit

406 2688 457 2740 in
487 2704 747 2742 occursum
771 2690 925 2759 patri.
956 2689 1021 2741 Et
1045 2705 1165 2743 mox
1189 2699 1242 2742 ut
1270 2690 1392 2745 uidit
1418 2706 1562 2754 eum,
1598 2691 1770 2744 cecidit
1796 2691 1848 2743 in
1872 2690 1979 2744 col-

406 2780 512 2832 lum
534 2781 644 2849 ejus
663 2819 679 2846 ,
720 2789 767 2833 et
795 2780 931 2849 ﬂeuit
954 2782 1075 2849 ﬂetu
1102 2782 1280 2834 multo.
1309 2781 1420 2836 Hoc
1448 2790 1563 2835 erat
1585 2781 1636 2835 id
1662 2782 1801 2852 quod
1829 2782 1979 2836 initio

404 2872 677 2937 dicebam,
717 2872 981 2941 ingentem
1018 2888 1160 2941 saepe
1183 2872 1502 2939 voluptatem
1535 2873 1793 2943 lacrymas
1819 2887 1979 2929 excu-

407 2969 540 3014 tere.
570 2960 791 3023 Cecidit,
821 2961 1007 3029 inquit,
1037 2962 1089 3013 in
1116 2962 1302 3015 collum
1327 2962 1456 3032 ejus,
1483 2970 1532 3014 et
1554 2962 1689 3030 ﬂevit
1718 2977 1737 3014 :
1762 2977 1868 3016 non
1891 2962 1978 3016 di-

408 3050 487 3102 xit
528 3048 630 3103 hoc
667 3048 1007 3117 simpliciter,
1053 3051 1175 3115 sed,
1217 3050 1369 3105 Fletu
1392 3067 1594 3121 magno.
1623 3050 1811 3106 Statim
1835 3052 1977 3107 enim

409 3138 464 3191 in
494 3148 723 3192 mentem
765 3139 859 3208 ipsi
884 3149 1143 3194 venerunt
1184 3155 1300 3209 quae
1338 3141 1452 3211 ipse
1478 3154 1663 3209 passus
1687 3148 1834 3205 erat,
1861 3155 1980 3210 quae

409 3229 544 3297 patri
587 3238 804 3299 propter
842 3243 901 3283 se
940 3228 1270 3297 acciderant,
1313 3239 1367 3284 et
1407 3230 1642 3299 cogitans
1685 3240 1789 3284 tam
1819 3230 1980 3299 proli-

410 3334 533 3374 Xnm
561 3320 921 3375 intercessisse
946 3329 1171 3390 tempus,
1202 3332 1257 3375 et
1278 3320 1545 3392 quomodo
1560 3329 1753 3392 praeter
1767 3336 1979 3377 omnem

411 3412 856 3480 exspectationem
895 3423 952 3473 et
989 3413 1102 3481 ipse
1131 3422 1333 3482 patrem
1352 3453 1369 3478 ,
1394 3422 1448 3468 et
1475 3422 1621 3483 pater
1648 3414 1808 3469 [ilium
1833 3413 1980 3469 vide-

410 3511 524 3567 ret,
548 3502 718 3558 iontes
745 3505 921 3558 emisit
947 3504 1296 3575 lacrymarum
1318 3545 1334 3570 ,
1363 3506 1518 3561 simul
1547 3517 1600 3560 et
1618 3520 1861 3575 magnam
1885 3506 1978 3561 de-

410 3595 617 3648 clarans
652 3595 917 3660 laetitiam,
956 3605 1011 3650 et
1036 3597 1232 3666 gratias
1262 3597 1487 3653 Domino
1510 3614 1670 3668 agens
1699 3614 1795 3669 pro
1818 3599 1977 3655 rebus

407 3686 589 3752 gestis.
619 3685 707 3740 50.
732 3684 799 3738 Et
821 3686 980 3749 dixit,
1005 3686 1202 3755 inquit,
1234 3686 1394 3740 Iacob
1421 3687 1488 3740 ad
1518 3687 1709 3757 Ioseph
1740 3703 1757 3741 :
1785 3687 1979 3741 Moriar

408 3775 617 3837 exinde,
661 3777 779 3843 quia
823 3777 924 3829 vidi
986 3778 1161 3847 faciem
1197 3786 1353 3831 tuam.
1385 3777 1563 3830 Adhuc
1599 3779 1732 3831 enim
1755 3789 1809 3830 tu
1838 3778 1976 3831 vivis.

410 3863 700 3927 Votorum,
748 3865 954 3932 inquit,
1003 3880 1220 3933 compos
1263 3865 1430 3920 iactus
1468 3879 1624 3929 sum;
1667 3876 1979 3933 assequutus

408 3968 525 4007 sum
551 3954 690 4023 quod
720 3970 1005 4024 numquam
1031 3957 1331 4024 exspectavi
1358 3974 1373 4022 ;
1396 3964 1682 4011 evenerunt
1708 3956 1833 4011 mihi
1860 3972 1979 4026 qum

409 4059 692 4113 numquam
733 4058 1066 4112 speraveram
1110 4062 1122 4096 :
1163 4045 1413 4113 deinceps
1430 4055 1710 4101 contentus
1733 4061 1848 4100 smn
1874 4047 1978 4101 vita

408 4146 565 4200 quam
589 4132 842 4201 transegi.
865 4131 981 4187 Vidi
1004 4134 1143 4188 enim
1172 4148 1329 4203 quem
1356 4133 1679 4200 desideravi,
1703 4144 1758 4190 et
1780 4135 1975 4190 sufﬁcit

410 4220 537 4275 mihi
582 4221 647 4275 ad
692 4221 925 4276 lmtitiam
970 4237 1213 4290 omnem,
1239 4224 1437 4280 vidisse
1476 4232 1529 4280 te
1556 4224 1730 4280 adhuc
1756 4225 1974 4293 vivere,

408 4309 496 4376 qui
524 4309 724 4377 pridem
752 4321 990 4367 mortuus
1017 4321 1072 4368 et
1093 4329 1121 4366 a
1148 4314 1332 4370 bestiis
1356 4314 1638 4370 devoratus
1663 4330 1721 4370 es
1742 4314 1973 4370 habitus.

408 4397 633 4452 Paterna
658 4415 757 4454 vox
784 4410 839 4455 et
868 4402 1019 4471 plena
1048 4403 1325 4458 dilectione
1343 4444 1360 4469 ,
1389 4404 1621 4474 satisque
1644 4404 1973 4458 aﬂ‘ectioncm

409 4488 597 4543 animze
626 4489 741 4559 ejus
764 4490 1060 4547 declarans.
1088 4494 1177 4548 51.
1218 4492 1360 4547 Dixit
1383 4504 1548 4546 autem
1583 4492 1774 4564 Ioseph
1800 4494 1974 4562 fratri-

405 4577 496 4631 bus
529 4578 634 4631 suis
669 4593 691 4632 :
728 4578 1040 4634 Descendam
1062 4620 1078 4647 ,
1119 4589 1167 4634 et
1204 4582 1507 4635 annuntiabo
1546 4580 1807 4635 Pharaoni
1842 4582 1977 4653 quod

406 4669 589 4737 fratres
625 4670 721 4723 mei
761 4671 1015 4737 uenerint,
1064 4681 1111 4725 et
1148 4674 1246 4725 sint
1288 4681 1529 4740 pastores.
1556 4671 1644 4727 32.
1679 4671 1784 4725 Viri
1811 4683 1976 4726 autem

405 4768 519 4811 sunt
552 4760 869 4825 armentarii,
910 4768 957 4814 et
996 4776 1164 4815 secum
1187 4760 1505 4814 adduxerunt
1531 4776 1709 4829 pecora
1735 4770 1780 4813 et
1808 4760 1971 4814 boves.

402 4848 491 4903 55.
518 4848 582 4903 Si
596 4850 750 4919 igitur
771 4850 1013 4904 vocaverit
1035 4866 1122 4904 uos
1146 4849 1353 4905 Pharao
1373 4890 1391 4917 ,
1413 4861 1460 4905 et
1485 4852 1663 4905 dixerit
1687 4866 1706 4905 :
1730 4851 1879 4918 Quod
1902 4861 1974 4905 est

403 4955 529 5008 opus
562 4939 823 4992 uestrum?
858 4939 1007 4994 dicite
1051 4955 1072 4993 :
1113 4940 1201 4995 54.
1239 4938 1486 4993 Pecorum
1522 4950 1745 5009 pastores
1779 4957 1971 4996 sumus.

402 5028 719 5082 Abominatio
757 5030 890 5084 enim
918 5029 1281 5101 .Egyptiorum
1308 5039 1380 5085 est
1404 5031 1564 5084 omnis
1592 5040 1763 5101 pastor
1784 5032 1968 5085 ouium.

474 5119 527 5172 5.
574 5119 701 5174 Vide
732 5120 1098 5187 prudentiam,
1143 5131 1198 5175 et
1226 5121 1381 5189 quale
1404 5121 1681 5174 consilium
1728 5121 1809 5175 eis
1851 5122 1967 5185 det,

386 5223 508 5261 non
540 5208 849 5278 simpliciter
890 5226 1063 5281 neque
1108 5210 1327 5265 fortuito
1368 5210 1484 5265 haec
1528 5211 1844 5277 consulens,
1876 5212 1969 5266 sed

402 5298 587 5351 volens
611 5314 704 5353 eos
730 5300 887 5354 simul
926 5301 977 5354 in
1025 5301 1211 5369 majori
1242 5302 1525 5355 securitate
1554 5316 1747 5371 agere,
1795 5316 1970 5372 neque

403 5390 782 5445 commercium
825 5389 1022 5446 habere
1046 5407 1168 5446 cum
1209 5391 1494 5462 Egyptiis.
1548 5392 1679 5448 Nam
1726 5394 1847 5463 quia
1895 5394 1968 5448 illi

402 5477 840 5534 abominabantur
864 5489 917 5535 et
942 5481 1350 5538 contemnebant
1384 5497 1479 5536 eos
1511 5481 1601 5552 qui
1640 5485 1967 5552 pastoritiam

404 5581 619 5635 agerent
669 5572 865 5635 vitam,
915 5582 1097 5641 utpote
1139 5574 1236 5642 ipsi
1263 5573 1555 5643 disciplinis
1597 5575 1965 5645 Egypliorum

405 5666 682 5723 vacantes,
734 5670 1008 5730 propterea
1053 5662 1306 5718 admonet
1343 5664 1576 5720 studium
1623 5680 1778 5721 suum
1827 5682 1965 5736 pra:-

410 5756 587 5804 tesere
607 5790 623 5809 .
654 5761 710 5806 ut
727 5752 807 5807 sic
832 5753 1124 5809 rationabili
1153 5762 1204 5809 et
1228 5756 1448 5812 honesta
1468 5756 1743 5813 occasione
1765 5762 1964 5827 optima

1261 424 1327 482 ΙΝ
1353 426 1505 481 CAP.
1544 425 1721 480 XLVI.
1752 424 1839 480 ΕΤ
1860 423 2321 483 XLVII.GENES.
2361 420 2587 476 llOMlL.
2629 418 2789 474 LXV.

3536 422 3639 476 562

2072 546 2229 592 terra:
2258 536 2429 605 portio
2453 537 2531 588 eis
2556 544 2881 602 segregetur,
2905 549 3009 602 quo
3038 534 3090 587 in
3132 548 3337 588 summa
3384 538 3637 603 tranquil-

2073 626 2219 679 litate
2262 625 2437 679 vivere
2478 624 2698 693 possint.
2730 623 2784 676 9.
2816 623 2884 675 Et
2908 625 3121 694 acceptis
3147 624 3363 692 quinque
3399 625 3637 695 fratribus

2072 714 2175 767 suis
2198 754 2213 777 ,
2240 713 2517 766 introduxit
2562 729 2644 766 eos
2681 712 2748 765 ad
2789 711 3129 767 Pharaonem.
3159 712 3212 769 5.
3248 712 3312 767 Et
3341 714 3637 782 imterroga-

2073 807 2138 858 uit
2160 821 2241 859 eos
2265 820 2283 858 :
2312 804 2458 870 Quod
2486 815 2557 858 est
2576 821 2698 873 opus
2726 805 2978 857 oestrum?
3008 803 3072 857 Et
3109 804 3342 858 dixerunt
3372 822 3390 855 :
3421 805 3632 856 Armen-

2074 896 2188 947 tarii
2215 912 2407 947 sumus.
2438 896 2490 949 4.
2520 893 2670 947 Nunc
2700 896 2850 964 igitur
2872 895 3200 949 habitabimus
3217 895 3270 948 in
3287 904 3420 950 terra
3442 894 3641 949 Gescm.

2074 984 2125 1037 5.
2158 981 2301 1038 Dixit
2319 994 2486 1037 autem
2510 982 2716 1036 Pharao
2740 999 2757 1036 :
2786 984 2839 1037 6.
2872 984 3128 1038 Habitent.
3159 985 3219 1040 Si
3240 997 3407 1040 autem
3425 985 3523 1038 scis
3546 985 3641 1039 ali-

2072 1090 2197 1141 quos
2241 1089 2302 1127 ea:
2322 1074 2421 1138 eis,
2447 1074 2532 1143 qui
2550 1074 2649 1125 sint
2674 1073 2765 1125 viri
2793 1073 3025 1126 industrii
3044 1114 3059 1139 ,
3099 1076 3341 1127 constitue
3368 1091 3451 1129 eos
3476 1078 3643 1145 magi-

2074 1173 2203 1217 stros
2232 1179 2453 1216 meorum
2481 1179 2715 1232 pecorum
2748 1163 2932 1234 (Caput
2970 1163 3082 1233 47).
3111 1164 3258 1219 Sicut
3304 1166 3643 1221 consuluerat

2073 1251 2271 1321 Ioseph
2295 1292 2311 1318 ,
2344 1252 2412 1305 ita
2443 1266 2759 1321 responsum
2803 1252 3063 1307 dederunt
3104 1254 3294 1309 fratres
3337 1256 3639 1310 Pharaoni:

2073 1354 2128 1399 et
2149 1359 2458 1398 concessum
2486 1353 2568 1398 est
2589 1345 2669 1399 eis
2699 1345 2935 1399 habitare
2977 1344 3030 1401 in
3060 1354 3197 1399 terra
3224 1346 3436 1401 Gesem.
3468 1346 3641 1402 (Σίνω-

2074 1450 2193 1489 rum
2221 1436 2422 1488 Pharao
2450 1434 2726 1491 declarans
2763 1448 2910 1488 suam
2949 1450 3069 1504 etga
3099 1434 3293 1503 Jcseph
3319 1435 3643 1489 benevolen-

2077 1527 2202 1579 tiam
2222 1566 2236 1591 ,
2267 1525 2431 1579 dixit:
2460 1525 2514 1581 Si
2544 1526 2681 1580 nosti
2708 1526 2760 1579 in
2787 1526 2864 1580 eis
2892 1527 3099 1594 aliquos
3145 1526 3452 1593 industrios,
3480 1528 3638 1581 etiam

2076 1628 2315 1667 meorum
2354 1628 2604 1684 pecorum
2635 1614 2913 1683 magistros
2942 1616 3223 1670 constitue.
3256 1616 3307 1669 7.
3355 1613 3643 1670 Introduxit

2076 1714 2245 1757 autem
2272 1713 2317 1756 et
2344 1713 2537 1772 patrem
2560 1703 2627 1756 ad
2658 1703 2998 1758 Pharaonem.
3027 1705 3079 1759 8.
3111 1704 3176 1757 Et
3193 1705 3317 1758 dixit
3342 1705 3548 1759 Pharao
3577 1707 3644 1758 ad

2076 1795 2236 1849 Iacob
2263 1811 2281 1848 :
2311 1795 2443 1861 Quot
2466 1804 2582 1849 sunt
2606 1795 2727 1848 anni
2759 1795 2953 1848 dierum
2979 1796 3093 1848 vita:
3118 1795 3252 1848 tum?
3273 1796 3535 1861 Quoniam
3564 1798 3642 1850 vi-

2076 1887 2155 1941 dit
2182 1901 2364 1942 senem
2390 1895 2643 1940 extremm
2669 1886 2955 1939 senectutis
2979 1926 2994 1948 ,
3025 1885 3215 1959 qu:erit
3238 1901 3495 1939 annorum
3540 1903 3641 1940 nu-

2080 1990 2306 2030 merum.
2335 1975 2388 2029 9.
2422 1974 2490 2027 Et
2516 1975 2644 2027 dixit
2686 1973 2845 2027 Iacob
2871 1989 2889 2027 :
2932 1973 3050 2028 Dies
3076 1990 3323 2027 annorum
3351 1976 3462 2028 vita
3488 1991 3641 2039 meae,

2076 2067 2253 2136 quibus
2282 2065 2574 2135 peregrinus
2602 2080 2733 2117 sum.
2764 2063 2900 2119 Vide
2924 2063 3187 2133 quomodo
3214 2078 3401 2119 omnes
3434 2065 3561 2131 justi
3593 2065 3643 2118 iu

2080 2157 2179 2211 hac
2198 2155 2305 2210 vita
2335 2154 2475 2209 haud
2500 2168 2656 2209 secus
2678 2163 2840 2224 atque
2865 2154 2911 2208 si
2940 2156 2990 2207 in
3019 2154 3438 2224 peregrinatione
3466 2169 3645 2207 versa-

2079 2254 2296 2309 rentur,
2333 2246 2403 2297 ita
2431 2243 2604 2298 allecti
2646 2251 2788 2297 sunt.
2836 2242 3034 2297 Audies
3075 2243 3218 2297 enim
3243 2251 3298 2297 et
3339 2242 3499 2297 David
3530 2251 3646 2311 post

2080 2335 2196 2390 hate
2233 2334 2539 2389 dicentem:
2573 2334 2705 2400 Quia
2729 2334 3021 2403 peregrinus
3046 2351 3137 2404 ego
3180 2350 3292 2389 sum
3314 2335 3364 2388 in
3391 2344 3523 2388 terra
3545 2373 3560 2397 ,
3601 2346 3647 2387 et

2078 2426 2270 2478 advena
2303 2423 2469 2495 (Psal.
2504 2425 2591 2479 58.
2624 2424 2712 2489 15)
2744 2439 2756 2476 :
2786 2425 2921 2478 sicut
2949 2433 3002 2477 et
3030 2426 3115 2478 hic
3142 2424 3297 2488 dicit,
3326 2423 3447 2478 Dies
3483 2440 3645 2477 anno-

2079 2533 2190 2570 rum
2218 2516 2330 2570 vita:
2356 2530 2512 2581 meae,
2560 2514 2739 2583 quibus
2779 2515 3067 2585 peregrinus
3111 2532 3242 2568 sum.
3270 2515 3552 2583 Propterea
3596 2524 3649 2569 et

2082 2606 2275 2660 Paulus
2300 2604 2509 2660 diccbat
2535 2604 2603 2658 de
2625 2604 2784 2673 justis
2829 2604 2933 2658 illis
2956 2604 3140 2676 (Hebr.
3184 2606 3271 2660 11.
3303 2605 3413 2672 51),
3439 2606 3647 2659 confes-

2079 2714 2169 2753 sos
2209 2698 2327 2752 illos
2352 2711 2410 2751 se
2439 2697 2586 2766 quasi
2632 2696 2939 2765 peregrinos
2978 2704 3034 2750 et
3067 2696 3298 2751 advenas
3340 2709 3460 2752 esse
3486 2711 3646 2765 super

2082 2799 2296 2845 terram.
2329 2787 2471 2855 Dies,
2497 2789 2696 2858 inquit,
2720 2805 2965 2842 annorum
2989 2790 3104 2843 uitat
3126 2804 3269 2855 mete,
3298 2791 3471 2857 quibus
3504 2806 3649 2856 pere"

2081 2886 2254 2956 grinus
2305 2900 2415 2937 sum
2436 2922 2452 2948 ,
2476 2892 2674 2936 centum
2717 2883 2921 2952 triginta
2959 2883 3110 2946 anni,
3145 2883 3292 2951 pauci
3317 2892 3363 2936 et
3393 2883 3513 2935 ntali
3535 2887 3648 2950 fue-

2081 2983 2221 3040 runt,
2248 2982 2294 3027 et
2312 2989 2412 3026 non
2438 2982 2762 3041 pervenerunt
2786 2972 2855 3024 ad
2888 2971 2994 3025 dies
3026 2987 3272 3024 annorum
3297 2972 3409 3025 vita:
3443 2981 3646 3040 patrum

2082 3078 2325 3117 meorum.
2356 3063 2511 3128 Dies,
2551 3062 2755 3131 inquit,
2785 3059 2976 3132 quibus
3006 3063 3310 3131 peregrinus
3354 3060 3425 3114 lui
3447 3101 3461 3124 ,
3494 3063 3645 3130 pauci

2082 3160 2138 3206 et
2165 3151 2290 3205 mali
2313 3150 2547 3205 fuerunt.
2569 3150 2842 3220 Significat
2867 3150 2952 3204 hie
2979 3164 3148 3204 annos
3171 3149 3463 3216 servitutis,
3486 3164 3645 3219 quam

2082 3242 2332 3296 sustinuit
2356 3240 2495 3311 apud
2519 3239 2701 3295 Laban
2726 3247 2848 3310 post
2868 3239 3044 3309 fugam
3063 3281 3079 3305 ,
3108 3255 3265 3309 quam
3295 3250 3512 3309 propter
3545 3240 3650 3293 ira-

2084 3339 2217 3386 trcm
2245 3330 2369 3386 fecit
2393 3348 2405 3384 :
2434 3330 2627 3386 deinde
2655 3339 2777 3400 post
2814 3330 3038 3385 reditum
3067 3330 3133 3385 ab
3152 3345 3219 3385 eo
3262 3331 3381 3385 loco
3401 3370 3415 3395 ,
3448 3329 3647 3384 luctum

2081 3436 2240 3490 quem
2266 3428 2412 3474 tanto
2436 3430 2671 3490 tempore
2702 3419 2883 3475 habuit
2912 3428 3128 3490 propter
3156 3428 3382 3474 mortem
3410 3419 3605 3488 Ioseph
3626 3461 3641 3482 ,

2082 3519 2137 3564 et
2163 3517 2380 3578 propter
2422 3509 2554 3563 alias
2580 3508 2880 3578 interjectas
2904 3508 3163 3563 miserias.
3193 3508 3461 3575 Quantum
3503 3509 3645 3563 enim

2081 3599 2327 3653 timorem
2352 3613 2477 3653 eum
2506 3598 2753 3653 habuisse
2783 3606 2932 3667 putas
2955 3639 2970 3662 .
3005 3597 3217 3668 quando
3257 3608 3471 3666 propter
3492 3614 3645 3651 soro-

2080 3704 2195 3743 rem
2225 3689 2456 3759 Symeon
2477 3696 2531 3744 et
2557 3689 2681 3743 Levi
2707 3702 2893 3743 omnes
2918 3688 3146 3742 civitatis
3176 3689 3315 3741 viros
3339 3688 3648 3742 occiderunt

2081 3789 2136 3833 et
2159 3792 2347 3832 omnes
2391 3778 2482 3847 qui
2526 3776 2579 3831 in
2622 3776 2845 3833 Secimis
2882 3786 3036 3831 erant
3069 3777 3303 3844 captivos
3344 3777 3647 3831 duxerunt?

2081 3866 2297 3922 Dicebat
2337 3868 2478 3920 enim
2508 3878 2631 3920 tunc
2677 3866 2916 3921 indicans
2968 3867 3129 3920 animi
3162 3879 3414 3934 angorem
3456 3866 3508 3919 in
3541 3880 3649 3934 quo

2081 3964 2195 4008 erat
2226 3972 2239 4007 :
2277 3954 2591 4009 Invidiosum
2614 3971 2691 4008 me
2717 3954 2934 4024 fecistis,
2965 3955 3036 4007 ita
3056 3964 3111 4007 ut
3139 3955 3300 4007 malus
3315 3954 3499 4008 habear
3520 3955 3648 4007 inter

2082 4044 2358 4099 habitantes
2400 4055 2605 4098 terram.
2648 4045 2758 4116 Ego
2794 4056 2962 4098 autem
3006 4045 3057 4096 in
3085 4059 3238 4114 parvo
3280 4059 3484 4097 numero
3512 4061 3643 4097 sum.

2081 4135 2148 4189 Et
2171 4136 2455 4206 congregati
2479 4152 2628 4205 super
2646 4152 2723 4190 me
2736 4174 2752 4201 ,
2781 4135 3041 4189 concident
3061 4150 3137 4188 me
3158 4151 3177 4189 :
3201 4143 3246 4188 et
3270 4134 3468 4188 delebor
3487 4144 3533 4187 et
3559 4151 3650 4205 ego

2080 4236 2125 4279 et
2141 4226 2319 4280 domus
2340 4242 2450 4280 mea
2488 4225 2644 4296 (Gen.
2676 4227 2765 4280 54.
2796 4225 2910 4293 50).
2942 4224 3227 4295 Propterea
3266 4224 3394 4279 dicit
3426 4243 3440 4280 :
3485 4222 3648 4277 Pauci

2080 4326 2125 4368 et
2155 4316 2275 4368 mali
2302 4316 2408 4369 dies
2428 4332 2677 4369 annorum
2697 4316 2810 4370 vitae
2833 4331 2971 4369 mete.
3002 4316 3085 4368 “s
3116 4314 3179 4368 Et
3206 4313 3395 4384 Ioseph
3418 4314 3647 4367 habitare

2080 4404 2197 4472 fecit
2223 4415 2415 4473 patrem
2447 4421 2596 4458 suum
2624 4414 2669 4458 et
2712 4408 2891 4475 fratres
2915 4420 3033 4458 suos
3051 4445 3065 4467 ,
3096 4412 3141 4457 et
3170 4404 3304 4457 dedit
3331 4404 3400 4456 eis
3443 4420 3642 4473 posses-

2078 4496 2266 4550 sionem
2313 4496 2367 4549 in
2418 4504 2551 4549 terra
2596 4495 2844 4566 Egypti,
2896 4496 2950 4548 in
2979 4496 3167 4563 Optima
3221 4505 3388 4559 terra,
3413 4497 3467 4548 in
3510 4504 3644 4548 terra

2079 4583 2346 4649 Ramesse,
2374 4585 2501 4638 sicut
2537 4594 2841 4655 prazceperat
2871 4582 3076 4636 Pharao
3102 4598 3122 4636 :
3152 4583 3235 4635 12.
3265 4591 3312 4635 et
3339 4584 3640 4653 frumentum

2079 4676 2369 4729 metiebatur
2413 4674 2603 4744 Ioseph
2651 4675 2784 4742 patri
2830 4683 2876 4726 et
2927 4672 3166 4744 fratribus
3212 4672 3350 4736 suis,
3403 4681 3449 4724 et
3504 4676 3639 4725 omni

2079 4767 2249 4821 domui
2286 4766 2441 4836 patris
2477 4769 2591 4829 sui,
2629 4768 2934 4834 frumentum
2978 4762 3249 4815 secundum
3285 4777 3487 4829 corpus.
3532 4761 3642 4815 lloc

2078 4868 2192 4911 erat
2213 4858 2352 4926 quod
2378 4857 2586 4912 dicebat
2624 4856 2872 4909 fratribus
2895 4871 2910 4911 :
2940 4852 3082 4907 Misit
3106 4869 3184 4906 me
3221 4851 3358 4907 Deus
3381 4862 3496 4911 ante
3522 4868 3606 4907 ros
3623 4893 3640 4917 ,

2079 4958 2135 5000 ut
2170 4949 2529 5017 relinqueretur
2556 4946 2691 5000 vobis
2712 4946 2875 5015 portio
2898 4960 3048 5012 super
3069 4952 3286 5007 terram;
3307 4951 3380 5007 ct,
3404 4942 3468 4999 In
3488 4944 3641 4998 vitam

2077 5038 2210 5089 misit
2240 5052 2317 5090 me
2339 5035 2474 5089 Deus
2502 5044 2615 5088 ante
2636 5052 2721 5088 vos
2750 5032 2905 5101 (Gen.
2930 5033 3019 5088 45.
3047 5032 3098 5087 7.
3123 5032 3201 5101 5).
3230 5030 3505 5086 Frumenta
3531 5049 3639 5085 me-

2079 5126 2305 5191 ttebatur,
2350 5126 2520 5195 inquit
2537 5166 2551 5192 ,
2581 5126 2652 5178 eis
2678 5124 2949 5179 secundum
2972 5139 3177 5191 corpus.

2146 5217 2327 5269 Anima
2348 5216 2426 5270 uel
2460 5231 2640 5285 corpus
2678 5222 2809 5268 totus
2829 5215 3000 5267 homo.
3052 5210 3315 5277 Quomodo
3342 5225 3397 5265 se
3440 5210 3645 5280 gesserit

2074 5306 2324 5376 Iosephus
2343 5322 2461 5377 erga
2482 5305 2758 5376 rEgyptios
2775 5346 2791 5370 ,
2821 5305 3049 5358 «triente
3075 5306 3227 5373 fame.
3255 5330 3325 5343 —-
3364 5300 3499 5368 Quid
3530 5310 3643 5364 est,

2078 5399 2365 5454 Secundum
2410 5397 2634 5466 corpus?
2680 5396 2945 5464 Quantum
2992 5391 3287 5449 suﬁicicbat
3336 5390 3638 5457 unicuique.

2076 5490 2186 5544 Mos
2227 5490 2367 5544 enim
2397 5497 2479 5544 est
2507 5487 2795 5556 Scriptura:
2824 5484 3109 5555 aliquando
3154 5482 3221 5536 ab
3248 5482 3421 5537 anima
3472 5491 3640 5538 totum
3680 5522 3681 5525 η

2075 5580 2343 5635 hominem
2395 5580 2670 5633 nominare
2693 5619 2708 5642 ,
2737 5574 3022 5646 aliquando
3061 5589 3090 5626 a
3117 5587 3361 5643 corpore.
3392 5572 3459 5626 Et
3505 5584 3642 5628 sicut

2073 5671 2315 5739 superius
2334 5668 2560 5733 diccbat,
2587 5666 2651 5720 In
2676 5665 2991 5734 septuaginta
3011 5662 3226 5733 quinque
3259 5662 3518 5715 animabus
3556 5663 3638 5716 de-

2079 5758 2269 5813 scendit
2292 5757 2454 5813 Jacob
2487 5758 2539 5811 in
2580 5754 2865 5826 {Egyptum
2898 5752 3046 5826 (Gen.
3074 5751 3163 5808 46.
3206 5750 3329 5823 27);
3359 5758 3415 5806 ut
3442 5753 3643 5810 diceret
