4146 6260
486 402 591 469 563
1226 413 1280 467 S.
1322 411 1594 467 ιοΑΝΝιδ
1611 411 1614 414 ’
1633 409 2047 468 CllllYSOSTO!

2152 409 2455 466 \RCIIIEP.
2493 409 3022 466 CONSTANTINOP.

479 527 807 596 septuaginla
836 525 1068 595 quinque
1101 519 1244 578 viros
1284 533 1338 578 et
1380 522 1632 578 mulieres
1662 540 1676 576 :
1709 523 1789 578 sic
1833 533 1888 579 et
1935 524 2055 588 hic,

481 617 775 670 Secundum
803 629 1020 681 corpus,
1044 612 1095 666 id
1125 621 1207 666 est
1252 626 1350 680 pro
1375 612 1600 680 singulis
1639 611 1962 667 hominibus.
1996 613 2061 667 Et

482 704 600 759 tota'
629 704 844 774 quidem
893 700 1154 776 Egyptus
1202 710 1256 756 et
1283 701 1705 757 Cbananaeorum
1751 703 1901 772 regio
1920 702 2060 758 fame

483 795 826 860 laborabant,
859 793 958 862 ipsi
997 797 1177 849 autem
1217 805 1471 862 pr03pcre
1511 793 1768 863 agebant,
1799 792 2058 850 habentes

483 883 633 952 quasi
661 898 725 936 et
750 882 981 937 fontibus
1008 882 1323 952 proﬂuentia
1353 883 1640 938 frumenta.
1667 884 1755 937 13.
1802 883 2058 937 Frumen-

484 984 589 1026 tum
616 967 780 1039 enim,
803 974 991 1043 inquit,
1025 991 1126 1028 non
1152 985 1257 1028 erat
1285 975 1339 1027 in
1351 974 1489 1026 omni
1515 982 1667 1027 terra.
1685 973 1910 1027 Incaluit
1929 974 2060 1027 enim

485 1069 648 1134 fames
691 1081 847 1134 supra
879 1065 1105 1119 modum.
1155 1065 1347 1136 Defecit
1384 1069 1548 1118 autem
1587 1061 1722 1120 terra
1759 1064 1977 1135 Egypti
2013 1073 2061 1118 et

481 1167 616 1212 terra
627 1157 884 1213 Chanaan
901 1160 1018 1227 "prie
1043 1160 1196 1229 fame.
1653 1172 1656 1174 ‘

554 1247 610 1302 4.
641 1247 774 1302 Vide
797 1246 1122 1302 inelfabilem
1152 1246 1244 1301 Dei
1268 1245 1680 1301 sollicitudinem
1706 1253 1761 1301 et
1777 1244 2062 1314 providen-

483 1338 607 1391 tiam
635 1354 648 1390 :
677 1336 945 1406 quomodo
973 1347 1255 1406 antequam
1282 1337 1633 1391 invalesceret
1661 1335 2066 1404 fames,justum

485 1429 536 1483 in
561 1428 848 1500 Egyptian
889 1428 1169 1484 deduxerit
1193 1470 1206 1493 ,
1238 1443 1306 1484 ne
1331 1429 1489 1484 illam
1517 1420 1737 1483 sentiret
1763 1427 2059 1496 angustiam

483 1534 602 1587 quae
632 1521 851 1573 ventura
882 1527 998 1573 erat
1035 1519 1087 1573 in
1117 1518 1389 1574 Chanaan.
1433 1519 1498 1573 Et
1525 1517 1770 1573 omnibus
1801 1518 1926 1573 illuc
1966 1517 2061 1572 de-

483 1609 850 1675 currentibus,
885 1611 972 1664 M.
1001 1609 1362 1680 Congregavit,
1398 1609 1601 1678 inquit,
1645 1607 1836 1677 Ioseph
1863 1621 2058 1660 «amni

485 1701 779 1768 pecuniam,
827 1709 930 1754 tam
963 1717 1136 1754 eorum
1163 1701 1249 1770 qui
1303 1710 1444 1754 eram
1505 1700 1559 1754 in
1591 1699 1664 1754 1E
1669 1709 1824 1770 gypto
1839 1736 1856 1764 ,ν
1906 1705 2058 1768 quam

482 1806 653 1843 corum
676 1791 763 1860 qui
780 1799 922 1844 erant
963 1793 1016 1843 in
1053 1789 1295 1845 Chanaan
1315 1831 1329 1856 ,
1367 1799 1414 1844 et
1441 1790 1515 1844 sic
1558 1793 1810 1860 frumenta
1838 1789 1909 1842 eis
1948 1788 2058 1841 dis-

483 1881 726 1950 pensavit.
777 1881 864 1935 15.
917 1878 986 1933 Et
1033 1881 1213 1950 defecit
1257 1889 1429 1950 postea
1480 1881 1709 1949 pecunia.
1757 1878 2058 1950 Importarit

481 1971 616 2023 enim
667 1987 863 2024 omnem
897 1971 950 2024 in
996 1971 1202 2024 demum
1243 1969 1552 2024 Pharaonis.
1593 1971 1846 2026 Venerunt
1889 1980 2057 2024 autem

483 2059 719 2129 Egyptii
740 2069 910 2112 omnes
932 2100 946 2123 ,
986 2070 1034 2112 et
1061 2060 1290 2113 dicebant
1314 2075 1332 2113 :
1361 2059 1456 2112 Da‘
1482 2061 1624 2114 nobis
1649 2069 1842 2130 panes:
1884 2070 1930 2114 et
1966 2077 2058 2115 cur

481 2149 726 2201 morimur
745 2155 872 2202 ante
892 2157 938 2202 te
954 2149 980 2202 ?
1005 2147 1200 2220 Defecit
1246 2150 1378 2202 enim
1399 2151 1630 2219 pecunia.
1660 2149 1772 2205 Non
1811 2159 1935 2204 sunt
1960 2165 2058 2206 no-

482 2237 593 2302 bis,
622 2237 903 2306 inquiunt,
936 2238 1116 2305 plures
1160 2235 1398 2306 pecuniae
1417 2267 1442 2300 ,α
1463 2248 1522 2292 ut
1543 2253 1814 2305 emamus,
1855 2248 1911 2295 et
1935 2239 2056 2295 ideo

482 2325 621 2380 fame
647 2327 899 2394 perimus.
949 2326 1029 2381 Ne
1057 2327 1216 2396 igitur
1243 2327 1504 2396 despicias
1550 2343 1649 2383 nos
1669 2369 1684 2394 ,
1713 2330 1803 2398 qui
1829 2344 1859 2382 a
1883 2339 2056 2385 morte

483 2413 555 2467 ita
583 2414 912 2480 obsidemur,
940 2415 1036 2469 sed
1064 2415 1242 2484 prtcbe
1271 2417 1420 2470 nobis
1453 2432 1614 2485 panes
1634 2426 1692 2471 ut
1711 2417 1946 2472 vivamus
1967 2458 1981 2480 ,
2000 2428 2056 2473 et

482 2511 549 2561 ne
573 2508 882 2561 moriamur.
919 2507 1003 2562 l6.
1032 2508 1177 2562 Dixit
1201 2517 1364 2562 autem
1387 2509 1457 2562 eis
1494 2508 1687 2580 Joseph
1710 2525 1729 2563 :
1747 2509 1938 2576 Afferte
1961 2525 2056 2580 pe-

486 2612 604 2650 cora
629 2602 790 2651 nestra
815 2637 830 2663 ,
857 2605 903 2650 et
927 2595 1057 2651 dabo
1079 2598 1213 2652 vobis
1234 2614 1408 2668 panes.
1439 2598 1493 2653 Si
1523 2599 1664 2652 enim
1693 2614 1800 2653 non
1825 2601 2056 2670 suppetit

481 2685 633 2740 Vobis
661 2687 916 2756 pecunia,
973 2680 1177 2756 inquit,
1221 2688 1424 2755 accipio
1449 2696 1501 2742 et
1529 2701 1735 2756 pecora.
1769 2687 1835 2742 Si
1874 2689 2054 2758 defecit

482 2777 723 2844 pecunia,
757 2775 1002 2832 adducite
1028 2790 1217 2846 pecora
1256 2785 1434 2832 vestra
1457 2818 1471 2841 ,
1493 2784 1549 2832 et
1567 2776 1838 2846 accipietis
1863 2792 2050 2848 panes.

481 2865 573 2918 l7.-
599 2865 934 2920 Addaxerunt
955 2876 1124 2921 autem
1163 2883 1361 2935 pecora,
1389 2877 1435 2921 et
1455 2867 1592 2924 dedit
1615 2869 1688 2922 eis
1717 2885 1809 2937 pro
1835 2870 1972 2939 equis
1999 2871 2015 2902 ¹
2032 2904 2050 2938 -,

479 2963 530 3006 et
553 2955 748 3022 ovibus,
769 2965 818 3009 et
846 2954 1025 3024 bobus,
1043 2967 1091 3011 et
1118 2957 1295 3021 asinis,
1321 2966 1368 3010 et
1401 2957 1769 3027 aluiteospro
1790 2959 2054 3028 pecoribus

477 3047 604 3098 suis.
631 3046 719 3104 18.
735 3045 1008 3102 .Venerunt
1047 3056 1216 3102 antem
1241 3050 1311 3102 ad
1338 3065 1451 3102 eum
1472 3058 1520 3104 et
1543 3066 1678 3104 anno
1703 3050 1928 3119 setiuenti
1947 3091 1964 3118 ,
2004 3061 2053 3106 et

477 3133 711 3187 ὀίὲεεωηι
743 3136 790 3188 ei
815 3136 837 3188 τ’
865 3135 948 3188 Ne
972 3140 1102 3206 forte
1139 3153 1427 3206 pereamus,
1461 3153 1620 3209 neque
1652 3141 1863 3209 pecunia
1911 3141 2052 3195 nobis

477 3226 730 3294 suppetit,
761 3241 920 3296 neque
939 3242 1123 3296 pecora
1144 3244 1164 3282 :
1187 3231 1358 3282 omnia
1380 3230 1514 3283 enim
1545 3232 1688 3300 apud
1709 3240 1758 3284 te
1789 3232 2052 3286 dominum

480 3319 708 3366 uestrum
725 3325 867 3369 sunt.
887 3314 1037 3370 Nihil
1061 3318 1190 3370 enim
1217 3319 1359 3373 nobis
1370 3319 1514 3373 aliud
1540 3320 1766 3374 relictum
1794 3330 1887 3388 est,
1900 3338 2052 3391 quam

478 3405 740 3472 proprium
775 3421 959 3475 corpus
1005 3417 1052 3461 et
1100 3416 1232 3461 terra
1278 3417 1472 3462 nostra.
1513 3409 1601 3464 l9.
1647 3408 1715 3463 Ut
1948 3427 2050 3466 non

477 3509 744 3564 pereamus
758 3538 770 3560 ,
799 3498 1003 3566 posside
1027 3515 1121 3553 nos
1143 3509 1189 3552 et
1215 3508 1402 3553 terram
1417 3511 1639 3555 nostram
1678 3515 1777 3570 pro'
1797 3501 2011 3571 panibus
2029 3543 2044 3568 ,

476 3593 522 3635 et
550 3585 736 3638 erimus
756 3588 904 3640 etiam
925 3605 1016 3642 nos
1041 3599 1090 3642 et
1115 3599 1247 3643 terra
1267 3599 1438 3646 nostra
1461 3591 1590 3645 servi
1621 3590 1931 3646 Pharaonis.
1966 3592 2049 3647 Da

473 3685 640 3728 semen
659 3717 675 3742 ,
699 3687 754 3730 ut
782 3680 1079 3733 seminemus
1095 3689 1141 3734 et
1151 3682 1385 3736 'siva'mus
1400 3723 1415 3745 ,
1436 3691 1483 3735 et
1512 3691 1650 3735 terra
1672 3699 1771 3736 non
1792 3683 2049 3754 redigetur

473 3763 534 3818 in
553 3761 895 3823 solitudinem.
927 3760 1144 3840 Seipso's
1171 3774 1221 3826 in
1252 3774 1566 3828 servitutem
1598 3775 1970 3844 subjecerunt,
1993 3785 2050 3831 et

474 3865 668 3911 terram
707 3861 1091 3930 vendiderunt,
1121 3864 1191 3918 ita
1222 3875 1279 3918 ut
1311 3865 1380 3919 ali
1408 3874 1626 3935 possent
1656 3883 1668 3920 :
1703 3875 1845 3920 tanta
1891 3867 2044 3922 famis

473 3938 762 4006 necessitas
814 3947 929 4008 fuit.
953 3955 1135 4010 20.‘Et
1154 3957 1413 4024 acquisivit
1433 3956 1623 4028 10seph
1650 3969 1835 4012 terrant
1874 3957 2045 4029 Ερυ-

471 4041 690 4108 ptiarum
719 4042 1000 4100 Pharaoni.
1039 4046 1382 4102 Vendideram
1421 4051 1554 4103 enim
1578 4067 1686 4104 eam
1707 4055 1842 4120 fame
1860 4053 2038 4106 coacti.

474 4130 712 4202 Et‘facta‘
737 4124 811 4188 est
839 4144 973 4189 terra
1009 4136 1320 4192 Pharaonis.
1360 4138 1449 4194 9i.
1490 4139 1557 4193 Et
1585 4142 1828 4209 papulum'
1852 4141 1948 4195 sibi
1987 4143 2042 4196 in

469 4231 640 4273 servos
666 4222 875 4293 subjecit
899 4225 963 4299 ab
985 4229 1217 4280 extremis
1245 4227 1430 4295 ﬁnibus
1451 4227 1671 4298 £gypti
1689 4239 1842 4299 usque
1860 4231 1928 4283 ad
1953 4248 2044 4285 ea:-

469 4314 654 4361 tretnos
687 4302 818 4365 522.
841 4298 1047 4382 excepta
1066 4301 1198 4367 terra
1222 4304 1615 4369 sacerdotum}
1624 4317 1706 4371 llis
1741 4298 1873 4371 enim
1904 4321 2040 4373 dedit

472 4397 680 4452 Pharao
703 4403 836 4456 cibos
870 4414 920 4458 et
966 4407 1318 4472 comederunt;
1348 4416 1394 4461 et
1431 4416 1692 4476 propterea
1722 4415 1824 4463 non
1862 4411 2037 4463 vendi-

467 4489 653 4542 derunt
701 4499 884 4545 terram
932 4510 1096 4550 suam.
1150 4496 1281 4551 Vide
1331 4503 1558 4566 quantus
1586 4498 1923 4565 ibtelléctus,
1981 4511 2037 4555 et

465 4587 670 4648 quanta
697 4583 958 4652 sapientia
1002 4585 1201 4656 Joseph
1231 4587 1408 4642 fuerit.
1459 4588 1582 4644 Illos
1617 4604 1790 4658 neque
1841 4589 2036 4644 famem

462 4671 692 4738 experiri
728 4676 997 4743 permisit,
1043 4686 1096 4732 et
1124 4693 1336 4732 omnem
1366 4689 1565 4734 terram
1591 4681 1866 4749 acquisivit
1894 4681 2033 4734 Pha-

463 4761 644 4842 raoni,
673 4763 961 4833 simulque
999 4766 1219 4822 fuerunt“
1253 4768 1484 4839 Egyptii
1513 4783 1699 4824 omnes
1729 4769 1779 4824 in
1809 4772 2035 4825 servitu-

461 4845 577 4902 tem'
597 4852 816 4907 redacti.
849 4854 984 4910 Vide
1005 4899 1018 4918 .
1046 4858 1272 4913 Obsecro
1291 4902 1306 4927 ,
1338 4859 1422 4914 bic
1446 4860 1638 4914 iterum
1666 4861 1914 4915 eximiam
1953 4861 2044 4915 di—

463 4937 764 5006 ligentiam,
808 4953 862 4996 et
887 4947 1268 5013 providentiam
1295 4989 1308 5010 .
1339 4944 1500 5018 quam
1536 4965 1658 5018 erga
1689 4950 1810 5004 illos
1850 4950 2028 5006 habet.

459 5027 547 5081 25.
582 5026 724 5082 Dixit
746 5033 891 5087 enim
917 5024 1179 5105 ﬂgyptiis
1195 5079 1209 5102 ,
1235 5037 1367 5092 Ecce
1394 5040 1634 5110 acquisiui
1658 5055 1747 5094 vos
1771 5050 1818 5094 et
1847 5049 2031 5094 terram

459 5128 674 5171 restram
692 5119 842 5174 hodie
868 5120 1150 5178 Pharaoni.
1179 5127 1404 5197 Accipite
1425 5129 1577 5198 igitur
1596 5129 1730 5183 nobis
1756 5131 1964 5195 semina,
1983 5140 2030 5184 et

456 5209 698 5264 s‘eminate
735 5220 922 5266 terram
950 5228 970 5267 :
993 5223 1040 5267 et
1082 5215 1126 5268 si
1147 5217 1335 5286 fuerint
1381 5227 1644 5285 proventus
1665 5260 1681 5285 ,
1709 5218 1799 5273 ει.
1843 5220 2030 5274 dabitis

457 5299 686 5365 quintam
741 5311 934 5371 partem
1005 5303 1269 5359 Pharaoni
1311 5321 1330 5359 ε
1383 5318 1598 5375 quatuor
1641 5319 1808 5363 autem
1863 5320 2029 5380 partes

459 5399 604 5442 erunt
626 5399 803 5444 vestrae
833 5391 886 5445 in
911 5409 1079 5446 semen
1099 5403 1244 5448 terra
1260 5435 1274 5460 ,
1310 5407 1355 5449 et
1391 5397 1444 5450 in
1480 5397 1644 5452 cibum
1673 5399 1807 5453 vobis
1824 5439 1840 5464 ,
1866 5408 1916 5452 et
1937 5401 2029 5453 toti

456 5478 628 5530 domui
653 5489 848 5535 vestra.
881 5480 1064 5552 Magna
1095 5483 1412 5550 liberalitas,
1447 5486 1630 5555 ingens
1656 5488 2024 5555 providentia,

460 5567 736 5622 inell’abilis
773 5571 1092 5628 sollicitudo.
1133 5574 1255 5630 Ideo
1283 5584 1337 5630 et
1382 5577 1454 5630 illi
1484 5588 1834 5646 agnoscentes
1861 5578 2026 5634 bene-

458 5685 545 5812 ”;
564 5701 949 5814 :gzzipmgbua
970 5705 1318 5766 lnterpretibus
1341 5706 1539 5769 legitur,
1569 5714 1614 5757 et
1641 5707 1772 5757 dedit
1793 5709 1862 5759 eis
1879 5722 2024 5771 panes

3637 412 3740 467 564

2172 523 2286 576 licia
2314 563 2330 587 ,
2356 522 2539 576 dicunt
2565 539 2580 576 :
2607 523 2697 576 25.
2736 523 2960 577 Satvnsti
2990 536 3113 586 nos,
3160 522 3437 578 inuenimus
3465 523 3597 578 enim
3625 541 3746 594 gra-

2167 614 2289 666 tiam
2317 602 2486 666 coram
2503 613 2721 666 domino
2749 623 2957 679 nostra;
2994 623 3040 667 et
3066 614 3252 668 erimus
3277 616 3406 668 servi
3429 613 3742 671 Pharaonis.

2176 705 2364 759 Vidisti
2395 704 2809 759 liberalitatem?
2839 703 2973 760 Nam
3013 705 3135 775 quia
3160 705 3290 760 vidit
3313 719 3409 761 eos
3438 706 3600 761 nimia
3646 721 3742 776 pe-

2167 795 2318 849 nuria
2339 793 2643 859 confectos,
2673 795 2911 863 cogitans
2929 801 3189 862 qumtum
3229 795 3465 850 laborem
3512 806 3570 850 et
3606 812 3737 850 aeru-

2167 898 2344 938 mnam
2365 883 2631 938 sustinere
2657 893 2915 953 cogantur
2931 883 3156 938 colendo
3182 894 3407 950 terram,
3438 885 3569 940 dicit
3593 903 3609 940 :
3636 885 3742 942 Se-

2167 985 2290 1026 men
2321 971 2470 1026 vobis
2498 984 2603 1040 ego
2616 972 2964 1039 suppeditabo
2983 1011 3003 1037 ,
3031 986 3124 1027 vos
3151 981 3330 1029 autem
3349 989 3562 1030 omnem
3583 975 3746 1030 aliam

2166 1075 2346 1114 curam
2376 1059 2646 1116 exhibete;
2690 1060 2759 1114 Et
2795 1061 2841 1115 si
2873 1060 3070 1116 fuerint
3097 1063 3248 1118 vobis
3289 1075 3610 1134 proventus,
3648 1065 3744 1119 da-

2166 1150 2291 1204 bitis
2332 1157 2536 1217 partem
2561 1163 2757 1215 unam,
2783 1159 3010 1219 quatuor
3037 1159 3214 1206 autem
3254 1160 3447 1208 vestrae
3475 1162 3657 1219 erunt,
3687 1164 3744 1210 et

2167 1251 2374 1293 merces
2403 1237 2677 1304 laborum,
2711 1247 2765 1294 et
2788 1239 3053 1295 alimoniae
3088 1250 3351 1312 sumptus.
3373 1241 3463 1296 26.
3495 1241 3611 1297 Hoc
3641 1261 3743 1297 aua-

2166 1335 2264 1381 tem
2287 1326 2582 1381 mandatum
2607 1329 2788 1398 'posuit
2833 1329 2908 1382 eis
2945 1327 3137 1400 Joseph
3155 1367 3171 1395 ,
3197 1339 3257 1384 ut
3283 1332 3508 1400 quintam
3547 1340 3742 1401 partem

2165 1418 2347 1471 darent
2373 1417 2636 1472 Pharaoni
2653 1458 2668 1481 ,
2698 1428 2906 1490 excepta
2927 1421 3038 1475 sola
3065 1424 3380 1477 sacerdotum
3406 1433 3557 1478 terra.

2235 1506 2534 1561 Sacerdotes
2569 1508 2789 1562 colendi.
2832 1538 2904 1550 —
2939 1511 3172 1566 Audiam
3212 1513 3304 1582 qui
3347 1521 3488 1569 nunc
3519 1516 3739 1582 vivunt,

2163 1605 2430 1664 quantam.
2457 1597 2584 1652 olim
2627 1598 2958 1655 sacerdotum
3013 1601 3273 1658 idolorum
3319 1619 3500 1660 curam
3537 1605 3738 1662 habue-

2163 1689 2302 1753 rint;
2329 1697 2382 1742 et
2403 1688 2610 1744 discant
2631 1699 2690 1744 ut
2709 1692 2793 1746 vel
2818 1692 3006 1746 saltem
3027 1709 3205 1763 parem
3228 1694 3458 1751 habeant
3483 1698 3742 1756 honorem

2163 1777 2227 1831 iis
2251 1778 2441 1847 quibus
2468 1780 2701 1834 omnium
2729 1781 2822 1836 Del
2856 1782 3206 1838 ministerium
3235 1785 3492 1841 creditum
3512 1827 3528 1853 ,
3567 1798 3624 1844 et
3648 1789 3742 1858 qui

2162 1867 2462 1922 sacerdotio
2483 1870 2722 1939 lnsigniti-
2737 1881 2876 1926 sunt.
2907 1872 2963 1928 Si
2991 1874 3133 1927 enim
3159 1885 3403 1931 errantes
3426 1878 3521 1945 illi,
3538 1887 3594 1934 et
3614 1888 3738 1934 lan-

2163 1965 2267 2011 t-sm
2295 1957 2557 2012 idolorum
2579 1974 2763 2014 curam
2789 1960 3076 2026 habentes,
3107 1963 3228 2033 quia
3251 1981 3325 2019 ex
3361 1967 3462 2022 hoc
3488 1969 3739 2037 putabant

2162 2046 2302 2100 idola
2321 2048 2492 2118 magis
2515 2049 2635 2114 coli,
2662 2050 2732 2103 ita
2760 2065 2944 2105 eorum
2965 2053 3236 2108 ministros
3255 2055 3503 2110 colebant
3530 2074 3544 2112 :
3571 2074 3746 2127 quant

2163 2147 2212 2191 ta
2260 2153 2367 2191 non
2412 2139 2852 2195 condemnatione
2899 2141 3042 2211 digni
3070 2183 3090 2208 ,
3117 2143 3208 2211 qui
3252 2159 3391 2198 nunc
3420 2145 3738 2204 imminuunt

2159 2227 2300 2297 quod
2325 2227 2390 2281 ad
2419 2227 2626 2282 illorum
2667 2239 2871 2298 spectat
2904 2232 3102 2286 cultum
3129 2233 3152 2284 ?
3178 2236 3257 2287 An
3305 2236 3520 2290 nescitis
3564 2237 3735 2293 hono-

2161 2331 2272 2370 rem
2291 2316 2357 2371 ad
2380 2317 2544 2372 Deum
2573 2318 2742 2388 ipsum
2765 2320 3032 2374 transire?
3060 2321 3136 2376 Ne
3161 2322 3318 2391 igitur
3346 2325 3596 2393 respicias
3613 2341 3737 2383 eum

2160 2407 2246 2460 eui
2288 2407 2457 2463 bonos
2496 2409 2786 2465 confertur.
2815 2409 2932 2466 Non
2961 2413 3103 2466 enim
3135 2421 3352 2482 preptcr
3388 2415 3536 2469 illum
3573 2416 3738 2472 debes

2159 2499 2298 2568 quod
2337 2511 2483 2554 tuum
2507 2509 2592 2555 est
2619 2499 2833 2568 facere;
2870 2502 2965 2556 sed
2995 2504 3391 2572 proptcr‘illum
3411 2546 3426 2570 ,
3453 2505 3604 2575 wjus
3644 2521 3736 2561 suo

2158 2588 2348 2644 cerdos
2371 2599 2473 2655 est,
2505 2599 2566 2644 ut
2605 2599 2661 2645 et
2698 2591 2766 2645 ab
2803 2593 2894 2646 illo
2930 2592 3304 2649 retributiones
3329 2596 3556 2650 ubertim
3592 2597 3734 2651 aeui.

2160 2681 2292 2750 pias.
2322 2681 2545 2750 Propter
2569 2681 2709 2752 quod
2737 2693 2792 2736 et
2820 2682 3062 2738 dicebat:
3088 2683 3189 2750 Qui
3213 2687 3387 2757 fecerit
3413 2687 3505 2739 uni
3533 2685 3736 2754 hom,

2161 2771 2284 2824 mihi
2308 2770 2518 2840 fecerit;
2541 2782 2616 2837 et,
2647 2772 2749 2838 Qui
2775 2773 2960 2841 accipit
2985 2773 3278 2843 prophetam
3313 2775 3368 2827 in
3393 2776 3593 2828 nomine
3616 2792 3732 2844 pra-

2157 2862 2340 2932 phetc,
2363 2864 2638 2916 mercedem
2665 2865 2922 2933 propheta
2941 2865 3165 2933 accipiet.
3179 2863 3391 2935 (Matth.
3411 2865 3502 2921 25.
3533 2865 3621 2920 40.
3640 2867 3728 2920 10.

2155 2952 2269 3021 41).
2295 2951 2426 3006 Num
2455 2953 2664 3006 enim‘a
2691 2953 2950 3022 dignitate
2995 2952 3078 3008 vel
3121 2954 3322 3009 vilitate
3366 2954 3732 3009 ministrorum

2157 3045 2248 3099 tibi
2279 3046 2535 3100 retribuet
2568 3045 2857 3099 Dominus?
2883 3046 2963 3100 οι)
2999 3045 3324 3100 alacritatem
3346 3056 3489 3100 tuam
3519 3047 3604 3100 vel
3632 3059 3729 3101 eos

2155 3144 2308 3190 ronat
2331 3176 2348 3203 ,
2380 3136 2461 3190 vel
2493 3135 2828 3191 condemnat.
2860 3135 2929 3190 Et
2973 3137 3110 3190 sicut
3151 3135 3352 3201 honor,
3383 3137 3472 3207 qui
3513 3147 3730 3207 propter

2155 3226 2326 3295 ipsum
2379 3226 2739 3297 impenditur,
2783 3227 3008 3282 multum
3049 3229 3184 3297 parit
3227 3227 3433 3284 ﬁducia:
3474 3230 3729 3300 (propria

2154 3316 2295 3370 enim
2321 3315 2424 3370 sibi
2453 3315 2575 3371 facit
2601 3317 2740 3372 Deus
2765 3332 2882 3386 quas
2909 3318 2962 3371 in
2986 3331 3178 3396 servos
3203 3332 3329 3373 suos
3355 3319 3728 3389 collocantur),

2154 3407 2224 3458 ita
2262 3417 2317 3461 et
2353 3406 2560 3460 illorum
2599 3416 2934 3477 eonwmptus
2954 3409 3174 3462 multam
3192 3420 3233 3462 ‘e
3255 3423 3488 3478 superno
3514 3424 3726 3479 penam

2153 3495 2306 3549 nobis
2329 3495 2548 3551 deferet.
2579 3496 2724 3552 Sicut
2750 3499 2894 3552 enim
2917 3512 3074 3552 suum
3111 3513 3229 3554 esse
3253 3498 3531 3566 honorem,
3558 3501 3629 3555 ita
3669 3510 3724 3555 ct

2151 3595 2510 3656 contemptum
2538 3587 2683 3641 ducit
2716 3607 2733 3642 :
2763 3587 2814 3643 id
2857 3589 2997 3658 quod
3039 3589 3289 3655 scientes,
3316 3605 3598 3659 numquam
3625 3605 3723 3646 ne-

2149 3675 2407 3745 gligemus
2450 3678 2649 3732 cultum
2698 3680 2784 3749 qui
2828 3679 3195 3735 sacerdotibus
3239 3680 3331 3734 Dei
3367 3680 3607 3736 debetur.
3656 3682 3723 3737 Et

2150 3767 2264 3822 haec
2285 3768 2426 3834 dico,
2445 3783 2548 3823 non
2575 3778 2775 3825 tantam
2801 3771 3010 3825 illorum
3031 3773 3287 3827 rationem
3309 3772 3532 3838 habens,
3555 3787 3721 3842 quan-

2149 3865 2256 3911 tam
2283 3869 2473 3914 vestrae
2500 3861 2755 3926 caritatis,
2786 3862 3005 3931 cupiens
3032 3877 3126 3917 vos
3153 3863 3206 3917 in
3231 3863 3478 3917 omnibus
3505 3863 3717 3917 lucrifa-

2146 3962 2288 4004 cere.
2312 3950 2447 4016 Quid
2475 3953 2614 4007 enim
2643 3962 2842 4006 tantum
2872 3953 2967 4008 das
2989 3993 3004 4018 ,
3035 3963 3287 4024 quantum
3327 3955 3524 4025 accipis
3549 3970 3580 4009 a
3609 3957 3716 4010 Do-

2147 4040 2334 4094 mino?
2379 4053 2633 4112 quantum
2675 4053 2850 4099 autem
2905 4045 3103 4099 cultum
3157 4045 3352 4100 alters?
3387 4046 3634 4100 Attamen
3661 4055 3718 4100 et

2147 4144 2246 4198 pro
2271 4131 2360 4185 illo
2389 4132 2500 4196 vili,
2529 4141 2588 4188 et
2608 4134 2695 4202 qui
2723 4135 2775 4187 in
2805 4136 3050 4202 praesenti
3078 4134 3180 4188 vita
3208 4135 3370 4190 simul
3387 4135 3712 4202 dissolvitur,

2145 4221 2469 4276 immortales
2492 4224 2721 4292 accipies
2747 4224 3041 4287 mercedes,
3059 4235 3110 4278 et
3133 4224 3418 4279 ineffabilia
3448 4225 3605 4280 bona.

2163 4351 2166 4354 ~
2213 4316 2271 4369 5.
2307 4314 2432 4369 liu-c
2456 4325 2632 4369 mente
2653 4325 2941 4381 versantes,
2966 4331 3307 4386 properemus
3326 4316 3391 4370 ad
3409 4331 3599 4371 eorum
3619 4317 3716 4371 ob—

2141 4405 2318 4475 sequia
2335 4444 2349 4467 ,
2380 4421 2482 4458 non
2509 4406 2840 4460 attendentes
2878 4417 3168 4475 summum,
3199 4407 3295 4461 sed
3317 4407 3517 4460 lucrum
3544 4416 3598 4461 et
3624 4421 3714 4460 ac-

2139 4495 2460 4561 cessionem,
2485 4510 2604 4564 qua:
2629 4495 2752 4550 inde
2777 4494 3080 4549 nascuntur.
3112 4495 3241 4550 Nam
3267 4496 3310 4549 si
3343 4495 3584 4549 videntes
3609 4496 3714 4551 viri

2138 4585 2361 4654 alicujus
2388 4586 2624 4639 saeculari
2647 4585 2906 4654 dignitate
2946 4587 3164 4655 insignis
3192 4583 3501 4640 familiarem
3521 4625 3536 4650 ,
3578 4601 3712 4654 ope.

2139 4690 2251 4730 ram
2281 4677 2468 4730 damus
2508 4684 2567 4730 ut
2603 4687 2857 4745 quantum
2887 4677 3137 4745 possibile
3164 4672 3245 4731 eet
3286 4677 3361 4730 illi
3400 4685 3714 4745 priestemus

2137 4767 2475 4836 obsequium,
2489 4767 2780 4835 cogitantes
2805 4766 2975 4821 ofﬁcia
3005 4782 3126 4835 quas
3147 4767 3222 4820 illi
3237 4767 3574 4829 exhibentur,
3595 4767 3715 4832 ejus

2137 4856 2352 4909 domino
2375 4855 2653 4920 accedere,
2683 4864 2738 4908 et
2765 4855 2910 4909 iitum
2937 4854 3244 4909 familiarem
3275 4856 3363 4908 ubi
3391 4853 3712 4925 significavit

2139 4956 2358 5016 patrono
2385 4959 2500 5010 suo,
2529 4945 2784 5013 majorem
2815 4945 2964 4999 nobis
2991 4945 3130 5012 apud
3166 4951 3288 4998 eum
3313 4944 3548 4998 favorem
3579 4957 3710 4997 con-

2135 5037 2431 5090 ciliaturum
2458 5049 2578 5090 esse
2609 5051 2622 5087 :
2654 5035 2818 5088 multo
2851 5036 3018 5103 magis
3049 5035 3152 5089 hoc
3186 5035 3288 5088 erit
3323 5032 3461 5102 apud
3490 5034 3706 5086 univer-

2135 5142 2313 5182 sorum
2353 5126 2648 5182 Dominum.
2682 5126 2812 5180 Nam
2838 5127 2880 5179 si
2903 5168 2918 5191 ,
2949 5126 3160 5196 quando
3188 5127 3305 5196 quis
3339 5127 3393 5180 in
3433 5125 3706 5194 vulgarem

2132 5219 2360 5286 aliquem
2387 5226 2440 5271 et
2475 5218 2525 5271 in
2566 5217 2680 5273 l'oro
2716 5217 2978 5285 abiectum
3006 5217 3380 5287 benignitatem
3401 5209 3454 5271 et
3481 5215 3704 5270 commi-

2134 5309 2449 5363 serationem
2494 5309 2720 5377 aliquam
2751 5307 3047 5363 exhibuerit
3071 5349 3086 5374 ,
3125 5308 3378 5362 Dominus
3413 5322 3531 5378 quae
3573 5307 3707 5360 ﬁunt

2133 5399 2231 5453 sibi
2261 5399 2472 5469 propria"
2497 5413 2617 5454 esse
2639 5399 2873 5463 ducens,
2904 5399 3160 5469 promittit
3186 5412 3246 5452 se
3275 5399 3327 5451 in
3371 5411 3590 5466 regnum
3619 5398 3704 5450 inc

2134 5490 2497 5544 troducturum
2527 5503 2621 5543 eos
2648 5489 2735 5558 qui
2777 5489 2972 5558 aliquid
3003 5488 3124 5543 boni
3152 5488 3226 5541 illi
3255 5487 3509 5550 fecerint,
3539 5493 3595 5540 et
3616 5487 3705 5540 di-

2131 5590 2336 5634 cturum
2366 5597 2380 5632 :
2421 5578 2618 5645 Venite,
2642 5577 2888 5633 benedicti
2911 5575 3083 5629 Patris
3110 5579 3208 5632 mei
3228 5620 3243 5644 ,
3265 5579 3387 5648 quia
3412 5577 3592 5630 esuriei
3610 5616 3623 5636 ,
3651 5585 3702 5630 et

2129 5670 2335 5722 dedistis
2351 5669 2477 5722 mihi
2506 5670 2808 5721 manducare
2827 5667 3038 5737 (Matth.
3065 5668 3154 5722 25.
3187 5668 3316 5734 34):
3343 5665 3512 5720 multo
3535 5664 3705 5732 magis

2129 5774 2242 5826 eos,
2271 5761 2358 5828 qui
2387 5770 2601 5830 propter
2623 5760 2785 5813 Deum
2809 5758 3111 5828 afﬂiguntur
3130 5800 3144 5824 ,
3171 5757 3546 5812 ot-sacerdotio
3569 5753 3703 5806 insi-
