  <div class='ocr_page' id='page_1' title='image "/cluster/home/n/w/nwhite01/storage/ocr_20150623/54/mdp.39015078384420/192.png"; bbox 0 0 4146 6260; ppageno 0'>
   <div class='ocr_carea' id='block_1_1' title="bbox 433 277 545 333">
    <p class='ocr_par' dir='ltr' id='par_1_1' title="bbox 433 277 545 333">
     <span class='ocr_line' id='line_1_1' title="bbox 433 277 545 333; baseline -0.009 0"><span class='ocrx_word' id='word_1_1' title='bbox 433 277 545 333; x_wconf 68' lang='grc' dir='ltr'><strong>θθδ</strong></span> 
     </span>
    </p>
   </div>
   <div class='ocr_carea' id='block_1_2' title="bbox 443 391 2030 468">
    <p class='ocr_par' dir='ltr' id='par_1_2' title="bbox 443 391 2030 468">
     <span class='ocr_line' id='line_1_2' title="bbox 443 391 2030 468; baseline -0.003 -21"><span class='ocrx_word' id='word_1_2' title='bbox 443 408 564 447; x_wconf 78' lang='grc' dir='ltr'><strong>πον.</strong></span> <span class='ocrx_word' id='word_1_3' title='bbox 599 393 706 447; x_wconf 86' lang='lat' dir='ltr'><strong>Kal</strong></span> <span class='ocrx_word' id='word_1_4' title='bbox 737 394 913 467; x_wconf 87' lang='grc' dir='ltr'><strong>πάσης</strong></span> <span class='ocrx_word' id='word_1_5' title='bbox 937 397 1035 468; x_wconf 85' lang='grc' dir='ltr'><strong>τῆς</strong></span> <span class='ocrx_word' id='word_1_6' title='bbox 1067 399 1344 468; x_wconf 73' lang='grc' dir='ltr'><strong>Αἰγύπτου</strong></span> <span class='ocrx_word' id='word_1_7' title='bbox 1373 399 1469 453; x_wconf 65' lang='grc' dir='ltr'><strong>καὶ</strong></span> <span class='ocrx_word' id='word_1_8' title='bbox 1490 398 1714 451; x_wconf 79' lang='grc' dir='ltr'><strong>Χαναὰν</strong></span> <span class='ocrx_word' id='word_1_9' title='bbox 1743 391 1888 465; x_wconf 83' lang='grc' dir='ltr'><strong>λιμῷ</strong></span> <span class='ocrx_word' id='word_1_10' title='bbox 1917 391 2030 444; x_wconf 88' lang='grc' dir='ltr'><strong>δια-</strong></span> 
     </span>
    </p>
   </div>
   <div class='ocr_carea' id='block_1_3' title="bbox 442 473 2032 553">
    <p class='ocr_par' dir='ltr' id='par_1_3' title="bbox 442 473 2032 553">
     <span class='ocr_line' id='line_1_3' title="bbox 442 473 2032 553; baseline -0.005 -21"><span class='ocrx_word' id='word_1_11' title='bbox 442 475 822 547; x_wconf 75' lang='grc' dir='ltr'><strong>φθειρομένης,</strong></span> <span class='ocrx_word' id='word_1_12' title='bbox 856 473 1002 534; x_wconf 79' lang='grc' dir='ltr'><strong>οῦτοι</strong></span> <span class='ocrx_word' id='word_1_13' title='bbox 1040 484 1098 535; x_wconf 82' lang='grc' dir='ltr'><strong>ὲν</strong></span> <span class='ocrx_word' id='word_1_14' title='bbox 1131 482 1390 553; x_wconf 77' lang='grc' dir='ltr'>εὐετηρίᾳ</span> <span class='ocrx_word' id='word_1_15' title='bbox 1417 480 1734 549; x_wconf 79' lang='grc' dir='ltr'><strong>ἐτύγχανον,</strong></span> <span class='ocrx_word' id='word_1_16' title='bbox 1779 474 2032 542; x_wconf 84' lang='grc' dir='ltr'><strong>καθάπερ</strong></span> 
     </span>
    </p>
   </div>
   <div class='ocr_carea' id='block_1_4' title="bbox 442 557 2028 637">
    <p class='ocr_par' dir='ltr' id='par_1_4' title="bbox 442 557 2028 637">
     <span class='ocr_line' id='line_1_4' title="bbox 442 557 2028 637; baseline 0.007 -28"><span class='ocrx_word' id='word_1_17' title='bbox 442 559 507 610; x_wconf 80' lang='grc' dir='ltr'><strong>ἐκ</strong></span> <span class='ocrx_word' id='word_1_18' title='bbox 541 560 734 627; x_wconf 83' lang='grc' dir='ltr'><strong>πηγῶν</strong></span> <span class='ocrx_word' id='word_1_19' title='bbox 760 561 975 630; x_wconf 78' lang='grc' dir='ltr'><strong>ἔχοντες</strong></span> <span class='ocrx_word' id='word_1_20' title='bbox 1008 565 1333 637; x_wconf 75' lang='grc' dir='ltr'><strong>ἐπιρρέοντα</strong></span> <span class='ocrx_word' id='word_1_21' title='bbox 1363 565 1456 616; x_wconf 83' lang='grc' dir='ltr'><strong>τὸν</strong></span> <span class='ocrx_word' id='word_1_22' title='bbox 1482 566 1644 616; x_wconf 87' lang='grc' dir='ltr'><strong>σῖτον.</strong></span> <span class='ocrx_word' id='word_1_23' title='bbox 1697 560 1868 625; x_wconf 85' lang='grc' dir='ltr'><strong>Σῐτος</strong></span> <span class='ocrx_word' id='word_1_24' title='bbox 1897 557 2028 626; x_wconf 80' lang='grc' dir='ltr'><strong>γὰρ.</strong></span> 
     </span>
    </p>
   </div>
   <div class='ocr_carea' id='block_1_5' title="bbox 429 641 2030 719">
    <p class='ocr_par' dir='ltr' id='par_1_5' title="bbox 429 641 2030 719">
     <span class='ocr_line' id='line_1_5' title="bbox 429 641 2030 719; baseline 0.005 -28"><span class='ocrx_word' id='word_1_25' title='bbox 429 643 630 708; x_wconf 80' lang='grc' dir='ltr'><strong>-φησὶν,</strong></span> <span class='ocrx_word' id='word_1_26' title='bbox 656 645 773 696; x_wconf 78' lang='grc' dir='ltr'><strong>οὐκ</strong></span> <span class='ocrx_word' id='word_1_27' title='bbox 795 641 878 714; x_wconf 78' lang='grc' dir='ltr'><strong>ἦν</strong></span> <span class='ocrx_word' id='word_1_28' title='bbox 921 647 992 698; x_wconf 85' lang='grc' dir='ltr'><strong>ἐν</strong></span> <span class='ocrx_word' id='word_1_29' title='bbox 1019 652 1189 718; x_wconf 76' lang='grc' dir='ltr'><strong>πάσῃ</strong></span> <span class='ocrx_word' id='word_1_30' title='bbox 1233 647 1308 717; x_wconf 78' lang='grc' dir='ltr'><strong>τῇ</strong></span> <span class='ocrx_word' id='word_1_31' title='bbox 1353 646 1452 719; x_wconf 76' lang='grc' dir='ltr'><strong>τῇ.</strong></span> <span class='ocrx_word' id='word_1_32' title='bbox 1485 647 1816 714; x_wconf 82' lang='grc' dir='ltr'><strong>Ἐνισχυσε</strong></span> <span class='ocrx_word' id='word_1_33' title='bbox 1860 642 1971 710; x_wconf 77' lang='grc' dir='ltr'><strong>γὰρ</strong></span> <span class='ocrx_word' id='word_1_34' title='bbox 1997 641 2030 691; x_wconf 81' lang='grc' dir='ltr'><strong>ό</strong></span> 
     </span>
    </p>
   </div>
   <div class='ocr_carea' id='block_1_6' title="bbox 438 722 2026 799">
    <p class='ocr_par' dir='ltr' id='par_1_6' title="bbox 438 722 2026 799">
     <span class='ocr_line' id='line_1_6' title="bbox 438 722 2026 799; baseline 0.01 -25"><span class='ocrx_word' id='word_1_35' title='bbox 438 722 616 789; x_wconf 73' lang='grc' dir='ltr'><strong>,ιιμὸς</strong></span> <span class='ocrx_word' id='word_1_36' title='bbox 638 726 896 794; x_wconf 76' lang='grc' dir='ltr'><strong>σφόδρα.</strong></span> <span class='ocrx_word' id='word_1_37' title='bbox 926 730 1204 793; x_wconf 77' lang='grc' dir='ltr'><strong>Ἑξέλιπε</strong></span> <span class='ocrx_word' id='word_1_38' title='bbox 1230 732 1300 784; x_wconf 81' lang='grc' dir='ltr'><strong>δὲ</strong></span> <span class='ocrx_word' id='word_1_39' title='bbox 1347 731 1385 798; x_wconf 80' lang='grc' dir='ltr'><strong>ή</strong></span> <span class='ocrx_word' id='word_1_40' title='bbox 1417 729 1494 799; x_wconf 79' lang='grc' dir='ltr'><strong>γῆ</strong></span> <span class='ocrx_word' id='word_1_41' title='bbox 1521 729 1825 798; x_wconf 82' lang='grc' dir='ltr'><strong>Αἰγύπτου</strong></span> <span class='ocrx_word' id='word_1_42' title='bbox 1861 723 2026 790; x_wconf 70' lang='grc' dir='ltr'><strong>καὶῆ</strong></span> 
     </span>
    </p>
   </div>
   <div class='ocr_carea' id='block_1_7' title="bbox 444 803 1990 882">
    <p class='ocr_par' dir='ltr' id='par_1_7' title="bbox 444 803 1990 882">
     <span class='ocr_line' id='line_1_7' title="bbox 444 803 1990 882; baseline 0.006 -23"><span class='ocrx_word' id='word_1_43' title='bbox 444 803 520 874; x_wconf 74' lang='grc' dir='ltr'><strong>γῆ</strong></span> <span class='ocrx_word' id='word_1_44' title='bbox 552 807 792 862; x_wconf 81' lang='grc' dir='ltr'><strong>Χαναὰν</strong></span> <span class='ocrx_word' id='word_1_45' title='bbox 827 809 946 864; x_wconf 81' lang='grc' dir='ltr'><strong>ἀπὸ</strong></span> <span class='ocrx_word' id='word_1_46' title='bbox 969 813 1074 866; x_wconf 87' lang='grc' dir='ltr'><strong>τοῦ</strong></span> <span class='ocrx_word' id='word_1_47' title='bbox 1101 814 1303 882; x_wconf 73' lang='grc' dir='ltr'><strong>λιμοῦ.</strong></span> <span class='ocrx_word' id='word_1_48' title='bbox 1985 849 1990 854; x_wconf 87' lang='grc'><strong>-</strong></span> 
     </span>
    </p>
   </div>
   <div class='ocr_carea' id='block_1_8' title="bbox 511 888 1998 965">
    <p class='ocr_par' dir='ltr' id='par_1_8' title="bbox 511 888 1998 965">
     <span class='ocr_line' id='line_1_8' title="bbox 511 888 1998 965; baseline 0.011 -26"><span class='ocrx_word' id='word_1_49' title='bbox 511 888 726 958; x_wconf 80' lang='grc' dir='ltr'><strong>δ’.”ορα</strong></span> <span class='ocrx_word' id='word_1_50' title='bbox 743 890 838 944; x_wconf 88' lang='grc' dir='ltr'><strong>τοῦ</strong></span> <span class='ocrx_word' id='word_1_51' title='bbox 867 891 1002 946; x_wconf 81' lang='grc' dir='ltr'><strong>Θεοῦ</strong></span> <span class='ocrx_word' id='word_1_52' title='bbox 1026 895 1126 963; x_wconf 81' lang='grc' dir='ltr'><strong>τὴν</strong></span> <span class='ocrx_word' id='word_1_53' title='bbox 1149 896 1356 963; x_wconf 77' lang='grc' dir='ltr'><strong>ἄφατον</strong></span> <span class='ocrx_word' id='word_1_54' title='bbox 1381 892 1726 965; x_wconf 73' lang='grc' dir='ltr'><strong>κηδεμονίαν,</strong></span> <span class='ocrx_word' id='word_1_55' title='bbox 1747 890 1894 951; x_wconf 81' lang='grc' dir='ltr'><strong>ὅπως</strong></span> <span class='ocrx_word' id='word_1_56' title='bbox 1922 904 1998 956; x_wconf 80' lang='grc' dir='ltr'>πρ</span> 
     </span>
    </p>
   </div>
   <div class='ocr_carea' id='block_1_9' title="bbox 441 969 2028 1046">
    <p class='ocr_par' dir='ltr' id='par_1_9' title="bbox 441 969 2028 1046">
     <span class='ocr_line' id='line_1_9' title="bbox 441 969 2028 1046; baseline 0.003 -27"><span class='ocrx_word' id='word_1_57' title='bbox 441 969 542 1036; x_wconf 88' lang='grc' dir='ltr'><strong>τῆς</strong></span> <span class='ocrx_word' id='word_1_58' title='bbox 572 970 878 1036; x_wconf 69' lang='grc' dir='ltr'><strong>ἐπιστάσεως</strong></span> <span class='ocrx_word' id='word_1_59' title='bbox 910 973 1004 1027; x_wconf 89' lang='grc' dir='ltr'><strong>τοῦ</strong></span> <span class='ocrx_word' id='word_1_60' title='bbox 1040 976 1200 1046; x_wconf 89' lang='grc' dir='ltr'><strong>λιμοῦ</strong></span> <span class='ocrx_word' id='word_1_61' title='bbox 1233 977 1325 1031; x_wconf 80' lang='grc' dir='ltr'><strong>τὸν</strong></span> <span class='ocrx_word' id='word_1_62' title='bbox 1361 977 1570 1030; x_wconf 87' lang='grc' dir='ltr'><strong>δίκαιον</strong></span> <span class='ocrx_word' id='word_1_63' title='bbox 1603 977 1685 1038; x_wconf 91' lang='grc' dir='ltr'><strong>εἰς</strong></span> <span class='ocrx_word' id='word_1_64' title='bbox 1728 973 1828 1043; x_wconf 85' lang='grc' dir='ltr'><strong>τὴν</strong></span> <span class='ocrx_word' id='word_1_65' title='bbox 1860 969 2028 1037; x_wconf 80' lang='grc' dir='ltr'><strong>Αἴγυ-</strong></span> 
     </span>
    </p>
   </div>
   <div class='ocr_carea' id='block_1_10' title="bbox 432 1052 2026 1130">
    <p class='ocr_par' dir='ltr' id='par_1_10' title="bbox 432 1052 2026 1130">
     <span class='ocr_line' id='line_1_10' title="bbox 432 1052 2026 1130; baseline 0.013 -29"><span class='ocrx_word' id='word_1_66' title='bbox 432 1063 574 1103; x_wconf 78' lang='grc' dir='ltr'><strong>-πτον</strong></span> <span class='ocrx_word' id='word_1_67' title='bbox 631 1056 959 1124; x_wconf 78' lang='grc' dir='ltr'><strong>κατήγαγεν,</strong></span> <span class='ocrx_word' id='word_1_68' title='bbox 994 1057 1082 1110; x_wconf 83' lang='grc' dir='ltr'><strong>ἴνα</strong></span> <span class='ocrx_word' id='word_1_69' title='bbox 1140 1059 1410 1130; x_wconf 88' lang='grc' dir='ltr'><strong>μηδεμίαν</strong></span> <span class='ocrx_word' id='word_1_70' title='bbox 1459 1058 1716 1126; x_wconf 80' lang='grc' dir='ltr'><strong>αἴσθησιν</strong></span> <span class='ocrx_word' id='word_1_71' title='bbox 1753 1054 1893 1123; x_wconf 82' lang='grc' dir='ltr'><strong>λάϐῃ</strong></span> <span class='ocrx_word' id='word_1_72' title='bbox 1926 1052 2026 1121; x_wconf 73' lang='grc' dir='ltr'><strong>τῆς</strong></span> 
     </span>
    </p>
   </div>
   <div class='ocr_carea' id='block_1_11' title="bbox 443 1133 2026 1212">
    <p class='ocr_par' dir='ltr' id='par_1_11' title="bbox 443 1133 2026 1212">
     <span class='ocr_line' id='line_1_11' title="bbox 443 1133 2026 1212; baseline -0.009 -10"><span class='ocrx_word' id='word_1_73' title='bbox 443 1134 804 1205; x_wconf 78' lang='grc' dir='ltr'><strong>στενοχωρίας</strong></span> <span class='ocrx_word' id='word_1_74' title='bbox 836 1137 936 1208; x_wconf 84' lang='grc' dir='ltr'><strong>τῆς</strong></span> <span class='ocrx_word' id='word_1_75' title='bbox 972 1139 1273 1212; x_wconf 81' lang='grc' dir='ltr'><strong>μελλούσης</strong></span> <span class='ocrx_word' id='word_1_76' title='bbox 1306 1139 1746 1210; x_wconf 84' lang='grc' dir='ltr'><strong>καταλαμϐάνειν</strong></span> <span class='ocrx_word' id='word_1_77' title='bbox 1783 1137 1882 1206; x_wconf 73' lang='grc' dir='ltr'><strong>τὴν</strong></span> <span class='ocrx_word' id='word_1_78' title='bbox 1916 1133 2026 1196; x_wconf 55' lang='lat' dir='ltr'><strong>Xa.</strong></span> 
     </span>
    </p>
   </div>
   <div class='ocr_carea' id='block_1_12' title="bbox 434 1213 2022 1294">
    <p class='ocr_par' dir='ltr' id='par_1_12' title="bbox 434 1213 2022 1294">
     <span class='ocr_line' id='line_1_12' title="bbox 434 1213 2022 1294; baseline 0.011 -31"><span class='ocrx_word' id='word_1_79' title='bbox 434 1213 599 1267; x_wconf 86' lang='grc' dir='ltr'><strong>-ναάν,</strong></span> <span class='ocrx_word' id='word_1_80' title='bbox 636 1216 742 1269; x_wconf 98' lang='lat' dir='ltr'><strong>Kal</strong></span> <span class='ocrx_word' id='word_1_81' title='bbox 776 1218 992 1272; x_wconf 85' lang='grc' dir='ltr'><strong>πάντων</strong></span> <span class='ocrx_word' id='word_1_82' title='bbox 1026 1223 1144 1274; x_wconf 80' lang='grc' dir='ltr'><strong>ἐκεῖ</strong></span> <span class='ocrx_word' id='word_1_83' title='bbox 1177 1224 1642 1294; x_wconf 85' lang='grc' dir='ltr'><strong>κατατρεχόντων,</strong></span> <span class='ocrx_word' id='word_1_84' title='bbox 1692 1218 2022 1288; x_wconf 71' lang='grc' dir='ltr'><strong>Συνήγαγεν</strong></span> 
     </span>
    </p>
   </div>
   <div class='ocr_carea' id='block_1_13' title="bbox 437 1297 2119 1377">
    <p class='ocr_par' dir='ltr' id='par_1_13' title="bbox 437 1297 2119 1377">
     <span class='ocr_line' id='line_1_13' title="bbox 437 1297 2119 1377; baseline -0.015 -2"><span class='ocrx_word' id='word_1_85' title='bbox 437 1297 629 1364; x_wconf 53' lang='grc' dir='ltr'><strong>’φησὶνν</strong></span> <span class='ocrx_word' id='word_1_86' title='bbox 665 1299 892 1370; x_wconf 66' lang='grc' dir='ltr'><em>Ἰωσὴφ</em></span> <span class='ocrx_word' id='word_1_87' title='bbox 921 1301 1086 1357; x_wconf 78' lang='grc' dir='ltr'><strong>ἅπαν</strong></span> <span class='ocrx_word' id='word_1_88' title='bbox 1105 1307 1171 1358; x_wconf 82' lang='grc' dir='ltr'><strong>τὸ</strong></span> <span class='ocrx_word' id='word_1_89' title='bbox 1198 1307 1485 1377; x_wconf 76' lang='grc' dir='ltr'><strong>ἀργύριον</strong></span> <span class='ocrx_word' id='word_1_90' title='bbox 1511 1306 1630 1359; x_wconf 87' lang='grc' dir='ltr'><strong>τῶν</strong></span> <span class='ocrx_word' id='word_1_91' title='bbox 1660 1321 1726 1357; x_wconf 86' lang='grc' dir='ltr'><strong>τε</strong></span> <span class='ocrx_word' id='word_1_92' title='bbox 1749 1305 1820 1356; x_wconf 80' lang='grc' dir='ltr'><strong>ἐν</strong></span> <span class='ocrx_word' id='word_1_93' title='bbox 1851 1301 2025 1370; x_wconf 82' lang='grc' dir='ltr'><strong>Αἰγύ-</strong></span> <span class='ocrx_word' id='word_1_94' title='bbox 2109 1325 2119 1331; x_wconf 93' lang='grc'><strong>-</strong></span> 
     </span>
    </p>
   </div>
   <div class='ocr_carea' id='block_1_14' title="bbox 437 1381 2026 1455">
    <p class='ocr_par' dir='ltr' id='par_1_14' title="bbox 437 1381 2026 1455">
     <span class='ocr_line' id='line_1_14' title="bbox 437 1381 2026 1455; baseline 0.001 -22"><span class='ocrx_word' id='word_1_95' title='bbox 437 1391 570 1446; x_wconf 63' lang='lat' dir='ltr'><strong>mg)</strong></span> <span class='ocrx_word' id='word_1_96' title='bbox 614 1382 711 1434; x_wconf 83' lang='grc' dir='ltr'><strong>καί</strong></span> <span class='ocrx_word' id='word_1_97' title='bbox 751 1381 872 1436; x_wconf 85' lang='grc' dir='ltr'><strong>τῶν</strong></span> <span class='ocrx_word' id='word_1_98' title='bbox 901 1384 974 1440; x_wconf 83' lang='grc' dir='ltr'><strong>ἐν</strong></span> <span class='ocrx_word' id='word_1_99' title='bbox 1011 1385 1086 1455; x_wconf 76' lang='grc' dir='ltr'><strong>τῇ</strong></span> <span class='ocrx_word' id='word_1_100' title='bbox 1108 1387 1370 1454; x_wconf 78' lang='grc' dir='ltr'><strong>Χαναὰν,</strong></span> <span class='ocrx_word' id='word_1_101' title='bbox 1399 1387 1497 1442; x_wconf 78' lang='grc' dir='ltr'><strong>καί</strong></span> <span class='ocrx_word' id='word_1_102' title='bbox 1539 1389 1694 1442; x_wconf 82' lang='grc' dir='ltr'><strong>οὕτω</strong></span> <span class='ocrx_word' id='word_1_103' title='bbox 1714 1385 1822 1440; x_wconf 90' lang='grc' dir='ltr'><strong>τὸν</strong></span> <span class='ocrx_word' id='word_1_104' title='bbox 1851 1384 2026 1436; x_wconf 86' lang='grc' dir='ltr'><strong>σῖτον</strong></span> 
     </span>
    </p>
   </div>
   <div class='ocr_carea' id='block_1_15' title="bbox 439 1461 2020 1536">
    <p class='ocr_par' dir='ltr' id='par_1_15' title="bbox 439 1461 2020 1536">
     <span class='ocr_line' id='line_1_15' title="bbox 439 1461 2020 1536; baseline 0.004 -24"><span class='ocrx_word' id='word_1_105' title='bbox 439 1461 648 1527; x_wconf 76' lang='grc' dir='ltr'><strong>αὐτοῖς</strong></span> <span class='ocrx_word' id='word_1_106' title='bbox 669 1463 964 1536; x_wconf 75' lang='grc' dir='ltr'><strong>ἐχορήγει.</strong></span> <span class='ocrx_word' id='word_1_107' title='bbox 992 1471 1101 1526; x_wconf 82' lang='grc' dir='ltr'><strong>Καί</strong></span> <span class='ocrx_word' id='word_1_108' title='bbox 1131 1469 1372 1534; x_wconf 74' lang='grc' dir='ltr'><strong>ἐξέλιπε</strong></span> <span class='ocrx_word' id='word_1_109' title='bbox 1398 1469 1617 1524; x_wconf 75' lang='grc' dir='ltr'><strong>λοιπὸν</strong></span> <span class='ocrx_word' id='word_1_110' title='bbox 1631 1469 1699 1523; x_wconf 84' lang='grc' dir='ltr'><strong>τὸ</strong></span> <span class='ocrx_word' id='word_1_111' title='bbox 1716 1468 2020 1536; x_wconf 81' lang='grc' dir='ltr'><strong>ἀργύριον.</strong></span> 
     </span>
    </p>
   </div>
   <div class='ocr_carea' id='block_1_16' title="bbox 438 1545 2022 1626">
    <p class='ocr_par' dir='ltr' id='par_1_16' title="bbox 438 1545 2022 1626">
     <span class='ocr_line' id='line_1_16' title="bbox 438 1545 2022 1626; baseline -0.006 -14"><span class='ocrx_word' id='word_1_112' title='bbox 438 1545 741 1615; x_wconf 65' lang='grc' dir='ltr'><strong>Εισήγπκγε</strong></span> <span class='ocrx_word' id='word_1_113' title='bbox 767 1549 877 1626; x_wconf 73' lang='grc' dir='ltr'><strong>γάρ</strong></span> <span class='ocrx_word' id='word_1_114' title='bbox 898 1550 1065 1606; x_wconf 83' lang='grc' dir='ltr'><strong>ἅπαν</strong></span> <span class='ocrx_word' id='word_1_115' title='bbox 1089 1555 1178 1618; x_wconf 84' lang='grc' dir='ltr'><strong>εἰς</strong></span> <span class='ocrx_word' id='word_1_116' title='bbox 1204 1553 1312 1607; x_wconf 88' lang='grc' dir='ltr'><strong>τὸν</strong></span> <span class='ocrx_word' id='word_1_117' title='bbox 1332 1549 1503 1607; x_wconf 82' lang='grc' dir='ltr'><strong>οἷκον</strong></span> <span class='ocrx_word' id='word_1_118' title='bbox 1521 1551 1749 1622; x_wconf 73' lang='grc' dir='ltr'><strong>Φαραὼ.</strong></span> <span class='ocrx_word' id='word_1_119' title='bbox 1780 1550 2022 1605; x_wconf 74' lang='grc' dir='ltr'><strong>Ἐλθόν-</strong></span> 
     </span>
    </p>
   </div>
   <div class='ocr_carea' id='block_1_17' title="bbox 436 1627 2025 1706">
    <p class='ocr_par' dir='ltr' id='par_1_17' title="bbox 436 1627 2025 1706">
     <span class='ocr_line' id='line_1_17' title="bbox 436 1627 2025 1706; baseline -0.004 -13"><span class='ocrx_word' id='word_1_120' title='bbox 436 1639 539 1692; x_wconf 75' lang='grc' dir='ltr'><strong>τες</strong></span> <span class='ocrx_word' id='word_1_121' title='bbox 581 1627 650 1681; x_wconf 74' lang='grc' dir='ltr'><strong>δὲ</strong></span> <span class='ocrx_word' id='word_1_122' title='bbox 679 1629 903 1698; x_wconf 80' lang='grc' dir='ltr'><strong>πάντες</strong></span> <span class='ocrx_word' id='word_1_123' title='bbox 960 1636 1016 1687; x_wconf 78' lang='grc' dir='ltr'><em>οι</em></span> <span class='ocrx_word' id='word_1_124' title='bbox 1052 1635 1379 1704; x_wconf 40' lang='grc' dir='ltr'><strong>Ἀἰγύπτιοι</strong></span> <span class='ocrx_word' id='word_1_125' title='bbox 1429 1636 1646 1706; x_wconf 71' lang='grc' dir='ltr'><strong>ἔλεγον</strong></span> <span class='ocrx_word' id='word_1_126' title='bbox 1663 1651 1679 1666; x_wconf 79' lang='grc' dir='ltr'><strong>ο</strong></span> <span class='ocrx_word' id='word_1_127' title='bbox 1731 1633 1846 1700; x_wconf 87' lang='grc' dir='ltr'><strong>Δὸς</strong></span> <span class='ocrx_word' id='word_1_128' title='bbox 1878 1631 2025 1702; x_wconf 75' lang='grc' dir='ltr'><strong>ἡμῖν</strong></span> 
     </span>
    </p>
   </div>
   <div class='ocr_carea' id='block_1_18' title="bbox 437 1706 2022 1788">
    <p class='ocr_par' dir='ltr' id='par_1_18' title="bbox 437 1706 2022 1788">
     <span class='ocr_line' id='line_1_18' title="bbox 437 1706 2022 1788; baseline 0.006 -28"><span class='ocrx_word' id='word_1_129' title='bbox 437 1706 684 1776; x_wconf 79' lang='grc' dir='ltr'><strong>ἄρτουςο</strong></span> <span class='ocrx_word' id='word_1_130' title='bbox 721 1713 820 1766; x_wconf 86' lang='grc' dir='ltr'><strong>καί</strong></span> <span class='ocrx_word' id='word_1_131' title='bbox 848 1715 950 1769; x_wconf 75' lang='grc' dir='ltr'><strong>ἵνα</strong></span> <span class='ocrx_word' id='word_1_132' title='bbox 972 1716 1032 1770; x_wconf 83' lang='grc' dir='ltr'><strong>τί</strong></span> <span class='ocrx_word' id='word_1_133' title='bbox 1052 1717 1524 1788; x_wconf 77' lang='grc' dir='ltr'><strong>ἀποθνήσκομεν</strong></span> <span class='ocrx_word' id='word_1_134' title='bbox 1558 1718 1839 1773; x_wconf 82' lang='grc' dir='ltr'><strong>ἐναντίον</strong></span> <span class='ocrx_word' id='word_1_135' title='bbox 1868 1729 2022 1778; x_wconf 87' lang='grc' dir='ltr'><strong>σου;</strong></span> 
     </span>
    </p>
   </div>
   <div class='ocr_carea' id='block_1_19' title="bbox 438 1791 2022 1871">
    <p class='ocr_par' dir='ltr' id='par_1_19' title="bbox 438 1791 2022 1871">
     <span class='ocr_line' id='line_1_19' title="bbox 438 1791 2022 1871; baseline 0.004 -25"><span class='ocrx_word' id='word_1_136' title='bbox 438 1791 708 1857; x_wconf 73' lang='grc' dir='ltr'><strong>Ἐξέλιπε</strong></span> <span class='ocrx_word' id='word_1_137' title='bbox 734 1796 845 1865; x_wconf 86' lang='grc' dir='ltr'><strong>γὰρ</strong></span> <span class='ocrx_word' id='word_1_138' title='bbox 879 1798 947 1852; x_wconf 85' lang='grc' dir='ltr'><strong>τὸ</strong></span> <span class='ocrx_word' id='word_1_139' title='bbox 969 1800 1273 1870; x_wconf 79' lang='grc' dir='ltr'><strong>ἀργύριον.</strong></span> <span class='ocrx_word' id='word_1_140' title='bbox 1326 1803 1441 1855; x_wconf 83' lang='grc' dir='ltr'><strong>Οὐκ</strong></span> <span class='ocrx_word' id='word_1_141' title='bbox 1481 1801 1582 1864; x_wconf 77' lang='grc' dir='ltr'><strong>ἔτι,</strong></span> <span class='ocrx_word' id='word_1_142' title='bbox 1610 1799 1797 1871; x_wconf 78' lang='grc' dir='ltr'><strong>φησὶν,</strong></span> <span class='ocrx_word' id='word_1_143' title='bbox 1827 1799 2022 1868; x_wconf 77' lang='grc' dir='ltr'><strong>ἔχομεν</strong></span> 
     </span>
    </p>
   </div>
   <div class='ocr_carea' id='block_1_20' title="bbox 436 1873 2020 1954">
    <p class='ocr_par' dir='ltr' id='par_1_20' title="bbox 436 1873 2020 1954">
     <span class='ocr_line' id='line_1_20' title="bbox 436 1873 2020 1954; baseline -0.001 -22"><span class='ocrx_word' id='word_1_144' title='bbox 436 1873 696 1946; x_wconf 80' lang='grc' dir='ltr'><strong>ἀργύρια,</strong></span> <span class='ocrx_word' id='word_1_145' title='bbox 754 1877 896 1934; x_wconf 84' lang='grc' dir='ltr'><strong>ὥστε</strong></span> <span class='ocrx_word' id='word_1_146' title='bbox 947 1881 1285 1954; x_wconf 76' lang='grc' dir='ltr'><strong>ὠνήσασθαι,</strong></span> <span class='ocrx_word' id='word_1_147' title='bbox 1317 1884 1413 1937; x_wconf 75' lang='grc' dir='ltr'><strong>καὶ</strong></span> <span class='ocrx_word' id='word_1_148' title='bbox 1464 1883 1554 1937; x_wconf 89' lang='grc' dir='ltr'><strong>διά</strong></span> <span class='ocrx_word' id='word_1_149' title='bbox 1584 1882 1742 1936; x_wconf 90' lang='grc' dir='ltr'><strong>τοῦτο</strong></span> <span class='ocrx_word' id='word_1_150' title='bbox 1780 1881 1885 1935; x_wconf 80' lang='grc' dir='ltr'><strong>ὑπὸ</strong></span> <span class='ocrx_word' id='word_1_151' title='bbox 1925 1879 2020 1932; x_wconf 89' lang='grc' dir='ltr'><strong>τοῦ</strong></span> 
     </span>
    </p>
   </div>
   <div class='ocr_carea' id='block_1_21' title="bbox 437 1954 2018 2040">
    <p class='ocr_par' dir='ltr' id='par_1_21' title="bbox 437 1954 2018 2040">
     <span class='ocr_line' id='line_1_21' title="bbox 437 1954 2018 2040; baseline 0.006 -34"><span class='ocrx_word' id='word_1_152' title='bbox 437 1954 596 2040; x_wconf 69' lang='grc' dir='ltr'><strong>λιμοῦ</strong></span> <span class='ocrx_word' id='word_1_153' title='bbox 626 1961 996 2034; x_wconf 86' lang='grc' dir='ltr'><strong>ἀπολλύμεθα.</strong></span> <span class='ocrx_word' id='word_1_154' title='bbox 1026 1965 1117 2040; x_wconf 75' lang='grc' dir='ltr'><strong>Μὴ</strong></span> <span class='ocrx_word' id='word_1_155' title='bbox 1149 1965 1331 2019; x_wconf 77' lang='grc' dir='ltr'><strong>τοίνυν</strong></span> <span class='ocrx_word' id='word_1_156' title='bbox 1357 1966 1604 2037; x_wconf 78' lang='grc' dir='ltr'><strong>περιίδῃς</strong></span> <span class='ocrx_word' id='word_1_157' title='bbox 1623 1966 1769 2035; x_wconf 75' lang='grc' dir='ltr'><strong>ἡμᾶς</strong></span> <span class='ocrx_word' id='word_1_158' title='bbox 1795 1962 1900 2016; x_wconf 85' lang='grc' dir='ltr'><strong>ὑπὸ</strong></span> <span class='ocrx_word' id='word_1_159' title='bbox 1923 1962 2018 2015; x_wconf 87' lang='grc' dir='ltr'><strong>τοῦ</strong></span> 
     </span>
    </p>
   </div>
   <div class='ocr_carea' id='block_1_22' title="bbox 435 2035 2018 2119">
    <p class='ocr_par' dir='ltr' id='par_1_22' title="bbox 435 2035 2018 2119">
     <span class='ocr_line' id='line_1_22' title="bbox 435 2035 2018 2119; baseline 0.007 -30"><span class='ocrx_word' id='word_1_160' title='bbox 435 2035 668 2119; x_wconf 84' lang='grc' dir='ltr'><strong>θανάτου</strong></span> <span class='ocrx_word' id='word_1_161' title='bbox 713 2035 1228 2116; x_wconf 80' lang='grc' dir='ltr'><strong>πολιορκουμένους,</strong></span> <span class='ocrx_word' id='word_1_162' title='bbox 1280 2047 1416 2101; x_wconf 85' lang='grc' dir='ltr'><strong>ἀλλά</strong></span> <span class='ocrx_word' id='word_1_163' title='bbox 1429 2035 1728 2118; x_wconf 76' lang='grc' dir='ltr'><strong>παράσχου</strong></span> <span class='ocrx_word' id='word_1_164' title='bbox 1764 2048 1896 2116; x_wconf 85' lang='grc' dir='ltr'><strong>ήμίν</strong></span> <span class='ocrx_word' id='word_1_165' title='bbox 1920 2047 2018 2116; x_wconf 73' lang='grc' dir='ltr'><strong>ἆρ-</strong></span> 
     </span>
    </p>
   </div>
   <div class='ocr_carea' id='block_1_23' title="bbox 432 2124 2018 2200">
    <p class='ocr_par' dir='ltr' id='par_1_23' title="bbox 432 2124 2018 2200">
     <span class='ocr_line' id='line_1_23' title="bbox 432 2124 2018 2200; baseline 0.002 -23"><span class='ocrx_word' id='word_1_166' title='bbox 432 2135 579 2185; x_wconf 74' lang='grc' dir='ltr'><strong>τους,</strong></span> <span class='ocrx_word' id='word_1_167' title='bbox 616 2124 703 2177; x_wconf 72' lang='grc' dir='ltr'><strong>ἵνα</strong></span> <span class='ocrx_word' id='word_1_168' title='bbox 729 2126 912 2197; x_wconf 79' lang='grc' dir='ltr'><strong>ζῶμεν</strong></span> <span class='ocrx_word' id='word_1_169' title='bbox 944 2129 1038 2180; x_wconf 82' lang='grc' dir='ltr'><strong>καί</strong></span> <span class='ocrx_word' id='word_1_170' title='bbox 1070 2129 1145 2198; x_wconf 87' lang='grc' dir='ltr'><strong>μὴ</strong></span> <span class='ocrx_word' id='word_1_171' title='bbox 1185 2128 1567 2200; x_wconf 88' lang='grc' dir='ltr'><strong>ἀποθάνωμεν.</strong></span> <span class='ocrx_word' id='word_1_172' title='bbox 1614 2126 1764 2183; x_wconf 60' lang='lat' dir='ltr'><strong>Ehe</strong></span> <span class='ocrx_word' id='word_1_173' title='bbox 1807 2128 1875 2181; x_wconf 84' lang='grc' dir='ltr'><strong>δὲ</strong></span> <span class='ocrx_word' id='word_1_174' title='bbox 1913 2129 2018 2181; x_wconf 84' lang='grc' dir='ltr'><strong>αὐ-</strong></span> 
     </span>
    </p>
   </div>
   <div class='ocr_carea' id='block_1_24' title="bbox 432 2203 2018 2280">
    <p class='ocr_par' dir='ltr' id='par_1_24' title="bbox 432 2203 2018 2280">
     <span class='ocr_line' id='line_1_24' title="bbox 432 2203 2018 2280; baseline -0.001 -24"><span class='ocrx_word' id='word_1_175' title='bbox 432 2203 558 2278; x_wconf 83' lang='grc' dir='ltr'><strong>τοῖς</strong></span> <span class='ocrx_word' id='word_1_176' title='bbox 583 2203 804 2276; x_wconf 77' lang='grc' dir='ltr'><strong>Ἰωσήφ</strong></span> <span class='ocrx_word' id='word_1_177' title='bbox 824 2225 838 2238; x_wconf 74' lang='grc' dir='ltr'><strong>ο</strong></span> <span class='ocrx_word' id='word_1_178' title='bbox 897 2210 1110 2276; x_wconf 77' lang='grc' dir='ltr'><strong>Φέρε-τε</strong></span> <span class='ocrx_word' id='word_1_179' title='bbox 1143 2209 1215 2262; x_wconf 85' lang='grc' dir='ltr'><strong>τὰ</strong></span> <span class='ocrx_word' id='word_1_180' title='bbox 1260 2210 1451 2279; x_wconf 83' lang='grc' dir='ltr'><strong>κτήνη</strong></span> <span class='ocrx_word' id='word_1_181' title='bbox 1479 2210 1668 2280; x_wconf 76' lang='grc' dir='ltr'><strong>ὑμῶν,</strong></span> <span class='ocrx_word' id='word_1_182' title='bbox 1715 2210 1816 2265; x_wconf 75' lang='grc' dir='ltr'><strong>καὶ</strong></span> <span class='ocrx_word' id='word_1_183' title='bbox 1847 2208 2018 2263; x_wconf 78' lang='grc' dir='ltr'><strong>δώσω</strong></span> 
     </span>
    </p>
   </div>
   <div class='ocr_carea' id='block_1_25' title="bbox 432 2287 2014 2367">
    <p class='ocr_par' dir='ltr' id='par_1_25' title="bbox 432 2287 2014 2367">
     <span class='ocr_line' id='line_1_25' title="bbox 432 2287 2014 2367; baseline 0.005 -29"><span class='ocrx_word' id='word_1_184' title='bbox 432 2287 576 2354; x_wconf 82' lang='grc' dir='ltr'><strong>ὑμῖν</strong></span> <span class='ocrx_word' id='word_1_185' title='bbox 601 2289 838 2356; x_wconf 76' lang='grc' dir='ltr'><strong>ἄρτους.</strong></span> <span class='ocrx_word' id='word_1_186' title='bbox 871 2293 933 2345; x_wconf 87' lang='grc' dir='ltr'><strong>Εἰ</strong></span> <span class='ocrx_word' id='word_1_187' title='bbox 955 2291 1062 2362; x_wconf 84' lang='grc' dir='ltr'><strong>γάρ</strong></span> <span class='ocrx_word' id='word_1_188' title='bbox 1081 2293 1156 2365; x_wconf 79' lang='grc' dir='ltr'><strong>μὴ</strong></span> <span class='ocrx_word' id='word_1_189' title='bbox 1187 2295 1494 2366; x_wconf 88' lang='grc' dir='ltr'><strong>εὐπορεῖτε,</strong></span> <span class='ocrx_word' id='word_1_190' title='bbox 1515 2297 1698 2367; x_wconf 72' lang='grc' dir='ltr'><strong>φησὶν,</strong></span> <span class='ocrx_word' id='word_1_191' title='bbox 1729 2295 2014 2367; x_wconf 81' lang='grc' dir='ltr'><strong>ἀργυρίου,</strong></span> 
     </span>
    </p>
   </div>
   <div class='ocr_carea' id='block_1_26' title="bbox 431 2367 2014 2448">
    <p class='ocr_par' dir='ltr' id='par_1_26' title="bbox 431 2367 2014 2448">
     <span class='ocr_line' id='line_1_26' title="bbox 431 2367 2014 2448; baseline 0.007 -29"><span class='ocrx_word' id='word_1_192' title='bbox 431 2367 662 2439; x_wconf 86' lang='grc' dir='ltr'><strong>δέχομαι</strong></span> <span class='ocrx_word' id='word_1_193' title='bbox 689 2372 757 2424; x_wconf 76' lang='grc' dir='ltr'><strong>τά</strong></span> <span class='ocrx_word' id='word_1_194' title='bbox 777 2374 972 2445; x_wconf 81' lang='grc' dir='ltr'><strong>κτήνη.</strong></span> <span class='ocrx_word' id='word_1_195' title='bbox 991 2375 1054 2428; x_wconf 87' lang='grc' dir='ltr'><strong>Εἰ</strong></span> <span class='ocrx_word' id='word_1_196' title='bbox 1070 2375 1311 2440; x_wconf 78' lang='grc' dir='ltr'><strong>ἐξέλιπε</strong></span> <span class='ocrx_word' id='word_1_197' title='bbox 1337 2379 1402 2430; x_wconf 84' lang='grc' dir='ltr'><strong>τὸ</strong></span> <span class='ocrx_word' id='word_1_198' title='bbox 1430 2378 1734 2448; x_wconf 81' lang='grc' dir='ltr'><strong>ἀργύριον,</strong></span> <span class='ocrx_word' id='word_1_199' title='bbox 1757 2375 1933 2445; x_wconf 81' lang='grc' dir='ltr'><strong>τάθρέ</strong></span> <span class='ocrx_word' id='word_1_200' title='bbox 1943 2393 2014 2447; x_wconf 87' lang='grc' dir='ltr'><strong>μ-</strong></span> 
     </span>
    </p>
   </div>
   <div class='ocr_carea' id='block_1_27' title="bbox 435 2453 2017 2531">
    <p class='ocr_par' dir='ltr' id='par_1_27' title="bbox 435 2453 2017 2531">
     <span class='ocr_line' id='line_1_27' title="bbox 435 2453 2017 2531; baseline 0.011 -30"><span class='ocrx_word' id='word_1_201' title='bbox 435 2466 584 2520; x_wconf 85' lang='grc' dir='ltr'><strong>ματα</strong></span> <span class='ocrx_word' id='word_1_202' title='bbox 617 2453 1080 2526; x_wconf 79' lang='grc' dir='ltr'><strong>ὑμῶν-κομίσατε,</strong></span> <span class='ocrx_word' id='word_1_203' title='bbox 1110 2459 1204 2511; x_wconf 75' lang='grc' dir='ltr'><strong>καὶ</strong></span> <span class='ocrx_word' id='word_1_204' title='bbox 1232 2459 1466 2530; x_wconf 79' lang='grc' dir='ltr'><strong>λήψεσθε</strong></span> <span class='ocrx_word' id='word_1_205' title='bbox 1493 2461 1713 2531; x_wconf 80' lang='grc' dir='ltr'><strong>ἄρτους.</strong></span> <span class='ocrx_word' id='word_1_206' title='bbox 1752 2462 2017 2529; x_wconf 62' lang='grc' dir='ltr'><strong>Ἥγανον</strong></span> 
     </span>
    </p>
   </div>
   <div class='ocr_carea' id='block_1_28' title="bbox 431 2533 2013 2609">
    <p class='ocr_par' dir='ltr' id='par_1_28' title="bbox 431 2533 2013 2609">
     <span class='ocr_line' id='line_1_28' title="bbox 431 2533 2013 2609; baseline 0.005 -23"><span class='ocrx_word' id='word_1_207' title='bbox 431 2533 502 2586; x_wconf 74' lang='grc' dir='ltr'><strong>δὲ</strong></span> <span class='ocrx_word' id='word_1_208' title='bbox 549 2537 624 2590; x_wconf 85' lang='grc' dir='ltr'><strong>τὰ</strong></span> <span class='ocrx_word' id='word_1_209' title='bbox 653 2536 874 2607; x_wconf 66' lang='grc' dir='ltr'><strong>κτήνη,</strong></span> <span class='ocrx_word' id='word_1_210' title='bbox 903 2542 1002 2594; x_wconf 84' lang='grc' dir='ltr'><strong>καί</strong></span> <span class='ocrx_word' id='word_1_211' title='bbox 1035 2542 1260 2596; x_wconf 74' lang='grc' dir='ltr'><strong>ἔδωκεν</strong></span> <span class='ocrx_word' id='word_1_212' title='bbox 1286 2543 1492 2609; x_wconf 82' lang='grc' dir='ltr'><strong>αὐτοῖς</strong></span> <span class='ocrx_word' id='word_1_213' title='bbox 1525 2554 1552 2584; x_wconf 80' lang='grc' dir='ltr'>ι</span> <span class='ocrx_word' id='word_1_214' title='bbox 1597 2543 1732 2598; x_wconf 78' lang='grc' dir='ltr'><strong>ἀντὶ</strong></span> <span class='ocrx_word' id='word_1_215' title='bbox 1774 2542 1896 2596; x_wconf 86' lang='grc' dir='ltr'><strong>τῶν</strong></span> <span class='ocrx_word' id='word_1_216' title='bbox 1917 2543 2013 2594; x_wconf 79' lang='grc' dir='ltr'><strong>τπ-</strong></span> 
     </span>
    </p>
   </div>
   <div class='ocr_carea' id='block_1_29' title="bbox 429 2620 2015 2692">
    <p class='ocr_par' dir='ltr' id='par_1_29' title="bbox 429 2620 2015 2692">
     <span class='ocr_line' id='line_1_29' title="bbox 429 2620 2015 2692; baseline 0.004 -19"><span class='ocrx_word' id='word_1_217' title='bbox 429 2631 562 2669; x_wconf 75' lang='grc' dir='ltr'><strong>πων</strong></span> <span class='ocrx_word' id='word_1_218' title='bbox 581 2655 598 2680; x_wconf 86' lang='grc'><strong>,</strong></span> <span class='ocrx_word' id='word_1_219' title='bbox 624 2620 724 2673; x_wconf 81' lang='grc' dir='ltr'><strong>καί</strong></span> <span class='ocrx_word' id='word_1_220' title='bbox 760 2621 896 2676; x_wconf 77' lang='grc' dir='ltr'><strong>ἀντὶ</strong></span> <span class='ocrx_word' id='word_1_221' title='bbox 919 2621 1041 2677; x_wconf 86' lang='grc' dir='ltr'><strong>τῶν</strong></span> <span class='ocrx_word' id='word_1_222' title='bbox 1069 2623 1398 2692; x_wconf 76' lang='grc' dir='ltr'><strong>προϐάτων,</strong></span> <span class='ocrx_word' id='word_1_223' title='bbox 1423 2627 1521 2680; x_wconf 81' lang='grc' dir='ltr'><strong>καί</strong></span> <span class='ocrx_word' id='word_1_224' title='bbox 1546 2626 1681 2681; x_wconf 76' lang='grc' dir='ltr'><strong>ἀντὶ</strong></span> <span class='ocrx_word' id='word_1_225' title='bbox 1699 2625 1820 2680; x_wconf 86' lang='grc' dir='ltr'><strong>τῶν</strong></span> <span class='ocrx_word' id='word_1_226' title='bbox 1844 2625 2015 2691; x_wconf 79' lang='grc' dir='ltr'><strong>,βοῶν</strong></span> 
     </span>
    </p>
   </div>
   <div class='ocr_carea' id='block_1_30' title="bbox 428 2699 2013 2778">
    <p class='ocr_par' dir='ltr' id='par_1_30' title="bbox 428 2699 2013 2778">
     <span class='ocr_line' id='line_1_30' title="bbox 428 2699 2013 2778; baseline 0.006 -26"><span class='ocrx_word' id='word_1_227' title='bbox 428 2699 529 2752; x_wconf 77' lang='grc' dir='ltr'><strong>καί</strong></span> <span class='ocrx_word' id='word_1_228' title='bbox 560 2701 680 2758; x_wconf 75' lang='grc' dir='ltr'><strong>τῶν</strong></span> <span class='ocrx_word' id='word_1_229' title='bbox 723 2703 898 2769; x_wconf 81' lang='grc' dir='ltr'><strong>ὄνων,</strong></span> <span class='ocrx_word' id='word_1_230' title='bbox 943 2707 1043 2760; x_wconf 79' lang='grc' dir='ltr'><strong>καί</strong></span> <span class='ocrx_word' id='word_1_231' title='bbox 1099 2707 1427 2778; x_wconf 70' lang='grc' dir='ltr'><strong>ἐξέθρεψεν</strong></span> <span class='ocrx_word' id='word_1_232' title='bbox 1448 2710 1674 2776; x_wconf 86' lang='grc' dir='ltr'><strong>αὐτοὺς</strong></span> <span class='ocrx_word' id='word_1_233' title='bbox 1710 2710 1846 2764; x_wconf 75' lang='grc' dir='ltr'><strong>ἀντὶ</strong></span> <span class='ocrx_word' id='word_1_234' title='bbox 1893 2708 2013 2762; x_wconf 85' lang='grc' dir='ltr'><strong>τῶν</strong></span> 
     </span>
    </p>
   </div>
   <div class='ocr_carea' id='block_1_31' title="bbox 427 2781 2013 2858">
    <p class='ocr_par' dir='ltr' id='par_1_31' title="bbox 427 2781 2013 2858">
     <span class='ocr_line' id='line_1_31' title="bbox 427 2781 2013 2858; baseline 0.006 -23"><span class='ocrx_word' id='word_1_235' title='bbox 427 2781 666 2850; x_wconf 80' lang='grc' dir='ltr'><strong>κτηνῶν</strong></span> <span class='ocrx_word' id='word_1_236' title='bbox 685 2785 907 2844; x_wconf 85' lang='grc' dir='ltr'><strong>αὐτῶν.</strong></span> <span class='ocrx_word' id='word_1_237' title='bbox 923 2783 1155 2844; x_wconf 69' lang='grc' dir='ltr'><strong>Ἦλθον</strong></span> <span class='ocrx_word' id='word_1_238' title='bbox 1177 2789 1245 2844; x_wconf 79' lang='grc' dir='ltr'><strong>δὲ</strong></span> <span class='ocrx_word' id='word_1_239' title='bbox 1274 2791 1425 2858; x_wconf 79' lang='grc' dir='ltr'><strong>πρὸς</strong></span> <span class='ocrx_word' id='word_1_240' title='bbox 1447 2792 1637 2846; x_wconf 81' lang='grc' dir='ltr'><strong>αὐτὸν</strong></span> <span class='ocrx_word' id='word_1_241' title='bbox 1665 2793 1765 2847; x_wconf 84' lang='grc' dir='ltr'><strong>καί</strong></span> <span class='ocrx_word' id='word_1_242' title='bbox 1786 2792 1868 2858; x_wconf 84' lang='grc' dir='ltr'><strong>τῷ</strong></span> <span class='ocrx_word' id='word_1_243' title='bbox 1893 2793 2013 2846; x_wconf 71' lang='grc' dir='ltr'><strong>ἔτει</strong></span> 
     </span>
    </p>
   </div>
   <div class='ocr_carea' id='block_1_32' title="bbox 426 2863 2009 2944">
    <p class='ocr_par' dir='ltr' id='par_1_32' title="bbox 426 2863 2009 2944">
     <span class='ocr_line' id='line_1_32' title="bbox 426 2863 2009 2944; baseline 0.008 -26"><span class='ocrx_word' id='word_1_244' title='bbox 426 2863 508 2930; x_wconf 83' lang='grc' dir='ltr'><strong>τῷ</strong></span> <span class='ocrx_word' id='word_1_245' title='bbox 531 2865 809 2936; x_wconf 77' lang='grc' dir='ltr'><strong>δευτέρῳ,</strong></span> <span class='ocrx_word' id='word_1_246' title='bbox 839 2871 940 2924; x_wconf 86' lang='grc' dir='ltr'><strong>καί</strong></span> <span class='ocrx_word' id='word_1_247' title='bbox 961 2867 1135 2925; x_wconf 80' lang='grc' dir='ltr'><strong>εἷπον</strong></span> <span class='ocrx_word' id='word_1_248' title='bbox 1154 2872 1346 2938; x_wconf 82' lang='grc' dir='ltr'><strong>αὐτῷ·</strong></span> <span class='ocrx_word' id='word_1_249' title='bbox 1374 2873 1618 2941; x_wconf 77' lang='grc' dir='ltr'><strong>Μήποτε</strong></span> <span class='ocrx_word' id='word_1_250' title='bbox 1631 2875 2009 2944; x_wconf 78' lang='grc' dir='ltr'><strong>ἐκτριϐῶμεν,</strong></span> 
     </span>
    </p>
   </div>
   <div class='ocr_carea' id='block_1_33' title="bbox 419 2947 2012 3025">
    <p class='ocr_par' dir='ltr' id='par_1_33' title="bbox 419 2947 2012 3025">
     <span class='ocr_line' id='line_1_33' title="bbox 419 2947 2012 3025; baseline 0.006 -22"><span class='ocrx_word' id='word_1_251' title='bbox 419 2947 576 3016; x_wconf 76' lang='grc' dir='ltr'><strong>μήτε</strong></span> <span class='ocrx_word' id='word_1_252' title='bbox 603 2949 891 3019; x_wconf 72' lang='grc' dir='ltr'><strong>ἀργυρίου</strong></span> <span class='ocrx_word' id='word_1_253' title='bbox 908 2954 1332 3022; x_wconf 76' lang='grc' dir='ltr'><strong>εὐποροῦντες,</strong></span> <span class='ocrx_word' id='word_1_254' title='bbox 1345 2957 1501 3025; x_wconf 86' lang='grc' dir='ltr'><strong>μήτε</strong></span> <span class='ocrx_word' id='word_1_255' title='bbox 1525 2956 1789 3025; x_wconf 84' lang='grc' dir='ltr'><strong>κτηνῶν·</strong></span> <span class='ocrx_word' id='word_1_256' title='bbox 1815 2958 2012 3013; x_wconf 80' lang='grc' dir='ltr'><strong>πάντα</strong></span> 
     </span>
    </p>
   </div>
   <div class='ocr_carea' id='block_1_34' title="bbox 336 3030 2012 3106">
    <p class='ocr_par' dir='ltr' id='par_1_34' title="bbox 336 3030 2012 3106">
     <span class='ocr_line' id='line_1_34' title="bbox 336 3030 2012 3106; baseline 0.009 -25"><span class='ocrx_word' id='word_1_257' title='bbox 336 3041 354 3057; x_wconf 83' lang='grc'><strong><em>⁸</em></strong></span> <span class='ocrx_word' id='word_1_258' title='bbox 424 3030 539 3097; x_wconf 56' lang='grc' dir='ltr'><strong>τὰ)</strong></span> <span class='ocrx_word' id='word_1_259' title='bbox 564 3031 716 3099; x_wconf 83' lang='grc' dir='ltr'><strong>πρὸς</strong></span> <span class='ocrx_word' id='word_1_260' title='bbox 745 3034 822 3086; x_wconf 83' lang='grc' dir='ltr'><strong>σὲ</strong></span> <span class='ocrx_word' id='word_1_261' title='bbox 847 3035 956 3088; x_wconf 87' lang='grc' dir='ltr'><strong>τὸν</strong></span> <span class='ocrx_word' id='word_1_262' title='bbox 986 3037 1194 3104; x_wconf 83' lang='grc' dir='ltr'><strong>κύριον</strong></span> <span class='ocrx_word' id='word_1_263' title='bbox 1239 3037 1409 3106; x_wconf 85' lang='grc' dir='ltr'><strong>ήμῶν</strong></span> <span class='ocrx_word' id='word_1_264' title='bbox 1453 3040 1644 3092; x_wconf 80' lang='grc' dir='ltr'><strong>ἐστιν.</strong></span> <span class='ocrx_word' id='word_1_265' title='bbox 1683 3039 1876 3094; x_wconf 82' lang='grc' dir='ltr'><strong>Οὐδὲν</strong></span> <span class='ocrx_word' id='word_1_266' title='bbox 1897 3037 2012 3096; x_wconf 87' lang='grc' dir='ltr'><strong>οὖν</strong></span> 
     </span>
    </p>
   </div>
   <div class='ocr_carea' id='block_1_35' title="bbox 426 3112 2007 3192">
    <p class='ocr_par' dir='ltr' id='par_1_35' title="bbox 426 3112 2007 3192">
     <span class='ocr_line' id='line_1_35' title="bbox 426 3112 2007 3192; baseline 0.008 -28"><span class='ocrx_word' id='word_1_267' title='bbox 426 3112 573 3180; x_wconf 77' lang='grc' dir='ltr'><strong>ἡμῖν</strong></span> <span class='ocrx_word' id='word_1_268' title='bbox 619 3113 827 3183; x_wconf 76' lang='grc' dir='ltr'><strong>ἕτερον</strong></span> <span class='ocrx_word' id='word_1_269' title='bbox 861 3117 1297 3174; x_wconf 74' lang='grc' dir='ltr'><strong>ὑπολέλειπται</strong></span> <span class='ocrx_word' id='word_1_270' title='bbox 1326 3160 1341 3186; x_wconf 91' lang='grc'><strong>,</strong></span> <span class='ocrx_word' id='word_1_271' title='bbox 1409 3121 1449 3189; x_wconf 81' lang='grc' dir='ltr'><strong><em>ἢ</em></strong></span> <span class='ocrx_word' id='word_1_272' title='bbox 1508 3121 1577 3174; x_wconf 87' lang='grc' dir='ltr'><strong>τὸ</strong></span> <span class='ocrx_word' id='word_1_273' title='bbox 1615 3121 1773 3176; x_wconf 81' lang='grc' dir='ltr'><strong>ἰδιον</strong></span> <span class='ocrx_word' id='word_1_274' title='bbox 1816 3122 2007 3192; x_wconf 86' lang='grc' dir='ltr'><strong>σῶμα,</strong></span> 
     </span>
    </p>
   </div>
   <div class='ocr_carea' id='block_1_36' title="bbox 426 3195 2010 3274">
    <p class='ocr_par' dir='ltr' id='par_1_36' title="bbox 426 3195 2010 3274">
     <span class='ocr_line' id='line_1_36' title="bbox 426 3195 2010 3274; baseline 0.007 -26"><span class='ocrx_word' id='word_1_275' title='bbox 426 3195 524 3248; x_wconf 77' lang='grc' dir='ltr'><strong>καί</strong></span> <span class='ocrx_word' id='word_1_276' title='bbox 557 3196 596 3264; x_wconf 80' lang='grc' dir='ltr'>ἡ</span> <span class='ocrx_word' id='word_1_277' title='bbox 619 3197 696 3266; x_wconf 80' lang='grc' dir='ltr'><strong>γῆ</strong></span> <span class='ocrx_word' id='word_1_278' title='bbox 731 3197 918 3267; x_wconf 82' lang='grc' dir='ltr'><strong>ήμῶν.</strong></span> <span class='ocrx_word' id='word_1_279' title='bbox 951 3200 1086 3254; x_wconf 83' lang='grc' dir='ltr'><strong>Ἵνα</strong></span> <span class='ocrx_word' id='word_1_280' title='bbox 1103 3196 1218 3256; x_wconf 84' lang='grc' dir='ltr'><strong>οὖν</strong></span> <span class='ocrx_word' id='word_1_281' title='bbox 1238 3207 1327 3272; x_wconf 81' lang='grc' dir='ltr'><strong>μὴ</strong></span> <span class='ocrx_word' id='word_1_282' title='bbox 1355 3202 1767 3273; x_wconf 74' lang='grc' dir='ltr'><strong>ἀποθάνωμεν,</strong></span> <span class='ocrx_word' id='word_1_283' title='bbox 1793 3204 2010 3274; x_wconf 80' lang='grc' dir='ltr'><strong>κτῆσαι</strong></span> 
     </span>
    </p>
   </div>
   <div class='ocr_carea' id='block_1_37' title="bbox 427 3275 2007 3356">
    <p class='ocr_par' dir='ltr' id='par_1_37' title="bbox 427 3275 2007 3356">
     <span class='ocr_line' id='line_1_37' title="bbox 427 3275 2007 3356; baseline 0.006 -25"><span class='ocrx_word' id='word_1_284' title='bbox 427 3275 610 3345; x_wconf 71' lang='grc' dir='ltr'><strong>ἡμᾶς</strong></span> <span class='ocrx_word' id='word_1_285' title='bbox 643 3279 744 3333; x_wconf 84' lang='grc' dir='ltr'><strong>καί</strong></span> <span class='ocrx_word' id='word_1_286' title='bbox 782 3281 899 3349; x_wconf 83' lang='grc' dir='ltr'><strong>τὴν</strong></span> <span class='ocrx_word' id='word_1_287' title='bbox 946 3280 1066 3351; x_wconf 81' lang='grc' dir='ltr'><strong>γῆν</strong></span> <span class='ocrx_word' id='word_1_288' title='bbox 1113 3283 1283 3352; x_wconf 84' lang='grc' dir='ltr'><strong>ήμῶν</strong></span> <span class='ocrx_word' id='word_1_289' title='bbox 1329 3285 1464 3340; x_wconf 79' lang='grc' dir='ltr'><strong>ἀντὶ</strong></span> <span class='ocrx_word' id='word_1_290' title='bbox 1491 3285 1610 3339; x_wconf 87' lang='grc' dir='ltr'><strong>τῶν</strong></span> <span class='ocrx_word' id='word_1_291' title='bbox 1657 3287 1870 3356; x_wconf 77' lang='grc' dir='ltr'><strong>ἄρτων,</strong></span> <span class='ocrx_word' id='word_1_292' title='bbox 1908 3288 2007 3341; x_wconf 84' lang='grc' dir='ltr'><strong>καί</strong></span> 
     </span>
    </p>
   </div>
   <div class='ocr_carea' id='block_1_38' title="bbox 425 3359 2010 3437">
    <p class='ocr_par' dir='ltr' id='par_1_38' title="bbox 425 3359 2010 3437">
     <span class='ocr_line' id='line_1_38' title="bbox 425 3359 2010 3437; baseline 0.008 -24"><span class='ocrx_word' id='word_1_293' title='bbox 425 3359 686 3429; x_wconf 78' lang='grc' dir='ltr'><strong>ἐσόμεθα</strong></span> <span class='ocrx_word' id='word_1_294' title='bbox 709 3363 809 3417; x_wconf 85' lang='grc' dir='ltr'><strong>καί</strong></span> <span class='ocrx_word' id='word_1_295' title='bbox 842 3365 1014 3432; x_wconf 70' lang='grc' dir='ltr'><strong>ἡμεῖς</strong></span> <span class='ocrx_word' id='word_1_296' title='bbox 1040 3366 1142 3419; x_wconf 81' lang='grc' dir='ltr'><strong>καί</strong></span> <span class='ocrx_word' id='word_1_297' title='bbox 1176 3367 1214 3434; x_wconf 81' lang='grc' dir='ltr'>ἡ</span> <span class='ocrx_word' id='word_1_298' title='bbox 1237 3365 1317 3436; x_wconf 84' lang='grc' dir='ltr'><strong>γῆ</strong></span> <span class='ocrx_word' id='word_1_299' title='bbox 1359 3367 1530 3437; x_wconf 87' lang='grc' dir='ltr'><strong>ήμῶν</strong></span> <span class='ocrx_word' id='word_1_300' title='bbox 1555 3369 1765 3437; x_wconf 84' lang='grc' dir='ltr'><strong>παῖδες</strong></span> <span class='ocrx_word' id='word_1_301' title='bbox 1791 3369 1870 3436; x_wconf 80' lang='grc' dir='ltr'><strong>τῷ</strong></span> <span class='ocrx_word' id='word_1_302' title='bbox 1892 3373 2010 3424; x_wconf 81' lang='grc' dir='ltr'><strong>Φα-</strong></span> 
     </span>
    </p>
   </div>
   <div class='ocr_carea' id='block_1_39' title="bbox 419 3443 2008 3524">
    <p class='ocr_par' dir='ltr' id='par_1_39' title="bbox 419 3443 2008 3524">
     <span class='ocr_line' id='line_1_39' title="bbox 419 3443 2008 3524; baseline 0.006 -26"><span class='ocrx_word' id='word_1_303' title='bbox 419 3443 578 3511; x_wconf 65' lang='grc' dir='ltr'><strong>ρειαί).⁴</strong></span> <span class='ocrx_word' id='word_1_304' title='bbox 597 3446 710 3513; x_wconf 87' lang='grc' dir='ltr'><strong>Δὸς</strong></span> <span class='ocrx_word' id='word_1_305' title='bbox 730 3446 990 3516; x_wconf 85' lang='grc' dir='ltr'><strong>σπέρμα,</strong></span> <span class='ocrx_word' id='word_1_306' title='bbox 1021 3449 1123 3502; x_wconf 77' lang='grc' dir='ltr'><strong>ἵνα</strong></span> <span class='ocrx_word' id='word_1_307' title='bbox 1159 3450 1500 3520; x_wconf 77' lang='grc' dir='ltr'><strong>σπείρωμεν</strong></span> <span class='ocrx_word' id='word_1_308' title='bbox 1529 3453 1628 3506; x_wconf 86' lang='grc' dir='ltr'><strong>καί</strong></span> <span class='ocrx_word' id='word_1_309' title='bbox 1668 3452 1878 3524; x_wconf 84' lang='grc' dir='ltr'><strong>ζῶμεν,</strong></span> <span class='ocrx_word' id='word_1_310' title='bbox 1907 3454 2008 3508; x_wconf 84' lang='grc' dir='ltr'><strong>καί</strong></span> 
     </span>
    </p>
   </div>
   <div class='ocr_carea' id='block_1_40' title="bbox 422 3525 2000 3605">
    <p class='ocr_par' dir='ltr' id='par_1_40' title="bbox 422 3525 2000 3605">
     <span class='ocr_line' id='line_1_40' title="bbox 422 3525 2000 3605; baseline 0.006 -24"><span class='ocrx_word' id='word_1_311' title='bbox 422 3525 508 3595; x_wconf 75' lang='grc' dir='ltr'><strong>μὴ</strong></span> <span class='ocrx_word' id='word_1_312' title='bbox 555 3528 948 3599; x_wconf 79' lang='grc' dir='ltr'><strong>ἀποθάνωμεν</strong></span> <span class='ocrx_word' id='word_1_313' title='bbox 971 3571 985 3594; x_wconf 88' lang='grc'><strong>,</strong></span> <span class='ocrx_word' id='word_1_314' title='bbox 1033 3532 1133 3585; x_wconf 78' lang='grc' dir='ltr'><strong>καί</strong></span> <span class='ocrx_word' id='word_1_315' title='bbox 1175 3533 1214 3600; x_wconf 84' lang='grc' dir='ltr'><strong>ή</strong></span> <span class='ocrx_word' id='word_1_316' title='bbox 1249 3532 1325 3602; x_wconf 81' lang='grc' dir='ltr'><strong>γῆ</strong></span> <span class='ocrx_word' id='word_1_317' title='bbox 1373 3536 1487 3588; x_wconf 86' lang='grc' dir='ltr'><strong>οὐκ</strong></span> <span class='ocrx_word' id='word_1_318' title='bbox 1537 3535 2000 3605; x_wconf 71' lang='grc' dir='ltr'><strong>ἐρημωθήσεται.</strong></span> 
     </span>
    </p>
   </div>
   <div class='ocr_carea' id='block_1_41' title="bbox 431 3609 2002 3690">
    <p class='ocr_par' dir='ltr' id='par_1_41' title="bbox 431 3609 2002 3690">
     <span class='ocr_line' id='line_1_41' title="bbox 431 3609 2002 3690; baseline 0.006 -26"><span class='ocrx_word' id='word_1_319' title='bbox 431 3609 692 3676; x_wconf 78' lang='grc' dir='ltr'><strong>Ἑαυτοὺς</strong></span> <span class='ocrx_word' id='word_1_320' title='bbox 751 3615 1238 3681; x_wconf 81' lang='grc' dir='ltr'><strong>κατεδουλώσαντο,</strong></span> <span class='ocrx_word' id='word_1_321' title='bbox 1273 3619 1368 3671; x_wconf 83' lang='grc' dir='ltr'><strong>καί</strong></span> <span class='ocrx_word' id='word_1_322' title='bbox 1418 3618 1517 3689; x_wconf 82' lang='grc' dir='ltr'><strong>τὴν</strong></span> <span class='ocrx_word' id='word_1_323' title='bbox 1567 3620 1670 3690; x_wconf 84' lang='grc' dir='ltr'><strong>γῆν</strong></span> <span class='ocrx_word' id='word_1_324' title='bbox 1724 3620 2002 3684; x_wconf 83' lang='grc' dir='ltr'><strong>ἀπέδοντο,</strong></span> 
     </span>
    </p>
   </div>
   <div class='ocr_carea' id='block_1_42' title="bbox 422 3692 2005 3772">
    <p class='ocr_par' dir='ltr' id='par_1_42' title="bbox 422 3692 2005 3772">
     <span class='ocr_line' id='line_1_42' title="bbox 422 3692 2005 3772; baseline 0.006 -26"><span class='ocrx_word' id='word_1_325' title='bbox 422 3692 566 3747; x_wconf 79' lang='grc' dir='ltr'><strong>ὥστε</strong></span> <span class='ocrx_word' id='word_1_326' title='bbox 593 3695 884 3766; x_wconf 85' lang='grc' dir='ltr'><strong>δυνηθῆναι</strong></span> <span class='ocrx_word' id='word_1_327' title='bbox 915 3697 1279 3769; x_wconf 81' lang='grc' dir='ltr'><strong>διατραφῆναι</strong></span> <span class='ocrx_word' id='word_1_328' title='bbox 1300 3717 1315 3733; x_wconf 78' lang='grc' dir='ltr'><strong>ο</strong></span> <span class='ocrx_word' id='word_1_329' title='bbox 1343 3701 1578 3772; x_wconf 86' lang='grc' dir='ltr'><strong>τοσαύτη</strong></span> <span class='ocrx_word' id='word_1_330' title='bbox 1609 3701 1702 3754; x_wconf 86' lang='grc' dir='ltr'><strong>τοῦ</strong></span> <span class='ocrx_word' id='word_1_331' title='bbox 1721 3701 1880 3771; x_wconf 80' lang='grc' dir='ltr'><strong>λιμοῦ</strong></span> <span class='ocrx_word' id='word_1_332' title='bbox 1915 3703 2005 3769; x_wconf 82' lang='grc' dir='ltr'><strong>γέ-</strong></span> 
     </span>
    </p>
   </div>
   <div class='ocr_carea' id='block_1_43' title="bbox 424 3779 2006 3853">
    <p class='ocr_par' dir='ltr' id='par_1_43' title="bbox 424 3779 2006 3853">
     <span class='ocr_line' id='line_1_43' title="bbox 424 3779 2006 3853; baseline -0.008 -9"><span class='ocrx_word' id='word_1_333' title='bbox 424 3793 578 3844; x_wconf 83' lang='grc' dir='ltr'><strong>γονεν</strong></span> <span class='ocrx_word' id='word_1_334' title='bbox 624 3779 658 3848; x_wconf 79' lang='grc' dir='ltr'><strong>ὴ</strong></span> <span class='ocrx_word' id='word_1_335' title='bbox 705 3780 940 3850; x_wconf 77' lang='grc' dir='ltr'><strong>ἀνάγκη.</strong></span> <span class='ocrx_word' id='word_1_336' title='bbox 982 3781 1096 3834; x_wconf 76' lang='grc' dir='ltr'><strong>Καὶ</strong></span> <span class='ocrx_word' id='word_1_337' title='bbox 1145 3781 1446 3848; x_wconf 76' lang='grc' dir='ltr'><strong>ἐκτήσατο</strong></span> <span class='ocrx_word' id='word_1_338' title='bbox 1504 3783 1715 3852; x_wconf 74' lang='grc' dir='ltr'><strong>Ἰωσὴφ</strong></span> <span class='ocrx_word' id='word_1_339' title='bbox 1741 3785 1856 3851; x_wconf 82' lang='grc' dir='ltr'><strong>τὴν</strong></span> <span class='ocrx_word' id='word_1_340' title='bbox 1891 3783 2006 3853; x_wconf 79' lang='grc' dir='ltr'><strong>γῆν</strong></span> 
     </span>
    </p>
   </div>
   <div class='ocr_carea' id='block_1_44' title="bbox 424 3856 2004 3933">
    <p class='ocr_par' dir='ltr' id='par_1_44' title="bbox 424 3856 2004 3933">
     <span class='ocr_line' id='line_1_44' title="bbox 424 3856 2004 3933; baseline 0.006 -24"><span class='ocrx_word' id='word_1_341' title='bbox 424 3856 544 3911; x_wconf 69' lang='grc' dir='ltr'><strong>τῶν</strong></span> <span class='ocrx_word' id='word_1_342' title='bbox 572 3860 909 3928; x_wconf 71' lang='grc' dir='ltr'><strong>Αἰγυπτίων</strong></span> <span class='ocrx_word' id='word_1_343' title='bbox 937 3859 1018 3926; x_wconf 84' lang='grc' dir='ltr'><strong>τῷ</strong></span> <span class='ocrx_word' id='word_1_344' title='bbox 1047 3862 1275 3929; x_wconf 76' lang='grc' dir='ltr'><strong>φαραὼ.</strong></span> <span class='ocrx_word' id='word_1_345' title='bbox 1309 3863 1622 3925; x_wconf 79' lang='grc' dir='ltr'><strong>Ἀπέδοντο</strong></span> <span class='ocrx_word' id='word_1_346' title='bbox 1668 3865 1777 3933; x_wconf 76' lang='grc' dir='ltr'><strong>γὰρ</strong></span> <span class='ocrx_word' id='word_1_347' title='bbox 1809 3864 2004 3933; x_wconf 82' lang='grc' dir='ltr'><strong>αὐτὴν</strong></span> 
     </span>
    </p>
   </div>
   <div class='ocr_carea' id='block_1_45' title="bbox 424 3939 2002 4017">
    <p class='ocr_par' dir='ltr' id='par_1_45' title="bbox 424 3939 2002 4017">
     <span class='ocr_line' id='line_1_45' title="bbox 424 3939 2002 4017; baseline 0.006 -25"><span class='ocrx_word' id='word_1_348' title='bbox 424 3939 523 4016; x_wconf 78' lang='grc' dir='ltr'><strong>διὰ</strong></span> <span class='ocrx_word' id='word_1_349' title='bbox 548 3941 663 4008; x_wconf 79' lang='grc' dir='ltr'><strong>τὴν</strong></span> <span class='ocrx_word' id='word_1_350' title='bbox 692 3942 967 4011; x_wconf 73' lang='grc' dir='ltr'><strong>ἀνάγκην</strong></span> <span class='ocrx_word' id='word_1_351' title='bbox 990 3943 1096 3997; x_wconf 85' lang='grc' dir='ltr'><strong>τοῦ</strong></span> <span class='ocrx_word' id='word_1_352' title='bbox 1123 3944 1329 4014; x_wconf 66' lang='grc' dir='ltr'><strong>⁷λιμοῦ.</strong></span> <span class='ocrx_word' id='word_1_353' title='bbox 1352 3945 1461 3998; x_wconf 83' lang='grc' dir='ltr'><strong>Καὶ</strong></span> <span class='ocrx_word' id='word_1_354' title='bbox 1479 3946 1716 4016; x_wconf 82' lang='grc' dir='ltr'><strong>ἐγένετο</strong></span> <span class='ocrx_word' id='word_1_355' title='bbox 1751 3948 1788 4014; x_wconf 90' lang='grc' dir='ltr'><strong>ή</strong></span> <span class='ocrx_word' id='word_1_356' title='bbox 1817 3947 1893 4017; x_wconf 84' lang='grc' dir='ltr'><strong>γῆ</strong></span> <span class='ocrx_word' id='word_1_357' title='bbox 1922 3945 2002 4012; x_wconf 83' lang='grc' dir='ltr'><strong>τῷ</strong></span> 
     </span>
    </p>
   </div>
   <div class='ocr_carea' id='block_1_46' title="bbox 424 4024 2002 4099">
    <p class='ocr_par' dir='ltr' id='par_1_46' title="bbox 424 4024 2002 4099">
     <span class='ocr_line' id='line_1_46' title="bbox 424 4024 2002 4099; baseline 0.004 -22"><span class='ocrx_word' id='word_1_358' title='bbox 424 4024 651 4094; x_wconf 80' lang='grc' dir='ltr'><strong>Φαραὼ.</strong></span> <span class='ocrx_word' id='word_1_359' title='bbox 677 4025 788 4078; x_wconf 84' lang='lat' dir='ltr'><strong>Kal</strong></span> <span class='ocrx_word' id='word_1_360' title='bbox 838 4027 944 4079; x_wconf 85' lang='grc' dir='ltr'><strong>τὸν</strong></span> <span class='ocrx_word' id='word_1_361' title='bbox 997 4026 1142 4082; x_wconf 73' lang='grc' dir='ltr'><strong>λαὸν</strong></span> <span class='ocrx_word' id='word_1_362' title='bbox 1193 4027 1688 4083; x_wconf 81' lang='grc' dir='ltr'><strong>κατεδουλώσατο</strong></span> <span class='ocrx_word' id='word_1_363' title='bbox 1732 4031 1890 4096; x_wconf 82' lang='grc' dir='ltr'><strong>αὐτῷ</strong></span> <span class='ocrx_word' id='word_1_364' title='bbox 1915 4035 2002 4099; x_wconf 80' lang='grc' dir='ltr'><strong>εἰς</strong></span> 
     </span>
    </p>
   </div>
   <div class='ocr_carea' id='block_1_47' title="bbox 425 4107 1996 4182">
    <p class='ocr_par' dir='ltr' id='par_1_47' title="bbox 425 4107 1996 4182">
     <span class='ocr_line' id='line_1_47' title="bbox 425 4107 1996 4182; baseline 0.005 -20"><span class='ocrx_word' id='word_1_365' title='bbox 425 4108 637 4176; x_wconf 79' lang='grc' dir='ltr'><strong>παῖδας</strong></span> <span class='ocrx_word' id='word_1_366' title='bbox 672 4110 773 4163; x_wconf 82' lang='grc' dir='ltr'><strong>ἀπ’</strong></span> <span class='ocrx_word' id='word_1_367' title='bbox 817 4107 1016 4179; x_wconf 79' lang='grc' dir='ltr'><strong>ἄκρων</strong></span> <span class='ocrx_word' id='word_1_368' title='bbox 1048 4111 1227 4179; x_wconf 81' lang='grc' dir='ltr'><strong>όρίων</strong></span> <span class='ocrx_word' id='word_1_369' title='bbox 1270 4112 1574 4181; x_wconf 77' lang='grc' dir='ltr'><strong>Αἰγύπτου</strong></span> <span class='ocrx_word' id='word_1_370' title='bbox 1616 4113 1728 4181; x_wconf 81' lang='grc' dir='ltr'><strong>ἕως</strong></span> <span class='ocrx_word' id='word_1_371' title='bbox 1777 4115 1996 4182; x_wconf 84' lang='grc' dir='ltr'><strong>ἄκρων,</strong></span> 
     </span>
    </p>
   </div>
   <div class='ocr_carea' id='block_1_48' title="bbox 420 4185 1998 4266">
    <p class='ocr_par' dir='ltr' id='par_1_48' title="bbox 420 4185 1998 4266">
     <span class='ocr_line' id='line_1_48' title="bbox 420 4185 1998 4266; baseline 0.006 -24"><span class='ocrx_word' id='word_1_372' title='bbox 420 4190 600 4260; x_wconf 69' lang='grc' dir='ltr'><strong>χωρίς</strong></span> <span class='ocrx_word' id='word_1_373' title='bbox 630 4185 741 4259; x_wconf 83' lang='grc' dir='ltr'><strong>τῆς</strong></span> <span class='ocrx_word' id='word_1_374' title='bbox 779 4191 888 4262; x_wconf 80' lang='grc' dir='ltr'><strong>γῆς</strong></span> <span class='ocrx_word' id='word_1_375' title='bbox 938 4190 1056 4245; x_wconf 85' lang='grc' dir='ltr'><strong>τῶν</strong></span> <span class='ocrx_word' id='word_1_376' title='bbox 1085 4192 1310 4262; x_wconf 77' lang='grc' dir='ltr'><strong>ἱερέων.</strong></span> <span class='ocrx_word' id='word_1_377' title='bbox 1357 4195 1646 4261; x_wconf 80' lang='grc' dir='ltr'><strong>Ἐκείνοις</strong></span> <span class='ocrx_word' id='word_1_378' title='bbox 1672 4197 1782 4266; x_wconf 78' lang='grc' dir='ltr'><strong>γὰρ</strong></span> <span class='ocrx_word' id='word_1_379' title='bbox 1815 4199 1998 4253; x_wconf 77' lang='grc' dir='ltr'><strong>ἔδωκε</strong></span> 
     </span>
    </p>
   </div>
   <div class='ocr_carea' id='block_1_49' title="bbox 420 4273 1997 4349">
    <p class='ocr_par' dir='ltr' id='par_1_49' title="bbox 420 4273 1997 4349">
     <span class='ocr_line' id='line_1_49' title="bbox 420 4273 1997 4349; baseline 0.006 -22"><span class='ocrx_word' id='word_1_380' title='bbox 420 4273 628 4344; x_wconf 77' lang='grc' dir='ltr'><strong>Φαραὼ</strong></span> <span class='ocrx_word' id='word_1_381' title='bbox 659 4273 944 4344; x_wconf 79' lang='grc' dir='ltr'><strong>βρώματα</strong></span> <span class='ocrx_word' id='word_1_382' title='bbox 967 4315 980 4339; x_wconf 93' lang='grc'><strong>,</strong></span> <span class='ocrx_word' id='word_1_383' title='bbox 1015 4274 1168 4349; x_wconf 74' lang='grc'>[626]</span> <span class='ocrx_word' id='word_1_384' title='bbox 1202 4277 1301 4331; x_wconf 80' lang='grc' dir='ltr'><strong>καὶ</strong></span> <span class='ocrx_word' id='word_1_385' title='bbox 1370 4277 1620 4346; x_wconf 63' lang='grc' dir='ltr'><strong>ήσθιοιν</strong></span> <span class='ocrx_word' id='word_1_386' title='bbox 1676 4281 1774 4333; x_wconf 83' lang='grc' dir='ltr'><strong>διὰ</strong></span> <span class='ocrx_word' id='word_1_387' title='bbox 1817 4282 1997 4336; x_wconf 85' lang='grc' dir='ltr'><strong>τοῦτο</strong></span> 
     </span>
    </p>
   </div>
   <div class='ocr_carea' id='block_1_50' title="bbox 417 4355 1998 4436">
    <p class='ocr_par' dir='ltr' id='par_1_50' title="bbox 417 4355 1998 4436">
     <span class='ocr_line' id='line_1_50' title="bbox 417 4355 1998 4436; baseline 0.005 -26"><span class='ocrx_word' id='word_1_388' title='bbox 417 4356 850 4413; x_wconf 76' lang='grc' dir='ltr'><strong>οὐκάπέδοντο</strong></span> <span class='ocrx_word' id='word_1_389' title='bbox 871 4355 988 4425; x_wconf 81' lang='grc' dir='ltr'><strong>τὴν</strong></span> <span class='ocrx_word' id='word_1_390' title='bbox 1003 4357 1122 4428; x_wconf 81' lang='grc' dir='ltr'><strong>γῆν</strong></span> <span class='ocrx_word' id='word_1_391' title='bbox 1145 4359 1360 4414; x_wconf 85' lang='grc' dir='ltr'><strong>αὐτῶν.</strong></span> <span class='ocrx_word' id='word_1_392' title='bbox 1391 4362 1534 4433; x_wconf 85' lang='grc' dir='ltr'><strong>Ὅρα</strong></span> <span class='ocrx_word' id='word_1_393' title='bbox 1562 4363 1703 4433; x_wconf 85' lang='grc' dir='ltr'><strong>πόση</strong></span> <span class='ocrx_word' id='word_1_394' title='bbox 1725 4365 1758 4436; x_wconf 80' lang='grc' dir='ltr'>ἡ</span> <span class='ocrx_word' id='word_1_395' title='bbox 1781 4367 1998 4430; x_wconf 81' lang='grc' dir='ltr'><strong>σύνεσις</strong></span> 
     </span>
    </p>
   </div>
   <div class='ocr_carea' id='block_1_51' title="bbox 418 4440 1996 4518">
    <p class='ocr_par' dir='ltr' id='par_1_51' title="bbox 418 4440 1996 4518">
     <span class='ocr_line' id='line_1_51' title="bbox 418 4440 1996 4518; baseline 0.006 -24"><span class='ocrx_word' id='word_1_396' title='bbox 418 4441 513 4494; x_wconf 70' lang='grc' dir='ltr'><strong>καὶ</strong></span> <span class='ocrx_word' id='word_1_397' title='bbox 541 4440 704 4510; x_wconf 84' lang='grc' dir='ltr'><strong>σοφία</strong></span> <span class='ocrx_word' id='word_1_398' title='bbox 730 4440 824 4494; x_wconf 89' lang='grc' dir='ltr'><strong>τοῦ</strong></span> <span class='ocrx_word' id='word_1_399' title='bbox 842 4440 1056 4513; x_wconf 81' lang='grc' dir='ltr'><strong>’Ἰωσὴφ</strong></span> <span class='ocrx_word' id='word_1_400' title='bbox 1088 4443 1332 4511; x_wconf 85' lang='grc' dir='ltr'><strong>γέγονεν.</strong></span> <span class='ocrx_word' id='word_1_401' title='bbox 1381 4443 1519 4498; x_wconf 77' lang='grc' dir='ltr'><strong>Οὔτε</strong></span> <span class='ocrx_word' id='word_1_402' title='bbox 1552 4447 1647 4500; x_wconf 91' lang='grc' dir='ltr'><strong>τοῦ</strong></span> <span class='ocrx_word' id='word_1_403' title='bbox 1684 4447 1844 4518; x_wconf 81' lang='grc' dir='ltr'><strong>λιμοῦ</strong></span> <span class='ocrx_word' id='word_1_404' title='bbox 1874 4467 1996 4504; x_wconf 90' lang='grc' dir='ltr'><strong>συν-</strong></span> 
     </span>
    </p>
   </div>
   <div class='ocr_carea' id='block_1_52' title="bbox 417 4520 1995 4604">
    <p class='ocr_par' dir='ltr' id='par_1_52' title="bbox 417 4520 1995 4604">
     <span class='ocr_line' id='line_1_52' title="bbox 417 4520 1995 4604; baseline 0.005 -26"><span class='ocrx_word' id='word_1_405' title='bbox 417 4520 694 4593; x_wconf 80' lang='grc' dir='ltr'><strong>εχώρησεν</strong></span> <span class='ocrx_word' id='word_1_406' title='bbox 719 4523 971 4593; x_wconf 75' lang='grc' dir='ltr'><strong>αἴσθησιν</strong></span> <span class='ocrx_word' id='word_1_407' title='bbox 999 4525 1179 4587; x_wconf 82' lang='grc' dir='ltr'><strong>αὐτοῖς</strong></span> <span class='ocrx_word' id='word_1_408' title='bbox 1219 4525 1493 4593; x_wconf 87' lang='grc' dir='ltr'><strong>γενέσθαι,</strong></span> <span class='ocrx_word' id='word_1_409' title='bbox 1539 4529 1634 4583; x_wconf 79' lang='grc' dir='ltr'><strong>καὶ</strong></span> <span class='ocrx_word' id='word_1_410' title='bbox 1687 4532 1866 4585; x_wconf 79' lang='grc' dir='ltr'><strong>πᾶσαν</strong></span> <span class='ocrx_word' id='word_1_411' title='bbox 1896 4533 1995 4604; x_wconf 81' lang='grc' dir='ltr'><strong>τὴν</strong></span> 
     </span>
    </p>
   </div>
   <div class='ocr_carea' id='block_1_53' title="bbox 416 4605 1994 4681">
    <p class='ocr_par' dir='ltr' id='par_1_53' title="bbox 416 4605 1994 4681">
     <span class='ocr_line' id='line_1_53' title="bbox 416 4605 1994 4681; baseline -0.001 -20"><span class='ocrx_word' id='word_1_412' title='bbox 416 4608 518 4677; x_wconf 85' lang='grc' dir='ltr'><strong>γῆν</strong></span> <span class='ocrx_word' id='word_1_413' title='bbox 553 4608 632 4678; x_wconf 82' lang='grc' dir='ltr'><strong>τῷ</strong></span> <span class='ocrx_word' id='word_1_414' title='bbox 652 4606 854 4678; x_wconf 71' lang='grc' dir='ltr'><strong>Φαραὼ</strong></span> <span class='ocrx_word' id='word_1_415' title='bbox 883 4605 1298 4679; x_wconf 82' lang='grc' dir='ltr'><strong>προσεκτήσατο</strong></span> <span class='ocrx_word' id='word_1_416' title='bbox 1325 4611 1463 4680; x_wconf 84' lang='grc' dir='ltr'><strong>μετά</strong></span> <span class='ocrx_word' id='word_1_417' title='bbox 1491 4612 1584 4666; x_wconf 90' lang='grc' dir='ltr'><strong>τοῦ</strong></span> <span class='ocrx_word' id='word_1_418' title='bbox 1634 4615 1728 4668; x_wconf 79' lang='grc' dir='ltr'><strong>καί</strong></span> <span class='ocrx_word' id='word_1_419' title='bbox 1755 4618 1878 4681; x_wconf 84' lang='grc' dir='ltr'><strong>τοὺς</strong></span> <span class='ocrx_word' id='word_1_420' title='bbox 1901 4619 1994 4672; x_wconf 68' lang='grc' dir='ltr'><strong>Αἰ-</strong></span> 
     </span>
    </p>
   </div>
   <div class='ocr_carea' id='block_1_54' title="bbox 416 4691 1993 4758">
    <p class='ocr_par' dir='ltr' id='par_1_54' title="bbox 416 4691 1993 4758">
     <span class='ocr_line' id='line_1_54' title="bbox 416 4691 1993 4758; baseline 0.008 -14"><span class='ocrx_word' id='word_1_421' title='bbox 416 4692 676 4758; x_wconf 85' lang='grc' dir='ltr'><strong>γυπτίους</strong></span> <span class='ocrx_word' id='word_1_422' title='bbox 728 4691 972 4754; x_wconf 76' lang='grc' dir='ltr'><strong>ἅπαντας</strong></span> <span class='ocrx_word' id='word_1_423' title='bbox 1025 4693 1561 4750; x_wconf 86' lang='grc' dir='ltr'><strong>καταδουλώσασθαι.</strong></span> <span class='ocrx_word' id='word_1_424' title='bbox 1610 4697 1771 4753; x_wconf 78' lang='grc' dir='ltr'><strong>’Δλλά</strong></span> <span class='ocrx_word' id='word_1_425' title='bbox 1801 4702 1993 4756; x_wconf 79' lang='grc' dir='ltr'><strong>σκόπει</strong></span> 
     </span>
    </p>
   </div>
   <div class='ocr_carea' id='block_1_55' title="bbox 418 4771 1994 4855">
    <p class='ocr_par' dir='ltr' id='par_1_55' title="bbox 418 4771 1994 4855">
     <span class='ocr_line' id='line_1_55' title="bbox 418 4771 1994 4855; baseline 0.007 -28"><span class='ocrx_word' id='word_1_426' title='bbox 418 4788 510 4844; x_wconf 79' lang='grc' dir='ltr'><strong>μοι</strong></span> <span class='ocrx_word' id='word_1_427' title='bbox 535 4771 767 4827; x_wconf 72' lang='grc' dir='ltr'><strong>ἐνταῦθα</strong></span> <span class='ocrx_word' id='word_1_428' title='bbox 795 4773 957 4826; x_wconf 87' lang='grc' dir='ltr'><strong>πάλιν</strong></span> <span class='ocrx_word' id='word_1_429' title='bbox 984 4773 1080 4844; x_wconf 81' lang='grc' dir='ltr'><strong>τὴν</strong></span> <span class='ocrx_word' id='word_1_430' title='bbox 1106 4776 1549 4846; x_wconf 73' lang='grc' dir='ltr'><strong>ὑπερϐάλλουσαν</strong></span> <span class='ocrx_word' id='word_1_431' title='bbox 1568 4780 1732 4834; x_wconf 88' lang='grc' dir='ltr'><strong>αὐτοῦ</strong></span> <span class='ocrx_word' id='word_1_432' title='bbox 1765 4783 1994 4855; x_wconf 87' lang='grc' dir='ltr'><strong>κηδεμο-</strong></span> 
     </span>
    </p>
   </div>
   <div class='ocr_carea' id='block_1_56' title="bbox 413 4856 1993 4939">
    <p class='ocr_par' dir='ltr' id='par_1_56' title="bbox 413 4856 1993 4939">
     <span class='ocr_line' id='line_1_56' title="bbox 413 4856 1993 4939; baseline 0.005 -27"><span class='ocrx_word' id='word_1_433' title='bbox 413 4856 554 4921; x_wconf 84' lang='grc' dir='ltr'><strong>νίαν,</strong></span> <span class='ocrx_word' id='word_1_434' title='bbox 588 4857 656 4929; x_wconf 73' lang='grc' dir='ltr'><strong>ἣν</strong></span> <span class='ocrx_word' id='word_1_435' title='bbox 699 4858 830 4928; x_wconf 79' lang='grc' dir='ltr'><strong>περὶ</strong></span> <span class='ocrx_word' id='word_1_436' title='bbox 866 4858 1062 4922; x_wconf 85' lang='grc' dir='ltr'><strong>αὐτοὺς</strong></span> <span class='ocrx_word' id='word_1_437' title='bbox 1108 4860 1490 4933; x_wconf 72' lang='grc' dir='ltr'><strong>ἐπιδείκνυται.</strong></span> <span class='ocrx_word' id='word_1_438' title='bbox 1553 4858 1698 4928; x_wconf 80' lang='grc' dir='ltr'><strong>Εἷπε</strong></span> <span class='ocrx_word' id='word_1_439' title='bbox 1728 4865 1838 4939; x_wconf 88' lang='grc' dir='ltr'><strong>γάρ</strong></span> <span class='ocrx_word' id='word_1_440' title='bbox 1868 4868 1993 4936; x_wconf 82' lang='grc' dir='ltr'><strong>τοῖς</strong></span> 
     </span>
    </p>
   </div>
   <div class='ocr_carea' id='block_1_57' title="bbox 410 4942 1993 5021">
    <p class='ocr_par' dir='ltr' id='par_1_57' title="bbox 410 4942 1993 5021">
     <span class='ocr_line' id='line_1_57' title="bbox 410 4942 1993 5021; baseline 0.006 -27"><span class='ocrx_word' id='word_1_441' title='bbox 410 4942 786 5010; x_wconf 72' lang='grc' dir='ltr'><strong>Αἰγυπτίοις-⁸</strong></span> <span class='ocrx_word' id='word_1_442' title='bbox 834 4942 982 4996; x_wconf 85' lang='grc' dir='ltr'><strong>Ἰδοὺ</strong></span> <span class='ocrx_word' id='word_1_443' title='bbox 1035 4944 1526 5013; x_wconf 67' lang='grc' dir='ltr'><strong>κέκτημαιύμᾶς</strong></span> <span class='ocrx_word' id='word_1_444' title='bbox 1591 4949 1688 5002; x_wconf 80' lang='grc' dir='ltr'><strong>καὶ</strong></span> <span class='ocrx_word' id='word_1_445' title='bbox 1726 4949 1842 5018; x_wconf 83' lang='grc' dir='ltr'><strong>τὴν</strong></span> <span class='ocrx_word' id='word_1_446' title='bbox 1873 4951 1993 5021; x_wconf 81' lang='grc' dir='ltr'><strong>γῆν</strong></span> 
     </span>
    </p>
   </div>
   <div class='ocr_carea' id='block_1_58' title="bbox 411 5023 1991 5102">
    <p class='ocr_par' dir='ltr' id='par_1_58' title="bbox 411 5023 1991 5102">
     <span class='ocr_line' id='line_1_58' title="bbox 411 5023 1991 5102; baseline 0.006 -22"><span class='ocrx_word' id='word_1_447' title='bbox 411 5024 579 5094; x_wconf 76' lang='grc' dir='ltr'><strong>ὑμῶν</strong></span> <span class='ocrx_word' id='word_1_448' title='bbox 620 5023 890 5096; x_wconf 79' lang='grc' dir='ltr'><strong>σήμερον</strong></span> <span class='ocrx_word' id='word_1_449' title='bbox 922 5026 1003 5092; x_wconf 86' lang='grc' dir='ltr'><strong>τῷ</strong></span> <span class='ocrx_word' id='word_1_450' title='bbox 1039 5027 1268 5095; x_wconf 73' lang='grc' dir='ltr'><strong>Φαραώ.</strong></span> <span class='ocrx_word' id='word_1_451' title='bbox 1318 5029 1539 5084; x_wconf 80' lang='grc' dir='ltr'><strong>Λάϐετε</strong></span> <span class='ocrx_word' id='word_1_452' title='bbox 1593 5027 1707 5086; x_wconf 83' lang='grc' dir='ltr'><strong>οὖν</strong></span> <span class='ocrx_word' id='word_1_453' title='bbox 1755 5035 1991 5102; x_wconf 74' lang='grc' dir='ltr'><strong>ἑαυτοῖς</strong></span> 
     </span>
    </p>
   </div>
   <div class='ocr_carea' id='block_1_59' title="bbox 411 5107 1989 5181">
    <p class='ocr_par' dir='ltr' id='par_1_59' title="bbox 411 5107 1989 5181">
     <span class='ocr_line' id='line_1_59' title="bbox 411 5107 1989 5181; baseline 0.008 -21"><span class='ocrx_word' id='word_1_454' title='bbox 411 5107 744 5177; x_wconf 78' lang='grc' dir='ltr'><strong>σπέρματα,</strong></span> <span class='ocrx_word' id='word_1_455' title='bbox 777 5109 873 5162; x_wconf 81' lang='grc' dir='ltr'><strong>καί</strong></span> <span class='ocrx_word' id='word_1_456' title='bbox 901 5110 1189 5178; x_wconf 81' lang='grc' dir='ltr'><strong>σπείρατε</strong></span> <span class='ocrx_word' id='word_1_457' title='bbox 1226 5110 1341 5178; x_wconf 82' lang='grc' dir='ltr'><strong>τὴν</strong></span> <span class='ocrx_word' id='word_1_458' title='bbox 1365 5111 1486 5181; x_wconf 82' lang='grc' dir='ltr'><strong>γῆν</strong></span> <span class='ocrx_word' id='word_1_459' title='bbox 1508 5130 1522 5145; x_wconf 75' lang='grc' dir='ltr'><strong>ο</strong></span> <span class='ocrx_word' id='word_1_460' title='bbox 1554 5114 1654 5167; x_wconf 84' lang='grc' dir='ltr'><strong>καί</strong></span> <span class='ocrx_word' id='word_1_461' title='bbox 1675 5114 1786 5169; x_wconf 77' lang='grc' dir='ltr'><strong>ἐὰν</strong></span> <span class='ocrx_word' id='word_1_462' title='bbox 1817 5117 1989 5173; x_wconf 72' lang='grc' dir='ltr'><strong>ἔσται</strong></span> 
     </span>
    </p>
   </div>
   <div class='ocr_carea' id='block_1_60' title="bbox 411 5190 1990 5269">
    <p class='ocr_par' dir='ltr' id='par_1_60' title="bbox 411 5190 1990 5269">
     <span class='ocr_line' id='line_1_60' title="bbox 411 5190 1990 5269; baseline 0.008 -25"><span class='ocrx_word' id='word_1_463' title='bbox 411 5190 482 5244; x_wconf 82' lang='grc' dir='ltr'><strong>τά</strong></span> <span class='ocrx_word' id='word_1_464' title='bbox 509 5190 850 5260; x_wconf 86' lang='grc' dir='ltr'><strong>γεννήματα</strong></span> <span class='ocrx_word' id='word_1_465' title='bbox 895 5190 1107 5260; x_wconf 82' lang='grc' dir='ltr'><strong>αὐτῆς,</strong></span> <span class='ocrx_word' id='word_1_466' title='bbox 1149 5192 1374 5248; x_wconf 85' lang='grc' dir='ltr'><strong>δώσετε</strong></span> <span class='ocrx_word' id='word_1_467' title='bbox 1401 5197 1468 5248; x_wconf 90' lang='grc' dir='ltr'><strong>τὸ</strong></span> <span class='ocrx_word' id='word_1_468' title='bbox 1505 5196 1776 5267; x_wconf 82' lang='grc' dir='ltr'><strong>πέμπτον</strong></span> <span class='ocrx_word' id='word_1_469' title='bbox 1806 5199 1990 5269; x_wconf 83' lang='grc' dir='ltr'><strong>μέρος</strong></span> 
     </span>
    </p>
   </div>
   <div class='ocr_carea' id='block_1_61' title="bbox 410 5270 1987 5351">
    <p class='ocr_par' dir='ltr' id='par_1_61' title="bbox 410 5270 1987 5351">
     <span class='ocr_line' id='line_1_61' title="bbox 410 5270 1987 5351; baseline 0.008 -26"><span class='ocrx_word' id='word_1_470' title='bbox 410 5270 490 5338; x_wconf 84' lang='grc' dir='ltr'><strong>τῷ</strong></span> <span class='ocrx_word' id='word_1_471' title='bbox 506 5272 714 5340; x_wconf 68' lang='grc' dir='ltr'><strong>Φαραώ</strong></span> <span class='ocrx_word' id='word_1_472' title='bbox 734 5289 750 5304; x_wconf 89' lang='grc'><strong>·</strong></span> <span class='ocrx_word' id='word_1_473' title='bbox 775 5272 930 5327; x_wconf 82' lang='grc' dir='ltr'><strong>τὰδὲ</strong></span> <span class='ocrx_word' id='word_1_474' title='bbox 954 5275 1222 5346; x_wconf 84' lang='grc' dir='ltr'><strong>τέσσαρα</strong></span> <span class='ocrx_word' id='word_1_475' title='bbox 1245 5278 1398 5346; x_wconf 75' lang='grc' dir='ltr'><strong>μέρη</strong></span> <span class='ocrx_word' id='word_1_476' title='bbox 1424 5279 1594 5333; x_wconf 74' lang='grc' dir='ltr'><strong>ἔσται</strong></span> <span class='ocrx_word' id='word_1_477' title='bbox 1619 5281 1765 5350; x_wconf 80' lang='grc' dir='ltr'><strong>ὑμῖν</strong></span> <span class='ocrx_word' id='word_1_478' title='bbox 1783 5284 1987 5351; x_wconf 84' lang='grc' dir='ltr'><strong>αὐτοῖς</strong></span> 
     </span>
    </p>
   </div>
   <div class='ocr_carea' id='block_1_62' title="bbox 407 5354 1986 5432">
    <p class='ocr_par' dir='ltr' id='par_1_62' title="bbox 407 5354 1986 5432">
     <span class='ocr_line' id='line_1_62' title="bbox 407 5354 1986 5432; baseline 0.008 -24"><span class='ocrx_word' id='word_1_479' title='bbox 407 5358 496 5420; x_wconf 86' lang='grc' dir='ltr'><strong>εἰς</strong></span> <span class='ocrx_word' id='word_1_480' title='bbox 521 5354 759 5426; x_wconf 86' lang='grc' dir='ltr'><strong>σπέρμα</strong></span> <span class='ocrx_word' id='word_1_481' title='bbox 791 5355 866 5424; x_wconf 79' lang='grc' dir='ltr'><strong>τῇ</strong></span> <span class='ocrx_word' id='word_1_482' title='bbox 891 5354 988 5426; x_wconf 74' lang='grc' dir='ltr'><strong>γῆ,</strong></span> <span class='ocrx_word' id='word_1_483' title='bbox 1024 5359 1124 5411; x_wconf 86' lang='grc' dir='ltr'><strong>καί</strong></span> <span class='ocrx_word' id='word_1_484' title='bbox 1154 5361 1242 5424; x_wconf 87' lang='grc' dir='ltr'><strong>εἰς</strong></span> <span class='ocrx_word' id='word_1_485' title='bbox 1269 5359 1506 5428; x_wconf 80' lang='grc' dir='ltr'><strong>,ϐρῶσιν</strong></span> <span class='ocrx_word' id='word_1_486' title='bbox 1530 5362 1672 5432; x_wconf 87' lang='grc' dir='ltr'><strong>ὑμῖν</strong></span> <span class='ocrx_word' id='word_1_487' title='bbox 1709 5364 1806 5418; x_wconf 79' lang='grc' dir='ltr'><strong>καί</strong></span> <span class='ocrx_word' id='word_1_488' title='bbox 1836 5365 1986 5422; x_wconf 85' lang='grc' dir='ltr'><strong>πᾶσι</strong></span> 
     </span>
    </p>
   </div>
   <div class='ocr_carea' id='block_1_63' title="bbox 407 5437 1982 5520">
    <p class='ocr_par' dir='ltr' id='par_1_63' title="bbox 407 5437 1982 5520">
     <span class='ocr_line' id='line_1_63' title="bbox 407 5437 1982 5520; baseline 0.006 -28"><span class='ocrx_word' id='word_1_489' title='bbox 407 5437 530 5505; x_wconf 85' lang='grc' dir='ltr'><strong>τοῖς</strong></span> <span class='ocrx_word' id='word_1_490' title='bbox 553 5438 742 5505; x_wconf 82' lang='grc' dir='ltr'><strong>οἴκοις</strong></span> <span class='ocrx_word' id='word_1_491' title='bbox 773 5437 962 5508; x_wconf 80' lang='grc' dir='ltr'><strong>ὑμῶν.</strong></span> <span class='ocrx_word' id='word_1_492' title='bbox 989 5440 1164 5513; x_wconf 85' lang='grc' dir='ltr'><strong>Πολλὴ</strong></span> <span class='ocrx_word' id='word_1_493' title='bbox 1185 5445 1218 5512; x_wconf 86' lang='grc' dir='ltr'><strong>ή</strong></span> <span class='ocrx_word' id='word_1_494' title='bbox 1252 5443 1550 5514; x_wconf 80' lang='grc' dir='ltr'><strong>φιλοτιμία,</strong></span> <span class='ocrx_word' id='word_1_495' title='bbox 1582 5444 1750 5516; x_wconf 83' lang='grc' dir='ltr'><strong>πολλὴ</strong></span> <span class='ocrx_word' id='word_1_496' title='bbox 1773 5449 1807 5518; x_wconf 88' lang='grc' dir='ltr'><strong>ή</strong></span> <span class='ocrx_word' id='word_1_497' title='bbox 1846 5449 1982 5520; x_wconf 84' lang='grc' dir='ltr'><strong>πρό-</strong></span> 
     </span>
    </p>
   </div>
   <div class='ocr_carea' id='block_1_64' title="bbox 404 5521 1983 5602">
    <p class='ocr_par' dir='ltr' id='par_1_64' title="bbox 404 5521 1983 5602">
     <span class='ocr_line' id='line_1_64' title="bbox 404 5521 1983 5602; baseline 0.009 -30"><span class='ocrx_word' id='word_1_498' title='bbox 404 5537 541 5583; x_wconf 85' lang='grc' dir='ltr'><strong>νοια,</strong></span> <span class='ocrx_word' id='word_1_499' title='bbox 568 5522 772 5590; x_wconf 86' lang='grc' dir='ltr'><strong>ἀφατος</strong></span> <span class='ocrx_word' id='word_1_500' title='bbox 797 5523 830 5591; x_wconf 86' lang='grc' dir='ltr'><strong>ή</strong></span> <span class='ocrx_word' id='word_1_501' title='bbox 873 5521 1188 5594; x_wconf 84' lang='grc' dir='ltr'><strong>κηδεμονία.</strong></span> <span class='ocrx_word' id='word_1_502' title='bbox 1220 5526 1311 5578; x_wconf 85' lang='grc' dir='ltr'><strong>Διὸ</strong></span> <span class='ocrx_word' id='word_1_503' title='bbox 1339 5528 1578 5581; x_wconf 82' lang='grc' dir='ltr'><strong>κάκεῖνοι</strong></span> <span class='ocrx_word' id='word_1_504' title='bbox 1607 5530 1861 5602; x_wconf 72' lang='grc' dir='ltr'><strong>αἴσθησιν</strong></span> <span class='ocrx_word' id='word_1_505' title='bbox 1888 5532 1983 5586; x_wconf 84' lang='grc' dir='ltr'><strong>λα-</strong></span> 
     </span>
    </p>
   </div>
   <div class='ocr_carea' id='block_1_65' title="bbox 404 5603 1952 5685">
    <p class='ocr_par' dir='ltr' id='par_1_65' title="bbox 404 5603 1952 5685">
     <span class='ocr_line' id='line_1_65' title="bbox 404 5603 1952 5685; baseline 0.01 -31"><span class='ocrx_word' id='word_1_506' title='bbox 404 5603 590 5667; x_wconf 69' lang='grc' dir='ltr'><strong>ϐὁντες</strong></span> <span class='ocrx_word' id='word_1_507' title='bbox 613 5604 712 5671; x_wconf 86' lang='grc' dir='ltr'><strong>τῆς</strong></span> <span class='ocrx_word' id='word_1_508' title='bbox 740 5604 1080 5673; x_wconf 78' lang='grc' dir='ltr'><strong>εὐεργεσίας,</strong></span> <span class='ocrx_word' id='word_1_509' title='bbox 1110 5609 1243 5676; x_wconf 86' lang='grc' dir='ltr'><strong>φασί</strong></span> <span class='ocrx_word' id='word_1_510' title='bbox 1264 5623 1277 5636; x_wconf 89' lang='grc'><strong>·</strong></span> <span class='ocrx_word' id='word_1_511' title='bbox 1312 5610 1591 5677; x_wconf 79' lang='grc' dir='ltr'><strong>Σέσωκας</strong></span> <span class='ocrx_word' id='word_1_512' title='bbox 1612 5613 1792 5682; x_wconf 78' lang='grc' dir='ltr'><strong>ἡμᾶς,</strong></span> <span class='ocrx_word' id='word_1_513' title='bbox 1811 5617 1952 5685; x_wconf 74' lang='grc' dir='ltr'><strong>εὗρο</strong></span> 
     </span>
    </p>
   </div>
   <div class='ocr_carea' id='block_1_66' title="bbox 398 5686 1976 5766">
    <p class='ocr_par' dir='ltr' id='par_1_66' title="bbox 398 5686 1976 5766">
     <span class='ocr_line' id='line_1_66' title="bbox 398 5686 1976 5766; baseline 0.011 -28"><span class='ocrx_word' id='word_1_514' title='bbox 398 5703 516 5756; x_wconf 81' lang='grc' dir='ltr'><strong>μεν</strong></span> <span class='ocrx_word' id='word_1_515' title='bbox 551 5686 726 5755; x_wconf 76' lang='grc' dir='ltr'><strong>χάριν</strong></span> <span class='ocrx_word' id='word_1_516' title='bbox 761 5686 1040 5743; x_wconf 73' lang='grc' dir='ltr'><strong>ἐναντίον</strong></span> <span class='ocrx_word' id='word_1_517' title='bbox 1085 5692 1189 5749; x_wconf 84' lang='grc' dir='ltr'><strong>τοῦ</strong></span> <span class='ocrx_word' id='word_1_518' title='bbox 1224 5695 1434 5763; x_wconf 63' lang='grc' dir='ltr'><strong>κιγτείου</strong></span> <span class='ocrx_word' id='word_1_519' title='bbox 1468 5695 1667 5766; x_wconf 77' lang='grc' dir='ltr'><strong>ήμῶνο</strong></span> <span class='ocrx_word' id='word_1_520' title='bbox 1714 5699 1813 5754; x_wconf 77' lang='grc' dir='ltr'><strong>καί</strong></span> <span class='ocrx_word' id='word_1_521' title='bbox 1842 5700 1976 5755; x_wconf 72' lang='grc' dir='ltr'><strong>ἐσόο</strong></span> 
     </span>
    </p>
   </div>
   <div class='ocr_carea' id='block_1_67' title="bbox 418 5787 1047 5876">
    <p class='ocr_par' dir='ltr' id='par_1_67' title="bbox 418 5787 1047 5876">
     <span class='ocr_line' id='line_1_67' title="bbox 418 5787 1047 5876; baseline 0.011 -19"><span class='ocrx_word' id='word_1_522' title='bbox 418 5787 430 5794; x_wconf 30' lang='grc'><strong><em>4</em></strong></span> <span class='ocrx_word' id='word_1_523' title='bbox 469 5808 494 5838; x_wconf 82' lang='grc'><strong><em>⁸</em></strong></span> <span class='ocrx_word' id='word_1_524' title='bbox 521 5808 643 5861; x_wconf 74' lang='lat' dir='ltr'><strong>LXX</strong></span> <span class='ocrx_word' id='word_1_525' title='bbox 667 5811 844 5862; x_wconf 74' lang='lat' dir='ltr'><strong>addunt</strong></span> <span class='ocrx_word' id='word_1_526' title='bbox 866 5812 1047 5876; x_wconf 76' lang='grc' dir='ltr'><strong>ἄρτους.</strong></span> 
     </span>
    </p>
   </div>
   <div class='ocr_carea' id='block_1_68' title="bbox 1443 268 2701 338">
    <p class='ocr_par' dir='ltr' id='par_1_68' title="bbox 1443 268 2701 338">
     <span class='ocr_line' id='line_1_68' title="bbox 1443 268 2701 338; baseline -0.01 -2"><span class='ocrx_word' id='word_1_527' title='bbox 1443 280 1510 338; x_wconf 82' lang='lat' dir='ltr'><strong>IN</strong></span> <span class='ocrx_word' id='word_1_528' title='bbox 1549 279 1702 337; x_wconf 74' lang='lat' dir='ltr'><strong>CAP.</strong></span> <span class='ocrx_word' id='word_1_529' title='bbox 1741 273 1934 334; x_wconf 65' lang='lat' dir='ltr'><strong>XLVI}</strong></span> <span class='ocrx_word' id='word_1_530' title='bbox 1971 268 2230 333; x_wconf 66' lang='lat' dir='ltr'><strong>GENES.‘</strong></span> <span class='ocrx_word' id='word_1_531' title='bbox 2264 269 2497 326; x_wconf 76' lang='lat' dir='ltr'><strong>llOMiL.</strong></span> <span class='ocrx_word' id='word_1_532' title='bbox 2537 269 2701 324; x_wconf 68' lang='lat' dir='ltr'><strong>LXV.</strong></span> 
     </span>
    </p>
   </div>
   <div class='ocr_carea' id='block_1_69' title="bbox 3563 258 3732 329">
    <p class='ocr_par' dir='ltr' id='par_1_69' title="bbox 3563 258 3732 329">
     <span class='ocr_line' id='line_1_69' title="bbox 3563 258 3732 329; baseline 0 -31"><span class='ocrx_word' id='word_1_533' title='bbox 3563 258 3732 329; x_wconf 43' lang='grc' dir='ltr'><strong>εδει.</strong></span> 
     </span>
    </p>
   </div>
   <div class='ocr_carea' id='block_1_70' title="bbox 2129 375 3734 456">
    <p class='ocr_par' dir='ltr' id='par_1_70' title="bbox 2129 375 3734 456">
     <span class='ocr_line' id='line_1_70' title="bbox 2129 375 3734 456; baseline -0.008 -15"><span class='ocrx_word' id='word_1_534' title='bbox 2129 390 2284 456; x_wconf 85' lang='grc' dir='ltr'><strong>μεθα</strong></span> <span class='ocrx_word' id='word_1_535' title='bbox 2329 386 2537 452; x_wconf 76' lang='grc' dir='ltr'><strong>παῖδες</strong></span> <span class='ocrx_word' id='word_1_536' title='bbox 2561 384 2640 452; x_wconf 80' lang='grc' dir='ltr'><strong>τῷ</strong></span> <span class='ocrx_word' id='word_1_537' title='bbox 2667 384 2900 452; x_wconf 78' lang='grc' dir='ltr'><strong>Φαραὼ.</strong></span> <span class='ocrx_word' id='word_1_538' title='bbox 2932 376 3084 444; x_wconf 74' lang='grc' dir='ltr'><strong>Εἶδες</strong></span> <span class='ocrx_word' id='word_1_539' title='bbox 3119 375 3472 449; x_wconf 55' lang='grc' dir='ltr'><strong>φιλοτίιιίαηηΔ</strong></span> <span class='ocrx_word' id='word_1_540' title='bbox 3496 375 3734 444; x_wconf 65' lang='grc' dir='ltr'><strong>Ἐπειδὴέ</strong></span> 
     </span>
    </p>
   </div>
   <div class='ocr_carea' id='block_1_71' title="bbox 2133 457 3715 538">
    <p class='ocr_par' dir='ltr' id='par_1_71' title="bbox 2133 457 3715 538">
     <span class='ocr_line' id='line_1_71' title="bbox 2133 457 3715 538; baseline -0.008 -16"><span class='ocrx_word' id='word_1_541' title='bbox 2133 467 2280 538; x_wconf 79' lang='grc' dir='ltr'><strong>ἑώρα</strong></span> <span class='ocrx_word' id='word_1_542' title='bbox 2301 469 2497 531; x_wconf 83' lang='grc' dir='ltr'><strong>αὐτοὺς</strong></span> <span class='ocrx_word' id='word_1_543' title='bbox 2526 466 3026 538; x_wconf 80' lang='grc' dir='ltr'><strong>κατειργασμένους</strong></span> <span class='ocrx_word' id='word_1_544' title='bbox 3051 462 3154 524; x_wconf 83' lang='grc' dir='ltr'><strong>ὑπὸ</strong></span> <span class='ocrx_word' id='word_1_545' title='bbox 3190 461 3291 532; x_wconf 79' lang='grc' dir='ltr'><strong>τῆς</strong></span> <span class='ocrx_word' id='word_1_546' title='bbox 3321 458 3546 521; x_wconf 77' lang='grc' dir='ltr'><strong>ἐνδείας,</strong></span> <span class='ocrx_word' id='word_1_547' title='bbox 3576 457 3715 525; x_wconf 85' lang='grc' dir='ltr'><strong>λογι-</strong></span> 
     </span>
    </p>
   </div>
   <div class='ocr_carea' id='block_1_72' title="bbox 2132 544 3715 621">
    <p class='ocr_par' dir='ltr' id='par_1_72' title="bbox 2132 544 3715 621">
     <span class='ocr_line' id='line_1_72' title="bbox 2132 544 3715 621; baseline -0.009 -15"><span class='ocrx_word' id='word_1_548' title='bbox 2132 550 2358 621; x_wconf 80' lang='grc' dir='ltr'><strong>ζόμενος</strong></span> <span class='ocrx_word' id='word_1_549' title='bbox 2407 552 2530 606; x_wconf 83' lang='grc' dir='ltr'><strong>ὅσον</strong></span> <span class='ocrx_word' id='word_1_550' title='bbox 2592 550 2877 621; x_wconf 82' lang='grc' dir='ltr'><strong>μέλλουσιν</strong></span> <span class='ocrx_word' id='word_1_551' title='bbox 2908 545 3198 618; x_wconf 82' lang='grc' dir='ltr'><strong>ὑπομένειν</strong></span> <span class='ocrx_word' id='word_1_552' title='bbox 3243 544 3490 614; x_wconf 89' lang='grc' dir='ltr'><strong>κάματον</strong></span> <span class='ocrx_word' id='word_1_553' title='bbox 3537 555 3715 610; x_wconf 75' lang='grc' dir='ltr'><strong>γεωρο</strong></span> 
     </span>
    </p>
   </div>
   <div class='ocr_carea' id='block_1_73' title="bbox 2130 621 3712 704">
    <p class='ocr_par' dir='ltr' id='par_1_73' title="bbox 2130 621 3712 704">
     <span class='ocr_line' id='line_1_73' title="bbox 2130 621 3712 704; baseline -0.009 -18"><span class='ocrx_word' id='word_1_554' title='bbox 2130 634 2354 700; x_wconf 79' lang='grc' dir='ltr'><strong>γοῦντις</strong></span> <span class='ocrx_word' id='word_1_555' title='bbox 2379 635 2471 689; x_wconf 70' lang='grc' dir='ltr'><strong>καὶ</strong></span> <span class='ocrx_word' id='word_1_556' title='bbox 2495 631 3022 704; x_wconf 86' lang='grc' dir='ltr'><strong>ταλαιπωρούμενοι,</strong></span> <span class='ocrx_word' id='word_1_557' title='bbox 3055 631 3187 698; x_wconf 83' lang='grc' dir='ltr'><strong>φησί</strong></span> <span class='ocrx_word' id='word_1_558' title='bbox 3212 643 3225 656; x_wconf 86' lang='grc'><strong>·</strong></span> <span class='ocrx_word' id='word_1_559' title='bbox 3254 626 3326 679; x_wconf 88' lang='grc' dir='ltr'><strong>Τὸ</strong></span> <span class='ocrx_word' id='word_1_560' title='bbox 3363 624 3461 694; x_wconf 81' lang='grc' dir='ltr'><strong>μὲν</strong></span> <span class='ocrx_word' id='word_1_561' title='bbox 3489 621 3712 692; x_wconf 80' lang='grc' dir='ltr'><strong>σπέρμα</strong></span> 
     </span>
    </p>
   </div>
   <div class='ocr_carea' id='block_1_74' title="bbox 2131 706 3712 787">
    <p class='ocr_par' dir='ltr' id='par_1_74' title="bbox 2131 706 3712 787">
     <span class='ocr_line' id='line_1_74' title="bbox 2131 706 3712 787; baseline -0.008 -18"><span class='ocrx_word' id='word_1_562' title='bbox 2131 717 2260 785; x_wconf 85' lang='grc' dir='ltr'><strong>ὑμῖν</strong></span> <span class='ocrx_word' id='word_1_563' title='bbox 2309 715 2422 784; x_wconf 81' lang='grc' dir='ltr'><strong>ἐγὼ</strong></span> <span class='ocrx_word' id='word_1_564' title='bbox 2477 717 2792 787; x_wconf 78' lang='grc' dir='ltr'><strong>χορηγήσω,</strong></span> <span class='ocrx_word' id='word_1_565' title='bbox 2839 712 3092 784; x_wconf 77' lang='grc' dir='ltr'><strong>ὑμεῖςδὲ</strong></span> <span class='ocrx_word' id='word_1_566' title='bbox 3128 709 3225 781; x_wconf 82' lang='grc' dir='ltr'><strong>τὴν</strong></span> <span class='ocrx_word' id='word_1_567' title='bbox 3267 707 3583 775; x_wconf 76' lang='grc' dir='ltr'><strong>ἐπιμέλειαν</strong></span> <span class='ocrx_word' id='word_1_568' title='bbox 3611 706 3712 775; x_wconf 76' lang='grc' dir='ltr'><strong>τὴν</strong></span> 
     </span>
    </p>
   </div>
   <div class='ocr_carea' id='block_1_75' title="bbox 2130 787 3711 868">
    <p class='ocr_par' dir='ltr' id='par_1_75' title="bbox 2130 787 3711 868">
     <span class='ocr_line' id='line_1_75' title="bbox 2130 787 3711 868; baseline -0.009 -16"><span class='ocrx_word' id='word_1_569' title='bbox 2130 797 2295 868; x_wconf 76' lang='grc' dir='ltr'><strong>ἄλλην</strong></span> <span class='ocrx_word' id='word_1_570' title='bbox 2328 797 2546 852; x_wconf 72' lang='grc' dir='ltr'><strong>ἅπασαν</strong></span> <span class='ocrx_word' id='word_1_571' title='bbox 2569 795 2966 851; x_wconf 72' lang='grc' dir='ltr'><strong>ἱπιδείκνυσθε.</strong></span> <span class='ocrx_word' id='word_1_572' title='bbox 2987 793 3098 848; x_wconf 89' lang='lat' dir='ltr'><strong>Kal</strong></span> <span class='ocrx_word' id='word_1_573' title='bbox 3126 792 3222 845; x_wconf 77' lang='grc' dir='ltr'><strong>ἐὰν</strong></span> <span class='ocrx_word' id='word_1_574' title='bbox 3241 791 3466 861; x_wconf 89' lang='grc' dir='ltr'><strong>γένηται</strong></span> <span class='ocrx_word' id='word_1_575' title='bbox 3493 787 3562 841; x_wconf 84' lang='grc' dir='ltr'><strong>τὰ</strong></span> <span class='ocrx_word' id='word_1_576' title='bbox 3589 802 3711 855; x_wconf 87' lang='grc' dir='ltr'><strong>γεν-</strong></span> 
     </span>
    </p>
   </div>
   <div class='ocr_carea' id='block_1_76' title="bbox 2129 872 3708 952">
    <p class='ocr_par' dir='ltr' id='par_1_76' title="bbox 2129 872 3708 952">
     <span class='ocr_line' id='line_1_76' title="bbox 2129 872 3708 952; baseline -0.007 -18"><span class='ocrx_word' id='word_1_577' title='bbox 2129 885 2366 951; x_wconf 86' lang='grc' dir='ltr'><strong>νήματα,</strong></span> <span class='ocrx_word' id='word_1_578' title='bbox 2397 879 2599 951; x_wconf 82' lang='grc' dir='ltr'><strong>δώσετε</strong></span> <span class='ocrx_word' id='word_1_579' title='bbox 2626 882 2792 951; x_wconf 81' lang='grc' dir='ltr'><strong>μέρος</strong></span> <span class='ocrx_word' id='word_1_580' title='bbox 2818 880 2876 933; x_wconf 75' lang='grc' dir='ltr'><strong>ἓν</strong></span> <span class='ocrx_word' id='word_1_581' title='bbox 2898 895 2912 910; x_wconf 77' lang='grc' dir='ltr'><strong>ο</strong></span> <span class='ocrx_word' id='word_1_582' title='bbox 2947 877 3016 932; x_wconf 82' lang='grc' dir='ltr'><strong>τὰ</strong></span> <span class='ocrx_word' id='word_1_583' title='bbox 3044 877 3101 931; x_wconf 84' lang='grc' dir='ltr'><strong>δὲ</strong></span> <span class='ocrx_word' id='word_1_584' title='bbox 3119 876 3362 950; x_wconf 87' lang='grc' dir='ltr'><strong>τέσσαρα</strong></span> <span class='ocrx_word' id='word_1_585' title='bbox 3385 874 3512 952; x_wconf 80' lang='grc' dir='ltr'><strong>ὑμῖν</strong></span> <span class='ocrx_word' id='word_1_586' title='bbox 3532 872 3708 934; x_wconf 70' lang='grc' dir='ltr'><strong>ἔσται,</strong></span> 
     </span>
    </p>
   </div>
   <div class='ocr_carea' id='block_1_77' title="bbox 2129 956 3710 1034">
    <p class='ocr_par' dir='ltr' id='par_1_77' title="bbox 2129 956 3710 1034">
     <span class='ocr_line' id='line_1_77' title="bbox 2129 956 3710 1034; baseline -0.005 -18"><span class='ocrx_word' id='word_1_587' title='bbox 2129 964 2221 1016; x_wconf 76' lang='grc' dir='ltr'><strong>καὶ</strong></span> <span class='ocrx_word' id='word_1_588' title='bbox 2257 963 2450 1034; x_wconf 76' lang='grc' dir='ltr'><strong>μισθὸς</strong></span> <span class='ocrx_word' id='word_1_589' title='bbox 2491 962 2600 1016; x_wconf 83' lang='grc' dir='ltr'><strong>τῶν</strong></span> <span class='ocrx_word' id='word_1_590' title='bbox 2629 965 2830 1026; x_wconf 86' lang='grc' dir='ltr'><strong>πόνων,</strong></span> <span class='ocrx_word' id='word_1_591' title='bbox 2870 963 2965 1016; x_wconf 78' lang='grc' dir='ltr'><strong>καὶ</strong></span> <span class='ocrx_word' id='word_1_592' title='bbox 3010 961 3146 1031; x_wconf 86' lang='grc' dir='ltr'><strong>πρὸς</strong></span> <span class='ocrx_word' id='word_1_593' title='bbox 3172 957 3467 1029; x_wconf 83' lang='grc' dir='ltr'><strong>διατροφὴν</strong></span> <span class='ocrx_word' id='word_1_594' title='bbox 3499 956 3710 1026; x_wconf 74' lang='grc' dir='ltr'><strong>ἀὐτάρ-</strong></span> 
     </span>
    </p>
   </div>
   <div class='ocr_carea' id='block_1_78' title="bbox 2128 1042 3711 1111">
    <p class='ocr_par' dir='ltr' id='par_1_78' title="bbox 2128 1042 3711 1111">
     <span class='ocr_line' id='line_1_78' title="bbox 2128 1042 3711 1111; baseline -0.006 -10"><span class='ocrx_word' id='word_1_595' title='bbox 2128 1064 2269 1103; x_wconf 89' lang='grc' dir='ltr'><strong>κεια.</strong></span> <span class='ocrx_word' id='word_1_596' title='bbox 2304 1048 2412 1101; x_wconf 74' lang='grc' dir='ltr'><strong>Καὶ</strong></span> <span class='ocrx_word' id='word_1_597' title='bbox 2458 1048 2635 1102; x_wconf 83' lang='grc' dir='ltr'><strong>τοῦτο</strong></span> <span class='ocrx_word' id='word_1_598' title='bbox 2687 1046 2758 1100; x_wconf 77' lang='grc' dir='ltr'><strong>δὲ</strong></span> <span class='ocrx_word' id='word_1_599' title='bbox 2787 1047 2956 1101; x_wconf 71' lang='grc' dir='ltr'><strong>ἔθετο</strong></span> <span class='ocrx_word' id='word_1_600' title='bbox 3013 1044 3218 1111; x_wconf 84' lang='grc' dir='ltr'><strong>αὐτοῖς</strong></span> <span class='ocrx_word' id='word_1_601' title='bbox 3249 1043 3316 1097; x_wconf 78' lang='grc' dir='ltr'><strong>τὸ</strong></span> <span class='ocrx_word' id='word_1_602' title='bbox 3355 1042 3711 1110; x_wconf 79' lang='grc' dir='ltr'><strong>πρόσταγμα</strong></span> 
     </span>
    </p>
   </div>
   <div class='ocr_carea' id='block_1_79' title="bbox 2127 1121 3708 1199">
    <p class='ocr_par' dir='ltr' id='par_1_79' title="bbox 2127 1121 3708 1199">
     <span class='ocr_line' id='line_1_79' title="bbox 2127 1121 3708 1199; baseline 0.005 -17"><span class='ocrx_word' id='word_1_603' title='bbox 2127 1128 2374 1198; x_wconf 79' lang='grc' dir='ltr'><strong>Ἰωσὴφ,</strong></span> <span class='ocrx_word' id='word_1_604' title='bbox 2408 1129 2565 1184; x_wconf 83' lang='grc' dir='ltr'><strong>ὥστε</strong></span> <span class='ocrx_word' id='word_1_605' title='bbox 2583 1125 3123 1199; x_wconf 78' lang='grc' dir='ltr'><strong>ἀποπεμπτοῦντῷ</strong></span> <span class='ocrx_word' id='word_1_606' title='bbox 3141 1125 3371 1195; x_wconf 82' lang='grc' dir='ltr'><strong>Φαραὼ,</strong></span> <span class='ocrx_word' id='word_1_607' title='bbox 3401 1122 3579 1194; x_wconf 74' lang='grc' dir='ltr'><strong>χωρὶς</strong></span> <span class='ocrx_word' id='word_1_608' title='bbox 3598 1121 3708 1191; x_wconf 80' lang='grc' dir='ltr'><strong>τῆς</strong></span> 
     </span>
    </p>
   </div>
   <div class='ocr_carea' id='block_1_80' title="bbox 2125 1211 3472 1282">
    <p class='ocr_par' dir='ltr' id='par_1_80' title="bbox 2125 1211 3472 1282">
     <span class='ocr_line' id='line_1_80' title="bbox 2125 1211 3472 1282; baseline 0 -16"><span class='ocrx_word' id='word_1_609' title='bbox 2125 1211 2239 1282; x_wconf 52' lang='grc' dir='ltr'><strong>ῆς</strong></span> <span class='ocrx_word' id='word_1_610' title='bbox 2259 1212 2381 1266; x_wconf 80' lang='grc' dir='ltr'><strong>τῶν</strong></span> <span class='ocrx_word' id='word_1_611' title='bbox 2409 1213 2615 1281; x_wconf 81' lang='grc' dir='ltr'><strong>ἱερέων</strong></span> <span class='ocrx_word' id='word_1_612' title='bbox 2640 1214 2861 1282; x_wconf 84' lang='grc' dir='ltr'><strong>μόνης.-</strong></span> <span class='ocrx_word' id='word_1_613' title='bbox 3005 1237 3014 1262; x_wconf 82' lang='lat'><strong><em>:</em></strong></span> <span class='ocrx_word' id='word_1_614' title='bbox 3088 1236 3096 1261; x_wconf 72' lang='grc' dir='ltr'><em>ς</em></span> <span class='ocrx_word' id='word_1_615' title='bbox 3192 1239 3200 1256; x_wconf 69' lang='grc' dir='ltr'>ς</span> <span class='ocrx_word' id='word_1_616' title='bbox 3369 1261 3372 1263; x_wconf 79' lang='grc'><strong>.</strong></span> <span class='ocrx_word' id='word_1_617' title='bbox 3419 1264 3421 1266; x_wconf 78' lang='lat'>.</span> <span class='ocrx_word' id='word_1_618' title='bbox 3463 1261 3472 1266; x_wconf 93' lang='lat'>.</span> 
     </span>
    </p>
   </div>
   <div class='ocr_carea' id='block_1_81' title="bbox 2208 1287 3706 1367">
    <p class='ocr_par' dir='ltr' id='par_1_81' title="bbox 2208 1287 3706 1367">
     <span class='ocr_line' id='line_1_81' title="bbox 2208 1287 3706 1367; baseline -0.005 -18"><span class='ocrx_word' id='word_1_619' title='bbox 2208 1297 2578 1356; x_wconf 80' lang='grc' dir='ltr'><strong>Ἀκουὲτωσαν</strong></span> <span class='ocrx_word' id='word_1_620' title='bbox 2615 1294 2815 1362; x_wconf 82' lang='grc' dir='ltr'><strong>οἰνῦν,</strong></span> <span class='ocrx_word' id='word_1_621' title='bbox 2837 1295 2970 1367; x_wconf 83' lang='grc' dir='ltr'><strong>ὅσην</strong></span> <span class='ocrx_word' id='word_1_622' title='bbox 3008 1297 3121 1357; x_wconf 85' lang='grc' dir='ltr'><strong>τοῖς</strong></span> <span class='ocrx_word' id='word_1_623' title='bbox 3167 1291 3370 1364; x_wconf 79' lang='grc' dir='ltr'><strong>ἱερεῦσι</strong></span> <span class='ocrx_word' id='word_1_624' title='bbox 3414 1289 3523 1344; x_wconf 81' lang='grc' dir='ltr'><strong>τῶν</strong></span> <span class='ocrx_word' id='word_1_625' title='bbox 3552 1287 3706 1343; x_wconf 87' lang='grc' dir='ltr'><strong>εἰδώ-</strong></span> 
     </span>
    </p>
   </div>
   <div class='ocr_carea' id='block_1_82' title="bbox 2125 1371 3712 1452">
    <p class='ocr_par' dir='ltr' id='par_1_82' title="bbox 2125 1371 3712 1452">
     <span class='ocr_line' id='line_1_82' title="bbox 2125 1371 3712 1452; baseline -0.005 -18"><span class='ocrx_word' id='word_1_626' title='bbox 2125 1379 2232 1434; x_wconf 88' lang='grc' dir='ltr'><strong>λων</strong></span> <span class='ocrx_word' id='word_1_627' title='bbox 2247 1379 2545 1452; x_wconf 84' lang='grc' dir='ltr'><strong>προνομίαν</strong></span> <span class='ocrx_word' id='word_1_628' title='bbox 2570 1382 2833 1452; x_wconf 80' lang='grc' dir='ltr'><strong>παρεῖχον</strong></span> <span class='ocrx_word' id='word_1_629' title='bbox 2857 1379 2919 1432; x_wconf 81' lang='grc' dir='ltr'><strong>τὸ</strong></span> <span class='ocrx_word' id='word_1_630' title='bbox 2942 1377 3170 1432; x_wconf 74' lang='grc' dir='ltr'><strong>παλαιόν</strong></span> <span class='ocrx_word' id='word_1_631' title='bbox 3184 1393 3215 1428; x_wconf 78' lang='grc' dir='ltr'><strong>ο.</strong></span> <span class='ocrx_word' id='word_1_632' title='bbox 3235 1376 3331 1429; x_wconf 69' lang='grc' dir='ltr'><strong>καὶ</strong></span> <span class='ocrx_word' id='word_1_633' title='bbox 3353 1371 3712 1428; x_wconf 81' lang='grc' dir='ltr'><strong>παιδευέσθω-</strong></span> 
     </span>
    </p>
   </div>
   <div class='ocr_carea' id='block_1_83' title="bbox 2125 1454 3707 1535">
    <p class='ocr_par' dir='ltr' id='par_1_83' title="bbox 2125 1454 3707 1535">
     <span class='ocr_line' id='line_1_83' title="bbox 2125 1454 3707 1535; baseline -0.006 -19"><span class='ocrx_word' id='word_1_634' title='bbox 2125 1481 2226 1516; x_wconf 85' lang='grc' dir='ltr'><strong>σαν</strong></span> <span class='ocrx_word' id='word_1_635' title='bbox 2253 1463 2355 1518; x_wconf 77' lang='grc' dir='ltr'><strong>κᾶν</strong></span> <span class='ocrx_word' id='word_1_636' title='bbox 2405 1464 2537 1532; x_wconf 80' lang='grc' dir='ltr'><strong>γοῦν</strong></span> <span class='ocrx_word' id='word_1_637' title='bbox 2561 1467 2662 1534; x_wconf 86' lang='grc' dir='ltr'><strong>τὴν</strong></span> <span class='ocrx_word' id='word_1_638' title='bbox 2696 1465 2833 1535; x_wconf 61' lang='grc' dir='ltr'><strong>ῐσην,</strong></span> <span class='ocrx_word' id='word_1_639' title='bbox 2853 1462 3116 1534; x_wconf 83' lang='grc' dir='ltr'><strong>παρέχειν</strong></span> <span class='ocrx_word' id='word_1_640' title='bbox 3151 1458 3318 1530; x_wconf 81' lang='grc' dir='ltr'><strong>τιμὴν</strong></span> <span class='ocrx_word' id='word_1_641' title='bbox 3335 1461 3450 1520; x_wconf 79' lang='grc' dir='ltr'><strong>τοῖς</strong></span> <span class='ocrx_word' id='word_1_642' title='bbox 3475 1456 3569 1510; x_wconf 87' lang='grc' dir='ltr'><strong>τοῦ</strong></span> <span class='ocrx_word' id='word_1_643' title='bbox 3597 1454 3707 1512; x_wconf 82' lang='grc' dir='ltr'><strong>τῶν</strong></span> 
     </span>
    </p>
   </div>
   <div class='ocr_carea' id='block_1_84' title="bbox 2121 1538 3704 1619">
    <p class='ocr_par' dir='ltr' id='par_1_84' title="bbox 2121 1538 3704 1619">
     <span class='ocr_line' id='line_1_84' title="bbox 2121 1538 3704 1619; baseline -0.007 -17"><span class='ocrx_word' id='word_1_644' title='bbox 2121 1547 2258 1602; x_wconf 84' lang='grc' dir='ltr'><strong>ὅλων</strong></span> <span class='ocrx_word' id='word_1_645' title='bbox 2273 1546 2414 1601; x_wconf 86' lang='grc' dir='ltr'><strong>Θεοῦ</strong></span> <span class='ocrx_word' id='word_1_646' title='bbox 2425 1547 2525 1618; x_wconf 85' lang='grc' dir='ltr'><strong>τὴν</strong></span> <span class='ocrx_word' id='word_1_647' title='bbox 2540 1546 2884 1619; x_wconf 80' lang='grc' dir='ltr'><strong>λειτουργίαν</strong></span> <span class='ocrx_word' id='word_1_648' title='bbox 2908 1542 3430 1616; x_wconf 79' lang='grc' dir='ltr'><strong>ὲγκεχειρισμένοις.</strong></span> <span class='ocrx_word' id='word_1_649' title='bbox 3450 1541 3514 1593; x_wconf 91' lang='grc' dir='ltr'><strong>Εἰ</strong></span> <span class='ocrx_word' id='word_1_650' title='bbox 3543 1538 3653 1608; x_wconf 87' lang='grc' dir='ltr'><strong>γὰρ</strong></span> <span class='ocrx_word' id='word_1_651' title='bbox 3677 1538 3704 1577; x_wconf 66' lang='grc'><strong>1³</strong></span> 
     </span>
    </p>
   </div>
   <div class='ocr_carea' id='block_1_85' title="bbox 2123 1621 3707 1701">
    <p class='ocr_par' dir='ltr' id='par_1_85' title="bbox 2123 1621 3707 1701">
     <span class='ocr_line' id='line_1_85' title="bbox 2123 1621 3707 1701; baseline -0.007 -17"><span class='ocrx_word' id='word_1_652' title='bbox 2123 1632 2319 1686; x_wconf 71' lang='grc' dir='ltr'><strong>ἐκεῖνοι</strong></span> <span class='ocrx_word' id='word_1_653' title='bbox 2351 1630 2715 1701; x_wconf 85' lang='grc' dir='ltr'><strong>πλανώμενοι,</strong></span> <span class='ocrx_word' id='word_1_654' title='bbox 2747 1630 2844 1684; x_wconf 84' lang='grc' dir='ltr'><strong>καὶ</strong></span> <span class='ocrx_word' id='word_1_655' title='bbox 2893 1629 2993 1700; x_wconf 84' lang='grc' dir='ltr'><strong>τὴν</strong></span> <span class='ocrx_word' id='word_1_656' title='bbox 3028 1627 3158 1698; x_wconf 84' lang='grc' dir='ltr'><strong>περί</strong></span> <span class='ocrx_word' id='word_1_657' title='bbox 3195 1625 3280 1679; x_wconf 82' lang='grc' dir='ltr'><strong>τὰ·</strong></span> <span class='ocrx_word' id='word_1_658' title='bbox 3313 1621 3510 1677; x_wconf 81' lang='grc' dir='ltr'><strong>εἴδωλα</strong></span> <span class='ocrx_word' id='word_1_659' title='bbox 3543 1621 3707 1692; x_wconf 80' lang='grc' dir='ltr'><strong>θερα-</strong></span> 
     </span>
    </p>
   </div>
   <div class='ocr_carea' id='block_1_86' title="bbox 2123 1703 3774 1784">
    <p class='ocr_par' dir='ltr' id='par_1_86' title="bbox 2123 1703 3774 1784">
     <span class='ocr_line' id='line_1_86' title="bbox 2123 1703 3774 1784; baseline -0.005 -16"><span class='ocrx_word' id='word_1_660' title='bbox 2123 1716 2284 1768; x_wconf 89' lang='grc' dir='ltr'><strong>πείαν</strong></span> <span class='ocrx_word' id='word_1_661' title='bbox 2309 1713 2761 1784; x_wconf 69' lang='grc' dir='ltr'><strong>ἐπιδεικνύμενοι,</strong></span> <span class='ocrx_word' id='word_1_662' title='bbox 2796 1715 2879 1769; x_wconf 87' lang='grc' dir='ltr'><strong>ὃτι</strong></span> <span class='ocrx_word' id='word_1_663' title='bbox 2916 1712 3166 1782; x_wconf 68' lang='grc' dir='ltr'><strong>ἐνόμιζον</strong></span> <span class='ocrx_word' id='word_1_664' title='bbox 3203 1709 3294 1762; x_wconf 82' lang='grc' dir='ltr'><strong>διὰ</strong></span> <span class='ocrx_word' id='word_1_665' title='bbox 3328 1705 3520 1761; x_wconf 86' lang='grc' dir='ltr'><strong>τούτου</strong></span> <span class='ocrx_word' id='word_1_666' title='bbox 3551 1703 3706 1774; x_wconf 83' lang='grc' dir='ltr'><strong>μάλι-</strong></span> <span class='ocrx_word' id='word_1_667' title='bbox 3772 1746 3774 1748; x_wconf 55' lang='grc' dir='ltr'><strong>τ</strong></span> 
     </span>
    </p>
   </div>
   <div class='ocr_carea' id='block_1_87' title="bbox 2123 1787 3707 1867">
    <p class='ocr_par' dir='ltr' id='par_1_87' title="bbox 2123 1787 3707 1867">
     <span class='ocr_line' id='line_1_87' title="bbox 2123 1787 3707 1867; baseline -0.008 -17"><span class='ocrx_word' id='word_1_668' title='bbox 2123 1814 2226 1851; x_wconf 85' lang='grc' dir='ltr'><strong>στα</strong></span> <span class='ocrx_word' id='word_1_669' title='bbox 2259 1796 2482 1850; x_wconf 78' lang='grc' dir='ltr'><strong>πλείονα</strong></span> <span class='ocrx_word' id='word_1_670' title='bbox 2515 1797 2628 1867; x_wconf 83' lang='grc' dir='ltr'><strong>τὴν</strong></span> <span class='ocrx_word' id='word_1_671' title='bbox 2660 1797 2898 1867; x_wconf 82' lang='grc' dir='ltr'><strong>ἀμοιϐὴν</strong></span> <span class='ocrx_word' id='word_1_672' title='bbox 2934 1795 3235 1864; x_wconf 77' lang='grc' dir='ltr'><strong>ἀπονέμειν</strong></span> <span class='ocrx_word' id='word_1_673' title='bbox 3277 1794 3392 1855; x_wconf 81' lang='grc' dir='ltr'><strong>τοῖς</strong></span> <span class='ocrx_word' id='word_1_674' title='bbox 3442 1787 3707 1850; x_wconf 79' lang='grc' dir='ltr'><strong>εἰδώλοις,</strong></span> 
     </span>
    </p>
   </div>
   <div class='ocr_carea' id='block_1_88' title="bbox 2120 1870 3706 1949">
    <p class='ocr_par' dir='ltr' id='par_1_88' title="bbox 2120 1870 3706 1949">
     <span class='ocr_line' id='line_1_88' title="bbox 2120 1870 3706 1949; baseline -0.006 -17"><span class='ocrx_word' id='word_1_675' title='bbox 2120 1879 2388 1948; x_wconf 84' lang='grc' dir='ltr'><strong>τοσαύτης</strong></span> <span class='ocrx_word' id='word_1_676' title='bbox 2437 1879 2622 1948; x_wconf 79' lang='grc' dir='ltr'><strong>ἠξίουν</strong></span> <span class='ocrx_word' id='word_1_677' title='bbox 2644 1880 2809 1949; x_wconf 86' lang='grc' dir='ltr'><strong>τιμῆς</strong></span> <span class='ocrx_word' id='word_1_678' title='bbox 2827 1879 2952 1941; x_wconf 85' lang='grc' dir='ltr'><strong>τοὺς</strong></span> <span class='ocrx_word' id='word_1_679' title='bbox 2975 1876 3179 1930; x_wconf 87' lang='grc' dir='ltr'><strong>τούτων</strong></span> <span class='ocrx_word' id='word_1_680' title='bbox 3207 1873 3569 1945; x_wconf 85' lang='grc' dir='ltr'><strong>θεραπευτὰς,</strong></span> <span class='ocrx_word' id='word_1_681' title='bbox 3603 1870 3706 1923; x_wconf 70' lang='grc' dir='ltr'><strong>πό⁴</strong></span> 
     </span>
    </p>
   </div>
   <div class='ocr_carea' id='block_1_89' title="bbox 2121 1952 3707 2032">
    <p class='ocr_par' dir='ltr' id='par_1_89' title="bbox 2121 1952 3707 2032">
     <span class='ocr_line' id='line_1_89' title="bbox 2121 1952 3707 2032; baseline -0.008 -18"><span class='ocrx_word' id='word_1_682' title='bbox 2121 1978 2222 2032; x_wconf 82' lang='grc' dir='ltr'><strong>σης</strong></span> <span class='ocrx_word' id='word_1_683' title='bbox 2246 1963 2347 2014; x_wconf 89' lang='grc' dir='ltr'><strong>οὐκ</strong></span> <span class='ocrx_word' id='word_1_684' title='bbox 2390 1961 2457 2014; x_wconf 82' lang='grc' dir='ltr'><strong>ἂν</strong></span> <span class='ocrx_word' id='word_1_685' title='bbox 2509 1956 2618 2014; x_wconf 82' lang='grc' dir='ltr'><strong>εἷεν</strong></span> <span class='ocrx_word' id='word_1_686' title='bbox 2658 1959 3054 2028; x_wconf 76' lang='grc' dir='ltr'><strong>καταγνώσεως</strong></span> <span class='ocrx_word' id='word_1_687' title='bbox 3092 1958 3232 2023; x_wconf 78' lang='grc' dir='ltr'><strong>ἀξιοι</strong></span> <span class='ocrx_word' id='word_1_688' title='bbox 3281 1957 3329 2009; x_wconf 67' lang='lat' dir='ltr'><strong>oi</strong></span> <span class='ocrx_word' id='word_1_689' title='bbox 3378 1953 3472 2027; x_wconf 80' lang='grc' dir='ltr'><strong>νῦν</strong></span> <span class='ocrx_word' id='word_1_690' title='bbox 3497 1953 3598 2022; x_wconf 73' lang='grc' dir='ltr'><strong>τὴν</strong></span> <span class='ocrx_word' id='word_1_691' title='bbox 3624 1952 3707 2012; x_wconf 83' lang='grc' dir='ltr'><strong>είς</strong></span> 
     </span>
    </p>
   </div>
   <div class='ocr_carea' id='block_1_90' title="bbox 2113 2035 3702 2115">
    <p class='ocr_par' dir='ltr' id='par_1_90' title="bbox 2113 2035 3702 2115">
     <span class='ocr_line' id='line_1_90' title="bbox 2113 2035 3702 2115; baseline -0.008 -19"><span class='ocrx_word' id='word_1_692' title='bbox 2113 2043 2340 2106; x_wconf 80' lang='grc' dir='ltr'><strong>τούτους</strong></span> <span class='ocrx_word' id='word_1_693' title='bbox 2365 2043 2662 2114; x_wconf 85' lang='grc' dir='ltr'><strong>θεραπείαν</strong></span> <span class='ocrx_word' id='word_1_694' title='bbox 2688 2043 3194 2115; x_wconf 83' lang='grc' dir='ltr'><strong>παρατεμνόμενοι;</strong></span> <span class='ocrx_word' id='word_1_695' title='bbox 3217 2040 3296 2094; x_wconf 66' lang='grc' dir='ltr'><strong>⁹Ἢ</strong></span> <span class='ocrx_word' id='word_1_696' title='bbox 3316 2039 3419 2092; x_wconf 82' lang='grc' dir='ltr'><strong>οὐκ</strong></span> <span class='ocrx_word' id='word_1_697' title='bbox 3450 2037 3585 2098; x_wconf 86' lang='grc' dir='ltr'><strong>ῐστε,</strong></span> <span class='ocrx_word' id='word_1_698' title='bbox 3615 2035 3702 2086; x_wconf 82' lang='grc' dir='ltr'><strong>ὅτι</strong></span> 
     </span>
    </p>
   </div>
   <div class='ocr_carea' id='block_1_91' title="bbox 2119 2117 3702 2196">
    <p class='ocr_par' dir='ltr' id='par_1_91' title="bbox 2119 2117 3702 2196">
     <span class='ocr_line' id='line_1_91' title="bbox 2119 2117 3702 2196; baseline -0.007 -16"><span class='ocrx_word' id='word_1_699' title='bbox 2119 2129 2198 2190; x_wconf 87' lang='grc' dir='ltr'><strong>εἰς</strong></span> <span class='ocrx_word' id='word_1_700' title='bbox 2225 2126 2316 2179; x_wconf 81' lang='grc' dir='ltr'><strong>τὸν</strong></span> <span class='ocrx_word' id='word_1_701' title='bbox 2361 2125 2470 2179; x_wconf 86' lang='grc' dir='ltr'><strong>τῶν</strong></span> <span class='ocrx_word' id='word_1_702' title='bbox 2516 2126 2653 2180; x_wconf 86' lang='grc' dir='ltr'><strong>ὅλων</strong></span> <span class='ocrx_word' id='word_1_703' title='bbox 2682 2126 2961 2196; x_wconf 84' lang='grc' dir='ltr'><strong>Δεσπότην</strong></span> <span class='ocrx_word' id='word_1_704' title='bbox 2991 2128 3024 2196; x_wconf 87' lang='grc' dir='ltr'><strong>ή</strong></span> <span class='ocrx_word' id='word_1_705' title='bbox 3082 2123 3216 2195; x_wconf 84' lang='grc' dir='ltr'><strong>τιμὴ</strong></span> <span class='ocrx_word' id='word_1_706' title='bbox 3265 2119 3570 2183; x_wconf 85' lang='grc' dir='ltr'><strong>διαϐαίνει;</strong></span> <span class='ocrx_word' id='word_1_707' title='bbox 3609 2117 3702 2188; x_wconf 83' lang='grc' dir='ltr'><strong>Μὴ</strong></span> 
     </span>
    </p>
   </div>
   <div class='ocr_carea' id='block_1_92' title="bbox 2105 2200 3702 2282">
    <p class='ocr_par' dir='ltr' id='par_1_92' title="bbox 2105 2200 3702 2282">
     <span class='ocr_line' id='line_1_92' title="bbox 2105 2200 3702 2282; baseline -0.008 -18"><span class='ocrx_word' id='word_1_708' title='bbox 2105 2209 2296 2264; x_wconf 73' lang='grc' dir='ltr'><strong>τοίνυν</strong></span> <span class='ocrx_word' id='word_1_709' title='bbox 2313 2209 2449 2282; x_wconf 83' lang='grc' dir='ltr'><strong>πρὸς</strong></span> <span class='ocrx_word' id='word_1_710' title='bbox 2477 2210 2570 2262; x_wconf 76' lang='grc' dir='ltr'><strong>τὸν</strong></span> <span class='ocrx_word' id='word_1_711' title='bbox 2599 2209 2700 2281; x_wconf 77' lang='grc' dir='ltr'><strong>τὴν</strong></span> <span class='ocrx_word' id='word_1_712' title='bbox 2724 2207 2890 2280; x_wconf 78' lang='grc' dir='ltr'><strong>τιμὴν</strong></span> <span class='ocrx_word' id='word_1_713' title='bbox 2921 2207 3210 2278; x_wconf 79' lang='grc' dir='ltr'><strong>δεχόμενον</strong></span> <span class='ocrx_word' id='word_1_714' title='bbox 3241 2205 3442 2277; x_wconf 82' lang='grc' dir='ltr'><strong>άφόρα.</strong></span> <span class='ocrx_word' id='word_1_715' title='bbox 3483 2202 3559 2255; x_wconf 85' lang='grc' dir='ltr'><strong>Οὐ</strong></span> <span class='ocrx_word' id='word_1_716' title='bbox 3590 2200 3702 2268; x_wconf 84' lang='grc' dir='ltr'><strong>γὰρ</strong></span> 
     </span>
    </p>
   </div>
   <div class='ocr_carea' id='block_1_93' title="bbox 2110 2283 3700 2362">
    <p class='ocr_par' dir='ltr' id='par_1_93' title="bbox 2110 2283 3700 2362">
     <span class='ocr_line' id='line_1_93' title="bbox 2110 2283 3700 2362; baseline -0.007 -16"><span class='ocrx_word' id='word_1_717' title='bbox 2110 2292 2204 2346; x_wconf 78' lang='grc' dir='ltr'><strong>διὰ</strong></span> <span class='ocrx_word' id='word_1_718' title='bbox 2235 2292 2432 2346; x_wconf 82' lang='grc' dir='ltr'><strong>τοῦτον</strong></span> <span class='ocrx_word' id='word_1_719' title='bbox 2446 2291 2682 2361; x_wconf 79' lang='grc' dir='ltr'><strong>ὀφείλεις</strong></span> <span class='ocrx_word' id='word_1_720' title='bbox 2707 2295 2885 2349; x_wconf 80' lang='grc' dir='ltr'><strong>ποιεῖν</strong></span> <span class='ocrx_word' id='word_1_721' title='bbox 2913 2291 2982 2352; x_wconf 76' lang='grc' dir='ltr'><strong>τὰ</strong></span> <span class='ocrx_word' id='word_1_722' title='bbox 3011 2291 3162 2362; x_wconf 84' lang='grc' dir='ltr'><strong>παρά</strong></span> <span class='ocrx_word' id='word_1_723' title='bbox 3198 2288 3396 2344; x_wconf 81' lang='grc' dir='ltr'><strong>σαυτοῦ</strong></span> <span class='ocrx_word' id='word_1_724' title='bbox 3421 2328 3436 2350; x_wconf 88' lang='grc'><strong>,</strong></span> <span class='ocrx_word' id='word_1_725' title='bbox 3467 2284 3605 2340; x_wconf 86' lang='grc' dir='ltr'><strong>ἀλλά</strong></span> <span class='ocrx_word' id='word_1_726' title='bbox 3629 2283 3700 2337; x_wconf 87' lang='grc' dir='ltr'><strong>δι’</strong></span> 
     </span>
    </p>
   </div>
   <div class='ocr_carea' id='block_1_94' title="bbox 2112 2367 3702 2449">
    <p class='ocr_par' dir='ltr' id='par_1_94' title="bbox 2112 2367 3702 2449">
     <span class='ocr_line' id='line_1_94' title="bbox 2112 2367 3702 2449; baseline 0 -20"><span class='ocrx_word' id='word_1_727' title='bbox 2112 2378 2340 2441; x_wconf 73' lang='grc' dir='ltr'><strong>ἐκεῖνον,</strong></span> <span class='ocrx_word' id='word_1_728' title='bbox 2358 2370 2404 2444; x_wconf 79' lang='grc' dir='ltr'>ᾧ</span> <span class='ocrx_word' id='word_1_729' title='bbox 2435 2377 2668 2449; x_wconf 78' lang='grc' dir='ltr'><strong>ἱερᾶται,</strong></span> <span class='ocrx_word' id='word_1_730' title='bbox 2697 2376 2784 2430; x_wconf 81' lang='grc' dir='ltr'><strong>ἵνα</strong></span> <span class='ocrx_word' id='word_1_731' title='bbox 2814 2372 2910 2430; x_wconf 72' lang='grc' dir='ltr'><strong>καὶ</strong></span> <span class='ocrx_word' id='word_1_732' title='bbox 2938 2375 3070 2447; x_wconf 89' lang='grc' dir='ltr'><strong>παρ’</strong></span> <span class='ocrx_word' id='word_1_733' title='bbox 3102 2374 3312 2429; x_wconf 78' lang='grc' dir='ltr'><strong>ἐκείνου</strong></span> <span class='ocrx_word' id='word_1_734' title='bbox 3345 2372 3445 2433; x_wconf 83' lang='grc' dir='ltr'><strong>τὰς</strong></span> <span class='ocrx_word' id='word_1_735' title='bbox 3467 2367 3702 2440; x_wconf 82' lang='grc' dir='ltr'><strong>ἀμοιϐάς</strong></span> 
     </span>
    </p>
   </div>
   <div class='ocr_carea' id='block_1_95' title="bbox 2110 2452 3698 2532">
    <p class='ocr_par' dir='ltr' id='par_1_95' title="bbox 2110 2452 3698 2532">
     <span class='ocr_line' id='line_1_95' title="bbox 2110 2452 3698 2532; baseline -0.005 -20"><span class='ocrx_word' id='word_1_736' title='bbox 2110 2461 2257 2531; x_wconf 63' lang='grc' dir='ltr'><strong>νμετά</strong></span> <span class='ocrx_word' id='word_1_737' title='bbox 2292 2459 2574 2532; x_wconf 77' lang='grc' dir='ltr'><strong>δαψιλείας</strong></span> <span class='ocrx_word' id='word_1_738' title='bbox 2621 2459 2846 2531; x_wconf 79' lang='grc' dir='ltr'><strong>κομίσῃ.</strong></span> <span class='ocrx_word' id='word_1_739' title='bbox 2895 2458 2996 2512; x_wconf 83' lang='grc' dir='ltr'><strong>Διά</strong></span> <span class='ocrx_word' id='word_1_740' title='bbox 3037 2459 3196 2512; x_wconf 85' lang='grc' dir='ltr'><strong>τοῦτο</strong></span> <span class='ocrx_word' id='word_1_741' title='bbox 3243 2458 3340 2510; x_wconf 79' lang='grc' dir='ltr'><strong>καὶ</strong></span> <span class='ocrx_word' id='word_1_742' title='bbox 3364 2454 3552 2522; x_wconf 73' lang='grc' dir='ltr'><strong>ἔλεγεν</strong></span> <span class='ocrx_word' id='word_1_743' title='bbox 3576 2490 3592 2514; x_wconf 84' lang='grc'><strong>,</strong></span> <span class='ocrx_word' id='word_1_744' title='bbox 3633 2452 3698 2504; x_wconf 89' lang='lat'><strong>&#39;0</strong></span> 
     </span>
    </p>
   </div>
   <div class='ocr_carea' id='block_1_96' title="bbox 2113 2533 3700 2611">
    <p class='ocr_par' dir='ltr' id='par_1_96' title="bbox 2113 2533 3700 2611">
     <span class='ocr_line' id='line_1_96' title="bbox 2113 2533 3700 2611; baseline -0.006 -16"><span class='ocrx_word' id='word_1_745' title='bbox 2113 2533 2378 2611; x_wconf 64' lang='grc' dir='ltr'><strong>ποιήσας</strong></span> <span class='ocrx_word' id='word_1_746' title='bbox 2405 2542 2497 2596; x_wconf 77' lang='grc' dir='ltr'><strong>ἐνὶ</strong></span> <span class='ocrx_word' id='word_1_747' title='bbox 2523 2541 2769 2605; x_wconf 84' lang='grc' dir='ltr'><strong>τούτων,</strong></span> <span class='ocrx_word' id='word_1_748' title='bbox 2797 2541 2928 2610; x_wconf 80' lang='grc' dir='ltr'><strong>ἐμοί</strong></span> <span class='ocrx_word' id='word_1_749' title='bbox 2959 2541 3242 2608; x_wconf 78' lang='grc' dir='ltr'><strong>ἐποίησε·</strong></span> <span class='ocrx_word' id='word_1_750' title='bbox 3276 2538 3392 2602; x_wconf 76' lang='grc' dir='ltr'><strong>καὶ,</strong></span> <span class='ocrx_word' id='word_1_751' title='bbox 3435 2536 3489 2589; x_wconf 86' lang='lat'><strong>&#39;0</strong></span> <span class='ocrx_word' id='word_1_752' title='bbox 3534 2533 3700 2602; x_wconf 80' lang='grc' dir='ltr'><strong>δεκό-</strong></span> 
     </span>
    </p>
   </div>
   <div class='ocr_carea' id='block_1_97' title="bbox 2113 2615 3697 2693">
    <p class='ocr_par' dir='ltr' id='par_1_97' title="bbox 2113 2615 3697 2693">
     <span class='ocr_line' id='line_1_97' title="bbox 2113 2615 3697 2693; baseline -0.007 -14"><span class='ocrx_word' id='word_1_753' title='bbox 2113 2641 2292 2690; x_wconf 86' lang='grc' dir='ltr'><strong>ιιενος</strong></span> <span class='ocrx_word' id='word_1_754' title='bbox 2319 2623 2636 2693; x_wconf 78' lang='grc' dir='ltr'><strong>προφήτην</strong></span> <span class='ocrx_word' id='word_1_755' title='bbox 2683 2625 2772 2690; x_wconf 81' lang='grc' dir='ltr'><strong>εις</strong></span> <span class='ocrx_word' id='word_1_756' title='bbox 2823 2623 3016 2693; x_wconf 81' lang='grc' dir='ltr'><strong>ὄνομα</strong></span> <span class='ocrx_word' id='word_1_757' title='bbox 3070 2620 3383 2691; x_wconf 73' lang='grc' dir='ltr'><strong>προφήτου</strong></span> <span class='ocrx_word' id='word_1_758' title='bbox 3407 2660 3424 2684; x_wconf 88' lang='grc'><strong>,</strong></span> <span class='ocrx_word' id='word_1_759' title='bbox 3474 2615 3697 2688; x_wconf 74' lang='grc' dir='ltr'><strong>μισθὸν</strong></span> 
     </span>
    </p>
   </div>
   <div class='ocr_carea' id='block_1_98' title="bbox 2113 2700 3698 2777">
    <p class='ocr_par' dir='ltr' id='par_1_98' title="bbox 2113 2700 3698 2777">
     <span class='ocr_line' id='line_1_98' title="bbox 2113 2700 3698 2777; baseline -0.004 -17"><span class='ocrx_word' id='word_1_760' title='bbox 2113 2707 2423 2777; x_wconf 75' lang='grc' dir='ltr'><strong>προφήτου</strong></span> <span class='ocrx_word' id='word_1_761' title='bbox 2448 2706 2728 2774; x_wconf 66' lang='grc' dir='ltr'><strong>λήψεται.</strong></span> <span class='ocrx_word' id='word_1_762' title='bbox 2765 2705 2858 2777; x_wconf 86' lang='grc' dir='ltr'><strong>Μὴ</strong></span> <span class='ocrx_word' id='word_1_763' title='bbox 2887 2705 2998 2776; x_wconf 82' lang='grc' dir='ltr'><strong>γάρ</strong></span> <span class='ocrx_word' id='word_1_764' title='bbox 3025 2705 3135 2759; x_wconf 86' lang='grc' dir='ltr'><strong>ἀπὺ</strong></span> <span class='ocrx_word' id='word_1_765' title='bbox 3169 2704 3276 2776; x_wconf 80' lang='grc' dir='ltr'><strong>τῆς</strong></span> <span class='ocrx_word' id='word_1_766' title='bbox 3298 2703 3458 2770; x_wconf 78' lang='grc' dir='ltr'><strong>ἀξίας</strong></span> <span class='ocrx_word' id='word_1_767' title='bbox 3482 2742 3497 2764; x_wconf 84' lang='grc'><strong>,</strong></span> <span class='ocrx_word' id='word_1_768' title='bbox 3525 2700 3560 2772; x_wconf 73' lang='grc' dir='ltr'>ἢ</span> <span class='ocrx_word' id='word_1_769' title='bbox 3589 2700 3698 2754; x_wconf 83' lang='grc' dir='ltr'><strong>ἀπὸ</strong></span> 
     </span>
    </p>
   </div>
   <div class='ocr_carea' id='block_1_99' title="bbox 2110 2784 3694 2861">
    <p class='ocr_par' dir='ltr' id='par_1_99' title="bbox 2110 2784 3694 2861">
     <span class='ocr_line' id='line_1_99' title="bbox 2110 2784 3694 2861; baseline -0.006 -18"><span class='ocrx_word' id='word_1_770' title='bbox 2110 2790 2212 2861; x_wconf 84' lang='grc' dir='ltr'><strong>τῆς</strong></span> <span class='ocrx_word' id='word_1_771' title='bbox 2243 2791 2518 2854; x_wconf 83' lang='grc' dir='ltr'><strong>εὐτελείας</strong></span> <span class='ocrx_word' id='word_1_772' title='bbox 2557 2789 2668 2844; x_wconf 87' lang='grc' dir='ltr'><strong>τῶν</strong></span> <span class='ocrx_word' id='word_1_773' title='bbox 2713 2787 3174 2860; x_wconf 71' lang='grc' dir='ltr'><strong>θεραπευομένων</strong></span> <span class='ocrx_word' id='word_1_774' title='bbox 3203 2791 3302 2851; x_wconf 82' lang='grc' dir='ltr'><strong>τὰς</strong></span> <span class='ocrx_word' id='word_1_775' title='bbox 3345 2784 3581 2858; x_wconf 86' lang='grc' dir='ltr'><strong>ἀμοιϐάς</strong></span> <span class='ocrx_word' id='word_1_776' title='bbox 3612 2799 3694 2836; x_wconf 86' lang='grc' dir='ltr'><strong>σοι</strong></span> 
     </span>
    </p>
   </div>
   <div class='ocr_carea' id='block_1_100' title="bbox 2109 2866 3697 2944">
    <p class='ocr_par' dir='ltr' id='par_1_100' title="bbox 2109 2866 3697 2944">
     <span class='ocr_line' id='line_1_100' title="bbox 2109 2866 3697 2944; baseline -0.004 -18"><span class='ocrx_word' id='word_1_777' title='bbox 2109 2871 2344 2944; x_wconf 81' lang='grc' dir='ltr'><strong>παρέχει</strong></span> <span class='ocrx_word' id='word_1_778' title='bbox 2372 2875 2402 2926; x_wconf 84' lang='grc' dir='ltr'><strong>ὁ</strong></span> <span class='ocrx_word' id='word_1_779' title='bbox 2425 2873 2737 2942; x_wconf 86' lang='grc' dir='ltr'><strong>Δεσπότης;</strong></span> <span class='ocrx_word' id='word_1_780' title='bbox 2807 2870 2941 2924; x_wconf 83' lang='grc' dir='ltr'><strong>Ἀπὸ</strong></span> <span class='ocrx_word' id='word_1_781' title='bbox 2973 2871 3073 2940; x_wconf 77' lang='grc' dir='ltr'><strong>τῆς</strong></span> <span class='ocrx_word' id='word_1_782' title='bbox 3117 2869 3425 2941; x_wconf 84' lang='grc' dir='ltr'><strong>προθυμίας</strong></span> <span class='ocrx_word' id='word_1_783' title='bbox 3454 2866 3556 2937; x_wconf 85' lang='grc' dir='ltr'><strong>τῆς</strong></span> <span class='ocrx_word' id='word_1_784' title='bbox 3595 2867 3697 2930; x_wconf 76' lang='grc' dir='ltr'><strong>σῆς</strong></span> 
     </span>
    </p>
   </div>
   <div class='ocr_carea' id='block_1_101' title="bbox 2109 2949 3694 3027">
    <p class='ocr_par' dir='ltr' id='par_1_101' title="bbox 2109 2949 3694 3027">
     <span class='ocr_line' id='line_1_101' title="bbox 2109 2949 3694 3027; baseline -0.006 -17"><span class='ocrx_word' id='word_1_785' title='bbox 2109 2955 2145 3026; x_wconf 83' lang='grc' dir='ltr'><strong>ἢ</strong></span> <span class='ocrx_word' id='word_1_786' title='bbox 2177 2958 2450 3024; x_wconf 83' lang='grc' dir='ltr'><strong>στεφανοῖ,</strong></span> <span class='ocrx_word' id='word_1_787' title='bbox 2481 2957 2514 3027; x_wconf 83' lang='grc' dir='ltr'><strong>ῆ</strong></span> <span class='ocrx_word' id='word_1_788' title='bbox 2562 2955 2904 3026; x_wconf 77' lang='grc' dir='ltr'><strong>κατακρίνει.</strong></span> <span class='ocrx_word' id='word_1_789' title='bbox 2937 2955 3048 3009; x_wconf 84' lang='lat' dir='ltr'><strong>Kal</strong></span> <span class='ocrx_word' id='word_1_790' title='bbox 3098 2953 3288 3024; x_wconf 82' lang='grc' dir='ltr'><strong>ὥσπερ</strong></span> <span class='ocrx_word' id='word_1_791' title='bbox 3319 2956 3354 3022; x_wconf 87' lang='grc' dir='ltr'><strong>ή</strong></span> <span class='ocrx_word' id='word_1_792' title='bbox 3402 2951 3537 3021; x_wconf 82' lang='grc' dir='ltr'><strong>τιμὴ</strong></span> <span class='ocrx_word' id='word_1_793' title='bbox 3566 2951 3600 3020; x_wconf 83' lang='grc' dir='ltr'><strong>ή</strong></span> <span class='ocrx_word' id='word_1_794' title='bbox 3627 2949 3694 3002; x_wconf 78' lang='grc' dir='ltr'><strong>σι’</strong></span> 
     </span>
    </p>
   </div>
   <div class='ocr_carea' id='block_1_102' title="bbox 2112 3033 3695 3109">
    <p class='ocr_par' dir='ltr' id='par_1_102' title="bbox 2112 3033 3695 3109">
     <span class='ocr_line' id='line_1_102' title="bbox 2112 3033 3695 3109; baseline -0.005 -17"><span class='ocrx_word' id='word_1_795' title='bbox 2112 3038 2292 3092; x_wconf 82' lang='grc' dir='ltr'><strong>αὐτῶν</strong></span> <span class='ocrx_word' id='word_1_796' title='bbox 2310 3038 2570 3109; x_wconf 85' lang='grc' dir='ltr'><strong>γινομένη</strong></span> <span class='ocrx_word' id='word_1_797' title='bbox 2605 3037 2808 3108; x_wconf 81' lang='grc' dir='ltr'><strong>πολλὴν</strong></span> <span class='ocrx_word' id='word_1_798' title='bbox 2834 3038 3089 3107; x_wconf 80' lang='grc' dir='ltr'><strong>προξενεί</strong></span> <span class='ocrx_word' id='word_1_799' title='bbox 3115 3035 3213 3108; x_wconf 78' lang='grc' dir='ltr'><strong>τὴν</strong></span> <span class='ocrx_word' id='word_1_800' title='bbox 3248 3033 3562 3106; x_wconf 72' lang='grc' dir='ltr'><strong>παρρησίαν</strong></span> <span class='ocrx_word' id='word_1_801' title='bbox 3592 3034 3612 3101; x_wconf 88' lang='grc'><strong>(</strong></span> <span class='ocrx_word' id='word_1_802' title='bbox 3623 3033 3695 3084; x_wconf 86' lang='grc' dir='ltr'><strong>οἰ-</strong></span> 
     </span>
    </p>
   </div>
   <div class='ocr_carea' id='block_1_103' title="bbox 2112 3115 3695 3192">
    <p class='ocr_par' dir='ltr' id='par_1_103' title="bbox 2112 3115 3695 3192">
     <span class='ocr_line' id='line_1_103' title="bbox 2112 3115 3695 3192; baseline -0.004 -17"><span class='ocrx_word' id='word_1_803' title='bbox 2112 3121 2353 3175; x_wconf 83' lang='grc' dir='ltr'><strong>κειοῦται</strong></span> <span class='ocrx_word' id='word_1_804' title='bbox 2399 3121 2508 3192; x_wconf 79' lang='grc' dir='ltr'><strong>γὰρ</strong></span> <span class='ocrx_word' id='word_1_805' title='bbox 2550 3120 2619 3174; x_wconf 86' lang='grc' dir='ltr'><strong>τά</strong></span> <span class='ocrx_word' id='word_1_806' title='bbox 2658 3122 2739 3185; x_wconf 87' lang='grc' dir='ltr'><strong>εἰς</strong></span> <span class='ocrx_word' id='word_1_807' title='bbox 2790 3122 2919 3184; x_wconf 81' lang='grc' dir='ltr'><strong>τοὺς</strong></span> <span class='ocrx_word' id='word_1_808' title='bbox 2967 3119 3134 3173; x_wconf 82' lang='grc' dir='ltr'><strong>αὐτοῦ</strong></span> <span class='ocrx_word' id='word_1_809' title='bbox 3185 3118 3522 3190; x_wconf 85' lang='grc' dir='ltr'><strong>θεράποντας</strong></span> <span class='ocrx_word' id='word_1_810' title='bbox 3553 3115 3695 3184; x_wconf 86' lang='grc' dir='ltr'><strong>γινό-</strong></span> 
     </span>
    </p>
   </div>
   <div class='ocr_carea' id='block_1_104' title="bbox 2113 3197 3693 3276">
    <p class='ocr_par' dir='ltr' id='par_1_104' title="bbox 2113 3197 3693 3276">
     <span class='ocr_line' id='line_1_104' title="bbox 2113 3197 3693 3276; baseline -0.006 -17"><span class='ocrx_word' id='word_1_811' title='bbox 2113 3204 2306 3275; x_wconf 84' lang='grc' dir='ltr'><strong>μενα),</strong></span> <span class='ocrx_word' id='word_1_812' title='bbox 2354 3203 2498 3258; x_wconf 79' lang='grc' dir='ltr'><strong>οὕτω</strong></span> <span class='ocrx_word' id='word_1_813' title='bbox 2547 3205 2642 3258; x_wconf 80' lang='grc' dir='ltr'><strong>καὶ</strong></span> <span class='ocrx_word' id='word_1_814' title='bbox 2676 3206 2709 3276; x_wconf 87' lang='grc' dir='ltr'><strong>ή</strong></span> <span class='ocrx_word' id='word_1_815' title='bbox 2744 3203 3017 3276; x_wconf 73' lang='grc' dir='ltr'><strong>ὑπεροψία</strong></span> <span class='ocrx_word' id='word_1_816' title='bbox 3061 3205 3096 3274; x_wconf 86' lang='grc' dir='ltr'><strong>ή</strong></span> <span class='ocrx_word' id='word_1_817' title='bbox 3123 3205 3204 3265; x_wconf 85' lang='grc' dir='ltr'><strong>εἰς</strong></span> <span class='ocrx_word' id='word_1_818' title='bbox 3242 3201 3465 3264; x_wconf 88' lang='grc' dir='ltr'><strong>τούτους</strong></span> <span class='ocrx_word' id='word_1_819' title='bbox 3493 3197 3693 3267; x_wconf 79' lang='grc' dir='ltr'><strong>πολλὴν</strong></span> 
     </span>
    </p>
   </div>
   <div class='ocr_carea' id='block_1_105' title="bbox 2108 3283 3693 3359">
    <p class='ocr_par' dir='ltr' id='par_1_105' title="bbox 2108 3283 3693 3359">
     <span class='ocr_line' id='line_1_105' title="bbox 2108 3283 3693 3359; baseline 0.002 -18"><span class='ocrx_word' id='word_1_820' title='bbox 2108 3289 2244 3342; x_wconf 75' lang='grc' dir='ltr'><strong>οἴσει</strong></span> <span class='ocrx_word' id='word_1_821' title='bbox 2298 3287 2398 3359; x_wconf 80' lang='grc' dir='ltr'><strong>τὴν</strong></span> <span class='ocrx_word' id='word_1_822' title='bbox 2443 3287 2649 3341; x_wconf 82' lang='grc' dir='ltr'><strong>ἀνωθεν</strong></span> <span class='ocrx_word' id='word_1_823' title='bbox 2675 3288 2854 3359; x_wconf 87' lang='grc' dir='ltr'><strong>δίκην.</strong></span> <span class='ocrx_word' id='word_1_824' title='bbox 2907 3288 3118 3359; x_wconf 83' lang='grc' dir='ltr'><strong>’Ὠσπερ</strong></span> <span class='ocrx_word' id='word_1_825' title='bbox 3151 3287 3260 3358; x_wconf 81' lang='grc' dir='ltr'><strong>γὰρ</strong></span> <span class='ocrx_word' id='word_1_826' title='bbox 3297 3286 3368 3340; x_wconf 85' lang='grc' dir='ltr'><strong>τὰ</strong></span> <span class='ocrx_word' id='word_1_827' title='bbox 3400 3287 3500 3356; x_wconf 81' lang='grc' dir='ltr'><strong>τῆς</strong></span> <span class='ocrx_word' id='word_1_828' title='bbox 3527 3283 3693 3353; x_wconf 76' lang='grc' dir='ltr'><strong>τιμῆς</strong></span> 
     </span>
    </p>
   </div>
   <div class='ocr_carea' id='block_1_106' title="bbox 2107 3369 3692 3442">
    <p class='ocr_par' dir='ltr' id='par_1_106' title="bbox 2107 3369 3692 3442">
     <span class='ocr_line' id='line_1_106' title="bbox 2107 3369 3692 3442; baseline -0.004 -18"><span class='ocrx_word' id='word_1_829' title='bbox 2107 3372 2420 3436; x_wconf 87' lang='grc' dir='ltr'><strong>οἰκειοῦται,</strong></span> <span class='ocrx_word' id='word_1_830' title='bbox 2443 3370 2587 3424; x_wconf 80' lang='grc' dir='ltr'><strong>οὕτω</strong></span> <span class='ocrx_word' id='word_1_831' title='bbox 2631 3372 2728 3426; x_wconf 77' lang='grc' dir='ltr'><strong>καὶ</strong></span> <span class='ocrx_word' id='word_1_832' title='bbox 2753 3370 2825 3424; x_wconf 88' lang='grc' dir='ltr'><strong>τά</strong></span> <span class='ocrx_word' id='word_1_833' title='bbox 2868 3370 2972 3441; x_wconf 84' lang='grc' dir='ltr'><strong>τῆς</strong></span> <span class='ocrx_word' id='word_1_834' title='bbox 2998 3371 3492 3442; x_wconf 83' lang='grc' dir='ltr'><strong>καταφρονήσεως·</strong></span> <span class='ocrx_word' id='word_1_835' title='bbox 3553 3369 3692 3437; x_wconf 81' lang='grc' dir='ltr'><strong>ὅπερ</strong></span> 
     </span>
    </p>
   </div>
   <div class='ocr_carea' id='block_1_107' title="bbox 2106 3447 3690 3526">
    <p class='ocr_par' dir='ltr' id='par_1_107' title="bbox 2106 3447 3690 3526">
     <span class='ocr_line' id='line_1_107' title="bbox 2106 3447 3690 3526; baseline -0.002 -20"><span class='ocrx_word' id='word_1_836' title='bbox 2106 3455 2328 3522; x_wconf 83' lang='grc' dir='ltr'><strong>εἰδότες,</strong></span> <span class='ocrx_word' id='word_1_837' title='bbox 2367 3453 2636 3526; x_wconf 82' lang='grc' dir='ltr'><strong>μηδέποτε</strong></span> <span class='ocrx_word' id='word_1_838' title='bbox 2675 3454 2971 3525; x_wconf 87' lang='grc' dir='ltr'><strong>ἀμελῶμεν</strong></span> <span class='ocrx_word' id='word_1_839' title='bbox 3000 3453 3099 3525; x_wconf 79' lang='grc' dir='ltr'><strong>τῆς</strong></span> <span class='ocrx_word' id='word_1_840' title='bbox 3133 3447 3565 3524; x_wconf 77' lang='grc' dir='ltr'><strong>θεραπείαςτῶν</strong></span> <span class='ocrx_word' id='word_1_841' title='bbox 3593 3448 3690 3503; x_wconf 84' lang='grc' dir='ltr'><strong>τοῦ</strong></span> 
     </span>
    </p>
   </div>
   <div class='ocr_carea' id='block_1_108' title="bbox 2104 3533 3692 3609">
    <p class='ocr_par' dir='ltr' id='par_1_108' title="bbox 2104 3533 3692 3609">
     <span class='ocr_line' id='line_1_108' title="bbox 2104 3533 3692 3609; baseline -0.005 -18"><span class='ocrx_word' id='word_1_842' title='bbox 2104 3538 2242 3591; x_wconf 85' lang='grc' dir='ltr'><strong>Θεοῦ</strong></span> <span class='ocrx_word' id='word_1_843' title='bbox 2271 3539 2480 3609; x_wconf 78' lang='grc' dir='ltr'><strong>ἱερέων.</strong></span> <span class='ocrx_word' id='word_1_844' title='bbox 2507 3538 2618 3591; x_wconf 86' lang='lat' dir='ltr'><strong>Kal</strong></span> <span class='ocrx_word' id='word_1_845' title='bbox 2638 3536 2814 3591; x_wconf 88' lang='grc' dir='ltr'><strong>ταῦτα</strong></span> <span class='ocrx_word' id='word_1_846' title='bbox 2835 3536 3001 3607; x_wconf 83' lang='grc' dir='ltr'><strong>λέγω,</strong></span> <span class='ocrx_word' id='word_1_847' title='bbox 3031 3537 3153 3607; x_wconf 82' lang='grc' dir='ltr'><strong>οὐχὶ</strong></span> <span class='ocrx_word' id='word_1_848' title='bbox 3179 3536 3404 3590; x_wconf 79' lang='grc' dir='ltr'><strong>ἐκείνων</strong></span> <span class='ocrx_word' id='word_1_849' title='bbox 3434 3533 3692 3588; x_wconf 87' lang='grc' dir='ltr'><strong>τοσοῦτον</strong></span> 
     </span>
    </p>
   </div>
   <div class='ocr_carea' id='block_1_109' title="bbox 2105 3614 3692 3691">
    <p class='ocr_par' dir='ltr' id='par_1_109' title="bbox 2105 3614 3692 3691">
     <span class='ocr_line' id='line_1_109' title="bbox 2105 3614 3692 3691; baseline -0.004 -17"><span class='ocrx_word' id='word_1_850' title='bbox 2105 3620 2483 3691; x_wconf 81' lang='grc' dir='ltr'><strong>ἀντεχόμενος,</strong></span> <span class='ocrx_word' id='word_1_851' title='bbox 2522 3621 2646 3674; x_wconf 84' lang='grc' dir='ltr'><strong>ὅσον</strong></span> <span class='ocrx_word' id='word_1_852' title='bbox 2673 3620 2775 3690; x_wconf 83' lang='grc' dir='ltr'><strong>τῆς</strong></span> <span class='ocrx_word' id='word_1_853' title='bbox 2807 3621 3078 3690; x_wconf 80' lang='grc' dir='ltr'><strong>ὑμετέρας</strong></span> <span class='ocrx_word' id='word_1_854' title='bbox 3107 3619 3351 3688; x_wconf 79' lang='grc' dir='ltr'><strong>ἀγάπης,</strong></span> <span class='ocrx_word' id='word_1_855' title='bbox 3389 3616 3485 3672; x_wconf 71' lang='grc' dir='ltr'><strong>καὶ</strong></span> <span class='ocrx_word' id='word_1_856' title='bbox 3517 3614 3692 3684; x_wconf 82' lang='grc' dir='ltr'><strong>βουλό-</strong></span> 
     </span>
    </p>
   </div>
   <div class='ocr_carea' id='block_1_110' title="bbox 2109 3698 3689 3771">
    <p class='ocr_par' dir='ltr' id='par_1_110' title="bbox 2109 3698 3689 3771">
     <span class='ocr_line' id='line_1_110' title="bbox 2109 3698 3689 3771; baseline -0.004 -17"><span class='ocrx_word' id='word_1_857' title='bbox 2109 3717 2267 3771; x_wconf 88' lang='grc' dir='ltr'><strong>μενος</strong></span> <span class='ocrx_word' id='word_1_858' title='bbox 2299 3702 2445 3771; x_wconf 78' lang='grc' dir='ltr'><strong>ὑμᾶς</strong></span> <span class='ocrx_word' id='word_1_859' title='bbox 2471 3701 2560 3755; x_wconf 72' lang='grc' dir='ltr'><strong>διὰ</strong></span> <span class='ocrx_word' id='word_1_860' title='bbox 2587 3702 2806 3755; x_wconf 87' lang='grc' dir='ltr'><strong>πάντων</strong></span> <span class='ocrx_word' id='word_1_861' title='bbox 2851 3702 3180 3771; x_wconf 86' lang='grc' dir='ltr'><strong>κερδαίνειν.</strong></span> <span class='ocrx_word' id='word_1_862' title='bbox 3212 3701 3276 3752; x_wconf 88' lang='grc' dir='ltr'><strong>Τί</strong></span> <span class='ocrx_word' id='word_1_863' title='bbox 3307 3700 3415 3770; x_wconf 82' lang='grc' dir='ltr'><strong>γὰρ</strong></span> <span class='ocrx_word' id='word_1_864' title='bbox 3437 3698 3689 3750; x_wconf 83' lang='grc' dir='ltr'><strong>τοσοῦτον</strong></span> 
     </span>
    </p>
   </div>
   <div class='ocr_carea' id='block_1_111' title="bbox 2104 3780 3688 3854">
    <p class='ocr_par' dir='ltr' id='par_1_111' title="bbox 2104 3780 3688 3854">
     <span class='ocr_line' id='line_1_111' title="bbox 2104 3780 3688 3854; baseline -0.002 -19"><span class='ocrx_word' id='word_1_865' title='bbox 2104 3782 2280 3845; x_wconf 80' lang='grc' dir='ltr'><strong>δίδως,</strong></span> <span class='ocrx_word' id='word_1_866' title='bbox 2330 3784 2454 3836; x_wconf 78' lang='grc' dir='ltr'><strong>ὅσον</strong></span> <span class='ocrx_word' id='word_1_867' title='bbox 2503 3783 2804 3854; x_wconf 84' lang='grc' dir='ltr'><strong>λαμϐάνεις</strong></span> <span class='ocrx_word' id='word_1_868' title='bbox 2839 3784 2992 3854; x_wconf 86' lang='grc' dir='ltr'><strong>παρά</strong></span> <span class='ocrx_word' id='word_1_869' title='bbox 3035 3783 3131 3836; x_wconf 86' lang='grc' dir='ltr'><strong>τοῦ</strong></span> <span class='ocrx_word' id='word_1_870' title='bbox 3169 3781 3474 3846; x_wconf 80' lang='grc' dir='ltr'><strong>Δεσπότου;</strong></span> <span class='ocrx_word' id='word_1_871' title='bbox 3512 3780 3688 3847; x_wconf 82' lang='grc' dir='ltr'><strong>πόσην</strong></span> 
     </span>
    </p>
   </div>
   <div class='ocr_carea' id='block_1_112' title="bbox 2105 3862 3689 3935">
    <p class='ocr_par' dir='ltr' id='par_1_112' title="bbox 2105 3862 3689 3935">
     <span class='ocr_line' id='line_1_112' title="bbox 2105 3862 3689 3935; baseline -0.001 -19"><span class='ocrx_word' id='word_1_872' title='bbox 2105 3863 2582 3935; x_wconf 76' lang='grc' dir='ltr'><strong>[627].θεραπείαν</strong></span> <span class='ocrx_word' id='word_1_873' title='bbox 2605 3865 2880 3932; x_wconf 85' lang='grc' dir='ltr'><strong>εἰσάγεις;</strong></span> <span class='ocrx_word' id='word_1_874' title='bbox 2917 3865 3057 3918; x_wconf 73' lang='grc' dir='ltr'><strong>Ἀλλ³</strong></span> <span class='ocrx_word' id='word_1_875' title='bbox 3087 3866 3235 3934; x_wconf 79' lang='grc' dir='ltr'><strong>ὅμως</strong></span> <span class='ocrx_word' id='word_1_876' title='bbox 3265 3863 3360 3916; x_wconf 78' lang='grc' dir='ltr'><strong>καὶ</strong></span> <span class='ocrx_word' id='word_1_877' title='bbox 3388 3862 3531 3932; x_wconf 81' lang='grc' dir='ltr'><strong>ὑπὲρ</strong></span> <span class='ocrx_word' id='word_1_878' title='bbox 3553 3863 3689 3914; x_wconf 76' lang='grc' dir='ltr'><strong>ὲκεί-</strong></span> 
     </span>
    </p>
   </div>
   <div class='ocr_carea' id='block_1_113' title="bbox 2103 3946 3690 4018">
    <p class='ocr_par' dir='ltr' id='par_1_113' title="bbox 2103 3946 3690 4018">
     <span class='ocr_line' id='line_1_113' title="bbox 2103 3946 3690 4018; baseline -0.002 -18"><span class='ocrx_word' id='word_1_879' title='bbox 2103 3964 2200 4018; x_wconf 89' lang='grc' dir='ltr'><strong>νης</strong></span> <span class='ocrx_word' id='word_1_880' title='bbox 2250 3946 2350 4018; x_wconf 80' lang='grc' dir='ltr'><strong>τῆς</strong></span> <span class='ocrx_word' id='word_1_881' title='bbox 2392 3946 2644 4011; x_wconf 79' lang='grc' dir='ltr'><strong>εὐτελοῦς</strong></span> <span class='ocrx_word' id='word_1_882' title='bbox 2675 3949 2768 4001; x_wconf 81' lang='grc' dir='ltr'><strong>καί</strong></span> <span class='ocrx_word' id='word_1_883' title='bbox 2807 3949 2866 4001; x_wconf 81' lang='grc' dir='ltr'><strong>ὲν</strong></span> <span class='ocrx_word' id='word_1_884' title='bbox 2896 3947 2974 4018; x_wconf 86' lang='grc' dir='ltr'><strong>τῷ</strong></span> <span class='ocrx_word' id='word_1_885' title='bbox 3007 3948 3234 4018; x_wconf 86' lang='grc' dir='ltr'><strong>παρόντι</strong></span> <span class='ocrx_word' id='word_1_886' title='bbox 3271 3947 3372 4018; x_wconf 79' lang='grc' dir='ltr'><strong>βίῳ</strong></span> <span class='ocrx_word' id='word_1_887' title='bbox 3421 3961 3690 4014; x_wconf 86' lang='grc' dir='ltr'><strong>συγκατα-</strong></span> 
     </span>
    </p>
   </div>
   <div class='ocr_carea' id='block_1_114' title="bbox 2102 4029 3687 4102">
    <p class='ocr_par' dir='ltr' id='par_1_114' title="bbox 2102 4029 3687 4102">
     <span class='ocr_line' id='line_1_114' title="bbox 2102 4029 3687 4102; baseline -0.001 -20"><span class='ocrx_word' id='word_1_888' title='bbox 2102 4029 2370 4102; x_wconf 86' lang='grc' dir='ltr'><strong>λυομένης</strong></span> <span class='ocrx_word' id='word_1_889' title='bbox 2398 4029 2700 4095; x_wconf 86' lang='grc' dir='ltr'><strong>ἀθανάτους</strong></span> <span class='ocrx_word' id='word_1_890' title='bbox 2732 4031 2936 4102; x_wconf 79' lang='grc' dir='ltr'><strong>κομίσῃ</strong></span> <span class='ocrx_word' id='word_1_891' title='bbox 2976 4031 3212 4102; x_wconf 85' lang='grc' dir='ltr'><strong>ἀμοιϐάς</strong></span> <span class='ocrx_word' id='word_1_892' title='bbox 3233 4072 3248 4098; x_wconf 92' lang='grc'><strong>,</strong></span> <span class='ocrx_word' id='word_1_893' title='bbox 3290 4032 3386 4084; x_wconf 74' lang='grc' dir='ltr'><strong>καὶ</strong></span> <span class='ocrx_word' id='word_1_894' title='bbox 3415 4029 3485 4082; x_wconf 88' lang='grc' dir='ltr'><strong>τά</strong></span> <span class='ocrx_word' id='word_1_895' title='bbox 3520 4029 3687 4100; x_wconf 74' lang='grc' dir='ltr'><strong>ἀπόρ-</strong></span> 
     </span>
    </p>
   </div>
   <div class='ocr_carea' id='block_1_115' title="bbox 2102 4112 3546 4183">
    <p class='ocr_par' dir='ltr' id='par_1_115' title="bbox 2102 4112 3546 4183">
     <span class='ocr_line' id='line_1_115' title="bbox 2102 4112 3546 4183; baseline -0.001 -17"><span class='ocrx_word' id='word_1_896' title='bbox 2102 4114 2242 4183; x_wconf 81' lang='grc' dir='ltr'><strong>ρητα</strong></span> <span class='ocrx_word' id='word_1_897' title='bbox 2274 4112 2473 4181; x_wconf 86' lang='grc' dir='ltr'><strong>ἀγαθά.</strong></span> <span class='ocrx_word' id='word_1_898' title='bbox 3542 4119 3546 4122; x_wconf 81' lang='grc'><em>’</em></span> 
     </span>
    </p>
   </div>
   <div class='ocr_carea' id='block_1_116' title="bbox 2170 4193 3684 4268">
    <p class='ocr_par' dir='ltr' id='par_1_116' title="bbox 2170 4193 3684 4268">
     <span class='ocr_line' id='line_1_116' title="bbox 2170 4193 3684 4268; baseline -0.001 -21"><span class='ocrx_word' id='word_1_899' title='bbox 2170 4195 2418 4268; x_wconf 76' lang='grc' dir='ltr'><strong>ε¹.”Απερ</strong></span> <span class='ocrx_word' id='word_1_900' title='bbox 2445 4195 2809 4267; x_wconf 76' lang='grc' dir='ltr'><strong>λογιζόμενοι,</strong></span> <span class='ocrx_word' id='word_1_901' title='bbox 2842 4197 3218 4268; x_wconf 86' lang='grc' dir='ltr'><strong>ὲπιτρέχωμεν</strong></span> <span class='ocrx_word' id='word_1_902' title='bbox 3253 4193 3684 4260; x_wconf 73' lang='grc' dir='ltr'><strong>ταῖςτοιαύταις</strong></span> 
     </span>
    </p>
   </div>
   <div class='ocr_carea' id='block_1_117' title="bbox 2097 4275 3684 4352">
    <p class='ocr_par' dir='ltr' id='par_1_117' title="bbox 2097 4275 3684 4352">
     <span class='ocr_line' id='line_1_117' title="bbox 2097 4275 3684 4352; baseline -0.003 -20"><span class='ocrx_word' id='word_1_903' title='bbox 2097 4277 2412 4345; x_wconf 83' lang='grc' dir='ltr'><strong>διακονίαις,</strong></span> <span class='ocrx_word' id='word_1_904' title='bbox 2453 4280 2528 4351; x_wconf 83' lang='grc' dir='ltr'><strong>μὴ</strong></span> <span class='ocrx_word' id='word_1_905' title='bbox 2583 4275 2683 4352; x_wconf 74' lang='grc' dir='ltr'><strong>τὴν</strong></span> <span class='ocrx_word' id='word_1_906' title='bbox 2715 4280 2962 4350; x_wconf 86' lang='grc' dir='ltr'><strong>δαπάνην</strong></span> <span class='ocrx_word' id='word_1_907' title='bbox 3013 4281 3375 4352; x_wconf 81' lang='grc' dir='ltr'><strong>λογιζόμενοι,</strong></span> <span class='ocrx_word' id='word_1_908' title='bbox 3431 4277 3568 4332; x_wconf 88' lang='grc' dir='ltr'><strong>ἀλλά</strong></span> <span class='ocrx_word' id='word_1_909' title='bbox 3620 4279 3684 4329; x_wconf 76' lang='grc' dir='ltr'><strong>τὸ</strong></span> 
     </span>
    </p>
   </div>
   <div class='ocr_carea' id='block_1_118' title="bbox 2097 4362 3684 4436">
    <p class='ocr_par' dir='ltr' id='par_1_118' title="bbox 2097 4362 3684 4436">
     <span class='ocr_line' id='line_1_118' title="bbox 2097 4362 3684 4436; baseline -0.001 -22"><span class='ocrx_word' id='word_1_910' title='bbox 2097 4362 2288 4433; x_wconf 82' lang='grc' dir='ltr'><strong>κέρδος</strong></span> <span class='ocrx_word' id='word_1_911' title='bbox 2318 4364 2411 4416; x_wconf 74' lang='grc' dir='ltr'><strong>καὶ</strong></span> <span class='ocrx_word' id='word_1_912' title='bbox 2441 4363 2541 4433; x_wconf 80' lang='grc' dir='ltr'><strong>τὴν</strong></span> <span class='ocrx_word' id='word_1_913' title='bbox 2565 4364 2826 4435; x_wconf 88' lang='grc' dir='ltr'><strong>πρόσοδον</strong></span> <span class='ocrx_word' id='word_1_914' title='bbox 2846 4365 2946 4436; x_wconf 83' lang='grc' dir='ltr'><strong>τὴν</strong></span> <span class='ocrx_word' id='word_1_915' title='bbox 2977 4365 3226 4418; x_wconf 73' lang='grc' dir='ltr'><strong>ἐντεῦθεν</strong></span> <span class='ocrx_word' id='word_1_916' title='bbox 3252 4362 3600 4434; x_wconf 86' lang='grc' dir='ltr'><strong>τικτομένην.</strong></span> <span class='ocrx_word' id='word_1_917' title='bbox 3620 4362 3684 4414; x_wconf 65' lang='lat' dir='ltr'><strong>Et</strong></span> 
     </span>
    </p>
   </div>
   <div class='ocr_carea' id='block_1_119' title="bbox 2096 4445 3681 4520">
    <p class='ocr_par' dir='ltr' id='par_1_119' title="bbox 2096 4445 3681 4520">
     <span class='ocr_line' id='line_1_119' title="bbox 2096 4445 3681 4520; baseline -0.002 -21"><span class='ocrx_word' id='word_1_918' title='bbox 2096 4447 2206 4516; x_wconf 79' lang='grc' dir='ltr'><strong>γὰρ</strong></span> <span class='ocrx_word' id='word_1_919' title='bbox 2251 4445 2523 4517; x_wconf 84' lang='grc' dir='ltr'><strong>ἀνθρώπῳ</strong></span> <span class='ocrx_word' id='word_1_920' title='bbox 2564 4449 2673 4499; x_wconf 73' lang='grc' dir='ltr'><strong>τινὶ</strong></span> <span class='ocrx_word' id='word_1_921' title='bbox 2717 4449 2826 4501; x_wconf 85' lang='grc' dir='ltr'><strong>τῶν</strong></span> <span class='ocrx_word' id='word_1_922' title='bbox 2880 4449 3261 4520; x_wconf 83' lang='grc' dir='ltr'><strong>ὑπερεχόντων</strong></span> <span class='ocrx_word' id='word_1_923' title='bbox 3305 4449 3364 4500; x_wconf 83' lang='grc' dir='ltr'><strong>ἐν</strong></span> <span class='ocrx_word' id='word_1_924' title='bbox 3406 4445 3681 4516; x_wconf 79' lang='grc' dir='ltr'><strong>ἀξιώμασι</strong></span> 
     </span>
    </p>
   </div>
   <div class='ocr_carea' id='block_1_120' title="bbox 2097 4530 3682 4603">
    <p class='ocr_par' dir='ltr' id='par_1_120' title="bbox 2097 4530 3682 4603">
     <span class='ocr_line' id='line_1_120' title="bbox 2097 4530 3682 4603; baseline 0.001 -21"><span class='ocrx_word' id='word_1_925' title='bbox 2097 4530 2368 4600; x_wconf 85' lang='grc' dir='ltr'><strong>βιωτικοῖς</strong></span> <span class='ocrx_word' id='word_1_926' title='bbox 2389 4530 2756 4601; x_wconf 86' lang='grc' dir='ltr'><strong>οἰκειούμενόν</strong></span> <span class='ocrx_word' id='word_1_927' title='bbox 2771 4550 2894 4586; x_wconf 88' lang='grc' dir='ltr'><strong>τινα</strong></span> <span class='ocrx_word' id='word_1_928' title='bbox 2927 4533 3279 4603; x_wconf 87' lang='grc' dir='ltr'><strong>θεασοίμεθα,</strong></span> <span class='ocrx_word' id='word_1_929' title='bbox 3312 4534 3492 4585; x_wconf 82' lang='grc' dir='ltr'><strong>πᾶσαν</strong></span> <span class='ocrx_word' id='word_1_930' title='bbox 3521 4530 3682 4600; x_wconf 85' lang='grc' dir='ltr'><strong>θερα-</strong></span> 
     </span>
    </p>
   </div>
   <div class='ocr_carea' id='block_1_121' title="bbox 2096 4613 3679 4688">
    <p class='ocr_par' dir='ltr' id='par_1_121' title="bbox 2096 4613 3679 4688">
     <span class='ocr_line' id='line_1_121' title="bbox 2096 4613 3679 4688; baseline -0.003 -20"><span class='ocrx_word' id='word_1_931' title='bbox 2096 4616 2255 4670; x_wconf 86' lang='grc' dir='ltr'><strong>πείαν</strong></span> <span class='ocrx_word' id='word_1_932' title='bbox 2284 4616 2364 4678; x_wconf 90' lang='grc' dir='ltr'><strong>εἰς</strong></span> <span class='ocrx_word' id='word_1_933' title='bbox 2392 4615 2557 4669; x_wconf 83' lang='grc' dir='ltr'><strong>αὐτὸν</strong></span> <span class='ocrx_word' id='word_1_934' title='bbox 2585 4616 2989 4670; x_wconf 73' lang='grc' dir='ltr'><strong>ἐπιδείκνυσθαι</strong></span> <span class='ocrx_word' id='word_1_935' title='bbox 3031 4613 3679 4688; x_wconf 45' lang='grc' dir='ltr'><strong>σπουδάζομενβννοοῦνέ</strong></span> 
     </span>
    </p>
   </div>
   <div class='ocr_carea' id='block_1_122' title="bbox 2092 4698 3678 4770">
    <p class='ocr_par' dir='ltr' id='par_1_122' title="bbox 2092 4698 3678 4770">
     <span class='ocr_line' id='line_1_122' title="bbox 2092 4698 3678 4770; baseline -0.001 -17"><span class='ocrx_word' id='word_1_936' title='bbox 2092 4718 2186 4764; x_wconf 86' lang='grc' dir='ltr'><strong>τες</strong></span> <span class='ocrx_word' id='word_1_937' title='bbox 2225 4701 2307 4754; x_wconf 82' lang='grc' dir='ltr'><strong>ὅτι</strong></span> <span class='ocrx_word' id='word_1_938' title='bbox 2353 4701 2422 4754; x_wconf 86' lang='grc' dir='ltr'><strong>τά</strong></span> <span class='ocrx_word' id='word_1_939' title='bbox 2457 4701 2537 4763; x_wconf 82' lang='grc' dir='ltr'><strong>εἰς</strong></span> <span class='ocrx_word' id='word_1_940' title='bbox 2575 4702 2781 4754; x_wconf 76' lang='grc' dir='ltr'><strong>ἐκεῖνον</strong></span> <span class='ocrx_word' id='word_1_941' title='bbox 2812 4701 3072 4770; x_wconf 86' lang='grc' dir='ltr'><strong>γινόμενα</strong></span> <span class='ocrx_word' id='word_1_942' title='bbox 3121 4702 3202 4762; x_wconf 81' lang='grc' dir='ltr'><strong>εἰς</strong></span> <span class='ocrx_word' id='word_1_943' title='bbox 3247 4700 3338 4752; x_wconf 83' lang='grc' dir='ltr'><strong>τὸν</strong></span> <span class='ocrx_word' id='word_1_944' title='bbox 3365 4698 3678 4770; x_wconf 83' lang='grc' dir='ltr'><strong>προστάτην</strong></span> 
     </span>
    </p>
   </div>
   <div class='ocr_carea' id='block_1_123' title="bbox 2093 4774 3692 4854">
    <p class='ocr_par' dir='ltr' id='par_1_123' title="bbox 2093 4774 3692 4854">
     <span class='ocr_line' id='line_1_123' title="bbox 2093 4774 3692 4854; baseline -0.003 -18"><span class='ocrx_word' id='word_1_945' title='bbox 2093 4774 2410 4854; x_wconf 81' lang='grc' dir='ltr'><strong>διαϐήσεται</strong></span> <span class='ocrx_word' id='word_1_946' title='bbox 2464 4784 2554 4836; x_wconf 86' lang='grc' dir='ltr'><strong>τὸν</strong></span> <span class='ocrx_word' id='word_1_947' title='bbox 2607 4783 2807 4846; x_wconf 84' lang='grc' dir='ltr'><strong>αὐτοῦ,</strong></span> <span class='ocrx_word' id='word_1_948' title='bbox 2853 4785 2948 4837; x_wconf 73' lang='grc' dir='ltr'><strong>καὶ</strong></span> <span class='ocrx_word' id='word_1_949' title='bbox 3004 4784 3086 4836; x_wconf 82' lang='grc' dir='ltr'><strong>ὅτι</strong></span> <span class='ocrx_word' id='word_1_950' title='bbox 3143 4783 3350 4844; x_wconf 72' lang='grc' dir='ltr'><strong>ἐκεῖνος</strong></span> <span class='ocrx_word' id='word_1_951' title='bbox 3401 4780 3692 4850; x_wconf 79' lang='grc' dir='ltr'><strong>γνωρίσας</strong></span> 
     </span>
    </p>
   </div>
   <div class='ocr_carea' id='block_1_124' title="bbox 2093 4863 3676 4937">
    <p class='ocr_par' dir='ltr' id='par_1_124' title="bbox 2093 4863 3676 4937">
     <span class='ocr_line' id='line_1_124' title="bbox 2093 4863 3676 4937; baseline -0.002 -20"><span class='ocrx_word' id='word_1_952' title='bbox 2093 4865 2308 4935; x_wconf 74' lang='grc' dir='ltr'><strong>ἐκείνῳ,</strong></span> <span class='ocrx_word' id='word_1_953' title='bbox 2353 4865 2412 4919; x_wconf 80' lang='grc' dir='ltr'><strong>ὃν</strong></span> <span class='ocrx_word' id='word_1_954' title='bbox 2444 4867 2757 4937; x_wconf 85' lang='grc' dir='ltr'><strong>προστάτην</strong></span> <span class='ocrx_word' id='word_1_955' title='bbox 2802 4867 3196 4936; x_wconf 74' lang='grc' dir='ltr'><strong>ἐπιγράφεται,</strong></span> <span class='ocrx_word' id='word_1_956' title='bbox 3246 4863 3489 4925; x_wconf 85' lang='grc' dir='ltr'><strong>πλείονος</strong></span> <span class='ocrx_word' id='word_1_957' title='bbox 3544 4864 3676 4934; x_wconf 81' lang='grc' dir='ltr'><strong>ἡμῖν</strong></span> 
     </span>
    </p>
   </div>
   <div class='ocr_carea' id='block_1_125' title="bbox 2091 4945 3670 5019">
    <p class='ocr_par' dir='ltr' id='par_1_125' title="bbox 2091 4945 3670 5019">
     <span class='ocr_line' id='line_1_125' title="bbox 2091 4945 3670 5019; baseline -0.001 -19"><span class='ocrx_word' id='word_1_958' title='bbox 2091 4947 2397 5001; x_wconf 88' lang='grc' dir='ltr'><strong>ἀπολαῦσαι</strong></span> <span class='ocrx_word' id='word_1_959' title='bbox 2447 4949 2858 5019; x_wconf 87' lang='grc' dir='ltr'><strong>παρασκευάσει</strong></span> <span class='ocrx_word' id='word_1_960' title='bbox 2902 4950 3002 5019; x_wconf 82' lang='grc' dir='ltr'><strong>τῆς</strong></span> <span class='ocrx_word' id='word_1_961' title='bbox 3046 4947 3174 5019; x_wconf 85' lang='grc' dir='ltr'><strong>παρ’</strong></span> <span class='ocrx_word' id='word_1_962' title='bbox 3205 4945 3370 5000; x_wconf 84' lang='grc' dir='ltr'><strong>αὐτοῦ</strong></span> <span class='ocrx_word' id='word_1_963' title='bbox 3409 4945 3624 5006; x_wconf 87' lang='grc' dir='ltr'><strong>εὐνοίας</strong></span> <span class='ocrx_word' id='word_1_964' title='bbox 3656 4959 3670 4974; x_wconf 86' lang='lat'><strong>&#39;</strong></span> 
     </span>
    </p>
   </div>
   <div class='ocr_carea' id='block_1_126' title="bbox 2091 5028 3676 5102">
    <p class='ocr_par' dir='ltr' id='par_1_126' title="bbox 2091 5028 3676 5102">
     <span class='ocr_line' id='line_1_126' title="bbox 2091 5028 3676 5102; baseline -0.001 -20"><span class='ocrx_word' id='word_1_965' title='bbox 2091 5028 2272 5100; x_wconf 88' lang='grc' dir='ltr'><strong>πολλῴ</strong></span> <span class='ocrx_word' id='word_1_966' title='bbox 2324 5031 2524 5102; x_wconf 77' lang='grc' dir='ltr'><strong>μᾶλλον</strong></span> <span class='ocrx_word' id='word_1_967' title='bbox 2571 5032 2665 5084; x_wconf 86' lang='grc' dir='ltr'><strong>ἐπὶ</strong></span> <span class='ocrx_word' id='word_1_968' title='bbox 2698 5031 2793 5084; x_wconf 88' lang='grc' dir='ltr'><strong>τοῦ</strong></span> <span class='ocrx_word' id='word_1_969' title='bbox 2845 5031 3120 5085; x_wconf 83' lang='grc' dir='ltr'><strong>Δεσπότου</strong></span> <span class='ocrx_word' id='word_1_970' title='bbox 3174 5031 3283 5085; x_wconf 85' lang='grc' dir='ltr'><strong>τῶν</strong></span> <span class='ocrx_word' id='word_1_971' title='bbox 3328 5029 3472 5084; x_wconf 80' lang='grc' dir='ltr'><strong>ὅλων</strong></span> <span class='ocrx_word' id='word_1_972' title='bbox 3517 5029 3676 5082; x_wconf 83' lang='grc' dir='ltr'><strong>τοῦτο</strong></span> 
     </span>
    </p>
   </div>
   <div class='ocr_carea' id='block_1_127' title="bbox 2089 5113 3684 5192">
    <p class='ocr_par' dir='ltr' id='par_1_127' title="bbox 2089 5113 3684 5192">
     <span class='ocr_line' id='line_1_127' title="bbox 2089 5113 3684 5192; baseline 0 -26"><span class='ocrx_word' id='word_1_973' title='bbox 2089 5114 2261 5167; x_wconf 80' lang='grc' dir='ltr'><strong>ἔσται.</strong></span> <span class='ocrx_word' id='word_1_974' title='bbox 2305 5115 2365 5167; x_wconf 80' lang='grc' dir='ltr'><strong>Εἰ</strong></span> <span class='ocrx_word' id='word_1_975' title='bbox 2399 5116 2528 5189; x_wconf 77' lang='grc' dir='ltr'><strong>γάρ,</strong></span> <span class='ocrx_word' id='word_1_976' title='bbox 2586 5117 2681 5169; x_wconf 83' lang='grc' dir='ltr'><strong>καὶ</strong></span> <span class='ocrx_word' id='word_1_977' title='bbox 2727 5116 2822 5170; x_wconf 75' lang='grc' dir='ltr'><strong>ἐπὶ</strong></span> <span class='ocrx_word' id='word_1_978' title='bbox 2872 5116 2980 5170; x_wconf 85' lang='grc' dir='ltr'><strong>τῶν</strong></span> <span class='ocrx_word' id='word_1_979' title='bbox 3011 5116 3282 5188; x_wconf 87' lang='grc' dir='ltr'><strong>τυχόντων</strong></span> <span class='ocrx_word' id='word_1_980' title='bbox 3315 5116 3407 5168; x_wconf 76' lang='grc' dir='ltr'><strong>καὶ</strong></span> <span class='ocrx_word' id='word_1_981' title='bbox 3437 5116 3529 5166; x_wconf 76' lang='grc' dir='ltr'><strong>ἐπὶ</strong></span> <span class='ocrx_word' id='word_1_982' title='bbox 3571 5113 3684 5192; x_wconf 78' lang='grc' dir='ltr'><strong>τῆς·</strong></span> 
     </span>
    </p>
   </div>
   <div class='ocr_carea' id='block_1_128' title="bbox 2089 5193 3674 5269">
    <p class='ocr_par' dir='ltr' id='par_1_128' title="bbox 2089 5193 3674 5269">
     <span class='ocr_line' id='line_1_128' title="bbox 2089 5193 3674 5269; baseline -0.002 -19"><span class='ocrx_word' id='word_1_983' title='bbox 2089 5195 2295 5268; x_wconf 83' lang='grc' dir='ltr'><strong>ἀγορᾶς</strong></span> <span class='ocrx_word' id='word_1_984' title='bbox 2310 5198 2660 5269; x_wconf 77' lang='grc' dir='ltr'><strong>ἐρριμμένων</strong></span> <span class='ocrx_word' id='word_1_985' title='bbox 2687 5200 2734 5251; x_wconf 89' lang='grc' dir='ltr'><strong>εἰ</strong></span> <span class='ocrx_word' id='word_1_986' title='bbox 2765 5198 3076 5266; x_wconf 77' lang='grc' dir='ltr'><strong>ὲπεδείξατό</strong></span> <span class='ocrx_word' id='word_1_987' title='bbox 3094 5199 3178 5262; x_wconf 90' lang='grc' dir='ltr'><strong>τίς</strong></span> <span class='ocrx_word' id='word_1_988' title='bbox 3203 5216 3323 5252; x_wconf 86' lang='grc' dir='ltr'><strong>τινα</strong></span> <span class='ocrx_word' id='word_1_989' title='bbox 3348 5193 3674 5268; x_wconf 86' lang='grc' dir='ltr'><strong>φιλοφροσύ-</strong></span> 
     </span>
    </p>
   </div>
   <div class='ocr_carea' id='block_1_129' title="bbox 2090 5272 3671 5354">
    <p class='ocr_par' dir='ltr' id='par_1_129' title="bbox 2090 5272 3671 5354">
     <span class='ocr_line' id='line_1_129' title="bbox 2090 5272 3671 5354; baseline -0.003 -18"><span class='ocrx_word' id='word_1_990' title='bbox 2090 5272 2185 5350; x_wconf 82' lang='grc' dir='ltr'><strong>νην</strong></span> <span class='ocrx_word' id='word_1_991' title='bbox 2216 5282 2307 5334; x_wconf 75' lang='grc' dir='ltr'><strong>καὶ</strong></span> <span class='ocrx_word' id='word_1_992' title='bbox 2342 5281 2706 5351; x_wconf 86' lang='grc' dir='ltr'><strong>συμπάθειαν,</strong></span> <span class='ocrx_word' id='word_1_993' title='bbox 2745 5283 3114 5354; x_wconf 88' lang='grc' dir='ltr'><strong>οἰκειούμενος</strong></span> <span class='ocrx_word' id='word_1_994' title='bbox 3145 5283 3218 5337; x_wconf 86' lang='grc' dir='ltr'><strong>τά</strong></span> <span class='ocrx_word' id='word_1_995' title='bbox 3237 5283 3507 5351; x_wconf 85' lang='grc' dir='ltr'><strong>γενόμενα</strong></span> <span class='ocrx_word' id='word_1_996' title='bbox 3527 5281 3671 5352; x_wconf 65' lang='lat'><strong>645-</strong></span> 
     </span>
    </p>
   </div>
   <div class='ocr_carea' id='block_1_130' title="bbox 2089 5355 3668 5437">
    <p class='ocr_par' dir='ltr' id='par_1_130' title="bbox 2089 5355 3668 5437">
     <span class='ocr_line' id='line_1_130' title="bbox 2089 5355 3668 5437; baseline -0.002 -20"><span class='ocrx_word' id='word_1_997' title='bbox 2089 5365 2293 5434; x_wconf 86' lang='grc' dir='ltr'><strong>σπότης</strong></span> <span class='ocrx_word' id='word_1_998' title='bbox 2324 5364 2720 5433; x_wconf 74' lang='grc' dir='ltr'><strong>ἐπαγγέλλεται</strong></span> <span class='ocrx_word' id='word_1_999' title='bbox 2749 5368 2829 5430; x_wconf 86' lang='grc' dir='ltr'><strong>εἰς</strong></span> <span class='ocrx_word' id='word_1_1000' title='bbox 2851 5368 2952 5437; x_wconf 82' lang='grc' dir='ltr'><strong>τὴν</strong></span> <span class='ocrx_word' id='word_1_1001' title='bbox 2981 5366 3258 5437; x_wconf 85' lang='grc' dir='ltr'><strong>βασιλείαν</strong></span> <span class='ocrx_word' id='word_1_1002' title='bbox 3281 5367 3522 5432; x_wconf 88' lang='grc' dir='ltr'><strong>εἰσάγειν</strong></span> <span class='ocrx_word' id='word_1_1003' title='bbox 3539 5355 3668 5425; x_wconf 74' lang='grc' dir='ltr'><strong>τοὺς</strong></span> 
     </span>
    </p>
   </div>
   <div class='ocr_carea' id='block_1_131' title="bbox 2084 5447 3668 5521">
    <p class='ocr_par' dir='ltr' id='par_1_131' title="bbox 2084 5447 3668 5521">
     <span class='ocr_line' id='line_1_131' title="bbox 2084 5447 3668 5521; baseline -0.001 -19"><span class='ocrx_word' id='word_1_1004' title='bbox 2084 5449 2286 5518; x_wconf 87' lang='grc' dir='ltr'><strong>ἀγαθόν</strong></span> <span class='ocrx_word' id='word_1_1005' title='bbox 2304 5465 2357 5501; x_wconf 88' lang='grc' dir='ltr'><strong>τι</strong></span> <span class='ocrx_word' id='word_1_1006' title='bbox 2372 5451 2452 5512; x_wconf 88' lang='grc' dir='ltr'><strong>εἰς</strong></span> <span class='ocrx_word' id='word_1_1007' title='bbox 2468 5449 2708 5513; x_wconf 64' lang='grc' dir='ltr'><strong>ἐκείνους</strong></span> <span class='ocrx_word' id='word_1_1008' title='bbox 2735 5451 3150 5521; x_wconf 77' lang='grc' dir='ltr'><strong>εἰργασμένους,</strong></span> <span class='ocrx_word' id='word_1_1009' title='bbox 3177 5449 3272 5503; x_wconf 72' lang='grc' dir='ltr'><strong>καὶ</strong></span> <span class='ocrx_word' id='word_1_1010' title='bbox 3301 5450 3468 5520; x_wconf 80' lang='grc' dir='ltr'><strong>έρεῖνο</strong></span> <span class='ocrx_word' id='word_1_1011' title='bbox 3488 5447 3668 5502; x_wconf 81' lang='grc' dir='ltr'><strong>Δεῦτε</strong></span> 
     </span>
    </p>
   </div>
   <div class='ocr_carea' id='block_1_132' title="bbox 2082 5529 3665 5604">
    <p class='ocr_par' dir='ltr' id='par_1_132' title="bbox 2082 5529 3665 5604">
     <span class='ocr_line' id='line_1_132' title="bbox 2082 5529 3665 5604; baseline -0.001 -18"><span class='ocrx_word' id='word_1_1012' title='bbox 2082 5535 2139 5586; x_wconf 78' lang='grc' dir='ltr'><strong>οἱ</strong></span> <span class='ocrx_word' id='word_1_1013' title='bbox 2165 5529 2560 5602; x_wconf 76' lang='grc' dir='ltr'><strong>εὐλογημένοι</strong></span> <span class='ocrx_word' id='word_1_1014' title='bbox 2577 5533 2684 5587; x_wconf 89' lang='grc' dir='ltr'><strong>τοῦ</strong></span> <span class='ocrx_word' id='word_1_1015' title='bbox 2700 5535 2931 5602; x_wconf 81' lang='grc' dir='ltr'><strong>Πατρός</strong></span> <span class='ocrx_word' id='word_1_1016' title='bbox 2951 5551 3090 5604; x_wconf 85' lang='grc' dir='ltr'><strong>μου,</strong></span> <span class='ocrx_word' id='word_1_1017' title='bbox 3115 5532 3528 5595; x_wconf 81' lang='grc' dir='ltr'><strong>ὅτιέπείνασα,</strong></span> <span class='ocrx_word' id='word_1_1018' title='bbox 3563 5532 3665 5585; x_wconf 75' lang='grc' dir='ltr'><strong>καί</strong></span> 
     </span>
    </p>
   </div>
   <div class='ocr_carea' id='block_1_133' title="bbox 2080 5614 3664 5686">
    <p class='ocr_par' dir='ltr' id='par_1_133' title="bbox 2080 5614 3664 5686">
     <span class='ocr_line' id='line_1_133' title="bbox 2080 5614 3664 5686; baseline 0 -17"><span class='ocrx_word' id='word_1_1019' title='bbox 2080 5614 2338 5670; x_wconf 78' lang='grc' dir='ltr'><strong>ἐδώκατέ</strong></span> <span class='ocrx_word' id='word_1_1020' title='bbox 2374 5632 2479 5684; x_wconf 83' lang='grc' dir='ltr'><strong>μοι</strong></span> <span class='ocrx_word' id='word_1_1021' title='bbox 2527 5616 2774 5683; x_wconf 73' lang='grc' dir='ltr'><strong>φαγεῖν⁹</strong></span> <span class='ocrx_word' id='word_1_1022' title='bbox 2812 5616 2991 5686; x_wconf 84' lang='grc' dir='ltr'><strong>πολλῷ</strong></span> <span class='ocrx_word' id='word_1_1023' title='bbox 3033 5615 3233 5686; x_wconf 79' lang='grc' dir='ltr'><strong>μᾶλλον</strong></span> <span class='ocrx_word' id='word_1_1024' title='bbox 3273 5618 3400 5681; x_wconf 84' lang='grc' dir='ltr'><strong>τούς</strong></span> <span class='ocrx_word' id='word_1_1025' title='bbox 3437 5616 3526 5672; x_wconf 84' lang='grc' dir='ltr'><strong>διὰ</strong></span> <span class='ocrx_word' id='word_1_1026' title='bbox 3572 5617 3664 5672; x_wconf 77' lang='grc' dir='ltr'><strong>τὸν</strong></span> 
     </span>
    </p>
   </div>
   <div class='ocr_carea' id='block_1_134' title="bbox 2149 5765 3660 5839">
    <p class='ocr_par' dir='ltr' id='par_1_134' title="bbox 2149 5765 3660 5839">
     <span class='ocr_line' id='line_1_134' title="bbox 2149 5765 3660 5839; baseline 0.004 -25"><span class='ocrx_word' id='word_1_1027' title='bbox 2149 5765 2178 5835; x_wconf 66' lang='grc' dir='ltr'><strong>ἰ)</strong></span> <span class='ocrx_word' id='word_1_1028' title='bbox 2200 5765 2416 5839; x_wconf 47' lang='grc' dir='ltr'><strong>θυεμ-ουτ</strong></span> <span class='ocrx_word' id='word_1_1029' title='bbox 2434 5779 2564 5839; x_wconf 41' lang='grc' dir='ltr'><strong>ἔπιδε..</strong></span> <span class='ocrx_word' id='word_1_1030' title='bbox 2581 5769 3015 5839; x_wconf 62' lang='grc' dir='ltr'><strong>ἐγκεχειρισμένοις,</strong></span> <span class='ocrx_word' id='word_1_1031' title='bbox 3039 5772 3118 5839; x_wconf 68' lang='grc' dir='ltr'><strong>καί</strong></span> <span class='ocrx_word' id='word_1_1032' title='bbox 3135 5777 3190 5833; x_wconf 76' lang='grc' dir='ltr'><strong>τῇ</strong></span> <span class='ocrx_word' id='word_1_1033' title='bbox 3218 5776 3444 5839; x_wconf 70' lang='grc' dir='ltr'><strong>ἱερωσύνῃ</strong></span> <span class='ocrx_word' id='word_1_1034' title='bbox 3471 5789 3660 5839; x_wconf 60' lang='lat' dir='ltr'><strong>rumn-</strong></span> 
     </span>
    </p>
   </div>
   <div class='ocr_carea' id='block_1_135' title="bbox 2095 5826 3659 5897">
    <p class='ocr_par' dir='ltr' id='par_1_135' title="bbox 2095 5826 3659 5897">
     <span class='ocr_line' id='line_1_135' title="bbox 2095 5826 3659 5897; baseline 0.004 -21"><span class='ocrx_word' id='word_1_1035' title='bbox 2095 5826 2262 5891; x_wconf 69' lang='grc' dir='ltr'><strong>μένοις.</strong></span> <span class='ocrx_word' id='word_1_1036' title='bbox 2297 5826 2487 5885; x_wconf 80' lang='grc' dir='ltr'><strong>Ἐπειδὴ</strong></span> <span class='ocrx_word' id='word_1_1037' title='bbox 2511 5826 2623 5893; x_wconf 65' lang='grc' dir='ltr'><strong>γάρ.</strong></span> <span class='ocrx_word' id='word_1_1038' title='bbox 2644 5826 2776 5882; x_wconf 64' lang='grc' dir='ltr'><strong>Ιιιίιτί</strong></span> <span class='ocrx_word' id='word_1_1039' title='bbox 2798 5826 2992 5893; x_wconf 75' lang='lat' dir='ltr'><strong>qmdam</strong></span> <span class='ocrx_word' id='word_1_1040' title='bbox 3017 5826 3208 5883; x_wconf 65' lang='grc' dir='ltr'><strong>πλείονα</strong></span> <span class='ocrx_word' id='word_1_1041' title='bbox 3231 5826 3368 5897; x_wconf 80' lang='grc' dir='ltr'><strong>τίμὴν</strong></span> <span class='ocrx_word' id='word_1_1042' title='bbox 3391 5826 3659 5896; x_wconf 47' lang='grc' dir='ltr'><strong>ἀπήμονι.</strong></span> 
     </span>
    </p>
   </div>
  </div>
