4146 6260
471 231 575 287 565

469 345 601 413 gniti
627 349 749 397 sunt
774 342 817 395 si
845 340 961 410 quis
986 338 1224 403 coluerit,
1252 352 1355 390 non
1386 337 1554 390 solum
1585 347 1763 403 parem
1789 341 2042 395 asseque-

475 448 559 487 lttl‘
606 431 1006 488 retributionem
1029 471 1044 493 ,
1074 429 1165 482 sed
1206 425 1566 494 multipliciter
1608 420 1898 491 majorem,
1935 419 2047 473 cle-

472 532 652 578 mente
700 522 811 575 Deo
853 535 918 574 ex
966 517 1285 573 abundantia
1322 511 1702 569 misericordia:
1745 524 1954 578 semper
1983 524 2045 562 ea

472 627 591 681 qua
616 626 647 665 a
678 611 830 663 nobis
857 610 989 663 ﬁunt
1006 609 1267 661 vincente.
1288 604 1362 658 Ne
1386 604 1542 673 igitur
1566 602 1732 656 simus
1754 600 2045 654 deteriores

474 702 796 766 inﬁdelibus,
822 700 911 768 qui
938 708 1155 767 propter
1184 699 1442 752 idolorum
1477 709 1712 750 errorem
1741 692 1912 746 adhuc
1939 700 2045 743 tan-

475 801 583 844 tum
613 792 811 844 cultum
841 789 1091 844 exhibent
1134 789 1345 842 illorum
1391 785 1597 839 famulis
1628 801 1641 837 :
1672 781 1765 837 sed
1796 790 2047 850 quantum

472 882 757 936 discrimen
787 891 867 934 est
893 894 1127 934 errorem
1159 880 1294 932 inter
1315 886 1369 931 et
1389 878 1690 937 veritatem,
1718 882 1874 942 atque
1912 873 2049 925 inter

476 970 783 1024 sacerdotes
810 970 930 1023 illos
954 977 1008 1023 et
1046 969 1138 1022 Dei
1168 968 1498 1030 sacerdotes;
1532 973 1729 1019 tantam
1762 964 1812 1016 in
1851 964 2050 1015 honore

477 1068 632 1126 atque
659 1058 803 1111 cultu
831 1058 1180 1112 differentiam
1219 1057 1568 1111 exhibeamus
1590 1095 1603 1118 ,
1636 1063 1693 1107 ut
1735 1054 1902 1106 multo
1930 1052 2048 1120 plu-

479 1164 565 1201 res
585 1162 829 1217 superna:
854 1148 1007 1202 nobis
1049 1146 1421 1202 retributiones
1458 1153 1781 1198 accrescant.
1811 1143 1900 1197 25.
1936 1140 2049 1193 Ila-

481 1239 650 1291 bitarit
672 1248 837 1291 autem
860 1239 1017 1292 Jacob
1042 1239 1093 1291 in
1123 1238 1374 1308 IEgypto,
1405 1247 1450 1290 et
1477 1237 1610 1289 aucti
1637 1244 1774 1300 sunt,
1806 1244 1853 1289 et
1878 1234 2021 1287 multi
2032 1266 2051 1277 -

479 1328 652 1395 plicati
690 1337 807 1380 sunt
832 1328 994 1381 ualde.
1026 1328 1150 1382 Erat
1174 1328 1315 1382 enim
1346 1326 1459 1379 lucc
1503 1325 1782 1394 promissio
1820 1324 1909 1377 Dei
1949 1324 2047 1392 ipsi

479 1415 638 1477 facta,
668 1416 879 1469 Faciam
908 1426 954 1469 te
976 1418 1081 1470 illic
1103 1420 1154 1469 in
1192 1425 1383 1486 gentem
1405 1431 1658 1484 magnam.
1685 1412 1775 1467 20.
1798 1412 1863 1465 Et
1887 1429 2055 1481 super-

480 1507 601 1558 vixit
641 1505 799 1558 Iacob
836 1507 1001 1560 decem
1038 1517 1085 1561 et
1126 1516 1311 1574 septem
1349 1507 1511 1561 annis.
1539 1504 1603 1557 Et
1632 1504 1752 1573 facti
1792 1514 1905 1557 sunt
1948 1504 2053 1555 dies

477 1596 638 1648 Jacob
658 1598 779 1649 anni
797 1606 993 1650 centum
1019 1596 1350 1666 quadraginta
1373 1605 1577 1663 septem.
1608 1594 1891 1662 Propterea
1917 1593 2053 1647 Deus

479 1685 752 1740 dimensus
780 1695 863 1740 est
887 1690 934 1740 et
974 1686 1075 1739 hoc
1115 1694 1321 1755 tempus
1350 1686 1470 1739 vitae
1494 1727 1508 1749 ,
1539 1694 1595 1738 ut
1638 1692 1756 1752 post
1784 1684 2049 1737 miseriam

478 1789 638 1841 quam
667 1782 776 1828 toto
803 1776 920 1828 vita:
950 1784 1052 1829 tem
1064 1790 1190 1843 pore
1226 1775 1473 1829 sustinuit
1497 1815 1511 1838 ,
1539 1774 1897 1828 consolatione
1944 1788 2056 1825 ma-

475 1877 577 1929 gna
607 1871 819 1931 accepta
848 1863 971 1918 hinc
1006 1866 1273 1934 migraret.

551 1950 764 2005 Moralis
790 1955 1065 2007 conclusio.
1096 1983 1162 1996 --
1188 1956 1403 2020 Verum,
1432 1956 1474 2007 si
1502 1954 1658 2007 vultis
1682 1994 1694 2014 ,
1724 1968 1790 2007 nc
1817 1952 2054 2005 multitu-

475 2043 602 2097 dine
641 2043 903 2098 dictorum
950 2046 1260 2098 memoriam
1304 2054 1530 2097 vestram
1579 2043 1883 2106 obruamus,
1934 2057 2053 2110 quae

480 2133 681 2201 reliqua
711 2142 834 2187 sunt
875 2134 1293 2197 reservabimus,
1321 2142 1375 2187 et
1404 2132 1560 2186 ﬁnem
1596 2133 1851 2187 oratiunis
1894 2132 2054 2187 facie-

480 2236 600 2275 mus
628 2240 641 2275 :
676 2231 904 2276 vestram
940 2232 1117 2276 autem
1154 2223 1427 2276 caritatem
1469 2223 1568 2277 hoc
1592 2225 1967 2292 rogaveriinus,
2001 2234 2057 2279 ut

482 2312 763 2380 diligenter
797 2312 860 2365 iis
883 2326 1001 2380 qua:
1025 2312 1271 2366 dicuntur
1302 2312 1606 2379 intendatis,
1642 2321 1696 2367 et
1724 2313 1833 2382 ipsa
1865 2330 2054 2383 perpe-

483 2410 586 2453 tua:
614 2402 882 2455 memoriae
911 2403 1313 2468 commendetis,
1330 2404 1577 2456 continuo
1608 2404 1658 2455 in
1685 2412 1863 2457 mente
1884 2414 2053 2458 vestra

480 2501 773 2555 versantes,
798 2501 852 2546 et
876 2494 1167 2561 cogitantes
1196 2502 1443 2561 quantam
1471 2494 1913 2563 patientiamjusti
1938 2511 2055 2551 sus-

482 2580 755 2647 tinuerint,
784 2597 1046 2650 quamque
1102 2583 1550 2651 longanimitatem
1581 2593 1636 2638 et
1669 2584 1824 2638 fidem
1854 2585 1905 2638 in
1932 2600 2055 2653 pro-

480 2669 817 2724 missionibus
868 2670 959 2725 Dei
1009 2670 1313 2737 habuerint,
1360 2688 1464 2726 non
1518 2672 1696 2728 animo
1742 2673 2054 2729 fluctuantes

480 2769 700 2828 propter
722 2777 783 2814 ea
806 2777 921 2830 qua:
945 2771 1062 2831 post
1085 2764 1462 2831 promissiones
1481 2765 1793 2819 eveniebant
1820 2784 1832 2819 :
1863 2766 1958 2821 sed
1995 2767 2056 2819 li-

480 2850 670 2905 dentes
694 2851 810 2919 ejus
832 2853 919 2921 qui
943 2853 1254 2920 promiserat
1275 2855 1475 2919 virtuti,
1499 2856 1673 2909 omnia
1704 2871 1854 2925 aequo
1877 2857 2055 2910 animo

482 2937 739 3005 lambant,
769 2950 823 2993 et
862 2950 1139 3010 propterea
1165 2943 1400 2998 celebres
1426 2953 1480 2998 ct
1514 2945 1641 2999 clari
1678 2944 1890 2999 fuerint.
1920 2947 2055 3000 Ecce

479 3029 622 3081 enim
652 3038 704 3083 et
718 3029 891 3098 justus
909 3031 995 3085 ille
1014 3030 1321 3101 Josephum,
1345 3042 1620 3103 postquam
1650 3045 1725 3088 tot
1752 3036 1904 3089 annis
1924 3036 2056 3090 luxit

481 3119 630 3187 quasi
653 3128 918 3174 mortuum
943 3162 957 3183 ,
990 3123 1118 3175 vidit
1146 3138 1365 3193 regnum
1394 3123 1605 3195 Egypti
1635 3135 1815 3180 tenere
1844 3144 1858 3179 :
1886 3136 1940 3180 et
1963 3127 2056 3180 ad-

482 3208 737 3263 mirabilis
781 3210 978 3279 Joscph
1000 3251 1013 3275 ,
1054 3223 1170 3280 post
1207 3213 1512 3269 servitutem
1538 3254 1553 3279 ,
1580 3225 1701 3283 post
1741 3231 2009 3270 carcerem
2033 3257 2050 3282 ,

482 3307 599 3366 post
623 3299 724 3353 alia
754 3301 930 3354 omnia
952 3316 1067 3370 qua:
1093 3303 1375 3368 sustinuit,
1410 3305 1757 3374 principatum
1786 3307 1945 3361 totius
1971 3323 2054 3360 rc-

476 3390 652 3457 gionis
680 3393 929 3460 suscepit.
960 3392 1026 3447 Et
1061 3393 1105 3447 si
1135 3393 1281 3448 adire
1326 3395 1644 3450 voluerimus
1681 3411 1804 3461 eas,
1854 3412 1970 3466 qua:
2001 3397 2052 3451 in

480 3493 630 3533 sacra
671 3479 939 3549 Scriptura
983 3483 1354 3546 continentur,
1406 3484 1684 3550 historias,
1728 3485 2053 3540 inveniemus

478 3585 666 3623 omnes
692 3571 881 3625 virtute
913 3572 1161 3639 praeditos
1204 3588 1298 3641 per
1324 3574 1641 3629 tentationcs
1680 3574 1975 3643 ingressos,
2001 3584 2053 3628 et

481 3660 559 3713 sic
588 3676 833 3729 magnum
861 3677 889 3713 a
922 3662 1027 3714 Deo
1054 3674 1367 3732 assequutos
1390 3666 1663 3719 auxilium.
1687 3667 1741 3720 Si
1768 3682 1894 3734 ergo
1922 3667 2053 3719 divi—

484 3764 604 3803 nam
634 3750 788 3804 nobis
818 3750 1239 3806 benevolentiam
1278 3754 1563 3808 conciliare
1590 3756 1853 3819 volumus,
1882 3771 1949 3810 ne
1978 3758 2052 3808 si-

484 3853 603 3893 mus
626 3840 765 3892 anxii
791 3840 841 3891 in
869 3842 1263 3905 tentatiOnibus,
1287 3858 1384 3897 nec
1401 3844 1654 3912 gravatim
1682 3844 1911 3898 feramus
1937 3860 2055 3913 qua:

482 3927 633 3981 nobis
659 3927 950 3983 obveniant
980 3947 994 3982 :
1026 3930 1120 3982 sed
1171 3932 1336 4000 magis
1371 3931 1691 3999 gaudeamus
1723 3940 1776 3986 et
1820 3934 2055 3989 Iretetnur

484 4019 588 4071 ﬁde
611 4018 959 4082 corroborati,
993 4022 1223 4076 scientes
1248 4038 1345 4077 nos
1368 4023 1467 4078 hac
1494 4024 1698 4080 ratione
1726 4027 2053 4093 potissimum

482 4109 659 4164 divina
698 4110 1025 4177 providentia
1064 4112 1317 4168 fruituros
1363 4131 1482 4170 esse
1504 4158 1519 4182 ,
1549 4117 1593 4171 si
1620 4132 1739 4171 cum
1768 4119 2052 4187 gratiarum

480 4200 688 4253 actione
716 4204 891 4254 omnia
921 4202 1060 4255 ferre
1087 4204 1418 4259 meditemur.
1451 4206 1517 4261 Ut
1543 4216 1719 4261 autem
1747 4223 1933 4261 omnes
1957 4224 2054 4262 nos

479 4300 534 4341 et
562 4300 873 4357 praesentem
915 4293 1073 4345 vitam
1104 4294 1458 4350 iu'virtutibus
1486 4299 1853 4367 transigamus,
1887 4307 1940 4352 et
1975 4299 2054 4351 fu-

484 4390 598 4431 tura
624 4393 1009 4448 consequamur
1035 4382 1167 4436 bona
1190 4424 1204 4447 ,
1234 4386 1490 4440 concedat
1516 4387 1667 4441 nobis
1695 4404 1788 4456 per
1814 4390 2052 4443 clemen-

485 4471 608 4522 tiam
630 4480 684 4524 et
707 4473 927 4540 gratiam
957 4488 1105 4528 suam
1132 4476 1384 4531 Dominus
1408 4488 1588 4533 noster
1606 4478 1762 4533 Iesus
1788 4480 2051 4545 Christus,

482 4561 692 4626 quicum
721 4562 860 4615 Patri
892 4573 945 4616 et
988 4574 1173 4619 sancto
1199 4566 1414 4632 Spiritui
1447 4569 1515 4623 sit
1542 4569 1706 4637 gloria
1732 4611 1747 4635 ,
1775 4570 2052 4640 imperium

480 4661 534 4703 et
565 4651 735 4706 honor
759 4692 775 4718 ,
816 4669 954 4708 nunc
994 4665 1049 4710 et
1084 4670 1317 4725 semper,
1342 4668 1394 4711 et
1423 4659 1474 4713 in
1500 4663 1688 4714 saecula
1718 4663 2051 4716 saeculorum.

484 4744 675 4796 Amen.

1026 4880 1301 4938 HOMILIA
1341 4883 1526 4939 LXVI.

484 5008 1021 5076 Appropinquaverunt
1045 5022 1229 5079 autem,
1263 5016 1461 5085 inquit,
1490 5018 1595 5069 dies
1623 5016 1785 5070 Israel
1811 5027 1862 5071 ut
1892 5036 2053 5072 more-

556 5107 708 5159 retur,
742 5109 786 5152 et
811 5102 1000 5154 vocavit
1025 5104 1185 5170 [ilium
1214 5122 1357 5159 suum
1387 5106 1605 5175 Joseph,
1642 5117 1686 5160 et
1725 5109 1850 5161 dixit
1877 5110 1921 5160 ei
1946 5125 1964 5162 :
1996 5109 2055 5163 Si

553 5189 717 5241 inveni
740 5194 952 5259 gratiam
990 5194 1127 5262 apud
1149 5204 1224 5259 te,
1254 5214 1479 5266 suppone
1507 5215 1707 5251 manum
1731 5208 1867 5250 tuam
1892 5199 2056 5251 subter

558 5282 721 5348 femur
757 5298 919 5334 meum
943 5325 956 5348 ,
986 5294 1029 5335 et
1057 5286 1210 5353 facies
1236 5303 1423 5339 mecum
1449 5290 1834 5341 misericordiam
1860 5300 1907 5343 et
1932 5291 2058 5343 veri-

558 5379 725 5436 tatem,
751 5381 804 5423 ut
834 5389 932 5425 non
961 5375 1173 5441 sepeliar
1207 5392 1296 5445 ego
1322 5376 1373 5429 in
1405 5376 1478 5430 1E
1482 5388 1633 5447 gypto
1653 5396 1675 5443 ,°
1696 5381 1785 5432 sed
1813 5381 2057 5434 dormiam

554 5480 664 5514 cum
694 5463 915 5530 patribus
941 5466 1059 5519 meis
1086 5482 1105 5519 :
1134 5476 1179 5519 et
1212 5473 1406 5537 auferes
1436 5485 1511 5522 me
1542 5486 1603 5523 ex
1624 5468 1871 5541 ﬁgyplo,
1900 5481 1943 5525 et
1979 5490 2056 5526 se-

556 5554 706 5623 pelies
732 5554 871 5608 mein
898 5558 1124 5626 sepulcra
1149 5560 1337 5617 eormn.
1359 5556 1457 5615 Ille
1476 5570 1637 5615 autem
1663 5562 1786 5615 dixit
1812 5576 1828 5614 :
1845 5561 2053 5617 Faciam

1464 219 1530 274 IN
1568 218 1718 274 car.
1760 212 1965 269 XLVII.
2006 206 2247 264 cauas.
2290 208 2516 264 nouiL.
2559 170 2740 263 vai.

3620 210 3722 264 56b

2225 320 2495 374 secundum
2520 322 2718 373 verbum
2744 329 2901 372 tuum.
2930 318 3073 372 Dixit
3096 325 3262 373 autem
3290 335 3308 373 :
3332 320 3466 375 Iura
3492 322 3632 376 milii.
3662 322 3730 374 Et

2219 410 2411 479 iuravit
2435 411 2498 464 ei.
2532 410 2591 461 Et
2633 408 2860 462 adoravit
2887 408 3051 463 Israel
3079 410 3146 463 ad
3169 411 3425 480 fastigium
3452 412 3603 480 virga:
3622 414 3729 481 ejus

2231 503 2248 571 (
2272 500 2397 555 Gen.
2420 503 2507 556 47.
2537 502 2753 569 29-51).

2230 674 2278 726 1.
2320 673 2428 740 Age
2453 673 2607 726 hodie
2630 672 2784 726 linem
2814 673 3144 741 imponamus
3172 674 3457 726 narrationi
3487 681 3541 726 et
3564 674 3728 727 histo-

2156 763 2248 815 ria:
2285 762 2488 825 Jacobi,
2516 771 2570 815 et
2606 761 2878 816 videamus
2904 777 3145 831 quamam
3184 763 3291 816 sint
3336 763 3421 815 illa
3461 778 3577 832 qua:
3615 764 3725 833 jam

2157 854 2441 906 moriturus
2461 853 2706 921 disponat
2733 862 2787 907 et
2809 854 3036 907 ordinet.
3056 853 3252 908 Verum
3278 854 3452 909 nullus
3492 854 3558 909 ad
3599 872 3723 925 prm-

2155 941 2381 993 sentium
2408 955 2583 994 rerum
2618 950 2809 995 statum
2837 952 3103 1010 spectans,
3124 943 3243 996 talia
3269 943 3443 1013 exigat
3467 943 3533 997 ab
3555 945 3615 997 iis
3636 945 3725 1013 qui

2158 1039 2280 1083 tunc
2309 1028 2521 1084 fuerunt
2554 1030 2705 1099 justi,
2736 1031 2909 1099 qualia
2940 1047 3080 1085 nunc
3116 1033 3166 1085 in
3196 1035 3300 1087 vita
3345 1035 3611 1102 sapienter
3647 1035 3727 1089 in-

2157 1120 2337 1172 stituta
2363 1119 2545 1173 ﬁdeles
2575 1130 2825 1188 praestare
2851 1122 3115 1185 convenit,
3146 1123 3237 1176 sed
3264 1124 3552 1199 secundum
3593 1134 3729 1180 tem-

2158 1224 2285 1277 pora
2328 1219 2382 1263 et
2426 1225 2513 1263 res
2547 1209 2770 1277 judicet.
2800 1210 2922 1265 Haec
2952 1222 3125 1265 autem
3174 1212 3349 1266 dedita
3392 1229 3550 1281 opera
3582 1217 3726 1284 prius

2156 1300 2403 1366 dixerim,
2437 1313 2650 1369 propter
2675 1316 2737 1353 ea
2766 1317 2883 1370 qum
2907 1318 2935 1354 a
2965 1302 3260 1369 patriarcha
3292 1304 3388 1371 ipsi
3420 1304 3615 1373 Joseph
3640 1306 3725 1359 di-

2157 1400 2361 1445 centur.
2390 1392 2573 1457 Qualia
2600 1401 2775 1445 autem
2810 1393 2949 1456 sint,
2977 1393 3269 1446 audiamus.
3312 1394 3400 1448 29.
3440 1398 3729 1466 Appropin-

2156 1491 2429 1551 quaverunt
2452 1491 2648 1545 autem,
2680 1483 2879 1551 inquit,
2908 1483 3012 1536 dies
3042 1482 3239 1548 Israel,
3272 1494 3325 1536 ut
3353 1496 3623 1538 moreretur
3643 1525 3658 1549 ,
3685 1497 3731 1539 et

2157 1573 2345 1624 vocavit
2371 1572 2534 1639 filium
2560 1589 2704 1625 suum
2731 1571 2921 1641 Ioseph
2946 1612 2960 1636 ,
2983 1584 3029 1625 et
3058 1573 3183 1625 dixit
3206 1574 3250 1627 ei
3274 1588 3291 1625 :
3319 1574 3380 1627 Si
3425 1575 3588 1627 iuveni
3611 1591 3729 1643 gra-

2159 1663 2281 1713 tiam
2302 1661 2439 1729 apud
2462 1671 2528 1727 te,
2546 1678 2774 1732 suppone
2792 1678 2996 1715 manum
3022 1672 3157 1715 tuam
3175 1663 3342 1716 subter
3358 1665 3520 1733 fantur
3541 1680 3728 1727 meum,

2156 1764 2204 1805 et
2231 1753 2382 1821 facies
2410 1767 2601 1804 mecum
2630 1752 3020 1804 misericordiam
3050 1761 3096 1804 et
3131 1752 3407 1816 veritatem,
3438 1762 3491 1806 ut
3517 1770 3617 1806 non
3652 1770 3732 1805 se-

2159 1845 2317 1912 peliar
2344 1860 2433 1914 ego
2472 1843 2524 1896 in
2548 1842 2777 1914 zEgypto
2804 1862 2823 1909 ;
2852 1846 2938 1899 30.
2971 1844 3055 1897 sed
3083 1846 3329 1897 dormiam
3356 1862 3468 1897 cum
3508 1845 3734 1914 patribus

2159 1934 2279 1986 meis
2302 1949 2320 1996 ;
2344 1943 2391 1987 et
2411 1938 2607 2003 auferes
2634 1950 2711 1986 me
2737 1950 2800 1986 ex
2833 1933 3082 2004 zEgypto,
3101 1943 3144 1986 el
3161 1934 3367 2002 sepelies
3389 1949 3467 1987 me
3491 1936 3542 1988 in
3566 1936 3734 2004 sepul»

2159 2039 2245 2075 cro
2269 2039 2458 2076 eorum.
2491 2022 2591 2077 Ille
2610 2033 2773 2077 autem
2800 2025 2925 2076 dixit
2953 2039 2969 2077 :
2998 2023 3206 2076 Faciam
3237 2026 3509 2077 secundum
3535 2025 3736 2077 verbum

2160 2124 2317 2167 tuum.
2375 2115 2464 2169 31.
2494 2114 2636 2168 Dixit
2664 2124 2829 2169 autem
2850 2132 2869 2168 :
2894 2114 3028 2168 Jura
3065 2116 3207 2168 mihi.
3241 2115 3303 2167 Et
3343 2117 3535 2186 juravit
3573 2117 3637 2169 ei.
3669 2116 3734 2169 Et

2159 2204 2384 2257 adoravit
2413 2204 2575 2259 Israel
2603 2205 2670 2257 ad
2700 2207 2952 2277 fastigium
2980 2207 3131 2276 virga:
3153 2208 3279 2271 eius.

2230 2295 2332 2349 Cur
2369 2297 2573 2349 voluerit
2601 2296 2652 2349 in
2686 2298 2851 2365 patria
2883 2296 3083 2365 sepeliri
3108 2295 3288 2349 Jacob.
3314 2326 3383 2336 —
3414 2296 3557 2351 Multi
3588 2297 3731 2366 abjc-

2158 2386 2341 2440 ctioris
2382 2386 2573 2449 animi,
2605 2387 2815 2455 quando
2857 2402 2886 2440 a
2933 2387 3085 2441 nobis
3113 2387 3491 2451 admonentur,
3523 2404 3589 2443 ne
3616 2405 3731 2441 ma-

2157 2491 2313 2544 gnam
2354 2491 2533 2530 curam
2574 2477 2861 2547 sepultura:
2895 2477 3153 2543 habeant,
3202 2493 3374 2547 neque
3416 2494 3526 2532 rem
3566 2480 3732 2533 multo

2156 2564 2332 2619 studio
2359 2566 2570 2635 dignam
2614 2566 2973 2631 arbitrentur,
3001 2565 3068 2621 ab
3108 2568 3277 2621 aliena
3311 2577 3449 2623 terra
3490 2569 3540 2622 in
3580 2585 3726 2622 suam

2159 2657 2377 2725 patriam
2404 2667 2727 2711 mortuorum
2756 2659 3002 2727 reliquias
3026 2659 3228 2726 reduci,
3254 2660 3390 2713 hanc
3416 2660 3566 2714 nobis
3593 2676 3731 2729 pra:-

2160 2756 2342 2800 texunt
2384 2747 2656 2801 historiam
2678 2788 2692 2812 ,
2724 2748 2981 2813 dicentes,
3010 2750 3167 2802 etiam
3199 2750 3549 2818 patriarcham
3576 2751 3732 2819 hujus

2157 2836 2235 2889 rei
2266 2845 2462 2890 tantam
2508 2836 2699 2892 fecisse
2740 2853 2943 2893 curam.
2981 2837 3169 2891 Verum
3220 2840 3442 2907 primum
3472 2840 3682 2909 quidem
3709 2881 3725 2907 ,

2157 2928 2293 2980 sicut
2316 2926 2553 2989 dixi,hoc
2574 2928 2806 2997 cogitare
2826 2937 3034 2997 oportet
3059 2946 3071 2982 :
3101 2937 3223 2982 tunc
3249 2944 3351 2982 non
3383 2938 3524 2983 tanta
3545 2932 3724 2999 exige-

2159 3015 2313 3069 batur
2339 3016 2688 3086 philosophia,
2712 3028 2905 3088 quanta
2932 3019 2998 3073 ab
3026 3022 3089 3076 iis
3106 3021 3194 3090 qui
3221 3035 3359 3074 nunc
3380 3021 3563 3075 vivunt
3586 3038 3599 3075 :
3630 3022 3726 3076 de-

2159 3109 2280 3163 inde
2302 3108 2594 3176 patriarcha
2626 3110 2725 3164 hoc
2766 3126 2870 3164 nou
2920 3111 3229 3179 simpliciter
3258 3113 3421 3165 voluit
3461 3112 3570 3166 ﬁeri
3590 3154 3607 3179 ,
3633 3113 3725 3168 sed

2158 3216 2303 3269 spem
2346 3201 2537 3255 bonam
2579 3202 2681 3255 illis
2711 3201 2987 3270 pollicens,
3014 3203 3125 3257 fore
3155 3213 3210 3256 ut
3236 3204 3315 3256 sui
3347 3204 3425 3257 vel
3467 3219 3590 3258 sero
3620 3213 3733 3258 tan-

2156 3292 2276 3346 dem
2328 3292 2564 3347 redirent
2612 3293 2663 3347 in
2714 3302 2905 3348 terram
2958 3295 3340 3363 promi~sinnis.
3375 3296 3441 3349 Et
3478 3296 3614 3364 quod
3665 3296 3733 3349 ob

2158 3383 2293 3437 hanc
2320 3397 2533 3462 causam
2565 3382 2665 3437 hoc
2703 3385 3035 3452 praeceperit,
3084 3384 3411 3439 manifestius
3456 3401 3551 3440 nos
3578 3386 3733 3439 docet

2157 3473 2296 3527 illius
2327 3474 2493 3537 filius,
2534 3474 2715 3529 dicens
2750 3492 2762 3527 :
2804 3473 3065 3529 Visitando
3110 3474 3323 3528 risitabit
3367 3491 3451 3529 vos
3490 3473 3662 3537 Deus,
3689 3486 3733 3526 et

2156 3564 2307 3616 simul
2326 3564 2495 3632 feretis
2521 3581 2635 3618 ossa
2668 3581 2777 3618 mea
2803 3566 2918 3617 hinc
2945 3567 2963 3634 (
2987 3565 3112 3618 Gen.
3144 3567 3229 3620 50.
3256 3566 3384 3635 24).
3412 3565 3563 3632 Quod
3588 3567 3729 3620 enim

2156 3655 2324 3707 oculis
2352 3654 2473 3709 ﬁdei
2502 3655 2673 3709 futura
2695 3657 3063 3724 prox-viderent,
3089 3656 3209 3710 audi
3234 3657 3375 3708 illum
3402 3656 3509 3725 jam
3540 3672 3731 3710 vocare

2156 3755 2383 3798 mortem
2435 3760 2582 3798 suam
2630 3746 2998 3800 dormitionem
3029 3763 3041 3798 :
3071 3749 3199 3800 dicit
3242 3749 3415 3811 enim,
3468 3747 3730 3801 Dormiam

2158 3851 2272 3887 cum
2298 3834 2521 3903 patribus
2545 3837 2686 3889 meis.
2710 3836 2995 3904 PrOpterea
3018 3846 3073 3890 et
3100 3838 3293 3891 Paulus
3314 3836 3548 3891 dicebat:
3570 3837 3733 3892 Juxta

2158 3927 2309 3995 ﬁdem
2338 3928 2521 3979 mortui
2545 3936 2659 3980 sunt
2688 3928 2741 3980 lii
2770 3944 2957 3989 omnes,
2999 3945 3098 3980 non
3127 3939 3332 3997 accepta
3360 3930 3687 3996 promissione
3715 3946 3733 3981 :

2157 4016 2244 4069 sed
2272 4020 2449 4085 procul
2489 4034 2596 4069 eam
2634 4018 2860 4071 viderunt
2897 4027 2941 4071 et
2967 4017 3253 4072 salutarunt
3281 4018 3300 4091 (
3330 4018 3483 4073 Hebr.
3512 4020 3596 4074 Η.
3624 4022 3731 4089 15).

2157 4105 2475 4171 Quomodo?
2515 4106 2690 4162 Oculis
2716 4108 2833 4162 ﬁdei
2863 4108 3032 4162 futura
3063 4109 3329 4164 videbant.
3365 4109 3551 4164 Nullus
3581 4110 3737 4180 igitur

2160 4207 2303 4266 putet
2342 4198 2781 4266 pusillanimitatis
2811 4214 2928 4256 esse
2974 4201 3073 4256 hoc
3116 4200 3457 4267 mandatum,
3498 4202 3589 4256 sed
3622 4210 3675 4256 et
3702 4219 3731 4254 a

2157 4297 2415 4358 tempore,
2447 4298 2502 4343 et
2527 4306 2554 4341 a
2593 4291 2904 4357 praevisione
2951 4292 3109 4345 futuri
3153 4291 3371 4369 reditus,
3402 4291 3548 4346 omni
3575 4291 3725 4360 culpa

2161 4389 2377 4434 excuset
2392 4381 2615 4447 justum.
2634 4382 2783 4436 Nunc
2803 4382 2943 4438 enim
2965 4383 3211 4451 quoniam
3230 4398 3291 4437 ea
3308 4398 3424 4452 qua:
3445 4382 3509 4435 ad
3527 4383 3735 4455 sapiens

2158 4473 2343 4526 liorem
2374 4472 2535 4525 vitam
2561 4474 2817 4537 attinent,
2864 4484 2980 4541 post
3035 4474 3315 4529 adventum
3363 4473 3557 4531 Christi
3580 4483 3737 4531 aucta

2156 4573 2297 4627 sunt,
2315 4565 2501 4617 merito
2515 4567 2631 4632 quis
2650 4567 3047 4634 reprehenderit
3058 4580 3176 4618 eum
3191 4566 3273 4619 cui
3290 4565 3548 4623 taliasunt
3567 4579 3747 4622 curIc.

2232 4652 2350 4707 Non
2379 4664 2449 4707 est
2477 4655 2713 4708 miserum
2739 4671 2940 4725 peregre
2964 4657 3112 4709 mori.
3140 4684 3204 4696 ——
3236 4653 3416 4722 Neque
3440 4664 3586 4721 putet
3614 4656 3733 4723 quis

2160 4745 2412 4797 miserum
2457 4760 2578 4797 eum
2609 4759 2728 4798 esse
2769 4745 2857 4812 qui
2903 4745 2953 4796 in
2999 4744 3173 4798 alieno
3218 4742 3333 4796 solo
3360 4740 3743 4805 vitamiiniat,

2160 4848 2334 4901 neque
2380 4848 2499 4885 eum
2528 4832 2617 4901 qui
2663 4834 2714 4885 in
2759 4832 3042 4887 solitudine
3083 4848 3147 4887 ex
3198 4832 3295 4889 hac
3339 4833 3443 4885 vita
3484 4831 3726 4885 decedat.

2159 4921 2339 4991 Neque
2364 4922 2504 4976 enim
2536 4922 2624 4975 ille
2662 4922 2852 4991 dignus
2881 4930 2939 4977 ut
2967 4922 3128 4975 miser
3155 4922 3359 4975 dicatur
3378 4963 3394 4988 ,
3438 4921 3530 4976 sed
3560 4921 3648 4990 qui
3678 4922 3729 4974 iu

2163 5013 2393 5083 peccatis
2429 5020 2667 5069 mortuus
2692 5023 2805 5075 est,
2837 5012 3042 5067 etiamsi
3079 5028 3239 5079 super
3266 5011 3456 5065 lectum
3482 5053 3497 5078 ,
3525 5012 3729 5066 etiamsi

2162 5104 2513 5173 praesentibus
2554 5103 2740 5158 amicis
2780 5103 3024 5157 omnibus
3065 5112 3289 5157 mortem
3328 5102 3503 5156 obeat.
3554 5102 3620 5157 Et
3664 5117 3731 5158 ne

2163 5196 2289 5250 mihi
2340 5196 2522 5266 frigida
2571 5195 2658 5248 illa
2703 5196 2862 5249 verba
2889 5236 2901 5256 ,
2944 5195 3271 5264 ridiculaqne
3312 5204 3367 5248 et
3413 5194 3727 5261 insipientia:

2163 5289 2313 5357 plena
2340 5288 2479 5341 dicat
2504 5287 2694 5356 aliquis
2723 5306 2735 5340 :
2763 5288 2855 5343 Ille
2882 5288 2998 5341 talis
3027 5301 3155 5341 cane
3183 5286 3334 5338 vilius
3361 5295 3441 5338 est
3467 5293 3721 5349 mortuus,

2162 5379 2305 5434 nullo
2333 5377 2668 5432 familiarium
2700 5389 2980 5447 przesentc,
3006 5391 3175 5445 neque
3200 5374 3467 5443 sepultura
3492 5382 3545 5427 et
3572 5372 3727 5427 funus

2160 5470 2208 5525 ei
2238 5469 2611 5538 contigerunt;
2642 5468 2734 5523 sed
2761 5467 3038 5522 collectitia
3081 5465 3215 5533 stipe
3249 5464 3390 5533 justa
3418 5461 3554 5517 facta
3579 5474 3721 5516 sunt.

2163 5562 2277 5619 Non
2305 5571 2385 5617 est
2411 5562 2530 5628 hoc,
2561 5561 2630 5616 mi
2656 5559 2846 5628 homo,
2873 5573 3003 5614 cane
3034 5554 3431 5627 ignominiosius
3452 5558 3723 5609 mortuum
