4146 6260
417 243 522 298 567

416 371 559 412 esse.
605 355 743 424 Quid
786 357 929 412 enim
959 356 1046 412 ille
1075 356 1254 412 damni
1299 357 1506 411 sensit?
1556 355 1686 412 Illud
1731 370 1914 419 unum,
1957 355 2002 407 si

421 448 636 502 virtutis
681 449 935 503 amictum
982 464 1042 504 se
1092 457 1354 517 tegentem
1402 462 1509 502 non
1556 445 1820 500 habuerit.
1872 444 2006 500 Nam

414 539 556 608 quod
597 539 649 594 id
680 540 810 593 nihil
842 540 1000 594 lmdat
1038 539 1240 608 justum
1269 538 1464 592 virtute
1490 537 1770 607 praeditum
1790 578 1806 603 ,
1835 536 2003 604 disce,

417 632 538 700 quia
579 632 819 709 plerique
839 632 1126 701 justorum,
1167 630 1455 700 pr0phetas
1483 630 1605 684 dico
1631 639 1685 684 et
1713 629 2004 700 apostolos,

417 722 507 775 ubi
540 722 626 776 siti
655 722 782 786 sint,
816 721 998 791 paucis
1025 721 1296 790 exceptis,
1325 721 1651 790 ignoramus.
1683 719 1893 775 Etenim
1917 719 2006 773 alii

417 813 634 883 quidem
665 815 840 882 capite
869 813 1118 873 truncati,
1151 813 1251 866 'alii
1283 813 1500 882 lapidati
1529 812 1724 866 mortui
1761 820 1884 865 sunt
1911 828 1926 863 :
1955 820 2012 866 et

421 905 506 958 alii
548 903 843 958 innumeris
880 913 933 958 et
969 903 1130 958 variis
1172 903 1346 972 pomis
1389 903 1599 971 seipsos
1641 909 2010 970 exposuerunt

417 1001 636 1064 propter
663 993 912 1062 pietatem
933 1035 947 1059 ,
993 1008 1180 1048 omnes
1209 1001 1424 1063 prepter
1451 993 1724 1046 Christum
1751 999 2011 1061 martyres

417 1084 542 1138 tacti
571 1093 696 1138 sunt
722 1101 736 1138 :
767 1092 822 1137 et
857 1083 1033 1138 nullus
1062 1083 1130 1138 de
1156 1085 1261 1138 illis
1287 1083 1468 1138 dicere
1508 1082 1758 1148 audebit,
1788 1081 2012 1152 ignomi-

420 1175 627 1229 niosam
653 1190 774 1230 esse
801 1189 986 1229 eorum
1030 1184 1258 1229 mortem
1298 1193 1311 1229 :
1354 1174 1448 1229 sed
1479 1183 1732 1244 sequetur
1775 1173 2008 1228 divinam

420 1265 785 1336 Scripturam,
820 1265 1085 1320 dicentem
1123 1282 1136 1317 :
1179 1263 1408 1318 Pretiosa
1430 1266 1483 1318 in
1508 1274 1777 1334 conspectu
1807 1262 2012 1317 Domini

417 1373 555 1412 mors
582 1366 875 1412 sanctorum
899 1358 1008 1427 ejus
1038 1355 1207 1428 (Psal.
1235 1356 1356 1411 115.
1385 1355 1498 1425 15).
1527 1355 1596 1410 Ει
1619 1358 1757 1409 sicut
1782 1363 2009 1408 mortem

419 1457 728 1502 sanctorum
759 1447 1046 1516 pretiosam
1076 1446 1302 1510 vocavit,
1326 1445 1448 1499 audi
1489 1444 1756 1514 quomodo
1787 1452 1842 1497 et
1869 1457 2013 1496 mor—
2049 1473 2057 1480 -

421 1547 530 1594 tem
574 1547 914 1606 peccatorum
960 1538 1152 1590 malam
1191 1544 1364 1590 vocet.
1405 1535 1548 1589 Mors
1593 1536 1768 1601 enim,
1817 1534 2008 1603 inquit,

318 1697 321 1701 Α
419 1637 738 1697 peccatorum
771 1627 910 1680 mala
937 1625 1109 1699 (Psal.
1133 1629 1221 1682 '55.
1249 1627 1364 1697 2‘2).
1397 1627 1578 1696 Itaque
1607 1627 1766 1681 etiam
1795 1626 1838 1679 si
1863 1626 2010 1678 domi

416 1733 530 1774 suae
571 1719 900 1782 moriantur,
939 1727 993 1772 et
1036 1734 1202 1773 uxore
1246 1727 1302 1774 et
1351 1719 1471 1774 ﬁliis
1519 1718 1909 1787 prmsentibus,
1957 1725 2011 1771 et

420 1811 776 1865 familiaribus
795 1851 809 1876 ,
838 1820 894 1865 et
931 1811 1071 1864 natis
1101 1811 1436 1865 adstantibus
1456 1852 1470 1876 ,
1500 1811 1694 1864 virtute
1720 1817 1896 1863 autem
1923 1823 2012 1862 ca-

419 1915 594 1970 reant,
625 1904 766 1958 mala
793 1903 981 1959 horum
1014 1920 1160 1958 mors
1185 1913 1285 1960 est.
1317 1903 1406 1959 Sic
1429 1904 1530 1958 etsi
1559 1905 1612 1957 in
1639 1896 1814 1956 aliena
1845 1909 2006 1966 terra,

418 1999 518 2052 etsi
564 1999 727 2065 super
769 1996 1128 2066 pavimentum
1177 1996 1296 2066 quis
1331 1995 1522 2064 jacens
1565 2003 1666 2048 :et
1711 1992 1836 2062 quid
1867 1991 2008 2056 dico,

419 2089 522 2143 etsi
544 2088 603 2142 ,δη
631 2087 850 2142 aliena?
878 2087 1088 2142 etiamsi
1127 2088 1179 2141 in
1211 2086 1446 2140 latrones
1482 2084 1682 2140 incidat
1701 2125 1716 2149 ,
1743 2083 1949 2138 etiamsi
1980 2094 2012 2136 a

417 2180 601 2235 bestiis
626 2179 932 2247 devoretur,
960 2179 1155 2233 virtute
1177 2187 1352 2232 autem
1383 2177 1636 2247 praeditus
1657 2175 1746 2239 sit,
1778 2174 2010 2244 pretiosa

423 2275 541 2344 ejus
584 2289 728 2328 mors
770 2274 891 2328 erit.
926 2273 1021 2328 Die
1062 2273 1226 2338 enim,
1260 2271 1524 2338 obsecro,
1557 2268 1828 2324 Zachariae
1871 2266 2013 2336 ﬁlius

421 2380 600 2420 nonne
623 2365 918 2419 decollatus
934 2364 1054 2419 est?
1070 2362 1374 2433 Stephanus
1399 2371 1574 2416 autem
1591 2360 1795 2431 primus
1819 2366 2015 2429 marty-

416 2457 483 2510 rii
503 2469 699 2510 corona
719 2453 1028 2520 redimitus,
1051 2468 1230 2509 nonne
1251 2452 1514 2522 lapidatus
1530 2452 1689 2505 vitam
1721 2450 1857 2504 ﬁniit
1879 2450 1902 2503 ?

488 2545 690 2600 Paulus
726 2546 892 2615 capite
919 2561 1120 2608 casus;
1156 2543 1343 2598 Petrus
1368 2544 1567 2598 inverso
1598 2543 1763 2612 capite
1805 2541 2011 2609 cruciﬁ-

417 2653 537 2694 xus.
565 2667 635 2677 --
661 2637 856 2692 Paulus
897 2648 1074 2693 autem
1113 2645 1175 2691 et.
1206 2636 1399 2690 Petrus
1419 2675 1434 2701 ,
1478 2648 1654 2690 nonne
1683 2633 1771 2688 ille
1797 2633 2011 2702 quidem

417 2729 590 2797 capite
612 2737 908 2795 truncatus,
929 2727 1015 2780 hic
1031 2736 1208 2781 autem
1230 2725 1390 2780 modo
1411 2725 1680 2780 centrario
1709 2738 1866 2793 quam
1894 2722 2016 2778 Do—

419 2821 595 2874 minus
615 2821 925 2887 cruciﬁxus,
950 2820 1020 2874 ita
1043 2819 1142 2874 hac
1161 2820 1268 2873 vita
1289 2819 1519 2874 excessit
1539 2816 1564 2870 ‘i
1583 2816 1771 2872 Nonne
1796 2825 2014 2886 pr0pter

420 2911 520 2966 hoc
551 2913 717 2981 magis
743 2913 794 2965 in
821 2920 930 2966 toto
951 2911 1149 2966 mundo
1175 2910 1515 2965 celebrantur
1538 2919 1592 2964 et
1614 2909 2011 2979 prmdicantur?

485 3005 542 3061 2.
585 3004 711 3059 llarc
740 3014 917 3058 autem
945 3005 1122 3059 omnia
1150 3004 1446 3074 cogitantes
1471 3043 1487 3068 ,
1522 3017 1693 3072 neque
1718 3015 1812 3057 eos
1836 3001 1925 3070 qui
1958 3001 2010 3054 in

417 3099 590 3153 aliena
615 3107 754 3153 terra
782 3099 1105 3164 moriuntur,
1129 3097 1357 3150 miseros
1377 3095 1638 3161 dicamus,
1670 3109 1841 3163 neque
1867 3092 2009 3146 domi

417 3205 528 3244 suae
553 3190 847 3244 morientes
874 3189 1058 3243 beatos
1097 3187 1446 3257 prtedicemus
1478 3203 1491 3239 :
1518 3185 1612 3239 sed
1642 3184 1832 3238 divinae
1861 3183 2010 3237 Scri-

422 3291 590 3352 ptura:
617 3297 878 3337 canonem
907 3289 1213 3350 sequentes,
1246 3279 1423 3333 claros
1450 3276 1734 3330 virtutibus
1766 3276 1888 3329 hinc
1912 3274 2012 3328 mi-

419 3389 635 3446 grantes
662 3379 851 3432 beatos
873 3377 1115 3430 dicamus
1135 3415 1149 3439 ,
1193 3374 1364 3427 ct‘eos
1388 3373 1478 3442 qui
1506 3372 1558 3425 in
1587 3369 1818 3440 peccatis
1843 3367 2009 3422 mori-

426 3479 585 3523 untur
623 3469 850 3523 miseros
889 3467 1260 3538 prsedicemus.
1303 3466 1452 3520 Sicut
1499 3463 1644 3518 enim
1681 3461 1771 3533 qui
1817 3464 2013 3514 virtute

423 3559 675 3628 przeditus
716 3566 800 3614 est
845 3559 896 3612 in
947 3558 1225 3612 meliorem
1265 3555 1428 3609 vitam
1469 3553 1693 3617 transit,
1744 3551 2012 3621 accipiens

425 3651 659 3718 laborrtm
688 3664 906 3703 suorum
937 3647 1152 3718 praemia
1181 3665 1194 3700 :
1220 3649 1289 3702 ita
1311 3645 1471 3716 etqui
1497 3644 1582 3699 illa
1605 3653 1768 3709 caret,
1790 3644 1936 3697 initia
1959 3651 2013 3697 et

426 3739 683 3810 prooemia
717 3739 1096 3809 suppliciorum
1111 3739 1220 3807 jam
1242 3736 1455 3806 accipit,
1479 3743 1531 3791 et
1550 3743 1819 3805 gestorum
1848 3733 2010 3787 ratio-

418 3846 514 3890 nes
534 3831 757 3888 reddere
781 3839 1018 3896 coactus,
1033 3827 1450 3884 intolerabilibus
1467 3811 1813 3896 complicatur
1833 3823 2008 3879 malis.

501 3923 614 3978 Vita
629 3939 849 3994 pra’sens
867 3923 1124 3991 palaestra.
1151 3920 1418 3988 Quomodo
1434 3918 1601 3973 Israel
1622 3918 1850 3972 adorarit
1863 3916 2014 3972 Iose-

417 4015 799 4090 phum.—ldeo
833 4022 1043 4083 Oportet
1069 4015 1185 4067 lucc
1225 4011 1518 4081 cogitantes
1538 4011 1790 4063 virtutum
1813 4007 2012 4064 habere

419 4124 624 4168 curam,
641 4114 695 4160 et
714 4106 766 4158 in
798 4105 1046 4173 prmsenti
1071 4104 1174 4156 vita
1192 4102 1343 4172 quasi
1366 4101 1419 4155 in
1438 4101 1682 4170 palaestra
1701 4109 1928 4163 certare,
1955 4111 2014 4153 ut

419 4213 539 4252 cum
555 4196 784 4252 solutum
800 4195 957 4249 fuerit
970 4195 1258 4259 theatrum,
1276 4191 1551 4262 Splendida
1565 4191 1800 4245 redimiri
1813 4205 2011 4245 corona

417 4301 699 4358 queamus,
723 4301 792 4340 ne
816 4285 1009 4338 frustra
1028 4284 1345 4352 pusuitentes
1371 4281 1725 4336 inveniamur.
1750 4281 2012 4347 Quamdiu

418 4381 560 4435 enim
589 4379 746 4432 durat
766 4385 1058 4440 certamen,
1089 4373 1340 4444 possibile
1364 4381 1448 4428 est
1470 4415 1484 4438 ,
1514 4373 1557 4427 si
1580 4373 1927 4438 voluerimus,
1957 4381 2012 4426 et

419 4469 680 4524 desidiam
695 4477 966 4530 excutere,
983 4466 1292 4520 ctvirtutem
1311 4479 1583 4528 exercere,
1605 4472 1662 4516 ut
1685 4463 2010 4533 pr0positam

418 4577 768 4632 assequamur
795 4567 1068 4614 coronam.
1092 4560 1375 4621 Caeterum,
1399 4557 1444 4612 si
1470 4555 1699 4621 videtur,
1725 4555 2010 4610 redeamus

419 4653 485 4707 ad
517 4651 781 4706 sermonis
805 4653 1020 4705 seriem.
1049 4649 1181 4704 Nam
1209 4658 1487 4718 postquam
1513 4647 1780 4702 commisit
1809 4646 1918 4701 ﬁlio
1945 4646 2013 4700 de

421 4746 695 4815 sepultura
719 4787 735 4811 ,
765 4754 819 4800 et
855 4744 987 4800 dixit
1010 4742 1209 4814 Ioseph
1243 4759 1256 4796 :
1286 4741 1395 4814 Ego
1425 4742 1612 4812 faciam
1632 4741 1784 4811 juxta
1811 4739 2014 4792 verbum

421 4849 601 4903 tuum,
628 4838 814 4903 addit,
841 4836 972 4890 Iura
1001 4838 1146 4893 mihi.
1192 4834 1259 4889 Et
1295 4835 1488 4907 juravit
1532 4833 1594 4886 ei.
1652 4830 1719 4884 Et
1761 4831 2010 4897 adoravit,

418 4932 632 5001 inquit,
663 4927 828 4984 Israel
853 4929 921 4982 ad
951 4931 1216 5002 fastigium
1263 4929 1418 4998 virgae
1442 4927 1600 4981 illius.
1631 4923 1763 4978 Vide
1804 4938 2010 4989 senem,

421 5023 787 5092 decrepitum,
819 5021 1174 5091 patriareham
1206 5021 1517 5075 adoratione
1558 5019 1816 5074 honorem
1845 5017 1896 5071 in
1923 5015 2014 5071 Io-

423 5115 555 5184 seph
582 5109 878 5179 declarare,
909 5123 964 5168 et
1000 5113 1174 5182 reipsa
1222 5113 1446 5183 implere
1484 5110 1705 5167 visionis
1741 5119 2009 5166 eventum.

425 5199 652 5274 Quando
679 5205 824 5260 enim
851 5205 1085 5258 narravit
1105 5203 1302 5272 Ioseph
1323 5205 1608 5264 visionem,
1633 5201 1796 5267 Dixit,
1821 5199 2010 5270 inquit,

425 5297 694 5370 Numquid
722 5313 814 5369 ego
841 5306 888 5351 et
917 5306 1075 5351 mater
1104 5306 1188 5350 tua
1217 5295 1466 5349 veniemus
1484 5336 1500 5361 ,
1544 5303 1588 5346 et
1615 5291 1939 5346 adorabimus
1965 5300 2015 5346 te

425 5407 578 5460 super
607 5400 793 5445 terram
817 5390 844 5444 ?
867 5388 970 5445 Sed
997 5388 1133 5444 forte
1158 5387 1351 5442 dixerit
1390 5385 1580 5454 aliquis
1609 5404 1624 5441 :
1651 5383 1719 5440 Et
1744 5382 2012 5454 quomodo

427 5484 701 5554 impletum
729 5493 811 5541 est
848 5484 1116 5540 somnium
1155 5481 1209 5536 in
1242 5489 1434 5546 matre,
1479 5495 1598 5548 qua:
1628 5478 1737 5548 jam
1761 5487 1886 5531 ante
1913 5475 2009 5530 de-

428 5577 603 5633 functa
639 5587 785 5643 erat,
811 5587 862 5633 et
901 5579 1064 5633 ﬁlium
1105 5592 1209 5632 non
1236 5573 1521 5630 adoravit?
1549 5572 1843 5642 Perpetuus
1869 5568 2012 5624 Scri-

428 5681 596 5741 ptura:
623 5689 739 5728 ntus
763 5680 846 5728 est
866 5715 879 5741 ,
912 5687 940 5725 a
979 5670 1147 5742 magis
1173 5668 1446 5742 principali
1491 5675 1655 5722 totum
1685 5664 2000 5732 signiﬁcare.

1157 242 1213 298 S.
1254 217 1530 299 IOANKQIS
1556 239 2029 298 CIIRYSOSTOMI
2068 236 2386 294 ARCIIIEP.
2427 237 2958 296 CONSTANTINOP.

2115 349 2375 417 Quoniam
2430 349 2605 419 igitur,
2649 347 2812 421 Caput
2839 350 3169 405 mulieris-vir
3189 367 3210 404 :
3236 346 3401 404 Erunt
3423 349 3589 414 enim,
3617 351 3701 404 in-

2115 443 2246 513 quit,
2279 442 2380 496 duo
2406 443 2459 496 in
2484 459 2687 496 carnem
2713 460 2868 496 unam
2895 444 2971 512 (Ι.
2998 443 3117 497 Cor.
3141 443 3228 496 11.
3252 442 3320 507 '5;
3349 441 3474 494 Gen.
3497 441 3551 495 2.
3572 441 3697 511 25)ε

2114 546 2236 586 cum
2282 532 2524 587 adoravit
2563 544 2761 602 caput,
2802 531 3139 610 manifestum
3169 542 3252 587 est
3295 547 3492 601 corpus
3535 542 3700 586 totum

2115 632 2275 691 caput
2300 633 2582 692 sequutum
2609 637 2750 678 esse.
2781 623 2836 677 Si
2863 624 3004 698 enim
3037 632 3188 694 pater
3219 623 3318 677 hoc
3359 621 3506 688 fecit,
3538 623 3703 676 umlto

2121 714 2291 783 magis
2316 714 2402 768 illa
2424 754 2440 780 ,
2473 715 2574 769 nisi
2601 729 2666 769 ex
2695 714 2794 768 hac
2819 715 2925 768 vita
2957 722 3216 784 praerepta
3248 712 3461 779 luisset,
3495 714 3596 768 hoc
3623 713 3702 769 fe-

2117 803 2301 858 cisset.
2348 803 2415 857 Et
2452 803 2715 868 adoravit,
2765 804 2973 874 inquit,
3002 805 3071 855 ad
3099 804 3360 874 fastigium
3387 804 3542 873 virga
3573 805 3698 872 ejus.

2117 891 2406 962 Propterea
2432 902 2486 946 et
2512 893 2711 948 Paulus
2737 894 2943 948 dicebat
2977 909 2989 946 :
3020 891 3150 948 Fide
3168 892 3328 946 Iacob
3356 894 3576 946 moriens
3598 895 3704 946 sin-

2119 984 2269 1051 gulos
2299 984 2433 1052 ﬁlios
2458 983 2651 1052 Ioseph
2680 985 2964 1049 benedixit,
2994 995 3042 1038 et
3084 984 3311 1037 adoravit
3339 983 3406 1036 ad
3447 985 3704 1052 fastigium

2117 1073 2272 1143 virgae
2314 1074 2453 1127 illius
2493 1073 2953 1143 (Ilebr.ll.21).
2995 1073 3156 1128 Vides
3197 1089 3318 1128 eum
3349 1072 3488 1129 istud
3533 1074 3703 1142 ipsum

2107 1163 2224 1224 ﬁde
2251 1173 2454 1227 motum
2483 1163 2694 1228 fecisse,
2726 1165 3136 1233 prasvidentem,
3170 1164 3299 1232 regii
3323 1164 3535 1232 generis
3559 1162 3702 1216 futu-

2118 1271 2234 1310 rum
2261 1270 2381 1311 esse
2417 1271 2540 1312 eum
2581 1257 2669 1325 qui
2700 1271 2766 1310 ex
2799 1256 3004 1312 semine
3035 1255 3178 1309 illius
3208 1256 3508 1309 nasciturus
3547 1254 3703 1307 erat?

2123 1347 2305 1417 Itaque
2327 1361 2449 1401 eum
2477 1360 2824 1415 quaecumque
2849 1345 3063 1399 volebat
3089 1345 3198 1399 ﬁlio
3237 1345 3570 1412 imperasset,
3598 1357 3702 1396 non

2116 1439 2284 1492 multo
2314 1447 2432 1508 post
2469 1444 2526 1492 ut
2555 1437 2740 1492 didicit
2775 1435 2976 1505 Ioseph
3005 1445 3264 1505 aegrotare
3295 1441 3497 1502 patrem
3527 1447 3700 1494 suum,

2117 1538 2172 1582 et
2194 1527 2306 1597 jam
2341 1529 2397 1582 in
2426 1525 2632 1582 foribus
2667 1540 2796 1597 esse
2818 1535 3076 1589 mortem,
3104 1524 3224 1592 quia
3251 1521 3706 1591 appmpinquave-

2116 1626 2234 1672 rant
2264 1615 2380 1672 dies
2410 1616 2598 1671 mortis
2625 1610 2802 1680 illiu‘f,
2838 1615 2889 1669 1.
2913 1612 3147 1679 Acceptis
3189 1610 3385 1665 duobus
3429 1610 3551 1679 ﬁliis
3579 1610 3701 1673 suis,

2116 1708 2248 1761 venit
2278 1708 2345 1760 ad
2365 1706 2551 1760 Iacob.
2581 1706 2636 1760 9..
2663 1706 3030 1758 Annuntiatum
3057 1711 3128 1756 est
3155 1711 3320 1756 autem
3341 1701 3435 1754 hoc
3452 1698 3636 1764 Iacob,
3657 1709 3706 1753 et

2117 1797 2470 1851 corroboratus
2498 1795 2670 1849 Israel
2700 1795 2828 1849 sedit
2856 1809 3008 1864 super
3036 1793 3218 1847 lectum
3247 1789 3395 1863 (Cap.
3419 1792 3490 1846 48
3505 1791 3544 1861 ).
3578 1789 3706 1844 Vide

2118 1887 2390 1958 quomodo
2418 1901 2570 1940 amor
2597 1901 2723 1955 erga
2757 1885 2920 1938 ﬁlium
2964 1898 3148 1938 senem
3179 1882 3458 1947 lirmabat,
3501 1889 3555 1935 et
3594 1882 3706 1933 ala-

2119 1980 2284 2035 critas
2313 1979 2558 2033 vincebat
2585 1975 2972 2031 inﬁrmitatem.
3006 1975 3199 2029 Audita
3225 1973 3368 2027 enim
3399 1972 3542 2026 illius
3569 1987 3705 2040 pra:-

2117 2070 2287 2124 sentia
2307 2109 2325 2134 ,
2356 2069 2550 2138 inquit,
2595 2067 2742 2123 Sedit
2770 2083 2922 2136 super
2951 2067 3152 2120 lectum.
3182 2064 3253 2118 Et
3281 2073 3336 2118 ut
3366 2064 3497 2118 vidit
3536 2063 3704 2127 illum,

2117 2168 2397 2231 paternam
2437 2158 2780 2214 dilectionem
2811 2157 2861 2212 ei
2889 2155 3144 2219 exhibet,
3186 2162 3243 2209 et
3268 2155 3391 2224 quia
3420 2154 3707 2208 moriturus

2117 2259 2269 2318 erat,
2315 2250 2689 2306 benedictione
2735 2262 2832 2304 sua
2877 2248 3054 2302 ﬁrmat
3096 2245 3256 2310 ﬁlios,
3301 2243 3566 2298 maximas
3613 2243 3708 2298 has

2118 2341 2398 2397 facultates
2423 2341 2752 2410 relinquens,
2780 2347 2834 2394 et
2858 2335 3215 2405 divitiasquas
3239 2334 3445 2389 absumi
3479 2349 3584 2388 non
3615 2348 3707 2402 po-

2121 2441 2315 2488 terant.
2347 2432 2418 2488 Et
2447 2431 2568 2486 vide
2597 2431 2866 2502 quomodo
2893 2428 3097 2498 incipit.
3130 2427 3365 2482 Primum
3401 2435 3584 2480 narrat
3611 2426 3704 2480 be-

2118 2524 2478 2580 nevolentiam
2509 2539 2630 2594 quae
2672 2523 2774 2578 sibi
2815 2537 2847 2576 a
2893 2521 3003 2576 Deo
3040 2529 3295 2575 concessa
3321 2526 3469 2581 erat,
3502 2527 3558 2572 et
3583 2527 3706 2572 tunc

2116 2613 2518 2669 benedictiones
2561 2613 2685 2667 ﬁliis
2725 2611 2996 2681 impertit,
3027 2617 3081 2664 et
3118 2608 3288 2663 dicit:
3316 2608 3370 2662 ὃ.
3397 2605 3539 2660 Deus
3570 2621 3707 2661 meus

2116 2707 2356 2777 apparuit
2383 2706 2508 2759 mihi
2546 2707 2600 2759 in
2629 2704 2770 2758 Luca
2787 2745 2802 2770 ,
2833 2703 2887 2758 in
2916 2712 3050 2756 terra
3074 2701 3317 2756 Chanaan
3344 2739 3356 2763 ,
3385 2707 3431 2753 et
3458 2698 3706 2752 benedixit

2116 2799 2262 2862 mihi,
2289 2807 2334 2852 et
2359 2799 2488 2852 dixit
2517 2797 2642 2850 mihi
2664 2811 2682 2850 :
2710 2798 2766 2850 4.
2795 2795 2906 2866 Ego
2936 2805 2982 2848 te
3010 2809 3230 2848 crescere
3258 2793 3445 2862 faciam
3467 2832 3480 2856 ,
3507 2799 3552 2844 et
3575 2791 3706 2844 ntul-

2117 2889 2356 2960 tiplicabo
2385 2899 2433 2944 te
2451 2931 2467 2956 ,
2494 2899 2540 2944 et
2566 2889 2755 2958 faciam
2783 2899 2830 2941 te
2854 2887 2906 2940 in
2937 2885 3349 2956 congregationes
3375 2884 3626 2954 gentium,
3658 2889 3705 2934 et

2116 2981 2248 3034 dabo
2275 2979 2364 3033 tibi
2393 2990 2580 3033 terram
2606 2979 2737 3032 hanc
2755 3018 2772 3043 ,
2797 2986 2845 3031 et
2873 2976 3053 3030 semini
3079 2984 3165 3029 tuo
3196 2983 3309 3043 post
3335 2983 3400 3038 te,
3427 2974 3480 3026 in
3510 2986 3705 3042 posses-

2115 3071 2308 3125 sionem
2335 3080 2595 3125 teternam.
2625 3068 2877 3124 Promisit
2902 3065 3052 3130 mihi,
3084 3065 3274 3134 inquit,
3305 3063 3463 3125 Deus,
3493 3061 3706 3122 quando

2116 3163 2172 3217 in
2201 3162 2342 3217 Luza
2382 3179 2413 3217 a
2453 3177 2540 3216 me
2564 3162 2712 3216 visus
2737 3168 2858 3223 est,
2905 3165 3108 3213 tantum
3137 3171 3196 3211 se
3236 3155 3704 3224 multiplicaturnm

2115 3268 2299 3310 semen
2325 3269 2524 3321 meum,
2550 3264 2606 3308 ut
2625 3252 3063 3322 congregationes
3082 3250 3316 3319 gentium
3339 3263 3402 3302 ex
3425 3263 3490 3302 eo
3519 3247 3707 3300 tutum

2115 3345 2244 3411 sint,
2273 3355 2328 3400 et
2368 3354 2562 3400 terram
2603 3344 2731 3398 mihi
2761 3352 2816 3397 ct
2842 3342 3033 3396 semini
3060 3355 3180 3394 meo
3215 3354 3274 3393 se
3303 3337 3549 3392 daturum
3579 3350 3705 3405 pro-

2115 3435 2283 3490 misit.
2315 3435 2369 3490 5.
2397 3434 2556 3488 Nunc
2584 3435 2740 3505 igitur
2768 3433 2871 3487 duo
2891 3432 2973 3486 illi
2997 3431 3092 3500 ﬁlii
3112 3472 3126 3494 ,
3154 3431 3238 3498 qui
3259 3431 3370 3484 nati
3398 3437 3516 3482 sunt
3541 3427 3630 3480 tibi
3653 3429 3705 3481 in

2116 3525 2375 3597 Egypto,
2405 3528 2502 3580 mei
2526 3536 2644 3580 sunt
2670 3545 2684 3582 :
2715 3524 2966 3596 Ephra'im
2992 3533 3043 3578 et
3070 3521 3354 3584 Manasses,
3382 3523 3508 3574 sicut
3535 3519 3706 3574 Ruben

2117 3629 2166 3673 et
2193 3619 2437 3689 Symeon,
2469 3627 2616 3674 erunt
2639 3618 2755 3671 mei.
2785 3616 2913 3681 llos,
2948 3615 3136 3684 inquit,
3165 3628 3298 3684 quos
3325 3613 3555 3667 habuisti
3584 3622 3708 3667 ante

2117 3713 2404 3768 adventum
2431 3725 2640 3778 meum,
2671 3726 2772 3781 ego
2807 3712 2867 3764 in
2897 3724 3140 3765 meorum
3169 3706 3396 3761 ﬁliorum
3427 3720 3705 3759 numerum

2116 3804 2314 3875 adopto
2334 3845 2348 3869 ,
2373 3813 2431 3860 et
2453 3817 2636 3875 parem
2665 3805 2730 3858 iis
2754 3804 2842 3874 qui
2873 3817 2938 3857 ex
2969 3816 3056 3856 me
3081 3800 3190 3854 nati
3223 3809 3346 3853 sunt
3369 3814 3399 3852 a
3431 3813 3516 3852 me
3541 3799 3706 3852 bene-

2115 3895 2406 3952 dictionem
2431 3896 2714 3966 accipient.
2759 3895 2810 3949 6.
2845 3893 3196 3962 Quoscumque
3220 3899 3384 3942 autem
3416 3898 3586 3958 postea
3617 3905 3706 3957 ge-

2115 3989 2320 4054 nueris,
2344 3988 2383 4042 ii
2413 3989 2486 4042 tui
2511 3996 2696 4051 erunt;
2745 3986 2800 4039 in
2829 3986 3031 4038 nomine
3058 3986 3277 4054 fratrum
3316 3995 3523 4033 suorum
3561 3995 3702 4032 vaca-

2116 4079 2302 4132 buntur
2342 4079 2395 4131 in
2437 4079 2645 4132 illorum
2687 4075 2925 4130 sortibus.
2971 4075 3024 4127 7.
3069 4073 3216 4128 Scias
3254 4081 3456 4134 autem,
3498 4069 3632 4138 quod
3661 4077 3706 4121 et

2117 4180 2278 4224 mater
2313 4178 2402 4223 tua
2429 4169 2660 4233 Rachel,
2703 4167 2906 4236 quando
2952 4164 3474 4235 appmpinquaveram
3499 4159 3704 4213 Bethle-

2117 4260 2266 4327 hem,
2297 4269 2508 4316 mortua
2537 4268 2642 4325 est,
2687 4267 2732 4311 et
2769 4257 2939 4326 defodi
2979 4272 3089 4309 eam
3134 4253 3188 4307 in
3231 4254 3311 4306 via
3344 4251 3703 4322 Ilippodromi.

2117 4353 2172 4411 8.
2206 4353 2271 4406 Et
2300 4353 2471 4407 videns
2496 4353 2623 4406 duos
2661 4351 2796 4419 ﬁlios
2829 4348 3061 4419 Ioseph,
3104 4346 3232 4400 dixit
3262 4361 3280 4399 :
3315 4343 3414 4408 Qui
3453 4353 3567 4398 sunt
3610 4341 3661 4393 hi
3685 4341 3708 4374 ’

2116 4446 2171 4501 9.
2199 4443 2297 4499 Ille
2321 4455 2488 4498 autem
2513 4459 2531 4498 :
2554 4443 2680 4496 Filii
2706 4442 2824 4508 mei,
2851 4457 2976 4511 quos
2997 4439 3134 4492 dedit
3160 4437 3283 4490 mihi
3306 4435 3459 4488 Deus.
3493 4432 3556 4485 Et
3579 4432 3705 4484 dixit

2116 4538 2279 4591 Iacob
2305 4552 2324 4590 :
2347 4536 2526 4589 Adduc
2558 4535 2686 4588 mihi
2711 4550 2793 4587 eos
2812 4573 2827 4599 ,
2858 4542 2913 4585 ut
2949 4530 3238 4585 benedicam
3267 4543 3369 4580 eos.
3402 4525 3486 4580 10.
3521 4523 3584 4576 Et
3614 4539 3708 4588 ap-

2121 4629 2461 4698 prOpinquare
2485 4643 2568 4680 eos
2593 4627 2670 4680 illi
2692 4626 2830 4695 fecit.
2859 4622 2926 4677 Et
2949 4622 3204 4676 osculatus
3226 4629 3296 4672 est
3318 4633 3419 4681 eos,
3449 4625 3494 4668 et
3516 4613 3708 4683 ample-

2117 4731 2272 4776 xatus
2299 4728 2371 4773 est
2398 4735 2502 4773 eos.
2529 4718 2683 4782 Vide,
2712 4717 2958 4781 obsecro,
2985 4728 3167 4767 senem
3195 4708 3464 4779 quomodo
3496 4706 3708 4761 festinat

2120 4824 2176 4867 et
2204 4823 2356 4881 urget
2382 4819 2440 4864 ut
2481 4811 2761 4866 benedicat
2792 4810 2931 4863 ﬁlios
2961 4805 3182 4874 Ioseph.
3211 4803 3277 4857 Et
3301 4801 3709 4872 apprOpinquare

2119 4919 2202 4957 eos
2228 4903 2347 4974 fecit
2373 4901 2474 4967 illi,
2505 4901 2697 4970 inquit.
2725 4899 2793 4953 Et
2815 4899 3072 4953 osculatus
3096 4905 3167 4950 est
3193 4911 3297 4958 eos,
3319 4903 3366 4946 et
3391 4892 3707 4960 amplexatus

2118 5004 2191 5048 est
2215 5011 2319 5062 eos,
2349 4995 2437 5048 il.
2461 5003 2507 5047 et
2538 4994 2667 5046 dixit
2693 4992 2760 5044 ad
2783 4989 2978 5059 Ioseph
3003 5004 3022 5042 :
3046 4987 3176 5041 Ecce
3202 4987 3331 5057 facie
3356 4997 3445 5037 tua
3471 4999 3571 5036 non
3597 4998 3707 5035 sum

2120 5089 2381 5158 privatus,
2422 5097 2469 5140 et
2513 5102 2625 5139 ecce
2668 5083 2961 5138 monstravit
3001 5081 3123 5133 mihi
3163 5076 3304 5132 Deus
3339 5092 3506 5130 semen
3542 5083 3704 5126 tuum.

2119 5180 2305 5251 Magna
2334 5178 2486 5246 mihi,
2521 5177 2710 5247 inquit,
2741 5173 2988 5244 prmstitil
3016 5172 3110 5226 Dei
3147 5168 3454 5234 clementia,
3479 5175 3533 5220 et
3558 5165 3706 5234 plura

2118 5289 2278 5344 quam
2319 5271 2662 5342 exspemavi;
2708 5270 2816 5324 imo
2845 5275 2898 5321 et
2930 5281 3048 5336 qua:
3076 5277 3360 5332 numquam
3384 5255 3704 5328 exspectavi.

2117 5364 2234 5420 Non
2257 5364 2399 5417 enim
2427 5361 2600 5418 solum
2627 5375 2730 5414 non
2757 5373 2873 5414 sum
2900 5358 3139 5428 privatus
3166 5354 3299 5408 facie
3325 5362 3435 5416 tua,
3462 5349 3554 5404 sed
3581 5360 3708 5401 ecce

2117 5456 2276 5511 etiam
2304 5453 2410 5509 vidi
2440 5468 2532 5508 eos
2561 5453 2650 5523 qui
2681 5467 2742 5506 ex
2782 5460 2834 5506 te
2863 5450 2968 5504 nati
3010 5457 3153 5502 sunt.
3186 5445 3272 5498 12.
3301 5440 3369 5496 Et
3418 5439 3590 5494 eduxit
3621 5453 3706 5490 eos

2116 5546 2308 5618 Ioseph
2354 5563 2386 5600 a
2429 5545 2636 5616 genibus
2661 5585 2675 5609 ,
2722 5553 2768 5596 et
2797 5541 3128 5595 adoraverunt
3172 5552 3284 5589 eum
3311 5548 3463 5602 super
3505 5530 3705 5601 faciem,

2118 5616 2272 5712 super
2299 5651 2502 5695 terram.
2535 5637 2666 5694 Vide
2692 5633 2961 5707 quomodo
2990 5642 3043 5689 ct
3073 5644 3266 5702 pueros
3305 5625 3483 5683 statim
3511 5623 3577 5678 ab
3607 5616 3703 5674 ini-
