4146 6260
370 289 472 346 569

370 404 446 456 tiu
471 398 707 454 debitum
732 395 846 451 seni
873 394 1129 449 honorem
1159 389 1381 446 reddere
1406 390 1607 444 docuit.
1640 388 1703 442 Et
1727 386 1948 455 Juseph,

374 491 545 559 inquit
567 529 583 554 ,
611 485 904 542 secundum
930 483 1241 552 dignitatem
1278 479 1709 551 primogenitum:
1736 475 1957 531 adduxit

373 581 673 642 Manassen,
718 585 772 631 et
813 586 937 629 tunc
973 573 1246 642 Ephraim.

447 673 499 727 5.
524 669 683 723 Jacob
709 668 866 722 oculis
891 669 1067 720 mentis
1091 665 1396 720 videbat.—
1414 663 1548 718 Vide
1581 663 1667 716 hic
1688 659 1955 731 quomodo

373 760 548 829 justus
570 759 811 827 corporis
853 756 1037 811 oculos
1078 770 1186 824 prae
1225 762 1499 810 senectute
1537 768 1680 806 nunc
1718 752 1957 804 inﬁrmus

380 850 619 913 haberet,
646 849 759 917 (l0.
785 846 987 900 Gravati
1017 846 1149 899 enim
1174 853 1316 899 erant
1359 844 1492 896 oculi
1527 844 1637 912 ejus
1666 857 1771 911 pra:
1797 841 1954 904 senio,

376 952 425 997 et
451 957 551 995 non
577 948 769 1009 poterat
796 935 1003 1007 videre),
1036 935 1237 990 valeret
1261 941 1437 987 autem
1464 932 1633 986 oculis
1661 930 1877 995 mentis,
1905 938 1960 983 et

386 1031 490 1085 ﬁde
515 1028 829 1099 praevideret
869 1027 1059 1081 futura.
1096 1025 1279 1094 Neque
1317 1023 1458 1078 enim
1497 1022 1619 1075 tulit
1639 1020 1836 1089 .loseph
1866 1034 1957 1073 or—

386 1120 587 1182 dinem,
629 1118 721 1171 sed
760 1117 974 1171 mutatis
995 1116 1236 1169 manibus
1275 1112 1616 1175 benedicens,
1648 1111 1957 1179 dignitatem

380 1210 575 1280 juniori
618 1209 877 1273 contulit,
927 1204 1216 1275 prmferens
1277 1204 1501 1257 Manassi
1548 1201 1801 1272 Ephraim
1849 1218 1862 1252 :
1906 1208 1962 1254 et

387 1299 521 1353 dixit
552 1314 565 1350 :
597 1299 686 1354 15.
716 1297 847 1350 Deus
870 1339 884 1362 ,
915 1297 994 1349 cui
1034 1297 1154 1350 bene
1196 1296 1490 1366 placuerunt
1518 1303 1684 1363 patres
1718 1292 1829 1345 mei.
1864 1293 1960 1345 At-

390 1387 549 1442 tende
592 1386 904 1440 modestiam
948 1385 1143 1449 Jacob,
1184 1384 1305 1440 vide
1353 1387 1583 1439 animam
1633 1383 1956 1452 religiosam.

384 1477 502 1532 Non
525 1476 753 1531 audebat
777 1475 974 1541 dicere,
1003 1475 1143 1530 Deus
1167 1475 1250 1530 cui
1278 1476 1411 1530 bene
1437 1475 1607 1543 placui
1639 1493 1653 1529 :
1681 1474 1773 1529 sed
1798 1473 1963 1545 quid?

389 1568 484 1623 Cui
509 1567 629 1620 bene
664 1566 959 1635 placuerunt
998 1575 1166 1636 patres
1198 1565 1313 1619 mei.
1348 1564 1537 1620 Vidisti
1577 1565 1805 1618 animam
1845 1579 1965 1631 gra-

388 1657 541 1711 tam?
572 1658 780 1711 tametsi
812 1655 964 1724 paulo
1004 1664 1156 1711 antea
1202 1670 1423 1712 narrans
1455 1655 1666 1711 dicebat
1691 1675 1703 1711 :
1732 1654 1801 1709 In
1826 1654 1965 1708 Luza

387 1747 626 1815 apparuit
665 1745 806 1810 mihi,
843 1753 889 1799 et
919 1747 1145 1814 promisit
1178 1745 1415 1799 daturum
1451 1762 1505 1800 se
1542 1747 1662 1799 mihi
1704 1756 1749 1799 et
1787 1744 1965 1799 semini

324 1862 335 1872 -
390 1853 498 1891 meo
541 1853 735 1890 omnem
778 1845 993 1901 terram,
1040 1846 1088 1890 et
1126 1837 1180 1890 in
1219 1838 1625 1907 congregationes
1654 1838 1872 1907 gentium
1913 1851 1966 1889 se

390 1929 646 1995 facturum
672 1940 836 1978 semen
861 1941 1044 1979 meum.
1089 1925 1156 1979 Et
1198 1935 1304 1979 tant
1342 1926 1613 1980 evidentia
1643 1927 1843 1981 habens
1882 1926 1967 1979 in-

390 2014 526 2068 dicia
572 2014 764 2069 divinae
812 2028 936 2083 erga
990 2028 1049 2069 se
1092 2014 1514 2079 benevolentiae,
1559 2015 1733 2070 adhuc
1790 2024 1967 2070 tamen

393 2103 721 2157 humiliatam
752 2103 935 2157 habuit
979 2112 1210 2157 mentem
1233 2143 1248 2168 ,
1276 2113 1331 2158 et
1364 2104 1534 2158 dicit:
1561 2103 1701 2159 Deus
1734 2107 1813 2159 cui
1848 2108 1970 2161 bene

394 2196 690 2265 placuerunt
730 2204 895 2265 patres
920 2196 1014 2249 mei
1043 2212 1211 2249 coram
1252 2197 1385 2268 ipso,
1425 2196 1681 2250 Abraham
1717 2206 1765 2252 et
1795 2197 1965 2250 Isaac.

396 2282 597 2337 Deinde
624 2283 815 2338 iterum
842 2300 855 2336 :
884 2284 984 2349 Qui
1011 2287 1171 2355 pascit
1191 2301 1269 2339 me
1293 2303 1324 2339 a
1342 2287 1602 2354 iuventute
1624 2303 1751 2339 mea.
1777 2288 1969 2356 Accipe

393 2380 448 2424 et
478 2386 542 2425 ex
578 2370 678 2425 hoc
713 2371 1071 2441 gratissimum
1094 2374 1207 2441 ejus
1227 2375 1485 2429 animum.
1527 2375 1641 2429 Non
1685 2376 1813 2430 dicit
1849 2391 1972 2444 pro-

396 2460 564 2527 priam
588 2460 856 2526 virtutem,
886 2461 980 2516 sed
1002 2477 1061 2516 ea
1101 2478 1219 2531 quae
1246 2464 1344 2517 sibi
1383 2478 1411 2517 a
1434 2464 1546 2518 Deo
1569 2464 1781 2517 fuerunt
1812 2464 1967 2520 facta.

398 2550 497 2614 Qui
523 2551 688 2619 pascit
724 2567 804 2604 me
839 2569 871 2603 a
902 2552 1165 2620 juventute
1210 2569 1319 2606 mea
1361 2569 1517 2623 usque
1552 2555 1605 2607 in
1642 2554 1773 2607 diem
1816 2554 1966 2608 lianc.

395 2639 513 2707 Ipse
540 2640 703 2705 enim,
734 2640 920 2709 inquit,
949 2650 1031 2696 est
1059 2643 1147 2711 qui
1178 2642 1244 2696 ab
1271 2642 1422 2696 initio
1451 2658 1616 2712 usque
1642 2643 1707 2697 ad
1735 2658 1971 2713 praesens

393 2742 483 2782 res
512 2743 657 2783 meas
685 2729 1042 2799 dispensavit,
1073 2740 1128 2786 et
1156 2731 1458 2786 moderatus
1483 2740 1583 2787 est.
1630 2734 1707 2787 Ita
1743 2741 1796 2786 et
1826 2734 1969 2801 prius

393 2816 603 2872 dicebat
644 2835 658 2871 :
694 2818 761 2872 1n
791 2820 932 2889 virga
969 2822 1102 2874 enim
1133 2837 1244 2875 mea
1282 2822 1377 2875 hac
1418 2824 1621 2875 transivi
1644 2822 1922 2877 Jordanem
1952 2838 1969 2876 :

393 2917 438 2961 et
465 2924 576 2962 ecce
598 2925 731 2961 nunc
760 2913 924 2978 factus
969 2926 1079 2964 sum
1120 2911 1174 2965 in
1212 2911 1314 2965 duo
1351 2920 1519 2966 castra
1544 2911 1694 2983 (Gen.
1728 2914 1815 2966 '52.
1848 2913 1967 2982 10).

396 2999 460 3054 Ει
501 3014 642 3054 nunc
684 3002 872 3055 iterum
918 3000 1035 3056 aliis
1062 3002 1241 3057 verbis
1267 3002 1393 3057 dicit
1426 3020 1440 3056 :
1479 3003 1580 3069 Qui
1622 3004 1783 3072 pascit
1822 3020 1902 3056 me
1940 3020 1973 3056 a

386 3092 650 3160 iuventute
670 3107 779 3144 mea
801 3107 957 3161 usque
981 3092 1032 3145 in
1056 3092 1185 3145 diem
1212 3093 1363 3158 hunc,
1392 3092 1479 3147 16.
1502 3094 1714 3163 angelus
1737 3095 1823 3165 qui
1849 3094 1973 3148 libe-

392 3181 521 3233 ravit
556 3196 633 3233 me
656 3182 720 3234 de
759 3182 987 3235 omnibus
1027 3182 1194 3236 malis.
1239 3182 1415 3238 Grata:
1441 3184 1628 3238 animae
1660 3199 1722 3238 ac
1750 3185 1848 3255 pia:
1874 3227 1887 3249 ,
1918 3195 1972 3240 et

392 3271 528 3327 bene
564 3273 816 3327 memoris
842 3273 1217 3328 beneﬁciorum
1248 3274 1360 3341 Dei,
1388 3276 1573 3330 verba.
1622 3276 1717 3331 Ille
1736 3317 1751 3343 ,
1781 3277 1968 3347 inquit,

391 3363 475 3416 cui
517 3371 693 3433 patres
722 3367 824 3419 mei
854 3364 990 3419 bene
1020 3364 1345 3433 placuerunt,
1392 3366 1479 3435 qui
1508 3381 1593 3420 me
1630 3381 1661 3420 a
1696 3367 1971 3437 iuventute

390 3469 509 3509 mea
536 3469 704 3526 usque
741 3457 794 3511 in
837 3465 1151 3525 praesentem
1182 3457 1322 3512 diem
1366 3458 1643 3525 educavit,
1675 3460 1764 3529 qui
1792 3475 1878 3515 me
1902 3461 1970 3516 ab

392 3543 542 3597 initio
561 3544 628 3598 ab
653 3545 898 3598 omnibus
924 3546 1076 3599 malis
1105 3546 1362 3610 liberavit,
1394 3549 1483 3616 qui
1507 3556 1704 3602 tantam
1734 3564 1855 3619 erga
1883 3564 1969 3605 me

390 3634 676 3689 declaravit
714 3634 1123 3704 providentiam,
1170 3638 1283 3707 ipse
1307 3637 1575 3694 Benedicet
1611 3641 1703 3693 bos
1742 3657 1923 3710 pueros
1950 3658 1969 3695 :

391 3734 439 3778 et
472 3724 781 3777 inuocabitur
807 3724 861 3778 in
889 3727 961 3779 eis
1001 3742 1181 3779 nomen
1221 3744 1421 3791 meum,
1463 3738 1509 3781 et
1546 3745 1727 3783 nomen
1770 3740 1970 3797 patrum

391 3831 637 3881 meorum,
679 3816 932 3869 Abraham
955 3826 1001 3871 et
1032 3816 1203 3883 Isaac,
1247 3827 1295 3871 et
1333 3819 1729 3887 multiplicentur
1754 3821 1969 3875 in.mul-

393 3905 654 3959 titudinem
682 3923 917 3977 magnam
944 3923 1096 3977 super
1123 3918 1323 3961 terram.
1348 3909 1532 3963 Vidisti
1556 3910 1714 3964 simul
1739 3919 1792 3964 et
1820 3912 1972 3966 intel-

393 3993 700 4063 ligentiam,
746 4004 801 4050 et
858 3996 1223 4051 modestiam?
1271 3999 1673 4069 Intelligentiam
1719 4001 1966 4070 quidem,

392 4085 513 4152 quia
537 4082 658 4138 ﬁdei
681 4086 849 4138 oculis
868 4085 1165 4154 przevidens
1186 4085 1436 4156 Ephraim
1459 4090 1689 4159 praetulit
1708 4090 1929 4145 Manassi
1952 4110 1966 4146 :

392 4176 708 4232 modestiam
723 4191 870 4241 vero,
884 4177 1005 4247 quia
1027 4192 1281 4247 nusquam
1297 4194 1407 4234 sua:
1418 4181 1628 4236 virtutis
1643 4184 1968 4239 mentionem

395 4269 551 4335 fecit;
581 4269 675 4324 sed
702 4285 769 4323 ex
796 4269 1018 4339 probata
1049 4280 1255 4339 patrum
1282 4272 1409 4339 vita,
1441 4281 1498 4328 et
1520 4289 1589 4327 ex
1618 4274 1887 4329 beneﬁciis
1914 4276 1965 4330 in

393 4373 451 4413 se
479 4358 686 4413 collatis
715 4358 829 4428 ipse
873 4374 1057 4428 preces
1100 4359 1252 4428 fudit,
1298 4372 1351 4416 et
1379 4362 1802 4419 benedictionem
1845 4365 1967 4420 ﬁliis

393 4461 640 4517 precatus
665 4458 765 4505 est.
799 4450 995 4505 Verum
1017 4450 1179 4506 Jacob
1205 4452 1417 4522 quidem
1444 4453 1741 4523 praevidens
1767 4454 1964 4521 futura,

392 4539 462 4593 ita
495 4540 599 4593 illis
628 4540 898 4595 benedixit
940 4558 952 4593 :
986 4542 1073 4596 17.
1109 4541 1303 4611 Joseph
1348 4559 1460 4597 vero
1502 4545 1674 4599 videns
1709 4548 1968 4616 juniorem

394 4632 660 4700 prwlatunt
683 4634 887 4696 seniori,
919 4648 1070 4703 grave
1095 4641 1139 4687 et
1162 4633 1423 4704 indignum
1449 4651 1555 4690 esse
1583 4647 1785 4706 putans,
1814 4639 1967 4692 dicit:

393 4723 482 4777 18.
518 4721 612 4775 Hic
633 4732 707 4777 est
744 4724 1145 4794 primogenitus;
1184 4741 1313 4795 pone
1346 4726 1604 4780 dexteram
1644 4739 1780 4782 tuam
1819 4746 1970 4798 super

390 4822 543 4882 caput
568 4815 693 4882 ejus.
722 4813 808 4867 19.
837 4812 902 4866 Et
924 4815 1118 4881 noluit,
1144 4816 1234 4869 sed
1254 4816 1379 4869 dixit
1402 4833 1421 4869 :
1444 4817 1593 4882 Scio,
1618 4819 1694 4886 ﬁli
1711 4860 1725 4883 ,
1753 4820 1873 4873 scio.
1902 4818 1970 4873 Et

391 4905 471 4957 hic
496 4905 589 4958 erit
613 4906 663 4957 in
691 4905 963 4973 pupulum,
992 4915 1039 4959 et
1065 4907 1145 4959 hic
1172 4909 1472 4963 exaltabitur
1487 4926 1509 4974 ;
1548 4911 1638 4963 sed
1671 4914 1829 4979 frater
1861 4912 1969 4978 ejus

383 4994 561 5064 junior
582 4994 747 5063 major
766 5010 823 5047 eo
853 4996 965 5061 erit,
995 5005 1041 5048 et
1062 5013 1228 5051 semen
1254 4999 1362 5068 ejus
1391 5003 1484 5053 erit
1514 5000 1566 5053 in
1593 5000 1967 5056 multitudinem

389 5085 630 5153 gentium.
673 5084 750 5138 Ne
782 5094 933 5154 putes
963 5101 1082 5153 me,
1115 5087 1317 5157 inquit,
1356 5104 1481 5143 casu
1522 5105 1584 5144 ac
1622 5090 1837 5146 fortuito
1869 5095 1971 5150 hoc

390 5174 600 5237 fecisse,
630 5174 714 5228 vel
742 5190 834 5244 per
862 5175 1232 5245 ignorantiam.
1264 5177 1388 5233 Scio
1409 5179 1571 5246 enim,
1596 5191 1650 5236 et
1674 5184 1969 5251 praevidens

388 5264 563 5322 futura
585 5309 599 5333 ,
630 5266 701 5321 ita
731 5269 778 5323 ei
807 5269 1232 5325 benedictionem
1263 5271 1405 5326 dedi.
1447 5272 1576 5327 Nam
1618 5274 1743 5330 licet
1781 5288 1967 5332 natura

388 5361 671 5428 primatum
701 5361 893 5416 habeat
924 5361 1191 5417 Manasses
1211 5403 1226 5427 ,
1256 5363 1348 5418 sed
1377 5363 1584 5419 Iuvenis
1611 5367 1697 5421 ille
1724 5370 1887 5439 major
1912 5386 1968 5424 eo

388 5450 504 5515 erit,
534 5460 577 5502 et
600 5466 767 5505 semen
789 5452 897 5522 ejus
924 5452 976 5505 in
999 5453 1370 5507 multitudinem
1390 5458 1632 5526 gentium.
1659 5457 1770 5512 Hoc
1793 5469 1967 5515 autem

390 5549 557 5595 totum
591 5541 781 5597 factum
812 5554 913 5610 est,
945 5546 1066 5615 quia
1097 5544 1219 5600 hinc
1248 5562 1468 5616 regnum
1496 5548 1966 5609 demonstrabatur

389 5634 736 5695 moriturum.
785 5636 1070 5709 Propterea
1121 5638 1413 5712 przcdicens
1466 5640 1675 5711 futura,
1723 5644 1804 5701 sic
1842 5660 1965 5703 cum

1391 274 1457 332 ΙΝ
1497 275 1648 329 CAP.
1679 271 1908 327 XLVI".
1950 269 2191 326 GENES.
2234 269 2462 326 HOMIL.
2505 267 2688 325 LXVI.

3539 267 3644 337 sio

2061 383 2344 438 benedicit.
2374 383 2464 437 20.
2495 382 2558 435 Et
2583 380 2832 435 benedixit
2857 395 2960 445 eos,
2987 379 3157 434 dicens
3179 396 3197 433 :
3221 377 3289 433 In
3313 379 3449 432 vobis
3485 381 3632 432 bene-

2060 472 2226 527 dicent
2249 472 2432 537 Israel,
2477 472 2695 526 dicentes
2723 486 2742 525 :
2768 470 2944 524 Faciat
2970 479 3015 523 te
3053 469 3191 524 Deus
3231 470 3358 523 sicut
3391 467 3640 537 Epitraim

2059 573 2107 615 et
2148 562 2405 617 Manasse.
2447 560 2515 614 Et
2556 563 2722 631 posuit
2769 559 3017 630 Bphraim
3054 570 3170 615 ante
3212 558 3502 613 Manassen.
3543 559 3643 625 Ita,

2064 652 2255 721 inquit,
2287 653 2444 706 ambo
2472 660 2631 706 erunt
2654 652 2912 721 gloriosi,
2942 661 2999 705 ut
3024 664 3209 705 omnes
3240 651 3293 704 in
3321 649 3517 720 optatis
3545 648 3643 702 ha-

2063 745 2221 798 beant
2248 745 2312 797 ad
2340 744 2581 798 eamdem
2607 758 2728 797 cum
2770 743 2874 797 illis
2901 743 3120 814 gloriam
3151 742 3430 813 pervenire
3458 758 3471 794 :
3502 750 3642 793 atta-
3726 782 3729 789 .

2064 848 2185 888 men
2230 834 2379 903 prior
2423 835 2524 887 erit
2570 833 2820 902 Epitraim
2865 834 3124 887 Mauasse.
3176 832 3335 886 Vides
3377 830 3645 900 quomodo

2062 923 2230 992 gratia
2276 923 2371 975 Dei
2420 922 2861 990 praemonstrabat
2889 923 2939 977 ei
2988 922 3196 985 futura,
3242 936 3305 975 ac
3332 919 3647 991 proiihetico

2064 1010 2274 1065 afﬂatus
2297 1010 2484 1078 spiritu
2518 1010 2637 1064 ﬁliis
2666 1010 2865 1080 Joseph
2896 1009 3244 1077 benedixerit,
3275 1017 3330 1064 et
3358 1009 3497 1079 quod
3526 1017 3643 1062 tan-

2065 1101 2132 1155 tis
2159 1102 2482 1169 temporibus
2502 1101 2704 1165 aberat,
2737 1110 3001 1171 tamquam
3024 1116 3260 1170 praesens
3284 1109 3338 1156 et
3361 1113 3482 1155 ante
3513 1115 3643 1155 ocu—

2065 1192 2145 1245 los
2168 1192 2325 1244 situm
2352 1190 2584 1244 viderit?
2606 1190 2716 1245 Hoc
2734 1192 2874 1244 enim
2893 1190 3051 1245 modo
3072 1206 3131 1246 se
3161 1191 3318 1245 habet
3345 1191 3643 1262 prophetia.

2143 1278 2291 1332 Oculi
2314 1279 2433 1347 ﬁdei
2458 1280 2849 1350 perspicaciores
2870 1281 3140 1351 corporeis.
3164 1280 3377 1334 Morafis
3397 1281 3645 1351 epilogus.

2066 1399 2137 1409 —
2159 1370 2288 1424 Nam
2320 1370 2457 1424 sicut
2492 1371 2631 1425 oculi
2675 1372 2979 1442 corporales
3007 1370 3138 1425 nihil
3167 1371 3391 1440 amplius
3420 1381 3641 1440 praeter-

2067 1474 2224 1529 quam
2250 1460 2477 1514 visibilia
2513 1470 2754 1531 spectare
2784 1469 3023 1531 possunt,
3050 1462 3121 1515 ita
3150 1469 3203 1515 et
3229 1461 3367 1515 oeuli
3392 1460 3509 1515 ﬁdei
3538 1476 3644 1515 non

2068 1568 2186 1621 quae
2208 1552 2455 1606 videntur
2470 1561 2731 1623 spectant,
2754 1552 2848 1607 sed
2878 1554 2961 1607 illa
2979 1552 3177 1616 vident,
3202 1567 3319 1622 qua:
3343 1552 3507 1606 multo
3530 1559 3650 1620 post

2069 1640 2242 1695 futura
2268 1650 2412 1695 sunt.
2446 1642 2512 1695 Et
2542 1641 2643 1697 hoc
2668 1642 2996 1699 manifestius
3024 1643 3204 1697 scietis
3228 1658 3291 1698 ex
3322 1642 3650 1697 benedictio-

2070 1734 2245 1796 nibus,
2270 1744 2401 1802 quas
2424 1733 2533 1788 suis
2558 1733 2678 1788 ﬁliis
2699 1734 2807 1788 dat.
2836 1733 3099 1789 Caeterum
3122 1750 3188 1789 ne
3209 1736 3425 1804 longum
3450 1748 3652 1788 sermo-

2071 1839 2194 1878 nem
2222 1822 2478 1878 faciamus
2501 1866 2516 1892 ,
2545 1824 2817 1893 multoque
2842 1839 2937 1879 vos
2960 1840 3245 1879 oneremus
3275 1825 3457 1879 labore
3480 1867 3493 1889 ,
3524 1838 3650 1878 con—

2072 1918 2203 1971 tenti
2244 1914 2439 1981 dictis,
2472 1916 2524 1969 in
2566 1924 2876 1985 sequentem
2921 1930 3221 1971 sermonem
3261 1914 3653 1969 reservabimus

2072 2007 2302 2060 ﬁliorum
2334 2006 2450 2074 ejus
2476 2005 2921 2061 benedictionem.
2973 2005 3107 2060 illud
3140 2015 3313 2059 tamen
3339 2005 3656 2059 obsecrave-

2072 2099 2172 2152 rim
2200 2107 2427 2152 vestram
2455 2098 2760 2162 caritatem,
2789 2106 2847 2150 ut
2870 2096 3145 2151 imitemini
3173 2097 3372 2166 justum
3402 2098 3569 2158 hunc,
3598 2103 3657 2148 et

2076 2188 2207 2242 tales
2233 2188 2557 2242 hereditates
2584 2186 2704 2240 ﬁliis
2725 2184 2916 2241 vestris
2940 2186 3249 2256 relinquatis
3270 2227 3284 2250 ,
3314 2200 3428 2254 quae
3456 2200 3485 2238 a
3512 2183 3658 2237 nullo

2073 2294 2325 2348 umquam
2347 2278 2598 2332 damnum
2615 2278 2858 2347 accipere
2874 2277 3098 2347 possint.
3123 2277 3323 2330 Divitis:
3342 2276 3480 2331 enim
3503 2286 3645 2343 saepe

2075 2368 2234 2423 etiam
2261 2367 2641 2437 accipientibus
2663 2367 2950 2435 perniciem
2974 2374 3314 2437 pepererunt,
3339 2377 3388 2420 et
3413 2364 3651 2430 insidias,

2074 2464 2131 2509 et
2159 2456 2321 2510 multa
2354 2456 2585 2525 pericula
2621 2473 2634 2507 :
2666 2454 2749 2509 hic
2780 2464 2955 2510 autem
2977 2455 3107 2508 nihil
3143 2455 3243 2509 tale
3268 2454 3521 2523 suspicari
3556 2467 3658 2523 po-

2075 2549 2203 2601 teris
2242 2563 2511 2616 umquam.
2566 2546 2870 2602 Thesaurus
2906 2547 3049 2601 enim
3088 2556 3168 2601 est
3190 2586 3208 2613 ,
3244 2548 3332 2616 qui
3371 2561 3656 2615 numquam

2074 2640 2362 2705 exhauriri,
2393 2655 2681 2709 numquam
2709 2648 2883 2710 potest
2910 2640 3183 2697 consumi;
3218 2641 3528 2705 thesaurus,
3560 2640 3651 2708 qui

2074 2747 2179 2786 non
2210 2732 2483 2786 hominum
2504 2732 2665 2799 dolis,
2693 2746 2792 2786 nec
2815 2731 3079 2787 latronum
3105 2729 3328 2796 insidiis,
3354 2745 3458 2783 non
3487 2729 3658 2783 famu-

2074 2822 2253 2876 lorum
2280 2822 2502 2887 malitia,
2527 2837 2632 2877 non
2662 2822 2764 2877 alio
2790 2821 3036 2892 quopiam
3064 2820 3304 2874 imminui
3333 2829 3537 2889 potest,
3562 2820 3657 2875 sed

2076 2924 2333 2983 perpetuo
2366 2922 2545 2968 manet
2577 2932 2589 2965 :
2619 2912 2908 2981 spiritualis
2946 2913 3088 2965 enim
3120 2919 3239 2976 est,
3271 2910 3515 2966 humanis
3550 2925 3657 2966 non

2074 3002 2270 3056 cedens
2310 3001 2515 3055 insidiis
2539 3041 2555 3067 ,
2587 3001 2681 3056 sed
2724 3016 2847 3056 cum
2876 3001 2939 3054 iis
2964 3000 3054 3068 qui
3093 2999 3239 3052 illum
3266 2999 3536 3068 accipiunt
3556 3040 3571 3060 ,
3603 3008 3659 3053 et

2074 3091 2238 3145 sobrii
2266 3104 2385 3145 esse
2426 3091 2607 3145 volunt
2650 3105 2712 3144 ae
2750 3089 3076 3160 prudentes,
3120 3088 3172 3141 in
3223 3086 3448 3142 futuram
3493 3089 3655 3142 vitam

2075 3181 2340 3251 migrabit,
2374 3190 2427 3236 et
2450 3183 2529 3237 eis
2555 3189 2752 3237 aeterna
2781 3180 3099 3250 praeparabit
3126 3180 3481 3234 tabernacula.

2145 3273 2197 3326 4.
2236 3271 2315 3327 Ne
2351 3272 2511 3341 igitur
2547 3286 2761 3341 operam
2805 3280 3038 3325 nostram
3078 3270 3128 3323 in
3170 3268 3495 3339 colligendas
3524 3282 3654 3339 opes

2073 3364 2398 3419 collocemus
2421 3405 2436 3431 ,
2469 3378 2601 3433 quas
2642 3363 3004 3433 relinquamus
3041 3361 3194 3425 ﬁliis;
3244 3361 3335 3414 sed
3372 3359 3659 3414 doceamus

2074 3470 2167 3511 eos
2196 3457 2465 3522 virtutem,
2490 3464 2544 3509 et
2568 3453 2988 3509 benedictionem
3020 3453 3111 3509 Dei
3145 3454 3249 3508 illis
3276 3466 3643 3522 apprecemur.

2073 3544 2191 3599 Ista:
2227 3546 2369 3600 enim
2396 3585 2411 3610 ,
2450 3545 2566 3599 istae
2611 3546 2855 3599 maximae
2881 3553 3003 3599 sunt
3034 3543 3308 3599 facultates
3337 3561 3350 3597 :
3380 3543 3499 3600 istae
3528 3549 3655 3595 sunt

2073 3637 2368 3692 ineffabiles
2393 3636 2590 3690 divitia:
2609 3676 2625 3702 ,
2652 3652 2770 3706 qua:
2800 3651 2903 3695 non
2929 3636 3300 3700 absumuntur,
3328 3649 3447 3704 quae
3476 3636 3655 3702 quoti-

2074 3726 2161 3781 die
2202 3726 2552 3780 substantiam
2592 3734 2827 3778 nostram
2867 3732 3083 3793 augent.
3129 3724 3267 3778 Nihil
3295 3724 3436 3777 enim
3476 3722 3655 3776 virtuti

2074 3830 2205 3884 par,
2241 3814 2376 3868 nihil
2400 3814 2596 3866 virtute
2633 3813 2898 3881 potentius
2929 3828 2945 3865 :
2972 3813 3177 3867 etiamsi
3204 3812 3331 3865 mihi
3360 3811 3507 3865 dicas
3532 3826 3654 3864 eum

2073 3906 2162 3975 qui
2186 3920 2408 3974 regnum
2432 3904 2609 3968 habet,
2632 3919 2695 3959 ac
2718 3904 2955 3958 diadema
2980 3905 3133 3973 gerit,
3158 3904 3256 3957 nisi
3283 3903 3417 3956 hanc
3439 3902 3652 3967 habeat,

2074 3997 2261 4066 quovis
2292 3994 2637 4064 panniculoso
2665 4008 2897 4063 paupere
2923 3995 3167 4048 miserior
3195 3995 3314 4048 erit.
3350 3993 3483 4059 Quid
3511 3993 3653 4047 enim

2073 4087 2149 4142 illi
2178 4085 2431 4156 prodesse
2470 4084 2663 4152 poterit
2697 4084 2937 4139 diadema
2968 4094 3058 4139 aut
3084 4099 3333 4154 purpura,
3365 4085 3451 4154 qui
3482 4083 3657 4138 virtu-

2073 4187 2182 4232 tem
2222 4192 2315 4230 sua
2346 4175 2543 4230 desidia
2575 4175 2785 4244 perdit?
2830 4174 3091 4245 Numquid
3120 4176 3375 4230 Dominus
3400 4184 3651 4230 externa-

2072 4285 2189 4324 rum
2220 4268 2531 4338 dignitatum
2558 4268 2866 4323 varietatem
2899 4266 3139 4336 Spectat?
3167 4267 3418 4337 uumquid
3461 4281 3651 4335 perso-

2072 4377 2258 4416 narum
2286 4360 2450 4432 gloria
2482 4361 2859 4429 permovetur?
2888 4359 3059 4415 Unum
3091 4370 3173 4415 est
3202 4359 3308 4414 illic
3335 4358 3476 4430 quod
3506 4375 3652 4428 qum-

2072 4454 2205 4508 ritur
2227 4495 2243 4517 ,
2274 4463 2333 4507 ut
2376 4468 2471 4521 per
2499 4453 2860 4520 operationem
2892 4452 3144 4506 virtutum
3174 4460 3385 4521 apertas
3415 4450 3656 4505 invenire

2073 4546 2339 4615 possimus
2380 4544 2571 4613 januas
2615 4544 2817 4600 ﬁduciae
2868 4544 2920 4597 iu
2973 4545 3138 4598 Deum
3173 4560 3335 4604 :nam
3381 4545 3470 4613 qui
3520 4544 3654 4597 nihil

2076 4637 2280 4692 ﬁducire
2308 4636 2432 4689 hinc
2451 4636 2637 4702 defert,
2667 4636 2805 4691 inter
2832 4636 3209 4704 ignominiosos
3231 4645 3285 4690 et
3308 4635 3653 4703 desperantes

2074 4730 2246 4784 locum
2276 4728 2506 4781 habebit.

2150 4820 2385 4874 Pecunia:
2427 4820 2598 4873 virtuti
2625 4818 2843 4873 obstant.
2883 4845 2955 4857 —
2982 4816 3091 4870 lloc
3117 4816 3275 4887 igitur
3303 4829 3491 4870 omnes
3519 4830 3647 4869 con-

2075 4912 2367 4966 sideremus
2391 4950 2405 4973 ,
2444 4919 2496 4963 et
2526 4918 2736 4963 nostros
2781 4908 2915 4961 filios
2955 4907 3238 4961 doceamus
3266 4949 3281 4972 ,
3313 4914 3370 4961 ut
3398 4906 3649 4962 virtutem

2074 5003 2233 5058 rebus
2248 5002 2493 5057 omnibus
2504 5000 2805 5071 prreferant.
2826 4999 3079 5069 nihilique
3094 4998 3285 5054 faciant
3301 5000 3649 5069 pecuniarum

2075 5093 2470 5148 abundantiam.
2503 5092 2629 5147 Haec
2657 5092 2831 5156 enim,
2863 5091 2976 5146 haec
3014 5100 3097 5147 est
3135 5108 3251 5161 quae
3294 5092 3473 5146 virtuti
3513 5107 3656 5161 saepe

2078 5186 2360 5255 plurimum
2406 5185 2579 5238 obstat
2610 5201 2622 5237 :
2651 5183 3075 5253 quandoquidem
3124 5184 3368 5239 nesciunt
3417 5183 3655 5253 pecuniis

2078 5277 2152 5329 uti
2190 5277 2415 5346 juvenes
2460 5284 2519 5331 ut
2561 5282 2791 5345 oportet.
2823 5275 2892 5329 Et
2933 5277 3069 5330 sicut
3106 5276 3252 5345 parvi
3293 5275 3442 5343 pueri
3470 5290 3652 5344 saepe,

2076 5370 2287 5441 quando
2307 5369 2548 5424 cultellos
2568 5379 2621 5424 et
2639 5368 2840 5439 gladios
2862 5370 3140 5439 arripiunt,
3163 5382 3228 5421 eo
3249 5367 3388 5437 quod
3412 5369 3653 5424 nesciunt

2076 5463 2211 5518 bene
2239 5461 2343 5517 illis
2370 5461 2463 5525 uti,
2497 5460 2880 5529 periclitantur,
2912 5460 3052 5514 unde
3082 5470 3280 5515 matres
3302 5474 3407 5513 non
3434 5459 3648 5528 permit-

2077 5565 2195 5612 tunt
2223 5556 2325 5610 illis
2355 5570 2448 5611 eos
2484 5555 2697 5623 impune
2726 5555 2985 5624 attingere
3015 5572 3028 5606 :
3058 5554 3125 5606 ita
3153 5551 3392 5622 profecto
3421 5562 3475 5607 et
3500 5555 3652 5622 juve-

2076 5662 2192 5715 nes,
2223 5644 2311 5716 qui
2366 5645 2704 5716 pecuniarum
2749 5643 3120 5699 abundantiam
3158 5643 3490 5714 susceperint
3530 5659 3653 5702 cum
