4146 6260
497 271 594 326 571

500 383 683 436 nolunt
713 381 790 436 eis
819 380 952 437 bene
978 381 1072 447 uti,
1103 379 1155 436 in
1187 381 1474 449 periculum
1503 389 1706 433 certum
1735 393 1795 432 se
1823 377 2069 446 praecipi-

503 482 650 534 tant,
679 473 938 530 sarcinam
962 483 1297 540 peccatorum
1323 468 1421 523 sibi
1451 468 1571 523 inde
1597 467 1930 536 colligentes.
1970 465 2072 521 Na-

501 571 722 615 scuntur
750 563 890 616 enim
918 561 1040 615 inde
1069 562 1219 614 luxus
1243 599 1258 622 ,
1288 558 1490 612 delicia:
1514 598 1529 622 ,
1557 566 1612 614 et
1647 557 1891 612 absurdae
1915 557 2072 611 volu-

508 661 680 718 ptates
719 662 771 704 et
813 651 1008 704 inlinita
1049 649 1181 702 mala
1218 667 1230 699 :
1265 663 1368 702 non
1414 647 1726 716 simpliciter
1762 661 1792 699 a
1839 647 2074 716 pecuniis

507 742 648 804 dico,
677 740 770 792 5rd
803 740 921 793 ideo
949 739 1069 807 quia
1095 738 1184 806 qui
1210 738 1328 791 illas
1354 746 1703 806 receperunt,
1729 738 1806 791 eis
1835 737 2076 791 nesciunt

508 837 654 882 recte
680 829 771 881 uti.
803 827 1087 896 Propterea
1109 838 1160 881 et
1182 827 1392 894 sapiens
1418 826 1629 895 quidam
1653 826 1860 879 dicebat
1884 843 1896 878 :
1922 824 2077 878 Bona:

503 919 708 982 divitiis,
734 917 910 985 quibus
938 933 1036 969 non
1057 925 1127 970 est
1146 917 1466 985 conjunctum
1492 925 1748 983 peccatum
1772 915 1957 983 (Eccli.
1991 917 2073 970 15.

504 1006 616 1072 50).
646 1005 776 1071 Quia
807 1014 860 1076 et
888 1006 1152 1058 Abraham
1179 1004 1469 1058 dires'erat
1492 1046 1506 1066 ,
1536 1013 1590 1058 et
1615 1003 1714 1058 Job
1739 1005 1887 1058 dives
1913 1013 2028 1059 erat
2056 1043 2074 1070 ,

505 1103 560 1154 _ct
589 1110 690 1147 non
720 1097 891 1148 solum
916 1093 1042 1148 nihil
1073 1094 1250 1148 damni
1280 1095 1356 1146 eis
1381 1093 1573 1148 accidit
1598 1109 1628 1147 a
1657 1095 1874 1160 divitiis,
1906 1095 1999 1148 sed
2023 1103 2080 1150 et

505 1184 754 1246 clariores
793 1183 1027 1238 fuerunt.
1073 1185 1284 1250 Quare?
1325 1183 1458 1250 Quia
1497 1199 1600 1237 non
1645 1184 1696 1237 in
1729 1199 1882 1238 usum
1919 1200 2075 1244 suum

507 1282 717 1349 .tznitum
759 1273 852 1330 has
892 1274 1273 1344 possidebant,
1306 1274 1401 1330 sed
1440 1285 1496 1330 ut
1535 1275 1600 1330 iis
1634 1276 1880 1352 juvat-ent
1917 1278 2077 1330 etiam

509 1364 644 1426 alios
669 1404 684 1430 ,
716 1380 943 1434 quarunt
981 1353 1352 1420 succurrerent
1392 1365 1581 1434 inopia:
1605 1406 1619 1430 ,
1646 1351 1702 1420 et
1723 1377 1865 1420 esset
1889 1365 2080 1420 domus

507 1471 691 1510 eorum
720 1465 902 1524 aperta
936 1458 1230 1526 peregrinis
1255 1456 1539 1511 omnibus.~
1569 1457 1706 1511 Audi
1749 1458 1890 1511 enim
1918 1472 2078 1511 unum

509 1558 693 1598 eorum
723 1544 985 1620 dicentem
1017 1561 1032 1597 :
1061 1545 1122 1600 Si
1156 1556 1323 1596 autem
1355 1561 1581 1614 egressus
1614 1555 1685 1598 est
1704 1545 1814 1613 quis
1841 1543 1902 1597 de
1930 1545 2080 1598 domo

511 1651 620 1687 mea
645 1635 758 1688 sinu
779 1622 933 1708 vacuo
955 1651 974 1689 :
995 1645 1223 1689 ceterum
1241 1644 1287 1687 et
1310 1636 1603 1704 impotentes
1623 1625 1802 1688 uiribus
1817 1673 1833 1699 ,
1856 1635 1899 1687 si
1921 1651 2080 1704 quam

513 1725 579 1776 do
608 1723 894 1793 indigebant
921 1723 1140 1778 subsidio
1159 1762 1175 1786 ,
1207 1739 1307 1776 non
1337 1723 1658 1792 privabantur
1685 1722 1822 1791 (Job.
1852 1724 1940 1778 3|.
1969 1723 2078 1792 16).

515 1815 576 1868 Et
619 1829 723 1868 non
763 1814 932 1868 s'olum
973 1829 1068 1882 per
1112 1815 1360 1882 pecunias
1399 1813 1688 1867 subsidium
1729 1814 2082 1883 indigentibus

515 1903 784 1968 ferebant,
824 1903 917 1958 sed
959 1913 1013 1959 et
1051 1895 1456 1957 sollicitudinem
1487 1919 1669 1958 eorum
1707 1903 1980 1978 gerebant.
2014 1901 2084 1957 Et

513 2008 688 2054 eram,
721 1993 925 2060 inquit,
968 2009 1054 2062 pes
1092 1993 1317 2058 claudis,
1365 1992 1538 2046 oculus
1577 1993 1722 2046 cacis
1743 2030 1761 2058 ,
1791 2003 1838 2046 et
1865 2009 1892 2043 e
1920 1993 2084 2047 medio

514 2082 736 2135 dentium
763 2083 924 2151 eripui
952 2084 1175 2152 prredam
1202 2082 1342 2155 (Job.
1369 2083 1459 2138 29.
1492 2085 1576 2138 15.
1606 2083 1717 2154 17).
1749 2084 1908 2138 Vides
1938 2084 2083 2152 illum

515 2181 571 2226 et
595 2186 774 2224 curam
801 2168 1167 2240 agere'eorum
1195 2174 1283 2242 qui
1312 2174 1500 2242 injuria
1521 2173 1841 2237 afﬁciuntur,
1867 2185 1919 2228 et
1938 2174 2087 2230 debi-

515 2259 653 2324 libus
697 2261 1050 2315 membrorum
1091 2262 1259 2316 vicem
1305 2277 1398 2330 per
1440 2263 1616 2316 omnia
1665 2263 2087 2333 reprtesentare?

519 2349 667 2403 llunc
691 2365 876 2404 omnes
901 2359 1110 2420 oportet
1138 2351 1329 2405 imitari
1347 2392 1360 2415 ,
1394 2350 1555 2418 hunc,
1589 2351 1822 2422 inquam,
1850 2355 1936 2422 qui
1965 2364 2089 2410 ante

511 2437 688 2512 legem
716 2437 842 2502 fuit,
871 2449 925 2492 et
947 2448 1070 2492 ante
1093 2441 1314 2507 gratiam
1349 2450 1452 2516 tam
1478 2441 1616 2515 bene
1645 2453 1900 2496 moratam
1929 2443 2088 2504 vitam

519 2527 681 2596 gessit
710 2544 725 2580 :
755 2528 911 2597 idque
938 2542 1058 2582 cum
1091 2544 1188 2582 nec
1209 2516 1592 2598 praeceptorem
1622 2530 1892 2593 habuerit,
1920 2547 2091 2602 neque

521 2617 883 2684 progenitores
921 2617 1112 2671 virtute
1155 2619 1402 2686 praeditos
1424 2659 1440 2684 ,
1468 2619 1560 2674 sed
1599 2634 1627 2672 a
1667 2621 1953 2689 semetipso
1978 2631 2030 2675 et
2059 2637 2087 2674 a

522 2701 783 2758 sententia
823 2713 964 2758 recta
1006 2705 1056 2758 in
1087 2707 1276 2760 bonam
1308 2707 1443 2760 hanc
1472 2709 1627 2761 vitam
1658 2709 1932 2777 prodierit.
1959 2709 2088 2764 Nam

529 2797 888 2864 unusquisque
931 2797 1264 2868 nostrumgin
1312 2808 1496 2851 natura
1541 2813 1633 2852 sna
1679 2799 1837 2853 habet
1881 2800 2089 2855 insitam

523 2884 796 2938 scientiam
848 2885 1058 2939 virtutis
1101 2904 1113 2940 :
1163 2896 1216 2940 et
1264 2888 1362 2942 nisi
1410 2888 1527 2957 quis
1569 2905 1688 2944 eam
1734 2889 1956 2944 voluerit
2002 2906 2095 2960 per

526 2975 779 3044 ignaviam
807 2989 953 3028 suam
987 2977 1207 3046 perdere
1238 2967 1646 3049 generositatem
1669 3021 1686 3046 ,
1718 2997 2002 3050 numquam
2032 2997 2095 3037 ea

509 3057 832 3136 'privabitur.
874 3066 1082 3142 Utinam
1117 3077 1292 3122 autem
1321 3085 1438 3125 eam
1467 3085 1653 3125 onmes
1680 3087 1778 3126 nos
1801 3055 2055 3142 eligamus
2076 3111 2094 3136 ,

524 3168 577 3210 et
604 3173 722 3212 cum
748 3141 1039 3228 diligentia.
1059 3149 1400 3214 exerceamus
1423 3203 1436 3224 ,
1471 3162 1537 3214 ita
1570 3171 1625 3215 ut
1662 3162 1795 3214 bona
1830 3141 1946 3230 qute
1978 3163 2096 3216 dili-

527 3241 768 3314 gentibus
795 3247 959 3301 Deum
989 3250 1242 3316 promissa
1271 3259 1395 3303 sunt
1419 3265 1821 3320 consequamur,
1848 3253 2013 3319 gratia
2043 3260 2097 3304 et

529 3338 888 3391 misericordia
918 3328 1123 3393 Domini
1155 3340 1316 3392 nostri
1341 3338 1464 3392 Jcsu
1493 3339 1710 3404 Christi,
1742 3341 1825 3392 etti
1852 3353 1970 3392 cum
2000 3340 2095 3392 Pa-

528 3437 608 3481 tre
644 3437 698 3482 et
739 3438 923 3484 sancto
959 3429 1159 3498 Spiritu
1197 3430 1264 3482 sit
1298 3431 1460 3498 gloria
1486 3469 1502 3494 ,
1534 3431 1813 3497 imperium
1839 3471 1852 3493 ,
1887 3430 2054 3484 honor
2077 3470 2094 3500 ,

527 3516 670 3572 nunc
696 3526 750 3573 et
773 3532 982 3588 semper
1007 3559 1022 3583 ,
1052 3528 1104 3573 et
1131 3517 1182 3572 in
1214 3519 1404 3572 saecula
1431 3519 1766 3584 saeculorum.
1799 3521 1987 3574 Amen.

1057 3630 1332 3710 llOMlLlA
1371 3630 1577 3684 vau.
2080 3691 2086 3696 _

529 3717 673 3788 Dixit
714 3729 879 3774 autem
901 3719 1064 3790 Israel
1091 3721 1158 3774 ad
1174 3720 1368 3790 Joseplt
1394 3736 1411 3776 :
1431 3737 1543 3776 ecce
1568 3737 1660 3792 ego
1684 3723 1889 3786 morior,
1912 3732 1960 3777 et
2003 3724 2101 3778 erit

595 3810 739 3865 Deus
767 3814 1048 3878 vobiscum,
1075 3825 1120 3868 et
1153 3814 1354 3880 reducet
1379 3829 1465 3868 vos
1495 3812 1634 3867 Deus
1663 3830 1725 3868 ea:
1751 3824 1884 3868 terra
1919 3815 2015 3874 hac
2046 3817 2100 3868 in

523 3971 526 3974 .
600 3913 785 3956 terram
810 3911 1008 3972 patrunt
1035 3913 1325 3956 uestrorum.
1369 3902 1671 3973 Egovautent
1692 3903 1758 3956 do
1784 3905 1870 3966 tibi
1901 3905 2101 3959 Secima

596 3992 753 4046 electa
779 4008 884 4059 pra:
910 3994 1149 4061 fratribus
1179 3993 1274 4044 tuis
1297 4033 1312 4056 ,
1349 4007 1464 4062 qua:
1489 3993 1599 4061 cepi
1625 3993 1680 4045 in
1708 3993 1884 4062 gladio
1914 4009 2023 4048 meo
2054 4003 2102 4056 et

515 4139 522 4146 ,
600 4097 723 4134 arcu
750 4079 904 4148 (Gen.
932 4083 1020 4136 48.
1045 4083 1134 4135 21.
1165 4082 1280 4152 22).

525 4233 530 4236 _
579 4170 631 4224 1.
645 4168 823 4222 Jacobi
841 4169 1099 4222 historiam
1115 4171 1272 4239 pergit
1291 4167 1692 4240 Clit-prosternas,
1711 4179 1756 4222 et
1771 4169 1832 4223 iis
1850 4187 1962 4238 quia
1974 4189 2107 4242 prce-

523 4259 780 4324 cedentem
795 4258 1051 4310 ltomiliam
1068 4260 1416 4310 concluserunt
1439 4257 1644 4324 breuiter
1659 4260 1944 4328 resumptis,
1961 4260 2104 4312 idea-

531 4349 682 4401 tidem
708 4346 955 4404 Jacobum
982 4347 1172 4400 inducit
1201 4362 1278 4400 res
1308 4351 1502 4416 futuras
1534 4347 1881 4416 prazdicentem
1912 4349 2030 4415 ﬁliis
2057 4361 2102 4406 el

531 4438 596 4489 de
621 4425 780 4489 morte
805 4451 898 4490 sua
927 4437 1157 4506 proxima
1183 4437 1320 4505 ipsos
1345 4437 1712 4502 admonentem,
1741 4440 1985 4492 eas-verbis
2009 4439 2102 4491 Ja-

533 4526 646 4580 cobi
662 4512 890 4592 quaedam
907 4527 1118 4579 moralia
1139 4526 1384 4597 principia
1400 4543 1594 4590 eruens,
1611 4527 1744 4580 verbi
1759 4529 1922 4596 gratia
1940 4544 1958 4580 :
1976 4529 2102 4582 nihil

540 4617 778 4687 prodesse
826 4617 959 4672 dona
999 4616 1252 4670 naturalia
1289 4617 1386 4670 nisi
1437 4633 1598 4670 mores
1653 4616 1792 4684 probi
1843 4617 2099 4670 accedant.

535 4709 1009 4764 —l’ollieebamur
1056 4724 1224 4777 nuper
1280 4707 1439 4761 ﬁnem
1480 4721 1576 4762 nos
1641 4707 1978 4776 imposituros
2024 4707 2105 4760 hi-

532 4799 712 4853 storia:
738 4795 919 4862 Jacob,
941 4812 1288 4867 sermoneque
1316 4797 1568 4865 prolixius
1592 4811 1650 4850 se
1669 4798 2008 4862 extendente,
2036 4797 2102 4851 ad

533 4890 690 4946 ﬁnem
726 4891 865 4958 quod
905 4890 1340 4958 promittebamus
1371 4888 1658 4957 perducere
1689 4902 1792 4941 non
1822 4889 2101 4942 valuimus.

534 4982 656 5035 uico
688 4981 808 5034 volo
831 4997 948 5048 quae
978 4981 1179 5049 pridem
1206 4982 1384 5036 relicta
1415 4980 1628 5033 fuerunt
1651 4980 1700 5031 in
1729 4979 1958 5032 medium
1987 4995 2106 5047 pro-

533 5087 751 5139 ponere,
783 5080 839 5124 ut
866 5086 1005 5124 nunc
1028 5070 1236 5135 saltem,
1265 5071 1310 5124 si
1338 5070 1475 5123 Dens
1499 5069 1723 5132 dederit,
1752 5072 1906 5122 linem
1936 5070 2105 5137 impoc

532 5176 742 5220 namus.
774 5163 962 5234 Opera:
983 5163 1206 5233 pretium
1229 5173 1401 5217 autem
1431 5163 1607 5224 fuerit,
1632 5163 1854 5230 primum
1875 5170 2102 5215 vestram

531 5255 987 5309 commonefacere
1007 5253 1298 5314 caritatem,
1322 5260 1373 5305 et
1394 5251 1675 5306 ostendere
1696 5251 1781 5304 ubi
1803 5265 2103 5305 sermonem

532 5361 702 5414 nuper
729 5346 947 5398 missum
979 5340 1278 5397 fecerimus.
1311 5341 1466 5396 Scitis
1504 5341 1685 5411 utique
1708 5381 1723 5405 ,
1755 5351 1808 5395 et
1843 5355 2105 5395 memores

530 5438 660 5492 estis
683 5477 698 5500 ,
726 5453 845 5490 cum
887 5436 1052 5491 Jacob
1095 5435 1464 5491 benedicturus
1505 5445 1650 5489 esset
1695 5433 1832 5488 ﬁlios
1864 5433 2061 5502 Josepb
2085 5474 2101 5500 ,

531 5528 700 5594 ipsum
733 5528 984 5598 Ephraim
1012 5526 1235 5581 Manassi
1265 5526 1626 5596 proposuisse,
1651 5525 1807 5594 idque
1828 5525 1986 5578 etiam
2015 5537 2106 5592 pa-

538 5628 615 5674 tre
641 5622 756 5691 ejus
783 5637 886 5676 non
938 5619 1192 5689 probante
1220 5636 1234 5673 ε
1267 5619 1348 5675 cui
1378 5627 1432 5676 et
1459 5618 1593 5675 dixit
1625 5635 1640 5674 ι
1679 5617 1798 5672 Scio
1818 5656 1835 5686 ,
1865 5617 1921 5686 ﬁl
1945 5618 1992 5681 i;
2019 5631 2101 5669 ve-

1232 269 1289 325 S.
1311 267 1587 326 JOANNlS
1625 265 2092 324 CHRVSOSTOMI
2114 264 2426 320 Διιοιιιειι.
2456 263 2984 319 CONSTANTINOP.

3651 266 3753 319 573

2177 385 2455 428 rumtamen
2478 385 2525 428 ct
2549 374 2628 428 hic
2653 375 2746 430 erit
2773 377 2826 427 in
2849 373 3108 442 populum,
3135 382 3180 425 et
3201 371 3280 424 ltic
3306 372 3606 426 exaltabitur
3622 391 3642 426 :
3664 378 3754 428 sed

2179 466 2334 534 frater
2353 468 2469 537 ’ejus
2499 467 2674 534 junior
2703 467 2867 535 major
2895 480 2951 518 eo
2997 464 3124 524 erit,
3161 473 3206 514 et
3241 479 3409 516 semen
3433 465 3540 528 eius
3575 465 3666 517 erit
3701 467 3755 518 in

2179 555 2545 608 multitudinem
2575 556 2812 626 gentium.
2858 553 2924 605 Et
2954 553 3209 606 benedirit
3237 569 3318 605 eos
3342 553 3394 605 in
3418 553 3498 605 die
3523 553 3612 606 illa
3631 594 3646 618 ,
3676 556 3756 608 αε-

2178 663 2293 700 cens
2329 663 2348 702 .°
2384 645 2449 699 In
2478 647 2614 699 vobis
2642 645 2927 699 benedicent
2958 642 3160 708 Israel,
3189 642 3409 697 dicentes
3447 658 3465 695 :
3505 641 3682 696 Faciat
3709 655 3756 697 te

2181 735 2320 790 Deus
2361 737 2488 789 sicut
2524 735 2772 804 Epln-u'im
2813 744 2857 786 et
2890 733 3201 795 Manassen;
3243 743 3287 786 et
3317 732 3479 799 posuit
3508 730 3756 800 Ephraint

2179 839 2295 882 ante
2325 827 2617 880 Manassen.
2647 827 2712 879 Et
2736 827 3005 892 hucusque
3035 823 3416 891 processimus,
3444 837 3507 876 ac
3537 838 3604 886 ne
3632 839 3748 877 ser-

2181 936 2395 975 monum
2423 920 2578 972 nimia
2606 919 2754 985 copia
2780 925 3007 970 vestram
3033 916 3380 968 obrueretnus
3406 919 3712 967 tnetnoriam
3736 954 3756 980 ,

2183 1012 2506 1065 cessavimus
2527 1025 2552 1062 a
2585 1009 2823 1061 doctrina
2854 1025 2866 1058 :
2897 1006 2988 1060 sed
3020 1007 3064 1059 si
3093 1004 3318 1067 videtur,
3354 1002 3509 1055 hodie
3533 1017 3760 1070 sequen-

2185 1102 2252 1156 tia
2281 1101 2574 1155 videamus.
2601 1099 2690 1151 21.
2724 1099 2862 1152 Dixit
2885 1107 3051 1150 autem
3079 1093 3247 1148 Israel
3273 1094 3340 1146 ad
3365 1092 3600 1164 Joseplt:
3632 1094 3760 1146 Ecce

2183 1207 2272 1260 ego
2295 1191 2498 1252 morior,
2528 1197 2572 1242 ct
2590 1189 2681 1241 erit
2707 1185 2840 1240 Deus
2861 1185 3130 1247 vobiscum,
3154 1193 3198 1237 et
3218 1183 3416 1236 reducet
3435 1199 3520 1236 uos
3546 1181 3678 1238 Deus
3693 1198 3762 1236 ac

2182 1289 2313 1333 terra
2343 1279 2434 1332 hac
2461 1279 2513 1331 in
2538 1287 2720 1331 terram
2749 1284 2946 1344 patrum
2971 1289 3210 1326 meorum.
3239 1270 3330 1324 92.
3367 1269 3477 1341 Ego
3501 1281 3665 1328 autem
3694 1270 3756 1334 do,

2182 1369 2270 1420 tibi
2297 1367 2498 1422 Secima
2526 1365 2680 1419 electa
2708 1379 2812 1434 pra:
2839 1364 3076 1433 fratribus
3098 1363 3214 1425 tuis,
3238 1375 3352 1429 qua
3378 1361 3486 1429 cepi
3509 1360 3562 1413 in
3586 1359 3756 1430 gladia

2185 1473 2292 1508 meo
2317 1467 2360 1510 et
2383 1473 2526 1508 arcu.
2561 1455 2844 1523 Postquam
2873 1452 3010 1505 ﬁlios
3040 1449 3326 1514 benedixit,
3352 1458 3405 1503 et
3427 1449 3598 1503 futura
3623 1463 3760 1518 prae.

2194 1547 2380 1600 videns
2395 1546 2658 1614 juniorem
2683 1542 2966 1612 praeposuit
2985 1540 3180 1594 seniori
3201 1557 3214 1591 :
3233 1539 3412 1593 volens
3435 1537 3755 1608 persuadere

2187 1637 2440 1706 Josepho,
2464 1651 2646 1690 senon
2669 1633 3188 1704 sintpliciter,n_eqtte
3206 1639 3402 1684 temere
3423 1629 3525 1684 hoc
3544 1629 3754 1698 fecisse,

2184 1728 2277 1784 sed
2305 1727 2676 1796 pra-dicentem
2705 1725 2878 1778 futura
2906 1741 2918 1775 :
2944 1721 3184 1792 prtedicit
3205 1720 3362 1787 etiam
3383 1719 3432 1773 ei
3454 1734 3602 1784 suam
3625 1733 3763 1774 mor-

2187 1829 2313 1884 tem,
2335 1828 2388 1873 et
2412 1818 2550 1888 quod
2579 1817 2798 1872 redituri
2825 1815 2932 1870 sint
2956 1829 3020 1868 ex
3047 1800 3227 1868 aliena
3242 1820 3383 1872 terra
3404 1812 3458 1866 in
3479 1809 3753 1875 Chanaan,

2187 1912 2240 1965 in
2271 1921 2462 1965 terram
2489 1921 2699 1980 patrum
2725 1922 2941 1963 suorum
2972 1923 2984 1957 :
3013 1915 3067 1958 et
3093 1904 3284 1957 bonam
3306 1903 3384 1957 eis
3409 1916 3558 1971 spem
3580 1912 3758 1972 auget,

2188 2002 2255 2058 ita
2277 2011 2332 2054 ut
2351 2001 2741 2068 exspectatione
2758 1998 3001 2052 solatium
3019 1995 3265 2050 habeant.
3291 1991 3423 2050 Nam
3449 2005 3572 2062 spes
3597 1991 3761 2048 bono-

2189 2107 2303 2144 rum
2322 2091 2472 2159 hujus
2492 2091 2611 2144 vita:
2625 2089 2832 2144 labores
2849 2102 3058 2156 semper
3079 2085 3356 2140 imminuit.
3377 2084 3444 2140 Et
3463 2093 3764 2140 monstrans

2191 2183 2348 2234 etiam
2382 2190 2619 2250 tempore
2649 2180 2854 2244 mortis,
2877 2191 3034 2247 quam
3058 2175 3394 2230 dilectionem
3417 2188 3543 2244 erga
3565 2173 3761 2240 .Iuseph

2190 2271 2380 2325 habeat
2399 2313 2413 2336 ,
2445 2272 2573 2324 dicit
2599 2271 2646 2324 ei
2676 2291 2688 2324 ε
2723 2270 2828 2338 Ego
2857 2278 3022 2322 autem
3048 2267 3112 2320 do
3139 2267 3223 2318 tibi
3254 2265 3452 2319 Secima
3478 2266 3634 2317 electa
3657 2279 3766 2333 pre

2192 2361 2430 2430 fratribus
2460 2363 2558 2414 tuis
2585 2376 2604 2414 :
2634 2361 2780 2429 quasi
2815 2375 2907 2427 per
2938 2359 3036 2411 hoc
3066 2357 3338 2410 declarans
3361 2395 3378 2418 ,
3409 2354 3522 2408 Hoc
3548 2354 3765 2408 omnino

2193 2454 2316 2516 erit,
2356 2461 2409 2504 et
2444 2450 2736 2504 secundum
2777 2463 2947 2502 meam
2989 2446 3382 2515 praedictionem
3411 2443 3683 2506 redibitis,
3712 2452 3767 2496 et

2195 2541 2246 2594 in
2270 2540 2615 2594 hereditatem
2641 2538 2974 2608 possidebitis
2997 2545 3192 2591 terram
3215 2545 3419 2602 patrum
3439 2543 3763 2590 vestrorum:

2194 2642 2247 2685 et
2276 2631 2604 2685 Secimorum
2635 2630 2895 2683 civitatem
2930 2627 3020 2680 tibi
3061 2625 3130 2680 do
3167 2624 3513 2679 hereditatem
3541 2624 3763 2680 electam

2195 2722 2317 2778 Prte
2345 2721 2585 2788 fratribus
2616 2721 2713 2773 tuis
2737 2761 2753 2786 ,
2780 2736 2929 2788 quam
2958 2718 3066 2787 cepi
3093 2718 3154 2770 de
3189 2733 3340 2770 manu
3366 2716 3767 2769 Amorrltatorunt

2194 2815 2249 2867 in
2290 2814 2459 2884 gladio
2486 2829 2595 2866 meo
2623 2822 2669 2866 et
2707 2827 2849 2864 arcu.
2880 2810 3143 2875 Quidnam
3181 2810 3280 2862 hoc
3303 2807 3424 2861 est!
3451 2807 3580 2872 Qua:
3606 2821 3636 2859 ι
3663 2805 3764 2874 Sy.

2198 2919 2388 2959 meone
2424 2912 2477 2957 et
2515 2903 2640 2956 Levi
2679 2901 2811 2955 facta
2838 2909 2959 2955 sunt
2987 2908 3166 2954 contra
3195 2897 3474 2953 Secimitas
3501 2897 3554 2950 in
3585 2908 3767 2965 perso-

2199 3011 2317 3048 nam
2351 2994 2615 3063 propriam
2654 2991 2900 3047 transfert
2941 3009 2956 3045 :
2992 3000 3046 3045 et
3084 3000 3299 3058 propter
3326 2989 3428 3043 hoc
3449 2988 3614 3051 dicit,
3643 2985 3770 3052 Qus

2199 3086 2306 3152 cepi
2335 3087 2386 3137 in
2411 3085 2581 3153 gladio
2611 3099 2720 3136 mea
2747 3093 2791 3136 et
2819 3098 2960 3135 arcu.
3007 3081 3114 3135 Sed
3147 3079 3231 3134 hic
3255 3087 3551 3148 opportune
3573 3077 3768 3146 quaesi-

2199 3174 2335 3226 verit
2357 3173 2617 3242 quispiam
2646 3193 2658 3227 :
2684 3172 2750 3225 Et
2776 3187 2937 3241 quare
2959 3172 3059 3224 hoc
3083 3168 3284 3224 facinus
3307 3183 3462 3222 suum
3486 3167 3626 3230 facit,
3649 3181 3768 3222 cum

2202 3271 2380 3331 postea
2409 3270 2781 3315 testamentum
2805 3261 3041 3314 editurus
3063 3259 3399 3314 accusatione
3416 3257 3558 3312 clare
3579 3258 3770 3325 scripta

2201 3366 2292 3404 eos
2329 3351 2548 3418 arguat?
2590 3350 2705 3404 Non
2736 3365 2913 3404 secum
2958 3356 3155 3419 pugnat
3183 3349 3383 3417 justus,
3415 3346 3511 3402 sed
3539 3345 3773 3402 declarat

2203 3440 2658 3495 mansuetudinem
2702 3441 2893 3494 mentis
2933 3454 3041 3492 sua:
3067 3479 3081 3504 ,
3109 3449 3162 3492 et
3206 3447 3398 3508 praeter
3441 3453 3549 3492 suae
3583 3438 3774 3494 mentis

2201 3532 2512 3584 sententiam
2557 3531 2658 3585 hoc
2696 3529 2888 3584 factum
2918 3543 3037 3583 esse
3071 3546 3083 3581 :
3116 3543 3220 3582 non
3261 3527 3432 3582 solum
3477 3527 3617 3580 enim
3662 3540 3772 3580 non

2203 3622 2446 3694 probavit
2473 3621 2667 3676 factum
2688 3662 2703 3687 ,
2732 3621 2824 3676 sed
2857 3630 2911 3675 et
2949 3621 3160 3688 arguit,
3192 3627 3470 3688 postquam
3500 3618 3550 3672 id
3581 3616 3773 3672 factum

2203 3712 2398 3764 fuerat.
2431 3711 2715 3780 Propterea
2740 3711 2922 3764 volens
2944 3718 3240 3762 monstrare
3259 3722 3406 3762 suam
3432 3723 3554 3777 erga
3579 3707 3774 3776 Ioseph

2203 3799 2538 3854 dilectionem
2561 3840 2576 3864 ,
2608 3801 2655 3854 ei
2681 3799 2922 3854 concedit
2951 3799 3154 3852 Secima
3177 3837 3192 3860 ,
3230 3806 3284 3851 et
3311 3796 3438 3852 dicit
3469 3815 3482 3852 :
3514 3797 3640 3866 Qua:
3666 3799 3776 3866 cepi

2205 3891 2256 3942 in
2282 3891 2452 3959 gladio
2483 3905 2590 3943 mea
2613 3900 2660 3943 et
2689 3905 2829 3942 arcu.
2865 3888 2993 3942 Nam
3036 3888 3159 3942 licet
3187 3887 3395 3941 illorum
3424 3885 3581 3940 fuerit
3602 3900 3735 3954 Opus
3758 3925 3775 3951 ,

2207 3979 2256 4030 in
2287 3995 2400 4032 mea
2431 3988 2603 4032 tamen
2626 3987 2887 4048 potestate
2913 3976 3140 4046 positum
3171 3984 3272 4030 est.
3306 3975 3360 4030 Si
3387 3977 3529 4049 enim
3551 3977 3776 4030 ﬁliorum

2205 4067 2452 4121 dominus
2483 4077 2630 4136 pater
2655 4107 2670 4131 ,
2703 4068 2871 4120 multo
2897 4067 3061 4135 magis
3089 4080 3273 4120 eorum
3303 4081 3420 4135 qua:
3446 4079 3477 4131 a
3509 4065 3626 4119 ﬁliis
3653 4079 3778 4134 pos-

2206 4158 2444 4213 sidentur
2472 4177 2483 4210 :
2518 4158 2561 4212 si
2592 4168 2766 4214 autem
2797 4158 3042 4212 dominus
3067 4197 3081 4220 ,
3121 4166 3176 4212 et
3203 4156 3346 4228 quod
3387 4156 3616 4210 voluerit
3651 4156 3778 4212 dare

2207 4247 2390 4316 possit.
2421 4248 2600 4317 Itaque
2628 4247 2898 4302 declarare
2923 4245 3108 4299 volens
3134 4260 3283 4298 suam
3307 4259 3429 4313 erga
3455 4243 3651 4312 Joseph
3678 4243 3776 4300 be-

2208 4337 2580 4403 nevolentiam,
2611 4351 2714 4391 non
2743 4337 2913 4390 solum
2941 4335 3190 4404 Ephraim
3221 4343 3275 4389 et
3302 4333 3576 4398 Manassen
3608 4334 3774 4388 bene-

2207 4431 2372 4493 dicit,
2419 4429 2510 4484 sed
2552 4439 2609 4484 et
2646 4429 2850 4484 Secima
2881 4428 3102 4481 electam
3145 4425 3488 4480 hereditatem
3527 4424 3780 4492 relinquit

2210 4521 2334 4573 ﬁlio.
2364 4521 2413 4575 1.
2443 4519 2506 4573 Et
2532 4520 2750 4583 vocavit,
2784 4518 2952 4586 inquit
2971 4558 2984 4580 ,
3014 4516 3175 4569 Jacob
3201 4516 3335 4583 ﬁlios
3359 4531 3508 4578 suos,
3538 4523 3585 4568 et
3609 4514 3735 4567 dixit
3761 4529 3780 4568 :

2207 4609 2588 4679 Congregamini
2611 4649 2626 4672 ,
2665 4617 2720 4660 ut
2757 4608 3047 4660 annuntiem
3081 4605 3216 4657 vobis
3251 4604 3372 4671 quid
3399 4612 3688 4658 eventurum
3718 4603 3781 4656 sit

2207 4699 2341 4753 vobis
2367 4701 2418 4752 in
2447 4699 2725 4752 novissimis
2760 4698 2950 4751 diebus.
2990 4696 3042 4748 2.
3064 4693 3450 4765 Congregamini
3470 4733 3488 4760 ,
3526 4701 3576 4747 et
3612 4691 3782 4746 audite

2208 4793 2374 4848 Israel
2400 4803 2590 4864 patrem
2609 4803 2824 4846 rastrum
2848 4788 3030 4860 (Caput
3050 4787 3163 4857 49).
3190 4786 3319 4840 Vide
3334 4785 3465 4854 justi
3489 4783 3783 4853 intelligen-

2211 4885 2356 4937 tiam.
2397 4885 2529 4949 Quia
2561 4880 2869 4951 praesciebat
2899 4879 3081 4932 mortis
3124 4888 3332 4946 tempus
3354 4915 3370 4940 ,
3402 4874 3615 4928 vocavit
3647 4872 3782 4928 ﬁlios

2212 4989 2337 5028 suos
2358 4973 2424 5027 ad
2450 4987 2529 5039 se,
2563 4981 2617 5027 et
2639 4972 2766 5026 dicit
2793 4987 2805 5022 :
2833 4967 3214 5038 Congregamini
3235 5005 3251 5030 ,
3280 4975 3333 5018 ut
3358 4963 3494 5018 vobis
3513 4965 3622 5031 iam
3646 4977 3781 5032 prc-

2209 5065 2373 5119 dicam
2400 5065 2519 5135 quid
2558 5064 2693 5117 vobis
2719 5071 3000 5115 euenturum
3027 5059 3087 5111 sit
3113 5060 3165 5109 in
3194 5055 3383 5109 ultimis
3411 5053 3603 5108 diebus.
3642 5051 3779 5108 Con-

2211 5159 2507 5233 gregamini,
2530 5166 2574 5210 et
2597 5155 2765 5207 audite
2790 5150 2954 5205 Israel
2985 5161 3176 5220 patrem
3201 5157 3434 5201 vestrum.
3466 5145 3673 5210 Venite,
3697 5145 3782 5197 in-

2211 5253 2361 5321 quit,
2389 5257 2443 5302 et
2469 5247 2654 5300 discite
2683 5261 2711 5297 a
2743 5258 2826 5297 me
2851 5283 2865 5308 ,
2897 5257 3000 5294 non
3030 5239 3308 5309 praesentia
3333 5279 3348 5302 ,
3379 5252 3482 5292 non
3519 5251 3637 5306 quae
3667 5246 3785 5305 post

2212 5358 2428 5412 parvum
2462 5351 2667 5407 tempus
2691 5344 2967 5397 eventura,
2995 5332 3088 5386 sed
3113 5331 3252 5400 quod
3279 5329 3480 5384 accidet
3505 5328 3556 5381 in
3585 5327 3786 5381 ultimis

2210 5432 2416 5485 diebus.
2447 5430 2508 5482 Et
2532 5428 2644 5481 hazc
2672 5425 2821 5478 vobis
2847 5438 2948 5476 non
2976 5436 3005 5476 a
3033 5419 3342 5486 memetipso
3368 5415 3622 5470 annuntio
3643 5454 3658 5478 ,
3689 5414 3782 5469 sed

2210 5522 2419 5574 afflatus
2445 5534 2473 5571 a
2498 5517 2696 5587 Spiritu
2725 5532 2736 5566 :
2766 5523 2820 5569 et
2846 5513 3042 5566 idcirco
3071 5525 3188 5576 qua:
3215 5506 3393 5561 multis
3418 5515 3596 5574 postea
3625 5517 3788 5572 gene—

2217 5610 2507 5668 rationibus
2560 5607 2866 5676 contingent
2913 5601 3161 5674 praedico.
3209 5597 3418 5654 Etenim
3461 5609 3494 5651 ο
3545 5595 3653 5651 vita
3687 5593 3790 5650 hac
