4146 6260
416 322 522 383 ετδ

1379 336 1632 398 INCAP.
1677 340 1856 396 XLIX.
1893 340 2128 398 GENES.
2170 345 2392 403 IIUMIL.
2435 351 2620 407 LXVII

411 460 766 521 migraturus,
785 444 907 509 volo
925 450 1219 525 unicuique
1235 464 1474 513 vestrum
1502 461 1658 529 quasi
1678 461 1733 515 in
1752 461 1912 516 titulo
1930 472 1983 516 et

407 542 659 595 columna
671 556 808 597 terea
822 546 1136 599 memoriam
1149 548 1474 615 insculpere.
1489 550 1783 605 Considera
1798 559 1979 604 autem

3493 383 3499 389 '
3553 376 3654 432 57.5

2086 463 2228 516 ricam
2263 480 2281 517 :
2308 477 2353 518 et
2380 468 2456 519 ira
2481 485 2673 536 eorum,
2704 472 2823 540 quia
2852 474 3094 531 obdurata
3118 491 3211 534 est.
3247 483 3429 537 Delum
3457 487 3655 556 signifi-

2080 561 2185 613 cat,
2232 568 2336 620 quo
2381 555 2499 609 illos
2540 558 3029 630 circumvenerunt,
3076 583 3137 622 ac
3172 584 3289 624 cum
3338 573 3461 627 dolo
3506 555 3648 644 ipsos

403 630 637 699 justum,
660 634 934 701 quomodo
956 640 1303 708 congregatis
1327 638 1539 702 liberis,
1559 641 1819 695 natalium
1860 658 1981 696 ser-
2079 639 2247 693 adOrli
2276 652 2417 696 ευηιο
2448 644 2697 700 Ρθτνίοεικ
2724 651 2864 704 enim
2887 692 2903 718 ν
2938 654 3124 724 inquii.
3157 657 3305 714 Γυιότ
3333 678 3536 729 00mm.
3567 677 3649 722 ιϐ-

406 728 534 774 vato
555 721 769 783 ordine,
794 724 1500 797 unicuiquecongruentem
1535 731 1624 784 det
1640 732 1723 785 vel
1744 733 1974 787 maledi-

405 809 642 864 ctionem
658 811 738 864 vel
763 810 1194 868 benedictionem
1216 824 1301 869 :et
1324 817 1378 870 in
1400 819 1501 872 hoc
1524 830 1836 875 monstrans
1864 836 1975 876 sua:

407 897 626 951 virtutis
646 900 1026 967 eminentiam,
1046 902 1272 972 incipiat
1299 920 1329 958 a
1363 908 1556 975 primo.
1587 909 1639 962 5.
1664 907 1861 970 Ruben,
1889 911 1944 965 in

403 989 540 1056 quit,
560 990 957 1059 primogenitus,
986 993 1243 1061 fortitudo
1264 1008 1462 1058 mea,et
1477 998 1795 1067 principium
1830 1002 1972 1070 ﬁlio-

310 1060 319 1067 ’
404 1094 522 1129 rum
551 1082 1002 1137 meorum:durus
1035 1084 1104 1137 ad
1118 1085 1411 1153 ferendum,
1438 1088 1604 1143 durus
1634 1100 1683 1144 et
1702 1095 1965 1158 pervicax.

403 1166 539 1222 Vide
554 1178 759 1239 quanta
790 1173 1061 1242 sapientia
1079 1175 1234 1244 justi.
1264 1177 1465 1233 Volens
1491 1182 1635 1234 enim
1660 1184 1970 1238 accusatio-

401 1273 523 1311 nem
550 1261 721 1329 magis
754 1261 979 1326 intendi,
1003 1266 1153 1334 prius
1173 1268 1308 1323 dixit
1329 1270 1610 1342 privilegia
1636 1273 1686 1327 ei
1712 1289 1741 1326 a
1775 1282 1967 1329 natura

398 1362 686 1412 concessa,
714 1360 767 1405 et
801 1352 1122 1424 dignitatem
1153 1374 1319 1429 quam
1344 1362 1584 1426 tenebat,
1618 1378 1743 1419 eum
1772 1380 1967 1436 nempe

398 1438 725 1509 principium
746 1442 1060 1509 filiorum,et
1079 1450 1520 1520 primogenitum
1533 1455 1738 1510 honore
1754 1459 1963 1510 clarum

395 1541 551 1581 esse:
579 1539 633 1584 et
655 1543 841 1600 postea
864 1547 1086 1604 peccata
1116 1539 1260 1596 illius
1282 1543 1439 1611 quasi
1462 1545 1517 1598 in
1539 1559 1678 1599 aerea
1707 1547 1961 1601 columna

396 1612 688 1671 inscribit:
719 1631 1034 1680 monstrans
1064 1627 1199 1681 nihil
1232 1630 1516 1698 profutura
1544 1634 1702 1690 nobis
1737 1650 1859 1691 esse
1891 1652 1958 1690 ea

393 1719 515 1772 quae
544 1721 573 1758 a
609 1716 801 1764 natura
825 1711 1033 1778 insunt,
1065 1716 1171 1770 nisi
1205 1726 1260 1771 et
1291 1720 1590 1776 voluntatis
1622 1722 1763 1777 bona
1793 1738 1958 1793 opera

395 1804 695 1863 sequantur
730 1817 741 1852 :
766 1800 881 1855 haec
906 1804 1048 1856 enim
1071 1813 1198 1860 sunt
1222 1823 1343 1876 quae
1361 1818 1414 1862 et
1440 1810 1653 1865 laudem
1679 1812 1878 1866 habent
1905 1821 1959 1867 et

392 1884 746 1957 vituperium.
786 1890 987 1957 Durus,
1024 1894 1222 1964 inquit,
1276 1899 1345 1950 ad
1378 1899 1674 1968 ferendum,
1704 1902 1870 1955 durus
1904 1912 1957 1956 et

386 1977 898 2046 pervicax.Natura:,
931 1984 1127 2053 inquit,
1154 1984 1470 2056 dignitatem
1498 1991 1593 2043 tibi
1618 1992 1797 2044 datam
1820 1992 1957 2045 ami-

384 2064 508 2117 sisti
530 2070 751 2135 propria
775 2076 868 2123 tua
900 2073 1229 2130 temeritate.
1254 2077 1460 2133 Deinde
1492 2086 1547 2132 et
1576 2082 1812 2148 speciem
1840 2097 1957 2151 pec-

384 2155 495 2207 cati
526 2156 665 2212 bene
695 2161 956 2230 scriptam
981 2165 1260 2235 relinquit,
1296 2168 1370 2221 ita
1401 2177 1459 2222 ut
1486 2170 1631 2239 quod
1661 2171 1751 2227 ille
1789 2187 1952 2227 accu-

383 2248 543 2297 satus
563 2248 1036 2318 reprehensusque
1066 2252 1159 2316 sit,
1186 2258 1422 2323 posteris
1445 2273 1638 2328 magna
1668 2260 1739 2314 sit
1761 2263 1949 2317 erudi-

386 2329 484 2395 tio,
508 2347 576 2385 ne
608 2334 806 2388 similia
821 2346 1107 2395 attentent.
1149 2343 1203 2397 4.
1237 2344 1571 2401 Contumelia
1604 2350 1851 2417 effecisti,
1881 2355 1949 2406 si-

379 2428 473 2472 cut
504 2438 645 2490 aqua
674 2440 775 2478 non
798 2427 1123 2495 effervescat.
1146 2433 1444 2489 Ascendisti
1452 2440 1610 2503 enim,
1636 2440 1833 2510 inquit,
1855 2458 1947 2496 su-

375 2522 472 2575 per
515 2509 703 2564 lectum
732 2518 903 2581 patris
939 2519 1018 2571 tui
1053 2536 1071 2573 .'
1122 2530 1245 2575 tunc
1287 2525 1526 2591 polluisti
1552 2509 1779 2582 stratum
1803 2532 1942 2601 quod

376 2600 683 2658 ascendisti.
720 2602 1003 2674 Significat
1031 2613 1383 2666 concubitum
1407 2615 1528 2682 ejus
1560 2633 1683 2671 cum
1719 2600 1884 2676 Balla.

446 2682 500 2737 2.
540 2686 665 2741 Vide
701 2691 964 2758 quomodo
996 2708 1091 2762 per
1114 2697 1426 2765 sapientiam
1456 2714 1487 2754 a
1526 2700 1720 2770 Spiritu
1760 2714 1945 2760 sancto

377 2775 475 2829 sibi
502 2775 697 2846 datam,
723 2780 865 2847 prius
884 2783 1014 2839 dixit
1040 2785 1092 2840 id
1123 2786 1261 2855 quod
1291 2798 1471 2857 postea
1503 2790 1676 2847 Moses
1706 2794 1842 2848 inter
1872 2797 1944 2851 le-

380 2879 477 2932 ges
504 2869 859 2924 recensiturus
883 2882 1018 2940 erat,
1046 2890 1150 2929 non
1183 2878 1339 2931 licere
1364 2894 1482 2933 cum
1513 2882 1695 2936 eadem
1722 2886 1943 2942 muliere

377 2962 576 3022 patrem
623 2964 677 3011 et
722 2958 885 3013 lilium
934 2976 1045 3016 rem
1075 2964 1269 3020 habere
1311 2966 1452 3037 (Lev.
1484 2970 1565 3024 18.
1599 2972 1674 3041 8).
1710 2973 1776 3027 Ει
1804 2991 1941 3029 nunc

374 3044 513 3099 istud
536 3046 668 3116 ipse,
700 3048 863 3104 lilium
894 3066 1045 3106 suum
1069 3054 1407 3125 increpando,
1436 3061 1513 3113 sic
1536 3063 1792 3128 prohibet.
1821 3065 1943 3120 Pol-

372 3133 534 3201 luisti,
564 3137 749 3207 inquit,
779 3151 1011 3209 stratum,
1052 3147 1344 3201 ascendens
1370 3165 1532 3218 super
1559 3151 1749 3206 lectum
1777 3156 1941 3224 patris

375 3227 469 3281 tui.
502 3228 633 3283 Rem
655 3246 957 3301 perversam
985 3236 1166 3292 fecisti.
1192 3239 1413 3308 Propter
1432 3241 1534 3296 hoc
1558 3244 1695 3311 quod
1722 3246 1788 3298 ita
1809 3246 1942 3301 Con-

375 3320 581 3374 tumelia
617 3337 703 3376 tne
745 3323 977 3390 effecisti,
1007 3328 1135 3381 sicut
1174 3346 1303 3399 aqua
1331 3346 1430 3384 non
1469 3331 1777 3399 effervescas.
1821 3335 1940 3391 lnu-

371 3412 477 3467 tilis
495 3413 614 3481 erit,
644 3417 829 3486 inquit,
855 3418 943 3473 ille
966 3429 1184 3475 conatus
1206 3431 1322 3477 tuus
1347 3441 1360 3476 :
1384 3425 1523 3493 quod
1549 3441 1717 3495 neque
1739 3438 1935 3496 patrem

371 3504 644 3571 reveritus,
672 3508 907 3575 polluere
930 3508 1046 3577 ejus
1069 3512 1260 3565 lectum
1288 3528 1447 3568 ausus
1472 3514 1655 3570 fueris.
1689 3515 1752 3570 Ut
1780 3516 1938 3587 igitur

369 3607 511 3647 nunc.
548 3594 598 3647 in
629 3598 968 3664 sequentibus
1005 3601 1434 3667 generationibus
1465 3604 1584 3657 talia
1627 3621 1784 3659 nemo
1812 3607 1935 3659 imi-

370 3688 537 3745 tctur,
572 3694 847 3752 propterea
876 3686 1105 3756 Spiritus
1132 3700 1345 3744 sanctus
1370 3693 1653 3757 ordinavit,
1684 3704 1740 3748 ut
1771 3698 1936 3750 literis

367 3767 764 3827 cdmmendetur
799 3774 913 3828 haec
941 3780 1203 3830 accusatio
1228 3796 1241 3830 :
1286 3788 1340 3833 et
1369 3795 1554 3834 omnes
1582 3784 1670 3849 qui
1718 3786 1937 3839 audiunt

367 3858 674 3913 erudiantur
696 3899 711 3924 ,
742 3861 1015 3931 sciantque
1044 3865 1322 3921 manifeste
1343 3908 1358 3931 ,
1391 3866 1521 3922 nihil
1564 3872 1812 3937 prodesse
1850 3875 1933 3927 di-

368 3947 625 4015 gnitatem
645 3959 843 4004 natura:
857 3965 1183 4021 concessam,
1201 3955 1300 4008 nisi
1320 3967 1368 4011 et
1386 3959 1671 4014 voluntatis
1686 3964 1932 4018 accedant

368 4047 701 4091 ornamenta.
725 4039 924 4096 Deinde
943 4042 1063 4111 quia
1085 4046 1213 4099 satis
1234 4046 1534 4103 traduxerat
1556 4050 1810 4105 nefarium
1836 4055 1935 4109 hoc

366 4140 523 4193 opus,
556 4130 698 4182 venit
722 4130 787 4183 ad
812 4129 1128 4201 Symeonem
1155 4144 1208 4195 et
1232 4136 1380 4192 Levi.
1408 4140 1462 4193 5.
1495 4141 1715 4210 Symeon
1744 4154 1790 4197 et
1813 4145 1935 4199 Levi

365 4217 735 4285 compleverunt
757 4221 1055 4292 injustitiam
1073 4226 1343 4282 voluntatis
1369 4246 1493 4282 sum.
1524 4232 1807 4288 Contentio
1833 4251 1930 4289 co-

365 4320 505 4371 rum,
536 4323 690 4376 quam
739 4321 951 4380 promer
991 4330 1227 4372 sororem
1260 4332 1409 4373 suam
1438 4321 1791 4392 declararunt,
1838 4344 1932 4382 eos

364 4395 416 4449 in
444 4396 749 4465 injuSIitiam
779 4401 922 4455 illam
952 4405 1174 4474 impulit.
1218 4409 1418 4465 Deinde
1446 4411 1721 4469 declarans
1752 4433 1843 4472 eos
1873 4434 1931 4474 se

366 4486 547 4554 ignaro
573 4503 683 4541 rem
712 4490 914 4557 fecisse,
944 4494 1107 4551 dicit:
1148 4496 1201 4550 6.
1238 4497 1304 4550 In
1338 4503 1601 4556 consilium
1633 4521 1805 4559 eorum
1830 4525 1931 4562 non

362 4575 525 4627 veniat
549 4578 718 4630 anima
742 4597 871 4646 mea,
900 4592 945 4634 et
978 4584 1030 4636 in
1067 4595 1194 4638 coetu
1221 4604 1391 4641 eorum
1425 4608 1524 4644 non
1564 4595 1828 4661 ﬁrmentur
1841 4598 1929 4667 je-

363 4678 482 4716 cora
516 4681 644 4718 mea.
672 4667 840 4732 Absit,
872 4671 1058 4740 inquit,
1087 4684 1144 4728 ut
1169 4681 1551 4736 communicem
1582 4699 1764 4741 eorum
1802 4702 1930 4742 seu-

363 4755 561 4820 tentite,
594 4764 648 4810 et
682 4757 942 4829 obsequar
983 4764 1060 4815 eis
1098 4764 1150 4818 in
1199 4766 1262 4819 iis
1300 4784 1419 4837 quae
1459 4771 1651 4840 injuste
1685 4787 1923 4845 egerunt.

364 4841 496 4905 Quia
522 4844 576 4897 in
605 4849 778 4914 furore
804 4864 893 4900 suo
921 4852 1211 4907 occiderunt
1242 4856 1483 4913 homines.
1519 4841 1926 4931 lrrationabilis,

362 4932 551 5000 inquit,
580 4932 674 4986 fuit
699 4949 881 4989 eorum
905 4938 1211 5007 indignatio.
1240 4944 1369 4999 Nam
1396 4947 1519 5002 licet
1545 4965 1816 5018 peccasset
1838 4956 1930 5026 Sy-

361 5023 513 5078 cbem
533 5066 551 5092 ,
580 5035 813 5082 attamen
843 5044 946 5084 non
972 5035 1249 5100 oportebat
1275 5046 1471 5093 tantam
1498 5051 1727 5113 stragem
1755 5023 1931 5102 facere

361 5121 415 5167 et
433 5129 618 5169 omnes
644 5116 884 5184 perdere.
919 5117 984 5171 Et
1012 5122 1062 5174 in
1087 5127 1485 5193 concupiscentia
1520 5147 1616 5185 sua
1656 5133 1928 5189 subama-

361 5212 534 5255 verunt
575 5213 774 5259 taurum
795 5208 834 5259 ί.
873 5208 1060 5264 Filiqu
1103 5212 1319 5269 Emmor
1363 5216 1447 5271 hic
1487 5220 1765 5289 signiﬁcat.
1797 5223 1928 5280 Nam

360 5293 481 5359 quia
518 5294 571 5346 in
609 5292 815 5349 florenti
844 5307 999 5353 :etate
1032 5309 1177 5367 erat,
1210 5312 1416 5360 taurum
1452 5322 1573 5363 eum
1619 5313 1927 5367 nominavit.

363 5381 560 5438 Deinde
586 5396 641 5438 ut
663 5385 794 5440 dixit
819 5403 880 5442 ea
909 5404 1025 5458 qua:
1045 5390 1295 5460 fecerant,
1318 5397 1475 5451 etiam
1504 5400 1928 5459 maledictionem

360 5475 576 5539 apponit
598 5484 653 5529 et
673 5475 833 5530 dicit:
862 5479 915 5532 7.
943 5478 1243 5537 Maledictus
1270 5489 1413 5555 furor
1436 5504 1606 5544 eorum
1625 5531 1641 5556 ,
1671 5494 1787 5560 quia
1813 5511 1927 5563 per-

427 5572 589 5686 ;tAlii,
611 5578 907 5640 suffoderunt
948 5594 1175 5648 murum;
1214 5587 1285 5636 sic
1318 5587 1531 5651 Vulgata.
1569 5591 1671 5641 Vid.
1714 5595 1928 5658 Hexapla

475 5653 542 5686 ra.

363 5650 542 5688 nosua.

2075 819 2192 885 quia
2226 821 2470 874 obdurato
2503 836 2593 877 est.
2624 826 2845 892 Quando
2874 835 3013 888 enim
3039 837 3299 895 Sccitnitm
3326 819 3639 912 putaverunt

2073 922 2166 961 eos
2195 908 2293 962 sibi
2322 912 2471 966 valde
2501 916 2718 981 amicos,
2752 929 2876 975 tunc
2905 927 3049 993 gravi
3080 929 3155 983 ira
3183 941 3235 985 et
3264 908 3402 988 bello
3428 952 3519 991 eos
3544 955 3641 1007 op-

2073 1008 2398 1062 presserunt.
2442 1001 2505 1055 Et
2530 1004 2668 1057 dicto
2698 1020 2879 1063 eormn
2918 1027 3158 1153 peccato,
3202 1022 3329 1077 dicit
3358 1036 3410 1080 et
3436 1001 3640 1098 suppl}-

2073 1082 2207 1137 είυπι
2236 1087 2374 1153 Quod
2403 1089 2581 1144 luituri
2609 1105 2771 1148 erant.
2808 1098 2915 1152 Par
2958 1120 3015 1153 ar
3043 1122 3125 1153 eos
3154 1111 3204 1153 in
3232 1111 3391 1153 Ine-nl:
3452 1127 3500 1153 ,ο
3534 1121 3639 1153 ιη.-

2070 1082 2207 1137 cium
2236 1087 2374 1153 quod
2403 1089 2581 1144 luituri
2609 1105 2771 1148 erant.
2808 1082 3015 1155 Pardar
3043 1122 3125 1159 eos
3146 1082 3204 1161 in
3232 1111 3409 1177 Jacob,
3451 1082 3640 1172 cludis-

2068 1173 2318 1228 seminabo
2347 1193 2430 1231 eos
2457 1180 2510 1233 in
2532 1180 2713 1237 Israel.
2745 1186 2967 1258 Ubique,
2996 1193 3182 1263 inquit,
3212 1173 3432 1271 dispersi
3463 1221 3635 1275 erunt,

2069 1270 2123 1314 ut
2149 1264 2287 1319 istud
2315 1267 2485 1336 ipsum
2516 1276 2847 1331 manifestum
2888 1281 3010 1349 fiat,
3057 1302 3149 1341 eos
3186 1264 3399 1360 propter
3439 1264 3639 1356 facinus

2065 1357 2402 1413 commissum
2434 1362 2483 1415 id
2511 1378 2695 1432 passos
2739 1368 2917 1425 fuisse.
2950 1374 3002 1428 8.
3028 1357 3199 1441 Juda,
3223 1390 3269 1434 te
3294 1384 3498 1441 laudent
3528 1392 3637 1458 fra-

2064 1450 2161 1495 tres
2188 1447 2277 1497 tui.
2303 1446 2606 1505 Benedictio
2633 1455 2782 1511 Juda:
2802 1460 2918 1514 data
2948 1467 3163 1535 mystica
3187 1481 3286 1537 est,
3313 1446 3633 1547 prmsign'aus

2062 1533 2235 1584 omnia
2263 1551 2377 1602 quae
2405 1539 2468 1591 ad
2500 1540 2764 1599 Christum
2785 1533 3028 1608 attinent.
3053 1556 3212 1622 Juda,
3237 1533 3420 1631 inquit,
3451 1533 3497 1619 :2
3520 1533 3634 1621 last;

2061 1618 2177 1671 deut
2222 1622 2403 1690 fratres
2452 1630 2539 1682 tui.
2589 1632 2717 1698 Quia
2767 1652 2829 1690 ex
2877 1639 2974 1694 hac
3005 1644 3137 1697 tribu
3168 1618 3467 1707 exoriturus
3514 1671 3627 1713 erat

2058 1704 2300 1765 Chrisms
2330 1717 2614 1772 secundum
2645 1721 3052 1791 dispensationis
3069 1736 3347 1803 rationem,
3377 1756 3623 1813 propter-

2058 1810 2118 1849 ea
2146 1797 2339 1865 Spiritu
2371 1816 2554 1859 sancto
2579 1809 2785 1866 afflatus
2809 1814 2991 1884 Jacob,
3016 1823 3252 1888 praedicit
3280 1797 3492 1894 per-ea:
3507 1797 3625 1901 quae

2058 1885 2107 1938 in
2137 1886 2325 1944 Judam
2351 1893 2619 1964 dicuntur,
2649 1916 2750 1955 non
2781 1905 2949 1958 solum
2981 1908 3294 1968 descensum
3327 1917 3534 1974 Domini
3557 1924 3622 1977 ad

2056 1973 2317 2043 homines,
2341 1984 2431 2036 sed
2456 1995 2507 2039 et
2529 1992 2855 2058 mysterium,
2885 2005 2936 2049 et
2955 2012 3185 2067 crucem,
3208 2012 3261 2057 et
3280 2009 3623 2078 sepulturam,

2056 2074 2108 2117 et
2137 2073 2601 2142 resurrectionem,
2642 2089 2697 2132 et
2725 2089 2781 2134 ut
2821 2086 2985 2139 semel
3020 2088 3212 2155 dicam,
3245 2073 3440 2150 omnia.
3487 2099 3627 2155 Juda

2054 2155 2214 2219 enim,
2246 2158 2433 2227 inquit,
2462 2172 2507 2216 te
2531 2166 2737 2222 laudent
2758 2175 2937 2240 fratres
2957 2177 3029 2227 tui
3049 2193 3067 2230 :
3090 2195 3268 2233 manus
3293 2196 3391 2237 tua:
3410 2187 3463 2240 in
3486 2199 3623 2259 tergo

2052 2242 2367 2300 inimicorum
2412 2259 2614 2308 tuorum
2646 2273 2665 2309 :
2705 2270 2754 2312 et
2793 2262 3075 2319 adorabunt
3117 2277 3164 2322 te
3205 2270 3303 2338 ﬁlii
3329 2278 3486 2342 patris
3528 2242 3621 2333 liii.

2052 2329 2249 2422 Quibus
2275 2336 2525 2405 declarat,
2557 2358 2649 2398 eos
2678 2348 3032 2416 subjiciendos
3060 2357 3131 2410 illi
3164 2329 3301 2414 esse.

2052 2421 2205 2475 leonis
2230 2422 2388 2482 Iuda.
2431 2429 2510 2484 De
2553 2436 2792 2504 germine,
2825 2441 2901 2505 fili
2942 2445 3028 2506 mi,
3061 2450 3345 2502 ascendisti.
3381 2452 3617 2523 Regnum

2049 2509 2163 2575 ejus
2204 2514 2456 2578 prtedicit.
2488 2519 2708 2590 Semper
2740 2528 2880 2581 enim
2921 2528 3205 2601 Scriptura:
3234 2554 3349 2592 mos
3386 2509 3493 2607 est”,
3528 2560 3621 2613 per

2050 2595 2266 2666 tiguram
2297 2602 2453 2673 hujus
2479 2610 2719 2668 animalis
2750 2620 2947 2686 regiam
2978 2629 3340 2683 auctoritatem
3383 2631 3615 2689 insinua-

2046 2700 2123 2739 re.
2157 2688 2462 2748 Recuntbens
2487 2698 2760 2756 dormivisti
2796 2718 2849 2759 ut
2877 2710 2972 2777 lea,
3003 2723 3049 2765 et
3088 2716 3214 2769 sicut
3240 2722 3456 2776 catulus.
3486 2726 3612 2790 Quis

2046 2775 2278 2831 excitabit
2320 2785 2474 2837 eunt?
2531 2789 2750 2845 Crucem
2815 2803 2869 2850 et
2928 2803 3251 2869 sepulturam
3315 2807 3398 2863 hic
3445 2814 3613 2883 signi-

2046 2861 2161 2883 ﬂ-_-
2245 2866 2283 2883 Λ
2327 2870 2339 2881 ⁸
2502 2875 2513 2883 ⁸
2575 2878 2614 2883 ⁵⁸
2707 2881 2715 2883 ⁴

2046 2861 2184 2917 ﬁcat.
2240 2866 2363 2932 Quis
2406 2875 2655 2942 excitabit,
2706 2881 2904 2951 inquit,
2942 2861 3099 2943 eum?
3143 2892 3287 2948 Sicut
3316 2898 3457 2953 enim
3490 2861 3613 2958 ico-

2045 2965 2166 3005 nem
2193 2958 2275 3009 vel
2303 2962 2530 3018 catulum
2571 2967 2920 3029 dormientem
2952 2981 3123 3035 nullus
3151 2986 3309 3041 audet
3346 2993 3574 3049 excitare
3594 3037 3609 3061 ,

2044 3040 2114 3094 ita
2145 3043 2436 3103 Dormivisti
2463 3065 2516 3107 ut
2542 3056 2638 3123 leo,
2670 3070 2717 3112 et
2741 3074 2794 3116 ut
2813 3068 3028 3123 catulus.
3056 3071 3180 3135 Quis
3204 3079 3436 3133 excitabit
3464 3040 3616 3141 eum;

2044 3131 2163 3202 lpse
2208 3139 2347 3193 enim
2400 3154 2478 3197 est
2518 3149 2606 3216 qui
2651 3151 2818 3207 dicit:
2869 3131 3169 3216 Potestaiem
3207 3167 3362 3223 habeo

2042 3226 2262 3281 animam
2290 3247 2473 3298 meam,
2520 3247 2567 3289 et
2609 3250 2895 3308 potestatem
2939 3251 3095 3304 habeo
3121 3255 3297 3310 iterant
3343 3226 3615 3326 recipiendi

2042 3328 2149 3416 fam
2176 3316 2352 3416 (loan.
2383 3322 2467 3376 10.
2511 3325 2623 3397 18).
2643 3328 2829 3386 Postea
2866 3346 2919 3389 et
2947 3346 3151 3410 tempus
3191 3359 3398 3416 quoque

2043 3398 2175 3458 feste
2201 3406 2469 3476 declarat,
2498 3430 2602 3482 quo
2621 3418 2939 3480 adventurus
2961 3428 3023 3481 sit
3054 3398 3294 3488 Christus
3313 3398 3612 3499 secundum

2039 3489 2445 3561 dispensationis
2501 3506 2776 3562 rationem.
2832 3512 2915 3567 10.
2949 3515 3069 3570 Νοη
3123 3520 3346 3589 deficiet,
3400 3528 3607 3599 inquit,

2040 3583 2270 3654 princeps
2296 3587 2359 3639 de
2382 3588 2415 3640 Ι
2422 3592 2542 3657 uda,
2575 3612 2732 3664 neque
2764 3601 2871 3653 dux
2903 3603 2965 3656 de
2991 3583 3263 3674 femoribus
3290 3583 3417 3682 ejus,
3448 3583 3607 3675 «iam;

2042 3673 2228 3737 veniat,
2257 3678 2337 3728 cui
2362 3676 2631 3747 repositum
2658 3697 2729 3739 est
2755 3705 2774 3741 :
2802 3700 2849 3742 et
2873 3673 2999 3759 ipse,
3022 3698 3115 3748 erit
3152 3673 3451 3769 exspectatio
3486 3727 3609 3778 gen-

2040 3761 2186 3817 tium.
2219 3765 2461 3834 Tamdiu,
2492 3772 2690 3840 inquit,
2716 3777 2978 3834 durabunt
3003 3761 3250 3855 ludaica,
3264 3801 3318 3846 et
3338 3761 3600 3868 principes

2036 3848 2358 3919 Iudaeorum,
2385 3856 2552 3913 donec
2574 3862 2661 3916 ille
2681 3868 2902 3919 venerit.
2924 3871 2987 3923 Et
3012 3872 3146 3929 bene
3160 3848 3309 3946 disit,
3650 3916 3655 3919 -

2037 3941 2242 4007 venerit,
2274 3945 2355 3995 cui
2372 3948 2643 4014 repositum
2669 3967 2739 4005 est
2761 3969 2781 4006 :
2805 3959 2951 4023 quasi
2976 3959 3132 4029 dicat,
3166 3964 3260 4021 Ille
3284 3970 3367 4022 cui
3398 3987 3601 4043 prazpa-

2037 4035 2207 4083 ratum
2233 4041 2314 4085 est
2337 4049 2555 4104 regnum
2581 4056 2594 4092 :
2626 4052 2902 4112 propterea
2927 4049 3046 4116 Ipse
3072 4062 3146 4106 est
3168 4035 3466 4127 exspectatio
3488 4035 3609 4133 gen-

2037 4118 2179 4172 tiam.
2211 4122 2342 4178 Vide
2369 4130 2632 4194 quomodo
2653 4133 2761 4201 jam
2784 4135 2911 4190 dicit
2928 4140 3086 4196 etiam
3103 4118 3287 4213 gentes
3313 4118 3605 4209 salute'do}

2036 4210 2253 4266 nandas.
2282 4213 2346 4266 Et
2369 4216 2476 4284 ipse
2498 4220 2608 4287 erit,
2635 4224 2802 4293 inquit
2825 4210 3131 4297 exspectatio
3158 4239 3399 4304 gentium.
3431 4242 3599 4312 llujus

2034 4301 2313 4359 adventum
2339 4320 2522 4376 gentes
2545 4324 2873 4383 exspectant.
2901 4321 2987 4375 ll.
3009 4301 3197 4393 Ligans
3224 4330 3292 4381 ad
3319 4332 3463 4384 vitem
3493 4301 3607 4402 pul-

2035 4389 2139 4443 lum
2164 4408 2329 4459 suum,
2359 4406 2405 4448 ct
2427 4400 2495 4450 ad
2521 4403 2774 4466 palmitem
2802 4409 2995 4475 pullum
3022 4389 3180 4468 asina:
3206 4433 3329 4472 sua.
3354 4420 3456 4476 Per
3482 4389 3605 4492 pul-

2036 4482 2143 4535 lum
2168 4483 2355 4536 iterum
2382 4490 2615 4554 gentium
2636 4493 2895 4561 significat
2920 4500 3304 4559 adductionem.
3332 4508 3463 4563 Nam
3483 4482 3605 4579 quia

2033 4573 2212 4629 asinus
2243 4576 2566 4633 immundum
2605 4593 2720 4637 erat
2747 4587 2963 4652 animal,
2996 4603 3272 4660 propterea
3303 4597 3465 4651 dicit:
3502 4602 3606 4657 Illae

2034 4662 2318 4718 immundae
2362 4678 2545 4735 gentos
2586 4684 2705 4723 cum
2760 4683 2899 4729 tanta
2944 4674 3192 4734 facilitate
3240 4684 3566 4742 adducentur
3595 4732 3610 4754 ,

2033 4753 2181 4820 quasi
2218 4754 2338 4823 quis
2377 4756 2441 4808 ad
2487 4757 2753 4825 palmitem
2795 4763 2918 4816 vitis
2945 4766 3150 4819 asinum
3187 4770 3401 4839 alliget:
3443 4753 3601 4831 simul

2034 4841 2306 4899 insinuans
2341 4854 2394 4898 et
2435 4849 2711 4913 potestatis
2734 4852 3099 4907 excellentiam
3126 4867 3179 4910 et
3214 4861 3449 4928 gentium
3475 4865 3606 4920 obc-

2034 4932 2304 4988 dientiam.
2321 4936 2519 5006 Magna:
2535 4939 2675 4993 enim
2698 4943 3112 5001 mansuetudinis
3137 4957 3239 5013 est,
3264 4952 3402 5019 quod
3424 4955 3604 5011 asinus

2040 5027 2267 5092 patiatur
2290 5041 2350 5081 se
2375 5028 2439 5082 ad
2472 5030 2738 5097 palmitem
2773 5032 2893 5087 vitis
2917 5034 3086 5103 ligari.
3118 5037 3221 5093 Viti
3252 5050 3428 5097 autem
3456 5058 3605 5101 suam

2034 5112 2327 5169 doctrinam
2342 5129 2648 5186 comparat:
2667 5120 2777 5191 Ego
2800 5122 2939 5177 enim
2960 5140 3091 5192 sum,
3115 5126 3301 5197 inquit,
3325 5133 3437 5186 vitis
3462 5149 3597 5199 vera,

2033 5214 2080 5257 et
2106 5215 2246 5273 pater
2264 5222 2403 5260 meus
2430 5210 2654 5277 agricola
2681 5220 2754 5266 est
2796 5212 2976 5283 (Joan.
3003 5216 3089 5272 15.
3125 5219 3200 5287 Ι).
3234 5219 3483 5277 Palmites
3508 5239 3602 5276 au-

2034 5301 2140 5346 tem
2167 5296 2378 5349 vocavit
2407 5299 2813 5356 teneritudinem
2856 5316 3257 5374 praeceptorum,
3291 5318 3346 5363 et
3382 5311 3604 5367 facilita-

2035 5388 2139 5434 tem
2181 5382 2312 5452 legis
2353 5383 2629 5442 ferendaa:
2668 5401 2726 5443 ut
2764 5390 2874 5458 jam
2918 5394 3201 5463 praesignet
3225 5404 3409 5463 gentes
3438 5402 3604 5467 magis

2032 5472 2272 5526 credulas
2313 5472 2444 5540 fure,
2486 5491 2645 5545 quam
2674 5478 2906 5534 Judaaos.
2934 5480 3141 5535 Lavabit
3180 5484 3233 5537 in
3269 5485 3382 5539 vino
3424 5490 3603 5544 stulam
3641 5550 3649 5553 _

2033 5579 2197 5628 suam,
2229 5575 2278 5617 et
2306 5567 2359 5619 in
2388 5571 2631 5638 sanguine
2656 5586 2767 5624 uvce
2792 5573 3027 5625 amictum
3058 5589 3220 5628 suum.

2105 5653 2157 5708 5.
2188 5651 2484 5725 Mysterium
2510 5656 2845 5713 Eucharistite
2867 5663 3218 5731 prtesignatur.
3237 5694 3305 5704 ——
3326 5664 3454 5722 Vide
3474 5683 3594 5737 quo-
