4146 6260
554 354 663 410 575

558 489 718 546 modo
754 488 907 543 nobis
941 496 1106 542 totum
1147 488 1453 555 mysterium
1498 487 1798 540 insinuavit.
1828 485 2013 541 Sciunt
2042 488 2130 556 qui

554 584 748 639 initiati
780 592 921 647 sunt,
951 580 1089 651 quod
1122 579 1319 633 dictum
1347 589 1429 634 est
1454 596 1467 632 :
1499 577 1710 633 Lavabit
1737 579 1790 633 in
1810 579 1924 633 vino
1950 580 2132 632 stolam

556 690 723 729 suam.
746 674 944 728 Stolam
973 681 1097 741 puto
1126 684 1316 739 corpus
1342 669 1468 733 dici,
1498 670 1636 739 quod
1667 678 1884 739 propter
1910 670 2132 737 dispen-

554 766 815 820 sationem
854 763 994 816 ferre
1024 762 1265 831 dignatus
1290 770 1392 815 est.
1424 760 1625 815 Deinde
1670 772 1726 814 ut
1751 760 2030 829 diligenter
2051 759 2134 813 di-

554 870 670 909 scas
690 854 862 907 viuum
884 854 1007 922 quid
1035 852 1336 923 appellavit,
1365 852 1541 906 subdit
1564 870 1577 905 :
1607 851 1668 905 Et
1684 852 1736 905 in
1758 854 2003 922 sanguine
2022 868 2131 905 uvte

551 946 790 998 amictum
818 959 986 996 suurn.
1019 942 1149 996 Vide
1174 942 1441 1011 quomodo
1469 941 1739 1011 sanguinis
1766 943 1977 995 nomine
2006 956 2130 996 cru-

549 1048 665 1089 cem
695 1033 846 1086 nobis
872 1043 924 1087 et
950 1032 1269 1106 occisionem
1300 1030 1577 1100 signiﬁcet,
1611 1041 1664 1086 et
1688 1044 1899 1085 onmem
1927 1040 2129 1101 myste-

552 1124 752 1178 riorum
802 1124 1272 1193 dispensationem.
1325 1123 1409 1177 12.
1455 1122 1790 1176 Iucundiores
1837 1125 1969 1176 oculi
2017 1125 2129 1193 ejus

548 1217 662 1269 vino
684 1234 701 1280 ;
724 1226 768 1269 et
785 1216 1102 1269 candidiores
1127 1216 1296 1269 dentes
1313 1214 1419 1284 ejus
1434 1215 1580 1268 lacte.
1603 1214 1699 1269 llic
1726 1215 1945 1284 gloriam
1974 1215 2128 1270 nobis

549 1305 916 1359 demonstrare
949 1306 1063 1358 vult
1087 1319 1183 1375 per
1210 1304 1575 1373 metaphoram
1612 1304 1717 1358 vini
1749 1314 1801 1360 et
1829 1306 2125 1359 oculorum.

548 1395 620 1449 Et
663 1395 979 1448 candidiores
1010 1395 1179 1447 dentes
1219 1396 1329 1464 ejus
1371 1395 1518 1449 lacte.
1563 1394 1828 1449 Justitiam
1863 1394 2035 1465 signat
2075 1402 2130 1449 et

549 1491 845 1545 claritatem
875 1490 1086 1560 judicis.
1130 1488 1261 1545 Nam
1293 1505 1387 1559 per
1414 1489 1603 1545 dentes
1627 1498 1681 1542 et
1709 1489 1790 1542 lac
1815 1487 1944 1541 nihil
1981 1485 2127 1540 aliud

550 1580 849 1650 signiﬁcare
878 1581 988 1633 vult
1030 1594 1184 1649 quam
1214 1580 1326 1635 fore
1367 1578 1649 1634 candidum
1692 1586 1748 1633 et
1787 1575 2125 1631 manifestum

544 1669 800 1740 judicium
819 1679 873 1723 ut
889 1678 969 1724 est
987 1669 1134 1722 lactis
1154 1678 1205 1723 et
1229 1668 1464 1722 dentium
1484 1668 1735 1723 conditio.
1761 1666 1847 1721 15.
1871 1665 2122 1730 Zabulon,

546 1758 735 1828 inquit,
779 1761 831 1812 in
856 1760 1104 1811 maritimo
1141 1747 1404 1824 habitabit,
1440 1769 1488 1812 et
1527 1761 1635 1828 ipse
1677 1758 1818 1828 apud
1859 1758 2125 1811 stationem

544 1851 768 1913 navium,
815 1859 858 1903 et
900 1849 1190 1902 extendetur
1233 1864 1385 1917 usque
1418 1848 1486 1901 ad
1527 1848 1789 1901 Sidonem.
1818 1846 1949 1900 Vide
1987 1861 2121 1914 quo-

546 1939 709 1992 modo
737 1946 790 1992 et
818 1937 941 1991 huic
981 1937 1217 2006 praedicit
1246 1937 1333 1991 ubi
1365 1937 1687 1992 domicilium
1719 1936 1993 1990 habiturus
2022 1936 2118 2004 sit,

543 2037 595 2083 et
626 2027 767 2098 quod
798 2042 964 2096 usque
999 2027 1065 2081 ad
1102 2027 1354 2082 Sidonem
1391 2026 1723 2082 extendetur.
1755 2025 1841 2080 14.
1882 2023 2122 2079 Issachar

542 2118 724 2172 bonum
750 2118 1066 2181 desideravit,
1091 2110 1382 2172 recumbens
1405 2119 1532 2171 inter
1556 2128 1713 2171 sortes
1731 2132 1750 2169 :
1773 2115 1860 2170 15.
1883 2126 1928 2169 et
1950 2115 2120 2169 videns

540 2211 760 2280 requiem
793 2208 929 2278 quod
953 2207 1104 2273 bona,
1136 2218 1184 2262 et
1220 2218 1403 2261 terram
1440 2207 1575 2277 quod
1605 2207 1825 2277 pinguis,
1855 2206 2121 2275 supposuit

541 2304 802 2356 humerum
832 2317 977 2355 suum
1006 2304 1072 2354 ad
1102 2300 1457 2368 laborandum,
1498 2299 1546 2352 et
1582 2300 1748 2369 [actus
1772 2310 1845 2352 est
1875 2300 1949 2351 vir
1977 2292 2117 2368 agri-

538 2392 672 2447 cola.
700 2391 905 2446 Laudat
942 2391 1084 2445 hunc
1111 2390 1248 2459 quod
1279 2390 1641 2460 operationem
1676 2400 1830 2445 terra;
1864 2390 2112 2458 elegerit,

540 2494 596 2539 et
625 2484 762 2536 hanc
800 2482 1046 2535 omnibus
1083 2482 1201 2534 aliis
1244 2481 1549 2550 praetulerit.
1593 2481 1679 2535 16.
1719 2479 1834 2533 Dan
1864 2480 2116 2550 judicabit

540 2573 780 2643 pupulum
819 2588 986 2638 suum,
1032 2571 1161 2624 sicut
1198 2578 1245 2624 et
1272 2587 1373 2623 una
1415 2570 1571 2623 tribus
1609 2569 1661 2621 in
1692 2567 1875 2623 Israel.
1915 2571 2001 2623 17.
2047 2570 2116 2624 Et

540 2666 630 2732 ﬁat
659 2663 776 2717 Dan
801 2680 1003 2731 serpens
1024 2663 1076 2715 in
1098 2663 1196 2727 via,
1223 2663 1443 2715 insidens
1467 2662 1519 2715 in
1547 2656 1743 2727 semita,
1769 2662 2003 2716 mordens
2020 2680 2115 2716 un-

536 2755 709 2826 gulam
749 2754 899 2824 equi:
927 2763 974 2806 et
997 2753 1140 2806 cadet
1168 2768 1313 2822 eques
1341 2762 1636 2819 retrorsum,
1669 2752 1755 2807 l8.
1793 2753 2006 2806 salutem
2034 2771 2116 2808 ea;-

534 2856 763 2916 spectans
787 2844 1009 2898 Domini.
1043 2845 1265 2914 Dignum
1294 2852 1349 2897 ut
1377 2845 1493 2912 quis
1521 2843 1813 2898 admiretur
1842 2853 1897 2898 et
1923 2845 2111 2900 obstu-

532 2944 729 3007 pescat,
755 2936 1017 3006 quomodo
1042 2936 1214 3003 justus
1235 2934 1321 2989 ille
1342 2934 1505 2990 oculis
1532 2936 1751 3004 spiritus
1769 2938 1945 2992 omnia
1970 2954 2108 3008 pra:-

531 3028 736 3091 videns,
768 3027 890 3082 ﬁliis
914 3028 1023 3081 suis
1044 3026 1474 3096 ρι-ιειιιηιῑί.ινοιίι
1499 3027 1622 3095 quid
1647 3029 1926 3102 unicuique
1949 3046 2116 3097 even-

528 3128 703 3173 turum
729 3119 833 3172 sit:
864 3133 984 3173 nam
1007 3118 1164 3173 etiam
1193 3118 1279 3172 illa
1309 3134 1426 3185 qua:
1456 3128 1573 3187 post
1603 3120 1826 3174 multum
1854 3122 2109 3191 temporis

527 3210 702 3264 futura
732 3216 855 3263 sunt
897 3208 1156 3278 praedicit.
1188 3207 1275 3263 19.
1316 3207 1449 3274 God,
1491 3211 1694 3263 tentatio
1724 3212 1929 3265 tentabit
1958 3228 2108 3279 eum;

528 3301 636 3369 ipse
674 3308 839 3353 autem
865 3299 1069 3352 tentabit
1106 3298 1253 3351 illum
1290 3298 1358 3352 ad
1398 3298 1567 3367 pedes.
1593 3298 1680 3371 ‘20.
1712 3299 1858 3364 Aser,
1907 3302 2109 3372 pinguis

525 3393 634 3461 ejus
657 3391 823 3460 panis,
853 3398 898 3442 et
935 3389 1040 3458 ipse
1073 3389 1213 3443 dabit
1240 3389 1403 3442 cibum
1443 3390 1775 3458 principibus.
1802 3390 1893 3446 21.
1923 3391 2107 3463 Neph-

526 3479 725 3545 thalim,
756 3478 1029 3550 virgultum
1059 3479 1356 3544 resolutum,
1385 3478 1514 3533 dans
1541 3480 1595 3533 in
1623 3482 1846 3549 germine
1875 3483 2105 3553 pulchri-

527 3572 770 3627 tudinem.
817 3570 885 3624 Et
924 3569 1046 3638 quia
1090 3569 1271 3639 paucis
1316 3570 1506 3623 transit
1544 3570 1697 3636 illos,
1726 3573 1873 3639 venit
1911 3586 2103 3628 conse-

522 3672 747 3730 quenter
771 3660 837 3715 ad
869 3660 1089 3731 Ioseph,
1129 3670 1183 3716 et
1206 3662 1322 3715 ait:
1366 3660 1458 3715 22.
1498 3661 1691 3731 Ioseph
1729 3662 1869 3731 ﬁlius
1902 3674 2099 3732 auctus,

522 3754 794 3808 invidiosus
814 3768 833 3805 :
858 3750 1050 3821 Ioseph
1077 3753 1216 3820 [ilius
1239 3754 1597 3823 auctus,_ﬁlius
1633 3769 1773 3825 meus
1785 3755 1987 3825 junior,
2019 3756 2103 3811 ln-

523 3845 779 3911 vidiosus,
803 3843 987 3913 inquit,
1012 3844 1179 3898 factus
1195 3844 1333 3899 esab
1349 3845 1476 3914 ipsis
1491 3844 1671 3901 initiis.
1687 3845 1776 3901 25.
1802 3847 1961 3912 Quem
1981 3863 2100 3902 ωηο

518 3936 632 3993 silio
660 3936 1027 3988 communicato
1048 3934 1284 3989 conviciis
1311 3936 1636 3990 incesserunt.
1664 3936 1909 3992 Fratrum
1937 3939 2100 4009 signi-

516 4024 643 4083 ﬁcat
679 4023 1124 4093 conspirationem
1161 4032 1345 4079 contra
1382 4039 1526 4079 eum.
1572 4026 1647 4080 Et
1667 4025 1721 4080 id
1761 4028 1901 4096 quod
1936 4043 2096 4099 supra

516 4115 727 4172 dicebat
751 4115 1044 4185 Scriptura,
1073 4132 1167 4171 eos
1192 4117 1414 4171 crimine
1444 4119 1584 4172 malo
1615 4118 1869 4175 detulisse
1896 4121 2096 4191 Ioseph

514 4203 652 4273 apud
680 4212 882 4272 patrem
911 4218 1066 4257 suum
1092 4203 1241 4273 (Gen.
1271 4205 1359 4257 57.
1391 4205 1469 4273 2),
1497 4205 1598 4260 hoc
1618 4206 1717 4260 iste
1739 4207 1905 4262 dicit:
1933 4208 2093 4273 Quem

515 4294 875 4369 communicato
910 4295 1120 4366 consilio
1156 4295 1388 4359 conviciis
1415 4296 1740 4364 incesserunt,
1787 4310 1832 4352 et
1864 4300 2096 4354 intende-

513 4383 633 4438 bant
666 4386 719 4437 in
754 4401 865 4438 eum
893 4385 1085 4439 domini
1120 4387 1515 4455 sagittatiouum.
1540 4387 1945 4458 Sanguinarium
1974 4392 2092 4447 illo-

513 4490 632 4529 rum
655 4476 914 4546 signiﬁcat
937 4477 1193 4531 animum.
1219 4477 1307 4531 24.
1337 4476 1405 4530 Ει
1428 4480 1629 4532 contriti
1655 4490 1772 4534 sunt
1796 4499 1911 4535 cum
1941 4485 2088 4553 forti-

514 4566 686 4618 tudine
712 4583 861 4620 arcus
884 4582 1076 4620 eorum.
1108 4566 1240 4622 Vide
1265 4568 1531 4637 quomodo
1561 4578 1841 4641 postquam
1869 4572 2002 4628 dixit
2026 4590 2088 4628 ea

511 4674 629 4726 quae
665 4668 850 4713 contra
882 4657 1083 4728 I08eph
1121 4666 1469 4726 attentarunt,
1512 4660 1640 4716 dicit
1678 4673 1733 4717 et
1764 4678 1827 4718 ea
1855 4680 1973 4733 qua).
2008 4666 2088 4720 eis

511 4751 861 4818 contigerunt.
892 4750 1284 4818 Contritienim,
1314 4752 1503 4822 inquit,
1530 4768 1678 4808 arcus
1696 4770 1885 4821 eorum,
1910 4764 1957 4810 et
1981 4758 2083 4811 dis-

504 4841 660 4894 soluti
685 4851 804 4895 sunt
843 4843 978 4895 nervi
1005 4842 1322 4897 brachiorum
1346 4860 1588 4898 manuum
1616 4861 1808 4898 eorum.
1832 4846 1934 4915 Ipsi
1958 4848 2080 4915 qui-

506 4930 629 4983 dem
649 4930 893 4985 occidere
920 4941 971 4985 te
996 4932 1173 4987 conati
1198 4942 1340 4997 sunt,
1361 4943 1417 4989 et
1439 4942 1693 5002 quantum
1712 4950 1776 4989 ex
1805 4936 1933 5004 ipsis
1954 4951 2084 5005 pen-

496 5020 687 5084 .debat,
714 5034 875 5088 opere
902 5022 1260 5091 complessent
1284 5041 1307 5078 ηε
1344 5022 1440 5079 sed
1476 5032 1531 5080 et
1553 5039 1707 5079 arcus
1735 5040 1919 5079 eorum
1945 5040 2081 5080 con-

508 5112 616 5165 triti
647 5122 790 5177 sunt,
813 5120 866 5167 et
894 5112 1135 5168 dissoluti
1162 5125 1287 5170 sunt
1311 5130 1496 5171 eorum
1527 5115 1693 5170 nervi.
1721 5115 1809 5172 Sic
1831 5117 1975 5172 enim
2000 5118 2079 5173 eis

498 5202 711 5267 accidit,
744 5203 958 5271 quando
977 5204 1257 5261 audierunt
1283 5205 1482 5275 Ioseph
1508 5205 1774 5262 dicentem
1801 5225 1813 5260 :
1836 5205 1951 5276 Ego
1966 5224 2078 5262 sunt

498 5295 657 5362 {rater
698 5303 855 5347 vester
889 5292 1113 5365 Ioseph,
1158 5312 1305 5366 quem
1340 5296 1635 5350 vendidistis
1676 5298 1731 5350 in
1794 5296 2078 5369 £gyptunt

500 5384 653 5450 (Gen.
702 5385 795 5440 45.
835 5386 916 5455 5).
943 5387 1093 5443 Tunc
1125 5388 1289 5454 enim,
1323 5396 1448 5442 tunc
1488 5388 1721 5443 maxime
1757 5389 1913 5443 soluti
1951 5400 2076 5445 sunt

494 5473 647 5526 nervi
690 5489 908 5542 eorum,
956 5475 1059 5530 Per
1097 5492 1302 5531 manum
1329 5478 1557 5545 potentis
1581 5476 1762 5531 Iacob.
1805 5478 1894 5534 εδ.
1940 5478 2075 5534 Inde

498 5562 582 5621 qui
608 5562 947 5617 corroboravit
978 5564 1149 5620 Israel
1173 5581 1206 5619 a
1231 5566 1341 5620 Deo
1379 5568 1535 5635 patris
1567 5570 1673 5631 tui,
1704 5577 1752 5621 et
1790 5569 1987 5639 adjuvit
2026 5581 2072 5624 te

498 5646 635 5699 Deus
652 5666 809 5703 uicus.
834 5653 932 5716 Qui
954 5652 1197 5708 dissolvit
1214 5670 1397 5710 eorum
1427 5671 1640 5721 nervos,
1664 5657 1855 5726 inquit,
1880 5668 2070 5727 potens

493 5748 595 5790 est.
613 5733 637 5787 1
645 5755 729 5806 pse
742 5742 872 5793 enim
887 5742 1077 5812 adjuvit
1088 5755 1135 5797 te
1148 5744 1286 5799 Deus
1303 5763 1456 5803 metu.
1477 5746 1607 5803 Vide
1623 5763 1927 5818 germanam
1939 5751 2069 5818 justi

1295 354 1352 409 S.
1393 351 1666 410 IOANNIS
1703 352 2171 410 CllRVSOSTO‘dI
2213 356 2530 414 ARCHIEP.
2571 361 3105 423 CONSTANTINOP.

3718 372 3827 441 570

2243 482 2366 537 erga
2397 470 2676 528 Dominum
2705 475 3062 547 dilectionem,
3082 479 3350 549 quomodo
3374 484 3520 539 orbis
3546 484 3825 544 Dominum

2239 571 2393 612 suum
2414 574 2534 616 esse
2558 562 2722 617 Deum
2737 564 2897 631 dicat,
2920 581 3023 621 non
3041 569 3363 627 concludens
3382 573 3498 642 ejus
3510 575 3823 649 dominium,

2241 663 2412 719 neque
2427 654 2639 719 privans
2653 670 2773 710 cum
2793 667 3050 726 potestate
3065 662 3474 731 universali,sed
3490 683 3645 724 suum
3655 672 3827 729 decla-

2238 756 2368 832 rans
2379 759 2635 832 amorem.
2658 748 2723 800 Et
2753 750 3000 804 benedixit
3016 754 3106 806 tibi
3116 754 3457 810 benedictione
3475 762 3585 814 casti
3604 779 3633 815 e
3648 774 3826 832 super-

2236 831 2336 886 nis.
2356 831 2467 885 Non
2486 834 2678 900 solum,
2703 838 2890 908 inquit,
2911 840 3109 909 adjuvit
3128 852 3201 908 te,
3218 844 3313 899 sed
3325 855 3378 899 et
3397 845 3661 903 Beneth
3677 831 3724 906 te
3738 851 3826 907 be-

2237 922 2515 976 nedictione
2531 935 2676 979 terra:
2693 930 2863 991 omnia
2877 932 3193 995 continentis,
3215 946 3421 1002 propter
3434 937 3823 997 benedictionem

2237 1010 2443 1064 uberum
2471 1024 2517 1066 et
2543 1015 2724 1082 vulvw,
2749 1019 2839 1072 ΞΒ.
2868 1019 3257 1076 benedictionem
3284 1028 3442 1092 patris
3468 1030 3546 1081 tui
3569 1040 3618 1083 et
3644 1035 3821 1088 matris

2236 1111 2353 1156 tute.
2378 1102 2651 1159 Praevaluit
2677 1109 3098 1167 benedictionibus
3114 1116 3356 1169 montium
3372 1118 3656 1189 ﬁrmarunt,
3671 1132 3720 1175 et
3739 1124 3803 1176 de

2220 1195 2432 1250 sideriis
2456 1200 2660 1252 collium
2691 1211 3009 1258 aeternorum.
3034 1206 3136 1263 Per
3151 1208 3317 1264 colles
3336 1220 3566 1265 aeternos
3592 1216 3814 1284 gloriam

2222 1294 2288 1338 et
2333 1286 2685 1355 maiestatem,
2728 1300 2782 1345 et
2827 1307 3048 1362 regnum
3087 1295 3304 1367 Egypti
3341 1316 3478 1369 :per
3510 1313 3719 1361 montes
3758 1318 3809 1362 et

2232 1380 2417 1445 colles,
2458 1384 2836 1442 sublimitatem
2878 1398 2933 1443 et
2970 1389 3331 1448 fortitudinem
3367 1394 3626 1467 designat.
3667 1410 3720 1454 et
3759 1402 3807 1455 is

2231 1486 2500 1529 summum
2528 1477 2789 1547 fastigium
2816 1480 3137 1550 principatus
3161 1495 3401 1539 evectum
3427 1502 3547 1542 esse
3573 1488 3659 1545 hic
3686 1490 3811 1546 insi-

2222 1574 2377 1619 nuat.
2414 1565 2513 1621 Ha:
2542 1570 2696 1637 enim,
2735 1571 2923 1640 inquit,
2955 1574 3322 1630 benedictiones
3349 1589 3494 1632 erunt
3532 1597 3686 1650 super
3725 1600 3809 1636 ca-

2229 1666 2322 1724 put
2352 1655 2564 1727 Ioseph,
2595 1670 2642 1712 et
2674 1661 2725 1714 in
2756 1663 2934 1716 vertice
2960 1664 3195 1731 fratrum,
3226 1682 3437 1735 quorum
3466 1669 3573 1723 dua:
3597 1682 3687 1725 est.
3716 1672 3809 1728 Hie

2218 1746 2451 1813 scilicet,
2475 1748 2663 1818 inquit,
2688 1750 3084 1807 benedictiones
3107 1763 3262 1807 erunt
3281 1770 3443 1824 super
3461 1766 3619 1828 caput
3638 1770 3803 1815 tuum.

2225 1834 2315 1888 27.
2343 1836 2612 1907 Benjamin
2641 1841 2792 1910 lupus
2819 1858 3003 1911 rapax,
3036 1860 3182 1898 mane
3202 1847 3442 1913 comedet,
3478 1861 3526 1903 et
3547 1851 3617 1902 ad
3632 1865 3806 1921 vespe'

2223 1946 2335 2012 ram
2373 1932 2632 1986 distribuet
2668 1950 2852 1988 escant.
2880 1936 2947 1989 Et
2975 1937 3060 1990 hic
3095 1937 3377 2007 praesignat
3402 1941 3450 1994 ei
3480 1942 3618 2009 quod
3650 1942 3806 2012 longo

2225 2007 2347 2089 post
2375 2028 2613 2091 tempore
2637 2020 2873 2078 futurum
2899 2034 3033 2089 erat,
3064 2035 3119 2081 et
3140 2029 3278 2097 quod
3305 2007 3637 2098 grassaturas
3663 2007 3806 2089 esset

2224 2110 2362 2165 sicut
2404 2112 2558 2181 lupus
2598 2114 2829 2183 rapiens,
2862 2115 3113 2171 occidens
3143 2125 3197 2171 et
3239 2118 3517 2173 innumera
3548 2122 3682 2174 mala
3724 2125 3805 2177 la-

2223 2203 2389 2256 ciens.
2412 2203 2672 2271 Quoniam
2695 2214 2873 2259 autem
2898 2207 3144 2261 omnibus
3170 2208 3293 2261 tiliis
3327 2221 3680 2279 congruentes
3712 2214 3809 2267 be-

2216 2293 2550 2348 nedictiones
2575 2297 2929 2365 prmsignavit,
2958 2296 3049 2351 28.
3086 2296 3149 2350 Et
3179 2298 3448 2365 benedixit,
3480 2301 3667 2370 inquit,
3691 2302 3805 2356 siu—

2221 2384 2354 2452 gulis
2371 2385 2525 2453 juzcta
2561 2384 2947 2440 benedictionem
2986 2404 3149 2453 suam,
3191 2406 3291 2457 qua
3332 2389 3651 2445 benedixerat
3689 2394 3799 2448 eis:

2222 2475 2323 2531 hoc
2349 2487 2449 2543 est,
2482 2478 2763 2547 unicuique
2789 2479 3107 2549 przedieebat
3125 2496 3242 2551 qua:
3262 2481 3501 2548 decebat,
3534 2492 3587 2537 et
3606 2499 3722 2553 quae
3742 2485 3798 2539 in

2221 2582 2533 2638 unaquaque
2565 2568 2703 2623 tribu
2731 2580 2987 2625 eventura
3014 2580 3194 2626 essent
3220 2573 3482 2641 przedixit.
3512 2573 3795 2644 Postquam

2219 2666 2395 2713 autem
2423 2658 2686 2713 ordinavit
2708 2666 2772 2714 ea
2795 2676 2913 2730 quae
2937 2675 2965 2713 a
2992 2661 3194 2730 Spiritu
3217 2662 3314 2731 ipsi
3341 2664 3652 2734 przesignata
3678 2663 3795 2721 fue-

2219 2760 2358 2815 rant,
2390 2749 2518 2804 dicit
2556 2751 2670 2804 eis:
2711 2750 2800 2805 29.
2830 2750 2941 2820 Ego
2979 2768 3209 2821 apponor
3236 2752 3303 2805 ad
3328 2755 3571 2823 populum
3608 2771 3791 2822 meum,

2215 2851 2263 2895 et
2299 2842 2545 2911 sepelietis
2570 2857 2648 2894 me
2675 2857 2790 2895 cum
2812 2841 3036 2911 patribus
3056 2843 3199 2896 meis.

2284 2933 2337 2985 4.
2374 2930 2501 2997 Vide
2528 2931 2796 3000 quomodo
2822 2948 2917 3002 per
2944 2928 3249 2986 mandatum
3279 2932 3380 2987 hoc
3407 2934 3686 2989 maximam
3710 2934 3790 2990 eis

2213 3021 2632 3076 consolationem
2674 3021 2880 3077 all‘erat.
2927 3021 3351 3077 Considerabant
3388 3025 3791 3095 enim,justum

2214 3112 2315 3167 hoc
2341 3127 2448 3166 non
2490 3112 2862 3167 mandaturum
2907 3112 3101 3178 fuisse,
3148 3113 3252 3169 nisi
3290 3115 3508 3169 omnino
3548 3117 3793 3171 scivisset

2211 3202 2440 3257 reditum
2471 3202 2707 3273 ipsorum
2733 3201 2967 3256 futurum
2991 3242 3006 3270 ,
3038 3211 3092 3258 et
3126 3203 3429 3259 liberandos
3471 3220 3529 3260 se
3565 3220 3595 3259 a
3626 3205 3794 3260 servi-

2213 3302 2323 3347 tute
2352 3291 2589 3363 Egypti.
2624 3290 2813 3347 Postea
2843 3308 3053 3362 quoque
3074 3293 3247 3348 locum
3276 3295 3516 3348 nominat
3544 3312 3557 3348 :
3585 3295 3652 3348 In
3672 3310 3793 3365 spe-

2209 3383 2380 3446 lunca,
2419 3382 2585 3451 inquit
2605 3422 2619 3448 ,
2645 3397 2756 3450 quis
2783 3391 2854 3436 est
2878 3384 2931 3435 in
2956 3398 3079 3452 agro
3104 3381 3318 3454 Ephron
3340 3384 3568 3439 Chetta'i.
3600 3386 3687 3440 55.
3724 3383 3790 3439 Et

2208 3483 2262 3527 ut
2290 3473 2395 3527 hwc
2423 3474 2579 3539 dixit,
2609 3474 2817 3527 cessavit
2859 3475 3107 3543 imperare
3135 3477 3256 3545 ﬁliis
3278 3478 3401 3531 suis.
3426 3476 3495 3531 Et
3517 3477 3789 3532 sublevavit

2202 3562 2366 3629 Iacob
2394 3566 2544 3635 pedes
2573 3582 2689 3619 suos
2718 3582 2868 3634 super
2888 3567 3069 3619 lectum
3088 3608 3102 3632 ,
3136 3578 3181 3620 et
3212 3569 3425 3636 defecit,
3451 3581 3497 3623 et
3526 3571 3787 3639 appositus

2198 3646 2278 3711 est
2303 3656 2373 3710 ad
2398 3656 2642 3727 populum
2667 3673 2834 3710 suum.
2854 3656 2984 3711 Vide
3009 3668 3234 3712 mortem
3252 3658 3380 3727 justi
3407 3660 3565 3713 etiam
3593 3674 3785 3730 magno

2204 3747 2461 3802 miraculo
2508 3748 2739 3817 plenam.
2788 3747 2921 3802 Nam
2966 3758 3244 3818 postquam
3290 3750 3571 3819 imperavit
3607 3752 3783 3822 pueris

2203 3839 2336 3905 suis,
2370 3836 2657 3893 Sublevavit
2683 3839 2832 3909 pedes
2856 3841 2909 3892 in
2933 3839 3116 3892 lectum
3153 3856 3322 3908 suum,
3353 3843 3501 3911 quasi
3530 3858 3650 3898 cum
3682 3858 3779 3897 vo-

2203 3931 2404 4002 luptate
2435 3946 2547 3986 rem
2573 3933 2852 4001 reciperet.
2902 3931 2977 3986 Ita
3026 3932 3258 4002 impletis
3298 3935 3575 3999 omnibus,
3615 3935 3781 3991 Pedes

2200 4025 2403 4078 sustulit
2431 4038 2451 4077 :
2480 4025 2583 4078 hoc
2609 4033 2712 4089 est,
2744 4024 2929 4094 planos
2955 4034 3010 4078 et
3038 4032 3212 4079 rectos
3238 4024 3383 4086 fecit.
3414 4036 3467 4081 et
3493 4026 3729 4082 extendit
3759 4045 3775 4082 :

2200 4113 2420 4185 Defecit,
2450 4114 2551 4169 hoc
2574 4124 2675 4180 est,
2710 4114 2879 4168 ﬁnivit
2902 4114 3085 4179 vitam,
3123 4114 3186 4167 Et
3213 4117 3475 4185 appositus
3500 4128 3571 4170 est
3599 4119 3666 4170 ad
3685 4135 3779 4190 po—

2199 4206 2377 4274 pulum
2403 4222 2568 4259 suum.
2602 4207 2653 4259 1.
2685 4204 2752 4258 Ει
2790 4205 2965 4258 recidit
3000 4206 3191 4276 Ioseph
3233 4223 3385 4276 super
3412 4208 3591 4277 facient
3619 4210 3783 4278 patris

2196 4296 2294 4359 sui,
2320 4305 2367 4350 et
2392 4297 2527 4365 ﬂevit
2546 4312 2699 4363 super
2717 4312 2846 4362 eum,
2867 4306 2913 4349 et
2938 4296 3192 4349 osculatus
3215 4307 3286 4350 est
3302 4315 3413 4349 eum
3446 4299 3629 4369 (Caput
3656 4300 3772 4359 50).

2199 4388 2387 4442 Vidisti
2430 4388 2523 4442 ﬁlii
2550 4388 2935 4444 dilectionem?
2983 4388 3156 4443 vidisti
3205 4390 3419 4459 ignitum
3454 4392 3776 4447 caritatem?

2193 4479 2262 4533 Et
2285 4482 2405 4548 post
2434 4480 2625 4534 anima:
2652 4496 2920 4539 recessum
2960 4481 3159 4535 Recidit
3188 4481 3379 4552 Ioseph
3415 4499 3565 4552 super
3591 4487 3774 4553 [aciem

2192 4574 2303 4643 ejus
2325 4613 2341 4639 ,
2372 4582 2418 4627 et
2444 4572 2697 4627 osculatus
2720 4582 2826 4637 est,
2865 4581 2909 4626 et
2943 4574 3079 4643 ﬂevit
3106 4589 3256 4642 super
3280 4590 3357 4626 eo.
3387 4574 3479 4627 llis
3504 4574 3655 4630 factis
3675 4576 3770 4630 Iu-

2191 4666 2321 4735 seph
2351 4681 2471 4734 qua:
2511 4680 2541 4719 a
2587 4674 2736 4735 patre
2766 4663 3010 4718 mandata
3042 4673 3194 4719 erant
3218 4666 3435 4734 exsequi
3463 4668 3684 4721 curavit.
3714 4670 3767 4721 2.

2190 4755 2256 4809 Et
2286 4772 2406 4809 mox
2436 4757 2691 4811 mandavit
2715 4755 3096 4828 pollinctoribus
3120 4796 3136 4820 ,
3178 4765 3233 4808 ut
3274 4757 3539 4825 sepelirent
3575 4770 3769 4827 patrem

2188 4863 2352 4900 suum.
2382 4847 2433 4901 5.
2465 4844 2533 4899 Et
2557 4848 2665 4915 ipse
2686 4847 2885 4917 quidem
2907 4846 3240 4915 quadraginta
3269 4846 3441 4900 diebus
3459 4888 3475 4912 ,
3509 4846 3768 4918 zEgyptus

2187 4950 2355 4991 autem
2378 4939 2698 5008 septuaginta
2727 4937 2897 4991 diebus
2917 4954 3030 4990 eum
3053 4937 3200 4990 luxit.
3234 4938 3299 4991 Et
3324 4949 3603 5008 postquam
3622 4942 3765 5008 justa

2187 5030 2366 5083 omnia
2390 5030 2656 5098 persoluta
2687 5038 2830 5095 sunt,
2861 5029 3176 5099 signiﬁcavit
3196 5029 3483 5093 Pharaoni,
3511 5040 3563 5086 et
3589 5032 3652 5085 iis
3674 5032 3763 5101 qui

2182 5134 2301 5175 cum
2328 5133 2395 5173 eo
2420 5127 2572 5173 erant
2591 5158 2604 5180 ,
2644 5134 2763 5189 quae
2807 5119 2878 5172 illi
2908 5128 3059 5189 pater
3084 5118 3257 5174 adhuc
3292 5120 3443 5176 vivus
3471 5120 3762 5175 demanda-

2174 5219 2282 5271 Vrat,
2312 5217 2365 5262 et
2387 5208 2520 5263 dixit
2551 5226 2563 5261 :
2596 5209 2649 5263 5.
2679 5209 2944 5275 Adjuravit
2970 5226 3050 5262 me
3076 5219 3219 5277 pater
3242 5226 3379 5264 meus
3402 5252 3419 5276 ,
3451 5212 3622 5265 dicens
3646 5228 3664 5264 :
3694 5211 3760 5264 In

2180 5297 2441 5368 sepulcro,
2468 5297 2602 5367 quod
2626 5299 2734 5368 fodi
2758 5298 2882 5351 mihi
2909 5299 2961 5352 in
2985 5309 3117 5352 terra
3145 5298 3386 5354 Chanaan
3405 5341 3421 5367 ,
3454 5301 3559 5355 illic
3581 5319 3659 5355 me
3673 5318 3759 5356 se-

2172 5390 2350 5460 ,pelies.
2370 5388 2524 5442 Nunc
2547 5388 3008 5460 igiturascendam,
3030 5399 3077 5442 et
3096 5389 3335 5458 sepeliam
3356 5400 3548 5460 patrem
3570 5407 3752 5455 meum,

2172 5492 2224 5549 et
2253 5481 2440 5535 redibo.
2471 5479 2699 5551 Equum
2722 5489 2834 5543 est,
2879 5481 3066 5551 inquit,
3093 5490 3149 5534 ut
3168 5496 3288 5549 quae
3313 5482 3379 5534 ab
3405 5496 3469 5535 eo
3495 5492 3756 5551 prmccpta

2176 5580 2320 5637 simt,
2353 5573 2619 5642 impleam.
2656 5570 2753 5626 Ubi
2784 5572 2941 5644 igitur
2964 5586 3026 5625 ea
3056 5571 3233 5625 fecero
3263 5587 3379 5640 quae
3399 5572 3635 5640 jusserit,
3666 5589 3753 5628 re-

2178 5662 2319 5717 dibo.
2349 5659 2471 5714 [hec
2495 5671 2550 5714 ut
2569 5661 2735 5714 audiit
2755 5700 2770 5725 ,
2804 5660 3043 5727 permisit
3072 5660 3294 5714 Pharao.
3325 5660 3375 5712 7.
3405 5660 3473 5713 Et
3499 5664 3751 5737 ascmdit‘,

2174 5752 2365 5821 inquit,
2391 5750 2580 5820 Ioseph
2607 5763 2658 5806 ut
2684 5753 2913 5821 sepeliret
2937 5762 3128 5823 patrem
3150 5768 3314 5823 suum,
3338 5763 3383 5806 et
3407 5753 3559 5808 simul
3578 5768 3748 5807 asccne
