4146 6260
371 328 476 382 575

373 436 518 496 ξατο.
557 439 769 493 Ἴσασιν
802 440 852 491 οἱ
885 440 1227 510 μεμυημένοι
1267 440 1329 492 τὸ
1361 439 1651 508 λεγόμενον
1676 454 1688 466 '
1725 435 1952 490 Πλυνεῐ

373 517 442 572 ἐν
477 519 620 584 οἴνῳ
672 519 788 590 τὴν
825 523 1059 589 στολὴν
1108 521 1294 575 αὐτοῦ
1325 536 1340 553 ⁸
1399 521 1610 591 στολὴν,
1667 515 1843 589 οἶμαι,
1890 518 1951 571 τὸ

378 600 537 672 σῶμα
565 601 758 670 λέγων,
791 603 820 656 ὃ
848 603 935 656 διὰ
962 605 1060 675 τήν
1088 605 1400 674 οἰκονομίαν
1430 604 1653 674 φορέσαι
1683 601 1951 671 κατηξίω-

380 703 490 741 σεν.
516 683 652 740 Εἶτα
676 689 763 741 ἳνα
793 688 968 760 μάθῃς
993 690 1237 760 ἀκριϐῶς
1257 685 1396 742 οἶνον
1415 690 1466 741 τί
1489 687 1950 759 προσηγόρευσεν,

379 769 622 838 ἐπήγαγε
649 785 660 797 ·
689 771 798 823 Καὶ
826 771 895 823 ἐν
916 772 1110 839 αἵματι
1145 768 1466 839 σταφυλῆς
1489 769 1604 837 τὴν
1629 767 1953 837 περιϐολὴν

377 853 584 906 αὐτοῦ.
617 853 757 924 Ὅρα
796 854 913 917 πῶς
945 854 1023 923 τῷ
1051 855 1144 908 τοῦ
1174 854 1406 923 αἵματος
1440 852 1792 922 ὀνόματιοτὴν
1818 865 1954 916 σφα-

367 934 484 1004 -γὴν
521 936 652 1004 ἡμῖν
696 937 789 988 καὶ
835 937 927 990 τὸν
963 937 1190 1007 σταυρὸν
1233 937 1470 1006 ᾐνίξατο,
1499 936 1591 990 καὶ
1636 937 1816 987 πᾶσαν
1845 932 1953 983 τῶν

383 1018 696 1087 μυστηρίων
752 1018 852 1088 τὴν
885 1018 1218 1089 οἰκονομίαν.
1259 1017 1516 1085 Χαροποὶ
1562 1021 1615 1070 cl
1660 1014 1954 1084 ὀφθαλμοὶ

379 1099 564 1151 αὐτοῦ
592 1099 710 1152 ἀπὸ
742 1101 930 1163 οῖνου,
958 1103 1052 1157 καί
1087 1099 1234 1171 [659]
1267 1099 1469 1154 λευκοὶ
1503 1101 1557 1151 οἱ
1584 1098 1823 1160 ὀδόντες
1849 1097 1955 1149 αὐ-

381 1182 487 1233 τοῦ
519 1180 558 1247 ἢ
597 1181 770 1250 γάλα.
810 1181 1076 1237 Ἐνταῦθα
1113 1183 1172 1235 τὸ
1205 1183 1428 1254 φαιδρὸν
1463 1183 1594 1251 ἡμῖν
1619 1179 1955 1244 ἐνδείξασθαι

382 1263 628 1332 βούλεται
654 1265 742 1318 διὰ
765 1267 863 1335 τῆς
895 1268 1205 1334 μεταφορᾶς
1227 1265 1321 1318 τοῦ
1343 1265 1486 1317 οἴνου
1517 1265 1611 1317 καὶ
1635 1262 1741 1316 τῶν
1766 1261 1958 1329 ὀφθαλ-

384 1347 520 1414 μῶν.
544 1347 654 1400 Kal
683 1348 890 1401 λευκοὶ
920 1351 974 1402 οἱ
1008 1348 1251 1412 ὀδόντες
1278 1347 1462 1400 αὐτοῦ
1500 1346 1538 1411 ἢ
1563 1344 1717 1414 γάλα
1735 1360 1746 1373 ·
1782 1343 1845 1394 τὸ
1875 1341 1954 1394 δί-

379 1442 534 1480 καιον
561 1428 654 1480 καὶ
681 1428 741 1480 τὸ
764 1429 1015 1499 λαμπρὸν
1042 1429 1134 1481 τοῦ
1168 1426 1377 1498 κριτοῦ.
1410 1427 1507 1480 Διά
1531 1427 1638 1497 γὰρ
1672 1426 1780 1478 τῶν
1811 1422 1957 1476 ὀδόν-

379 1525 486 1562 των
524 1510 617 1562 καὶ
659 1510 754 1562 τοῦ
783 1511 1054 1578 γάλακτος
1090 1510 1244 1563 οὐδὲν
1283 1509 1466 1580 ἕτερον
1498 1510 1632 1578 ἡμῖν
1671 1505 1954 1578 σημαίνειν

379 1594 677 1664 ἠϐουλήθη,
709 1594 743 1664 ἢ
789 1595 872 1647 ὅτι
901 1594 1074 1656 οὕτως
1114 1594 1269 1646 ἔσται
1313 1593 1503 1645 λευκὸν
1533 1591 1626 1644 καὶ
1659 1587 1955 1660 περιφανὲς

377 1675 439 1727 τὸ
469 1678 775 1747 κριτήριον,
805 1677 1055 1748 καθάπερ
1082 1679 1116 1746 ή
1147 1675 1241 1728 τοῦ
1271 1677 1539 1744 γάλακτος
1564 1673 1655 1726 καὶ
1679 1672 1787 1724 τῶν
1811 1671 1956 1723 ὀδόν-

376 1775 484 1810 των
527 1761 769 1829 ποιότης.
810 1758 1151 1821 Ζαϐουλὼν,
1181 1759 1336 1828 φησὶ,
1370 1755 1661 1824 παράλιος
1686 1751 1956 1816 κατοικη-

377 1856 495 1904 σει,
520 1842 618 1894 καὶ
651 1843 834 1906 αὐτὸς
864 1844 998 1910 παρ’
1029 1841 1213 1910 ὅρμον
1240 1840 1488 1902 πλοίων,
1512 1837 1609 1890 καί
1643 1832 1963 1903 παρατενεῐ

375 1921 487 1986 ἕως
521 1923 796 1988 Σιδῶνος.
837 1925 978 1994 Ὅρα
1013 1925 1130 1987 πῶς
1161 1925 1255 1977 καὶ
1287 1922 1462 1990 τούτῳ
1491 1917 1796 1990 προμηνύει
1828 1916 1954 1968 ἔνθα

376 2005 474 2073 τὴν
499 2005 713 2075 οἴκησιν
740 2005 874 2070 ἕξει,
903 2007 996 2058 καὶ
1023 2007 1105 2058 ὅτι
1139 2005 1300 2074 μέχρι
1324 2002 1550 2065 Σιδῶνος
1572 1999 1955 2068 ἐκταθήσεται.

390 2085 681 2155 Ἰσσάχαρ
731 2088 795 2141 τὸ
833 2089 1027 2142 καλὸν
1067 2087 1466 2153 ἐπεθύμησεν,
1502 2080 1958 2148 ἀναπαυόμενος

376 2168 496 2222 ἀνὰ
517 2169 711 2237 μέσον
729 2167 849 2221 τῶν
878 2168 1118 2236 κλήρων
1137 2185 1151 2198 ο
1177 2166 1274 2220 καὶ
1301 2167 1442 2220 ἰδὼν
1472 2165 1585 2232 τὴν
1612 2163 1958 2218 ἀνάπαυσιν

378 2251 469 2305 ὅτι
517 2252 710 2320 καλ-ὴ,
763 2252 862 2305 καὶ
901 2253 1016 2313 τὴν
1044 2251 1162 2320 γῆν
1190 2250 1279 2303 ὅτι
1321 2252 1505 2312 πίων,
1546 2250 1809 2314 ὑπέθηκε
1851 2244 1957 2298 τόν

377 2329 540 2402 ὦμον
587 2333 774 2390 αὑτοῦ
824 2335 910 2399 είς
955 2335 1020 2385 τὸ
1076 2333 1314 2397 πονεῖν,
1365 2332 1464 2384 καὶ
1509 2331 1745 2400 ἐγένετο
1803 2326 1956 2393 ἀνὴρ

379 2416 656 2484 γεωργός.
697 2416 940 2468 Ἐπαινεῖ
957 2413 1166 2478 τοῦτον,
1203 2416 1278 2478 ὡς
1306 2415 1405 2485 τὴν
1439 2413 1539 2482 τῆς
1565 2416 1666 2482 γῆς
1695 2410 1954 2479 ἐργασίαν

376 2496 654 2566 ἑλόμενον,
712 2497 806 2551 καὶ
862 2497 922 2549 τὸ
948 2497 1078 2566 περ)⁹
1132 2495 1230 2566 τὴν
1280 2498 1384 2565 γῆν
1415 2493 1693 2547 πονεῖσθαι
1738 2491 1954 2570 πᾲντων

379 2579 837 2650 προτετιμηκότα.
873 2577 996 2630 Δὰν
1025 2577 1214 2644 κρινεῖ
1238 2577 1346 2630 τὸν
1373 2576 1589 2629 ἑαυτοῦ
1617 2574 1788 2639 λαὸν,
1813 2573 1955 2626 ὡσεὶ

379 2659 480 2714 καὶ
534 2661 645 2729 μία
680 2661 846 2728 φυλὴ
902 2661 974 2712 ἐν
1016 2659 1273 2725 Ἰσραήλ.
1319 2657 1431 2712 Καὶ
1484 2657 1784 2726 γενηθήτω
1837 2654 1957 2709 Δὰν

381 2743 517 2812 ὄφις
554 2743 645 2811 ἐφ’
672 2742 834 2806 ὀδοῦ,
883 2741 1286 2812 ἐγκαθήμενος
1321 2740 1420 2793 ἐπὶ
1458 2739 1679 2806 τρίϐου,
1717 2738 1958 2792 δάκνων

382 2827 644 2894 πτέρναν
665 2827 855 2879 ἵππου
876 2842 888 2855 ·
915 2825 1014 2879 καὶ
1035 2825 1301 2878 πεσεῖται
1325 2827 1358 2877 ό
1398 2823 1612 2887 ἱππεὺς
1632 2824 1719 2885 εὶς
1739 2822 1809 2874 τὰ
1836 2823 1959 2874 ὀπί-

381 2911 542 2971 σθια,
567 2908 681 2976 τὴν
701 2907 1005 2975 σωτηρίαν
1043 2907 1374 2974 περιμένων
1399 2903 1645 2972 Κυρίου.
1669 2903 1958 2972 Θαυμάσαι

381 2991 533 3055 ἀξιον
566 2991 662 3046 καὶ
693 2991 1034 3060 ἐκπλαγῆναι
1066 2990 1157 3042 τὸν
1186 2989 1394 3042 δίκαιον
1424 2987 1638 3051 τοῦτον,
1675 2989 1823 3049 ὅπως
1847 2989 1960 3048 τοῖς

381 3077 476 3130 τοῦ
501 3076 814 3146 πνεύματος
835 3076 1134 3146 ὀφθαλμοῖς
1158 3075 1375 3128 ἅπαντα
1391 3074 1642 3144 προορῶν
1660 3075 1774 3134 τοῖς
1802 3072 1959 3124 παισὶ

383 3163 616 3232 περιεσή
627 3179 804 3232 μαινε,
827 3162 922 3213 καὶ
934 3161 1002 3212 τὰ
1020 3161 1238 3228 ἑκάστῳ
1259 3175 1322 3210 συ
1332 3157 1652 3226 μδησόιιενα
1675 3156 1956 3224 προέλεγε⁹

382 3244 451 3297 τά
479 3244 586 3314 γὰρ
624 3245 763 3313 μετά
799 3243 968 3297 πολὺν
999 3243 1237 3313 ἐσόμενα
1263 3241 1458 3311 χρόνον
1497 3240 1597 3308 ἤδη
1627 3255 1958 3308 προαναφω-

385 3329 488 3379 νεῖ.
522 3327 670 3390 Γὰδ,
705 3326 1090 3396 πειρατήριον
1121 3324 1497 3390 πειρατεύσει
1520 3322 1708 3375 αὐτόν
1730 3336 1742 3348 “
1777 3321 1959 3386 αὐτὸς

385 3409 454 3462 δὲ
482 3410 856 3476 πειρατεύσει
887 3408 1074 3464 αὐτὸν
1114 3408 1265 3462 κατὰ
1307 3406 1515 3470 πόδας.
1564 3404 1768 3471 Ἀσὴρ,
1807 3405 1960 3457 πίων

384 3493 570 3547 αὐτοῦ
591 3496 623 3546 ό
643 3494 844 3560 ἄρτος,
879 3493 976 3548 καὶ
1007 3492 1189 3557 αὐτὸς
1220 3490 1400 3544 δώσει
1423 3487 1655 3557 τροφὴν
1681 3488 1956 3555 ἄρχουσι.

383 3576 743 3644 Νεφθαλείμ,
776 3577 1070 3644 στέλεχος
1095 3571 1431 3641 ἀνειμένον,
1455 3569 1758 3633 ἐπιδιδοὺς
1784 3571 1853 3622 ἐν
1882 3567 1960 3633 τῷ

386 3657 710 3726 γεννήματι
761 3658 1010 3722 κάλλος.
1056 3656 1164 3708 Καὶ
1194 3655 1382 3723 ἐπειδὴ
1427 3655 1484 3706 ἐν
1533 3653 1781 3720 συντόμῳ
1818 3667 1961 3720 παρ-

388 3741 594 3810 έδραμε
632 3740 879 3803 τούτους,
911 3739 1133 3808 ἔρχεται
1162 3737 1349 3790 λοιπὸν
1379 3735 1473 3788 ἐπὶ
1504 3735 1592 3787 τὸν
1628 3733 1844 3802 Ἰωσὴφ,
1869 3732 1963 3784 καί

388 3839 584 3891 φησιν·
627 3821 850 3888 Ἰωσὴφ
866 3820 998 3882 υίὸς
1025 3817 1387 3886 ηὐξημένος,
1419 3814 1706 3881 ξηλωτός·
1736 3811 1960 3879 Ἰωσὴφ

389 3905 520 3969 υίὸς
565 3902 929 3971 ηὐξημένος,
969 3903 1098 3966 υίός
1120 3917 1239 3969 μου
1281 3897 1584 3964 νεώτερος.
1644 3894 1964 3961 Ἐπίφθονος

389 3985 641 4054 γέγονας,
673 3984 859 4053 φησὶν,
884 3983 942 4048 ἐξ
969 3981 1145 4034 αὐτῶν
1165 3980 1276 4034 τῶν
1294 3979 1616 4050 προοιμίων.
1642 3978 1734 4040 Εἰς
1759 3977 1818 4030 ὃν
1851 3977 1963 4030 δια-

391 4067 769 4137 δουλευόμενοι
801 4065 1122 4134 ἐλοιδόρουν.
1156 4063 1276 4116 Τῶν
1311 4060 1556 4129 ἀδελφῶν
1581 4062 1679 4130 τὴν
1712 4061 1832 4113 κατ’
1863 4062 1964 4113 αὐ-

389 4150 484 4204 τοῦ
517 4150 842 4220 συμφωνίαν
881 4147 1198 4201 αἰνίττεται.
1232 4147 1342 4199 Καὶ
1381 4146 1516 4215 ὅπερ
1553 4144 1812 4214 ἀνωτέρω
1845 4144 1961 4196 ἕλε-

391 4252 486 4303 γεν
513 4236 545 4305 ἡ
574 4235 786 4304 Γραφὴ,
814 4234 895 4286 ὅτι
921 4231 1089 4300 ψόγον
1116 4222 1724 4305 πονηρδνμκατήνεγκαν
1767 4226 1962 4294 Ἰωσὴφ

391 4302 543 4387 πρὸς
561 4302 652 4368 τὸν
684 4302 897 4385 πατέρα
919 4312 1107 4374 αὐτοῦ,
1133 4310 1293 4363 τοῦτο
1326 4302 1481 4372 οὗτος
1510 4308 1747 4363 ἐνταύθά
1766 4325 1929 4377 φησιν
1946 4324 1958 4338 ο

386 4400 486 4465 Εὶς
524 4398 597 4452 ὃν
627 4397 1150 4463 διαϐουλευόμενοι
1187 4391 1555 4459 ἐλοιδόρουν,
1602 4391 1699 4443 καί
1728 4389 1963 4458 ἑνεῖχον

389 4480 548 4545 αὐτῷ
568 4481 758 4547 κύριοι
797 4477 1175 4546 τοξευμάτων
1198 4492 1211 4505 ·
1237 4475 1334 4544 τὴν
1357 4474 1580 4542 φονικὴν
1595 4474 1776 4526 αὐτῶν
1796 4476 1964 4526 αίνιτ-

390 4566 617 4635 τόμενος
655 4563 900 4632 γνώμην.
939 4561 1046 4615 Καὶ
1083 4559 1406 4625 συνετρίϐη
1431 4558 1582 4625 μετὰ
1609 4557 1865 4624 κράτους
1893 4555 1966 4608 τὰ

391 4648 538 4710 τόξα
571 4645 790 4699 αὐτῶν.
825 4647 966 4714 Ὅρα
996 4643 1135 4705 πῶς,
1167 4641 1358 4710 ἐπειδὴ
1387 4638 1506 4694 εἷπε
1533 4641 1600 4692 τὰ
1627 4642 1755 4711 παρ’
1784 4639 1964 4692 αὐτῶν

393 4728 537 4782 κατά
565 4726 660 4780 τοῦ
709 4726 907 4795 Ἰωσὴφ
943 4723 1310 4794 τολμηθέντα,
1345 4722 1492 4787 λέγει
1537 4722 1630 4774 καὶ
1665 4723 1734 4775 τὰ
1782 4723 1965 4784 αὐτοῖς

394 4810 798 4882 πμὸεϐηκότα.
821 4807 1144 4873 Συνετρίϐη
1161 4804 1288 4875 γὰρ,
1315 4804 1468 4873 φησὶ,
1495 4802 1566 4855 τὰ
1583 4804 1729 4866 τόξα
1745 4803 1961 4866 αὐτῶν,

391 4895 489 4947 καὶ
521 4893 778 4958 ἐξελύθη
816 4891 888 4944 τὰ
913 4890 1097 4957 νεῦρα
1129 4889 1475 4956 βραχιόνων
1501 4886 1716 4954 χειρῶν
1746 4887 1962 4941 αὐτῶν.

391 4979 557 5031 Λύτο)¹
593 4977 694 5046 μὲν
734 4975 946 5028 ἀνελεῖν
977 4973 1368 5042 ἐπεχείρησαν,
1406 4970 1500 5023 καὶ
1528 4969 1589 5021 τό
1619 4985 1684 5036 γε
1708 4965 1844 5048 ἧκον
1887 4971 1968 5034 είς

391 5060 611 5123 αὐτοὺς,
636 5060 715 5120 είς
737 5056 899 5126 ἔργον
925 5054 1023 5124 τὴν
1054 5053 1280 5122 γνώμην
1309 5051 1578 5122 ἐξήγαγον
1597 5070 1610 5082 ·
1630 5051 1764 5104 ἀλλά
1785 5053 1879 5105 καὶ
1899 5053 1966 5104 τὰ

396 5142 523 5206 τόξα
547 5138 730 5192 αὐτῶν
764 5137 1078 5206 συνετρίϐη,
1109 5135 1204 5188 καὶ
1231 5133 1659 5206 ὲξελύθηδαύτῶν
1682 5133 1752 5185 τὰ
1775 5133 1962 5204 νεῦρα.

398 5224 518 5285 Πῶς
559 5223 668 5293 γὰρ
715 5223 836 5292 οὐχὶ
868 5221 1027 5274 τοῦτο
1083 5218 1436 5282 πεπόνθασιν,
1484 5215 1581 5270 δτε
1631 5219 1827 5288 ἤκουον
1871 5215 1964 5270 τοῦ

406 5304 602 5375 Ἰωσὴφ
620 5305 896 5373 λέγοντοςο
915 5302 1061 5371 Ἐγώ
1072 5303 1188 5370 ειμι
1204 5304 1236 5354 ό
1257 5301 1519 5369 ἁδελφὸς
1540 5298 1705 5368 ὑμῶν
1721 5299 1964 5368 Ἰωσὴφ,

392 5389 465 5442 ὃν
491 5389 791 5442 ἀπέδοσθε
809 5389 896 5451 είς
911 5388 1217 5456 Αἴγυπτον
1235 5402 1254 5450 ;
1272 5385 1407 5438 Τότε
1427 5383 1538 5453 γὰρ
1567 5384 1822 5454 μάλιστα,
1846 5385 1966 5436 τότε

395 5470 620 5540 ἐξελύθη
670 5470 852 5524 αὐτῶν
899 5470 969 5523 τὰ
1020 5469 1225 5538 νεῦρα,
1287 5467 1390 5520 Διά
1438 5466 1606 5534 χεῖρα
1661 5465 1966 5522 δυνάστου

409 5552 637 5610 Ἰακώϐ.
706 5554 962 5608 Ἐκεῖθεν
1005 5556 1049 5607 δ’
1084 5551 1463 5619 κατισχύσας
1509 5550 1757 5617 Ἰσραὴλ
1809 5552 1968 5618 παρὰ

398 5636 546 5691 Θεοῦ
572 5637 677 5693 τοῦ
709 5639 934 5706 πατρός
957 5652 1096 5701 σου,
1133 5635 1232 5688 καί
1264 5631 1558 5700 ἐϐοήθησέ
1581 5648 1680 5693 σοι
1709 5635 1742 5686 ό
1771 5633 1914 5699 Θεὸς
1935 5636 1969 5687 ό

392 5719 556 5789 ἐμός.
606 5721 664 5773 '0
690 5720 746 5772 δὲ
773 5719 1006 5782 ἐκλύσας
1037 5717 1216 5772 αὐτῶν
1253 5717 1324 5770 τὰ
1360 5716 1548 5787 νεῦρα,
1588 5715 1773 5787 φησὶν,
1820 5718 1850 5770 ὀ
1877 5717 1969 5770 δυ-

395 5803 599 5872 νάστης
623 5804 790 5857 ἐστίν.
824 5803 992 5865 Αὐτὸς
1014 5803 1121 5872 γὰρ
1145 5799 1408 5872 ἐϐοήθησέ
1439 5817 1519 5852 σοι
1546 5802 1574 5854 ὁ
1597 5801 1726 5863 Θεὸς
1757 5802 1786 5853 ὁ
1807 5802 1959 5869 ἐμός.

399 5886 543 5956 Ὅρα
564 5886 654 5938 τοῦ
678 5887 889 5939 δικαίου
923 5886 982 5936 τὸ
1011 5887 1230 5955 γνήσιον
1254 5884 1382 5953 περὶ
1416 5883 1504 5936 τὸν
1536 5883 1811 5954 Δεσπότην
1845 5883 1964 5952 φίλ-

725 5981 991 6037 Ριιτιιοιη
1031 5979 1072 6036 G
1086 5995 1118 6032 ιι
1133 6021 1145 6032 .
1185 5975 1346 6037 LIV;

1342 322 1408 382 IN
1444 326 1597 384 CAP.
1633 322 1795 390 XLIX
1834 320 2080 378 GENES.
2123 319 2352 396 HOMIL.
2395 319 2603 376 LXVII.

3512 321 3618 375 576

2049 464 2200 518 τρον,
2234 449 2382 512 ὅπως
2419 449 2509 501 τὸν
2547 447 2648 516 τῆς
2683 443 3003 513 οἰκουμένης
3025 441 3298 510 Δεσπότην
3323 441 3485 494 αὐτοῦ
3515 443 3613 511 μόδ

2050 546 2143 582 νου
2185 529 2328 598 λέγει
2362 525 2499 584 εἶναι
2529 527 2683 590 Θεὸν,
2728 527 2847 595 οὐχὶ
2875 523 3175 591 συγκλείων
3212 522 3376 576 αὐτοῦ
3407 522 3502 593 τήν
3529 523 3617 575 δε-

2055 611 2334 674 σποτείαν,
2364 610 2517 682 [640]
2543 610 2663 663 οὐδέ
2694 606 3012 677 ἀποστερῶν
3051 607 3206 660 αὐτὸν
3245 606 3340 675 τῆς
3370 603 3617 671 ἐξουσίας

2055 693 2153 762 τῆς
2192 694 2539 763 οἰκουμένης,
2586 692 2722 744 ἀλλά
2755 691 2845 742 τὸν
2884 691 3083 742 οἰκεῖον
3124 688 3403 758 ἐμφαίνων
3429 688 3620 742 πόθον.

2058 775 2162 828 Kal
2190 775 2490 844 εὐλόγησέ
2532 788 2604 826 σε
2651 773 2934 841 εὐλογίαν
2965 770 3224 838 οὐρανοῦ
3257 771 3502 824 ἄνωθεν.
3543 771 3617 824 Οὐ

2054 855 2236 924 μόνον,
2286 858 2470 927 φησὶν,
2519 856 2834 925 ἐϐοήθησεν,
2879 853 3013 906 ἀλλά
3053 854 3146 905 καὶ
3183 853 3500 922 Εὐλόγησέ
3547 870 3622 907 σε

2051 940 2337 1006 εὐλογίαν
2382 937 2492 1007 γῆς
2529 937 2794 1006 ἐχούσης
2827 935 3043 998 πάντα,
3087 935 3295 989 ἕνεκεν
3343 935 3622 1004 εὐλογίας

2048 1019 2298 1088 μαστῶν
2322 1022 2421 1074 καὶ
2445 1021 2695 1090 μήτρας,
2714 1019 2993 1085 εὐλογίας
3016 1019 3238 1085 πατρός
3257 1034 3370 1072 σου
3396 1019 3494 1071 καὶ
3506 1036 3624 1087 μη-

2052 1102 2189 1168 τρός
2210 1119 2343 1156 σου.
2389 1103 2826 1169 Ὑπερίσχυσεν
2857 1099 2948 1151 ἐπ’
2981 1100 3282 1166 εὐλογίαις
3315 1100 3498 1168 ὀρέων
3517 1117 3626 1168 μο-

2053 1183 2261 1250 νίμων,
2296 1185 2393 1236 καὶ
2423 1183 2760 1250 ἐπιθυμίαις
2793 1178 2971 1234 θινῶν
3009 1181 3282 1234 αἰωνίων.
3315 1181 3424 1251 Τὴν
3467 1181 3624 1244 δόξαν

2055 1266 2149 1317 καλ⁹
2181 1264 2280 1335 τὴν
2311 1267 2670 1336 περιφάνειαν
2693 1263 2927 1317 ἐνταῦθα
2957 1261 3252 1315 αἰνίττεται
3283 1264 3378 1315 καὶ
3402 1265 3501 1334 τήν
3527 1264 3624 1333 βα-

2057 1347 2262 1400 σιλείαν
2301 1347 2399 1417 τῆς
2419 1347 2718 1414 Αἰγύπτου,
2749 1345 2839 1398 διὰ
2871 1343 2978 1396 τῶν
3007 1345 3177 1413 ὀρέων
3212 1344 3304 1396 καὶ
3333 1346 3440 1396 τῶν
3465 1345 3625 1397 θινῶν

2053 1428 2116 1480 τὸ
2145 1427 2346 1498 ὑψηλόν
2363 1446 2421 1481 τε
2445 1429 2539 1481 καὶ
2567 1427 2788 1498 ἰσχυρὸν
2806 1425 3108 1501 ἐμφαίνων,
3141 1425 3216 1488 ὡς
3234 1427 3326 1479 καὶ
3359 1429 3438 1489 εἰς
3457 1427 3626 1498 αὐτὴν

2053 1509 2152 1580 τὴν
2180 1512 2440 1565 ἀνωτάτω
2481 1511 2726 1581 κορυφὴν
2756 1513 2856 1581 τῆς
2883 1510 3058 1581 ἀρχῆς
3087 1509 3464 1580 ἀνενεχθῆναι.
3504 1507 3628 1566 Αὖ-

2054 1608 2168 1653 ται,
2196 1594 2380 1661 φησὶν,
2411 1596 2470 1644 αἱ
2498 1594 2765 1662 εὐλογίαι
2797 1591 2896 1645 ἐπὶ
2934 1590 3047 1658 τὴν
3075 1589 3351 1659 κεφαλὴν
3382 1591 3630 1646 ἔσονται

2069 1673 2310 1741 Ἰωσὴφ,
2339 1675 2435 1727 καὶ
2467 1674 2566 1726 ἐπὶ
2597 1673 2866 1742 κορυφῆς
2895 1668 2984 1726 ὧν
3022 1671 3294 1741 ἡγήσατο
3324 1672 3624 1742 ἀδελφῶν.

2054 1749 2246 1818 Α’ὗται,
2279 1757 2464 1825 φησὶν,
2495 1757 2552 1808 αἱ
2585 1757 2827 1823 εὐλογίαι
2861 1754 2954 1807 ἐπὶ
2994 1755 3092 1824 τὴν
3133 1755 3377 1826 κεφαλὴν
3415 1757 3630 1808 ἔσονται

2055 1837 2154 1904 τὴν
2189 1839 2306 1907 σήν.
2340 1839 2622 1906 Βενιαμὶν
2662 1839 2847 1901 λύκος
2872 1837 3071 1905 ἅρπαξ
3079 1876 3092 1898 ,
3120 1837 3184 1889 τὸ
3213 1839 3472 1904 πρωϊνόν
3502 1838 3630 1891 ἕδε-

2058 1936 2172 1981 ται,
2200 1920 2297 1972 καὶ
2328 1922 2416 1983 εἰς
2453 1920 2522 1972 τὸ
2551 1919 2813 1987 ἑσπέρας
2832 1918 3110 1971 διαδώσει
3136 1917 3386 1987 τροφήν.
3419 1920 3526 1972 Καὶ
3554 1923 3632 1972 ἐν·

2055 2001 2232 2054 ταῦθα
2260 2001 2568 2072 προμηνύει
2599 2001 2748 2071 αὐτῷ
2775 2001 2844 2054 τὰ
2869 2002 3004 2070 μετά
3030 2003 3224 2074 μικρὸν
3251 2003 3482 2072 ἐσόμενα
3506 2005 3633 2073 χρό-

2058 2100 2166 2146 νον,
2196 2085 2292 2136 καὶ
2313 2084 2415 2149 ὅτι,
2455 2083 2707 2154 καθάπερ
2733 2083 2914 2146 λύκος,
2935 2076 3087 2147 οὗτος
3119 2085 3436 2154 ἐπιϐήσεται
3457 2086 3634 2156 ἀρπά-

2059 2166 2187 2229 ζων,
2225 2166 2488 2236 ἀναιρῶν,
2519 2167 2614 2219 καὶ
2635 2166 2804 2236 μυρία
2839 2167 2983 2219 κακά
3012 2167 3293 2230 διατιθείς.
3339 2168 3558 2238 Ἐπειδὴ
3574 2167 3632 2220 δέ

2059 2250 2195 2301 πᾶσι
2242 2251 2355 2311 τοῖς
2384 2250 2520 2312 υἱοῖς
2561 2249 2931 2319 καταλλήλους
2961 2250 3059 2312 τὰς
3105 2251 3353 2319 εὐλογίας
3385 2252 3632 2321 προεμή-

2061 2347 2211 2395 νυσε,
2230 2331 2338 2384 Καὶ
2365 2333 2689 2400 εὐλόγησε,
2723 2335 2907 2401 φησὶν,
2931 2331 3193 2384 ἕκαστον
3221 2334 3370 2385 κατὰ
3391 2331 3507 2400 τὴν
3529 2336 3633 2386 εὐ-

2057 2412 2271 2480 λογίαν
2313 2414 2522 2478 αὐτοῦ,
2557 2413 2638 2480 ἢν
2674 2416 3013 2482 εὐλόγησεν
3052 2415 3275 2480 αὐτούς
3299 2431 3310 2442 ·
3361 2415 3481 2467 ἀντὶ
3515 2415 3629 2481 τοῦ,

2058 2492 2202 2564 ἅπερ
2230 2496 2394 2565 ἐχρῆν
2414 2496 2630 2565 ἑκάστῳ
2659 2499 3025 2567 προεμήνυσε,
3056 2497 3149 2548 καὶ
3180 2496 3248 2548 τὰ
3271 2497 3356 2566 ἐφ’
3391 2497 3631 2569 ἑκάστης

2059 2578 2234 2648 φυλῆς
2272 2577 2662 2647 συμϐησόμενα
2712 2577 3167 2650 προανεφώνησεν
3191 2596 3203 2607 ·
3242 2581 3428 2652 ἐπειδὴ
3458 2581 3634 2634 διετά-

2061 2662 2187 2726 ξατο
2224 2661 2292 2714 τὰ
2336 2660 2439 2713 ὑπὸ
2477 2661 2569 2713 τοῦ
2623 2661 2938 2728 Πνεύμοτος
2984 2662 3133 2731 αὐτῷ
3190 2663 3629 2734 προμηνυθέντα,

2059 2744 2194 2813 φησι
2241 2743 2377 2811 πρὸς
2423 2743 2650 2805 αὐτούς·
2708 2743 2856 2812 Ἐγὼ
2897 2739 3288 2812 προστίθεμαί
3335 2747 3485 2813 πρὸς
3526 2748 3635 2801 τὸν

2057 2825 2206 2893 ἐμὸν
2235 2825 2406 2887 λαὸν,
2441 2827 2537 2877 καὶ
2567 2824 2786 2892 θάψετέ
2799 2844 2876 2894 με
2893 2827 3040 2894 μετὰ
3063 2826 3182 2878 τῶν
3209 2828 3480 2895 πατέρων
3489 2847 3631 2895 μου.

2129 2907 2191 2958 δ’.
2217 2907 2358 2976 Ὅρα
2380 2907 2495 2968 πῶς
2527 2907 2612 2958 διὰ
2629 2908 2729 2971 τῆς
2746 2909 3094 2978 ἐπισκήψεως
3129 2909 3332 2979 ταύτης
3373 2911 3634 2981 μεγίστην

2062 2989 2246 3049 αὐτοῖς
2272 2989 2625 3058 παραμυθίαν
2653 2989 2957 3058 χαρίζεται.
3001 2990 3274 3043 Ἐνενόουν
3290 2993 3418 3061 γὰρ,
3437 2995 3516 3046 ὅτι
3535 2996 3635 3048 οὐκ

2060 3075 2127 3128 ἂν
2151 3076 2178 3126 ὁ
2200 3074 2403 3135 δίκαιος
2430 3073 2588 3126 τοῦτο
2611 3075 2962 3138 διεστείλατο,
2985 3076 3032 3127 εί
3054 3076 3127 3145 μὴ
3156 3077 3371 3141 πάντως
3398 3079 3513 3147 ᾔδει
3537 3081 3634 3150 τὴν

2061 3157 2244 3210 ἄνοδον
2274 3156 2452 3208 αὐτῶν
2481 3157 2764 3226 ἐσομένην,
2803 3157 2896 3209 καὶ
2922 3161 3020 3228 τῆς
3049 3158 3292 3222 δουλείας
3323 3162 3420 3230 τῆς
3449 3164 3506 3213 ὲν
3536 3164 3634 3215 Αἰ-

2061 3240 2254 3309 γύπτῳ
2299 3239 2397 3309 τὴν
2441 3239 2780 3310 ἀπαλλαγήν.
2823 3235 2956 3292 Εἶτα
2988 3240 3202 3294 καὶτὸν
3241 3244 3402 3296 τόπον
3447 3245 3630 3313 λέγει·

2074 3325 2170 3374 Ἐν
2220 3323 2300 3388 τῷ
2349 3325 2650 3391 σπηλαίῳ,
2708 3323 2893 3392 φησὶν,
2947 3323 2981 3375 ὅ
3031 3324 3201 3378 ἐστιν
3243 3326 3313 3377 ἐν
3356 3326 3436 3392 τῷ
3476 3331 3634 3398 ἀγρῷ

2073 3405 2296 3472 Ἐρρὼν
2349 3407 2455 3459 τοῦ
2519 3407 2822 3459 Χετταίου.
2863 3407 2971 3458 Kal
3024 3407 3211 3460 ταῦτα
3255 3409 3438 3463 εἰπὼν
3495 3429 3636 3466 κατ-

2057 3487 2308 3550 έπαυσε,
2347 3489 2530 3558 φησὶν,
2554 3486 2900 3541 ἐπιτάσσων
2941 3488 3067 3558 τοῖς
3101 3489 3255 3554 υἱοῖς
3284 3491 3491 3545 αὐτοῦ.
3523 3492 3635 3548 Kal

2061 3568 2283 3636 ἐξάρας
2321 3557 2523 3624 Ἰακὼϐ
2537 3571 2679 3635 τούς
2708 3569 2899 3636 πόδας
2926 3557 3111 3624 αῠτῖνῡ
3133 3572 3229 3624 ἐπὶ
3258 3573 3370 3640 τὴν
3391 3577 3631 3644 κλίνην,

2061 3651 2325 3714 ἐξέλιπε,
2342 3652 2442 3704 καὶ
2463 3652 2795 3718 προσετέθη
2818 3655 2965 3718 πρὸς
2984 3652 3090 3704 τὸν
3103 3652 3258 3706 λαόν
3268 3657 3473 3709 αὐτοῦ.
3493 3659 3635 3726 Ὅρα

2063 3733 2163 3783 καὶ
2192 3732 2291 3800 τὴν
2323 3733 2581 3800 τελευτὴν
2627 3731 2723 3783 τοῦ
2761 3733 2971 3784 δικαίου
3006 3734 3199 3786 πολλοῦ
3238 3736 3510 3806 Θαύματος
3544 3740 3636 3806 γέ-

2071 3830 2298 3882 μουσαν.
2329 3813 2734 3881 Διαταξάμενος
2765 3814 2892 3881 γὰρ,
2922 3817 3075 3884 φησὶ,
3101 3818 3212 3878 τοῖς
3236 3820 3421 3872 παισὶν
3445 3821 3632 3885 αὐτοῦ,

2078 3895 2312 3964 Ἐξάρας
2355 3897 2480 3957 τοὺς
2521 3895 2685 3955 πόδας
2734 3896 2827 3945 ἐπὶ
2865 3895 2963 3964 τὴν
3011 3897 3218 3966 κλίνην,
3274 3899 3462 3971 ὥσπερ
3516 3904 3634 3973 μεθ’

2064 3981 2262 4051 ήδονῆς
2276 3982 2337 4033 τὸ
2350 3983 2580 4052 πρᾶγμα
2599 3981 3043 4050 καταδεχόμενος.
3062 3984 3216 4036 Οὕτω
3233 3987 3367 4054 μετά
3386 3989 3444 4040 τὸ
3460 3991 3635 4042 πάντα

2067 4063 2441 4128 διατάξασθαι,
2476 4063 2620 4127 Tabe
2639 4063 2829 4128 πόδας
2847 4064 3084 4133 ἐξάρας,
3108 4066 3230 4120 ἀντὶ
3248 4067 3361 4133 τοῦ,
3385 4070 3637 4138 ἐφαπλώ-

2067 4163 2186 4209 σας,
2217 4147 2248 4215 ἢ
2273 4147 2476 4212 τείνας,
2498 4147 2573 4209 ὼς
2596 4147 2662 4200 ἂν
2693 4148 2836 4200 εἴποι
2860 4166 2964 4212 τις,
3003 4148 3294 4214 Ἐξέλιπε,
3323 4152 3478 4206 τοῦτό
3496 4156 3632 4216 ἐστι,

2065 4228 2329 4281 κατέλυσε
2367 4229 2466 4299 τὴν
2501 4228 2665 4300 ζωὴν,
2695 4229 2808 4283 Kal
2834 4231 3165 4298 προσετέθη
3186 4233 3335 4302 πρὸς
3354 4236 3461 4288 τὸν
3484 4237 3636 4291 λαὸν

2062 4311 2270 4365 αὐτοῦ.
2305 4311 2413 4364 Kal
2438 4311 2768 4376 ἐπιπεσὼν,
2819 4315 3004 4383 φησὶν,
3048 4315 3265 4384 Ἰωσὴφ
3318 4318 3415 4370 ἐπὶ
3451 4322 3637 4388 πρόσ-

2064 4412 2228 4448 ωπον
2249 4394 2355 4447 τοῦ
2393 4395 2617 4462 πατρὸς
2644 4397 2852 4460 αὐτοῦ,
2886 4399 3190 4452 ἔκλαυσεν
3215 4399 3306 4452 ἐπ’
3333 4400 3511 4467 αὐτῷ,
3537 4403 3637 4456 καὶ

2065 4479 2472 4545 κατεφίλησεν
2489 4478 2695 4530 αὐτόν.
2729 4475 2884 4542 Εἶδες
2910 4481 3096 4542 παιδὸς
3124 4481 3532 4553 φιλοστοργίαν;
3559 4483 3638 4537 εἷ-

2063 4560 2152 4622 δες
2187 4559 2590 4627 πεπυρωμένην
2620 4559 2878 4629 ἀγάπην;
2907 4563 3015 4614 Καὶ
3045 4562 3182 4629 μετά
3204 4563 3302 4632 τὴν
3331 4565 3429 4632 τῆς
3459 4565 3638 4635 ψυχῆς

2067 4641 2415 4712 ἀναχώρησιν
2457 4641 2796 4695 Ἐπιπεσὼν
2821 4642 2918 4694 ἐπὶ
2951 4643 3017 4695 τὸ
3037 4645 3383 4709 πρόσωπον,
3407 4647 3502 4698 καὶ
3531 4664 3638 4701 κα-

2065 4723 2424 4793 ταφιλήσας,
2456 4725 2758 4778 ἔκλαυσεν
2793 4723 2884 4776 ἐπ’
2918 4723 3096 4788 αὐτῷ.
3133 4728 3240 4778 Καὶ
3262 4729 3453 4781 τούτου
3479 4746 3636 4796 γενο-

2071 4809 2232 4878 μένου
2274 4805 2472 4875 Ἰωσὴφ
2511 4805 2577 4859 τὰ
2615 4804 2766 4874 παρά
2800 4805 2895 4857 τοῦ
2943 4808 3148 4876 πατρὸς
3188 4810 3510 4866 ἐνταλθέντα
3558 4815 3640 4876 είς

2067 4891 2226 4961 ἔργον
2242 4888 2426 4940 λοιπὸν
2444 4887 2774 4950 ἐσπούδαζεν
2791 4889 3040 4956 ἀγαγεῖν.
3061 4889 3209 4954 Τέως
3221 4893 3278 4945 δέ
3299 4895 3638 4961 Προσέταξε

2068 4973 2191 5035 τοῖς
2218 4969 2643 5038 ἐνταφιασταῒς
2661 4969 3021 5038 ἐνταφιάσαι
3042 4973 3149 5024 τὸν
3178 4975 3402 5044 πατέρα
3428 4978 3634 5032 αὐτοῦ.

2067 5056 2176 5110 Kal
2201 5054 2384 5118 αὐτὸς
2405 5051 2522 5120 μὲν
2541 5053 2998 5121 τεσσαράκοντα
3022 5057 3245 5125 ἡμέρας
3268 5060 3373 5124 τὰς
3400 5059 3510 5127 τῆς
3542 5078 3640 5114 τα-

2069 5137 2209 5207 φῆς,
2248 5137 2287 5203 η
2338 5135 2406 5188 δὲ
2435 5136 2736 5204 Αἴγυπτος
2760 5135 3167 5205 ἐϐδομήκοντα
3199 5140 3422 5208 ἡμέρας
3453 5143 3640 5195 αὐτόν

2069 5217 2385 5284 ἐπένθησε.
2418 5218 2528 5269 Καὶ
2548 5219 2735 5289 ἐπειδὴ
2763 5219 2832 5271 τὰ
2856 5221 3220 5290 νενομισμένα
3239 5222 3454 5275 ἅπαντα
3483 5225 3640 5290 γεγέ-

2071 5319 2251 5370 νηται,
2272 5300 2455 5352 λοιπὸν
2479 5300 2733 5369 γνωρίζει
2753 5301 2831 5371 τῷ
2857 5302 3056 5374 Φαραὼ
3081 5304 3176 5356 καὶ
3199 5307 3313 5365 τοῖς
3340 5305 3457 5372 μετ’
3475 5305 3638 5358 αὐτοῦ

2068 5385 2136 5438 τὰ
2157 5383 2262 5436 ὑπὸ
2280 5383 2373 5436 τοῦ
2405 5384 2607 5454 πατρὸς
2636 5385 3015 5452 κελευσθέντα,
3042 5386 3134 5439 καί
3157 5403 3320 5456 φησιν
3340 5402 3352 5417 ε
3375 5387 3641 5454 ’Ὠρκωσε

2063 5485 2140 5537 με
2172 5471 2203 5521 ό
2227 5466 2421 5534 πατήρ
2448 5485 2568 5536 μου
2621 5467 2771 5538 [641]
2794 5469 2988 5537 λέγων
3006 5487 3020 5499 ·
3065 5470 3160 5522 Ἐν
3187 5466 3266 5533 τῷ
3286 5470 3572 5538 μνημείῳ,
3594 5463 3641 5537 ᾧ

2069 5551 2271 5620 ὠρυξα
2294 5547 2524 5618 ἐμαυτῷ
2545 5551 2613 5604 ἐν
2635 5551 2711 5620 γῇ
2731 5553 2990 5612 Χαναὰν.
3012 5551 3141 5605 ἐκεῖ
3153 5569 3232 5620 με
3252 5552 3483 5620 θάψεις.
3514 5553 3640 5607 Νῦν

2071 5630 2184 5689 οὖν
2215 5633 2564 5700 συναναϐὰς
2586 5634 2755 5703 θάψω
2777 5636 2882 5688 τὸν
2908 5637 3136 5705 πατέρα
3154 5654 3296 5705 μου,
3328 5638 3424 5690 καὶ
3455 5639 3640 5690 ἐπαν-

2073 5718 2418 5798 ελεύσομαι.
2466 5719 2749 5788 Προσῆκόν
2797 5721 2934 5783 ἐστι,
2983 5721 3138 5788 φησὶ,
3191 5720 3259 5772 τὰ
3306 5722 3432 5790 παρ’
3475 5720 3638 5772 αὐτοῦ

2073 5800 2396 5867 διαταγέντα
2429 5799 2782 5870 πληρωθῆναι
2810 5802 2936 5873 παρ’
2981 5801 3138 5871 ἐμοῦ.
3182 5803 3421 5873 Ποιήσας
3453 5798 3544 5855 οὖν
3575 5800 3644 5854 τά

2073 5882 2299 5946 δόξαντα
2345 5882 2514 5953 αὐτῷ,
2561 5884 3019 5954 ἐπανελεύσομαι.
3059 5885 3244 5940 Ταῦτα
3278 5886 3512 5946 ἀκούσας
3551 5886 3638 5935 ἐπι

3222 5980 3297 6038 13
