4146 6260
531 321 635 381 577

528 437 756 510 ἔτρεψεν
782 439 810 490 0
839 435 1059 512 Φαραώ.
1097 439 1204 492 Kal
1239 439 1441 506 ἀνέϐη,
1461 441 1643 510 φησὶν,
1685 439 1906 508 Ἰωσὴφ
1925 439 2108 508 θάψαι

528 521 636 573 τὸν
660 519 882 588 πατέρα
917 520 1123 582 αὑτοῦ,
1167 519 1264 573 καί
1298 521 1728 588 συνανέϐησαν
1751 523 1879 590 μετ’
1923 521 2109 576 αὐτοῦ

527 602 752 668 πάντες
774 606 828 657 οἰ
847 602 1054 668 παῖδες
1081 601 1307 671 Φαραώ.
1333 604 1440 656 Kal
1462 604 1578 670 τὴν
1601 605 1977 674 συγ-γένειαν,
2009 603 2109 657 καὶ

526 684 670 750 τοὺς
695 685 851 749 βόας
879 685 978 737 καὶ
1007 683 1079 737 τὰ
1097 687 1362 751 πρόϐατα
1385 687 1806 740 ὑπελείποντο.
1831 687 1940 739 Kal
1953 703 2107 739 συν-

525 765 836 834 ανέϐησαν
862 768 991 835 μετ’
1011 767 1200 820 αὐτοῦ
1223 767 1454 837 ἅρματα
1477 769 1576 822 καί
1612 768 1829 835 ἱππεῖς,
1861 768 1956 822 καί
1983 767 2108 837 ἑτέ·

527 865 671 902 νετο
703 848 740 916 ή
779 849 1127 917 παρεμϐολὴ
1167 851 1402 918 μεγάλη
1431 851 1686 918 σφόδρα.
1725 852 1866 922 Ὅρα
1891 852 1979 904 διά
2007 851 2104 920 τὴν

525 934 606 994 εἰς
630 931 723 983 τὸν
759 931 958 1001 Ἰωσὴφ
984 931 1151 1002 τιμὴν
1177 932 1352 1001 πόσην
1379 933 1776 986 ἐπιδείκνυνται
1802 934 2038 1004 σπουδὴν
2055 933 2103 986 οἰ

522 1011 840 1080 Αἰγύπτιοι,
871 1012 964 1064 καὶ
987 1012 1410 1082 συνανέρχονται
1433 1013 1510 1084 τῷ
1545 1014 1763 1085 Ἰωσὴφ,
1789 1015 1928 1070 ὥστε
1955 1015 2104 1082 γενέ-

526 1097 650 1150 σθαι
678 1097 878 1159 αὐτοὺς
903 1095 1262 1167 παρεμϐολὴν
1291 1097 1553 1167 μεγάλην.
1574 1097 1682 1150 Kal
1705 1099 2104 1167 παραγενόμε-

521 1191 616 1231 νοι
655 1178 725 1232 ἕν
751 1195 868 1231 τινι
893 1179 1073 1244 τόπῳ,
1103 1177 1406 1246 ἐκόψαντο
1432 1179 1616 1233 αὐτὸν
1637 1179 1897 1233 κοπετὸν
1911 1178 2103 1247 μέγαν

524 1261 620 1312 καί
654 1261 908 1328 ἰσχυρὸν
949 1260 1205 1328 σφόδρα.
1253 1259 1361 1314 Kal
1390 1261 1642 1327 ἐποίησε
1675 1261 1741 1314 τὸ
1768 1259 1988 1324 πένθος
2021 1259 2102 1325 τῷ

523 1343 697 1409 πατρί
718 1341 903 1395 αὐτοῦ
923 1343 1074 1394 ἑπτὰ
1099 1341 1345 1411 ἡμέρας.
1363 1343 1474 1396 Kal
1501 1339 1666 1396 εῖδον
1686 1345 1740 1395 ol
1757 1341 2100 1395 κατοικοῦν-

521 1439 620 1490 τες
662 1425 923 1488 Χαναὰν,
969 1424 1066 1476 καί
1093 1421 1272 1477 εῖπαν
1291 1441 1305 1454 ·
1351 1424 1579 1489 Πένθος
1613 1424 1766 1494 μέγα
1809 1423 1940 1476 ἐστί
1975 1423 2100 1487 τοῖς

519 1508 886 1576 Αἰγυπτίοις.
922 1506 1026 1559 Διά
1057 1507 1234 1560 τοῦτο
1261 1507 1519 1560 ἐκάλεσε
1555 1499 1838 1574 τὸ’6νομα
1867 1505 1972 1559 τοῦ
2000 1507 2098 1558 τό·

521 1605 659 1652 που,
674 1589 900 1653 Πένθος
914 1589 1237 1656 Αἰγύπτου,
1257 1589 1290 1642 ὅ
1301 1589 1432 1642 ἐστι
1450 1593 1639 1656 πέραν
1651 1589 1755 1642 τοῦ
1781 1588 2094 1655 Ἰορδάνου.

609 1671 770 1724 Ἀλλά
799 1672 862 1722 σὺ
894 1671 1066 1723 ταῦτα
1095 1670 1328 1736 ἀκούων,
1365 1672 1635 1741 ἀγαπητέ,
1673 1671 1746 1741 μὴ
1769 1669 1957 1732 ἁπλῶς
1991 1687 2097 1723 πα-

523 1753 776 1824 ράτρεχε,
799 1753 934 1806 ἀλλά
957 1753 1049 1804 τὸν
1072 1753 1262 1823 καιρὸν
1292 1753 1505 1818 ἐννοῶν,
1525 1753 1645 1806 καθ’
1663 1753 1722 1804 ὃν
1737 1753 1962 1821 ἐγίνετο,
1995 1751 2099 1805 πά-

523 1853 622 1905 σης
651 1836 832 1899 αἰτίας
859 1835 1169 1890 ἀπάλλαττε
1190 1837 1282 1889 τὸν
1313 1837 1533 1906 Ἰωσήφ.
1567 1835 1794 1889 Οὐδέπω
1817 1835 1926 1904 γὰρ
1955 1830 2097 1905 ἦσαν

517 1916 613 1970 τοῦ
648 1917 774 1988 ᾅδου
801 1919 855 1970 al
895 1917 1060 1970 πύλαι
1105 1917 1546 1986 συγκλασθείσαι,
1587 1917 1708 1971 οὐδὲ
1739 1917 1832 1969 τοῦ
1863 1915 2094 1969 θανάτου

517 1999 586 2052 τὰ
619 1999 797 2069 δεσμά
829 1999 1168 2063 διαλυθέντα,
1193 2001 1312 2052 οὐδέ
1339 2001 1596 2069 κοίμησις
1627 2001 1654 2051 0
1681 1998 1909 2060 θάνατος
1939 1996 2096 2066 λεγό-

521 2099 678 2152 μενος
709 2079 799 2151 ἦν.
824 2082 923 2135 Διά
945 2083 1102 2135 τοῦτο
1125 2083 1312 2153 ἐπειδὴ
1343 2082 1705 2144 ἐδεδοίκεισαν
1727 2081 1817 2132 τὸν
1843 2080 2091 2145 θάνατον,

515 2165 688 2218 ταῦτα
709 2165 927 2218 ἐποίουν
949 2181 963 2197 ⁶
983 2165 1100 2218 νυνὶ
1120 2164 1174 2217 δέ
1203 2164 1289 2217 διά
1303 2164 1512 2235 τὴντοῦ
1533 2163 1667 2217 Θεοῦ
1695 2164 1876 2235 χάριν,
1905 2163 2092 2234 ἐπειδὴ

517 2248 687 2312 ὕπνος
713 2250 742 2301 ὁ
775 2247 1006 2310 Θάνατος
1039 2247 1248 2315 γέγονε,
1274 2247 1370 2300 καὶ
1397 2247 1654 2317 κοίμησις
1679 2249 1713 2316 ἡ
1740 2245 1980 2316 τελευτὴ,
1999 2247 2094 2298 καὶ

515 2330 686 2400 πολλὴ
707 2330 809 2399 τῆς
841 2330 1194 2392 ἀναστάσεως
1232 2332 1264 2399 ἡ
1307 2329 1672 2400 πληροφορία,
1705 2329 1781 2391 ὼς
1809 2328 1917 2382 ἀπὸ
1949 2327 2094 2397 ζωῆς

517 2416 598 2476 εἰς
634 2411 779 2482 ζωὴν
814 2412 1220 2482 μεθιστάμενοι,
1250 2411 1427 2475 οὕτως
1469 2411 1820 2481 ἀγαλλόμεθα
1863 2413 1956 2464 καὶ
1997 2411 2091 2464 εὐ-

515 2493 880 2566 φραινόμεθα.
917 2495 1025 2545 Kal
1057 2493 1108 2544 τί
1137 2493 1280 2560 λέγω
1309 2495 1416 2546 ἀπὸ
1450 2493 1596 2561 ζωῆς
1619 2495 1698 2554 είς
1731 2492 1908 2563 ζωήν;
1958 2493 2092 2546 Ἀπὸ

512 2576 612 2644 τῆς
643 2575 884 2644 χείρονος
918 2575 1010 2626 ἐπὶ⁸
1045 2575 1142 2644 τὴν
1175 2575 1439 2643 βελτίονα,
1474 2575 1581 2627 ἀπὸ
1619 2575 1718 2644 τῆς
1753 2574 2088 2645 προσκαίρου

515 2659 609 2710 ἐπὶ
625 2657 723 2727 τὴν
749 2657 989 2722 αἰώνιον,
1011 2658 1119 2710 ἀπὸ
1135 2659 1235 2728 τῆς
1252 2657 1495 2725 ἐπιγείου
1519 2657 1612 2709 ἐπί
1631 2657 1730 2728 τὴν
1747 2657 2085 2725 ἐπουράνιον.

515 2741 625 2793 Kal
664 2739 963 2813 πληρώσας
995 2739 1196 2804 πάντα,
1235 2741 1420 2810 φησὶν,
1461 2739 1672 2806 Ἰωσὴφ
1707 2739 2090 2806 ὑπέστρεψεν

514 2825 600 2887 εὶς
627 2823 951 2890 Αἴγυπτον,
979 2823 1162 2888 αὐτὸς
1187 2823 1286 2876 καί
1314 2826 1368 2875 οἰ
1397 2821 1646 2889 ἀδελφοί
1672 2821 1878 2884 αὐτοῦ,
1911 2820 2011 2872 καί
2033 2823 2089 2874 ol

512 2905 964 2969 συναναϐάντες
983 2907 1108 2974 μετ’
1131 2905 1336 2959 αὐτοῦ.
1375 2905 1512 2956 Ἀλλ’
1539 2905 1638 2973 δρα
1669 2921 1758 2973 μοι
1789 2903 1976 2957 λοιπὸν
1999 2904 2088 2956 ἐν·

513 2985 687 3040 ταῦθα
719 2989 827 3040 τῶν
853 2987 1098 3057 ἀδελφῶν
1135 2987 1230 3039 τοῦ
1273 2987 1472 3058 Ἰωσὴφ
1498 2987 1596 3058 τὴν
1621 2986 1842 3050 δειλίαν,
1879 2987 1973 3039 καὶ
1997 2987 2088 3040 τὸν

511 3071 676 3138 φόϐον
704 3071 794 3124 τὸν
819 3072 1177 3125 κατασείοντα
1205 3071 1386 3123 αὐτῶν
1413 3073 1512 3139 τὴν
1537 3070 1793 3123 διάνοιαν.
1841 3069 2088 3136 Ἰδόντες

511 3156 637 3226 γὰρ,
687 3155 872 3223 φησὶν,
922 3159 974 3208 οἱ
1027 3155 1274 3222 ἀδελφοὶ
1325 3153 1569 3221 Ἰωσὴφ,
1603 3153 1692 3206 ὅτι
1734 3154 2022 3220 τέθνηκεν
2055 3155 2088 3206 ό

509 3236 706 3304 πατὴρ
723 3235 941 3301 αὐτῶν,
971 3233 1150 3290 εἶπαν
1173 3253 1185 3266 ·
1211 3235 1455 3301 Μήποτε
1475 3237 1909 3304 μνησικακήσῃ
1943 3235 2088 3304 ἡμῖν

501 3319 757 3386 -Ἰωσὴφ,
794 3318 891 3371 καὶ
927 3317 1246 3382 ἀνταποδῷ
1275 3318 1660 3386 ἀνταπόδομα
1693 3319 1858 3387 ἡμῖν,
1889 3319 2088 3371 πάντα

505 3403 583 3456 τὰ
609 3403 764 3455 κακά
789 3401 826 3454 ἂ
853 3402 1274 3470 ἐνεδειξάμεθα
1291 3401 1469 3466 αὐτῷ.
1503 3401 1774 3468 Μεγάλως
1796 3403 1976 3455 αὐτῶν
2005 3415 2030 3443 ε
2058 3404 2086 3454 0

509 3485 673 3552 φόϐος
698 3486 962 3554 ἐτάραττε
989 3485 1088 3556 τὴν
1117 3485 1378 3548 διάνοιαν,
1403 3485 1499 3537 καὶ
1525 3485 1629 3537 ὑπὸ
1655 3485 1748 3537 τοῦ
1779 3485 2083 3549 συνειδότος

503 3567 858 3637 κεντούμενοι
879 3569 978 3620 οὐκ
997 3564 1141 3636 εἶχον
1163 3569 1190 3620 ὃ
1211 3585 1262 3620 τι
1299 3567 1570 3638 πράξωσι.
1604 3567 1704 3621 Διά
1719 3569 1897 3633 τοῦτο,
1928 3571 2079 3638 φησὶ,

501 3649 836 3718 θεασάμενοι
854 3649 949 3702 τοῦ
979 3650 1183 3719 πατρὸς
1207 3649 1304 3719 τὴν
1324 3649 1602 3720 τελευτὴν,
1623 3650 1719 3703 καὶ
1746 3651 2079 3721 ὐπιδόμενοι,

503 3733 582 3804 μὴ
615 3735 712 3803 τὴν
761 3733 919 3796 ἀξίαν
964 3733 1163 3796 αὐτοὺς
1209 3731 1572 3803 είσπράξηται
1619 3733 1776 3805 δίκην
1809 3735 1837 3786 ὁ
1883 3734 2081 3805 Ἰωσὴφ

503 3817 641 3886 ὺπέρ
675 3815 781 3868 τῶν
815 3817 896 3878 εἰς
935 3817 1099 3869 αὐτὸν
1135 3815 1536 3886 εἰργασμένων,
1581 3817 2079 3886 Παραγενόμενοι,

503 3900 656 3969 φησὶ,
691 3899 844 3968 πρὸς
873 3901 1061 3953 αὑτὸν
1099 3895 1304 3952 εἷπον·
1347 3899 1410 3952 '0
1441 3899 1636 3967 πατήρ
1675 3915 1791 3953 σου
1840 3899 2080 3968 ὥρκωσε

499 3983 612 4050 πρὸ
627 3983 733 4035 τοῦ
754 3982 1115 4050 τελευτῆσαι
1145 3981 1350 4044 αὐτὸν,
1371 3983 1584 4050 λέγων·
1607 3983 1826 4034 Εἴπατε
1841 3982 2074 4050 Ἰωσὴφ,

503 4065 900 4134 Ἀφεςαύτοῖς
915 4064 1030 4132 τὴν
1042 4064 1284 4120 ἀδικίαν
1297 4064 1394 4116 καί
1417 4063 1532 4129 τὴν
1543 4065 1836 4132 ἁμαρτίαν
1857 4063 2072 4118 αὐτῶν.

503 4147 647 4215 Ὅρα
691 4146 875 4211 πάλιν,
905 4147 1023 4208 πῶς
1068 4147 1224 4198 αὐτοὶ
1259 4144 1470 4198 ἑαυτῶν
1489 4147 1787 4215 κατήγοροι
1809 4147 2072 4212 γίνονται.

498 4227 675 4279 Βλέπε
711 4228 836 4279 ὅσον
885 4227 1034 4280 ἐστὶν
1065 4228 1094 4278 0
1144 4227 1238 4278 τοῦ
1279 4226 1581 4288 συνειδότος
1625 4226 1864 4298 ἐλεγχος.
1899 4228 2078 4292 Ὂλως

501 4310 637 4370 ἴστε,
665 4309 748 4359 ὅτι
773 4307 988 4362 ἀδικίαν
1020 4309 1114 4360 καὶ
1156 4309 1431 4378 ἁμαρτίαν
1465 4309 1817 4380 εἰργάσασθε,
1855 4311 1937 4364 ὅτι
1976 4329 2074 4363 πο-

497 4391 640 4461 νηρά
673 4389 1036 4454 ἐνεδείξασθε.
1073 4391 1182 4444 Καὶ
1215 4391 1330 4443 νῦν
1359 4391 1526 4456 δέξαι
1553 4391 1667 4459 τὴν
1695 4393 1934 4447 ἀδικίαν
1961 4393 2079 4446 τῶν

497 4473 876 4540 θεραπόντων
907 4473 1012 4526 τοῦ
1043 4473 1190 4526 Θεοῦ
1208 4473 1312 4526 τοῦ
1339 4476 1564 4542 πατρός
1587 4491 1723 4530 σου.
1757 4473 1908 4538 Εἶδες
1935 4477 2071 4540 πῶς,

497 4556 708 4620 οὐδενὸς
731 4555 1160 4621 ἀναγκάζοντος,
1183 4558 1340 4610 αὐτοὶ
1363 4557 1572 4611 ἐαυτῶν
1589 4559 1888 4630 κατήγοροι
1907 4559 2074 4626 γίνον-

494 4655 606 4700 ται,
627 4639 718 4691 καί
753 4654 936 4708 φασιψ
954 4634 1121 4694 Εἶπεν
1144 4642 1172 4692 0
1192 4641 1376 4711 πατήρ
1404 4657 1522 4702 σου,
1543 4643 1726 4709 Ἀφες
1745 4640 1968 4706 αὐτοῖς,
1984 4641 2073 4696 ὅτι

494 4722 728 4790 πονηρά
768 4737 868 4776 σοι
915 4722 1314 4788 ἐνεδείξαντο,
1355 4725 1450 4776 καί
1486 4723 1654 4789 δέξαι
1681 4724 1798 4791 τὴν
1837 4723 2074 4780 ἀδικίαν

493 4803 613 4857 τῶν
639 4809 1022 4872 θεραπόντων
1051 4807 1158 4859 τοῦ
1193 4806 1341 4860 Θεοῦ
1365 4807 1472 4861 τοῦ
1503 4809 1726 4876 πατρός
1752 4807 1902 4878 [642]
1933 4824 2069 4865 σου.

503 4889 646 4941 Ἀλλ’
687 4889 717 4940 0
763 4889 1078 4959 Θαυμαστὸς
1121 4882 1278 4952 οὗτος
1322 4889 1417 4942 καὶ
1465 4891 1770 4962 πανὰρετος
1819 4891 2070 4945 τοσοῦτον

493 4970 699 5039 ἀπέσχε
737 4971 829 5022 τοῦ
859 4972 1081 5040 μνήμην
1114 4971 1239 5023 τινὰ
1274 4973 1604 5042 ποιήσασθαι
1643 4973 1752 5025 τῶν
1788 4975 1867 5036 εἰς
1910 4975 2069 5029 αὐτὸν

493 5053 890 5124 εἰργασμένων,
909 5053 990 5105 ὅτι
1022 5054 1116 5106 καὶ
1141 5055 1277 5125 πρὸς
1301 5055 1372 5108 τὰ
1403 5057 1625 5126 ῥήματα
1646 5057 1826 5111 αὐτῶν
1845 5059 2070 5130 συνεχύ-

490 5137 579 5207 θη.
609 5137 721 5190 Kal
748 5136 1040 5202 ἕκλαυσε,
1073 5137 1262 5207 φησὶν,
1293 5137 1538 5208 Ἰωσὴφ,
1574 5141 1930 5195 λαλούντων
1963 5145 2068 5197 αὑ-

488 5219 609 5274 τῶν
629 5221 778 5288 πρὸς
804 5221 1012 5275 αὐτόν.
1042 5221 1148 5273 Kal
1181 5223 1464 5286 ἐλθόντες
1485 5219 1658 5276 εἷπον
1675 5241 1690 5255 ·
1725 5224 1870 5289 Ἴδε,
1896 5225 2068 5296 ἡμεῖς

488 5319 588 5357 σοι
631 5302 876 5356 οἰκέται.
909 5301 1054 5372 Ὅρα
1085 5302 1250 5380 πόσον
1289 5305 1437 5356 ἐστὶν
1464 5305 1654 5375 ἀρετὴ,
1693 5307 1808 5369 πῶς
1851 5309 2069 5380 ἰσχυρὸν

487 5386 584 5437 καὶ
627 5383 861 5455 ἄμαχον,
909 5383 1008 5436 καὶ
1041 5384 1140 5455 ὅση
1171 5385 1272 5455 τῆς
1311 5387 1509 5449 κακίας
1548 5390 1581 5458 ἡ
1616 5388 1890 5445 ἀσθένεια.
1937 5391 2066 5445 Ἰδοὺ

487 5468 618 5538 γὰρ,
643 5471 674 5520 0
705 5469 801 5537 μέν
834 5467 1072 5523 τοσαῦτα
1109 5467 1392 5532 πεπονθὼς
1417 5469 1711 5540 βασιλεύει,
1743 5473 1870 5525 οἱδέ
1899 5474 2068 5528 ταῦτα

485 5549 762 5608 διαθέντες
795 5551 890 5603 τὸν
935 5551 1181 5618 ἀδελφὸν,
1231 5553 1446 5606 οἰκέται
1497 5548 1636 5607 εἶναι
1687 5556 2065 5626 παρακαλοῦσι

486 5631 582 5682 τοῦ
613 5632 742 5701 παρ’
777 5633 958 5685 αὐτῶν
991 5635 1071 5696 εἰς
1099 5634 1341 5688 δουλείαν
1363 5635 1708 5701 ἐκδοθέντος.

559 5719 620 5794 εξ.
651 5713 788 5764 Ἀλλ’
819 5716 986 5768 ἄκουε
1011 5716 1105 5768 τοῦ
1153 5717 1349 5789 Ἰωσὴφ
1371 5719 1468 5790 τὴν
1485 5721 1616 5791 περὶ
1643 5723 1772 5784 τοὺς
1804 5724 2064 5794 ἀδελφοὺς

488 5792 863 5878 ἀνεξικαὶιίαν,
895 5797 990 5850 καὶ
1017 5799 1163 5862 ὅπως
1192 5800 1281 5854 διὰ
1313 5802 1531 5856 πάντων
1560 5803 1757 5867 αὐτοὺς
1795 5792 2054 5878 παραμυ-

543 5875 579 5906 -³
607 5873 758 5926 Savfl.
781 5881 830 5928 et
853 5879 1050 5938 quidam
1072 5893 1184 5932 mss.
1210 5883 1358 5946 αὐτῷ.
1385 5884 1612 5942 Γενναίως
1637 5887 1807 5935 αὐτῶν.

1231 325 1286 382 s.
1329 313 1612 382 JOANNIS
1650 321 2148 381 CHRYSOSTOMI
2182 319 2500 378 ARCIIIEP.
2541 313 3086 381 CONSTANTINOP.

3678 321 3788 380 578

2215 437 2486 504 θήσασθαι
2519 439 2790 510 βούλεται,
2833 440 2930 492 καὶ
2965 441 3172 499 πεῖσαι,
3213 436 3290 499 ὡς
3325 433 3481 489 οὐδὲν
3511 434 3593 498 είς
3621 437 3786 490 αὐτὸν

2209 523 2586 592 ἡμαρτήκασι.
2606 521 2716 574 Καί
2731 538 2886 591 φησι,
2920 519 3014 586 Μὴ
3031 518 3311 588 φοϐεῖσθε
3331 536 3343 550 ·
3369 518 3476 572 τοῦ
3502 519 3612 587 γὰρ
3635 519 3785 572 Θεοῦ

2207 606 2324 674 εἰμι
2348 603 2478 672 ἐγώ.
2511 603 2696 674 Ὑμεῖς
2723 603 3171 656 ἐϐουλεύσασθε
3193 602 3322 654 κατ’
3341 601 3489 670 ἐμοῦ
3515 601 3746 668 πονηρά
3763 613 3780 628 ·

2209 689 2242 739 ό
2261 685 2328 738 δὲ
2359 685 2503 751 Θεὸς
2525 687 2928 739 ἐϐουλεύσατο
2952 685 3082 752 περὶ
3105 685 3252 752 ἐμοῦ
3274 686 3356 748 εἰς
3377 684 3591 752 ἀγαθὰ,
3620 683 3784 749 ὅπως

2207 768 2284 822 ἂν
2304 767 2528 837 γενηθῇ
2547 771 2626 834 ὡς
2645 767 2932 837 σήμερον,
2955 769 3056 820 ἵνα
3081 766 3332 834 διατραφ
3346 765 3378 832 ᾖ
3401 767 3550 830 λαὸς
3563 765 3776 828 πολύς.

2206 851 2296 921 Μὴ
2321 851 2650 922 δειλιάσητε,
2687 849 2842 922 φησὶ,
2880 849 3012 920 μηδέ
3035 849 3319 917 ἐναγώνιοι
3361 847 3626 918 γένησθε’
3667 846 3782 901 Τοῦ

2209 934 2357 986 Θεοῦ
2389 933 2502 1002 γάρ
2527 935 2644 1002 εἰμι
2685 932 2818 1002 ἐγὼ,
2851 933 2946 985 καὶ
2975 932 3068 984 τὸν
3099 931 3379 999 Δεσπότην
3405 931 3498 984 τὸν
3525 929 3654 998 ἐμὸν
3689 945 3780 999 μι-

2209 1015 2437 1083 μοῦμαι,
2469 1015 2566 1068 καὶ
2610 1013 2951 1084 εὐεργεσίαις
2985 1014 3308 1085 ἀμείϐεσθαι
3337 1011 3625 1076 σπουδάζω
3651 1014 3780 1074 τοὺς

2203 1095 2272 1146 τὰ
2297 1095 2574 1164 ἀνήκεστά
2601 1112 2669 1164 με
2701 1095 3013 1158 διαθέντας⁶
3049 1094 3160 1150 Τοῦ
3187 1095 3298 1163 γὰρ
3322 1093 3470 1147 Θεοῦ
3497 1096 3612 1161 εἰμι
3639 1093 3775 1162 ἐγὼ.

2206 1172 2342 1228 Εἶτα
2381 1175 2596 1238 δεικνὺς
2625 1178 2756 1248 ὅσης
2783 1177 3045 1231 ἀπολαύει
3077 1177 3227 1246 παρὰ
3255 1175 3349 1228 τοῦ
3379 1174 3511 1227 Θεοῦ
3541 1175 3776 1238 εὐνοίας,

2205 1261 2371 1328 φησίν
2391 1273 2404 1287 ·
2427 1257 2616 1327 Ὑμεῖς
2630 1259 2839 1328 πονηρᾷ
2851 1259 3043 1329 γνώμῃ
3065 1258 3132 1311 τὰ
3149 1257 3268 1311 κατ’
3299 1257 3398 1327 ἐμὲ
3425 1255 3774 1326 εἰργάσασθε,

2203 1341 2232 1390 0
2259 1340 2314 1392 δέ
2345 1339 2478 1402 Θεὸς
2495 1341 2575 1402 εἰς
2589 1341 2772 1409 ἀγαθά
2797 1359 2887 1412 μοι
2911 1342 3090 1396 πάντα
3115 1359 3180 1394 πε
3191 1341 3464 1412 ριέστησε.
3495 1339 3594 1392 Διὰ
3616 1337 3778 1392 τοῦτο

2201 1421 2298 1474 καὶ
2330 1420 2541 1485 Παῦλος
2572 1421 2746 1492 ἔλεγε,
2783 1423 2913 1489 Τοῖς
2939 1423 3212 1492 ἀγαπῶσι
3245 1424 3354 1476 τὸν
3393 1422 3541 1475 Θεὸν
3573 1421 3778 1474 πάντα

2201 1505 2839 1576 συνεργεῖείςάγαθόν.
2871 1507 3092 1572 Πάντα,
3123 1507 3358 1577 (mtrth
3385 1507 3524 1569 ἐστι,
3545 1504 3774 1567 nam;

2201 1587 2313 1639 Kal
2342 1581 2413 1638 τά
2445 1588 2687 1653 ἐναντία,
2715 1590 2810 1641 καὶ
2837 1587 2904 1641 τὰ
2934 1589 3124 1642 λυπεῖν
3151 1587 3433 1652 δοκοῦντα,
3475 1589 3567 1641 καὶ
3597 1587 3774 1642 ταῦτα

2202 1671 2282 1732 εἰς
2313 1670 2516 1738 ἀγαθὸν
2549 1671 2894 1741 μεθίστησιν·
2933 1671 2960 1724 ὃ
2987 1672 3051 1742 δὴ
3092 1672 3186 1725 καὶ
3219 1672 3310 1724 ἐπὶ
3341 1670 3434 1723 τοῦ
3469 1669 3774 1740 θαυμασίου

2199 1751 2390 1804 τούτου
2412 1753 2720 1822 γεγένηται.
2747 1753 2830 1806 Τά
2850 1753 2960 1824 γάρ
2981 1752 3130 1823 παρά
3145 1754 3252 1805 τῶν
3271 1752 3517 1820 ἀδελφῶν
3533 1769 3776 1822 γεγενη-

2204 1835 2358 1904 μένα,
2389 1835 2562 1889 ταῦτα
2589 1836 2825 1905 μάλιστα
2842 1835 2988 1906 αὐτῷ
3007 1835 3106 1906 τὴν
3121 1835 3400 1906 βασιλείαν
3415 1835 3769 1906 προεξένησε,

2199 1918 2300 1988 τῆς
2332 1918 2645 1989 εὐμηχάνου
2697 1919 2786 1972 τοῦ
2815 1919 2951 1972 Θεοῦ
2986 1920 3178 1987 σοφίας
3225 1920 3400 1973 πάντα
3441 1918 3510 1970 τά
3555 1918 3773 1988 πονηρά

2199 2001 2280 2062 εἰς
2311 1999 2494 2068 ἀγαθά
2549 2000 3015 2070 μεταϐαλλούσης.
3065 2002 3197 2055 Ἵνα
3237 1999 3555 2069 διατραφῇ,
3615 2001 3769 2069 φησι,

2197 2083 2350 2146 λαὸς
2375 2084 2589 2147 πολύς.
2620 2085 2695 2137 Οὐ
2726 2083 2884 2154 μόνον
2905 2085 2934 2136 ὐ
2943 2085 3057 2154 μῶν
3071 2084 3256 2136 ἕνεκεν
3279 2083 3449 2136 ταῦτα
3469 2085 3548 2146 εἰς
3570 2081 3773 2150 ἀγαθὸν

2201 2163 2518 2234 μετέϐαλεν,
2551 2165 2663 2217 ἀλλ’
2687 2166 2774 2219 ἵνα
2805 2167 2896 2218 καὶ
2927 2167 3036 2228 πᾶς
3065 2159 3222 2228 οὗτος
3249 2166 3278 2216 0
3306 2165 3432 2228 λαὸς
3469 2164 3774 2234 διατραφῆ-

2195 2263 2282 2299 ναι
2313 2247 2540 2318 δυνηθῇ.
2579 2247 2688 2301 Kal
2718 2243 2887 2302 εῖπεν
2915 2248 3120 2314 αὐτοῖς
3139 2267 3153 2278 ·
3187 2249 3284 2316 Μὴ
3315 2248 3625 2316 φοϐεῖσθε·
3655 2245 3772 2316 ἐγὼ

2194 2327 2490 2397 διαθρέψω
2518 2329 2694 2398 ὑμᾶς,
2732 2330 2968 2396 καὶτὰς
3015 2331 3208 2397 οἰκίας
3246 2329 3435 2400 ὑμῶν.
3477 2331 3584 2384 Kal
3625 2347 3773 2401 παρ-

2194 2407 2495 2460 εκάλεσεν
2541 2406 2785 2474 αὐτοὺς,
2821 2409 2920 2461 καὶ
2956 2408 3266 2475 ἐλάλησεν
3295 2408 3494 2462 αὐτῶν
3523 2411 3609 2474 εἰς
3657 2409 3774 2475 τὴν

2195 2490 2470 2556 καρδίαν.
2504 2489 2570 2542 Τί
2589 2490 2770 2544 τοίνυν
2795 2491 3104 2558 δεδοίκατε;
3149 2491 3290 2561 Ἐγὼ
3320 2493 3448 2562 ὑμῖν
3479 2493 3772 2563 χορηγήσω
3881 2522 3902 2536 ι

2193 2573 2262 2626 τὰ
2283 2575 2420 2644 πρὸς
2450 2573 2682 2643 τροφὴν,
2717 2575 2810 2628 καὶ
2837 2577 2971 2627 πᾶσι
2995 2578 3109 2638 τοῖς
3136 2575 3254 2646 μεθ’
3282 2575 3458 2646 ὑμῶν.
3491 2575 3600 2628 Kal
3631 2589 3772 2641 παρ-

2193 2653 2494 2708 εκάλεσεν
2523 2655 2765 2721 αὐτοὺς,
2800 2657 2900 2709 καὶ
2941 2656 3249 2725 ἐλάλησεν
3299 2657 3498 2711 αὐτῶν
3527 2660 3614 2723 εὶς
3655 2658 3772 2722 τὴν

2193 2735 2462 2804 καρδίαν.
2481 2737 2595 2806 Οὐχ
2615 2737 2802 2802 ἁπλῶς
2833 2739 3030 2802 αὐτοὺς
3057 2739 3449 2810 παρεκάλεσεν,
3479 2739 3616 2794 ἀλλά
3643 2755 3770 2792 τοσ-

2189 2819 2332 2892 αύτῃ
2367 2820 2638 2891 ἐχρήσατο
2667 2821 2732 2891 τῇ
2771 2822 2998 2892 σπουδῇ,
3031 2822 3172 2875 ὥστε
3207 2825 3392 2876 πᾶσαν
3455 2823 3633 2878 αὐτῶν
3665 2823 3768 2891 τὴν

2193 2900 2430 2971 ἀθυμίαν
2469 2901 2691 2968 ἐξελεῖν.
2717 2903 2826 2956 Kal
2851 2903 3204 2972 κατῴκησεν
3243 2906 3466 2974 Ἰωσὴφ
3501 2905 3572 2959 ἐν
3595 2908 3769 2974 Αἰγύ-

2193 2995 2340 3049 πτῳ,
2382 2984 2565 3048 αὐτὸς
2594 2985 2691 3038 καὶ
2730 2988 2784 3038 οἱ
2820 2985 3072 3055 ἀδελφοὶ
3123 2987 3330 3052 αὐτοῦ,
3381 2989 3481 3042 καὶ
3529 2988 3697 3043 πᾶσα
3723 2989 3766 3056 ἠ

2191 3067 2470 3134 παροικία
2501 3067 2608 3121 τοῦ
2647 3067 2870 3135 πατρὸς
2917 3069 3124 3122 αὐτοῦ.
3179 3070 3288 3122 Kal
3325 3067 3487 3124 εἶδεν
3543 3070 3766 3139 Ἰωσὴφ

2189 3150 2396 3204 παιδία
2462 3151 2704 3220 Ἐφραῒμ
2753 3151 2866 3217 ἕως
2917 3155 3119 3220 τρίτης
3163 3152 3395 3222 γενεᾶς.
3440 3155 3549 3208 Kal
3595 3151 3769 3208 εἶπεν

2202 3233 2418 3302 Ἰωσὴφ
2463 3234 2588 3300 τοῖς
2632 3234 2917 3304 ἀδελφοῖς
2949 3237 3136 3290 αὐτοῦ
3165 3237 3386 3304 λέγων’
3440 3237 3585 3307 Ἐγὼ
3620 3238 3768 3292 ἀπο-

2188 3315 2450 3382 θνήσκω.
2491 3317 2828 3386 Ἐπίσκοπῖῖ
2857 3318 2924 3370 δὲ
2951 3320 3340 3388 ἐπισκέψεται
3364 3319 3518 3388 ὑμᾶς
3539 3323 3571 3373 ό
3599 3321 3765 3386 Θεὸς,

2188 3398 2285 3450 καί
2312 3401 2715 3453 συνανοίσετε
2747 3400 2820 3453 τὰ
2847 3399 2999 3455 ὀστᾶ
3031 3420 3149 3470 μου
3177 3403 3475 3456 ἐντεῦθεν.
3505 3404 3644 3474 Ὅρα
3671 3405 3767 3457 καὶ

2187 3480 2377 3534 τοῦτον
2407 3482 2609 3552 ὁμοίως
2637 3483 2714 3554 τῷ
2745 3487 2915 3555 πατρὶ
2953 3487 3360 3556 ἐπισκήπτοντα
3393 3485 3488 3539 τοῦ
3539 3504 3766 3556 μετακο-

2189 3563 2448 3634 μισθῆναι
2479 3565 2644 3618 αὐτοῦ
2669 3565 2738 3618 τὰ
2765 3567 2917 3620 ὀστᾶ.
2957 3570 3065 3621 Kal
3097 3570 3198 3638 ὅρα
3239 3569 3358 3632 πῶς
3385 3569 3546 3622 πάλιν
3579 3569 3764 3638 βουλό-

2190 3663 2350 3716 μενος
2379 3648 2698 3721 ἀναρρῶσαι
2741 3649 2920 3703 αὐτῶν
2955 3650 3047 3704 τὸν
3079 3651 3359 3722 λογισμὸν,
3400 3654 3494 3704 καὶ
3524 3653 3764 3723 χρηστὰς

2185 3730 2410 3793 ἐλπίδας
2443 3731 2588 3800 ἐχειν
2635 3733 2767 3802 περὶ
2807 3735 2905 3802 τῆς
2955 3735 3239 3798 ἐπανόδου,
3288 3735 3554 3805 πρότερον
3603 3735 3763 3788 τοῦτο

2185 3815 2586 3884 προεμήνυσεν,
2611 3815 2692 3866 ὅτι
2711 3815 3400 3874 ἐπανελεύσεσθε,κα“ιτὰτε
3424 3817 3580 3887 φησὶ,
3609 3819 3763 3871 Συν-

2183 3897 2478 3951 ανοίσετε.
2559 3897 2829 3962 Ἀνιόντες
2853 3939 2865 3960 ,
2917 3900 3104 3969 φησὶν,
3149 3901 3304 3969 ὑμεῖς
3362 3902 3763 3954 Συνανοίσετε

2183 3980 2256 4033 τὰ
2276 3977 2429 4034 ὀστᾶ
2441 3997 2582 4049 μου.
2615 3980 2787 4033 Τοῦτο
2809 3981 2867 4034 δὲ
2887 3983 3061 4035 ἐποίει
3083 3985 3180 4051 οὐχ
3211 3981 3398 4045 ἁπλῶς
3419 3982 3539 4035 οὐδὲ
3565 3983 3760 4053 μάτην,

2169 4061 2324 4116 ’ἀλλά
2361 4062 2456 4116 δύο
2488 4063 2661 4116 ταῦτα
2693 4063 2993 4135 οἰκονομῶν
3015 4080 3027 4092 ·
3069 4065 3127 4118 ἓν
3176 4064 3298 4136 μὲν,
3339 4066 3425 4118 ἵνα
3461 4066 3535 4136 μὴ
3583 4067 3633 4118 οί
3666 4067 3764 4118 Αἰ-

2182 4143 2404 4214 γύπτιοι
2433 4145 2768 4216 μεμνημένοι
2790 4147 2894 4200 τῶν
2919 4147 3189 4201 τοσούτων
3213 4147 3378 4202 αὐτοῦ
3403 4148 3756 4219 εὐεργεσιῶν,

2182 4227 2276 4279 καὶ
2309 4228 2550 4292 εὐκόλως
2589 4230 2648 4295 ἐξ
2687 4229 2992 4300 ἀνθρώπων
3033 4230 3188 4293 θεοὺς
3237 4230 3760 4301 προσαγορεύοντες,

2182 4308 2438 4363 ὑπόθεσιν
2467 4311 2723 4375 ἀσεϐείας
2756 4312 2921 4381 ἔχωσι
2947 4311 3040 4366 τοῦ
3058 4312 3269 4366 δικαίου
3295 4312 3447 4384 [645]
3479 4313 3539 4365 τὸ
3565 4313 3722 4383 σῶμα
3741 4331 3756 4345 ·

2179 4391 2365 4464 ἕτερον
2415 4393 2492 4456 δὲ,
2544 4395 2630 4446 ίνα
2659 4389 2760 4446 ὦσι
2811 4395 3383 4466 πεπληροφορημένοι,
3427 4396 3510 4447 ὅτι
3543 4397 3761 4460 πάντως

2181 4473 2567 4544 ἐπανήξουσιν.
2617 4477 2680 4529 Εἰ
2721 4477 2830 4547 γὰρ
2879 4477 2952 4548 μὴ
3001 4479 3160 4530 τοῦτο
3189 4474 3256 4548 ἧν
3307 4477 3757 4547 ὡμολογημένον,

2179 4556 2278 4609 οὐκ
2315 4557 2380 4610 ἂν
2407 4557 2548 4611 οὕτω
2565 4559 2916 4622 διεστείλατο,
2944 4560 3086 4612 ὥστε
3115 4564 3231 4630 μετ’
3258 4560 3436 4614 αὐτῶν
3463 4563 3757 4629 ἀναγαγεῖν

2177 4639 2246 4692 τά
2276 4639 2429 4695 ὀστᾶ.
2459 4641 2568 4694 Kal
2594 4637 2661 4711 ἦν
2695 4643 2821 4694 ἰδεῖν
2853 4641 3038 4694 λοιπὸν
3068 4645 3300 4714 πρᾶγμα
3323 4641 3508 4696 καινὸν
3533 4645 3628 4695 καὶ
3651 4659 3756 4696 πα-

2179 4722 2418 4791 ράδοξον,
2459 4723 2550 4776 τὸν
2585 4723 2678 4775 ἐπὶ
2717 4725 2812 4794 τῆς
2861 4725 3140 4792 Αἰγύπτου
3192 4724 3370 4778 πάντα
3412 4723 3504 4776 τὸν
3542 4722 3760 4795 Ἰσραὴλ,

2178 4805 2559 4874 διατρέφοντα,
2583 4806 2772 4859 τοῦτον
2801 4809 2897 4860 καὶ
2917 4807 3016 4875 τῆς
3033 4808 3293 4861 ἐπανόδου
3310 4807 3632 4878 ἡγούμενον,
3659 4809 3758 4861 καὶ

2175 4889 2254 4950 εἰς
2289 4889 2388 4958 τὴν
2417 4889 2518 4958 γῆν
2561 4889 2659 4957 τῆς
2707 4889 3039 4957 ἐπαγγελίας
3073 4891 3271 4953 αὐτοὺς
3299 4890 3608 4957 εἰσάγοντα.
3641 4890 3750 4942 Kal

2171 4971 2549 5038 ἐτελεύτησε,
2602 4973 2789 5042 φησὶν,
2849 4974 3072 5042 Ἰωσὴφ
3119 4973 3270 5027 ἐτῶν
3318 4973 3536 5026 ἑκατὸν
3582 4971 3748 5026 δέκα.

2173 5055 2327 5118 Τίνος
2361 5055 2547 5109 ἕνεκεν
2585 5057 2680 5108 καὶ
2703 5057 2896 5108 τούτου
2923 5055 2992 5109 τὰ
3019 5057 3113 5126 έτη
3145 5058 3277 5127 ἡμῖν
3303 5057 3606 5126 ἐσήμανεν;
3633 5055 3752 5109 Ἵνα

2175 5136 2354 5211 μάθῃς
2385 5141 2526 5192 ὅσων
2567 5137 2704 5192 ἐτῶν
2739 5137 2838 5207 τῆς
2868 5138 3144 5206 Αἰγύπτου
3193 5138 3291 5209 τὴν
3325 5138 3620 5209 ἠγεμονίαν
3659 5138 3749 5190 ἐν-

2171 5221 2474 5291 εχειρίσθη.
2517 5221 2919 5275 Ἐπτακαίδεκα
2947 5221 3084 5275 ἐτῶν
3113 5223 3407 5293 γενόμενος
3437 5221 3640 5291 κατέϐη
3669 5223 3753 5285 εἰς

2169 5302 2267 5374 τὴν
2311 5302 2577 5371 Αἴγυπτον
2596 5320 2610 5336 ·
2643 5303 2739 5357 καὶ
2777 5304 3075 5376 τριάκοντα
3119 5305 3257 5358 ἐτῶν
3298 5303 3540 5374 γεγονὼς
3583 5303 3742 5374 ὤφθη

2167 5385 2248 5454 τῷ
2276 5384 2500 5456 Φαραὼ,
2535 5385 2630 5440 καὶ
2659 5385 2898 5458 διέκρινε
2927 5387 2996 5440 τά
3022 5388 3272 5443 ἐνύπνια.
3309 5387 3664 5458 Ὀγδοήκοντα
3692 5385 3752 5437 δέ

2170 5466 2354 5521 λοιπὸν
2370 5468 2514 5522 ἔτεσι
2536 5469 2771 5541 κατέσχε
2801 5473 2982 5525 πᾶσαν
3003 5471 3102 5543 τὴν
3123 5473 3222 5542 τῆς
3247 5465 3527 5539 Αἰγύπτου
3551 5469 3750 5541 ἀρχήν.

2169 5546 2322 5613 Εἶδες
2347 5551 2462 5614 πῶς
2485 5553 2706 5622 μείζους
2733 5555 2842 5608 τῶν
2883 5556 3061 5610 πόνων
3091 5557 3148 5609 αἱ
3176 5554 3424 5626 ἀμοιϐαὶ,
3459 5555 3554 5608 καὶ
3579 5551 3747 5604 πολυ-

2171 5632 2435 5697 πλασίους
2466 5636 2522 5687 αἱ
2567 5636 2896 5703 ἀντιδόσεις;
2941 5639 3029 5692 Ἐν
3071 5639 3206 5693 δέκα
3230 5639 3326 5691 καὶ
3353 5639 3530 5710 τρισὶν
3567 5637 3746 5691 ἐτεσιν

2169 5715 2431 5770 ἐπάλαισε
2474 5721 2588 5794 τοῖς
2619 5725 2968 5790 πειρασμοῖς,
3013 5723 3112 5792 τὴν
3155 5721 3402 5776 δουλείαν
3433 5719 3746 5794 ὑπομένων,

2165 5803 2265 5874 τὴν
2301 5806 2640 5875 κατηγορίαν
2673 5808 2890 5877 ἐκείνην
2932 5810 3032 5881 τὴν
3067 5811 3405 5880 παράνομον,
3447 5810 3546 5882 τὴν
3579 5811 3638 5862 ἐν
3664 5807 3744 5879 τῷ

2165 5890 2520 5961 δεσμωτηρίῳ
2579 5896 2894 5964 κακουχίαν.
2947 5897 3055 5950 Kal
3095 5897 3280 5967 ἐπειδὴ
3311 5899 3575 5966 γενναίως
3617 5899 3742 5966 μετ’
