4146 6260
395 454 578 507 derunt
603 467 716 504 cum
753 464 811 504 eo
850 465 1023 504 omnes
1066 449 1196 504 servi
1238 446 1549 501 Pharaonis.
1580 443 1634 499 8.
1677 440 1746 495 Et
1780 455 1971 510 cogna-

398 541 582 594 tionem
604 581 619 605 ,
650 550 694 594 et
723 542 866 595 boves
894 552 939 595 et
968 558 1081 595 oves
1102 541 1441 609 reliquerunt,
1473 536 1527 592 9.
1556 546 1606 589 et
1623 534 1771 589 simul
1796 547 1973 586 ascen-

397 630 577 684 derunt
602 647 716 683 cum
756 648 814 684 eo
849 648 1029 685 currus
1067 639 1115 685 et
1138 630 1360 700 equites,
1405 636 1453 681 et
1481 626 1617 695 facta
1652 633 1772 678 sunt
1810 631 1977 675 castra

399 736 583 789 magna
608 721 769 774 valde.
801 721 931 775 Vide
952 731 1206 791 quantum
1243 718 1476 773 officium
1500 715 1777 771 declarent
1812 711 1978 781 Egy-

399 810 491 878 ptii
520 812 572 864 in
599 810 854 866 honorem
882 811 1102 881 Joseph,
1130 819 1185 865 et
1211 816 1472 864 venerunt
1493 820 1614 861 cum
1641 804 1836 872 Joseph
1860 846 1874 867 ,
1907 802 1978 855 ita

399 910 454 955 ut
489 899 675 953 tierent
701 910 876 955 castra
902 916 1111 971 magna.
1149 901 1238 955 10.
1263 899 1333 952 Ει
1358 908 1412 952 ut
1451 905 1689 951 uenerunt
1717 894 1784 947 ad
1812 893 1980 947 locum

398 989 686 1058 quemdam,
712 992 1020 1060 planxerunt
1048 1007 1159 1045 eum
1182 991 1390 1061 planctu
1416 1003 1629 1058 magno,
1656 994 1706 1039 et
1729 983 1873 1038 ualde
1900 998 1981 1036 ue-

401 1082 631 1134 hementi.
658 1082 725 1134 Et
751 1083 869 1151 fecit
891 1083 1145 1151 planctum
1171 1082 1304 1152 patri
1325 1096 1417 1135 suo
1438 1087 1625 1149 septem
1644 1078 1770 1131 dies.
1794 1078 1882 1130 11.
1910 1073 1981 1129 Ει

401 1172 630 1224 viderunt
666 1172 969 1226 habitatores
1008 1172 1251 1226 Chanaan
1273 1210 1289 1236 ,
1328 1180 1378 1224 et
1424 1170 1658 1224 dixerunt
1686 1182 1706 1221 :
1738 1165 1982 1220 Planctus

403 1279 613 1333 magnus
651 1271 724 1315 est
753 1262 1041 1332 digyptiis.
1070 1261 1290 1332 Propter
1314 1262 1408 1315 hoc
1431 1260 1621 1314 uocauit
1646 1273 1827 1312 nomen
1852 1257 1977 1323 loci,

402 1353 649 1408 Planctus
672 1353 890 1423 Aigypti
906 1394 922 1419 ,
952 1354 1039 1423 qui
1065 1363 1137 1408 est
1157 1362 1302 1407 trans
1327 1351 1627 1406 Jordanem.

474 1445 577 1499 Cur
597 1462 810 1515 magnus
839 1447 1072 1516 planctus
1090 1446 1145 1499 in
1182 1444 1347 1499 Veteri
1370 1439 1983 1498 Testamento.—Verum

404 1546 458 1591 tu
473 1537 589 1592 haec
610 1537 857 1607 audiens,
871 1537 1156 1601 dilecte,ne
1170 1536 1481 1606 simpliciter
1500 1542 1867 1605 praetercurre,
1889 1530 1984 1584 sed

406 1636 612 1695 tempus
637 1628 827 1696 cogita,
845 1641 951 1697 quo
970 1627 1106 1683 facta
1126 1637 1268 1693 sunt,
1293 1636 1347 1682 et
1371 1629 1438 1681 ab
1467 1626 1609 1681 omni
1638 1624 1791 1693 culpa
1816 1621 1984 1677 libera

404 1717 621 1785 Joseph.
653 1716 895 1771 Nondum
923 1718 1063 1772 enim
1086 1717 1301 1772 fuerant
1330 1724 1497 1786 portae
1541 1714 1733 1769 inferni
1776 1712 1986 1767 confra-

406 1818 525 1872 ctm,
550 1823 722 1878 neque
744 1809 929 1863 mortis
954 1809 1162 1863 vincula
1183 1809 1459 1874 dissoluta,
1479 1822 1649 1877 neque
1670 1821 1815 1860 mors
1836 1805 1988 1860 dice—

410 1899 562 1952 batur
587 1899 855 1954 dormitio.
895 1900 962 1955 Et
991 1901 1191 1956 idcirco
1232 1901 1353 1970 quia
1400 1899 1687 1953 timuerunt
1712 1908 1935 1952 mortem
1967 1938 1983 1964 ,

410 1988 525 2043 hzcc
552 1988 818 2052 faciebant
850 2011 864 2047 :
896 2005 1037 2046 nunc
1062 2000 1239 2045 autem
1270 1998 1483 2059 propter
1503 1990 1730 2059 gratiam
1758 1988 1985 2054 Christi,

409 2080 530 2147 quia
559 2095 705 2135 mors
730 2081 862 2135 facta
894 2091 977 2135 est
1005 2096 1224 2135 somnus
1246 2121 1263 2147 ,
1292 2078 1684 2133 consummatio
1710 2088 1766 2133 et
1793 2078 1944 2147 quies
1968 2119 1985 2144 ,

409 2185 473 2223 ac
497 2179 639 2225 certa
670 2171 945 2239 multaque
973 2178 1098 2224 sunt
1120 2169 1532 2225 resurrectionis
1560 2168 1753 2223 indicia
1777 2208 1792 2231 ,
1839 2167 1988 2237 quasi

412 2259 478 2312 de
499 2260 605 2311 vita
630 2258 683 2312 in
704 2259 864 2312 vitam
895 2258 1288 2326 transferendi,
1318 2258 1396 2313 sic
1417 2257 1745 2313 exsultamus
1769 2266 1825 2311 et
1844 2257 1991 2310 heta-

414 2365 553 2402 mur.
581 2349 651 2402 Et
673 2348 799 2419 quid
832 2349 952 2403 dico
981 2349 1047 2404 de
1076 2350 1182 2403 vita
1208 2351 1259 2403 in
1287 2350 1488 2404 vitam?
1518 2349 1593 2404 De
1632 2349 1883 2408 deteriori
1922 2349 1990 2402 ad

414 2438 687 2492 meliorem
708 2480 723 2505 ,
755 2438 822 2492 de
849 2440 1127 2510 temporali
1152 2440 1218 2494 ad
1248 2448 1504 2495 aeternam
1536 2480 1550 2505 ,
1578 2439 1646 2493 de
1685 2449 1894 2493 terrena
1923 2438 1990 2492 ad

414 2527 700 2581 caelestem.
727 2528 814 2582 14.
842 2528 911 2581 Et
941 2529 1166 2596 peractis
1208 2529 1453 2583 omnibus
1481 2569 1497 2594 ,
1528 2528 1697 2597 inquit
1720 2569 1734 2591 ,
1767 2543 1991 2581 reversus

414 2626 485 2669 est
508 2616 700 2687 Joseph
719 2618 771 2671 in
816 2617 1104 2688 JEgyptum
1135 2660 1149 2685 ,
1175 2619 1283 2687 ipse
1310 2629 1357 2672 et
1383 2623 1565 2688 fratres
1592 2620 1720 2687 ejus,
1750 2627 1795 2671 et
1820 2634 1990 2672 omnes

413 2708 501 2776 qui
535 2723 652 2760 cum
679 2724 736 2761 eo
775 2708 1123 2763 ascenderant.
1172 2708 1280 2764 Sed
1311 2710 1431 2764 vide
1467 2717 1855 2780 consequenter
1884 2710 1993 2764 fra-

416 2804 554 2851 trum
579 2796 774 2866 Joseph
806 2798 1048 2853 timorem
1070 2798 1176 2865 hic,
1197 2808 1253 2856 et
1274 2809 1528 2855 terrorem
1549 2816 1734 2856 eorum
1757 2810 1992 2856 mentem

416 2889 827 2943 concutientem.
874 2890 961 2944 15.
1006 2888 1074 2944 Ut
1102 2890 1330 2944 uiderunt
1356 2900 1523 2944 autem
1547 2891 1730 2959 fratres
1754 2890 1948 2961 Joseph
1974 2932 1990 2957 ,

415 2979 549 3048 quod
569 2988 796 3032 mortuus
824 2987 948 3032 esset
977 2988 1119 3047 pater
1142 2995 1284 3046 suus,
1314 2980 1546 3033 dixerunt
1576 2996 1594 3033 :
1626 2979 1710 3034 Ne
1733 2984 1862 3051 forte
1891 2997 1995 3035 me-

417 3085 528 3123 mor
551 3068 615 3122 sit
644 3067 846 3137 injuria:
870 3077 1054 3122 nostra:
1074 3067 1269 3139 Joseph
1295 3111 1312 3136 ,
1343 3078 1391 3123 et
1429 3069 1669 3123 retribuat
1706 3070 1996 3123 retributio-

422 3175 534 3211 nem
564 3158 705 3213 nobis
736 3201 750 3224 ,
794 3169 840 3213 et
886 3161 1055 3213 omnia
1082 3161 1217 3215 mala
1244 3177 1357 3231 qua:
1397 3163 1449 3215 in
1483 3178 1595 3215 eum
1636 3160 1994 3216 commisimus.

420 3246 616 3303 Terror
642 3250 846 3303 validus
872 3245 1052 3305 eorum
1085 3261 1313 3307 mentem
1344 3253 1643 3322 perculerat
1681 3294 1696 3319 ,
1726 3261 1779 3307 et
1803 3268 1830 3305 a
1862 3268 1996 3307 ean-

418 3338 637 3393 scientia
651 3340 928 3409 stimulati,
944 3341 1251 3396 nesciebant
1271 3342 1396 3412 quid
1418 3342 1667 3398 facerent.
1688 3342 1994 3412 Pr0pterea,

421 3430 567 3496 dicit,
599 3446 720 3486 cum
748 3432 1002 3488 vidissent
1029 3435 1193 3504 patris
1220 3443 1443 3490 mortem
1471 3477 1483 3499 ,
1516 3436 1667 3491 veriti
1694 3450 1762 3490 ne
1784 3436 1995 3505 dignam

420 3520 486 3575 de
511 3536 568 3577 se
598 3516 805 3592 pugnam
852 3537 1086 3582 sumeret
1110 3526 1307 3597 Joseph
1334 3570 1349 3595 ,
1395 3530 1465 3584 ob
1496 3544 1555 3584 ea
1602 3545 1723 3599 quae
1761 3530 1815 3584 in
1846 3531 1992 3584 illum

422 3624 793 3683 peccaverant,
824 3616 911 3671 16.
938 3618 1266 3674 Aduenientes
1288 3620 1356 3683 ad
1379 3637 1493 3675 cum
1531 3621 1767 3676 dixerunt
1792 3639 1811 3676 :
1837 3621 1998 3676 Pater

425 3711 538 3755 tuus
574 3707 827 3774 adjuravit
856 3724 949 3761 nos
977 3710 1115 3777 prius
1140 3728 1290 3779 quam
1320 3723 1598 3766 moreretur
1625 3755 1640 3779 ,
1663 3713 1833 3767 dicens
1859 3730 1877 3767 :
1904 3714 1998 3767 Di-

420 3792 518 3843 cite
542 3789 735 3860 Joseph
765 3835 779 3859 ,
809 3794 1001 3849 dimitte
1044 3799 1117 3850 eis
1164 3799 1466 3866 injustitiam
1500 3801 1630 3853 hanc
1667 3811 1714 3854 et
1740 3813 1999 3870 peccatum

423 3895 611 3933 eorum.
661 3882 793 3936 Vide
835 3884 1025 3937 iterum
1054 3926 1070 3951 ,
1102 3887 1370 3953 quomodo
1402 3888 1502 3956 ipsi
1542 3899 1879 3945 accusatores
1917 3890 1998 3944 sui

424 3970 655 4037 ἱρείη-ειη]
685 3971 810 4025 sint.
844 3971 976 4026 Vide
1001 3984 1195 4043 quanta
1229 3985 1312 4029 est
1331 3978 1668 4033 conscientia:
1703 3979 1998 4049 reprehen-

425 4062 525 4115 sio.
544 4062 772 4116 Omnino
797 4065 963 4131 scitis,
987 4080 1085 4120 vos
1105 4066 1412 4135 injustitiam
1440 4079 1493 4124 et
1520 4080 1792 4139 peccatum
1817 4085 2003 4139 opera-

427 4161 505 4204 tos
529 4166 665 4217 esse,
692 4155 934 4224 malaque
959 4157 1010 4211 ei
1030 4157 1356 4215 exhibuisse.
1390 4160 1459 4214 Et
1479 4178 1612 4217 nunc
1637 4164 1812 4233 accipe
1852 4158 2015 4232 inju-'

426 4244 611 4296 stitiam
640 4261 895 4301 servorum
922 4248 1017 4303 Dei
1047 4250 1203 4319 patris
1229 4252 1321 4305 tui.
1350 4252 1510 4308 Vides
1556 4254 1823 4325 quomodo
1851 4256 2000 4311 nullo

426 4345 646 4402 cogente
670 4337 749 4390 sui
780 4340 981 4406 peccati
1012 4351 1136 4396 sunt
1161 4351 1323 4398 testes
1354 4384 1365 4409 ,
1397 4353 1452 4399 et
1477 4344 1660 4400 dicunt
1694 4364 1706 4399 :
1736 4345 1880 4400 Dixit
1901 4362 1998 4417 pa-

429 4430 508 4477 ter
529 4432 669 4491 tuus,
702 4426 907 4482 Dimitte
934 4431 1005 4483 eis
1034 4471 1049 4496 ,
1097 4432 1216 4501 quia
1256 4434 1390 4487 mala
1416 4436 1504 4488 tibi
1546 4436 1878 4491 exhibuerunt
1909 4479 1923 4503 ,
1952 4450 1999 4493 et

426 4515 595 4583 accipe
630 4517 929 4585 iniustitiam
953 4538 1209 4575 servorum
1248 4521 1338 4577 Dei
1364 4528 1521 4594 patris
1557 4529 1648 4581 tui.
1678 4528 1781 4583 Sed
1812 4530 1999 4584 beatus

428 4604 512 4657 hic
534 4614 586 4658 et
607 4614 748 4661 totus
776 4607 1056 4664 virtutibus
1081 4614 1254 4666 clarus
1282 4654 1295 4678 ,
1332 4623 1533 4668 tantum
1573 4617 1787 4684 aberat,
1814 4628 1871 4672 ut
1899 4619 1999 4673 ali-

424 4710 582 4764 quam
614 4700 924 4753 memoriam
952 4703 1204 4757 retineret
1224 4719 1409 4759 eorum
1434 4722 1552 4775 quze
1575 4708 1626 4761 in
1656 4722 1715 4763 se
1739 4708 1997 4778 fecerant,

426 4797 485 4841 ut
505 4789 664 4843 etiam
695 4790 870 4845 verbis
890 4807 1072 4847 eorum
1099 4793 1294 4849 auditis
1317 4799 1659 4854 conturbatus
1684 4801 1775 4866 sit,
1804 4801 1872 4854 Et
1900 4804 1997 4870 ﬂe-

426 4877 529 4945 uit,
563 4880 750 4949 inquit,
772 4881 984 4954 Joseph,
1007 4885 1316 4954 loquentibus
1338 4887 1441 4941 illis
1466 4906 1651 4943 secum.
1707 4891 1796 4946 18.
1824 4891 1890 4945 Et
1918 4909 2001 4946 υε-

425 4978 624 5035 nerunt,
653 4978 699 5023 et
725 4970 962 5027 dixerunt
985 5015 1001 5040 ,
1044 4974 1175 5029 Ecce
1209 4993 1300 5030 nos
1328 4979 1457 5032 serui
1487 4980 1719 5037 tui.Vide
1744 4993 1997 5052 quantum

426 5058 597 5111 valeat
622 5060 788 5114 virtus
809 5102 825 5126 ,
856 5078 1015 5132 quam
1043 5065 1215 5119 valida
1262 5076 1315 5121 et
1349 5069 1782 5140 inexpugnabilis
1808 5076 1875 5128 sit
1899 5115 1915 5141 ,
1946 5085 2001 5129 et

422 5156 616 5212 quanta
642 5149 854 5205 malitiae
894 5153 1193 5209 infirmitas.
1234 5156 1372 5212 Ecce
1396 5159 1536 5213 enim
1564 5201 1578 5223 ,
1611 5161 1700 5216 ille
1726 5204 1738 5225 ,
1771 5166 1858 5232 qui
1887 5165 2001 5221 haec

418 5237 635 5307 quidem
664 5252 854 5307 passus
871 5252 974 5308 est,
1005 5255 1224 5315 regnat:
1256 5249 1345 5317 qui
1371 5259 1547 5305 autem
1572 5252 1643 5307 ita
1690 5253 1998 5311 afﬂixerunt

428 5326 665 5389 fratrem.
696 5331 877 5387 famuli
907 5333 1023 5403 ejus
1049 5350 1168 5392 esse
1196 5347 1351 5393 orant
1369 5379 1386 5406 ,
1416 5354 1574 5410 quem
1602 5342 1656 5396 in
1682 5345 1993 5400 servitutem

418 5429 795 5487 exposuerunt.

489 5504 543 5557 5.
578 5504 719 5562 Finis
734 5510 954 5565 historia:
978 5511 1189 5585 Iosephi
1208 5533 1229 5583 ;
1254 5520 1436 5587 fratres
1459 5533 1572 5575 cum
1592 5521 1837 5589 ineffabili
1864 5542 1998 5579 man-

419 5596 682 5679 suetudine
705 5603 994 5656 consolatur
1014 5616 1061 5659 et
1087 5604 1226 5662 bonis
1251 5611 1513 5679 cumulat;
1540 5613 1755 5668 moriens
1782 5616 1996 5670 reditum

427 5677 714 5744 Judaorum
750 5692 1269 5760 medicin—Verum
1300 5709 1355 5758 tu
1381 5677 1502 5759 audi
1530 5703 1867 5763 clementiam
1905 5706 1995 5764 Jo-

1467 334 1533 391 IN
1568 332 1725 390 CAP.
1768 331 1829 385 L.
1868 324 2116 385 GENES.
2157 322 2390 379 HOMIL.
2429 318 2639 376 LXVII.

3564 308 3670 367 ὅτε

2088 434 2220 504 seph
2241 434 2297 488 in
2323 432 2513 488 fratres
2535 471 2551 499 ,
2582 444 2688 484 non
2714 424 3042 483 recordantis
3078 423 3393 494 injuriarum
3419 462 3434 487 ,
3455 430 3510 476 et
3532 437 3670 491 quo-

2085 525 2245 580 modo
2264 524 2515 579 omnibus
2538 519 2710 575 modis
2737 533 2832 574 eos
2858 515 3128 573 consolari
3153 514 3277 570 velit
3301 554 3318 582 ,
3349 522 3406 569 et
3441 513 3522 569 eis
3547 526 3671 582 per-

2084 615 2318 672 suadere
2344 655 2361 680 ,
2392 612 2546 684 quasi
2571 611 2702 665 nihil
2742 612 2794 663 in
2840 623 2899 664 se
2928 605 3285 678 peccaverint.
3314 603 3455 658 Dicit
3480 599 3628 658 enim
3656 620 3671 656 :

2088 707 2175 762 19.
2211 705 2293 760 Νε
2318 706 2579 766 linteatis;
2608 700 2708 756 Dei
2733 700 2869 755 enim
2898 715 3012 753 sum
3048 714 3160 767 ego.
3201 695 3296 751 20.
3343 693 3447 749 Vos
3481 693 3675 764 cogita-

2087 798 2178 850 stis
2222 805 2399 849 contra
2435 811 2514 848 nte
2552 794 2691 846 mala
2715 808 2735 857 ;
2764 791 2904 846 Deus
2932 800 3101 844 autem
3137 787 3373 859 cogitavit
3397 803 3489 857 pro
3513 802 3593 839 me
3621 787 3678 839 in

2086 887 2218 941 bona
2240 927 2254 951 ,
2278 885 2531 957 quomodo
2557 887 2766 953 factum,
2794 882 2927 935 sicut
2958 881 3108 934 hodie
3128 879 3319 943 videtis,
3353 888 3408 931 ut
3437 886 3677 947 pascatur

2088 976 2307 1047 papulas
2337 974 2541 1028 mullus.
2560 973 2638 1027 Ne
2661 972 2911 1038 timeatis,
2940 970 3130 1040 inquit,
3161 983 3335 1039 neque
3360 968 3505 1022 anxii
3529 968 3670 1024 sitis:

2092 1066 2185 1122 Dei
2210 1068 2341 1122 enim
2367 1083 2478 1122 sum
2502 1081 2614 1137 ego,
2642 1073 2697 1119 et
2717 1063 2998 1118 Dominum
3028 1078 3205 1116 meum
3232 1062 3413 1116 imitor
3435 1103 3451 1129 ,
3480 1076 3545 1115 ac
3580 1061 3679 1117 be-

2089 1159 2281 1215 neficia
2322 1158 2619 1228 rependere
2661 1155 2851 1210 studeo
2894 1154 2960 1209 iis
2995 1154 3085 1223 qui
3113 1168 3218 1207 non
3245 1152 3467 1209 ferenda
3490 1162 3678 1223 contra

2089 1266 2178 1306 me
2206 1250 2483 1306 fecerunt:
2511 1248 2607 1302 Dei
2647 1248 2781 1302 enim
2816 1262 2931 1300 sunt
2969 1261 3080 1316 ego.
3124 1244 3332 1301 Deinde
3357 1260 3480 1300 cum
3520 1260 3679 1300 mon-

2090 1352 2312 1397 strasset
2335 1350 2534 1411 quanta
2557 1355 2680 1396 eum
2707 1337 3081 1394 benevolentia
3107 1345 3460 1406 prosequutus
3485 1346 3631 1392 esset
3657 1376 3675 1400 ,

2090 1432 2246 1487 dicit:
2275 1431 2379 1486 Vos
2407 1431 2545 1485 mala
2572 1440 2752 1484 mente
2772 1428 2888 1483 inec
2911 1436 3097 1482 contra
3131 1441 3218 1480 me
3259 1425 3458 1481 fecistis
3483 1468 3501 1493 ,
3528 1427 3671 1482 Deus

2090 1530 2273 1577 autem
2300 1522 2355 1576 in
2390 1522 2587 1577 bonum
2618 1520 2749 1575 mihi
2774 1518 2953 1574 omnia
2978 1516 3155 1573 vertit.
3182 1516 3386 1570 Idcirco
3413 1524 3469 1571 et
3488 1516 3682 1570 Paulus

2093 1614 2334 1669 dicebat:
2361 1612 2703 1683 Diligentibus
2740 1611 2905 1665 Deum
2931 1609 3103 1664 omnia
3129 1618 3469 1678 coaperantur
3510 1608 3564 1661 in
3591 1609 3680 1662 bo-

2092 1722 2215 1758 num
2241 1704 2418 1773 (Rom.
2447 1707 2502 1759 8.
2533 1704 2648 1774 28).
2680 1702 2887 1768 Omnia,
2921 1701 3112 1770 inquit.
3142 1700 3279 1768 Quid
3304 1710 3409 1766 est,
3439 1701 3629 1755 Omnia
3659 1700 3686 1754 .’

2094 1798 2162 1852 Et
2189 1796 2435 1861 adversa,
2462 1805 2515 1849 et
2541 1810 2658 1864 quae
2677 1794 2995 1849 contristare
3025 1792 3293 1859 videntur,
3322 1793 3482 1848 etiam
3510 1793 3610 1848 ista
3631 1795 3689 1849 in

2092 1886 2292 1939 bonum
2318 1895 2504 1939 mutat.
2549 1884 2661 1938 Hoc
2699 1885 2881 1953 utique
2906 1893 2960 1938 et
2982 1883 3036 1937 in
3065 1882 3166 1937 hoc
3187 1882 3331 1952 justo
3357 1882 3553 1937 factum
3580 1892 3685 1938 est.

2095 1978 2227 2032 Nam
2253 1994 2372 2048 quae
2411 1994 2442 2032 a
2482 1977 2735 2033 fratribus
2761 1976 2898 2032 facta
2923 1987 3049 2032 sunt
3070 2018 3087 2043 ,
3118 1992 3180 2032 ea
3207 1976 3438 2031 maxime
3463 1990 3687 2045 regnum

2094 2068 2145 2122 ei
2188 2068 2541 2123 conciliarunt
2588 2077 2804 2138 propter
2830 2068 2924 2122 Dei
2955 2068 3269 2137 sapientiam
3302 2108 3316 2133 ,
3357 2082 3478 2137 quae
3504 2067 3686 2121 omnia

2097 2159 2233 2212 mala
2264 2159 2317 2212 in
2340 2158 2537 2213 bonum
2563 2167 2876 2213 commutat.
2908 2157 2974 2213 Ut
3003 2167 3261 2228 pascatur,
3292 2158 3481 2226 inquit,
3518 2172 3688 2226 papu-

2096 2252 2176 2305 lus
2204 2252 2414 2305 multus.
2457 2251 2572 2306 Non
2609 2252 2780 2306 solum
2832 2260 3009 2307 vestra
3036 2266 3195 2307 causa
3226 2251 3340 2306 hmc
3381 2252 3436 2306 in
3488 2251 3690 2307 bonum

2097 2342 2254 2395 vertit
2283 2382 2297 2407 ,
2340 2342 2434 2396 sed
2463 2352 2519 2395 ut
2543 2352 2595 2395 et
2620 2342 2796 2396 omnis
2822 2343 2910 2396 ille
2937 2342 3164 2411 populus
3193 2341 3339 2411 pasci
3368 2341 3557 2412 possit.
3590 2340 3685 2396 2t.

2098 2431 2165 2484 Et
2187 2433 2315 2485 dixit
2339 2433 2408 2485 eis
2434 2449 2452 2485 :
2469 2432 2553 2487 Ne
2573 2434 2788 2486 timeatis
2809 2447 2826 2485 :
2848 2448 2938 2502 ego
2961 2448 3166 2501 pascam
3194 2447 3300 2496 vos,
3325 2443 3370 2485 et
3399 2431 3577 2486 domus
3603 2447 3690 2487 νε·
3780 2488 3792 2500 ,,

2096 2530 2246 2575 stras.
2278 2520 2346 2574 Et
2362 2522 2652 2576 consolatus
2672 2532 2744 2576 est
2767 2538 2871 2588 eos,
2896 2532 2943 2577 et
2966 2522 3202 2591 loquutus
3223 2531 3295 2575 est
3315 2522 3369 2575 in
3389 2538 3477 2574 cor
3494 2538 3688 2576 eorum.
3780 2518 3790 2525 ⁷’

2097 2612 2233 2680 Quid
2256 2614 2434 2684 igitur,
2460 2614 2647 2684 inquit,
2677 2614 2922 2668 timetis?
2952 2614 3064 2684 Ego
3091 2611 3444 2683 suppeditabo
3458 2613 3689 2668 alimen-

2099 2713 2152 2759 ta
2180 2705 2331 2759 vobis
2363 2747 2379 2773 ,
2410 2714 2465 2760 et
2484 2705 2732 2760 omnibus
2762 2705 2850 2774 qui
2880 2704 3155 2759 vobiscum
3176 2712 3318 2758 sunt.
3343 2701 3413 2757 Et
3444 2704 3685 2759 consola-
3751 2687 3769 2742 έ

2101 2805 2179 2849 tus
2203 2804 2276 2848 est
2301 2811 2405 2859 eos,
2437 2805 2483 2848 et
2513 2794 2748 2864 loquutus
2769 2805 2843 2849 est
2869 2796 2922 2847 in
2944 2811 3035 2847 cor
3056 2810 3251 2847 eorum.
3278 2793 3396 2849 Non
3427 2794 3690 2866 simplici-

2100 2888 2234 2941 citer
2264 2901 2359 2942 eos
2383 2888 2689 2942 consolatus
2711 2897 2811 2953 est,
2838 2887 2931 2942 sed
2967 2896 3113 2941 tanto
3135 2902 3264 2941 usus
3290 2896 3373 2941 est
3396 2886 3598 2954 officio,
3628 2895 3689 2942 ut

2101 2980 2179 3034 eis
2204 2993 2417 3034 omnem
2457 2980 2729 3034 tristitiam
2752 2994 2783 3033 e
2809 2978 2972 3034 corde
2997 2978 3279 3034 eximeret.
3323 2979 3417 3034 22.
3448 2979 3520 3033 Et
3547 2981 3694 3033 habi-

2103 3070 2227 3123 tavit
2251 3070 2444 3140 Joseph
2469 3071 2524 3123 in
2551 3069 2805 3139 Egypto;
2834 3071 2941 3140 ipse
2969 3078 3016 3123 et
3044 3069 3229 3138 fratres
3253 3071 3383 3140 ejus,
3409 3086 3526 3124 cum
3551 3072 3692 3124 omni

2104 3160 2252 3213 domo
2298 3161 2456 3230 patris
2490 3160 2586 3214 sui.
2627 3161 2717 3215 25.
2761 3159 2826 3213 Et
2864 3159 2986 3213 uidit
3041 3160 3235 3229 Joseph
3275 3160 3409 3229 filios
3446 3160 3695 3232 Ephraim

2102 3270 2258 3323 usque
2310 3254 2366 3305 in
2412 3255 2608 3305 tertiam
2647 3251 3179 3323 generationem.‘2d.
3223 3251 3287 3305 Et
3328 3254 3566 3323 loquutus
3615 3264 3691 3308 est

2100 3345 2295 3415 Joseph
2326 3345 2570 3415 fratribus
2588 3345 2714 3411 suis,
2740 3345 2912 3398 dicens
2939 3360 2957 3397 :
2985 3344 3117 3399 Ecce
3145 3345 3349 3398 morior.
3384 3344 3686 3401 Visitatione

2104 3449 2276 3492 autem
2305 3440 2523 3493 uisitabit
2551 3455 2635 3493 vos
2664 3438 2934 3506 Dominus,
2965 3447 3011 3491 et
3035 3438 3188 3492 simul
3217 3438 3546 3509 deportabitis
3574 3456 3692 3495 ossa

2103 3546 2215 3583 mea
2263 3531 2399 3584 hinc.
2452 3529 2583 3586 Vide
2628 3529 2895 3601 quomodo
2923 3538 2977 3584 et
3018 3530 3107 3585 ille
3135 3528 3323 3585 eadem
3367 3546 3487 3601 quae
3543 3541 3695 3602 pater

2103 3626 2282 3674 curat:
2310 3620 2495 3675 volens
2550 3626 2608 3673 ut
2650 3620 2809 3674 simul
2832 3618 3172 3674 auferrentur
3201 3620 3324 3674 inde
3353 3620 3519 3690 ipsius
3543 3636 3690 3689 ossa,

2104 3726 2209 3778 quo
2222 3710 2390 3778 magis
2411 3725 2597 3764 eorum
2618 3710 3025 3765 confirmaretur
3045 3724 3218 3775 mens,
3244 3720 3298 3765 et
3318 3712 3512 3765 bonam
3536 3728 3692 3780 spem

2105 3799 2363 3853 haberent
2380 3799 2447 3851 de
2473 3799 2645 3852 reditu
2665 3813 2784 3865 suo,
2816 3799 3041 3867 primum
3064 3799 3168 3853 hoc
3193 3800 3451 3867 prrcdicit,
3486 3800 3692 3855 reditu-

2105 3901 2196 3941 ros
2220 3885 2341 3940 illos
2372 3900 2495 3941 esse
2519 3927 2534 3951 ,
2563 3898 2617 3940 et
2645 3894 2770 3940 tunc
2813 3887 2942 3941 dicit
2973 3905 2987 3942 :
3031 3887 3207 3942 Simul
3250 3889 3419 3958 feretis
3442 3905 3556 3943 ossa
3581 3907 3694 3945 mea

2107 3978 2223 4031 hinc
2264 3976 2533 4031 vobiscum.
2569 3977 2680 4032 Hoc
2706 3986 2884 4033 autem
2914 3992 3021 4031 non
3054 3986 3258 4033 temere
3284 3994 3457 4048 neque
3486 3979 3687 4035 frustra

2107 4069 2332 4125 faciebat
2364 4088 2379 4127 :
2411 4069 2517 4125 duo
2546 4072 2690 4125 enim
2707 4071 2893 4141 agebat
2920 4088 2933 4126 :
2968 4087 3131 4125 unum
3159 4112 3175 4138 ,
3210 4086 3279 4127 ne
3298 4071 3538 4144 {Egyptii
3569 4090 3686 4131 me-

2105 4176 2284 4217 mores
2312 4162 2685 4216 beneficiorum
2714 4162 2850 4231 ejus,
2874 4178 2995 4217 cum
3022 4177 3118 4231 pro
3146 4177 3297 4218 more
3321 4178 3419 4219 suo
3448 4165 3599 4220 facile
3622 4182 3691 4221 ex

2107 4253 2408 4309 hominibus
2437 4254 2567 4309 deos
2596 4255 2940 4324 appellarent,
2970 4270 3166 4325 corpus
3186 4255 3316 4324 justi
3345 4256 3605 4313 baberent
3635 4260 3687 4313 in

2106 4344 2392 4413 impietatis
2431 4346 2806 4400 occasionem:
2837 4346 3063 4400 alterum
3094 4387 3108 4410 ,
3152 4355 3212 4399 ut
3246 4347 3419 4401 securi
3459 4360 3513 4402 et
3555 4350 3689 4403 certi

2106 4436 2324 4489 omnino
2367 4445 2549 4490 essent
2594 4452 2653 4490 se
2700 4436 2986 4490 redituros.
3022 4436 3153 4490 Nam
3198 4436 3299 4491 nisi
3345 4436 3446 4493 hoc
3485 4448 3691 4495 certum

2107 4526 2312 4592 fuisset,
2338 4541 2442 4579 non
2463 4526 2708 4595 jussisset
2738 4542 2916 4581 secum
2948 4534 3223 4594 reportare
3251 4542 3391 4583 ossa.
3421 4528 3489 4582 Et
3507 4530 3690 4590 videre

2107 4616 2301 4670 licebat
2332 4631 2444 4669 rem
2480 4631 2670 4670 novam
2701 4626 2754 4670 et
2778 4616 3144 4670 admirabilem
3169 4658 3183 4681 ,
3207 4631 3333 4670 eum
3355 4618 3441 4686 qui
3468 4631 3686 4674 omnem

2107 4705 2356 4763 lsraelem
2376 4707 2429 4761 in
2451 4706 2684 4778 Egypto
2702 4707 2970 4776 pascebat,
2995 4707 3143 4760 illum
3169 4715 3224 4760 et
3247 4706 3439 4767 ducem
3464 4709 3689 4774 reditus,

2107 4805 2162 4852 et
2200 4797 2253 4851 in
2284 4807 2479 4852 terram
2513 4796 2885 4866 promissionis
2924 4797 3069 4866 ipsos
3117 4796 3563 4853 introducentem.
3595 4800 3689 4855 25.

2109 4885 2175 4939 Et
2204 4895 2429 4941 mortuus
2453 4897 2527 4941 est
2553 4886 2748 4954 Joseph
2775 4903 2938 4941 annos
2976 4886 3163 4940 habens
3189 4896 3388 4941 centum
3416 4898 3464 4943 et
3493 4891 3687 4946 decem.

2106 4978 2283 5043 Quare
2326 4977 2481 5032 nobis
2523 4987 2577 5032 et
2622 4977 2761 5032 illius
2795 4991 2967 5032 annos
3009 4978 3327 5048 significavit
3363 4979 3484 5037 ?Ut
3512 4981 3691 5038 discas

2107 5077 2235 5137 quot
2274 5068 2429 5121 annis
2475 5066 2690 5138 Egypti
2728 5066 3080 5136 principatum
3111 5069 3360 5124 tenuerit.
3381 5071 3599 5141 Septem
3636 5081 3692 5126 et

2106 5159 2291 5214 decem
2318 5173 2581 5212 annorum
2609 5167 2724 5212 erat
2746 5200 2762 5224 ,
2791 5174 2910 5212 cum
2938 5160 3146 5214 veniret
3191 5160 3243 5213 in
3284 5159 3573 5230 Egyptum
3596 5179 3610 5218 :
3635 5174 3691 5218 et

2109 5251 2318 5320 triginta
2345 5264 2602 5304 annorum
2631 5250 2799 5305 factus
2829 5251 3124 5320 comparuit
3150 5266 3329 5305 coram
3357 5251 3636 5308 Pharaone
3664 5297 3680 5318 ,

2106 5351 2161 5397 et
2189 5342 2565 5411 interpretatus
2606 5349 2689 5396 est
2727 5342 2953 5397 somnia.
2995 5341 3193 5396 Deinde
3232 5343 3499 5412 octoginta
3531 5345 3684 5399 annis

2108 5431 2315 5501 praefuit
2353 5433 2447 5486 toti
2498 5442 2653 5486 terra:
2679 5431 2913 5503 .Egypti.
2959 5430 3148 5486 Vidisti
3188 5431 3456 5501 quomodo
3483 5432 3684 5501 majora

2105 5524 2213 5579 sint
2257 5524 2470 5592 praemia
2514 5537 2673 5591 quam
2703 5522 2911 5577 labores
2937 5562 2950 5587 ,
2983 5521 3465 5591 relributionesqne
3504 5524 3687 5579 multi-

2106 5614 2269 5684 plices
2297 5613 2320 5666 ?
2345 5612 2623 5669 Tredecim
2648 5614 2803 5667 annis
2827 5611 3049 5666 certavit
3081 5612 3132 5666 in
3166 5612 3543 5670 tentationibus
3561 5655 3576 5679 ,
3604 5614 3686 5670 fe-

2105 5721 2228 5765 rens
2250 5707 2558 5766 servitutem
2579 5748 2594 5775 ,
2624 5718 2677 5763 et
2706 5705 3026 5761 calumniam
3047 5706 3187 5761 illam
3210 5707 3464 5778 iniquam,
3484 5717 3537 5766 et
3554 5707 3687 5764 affli-
