4146 6260
486 347 595 409 579

486 467 717 522 ctionem
738 465 788 517 in
813 476 1045 526 carcere,
1060 469 1111 516 et
1126 459 1246 529 quia
1273 471 1526 529 generose
1546 465 1601 511 et
1618 470 1739 511 cum
1763 456 2048 525 gratiarum

489 556 698 611 actione
724 554 839 609 tulit
873 553 1046 605 omnia
1073 591 1087 611 ,
1118 557 1394 618 propterea
1437 548 1579 615 larga
1605 545 1821 617 praemia
1845 546 2051 615 accepit

488 646 721 701 etiamin
743 644 841 698 hac
868 644 990 696 vita.
1013 640 1303 695 Considera
1323 638 1484 704 enim,
1512 652 1632 694 eum
1658 651 1754 707 pro
1777 636 1926 691 brevi
1960 636 2050 690 illo

490 746 749 806 tempore,
779 749 883 802 quo
910 733 1214 786 servitutem
1244 738 1297 783 et
1320 743 1588 784 carcerem
1612 728 1880 795 sustinuit,
1903 736 2051 781 octo-

490 828 631 895 ginta
672 824 826 876 annis
865 834 1084 891 regnum
1116 818 1585 875 administravisse.
1621 817 1772 885 Quod
1797 831 1924 870 vero
1947 814 2050 868 ﬁde

488 915 663 970 omnia
702 911 1038 980 disposuerit,
1060 919 1113 964 et
1140 917 1354 978 propter
1381 908 1483 963 hoc
1508 910 1665 962 etiam
1710 905 1781 961 de
1811 914 2051 960 transve-

486 1005 663 1058 ctione
687 1002 882 1057 ossium
911 999 1191 1065 mandarit,
1209 998 1330 1054 audi
1353 997 1576 1052 Paulum
1601 996 1900 1051 dicentem:
1923 993 2051 1046 Fide

483 1095 670 1165 Ioseph
694 1094 939 1158 moriens,
969 1092 1030 1145 de
1064 1090 1348 1161 egressione
1373 1088 1597 1156 ﬁliorum
1626 1087 1790 1140 Israel
1827 1084 2051 1139 meminit

490 1183 672 1252 (Hebr.
694 1184 779 1237 M.
803 1181 918 1252 22).
949 1182 1013 1234 Et
1038 1195 1142 1234 non
1170 1179 1267 1233 fuit
1293 1179 1376 1232 his
1399 1184 1681 1231 contentus
1700 1216 1716 1241 ,
1739 1174 1833 1228 sed
1877 1181 1933 1227 ut
1969 1172 2053 1226 di-

486 1286 607 1326 scas
637 1286 872 1336 causam,
898 1278 1112 1339 propter
1139 1283 1295 1337 quam
1336 1266 1621 1334 injunxerit
1652 1266 1850 1319 ossium
1876 1271 2049 1317 trans-

485 1363 778 1416 vectionem
809 1401 824 1425 ,
852 1360 1030 1423 addit,
1061 1358 1131 1412 Et
1159 1358 1221 1411 de
1248 1358 1441 1411 ossibus
1467 1356 1572 1409 suis
1592 1354 1865 1408 mandavit.

555 1451 824 1505 Conclusio
850 1465 963 1502 cum
989 1447 1169 1502 morali
1195 1443 1796 1501 exhortatione—Forte
1815 1440 2051 1511 pluribus

487 1542 603 1596 hinc
621 1541 759 1595 dicta
779 1549 922 1605 sunt,
948 1539 1039 1593 sed
1070 1539 1340 1608 ignoscite.
1370 1536 1500 1590 Nam
1521 1535 1767 1603 quoniam
1795 1532 1861 1586 ad
1890 1531 2050 1585 ﬁnem

489 1632 611 1687 libri
640 1631 977 1701 pervenimus
998 1672 1013 1697 ,
1046 1629 1306 1684 voluimus
1334 1642 1455 1682 cum
1481 1626 1596 1695 ejus
1624 1624 1730 1678 ﬁne
1750 1624 1893 1677 hunc
1921 1636 2053 1689 quo-

1152 346 1211 402 S.
1251 342 1526 401 JOANNIS
1562 338 2023 398 CHRYSOSTOMI
2062 339 2377 397 ARCHIEP.
2418 340 2944 398 CONSTANTINOP.

3621 342 3723 397 580

2157 455 2389 525 adjicere
2411 496 2427 523 ,
2454 464 2513 511 ut
2549 456 2750 511 scilicet
2771 456 3033 510 dictorum
3057 454 3406 509 recordemini
3426 496 3440 521 ,
3469 466 3522 509 et
3554 457 3731 514 imite-

2151 563 2271 604 mur
2290 549 2550 617 justorum
2571 548 2781 602 illorum
2809 548 3073 611 virtutem,
3097 556 3150 599 et
3171 546 3483 615 injuriarum
3508 548 3730 601 oblivio-

2153 656 2275 697 nem
2304 655 2429 710 erga
2456 655 2548 695 eos
2577 640 2665 709 qui
2689 654 2785 693 nos
2811 639 3004 691 damno
3024 638 3312 691 aﬁ’eccrunt
3342 678 3358 703 ,
3385 639 3725 706 patientiam-

2148 746 2254 801 que
2274 746 2395 800 erga
2422 744 2516 784 eos
2541 730 2629 799 qui
2659 729 2812 783 nobis
2839 728 3133 781 molestiam
3157 727 3405 791 inferunt,
3432 727 3719 780 intemera-

2152 830 2361 890 tamque
2389 818 2787 874 continentiam.
2830 818 2964 871 llinc
3011 817 3151 872 enim
3178 815 3353 886 justus
3381 824 3579 871 tantam
3598 806 3709 871 sibi

2155 909 2246 964 Dei
2283 908 2502 976 gratiam
2526 907 2843 961 conciliavit.
2886 905 2940 960 Si
2971 920 3097 974 ergo
3122 906 3363 959 volumus
3391 919 3490 959 nos
3514 920 3725 973 quoque

2153 1000 2371 1054 caeleste
2411 998 2664 1053 auxilium
2708 997 2980 1061 obtinere,
3011 1010 3273 1049 summam
3299 996 3509 1049 virtutis
3536 996 3723 1048 habea-

2151 1103 2270 1142 mus
2314 1088 2595 1141 rationem.
2640 1085 2730 1140 Sic
2759 1086 2901 1140 enim
2945 1096 2999 1140 et
3043 1085 3269 1155 Spiritus
3310 1087 3530 1155 gratiam
3572 1085 3722 1140 nobis

2150 1176 2501 1241 attrabemus,
2534 1184 2589 1231 et
2625 1186 2939 1246 praesentem
2979 1175 3140 1229 vitam
3174 1190 3361 1245 magna
3394 1175 3723 1244 jucunditatc

2152 1268 2525 1337 transigemus,
2548 1275 2605 1322 et
2630 1267 2800 1322 futura
2821 1267 2957 1321 bona
2977 1280 3362 1335 consequemur
3385 1283 3398 1318 :
3426 1281 3542 1335 qua:
3568 1266 3722 1319 nobis

2152 1358 2401 1414 omnibus
2441 1357 2696 1413 concedat
2741 1358 2993 1412 Dominus
3030 1364 3209 1411 noster
3246 1356 3401 1411 Iesus
3428 1357 3671 1413 Christus
3702 1397 3718 1419 ,

2153 1448 2364 1516 quicum
2394 1447 2534 1501 Patri
2562 1456 2616 1501 et
2639 1454 2823 1501 sancto
2851 1446 3067 1515 Spiritui
3106 1446 3175 1499 sit
3216 1445 3383 1514 gloria
3402 1484 3417 1508 ,
3447 1445 3723 1512 imperium

2155 1547 2210 1592 et
2236 1537 2405 1591 honor
2424 1578 2439 1602 ,
2470 1551 2610 1591 nunc
2633 1546 2689 1591 ct
2713 1550 2957 1606 semper,
3001 1543 3056 1591 et
3083 1536 3137 1590 in
3166 1534 3359 1590 saecula
3388 1535 3724 1589 macularum.

2162 1630 2353 1684 Amen.

489 1739 593 1794 que
614 1737 911 1778 sermonem
940 1720 1096 1777 hodie
1115 1719 1287 1784 ﬁnire,
1311 1727 1365 1772 et
1391 1717 1600 1772 solitam
1631 1712 2053 1769 exhortationem

1486 1869 1701 1925 FINIS
1743 1861 2224 1921 HOMILIARUM
2266 1862 2351 1916 ΙΝ
2390 1860 2745 1917 GENESIM.

1464 2754 1562 2815 AD
1607 2753 2008 2816 SERMONES
2062 2753 2257 2814 ΟΕΤο
2301 2754 2382 2816 ΙΝ
2429 2753 2760 2819 GENESIM

559 3084 772 3154 Optime
797 3083 1023 3154 conjicit
1048 3082 1449 3148 Tillemontius,
1483 3098 1606 3138 cum
1634 3083 1710 3137 ait
1736 3083 1950 3155 opinari
1980 3096 2040 3138 se
2086 3084 2308 3140 ineunte
2351 3084 2772 3155 Qnadragestma
2827 3085 2956 3141 anui
3007 3083 3113 3139 586
3159 3085 3607 3156 Chrysostomum
3638 3085 3738 3139 hos

494 3223 752 3279 habuisse
784 3222 1107 3291 Sermones;
1141 3223 1285 3293 quod
1328 3232 1508 3277 autem
1553 3222 1758 3292 adjicit,
1807 3222 2045 3291 primum
2102 3220 2419 3277 Sermonem
2453 3223 2657 3277 dictum
2703 3221 2873 3279 fuisse
2911 3223 3086 3293 prima
3132 3222 3572 3292 Quadragesimae
3620 3222 3734 3286 dic,

488 3359 622 3415 feria
652 3374 846 3429 nempe
877 3359 1137 3424 secunda,
1171 3375 1277 3429 qua
1317 3358 1679 3428 incipiebatur
1708 3357 2011 3413 Antiochiae
2039 3356 2485 3428 Quadragcsima,
2512 3368 2567 3414 et
2600 3360 2703 3414 hoc
2749 3374 2891 3413 anno
2936 3358 3204 3413 incidebat
3237 3358 3291 3412 in
3330 3356 3397 3411 16
3430 3356 3734 3421 Februarii,

488 3499 641 3567 illud,
673 3501 917 3572 inquam,
944 3512 1173 3560 eatenus
1202 3502 1540 3574 exploratum
1567 3517 1690 3559 esse
1719 3510 1917 3571 potest,
1948 3510 2217 3569 quatenus
2266 3501 2488 3557 Tabulis
2520 3501 2878 3558 Paschalibus
2924 3504 3089 3558 ﬁdere
3125 3516 3431 3572 possumus,
3476 3515 3599 3571 quae
3636 3499 3737 3554 hoc

488 3656 633 3696 anno
661 3640 870 3699 Pascha
905 3644 959 3697 in
985 3643 1227 3714 quintam
1260 3644 1462 3715 Aprilis
1493 3644 1733 3701 incidere
1754 3643 2132 3699 testiﬁcantur.
2160 3642 2264 3698 Sed
2299 3658 2423 3698 cum
2453 3643 2559 3698 illae
2584 3642 2804 3699 Tabula:
2835 3644 3123 3701 Paschales
3151 3660 3261 3700 non
3292 3644 3515 3698 omnino
3548 3650 3739 3697 vacent

488 3780 821 3850 suspicione,
858 3790 915 3835 ut
947 3780 1190 3851 pluribus
1220 3781 1457 3836 diximus
1494 3782 1544 3835 in
1576 3780 1780 3837 Monito
1817 3782 1883 3837 ad
1924 3780 2211 3837 Orationes
2253 3790 2442 3835 contra
2476 3780 2690 3838 Judaeos
2718 3781 2888 3838 Tomo
2926 3784 3140 3854 primo:
3174 3783 3241 3838 iis
3277 3797 3386 3838 non
3429 3783 3740 3838 omnimoda

487 3922 621 3979 ﬁdes
651 3918 919 3977 habenda.
953 3921 1139 3992 Itaque
1167 3931 1377 3977 certum
1406 3931 1487 3977 est
1514 3924 1745 3992 primum
1771 3940 1824 3979 In
1854 3922 2107 3979 Genesim
2141 3920 2460 3978 Sermonem
2495 3924 2738 3979 habitum
2769 3922 2937 3978 fuisse
2962 3924 3133 3993 prima
3157 3923 3244 3978 die
3276 3921 3739 3991 Quadragesimm,

487 4074 609 4130 quae
648 4056 780 4113 feria
815 4055 1074 4118 secunda,
1105 4052 1272 4108 biduo
1305 4069 1499 4124 nempe
1533 4064 1659 4110 ante
1692 4056 2175 4126 Quadragesimam
2219 4068 2481 4119 nostram,
2512 4073 2725 4128 semper
2756 4060 3057 4115 Antiochiae
3086 4058 3414 4130 incipiebat;
3469 4076 3575 4116 non
3623 4076 3748 4131 per-

488 4195 613 4251 inde
638 4210 767 4250 vero
803 4205 1008 4249 certum
1039 4203 1124 4251 est
1148 4210 1252 4265 qua
1288 4196 1489 4251 mensis
1515 4196 1625 4257 die,
1656 4203 1715 4249 ut
1754 4196 1805 4249 in
1840 4197 2029 4251 eodem
2067 4196 2268 4252 Monito
2298 4196 2504 4250 videas.

557 4330 789 4386 Habitus
819 4342 997 4386 autem
1036 4346 1180 4386 anno
1219 4332 1323 4387 586
1368 4334 1484 4404 ipse
1532 4336 1814 4406 perspicue
1862 4349 2255 4393 commonstrat
2303 4340 2729 4409 Chrysostomus
2772 4353 2894 4393 cum
2946 4339 3243 4395 secundum
3298 4338 3615 4395 Sermonem
3661 4340 3743 4395 his

489 4466 672 4523 verbis
710 4466 921 4520 ordiutr
950 4483 963 4521 :
995 4462 1143 4536 τΑρα
1173 4466 1453 4536 μέμνησθε
1475 4470 1583 4523 τῶν
1608 4468 1942 4541 ζητημάτων
1968 4472 2077 4526 τῶν
2130 4472 2324 4544 πρώην
2375 4474 2747 4546 προτεθέντων
2796 4474 2925 4544 ὑμῖν
2973 4494 2986 4539 ;
3018 4477 3111 4540 Εἰς
3167 4475 3417 4529 τοσοῦτον
3450 4475 3556 4546 γὰρ
3588 4477 3734 4547 ἡμᾶς

486 4610 747 4675 ἀπονοίας
776 4611 868 4665 καί
897 4612 1103 4682 τόλμης
1133 4614 1397 4683 ὲπήρατε,
1431 4614 1508 4677 ὡς
1529 4614 1625 4669 καὶ
1649 4613 1977 4684 ζητημάτων
2008 4614 2106 4685 ἤδη
2137 4613 2483 4684 κατατολμᾷν
2503 4627 2515 4641 '
2553 4613 2752 4684 μᾶλλον
2779 4614 2834 4667 δὲ
2865 4616 2964 4668 οὐκ
2995 4616 3061 4668 ἂν
3093 4617 3177 4686 εἴη
3206 4615 3410 4686 τόλμης
3438 4614 3558 4668 οὐδὲ
3606 4616 3715 4669 ἀπο

487 4752 633 4817 vola;
661 4752 837 4807 τοῦτο.
871 4752 945 4804 Οὐ
976 4750 1085 4821 γὰρ
1114 4751 1294 4823 οἰκείᾳ
1323 4751 1548 4821 δυνάμει
1586 4750 1982 4824 θαρρήσαντες,
2015 4750 2152 4804 ἀλλὰ
2191 4753 2313 4814 ταῖς
2342 4751 2525 4823 εὐχαῖς
2563 4751 2674 4805 τῶν
2732 4753 3014 4823 προέδρων
3050 4751 3144 4804 καὶ
3172 4754 3294 4813 ταῖς
3332 4750 3628 4823 ὑμετέραις
3686 4753 3748 4805 τὸ

488 4887 595 4941 πᾶν
626 4887 1034 4957 ἐπιρρίψαντες.
1071 4887 1460 4958 ἁπεδυσάμεθα
1490 4886 1627 4958 πρὸς
1653 4886 1714 4939 τὸ
1745 4887 1976 4941 σταδιον.
2011 4889 2050 4943 lii

2152 4897 2172 4944 t
2205 4886 2511 4958 :Numquid
2543 4889 2853 4943 meministis
2882 4889 3250 4958 quastionum,
3274 4903 3390 4957 qua:
3420 4888 3560 4941 vobis
3584 4903 3740 4954 nuper

488 5034 612 5079 sunt
641 5026 965 5093 prapositw?
1003 5024 1066 5079 In
1097 5036 1300 5081 tantam
1324 5028 1463 5081 enim
1494 5029 1857 5099 arrogantiam
1887 5038 1934 5082 et
1961 5029 2243 5082 audaciam
2273 5045 2366 5082 nos
2417 5030 2750 5098 provexistis,
2781 5029 2859 5099 {ut
2902 5029 3215 5098 quaestiones
3259 5028 3516 5097 intrepide
3566 5042 3748 5097 aggre-

493 5167 709 5220 diamur
735 5182 753 5219 :
785 5166 891 5221 imo
919 5183 1010 5221 nec
1034 5168 1275 5222 audaciae
1304 5184 1394 5223 nec
1425 5170 1749 5239 arrogantia
1780 5169 1836 5223 id
1869 5168 2077 5237 facinus
2103 5179 2202 5224 est.
2231 5168 2355 5224 Non
2386 5170 2523 5224 enim
2557 5168 2758 5224 viribus
2796 5167 2991 5222 nostris
3031 5167 3372 5236 conﬁdentes,
3413 5165 3504 5219 sed
3539 5163 3749 5217 antisti-

488 5313 597 5357 tum
627 5305 865 5373 precibus
895 5321 957 5359 ac
987 5308 1171 5360 vestris
1206 5308 1385 5361 omnia
1417 5308 1815 5377 committentes,
1847 5309 1917 5362 ad
1950 5307 2189 5363 stadium
2239 5325 2333 5364 nos
2385 5311 2737 5367 accinximus.
2785 5311 2885 5367 Hic
2924 5310 3070 5367 clare
3112 5310 3264 5365 vides
3302 5307 3751 5376 Chrysostomum

488 5449 554 5504 ad
581 5450 815 5505 stadium
854 5465 913 5507 se
942 5452 1335 5522 accingentem,
1363 5461 1418 5506 et
1450 5449 1889 5523 Quadragesima:
1916 5466 2199 5507 sermones
2233 5452 2468 5523 primum
2510 5452 2807 5521 ineuntem,
2838 5467 3006 5522 seque
3038 5468 3177 5523 pene
3221 5449 3462 5505 audacia:
3498 5447 3755 5501 incusan-

492 5600 622 5652 tem,
647 5590 790 5659 quod
825 5606 938 5645 rem
967 5600 1171 5646 tantam
1195 5590 1579 5661 aggrederetur
1606 5607 1621 5658 ;
1649 5606 1769 5662 quae
1800 5600 1947 5647 certe
1975 5590 2155 5646 omnia
2182 5589 2681 5662 quadragesimales
2708 5602 2991 5646 sermones
3033 5588 3208 5659 prima
3235 5586 3353 5640 vice
3402 5582 3751 5653 incipientem

492 5729 735 5784 indicant
759 5746 773 5783 :
801 5744 905 5786 non
936 5732 1080 5787 enim
1116 5747 1178 5789 ea
1203 5746 1334 5789 usus
1366 5742 1450 5789 est
1481 5731 1730 5790 ordiendi
1752 5731 1965 5787 ratione
1992 5746 2136 5788 anno
2170 5731 2488 5802 insequente
2516 5731 2643 5797 387,
2674 5746 2797 5790 cum
2839 5729 3133 5788 Sermones
3165 5727 3233 5785 de
3269 5726 3477 5783 Statuis
3526 5739 3621 5795 per
3672 5734 3752 5777 to-
