4146 6260
418 324 524 381 579

419 436 764 512 εὐχαριστίας
796 435 1008 488 ἅπαντα
1050 432 1267 502 ἤνεγκε,
1299 430 1386 484 διὰ
1431 427 1591 512 τοῦτο
1624 428 1717 512 καὶ
1746 425 1984 512 δαψιλεῖς

420 507 713 592 ἐκομίσατο
754 517 850 579 τὰς
886 514 1119 585 ἀμοιϐὰς
1158 515 1251 567 καὶ
1283 513 1374 565 ἐπὶ
1413 510 1508 564 τοῦ
1549 511 1814 581 παρόντος
1845 507 1982 592 βίου.

434 589 715 671 Ἐννόησον
746 600 854 668 γάρ
901 614 1011 667 μοι,
1055 596 1136 648 ὅτι
1177 596 1317 665 ὑπὲρ
1374 594 1463 646 τοῦ
1513 592 1739 663 βραχέος
1777 589 1985 643 ἐκείνου

423 687 638 759 χρόνου,
666 683 723 736 ὃν
752 681 849 750 τὴν
880 679 1121 733 δουλείαν
1147 678 1322 731 καὶτὸ
1353 677 1727 759 δεσμωτήριον
1761 673 1988 759 ὑπέμειῖ-

424 752 533 832 ζέν,
564 769 622 819 ὲν
653 765 978 833 ὀγδοήκοντα
1010 761 1154 813 ἔτεσι
1196 760 1294 830 τὴν
1335 758 1610 827 βασιλείαν
1641 757 1833 808 διεῖπε.
1879 752 1989 806 Καὶ

425 855 508 906 ὃτι
540 851 720 903 πίστει
749 846 924 899 πάντα
956 844 1266 913 διέπραττε,
1294 842 1388 893 καὶ
1425 841 1514 892 διὰ
1550 839 1707 892 τοῦτο
1737 838 1829 892 καὶ
1866 837 1990 907 περί

428 935 527 1003 τῆς
548 931 658 984 τῶν
702 929 873 983 ὀστῶν
914 924 1282 997 μετακομιὸἧς
1331 922 1657 987 ἐνετείλατο,
1698 920 1863 974 ἄκουε
1896 918 1990 970 τοῦ

431 998 647 1069 Παύλου
688 1011 964 1079 λέγοντος’
1013 1010 1219 1061 Πίστει
1273 1004 1495 1072 Ἰωσὴφ
1532 1001 1828 1056 τελευτῶν
1861 998 1994 1066 περὶ

430 1095 541 1163 τῆς
580 1093 792 1158 ἐξόδου
822 1090 940 1143 τῶν
972 1088 1117 1143 υἱῶν
1158 1086 1404 1154 Ἰσραὴλ
1424 1086 1854 1154 ἐμνημόνευσε.
1887 1082 1995 1134 Καὶ

432 1179 532 1231 οὐκ
562 1176 690 1245 έστη
740 1174 898 1244 μέχρι
926 1170 1136 1233 τούτου,
1171 1168 1284 1222 ἀλλ’
1324 1168 1412 1221 ἵνα
1452 1167 1629 1239 μάθῃς
1662 1164 1994 1237 τὴνάἰτίαν,

432 1260 498 1315 δι’
532 1258 598 1329 ἣν
629 1254 905 1326 ἐπέσκηψε
942 1252 1049 1305 τῶν
1090 1251 1262 1304 ὀστῶν
1303 1249 1401 1321 τὴν
1442 1250 1671 1319 κομιδὴν
1720 1245 1993 1315 γενέσθαι,

434 1343 587 1410 φησὶ,
620 1338 729 1393 Καὶ
752 1338 882 1403 περὶ
908 1334 1025 1388 τῶν
1054 1334 1280 1387 ὀστέων
1302 1332 1488 1386 αὐτοῦ
1509 1330 1867 1385 ἐνετείλατο.

505 1422 660 1491 Τάχα
690 1419 911 1473 πλείονα
936 1416 1003 1470 τὰ
1043 1415 1329 1489 εἰρημένα.
1354 1414 1491 1467 ἀλλὰ
1516 1412 1812 1481 σύγγνωτε.
1854 1410 1998 1480 Πρὸς

435 1505 544 1575 γὰρ
560 1504 619 1556 τὸ
636 1502 787 1564 τέλος
806 1499 899 1553 τοῦ
919 1498 1121 1570 βιϐλίου
1144 1497 1444 1566 φθάσαντες
1465 1494 1728 1566 ἐϐουλήθη
1738 1511 1834 1575 μεν
1854 1491 1999 1575 ἆπαν

1390 312 1755 370 SERMONES
1791 310 1859 366 IN
1896 307 2214 366 GENESIM.
2256 337 2325 350 -—-
2362 305 2701 363 MONITUM.

3546 299 3652 355 580

2088 423 2229 475 ὥστε
2266 421 2572 492 μεμνῆσθαι
2595 419 2704 472 τῶν
2739 415 3061 488 εἰρημένων,
3098 415 3193 469 καὶ
3214 413 3409 485 ζηλοῦν
3441 414 3551 466 τῶν
3575 415 3654 467 δι-

2088 507 2258 559 καίων
2289 505 2491 557 τούτων
2516 503 2614 573 τὴν
2649 500 2868 572 ἀρετὴν,
2898 500 2994 569 τὴν
3026 499 3155 568 περί¹
3183 499 3307 559 τοὺς
3337 496 3653 559 ἀδικοῦντας

2088 587 2456 651 ἀνεξικακίαν,
2488 585 2585 656 τὴν
2622 585 2753 653 περὶ
2788 583 2913 644 τοὺς
2951 580 3361 651 ὲπηρεάζοντας
3384 579 3656 650 μακροθυ-

2094 671 2244 739 μίαν,
2268 670 2366 739 τὴν
2387 670 2737 737 σωφροσύνην
2760 665 2859 737 τὴν
2878 663 3339 734 ὑπερϐάλλουσαν.
3375 662 3656 716 Ἐντεῦθεν

2093 752 2201 822 γὰρ
2244 754 2338 805 καί⁹
2363 754 2390 804 ὁ
2418 751 2623 811 δίκαιος
2651 745 2804 811 οὗτος
2833 746 3097 816 τοσαύτην
3130 747 3474 799 ἐπεσπάσατο
3503 746 3657 815 παρά

2091 834 2183 886 τοῦ
2210 833 2344 886 Θεοῦ
2367 833 2464 903 τὴν
2495 831 2723 883 εὔνοιαν.
2758 831 2820 882 Εἰ
2844 830 3021 881 τοίνυν
3047 827 3347 898 βουλόμεθα
3374 827 3469 880 καὶ
3494 830 3655 897 ἡμεῖς

2093 918 2190 986 τὴν
2217 916 2422 970 ἄνωθεν
2453 911 2855 967 ἐπισπάσασθαι
2891 913 3084 983 ῥοπὴν,
3122 912 3288 965 πολὺν
3322 911 3419 980 τῆς
3457 912 3660 982 ἀρετῆς

2095 1000 2376 1070 ποιώμεθα
2397 998 2573 1066 λόγον.
2618 994 2779 1050 Οὕτω
2806 996 2913 1065 γάρ
2946 995 3042 1047 καὶ
3072 993 3167 1047 τοῦ
3196 992 3510 1061 Πνεύματος
3541 995 3661 1047 ἐπι-

2098 1084 2418 1155 σπασόμεθα
2448 1085 2547 1153 τὴν
2576 1081 2757 1151 χάριν,
2792 1080 2885 1132 καὶ
2907 1079 2997 1131 τὸν
3030 1078 3269 1147 παρόντα
3295 1076 3408 1145 βίον
3437 1075 3659 1141 ἀλύπως

2094 1168 2248 1222 διανύ
2257 1187 2315 1222 σο
2323 1185 2441 1240 μεν,
2459 1166 2675 1220 καὶτῶν
2695 1165 2993 1236 μελλόντων
3010 1163 3399 1231 ὲπιτευξὸμεθα
3418 1162 3656 1230 ἀγαθῶν·

2097 1247 2171 1305 ὦν
2198 1250 2406 1319 γένοιτο
2423 1250 2631 1313 πάντας
2657 1249 2803 1319 ἡμᾶς
2829 1248 3125 1315 ἐπιτυχεῖν,
3152 1245 3333 1315 χάριτι
3361 1247 3456 1299 καὶ
3476 1246 3661 1314 φιλαν-

2100 1336 2316 1407 θρωπίᾳ
2357 1333 2451 1387 τοῦ
2482 1332 2689 1404 Κυρίου
2730 1330 2885 1401 ἡμῶν
2928 1328 3103 1399 Ἰησοῦ
3152 1327 3410 1399 Χριστοῦ,
3447 1328 3564 1398 μεθ’
3600 1320 3662 1382 οὗ

2099 1419 2176 1489 τῷ
2207 1419 2404 1489 Πατρὶ,
2452 1417 2570 1487 ἅμα
2604 1414 2683 1485 τῷ
2726 1414 2869 1483 ἁγίῳ
2913 1411 3211 1481 Πνεύματι,
3255 1409 3402 1474 δόξα,
3439 1409 3659 1478 κράτος,

2099 1502 2255 1572 τιμὴ,
2287 1502 2380 1553 νῦν
2409 1499 2505 1554 κει.)⁸
2536 1498 2641 1562 ἀεὶ,
2684 1497 2777 1551 καὶ
2808 1499 2887 1558 εἰς
2914 1494 3041 1558 τοὺς
3061 1492 3267 1556 αἰῶνας
3289 1492 3396 1545 τῶν
3427 1490 3661 1548 αἰώνων.

439 1572 678 1658 σήμερον
705 1582 1018 1645 τελέσαντες
1044 1581 1104 1634 τὸ
1123 1580 1344 1650 βιϐλίον,
1367 1577 1509 1631 οὕτω
1532 1573 1880 1631 καταπαῦσαι
1911 1572 2001 1626 τὸν

439 1590 678 1658 σήμερον
705 1587 1018 1645 τελέσαντες
1044 1587 1104 1634 τὸ
1123 1587 1344 1650 βιῆλίον,
1367 1587 1509 1631 οὓτω
1532 1591 1880 1631 καταπαυσαι
1911 1587 2001 1626 τον
2114 1587 2306 1655 Ἀμήν⁸

436 1672 613 1739 λόγον,
644 1666 736 1722 καὶ
755 1665 852 1737 τὴν
873 1664 1075 1735 συνήθη
1103 1662 1444 1731 παράκλησιν
1459 1661 1586 1728 ὑμῖν
1604 1659 1995 1728 προσαγαγεῖν,

1349 1944 1586 2001 ΤΕΛΟΣ
1632 1938 1949 1998 ΟΜΙΛΙΩΝ
1995 1942 2122 1997 ΕΙΣ
2183 1941 2327 1998 ΤΗΝ
2377 1941 2730 1998 ΓΕΝΕΣΙΝ.

1866 2719 2247 2782 MONITUM.

425 3044 537 3090 tam
566 3032 1051 3106 Quadragesimam
1076 3034 1284 3093 habuit.
1314 3036 1503 3109 itaque
1529 3037 1584 3092 ἰιί
1611 3037 1906 3097 Sermones
1932 3038 2052 3101 sine
2076 3039 2244 3097 dubio
2279 3039 2551 3110 pertinent
2578 3039 2647 3093 ad
2682 3054 2883 3093 annum
2914 3036 3039 3105 586,
3069 3052 3181 3109 quo
3214 3037 3437 3093 ineunte
3463 3034 3686 3111 presby-

426 3176 509 3225 ter
548 3169 834 3226 ordinatus
879 3170 1000 3238 fuit,
1033 3179 1094 3226 ιιι
1133 3170 1339 3227 dictum
1384 3181 1469 3229 est
1508 3174 1561 3228 in
1608 3173 1818 3231 Monito
1867 3174 1935 3230 ad
1993 3174 2286 3233 Homiliam
2333 3175 2421 3232 cui
2471 3174 2695 3242 titulus,
2751 3173 2884 3231 Cum
2925 3173 3197 3244 presbyter
3242 3172 3345 3241 fuit
3388 3171 3685 3237 ordinatus,

428 3314 598 3373 Tomo
630 3315 670 3369 ι.

498 3456 720 3530 Aliquot
751 3457 918 3529 igitur
943 3458 1103 3515 annis
1132 3470 1425 3531 antequam
1456 3459 1721 3516 Homilias
1752 3460 1843 3530 67,
1874 3474 1997 3533 qua
2024 3463 2359 3533 praecedunt,
2390 3462 2638 3530 haberet,
2688 3462 2792 3521 hos
2825 3461 3121 3520 Sermones
3168 3462 3420 3530 dixerat,
3452 3462 3541 3517 ubi
3570 3461 3692 3532 plu-

433 3599 571 3656 rima
596 3599 802 3670 passim
828 3600 1252 3669 animadvertas,
1284 3614 1408 3670 quae
1446 3600 1638 3657 iisdem
1669 3616 1813 3671 saepe
1858 3601 2038 3656 verbis
2064 3601 2121 3655 in
2153 3601 2407 3656 Homiliis
2449 3600 2557 3656 illis
2598 3600 3000 3658 observantur:
3049 3601 3193 3657 unde
3234 3600 3466 3657 lortasse
3498 3600 3695 3655 dixerit

431 3736 704 3807 quispiam
730 3737 831 3794 hos
857 3736 1150 3794 Sermones
1168 3738 1227 3792 in
1251 3740 1434 3794 fronte
1459 3737 1689 3806 hujusce
1717 3737 1875 3793 Tomi
1902 3747 1956 3793 et
1980 3746 2109 3793 ante
2136 3737 2402 3793 Homilias
2443 3737 2706 3793 locandas
2740 3738 2931 3803 fuisse,
2969 3747 3032 3793 ut
3059 3740 3321 3808 temporis
3347 3739 3483 3794 ordo
3507 3742 3696 3793 serva-

435 3880 609 3929 retur.
638 3871 841 3929 Verum
863 3873 1160 3928 maluimus
1197 3872 1529 3928 Frontonem
1563 3872 1823 3928 Ducaeum
1848 3870 2005 3941 sequi
2035 3879 2090 3926 et
2120 3880 2329 3926 tantum
2356 3870 2489 3925 illud
2516 3885 2717 3940 corpus
2746 3869 3104 3926 Homiliarum
3131 3871 3289 3927 initio
3308 3870 3508 3937 locare,
3533 3885 3693 3941 quam

436 4010 602 4067 hosce
627 4010 891 4083 pauculos
917 4018 972 4067 et
1000 4009 1287 4079 perbreves
1314 4007 1625 4065 Sermones.
1648 4009 1731 4065 Ad
1763 4008 1881 4064 haec
1918 4016 2097 4064 autem
2122 4008 2314 4064 Sermo
2345 4021 2548 4074 nonus,
2589 4006 2685 4079 qui
2714 4021 2905 4079 agmen
2946 4006 3172 4074 claudit,
3205 4021 3313 4062 non
3365 4007 3529 4062 modo
3576 4015 3700 4077 post

438 4144 575 4202 alios
598 4152 745 4214 octo,
769 4144 865 4201 sed
892 4145 1054 4201 etiam
1086 4154 1208 4215 post
1244 4140 1506 4200 llomilias
1537 4143 1715 4200 dictus
1751 4152 1853 4199 est.

510 4284 625 4343 Etsi
654 4299 819 4356 porro
847 4282 905 4341 hi
941 4281 1232 4339 Sermones
1256 4282 1398 4336 inter
1419 4282 1625 4350 primas
1647 4276 2031 4353 Chrysostomi
2083 4277 2373 4335 conciones
2410 4287 2783 4346 numerentur.
2817 4278 2872 4333 in
2911 4278 3036 4334 .illis
3077 4293 3185 4334 non
3230 4278 3394 4336 modo
3442 4278 3700 4350 eloquen-

442 4419 575 4474 tiam
609 4427 662 4476 et
696 4418 1027 4475 inventionis
1054 4416 1374 4472 felicitatem
1408 4416 1715 4485 admireris,
1762 4432 1885 4489 quze
1933 4415 1989 4471 in
2043 4416 2257 4472 caeteris
2314 4417 2571 4473 omnibus
2618 4416 2737 4488 ejus
2783 4416 3041 4486 operibus
3099 4416 3347 4485 elucent;
3401 4419 3498 4474 sed
3537 4393 3701 4475 etiam

442 4557 847 4616 animadvertas
878 4562 1142 4626 quantum
1170 4553 1240 4608 ad
1266 4559 1743 4622 extemporaneam
1784 4552 2235 4608 declamationem
2291 4566 2509 4624 semper
2556 4564 2906 4623 comparatus
2951 4554 3120 4610 fuerit
3164 4565 3348 4612 tantus
3397 4555 3618 4627 artifex,
3648 4567 3704 4614 et

441 4709 606 4767 quam
636 4691 703 4747 ad
740 4706 829 4747 res
852 4687 1205 4760 quantumvis
1239 4688 1550 4757 inopinatas
1576 4688 1719 4759 stylo
1750 4688 2157 4762 persequendas
2180 4698 2378 4760 praesto
2413 4689 2599 4747 fuerit.
2643 4690 2759 4749 Hoc
2803 4707 2914 4749 uno
2955 4708 3069 4748 rem
3108 4693 3357 4765 exemplo
3394 4696 3701 4767 percipias:

441 4828 498 4885 in
534 4828 801 4884 Sermone
829 4836 1027 4897 quarto
1054 4839 1209 4880 num.
1240 4825 1296 4891 5,
1325 4839 1448 4880 cum
1494 4825 1790 4881 accedente
1841 4827 2282 4898 nocteﬂlucernaa
2310 4828 2556 4886 ecclesiae
2593 4829 3043 4896 accenderentur,
3084 4829 3389 4901 auditores,
3436 4834 3641 4888 aversis
3673 4849 3704 4889 a

441 4971 830 5027 concionatore
860 4972 1057 5041 oculis,
1081 4972 1148 5029 ad
1179 4974 1431 5031 lucernas
1470 4987 1530 5028 se
1563 4980 1889 5029 convertunt
1922 4988 1938 5028 :
1968 4972 2098 5029 hinc
2124 4972 2215 5030 ille
2252 4973 2436 5030 statim
2467 4987 2662 5030 eorum
2694 4974 3002 5030 socordiam
3035 4974 3231 5045 carpit,
3266 4982 3322 5030 et
3354 4971 3528 5031 multa
3559 4975 3705 5031 haud

396 5189 399 5192 ν
441 5106 605 5165 dubie
638 5109 936 5181 imparatus
966 5109 1102 5166 dixit
1131 5112 1414 5183 praeclare,
1445 5126 1511 5168 ac
1541 5112 1588 5167 si
1628 5126 1743 5167 rem
1778 5113 2074 5171 meditatus
2117 5115 2467 5183 accessisset,
2505 5114 2600 5186 qui
2640 5122 2822 5171 tamen
2864 5113 2979 5171 haec
3018 5116 3316 5186 praevidere
3358 5116 3510 5174 nullo
3542 5119 3705 5174 modo

444 5261 713 5326 potuerat.

517 5387 686 5447 Primi
720 5389 1002 5449 Sermonis
1039 5393 1542 5464 interpretationem
1572 5409 1768 5452 novam
1818 5397 2293 5466 coneinnavimus,
2340 5398 2469 5471 quia
2517 5399 2721 5455 veteris
2763 5398 3077 5469 interpretis
3111 5397 3293 5453 versio
3328 5411 3437 5452 non
3484 5394 3705 5451 ferenda

442 5530 581 5581 erat.
613 5525 966 5599 Reliquorum
998 5528 1377 5601 interpretatio
1412 5539 1496 5587 est
1529 5531 1827 5589 Frontonis
1861 5530 2068 5601 Duczei,
2102 5546 2267 5603 quam
2299 5533 2489 5590 multis
2521 5532 2576 5590 in
2607 5532 2742 5591 locis
2776 5532 3184 5605 eastigavimus.
