  <div class='ocr_page' id='page_1' title='image "/cluster/home/n/w/nwhite01/storage/ocr_20150623/54/mdp.39015078384420/209.png"; bbox 0 0 4146 6260; ppageno 0'>
   <div class='ocr_carea' id='block_1_1' title="bbox 501 307 601 364">
    <p class='ocr_par' dir='ltr' id='par_1_1' title="bbox 501 307 601 364">
     <span class='ocr_line' id='line_1_1' title="bbox 501 307 601 364; baseline -0.01 0"><span class='ocrx_word' id='word_1_1' title='bbox 501 307 601 364; x_wconf 71' lang='lat'><strong>58!</strong></span> 
     </span>
    </p>
   </div>
   <div class='ocr_carea' id='block_1_2' title="bbox 953 423 1607 498">
    <p class='ocr_par' dir='ltr' id='par_1_2' title="bbox 953 423 1607 498">
     <span class='ocr_line' id='line_1_2' title="bbox 953 423 1607 498; baseline 0.009 -18"><span class='ocrx_word' id='word_1_2' title='bbox 953 423 1237 498; x_wconf 66' lang='lat'><strong>[544.645]</strong></span> <span class='ocrx_word' id='word_1_3' title='bbox 1273 428 1492 485; x_wconf 78' lang='grc' dir='ltr'><strong>ΛΟΓΟΣ</strong></span> <span class='ocrx_word' id='word_1_4' title='bbox 1525 431 1607 486; x_wconf 67' lang='grc' dir='ltr'><strong>Αι.</strong></span> 
     </span>
    </p>
   </div>
   <div class='ocr_carea' id='block_1_3' title="bbox 501 568 2070 640">
    <p class='ocr_par' dir='ltr' id='par_1_3' title="bbox 501 568 2070 640">
     <span class='ocr_line' id='line_1_3' title="bbox 501 568 2070 640; baseline 0.001 -15"><span class='ocrx_word' id='word_1_5' title='bbox 501 570 750 640; x_wconf 72' lang='grc' dir='ltr'><strong>Δεχθείς</strong></span> <span class='ocrx_word' id='word_1_6' title='bbox 775 570 845 623; x_wconf 81' lang='grc' dir='ltr'><strong>ἐν</strong></span> <span class='ocrx_word' id='word_1_7' title='bbox 870 568 1032 640; x_wconf 11' lang='grc' dir='ltr'><strong>,ἀρχῇ</strong></span> <span class='ocrx_word' id='word_1_8' title='bbox 1064 569 1722 640; x_wconf 9' lang='grc' dir='ltr'><strong>,τῆς-,τεσσαρακοστῆς</strong></span> <span class='ocrx_word' id='word_1_9' title='bbox 1740 576 1827 638; x_wconf 77' lang='grc' dir='ltr'><strong>εἰς</strong></span> <span class='ocrx_word' id='word_1_10' title='bbox 1855 573 1943 637; x_wconf 80' lang='grc' dir='ltr'><strong>τὸ,</strong></span> <span class='ocrx_word' id='word_1_11' title='bbox 1980 574 2070 626; x_wconf 82' lang='grc' dir='ltr'><strong>Ἐν</strong></span> 
     </span>
    </p>
   </div>
   <div class='ocr_carea' id='block_1_4' title="bbox 569 638 2064 762">
    <p class='ocr_par' dir='ltr' id='par_1_4' title="bbox 569 638 2064 762">
     <span class='ocr_line' id='line_1_4' title="bbox 571 638 2064 762; baseline 0.001 -69"><span class='ocrx_word' id='word_1_12' title='bbox 571 638 713 762; x_wconf 49' lang='grc' dir='ltr'><strong>ἀρχῇ</strong></span> <span class='ocrx_word' id='word_1_13' title='bbox 758 638 1010 706; x_wconf 73' lang='grc' dir='ltr'><strong>ἐποίησεν</strong></span> <span class='ocrx_word' id='word_1_14' title='bbox 1049 639 1077 690; x_wconf 96' lang='lat'><strong>6</strong></span> <span class='ocrx_word' id='word_1_15' title='bbox 1119 639 1249 700; x_wconf 84' lang='grc' dir='ltr'><strong>Θεὸς</strong></span> <span class='ocrx_word' id='word_1_16' title='bbox 1279 640 1375 691; x_wconf 80' lang='grc' dir='ltr'><strong>τὸν.</strong></span> <span class='ocrx_word' id='word_1_17' title='bbox 1406 641 1632 728; x_wconf 65' lang='grc' dir='ltr'><strong>οὑρανδν</strong></span> <span class='ocrx_word' id='word_1_18' title='bbox 1662 638 1756 695; x_wconf 81' lang='grc' dir='ltr'><strong>καὶ</strong></span> <span class='ocrx_word' id='word_1_19' title='bbox 1797 641 1892 714; x_wconf 79' lang='grc' dir='ltr'><strong>τὴν</strong></span> <span class='ocrx_word' id='word_1_20' title='bbox 1929 643 2064 712; x_wconf 59' lang='grc' dir='ltr'><strong>γῆν</strong></span> 
     </span>
     <span class='ocr_line' id='line_1_5' title="bbox 569 706 1740 762; baseline 0.001 -1"><span class='ocrx_word' id='word_1_21' title='bbox 569 727 605 761; x_wconf 79' lang='grc' dir='ltr'><strong>κ</strong></span> <span class='ocrx_word' id='word_1_22' title='bbox 702 706 834 762; x_wconf 74' lang='grc' dir='ltr'><strong>περὶ</strong></span> <span class='ocrx_word' id='word_1_23' title='bbox 858 706 1142 762; x_wconf 71' lang='grc' dir='ltr'><strong>νηστείας</strong></span> <span class='ocrx_word' id='word_1_24' title='bbox 1179 708 1275 760; x_wconf 80' lang='grc' dir='ltr'><strong>καὶ</strong></span> <span class='ocrx_word' id='word_1_25' title='bbox 1304 708 1740 762; x_wconf 67' lang='grc' dir='ltr'><strong>ἐλεημοσυνπο.</strong></span> 
     </span>
    </p>
   </div>
   <div class='ocr_carea' id='block_1_5' title="bbox 702 706 1740 778">
    <p class='ocr_par' dir='ltr' id='par_1_5' title="bbox 702 706 1740 778">
     <span class='ocr_line' id='line_1_6' title="bbox 702 706 1740 778; baseline 0.005 -19"><span class='ocrx_word' id='word_1_26' title='bbox 702 706 834 774; x_wconf 68' lang='grc' dir='ltr'><strong>περὶ</strong></span> <span class='ocrx_word' id='word_1_27' title='bbox 858 706 1142 771; x_wconf 71' lang='grc' dir='ltr'><strong>νηστείας</strong></span> <span class='ocrx_word' id='word_1_28' title='bbox 1179 708 1275 760; x_wconf 79' lang='grc' dir='ltr'><strong>καὶ</strong></span> <span class='ocrx_word' id='word_1_29' title='bbox 1304 706 1740 778; x_wconf 62' lang='grc' dir='ltr'><strong>ἐλεηῂοσύνης.</strong></span> 
     </span>
    </p>
   </div>
   <div class='ocr_carea' id='block_1_6' title="bbox 572 850 2065 923">
    <p class='ocr_par' dir='ltr' id='par_1_6' title="bbox 572 850 2065 923">
     <span class='ocr_line' id='line_1_7' title="bbox 572 850 2065 923; baseline 0.001 -19"><span class='ocrx_word' id='word_1_30' title='bbox 572 850 786 908; x_wconf 81' lang='grc' dir='ltr'><strong>α’.Ἥδὺ</strong></span> <span class='ocrx_word' id='word_1_31' title='bbox 817 866 912 920; x_wconf 87' lang='grc' dir='ltr'><strong>μεν</strong></span> <span class='ocrx_word' id='word_1_32' title='bbox 941 851 1165 913; x_wconf 84' lang='grc' dir='ltr'><strong>ναύταις</strong></span> <span class='ocrx_word' id='word_1_33' title='bbox 1187 850 1246 904; x_wconf 83' lang='grc' dir='ltr'><strong>τὸ</strong></span> <span class='ocrx_word' id='word_1_34' title='bbox 1269 850 1389 922; x_wconf 77' lang='grc' dir='ltr'><strong>ἔαρ,</strong></span> <span class='ocrx_word' id='word_1_35' title='bbox 1423 853 1517 923; x_wconf 86' lang='grc' dir='ltr'><strong>ήδὺ</strong></span> <span class='ocrx_word' id='word_1_36' title='bbox 1558 854 1615 905; x_wconf 81' lang='grc' dir='ltr'><strong>δέ</strong></span> <span class='ocrx_word' id='word_1_37' title='bbox 1655 854 1744 906; x_wconf 82' lang='grc' dir='ltr'>καῖ</span> <span class='ocrx_word' id='word_1_38' title='bbox 1773 854 2027 923; x_wconf 82' lang='grc' dir='ltr'><strong>γηπόνοις</strong></span> <span class='ocrx_word' id='word_1_39' title='bbox 2049 869 2065 882; x_wconf 84' lang='grc'><strong>·</strong></span> 
     </span>
    </p>
   </div>
   <div class='ocr_carea' id='block_1_7' title="bbox 495 931 2065 1007">
    <p class='ocr_par' dir='ltr' id='par_1_7' title="bbox 495 931 2065 1007">
     <span class='ocr_line' id='line_1_8' title="bbox 495 931 2065 1007; baseline 0.001 -19"><span class='ocrx_word' id='word_1_40' title='bbox 495 934 614 988; x_wconf 86' lang='grc' dir='ltr'><strong>ἀλλ’</strong></span> <span class='ocrx_word' id='word_1_41' title='bbox 641 932 767 986; x_wconf 78' lang='grc' dir='ltr'><strong>οὔτε</strong></span> <span class='ocrx_word' id='word_1_42' title='bbox 805 931 1047 996; x_wconf 90' lang='grc' dir='ltr'><strong>ναύταις,</strong></span> <span class='ocrx_word' id='word_1_43' title='bbox 1084 933 1208 986; x_wconf 75' lang='grc' dir='ltr'><strong>οὒτε</strong></span> <span class='ocrx_word' id='word_1_44' title='bbox 1231 935 1491 1004; x_wconf 81' lang='grc' dir='ltr'><strong>γηπόνοις</strong></span> <span class='ocrx_word' id='word_1_45' title='bbox 1529 935 1704 1000; x_wconf 84' lang='grc' dir='ltr'><strong>οὑτως</strong></span> <span class='ocrx_word' id='word_1_46' title='bbox 1731 937 1828 1006; x_wconf 86' lang='grc' dir='ltr'><strong>ήδὺ</strong></span> <span class='ocrx_word' id='word_1_47' title='bbox 1855 937 1914 990; x_wconf 91' lang='lat'><strong>:6</strong></span> <span class='ocrx_word' id='word_1_48' title='bbox 1945 937 2065 1007; x_wconf 79' lang='grc' dir='ltr'><strong>ἔαρ,</strong></span> 
     </span>
    </p>
   </div>
   <div class='ocr_carea' id='block_1_8' title="bbox 493 1013 2069 1089">
    <p class='ocr_par' dir='ltr' id='par_1_8' title="bbox 493 1013 2069 1089">
     <span class='ocr_line' id='line_1_9' title="bbox 493 1013 2069 1089; baseline 0.002 -21"><span class='ocrx_word' id='word_1_49' title='bbox 493 1017 570 1081; x_wconf 81' lang='grc' dir='ltr'><strong>ὣς</strong></span> <span class='ocrx_word' id='word_1_50' title='bbox 599 1017 712 1078; x_wconf 90' lang='grc' dir='ltr'><strong>τοῖς</strong></span> <span class='ocrx_word' id='word_1_51' title='bbox 745 1013 1087 1085; x_wconf 75' lang='grc' dir='ltr'><strong>βουλομένοις</strong></span> <span class='ocrx_word' id='word_1_52' title='bbox 1119 1015 1428 1085; x_wconf 80' lang='grc' dir='ltr'><strong>φιλοσοφεῖν</strong></span> <span class='ocrx_word' id='word_1_53' title='bbox 1457 1017 1586 1088; x_wconf 82' lang='grc' dir='ltr'><strong>ήδὺς</strong></span> <span class='ocrx_word' id='word_1_54' title='bbox 1626 1019 1654 1070; x_wconf 96' lang='lat'><strong>6</strong></span> <span class='ocrx_word' id='word_1_55' title='bbox 1690 1019 1789 1088; x_wconf 84' lang='grc' dir='ltr'><strong>τῆς</strong></span> <span class='ocrx_word' id='word_1_56' title='bbox 1817 1021 2069 1089; x_wconf 75' lang='grc' dir='ltr'><strong>νηστείας</strong></span> 
     </span>
    </p>
   </div>
   <div class='ocr_carea' id='block_1_9' title="bbox 493 1097 2067 1172">
    <p class='ocr_par' dir='ltr' id='par_1_9' title="bbox 493 1097 2067 1172">
     <span class='ocr_line' id='line_1_10' title="bbox 493 1097 2067 1172; baseline 0.002 -21"><span class='ocrx_word' id='word_1_57' title='bbox 493 1097 704 1168; x_wconf 84' lang='grc' dir='ltr'><strong>καιρὸς,</strong></span> <span class='ocrx_word' id='word_1_58' title='bbox 746 1098 809 1151; x_wconf 87' lang='lat'><strong>:6</strong></span> <span class='ocrx_word' id='word_1_59' title='bbox 854 1098 1223 1168; x_wconf 62' lang='grc' dir='ltr'><strong>πνευμηατικδν</strong></span> <span class='ocrx_word' id='word_1_60' title='bbox 1255 1099 1364 1151; x_wconf 90' lang='grc' dir='ltr'><strong>τῶν</strong></span> <span class='ocrx_word' id='word_1_61' title='bbox 1401 1100 1587 1170; x_wconf 79' lang='grc' dir='ltr'><strong>ψυχῶν</strong></span> <span class='ocrx_word' id='word_1_62' title='bbox 1631 1099 1747 1170; x_wconf 79' lang='grc' dir='ltr'><strong>ἔαρ,</strong></span> <span class='ocrx_word' id='word_1_63' title='bbox 1785 1103 1819 1171; x_wconf 76' lang='grc' dir='ltr'><strong>ἡ</strong></span> <span class='ocrx_word' id='word_1_64' title='bbox 1863 1101 2067 1172; x_wconf 76' lang='grc' dir='ltr'><strong>ἀληθὴς</strong></span> 
     </span>
    </p>
   </div>
   <div class='ocr_carea' id='block_1_10' title="bbox 491 1179 2066 1254">
    <p class='ocr_par' dir='ltr' id='par_1_10' title="bbox 491 1179 2066 1254">
     <span class='ocr_line' id='line_1_11' title="bbox 491 1179 2066 1254; baseline 0.002 -21"><span class='ocrx_word' id='word_1_65' title='bbox 491 1180 601 1233; x_wconf 92' lang='grc' dir='ltr'><strong>τῶν</strong></span> <span class='ocrx_word' id='word_1_66' title='bbox 632 1179 907 1250; x_wconf 79' lang='grc' dir='ltr'><strong>λογισμῶν</strong></span> <span class='ocrx_word' id='word_1_67' title='bbox 945 1179 1178 1250; x_wconf 83' lang='grc' dir='ltr'><strong>γαλήνη.</strong></span> <span class='ocrx_word' id='word_1_68' title='bbox 1224 1180 1490 1250; x_wconf 83' lang='grc' dir='ltr'><strong>Γηπόνοις</strong></span> <span class='ocrx_word' id='word_1_69' title='bbox 1515 1189 1540 1216; x_wconf 72' lang='grc'><strong><em>⁸</em></strong></span> <span class='ocrx_word' id='word_1_70' title='bbox 1573 1183 1671 1251; x_wconf 78' lang='grc' dir='ltr'><strong>μὲν</strong></span> <span class='ocrx_word' id='word_1_71' title='bbox 1715 1183 1824 1254; x_wconf 82' lang='grc' dir='ltr'><strong>γάρ</strong></span> <span class='ocrx_word' id='word_1_72' title='bbox 1868 1184 1964 1253; x_wconf 84' lang='grc' dir='ltr'><strong>ήδὺ</strong></span> <span class='ocrx_word' id='word_1_73' title='bbox 2005 1185 2066 1236; x_wconf 86' lang='lat'><strong>:6</strong></span> 
     </span>
    </p>
   </div>
   <div class='ocr_carea' id='block_1_11' title="bbox 491 1261 2065 1334">
    <p class='ocr_par' dir='ltr' id='par_1_11' title="bbox 491 1261 2065 1334">
     <span class='ocr_line' id='line_1_12' title="bbox 491 1261 2065 1334; baseline 0.003 -20"><span class='ocrx_word' id='word_1_74' title='bbox 491 1262 614 1334; x_wconf 77' lang='grc' dir='ltr'><strong>ἔαρ,</strong></span> <span class='ocrx_word' id='word_1_75' title='bbox 643 1262 726 1315; x_wconf 84' lang='grc' dir='ltr'><strong>ὅτι</strong></span> <span class='ocrx_word' id='word_1_76' title='bbox 752 1264 864 1324; x_wconf 89' lang='grc' dir='ltr'><strong>τοῖς</strong></span> <span class='ocrx_word' id='word_1_77' title='bbox 894 1261 1080 1316; x_wconf 78' lang='grc' dir='ltr'><strong>ἄνθεσι</strong></span> <span class='ocrx_word' id='word_1_78' title='bbox 1119 1261 1239 1314; x_wconf 88' lang='grc' dir='ltr'><strong>τότε</strong></span> <span class='ocrx_word' id='word_1_79' title='bbox 1279 1265 1717 1334; x_wconf 83' lang='grc' dir='ltr'><strong>στεφανουμένην</strong></span> <span class='ocrx_word' id='word_1_80' title='bbox 1751 1265 1918 1334; x_wconf 84' lang='grc' dir='ltr'><strong>δρῶσι</strong></span> <span class='ocrx_word' id='word_1_81' title='bbox 1965 1267 2065 1334; x_wconf 85' lang='grc' dir='ltr'><strong>τὴν</strong></span> 
     </span>
    </p>
   </div>
   <div class='ocr_carea' id='block_1_12' title="bbox 490 1342 2065 1416">
    <p class='ocr_par' dir='ltr' id='par_1_12' title="bbox 490 1342 2065 1416">
     <span class='ocr_line' id='line_1_13' title="bbox 490 1342 2065 1416; baseline 0.001 -18"><span class='ocrx_word' id='word_1_82' title='bbox 490 1346 614 1415; x_wconf 84' lang='grc' dir='ltr'><strong>γῆν,</strong></span> <span class='ocrx_word' id='word_1_83' title='bbox 640 1346 733 1398; x_wconf 79' lang='grc' dir='ltr'><strong>καὶ</strong></span> <span class='ocrx_word' id='word_1_84' title='bbox 755 1344 1005 1414; x_wconf 87' lang='grc' dir='ltr'><strong>καθάπερ</strong></span> <span class='ocrx_word' id='word_1_85' title='bbox 1033 1342 1246 1413; x_wconf 83' lang='grc' dir='ltr'><strong>ἱμάτιον</strong></span> <span class='ocrx_word' id='word_1_86' title='bbox 1273 1345 1513 1398; x_wconf 82' lang='grc' dir='ltr'><strong>ποικίλον</strong></span> <span class='ocrx_word' id='word_1_87' title='bbox 1537 1346 1777 1413; x_wconf 85' lang='grc' dir='ltr'><strong>ἐφαπλού</strong></span> <span class='ocrx_word' id='word_1_88' title='bbox 1787 1364 1943 1416; x_wconf 91' lang='grc' dir='ltr'><strong>μενον</strong></span> <span class='ocrx_word' id='word_1_89' title='bbox 1967 1348 2065 1401; x_wconf 81' lang='grc' dir='ltr'><strong>αὑ-</strong></span> 
     </span>
    </p>
   </div>
   <div class='ocr_carea' id='block_1_13' title="bbox 488 1425 2062 1498">
    <p class='ocr_par' dir='ltr' id='par_1_13' title="bbox 488 1425 2062 1498">
     <span class='ocr_line' id='line_1_14' title="bbox 488 1425 2062 1498; baseline 0.001 -18"><span class='ocrx_word' id='word_1_90' title='bbox 488 1430 556 1498; x_wconf 80' lang='grc' dir='ltr'><strong>τῇ</strong></span> <span class='ocrx_word' id='word_1_91' title='bbox 592 1426 873 1488; x_wconf 76' lang='grc' dir='ltr'><strong>πάντοθεν,</strong></span> <span class='ocrx_word' id='word_1_92' title='bbox 905 1427 1003 1497; x_wconf 81' lang='grc' dir='ltr'><strong>τὴν</strong></span> <span class='ocrx_word' id='word_1_93' title='bbox 1056 1425 1350 1496; x_wconf 84' lang='grc' dir='ltr'><strong>βλάστησιν</strong></span> <span class='ocrx_word' id='word_1_94' title='bbox 1379 1427 1478 1496; x_wconf 85' lang='grc' dir='ltr'><strong>τὴν</strong></span> <span class='ocrx_word' id='word_1_95' title='bbox 1519 1428 1624 1479; x_wconf 75' lang='grc' dir='ltr'><strong>ἀπὸ</strong></span> <span class='ocrx_word' id='word_1_96' title='bbox 1666 1428 1772 1480; x_wconf 86' lang='grc' dir='ltr'><strong>τῶν</strong></span> <span class='ocrx_word' id='word_1_97' title='bbox 1799 1429 2062 1497; x_wconf 79' lang='grc' dir='ltr'><strong>βοτανῶνο</strong></span> 
     </span>
    </p>
   </div>
   <div class='ocr_carea' id='block_1_14' title="bbox 491 1507 2063 1580">
    <p class='ocr_par' dir='ltr' id='par_1_14' title="bbox 491 1507 2063 1580">
     <span class='ocr_line' id='line_1_15' title="bbox 491 1507 2063 1580; baseline 0 -17"><span class='ocrx_word' id='word_1_98' title='bbox 491 1510 716 1572; x_wconf 79' lang='grc' dir='ltr'><strong>ναύταις</strong></span> <span class='ocrx_word' id='word_1_99' title='bbox 743 1509 802 1562; x_wconf 76' lang='grc' dir='ltr'><strong>δὲ</strong></span> <span class='ocrx_word' id='word_1_100' title='bbox 827 1509 926 1580; x_wconf 85' lang='grc' dir='ltr'><strong>ήδὺ</strong></span> <span class='ocrx_word' id='word_1_101' title='bbox 960 1509 1018 1560; x_wconf 87' lang='lat'><strong>:6</strong></span> <span class='ocrx_word' id='word_1_102' title='bbox 1050 1507 1170 1578; x_wconf 72' lang='grc' dir='ltr'><strong>ἔαρ,</strong></span> <span class='ocrx_word' id='word_1_103' title='bbox 1206 1507 1287 1559; x_wconf 81' lang='grc' dir='ltr'><strong>ὅτι</strong></span> <span class='ocrx_word' id='word_1_104' title='bbox 1323 1509 1391 1560; x_wconf 74' lang='grc' dir='ltr'><strong>τά</strong></span> <span class='ocrx_word' id='word_1_105' title='bbox 1431 1509 1693 1562; x_wconf 83' lang='grc' dir='ltr'><strong>θαλάττια</strong></span> <span class='ocrx_word' id='word_1_106' title='bbox 1729 1510 1874 1564; x_wconf 85' lang='grc' dir='ltr'><strong>νῶτα</strong></span> <span class='ocrx_word' id='word_1_107' title='bbox 1926 1511 2063 1580; x_wconf 89' lang='grc' dir='ltr'><strong>μετὰ</strong></span> 
     </span>
    </p>
   </div>
   <div class='ocr_carea' id='block_1_15' title="bbox 492 1590 2056 1662">
    <p class='ocr_par' dir='ltr' id='par_1_15' title="bbox 492 1590 2056 1662">
     <span class='ocr_line' id='line_1_16' title="bbox 492 1590 2056 1662; baseline 0.002 -19"><span class='ocrx_word' id='word_1_108' title='bbox 492 1591 794 1661; x_wconf 78' lang='grc' dir='ltr'><strong>ἀσφαλείας</strong></span> <span class='ocrx_word' id='word_1_109' title='bbox 850 1592 1032 1660; x_wconf 74' lang='grc' dir='ltr'><strong>έχουσι</strong></span> <span class='ocrx_word' id='word_1_110' title='bbox 1077 1590 1264 1652; x_wconf 83' lang='grc' dir='ltr'><strong>πλεῖν,</strong></span> <span class='ocrx_word' id='word_1_111' title='bbox 1312 1590 1569 1660; x_wconf 80' lang='grc' dir='ltr'><strong>κυμάτων</strong></span> <span class='ocrx_word' id='word_1_112' title='bbox 1620 1593 2056 1662; x_wconf 86' lang='grc' dir='ltr'><strong>ἐστορεσμένων.</strong></span> 
     </span>
    </p>
   </div>
   <div class='ocr_carea' id='block_1_16' title="bbox 488 1670 2059 1742">
    <p class='ocr_par' dir='ltr' id='par_1_16' title="bbox 488 1670 2059 1742">
     <span class='ocr_line' id='line_1_17' title="bbox 488 1670 2059 1742; baseline 0.001 -16"><span class='ocrx_word' id='word_1_113' title='bbox 488 1672 752 1742; x_wconf 82' lang='grc' dir='ltr'><strong>δελφίνων</strong></span> <span class='ocrx_word' id='word_1_114' title='bbox 787 1674 847 1725; x_wconf 87' lang='grc' dir='ltr'><strong>ἐν</strong></span> <span class='ocrx_word' id='word_1_115' title='bbox 875 1670 1041 1741; x_wconf 81' lang='grc' dir='ltr'><strong>πολλῇ</strong></span> <span class='ocrx_word' id='word_1_116' title='bbox 1083 1671 1387 1735; x_wconf 80' lang='grc' dir='ltr'><strong>παιζόντων</strong></span> <span class='ocrx_word' id='word_1_117' title='bbox 1430 1672 1636 1742; x_wconf 86' lang='grc' dir='ltr'><strong>γαλήνῃ</strong></span> <span class='ocrx_word' id='word_1_118' title='bbox 1674 1676 1765 1726; x_wconf 66' lang='grc' dir='ltr'><strong>καὶ</strong></span> <span class='ocrx_word' id='word_1_119' title='bbox 1805 1676 1932 1742; x_wconf 77' lang='grc' dir='ltr'><strong>παρ’</strong></span> <span class='ocrx_word' id='word_1_120' title='bbox 1960 1677 2059 1727; x_wconf 78' lang='lat' dir='ltr'><strong>a6-</strong></span> 
     </span>
    </p>
   </div>
   <div class='ocr_carea' id='block_1_17' title="bbox 487 1753 2056 1823">
    <p class='ocr_par' dir='ltr' id='par_1_17' title="bbox 487 1753 2056 1823">
     <span class='ocr_line' id='line_1_18' title="bbox 487 1753 2056 1823; baseline 0.001 -17"><span class='ocrx_word' id='word_1_121' title='bbox 487 1756 614 1817; x_wconf 73' lang='grc' dir='ltr'><strong>τοὺς</strong></span> <span class='ocrx_word' id='word_1_122' title='bbox 641 1755 740 1817; x_wconf 80' lang='grc' dir='ltr'><strong>τῆς</strong></span> <span class='ocrx_word' id='word_1_123' title='bbox 768 1753 894 1823; x_wconf 78' lang='grc' dir='ltr'><strong>νηὸς</strong></span> <span class='ocrx_word' id='word_1_124' title='bbox 925 1755 1050 1815; x_wconf 80' lang='grc' dir='ltr'><strong>τοὺς</strong></span> <span class='ocrx_word' id='word_1_125' title='bbox 1080 1754 1290 1823; x_wconf 85' lang='grc' dir='ltr'><strong>τοίχους</strong></span> <span class='ocrx_word' id='word_1_126' title='bbox 1318 1753 1696 1808; x_wconf 81' lang='grc' dir='ltr'><strong>κυϐιστώντων</strong></span> <span class='ocrx_word' id='word_1_127' title='bbox 1721 1755 1749 1797; x_wconf 77' lang='grc' dir='ltr'><strong>ι)</strong></span> <span class='ocrx_word' id='word_1_128' title='bbox 1780 1756 2056 1818; x_wconf 82' lang='grc' dir='ltr'><strong>πολλάκις.</strong></span> 
     </span>
    </p>
   </div>
   <div class='ocr_carea' id='block_1_18' title="bbox 498 1835 2056 1909">
    <p class='ocr_par' dir='ltr' id='par_1_18' title="bbox 498 1835 2056 1909">
     <span class='ocr_line' id='line_1_19' title="bbox 498 1835 2056 1909; baseline 0.001 -20"><span class='ocrx_word' id='word_1_129' title='bbox 498 1838 659 1905; x_wconf 84' lang='grc' dir='ltr'><strong>Ἡμῖν</strong></span> <span class='ocrx_word' id='word_1_130' title='bbox 689 1835 744 1888; x_wconf 88' lang='grc' dir='ltr'><strong>δὲ</strong></span> <span class='ocrx_word' id='word_1_131' title='bbox 773 1835 868 1907; x_wconf 77' lang='grc' dir='ltr'><strong>ήδὺ</strong></span> <span class='ocrx_word' id='word_1_132' title='bbox 898 1835 958 1888; x_wconf 85' lang='lat'><strong>:6</strong></span> <span class='ocrx_word' id='word_1_133' title='bbox 985 1837 1084 1905; x_wconf 83' lang='grc' dir='ltr'><strong>τῆς</strong></span> <span class='ocrx_word' id='word_1_134' title='bbox 1114 1837 1362 1907; x_wconf 76' lang='grc' dir='ltr'><strong>νηστείας</strong></span> <span class='ocrx_word' id='word_1_135' title='bbox 1390 1837 1508 1906; x_wconf 85' lang='grc' dir='ltr'><strong>ἔαρ.</strong></span> <span class='ocrx_word' id='word_1_136' title='bbox 1545 1838 1626 1891; x_wconf 71' lang='grc' dir='ltr'><strong>ὅτι</strong></span> <span class='ocrx_word' id='word_1_137' title='bbox 1666 1837 1885 1908; x_wconf 85' lang='grc' dir='ltr'><strong>κύματα</strong></span> <span class='ocrx_word' id='word_1_138' title='bbox 1907 1840 2056 1909; x_wconf 85' lang='grc' dir='ltr'><strong>ἡμῖν,</strong></span> 
     </span>
    </p>
   </div>
   <div class='ocr_carea' id='block_1_19' title="bbox 486 1917 2060 1989">
    <p class='ocr_par' dir='ltr' id='par_1_19' title="bbox 486 1917 2060 1989">
     <span class='ocr_line' id='line_1_20' title="bbox 486 1917 2060 1989; baseline 0.004 -19"><span class='ocrx_word' id='word_1_139' title='bbox 486 1919 585 1989; x_wconf 85' lang='grc' dir='ltr'><strong>οὑχ</strong></span> <span class='ocrx_word' id='word_1_140' title='bbox 637 1917 880 1981; x_wconf 80' lang='grc' dir='ltr'><strong>ὑδάτων,</strong></span> <span class='ocrx_word' id='word_1_141' title='bbox 929 1917 1043 1969; x_wconf 88' lang='grc' dir='ltr'><strong>ἀλλ’</strong></span> <span class='ocrx_word' id='word_1_142' title='bbox 1091 1918 1394 1986; x_wconf 78' lang='grc' dir='ltr'><strong>ἐπιθυμιῶν</strong></span> <span class='ocrx_word' id='word_1_143' title='bbox 1428 1919 1637 1987; x_wconf 79' lang='grc' dir='ltr'><strong>ἀλόγων</strong></span> <span class='ocrx_word' id='word_1_144' title='bbox 1678 1919 2060 1976; x_wconf 75' lang='grc' dir='ltr'><strong>καταστέλλειν</strong></span> 
     </span>
    </p>
   </div>
   <div class='ocr_carea' id='block_1_20' title="bbox 485 2000 2056 2071">
    <p class='ocr_par' dir='ltr' id='par_1_20' title="bbox 485 2000 2056 2071">
     <span class='ocr_line' id='line_1_21' title="bbox 485 2000 2056 2071; baseline 0.002 -19"><span class='ocrx_word' id='word_1_145' title='bbox 485 2000 665 2064; x_wconf 68' lang='grc' dir='ltr'><strong>εἴωθε,</strong></span> <span class='ocrx_word' id='word_1_146' title='bbox 695 2000 793 2052; x_wconf 74' lang='grc' dir='ltr'><strong>καὶ</strong></span> <span class='ocrx_word' id='word_1_147' title='bbox 833 2000 1094 2068; x_wconf 88' lang='grc' dir='ltr'><strong>στέφανον</strong></span> <span class='ocrx_word' id='word_1_148' title='bbox 1136 2001 1267 2071; x_wconf 82' lang='grc' dir='ltr'><strong>ἡμῖν</strong></span> <span class='ocrx_word' id='word_1_149' title='bbox 1299 2002 1361 2054; x_wconf 89' lang='grc' dir='ltr'><strong>οὑ</strong></span> <span class='ocrx_word' id='word_1_150' title='bbox 1407 2001 1641 2054; x_wconf 75' lang='grc' dir='ltr'><strong>τὸνάπὸ</strong></span> <span class='ocrx_word' id='word_1_151' title='bbox 1690 2003 1797 2054; x_wconf 89' lang='grc' dir='ltr'><strong>τῶν</strong></span> <span class='ocrx_word' id='word_1_152' title='bbox 1830 2002 2056 2066; x_wconf 83' lang='grc' dir='ltr'><strong>ἀνθέων,</strong></span> 
     </span>
    </p>
   </div>
   <div class='ocr_carea' id='block_1_21' title="bbox 482 2081 2056 2154">
    <p class='ocr_par' dir='ltr' id='par_1_21' title="bbox 482 2081 2056 2154">
     <span class='ocr_line' id='line_1_22' title="bbox 482 2081 2056 2154; baseline 0.001 -18"><span class='ocrx_word' id='word_1_153' title='bbox 482 2083 620 2136; x_wconf 86' lang='grc' dir='ltr'><strong>ἀλλά</strong></span> <span class='ocrx_word' id='word_1_154' title='bbox 647 2083 737 2136; x_wconf 81' lang='grc' dir='ltr'><strong>τὸν</strong></span> <span class='ocrx_word' id='word_1_155' title='bbox 771 2083 880 2136; x_wconf 80' lang='grc' dir='ltr'><strong>ἀπὸ</strong></span> <span class='ocrx_word' id='word_1_156' title='bbox 908 2081 1016 2134; x_wconf 87' lang='grc' dir='ltr'><strong>τῶν</strong></span> <span class='ocrx_word' id='word_1_157' title='bbox 1048 2083 1287 2152; x_wconf 83' lang='grc' dir='ltr'><strong>χαρίτων</strong></span> <span class='ocrx_word' id='word_1_158' title='bbox 1331 2083 1641 2154; x_wconf 83' lang='grc' dir='ltr'><strong>περιτίθησι</strong></span> <span class='ocrx_word' id='word_1_159' title='bbox 1669 2085 1778 2138; x_wconf 87' lang='grc' dir='ltr'><strong>τῶν</strong></span> <span class='ocrx_word' id='word_1_160' title='bbox 1809 2102 2056 2154; x_wconf 83' lang='grc' dir='ltr'><strong>πνευμα-</strong></span> 
     </span>
    </p>
   </div>
   <div class='ocr_carea' id='block_1_22' title="bbox 478 2163 2057 2236">
    <p class='ocr_par' dir='ltr' id='par_1_22' title="bbox 478 2163 2057 2236">
     <span class='ocr_line' id='line_1_23' title="bbox 478 2163 2057 2236; baseline 0.003 -20"><span class='ocrx_word' id='word_1_161' title='bbox 478 2165 678 2219; x_wconf 87' lang='grc' dir='ltr'><strong>τικῶν·</strong></span> <span class='ocrx_word' id='word_1_162' title='bbox 733 2163 1039 2232; x_wconf 64' lang='grc' dir='ltr'><strong>Στέφανον</strong></span> <span class='ocrx_word' id='word_1_163' title='bbox 1084 2163 1192 2235; x_wconf 83' lang='grc' dir='ltr'><strong>γὰρ</strong></span> <span class='ocrx_word' id='word_1_164' title='bbox 1231 2167 1522 2234; x_wconf 80' lang='grc' dir='ltr'><strong>χαρίτων,</strong></span> <span class='ocrx_word' id='word_1_165' title='bbox 1563 2167 1730 2236; x_wconf 74' lang='grc' dir='ltr'><strong>φησὶ,</strong></span> <span class='ocrx_word' id='word_1_166' title='bbox 1781 2167 1927 2234; x_wconf 79' lang='grc' dir='ltr'><strong>δέξῃ</strong></span> <span class='ocrx_word' id='word_1_167' title='bbox 1973 2167 2057 2236; x_wconf 77' lang='grc' dir='ltr'><strong>σῇ</strong></span> 
     </span>
    </p>
   </div>
   <div class='ocr_carea' id='block_1_23' title="bbox 483 2247 2056 2325">
    <p class='ocr_par' dir='ltr' id='par_1_23' title="bbox 483 2247 2056 2325">
     <span class='ocr_line' id='line_1_24' title="bbox 483 2247 2056 2325; baseline 0.003 -25"><span class='ocrx_word' id='word_1_168' title='bbox 483 2247 738 2317; x_wconf 70' lang='grc' dir='ltr'><strong>κορυφῇ.</strong></span> <span class='ocrx_word' id='word_1_169' title='bbox 789 2248 909 2319; x_wconf 77' lang='grc' dir='ltr'><strong>Οὑχ</strong></span> <span class='ocrx_word' id='word_1_170' title='bbox 943 2247 1086 2302; x_wconf 77' lang='grc' dir='ltr'><strong>οὕτω</strong></span> <span class='ocrx_word' id='word_1_171' title='bbox 1135 2248 1357 2322; x_wconf 86' lang='grc' dir='ltr'><strong>χελιδὼν</strong></span> <span class='ocrx_word' id='word_1_172' title='bbox 1412 2251 1640 2322; x_wconf 86' lang='grc' dir='ltr'><strong>φανεῖσα</strong></span> <span class='ocrx_word' id='word_1_173' title='bbox 1684 2251 1774 2304; x_wconf 86' lang='grc' dir='ltr'><strong>τὸν</strong></span> <span class='ocrx_word' id='word_1_174' title='bbox 1817 2250 2056 2325; x_wconf 78' lang='grc' dir='ltr'><strong>χειμῶνα</strong></span> 
     </span>
    </p>
   </div>
   <div class='ocr_carea' id='block_1_24' title="bbox 479 2329 2056 2402">
    <p class='ocr_par' dir='ltr' id='par_1_24' title="bbox 479 2329 2056 2402">
     <span class='ocr_line' id='line_1_25' title="bbox 479 2329 2056 2402; baseline 0.002 -20"><span class='ocrx_word' id='word_1_175' title='bbox 479 2329 807 2383; x_wconf 75' lang='grc' dir='ltr'><strong>ἀπελαύνειν</strong></span> <span class='ocrx_word' id='word_1_176' title='bbox 832 2330 1043 2393; x_wconf 80' lang='grc' dir='ltr'><strong>εἴωθεν,</strong></span> <span class='ocrx_word' id='word_1_177' title='bbox 1078 2330 1154 2394; x_wconf 85' lang='grc' dir='ltr'><strong>ὡς</strong></span> <span class='ocrx_word' id='word_1_178' title='bbox 1185 2331 1406 2401; x_wconf 82' lang='grc' dir='ltr'><strong>νηστεία</strong></span> <span class='ocrx_word' id='word_1_179' title='bbox 1441 2335 1670 2399; x_wconf 77' lang='grc' dir='ltr'><strong>φανεῖσα</strong></span> <span class='ocrx_word' id='word_1_180' title='bbox 1699 2333 1788 2384; x_wconf 81' lang='grc' dir='ltr'><strong>τὸν</strong></span> <span class='ocrx_word' id='word_1_181' title='bbox 1815 2333 2056 2402; x_wconf 84' lang='grc' dir='ltr'><strong>χειμῶνα</strong></span> 
     </span>
    </p>
   </div>
   <div class='ocr_carea' id='block_1_25' title="bbox 478 2411 2057 2485">
    <p class='ocr_par' dir='ltr' id='par_1_25' title="bbox 478 2411 2057 2485">
     <span class='ocr_line' id='line_1_26' title="bbox 478 2411 2057 2485; baseline 0.001 -19"><span class='ocrx_word' id='word_1_182' title='bbox 478 2413 587 2466; x_wconf 87' lang='grc' dir='ltr'><strong>τῶν</strong></span> <span class='ocrx_word' id='word_1_183' title='bbox 613 2411 808 2464; x_wconf 79' lang='grc' dir='ltr'><strong>παθῶν.</strong></span> <span class='ocrx_word' id='word_1_184' title='bbox 828 2412 927 2481; x_wconf 76' lang='grc' dir='ltr'><strong>τῆς</strong></span> <span class='ocrx_word' id='word_1_185' title='bbox 958 2413 1197 2475; x_wconf 84' lang='grc' dir='ltr'><strong>διανοίας</strong></span> <span class='ocrx_word' id='word_1_186' title='bbox 1225 2413 1475 2466; x_wconf 84' lang='grc' dir='ltr'><strong>ἐκϐάλλει</strong></span> <span class='ocrx_word' id='word_1_187' title='bbox 1505 2413 1606 2482; x_wconf 80' lang='grc' dir='ltr'><strong>τῆς</strong></span> <span class='ocrx_word' id='word_1_188' title='bbox 1633 2414 1926 2485; x_wconf 79' lang='grc' dir='ltr'><strong>ἡμετέρας.</strong></span> <span class='ocrx_word' id='word_1_189' title='bbox 1954 2415 2057 2467; x_wconf 89' lang='grc' dir='ltr'><strong>Οὑ-</strong></span> 
     </span>
    </p>
   </div>
   <div class='ocr_carea' id='block_1_26' title="bbox 478 2494 2054 2565">
    <p class='ocr_par' dir='ltr' id='par_1_26' title="bbox 478 2494 2054 2565">
     <span class='ocr_line' id='line_1_27' title="bbox 478 2494 2054 2565; baseline 0 -19"><span class='ocrx_word' id='word_1_190' title='bbox 478 2495 600 2546; x_wconf 88' lang='grc' dir='ltr'><strong>κέτι</strong></span> <span class='ocrx_word' id='word_1_191' title='bbox 627 2494 773 2564; x_wconf 86' lang='grc' dir='ltr'><strong>μάχη</strong></span> <span class='ocrx_word' id='word_1_192' title='bbox 803 2496 869 2564; x_wconf 79' lang='grc' dir='ltr'><strong>τῇ</strong></span> <span class='ocrx_word' id='word_1_193' title='bbox 907 2495 1051 2564; x_wconf 73' lang='grc' dir='ltr'><strong>ψυχῇ</strong></span> <span class='ocrx_word' id='word_1_194' title='bbox 1080 2495 1216 2564; x_wconf 77' lang='grc' dir='ltr'><strong>πρὸς</strong></span> <span class='ocrx_word' id='word_1_195' title='bbox 1246 2495 1344 2565; x_wconf 76' lang='grc' dir='ltr'><strong>τὴν</strong></span> <span class='ocrx_word' id='word_1_196' title='bbox 1381 2495 1591 2564; x_wconf 84' lang='grc' dir='ltr'><strong>σάρκα,</strong></span> <span class='ocrx_word' id='word_1_197' title='bbox 1634 2495 1754 2546; x_wconf 78' lang='grc' dir='ltr'><strong>οὑδὲ</strong></span> <span class='ocrx_word' id='word_1_198' title='bbox 1790 2494 2054 2559; x_wconf 83' lang='grc' dir='ltr'><strong>κατεξαν-</strong></span> 
     </span>
    </p>
   </div>
   <div class='ocr_carea' id='block_1_27' title="bbox 483 2569 2055 2646">
    <p class='ocr_par' dir='ltr' id='par_1_27' title="bbox 483 2569 2055 2646">
     <span class='ocr_line' id='line_1_28' title="bbox 483 2569 2055 2646; baseline -0.001 -18"><span class='ocrx_word' id='word_1_199' title='bbox 483 2577 701 2629; x_wconf 85' lang='grc' dir='ltr'><strong>ίσταται</strong></span> <span class='ocrx_word' id='word_1_200' title='bbox 727 2576 827 2644; x_wconf 84' lang='grc' dir='ltr'><strong>τῆς</strong></span> <span class='ocrx_word' id='word_1_201' title='bbox 847 2576 1039 2646; x_wconf 81' lang='grc' dir='ltr'><strong>κυρίας</strong></span> <span class='ocrx_word' id='word_1_202' title='bbox 1062 2578 1094 2644; x_wconf 92' lang='grc' dir='ltr'><strong>ή</strong></span> <span class='ocrx_word' id='word_1_203' title='bbox 1121 2575 1302 2644; x_wconf 83' lang='grc' dir='ltr'><strong>δούλη,</strong></span> <span class='ocrx_word' id='word_1_204' title='bbox 1336 2576 1472 2628; x_wconf 86' lang='grc' dir='ltr'><strong>ἀλλά</strong></span> <span class='ocrx_word' id='word_1_205' title='bbox 1515 2578 1621 2639; x_wconf 82' lang='grc' dir='ltr'><strong>πᾶς</strong></span> <span class='ocrx_word' id='word_1_206' title='bbox 1651 2569 1804 2638; x_wconf 74' lang='grc' dir='ltr'><strong>οὗτος</strong></span> <span class='ocrx_word' id='word_1_207' title='bbox 1831 2575 1923 2628; x_wconf 83' lang='lat'><strong>:06</strong></span> <span class='ocrx_word' id='word_1_208' title='bbox 1952 2575 2055 2627; x_wconf 80' lang='grc' dir='ltr'><strong>σώ-</strong></span> 
     </span>
    </p>
   </div>
   <div class='ocr_carea' id='block_1_28' title="bbox 483 2653 2054 2728">
    <p class='ocr_par' dir='ltr' id='par_1_28' title="bbox 483 2653 2054 2728">
     <span class='ocr_line' id='line_1_29' title="bbox 483 2653 2054 2728; baseline -0.003 -16"><span class='ocrx_word' id='word_1_209' title='bbox 483 2675 649 2728; x_wconf 86' lang='grc' dir='ltr'><strong>ματος</strong></span> <span class='ocrx_word' id='word_1_210' title='bbox 677 2658 706 2710; x_wconf 92' lang='lat'><strong>6</strong></span> <span class='ocrx_word' id='word_1_211' title='bbox 737 2658 970 2727; x_wconf 83' lang='grc' dir='ltr'><strong>πόλεμος</strong></span> <span class='ocrx_word' id='word_1_212' title='bbox 1000 2657 1237 2711; x_wconf 80' lang='grc' dir='ltr'><strong>λέλυται.</strong></span> <span class='ocrx_word' id='word_1_213' title='bbox 1279 2658 1430 2710; x_wconf 80' lang='grc' dir='ltr'><strong>Ἐπεὶ</strong></span> <span class='ocrx_word' id='word_1_214' title='bbox 1461 2653 1553 2710; x_wconf 66' lang='grc' dir='ltr'><strong>οὖν</strong></span> <span class='ocrx_word' id='word_1_215' title='bbox 1601 2656 1770 2728; x_wconf 78' lang='grc' dir='ltr'><strong>πολλὴ</strong></span> <span class='ocrx_word' id='word_1_216' title='bbox 1802 2657 1900 2724; x_wconf 87' lang='grc' dir='ltr'><strong>μὲν</strong></span> <span class='ocrx_word' id='word_1_217' title='bbox 1925 2659 2054 2726; x_wconf 83' lang='grc' dir='ltr'><strong>παρ’</strong></span> 
     </span>
    </p>
   </div>
   <div class='ocr_carea' id='block_1_29' title="bbox 478 2739 2068 2811">
    <p class='ocr_par' dir='ltr' id='par_1_29' title="bbox 478 2739 2068 2811">
     <span class='ocr_line' id='line_1_30' title="bbox 478 2739 2068 2811; baseline -0.002 -18"><span class='ocrx_word' id='word_1_218' title='bbox 478 2742 610 2810; x_wconf 75' lang='grc' dir='ltr'><strong>ἡμῖν</strong></span> <span class='ocrx_word' id='word_1_219' title='bbox 642 2741 862 2811; x_wconf 85' lang='grc' dir='ltr'><strong>είρήνη,</strong></span> <span class='ocrx_word' id='word_1_220' title='bbox 885 2739 1052 2810; x_wconf 80' lang='grc' dir='ltr'><strong>πολλή</strong></span> <span class='ocrx_word' id='word_1_221' title='bbox 1085 2739 1142 2792; x_wconf 86' lang='grc' dir='ltr'><strong>δέ</strong></span> <span class='ocrx_word' id='word_1_222' title='bbox 1172 2739 1265 2792; x_wconf 72' lang='grc' dir='ltr'><strong>καὶ</strong></span> <span class='ocrx_word' id='word_1_223' title='bbox 1291 2741 1323 2808; x_wconf 84' lang='grc' dir='ltr'><strong>ή</strong></span> <span class='ocrx_word' id='word_1_224' title='bbox 1357 2739 1582 2811; x_wconf 87' lang='grc' dir='ltr'><strong>γαλήνη.</strong></span> <span class='ocrx_word' id='word_1_225' title='bbox 1613 2739 1743 2810; x_wconf 86' lang='grc' dir='ltr'><strong>φέρε</strong></span> <span class='ocrx_word' id='word_1_226' title='bbox 1769 2740 1862 2792; x_wconf 71' lang='grc' dir='ltr'><strong>καὶ</strong></span> <span class='ocrx_word' id='word_1_227' title='bbox 1893 2741 2068 2808; x_wconf 71' lang='grc' dir='ltr'><strong>ἡμεῖς</strong></span> 
     </span>
    </p>
   </div>
   <div class='ocr_carea' id='block_1_30' title="bbox 477 2821 2052 2894">
    <p class='ocr_par' dir='ltr' id='par_1_30' title="bbox 477 2821 2052 2894">
     <span class='ocr_line' id='line_1_31' title="bbox 477 2821 2052 2894; baseline -0.002 -18"><span class='ocrx_word' id='word_1_228' title='bbox 477 2824 541 2877; x_wconf 84' lang='lat'><strong>:6</strong></span> <span class='ocrx_word' id='word_1_229' title='bbox 575 2823 780 2892; x_wconf 83' lang='grc' dir='ltr'><strong>σκάφος</strong></span> <span class='ocrx_word' id='word_1_230' title='bbox 804 2821 905 2890; x_wconf 84' lang='grc' dir='ltr'><strong>τῆς</strong></span> <span class='ocrx_word' id='word_1_231' title='bbox 937 2821 1283 2884; x_wconf 82' lang='grc' dir='ltr'><strong>διδασκαλίας</strong></span> <span class='ocrx_word' id='word_1_232' title='bbox 1316 2821 1652 2892; x_wconf 78' lang='grc' dir='ltr'><strong>ἑλκύσωμεν,</strong></span> <span class='ocrx_word' id='word_1_233' title='bbox 1689 2821 1795 2874; x_wconf 83' lang='grc' dir='ltr'><strong>ἀπὸ</strong></span> <span class='ocrx_word' id='word_1_234' title='bbox 1837 2821 2052 2894; x_wconf 76' lang='grc' dir='ltr'><strong>λιμένος</strong></span> 
     </span>
    </p>
   </div>
   <div class='ocr_carea' id='block_1_31' title="bbox 477 2895 2052 2976">
    <p class='ocr_par' dir='ltr' id='par_1_31' title="bbox 477 2895 2052 2976">
     <span class='ocr_line' id='line_1_32' title="bbox 477 2895 2052 2976; baseline -0.003 -18"><span class='ocrx_word' id='word_1_235' title='bbox 477 2906 560 2969; x_wconf 90' lang='grc' dir='ltr'><strong>είς</strong></span> <span class='ocrx_word' id='word_1_236' title='bbox 580 2905 775 2976; x_wconf 81' lang='grc' dir='ltr'><strong>λιμένα</strong></span> <span class='ocrx_word' id='word_1_237' title='bbox 813 2903 1272 2975; x_wconf 84' lang='grc' dir='ltr'><strong>παραπέμποντες</strong></span> <span class='ocrx_word' id='word_1_238' title='bbox 1299 2903 1408 2956; x_wconf 86' lang='grc' dir='ltr'><strong>τῶν</strong></span> <span class='ocrx_word' id='word_1_239' title='bbox 1439 2904 1718 2974; x_wconf 87' lang='grc' dir='ltr'><strong>ὑμετέρων</strong></span> <span class='ocrx_word' id='word_1_240' title='bbox 1748 2903 1923 2957; x_wconf 89' lang='grc' dir='ltr'><strong>ἀκοῶν</strong></span> <span class='ocrx_word' id='word_1_241' title='bbox 1957 2895 2052 2974; x_wconf 78' lang='grc' dir='ltr'><strong>τήν</strong></span> 
     </span>
    </p>
   </div>
   <div class='ocr_carea' id='block_1_32' title="bbox 478 2985 2055 3060">
    <p class='ocr_par' dir='ltr' id='par_1_32' title="bbox 478 2985 2055 3060">
     <span class='ocr_line' id='line_1_33' title="bbox 478 2985 2055 3060; baseline -0.004 -18"><span class='ocrx_word' id='word_1_242' title='bbox 478 2988 814 3060; x_wconf 72' lang='grc' dir='ltr'><strong>ἡμερότητα.</strong></span> <span class='ocrx_word' id='word_1_243' title='bbox 849 2985 1006 3055; x_wconf 83' lang='grc' dir='ltr'><strong>Φέρε,</strong></span> <span class='ocrx_word' id='word_1_244' title='bbox 1033 2985 1377 3056; x_wconf 82' lang='grc' dir='ltr'><strong>λεπτοτέρων</strong></span> <span class='ocrx_word' id='word_1_245' title='bbox 1410 2986 1910 3056; x_wconf 79' lang='grc' dir='ltr'><strong>κατατολμήσωμεν</strong></span> <span class='ocrx_word' id='word_1_246' title='bbox 1939 3003 2055 3058; x_wconf 46' lang='lat' dir='ltr'><em>v01}-</em></span> 
     </span>
    </p>
   </div>
   <div class='ocr_carea' id='block_1_33' title="bbox 481 3067 2052 3141">
    <p class='ocr_par' dir='ltr' id='par_1_33' title="bbox 481 3067 2052 3141">
     <span class='ocr_line' id='line_1_34' title="bbox 481 3067 2052 3141; baseline -0.003 -17"><span class='ocrx_word' id='word_1_247' title='bbox 481 3071 688 3141; x_wconf 84' lang='grc' dir='ltr'><strong>μάτων,</strong></span> <span class='ocrx_word' id='word_1_248' title='bbox 720 3071 848 3140; x_wconf 73' lang='grc' dir='ltr'><strong>περὶ</strong></span> <span class='ocrx_word' id='word_1_249' title='bbox 872 3067 1102 3138; x_wconf 82' lang='grc' dir='ltr'><strong>οὐρανοῦ</strong></span> <span class='ocrx_word' id='word_1_250' title='bbox 1145 3069 1236 3119; x_wconf 75' lang='grc' dir='ltr'><strong>καὶ</strong></span> <span class='ocrx_word' id='word_1_251' title='bbox 1270 3069 1371 3136; x_wconf 84' lang='grc' dir='ltr'><strong>γῆς</strong></span> <span class='ocrx_word' id='word_1_252' title='bbox 1407 3068 1500 3120; x_wconf 78' lang='grc' dir='ltr'><strong>καὶ</strong></span> <span class='ocrx_word' id='word_1_253' title='bbox 1529 3068 1797 3139; x_wconf 83' lang='grc' dir='ltr'><strong>θαλάττης</strong></span> <span class='ocrx_word' id='word_1_254' title='bbox 1830 3069 1921 3121; x_wconf 78' lang='grc' dir='ltr'><strong>καϊ</strong></span> <span class='ocrx_word' id='word_1_255' title='bbox 1959 3067 2052 3119; x_wconf 81' lang='lat'><strong>:06</strong></span> 
     </span>
    </p>
   </div>
   <div class='ocr_carea' id='block_1_34' title="bbox 477 3149 2053 3222">
    <p class='ocr_par' dir='ltr' id='par_1_34' title="bbox 477 3149 2053 3222">
     <span class='ocr_line' id='line_1_35' title="bbox 477 3149 2053 3222; baseline -0.002 -16"><span class='ocrx_word' id='word_1_256' title='bbox 477 3153 664 3207; x_wconf 77' lang='grc' dir='ltr'><strong>λοιποῦ</strong></span> <span class='ocrx_word' id='word_1_257' title='bbox 694 3152 793 3222; x_wconf 82' lang='grc' dir='ltr'><strong>τῆς</strong></span> <span class='ocrx_word' id='word_1_258' title='bbox 835 3151 1063 3212; x_wconf 81' lang='grc' dir='ltr'><strong>κτίσεως</strong></span> <span class='ocrx_word' id='word_1_259' title='bbox 1094 3150 1508 3220; x_wconf 81' lang='grc' dir='ltr'><strong>φιλοσοφοῦντες</strong></span> <span class='ocrx_word' id='word_1_260' title='bbox 1556 3149 1838 3220; x_wconf 74' lang='grc' dir='ltr'><strong>σώματος’</strong></span> <span class='ocrx_word' id='word_1_261' title='bbox 1879 3149 2053 3204; x_wconf 78' lang='grc' dir='ltr'><strong>ταῦτα</strong></span> 
     </span>
    </p>
   </div>
   <div class='ocr_carea' id='block_1_35' title="bbox 477 3230 2049 3305">
    <p class='ocr_par' dir='ltr' id='par_1_35' title="bbox 477 3230 2049 3305">
     <span class='ocr_line' id='line_1_36' title="bbox 477 3230 2049 3305; baseline 0.004 -24"><span class='ocrx_word' id='word_1_262' title='bbox 477 3235 588 3305; x_wconf 77' lang='grc' dir='ltr'><strong>γὰρ</strong></span> <span class='ocrx_word' id='word_1_263' title='bbox 621 3237 751 3304; x_wconf 80' lang='grc' dir='ltr'><strong>ἡμῖν</strong></span> <span class='ocrx_word' id='word_1_264' title='bbox 795 3230 1111 3302; x_wconf 79' lang='grc' dir='ltr'><strong>ἀνεγνώσθη</strong></span> <span class='ocrx_word' id='word_1_265' title='bbox 1146 3234 1403 3302; x_wconf 78' lang='grc' dir='ltr'><strong>σήμερον.</strong></span> <span class='ocrx_word' id='word_1_266' title='bbox 1445 3233 1552 3285; x_wconf 77' lang='grc' dir='ltr'><strong>Καὶ</strong></span> <span class='ocrx_word' id='word_1_267' title='bbox 1591 3233 1643 3284; x_wconf 89' lang='grc' dir='ltr'><strong>τί</strong></span> <span class='ocrx_word' id='word_1_268' title='bbox 1701 3233 1836 3304; x_wconf 86' lang='grc' dir='ltr'><strong>πρὸς</strong></span> <span class='ocrx_word' id='word_1_269' title='bbox 1879 3236 2049 3304; x_wconf 81' lang='grc' dir='ltr'><strong>ἡμᾶς,</strong></span> 
     </span>
    </p>
   </div>
   <div class='ocr_carea' id='block_1_36' title="bbox 477 3311 2048 3386">
    <p class='ocr_par' dir='ltr' id='par_1_36' title="bbox 477 3311 2048 3386">
     <span class='ocr_line' id='line_1_37' title="bbox 477 3311 2048 3386; baseline -0.001 -19"><span class='ocrx_word' id='word_1_270' title='bbox 477 3317 668 3386; x_wconf 77' lang='grc' dir='ltr'><strong>φησὶν,</strong></span> <span class='ocrx_word' id='word_1_271' title='bbox 705 3317 734 3368; x_wconf 89' lang='lat'><strong>6</strong></span> <span class='ocrx_word' id='word_1_272' title='bbox 781 3315 908 3384; x_wconf 77' lang='grc' dir='ltr'><strong>περὶ</strong></span> <span class='ocrx_word' id='word_1_273' title='bbox 939 3313 1167 3376; x_wconf 84' lang='grc' dir='ltr'><strong>κτίσεως</strong></span> <span class='ocrx_word' id='word_1_274' title='bbox 1201 3313 1387 3380; x_wconf 82' lang='grc' dir='ltr'><strong>λόγος;</strong></span> <span class='ocrx_word' id='word_1_275' title='bbox 1445 3313 1588 3382; x_wconf 80' lang='grc' dir='ltr'><strong>Πρὸς</strong></span> <span class='ocrx_word' id='word_1_276' title='bbox 1621 3315 1768 3382; x_wconf 82' lang='grc' dir='ltr'><strong>ἡμᾶς</strong></span> <span class='ocrx_word' id='word_1_277' title='bbox 1815 3315 1911 3383; x_wconf 81' lang='grc' dir='ltr'><strong>μὲν</strong></span> <span class='ocrx_word' id='word_1_278' title='bbox 1936 3311 2048 3377; x_wconf 77' lang='grc' dir='ltr'><strong>οὖν,</strong></span> 
     </span>
    </p>
   </div>
   <div class='ocr_carea' id='block_1_37' title="bbox 478 3395 2052 3470">
    <p class='ocr_par' dir='ltr' id='par_1_37' title="bbox 478 3395 2052 3470">
     <span class='ocr_line' id='line_1_38' title="bbox 478 3395 2052 3470; baseline -0.001 -18"><span class='ocrx_word' id='word_1_279' title='bbox 478 3396 772 3468; x_wconf 80' lang='grc' dir='ltr'><strong>ἀγαπητοί.</strong></span> <span class='ocrx_word' id='word_1_280' title='bbox 795 3398 857 3449; x_wconf 90' lang='grc' dir='ltr'><strong>Εί</strong></span> <span class='ocrx_word' id='word_1_281' title='bbox 889 3396 996 3470; x_wconf 82' lang='grc' dir='ltr'><strong>γάρ</strong></span> <span class='ocrx_word' id='word_1_282' title='bbox 1021 3397 1084 3448; x_wconf 87' lang='grc' dir='ltr'><strong>ἐκ</strong></span> <span class='ocrx_word' id='word_1_283' title='bbox 1109 3395 1370 3464; x_wconf 88' lang='grc' dir='ltr'><strong>μεγέθους</strong></span> <span class='ocrx_word' id='word_1_284' title='bbox 1398 3395 1490 3448; x_wconf 82' lang='grc' dir='ltr'><strong>καὶ</strong></span> <span class='ocrx_word' id='word_1_285' title='bbox 1526 3395 1783 3467; x_wconf 82' lang='grc' dir='ltr'><strong>καλλονῆς</strong></span> <span class='ocrx_word' id='word_1_286' title='bbox 1820 3399 2052 3467; x_wconf 86' lang='grc' dir='ltr'><strong>κτισμά-</strong></span> 
     </span>
    </p>
   </div>
   <div class='ocr_carea' id='block_1_38' title="bbox 477 3477 2052 3550">
    <p class='ocr_par' dir='ltr' id='par_1_38' title="bbox 477 3477 2052 3550">
     <span class='ocr_line' id='line_1_39' title="bbox 477 3477 2052 3550; baseline -0.001 -16"><span class='ocrx_word' id='word_1_287' title='bbox 477 3498 588 3534; x_wconf 84' lang='grc' dir='ltr'><strong>των</strong></span> <span class='ocrx_word' id='word_1_288' title='bbox 620 3479 906 3547; x_wconf 82' lang='grc' dir='ltr'><strong>ἀναλόγως·</strong></span> <span class='ocrx_word' id='word_1_289' title='bbox 930 3481 958 3532; x_wconf 93' lang='lat'><strong>6</strong></span> <span class='ocrx_word' id='word_1_290' title='bbox 987 3477 1366 3549; x_wconf 75' lang='grc' dir='ltr'><strong>γενεσιουργδς</strong></span> <span class='ocrx_word' id='word_1_291' title='bbox 1397 3477 1701 3549; x_wconf 82' lang='grc' dir='ltr'><strong>θεωρεῖται,</strong></span> <span class='ocrx_word' id='word_1_292' title='bbox 1736 3480 1953 3550; x_wconf 80' lang='grc' dir='ltr'><strong>ὅσῳπερ</strong></span> <span class='ocrx_word' id='word_1_293' title='bbox 1984 3481 2052 3534; x_wconf 86' lang='grc' dir='ltr'><strong>ἂν</strong></span> 
     </span>
    </p>
   </div>
   <div class='ocr_carea' id='block_1_39' title="bbox 476 3561 2048 3634">
    <p class='ocr_par' dir='ltr' id='par_1_39' title="bbox 476 3561 2048 3634">
     <span class='ocr_line' id='line_1_40' title="bbox 476 3561 2048 3634; baseline -0.02 -16"><span class='ocrx_word' id='word_1_294' title='bbox 476 3563 557 3634; x_wconf 73' lang='grc' dir='ltr'><strong>τῷ</strong></span> <span class='ocrx_word' id='word_1_295' title='bbox 582 3562 801 3634; x_wconf 80' lang='grc' dir='ltr'><strong>μεγέθει</strong></span> <span class='ocrx_word' id='word_1_296' title='bbox 817 3562 918 3631; x_wconf 78' lang='grc' dir='ltr'><strong>τῆς</strong></span> <span class='ocrx_word' id='word_1_297' title='bbox 939 3561 1204 3630; x_wconf 74' lang='grc' dir='ltr'><strong>καλλονῆς</strong></span> <span class='ocrx_word' id='word_1_298' title='bbox 1229 3561 1336 3614; x_wconf 85' lang='grc' dir='ltr'><strong>τῶν</strong></span> <span class='ocrx_word' id='word_1_299' title='bbox 1367 3561 1676 3630; x_wconf 80' lang='grc' dir='ltr'><strong>κτισμάτων</strong></span> <span class='ocrx_word' id='word_1_300' title='bbox 1699 3561 2018 3632; x_wconf 40' lang='grc' dir='ltr'><strong>ἐνδιατρίῷω</strong></span> <span class='ocrx_word' id='word_1_301' title='bbox 2036 3595 2048 3604; x_wconf 44' lang='grc'><em>,</em></span> 
     </span>
    </p>
   </div>
   <div class='ocr_carea' id='block_1_40' title="bbox 481 3644 2044 3716">
    <p class='ocr_par' dir='ltr' id='par_1_40' title="bbox 481 3644 2044 3716">
     <span class='ocr_line' id='line_1_41' title="bbox 481 3644 2044 3716; baseline 0 -16"><span class='ocrx_word' id='word_1_302' title='bbox 481 3664 602 3716; x_wconf 90' lang='grc' dir='ltr'><strong>μεν,</strong></span> <span class='ocrx_word' id='word_1_303' title='bbox 617 3644 868 3699; x_wconf 83' lang='grc' dir='ltr'><strong>τοσοῦτον</strong></span> <span class='ocrx_word' id='word_1_304' title='bbox 885 3645 1018 3716; x_wconf 77' lang='grc' dir='ltr'><strong>πρὸς</strong></span> <span class='ocrx_word' id='word_1_305' title='bbox 1039 3644 1129 3698; x_wconf 81' lang='grc' dir='ltr'><strong>τὸν</strong></span> <span class='ocrx_word' id='word_1_306' title='bbox 1150 3645 1524 3716; x_wconf 71' lang='grc' dir='ltr'><strong>γενεσιουργὸν</strong></span> <span class='ocrx_word' id='word_1_307' title='bbox 1544 3645 2044 3715; x_wconf 84' lang='grc' dir='ltr'><strong>χειραγωγούμεθα.</strong></span> 
     </span>
    </p>
   </div>
   <div class='ocr_carea' id='block_1_41' title="bbox 545 3728 2046 3799">
    <p class='ocr_par' dir='ltr' id='par_1_41' title="bbox 545 3728 2046 3799">
     <span class='ocr_line' id='line_1_42' title="bbox 545 3728 2046 3799; baseline -0.003 -13"><span class='ocrx_word' id='word_1_308' title='bbox 545 3730 717 3799; x_wconf 75' lang='grc' dir='ltr'><strong>Μέγα</strong></span> <span class='ocrx_word' id='word_1_309' title='bbox 751 3729 955 3798; x_wconf 84' lang='grc' dir='ltr'><strong>ἀγαθὸν</strong></span> <span class='ocrx_word' id='word_1_310' title='bbox 996 3729 1193 3782; x_wconf 83' lang='grc' dir='ltr'><strong>είδέναι</strong></span> <span class='ocrx_word' id='word_1_311' title='bbox 1215 3771 1230 3793; x_wconf 92' lang='grc'><strong>,</strong></span> <span class='ocrx_word' id='word_1_312' title='bbox 1264 3728 1319 3780; x_wconf 89' lang='grc' dir='ltr'><strong>τί</strong></span> <span class='ocrx_word' id='word_1_313' title='bbox 1353 3729 1451 3797; x_wconf 90' lang='grc' dir='ltr'><strong>μέν</strong></span> <span class='ocrx_word' id='word_1_314' title='bbox 1472 3728 1588 3780; x_wconf 84' lang='grc' dir='ltr'><strong>ἐστι</strong></span> <span class='ocrx_word' id='word_1_315' title='bbox 1637 3729 1873 3797; x_wconf 82' lang='grc' dir='ltr'><strong>κτίσμα,</strong></span> <span class='ocrx_word' id='word_1_316' title='bbox 1910 3729 1962 3781; x_wconf 89' lang='grc' dir='ltr'><strong>τί</strong></span> <span class='ocrx_word' id='word_1_317' title='bbox 1989 3728 2046 3782; x_wconf 80' lang='grc' dir='ltr'><strong>δέ</strong></span> 
     </span>
    </p>
   </div>
   <div class='ocr_carea' id='block_1_42' title="bbox 424 3809 2046 3883">
    <p class='ocr_par' dir='ltr' id='par_1_42' title="bbox 424 3809 2046 3883">
     <span class='ocr_line' id='line_1_43' title="bbox 424 3809 2046 3883; baseline -0.002 -16"><span class='ocrx_word' id='word_1_318' title='bbox 424 3870 430 3876; x_wconf 68' lang='grc'><strong>,</strong></span> <span class='ocrx_word' id='word_1_319' title='bbox 475 3815 702 3883; x_wconf 88' lang='grc' dir='ltr'><strong>κτιστής</strong></span> <span class='ocrx_word' id='word_1_320' title='bbox 719 3831 731 3843; x_wconf 89' lang='grc'>·</span> <span class='ocrx_word' id='word_1_321' title='bbox 752 3813 804 3865; x_wconf 89' lang='grc' dir='ltr'><strong>τί</strong></span> <span class='ocrx_word' id='word_1_322' title='bbox 833 3812 930 3882; x_wconf 81' lang='grc' dir='ltr'><strong>μὲν</strong></span> <span class='ocrx_word' id='word_1_323' title='bbox 945 3811 1122 3881; x_wconf 77' lang='grc' dir='ltr'><strong>ἔργον,</strong></span> <span class='ocrx_word' id='word_1_324' title='bbox 1139 3811 1266 3864; x_wconf 79' lang='grc' dir='ltr'><strong>τίδὲ</strong></span> <span class='ocrx_word' id='word_1_325' title='bbox 1289 3812 1535 3881; x_wconf 81' lang='grc' dir='ltr'><strong>ποιητής.</strong></span> <span class='ocrx_word' id='word_1_326' title='bbox 1555 3811 1661 3861; x_wconf 76' lang='grc' dir='ltr'><strong>Καὶ</strong></span> <span class='ocrx_word' id='word_1_327' title='bbox 1682 3809 1788 3880; x_wconf 81' lang='grc' dir='ltr'><strong>γὰρ</strong></span> <span class='ocrx_word' id='word_1_328' title='bbox 1809 3811 1856 3862; x_wconf 89' lang='grc' dir='ltr'><strong>εί</strong></span> <span class='ocrx_word' id='word_1_329' title='bbox 1876 3810 2046 3863; x_wconf 76' lang='grc' dir='ltr'><strong>ταῦτα</strong></span> 
     </span>
    </p>
   </div>
   <div class='ocr_carea' id='block_1_43' title="bbox 473 3891 2046 3967">
    <p class='ocr_par' dir='ltr' id='par_1_43' title="bbox 473 3891 2046 3967">
     <span class='ocr_line' id='line_1_44' title="bbox 473 3891 2046 3967; baseline -0.003 -17"><span class='ocrx_word' id='word_1_330' title='bbox 473 3896 692 3967; x_wconf 63' lang='grc' dir='ltr'><strong>ᾔδεισαν</strong></span> <span class='ocrx_word' id='word_1_331' title='bbox 718 3893 960 3965; x_wconf 78' lang='grc' dir='ltr'><strong>ἀκριϐῶς</strong></span> <span class='ocrx_word' id='word_1_332' title='bbox 983 3893 1210 3965; x_wconf 87' lang='grc' dir='ltr'><strong>διαιρεῖν</strong></span> <span class='ocrx_word' id='word_1_333' title='bbox 1238 3893 1287 3945; x_wconf 84' lang='grc' dir='ltr'><strong>οί</strong></span> <span class='ocrx_word' id='word_1_334' title='bbox 1316 3894 1413 3961; x_wconf 82' lang='grc' dir='ltr'><strong>τῆς</strong></span> <span class='ocrx_word' id='word_1_335' title='bbox 1438 3891 1693 3962; x_wconf 85' lang='grc' dir='ltr'><strong>ἀληθείας</strong></span> <span class='ocrx_word' id='word_1_336' title='bbox 1713 3891 1914 3964; x_wconf 72' lang='grc' dir='ltr'><strong>ἐχθροὶ.</strong></span> <span class='ocrx_word' id='word_1_337' title='bbox 1947 3894 2046 3946; x_wconf 86' lang='grc' dir='ltr'><strong>οὑκ</strong></span> 
     </span>
    </p>
   </div>
   <div class='ocr_carea' id='block_1_44' title="bbox 472 3973 2044 4048">
    <p class='ocr_par' dir='ltr' id='par_1_44' title="bbox 472 3973 2044 4048">
     <span class='ocr_line' id='line_1_45' title="bbox 472 3973 2044 4048; baseline -0.003 -17"><span class='ocrx_word' id='word_1_338' title='bbox 472 3979 542 4032; x_wconf 80' lang='grc' dir='ltr'><strong>ἂν</strong></span> <span class='ocrx_word' id='word_1_339' title='bbox 570 3978 749 4032; x_wconf 83' lang='grc' dir='ltr'><strong>πάντα</strong></span> <span class='ocrx_word' id='word_1_340' title='bbox 777 3976 1142 4048; x_wconf 66' lang='grc' dir='ltr'><strong>συνέχεον,τά</strong></span> <span class='ocrx_word' id='word_1_341' title='bbox 1173 3976 1284 4031; x_wconf 79' lang='grc' dir='ltr'><strong>ἄνω</strong></span> <span class='ocrx_word' id='word_1_342' title='bbox 1317 3974 1478 4028; x_wconf 55' lang='grc' dir='ltr'><strong>κάτω.</strong></span> <span class='ocrx_word' id='word_1_343' title='bbox 1501 3973 1806 4038; x_wconf 80' lang='grc' dir='ltr'><strong>ποιοῦντες·</strong></span> <span class='ocrx_word' id='word_1_344' title='bbox 1837 3974 1934 4044; x_wconf 85' lang='grc' dir='ltr'><strong>οὑχ</strong></span> <span class='ocrx_word' id='word_1_345' title='bbox 1963 3975 2044 4030; x_wconf 76' lang='grc' dir='ltr'><strong>ὅτι</strong></span> 
     </span>
    </p>
   </div>
   <div class='ocr_carea' id='block_1_45' title="bbox 472 4056 2044 4130">
    <p class='ocr_par' dir='ltr' id='par_1_45' title="bbox 472 4056 2044 4130">
     <span class='ocr_line' id='line_1_46' title="bbox 472 4056 2044 4130; baseline -0.003 -17"><span class='ocrx_word' id='word_1_346' title='bbox 472 4059 541 4113; x_wconf 84' lang='grc' dir='ltr'><strong>τὰ</strong></span> <span class='ocrx_word' id='word_1_347' title='bbox 573 4060 748 4130; x_wconf 77' lang='grc' dir='ltr'><strong>ἄστρα</strong></span> <span class='ocrx_word' id='word_1_348' title='bbox 779 4059 875 4112; x_wconf 75' lang='grc' dir='ltr'><strong>καὶ</strong></span> <span class='ocrx_word' id='word_1_349' title='bbox 916 4058 1007 4110; x_wconf 83' lang='grc' dir='ltr'><strong>τὸν</strong></span> <span class='ocrx_word' id='word_1_350' title='bbox 1054 4057 1282 4128; x_wconf 80' lang='grc' dir='ltr'><strong>οὑρανδν</strong></span> <span class='ocrx_word' id='word_1_351' title='bbox 1321 4057 1684 4125; x_wconf 89' lang='grc' dir='ltr'><strong>κατήνεγκαν,</strong></span> <span class='ocrx_word' id='word_1_352' title='bbox 1711 4056 1811 4125; x_wconf 80' lang='grc' dir='ltr'><strong>τὴν</strong></span> <span class='ocrx_word' id='word_1_353' title='bbox 1847 4056 1902 4108; x_wconf 81' lang='grc' dir='ltr'><strong>δὲ</strong></span> <span class='ocrx_word' id='word_1_354' title='bbox 1943 4058 2044 4127; x_wconf 86' lang='grc' dir='ltr'><strong>γῆν</strong></span> 
     </span>
    </p>
   </div>
   <div class='ocr_carea' id='block_1_46' title="bbox 472 4137 2044 4213">
    <p class='ocr_par' dir='ltr' id='par_1_46' title="bbox 472 4137 2044 4213">
     <span class='ocr_line' id='line_1_47' title="bbox 472 4137 2044 4213; baseline -0.002 -19"><span class='ocrx_word' id='word_1_355' title='bbox 472 4143 811 4213; x_wconf 71' lang='grc' dir='ltr'><strong>ἀνήνεγκαν*</strong></span> <span class='ocrx_word' id='word_1_356' title='bbox 842 4140 956 4192; x_wconf 82' lang='grc' dir='ltr'><strong>ἀλλ’</strong></span> <span class='ocrx_word' id='word_1_357' title='bbox 993 4140 1074 4192; x_wconf 84' lang='grc' dir='ltr'><strong>ὅτι</strong></span> <span class='ocrx_word' id='word_1_358' title='bbox 1103 4139 1195 4190; x_wconf 83' lang='grc' dir='ltr'><strong>τὸν</strong></span> <span class='ocrx_word' id='word_1_359' title='bbox 1236 4137 1346 4189; x_wconf 84' lang='grc' dir='ltr'><strong>τῶν</strong></span> <span class='ocrx_word' id='word_1_360' title='bbox 1396 4137 1637 4207; x_wconf 82' lang='grc' dir='ltr'><strong>οὐρανῶν</strong></span> <span class='ocrx_word' id='word_1_361' title='bbox 1673 4137 1894 4205; x_wconf 83' lang='grc' dir='ltr'><strong>βασιλέα</strong></span> <span class='ocrx_word' id='word_1_362' title='bbox 1937 4140 2044 4191; x_wconf 87' lang='lat'><em>61:6</em></span> 
     </span>
    </p>
   </div>
   <div class='ocr_carea' id='block_1_47' title="bbox 469 4218 2044 4294">
    <p class='ocr_par' dir='ltr' id='par_1_47' title="bbox 469 4218 2044 4294">
     <span class='ocr_line' id='line_1_48' title="bbox 469 4218 2044 4294; baseline -0.001 -19"><span class='ocrx_word' id='word_1_363' title='bbox 469 4224 580 4277; x_wconf 86' lang='grc' dir='ltr'><strong>τῶν</strong></span> <span class='ocrx_word' id='word_1_364' title='bbox 602 4224 805 4294; x_wconf 83' lang='grc' dir='ltr'><strong>θρόνων</strong></span> <span class='ocrx_word' id='word_1_365' title='bbox 829 4220 1292 4281; x_wconf 84' lang='grc' dir='ltr'><strong>καταϐιϐάσαντες</strong></span> <span class='ocrx_word' id='word_1_366' title='bbox 1315 4218 1423 4270; x_wconf 89' lang='grc' dir='ltr'><strong>τῶν</strong></span> <span class='ocrx_word' id='word_1_367' title='bbox 1451 4219 1764 4288; x_wconf 84' lang='grc' dir='ltr'><strong>βασιλικῶν,</strong></span> <span class='ocrx_word' id='word_1_368' title='bbox 1792 4222 1926 4287; x_wconf 84' lang='grc' dir='ltr'><strong>μετὰ</strong></span> <span class='ocrx_word' id='word_1_369' title='bbox 1947 4222 2044 4291; x_wconf 84' lang='grc' dir='ltr'><strong>τῆς</strong></span> 
     </span>
    </p>
   </div>
   <div class='ocr_carea' id='block_1_48' title="bbox 471 4299 2044 4373">
    <p class='ocr_par' dir='ltr' id='par_1_48' title="bbox 471 4299 2044 4373">
     <span class='ocr_line' id='line_1_49' title="bbox 471 4299 2044 4373; baseline -0.001 -16"><span class='ocrx_word' id='word_1_370' title='bbox 471 4305 704 4367; x_wconf 75' lang='grc' dir='ltr'><strong>κτίσεως</strong></span> <span class='ocrx_word' id='word_1_371' title='bbox 740 4303 974 4373; x_wconf 51' lang='grc' dir='ltr'><strong>ἔστησαν</strong></span> <span class='ocrx_word' id='word_1_372' title='bbox 996 4341 1010 4365; x_wconf 95' lang='grc'><strong>,</strong></span> <span class='ocrx_word' id='word_1_373' title='bbox 1043 4302 1143 4372; x_wconf 83' lang='grc' dir='ltr'><strong>τὴν</strong></span> <span class='ocrx_word' id='word_1_374' title='bbox 1187 4301 1244 4353; x_wconf 77' lang='grc' dir='ltr'><strong>δὲ</strong></span> <span class='ocrx_word' id='word_1_375' title='bbox 1291 4299 1470 4352; x_wconf 84' lang='grc' dir='ltr'><strong>κτίσιν</strong></span> <span class='ocrx_word' id='word_1_376' title='bbox 1517 4303 1632 4363; x_wconf 78' lang='grc' dir='ltr'><strong>τοῖς</strong></span> <span class='ocrx_word' id='word_1_377' title='bbox 1661 4301 1761 4371; x_wconf 86' lang='grc' dir='ltr'><strong>τῆς</strong></span> <span class='ocrx_word' id='word_1_378' title='bbox 1795 4303 2044 4373; x_wconf 80' lang='grc' dir='ltr'><strong>θεότητος</strong></span> 
     </span>
    </p>
   </div>
   <div class='ocr_carea' id='block_1_49' title="bbox 472 4382 2042 4462">
    <p class='ocr_par' dir='ltr' id='par_1_49' title="bbox 472 4382 2042 4462">
     <span class='ocr_line' id='line_1_50' title="bbox 472 4382 2042 4462; baseline -0.003 -18"><span class='ocrx_word' id='word_1_379' title='bbox 472 4387 779 4462; x_wconf 79' lang='grc' dir='ltr'><strong>προεδρίοις</strong></span> <span class='ocrx_word' id='word_1_380' title='bbox 811 4387 1096 4462; x_wconf 84' lang='grc' dir='ltr'><strong>ἐτίμησαν.</strong></span> <span class='ocrx_word' id='word_1_381' title='bbox 1129 4385 1191 4436; x_wconf 65' lang='lat' dir='ltr'><strong>Et</strong></span> <span class='ocrx_word' id='word_1_382' title='bbox 1235 4384 1361 4452; x_wconf 73' lang='grc' dir='ltr'><strong>περὶ</strong></span> <span class='ocrx_word' id='word_1_383' title='bbox 1390 4382 1618 4446; x_wconf 85' lang='grc' dir='ltr'><strong>κτίσεως</strong></span> <span class='ocrx_word' id='word_1_384' title='bbox 1650 4383 1867 4457; x_wconf 79' lang='grc' dir='ltr'><strong>ᾔδεισαν</strong></span> <span class='ocrx_word' id='word_1_385' title='bbox 1896 4386 2042 4453; x_wconf 69' lang='grc' dir='ltr'><strong>φιλος-</strong></span> 
     </span>
    </p>
   </div>
   <div class='ocr_carea' id='block_1_50' title="bbox 472 4460 2038 4540">
    <p class='ocr_par' dir='ltr' id='par_1_50' title="bbox 472 4460 2038 4540">
     <span class='ocr_line' id='line_1_51' title="bbox 472 4460 2038 4540; baseline -0.003 -14"><span class='ocrx_word' id='word_1_386' title='bbox 472 4460 658 4540; x_wconf 71' lang='grc' dir='ltr'><strong>σοφεῖν</strong></span> <span class='ocrx_word' id='word_1_387' title='bbox 691 4460 977 4539; x_wconf 86' lang='grc' dir='ltr'><strong>Μανιχαῖοι</strong></span> <span class='ocrx_word' id='word_1_388' title='bbox 1011 4467 1192 4530; x_wconf 88' lang='grc' dir='ltr'><strong>καλῶς</strong></span> <span class='ocrx_word' id='word_1_389' title='bbox 1212 4506 1227 4528; x_wconf 90' lang='grc'><strong>,</strong></span> <span class='ocrx_word' id='word_1_390' title='bbox 1261 4467 1360 4519; x_wconf 81' lang='grc' dir='ltr'><strong>οὑκ</strong></span> <span class='ocrx_word' id='word_1_391' title='bbox 1400 4465 1466 4519; x_wconf 79' lang='grc' dir='ltr'><strong>ἂν</strong></span> <span class='ocrx_word' id='word_1_392' title='bbox 1498 4467 1594 4538; x_wconf 84' lang='grc' dir='ltr'><strong>τὴν</strong></span> <span class='ocrx_word' id='word_1_393' title='bbox 1626 4467 1685 4532; x_wconf 76' lang='grc' dir='ltr'><strong>ἐξ</strong></span> <span class='ocrx_word' id='word_1_394' title='bbox 1722 4468 1821 4521; x_wconf 90' lang='grc' dir='ltr'><strong>οὑκ</strong></span> <span class='ocrx_word' id='word_1_395' title='bbox 1850 4468 2038 4533; x_wconf 76' lang='grc' dir='ltr'><strong>ὄντων,</strong></span> 
     </span>
    </p>
   </div>
   <div class='ocr_carea' id='block_1_51' title="bbox 466 4549 2041 4626">
    <p class='ocr_par' dir='ltr' id='par_1_51' title="bbox 466 4549 2041 4626">
     <span class='ocr_line' id='line_1_52' title="bbox 466 4549 2041 4626; baseline -0.001 -21"><span class='ocrx_word' id='word_1_396' title='bbox 466 4553 977 4626; x_wconf 69' lang='grc' dir='ltr'><strong>τὴν-φθειρομένην,</strong></span> <span class='ocrx_word' id='word_1_397' title='bbox 995 4549 1096 4620; x_wconf 76' lang='grc' dir='ltr'><strong>τήν</strong></span> <span class='ocrx_word' id='word_1_398' title='bbox 1126 4549 1375 4620; x_wconf 79' lang='grc' dir='ltr'><strong>ῥέουσαν,</strong></span> <span class='ocrx_word' id='word_1_399' title='bbox 1399 4549 1498 4618; x_wconf 70' lang='grc' dir='ltr'><strong>τὴν</strong></span> <span class='ocrx_word' id='word_1_400' title='bbox 1527 4549 1912 4622; x_wconf 77' lang='grc' dir='ltr'><strong>ἀλλοιουμένην</strong></span> <span class='ocrx_word' id='word_1_401' title='bbox 1925 4555 2041 4615; x_wconf 88' lang='grc' dir='ltr'><strong>τοῖς</strong></span> 
     </span>
    </p>
   </div>
   <div class='ocr_carea' id='block_1_52' title="bbox 467 4630 2040 4708">
    <p class='ocr_par' dir='ltr' id='par_1_52' title="bbox 467 4630 2040 4708">
     <span class='ocr_line' id='line_1_53' title="bbox 467 4630 2040 4708; baseline -0.003 -17"><span class='ocrx_word' id='word_1_402' title='bbox 467 4639 569 4708; x_wconf 82' lang='grc' dir='ltr'><strong>τῆς</strong></span> <span class='ocrx_word' id='word_1_403' title='bbox 595 4636 920 4706; x_wconf 90' lang='grc' dir='ltr'><strong>ἀγεννησίας</strong></span> <span class='ocrx_word' id='word_1_404' title='bbox 965 4634 1274 4705; x_wconf 88' lang='grc' dir='ltr'><strong>πρεσϐείοις</strong></span> <span class='ocrx_word' id='word_1_405' title='bbox 1301 4630 1456 4702; x_wconf 66' lang='lat'><em>[646]</em></span> <span class='ocrx_word' id='word_1_406' title='bbox 1492 4631 1773 4703; x_wconf 89' lang='grc' dir='ltr'><strong>ἐτίμησαν.</strong></span> <span class='ocrx_word' id='word_1_407' title='bbox 1806 4635 1867 4686; x_wconf 80' lang='lat' dir='ltr'><strong>El</strong></span> <span class='ocrx_word' id='word_1_408' title='bbox 1911 4635 2040 4705; x_wconf 71' lang='grc' dir='ltr'><strong>περὶ</strong></span> 
     </span>
    </p>
   </div>
   <div class='ocr_carea' id='block_1_53' title="bbox 465 4714 2038 4790">
    <p class='ocr_par' dir='ltr' id='par_1_53' title="bbox 465 4714 2038 4790">
     <span class='ocr_line' id='line_1_54' title="bbox 465 4714 2038 4790; baseline -0.004 -15"><span class='ocrx_word' id='word_1_409' title='bbox 465 4721 698 4784; x_wconf 86' lang='grc' dir='ltr'><strong>κτίσεως</strong></span> <span class='ocrx_word' id='word_1_410' title='bbox 723 4719 943 4790; x_wconf 69' lang='grc' dir='ltr'><strong>ᾔδεισαν</strong></span> <span class='ocrx_word' id='word_1_411' title='bbox 981 4715 1241 4785; x_wconf 84' lang='grc' dir='ltr'><strong>’Έλληνες</strong></span> <span class='ocrx_word' id='word_1_412' title='bbox 1270 4715 1579 4783; x_wconf 80' lang='grc' dir='ltr'><strong>φιλοσοφεῖν</strong></span> <span class='ocrx_word' id='word_1_413' title='bbox 1619 4714 1823 4781; x_wconf 86' lang='grc' dir='ltr'><strong>καλῶς,</strong></span> <span class='ocrx_word' id='word_1_414' title='bbox 1845 4716 1945 4768; x_wconf 83' lang='grc' dir='ltr'><strong>οὑκ</strong></span> <span class='ocrx_word' id='word_1_415' title='bbox 1971 4715 2038 4769; x_wconf 74' lang='grc' dir='ltr'><strong>ἂν</strong></span> 
     </span>
    </p>
   </div>
   <div class='ocr_carea' id='block_1_54' title="bbox 464 4796 2045 4872">
    <p class='ocr_par' dir='ltr' id='par_1_54' title="bbox 464 4796 2045 4872">
     <span class='ocr_line' id='line_1_55' title="bbox 464 4796 2045 4872; baseline -0.001 -17"><span class='ocrx_word' id='word_1_416' title='bbox 464 4803 925 4872; x_wconf 74' lang='grc' dir='ltr'><strong>ἀπεπλανήθησαν</strong></span> <span class='ocrx_word' id='word_1_417' title='bbox 954 4801 1054 4869; x_wconf 80' lang='grc' dir='ltr'><strong>τῆς</strong></span> <span class='ocrx_word' id='word_1_418' title='bbox 1071 4797 1345 4871; x_wconf 86' lang='grc' dir='ltr'><strong>ἀληθείας,</strong></span> <span class='ocrx_word' id='word_1_419' title='bbox 1359 4797 1457 4849; x_wconf 86' lang='grc' dir='ltr'><strong>οὑκ</strong></span> <span class='ocrx_word' id='word_1_420' title='bbox 1476 4796 1541 4849; x_wconf 87' lang='grc' dir='ltr'><strong>ἂν</strong></span> <span class='ocrx_word' id='word_1_421' title='bbox 1557 4796 1926 4867; x_wconf 82' lang='grc' dir='ltr'><strong>ἐσεϐάσθησαν</strong></span> <span class='ocrx_word' id='word_1_422' title='bbox 1943 4799 2045 4854; x_wconf 65' lang='grc' dir='ltr'><strong>καὶ</strong></span> 
     </span>
    </p>
   </div>
   <div class='ocr_carea' id='block_1_55' title="bbox 466 4879 2038 4953">
    <p class='ocr_par' dir='ltr' id='par_1_55' title="bbox 466 4879 2038 4953">
     <span class='ocr_line' id='line_1_56' title="bbox 466 4879 2038 4953; baseline -0.001 -17"><span class='ocrx_word' id='word_1_423' title='bbox 466 4883 796 4953; x_wconf 77' lang='grc' dir='ltr'><strong>ἐλάτρευσαν</strong></span> <span class='ocrx_word' id='word_1_424' title='bbox 823 4885 889 4952; x_wconf 72' lang='grc' dir='ltr'><strong>τῇ</strong></span> <span class='ocrx_word' id='word_1_425' title='bbox 911 4883 1085 4934; x_wconf 85' lang='grc' dir='ltr'><strong>κτίσει</strong></span> <span class='ocrx_word' id='word_1_426' title='bbox 1106 4880 1256 4952; x_wconf 73' lang='grc' dir='ltr'><strong>παρὰ</strong></span> <span class='ocrx_word' id='word_1_427' title='bbox 1285 4881 1375 4932; x_wconf 71' lang='grc' dir='ltr'><strong>τὸν</strong></span> <span class='ocrx_word' id='word_1_428' title='bbox 1397 4879 1680 4932; x_wconf 85' lang='grc' dir='ltr'><strong>κτίσαντα.</strong></span> <span class='ocrx_word' id='word_1_429' title='bbox 1703 4879 1881 4944; x_wconf 84' lang='grc' dir='ltr'><strong>Καλὸς</strong></span> <span class='ocrx_word' id='word_1_430' title='bbox 1902 4882 1930 4934; x_wconf 92' lang='lat'><strong>6</strong></span> <span class='ocrx_word' id='word_1_431' title='bbox 1955 4881 2038 4934; x_wconf 79' lang='grc' dir='ltr'><strong>οὑ-</strong></span> 
     </span>
    </p>
   </div>
   <div class='ocr_carea' id='block_1_56' title="bbox 466 4960 2038 5035">
    <p class='ocr_par' dir='ltr' id='par_1_56' title="bbox 466 4960 2038 5035">
     <span class='ocr_line' id='line_1_57' title="bbox 466 4960 2038 5035; baseline -0.001 -20"><span class='ocrx_word' id='word_1_432' title='bbox 466 4964 795 5035; x_wconf 74' lang='grc' dir='ltr'><strong>ρανδς,ἀλλά</strong></span> <span class='ocrx_word' id='word_1_433' title='bbox 817 4964 906 5017; x_wconf 75' lang='grc' dir='ltr'><strong>διὰ</strong></span> <span class='ocrx_word' id='word_1_434' title='bbox 923 4962 1082 5018; x_wconf 79' lang='grc' dir='ltr'><strong>τοῦτο</strong></span> <span class='ocrx_word' id='word_1_435' title='bbox 1094 4963 1185 5031; x_wconf 80' lang='grc' dir='ltr'><strong>ἐδη</strong></span> <span class='ocrx_word' id='word_1_436' title='bbox 1195 4960 1522 5032; x_wconf 84' lang='grc' dir='ltr'><strong>μιουργήθη,</strong></span> <span class='ocrx_word' id='word_1_437' title='bbox 1542 4960 1629 5013; x_wconf 82' lang='grc' dir='ltr'><strong>ἵνα</strong></span> <span class='ocrx_word' id='word_1_438' title='bbox 1655 4962 2038 5033; x_wconf 81' lang='grc' dir='ltr'><strong>προσκυνήσῃς</strong></span> 
     </span>
    </p>
   </div>
   <div class='ocr_carea' id='block_1_57' title="bbox 463 5043 2038 5118">
    <p class='ocr_par' dir='ltr' id='par_1_57' title="bbox 463 5043 2038 5118">
     <span class='ocr_line' id='line_1_58' title="bbox 463 5043 2038 5118; baseline -0.002 -19"><span class='ocrx_word' id='word_1_439' title='bbox 463 5047 558 5100; x_wconf 82' lang='grc' dir='ltr'><strong>τὸν</strong></span> <span class='ocrx_word' id='word_1_440' title='bbox 582 5047 909 5118; x_wconf 70' lang='grc' dir='ltr'><strong>ποιήσαντασ</strong></span> <span class='ocrx_word' id='word_1_441' title='bbox 935 5044 1156 5116; x_wconf 77' lang='grc' dir='ltr'><strong>φαιδρὸς</strong></span> <span class='ocrx_word' id='word_1_442' title='bbox 1189 5047 1216 5096; x_wconf 90' lang='lat'><strong>6</strong></span> <span class='ocrx_word' id='word_1_443' title='bbox 1242 5044 1410 5114; x_wconf 74' lang='grc' dir='ltr'><strong>ἣλιος,</strong></span> <span class='ocrx_word' id='word_1_444' title='bbox 1435 5043 1549 5096; x_wconf 81' lang='grc' dir='ltr'><strong>ἀλλ’</strong></span> <span class='ocrx_word' id='word_1_445' title='bbox 1580 5044 1666 5096; x_wconf 74' lang='grc' dir='ltr'><strong>ἵνα</strong></span> <span class='ocrx_word' id='word_1_446' title='bbox 1695 5043 2038 5116; x_wconf 81' lang='grc' dir='ltr'><strong>θεραπεύσῃς</strong></span> 
     </span>
    </p>
   </div>
   <div class='ocr_carea' id='block_1_58' title="bbox 462 5125 2037 5202">
    <p class='ocr_par' dir='ltr' id='par_1_58' title="bbox 462 5125 2037 5202">
     <span class='ocr_line' id='line_1_59' title="bbox 462 5125 2037 5202; baseline -0.004 -19"><span class='ocrx_word' id='word_1_447' title='bbox 462 5130 556 5183; x_wconf 77' lang='grc' dir='ltr'><strong>τὸν</strong></span> <span class='ocrx_word' id='word_1_448' title='bbox 579 5129 993 5202; x_wconf 78' lang='grc' dir='ltr'><strong>’ἐργασάμενον-ο</strong></span> <span class='ocrx_word' id='word_1_449' title='bbox 1025 5130 1075 5180; x_wconf 81' lang='grc' dir='ltr'><strong>εί</strong></span> <span class='ocrx_word' id='word_1_450' title='bbox 1105 5128 1161 5181; x_wconf 84' lang='grc' dir='ltr'><strong>δὲ</strong></span> <span class='ocrx_word' id='word_1_451' title='bbox 1197 5126 1418 5197; x_wconf 79' lang='grc' dir='ltr'><strong>μέλλεις</strong></span> <span class='ocrx_word' id='word_1_452' title='bbox 1447 5125 1802 5196; x_wconf 82' lang='grc' dir='ltr'><strong>ἐναπομένειν</strong></span> <span class='ocrx_word' id='word_1_453' title='bbox 1831 5125 1909 5195; x_wconf 84' lang='grc' dir='ltr'><strong>τῷ</strong></span> <span class='ocrx_word' id='word_1_454' title='bbox 1937 5127 2037 5196; x_wconf 82' lang='grc' dir='ltr'><strong>τῆς</strong></span> 
     </span>
    </p>
   </div>
   <div class='ocr_carea' id='block_1_59' title="bbox 463 5206 2036 5282">
    <p class='ocr_par' dir='ltr' id='par_1_59' title="bbox 463 5206 2036 5282">
     <span class='ocr_line' id='line_1_60' title="bbox 463 5206 2036 5282; baseline -0.004 -16"><span class='ocrx_word' id='word_1_455' title='bbox 463 5213 695 5277; x_wconf 85' lang='grc' dir='ltr'><strong>κτίσεως</strong></span> <span class='ocrx_word' id='word_1_456' title='bbox 721 5211 980 5282; x_wconf 86' lang='grc' dir='ltr'><strong>θαύματι,</strong></span> <span class='ocrx_word' id='word_1_457' title='bbox 1013 5211 1105 5262; x_wconf 65' lang='grc' dir='ltr'><strong>καλ⁸</strong></span> <span class='ocrx_word' id='word_1_458' title='bbox 1135 5208 1212 5278; x_wconf 83' lang='grc' dir='ltr'><strong>τῷ</strong></span> <span class='ocrx_word' id='word_1_459' title='bbox 1247 5208 1438 5261; x_wconf 88' lang='grc' dir='ltr'><strong>κάλλει</strong></span> <span class='ocrx_word' id='word_1_460' title='bbox 1485 5206 1596 5259; x_wconf 87' lang='grc' dir='ltr'><strong>τῶν</strong></span> <span class='ocrx_word' id='word_1_461' title='bbox 1651 5206 1828 5277; x_wconf 76' lang='grc' dir='ltr'><strong>ἔργων</strong></span> <span class='ocrx_word' id='word_1_462' title='bbox 1860 5223 2036 5278; x_wconf 85' lang='grc' dir='ltr'><strong>παρα-</strong></span> 
     </span>
    </p>
   </div>
   <div class='ocr_carea' id='block_1_60' title="bbox 463 5287 2035 5368">
    <p class='ocr_par' dir='ltr' id='par_1_60' title="bbox 463 5287 2035 5368">
     <span class='ocr_line' id='line_1_61' title="bbox 463 5287 2035 5368; baseline -0.004 -19"><span class='ocrx_word' id='word_1_463' title='bbox 463 5296 825 5368; x_wconf 83' lang='grc' dir='ltr'><strong>γαθῆσθαι,τὸ</strong></span> <span class='ocrx_word' id='word_1_464' title='bbox 847 5295 962 5366; x_wconf 88' lang='grc' dir='ltr'><strong>φῶς</strong></span> <span class='ocrx_word' id='word_1_465' title='bbox 977 5311 1058 5348; x_wconf 91' lang='grc' dir='ltr'><strong>σοι</strong></span> <span class='ocrx_word' id='word_1_466' title='bbox 1072 5293 1260 5362; x_wconf 85' lang='grc' dir='ltr'><strong>γέγονε</strong></span> <span class='ocrx_word' id='word_1_467' title='bbox 1291 5289 1708 5361; x_wconf 84' lang='grc' dir='ltr'><strong>σκότος,μᾶλλον</strong></span> <span class='ocrx_word' id='word_1_468' title='bbox 1732 5287 1876 5360; x_wconf 76' lang='grc' dir='ltr'><strong>δὲτῷ</strong></span> <span class='ocrx_word' id='word_1_469' title='bbox 1898 5291 2035 5359; x_wconf 86' lang='grc' dir='ltr'><strong>φωτὶ</strong></span> 
     </span>
    </p>
   </div>
   <div class='ocr_carea' id='block_1_61' title="bbox 522 5527 2031 5605">
    <p class='ocr_par' dir='ltr' id='par_1_61' title="bbox 522 5527 2031 5605">
     <span class='ocr_line' id='line_1_62' title="bbox 522 5527 2031 5605; baseline -0.011 -12"><span class='ocrx_word' id='word_1_470' title='bbox 522 5546 549 5574; x_wconf 84' lang='grc'><strong><em>⁸</em></strong></span> <span class='ocrx_word' id='word_1_471' title='bbox 581 5541 707 5605; x_wconf 77' lang='lat' dir='ltr'><strong>Reg.</strong></span> <span class='ocrx_word' id='word_1_472' title='bbox 729 5541 928 5605; x_wconf 79' lang='grc' dir='ltr'><strong>γαλήνη.</strong></span> <span class='ocrx_word' id='word_1_473' title='bbox 953 5542 984 5598; x_wconf 83' lang='grc' dir='ltr'><strong>ἠ</strong></span> <span class='ocrx_word' id='word_1_474' title='bbox 1007 5537 1190 5602; x_wconf 73' lang='grc' dir='ltr'><strong>ἄγκυρα</strong></span> <span class='ocrx_word' id='word_1_475' title='bbox 1225 5532 1544 5592; x_wconf 62' lang='grc' dir='ltr'><strong>τῶνπιστῶυ,</strong></span> <span class='ocrx_word' id='word_1_476' title='bbox 1563 5533 1644 5581; x_wconf 83' lang='grc' dir='ltr'><strong>καὶ</strong></span> <span class='ocrx_word' id='word_1_477' title='bbox 1663 5530 1778 5594; x_wconf 78' lang='grc' dir='ltr'><strong>πρὸς</strong></span> <span class='ocrx_word' id='word_1_478' title='bbox 1813 5527 1933 5580; x_wconf 72' lang='grc' dir='ltr'><strong>Θεὸν</strong></span> <span class='ocrx_word' id='word_1_479' title='bbox 1951 5529 2031 5590; x_wconf 81' lang='grc' dir='ltr'><strong>γέ-</strong></span> 
     </span>
    </p>
   </div>
   <div class='ocr_carea' id='block_1_62' title="bbox 459 5604 2030 5728">
    <p class='ocr_par' dir='ltr' id='par_1_62' title="bbox 459 5604 2030 5728">
     <span class='ocr_line' id='line_1_63' title="bbox 459 5604 2030 5728; baseline -0.013 -11"><span class='ocrx_word' id='word_1_480' title='bbox 459 5604 1068 5728; x_wconf 48' lang='grc' dir='ltr'><strong>ῳῖαιῆἔὶὶέἓέῖξζῗὲξξτων,</strong></span> <span class='ocrx_word' id='word_1_481' title='bbox 1091 5662 1263 5722; x_wconf 83' lang='lat' dir='ltr'><strong>sicque</strong></span> <span class='ocrx_word' id='word_1_482' title='bbox 1285 5655 1552 5720; x_wconf 81' lang='lat' dir='ltr'><strong>legendum</strong></span> <span class='ocrx_word' id='word_1_483' title='bbox 1585 5656 1678 5704; x_wconf 73' lang='lat' dir='ltr'><strong>est.</strong></span> <span class='ocrx_word' id='word_1_484' title='bbox 1722 5649 1854 5702; x_wconf 78' lang='lat' dir='ltr'><strong>Ediu</strong></span> <span class='ocrx_word' id='word_1_485' title='bbox 1895 5651 2030 5700; x_wconf 79' lang='grc' dir='ltr'><strong>κυϐιο</strong></span> 
     </span>
    </p>
   </div>
   <div class='ocr_carea' id='block_1_63' title="bbox 461 5725 1080 5787">
    <p class='ocr_par' dir='ltr' id='par_1_63' title="bbox 461 5725 1080 5787">
     <span class='ocr_line' id='line_1_64' title="bbox 461 5725 1080 5787; baseline -0.013 -8"><span class='ocrx_word' id='word_1_486' title='bbox 461 5725 718 5787; x_wconf 73' lang='grc' dir='ltr'><strong>στιιύντῶν,</strong></span> <span class='ocrx_word' id='word_1_487' title='bbox 738 5725 901 5776; x_wconf 81' lang='lat' dir='ltr'><strong>minus</strong></span> <span class='ocrx_word' id='word_1_488' title='bbox 921 5729 1080 5773; x_wconf 78' lang='lat' dir='ltr'><strong>recte.</strong></span> 
     </span>
    </p>
   </div>
   <div class='ocr_carea' id='block_1_64' title="bbox 1171 272 3012 382">
    <p class='ocr_par' dir='ltr' id='par_1_64' title="bbox 1171 272 3012 382">
     <span class='ocr_line' id='line_1_65' title="bbox 1171 272 3012 382; baseline 0.007 -12"><span class='ocrx_word' id='word_1_489' title='bbox 1171 315 1229 370; x_wconf 92' lang='lat' dir='ltr'><strong>S.</strong></span> <span class='ocrx_word' id='word_1_490' title='bbox 1264 313 1550 371; x_wconf 77' lang='lat' dir='ltr'><strong>JOANNIS</strong></span> <span class='ocrx_word' id='word_1_491' title='bbox 1581 314 1717 372; x_wconf 72' lang='lat' dir='ltr'><strong>CH“</strong></span> <span class='ocrx_word' id='word_1_492' title='bbox 1731 313 2078 376; x_wconf 72' lang='lat' dir='ltr'><strong>YSOSTOMI</strong></span> <span class='ocrx_word' id='word_1_493' title='bbox 2107 320 2430 380; x_wconf 73' lang='lat' dir='ltr'><strong>ARCHIEP.</strong></span> <span class='ocrx_word' id='word_1_494' title='bbox 2469 272 3012 382; x_wconf 34' lang='lat' dir='ltr'><strong>CONSTANTINOPL</strong></span> 
     </span>
    </p>
   </div>
   <div class='ocr_carea' id='block_1_65' title="bbox 3643 331 3744 387">
    <p class='ocr_par' dir='ltr' id='par_1_65' title="bbox 3643 331 3744 387">
     <span class='ocr_line' id='line_1_66' title="bbox 3643 331 3744 387; baseline -0.02 0"><span class='ocrx_word' id='word_1_495' title='bbox 3643 331 3744 387; x_wconf 67' lang='grc'><strong>589</strong></span> 
     </span>
    </p>
   </div>
   <div class='ocr_carea' id='block_1_66' title="bbox 2173 436 3744 511">
    <p class='ocr_par' dir='ltr' id='par_1_66' title="bbox 2173 436 3744 511">
     <span class='ocr_line' id='line_1_67' title="bbox 2173 436 3744 511; baseline 0.006 -24"><span class='ocrx_word' id='word_1_496' title='bbox 2173 436 2313 506; x_wconf 82' lang='grc' dir='ltr'><strong>πρὸς</strong></span> <span class='ocrx_word' id='word_1_497' title='bbox 2340 439 2531 502; x_wconf 80' lang='grc' dir='ltr'><strong>σκότος</strong></span> <span class='ocrx_word' id='word_1_498' title='bbox 2557 439 2790 511; x_wconf 81' lang='grc' dir='ltr'><strong>ἐχρήσω.</strong></span> <span class='ocrx_word' id='word_1_499' title='bbox 2817 437 2970 502; x_wconf 86' lang='grc' dir='ltr'><strong>Εἶδες</strong></span> <span class='ocrx_word' id='word_1_500' title='bbox 2999 441 3121 493; x_wconf 80' lang='grc' dir='ltr'><strong>ὅσον</strong></span> <span class='ocrx_word' id='word_1_501' title='bbox 3151 440 3353 508; x_wconf 84' lang='grc' dir='ltr'><strong>ἀγαθόν</strong></span> <span class='ocrx_word' id='word_1_502' title='bbox 3387 441 3504 494; x_wconf 83' lang='grc' dir='ltr'><strong>ἐστι</strong></span> <span class='ocrx_word' id='word_1_503' title='bbox 3524 441 3584 494; x_wconf 82' lang='lat'><strong>:6</strong></span> <span class='ocrx_word' id='word_1_504' title='bbox 3607 443 3744 496; x_wconf 83' lang='grc' dir='ltr'><strong>είδέ-</strong></span> 
     </span>
    </p>
   </div>
   <div class='ocr_carea' id='block_1_67' title="bbox 2171 519 3743 596">
    <p class='ocr_par' dir='ltr' id='par_1_67' title="bbox 2171 519 3743 596">
     <span class='ocr_line' id='line_1_68' title="bbox 2171 519 3743 596; baseline 0.006 -27"><span class='ocrx_word' id='word_1_505' title='bbox 2171 533 2259 569; x_wconf 81' lang='grc' dir='ltr'><strong>ναι</strong></span> <span class='ocrx_word' id='word_1_506' title='bbox 2295 519 2422 582; x_wconf 82' lang='grc' dir='ltr'><strong>τοὺς</strong></span> <span class='ocrx_word' id='word_1_507' title='bbox 2449 523 2575 591; x_wconf 79' lang='grc' dir='ltr'><strong>περὶ</strong></span> <span class='ocrx_word' id='word_1_508' title='bbox 2616 524 2844 585; x_wconf 88' lang='grc' dir='ltr'><strong>κτίσεως</strong></span> <span class='ocrx_word' id='word_1_509' title='bbox 2881 522 3103 590; x_wconf 85' lang='grc' dir='ltr'><strong>λόγους;</strong></span> <span class='ocrx_word' id='word_1_510' title='bbox 3131 521 3220 590; x_wconf 83' lang='grc' dir='ltr'><strong>Μὴ</strong></span> <span class='ocrx_word' id='word_1_511' title='bbox 3257 523 3436 575; x_wconf 87' lang='grc' dir='ltr'><strong>τοίνυν</strong></span> <span class='ocrx_word' id='word_1_512' title='bbox 3467 525 3743 596; x_wconf 76' lang='grc' dir='ltr'><strong>παραδρά-</strong></span> 
     </span>
    </p>
   </div>
   <div class='ocr_carea' id='block_1_68' title="bbox 2173 601 3744 676">
    <p class='ocr_par' dir='ltr' id='par_1_68' title="bbox 2173 601 3744 676">
     <span class='ocr_line' id='line_1_69' title="bbox 2173 601 3744 676; baseline 0 -16"><span class='ocrx_word' id='word_1_513' title='bbox 2173 615 2281 668; x_wconf 76' lang='grc' dir='ltr'><strong>μῃς</strong></span> <span class='ocrx_word' id='word_1_514' title='bbox 2309 601 2370 653; x_wconf 83' lang='grc' dir='ltr'><strong>τὸ</strong></span> <span class='ocrx_word' id='word_1_515' title='bbox 2401 602 2608 672; x_wconf 84' lang='grc' dir='ltr'><strong>κέρδος,</strong></span> <span class='ocrx_word' id='word_1_516' title='bbox 2663 603 2799 656; x_wconf 83' lang='grc' dir='ltr'><strong>ἀλλά</strong></span> <span class='ocrx_word' id='word_1_517' title='bbox 2848 605 2988 673; x_wconf 84' lang='grc' dir='ltr'><strong>μετὰ</strong></span> <span class='ocrx_word' id='word_1_518' title='bbox 3026 603 3317 672; x_wconf 86' lang='grc' dir='ltr'><strong>ἀκριϐείας</strong></span> <span class='ocrx_word' id='word_1_519' title='bbox 3354 605 3590 676; x_wconf 87' lang='grc' dir='ltr'><strong>πρόσεχε</strong></span> <span class='ocrx_word' id='word_1_520' title='bbox 3633 612 3744 670; x_wconf 81' lang='grc' dir='ltr'><strong>τοῖς</strong></span> 
     </span>
    </p>
   </div>
   <div class='ocr_carea' id='block_1_69' title="bbox 2168 679 3737 758">
    <p class='ocr_par' dir='ltr' id='par_1_69' title="bbox 2168 679 3737 758">
     <span class='ocr_line' id='line_1_70' title="bbox 2168 679 3737 758; baseline 0.008 -26"><span class='ocrx_word' id='word_1_521' title='bbox 2168 679 2512 750; x_wconf 75' lang='grc' dir='ltr'><strong>λεγομένοιςο</strong></span> <span class='ocrx_word' id='word_1_522' title='bbox 2545 685 2608 736; x_wconf 89' lang='grc' dir='ltr'><strong>οὑ</strong></span> <span class='ocrx_word' id='word_1_523' title='bbox 2641 685 2751 755; x_wconf 79' lang='grc' dir='ltr'><strong>γὰρ</strong></span> <span class='ocrx_word' id='word_1_524' title='bbox 2782 684 2845 755; x_wconf 81' lang='grc' dir='ltr'><strong>δὴ</strong></span> <span class='ocrx_word' id='word_1_525' title='bbox 2879 685 3010 756; x_wconf 74' lang='grc' dir='ltr'><strong>περὶ</strong></span> <span class='ocrx_word' id='word_1_526' title='bbox 3038 685 3266 757; x_wconf 78' lang='grc' dir='ltr'><strong>οὑρανοῦ</strong></span> <span class='ocrx_word' id='word_1_527' title='bbox 3300 687 3470 755; x_wconf 75' lang='grc' dir='ltr'><strong>μόνον</strong></span> <span class='ocrx_word' id='word_1_528' title='bbox 3489 687 3737 758; x_wconf 75' lang='grc' dir='ltr'><strong>ἐροῦμεν,</strong></span> 
     </span>
    </p>
   </div>
   <div class='ocr_carea' id='block_1_70' title="bbox 2167 763 3740 842">
    <p class='ocr_par' dir='ltr' id='par_1_70' title="bbox 2167 763 3740 842">
     <span class='ocr_line' id='line_1_71' title="bbox 2167 763 3740 842; baseline 0.006 -28"><span class='ocrx_word' id='word_1_529' title='bbox 2167 763 2262 815; x_wconf 75' lang='grc' dir='ltr'><strong>καὶ</strong></span> <span class='ocrx_word' id='word_1_530' title='bbox 2291 764 2412 834; x_wconf 83' lang='grc' dir='ltr'><strong>γῆς,</strong></span> <span class='ocrx_word' id='word_1_531' title='bbox 2445 767 2539 818; x_wconf 80' lang='grc' dir='ltr'><strong>καὶ</strong></span> <span class='ocrx_word' id='word_1_532' title='bbox 2568 765 2857 837; x_wconf 84' lang='grc' dir='ltr'><strong>θαλάττης,</strong></span> <span class='ocrx_word' id='word_1_533' title='bbox 2883 767 3017 822; x_wconf 80' lang='grc' dir='ltr'><strong>ἀλλὰ</strong></span> <span class='ocrx_word' id='word_1_534' title='bbox 3039 769 3134 821; x_wconf 72' lang='grc' dir='ltr'><strong>καὶ</strong></span> <span class='ocrx_word' id='word_1_535' title='bbox 3161 770 3286 838; x_wconf 83' lang='grc' dir='ltr'><strong>περῖ</strong></span> <span class='ocrx_word' id='word_1_536' title='bbox 3313 769 3418 836; x_wconf 84' lang='grc' dir='ltr'><strong>τῆς</strong></span> <span class='ocrx_word' id='word_1_537' title='bbox 3435 773 3740 842; x_wconf 83' lang='grc' dir='ltr'><strong>γεννήσεως</strong></span> 
     </span>
    </p>
   </div>
   <div class='ocr_carea' id='block_1_71' title="bbox 2165 844 3739 921">
    <p class='ocr_par' dir='ltr' id='par_1_71' title="bbox 2165 844 3739 921">
     <span class='ocr_line' id='line_1_72' title="bbox 2165 844 3739 921; baseline 0.005 -24"><span class='ocrx_word' id='word_1_538' title='bbox 2165 844 2267 913; x_wconf 83' lang='grc' dir='ltr'><strong>τῆς</strong></span> <span class='ocrx_word' id='word_1_539' title='bbox 2297 847 2592 917; x_wconf 80' lang='grc' dir='ltr'><strong>ἡμετέρας,</strong></span> <span class='ocrx_word' id='word_1_540' title='bbox 2615 851 2708 902; x_wconf 79' lang='grc' dir='ltr'><strong>καὶ</strong></span> <span class='ocrx_word' id='word_1_541' title='bbox 2741 850 2902 902; x_wconf 83' lang='grc' dir='ltr'><strong>πόθεν</strong></span> <span class='ocrx_word' id='word_1_542' title='bbox 2932 851 2960 904; x_wconf 93' lang='lat'><strong>6</strong></span> <span class='ocrx_word' id='word_1_543' title='bbox 2989 851 3234 913; x_wconf 88' lang='grc' dir='ltr'><strong>θάνατος,</strong></span> <span class='ocrx_word' id='word_1_544' title='bbox 3256 851 3351 903; x_wconf 76' lang='grc' dir='ltr'><strong>καὶ</strong></span> <span class='ocrx_word' id='word_1_545' title='bbox 3382 851 3596 921; x_wconf 88' lang='grc' dir='ltr'><strong>πόθενή</strong></span> <span class='ocrx_word' id='word_1_546' title='bbox 3628 853 3739 905; x_wconf 79' lang='grc' dir='ltr'><strong>ἐπί·</strong></span> 
     </span>
    </p>
   </div>
   <div class='ocr_carea' id='block_1_72' title="bbox 2170 928 3738 1004">
    <p class='ocr_par' dir='ltr' id='par_1_72' title="bbox 2170 928 3738 1004">
     <span class='ocr_line' id='line_1_73' title="bbox 2170 928 3738 1004; baseline 0.004 -24"><span class='ocrx_word' id='word_1_547' title='bbox 2170 928 2368 998; x_wconf 90' lang='grc' dir='ltr'><strong>μοχθος</strong></span> <span class='ocrx_word' id='word_1_548' title='bbox 2397 929 2530 1002; x_wconf 82' lang='grc' dir='ltr'><strong>ζωὴ,</strong></span> <span class='ocrx_word' id='word_1_549' title='bbox 2553 933 2646 984; x_wconf 75' lang='grc' dir='ltr'><strong>καὶ</strong></span> <span class='ocrx_word' id='word_1_550' title='bbox 2677 933 2836 986; x_wconf 90' lang='grc' dir='ltr'><strong>πόθεν</strong></span> <span class='ocrx_word' id='word_1_551' title='bbox 2859 934 2915 986; x_wconf 84' lang='grc' dir='ltr'><strong>αί</strong></span> <span class='ocrx_word' id='word_1_552' title='bbox 2937 933 3164 1002; x_wconf 88' lang='grc' dir='ltr'><strong>ἀθυμίαι</strong></span> <span class='ocrx_word' id='word_1_553' title='bbox 3194 935 3288 986; x_wconf 79' lang='grc' dir='ltr'><strong>καὶ</strong></span> <span class='ocrx_word' id='word_1_554' title='bbox 3317 935 3613 1004; x_wconf 84' lang='grc' dir='ltr'><strong>φροντίδες.</strong></span> <span class='ocrx_word' id='word_1_555' title='bbox 3633 936 3738 988; x_wconf 68' lang='grc' dir='ltr'><strong>Καὶ</strong></span> 
     </span>
    </p>
   </div>
   <div class='ocr_carea' id='block_1_73' title="bbox 2165 1009 3737 1087">
    <p class='ocr_par' dir='ltr' id='par_1_73' title="bbox 2165 1009 3737 1087">
     <span class='ocr_line' id='line_1_74' title="bbox 2165 1009 3737 1087; baseline 0.006 -27"><span class='ocrx_word' id='word_1_556' title='bbox 2165 1009 2278 1080; x_wconf 80' lang='grc' dir='ltr'><strong>γὰρ</strong></span> <span class='ocrx_word' id='word_1_557' title='bbox 2306 1010 2447 1081; x_wconf 84' lang='grc' dir='ltr'><strong>ὑπὲρ</strong></span> <span class='ocrx_word' id='word_1_558' title='bbox 2474 1012 2678 1066; x_wconf 84' lang='grc' dir='ltr'><strong>τούτων</strong></span> <span class='ocrx_word' id='word_1_559' title='bbox 2709 1016 2803 1066; x_wconf 81' lang='grc' dir='ltr'><strong>καὶ</strong></span> <span class='ocrx_word' id='word_1_560' title='bbox 2833 1015 2971 1086; x_wconf 84' lang='grc' dir='ltr'><strong>ὑπὲρ</strong></span> <span class='ocrx_word' id='word_1_561' title='bbox 3019 1016 3281 1069; x_wconf 83' lang='grc' dir='ltr'><strong>πλειόνων</strong></span> <span class='ocrx_word' id='word_1_562' title='bbox 3313 1017 3515 1087; x_wconf 84' lang='grc' dir='ltr'><strong>ἐτέρων</strong></span> <span class='ocrx_word' id='word_1_563' title='bbox 3545 1016 3737 1069; x_wconf 82' lang='grc' dir='ltr'><strong>ἀπολο-</strong></span> 
     </span>
    </p>
   </div>
   <div class='ocr_carea' id='block_1_74' title="bbox 2165 1091 3738 1169">
    <p class='ocr_par' dir='ltr' id='par_1_74' title="bbox 2165 1091 3738 1169">
     <span class='ocr_line' id='line_1_75' title="bbox 2165 1091 3738 1169; baseline 0.005 -27"><span class='ocrx_word' id='word_1_564' title='bbox 2165 1091 2292 1158; x_wconf 90' lang='grc' dir='ltr'><strong>γίαν</strong></span> <span class='ocrx_word' id='word_1_565' title='bbox 2340 1093 2553 1156; x_wconf 78' lang='grc' dir='ltr'><strong>συνθεὶς</strong></span> <span class='ocrx_word' id='word_1_566' title='bbox 2583 1096 2612 1148; x_wconf 89' lang='lat'><strong>6</strong></span> <span class='ocrx_word' id='word_1_567' title='bbox 2653 1095 2814 1161; x_wconf 84' lang='grc' dir='ltr'><strong>Θεὸς,</strong></span> <span class='ocrx_word' id='word_1_568' title='bbox 2863 1097 2923 1149; x_wconf 83' lang='grc' dir='ltr'><strong>τὸ</strong></span> <span class='ocrx_word' id='word_1_569' title='bbox 2962 1096 3166 1167; x_wconf 76' lang='grc' dir='ltr'><strong>βιϐλίον</strong></span> <span class='ocrx_word' id='word_1_570' title='bbox 3195 1098 3352 1150; x_wconf 81' lang='grc' dir='ltr'><strong>τοῦτο</strong></span> <span class='ocrx_word' id='word_1_571' title='bbox 3402 1098 3538 1169; x_wconf 74' lang='grc' dir='ltr'><strong>πρὸς</strong></span> <span class='ocrx_word' id='word_1_572' title='bbox 3591 1101 3738 1169; x_wconf 78' lang='grc' dir='ltr'><strong>ἡμᾶς</strong></span> 
     </span>
    </p>
   </div>
   <div class='ocr_carea' id='block_1_75' title="bbox 2167 1173 3736 1252">
    <p class='ocr_par' dir='ltr' id='par_1_75' title="bbox 2167 1173 3736 1252">
     <span class='ocr_line' id='line_1_76' title="bbox 2167 1173 3736 1252; baseline -0.001 -19"><span class='ocrx_word' id='word_1_573' title='bbox 2167 1173 2439 1244; x_wconf 76' lang='grc' dir='ltr'><strong>ἔπεμψεν·</strong></span> <span class='ocrx_word' id='word_1_574' title='bbox 2478 1178 2597 1231; x_wconf 72' lang='grc' dir='ltr'><strong>οὑδὲ</strong></span> <span class='ocrx_word' id='word_1_575' title='bbox 2634 1179 2746 1250; x_wconf 84' lang='grc' dir='ltr'><strong>γὰρ</strong></span> <span class='ocrx_word' id='word_1_576' title='bbox 2799 1179 3177 1248; x_wconf 84' lang='grc' dir='ltr'><strong>ἀπολογεῖσθαι</strong></span> <span class='ocrx_word' id='word_1_577' title='bbox 3228 1184 3581 1252; x_wconf 82' lang='grc' dir='ltr'><strong>παραιτεῖται</strong></span> <span class='ocrx_word' id='word_1_578' title='bbox 3623 1185 3736 1245; x_wconf 78' lang='grc' dir='ltr'><strong>τοῖς</strong></span> 
     </span>
    </p>
   </div>
   <div class='ocr_carea' id='block_1_76' title="bbox 2164 1257 3732 1334">
    <p class='ocr_par' dir='ltr' id='par_1_76' title="bbox 2164 1257 3732 1334">
     <span class='ocr_line' id='line_1_77' title="bbox 2164 1257 3732 1334; baseline 0.006 -27"><span class='ocrx_word' id='word_1_579' title='bbox 2164 1257 2472 1326; x_wconf 75' lang='grc' dir='ltr'><strong>ἀνθρώποις</strong></span> <span class='ocrx_word' id='word_1_580' title='bbox 2497 1260 2530 1310; x_wconf 87' lang='lat'><strong>6</strong></span> <span class='ocrx_word' id='word_1_581' title='bbox 2555 1260 2705 1324; x_wconf 75' lang='grc' dir='ltr'><strong>Θεδς,</strong></span> <span class='ocrx_word' id='word_1_582' title='bbox 2749 1261 2885 1314; x_wconf 88' lang='grc' dir='ltr'><strong>ἀλλά</strong></span> <span class='ocrx_word' id='word_1_583' title='bbox 2934 1262 3034 1332; x_wconf 83' lang='grc' dir='ltr'><strong>βοᾷ</strong></span> <span class='ocrx_word' id='word_1_584' title='bbox 3079 1263 3167 1317; x_wconf 79' lang='grc' dir='ltr'><strong>διὰ</strong></span> <span class='ocrx_word' id='word_1_585' title='bbox 3199 1261 3292 1314; x_wconf 89' lang='lat'><strong>:06</strong></span> <span class='ocrx_word' id='word_1_586' title='bbox 3336 1266 3614 1334; x_wconf 82' lang='grc' dir='ltr'><strong>προφήτου</strong></span> <span class='ocrx_word' id='word_1_587' title='bbox 3643 1264 3732 1316; x_wconf 54' lang='grc' dir='ltr'><strong>λέι</strong></span> 
     </span>
    </p>
   </div>
   <div class='ocr_carea' id='block_1_77' title="bbox 2163 1339 3734 1413">
    <p class='ocr_par' dir='ltr' id='par_1_77' title="bbox 2163 1339 3734 1413">
     <span class='ocr_line' id='line_1_78' title="bbox 2163 1339 3734 1413; baseline 0.005 -23"><span class='ocrx_word' id='word_1_588' title='bbox 2163 1353 2276 1404; x_wconf 88' lang='grc' dir='ltr'><strong>γων</strong></span> <span class='ocrx_word' id='word_1_589' title='bbox 2295 1355 2308 1368; x_wconf 90' lang='grc'><strong>·</strong></span> <span class='ocrx_word' id='word_1_590' title='bbox 2340 1339 2536 1404; x_wconf 85' lang='grc' dir='ltr'><strong>Δεῦτε,</strong></span> <span class='ocrx_word' id='word_1_591' title='bbox 2562 1342 2659 1394; x_wconf 83' lang='grc' dir='ltr'><strong>καί</strong></span> <span class='ocrx_word' id='word_1_592' title='bbox 2705 1342 3128 1412; x_wconf 72' lang='grc' dir='ltr'><strong>διαλεχθῶμεν,</strong></span> <span class='ocrx_word' id='word_1_593' title='bbox 3163 1345 3325 1413; x_wconf 71' lang='grc' dir='ltr'><strong>λέγει</strong></span> <span class='ocrx_word' id='word_1_594' title='bbox 3355 1346 3588 1412; x_wconf 84' lang='grc' dir='ltr'><strong>Κύριος.</strong></span> <span class='ocrx_word' id='word_1_595' title='bbox 3619 1346 3734 1398; x_wconf 81' lang='lat'><em>06):</em></span> 
     </span>
    </p>
   </div>
   <div class='ocr_carea' id='block_1_78' title="bbox 2162 1423 3734 1498">
    <p class='ocr_par' dir='ltr' id='par_1_78' title="bbox 2162 1423 3734 1498">
     <span class='ocr_line' id='line_1_79' title="bbox 2162 1423 3734 1498; baseline 0.006 -23"><span class='ocrx_word' id='word_1_596' title='bbox 2162 1423 2509 1493; x_wconf 82' lang='grc' dir='ltr'><strong>ἀπολογεῖται</strong></span> <span class='ocrx_word' id='word_1_597' title='bbox 2544 1427 2602 1480; x_wconf 87' lang='grc' dir='ltr'><strong>δὲ</strong></span> <span class='ocrx_word' id='word_1_598' title='bbox 2637 1429 2795 1498; x_wconf 84' lang='grc' dir='ltr'><strong>μόνον</strong></span> <span class='ocrx_word' id='word_1_599' title='bbox 2825 1430 2923 1482; x_wconf 77' lang='grc' dir='ltr'><strong>καὶ·</strong></span> <span class='ocrx_word' id='word_1_600' title='bbox 2950 1428 3248 1493; x_wconf 81' lang='grc' dir='ltr'><strong>δικάζεται,</strong></span> <span class='ocrx_word' id='word_1_601' title='bbox 3291 1431 3426 1484; x_wconf 90' lang='grc' dir='ltr'><strong>ἀλλά</strong></span> <span class='ocrx_word' id='word_1_602' title='bbox 3465 1433 3558 1484; x_wconf 83' lang='grc' dir='ltr'><strong>καὶ</strong></span> <span class='ocrx_word' id='word_1_603' title='bbox 3585 1432 3734 1495; x_wconf 81' lang='grc' dir='ltr'><strong>ὅπως</strong></span> 
     </span>
    </p>
   </div>
   <div class='ocr_carea' id='block_1_79' title="bbox 2162 1511 3730 1588">
    <p class='ocr_par' dir='ltr' id='par_1_79' title="bbox 2162 1511 3730 1588">
     <span class='ocr_line' id='line_1_80' title="bbox 2162 1511 3730 1588; baseline 0.004 -25"><span class='ocrx_word' id='word_1_604' title='bbox 2162 1511 2509 1584; x_wconf 81' lang='grc' dir='ltr'><strong>διαφύγωμεν</strong></span> <span class='ocrx_word' id='word_1_605' title='bbox 2540 1515 2639 1585; x_wconf 72' lang='grc' dir='ltr'><strong>τὴν</strong></span> <span class='ocrx_word' id='word_1_606' title='bbox 2685 1517 2978 1587; x_wconf 83' lang='grc' dir='ltr'><strong>καταδίκην</strong></span> <span class='ocrx_word' id='word_1_607' title='bbox 3013 1517 3286 1571; x_wconf 66' lang='grc' dir='ltr'><strong>διδάσκειν</strong></span> <span class='ocrx_word' id='word_1_608' title='bbox 3314 1519 3375 1570; x_wconf 87' lang='grc' dir='ltr'><strong>οὑ</strong></span> <span class='ocrx_word' id='word_1_609' title='bbox 3407 1518 3514 1588; x_wconf 82' lang='grc' dir='ltr'><strong>γὰρ</strong></span> <span class='ocrx_word' id='word_1_610' title='bbox 3546 1519 3730 1582; x_wconf 83' lang='grc' dir='ltr'><strong>ἁπλῶς</strong></span> 
     </span>
    </p>
   </div>
   <div class='ocr_carea' id='block_1_80' title="bbox 2162 1591 3734 1675">
    <p class='ocr_par' dir='ltr' id='par_1_80' title="bbox 2162 1591 3734 1675">
     <span class='ocr_line' id='line_1_81' title="bbox 2162 1591 3734 1675; baseline 0.006 -25"><span class='ocrx_word' id='word_1_611' title='bbox 2162 1591 2304 1662; x_wconf 74' lang='grc' dir='ltr'><strong>εἷπε,</strong></span> <span class='ocrx_word' id='word_1_612' title='bbox 2339 1601 2536 1664; x_wconf 83' lang='grc' dir='ltr'><strong>Δεῦτε,</strong></span> <span class='ocrx_word' id='word_1_613' title='bbox 2561 1602 2667 1654; x_wconf 72' lang='grc' dir='ltr'><strong>καί⁸</strong></span> <span class='ocrx_word' id='word_1_614' title='bbox 2690 1603 3097 1673; x_wconf 74' lang='grc' dir='ltr'><strong>διαλεχθῶμεν</strong></span> <span class='ocrx_word' id='word_1_615' title='bbox 3114 1622 3126 1634; x_wconf 82' lang='grc'><em>’</em></span> <span class='ocrx_word' id='word_1_616' title='bbox 3153 1605 3286 1658; x_wconf 89' lang='grc' dir='ltr'><strong>ἀλλά</strong></span> <span class='ocrx_word' id='word_1_617' title='bbox 3307 1605 3567 1675; x_wconf 86' lang='grc' dir='ltr'><strong>πρότερον</strong></span> <span class='ocrx_word' id='word_1_618' title='bbox 3590 1605 3734 1660; x_wconf 85' lang='grc' dir='ltr'><strong>διδά-</strong></span> 
     </span>
    </p>
   </div>
   <div class='ocr_carea' id='block_1_81' title="bbox 2162 1684 3730 1762">
    <p class='ocr_par' dir='ltr' id='par_1_81' title="bbox 2162 1684 3730 1762">
     <span class='ocr_line' id='line_1_82' title="bbox 2162 1684 3730 1762; baseline 0.005 -25"><span class='ocrx_word' id='word_1_619' title='bbox 2162 1684 2259 1752; x_wconf 84' lang='grc' dir='ltr'><strong>ξας</strong></span> <span class='ocrx_word' id='word_1_620' title='bbox 2288 1685 2350 1738; x_wconf 84' lang='grc' dir='ltr'><strong>τί</strong></span> <span class='ocrx_word' id='word_1_621' title='bbox 2367 1687 2465 1756; x_wconf 78' lang='grc' dir='ltr'><strong>μὲν</strong></span> <span class='ocrx_word' id='word_1_622' title='bbox 2495 1690 2689 1755; x_wconf 86' lang='grc' dir='ltr'><strong>εἰπεῖν,</strong></span> <span class='ocrx_word' id='word_1_623' title='bbox 2725 1689 2776 1742; x_wconf 86' lang='grc' dir='ltr'><strong>τί</strong></span> <span class='ocrx_word' id='word_1_624' title='bbox 2803 1689 2856 1742; x_wconf 78' lang='grc' dir='ltr'><strong>δὲ</strong></span> <span class='ocrx_word' id='word_1_625' title='bbox 2917 1690 3293 1762; x_wconf 80' lang='grc' dir='ltr'><strong>ποιῆσαιχρῆ,</strong></span> <span class='ocrx_word' id='word_1_626' title='bbox 3328 1691 3470 1744; x_wconf 76' lang='grc' dir='ltr'><strong>οὓτω</strong></span> <span class='ocrx_word' id='word_1_627' title='bbox 3507 1691 3642 1762; x_wconf 79' lang='grc' dir='ltr'><strong>πρὸς</strong></span> <span class='ocrx_word' id='word_1_628' title='bbox 3670 1694 3730 1746; x_wconf 86' lang='lat'><strong>:6</strong></span> 
     </span>
    </p>
   </div>
   <div class='ocr_carea' id='block_1_82' title="bbox 2159 1771 3730 1851">
    <p class='ocr_par' dir='ltr' id='par_1_82' title="bbox 2159 1771 3730 1851">
     <span class='ocr_line' id='line_1_83' title="bbox 2159 1771 3730 1851; baseline 0.006 -29"><span class='ocrx_word' id='word_1_629' title='bbox 2159 1771 2506 1842; x_wconf 75' lang='grc' dir='ltr'><strong>δικαστήριον</strong></span> <span class='ocrx_word' id='word_1_630' title='bbox 2535 1775 2802 1830; x_wconf 82' lang='grc' dir='ltr'><strong>εἵλκυσεν.</strong></span> <span class='ocrx_word' id='word_1_631' title='bbox 2837 1778 3102 1830; x_wconf 81' lang='grc' dir='ltr'><strong>Ἀκουσον</strong></span> <span class='ocrx_word' id='word_1_632' title='bbox 3121 1773 3214 1831; x_wconf 84' lang='grc' dir='ltr'><strong>οὖν</strong></span> <span class='ocrx_word' id='word_1_633' title='bbox 3245 1777 3449 1832; x_wconf 81' lang='grc' dir='ltr'><strong>ἀνωθεν</strong></span> <span class='ocrx_word' id='word_1_634' title='bbox 3473 1779 3565 1832; x_wconf 86' lang='lat'><strong>:06</strong></span> <span class='ocrx_word' id='word_1_635' title='bbox 3601 1796 3730 1851; x_wconf 81' lang='grc' dir='ltr'><strong>προ-</strong></span> 
     </span>
    </p>
   </div>
   <div class='ocr_carea' id='block_1_83' title="bbox 2161 1859 3730 1935">
    <p class='ocr_par' dir='ltr' id='par_1_83' title="bbox 2161 1859 3730 1935">
     <span class='ocr_line' id='line_1_84' title="bbox 2161 1859 3730 1935; baseline 0.007 -26"><span class='ocrx_word' id='word_1_636' title='bbox 2161 1859 2389 1927; x_wconf 81' lang='grc' dir='ltr'><strong>φητικοὺ</strong></span> <span class='ocrx_word' id='word_1_637' title='bbox 2416 1861 2482 1931; x_wconf 78' lang='grc' dir='ltr'><strong>ρή</strong></span> <span class='ocrx_word' id='word_1_638' title='bbox 2493 1878 2679 1929; x_wconf 90' lang='grc' dir='ltr'><strong>ματος.</strong></span> <span class='ocrx_word' id='word_1_639' title='bbox 2700 1863 3036 1927; x_wconf 84' lang='grc' dir='ltr'><strong>Λούσασθε,</strong></span> <span class='ocrx_word' id='word_1_640' title='bbox 3078 1865 3318 1933; x_wconf 80' lang='grc' dir='ltr'><strong>καθαροὶ</strong></span> <span class='ocrx_word' id='word_1_641' title='bbox 3341 1866 3597 1934; x_wconf 74' lang='grc' dir='ltr'><strong>γίνεσθε,</strong></span> <span class='ocrx_word' id='word_1_642' title='bbox 3619 1867 3730 1935; x_wconf 69' lang='lat'><em>65.:-</em></span> 
     </span>
    </p>
   </div>
   <div class='ocr_carea' id='block_1_84' title="bbox 2157 1944 3732 2022">
    <p class='ocr_par' dir='ltr' id='par_1_84' title="bbox 2157 1944 3732 2022">
     <span class='ocr_line' id='line_1_85' title="bbox 2157 1944 3732 2022; baseline 0.006 -24"><span class='ocrx_word' id='word_1_643' title='bbox 2157 1944 2324 1998; x_wconf 76' lang='grc' dir='ltr'><strong>έλετε</strong></span> <span class='ocrx_word' id='word_1_644' title='bbox 2338 1947 2444 2012; x_wconf 84' lang='grc' dir='ltr'><strong>τὰς</strong></span> <span class='ocrx_word' id='word_1_645' title='bbox 2470 1949 2760 2017; x_wconf 68' lang='grc' dir='ltr'><strong>πονηρίας</strong></span> <span class='ocrx_word' id='word_1_646' title='bbox 2783 1950 2900 2003; x_wconf 77' lang='grc' dir='ltr'><strong>ἀπὸ</strong></span> <span class='ocrx_word' id='word_1_647' title='bbox 2925 1951 3044 2004; x_wconf 79' lang='grc' dir='ltr'><strong>τῶν</strong></span> <span class='ocrx_word' id='word_1_648' title='bbox 3066 1951 3278 2021; x_wconf 74' lang='grc' dir='ltr'><strong>ψυχῶν</strong></span> <span class='ocrx_word' id='word_1_649' title='bbox 3302 1953 3465 2021; x_wconf 79' lang='grc' dir='ltr'><strong>ὑμῶν</strong></span> <span class='ocrx_word' id='word_1_650' title='bbox 3485 1969 3497 1983; x_wconf 88' lang='grc'>·</span> <span class='ocrx_word' id='word_1_651' title='bbox 3513 1954 3732 2022; x_wconf 79' lang='grc' dir='ltr'><strong>μάθετε</strong></span> 
     </span>
    </p>
   </div>
   <div class='ocr_carea' id='block_1_85' title="bbox 2158 2033 3732 2106">
    <p class='ocr_par' dir='ltr' id='par_1_85' title="bbox 2158 2033 3732 2106">
     <span class='ocr_line' id='line_1_86' title="bbox 2158 2033 3732 2106; baseline 0.007 -22"><span class='ocrx_word' id='word_1_652' title='bbox 2158 2033 2350 2086; x_wconf 78' lang='grc' dir='ltr'><strong>καλὸν</strong></span> <span class='ocrx_word' id='word_1_653' title='bbox 2370 2035 2584 2100; x_wconf 80' lang='grc' dir='ltr'><strong>ποιεῖν,</strong></span> <span class='ocrx_word' id='word_1_654' title='bbox 2625 2037 2862 2104; x_wconf 78' lang='grc' dir='ltr'><strong>κρίνατε</strong></span> <span class='ocrx_word' id='word_1_655' title='bbox 2910 2037 3184 2106; x_wconf 67' lang='grc' dir='ltr'><strong>ὀρφανῷ,</strong></span> <span class='ocrx_word' id='word_1_656' title='bbox 3241 2041 3338 2092; x_wconf 78' lang='grc' dir='ltr'><strong>καὶ</strong></span> <span class='ocrx_word' id='word_1_657' title='bbox 3377 2038 3732 2095; x_wconf 55' lang='grc' dir='ltr'><strong>δικαιώσατε.</strong></span> 
     </span>
    </p>
   </div>
   <div class='ocr_carea' id='block_1_86' title="bbox 2157 2120 3723 2198">
    <p class='ocr_par' dir='ltr' id='par_1_86' title="bbox 2157 2120 3723 2198">
     <span class='ocr_line' id='line_1_87' title="bbox 2157 2120 3723 2198; baseline 0.007 -26"><span class='ocrx_word' id='word_1_658' title='bbox 2157 2120 2382 2190; x_wconf 71' lang='grc' dir='ltr'><strong>χήρανο</strong></span> <span class='ocrx_word' id='word_1_659' title='bbox 2429 2124 2523 2175; x_wconf 60' lang='grc' dir='ltr'><strong>καὶ¹</strong></span> <span class='ocrx_word' id='word_1_660' title='bbox 2555 2124 2675 2176; x_wconf 81' lang='grc' dir='ltr'><strong>τότε</strong></span> <span class='ocrx_word' id='word_1_661' title='bbox 2723 2124 2885 2193; x_wconf 85' lang='grc' dir='ltr'><strong>φησί·</strong></span> <span class='ocrx_word' id='word_1_662' title='bbox 2942 2125 3138 2185; x_wconf 77' lang='grc' dir='ltr'><strong>Δεῦτε.</strong></span> <span class='ocrx_word' id='word_1_663' title='bbox 3180 2126 3277 2179; x_wconf 77' lang='grc' dir='ltr'><strong>καὶ</strong></span> <span class='ocrx_word' id='word_1_664' title='bbox 3305 2126 3723 2198; x_wconf 74' lang='grc' dir='ltr'><strong>διαλεχθῶμεν,</strong></span> 
     </span>
    </p>
   </div>
   <div class='ocr_carea' id='block_1_87' title="bbox 2155 2208 3726 2287">
    <p class='ocr_par' dir='ltr' id='par_1_87' title="bbox 2155 2208 3726 2287">
     <span class='ocr_line' id='line_1_88' title="bbox 2155 2208 3726 2287; baseline 0.004 -26"><span class='ocrx_word' id='word_1_665' title='bbox 2155 2208 2317 2277; x_wconf 68' lang='grc' dir='ltr'><strong>λέγει</strong></span> <span class='ocrx_word' id='word_1_666' title='bbox 2350 2209 2582 2278; x_wconf 80' lang='grc' dir='ltr'><strong>Κύριος.</strong></span> <span class='ocrx_word' id='word_1_667' title='bbox 2611 2211 2683 2262; x_wconf 89' lang='grc' dir='ltr'><strong>Οὑ</strong></span> <span class='ocrx_word' id='word_1_668' title='bbox 2711 2210 2968 2281; x_wconf 87' lang='grc' dir='ltr'><strong>βούλομαι</strong></span> <span class='ocrx_word' id='word_1_669' title='bbox 3001 2215 3256 2282; x_wconf 86' lang='grc' dir='ltr'><strong>γυμνοὺς.</strong></span> <span class='ocrx_word' id='word_1_670' title='bbox 3290 2215 3443 2284; x_wconf 78' lang='grc' dir='ltr'><strong>φησὶ,</strong></span> <span class='ocrx_word' id='word_1_671' title='bbox 3473 2218 3566 2269; x_wconf 77' lang='grc' dir='ltr'><strong>καὶ</strong></span> <span class='ocrx_word' id='word_1_672' title='bbox 3598 2217 3726 2287; x_wconf 81' lang='grc' dir='ltr'><strong>ἐρή-</strong></span> 
     </span>
    </p>
   </div>
   <div class='ocr_carea' id='block_1_88' title="bbox 2161 2296 3726 2372">
    <p class='ocr_par' dir='ltr' id='par_1_88' title="bbox 2161 2296 3726 2372">
     <span class='ocr_line' id='line_1_89' title="bbox 2161 2296 3726 2372; baseline 0.005 -24"><span class='ocrx_word' id='word_1_673' title='bbox 2161 2312 2294 2364; x_wconf 84' lang='grc' dir='ltr'><strong>μους</strong></span> <span class='ocrx_word' id='word_1_674' title='bbox 2314 2297 2421 2348; x_wconf 84' lang='grc' dir='ltr'><strong>τῶν</strong></span> <span class='ocrx_word' id='word_1_675' title='bbox 2445 2296 2830 2367; x_wconf 82' lang='grc' dir='ltr'><strong>δικαιωμάτων</strong></span> <span class='ocrx_word' id='word_1_676' title='bbox 2851 2297 3055 2361; x_wconf 80' lang='grc' dir='ltr'><strong>λαϐεῖν,</strong></span> <span class='ocrx_word' id='word_1_677' title='bbox 3078 2299 3214 2351; x_wconf 84' lang='grc' dir='ltr'><strong>ἀλλά</strong></span> <span class='ocrx_word' id='word_1_678' title='bbox 3235 2301 3562 2364; x_wconf 87' lang='grc' dir='ltr'><strong>καθοπλίσας</strong></span> <span class='ocrx_word' id='word_1_679' title='bbox 3583 2304 3726 2372; x_wconf 55' lang='grc' dir='ltr'><strong>ὑμᾶς⁸</strong></span> 
     </span>
    </p>
   </div>
   <div class='ocr_carea' id='block_1_89' title="bbox 2154 2379 3726 2446">
    <p class='ocr_par' dir='ltr' id='par_1_89' title="bbox 2154 2379 3726 2446">
     <span class='ocr_line' id='line_1_90' title="bbox 2154 2379 3726 2446; baseline 0.005 -16"><span class='ocrx_word' id='word_1_680' title='bbox 2154 2381 2273 2442; x_wconf 86' lang='grc' dir='ltr'><strong>ταῖς</strong></span> <span class='ocrx_word' id='word_1_681' title='bbox 2302 2379 2640 2446; x_wconf 84' lang='grc' dir='ltr'><strong>ἀπολογίαις,</strong></span> <span class='ocrx_word' id='word_1_682' title='bbox 2673 2379 2846 2444; x_wconf 78' lang='grc' dir='ltr'><strong>οὑτως</strong></span> <span class='ocrx_word' id='word_1_683' title='bbox 2880 2383 2972 2433; x_wconf 77' lang='grc' dir='ltr'><strong>ἐπὶ</strong></span> <span class='ocrx_word' id='word_1_684' title='bbox 3007 2382 3103 2446; x_wconf 82' lang='grc' dir='ltr'><strong>τὰς</strong></span> <span class='ocrx_word' id='word_1_685' title='bbox 3153 2382 3380 2446; x_wconf 86' lang='grc' dir='ltr'><strong>εὐθύνας</strong></span> <span class='ocrx_word' id='word_1_686' title='bbox 3421 2384 3598 2436; x_wconf 78' lang='grc' dir='ltr'><strong>καλῶ⁴</strong></span> <span class='ocrx_word' id='word_1_687' title='bbox 3632 2389 3726 2439; x_wconf 71' lang='grc' dir='ltr'><strong>καὶ</strong></span> 
     </span>
    </p>
   </div>
   <div class='ocr_carea' id='block_1_90' title="bbox 2155 2464 3726 2538">
    <p class='ocr_par' dir='ltr' id='par_1_90' title="bbox 2155 2464 3726 2538">
     <span class='ocr_line' id='line_1_91' title="bbox 2155 2464 3726 2538; baseline 0.004 -22"><span class='ocrx_word' id='word_1_688' title='bbox 2155 2465 2262 2535; x_wconf 83' lang='grc' dir='ltr'><strong>γὰρ</strong></span> <span class='ocrx_word' id='word_1_689' title='bbox 2302 2464 2615 2528; x_wconf 78' lang='grc' dir='ltr'><strong>δικάζεσθαι</strong></span> <span class='ocrx_word' id='word_1_690' title='bbox 2648 2465 2906 2536; x_wconf 87' lang='grc' dir='ltr'><strong>βούλομαι</strong></span> <span class='ocrx_word' id='word_1_691' title='bbox 2940 2467 3075 2538; x_wconf 77' lang='grc' dir='ltr'><strong>πρδς</strong></span> <span class='ocrx_word' id='word_1_692' title='bbox 3105 2468 3270 2538; x_wconf 82' lang='grc' dir='ltr'><strong>ὑμᾶς,</strong></span> <span class='ocrx_word' id='word_1_693' title='bbox 3302 2469 3398 2537; x_wconf 82' lang='grc' dir='ltr'><strong>οὑχ</strong></span> <span class='ocrx_word' id='word_1_694' title='bbox 3440 2469 3525 2522; x_wconf 79' lang='grc' dir='ltr'><strong>ἵνα</strong></span> <span class='ocrx_word' id='word_1_695' title='bbox 3558 2486 3726 2523; x_wconf 89' lang='grc' dir='ltr'><strong>κατα-</strong></span> 
     </span>
    </p>
   </div>
   <div class='ocr_carea' id='block_1_91' title="bbox 2155 2553 3720 2626">
    <p class='ocr_par' dir='ltr' id='par_1_91' title="bbox 2155 2553 3720 2626">
     <span class='ocr_line' id='line_1_92' title="bbox 2155 2553 3720 2626; baseline 0.003 -24"><span class='ocrx_word' id='word_1_696' title='bbox 2155 2553 2344 2620; x_wconf 85' lang='grc' dir='ltr'><strong>κρίνω,</strong></span> <span class='ocrx_word' id='word_1_697' title='bbox 2378 2553 2493 2604; x_wconf 88' lang='grc' dir='ltr'><strong>ἀλλ’</strong></span> <span class='ocrx_word' id='word_1_698' title='bbox 2523 2554 2608 2605; x_wconf 86' lang='grc' dir='ltr'><strong>ἵνα</strong></span> <span class='ocrx_word' id='word_1_699' title='bbox 2644 2553 2938 2622; x_wconf 84' lang='grc' dir='ltr'><strong>φείσωμαι.</strong></span> <span class='ocrx_word' id='word_1_700' title='bbox 2967 2553 3120 2606; x_wconf 79' lang='grc' dir='ltr'><strong>Οὕτω</strong></span> <span class='ocrx_word' id='word_1_701' title='bbox 3151 2554 3246 2606; x_wconf 75' lang='grc' dir='ltr'><strong>καὶ</strong></span> <span class='ocrx_word' id='word_1_702' title='bbox 3294 2554 3522 2624; x_wconf 85' lang='grc' dir='ltr'><strong>ἀλλαχοῦ</strong></span> <span class='ocrx_word' id='word_1_703' title='bbox 3557 2572 3720 2626; x_wconf 84' lang='grc' dir='ltr'><strong>φησι·</strong></span> 
     </span>
    </p>
   </div>
   <div class='ocr_carea' id='block_1_92' title="bbox 2155 2637 3722 2709">
    <p class='ocr_par' dir='ltr' id='par_1_92' title="bbox 2155 2637 3722 2709">
     <span class='ocr_line' id='line_1_93' title="bbox 2155 2637 3722 2709; baseline 0.003 -18"><span class='ocrx_word' id='word_1_704' title='bbox 2155 2637 2302 2708; x_wconf 71' lang='grc' dir='ltr'><strong>Λέγε</strong></span> <span class='ocrx_word' id='word_1_705' title='bbox 2334 2639 2415 2692; x_wconf 86' lang='grc' dir='ltr'><strong>σὺ</strong></span> <span class='ocrx_word' id='word_1_706' title='bbox 2452 2639 2684 2707; x_wconf 77' lang='grc' dir='ltr'><strong>πρῶτον</strong></span> <span class='ocrx_word' id='word_1_707' title='bbox 2707 2651 2731 2679; x_wconf 71' lang='grc' dir='ltr'>α</span> <span class='ocrx_word' id='word_1_708' title='bbox 2763 2643 2870 2707; x_wconf 82' lang='grc' dir='ltr'><strong>τὰς</strong></span> <span class='ocrx_word' id='word_1_709' title='bbox 2903 2641 3143 2709; x_wconf 76' lang='grc' dir='ltr'><strong>ἀνομίας</strong></span> <span class='ocrx_word' id='word_1_710' title='bbox 3180 2656 3316 2703; x_wconf 86' lang='grc' dir='ltr'><strong>σου,</strong></span> <span class='ocrx_word' id='word_1_711' title='bbox 3350 2642 3451 2696; x_wconf 75' lang='grc' dir='ltr'><strong>ἵνα</strong></span> <span class='ocrx_word' id='word_1_712' title='bbox 3495 2641 3722 2699; x_wconf 57' lang='grc' dir='ltr'><strong>δικαιωμ-</strong></span> 
     </span>
    </p>
   </div>
   <div class='ocr_carea' id='block_1_93' title="bbox 2155 2723 3724 2800">
    <p class='ocr_par' dir='ltr' id='par_1_93' title="bbox 2155 2723 3724 2800">
     <span class='ocr_line' id='line_1_94' title="bbox 2155 2723 3724 2800; baseline 0.003 -23"><span class='ocrx_word' id='word_1_713' title='bbox 2155 2723 2284 2791; x_wconf 66' lang='grc' dir='ltr'><strong>θῇς.</strong></span> <span class='ocrx_word' id='word_1_714' title='bbox 2322 2726 2504 2794; x_wconf 88' lang='grc' dir='ltr'><strong>Ἔχεις</strong></span> <span class='ocrx_word' id='word_1_715' title='bbox 2559 2727 2861 2796; x_wconf 83' lang='grc' dir='ltr'><strong>κατήγορον</strong></span> <span class='ocrx_word' id='word_1_716' title='bbox 2909 2727 3110 2796; x_wconf 72' lang='grc' dir='ltr'><strong>πικρὸν.</strong></span> <span class='ocrx_word' id='word_1_717' title='bbox 3132 2727 3226 2780; x_wconf 80' lang='grc' dir='ltr'><strong>καὶ</strong></span> <span class='ocrx_word' id='word_1_718' title='bbox 3262 2728 3557 2798; x_wconf 89' lang='grc' dir='ltr'><strong>ἀνήμερον,</strong></span> <span class='ocrx_word' id='word_1_719' title='bbox 3592 2747 3724 2800; x_wconf 81' lang='grc' dir='ltr'><strong>προ-</strong></span> 
     </span>
    </p>
   </div>
   <div class='ocr_carea' id='block_1_94' title="bbox 2155 2809 3722 2884">
    <p class='ocr_par' dir='ltr' id='par_1_94' title="bbox 2155 2809 3722 2884">
     <span class='ocr_line' id='line_1_95' title="bbox 2155 2809 3722 2884; baseline 0.003 -23"><span class='ocrx_word' id='word_1_720' title='bbox 2155 2809 2333 2863; x_wconf 88' lang='grc' dir='ltr'><strong>λαϐὼν</strong></span> <span class='ocrx_word' id='word_1_721' title='bbox 2361 2812 2606 2881; x_wconf 79' lang='grc' dir='ltr'><strong>ἅρπασον</strong></span> <span class='ocrx_word' id='word_1_722' title='bbox 2632 2813 2837 2866; x_wconf 77' lang='grc' dir='ltr'><strong>ἐκείνου</strong></span> <span class='ocrx_word' id='word_1_723' title='bbox 2856 2812 2952 2884; x_wconf 85' lang='grc' dir='ltr'><strong>τὴν</strong></span> <span class='ocrx_word' id='word_1_724' title='bbox 2980 2812 3151 2879; x_wconf 79' lang='grc' dir='ltr'><strong>τάξιν,</strong></span> <span class='ocrx_word' id='word_1_725' title='bbox 3183 2812 3456 2884; x_wconf 74' lang='grc' dir='ltr'><strong>ἔμφραξον</strong></span> <span class='ocrx_word' id='word_1_726' title='bbox 3482 2815 3543 2868; x_wconf 82' lang='lat'><strong>:6</strong></span> <span class='ocrx_word' id='word_1_727' title='bbox 3569 2817 3722 2870; x_wconf 77' lang='grc' dir='ltr'><strong>ἀναί-</strong></span> 
     </span>
    </p>
   </div>
   <div class='ocr_carea' id='block_1_95' title="bbox 2157 2898 2605 2967">
    <p class='ocr_par' dir='ltr' id='par_1_95' title="bbox 2157 2898 2605 2967">
     <span class='ocr_line' id='line_1_96' title="bbox 2157 2898 2605 2967; baseline 0.004 -17"><span class='ocrx_word' id='word_1_728' title='bbox 2157 2914 2380 2967; x_wconf 88' lang='grc' dir='ltr'><strong>σχυντον</strong></span> <span class='ocrx_word' id='word_1_729' title='bbox 2411 2898 2605 2967; x_wconf 84' lang='grc' dir='ltr'><strong>στόμα.</strong></span> 
     </span>
    </p>
   </div>
   <div class='ocr_carea' id='block_1_96' title="bbox 2225 2979 3720 3060">
    <p class='ocr_par' dir='ltr' id='par_1_96' title="bbox 2225 2979 3720 3060">
     <span class='ocr_line' id='line_1_97' title="bbox 2225 2979 3720 3060; baseline 0.001 -23"><span class='ocrx_word' id='word_1_730' title='bbox 2225 2984 2288 3054; x_wconf 83' lang='grc' dir='ltr'><strong>β’.</strong></span> <span class='ocrx_word' id='word_1_731' title='bbox 2320 2984 2479 3054; x_wconf 85' lang='grc' dir='ltr'><strong>Παρὰ</strong></span> <span class='ocrx_word' id='word_1_732' title='bbox 2517 2985 2613 3055; x_wconf 81' lang='grc' dir='ltr'><strong>μὲν</strong></span> <span class='ocrx_word' id='word_1_733' title='bbox 2642 2979 2849 3057; x_wconf 72' lang='grc' dir='ltr'><strong>οὗντὴν</strong></span> <span class='ocrx_word' id='word_1_734' title='bbox 2866 2985 3040 3058; x_wconf 79' lang='grc' dir='ltr'><strong>ἀρχὴν</strong></span> <span class='ocrx_word' id='word_1_735' title='bbox 3074 2985 3140 3039; x_wconf 87' lang='grc' dir='ltr'><strong>δι’</strong></span> <span class='ocrx_word' id='word_1_736' title='bbox 3157 2986 3351 3043; x_wconf 80' lang='grc' dir='ltr'><strong>ἑαυτοῦ</strong></span> <span class='ocrx_word' id='word_1_737' title='bbox 3365 2991 3477 3050; x_wconf 86' lang='grc' dir='ltr'><strong>τοῖς</strong></span> <span class='ocrx_word' id='word_1_738' title='bbox 3508 2988 3720 3060; x_wconf 55' lang='grc' dir='ltr'><strong>ἀνθρώ,-</strong></span> 
     </span>
    </p>
   </div>
   <div class='ocr_carea' id='block_1_97' title="bbox 2153 3072 3717 3144">
    <p class='ocr_par' dir='ltr' id='par_1_97' title="bbox 2153 3072 3717 3144">
     <span class='ocr_line' id='line_1_98' title="bbox 2153 3072 3717 3144; baseline 0.004 -20"><span class='ocrx_word' id='word_1_739' title='bbox 2153 3089 2275 3135; x_wconf 86' lang='grc' dir='ltr'><strong>ποις</strong></span> <span class='ocrx_word' id='word_1_740' title='bbox 2298 3073 2325 3124; x_wconf 89' lang='grc' dir='ltr'>ὁ</span> <span class='ocrx_word' id='word_1_741' title='bbox 2363 3073 2495 3135; x_wconf 77' lang='grc' dir='ltr'><strong>Θεὸς</strong></span> <span class='ocrx_word' id='word_1_742' title='bbox 2528 3072 2743 3141; x_wconf 82' lang='grc' dir='ltr'><strong>ὡμίλει,</strong></span> <span class='ocrx_word' id='word_1_743' title='bbox 2777 3072 2852 3136; x_wconf 82' lang='grc' dir='ltr'><strong>ὡς</strong></span> <span class='ocrx_word' id='word_1_744' title='bbox 2879 3072 3184 3144; x_wconf 83' lang='grc' dir='ltr'><strong>ἀνθρώποις</strong></span> <span class='ocrx_word' id='word_1_745' title='bbox 3213 3075 3442 3128; x_wconf 81' lang='grc' dir='ltr'><strong>ἀκοῦσαι</strong></span> <span class='ocrx_word' id='word_1_746' title='bbox 3477 3075 3717 3130; x_wconf 86' lang='grc' dir='ltr'><strong>δυνατόν.</strong></span> 
     </span>
    </p>
   </div>
   <div class='ocr_carea' id='block_1_98' title="bbox 2152 3156 3726 3234">
    <p class='ocr_par' dir='ltr' id='par_1_98' title="bbox 2152 3156 3726 3234">
     <span class='ocr_line' id='line_1_99' title="bbox 2152 3156 3726 3234; baseline 0.003 -22"><span class='ocrx_word' id='word_1_747' title='bbox 2152 3158 2308 3212; x_wconf 76' lang='grc' dir='ltr'><strong>υῦτω</strong></span> <span class='ocrx_word' id='word_1_748' title='bbox 2342 3160 2481 3230; x_wconf 80' lang='grc' dir='ltr'><strong>πρὸς</strong></span> <span class='ocrx_word' id='word_1_749' title='bbox 2512 3160 2604 3211; x_wconf 84' lang='grc' dir='ltr'><strong>τὸν</strong></span> <span class='ocrx_word' id='word_1_750' title='bbox 2655 3160 2827 3230; x_wconf 77' lang='grc' dir='ltr'><strong>Ἀδάμ</strong></span> <span class='ocrx_word' id='word_1_751' title='bbox 2863 3156 3053 3231; x_wconf 84' lang='grc' dir='ltr'><strong>ἦλθεν·</strong></span> <span class='ocrx_word' id='word_1_752' title='bbox 3085 3161 3258 3225; x_wconf 81' lang='grc' dir='ltr'><strong>οὕτως</strong></span> <span class='ocrx_word' id='word_1_753' title='bbox 3305 3163 3605 3234; x_wconf 81' lang='grc' dir='ltr'><strong>ἐπετίμησε</strong></span> <span class='ocrx_word' id='word_1_754' title='bbox 3641 3164 3726 3233; x_wconf 79' lang='grc' dir='ltr'><strong>τῷ</strong></span> 
     </span>
    </p>
   </div>
   <div class='ocr_carea' id='block_1_99' title="bbox 2151 3246 3723 3325">
    <p class='ocr_par' dir='ltr' id='par_1_99' title="bbox 2151 3246 3723 3325">
     <span class='ocr_line' id='line_1_100' title="bbox 2151 3246 3723 3325; baseline 0.002 -27"><span class='ocrx_word' id='word_1_755' title='bbox 2151 3246 2293 3299; x_wconf 86' lang='grc' dir='ltr'><strong>Κάῖν</strong></span> <span class='ocrx_word' id='word_1_756' title='bbox 2316 3263 2330 3276; x_wconf 69' lang='grc'><strong><em>⁸</em></strong></span> <span class='ocrx_word' id='word_1_757' title='bbox 2357 3246 2499 3299; x_wconf 83' lang='grc' dir='ltr'><strong>οὑτω</strong></span> <span class='ocrx_word' id='word_1_758' title='bbox 2528 3247 2774 3317; x_wconf 87' lang='grc' dir='ltr'><strong>διελέχθη</strong></span> <span class='ocrx_word' id='word_1_759' title='bbox 2806 3247 2878 3317; x_wconf 82' lang='grc' dir='ltr'><strong>τῷ</strong></span> <span class='ocrx_word' id='word_1_760' title='bbox 2913 3246 3037 3299; x_wconf 87' lang='grc' dir='ltr'><strong>Νῶε</strong></span> <span class='ocrx_word' id='word_1_761' title='bbox 3055 3263 3068 3278; x_wconf 76' lang='grc' dir='ltr'><strong>ο</strong></span> <span class='ocrx_word' id='word_1_762' title='bbox 3099 3247 3271 3312; x_wconf 78' lang='grc' dir='ltr'><strong>οὑτως</strong></span> <span class='ocrx_word' id='word_1_763' title='bbox 3310 3249 3615 3321; x_wconf 75' lang='grc' dir='ltr'><strong>ἐπεξενώθη</strong></span> <span class='ocrx_word' id='word_1_764' title='bbox 3643 3251 3723 3325; x_wconf 66' lang='grc' dir='ltr'><strong>τῷ</strong></span> 
     </span>
    </p>
   </div>
   <div class='ocr_carea' id='block_1_100' title="bbox 2164 3333 3721 3406">
    <p class='ocr_par' dir='ltr' id='par_1_100' title="bbox 2164 3333 3721 3406">
     <span class='ocr_line' id='line_1_101' title="bbox 2164 3333 3721 3406; baseline 0.003 -20"><span class='ocrx_word' id='word_1_765' title='bbox 2164 3334 2433 3405; x_wconf 85' lang='grc' dir='ltr'><strong>Ἀϐραάμ.</strong></span> <span class='ocrx_word' id='word_1_766' title='bbox 2467 3333 2686 3405; x_wconf 77' lang='grc' dir='ltr'><strong>Ἐπειδὴ</strong></span> <span class='ocrx_word' id='word_1_767' title='bbox 2710 3336 2766 3388; x_wconf 86' lang='grc' dir='ltr'><strong>δὲ</strong></span> <span class='ocrx_word' id='word_1_768' title='bbox 2787 3335 2921 3403; x_wconf 80' lang='grc' dir='ltr'><strong>πρὸς</strong></span> <span class='ocrx_word' id='word_1_769' title='bbox 2951 3336 3200 3406; x_wconf 85' lang='grc' dir='ltr'><strong>κακίανή</strong></span> <span class='ocrx_word' id='word_1_770' title='bbox 3227 3335 3386 3404; x_wconf 86' lang='grc' dir='ltr'><strong>φύσις</strong></span> <span class='ocrx_word' id='word_1_771' title='bbox 3409 3337 3568 3406; x_wconf 83' lang='grc' dir='ltr'><strong>ἡμῶν</strong></span> <span class='ocrx_word' id='word_1_772' title='bbox 3613 3339 3721 3390; x_wconf 83' lang='grc' dir='ltr'><strong>ἀπ-</strong></span> 
     </span>
    </p>
   </div>
   <div class='ocr_carea' id='block_1_101' title="bbox 2151 3421 3722 3498">
    <p class='ocr_par' dir='ltr' id='par_1_101' title="bbox 2151 3421 3722 3498">
     <span class='ocr_line' id='line_1_102' title="bbox 2151 3421 3722 3498; baseline 0.002 -24"><span class='ocrx_word' id='word_1_773' title='bbox 2151 3421 2453 3488; x_wconf 75' lang='grc' dir='ltr'><strong>έ,κλινε,καὶ</strong></span> <span class='ocrx_word' id='word_1_774' title='bbox 2465 3422 2713 3491; x_wconf 87' lang='grc' dir='ltr'><strong>καθάπερ</strong></span> <span class='ocrx_word' id='word_1_775' title='bbox 2733 3424 2811 3484; x_wconf 85' lang='grc' dir='ltr'><strong>είς</strong></span> <span class='ocrx_word' id='word_1_776' title='bbox 2833 3423 3125 3493; x_wconf 80' lang='grc' dir='ltr'><strong>ὑπερορίαν</strong></span> <span class='ocrx_word' id='word_1_777' title='bbox 3145 3425 3263 3481; x_wconf 80' lang='grc' dir='ltr'><strong>τι,νά</strong></span> <span class='ocrx_word' id='word_1_778' title='bbox 3291 3424 3506 3498; x_wconf 80' lang='grc' dir='ltr'><strong>μακράν</strong></span> <span class='ocrx_word' id='word_1_779' title='bbox 3526 3425 3722 3495; x_wconf 73' lang='grc' dir='ltr'><strong>ἑαυτὴν</strong></span> 
     </span>
    </p>
   </div>
   <div class='ocr_carea' id='block_1_102' title="bbox 2149 3509 3720 3583">
    <p class='ocr_par' dir='ltr' id='par_1_102' title="bbox 2149 3509 3720 3583">
     <span class='ocr_line' id='line_1_103' title="bbox 2149 3509 3720 3583; baseline 0.003 -21"><span class='ocrx_word' id='word_1_780' title='bbox 2149 3509 2422 3580; x_wconf 87' lang='grc' dir='ltr'><strong>διέστησε,</strong></span> <span class='ocrx_word' id='word_1_781' title='bbox 2443 3509 2743 3579; x_wconf 79' lang='grc' dir='ltr'><strong>τηνικαῦτα</strong></span> <span class='ocrx_word' id='word_1_782' title='bbox 2769 3509 2975 3574; x_wconf 75' lang='grc' dir='ltr'><strong>λοιπὸν,</strong></span> <span class='ocrx_word' id='word_1_783' title='bbox 3009 3510 3258 3582; x_wconf 86' lang='grc' dir='ltr'><strong>καθάπερ</strong></span> <span class='ocrx_word' id='word_1_784' title='bbox 3285 3513 3342 3565; x_wconf 83' lang='grc' dir='ltr'><strong>ἐν</strong></span> <span class='ocrx_word' id='word_1_785' title='bbox 3372 3515 3562 3583; x_wconf 89' lang='grc' dir='ltr'><strong>μακρᾷ</strong></span> <span class='ocrx_word' id='word_1_786' title='bbox 3587 3514 3720 3566; x_wconf 88' lang='grc' dir='ltr'><strong>καθ-</strong></span> 
     </span>
    </p>
   </div>
   <div class='ocr_carea' id='block_1_103' title="bbox 2149 3596 3719 3672">
    <p class='ocr_par' dir='ltr' id='par_1_103' title="bbox 2149 3596 3719 3672">
     <span class='ocr_line' id='line_1_104' title="bbox 2149 3596 3719 3672; baseline 0.005 -24"><span class='ocrx_word' id='word_1_787' title='bbox 2149 3596 2379 3648; x_wconf 87' lang='grc' dir='ltr'><strong>εστῶσιν</strong></span> <span class='ocrx_word' id='word_1_788' title='bbox 2406 3597 2705 3667; x_wconf 70' lang='grc' dir='ltr'><strong>ἀποδημίᾳ,</strong></span> <span class='ocrx_word' id='word_1_789' title='bbox 2766 3598 3068 3666; x_wconf 53' lang='grc' dir='ltr'><strong>¹γράμματα</strong></span> <span class='ocrx_word' id='word_1_790' title='bbox 3120 3597 3349 3668; x_wconf 82' lang='grc' dir='ltr'><strong>πέμπει,</strong></span> <span class='ocrx_word' id='word_1_791' title='bbox 3402 3600 3590 3672; x_wconf 79' lang='grc' dir='ltr'><strong>ὥσπερ</strong></span> <span class='ocrx_word' id='word_1_792' title='bbox 3631 3601 3719 3656; x_wconf 75' lang='grc' dir='ltr'><strong>διά</strong></span> 
     </span>
    </p>
   </div>
   <div class='ocr_carea' id='block_1_104' title="bbox 2148 3685 3718 3757">
    <p class='ocr_par' dir='ltr' id='par_1_104' title="bbox 2148 3685 3718 3757">
     <span class='ocr_line' id='line_1_105' title="bbox 2148 3685 3718 3757; baseline 0.001 -19"><span class='ocrx_word' id='word_1_793' title='bbox 2148 3702 2292 3747; x_wconf 86' lang='grc' dir='ltr'><strong>τινος</strong></span> <span class='ocrx_word' id='word_1_794' title='bbox 2338 3685 2628 3754; x_wconf 78' lang='grc' dir='ltr'><strong>ἐπιστολῆς</strong></span> <span class='ocrx_word' id='word_1_795' title='bbox 2665 3685 2763 3755; x_wconf 81' lang='grc' dir='ltr'><strong>τὴν</strong></span> <span class='ocrx_word' id='word_1_796' title='bbox 2813 3685 3052 3739; x_wconf 72' lang='grc' dir='ltr'><strong>παλαιάν</strong></span> <span class='ocrx_word' id='word_1_797' title='bbox 3096 3685 3234 3757; x_wconf 82' lang='grc' dir='ltr'><strong>πρὸς</strong></span> <span class='ocrx_word' id='word_1_798' title='bbox 3272 3688 3423 3756; x_wconf 80' lang='grc' dir='ltr'><strong>ἡμᾶς</strong></span> <span class='ocrx_word' id='word_1_799' title='bbox 3462 3689 3718 3752; x_wconf 52' lang='grc' dir='ltr'><strong>ἀνανεούέ</strong></span> 
     </span>
    </p>
   </div>
   <div class='ocr_carea' id='block_1_105' title="bbox 2152 3758 3717 3846">
    <p class='ocr_par' dir='ltr' id='par_1_105' title="bbox 2152 3758 3717 3846">
     <span class='ocr_line' id='line_1_106' title="bbox 2152 3758 3717 3846; baseline 0.004 -24"><span class='ocrx_word' id='word_1_800' title='bbox 2152 3788 2311 3841; x_wconf 90' lang='grc' dir='ltr'><strong>μενος</strong></span> <span class='ocrx_word' id='word_1_801' title='bbox 2353 3770 2555 3839; x_wconf 88' lang='grc' dir='ltr'><strong>φιλίαν.</strong></span> <span class='ocrx_word' id='word_1_802' title='bbox 2584 3772 2693 3824; x_wconf 77' lang='grc' dir='ltr'><strong>Καὶ</strong></span> <span class='ocrx_word' id='word_1_803' title='bbox 2721 3772 2787 3825; x_wconf 78' lang='grc' dir='ltr'><strong>τὰ</strong></span> <span class='ocrx_word' id='word_1_804' title='bbox 2824 3772 2920 3842; x_wconf 81' lang='grc' dir='ltr'><strong>μὲν</strong></span> <span class='ocrx_word' id='word_1_805' title='bbox 2943 3775 3244 3843; x_wconf 85' lang='grc' dir='ltr'><strong>γράμματα</strong></span> <span class='ocrx_word' id='word_1_806' title='bbox 3275 3758 3447 3827; x_wconf 69' lang='grc' dir='ltr'><strong>ταῦτα</strong></span> <span class='ocrx_word' id='word_1_807' title='bbox 3475 3775 3717 3846; x_wconf 74' lang='grc' dir='ltr'><strong>ἔπεμψεν</strong></span> 
     </span>
    </p>
   </div>
   <div class='ocr_carea' id='block_1_106' title="bbox 2146 3856 3714 3932">
    <p class='ocr_par' dir='ltr' id='par_1_106' title="bbox 2146 3856 3714 3932">
     <span class='ocr_line' id='line_1_107' title="bbox 2146 3856 3714 3932; baseline 0.006 -23"><span class='ocrx_word' id='word_1_808' title='bbox 2146 3859 2174 3910; x_wconf 88' lang='lat'><strong>6</strong></span> <span class='ocrx_word' id='word_1_809' title='bbox 2195 3857 2346 3923; x_wconf 87' lang='grc' dir='ltr'><strong>Θεὸς,</strong></span> <span class='ocrx_word' id='word_1_810' title='bbox 2371 3857 2593 3928; x_wconf 83' lang='grc' dir='ltr'><strong>ἐκόμισε</strong></span> <span class='ocrx_word' id='word_1_811' title='bbox 2622 3858 2679 3910; x_wconf 83' lang='grc' dir='ltr'><strong>δὲ</strong></span> <span class='ocrx_word' id='word_1_812' title='bbox 2709 3860 2737 3910; x_wconf 89' lang='lat'><strong>6</strong></span> <span class='ocrx_word' id='word_1_813' title='bbox 2759 3859 3017 3927; x_wconf 77' lang='grc' dir='ltr'><strong>Μωῡσῆς.</strong></span> <span class='ocrx_word' id='word_1_814' title='bbox 3051 3860 3116 3911; x_wconf 88' lang='grc' dir='ltr'><strong>Τί</strong></span> <span class='ocrx_word' id='word_1_815' title='bbox 3145 3856 3236 3914; x_wconf 79' lang='grc' dir='ltr'><strong>οὖν</strong></span> <span class='ocrx_word' id='word_1_816' title='bbox 3269 3861 3414 3928; x_wconf 88' lang='grc' dir='ltr'><strong>λέγει</strong></span> <span class='ocrx_word' id='word_1_817' title='bbox 3447 3861 3516 3914; x_wconf 83' lang='grc' dir='ltr'><strong>τὰ</strong></span> <span class='ocrx_word' id='word_1_818' title='bbox 3534 3864 3714 3932; x_wconf 76' lang='grc' dir='ltr'><strong>γράμ-</strong></span> 
     </span>
    </p>
   </div>
   <div class='ocr_carea' id='block_1_107' title="bbox 2151 3943 3716 4015">
    <p class='ocr_par' dir='ltr' id='par_1_107' title="bbox 2151 3943 3716 4015">
     <span class='ocr_line' id='line_1_108' title="bbox 2151 3943 3716 4015; baseline 0.003 -19"><span class='ocrx_word' id='word_1_819' title='bbox 2151 3960 2326 4014; x_wconf 88' lang='grc' dir='ltr'><strong>ματα;</strong></span> <span class='ocrx_word' id='word_1_820' title='bbox 2365 3944 2467 3997; x_wconf 82' lang='grc' dir='ltr'><em>Ἑν</em></span> <span class='ocrx_word' id='word_1_821' title='bbox 2503 3943 2663 4013; x_wconf 77' lang='grc' dir='ltr'><strong>ἀρχῇ</strong></span> <span class='ocrx_word' id='word_1_822' title='bbox 2710 3945 3001 4012; x_wconf 78' lang='grc' dir='ltr'><strong>ἐποίησεν</strong></span> <span class='ocrx_word' id='word_1_823' title='bbox 3039 3949 3070 3999; x_wconf 87' lang='grc' dir='ltr'><em>ὁ</em></span> <span class='ocrx_word' id='word_1_824' title='bbox 3121 3946 3268 4012; x_wconf 83' lang='grc' dir='ltr'><strong>Θεὸς</strong></span> <span class='ocrx_word' id='word_1_825' title='bbox 3304 3947 3411 4000; x_wconf 80' lang='grc' dir='ltr'><strong>τὸν</strong></span> <span class='ocrx_word' id='word_1_826' title='bbox 3454 3948 3716 4015; x_wconf 60' lang='grc' dir='ltr'><strong>οἰιρανὸν</strong></span> 
     </span>
    </p>
   </div>
   <div class='ocr_carea' id='block_1_108' title="bbox 2146 4027 3714 4102">
    <p class='ocr_par' dir='ltr' id='par_1_108' title="bbox 2146 4027 3714 4102">
     <span class='ocr_line' id='line_1_109' title="bbox 2146 4027 3714 4102; baseline 0.001 -20"><span class='ocrx_word' id='word_1_827' title='bbox 2146 4029 2244 4082; x_wconf 74' lang='grc' dir='ltr'><strong>καὶ</strong></span> <span class='ocrx_word' id='word_1_828' title='bbox 2264 4027 2378 4096; x_wconf 67' lang='grc' dir='ltr'><strong>τὴν</strong></span> <span class='ocrx_word' id='word_1_829' title='bbox 2401 4028 2536 4097; x_wconf 62' lang='grc' dir='ltr'><strong>γῆν.</strong></span> <span class='ocrx_word' id='word_1_830' title='bbox 2559 4031 2714 4092; x_wconf 86' lang='grc' dir='ltr'><strong>Τίνος</strong></span> <span class='ocrx_word' id='word_1_831' title='bbox 2731 4029 2916 4082; x_wconf 75' lang='grc' dir='ltr'><strong>ἕνεκεν</strong></span> <span class='ocrx_word' id='word_1_832' title='bbox 2943 4031 3002 4082; x_wconf 93' lang='grc' dir='ltr'><strong>οὑ</strong></span> <span class='ocrx_word' id='word_1_833' title='bbox 3031 4031 3154 4102; x_wconf 76' lang='grc' dir='ltr'><strong>περὶ</strong></span> <span class='ocrx_word' id='word_1_834' title='bbox 3177 4032 3285 4084; x_wconf 91' lang='grc' dir='ltr'><strong>τῶν</strong></span> <span class='ocrx_word' id='word_1_835' title='bbox 3311 4031 3558 4098; x_wconf 89' lang='grc' dir='ltr'><strong>ἀγγέλων</strong></span> <span class='ocrx_word' id='word_1_836' title='bbox 3585 4034 3714 4102; x_wconf 82' lang='grc' dir='ltr'><strong>ἡμῖν</strong></span> 
     </span>
    </p>
   </div>
   <div class='ocr_carea' id='block_1_109' title="bbox 2143 4115 3712 4188">
    <p class='ocr_par' dir='ltr' id='par_1_109' title="bbox 2143 4115 3712 4188">
     <span class='ocr_line' id='line_1_110' title="bbox 2143 4115 3712 4188; baseline 0.002 -21"><span class='ocrx_word' id='word_1_837' title='bbox 2143 4115 2470 4184; x_wconf 86' lang='grc' dir='ltr'><strong>διαλέγεται,</strong></span> <span class='ocrx_word' id='word_1_838' title='bbox 2505 4117 2568 4168; x_wconf 86' lang='grc' dir='ltr'><strong>οὑ</strong></span> <span class='ocrx_word' id='word_1_839' title='bbox 2611 4116 2739 4186; x_wconf 78' lang='grc' dir='ltr'><strong>περὶ</strong></span> <span class='ocrx_word' id='word_1_840' title='bbox 2770 4116 2878 4168; x_wconf 87' lang='grc' dir='ltr'><strong>τῶν</strong></span> <span class='ocrx_word' id='word_1_841' title='bbox 2931 4117 3318 4187; x_wconf 90' lang='grc' dir='ltr'><strong>ἀρχαγγέλων;</strong></span> <span class='ocrx_word' id='word_1_842' title='bbox 3358 4118 3422 4171; x_wconf 88' lang='grc' dir='ltr'>Εἰ</span> <span class='ocrx_word' id='word_1_843' title='bbox 3455 4117 3562 4188; x_wconf 85' lang='grc' dir='ltr'><strong>γὰρ</strong></span> <span class='ocrx_word' id='word_1_844' title='bbox 3606 4119 3712 4176; x_wconf 75' lang='grc' dir='ltr'><strong>ἀπὸ</strong></span> 
     </span>
    </p>
   </div>
   <div class='ocr_carea' id='block_1_110' title="bbox 2143 4203 3714 4276">
    <p class='ocr_par' dir='ltr' id='par_1_110' title="bbox 2143 4203 3714 4276">
     <span class='ocr_line' id='line_1_111' title="bbox 2143 4203 3714 4276; baseline 0.003 -21"><span class='ocrx_word' id='word_1_845' title='bbox 2143 4203 2250 4255; x_wconf 90' lang='grc' dir='ltr'><strong>τῶν</strong></span> <span class='ocrx_word' id='word_1_846' title='bbox 2281 4204 2593 4273; x_wconf 85' lang='grc' dir='ltr'><strong>κτισμάτων</strong></span> <span class='ocrx_word' id='word_1_847' title='bbox 2626 4204 2655 4255; x_wconf 89' lang='lat'><strong>6</strong></span> <span class='ocrx_word' id='word_1_848' title='bbox 2683 4203 3012 4274; x_wconf 85' lang='grc' dir='ltr'><strong>δημιουργὸς</strong></span> <span class='ocrx_word' id='word_1_849' title='bbox 3039 4203 3340 4275; x_wconf 87' lang='grc' dir='ltr'><strong>θεωρεῖται,</strong></span> <span class='ocrx_word' id='word_1_850' title='bbox 3372 4203 3549 4276; x_wconf 89' lang='grc' dir='ltr'><strong>πολλῷ</strong></span> <span class='ocrx_word' id='word_1_851' title='bbox 3579 4206 3714 4275; x_wconf 80' lang='grc' dir='ltr'><strong>μᾶλ-</strong></span> 
     </span>
    </p>
   </div>
   <div class='ocr_carea' id='block_1_111' title="bbox 2142 4289 3712 4362">
    <p class='ocr_par' dir='ltr' id='par_1_111' title="bbox 2142 4289 3712 4362">
     <span class='ocr_line' id='line_1_112' title="bbox 2142 4289 3712 4362; baseline 0.001 -20"><span class='ocrx_word' id='word_1_852' title='bbox 2142 4289 2232 4342; x_wconf 85' lang='grc' dir='ltr'><strong>λον</strong></span> <span class='ocrx_word' id='word_1_853' title='bbox 2257 4291 2352 4343; x_wconf 91' lang='grc' dir='ltr'><strong>ἀπ’</strong></span> <span class='ocrx_word' id='word_1_854' title='bbox 2375 4289 2599 4342; x_wconf 85' lang='grc' dir='ltr'><strong>ἐκείνων</strong></span> <span class='ocrx_word' id='word_1_855' title='bbox 2634 4291 2902 4359; x_wconf 86' lang='grc' dir='ltr'><strong>φαίνεται.</strong></span> <span class='ocrx_word' id='word_1_856' title='bbox 2939 4291 3118 4354; x_wconf 82' lang='grc' dir='ltr'><strong>Καλὸς</strong></span> <span class='ocrx_word' id='word_1_857' title='bbox 3146 4293 3174 4343; x_wconf 89' lang='lat'><strong>6</strong></span> <span class='ocrx_word' id='word_1_858' title='bbox 3200 4291 3448 4362; x_wconf 75' lang='grc' dir='ltr'><strong>οὐρανὸς,</strong></span> <span class='ocrx_word' id='word_1_859' title='bbox 3469 4291 3584 4346; x_wconf 83' lang='grc' dir='ltr'><strong>ἀλλ’</strong></span> <span class='ocrx_word' id='word_1_860' title='bbox 3612 4292 3712 4361; x_wconf 89' lang='grc' dir='ltr'><strong>οὑχ</strong></span> 
     </span>
    </p>
   </div>
   <div class='ocr_carea' id='block_1_112' title="bbox 2140 4377 3712 4459">
    <p class='ocr_par' dir='ltr' id='par_1_112' title="bbox 2140 4377 3712 4459">
     <span class='ocr_line' id='line_1_113' title="bbox 2140 4377 3712 4459; baseline 0.001 -29"><span class='ocrx_word' id='word_1_861' title='bbox 2140 4377 2283 4431; x_wconf 71' lang='grc' dir='ltr'><strong>οὕτω</strong></span> <span class='ocrx_word' id='word_1_862' title='bbox 2308 4377 2492 4440; x_wconf 82' lang='grc' dir='ltr'><strong>καλὸς,</strong></span> <span class='ocrx_word' id='word_1_863' title='bbox 2519 4378 2594 4442; x_wconf 81' lang='grc' dir='ltr'><strong>ὡς</strong></span> <span class='ocrx_word' id='word_1_864' title='bbox 2633 4378 2887 4447; x_wconf 79' lang='grc' dir='ltr'><strong>ἀγγελος’</strong></span> <span class='ocrx_word' id='word_1_865' title='bbox 2937 4379 3158 4456; x_wconf 82' lang='grc' dir='ltr'><strong>φαιδρὸς</strong></span> <span class='ocrx_word' id='word_1_866' title='bbox 3201 4381 3230 4432; x_wconf 91' lang='lat'><strong>6</strong></span> <span class='ocrx_word' id='word_1_867' title='bbox 3266 4379 3436 4450; x_wconf 78' lang='grc' dir='ltr'><strong>ἥλιος,</strong></span> <span class='ocrx_word' id='word_1_868' title='bbox 3464 4379 3578 4434; x_wconf 78' lang='grc' dir='ltr'><strong>ἀλλ’</strong></span> <span class='ocrx_word' id='word_1_869' title='bbox 3617 4379 3712 4459; x_wconf 71' lang='grc' dir='ltr'><strong>οὐχ</strong></span> 
     </span>
    </p>
   </div>
   <div class='ocr_carea' id='block_1_113' title="bbox 2141 4466 3709 4539">
    <p class='ocr_par' dir='ltr' id='par_1_113' title="bbox 2141 4466 3709 4539">
     <span class='ocr_line' id='line_1_114' title="bbox 2141 4466 3709 4539; baseline 0.001 -20"><span class='ocrx_word' id='word_1_870' title='bbox 2141 4466 2282 4519; x_wconf 77' lang='grc' dir='ltr'><strong>οὕτω</strong></span> <span class='ocrx_word' id='word_1_871' title='bbox 2311 4467 2554 4537; x_wconf 78' lang='grc' dir='ltr'><strong>φαιδρὸς,</strong></span> <span class='ocrx_word' id='word_1_872' title='bbox 2583 4467 2658 4531; x_wconf 84' lang='grc' dir='ltr'><strong>ὡς</strong></span> <span class='ocrx_word' id='word_1_873' title='bbox 2684 4471 2712 4522; x_wconf 91' lang='lat'><strong>6</strong></span> <span class='ocrx_word' id='word_1_874' title='bbox 2734 4469 3091 4539; x_wconf 88' lang='grc' dir='ltr'><strong>ἀρχάγγελος.</strong></span> <span class='ocrx_word' id='word_1_875' title='bbox 3114 4469 3267 4533; x_wconf 90' lang='grc' dir='ltr'><strong>Τίνος</strong></span> <span class='ocrx_word' id='word_1_876' title='bbox 3287 4467 3379 4523; x_wconf 74' lang='grc' dir='ltr'><strong>οὗν</strong></span> <span class='ocrx_word' id='word_1_877' title='bbox 3402 4470 3587 4523; x_wconf 75' lang='grc' dir='ltr'><strong>ἕνεκεν</strong></span> <span class='ocrx_word' id='word_1_878' title='bbox 3613 4469 3709 4538; x_wconf 83' lang='grc' dir='ltr'><strong>τὴν</strong></span> 
     </span>
    </p>
   </div>
   <div class='ocr_carea' id='block_1_114' title="bbox 2143 4554 3708 4626">
    <p class='ocr_par' dir='ltr' id='par_1_114' title="bbox 2143 4554 3708 4626">
     <span class='ocr_line' id='line_1_115' title="bbox 2143 4554 3708 4626; baseline 0 -18"><span class='ocrx_word' id='word_1_879' title='bbox 2143 4554 2478 4626; x_wconf 76' lang='grc' dir='ltr'><strong>ὑψηλοτέραν</strong></span> <span class='ocrx_word' id='word_1_880' title='bbox 2519 4555 2676 4624; x_wconf 76' lang='grc' dir='ltr'><strong>ἀφεὶς</strong></span> <span class='ocrx_word' id='word_1_881' title='bbox 2718 4555 2852 4623; x_wconf 76' lang='grc' dir='ltr'><strong>ὁδὸν,</strong></span> <span class='ocrx_word' id='word_1_882' title='bbox 2880 4556 2973 4610; x_wconf 79' lang='grc' dir='ltr'><strong>διὰ</strong></span> <span class='ocrx_word' id='word_1_883' title='bbox 3008 4557 3108 4626; x_wconf 86' lang='grc' dir='ltr'><strong>τῆς</strong></span> <span class='ocrx_word' id='word_1_884' title='bbox 3145 4556 3526 4625; x_wconf 80' lang='grc' dir='ltr'><strong>ταπεινοτέρας</strong></span> <span class='ocrx_word' id='word_1_885' title='bbox 3563 4558 3708 4626; x_wconf 77' lang='grc' dir='ltr'><strong>ἡμᾶς</strong></span> 
     </span>
    </p>
   </div>
   <div class='ocr_carea' id='block_1_115' title="bbox 2139 4641 3708 4712">
    <p class='ocr_par' dir='ltr' id='par_1_115' title="bbox 2139 4641 3708 4712">
     <span class='ocr_line' id='line_1_116' title="bbox 2139 4641 3708 4712; baseline 0 -18"><span class='ocrx_word' id='word_1_886' title='bbox 2139 4643 2350 4712; x_wconf 84' lang='grc' dir='ltr'><strong>όδηγεῖ;</strong></span> <span class='ocrx_word' id='word_1_887' title='bbox 2387 4641 2510 4694; x_wconf 80' lang='grc' dir='ltr'><strong>Ὀτι</strong></span> <span class='ocrx_word' id='word_1_888' title='bbox 2544 4641 2816 4707; x_wconf 84' lang='grc' dir='ltr'><strong>Ἰουδαίοις</strong></span> <span class='ocrx_word' id='word_1_889' title='bbox 2857 4643 3158 4711; x_wconf 82' lang='grc' dir='ltr'><strong>διαλέγεται</strong></span> <span class='ocrx_word' id='word_1_890' title='bbox 3179 4685 3193 4709; x_wconf 92' lang='grc'><strong>,</strong></span> <span class='ocrx_word' id='word_1_891' title='bbox 3223 4645 3336 4706; x_wconf 86' lang='grc' dir='ltr'><strong>τοῖς</strong></span> <span class='ocrx_word' id='word_1_892' title='bbox 3374 4642 3708 4712; x_wconf 74' lang='grc' dir='ltr'><strong>ἀλογώτερον</strong></span> 
     </span>
    </p>
   </div>
   <div class='ocr_carea' id='block_1_116' title="bbox 2138 4727 3708 4801">
    <p class='ocr_par' dir='ltr' id='par_1_116' title="bbox 2138 4727 3708 4801">
     <span class='ocr_line' id='line_1_117' title="bbox 2138 4727 3708 4801; baseline 0.001 -21"><span class='ocrx_word' id='word_1_893' title='bbox 2138 4727 2522 4798; x_wconf 85' lang='grc' dir='ltr'><strong>διακειμένοις,</strong></span> <span class='ocrx_word' id='word_1_894' title='bbox 2540 4730 2652 4792; x_wconf 88' lang='grc' dir='ltr'><strong>τοῖς</strong></span> <span class='ocrx_word' id='word_1_895' title='bbox 2683 4729 2820 4800; x_wconf 77' lang='grc' dir='ltr'><strong>πρὸς</strong></span> <span class='ocrx_word' id='word_1_896' title='bbox 2846 4729 2912 4782; x_wconf 89' lang='grc' dir='ltr'><strong>τά</strong></span> <span class='ocrx_word' id='word_1_897' title='bbox 2939 4729 3172 4801; x_wconf 82' lang='grc' dir='ltr'><strong>αἰσθητά</strong></span> <span class='ocrx_word' id='word_1_898' title='bbox 3195 4729 3568 4800; x_wconf 82' lang='grc' dir='ltr'><strong>ἐπτοημένοις,</strong></span> <span class='ocrx_word' id='word_1_899' title='bbox 3593 4732 3708 4792; x_wconf 89' lang='grc' dir='ltr'><strong>τοῖς</strong></span> 
     </span>
    </p>
   </div>
   <div class='ocr_carea' id='block_1_117' title="bbox 2138 4815 3707 4888">
    <p class='ocr_par' dir='ltr' id='par_1_117' title="bbox 2138 4815 3707 4888">
     <span class='ocr_line' id='line_1_118' title="bbox 2138 4815 3707 4888; baseline 0.001 -22"><span class='ocrx_word' id='word_1_900' title='bbox 2138 4815 2200 4880; x_wconf 78' lang='grc' dir='ltr'><strong>ἐξ</strong></span> <span class='ocrx_word' id='word_1_901' title='bbox 2219 4815 2490 4884; x_wconf 85' lang='grc' dir='ltr'><strong>Αἰγύπτου</strong></span> <span class='ocrx_word' id='word_1_902' title='bbox 2515 4815 2664 4888; x_wconf 70' lang='grc' dir='ltr'><strong>[σι-ι]</strong></span> <span class='ocrx_word' id='word_1_903' title='bbox 2691 4815 2786 4869; x_wconf 78' lang='grc' dir='ltr'><strong>νῦν</strong></span> <span class='ocrx_word' id='word_1_904' title='bbox 2814 4816 3145 4880; x_wconf 79' lang='grc' dir='ltr'><strong>ἐπανιοῦσιν,</strong></span> <span class='ocrx_word' id='word_1_905' title='bbox 3180 4815 3308 4870; x_wconf 76' lang='grc' dir='ltr'><strong>ἔνθα</strong></span> <span class='ocrx_word' id='word_1_906' title='bbox 3335 4815 3707 4887; x_wconf 88' lang='grc' dir='ltr'><strong>κροκοδείλους</strong></span> 
     </span>
    </p>
   </div>
   <div class='ocr_carea' id='block_1_118' title="bbox 2138 4903 3701 4974">
    <p class='ocr_par' dir='ltr' id='par_1_118' title="bbox 2138 4903 3701 4974">
     <span class='ocr_line' id='line_1_119' title="bbox 2138 4903 3701 4974; baseline -0.001 -18"><span class='ocrx_word' id='word_1_907' title='bbox 2138 4903 2230 4956; x_wconf 73' lang='grc' dir='ltr'><strong>καὶ</strong></span> <span class='ocrx_word' id='word_1_908' title='bbox 2277 4903 2445 4966; x_wconf 82' lang='grc' dir='ltr'><strong>κύνας</strong></span> <span class='ocrx_word' id='word_1_909' title='bbox 2493 4904 2586 4956; x_wconf 72' lang='grc' dir='ltr'><strong>καὶ</strong></span> <span class='ocrx_word' id='word_1_910' title='bbox 2625 4903 2888 4970; x_wconf 72' lang='grc' dir='ltr'><strong>πιθήκους</strong></span> <span class='ocrx_word' id='word_1_911' title='bbox 2925 4903 3255 4974; x_wconf 83' lang='grc' dir='ltr'><strong>ἐθεράπευον</strong></span> <span class='ocrx_word' id='word_1_912' title='bbox 3294 4904 3343 4956; x_wconf 83' lang='grc' dir='ltr'><strong>οί</strong></span> <span class='ocrx_word' id='word_1_913' title='bbox 3393 4903 3701 4974; x_wconf 70' lang='grc' dir='ltr'><strong>ἀνθρωττοι·</strong></span> 
     </span>
    </p>
   </div>
   <div class='ocr_carea' id='block_1_119' title="bbox 2137 4989 3704 5059">
    <p class='ocr_par' dir='ltr' id='par_1_119' title="bbox 2137 4989 3704 5059">
     <span class='ocr_line' id='line_1_120' title="bbox 2137 4989 3704 5059; baseline -0.001 -17"><span class='ocrx_word' id='word_1_914' title='bbox 2137 4990 2230 5043; x_wconf 77' lang='grc' dir='ltr'><strong>καὶ</strong></span> <span class='ocrx_word' id='word_1_915' title='bbox 2258 4989 2357 5043; x_wconf 77' lang='grc' dir='ltr'><strong>οὑκ</strong></span> <span class='ocrx_word' id='word_1_916' title='bbox 2390 4989 2520 5059; x_wconf 84' lang='grc' dir='ltr'><strong>ἐνῆν</strong></span> <span class='ocrx_word' id='word_1_917' title='bbox 2545 4989 2633 5042; x_wconf 73' lang='grc' dir='ltr'><strong>διά</strong></span> <span class='ocrx_word' id='word_1_918' title='bbox 2662 4993 2762 5059; x_wconf 81' lang='grc' dir='ltr'><strong>τῆς</strong></span> <span class='ocrx_word' id='word_1_919' title='bbox 2799 4989 3137 5059; x_wconf 75' lang='grc' dir='ltr'><strong>ὑψηλοτέρας</strong></span> <span class='ocrx_word' id='word_1_920' title='bbox 3186 4990 3383 5053; x_wconf 78' lang='grc' dir='ltr'><strong>αὑτοὺς</strong></span> <span class='ocrx_word' id='word_1_921' title='bbox 3407 4989 3524 5043; x_wconf 81' lang='lat'><em>6606</em></span> <span class='ocrx_word' id='word_1_922' title='bbox 3556 5005 3704 5059; x_wconf 86' lang='grc' dir='ltr'><strong>χειρ-</strong></span> 
     </span>
    </p>
   </div>
   <div class='ocr_carea' id='block_1_120' title="bbox 2135 5076 3711 5149">
    <p class='ocr_par' dir='ltr' id='par_1_120' title="bbox 2135 5076 3711 5149">
     <span class='ocr_line' id='line_1_121' title="bbox 2135 5076 3711 5149; baseline -0.001 -19"><span class='ocrx_word' id='word_1_923' title='bbox 2135 5078 2423 5146; x_wconf 82' lang='grc' dir='ltr'><strong>αγωγῆσαι</strong></span> <span class='ocrx_word' id='word_1_924' title='bbox 2447 5076 2581 5149; x_wconf 70' lang='grc' dir='ltr'><strong>πρὸς</strong></span> <span class='ocrx_word' id='word_1_925' title='bbox 2615 5076 2705 5130; x_wconf 87' lang='grc' dir='ltr'><strong>τὸν</strong></span> <span class='ocrx_word' id='word_1_926' title='bbox 2735 5077 3085 5148; x_wconf 86' lang='grc' dir='ltr'><strong>δημιουργόν.</strong></span> <span class='ocrx_word' id='word_1_927' title='bbox 3104 5076 3438 5147; x_wconf 71' lang='grc' dir='ltr'><strong>Ὑψηλοτέρα</strong></span> <span class='ocrx_word' id='word_1_928' title='bbox 3472 5077 3568 5146; x_wconf 85' lang='grc' dir='ltr'><strong>μὲν</strong></span> <span class='ocrx_word' id='word_1_929' title='bbox 3597 5077 3711 5146; x_wconf 83' lang='grc' dir='ltr'><strong>γάρ,</strong></span> 
     </span>
    </p>
   </div>
   <div class='ocr_carea' id='block_1_121' title="bbox 2134 5149 3701 5235">
    <p class='ocr_par' dir='ltr' id='par_1_121' title="bbox 2134 5149 3701 5235">
     <span class='ocr_line' id='line_1_122' title="bbox 2134 5149 3701 5235; baseline 0.001 -19"><span class='ocrx_word' id='word_1_930' title='bbox 2134 5165 2249 5227; x_wconf 88' lang='grc' dir='ltr'><strong>ὁδός</strong></span> <span class='ocrx_word' id='word_1_931' title='bbox 2281 5167 2425 5218; x_wconf 78' lang='grc' dir='ltr'><strong>ἐστιν</strong></span> <span class='ocrx_word' id='word_1_932' title='bbox 2464 5149 2666 5234; x_wconf 82' lang='grc' dir='ltr'><strong>ἐκείνη,</strong></span> <span class='ocrx_word' id='word_1_933' title='bbox 2710 5164 2844 5218; x_wconf 78' lang='grc' dir='ltr'><strong>ἀλλὰ</strong></span> <span class='ocrx_word' id='word_1_934' title='bbox 2885 5155 3218 5235; x_wconf 81' lang='grc' dir='ltr'><strong>τραχυτέρα,</strong></span> <span class='ocrx_word' id='word_1_935' title='bbox 3250 5166 3344 5218; x_wconf 78' lang='grc' dir='ltr'><strong>καὶ</strong></span> <span class='ocrx_word' id='word_1_936' title='bbox 3374 5164 3701 5235; x_wconf 86' lang='grc' dir='ltr'><strong>προσάντης,</strong></span> 
     </span>
    </p>
   </div>
   <div class='ocr_carea' id='block_1_122' title="bbox 2135 5249 3706 5324">
    <p class='ocr_par' dir='ltr' id='par_1_122' title="bbox 2135 5249 3706 5324">
     <span class='ocr_line' id='line_1_123' title="bbox 2135 5249 3706 5324; baseline -0.001 -20"><span class='ocrx_word' id='word_1_937' title='bbox 2135 5253 2229 5305; x_wconf 73' lang='grc' dir='ltr'><strong>καὶ</strong></span> <span class='ocrx_word' id='word_1_938' title='bbox 2258 5251 2454 5322; x_wconf 80' lang='grc' dir='ltr'><strong>μᾶλλον</strong></span> <span class='ocrx_word' id='word_1_939' title='bbox 2487 5251 2668 5321; x_wconf 82' lang='grc' dir='ltr'><strong>δρθιος</strong></span> <span class='ocrx_word' id='word_1_940' title='bbox 2694 5252 2807 5314; x_wconf 88' lang='grc' dir='ltr'><strong>τοῖς</strong></span> <span class='ocrx_word' id='word_1_941' title='bbox 2836 5251 3259 5324; x_wconf 82' lang='grc' dir='ltr'><strong>ἀσθενεστέροις.</strong></span> <span class='ocrx_word' id='word_1_942' title='bbox 3282 5250 3380 5304; x_wconf 87' lang='grc' dir='ltr'><strong>Διὰ</strong></span> <span class='ocrx_word' id='word_1_943' title='bbox 3417 5249 3573 5303; x_wconf 80' lang='grc' dir='ltr'><strong>τοῦτο</strong></span> <span class='ocrx_word' id='word_1_944' title='bbox 3606 5249 3706 5303; x_wconf 77' lang='lat'><em>66.-</em></span> 
     </span>
    </p>
   </div>
   <div class='ocr_carea' id='block_1_123' title="bbox 2133 5337 3703 5411">
    <p class='ocr_par' dir='ltr' id='par_1_123' title="bbox 2133 5337 3703 5411">
     <span class='ocr_line' id='line_1_124' title="bbox 2133 5337 3703 5411; baseline -0.002 -19"><span class='ocrx_word' id='word_1_945' title='bbox 2133 5340 2258 5403; x_wconf 77' lang='grc' dir='ltr'><strong>τοὺς</strong></span> <span class='ocrx_word' id='word_1_946' title='bbox 2285 5338 2372 5393; x_wconf 88' lang='grc' dir='ltr'><strong>διά</strong></span> <span class='ocrx_word' id='word_1_947' title='bbox 2411 5339 2511 5408; x_wconf 81' lang='grc' dir='ltr'><strong>τῆς</strong></span> <span class='ocrx_word' id='word_1_948' title='bbox 2537 5337 2907 5406; x_wconf 88' lang='grc' dir='ltr'><strong>εὑκολωτέρας</strong></span> <span class='ocrx_word' id='word_1_949' title='bbox 2940 5338 3083 5408; x_wconf 83' lang='grc' dir='ltr'><strong>ἄγει,</strong></span> <span class='ocrx_word' id='word_1_950' title='bbox 3116 5340 3183 5392; x_wconf 89' lang='grc' dir='ltr'><strong>δι’</strong></span> <span class='ocrx_word' id='word_1_951' title='bbox 3211 5337 3438 5411; x_wconf 80' lang='grc' dir='ltr'><strong>οὐρανοῦ</strong></span> <span class='ocrx_word' id='word_1_952' title='bbox 3473 5339 3565 5391; x_wconf 81' lang='grc' dir='ltr'><strong>καὶ</strong></span> <span class='ocrx_word' id='word_1_953' title='bbox 3600 5337 3703 5410; x_wconf 82' lang='grc' dir='ltr'><strong>γῆς</strong></span> 
     </span>
    </p>
   </div>
   <div class='ocr_carea' id='block_1_124' title="bbox 2133 5423 3707 5497">
    <p class='ocr_par' dir='ltr' id='par_1_124' title="bbox 2133 5423 3707 5497">
     <span class='ocr_line' id='line_1_125' title="bbox 2133 5423 3707 5497; baseline -0.001 -17"><span class='ocrx_word' id='word_1_954' title='bbox 2133 5427 2228 5480; x_wconf 76' lang='grc' dir='ltr'><strong>καὶ</strong></span> <span class='ocrx_word' id='word_1_955' title='bbox 2259 5427 2558 5496; x_wconf 85' lang='grc' dir='ltr'><strong>θαλάττης,</strong></span> <span class='ocrx_word' id='word_1_956' title='bbox 2593 5426 2688 5479; x_wconf 78' lang='grc' dir='ltr'><strong>καὶ</strong></span> <span class='ocrx_word' id='word_1_957' title='bbox 2730 5426 2827 5494; x_wconf 82' lang='grc' dir='ltr'><strong>τῆς</strong></span> <span class='ocrx_word' id='word_1_958' title='bbox 2864 5426 3146 5497; x_wconf 83' lang='grc' dir='ltr'><strong>ὁρωμένης</strong></span> <span class='ocrx_word' id='word_1_959' title='bbox 3199 5426 3428 5488; x_wconf 90' lang='grc' dir='ltr'><strong>κτίσεως</strong></span> <span class='ocrx_word' id='word_1_960' title='bbox 3461 5423 3707 5490; x_wconf 58' lang='grc' dir='ltr'><strong>ἀπάσης.</strong></span> 
     </span>
    </p>
   </div>
   <div class='ocr_carea' id='block_1_125' title="bbox 2135 5511 3710 5594">
    <p class='ocr_par' dir='ltr' id='par_1_125' title="bbox 2135 5511 3710 5594">
     <span class='ocr_line' id='line_1_126' title="bbox 2135 5511 3710 5594; baseline -0.006 -24"><span class='ocrx_word' id='word_1_961' title='bbox 2135 5513 2257 5571; x_wconf 86' lang='grc' dir='ltr'><strong>Ὀτι</strong></span> <span class='ocrx_word' id='word_1_962' title='bbox 2285 5514 2383 5582; x_wconf 85' lang='grc' dir='ltr'><strong>μὲν</strong></span> <span class='ocrx_word' id='word_1_963' title='bbox 2415 5514 2524 5594; x_wconf 79' lang='grc' dir='ltr'><strong>γᾲρ</strong></span> <span class='ocrx_word' id='word_1_964' title='bbox 2555 5512 2715 5572; x_wconf 81' lang='grc' dir='ltr'><strong>τοῦτο</strong></span> <span class='ocrx_word' id='word_1_965' title='bbox 2751 5513 2813 5568; x_wconf 87' lang='grc' dir='ltr'><strong>τὸ</strong></span> <span class='ocrx_word' id='word_1_966' title='bbox 2843 5514 3030 5580; x_wconf 80' lang='grc' dir='ltr'><strong>αἴτιον,</strong></span> <span class='ocrx_word' id='word_1_967' title='bbox 3061 5514 3148 5566; x_wconf 84' lang='grc' dir='ltr'><strong>ὅτε</strong></span> <span class='ocrx_word' id='word_1_968' title='bbox 3175 5514 3380 5584; x_wconf 69' lang='grc' dir='ltr'><strong>μικρὸν,</strong></span> <span class='ocrx_word' id='word_1_969' title='bbox 3400 5511 3710 5574; x_wconf 65' lang='grc' dir='ltr'><strong>ἐπέδωκαν,</strong></span> 
     </span>
    </p>
   </div>
   <div class='ocr_carea' id='block_1_126' title="bbox 2195 5707 2596 5771">
    <p class='ocr_par' dir='ltr' id='par_1_126' title="bbox 2195 5707 2596 5771">
     <span class='ocr_line' id='line_1_127' title="bbox 2195 5707 2596 5771; baseline -0.002 -14"><span class='ocrx_word' id='word_1_970' title='bbox 2195 5710 2218 5740; x_wconf 71' lang='grc' dir='ltr'><strong>ε</strong></span> <span class='ocrx_word' id='word_1_971' title='bbox 2247 5707 2355 5771; x_wconf 74' lang='lat' dir='ltr'><strong>Reg</strong></span> <span class='ocrx_word' id='word_1_972' title='bbox 2396 5707 2596 5771; x_wconf 77' lang='grc' dir='ltr'><strong>πρῶτος.</strong></span> 
     </span>
    </p>
   </div>
   <div class='ocr_carea' id='block_1_127' title="bbox 2440 5851 2520 5872">
    <p class='ocr_par' dir='ltr' id='par_1_127' title="bbox 2440 5851 2520 5872">
     <span class='ocr_line' id='line_1_128' title="bbox 2440 5851 2520 5872; baseline -0.013 -8"><span class='ocrx_word' id='word_1_973' title='bbox 2440 5851 2520 5872; x_wconf 42' lang='grc' dir='ltr'><strong>βίον</strong></span> 
     </span>
    </p>
   </div>
  </div>
