4146 6260
362 380 459 438 581

874 487 1102 548 δεξιΜο
1152 484 1427 553 PRIMUS,

370 626 591 683 Habitus
618 618 671 680 in
714 624 963 696 principio
1003 618 1419 691 Quadragesimte
1458 618 1512 670 in
1538 615 1689 681 illud,
1722 614 1777 668 ln
1807 613 1951 682 prino

436 716 579 788 cipio
608 715 732 771 fecit
765 713 903 768 Deus
939 711 1129 767 caelum
1157 717 1213 764 et
1250 717 1443 763 terram
1468 704 1617 777 (Cen.
1673 706 1723 759 1.
1756 704 1848 774 l);
1892 717 1951 754 ac

439 808 503 862 de
518 806 718 880 jejunio
747 813 793 859 et
821 804 1134 872 elecmosyna
1166 800 1262 872 (a).

447 938 503 992 1.
530 936 798 1009 Jejunium
840 933 944 989 ueri
971 940 1314 1003 comparatur.
1361 958 1433 970 —-
1455 926 1758 983 iucundum
1782 925 1956 979 nautis

370 1037 456 1086 est
473 1044 568 1085 ver
594 1068 615 1096 ,
632 1025 925 1097 jucundum
956 1023 1237 1095 agricolis;
1262 1021 1358 1077 sed
1386 1034 1559 1091 neque
1585 1018 1759 1073 nautis
1786 1029 1959 1085 neque

372 1117 618 1190 agricolis
639 1117 710 1172 ita
734 1114 1025 1186 jucundum
1050 1128 1144 1168 ver
1179 1121 1283 1179 est,
1306 1120 1366 1166 ut
1388 1109 1688 1166 volentibus
1717 1106 1957 1176 philoso-

376 1210 528 1281 phari
565 1209 858 1280 jucundum
903 1218 986 1263 est
1022 1205 1209 1277 jejunii
1260 1212 1492 1273 tempus,
1529 1200 1827 1256 animarum
1868 1211 1962 1253 ver

374 1302 650 1372 spirituale
674 1341 693 1367 ,
745 1299 1126 1369 cogitationum
1173 1313 1298 1352 vera
1344 1292 1767 1363 tranquillitas‘.
1825 1288 1957 1343 Nam

375 1392 624 1464 agricolis
650 1406 744 1447 ver
793 1390 914 1446 ideo
934 1388 1228 1460 jucundum
1270 1394 1374 1451 est,
1427 1385 1549 1454 quia
1581 1392 1706 1437 tunc
1733 1394 1961 1435 corona-

378 1494 488 1539 tam
508 1484 690 1553 vident
718 1481 938 1537 ﬂoribus
966 1491 1158 1535 terram
1187 1520 1201 1542 ,
1226 1488 1280 1533 et
1310 1476 1594 1533 herbarum
1631 1471 1801 1528 comis
1823 1470 1967 1525 velut

378 1574 574 1628 amictu
605 1571 840 1642 undique
862 1579 1107 1626 ornatam
1138 1585 1151 1621 ε
1183 1568 1356 1622 nautis
1378 1568 1503 1621 item
1532 1579 1628 1619 ver
1650 1561 1963 1633 jucundum,

379 1664 501 1733 quia
533 1662 757 1717 marium
794 1662 949 1716 dorsa
978 1669 1091 1714 tuto
1120 1665 1340 1727 possunt
1369 1654 1592 1710 navibus
1620 1653 1848 1713 sulcare,
1879 1663 1966 1703 se-

380 1754 519 1808 datis
545 1768 738 1823 nempe
762 1751 1025 1817 lluctibus,
1052 1750 1316 1819 delphinis
1338 1746 1621 1817 tranquille
1641 1742 1966 1807 ludentibus,

379 1855 436 1900 et
456 1845 523 1900 ad
567 1845 682 1915 ipsa
711 1846 860 1900 navis
902 1844 1068 1899 latera
1098 1843 1413 1911 plerumque
1441 1835 1833 1893 exsilientibus.
1865 1832 1970 1886 No-

382 1934 467 1990 bis
495 1942 674 1988 autem
703 1932 999 2004 jucundum
1024 1940 1110 1986 est
1131 1930 1316 2000 jejunii
1355 1943 1470 1992 ver,
1498 1925 1622 1996 quia
1652 1923 1845 1977 ﬂuctus
1884 1935 1972 1974 no-

384 2024 487 2089 bis,
518 2039 625 2078 non
662 2023 944 2088 undarum,
990 2020 1085 2076 sed
1116 2019 1471 2074 absurdorum
1502 2023 1743 2068 motuum
1775 2026 1972 2065 concu-

386 2116 877 2188 piscentiarumque
912 2114 1121 2177 sedare,
1155 2121 1208 2164 et
1239 2123 1491 2164 coronam
1533 2105 1708 2171 nobis,
1738 2118 1842 2157 non
1874 2101 1973 2155 ﬂo-

387 2225 529 2276 rum,
579 2209 675 2264 sed
706 2206 998 2278 spiritualis
1045 2203 1229 2275 gratia:
1287 2213 1467 2256 texere
1512 2200 1691 2254 solet:
1724 2197 1975 2251 Coronam

395 2302 720 2371 gratiarum,
768 2299 957 2368 inquit,
997 2297 1212 2367 accipies
1266 2295 1419 2365 capiti
1473 2302 1559 2346 tuo
1610 2292 1786 2363 (Prov.
1816 2292 1865 2344 l.
1895 2290 1976 2359 6).

393 2390 509 2445 Non
539 2390 618 2445 sic
642 2388 939 2444 adventans
968 2386 1195 2441 hirundo
1227 2386 1457 2440 hiemem
1482 2384 1621 2439 solet
1664 2382 1932 2451 depellere
1962 2422 1977 2446 ,

395 2489 455 2535 ut
477 2480 773 2535 adventans
802 2478 1064 2549 jejunium
1093 2477 1517 2531 turbulentorum
1546 2474 1708 2528 animi
1742 2482 1980 2526 motuum

398 2569 632 2626 hiemem
659 2583 688 2622 a
716 2568 872 2624 nobis
923 2566 1085 2636 ejicit.
1128 2565 1245 2620 Non
1272 2565 1406 2618 ultra
1438 2579 1609 2633 pugna
1641 2562 1833 2617 animtc
1861 2574 1980 2615 cum

396 2674 582 2725 carne,
615 2672 724 2714 non
769 2658 997 2729 insurgit
1023 2656 1279 2712 adversus
1325 2655 1593 2710 dominam
1623 2652 1856 2718 ancilla;
1889 2651 1983 2707 sed

400 2748 705 2819 huiusmodi
734 2749 787 2803 in
834 2762 1059 2816 corpore
1084 2756 1284 2802 motum
1313 2746 1507 2801 bellum
1535 2754 1701 2800 totum
1738 2745 1981 2801 solvitur.

399 2836 841 2908 Quandoquidem
871 2838 1031 2907 igitur
1084 2851 1275 2906 magna
1305 2835 1530 2889 fruimur
1556 2850 1684 2904 pace
1709 2876 1725 2901 ,
1754 2834 1985 2903 ingenti-

402 2947 507 3003 que
555 2929 980 3001 tranquillitate,
1033 2943 1171 2999 age,
1221 2938 1276 2983 et
1331 2942 1429 2981 nos
1479 2942 1688 2997 quoque
1731 2926 1988 2982 doctrina:

404 3026 656 3095 scapham
687 3024 962 3079 trahamus
988 3065 1003 3089 ,
1057 3030 1216 3092 atque
1242 3037 1306 3075 ex
1338 3030 1492 3089 portu
1526 3021 1576 3073 in
1607 3021 1742 3074 bene
1774 3018 1988 3074 allecta-

406 3132 526 3172 rum
556 3114 764 3169 aurium
786 3122 1085 3169 vestrarum
1115 3120 1327 3181 portum
1352 3110 1796 3163 transmittamus.
1844 3109 1955 3179 Age
1974 3147 1990 3173 ,

407 3208 683 3265 subtiliora
722 3206 1012 3275 Scriptura:
1043 3218 1197 3259 sensa
1224 3201 1617 3273 aggrediamur,
1666 3216 1727 3255 ac
1746 3200 1813 3256 de
1837 3199 1990 3264 caelo,

409 3300 477 3356 de
504 3309 643 3355 terra
666 3340 681 3367 ,
711 3297 780 3353 de
808 3296 965 3363 mari,
989 3295 1162 3365 deque
1186 3301 1292 3348 tota
1314 3308 1493 3347 rerum
1538 3300 1730 3345 natura
1754 3290 1994 3359 philoso-

410 3394 675 3465 pbemur:
704 3389 822 3445 haec
868 3389 1062 3459 quippe
1113 3385 1267 3441 nobis
1315 3384 1475 3439 hodie
1527 3385 1666 3438 lecta
1715 3389 1859 3437 sunt.
1888 3380 1996 3437 Sed

410 3483 538 3556 quid
563 3481 631 3538 ad
660 3496 779 3545 nos,
813 3480 1041 3550 inquies,
1067 3476 1351 3532 creationis
1376 3473 1552 3530 ratio?
1578 3473 1657 3529 Ad
1688 3488 1788 3528 nos
1815 3472 1997 3543 utique

411 3576 662 3646 pertinet,
686 3572 889 3629 dilecti.
918 3571 1047 3626 Nam
1077 3572 1122 3626 si
1144 3586 1207 3625 ex
1240 3567 1602 3637 magnitudine
1627 3577 1680 3622 et
1701 3566 1998 3637 pulchritu-

414 3667 540 3723 dine
567 3678 931 3724 creaturarum
964 3664 1309 3733 proportione
1331 3661 1560 3731 quadam
1582 3660 1808 3714 Creator
1837 3672 2002 3728 agno-

417 3760 604 3823 scitur,
636 3766 836 3826 quanto
864 3756 1035 3825 magis
1064 3762 1361 3808 crealarum
1412 3766 1593 3805 rerum
1646 3750 2001 3818 pulchritudi-

419 3864 543 3903 nem
581 3846 1107 3917 magnitudinemque
1132 3840 1635 3909 contemplabimur,
1666 3848 1815 3893 tanto
1836 3840 2003 3908 magis

420 3939 488 3997 ad
515 3939 682 4008 ipsius
702 3936 923 4006 Opiﬁcis
952 3934 1194 3988 notitiam
1218 3930 1565 3985 adducemur.

493 4029 903 4085 Manichaeorum
926 4033 971 4079 et
995 4022 1267 4078 Gentilium
1297 4036 1509 4074 errores.
1541 4049 1611 4057 —
1638 4017 1881 4088 Magnum
1909 4016 2007 4070 bo-

422 4137 551 4178 num
571 4129 654 4175 est
678 4131 840 4173 nosse
884 4114 1008 4186 quid
1036 4114 1106 4168 sit
1128 4120 1390 4178 creatura,
1420 4108 1547 4180 quid
1578 4107 1835 4174 Creator;
1881 4106 2006 4177 quid

424 4228 582 4284 opus,
616 4208 743 4280 quid
763 4206 972 4278 Opil‘ex.
999 4204 1132 4260 Nam
1158 4203 1203 4259 si
1235 4202 1350 4257 haec
1397 4209 1643 4257 accurate
1679 4200 2005 4269 distinguere

429 4305 631 4360 scirent
656 4300 895 4356 veritatis
922 4298 1106 4354 hostes
1126 4339 1140 4365 ,
1170 4311 1276 4350 non
1307 4294 1485 4350 omnia
1514 4292 1925 4357 confunderent,
1947 4305 2009 4345 ac

426 4411 521 4453 sus
540 4394 711 4464 deque
741 4400 1014 4447 verterent
1046 4407 1057 4443 :
1088 4403 1192 4443 non
1222 4386 1365 4459 quod
1392 4387 1575 4442 stellas
1601 4394 1653 4440 et
1697 4383 1884 4439 calum
1911 4381 2007 4436 de-

429 4485 703 4551 duxerint,
726 4493 781 4539 et
807 4492 1005 4537 terram
1032 4479 1317 4535 sublimem
1348 4477 1601 4539 fecerint;
1626 4474 1720 4530 sed
1756 4475 2007 4529 caelorum

428 4581 629 4651 Regem
674 4593 705 4633 a
734 4578 883 4647 regio
930 4573 1071 4630 solio
1105 4571 1440 4627 deturbatum
1468 4583 1586 4623 cum
1613 4566 1807 4622 creatis
1851 4564 2012 4621 rebus

430 4667 832 4731 collocaverint,
864 4674 1169 4720 creaturam
1189 4674 1317 4717 vero
1341 4658 1635 4714 divinitatis
1664 4656 1880 4713 sedibus
1918 4654 2013 4709 ho-

431 4760 692 4817 norarint.
721 4758 779 4814 Si
822 4756 891 4812 de
917 4764 1101 4809 natura
1123 4768 1302 4808 rerum
1331 4760 1477 4807 recte
1519 4750 1748 4805 scissent
1776 4748 2014 4818 philoso—

433 4852 587 4924 phari
617 4850 895 4905 Manichzei
925 4890 940 4915 ,
986 4861 1276 4915 numquam
1316 4858 1453 4902 eam.
1485 4858 1606 4913 quae
1636 4858 1700 4897 ex
1747 4841 1914 4894 nihilo
1944 4840 2018 4893 la-

433 4956 539 5011 cta,
570 4942 875 5013 coruptioni
900 4940 1152 5006 obnoxia,
1181 4937 1321 4992 ﬂuxa
1349 4945 1403 4989 et
1420 4933 1691 4989 mutabilis
1715 4939 1850 4997 erat,
1869 4929 2018 5001 quasi

433 5055 542 5094 non
582 5037 773 5093 iactam
817 5036 1196 5091 honorassent.
1227 5030 1285 5086 Si
1317 5029 1386 5085 de
1444 5042 1623 5082 rerum
1656 5034 1846 5079 natura
1873 5030 2020 5077 recte

435 5133 669 5187 scissent
696 5126 1005 5183 ratiocinari
1032 5124 1279 5196 gentiles,
1305 5135 1410 5175 non
1438 5134 1467 5173 a
1497 5133 1625 5173 vero
1657 5117 2021 5173 aberrassent.

437 5236 611 5294 neque
629 5220 920 5276 coluissent
934 5216 1348 5283 adorassentque
1362 5219 1656 5267 creaturam
1676 5208 1850 5279 potius
1864 5211 2022 5277 quam

438 5317 766 5371 Creatorem.
809 5309 1094 5367 Pulchrum
1124 5314 1207 5363 est
1233 5305 1443 5371 caelum,
1500 5301 1594 5358 sed
1636 5302 1757 5357 ideo
1783 5309 2022 5356 creatum

442 5416 525 5464 est
550 5415 608 5461 ut
638 5407 892 5461 adorares
919 5401 1176 5473 Opificem
1210 5420 1223 5453 :
1254 5397 1477 5470 pulcher
1501 5395 1603 5458 sol,
1632 5394 1726 5450 sed
1758 5393 1878 5448 ideo
1917 5391 2024 5462 pul-

508 5582 524 5613 ι
563 5577 1076 5649 neg.,__1ranquiltitas,
1098 5588 1276 5627 ancora
1297 5571 1532 5639 ﬁdelium,
1557 5578 1603 5622 et
1626 5585 1741 5635 pons
1765 5570 1832 5621 ad
1857 5578 2021 5625 Deum.

444 5649 500 5696 ει
521 5640 762 5701 agricolis,
791 5640 886 5691 etc.

444 5691 599 5828 intra:
814 5711 927 5753 sunt
970 5702 1018 5751 hi
1057 5708 1313 5752 sermones
1356 5710 1463 5747 cum
1501 5695 1669 5747 Codice
1715 5694 1859 5759 Regio
1893 5691 2017 5746 23ιὲ

1621 370 1685 424 IN
1724 365 2021 426 cuussm
2057 364 2284 422 δεκΜο
2323 346 2397 418 ι.’

3534 358 3638 417 582

2065 478 2194 533 cher
2224 487 2281 531 ut
2305 476 2452 532 colas
2473 474 2752 532 Fautorem
2782 492 2793 528 :
2820 474 2911 530 sed
2940 474 2985 529 si
3015 474 3065 528 in
3097 473 3230 529 mira
3265 488 3444 529 rerum
3467 472 3635 528 forma

2058 568 2341 633 consistas,
2381 576 2435 622 et
2466 580 2652 621 earum
2700 563 3084 636 pulchritudini
3112 565 3398 633 inhatreas,
3431 565 3520 619 lux
3548 563 3639 619 tibi

2059 671 2216 713 versa
2245 664 2329 711 est
2372 656 2425 709 in
2452 655 2735 720 tenebras,
2763 655 2875 709 imo
2918 652 3099 723 potius
3140 652 3259 709 luce
3286 652 3354 708 ad
3387 653 3635 708 tenebras

2060 763 2191 803 usus
2211 763 2290 802 es.
2315 746 2483 803 Vides
2512 754 2769 817 quantum
2797 745 2995 801 bonum
3036 745 3107 800 sit
3131 760 3314 800 rerum
3340 753 3638 800 creatarum

2064 854 2226 895 nosse
2286 839 2553 893 rationes?
2595 837 2673 893 Ne
2738 839 2915 907 itaque
2962 837 3164 892 lucrum
3198 846 3522 906 praetereas,
3550 837 3645 892 sed

2064 931 2223 986 dictis
2253 938 2501 985 accurate
2523 930 2762 984 animum
2811 928 3006 983 adhibe
3031 945 3044 982 :
3079 944 3184 983 non
3211 929 3352 983 enim
3372 928 3440 983 de
3470 929 3637 991 caelo,

2063 1022 2130 1077 de
2160 1031 2319 1086 terra,
2347 1021 2414 1075 de
2437 1019 2570 1075 mari
2597 1026 2800 1074 tantum
2826 1018 3017 1074 dicturi
3046 1032 3249 1083 sumus,
3279 1018 3373 1074 sed
3400 1019 3558 1073 etiam
3584 1019 3650 1072 do

2064 1112 2272 1181 origine
2319 1121 2522 1174 nostra,
2554 1118 2713 1180 atque
2740 1109 2881 1164 unde
2910 1123 3057 1163 mors
3084 1120 3200 1163 orta
3231 1110 3337 1177 sit,
3368 1109 3509 1164 unde
3543 1110 3649 1162 vita

2068 1205 2355 1270 laboriosa,
2387 1203 2529 1257 unde
2560 1202 2773 1256 tristitia
2804 1210 2858 1257 et
2885 1200 3289 1255 sollicitudines.
3324 1200 3455 1255 Nam
3483 1211 3540 1255 ut
3584 1200 3654 1254 de

2071 1296 2155 1350 his
2183 1296 2353 1365 deque
2394 1295 2577 1349 multis
2613 1293 2733 1349 aliis
2763 1306 2881 1348 sese
2909 1300 3156 1362 purgaret
3191 1292 3351 1357 Deus,
3393 1292 3535 1346 hunc
3581 1290 3649 1345 ad

2071 1403 2169 1441 nos
2200 1389 2390 1441 librum
2417 1387 2562 1440 misit
2590 1403 2602 1439 :
2632 1399 2803 1454 neque
2832 1384 2975 1438 enim
3023 1393 3142 1438 sese
3166 1382 3457 1439 defendere
3506 1384 3645 1438 Deus

2070 1479 2405 1548 dedignatur,
2429 1479 2519 1533 sed
2542 1492 2637 1546 per
2655 1476 2965 1547 prophetam
2996 1475 3188 1530 clamat
3214 1494 3226 1529 :
3260 1474 3453 1539 Venite,
3483 1486 3527 1529 et
3550 1477 3655 1529 dis-

2074 1584 2324 1643 putemus,
2353 1572 2475 1625 dicit
2500 1570 2749 1625 Dominus
2793 1569 2941 1642 (Isai.
2969 1570 3019 1623 1.
3064 1568 3174 1639 l8).
3210 1568 3317 1622 Nec
3357 1569 3515 1622 modo
3533 1584 3654 1622 sese

2075 1664 2313 1719 defendit
2342 1678 2404 1716 ac
2452 1661 2653 1731 judicio
2690 1660 2998 1725 contendit,
3032 1659 3125 1714 sed
3172 1660 3331 1714 etiam
3378 1658 3647 1729 quomodo

2075 1754 2573 1811 condemnationem
2608 1752 2790 1821 fugere
2816 1751 3082 1821 possimus
3106 1750 3265 1805 docet
3297 1767 3309 1803 :
3358 1764 3466 1805 non
3511 1749 3656 1805 enim

2079 1848 2250 1904 solum
2276 1846 2430 1911 dixit,
2466 1844 2659 1907 Venite,
2685 1854 2732 1898 et
2765 1844 3095 1914 disputemus,
3130 1842 3223 1897 sed
3252 1851 3532 1911 postquam
3552 1842 3656 1897 do-

2078 1940 2189 1995 cuit
2216 1938 2340 2008 quid
2367 1937 2649 1992 dicendum
2667 1978 2682 2003 ,
2711 1936 2837 2006 quid
2885 1934 3149 2005 agendum
3178 1942 3340 1999 esset,
3365 1934 3444 1988 sic
3468 1934 3534 1987 ad
3563 1935 3661 1989 tri-

2079 2030 2243 2085 bunal
2276 2029 2454 2083 traxit.
2480 2027 2615 2083 Audi
2638 2029 2816 2098 itaque
2850 2025 3219 2095 propheticum
3244 2040 3546 2079 sermonem
3571 2040 3663 2079 su-

2081 2121 2262 2189 perius
2300 2119 2564 2189 prolatum
2593 2135 2607 2170 :
2634 2117 2920 2181 Lavamini,
2957 2116 3131 2170 mundi
3150 2125 3321 2179 estote,
3353 2120 3552 2187 auferte
3576 2134 3666 2169 ne-

2084 2212 2271 2280 quitias
2313 2211 2375 2264 ab
2399 2209 2663 2263 animabus
2701 2208 2879 2263 vestris
2903 2224 2921 2260 :
2946 2208 3123 2260 discite
3151 2207 3271 2261 bene
3303 2208 3469 2277 facere
3489 2249 3503 2273 ,
3528 2207 3670 2276 judi-

2085 2313 2195 2357 cate
2221 2304 2454 2373 pupillo,
2505 2311 2553 2357 et
2572 2302 2854 2373 justi/irate
2904 2301 3105 2353 viduam
3146 2299 3303 2371 (Ibid.
3354 2316 3402 2352 υ.
3446 2299 3575 2368 16);
3617 2308 3673 2353 et

2088 2403 2215 2449 tunc
2241 2394 2351 2448 ait:
2389 2391 2586 2459 Venite,
2624 2399 2671 2445 et
2695 2391 3007 2460 disputemus
3032 2431 3045 2456 ,
3074 2390 3195 2444 dicit
3225 2389 3495 2444 Dominus.
3536 2389 3671 2443 Nolo

2088 2500 2207 2551 vos,
2248 2484 2439 2553 inquit,
2470 2482 2642 2537 nudos
2671 2489 2727 2537 et
2757 2480 3070 2536 defensione
3087 2494 3284 2534 vacuos
3305 2494 3540 2544 sumere,
3572 2478 3667 2533 sed

2090 2576 2379 2630 instructos
2400 2571 2680 2627 ratiocinio
2705 2579 2761 2626 et
2784 2569 3095 2625 defensione
3134 2569 3201 2624 ad
3235 2570 3498 2624 rationem
3550 2569 3675 2623 red-

2092 2667 2319 2723 dendam
2344 2680 2477 2721 voco
2508 2683 2522 2719 :
2556 2662 2820 2735 siquidem
2869 2661 3146 2717 vobiscum
3174 2660 3474 2731 disceptare
3516 2660 3638 2715 volo
3657 2702 3672 2724 ,

2093 2776 2201 2816 non
2233 2768 2288 2814 ut
2310 2757 2684 2822 condemnem,
2718 2754 2812 2810 sed
2844 2762 2903 2808 ut
2930 2767 3165 2824 parcam.
3197 2752 3286 2808 Sic
3327 2761 3381 2808 et
3410 2752 3518 2807 alio
3554 2753 3676 2806 loco

2094 2851 2222 2906 dicit
2254 2868 2265 2902 :
2299 2848 2395 2902 Dic
2440 2858 2495 2901 tu
2557 2848 2697 2917 prior
2747 2845 3033 2913 iniquitates
3084 2852 3228 2907 tuas,
3273 2852 3330 2897 ut
3384 2843 3682 2913 justiﬁccris

2097 2940 2257 3012 (Ibid.
2294 2942 2383 2994 45.
2424 2938 2536 3011 26).
2592 2937 2767 2992 llabes
2795 2936 3048 2991 acerbum
3078 2944 3133 2990 et
3183 2935 3439 2989 immitem
3469 2948 3629 2989 aecus
3650 2954 3688 2986 ι-

2100 3040 2268 3085 torem
2299 3047 2310 3081 :
2343 3027 2575 3097 prteveni
2604 3040 2747 3093 eum,
2777 3025 2952 3081 locum
2982 3024 3130 3094 prius
3158 3037 3381 3093 occupa,
3414 3037 3477 3078 os
3503 3022 3676 3093 impu-

2103 3123 2238 3179 dens
2275 3122 2483 3176 obtura.

2170 3216 2226 3272 2.
2252 3214 2390 3270 Deus
2415 3231 2503 3285 per
2525 3214 2696 3269 literas
2712 3212 2814 3284 agit
2835 3228 2948 3266 cum
2968 3209 3341 3281 homine.—(a)
3361 3208 3514 3263 Initio
3536 3217 3683 3264 certe

2104 3310 2246 3367 Deus
2284 3324 2380 3380 per
2416 3322 2474 3363 se
2501 3306 2810 3362 hominibus
2838 3303 3177 3376 loquebatur,
3208 3311 3462 3375 quantum
3481 3302 3685 3358 scilicet

2104 3401 2411 3458 hominibus
2430 3398 2613 3453 audire
2645 3396 2724 3451 l‘as
2752 3403 2855 3451 est.
2882 3395 2971 3452 Sic
2994 3394 3258 3450 Adamum
3285 3393 3435 3459 adiit,
3460 3394 3539 3449 sic
3560 3392 3684 3448 Cai-

2104 3508 2232 3548 num
2280 3490 2607 3561 increpavit;
2638 3488 2718 3544 sic
2746 3503 2871 3544 cum
2909 3487 3021 3544 Noe
3061 3487 3313 3557 loquutus
3337 3493 3461 3551 est;
3494 3486 3571 3540 sic
3616 3484 3685 3539 ab

2106 3585 2412 3639 Abrahamo
2456 3581 2690 3651 hospitio
2735 3588 3033 3650 susceptus.
3067 3578 3267 3634 Verum
3315 3578 3438 3648 quia
3497 3586 3688 3632 natura

2109 3683 2289 3727 nostra
2312 3673 2378 3727 ad
2400 3671 2595 3725 malum
2621 3670 2926 3736 declinavit,
2957 3676 3012 3725 et
3055 3668 3208 3738 quasi
3237 3668 3290 3721 in
3340 3667 3689 3736 longinquum

2109 3763 2356 3817 exsilium
2376 3761 2611 3828 seipsam
2642 3759 2916 3814 transtulit
2943 3775 2958 3823 ;
2988 3757 3203 3812 demum
3225 3756 3316 3811 ille
3341 3756 3517 3822 nobis,
3540 3756 3693 3824 quasi

2110 3852 2323 3921 longam
2350 3848 2838 3920 peregrinationem
2859 3845 3274 3915 susceperimus,
3304 3845 3486 3900 literas
3510 3846 3693 3909 mittit,

2112 3942 2264 4011 quasi
2292 3955 2388 4009 per
2411 3938 2694 4008 epistolam
2724 3935 3000 3991 nobiscum
3024 3944 3260 3991 veterem
3281 3950 3546 3991 renovans
3567 3935 3700 3989 ami-

2114 4030 2314 4085 citiam.
2340 4027 2655 4099 Hujusmodi
2684 4028 2868 4083 literas
2891 4027 3036 4081 misit
3066 4027 3228 4093 Deus,
3260 4026 3435 4081 attulit
3464 4026 3676 4097 Moyses

2115 4121 2253 4189 Quid
2282 4123 2460 4177 lerunt
2507 4120 2675 4175 literae
2694 4122 2718 4174 ?
2740 4118 2806 4173 In
2828 4120 3078 4190 principio
3129 4119 3249 4188 fecit
3279 4118 3415 4174 Deus
3434 4119 3615 4173 cretum
3653 4130 3699 4171 ct

2116 4223 2302 4270 tetram
2356 4212 2521 4286 (Gen.
2576 4213 2627 4267 1.
2662 4213 2688 4267 1
2718 4212 2758 4282 ).
2802 4210 2911 4267 Cur
2964 4226 3067 4267 non
3126 4211 3194 4267 de
3240 4211 3445 4282 angelis
3498 4211 3584 4266 vel
3630 4209 3700 4265 de

2119 4307 2455 4378 archangelis
2503 4305 2736 4375 loquitur
2782 4304 2983 4360 nobis?
3030 4303 3165 4360 Nam
3218 4304 3264 4360 si
3315 4318 3382 4359 ex
3436 4304 3698 4360 creaturis

2119 4399 2343 4456 Creator
2398 4399 2763 4469 conspicitur,
2821 4398 2988 4454 multo
3042 4398 3211 4468 magis
3266 4412 3333 4453 ex
3384 4398 3489 4453 illis
3546 4397 3701 4453 nosci

2123 4491 2314 4562 potuit.
2344 4489 2633 4545 Pulchrum
2662 4498 2746 4544 est
2770 4491 2982 4555 etclam,
3007 4490 3105 4544 sed
3139 4503 3246 4543 non
3298 4490 3371 4543 ita
3413 4489 3698 4558 pulchrum

2122 4594 2180 4638 ut
2208 4582 2461 4652 angelus;
2491 4581 2803 4651 splendidus
2836 4582 2938 4648 sol,
2963 4581 3058 4635 sed
3080 4594 3187 4635 non
3216 4581 3285 4634 ita
3316 4580 3627 4649 splendidus
3650 4590 3709 4633 ut

2124 4676 2497 4747 archangelus.
2522 4676 2630 4730 Cur
2680 4676 2856 4744 itaque
2875 4673 3190 4729 sublimiore
3213 4672 3434 4727 dimissa
3464 4669 3579 4739 via,
3611 4686 3713 4741 per

2124 4768 2462 4824 humiliorem
2495 4782 2593 4822 nos
2621 4767 2785 4821 ducit.
2806 4766 2939 4831 Quia
2966 4779 3087 4819 cum
3113 4762 3313 4819 Iudaeis
3340 4763 3594 4832 loquitur,
3613 4764 3703 4832 qui

2126 4860 2401 4917 intellectu
2429 4860 2607 4935 minus
2638 4856 2878 4911 instructi
2906 4862 3078 4918 erant,
3102 4855 3192 4925 qui
3222 4853 3510 4909 sensilibus
3538 4854 3712 4910 luere~

2127 4955 2279 5019 bant,
2311 4952 2401 5023 qui
2447 4967 2512 5007 ex
2556 4950 2791 5021 Egypto
2821 4963 2992 5017 nuper
3016 4946 3255 5017 egressi,
3291 4946 3379 5001 ubi
3409 4946 3666 5002 crocodili
3694 4991 3707 5013 ,

2128 5062 2311 5113 canes,
2354 5045 2523 5101 simiae
2548 5046 2616 5099 ab
2655 5041 2961 5099 hominibus
3008 5040 3340 5105 colebantur,
3376 5054 3474 5095 nec
3520 5039 3713 5095 licebat

2129 5138 2441 5195 sublimiore
2492 5140 2575 5191 via
2619 5136 2739 5191 illos
2801 5133 2869 5189 ad
2907 5134 3218 5190 Creatorem
3269 5132 3486 5187 ducere.
3527 5130 3711 5186 Subli-

2130 5229 2271 5285 mior
2321 5228 2504 5298 utique
2552 5228 2635 5281 via
2674 5225 2765 5280 illa
2806 5232 2943 5291 erat,
2993 5225 3085 5281 sed
3134 5223 3415 5294 asperior,
3446 5232 3715 5292 praerupta

2129 5330 2185 5377 et
2206 5319 2369 5375 ardua
2396 5317 2797 5375 inﬁrmioribus.
2823 5315 2946 5371 Ideo
2973 5316 3091 5371 illos
3112 5329 3206 5384 per
3224 5312 3516 5368 faciliorem
3550 5312 3714 5374 ducit,

2132 5428 2229 5483 per
2256 5411 2444 5467 caelum
2470 5450 2485 5476 ,
2510 5417 2727 5475 terram,
2758 5421 2922 5473 mare,
2951 5415 3250 5476 cmteraque
3272 5402 3499 5458 visibilia
3518 5413 3715 5457 creata.

2196 5564 2269 5627 (α)
2303 5570 2413 5627 Haec
2427 5561 2599 5627 iisdem
2622 5574 2749 5624 pene
2774 5561 2939 5611 verbis
2957 5560 3111 5627 habes
3124 5570 3268 5627 supra
3292 5554 3541 5627 [tomiliaj
3561 5557 3610 5626 in
3627 5562 3717 5627 Qe-

2132 5617 2289 5677 neisit'n
2311 5624 2403 5674 col.
2427 5623 2490 5672 28
2523 5631 2574 5673 et
2595 5617 2734 5687 seqq.
2761 5636 2774 5671 :
2800 5628 2913 5687 sunt
2936 5622 3083 5687 etiam
3106 5617 3198 5668 alia
3214 5620 3363 5687 multa
3379 5620 3554 5687 passim
3580 5619 3628 5667 in
3645 5617 3722 5687 his

2132 5687 2460 5803 :Iermlonibus,
2484 5696 2593 5748 quae
2634 5679 2805 5736 eadem
2823 5686 2925 5747 ipsa
2959 5682 3200 5734 habentur
3240 5684 3288 5732 iu
3321 5679 3551 5733 “diuitiis.
3605 5682 3719 5729 \it.e

2177 5764 2254 5800 om
2280 5762 2358 5799 um
2382 5760 2542 5803 supra.

2177 5760 2358 5800 ctutum
2382 5760 2542 5812 supra.
