4146 6260
433 365 542 420 583

433 496 588 568 Quod
619 499 800 548 autem
825 486 942 541 lucc
965 493 1092 537 vera
1111 476 1180 532 sit
1208 485 1392 536 causa,
1413 465 1540 522 audi
1562 462 1854 534 quomodo,
1884 468 2020 528 βοει-

437 554 600 662 quam
639 581 852 654 paulum
892 566 1294 646 profecerant‘,
1338 559 1594 631 propheta
1621 556 1688 610 de
1715 554 1820 608 illis
1843 565 2029 662 super-

442 638 528 737 :tis
558 638 840 732 viriutihus
867 638 1130 734 loquatur.
1159 655 1391 710 Laudate
1423 648 1722 711 Dominum,
1746 642 1936 714 inquit,
1967 638 2031 694 de

442 741 624 832 salis,
654 764 856 820 laudate
907 771 1020 810 eum
1061 753 1114 805 in
1166 744 1418 802 excelsis:
1455 741 1661 796 laudate
1705 751 1820 792 eum
1862 749 2033 788 omnes

441 860 610 930 angeli
651 857 782 922 eius,
812 847 1018 906 laudate
1043 859 1160 898 eum
1188 854 1358 894 omnes
1387 836 1594 890 virtutes
1615 832 1725 900 ejus
1751 845 1769 882 :
1798 825 2036 896 quoniam

445 925 554 1026 ipse
580 948 731 1010 dixit,
759 953 805 1000 et
835 945 971 1014 facta
995 946 1112 992 sunt
1135 951 1154 1001 ,°
1177 933 1282 1003 ipse
1311 927 1569 986 mandavit
1592 965 1606 990 ,
1637 933 1682 978 et
1726 927 1894 976 creata
1921 925 2038 972 sunt

447 1007 646 1115 l'i’sal.
673 1007 796 1092 iis.
908 1029 964 1084 2.
997 1029 1031 1086 5
1051 1026 1096 1099 ).
1125 1020 1336 1093 thuid
1361 1018 1553 1074 mirum
1579 1016 1621 1068 si
1651 1014 1702 1066 in
1735 1008 1914 1066 Veteri
1939 1007 2040 1062 Te-

449 1100 718 1194 stamento
753 1129 840 1182 hic
864 1122 1128 1180 doctrinm
1178 1114 1370 1172 modus
1399 1111 1663 1180 reperitur
1687 1147 1702 1171 ,
1731 1119 1854 1160 cum
1881 1100 2040 1156 etiam

450 1230 506 1285 in
531 1225 682 1282 Novo
712 1263 727 1287 ,
751 1217 966 1290 quando
991 1210 1364 1268 sublimiorem
1391 1203 1832 1258 documentorum
1851 1195 1872 1226 ²
1905 1200 2043 1246 tem-

453 1333 556 1391 pus
585 1325 721 1380 erat,
751 1287 872 1366 cum
912 1299 1328 1362 Atheniensibus
1373 1295 1600 1366 loquens
1625 1287 1824 1350 Paulus
1847 1326 1864 1350 ,
1893 1295 2044 1339 eam-

455 1371 580 1468 dum
609 1405 842 1464 tenuerit
863 1402 1032 1460 viam,
1061 1409 1221 1465 quam
1260 1389 1474 1460 Moyses
1502 1397 1622 1438 eum
1653 1379 1866 1436 Judatos
1899 1371 2048 1428 insti-

459 1557 766 1650 sermonem
794 1557 948 1641 fecit:
976 1580 1068 1635 sed
1090 1579 1157 1632 de
1185 1574 1337 1634 czclo,
1360 1570 1428 1624 de
1458 1578 1620 1631 terra,
1637 1561 1775 1618 etde
1799 1557 1953 1621 mari,
1981 1557 2052 1608 ita

464 1683 812 1742 concinnatus
839 1695 852 1730 :
886 1675 1025 1726 Deus
1053 1669 1138 1740 qui
1164 1666 1280 1736 fecit
1310 1659 1575 1722 mundum,
1602 1663 1649 1708 et
1679 1651 1850 1706 omnia
1869 1661 1982 1718 quae
2001 1645 2054 1698 in

466 1793 526 1830 eo
553 1779 706 1829 sunt:
733 1769 813 1822 hic
841 1763 952 1818 cwli
977 1770 1024 1816 et
1049 1770 1194 1812 terra:
1215 1769 1332 1807 cum
1357 1753 1420 1806 sit
1446 1747 1712 1810 Dominus,
1734 1757 1838 1796 non
1859 1741 1912 1792 in
1943 1753 2055 1789 ma-

467 1863 694 1939 nufactis
719 1856 916 1928 templis
945 1851 1136 1908 habitat
1193 1849 1212 1918 (
1245 1846 1358 1900 Act.
1388 1843 1474 1896 i7.
1505 1839 1576 1894 24
1597 1839 1638 1908 ).
1689 1836 1758 1890 At
1785 1846 1904 1939 cum
1935 1829 2060 1930 Phi-

468 1921 742 2028 lippenses
763 1921 840 2020 (αδ
867 1942 1239 2014 alloquebatur
1261 1977 1276 2003 ,
1323 1950 1428 1990 non
1463 1932 1563 1984 hac
1605 1927 1726 1983 illos
1755 1925 1837 1978 via
1865 1921 2016 1976 duxit
2041 1937 2060 1986 -,

470 2015 570 2106 sed
587 2046 656 2102 ad
685 2015 1050 2100 sublimiorem
1081 2035 1200 2089 illos
1226 2028 1540 2086 concionem
1566 2017 1816 2092 provehit
1846 2015 1930 2070 his
1944 2027 2064 2068 vero

469 2141 554 2196 bis
585 2155 598 2192 :
637 2135 891 2204 Quoniam
915 2131 968 2184 in
994 2129 1104 2196 ipso
1124 2133 1294 2178 creata
1344 2125 1460 2171 sunt
1485 2113 1714 2166 universa
1739 2121 1854 2176 quat
1878 2111 1934 2158 tn
1961 2118 2065 2157 ca:-

477 2232 542 2286 lis
565 2239 611 2284 et
633 2242 744 2298 quae
767 2227 820 2278 in
842 2232 974 2274 terra
995 2261 1008 2284 ,
1033 2219 1135 2271 sive
1158 2212 1328 2266 throni
1353 2251 1366 2274 ,
1397 2209 1500 2261 sive
1539 2201 1932 2263 dominationes,
1968 2195 2070 2248 sive

477 2287 817 2394 principatus,
843 2313 942 2365 sive
969 2315 1270 2380 potestates:
1293 2299 1466 2354 omnia
1497 2311 1583 2366 per
1609 2293 1776 2361 ipsum
1804 2297 1852 2343 et
1880 2288 1934 2340 in
1957 2287 2070 2355 ipso

479 2380 792 2464 creata-sunt
821 2403 840 2474 (
867 2401 1062 2456 Coloss.
1099 2399 1150 2450 l.
1172 2394 1239 2450 16
1265 2394 1309 2462 ).
1343 2390 1434 2444 Sic
1457 2396 1512 2440 et
1535 2385 1768 2440 Joannes
1798 2380 1920 2450 quia
1946 2392 2070 2447 per-

490 2501 744 2556 fectiores
771 2493 959 2548 habuit
1000 2485 1309 2554 discipulos,
1329 2480 1630 2535 universam
1662 2471 1821 2528 simul
1847 2467 2076 2524 crcatio-

489 2607 614 2646 nem
637 2581 1096 2660 commemoravit.
1152 2575 1270 2630 Non
1300 2571 1443 2627 enim
1475 2567 1629 2632 dixit,
1655 2565 1844 2620 caelum
1873 2569 1929 2616 et
1971 2569 2077 2612 tero

487 2691 597 2736 tam
623 2657 682 2736 et
699 2691 868 2741 mare,
897 2672 1018 2738 sed,
1045 2667 1232 2724 Omnia
1257 2681 1344 2734 per
1369 2663 1540 2732 ipsum
1568 2661 1704 2728 facta
1725 2664 1842 2709 sunt
1861 2695 1876 2720 ,
1907 2663 1950 2706 et
1975 2652 2082 2704 sine

489 2774 606 2844 ipso
654 2770 848 2840 factum
892 2773 964 2818 est
1010 2759 1142 2815 nihil
1171 2755 1306 2829 quod
1336 2758 1526 2826 factum
1554 2747 1662 2818 est(
1689 2746 1850 2800 Joan.
1875 2745 1926 2796 1.
1953 2744 1986 2798 5
2011 2741 2029 2812 )
2057 2758 2072 2806 ;

497 2865 615 2920 sive
643 2859 856 2914 visibile
882 2897 896 2922 ,
923 2853 1128 2922 inquit,
1173 2849 1242 2904 sit
1267 2885 1285 2910 ,
1313 2847 1424 2900 sive
1453 2841 1736 2896 invisibile.
1767 2837 1914 2892 Sicut
1939 2834 2083 2888 enim

501 2953 640 3024 apud
667 2949 1086 3016 ludimagistros,
1119 2941 1254 2996 alius
1281 2935 1516 3008 puellum
1545 2949 1574 2986 a
1600 2941 1770 2985 matre
1799 2927 2084 2995 accipiens,

497 3018 671 3118 prima
711 3042 882 3111 ipsum
907 3037 1066 3092 docet
1089 3033 1354 3090 elementa
1375 3044 1390 3092 ;
1419 3025 1556 3080 alius
1581 3021 1774 3078 deinde
1793 3018 2086 3087 excipiens,

497 3109 818 3204 discipulum
844 3129 910 3184 ad
933 3125 1246 3183 sublimiora
1273 3121 1593 3175 documenta
1635 3111 1882 3184 provehit
1907 3127 1922 3163 :
1965 3109 2038 3162 ita
2059 3122 2091 3162 a

501 3199 686 3297 Moyse
713 3221 950 3279 etp-aulo
984 3227 1038 3273 et
1064 3216 1270 3272 Joanne
1317 3219 1494 3290 aetum
1535 3215 1636 3263 est.
1692 3203 1900 3274 Moyses
1949 3199 2092 3256 enim

506 3325 750 3394 ignaram
777 3317 1015 3374 omnium
1046 3321 1104 3368 et
1139 3323 1310 3378 nuper
1351 3306 1668 3360 ablactalam
1709 3307 1950 3353 naturam
1995 3309 2096 3348 no-

507 3386 672 3470 stram
700 3411 870 3482 prima
891 3405 1083 3461 divina:
1101 3397 1420 3471 cognitionis
1435 3395 1700 3449 elementa
1715 3389 1912 3444 docuit.
1934 3386 2096 3442 Joan-

509 3520 608 3561 nes
628 3511 808 3558 autem
837 3507 894 3554 et
927 3495 1143 3560 Paulus,
1167 3491 1318 3562 quasi
1345 3503 1376 3544 a
1405 3484 1774 3554 ludimagistro
1801 3489 2048 3548 acceptos
2069 3491 2098 3530 a

509 3595 713 3666 Moyse,
745 3589 990 3644 homines
1015 3585 1080 3640 ad
1111 3581 1417 3640 sublimiora
1444 3577 1761 3632 documenta
1807 3570 2097 3635 deducunt,

513 3687 694 3760 priora
740 3693 920 3738 tamen
974 3679 1154 3750 paucis
1187 3678 1689 3734 commemorantes.
1730 3664 1921 3721 Vidisti
1969 3662 2101 3717 utri-

515 3753 686 3850 usque
711 3774 1044 3833 Testamenti
1093 3770 1408 3828 afﬁnitatem
1437 3766 1459 3818 ‘l
1495 3762 1672 3817 vidisti
1699 3771 2020 3814 consensum
2049 3753 2103 3808 in

519 3869 902 3934 documentis?
953 3865 1164 3922 Audisti
1215 3863 1271 3918 in
1321 3856 1506 3914 Veteri
1557 3853 1886 3910 sensibilium
1925 3862 2104 3903 rerum

517 3968 872 4029 creationem,
901 3970 958 4020 et
983 3959 1054 4014 de
1095 3949 1464 4027 spiritualibus
1507 3945 1758 4002 Davidem
1799 3943 2104 3995 dicentem:

521 4059 646 4130 Ipse
665 4057 824 4122 dixit,
854 4063 900 4108 et
933 4054 1066 4123 facta
1093 4055 1210 4101 sunt
1237 4044 1259 4113 (
1293 4040 1439 4098 Psul.
1471 4038 1558 4095 5‘2.
1589 4037 1622 4092 9
1649 4034 1820 4103 )?Sic
1849 4033 2036 4086 iterum
2057 4033 2108 4083 in

521 4123 696 4216 Novo,
727 4157 1007 4219 postquam
1027 4141 1226 4196 dictum
1255 4144 1335 4190 est
1363 4133 1430 4188 de
1452 4127 1804 4184 invisibilibus
1829 4123 2114 4194 potestati.

523 4246 648 4308 bus,
678 4215 839 4300 etiam
867 4238 934 4293 de
966 4242 1210 4292 creatura
1258 4225 1496 4282 sensibili
1551 4237 1730 4276 sermo
1771 4219 2015 4273 habetur.
2046 4215 2115 4270 In

529 4331 782 4408 principio
818 4327 932 4400 fecit
969 4325 1108 4379 Deus
1133 4320 1316 4376 aulum
1347 4325 1396 4372 et
1435 4326 1642 4368 terram.
1674 4309 1863 4365 Sermo
1903 4307 2114 4377 quidem

529 4399 718 4482 brevis
743 4429 798 4476 et
817 4399 1066 4487 simplex,
1087 4428 1152 4468 ac
1179 4411 1378 4466 dictum
1409 4419 1570 4460 unum
1597 4443 1614 4470 ,
1643 4401 1735 4456 sed
1766 4399 1906 4469 quod
1927 4411 2118 4453 omnes

535 4513 966 4572 adversariorum
1007 4517 1180 4566 turres
1233 4503 1546 4558 subvertere
1595 4497 1782 4568 possit.
1835 4493 1933 4548 llic
1961 4507 2118 4548 meno

535 4620 646 4666 tem
674 4607 890 4662 adhibe.

607 4695 886 4755 Manichati
929 4694 1188 4748 ueritatem
1215 4683 1464 4741 mendacii
1501 4687 1766 4736 accusant.
1792 4706 1864 4718 -—-
1891 4673 2114 4730 Accedit

536 4791 866 4862 Manichacus
889 4788 1096 4850 dicens,
1126 4781 1340 4836 Materia
1374 4791 1481 4830 non
1515 4773 1656 4828 facta
1699 4769 1829 4824 fuit:
1852 4764 2120 4835 reSponde

543 4884 619 4940 illi
651 4901 664 4936 :
697 4881 764 4935 In
792 4877 1041 4950 principio
1073 4873 1190 4944 fecit
1215 4870 1354 4923 Deus
1400 4866 1582 4921 malum
1621 4870 1670 4916 et
1693 4871 1895 4940 terram
1921 4873 1939 4910 :
1969 4863 2126 4912 ctto-

543 4985 650 5030 tam
691 4943 810 5040 ejus
848 4943 1203 5036 arrogantiam
1253 4959 1432 5016 statim
1484 4943 1809 5009 subvertisti.
1862 4946 1970 5004 Sed
2021 4959 2128 5000 non

543 5036 1028 5130 credit-Scriptura:
1049 5054 1226 5118 dictis,
1251 5048 1441 5120 inquit.
1467 5047 1606 5116 Ergo
1620 5059 1682 5098 ea
1709 5041 1778 5096 de
1797 5053 1958 5096 causa
1979 5036 2130 5106 quasi

543 5129 890 5213 furibundum
942 5145 1094 5203 illum
1119 5143 1320 5214 repelle
1347 5148 1404 5197 et
1445 5151 1716 5194 aversare.
1737 5133 1870 5188 Nam
1895 5130 1990 5200 qui
2021 5129 2132 5184 Deo

542 5263 654 5304 non
691 5243 862 5300 credit
897 5238 1074 5310 palam
1125 5231 1404 5302 loquenti,
1443 5239 1500 5284 et
1539 5227 1628 5298 qui
1655 5225 1938 5280 veritatem
1979 5235 2132 5275 men-

543 5337 684 5394 dacii
715 5341 956 5406 accusat,
1001 5345 1106 5401 quo
1154 5335 1312 5396 pacto
1365 5319 1586 5376 insaniae
1615 5323 1986 5386 argumentum
2028 5326 2134 5366 non

547 5429 704 5496 ferat,
735 5405 932 5496 nempe
958 5413 1430 5478 incredulitatem?
1454 5413 1522 5464 At
1539 5407 1829 5480 quomodo,
1857 5405 2048 5475 inquit,
2069 5419 2136 5458 ex

549 5521 722 5576 nihilo
741 5518 854 5574 ﬁeri
885 5513 1012 5586 quid
1049 5509 1253 5582 possit?
1283 5506 1364 5562 Tu
1396 5519 1523 5557 vero
1551 5501 1680 5555 mihi
1716 5500 1884 5562 dicas,
1913 5511 2137 5568 quomo-

611 5613 632 5644 ⁸
667 5617 805 5672 Iteg.,
827 5614 1079 5672 postquam
1100 5599 1297 5664 paulum
1319 5611 1370 5647 se
1391 5591 1890 5672 addixeram.

613 5674 638 5738 ξ
667 5664 806 5738 iter},
830 5664 1217 5738 philosol’hornnt
1237 5664 1604 5738 praereptornm.

616 5711 809 5790 (αἴνιᾝᾶ
831 5711 1283 5790 {ﬁéiﬁbiia'ta'niuir
1304 5711 1678 5790 clir_')'sqstontus.
1723 5721 1870 5790 locus
1893 5711 2022 5790 enim
2045 5723 2140 5760 non

569 5773 1290 5856 in‘it'ais-t'oiaﬂad'rhilippenses,
1315 5773 1415 5835 sed'
1425 5781 1488 5832 ad
1507 5779 1824 5830 Colossenses
1843 5773 2042 5837 legitur.

1195 341 1252 396 S.
1291 331 1566 393 .IOANNIS
1600 317 2080 384 οικιγεοδτοδιι
2119 313 2440 372 ARCHIEP.
2481 303 3013 366 CONSTANTINOP.

3615 291 3718 348 534

2135 445 2206 502 do
2233 462 2297 502 ex
2325 445 2474 514 prius
2495 440 2876 498 exsistentibus
2903 437 3018 492 ﬁeri
3039 435 3166 506 quid
3192 433 3403 504 possit?
3428 433 3560 487 Nam
3583 433 3724 502 quod

2135 555 2200 593 ex
2243 553 2350 592 non
2381 535 2760 592 exsistentibus
2817 541 2958 585 terra
3001 530 3138 583 facta
3182 529 3272 594 sit,
3305 542 3405 598 ego
3433 525 3633 589 credo,
3671 534 3726 580 tu

2138 640 2316 684 autem
2345 627 2590 692 dubitas;
2619 623 2757 695 quod
2788 631 2964 676 autem
2987 636 3054 673 ex
3081 629 3220 673 terra
3249 617 3421 672 factus
3445 617 3513 670 sit
3545 615 3727 678 homo,

2140 720 2298 774 ambo
2319 717 2656 774 conﬁtemur.
2693 714 2785 768 Dic
2833 711 2992 782 igitur
3035 709 3166 764 illud
3199 707 3340 776 quod
3388 709 3441 762 in
3481 705 3734 760 confesso

2143 820 2197 866 et
2225 809 2434 866 facilius
2455 815 2559 874 est,
2593 803 2865 876 quomodo
2888 817 2955 856 ex
2979 809 3120 855 terra
3146 799 3285 854 facta
3313 799 3384 852 sit
3420 797 3602 852 carnis
3639 811 3736 851 na-

2149 883 2410 1002 tura‘iix
2441 911 2582 954 terra
2609 897 2754 952 enim
2783 897 2974 960 lutum,
3019 893 3160 948 later’
3177 933 3193 959 ,
3228 905 3324 946 vas
3357 889 3542 956 ﬁctile,
3573 898 3628 944 et
3651 897 3732 942 tc-

2147 1008 2227 1052 sta
2257 983 2371 1050 ﬁe‘ri
2429 993 2566 1046 solet
2595 1003 2848 1045 :carnem
2877 1001 3010 1043 vero
3038 1001 3106 1040 ex
3155 993 3296 1040 terra
3341 983 3536 1038 factam
3577 995 3738 1037 nemo

2151 1101 2402 1157 umquam
2420 1083 2637 1139 viderit.
2659 1079 2944 1150 Quomodo
2969 1079 3132 1148 igitur
3153 1077 3292 1132 facta
3311 1084 3396 1131 est
3421 1073 3606 1130 carnis
3631 1088 3736 1126 na-

2153 1177 2311 1234 tura?
2337 1173 2607 1246 quomodo
2629 1185 2754 1228 ossa
2775 1171 3054 1226 clior-mata
3081 1168 3238 1223 sunt?
3263 1165 3536 1237 quomodo
3564 1165 3738 1228 nervi,

2151 1285 2304 1324 venat
2325 1266 2648 1324 etarteriaa?
2678 1262 2953 1333 quomodo
2999 1260 3351 1324 membranae,
3384 1257 3572 1325 adeps,
3619 1269 3742 1312 car-

2154 1379 2273 1428 nes,
2305 1361 2464 1426 cutis,
2491 1371 2717 1429 ungues,
2751 1353 2951 1424 capilli,
2982 1361 3036 1407 et
3067 1358 3210 1404 tanta
3245 1323 3530 1404 diversitas
3567 1345 3743 1400 varia-
3813 1323 3822 1330 ⁴

2155 1467 2275 1508 rum
2306 1449 2728 1506 substantiarum
2754 1459 2820 1500 ex
2847 1459 2950 1497 una
2987 1442 3300 1511 subjaceute
3321 1438 3508 1494 terra?
3543 1437 3741 1492 Verum

2159 1545 2274 1600 haec
2297 1545 2478 1599 dicere
2507 1541 2727 1596 minime
2762 1511 3265 1618 possisihuomodo
3293 1549 3421 1605 ergo
3451 1531 3740 1588 absurdum

2161 1651 2266 1690 non
2307 1633 2466 1690 fuerit
2501 1647 2624 1687 eum
2654 1631 2745 1700 qui
2787 1630 2840 1684 id
2881 1629 3025 1699 quod
3079 1627 3278 1681 clarius
3331 1635 3385 1680 et
3428 1624 3637 1679 facilius
3665 1631 3749 1678 est

2163 1727 2390 1798 ignorat,
2420 1723 2720 1780 difﬁciliora
2752 1729 2806 1778 et
2829 1733 3025 1776 arcana
3055 1719 3268 1774 curiose
3300 1717 3524 1772 scrutari
3547 1717 3573 1770 ?

2235 1841 2522 1898 3.‘Rerum
2573 1839 2884 1893 naturalium
2933 1837 3181 1891 rationem
3231 1850 3332 1888 non
3377 1830 3746 1902 intelligimus,

2166 1942 2353 2007 quanto
2381 1933 2547 1986 minus
2569 1931 2756 1984 divina.
2791 1959 2862 1970 —
2887 1929 2977 1984 Vis
3007 1936 3061 1982 te
3085 1925 3261 1980 adhuc
3288 1923 3355 1979 ad
3387 1923 3623 1978 faciliora
3654 1921 3756 1978 du-

2168 2043 2308 2094 cam,
2336 2041 2454 2096 quae
2480 2024 2716 2096 quotidie
2753 2021 2866 2078 ﬁeri
2910 2020 3124 2078 solent?
3155 2019 3404 2073 Altamen
3451 2031 3518 2070 ne
3561 2015 3630 2072 de
3673 2015 3756 2070 his

2171 2119 2384 2191 quidem
2413 2118 2671 2172 rationem
2695 2115 2905 2169 reddes.
2929 2113 3124 2166 Panem
3153 2109 3386 2181 quotidie
3406 2107 3756 2164 comedimus.

2174 2209 2456 2278 Quomodo
2487 2209 2663 2278 igitur.
2697 2220 2898 2276 qttmso,
2930 2203 3082 2278 panis
3114 2203 3226 2272 ipsa
3257 2210 3442 2254 natura
3473 2199 3522 2253 in
3545 2199 3760 2266 sangui-

2178 2317 2300 2356 nem
2329 2302 2570 2363 vertitur,
2603 2299 2653 2352 in
2688 2297 2949 2366 pituitam,
2989 2296 3039 2348 in
3065 2294 3222 2348 bilem
3246 2303 3300 2346 et
3321 2293 3371 2346 in
3401 2291 3632 2361 reliquos
3661 2290 3763 2344 lut-

2181 2392 2395 2446 ntores?
2453 2390 2584 2444 Nam
2629 2387 2780 2458 panis
2825 2385 3038 2457 quidem
3091 2385 3292 2438 densus
3338 2381 3608 2452 durusque
3659 2389 3761 2442 est.

2182 2483 2396 2554 sanguis
2421 2497 2547 2536 vero
2572 2481 2749 2534 mollis
2775 2487 2828 2532 et
2856 2477 3084 2540 ﬂuidus;
3117 2475 3268 2546 panis
3296 2476 3376 2529 vel
3402 2472 3658 2528 candidus
3685 2473 3766 2526 vel

2187 2573 2433 2628 frumenti
2459 2572 2662 2637 colore,
2697 2569 2913 2639 sanguis
2945 2569 3104 2622 ruber
3128 2575 3181 2621 et
3220 2566 3394 2636 niger.
3440 2563 3767 2620 Cauerat-um

2187 2666 2314 2720 item
2370 2665 2681 2734 qualitatum
2731 2661 3085 2716 differentiam
3129 2660 3173 2714 si
3229 2660 3349 2728 quis
3389 2667 3768 2729 persequatur,

2189 2755 2413 2810 multum
2451 2753 2682 2809 inveniet
2725 2769 2914 2822 panem
2959 2752 3098 2806 inter
3140 2758 3195 2806 et
3234 2751 3545 2820 sanguinem
3587 2749 3775 2804 discri—

2193 2863 2334 2901 men.
2375 2843 2654 2912 Quomodo
2677 2845 2837 2914 igitur
2859 2843 2974 2896 haec
3003 2840 3159 2904 ﬁunt.
3185 2843 3442 2896 rationem
3467 2840 3653 2894 reddas
3681 2855 3776 2894 vc-

2193 2939 2306 2992 lim.
2331 2935 2437 2992 Sed
2461 2951 2750 3006 numquam
2777 2935 2966 3004 possis.
2991 2933 3201 3004 Ergone
3223 2943 3277 2987 tu
3300 2933 3388 3002 qui
3413 2932 3516 2988 cibi
3543 2933 3782 3003 quotidie

2197 3032 2458 3087 immutati
2508 3030 2767 3085 rationem
2798 3027 3024 3083 reddere
3072 3027 3290 3098 nequis,
3321 3041 3351 3080 a
3403 3027 3510 3082 Deo
3554 3035 3784 3096 peracta:

2197 3123 2485 3178 crcationis
2507 3121 2739 3176 rationes
2761 3135 2790 3174 a
2815 3134 2900 3173 me
2924 3119 3171 3188 repetes?
3192 3119 3384 3172 Annon
3405 3117 3506 3172 huc
3530 3111 3784 3172 esti-enm:

2199 3213 2482 3270 dementire
2511 3210 2710 3267 fuerit?
2736 3211 2792 3266 Si
2820 3211 2989 3265 nostri
3017 3209 3206 3264 similis
3223 3219 3304 3264 est
3331 3209 3490 3274 Deus,
3524 3210 3784 3264 rationem

2201 3309 2353 3379 exige
2379 3321 2636 3377 operum;
2671 3305 2777 3358 imo
2807 3320 2871 3357 ne
2899 3303 2948 3356 id
2977 3301 3190 3372 quidem
3218 3301 3546 3355 concedatur
3573 3318 3590 3358 :
3621 3301 3788 3356 multa

2202 3403 2401 3470 quippe
2428 3399 2655 3453 humana
2683 3405 2827 3451 certe
2857 3393 2989 3448 facta
3034 3393 3122 3464 qui
3155 3391 3286 3446 ﬁant
3328 3391 3506 3448 dicere
3535 3407 3640 3446 non
3669 3407 3793 3460 pos.-

2206 3507 2423 3556 sumus;
2455 3489 2688 3558 exempli
2717 3502 2898 3552 causa,
2947 3483 3213 3556 quomodo
3263 3500 3324 3538 ex
3359 3484 3619 3540 metallica
3647 3493 3792 3540 terra

2205 3597 2394 3668 aurum
2424 3581 2544 3646 ﬁat;
2575 3579 2842 3651 quomodo
2865 3593 3025 3632 arena
3057 3575 3112 3630 in
3137 3575 3258 3630 vitri
3289 3576 3572 3646 puritatem
3619 3585 3796 3631 mute-

2211 3666 2316 3730 tur.
2343 3673 2610 3744 Multoque
2635 3671 2785 3742 plura
2817 3669 2920 3724 dici
2961 3675 3180 3739 possent
3213 3669 3445 3722 humano
3467 3666 3690 3722 artiﬁcio
3717 3667 3796 3720 fas

2210 3777 2316 3834 cta,
2354 3779 2579 3837 quorum
2631 3763 2894 3817 rationem
2947 3761 3272 3832 ignoramus.
3321 3757 3704 3814 Verumtamen
3751 3759 3798 3812 si

2213 3858 2380 3912 nostri
2407 3855 2596 3911 similis
2613 3855 2682 3908 sit
2707 3854 2866 3918 Deus,
2896 3867 2991 3921 per
3015 3865 3098 3904 me
3120 3850 3244 3904 licet
3266 3849 3526 3906 rationem
3549 3857 3798 3918 repetas;

2213 3949 2297 4006 sin
2325 3950 2587 4004 immenso
2614 3945 2786 4014 spatio
2821 3959 2851 3997 a
2887 3943 3040 3996 nobis
3084 3941 3266 4004 distat.
3295 3949 3348 3996 et
3373 3955 3535 4010 supra
3583 3939 3800 3994 modum

2215 4037 2507 4104 antecellit,
2544 4051 2720 4089 annon
2749 4041 3005 4088 extremm
3057 4031 3214 4086 fuerit
3261 4029 3484 4084 insania:
3537 4043 3652 4094 eos,
3711 4027 3806 4098 qui

2219 4135 2534 4188 immensam
2563 4129 2703 4183 illius
2729 4127 3043 4198 sapientiam
3073 4133 3128 4179 et
3165 4125 3418 4178 virtutem
3458 4121 3802 4181 conﬁtentur,

2220 4241 2445 4296 eamque
2491 4223 2721 4279 divinam
2765 4230 2821 4276 et
2863 4215 3478 4290 incomprehensibilem.
3536 4213 3690 4283 quasi
3737 4212 3810 4266 de

2222 4321 2452 4375 humana
2483 4315 2710 4388 quadam
2740 4319 2855 4367 arte
2879 4354 2894 4380 ,
2931 4312 3009 4365 sic
3033 4325 3131 4380 per
3169 4307 3376 4377 singula
3423 4305 3683 4360 factorum
3721 4318 3812 4357 ra—

2224 4420 2423 4472 tionem
2466 4409 2758 4482 expetere?
2788 4407 2988 4462 Verum
3037 4403 3121 4459 his
3164 4401 3341 4456 missis
3381 4397 3696 4463 ratiociniis,
3743 4395 3810 4452 ad

2225 4518 2432 4580 petram
2459 4505 2604 4560 illam
2640 4501 2863 4557 solidam
2908 4497 3229 4552 redeamus:
3281 4491 3348 4546 In
3395 4490 3646 4564 principio
3696 4489 3814 4558 fecit

2227 4603 2367 4657 Deus
2397 4599 2576 4654 cazlum
2602 4607 2648 4650 et
2676 4605 2879 4649 terram.
2911 4589 3083 4660 Supra
3125 4586 3252 4643 illud
3275 4583 3676 4640 fundamentum
3707 4591 3811 4646 sta,

2229 4710 2296 4748 ne
2327 4693 2444 4763 quis
2472 4691 2524 4745 in
2557 4697 2610 4744 te
2636 4687 2986 4742 humanarum
3027 4678 3408 4750 cogitationum
3455 4675 3648 4730 fluctus
3697 4687 3814 4730 mo.-

2230 4796 2352 4842 vcat
2385 4803 2397 4838 :
2432 4783 2767 4853 Cogitationes
2802 4777 2935 4832 enim
2977 4773 3269 4828 mortalium
3296 4769 3508 4834 timida,
3542 4777 3588 4824 et
3615 4768 3816 4820 incertat

2231 4879 2604 4934 ndiuvcntiones
2633 4889 2804 4926 eorum
2839 4868 2990 4940 (Sap.
3045 4865 3096 4919 9.
3138 4864 3200 4918 14
3295 4861 3372 4916 Ne
3415 4859 3572 4931 igitur
3599 4857 3650 4911 id
3677 4855 3818 4926 quod

2235 4975 2443 5028 ﬁrnmm
2473 4979 2554 5024 est
2584 4967 2822 5030 deseras,
2852 4972 2909 5017 ut
2949 4959 3142 5014 animus
3168 4968 3270 5012 tuac
3319 4955 3546 5010 salutem
3597 4951 3820 5006 inﬁrmis

2235 5075 2289 5120 et
2335 5061 2610 5117 fallacibus
2645 5053 2936 5112 ratiociniis
2971 5049 3278 5106 committas
3307 5063 3320 5098 :
3353 5044 3448 5100 sed
3479 5057 3635 5098 mane
3675 5042 3727 5095 in
3759 5041 3822 5094 iis

2237 5172 2356 5227 quae
2383 5152 2633 5216 didicisti,
2662 5157 2718 5205 et
2753 5162 2873 5216 qua:
2901 5144 2994 5198 tibi
3017 5139 3322 5196 concredita
3345 5144 3491 5201 sunt,
3521 5143 3576 5190 et
3599 5133 3685 5188 die
3715 5151 3728 5188 :
3757 5131 3816 5184 lu

2245 5224 2497 5322 principio
2521 5246 2640 5320 fecit
2665 5243 2800 5297 Deus
2821 5239 3004 5294 cwlum
3023 5247 3066 5290 et
3095 5245 3298 5290 terram.
3322 5231 3376 5286 Si
3409 5228 3730 5284 Manichacus
3749 5224 3828 5296 (nl

2239 5321 2544 5404 accesserit,
2574 5336 2620 5391 si
2644 5333 2900 5396 Marcion,
2927 5331 2971 5384 si
2999 5325 3258 5382 Valentini
3287 5321 3474 5378 morbo
3496 5321 3824 5386 laborantes,

2243 5438 2288 5490 si
2316 5433 2494 5506 quivis
2525 5430 2686 5495 alius,
2721 5427 2824 5482 hoc
2849 5424 3049 5480 dictum
3078 5420 3286 5490 objicc;
3316 5418 3362 5471 si
3389 5415 3654 5470 ridentem
3679 5403 3829 5466 vitle-

2307 5638 2378 5700 (ιι)
2395 5634 2699 5700 “amemus:
2716 5627 2934 5698 mrem
2947 5619 3832 5700 nauseanssaeuum:

2245 5677 2514 5764 negabant-.-
2521 5677 2815 5745 ᾗῖηῖἆιιευε
2823 5677 2932 5737 sive
2941 5693 3008 5764 pta
3015 5697 3105 5732 nes
3121 5677 3579 5764 dicebat‘mat‘eriam
3586 5681 3834 5764 {ait

2437 5761 2447 5764 “
2525 5759 2568 5764 “’·
2697 5757 2704 5764 ·
2763 5755 2771 5762 '
2841 5750 2933 5764 ’κη-
2975 5754 3014 5764 -ι
3059 5752 3188 5764 μη.-.
3209 5744 3315 5764 ιτιι..
3357 5751 3464 5764 ...μη
3517 5749 3548 5764 η
3621 5747 3648 5764 λ
3693 5743 3701 5752 -
3739 5735 3816 5764 ννη

2525 5731 3039 5812 iugi-tilium“
3059 5731 3188 5796 iuste
3208 5741 3482 5802 Epiphanio,
3517 5749 3562 5799 p.
3586 5731 3702 5780 65οε
3721 5735 3832 5783 Erat
