4146 6260
461 326 563 381 533
605 387 607 390 ς

458 443 686 495 ἄκουσον
708 450 734 479 ιι
760 439 878 501 πῶς
915 439 1097 502 αὑτοῖς
1126 440 1455 511 όΠροφή-της
1506 439 1601 492 καὶ
1644 440 1774 508 περὶ
1808 440 2030 492 ἐκείνων

459 527 764 596 διαλέγεται
795 527 906 578 τῶν
933 526 1046 579 ἄνω
1067 526 1366 596 δυνάμεων.
1399 525 1626 579 Αἰνεῖτε
1662 524 1771 578 τὸν
1790 525 2032 590 Κύριον,

462 614 654 685 φησὶν,
697 613 765 668 ἐκ
809 612 928 666 τῶν
955 611 1226 680 οὐρανῶν
1245 652 1262 678 ,
1297 611 1516 665 αίνεῐτε
1560 609 1750 664 αὐτὸν
1799 610 1868 663 ὲν
1911 607 2037 674 τοῖς

459 701 744 769 ὑψίστοις
761 715 775 729 ο
800 699 1015 754 αίνεῐτε
1037 696 1470 769 αὐτὸν,πάντες
1491 700 1544 751 οὶ
1568 697 1808 766 ἄγγελοι
1829 694 2035 758 αὑτοῦ,

463 785 679 839 αὶνεῐτε
699 784 1094 848 αὐτὸν,πᾶσαι
1116 788 1175 838 αἱ
1196 783 1480 853 δυνάμεις
1499 782 1684 836 αὐτοῦ
1704 796 1718 812 ⁸
1743 782 1833 834 ὅτι
1856 781 2038 846 αὐτὸς

464 869 613 934 εἷπε,
645 870 742 923 καὶ
836 871 1242 942 ἐγενήθησαν·
1286 870 1472 935 αὐτὸς
1519 868 1890 932 ἐνετείλατο,
1938 866 2039 918 καὶ

465 960 855 1024 ἐκτίσθησαν.
913 960 1022 1012 Καὶ
1049 960 1101 1010 τί
1154 958 1465 1028 θαυμαστὸν
1490 1000 1504 1023 ,
1542 958 1590 1009 εί
1621 959 1678 1009 έν
1724 960 1790 1026 τῇ
1827 956 2042 1024 Παλαιᾷ

466 1041 618 1108 οὗτος
638 1047 666 1097 ὁ
695 1048 892 1116 τρόπος
923 1048 1022 1116 τῆς
1057 1046 1406 1109 διδασκαλίας
1437 1047 1606 1109 ἐστὶν,
1638 1046 1838 1111 ὄπουγε
1867 1044 1959 1096 καὶ
1983 1046 2040 1097 έν

468 1135 532 1202 τῇ
558 1135 753 1203 Καινῇ,
783 1133 870 1186 ὅτε
906 1132 1011 1184 τῶν
1053 1132 1395 1203 ὑψηλοτέρων
1427 1132 1773 1201 διδαγμάτων
1798 1134 1824 1172 ι)
1853 1131 2042 1201 καιρὸς

466 1215 558 1290 ἦν,
605 1219 910 1289 Ἀθηναίοις
946 1219 1327 1289 διαλεγόμενος
1361 1222 1388 1272 ὁ
1428 1219 1640 1282 Παῦλος
1664 1218 1868 1289 ταύτην
1910 1213 2042 1288 ¹ἦλθε

468 1305 567 1376 τὴν
591 1306 728 1368 ὁδὸν,
763 1306 939 1377 ἡνπερ
974 1301 1105 1375 ἦλθε
1134 1305 1375 1374 Μωῦσῆς
1424 1305 1708 1367 Ἰουδαίους
1737 1304 2040 1367 παιδεύων;

472 1391 605 1444 Οὐδὲ
635 1391 742 1462 γὰρ
771 1385 924 1454 οὗτος
953 1393 1080 1463 περὶ
1111 1390 1357 1460 ἀγγέλων
1390 1392 1483 1442 καὶ
1511 1389 1863 1459 ἀρχαγγέλων
1893 1385 2042 1441 εἶπεν

472 1479 673 1540 αὑτοῖς,
714 1478 849 1532 ἀλλά
889 1480 1017 1550 περὶ
1063 1479 1292 1548 ούρανοῦ
1328 1478 1422 1528 καὶ
1459 1476 1563 1546 γῆς
1611 1477 1707 1528 καὶ
1754 1475 2041 1544 Θαλάττης,

471 1565 614 1618 οὑτω
636 1585 751 1628 πως
781 1556 1108 1638 δημηγορῶν
1129 1584 1143 1597 ’
1185 1568 1245 1620 '0
1281 1565 1424 1629 Θεὸς
1453 1569 1485 1618 ό
1514 1565 1775 1631 ποιήσας
1804 1564 1911 1616 τὸν
1944 1563 2046 1615 κό-

473 1668 631 1722 σμον
679 1653 775 1707 καί
807 1654 1004 1708 πάντα
1044 1655 1114 1706 τὰ
1143 1656 1212 1707 ἐν
1244 1655 1424 1719 αὐτῷ,
1455 1650 1631 1717 οὗτος
1662 1651 1918 1720 οὐρανοῦ
1948 1649 2047 1702 καὶ

472 1741 586 1814 γῆς
618 1740 902 1810 ὑπάρχων
936 1743 1170 1808 Κύριος,
1198 1744 1310 1793 οὐκ
1338 1742 1408 1793 ἐν
1441 1739 1873 1808 χειροποιήτοις
1908 1753 2046 1790 κατ-

473 1827 625 1886 οικεῖ
640 1828 826 1892 ναοῖς.
845 1828 980 1882 Ἀλλ’
997 1830 1117 1897 οὑχ,
1135 1829 1225 1880 ὅτε
1245 1827 1629 1896 Φιλιππησίοις
1653 1825 1942 1892 διελέγετο,
1961 1822 2048 1876 διά

472 1913 674 1983 ταύτης
693 1915 897 1984 ἤγαγεν
918 1915 1114 1977 αὐτοὺς
1137 1915 1236 1983 τῆς
1251 1913 1370 1966 ὁδοῦ
1387 1933 1398 1943 ·
1424 1914 1535 1966 ἀλλ’
1559 1913 1652 1963 ἐπὶ
1673 1913 1769 1980 τὴν
1791 1911 2050 1980 ὑῂλοτέ-

478 2017 574 2070 ραν
593 2002 789 2064 αὐτοὺς
808 2003 998 2069 ἀνάγει
1025 2003 1386 2071 δημηγορίαν,
1404 2001 1601 2054 οὑτωσὶ
1625 1999 1820 2066 λέγων·
1840 2000 1966 2050 ’Ὀτι
1981 1999 2051 2050 ὲν

473 2086 633 2150 αὐτῷ
649 2087 896 2154 ἐκτίσθη
917 2089 986 2140 τὰ
1005 2088 1202 2141 πάντα
1220 2089 1290 2139 τὰ
1305 2087 1378 2138 ἐν
1390 2086 1512 2151 τοῖς
1539 2085 1814 2151 οὐρανοῖς
1840 2084 1936 2136 καί
1951 2083 2049 2136 ἐπὶ

475 2175 586 2241 τῆς
609 2174 742 2242 γῆς,
764 2175 883 2228 εἴτε
904 2177 1126 2242 θρόνοι,
1171 2175 1292 2227 εἴτε
1321 2175 1684 2241 κυριότητες,
1709 2173 1829 2225 εἴτε
1849 2172 2049 2240 ἀρχαί,

477 2259 597 2312 εἴτε
645 2260 949 2323 ἐξουσίαι·
991 2261 1188 2313 πάντα
1233 2261 1307 2313 δι’
1339 2259 1550 2325 αὑτοῦ,
1588 2261 1687 2312 καὶ
1735 2262 1822 2325 εἰς
1868 2260 2053 2313 αὐτὸν

481 2347 768 2399 ἔκτισται.
783 2345 939 2399 Οὕτω
954 2347 1049 2399 καὶ
1077 2347 1540 2418 Ἰωάννης,ὲπειδὴ
1559 2347 1922 2417 τελειοτέρους
1942 2341 2050 2416 εἶχε

451 2427 458 2432 ’
479 2433 605 2494 τοὺς
623 2433 1303 2504 μαθητευομένους,πάσης
1319 2433 1452 2503 ὁμοῦ
1468 2435 1566 2504 τῆς
1584 2434 1810 2496 κτίσεως
1823 2436 1847 2485 ὲ
1855 2450 1957 2502 μνη
1967 2433 2052 2502 μόο

481 2536 690 2573 νευσεν.
711 2523 785 2574 Οὑ
811 2522 919 2594 γάρ
943 2519 1113 2588 εἶπεν,
1140 2522 1365 2593 οὐρανὸν
1395 2521 1490 2576 καλ¹
1512 2524 1614 2592 γῆν
1639 2525 1734 2576 καὶ
1763 2523 2051 2585 θάλατταν,

479 2606 618 2670 ἀλλ’,
640 2608 720 2659 ὅτι
737 2609 939 2660 Πάντα
960 2608 1032 2660 δι’
1057 2610 1242 2662 αὐτοῦ
1263 2609 1520 2678 ἐγένετο,
1547 2609 1644 2663 καὶ
1665 2611 1841 2678 χωρὶς
1867 2609 2054 2662 αὐτοῦ

481 2692 716 2762 ἐγένετο
743 2695 884 2747 οὐδὲ
914 2695 984 2747 ἐν
1022 2695 1053 2748 ὃ
1083 2696 1331 2765 γέγονεν
1349 2716 1362 2728 ·
1397 2696 1507 2748 εἴτε
1550 2697 1842 2768 ὁρώμενον,
1868 2696 2053 2766 φησὶν,

482 2781 591 2837 εἴτε
624 2780 698 2851 μὴ
719 2779 1012 2852 ὁρώμενον.
1037 2783 1300 2852 Καθάπερ
1327 2783 1436 2854 γὰρ
1464 2783 1553 2838 ἐπὶ
1576 2783 1681 2836 τῶν
1701 2783 2051 2847 διδασκάλων,

483 2868 514 2920 ὁ
544 2867 641 2936 μὲν
668 2868 817 2938 παρά
837 2870 935 2939 τῆς
961 2871 1165 2942 μητρὸς
1197 2870 1512 2934 διδάσκαλος
1535 2871 1596 2924 τὸ
1621 2871 1826 2924 παιδίον
1855 2871 2051 2936 λαϐὼν,

485 2943 554 3006 τά
578 2954 768 3023 πρῶτα
793 2965 814 2993 ε
846 2955 1007 3007 αὑτὸν
1035 2956 1274 3009 παιδεύει
1303 2961 1558 3027 στοιχεῖα,
1585 2960 1612 3010 ὁ
1633 2957 1688 3010 δὲ
1713 2961 1842 3028 παρ’
1870 2959 2056 3029 έτέρου

486 3037 664 3092 λαϐὼν
692 3040 1030 3106 διδασκάλου,
1065 3043 1310 3114 μαθητὴν
1344 3044 1480 3114 πρὸς
1510 3044 1579 3096 τά
1610 3045 1916 3115 ὑψηλότερα
1948 3045 2056 3098 τῶν

486 3124 830 3196 διδαγμάτων
863 3128 1015 3196 ἄγει⁸
1052 3128 1194 3181 οὑτω
1231 3130 1324 3183 καὶ
1355 3131 1448 3182 ἐπὶ
1483 3131 1758 3194 Μωῦσέως
1794 3134 1884 3186 καὶ
1913 3133 2058 3186 Παύ-

486 3211 579 3266 λου
631 3213 725 3266 καὶ
772 3214 1018 3268 Ἰωάννου
1058 3217 1267 3283 γέγονε.
1311 3217 1550 3288 Μωὺσῆς
1589 3219 1688 3288 μὲν
1731 3219 1840 3290 γὰρ
1890 3220 2058 3291 μηδὲν

487 3300 689 3358 εἰδυῖαν
729 3301 827 3368 τὴν
855 3301 1015 3370 φύσιν
1043 3307 1075 3373 ἡ
1085 3303 1201 3373 μῶν
1229 3303 1559 3374 παραλαϐὼν
1597 3307 1719 3377 ἄρτι
1748 3306 1841 3359 τοῦ
1899 3308 2058 3376 γάλα-

489 3405 616 3451 κτος
640 3389 1064 3458 ἀπαλλαγεῖσαν,
1107 3389 1173 3443 τὰ
1199 3391 1390 3460 πρῶτα
1422 3392 1521 3460 τῆς
1551 3392 1878 3460 θεογνωσίας
1905 3395 2060 3448 ἐπαί-

489 3469 645 3523 δευσε
691 3476 930 3542 στοιχεῖα
955 3489 968 3502 ·
1011 3474 1263 3544 Ἰωάννης
1306 3474 1364 3526 δὲ
1395 3475 1486 3527 καὶ
1527 3475 1758 3539 Παῦλος,
1809 3478 2058 3546 καθάπερ

492 3555 642 3624 παρά
661 3555 987 3608 διδασκάλου
1022 3556 1112 3609 τοῦ
1145 3557 1426 3620 Μωῦσέως
1450 3560 1647 3621 αὑτοὺς
1667 3559 1940 3627 λαϐόντες,
1966 3563 2059 3616 ἐπὶ

490 3638 560 3690 τὰ
588 3637 893 3710 ὑψηλότερα
931 3639 1038 3693 τῶν
1071 3639 1414 3709 διδαγμάτων
1457 3642 1739 3710 ἀνάγουσι,
1770 3644 1878 3696 τῶν
1921 3663 2058 3716 προ-

493 3725 662 3794 τέρων
706 3726 1214 3795 ἀναμιμνήσκοντες
1255 3730 1312 3779 ἐν
1356 3727 1566 3796 βραχεῖ.
1598 3725 1751 3792 Εἶδες
1785 3731 2061 3800 ἑκατέρων

492 3812 600 3863 τῶν
628 3811 911 3881 Διαθηκῶν
931 3813 1030 3880 τὴν
1063 3813 1382 3878 συγγένειαν
1405 3830 1419 3877 ;
1450 3811 1601 3876 Είδες
1623 3815 1718 3883 τὴν
1747 3818 2061 3884 συμφωνίαν

495 3897 604 3950 τῶν
640 3897 1018 3966 διδαγμάτων;
1050 3898 1329 3958 Ἤκουσας
1355 3899 1481 3969 περί
1517 3900 1614 3967 τῆς
1647 3900 1754 3952 τῶν
1791 3901 2064 3971 αἰσθητῶν

493 3985 853 4055 δημιουργίας
874 3985 931 4037 ὲν
957 3985 1023 4053 τῇ
1055 3984 1283 4053 Παλαιᾷ,
1314 3984 1557 4055 καὶπερὶ
1593 3987 1690 4054 τῆς
1724 3987 1833 4039 τῶν
1857 3989 2064 4059 νοητῶν

495 4071 588 4124 τοῦ
627 4070 786 4124 Δαυῒδ
815 4070 1084 4139 λέγοντος,
1124 4072 1250 4123 Ὅτι
1285 4073 1458 4137 αὐτὸς
1496 4070 1644 4136 εἷπε,
1679 4077 1776 4127 καὶ
1820 4076 2063 4143 ἐγεννή-

496 4161 733 4225 θησαν;
773 4157 929 4210 Οὕτω
970 4158 1130 4210 πάλιν
1173 4159 1230 4209 έν
1263 4161 1328 4226 τῇ
1364 4161 1559 4228 Καινῇ,
1593 4159 1762 4212 εἰπὼν
1802 4163 1927 4231 περὶ
1957 4163 2065 4215 τῶν

506 4244 757 4314 ἀοράτων
782 4246 1083 4312 δυνάμεων,
1116 4239 1233 4296 εἷπε
1259 4245 1348 4297 καὶ
1385 4246 1509 4315 περὶ
1539 4246 1634 4315 τῆς
1661 4247 1922 4318 αἰσθητῆς
1951 4250 2067 4302 κτί-

497 4341 658 4390 σεως·
684 4328 782 4380 Ἑν
809 4328 963 4397 ἀρχῇ
993 4330 1284 4397 ἐποίησεν
1313 4335 1344 4386 ό
1372 4333 1519 4399 Θεὸς
1550 4335 1657 4387 τὸν
1685 4337 1946 4403 οὐρανὸν
1974 4337 2072 4390 καὶ

496 4415 611 4483 τὴν
639 4415 774 4485 τῆν.
807 4416 880 4470 Τὸ
915 4419 1066 4488 ῥῆμα
1093 4419 1249 4472 τοῦτο
1278 4421 1448 4492 βραχὺ
1489 4423 1587 4492 μέν
1617 4425 1731 4476 ἐστι
1772 4425 1864 4477 καὶ
1895 4423 2069 4493 ψιλὸν,

498 4505 589 4556 καὶ
619 4506 768 4574 ῥῆμα
794 4505 871 4558 ἓν·
903 4505 1148 4570 ἅπαντας
1178 4507 1234 4561 δὲ
1265 4510 1372 4562 τῶν
1399 4510 1654 4563 ἐναντίων
1680 4512 1802 4574 τοὺς
1828 4511 2071 4582 πύργους

497 4591 863 4662 καταστρέψαι
895 4591 1045 4664 [649]
1079 4595 1381 4665 δυνήσεται.
1415 4597 1613 4649 Σκόπει
1638 4598 1715 4652 δέ.

567 4676 934 4747 Προσέρχεται
960 4680 1260 4749 Μανιχαῖος
1289 4681 1480 4749 λέγων,
1509 4684 1824 4756 Ἀγέννητός
1855 4686 2000 4738 ἐστιν
2035 4685 2069 4754 ἡ

504 4765 605 4838 ’ὕλη
629 4783 642 4796 ο
677 4766 796 4818 εἰπὲ
823 4765 958 4835 πρὸς
993 4766 1171 4828 αὑτὸν,
1221 4766 1323 4818 Ἔν
1355 4765 1511 4834 ἀρχῇ
1545 4767 1832 4835 ἐποίησεν
1863 4777 1894 4825 d
1926 4776 2071 4840 Θεὸς

507 4858 610 4910 τὸν
631 4855 909 4922 οίιρανὸν,
951 4853 1048 4904 καὶ
1098 4853 1211 4919 τὴν
1252 4851 1388 4920 γῆν,
1423 4853 1516 4904 καὶ
1553 4855 1726 4908 πάντα
1773 4857 1862 4911 τὸν
1903 4860 2070 4929 τῦφον

507 4939 670 4998 αὑτοῦ
722 4935 1095 5007 κατέστρεψας
1139 4936 1359 4998 εὐθέως.
1401 4936 1538 4988 Ἀλλ’
1588 4938 1668 4989 οὑ
1700 4941 1942 4993 πιστεύει
1992 4945 2070 5014 τῷ

508 5029 710 5098 ῥήματι
737 5023 834 5092 τῆς
876 5021 1116 5090 Γραφῆς,
1147 5021 1330 5089 φησίν.
1367 5019 1574 5072 Οὐκοῦν
1603 5021 1688 5074 διὰ
1721 5023 1879 5076 τοῦτο
1907 5028 2070 5082 αὑτὸν

503 5112 577 5171 ὡς
609 5105 930 5177 μαινόμενον
961 5104 1279 5172 διάκρουσον
1307 5105 1400 5154 καὶ
1431 5104 1829 5174 ἀποστράφηθι.
1875 5109 1932 5161 '0
1961 5114 2071 5182 γὰρ

513 5191 581 5261 τῷ
623 5188 741 5257 θεῷ
779 5187 854 5257 μὴ
894 5185 1160 5238 πιστεύων
1203 5185 1647 5255 ἀποφαινομένῳ,
1695 5189 1832 5242 ἀλλά
1877 5190 2069 5260 ψεῦδος

507 5275 604 5343 τῆς
631 5271 888 5340 ἀληθείας
918 5267 1376 5336 καταγινώσκων,
1412 5270 1529 5330 πῶς
1561 5272 1621 5322 οὑ
1656 5270 1922 5342 λαμπρῶς
1972 5296 2072 5346 μα-

511 5360 626 5421 νίας
668 5357 887 5425 ἐκφέρει
921 5355 1133 5425 δεῖγμα,
1165 5355 1263 5425 τὴν
1292 5356 1580 5420 ἀπιστίαν;
1610 5359 1716 5410 Καὶ
1749 5359 1862 5422 πῶς
1888 5361 1946 5426 ἐξ
1972 5365 2071 5417 οὐκ

549 5507 592 5579 .t
618 5507 807 5579 1:!pr
818 5509 1010 5579 ἑαυτοὺς
1033 5509 1271 5579 ἐπέδωκαν
1281 5507 1394 5579 πρδς
1405 5511 1684 5560 θεοσέϐειαν.
1696 5512 1935 5563 Ἀκουσον
1949 5517 2070 5579 Reg.

569 5566 597 5602 δ
620 5566 734 5632 [Γώνξ
747 5571 1012 5632 φιλοσόφων
1030 5566 1328 5630 διδαγμοίτων
1347 5571 1469 5630 Reg.

542 5631 595 5700 ,ξ
624 5627 688 5736 Irin
713 5627 834 5736 ξοδ.
863 5627 1052 5692 et'ipw
1081 5627 1229 5683 εδει.
1257 5646 1317 5680 ex
1345 5627 1549 5695 conﬂect.
1579 5632 1630 5682 In
1673 5637 1818 5686 editis
1846 5638 1904 5686 τὰ
1943 5655 2072 5703 πρω-

516 5704 612 5738 τειοι
663 5704 721 5738 na.
764 5728 774 5738 .

543 5710 612 5740 δια
633 5710 774 5738 ιιιίιιιξ.

1683 319 1750 374 IN
1779 315 2084 372 GENESIM
2125 316 2359 374 SERMO
2396 321 2417 374 l

2135 437 2305 492 ὅντων
2345 441 2542 507 γένοιτ’
2579 443 2643 498 ἄν
2671 462 2742 510 τι,
2785 445 2951 515 φησί;
2981 445 3052 497 Σὺ
3097 443 3153 497 δέ
3190 459 3277 513 μοι
3315 443 3455 507 εἰπὲ,
3491 443 3606 506 πῶς
3640 445 3698 509 ἐξ

2135 523 2302 577 ὄντων
2334 525 2539 594 γένοιτό
2567 546 2646 595 τι;
2679 532 2797 584 Ὅτι
2843 533 2940 600 μὲν
2980 531 3089 602 γὰρ
3117 529 3177 594 ἐξ
3219 530 3318 582 οὐκ
3347 529 3516 583 ὄντων
3553 533 3585 598 ἡ
3627 531 3699 599 Ὑῆ

2135 613 2376 680 γέγονεν,
2405 618 2514 684 ἐγὼ
2555 619 2652 688 μὲν
2686 620 2950 686 πιστεύω,
2989 622 3052 673 σὺ
3083 619 3138 672 δὲ
3177 617 3570 688 ἀμφιϐάλλεις·
3617 618 3698 672 δτι

2136 698 2193 750 δὲ
2217 701 2280 752 ὲκ
2305 702 2408 770 γῆς
2428 703 2647 771 γέγονεν
2677 705 2771 760 ἄνθ
2781 723 2976 775 ρωπος,
3002 707 3298 776 ἀμφότεροι
3316 704 3700 775 ὁμολογοῦμεν.

2144 783 2272 837 Εἰπὲ
2306 787 2482 839 τοίνυν
2512 789 2572 841 τὺ
2609 791 3131 862 συνομολογούμενον
3173 793 3266 844 καὶ
3317 790 3702 861 εὐκολώτερον,

2142 871 2258 933 πῶς
2279 874 2386 924 ἀπὸ
2414 876 2513 944 τῆς
2542 876 2646 944 γῆς
2669 878 2859 945 γέγονε
2881 878 3082 949 σαρκὸς
3104 877 3281 947 φύσις·
3308 865 3446 943 HW)
3471 877 3571 945 Υῆς
3595 875 3704 946 γὰρ

2141 957 2330 1026 πηλὸς,
2367 961 2459 1012 καὶ
2507 961 2744 1025 πλίνθος,
2775 964 2868 1015 καὶ
2901 964 3160 1033 κέραμος,
3191 961 3284 1016 καὶ
3323 960 3585 1034 ὄστρακον
3622 963 3708 1030 γί-

2140 1061 2321 1097 νεται·
2375 1046 2554 1115 σάρκα
2597 1049 2653 1100 δὲ
2694 1050 2800 1101 ἀπὸ
2832 1050 2934 1118 γῆς
2971 1051 3258 1120 γινομένην
3287 1044 3460 1111 οὐδεὶς
3492 1047 3557 1102 ἂν
3611 1042 3709 1101 ἴδοι

2143 1131 2294 1184 ποτέ.
2339 1131 2465 1196 Πῶς
2506 1129 2598 1186 οῦν
2644 1134 2834 1202 γέγονε
2871 1137 3072 1207 σαρκὸς
3122 1136 3310 1203 φύσις;
3368 1135 3484 1199 πῶς
3520 1133 3711 1188 ὀστοῦν

2143 1217 2435 1289 διεπλάσθη
2459 1235 2473 1283 ;
2496 1219 2613 1282 πῶς
2640 1219 2834 1291 νεῦρα;
2871 1221 2986 1284 πῶς
3014 1221 3241 1289 φλέϐεςς
3273 1222 3387 1285 πῶς
3418 1222 3709 1292 ἀρτηρίαις

2145 1304 2261 1367 πῶς
2303 1305 2465 1375 ὑμὴν,
2497 1306 2591 1360 καὶ
2621 1307 2796 1372 λίπος,
2826 1309 2920 1361 καὶ
2959 1307 3159 1376 σάρκες
3178 1306 3227 1371 ἀ,
3261 1309 3352 1359 καὶ
3390 1307 3586 1378 δέρμα,
3619 1308 3713 1360 καὶ

2147 1388 2353 1459 ὄνυχες,
2386 1393 2480 1444 καὶ
2529 1392 2734 1462 τρίχες,
2766 1394 2860 1445 καὶ
2883 1393 3116 1464 τοσαύτη
3157 1393 3399 1446 ποικιλία
3437 1392 3711 1462 διαφόρων

2145 1476 2340 1528 οὐσιῶν
2367 1478 2430 1529 ὲκ
2479 1479 2606 1550 μιᾶς
2639 1480 2736 1548 τῆς
2770 1479 3135 1550 ὑποκειμένης
3169 1479 3302 1548 γῆς;
3339 1479 3476 1540 Ἀλλ’
3520 1479 3619 1530 οὑκ
3648 1477 3715 1530 ἂν

2147 1561 2288 1631 ἔχοις
2322 1544 2670 1631 είπείνῌΙῶς
2694 1562 2786 1618 οὖν
2817 1567 2916 1618 οὐκ
2942 1565 3140 1618 ἄτοπον
3173 1565 3234 1617 τὸ
3261 1565 3592 1635 σαφέστερον
3625 1565 3717 1617 καὶ

2148 1647 2511 1719 εὐκολώτερον
2540 1649 2858 1717 ἀγνοοῦντα,
2882 1651 2942 1704 τὸ
2966 1651 3388 1720 δυσχερέστερον
3419 1650 3513 1703 καὶ
3544 1651 3715 1720 ἀπορ-

2151 1734 2339 1803 ρητότε
2350 1751 2438 1803 ρον
2474 1752 2541 1786 πε
2551 1753 2626 1804 ριε
2637 1737 2799 1806 ργάζε
2809 1737 2931 1790 σθαι
2956 1737 3050 1790 καὶ
3073 1738 3546 1806 πολυπραγμονεῖν
3560 1754 3574 1802 ;

2217 1819 2286 1887 γ’.
2312 1821 2498 1873 Βούλει
2520 1839 2578 1873 σε
2599 1824 2692 1875 καὶ
2705 1824 2787 1891 ἐφ’
2805 1823 2889 1877 έτε
2899 1840 2988 1892 ρον
3008 1823 3100 1876 καὶ
3123 1823 3484 1895 εὐκολώτερον
3504 1823 3716 1891 ἀγάγω,

2151 1909 2244 1961 καὶ
2275 1909 2396 1962 καθ’
2427 1911 2662 1980 ἑκάστην
2682 1912 2894 1982 ἡμέραν
2920 1911 3234 1981 γινόμενον;
3271 1912 3410 1964 Ἀλλ’
3429 1913 3576 1981 ὅμως
3600 1913 3721 1964 οὐδὲ

2149 1997 2339 2050 τούτου
2374 2015 2464 2068 μοι
2502 1999 2594 2052 τὸν
2647 2000 2804 2066 λόγον
2843 2002 2977 2070 ἐρεῖ.
3029 2001 3228 2071 ’Ἄρτον
3259 1998 3550 2069 σιτούμεθα
3598 2000 3720 2052 καθ’

2152 2086 2388 2155 έκάστην
2429 2086 2662 2155 ἡμέραν.
2713 2087 2838 2149 Πῶς
2876 2083 2990 2153 οὖν,
3039 2087 3165 2139 είπέ
3201 2087 3385 2156 μοι,ἡ
3424 2085 3516 2137 τοῦ
3557 2085 3722 2156 ἄρτου

2153 2171 2314 2239 φύσις
2348 2171 2484 2242 αὕτη
2533 2175 2613 2234 εἰς
2655 2167 2794 2242 αἷμα
2847 2167 3164 2242 μεθίσταται
3213 2173 3305 2225 καὶ
3349 2172 3595 2242 φλέγμα,
3631 2174 3724 2224 καὶ

2153 2258 2334 2328 χολὴν,
2363 2261 2454 2311 καὶ
2477 2261 2603 2323 τοὺς
2628 2260 2848 2321 λοιποὺς
2878 2261 2935 2311 ἐν
2965 2261 3095 2329 ἡμῖν
3122 2259 3363 2330 χυμούς;
3402 2259 3456 2312 Ὀ
3489 2260 3584 2328 μὲν
3617 2261 3723 2328 γάρ

2154 2347 2269 2398 ἐστι
2312 2346 2515 2408 πυκνὸς
2554 2346 2648 2399 καὶ
2695 2346 2956 2417 σκληρὸς,
2999 2346 3058 2397 τὸ
3104 2347 3158 2398 δὲ
3212 2341 3350 2415 αίμα
3389 2346 3583 2414 χαυνδν
3631 2347 3725 2397 καὶ

2152 2432 2422 2503 διαρρέον,
2447 2435 2539 2486 καὶ
2563 2434 2592 2484 ὁ
2623 2433 2720 2502 μὲν
2749 2433 2938 2495 λευκὸς
2959 2433 2990 2503 ἢ
3021 2433 3318 2503 σιτόχρους,
3342 2432 3402 2484 τὸ
3424 2432 3479 2484 δὲ
3501 2431 3726 2503 ἐρυθρὸν

2153 2521 2248 2572 καὶ
2274 2521 2457 2591 μέλαν.
2475 2523 2584 2573 Καὶ
2611 2521 2719 2573 τῶν
2744 2519 2916 2574 ἄλλων
2941 2520 2997 2572 δὲ
3029 2519 3326 2590 ποιοτήτων
3344 2519 3442 2580 τὰς
3466 2519 3726 2590 διαφορὰς

2155 2608 2208 2660 ετ
2247 2625 2331 2670 τις
2379 2592 2660 2670 ἐπέλθοι,’
2688 2609 2820 2659 πολὺ
2858 2607 2920 2660 τὸ
2952 2608 3114 2677 μέσον
3157 2607 3379 2675 εὑρήσει
3422 2606 3585 2676 ἄρτου
3632 2609 3729 2660 καὶ

2154 2694 2400 2764 αἵματος.
2443 2694 2566 2757 Πῶς
2601 2691 2693 2746 οὖν
2723 2694 2895 2747 ταῦτα
2924 2695 3154 2761 γίνεται,
3195 2693 3314 2745 εἰπέ
3347 2710 3458 2762 μοι,
3511 2693 3603 2745 καὶ
3638 2692 3728 2744 τὸν

2154 2782 2310 2850 λόγον
2337 2782 2552 2859 ἀπόδος.
2599 2781 2736 2833 Ἀλλ’
2767 2782 2866 2834 οὑκ
2911 2780 2975 2834 ἀν
3009 2781 3172 2850 ἔχοις.
3203 2778 3336 2833 Εἶτα
3382 2781 3591 2851 τροφῆς
3631 2781 3729 2849 τῆς

2155 2870 2277 2922 καθ’
2308 2870 2518 2940 ἡμέραν
2549 2870 2934 2940 ἀλλοιουμένης
2973 2872 3274 2939 παρασχεῖν
3309 2869 3399 2920 τὸν
3432 2868 3586 2936 λόγον
3631 2869 3730 2922 οὑκ

2158 2957 2328 3028 έχων,
2361 2959 2458 3027 τῆς
2492 2958 2584 3010 τοῦ
2623 2957 2756 3010 Θεοῦ
2786 2957 3141 3027 δημιουργίας
3184 2958 3433 3018 ἀπαιτεῖς
3470 2973 3538 3026 με
3568 2955 3731 3010 εὐθύ-

2156 3060 2286 3106 νας;
2322 3046 2429 3096 Καὶ
2462 3044 2579 3106 πῶς
2599 3045 2697 3097 οὑκ
2723 3044 2954 3113 ἐσχάτης
2974 3044 3158 3106 ἀνοίας
3191 3043 3348 3095 τοῦτο
3365 3059 3381 3108 ;
3406 3043 3469 3094 Εί
3502 3044 3600 3112 μὲν
3622 3044 3730 3114 γὰρ

2158 3131 2280 3185 καθ’
2302 3133 2450 3202 ἡμᾶς
2479 3133 2626 3185 ἐστιν
2653 3133 2680 3183 ὁ
2721 3131 2870 3196 Θεὸς,
2908 3131 3129 3185 ἀπαίτει
3164 3132 3271 3184 τῶν
3303 3131 3608 3200 γενομένων
3640 3132 3731 3185 τὸν

2157 3219 2312 3287 λόγον
2331 3237 2342 3247 ’
2372 3219 2571 3289 μᾶλλον
2603 3219 2659 3271 δὲ
2689 3219 2824 3291 μηδὲ
2850 3219 2991 3272 οὕτω
3008 3234 3024 3250 ο
3058 3219 3229 3272 πολλά
3254 3219 3362 3289 γάρ
3383 3219 3494 3270 τῶν
3521 3218 3732 3290 ἀνθρω-

2159 3307 2289 3380 πίνῃ
2322 3307 2618 3377 γινομένων
2644 3309 2809 3380 τέχνῃ
2845 3307 2992 3370 ὅπως
3021 3307 3228 3375 γίνεται
3272 3307 3444 3358 εἰπεῖν
3475 3307 3572 3358 οὑκ
3613 3307 3730 3377 έχο-

2161 3410 2260 3463 μεν
2282 3411 2296 3424 ν
2324 3391 2458 3459 οἷον,
2489 3393 2605 3457 πῶς
2641 3395 2747 3446 ἀπὸ
2781 3394 2884 3463 γῆς
2924 3395 3022 3464 τῆς
3055 3397 3112 3447 ὲν
3140 3397 3250 3458 τοῖς
3281 3393 3562 3463 μετάλλοις
3602 3410 3734 3463 χρυ-

2161 3487 2275 3543 σίου
2315 3485 2523 3552 γίνεται
2572 3484 2760 3552 φύσις·
2816 3484 2931 3546 πῶς
2964 3487 3043 3547 είς
3093 3483 3246 3536 ὑελοῦ
3293 3483 3640 3552 καθαρότητα
3697 3485 3731 3554 ἡ

2157 3576 2382 3644 ψάμμος
2417 3574 2735 3644 μεθίσταται
2756 3585 2801 3627 θ.
2835 3575 2942 3626 Καὶ
2963 3573 3124 3643 ἔτερα
3145 3571 3348 3626 τούτων
3369 3574 3482 3626 ἔστι
3516 3573 3732 3626 πλείονα

2160 3665 2355 3724 εἰπεῖν,
2377 3661 2412 3713 ἀ
2434 3661 2639 3728 γίνεται
2668 3662 2764 3730 μὲν
2797 3659 3108 3731 ἀνθρωπίνῃ
3145 3661 3327 3730 τέχνῃ,
3361 3661 3450 3713 τὸν
3488 3661 3544 3712 δὲ
3577 3661 3731 3728 λόγον

2161 3751 2259 3804 οὑκ
2294 3749 2449 3818 ἴσμεν
2473 3751 2653 3818 ἡμεῖς.
2689 3749 2834 3817 Πλὴν
2858 3749 2972 3800 ἀλλ’
3006 3752 3053 3800 εί
3082 3749 3180 3818 μὲν
3215 3749 3336 3800 καθ’
3371 3750 3517 3818 ἡμᾶς
3547 3750 3573 3799 ὁ
3601 3749 3732 3811 Θεός

2165 3836 2331 3896 ἐστιν,
2363 3834 2581 3886 ἀπαίτει
2613 3833 2802 3900 λόγον·
2844 3834 2892 3884 εἰ
2931 3833 2988 3884 δὲ
3021 3834 3260 3903 ἀπείρως
3290 3833 3445 3902 ἡμῶν
3483 3834 3732 3902 διέστηκε

2166 3921 2262 3972 καὶ
2293 3917 2636 3988 ἀσυγκρίτως
2668 3919 2948 3989 ὑπερέχει,
2988 3921 3104 3981 πῶς
3145 3920 3244 3970 οὑκ
3287 3921 3520 3990 ἐσχάτης
3547 3920 3612 3973 ἂν
3648 3922 3734 3992 εἴη

2169 4007 2385 4076 μανίας,
2415 4007 2640 4077 ἄπειρον
2675 4006 2839 4060 αὑτοῦ
2867 4008 2958 4060 καὶ
2981 4009 3081 4077 τὴν
3107 4008 3297 4076 σοφίαν
3332 4007 3426 4060 καὶ
3453 4008 3548 4077 τὴν
3577 4007 3737 4061 δύνα-

2170 4113 2262 4165 μιν
2301 4095 2713 4165 ὁμολογοῦντας,
2748 4094 2841 4146 καὶ
2877 4093 3026 4146 υείαν
3072 4095 3164 4147 καὶ
3205 4093 3604 4162 ἀκατάληπτον,
3660 4095 3734 4156 ὡς

2167 4183 2292 4252 περὶ
2320 4182 2665 4252 ἀνθρωπίνης
2710 4181 2854 4246 τινὸς
2899 4182 3112 4252 τέχνης,
3155 4180 3297 4234 οὕτω
3340 4181 3459 4235 καθ’
3505 4182 3736 4235 ἕκαστον

2165 4272 2273 4324 τῶν
2305 4272 2604 4341 γινομένων
2641 4273 2890 4325 ἀπαιτεῖν
2924 4270 3152 4333 εὐθύνας
3195 4271 3392 4335 αὑτόν;
3441 4271 3600 4322 Ἀλλὰ
3625 4272 3735 4340 γάρ

2165 4359 2394 4428 ἀφέντες
2435 4361 2562 4421 τοὺς
2587 4359 2908 4428 λογισμοὺς,
2940 4359 3032 4410 ἐπὶ
3073 4359 3169 4429 τὴν
3198 4357 3348 4430 [649]
3381 4358 3586 4428 πέτραν
3635 4360 3734 4408 ὲπ-

2166 4447 2476 4516 ἀνέλθωμεν
2502 4447 2600 4517 τὴν
2627 4447 2842 4518 ἀρραγῆ
2868 4464 2880 4476 ·
2913 4449 3015 4503 Ἔν
3037 4447 3195 4515 ἀρχῇ
3225 4448 3515 4513 ἐποίησεν
3537 4449 3570 4499 ὁ
3593 4449 3693 4499 Θεέ·
3704 4468 3736 4512 ς

2166 4537 2274 4588 τὸν
2301 4535 2561 4602 οὐρανὸν
2599 4535 2698 4588 καὶ
2732 4536 2846 4602 τὴν
2889 4535 3026 4602 γῆν.
3073 4535 3194 4587 Ἐπὶ
3245 4535 3418 4604 τούτῳ
3461 4535 3618 4603 στῆθι
3656 4535 3734 4605 τῷ

2169 4621 2401 4693 θεμελίῳ
2422 4637 2434 4649 ·
2475 4623 2548 4691 μή
2581 4623 2665 4684 τίς
2689 4638 2748 4674 σε
2774 4622 2857 4684 είς
2883 4621 3158 4691 λογισμῶν
3179 4621 3531 4692 ἀνθρωπίνων
3565 4639 3734 4691 ταραη

2167 4714 2268 4782 χὴν
2301 4713 2617 4783 καταγάγῃο
2654 4714 2939 4782 Λογισμοὶ
2984 4715 3094 4780 γὰρ
3124 4711 3356 4777 θνητῶν
3394 4711 3602 4774 δειλοὶ,
3637 4711 3735 4764 καὶ

2168 4799 2524 4868 ἐπισφαλεῖς
2547 4802 2605 4852 αἱ
2636 4800 2889 4852 ἐπίνοιαι
2920 4797 3137 4851 αὐτῶν.
3161 4797 3252 4868 Μὴ
3281 4798 3460 4850 τοίνυν
3487 4797 3546 4850 τὸ
3579 4800 3735 4869 στερη

2171 4890 2262 4960 ρὸν
2292 4889 2310 4926 ί
2343 4889 2528 4950 ἀφεὶς,
2561 4886 2639 4956 τῷ
2669 4887 2853 4956 σαθρῷ
2891 4887 2982 4938 καὶ
3016 4886 3302 4954 ἐπισφαλεῖ
3335 4885 3428 4958 τὴν
3465 4887 3733 4957 σωτηρίαν

2170 4978 2480 5047 ὲγχειρίσῃς
2508 4976 2609 5045 τῆς
2639 4977 2738 5046 σῆς
2767 4974 2941 5044 ψυχῆς
2965 4990 2978 5004 ’
3016 4974 3149 5028 ἀλλά
3184 4975 3308 5045 μένε
3340 4977 3395 5026 έν
3427 4970 3506 5036 οἷς
3535 4974 3732 5044 ἔμαθες

2171 5070 2263 5120 καὶ
2283 5065 2609 5134 ἐπιστώθης,
2627 5064 2719 5116 καὶ
2741 5065 2863 5132 λέγε
2883 5080 2896 5092 ·
2929 5064 3029 5117 Ἐν
3053 5063 3211 5132 ἀρχῇ
3231 5063 3517 5130 ἐποίησεν
3536 5067 3567 5115 ό
3590 5063 3732 5138 Θεὸς

2169 5155 2277 5208 τὸν
2312 5153 2570 5220 οὐρανὸν
2604 5153 2703 5205 καὶ
2748 5153 2863 5220 τὴν
2888 5151 3024 5222 γῆν.
3073 5153 3192 5205 Κάν
3234 5154 3529 5225 Μανιχαῖος
3564 5166 3731 5218 προσ-

2172 5243 2322 5314 έλθῃ,
2350 5243 2452 5294 κᾶν
2474 5241 2756 5312 Μαρκίων,
2775 5241 2874 5293 κᾶν
2897 5242 2945 5292 οἱ
2971 5239 3040 5293 τὰ
3061 5239 3411 5294 Οὐαλεντίνου
3434 5235 3730 5300 νοσοῦντες,

2172 5331 2272 5384 κᾶν
2297 5329 2540 5383 ὁστισοῦν
2567 5329 2771 5399 ἕτερος,
2799 5327 2956 5381 τοῦτο
2989 5326 3290 5397 προϐάλλου
3323 5326 3383 5375 τὸ
3421 5324 3604 5393 ῥῆμα·
3633 5322 3735 5380 κᾶν

2173 5420 2286 5492 ἴδῃς
2317 5419 2577 5487 γελῶντα,
2601 5421 2665 5472 σὺ
2693 5418 2957 5488 δάκρυσον
2982 5416 3142 5468 αὑτὸν
3163 5415 3238 5476 ὠς
3271 5413 3606 5482 μαινόμενον.
3627 5410 3737 5465 [123.-

2233 5566 2259 5605 d
2288 5565 2434 5626 Ὑμὴν
2460 5565 2536 5610 καὶ
2555 5564 2725 5624 πιμελή
2749 5563 2828 5609 καὶ
2841 5563 3019 5626 σάρκες
3041 5559 3164 5626 Reg:

2239 5631 2261 5657 ο
2289 5618 2575 5675 Μεθίσταται
2601 5618 2723 5685 Reg;
2753 5633 2805 5670 et
2835 5618 2970 5685 Szniij'
2995 5657 3007 5678 ,
3051 5620 3326 5685 καθίσταται
3353 5618 3523 5669 Morel.

2241 5687 2256 5727 ί
2287 5690 2408 5750 Reg.
2432 5688 2634 5750 στερεὸν.
2663 5681 2787 5736 ΙῙιΓΓᾶ
2808 5685 2891 5732 κᾶν
2915 5681 3184 5744 λιανιχαῖος.
