4146 6260
447 334 553 392 585

446 445 594 516 ξινον
623 442 838 514 ἔχουσιν
867 443 1060 500 ἐκεῖνοι
1091 445 1150 500 τὸ
1191 445 1407 516 χρῶμα,
1441 447 1537 498 καὶ
1566 440 2006 512 κατεσταλμένην

445 529 545 600 τήν
581 529 772 598 ὀφρὺν,
821 529 914 581 καὶ
947 529 1201 598 ῥημάτων
1237 528 1570 580 ἐπιείκειαν·
1618 525 1752 580 ἀλλά
1781 523 1920 592 φύγε
1949 521 2011 576 τὸ

445 609 658 680 δέλεαρ,
694 609 789 664 καὶ
822 609 908 661 τὸν
935 612 994 661 ἐν
1020 611 1086 678 τῇ
1115 607 1246 680 δορᾷ
1267 610 1360 663 τοῦ
1396 609 1667 680 προϐάτου
1701 605 2012 678 κρυπτόμε-

446 709 539 746 νον
565 690 945 760 καταμάνθανε
993 691 1174 744 λύκον.
1226 691 1324 744 Διά
1361 691 1519 744 τοῦτο
1569 689 1730 746 αὐτὸν
1778 687 2012 758 μάλιστα

448 773 698 844 μίσησον,
724 772 805 823 ὅτι
827 770 960 840 πρὸς
986 771 1084 840 μὲν
1106 772 1196 824 τὸν
1222 773 1507 842 ὁμόδουλόν
1535 789 1594 825 σε
1621 769 1895 842 προσηνὴς
1917 768 2012 821 καὶ

445 853 654 926 ἥμερος
683 851 822 905 εἶναι
858 853 1022 918 δοκεῖ,
1065 854 1199 925 πρὸς
1237 855 1294 908 δὲ
1325 855 1416 908 τὸν
1450 855 1626 908 κοινὸν
1655 852 1813 923 ήμῶν
1841 849 2012 904 ἀπάν-

443 951 556 988 των
606 934 882 1004 Δεσπότην
929 935 1107 988 κυνῶν
1137 935 1450 990 λυττώντων
1479 937 1624 989 ἐστὶν
1661 932 2008 1004 ἀγριώτερος,

445 1017 756 1086 ἀκήρυκτον
787 1017 867 1080 εἰς
899 1017 991 1070 τὸν
1011 1019 1236 1089 οὐρανὸν
1267 1020 1445 1088 μάχην
1476 1017 1710 1086 εἰσάγων
1732 1015 1826 1069 καί
1854 1014 2013 1066 πόλε-

447 1114 549 1168 μον
571 1097 852 1160 ἄσπονδον,
884 1099 978 1151 καί
1005 1100 1230 1170 δύναμίν
1261 1117 1381 1154 τινα
1405 1099 1464 1164 ἐξ
1495 1099 1738 1161 ἐναντίας
1761 1096 2013 1151 ἀντικαθ-

449 1181 611 1234 ιστῶν
646 1182 724 1252 τῷ
763 1182 899 1253 Θεῷ.
931 1183 1070 1252 Φύγε
1096 1185 1188 1238 τὸν
1224 1185 1300 1238 ἰὸν
1342 1185 1442 1255 τῆς
1479 1184 1758 1254 πονηρίας,
1788 1183 2011 1252 μίσησον

444 1264 514 1316 τὰ
537 1264 838 1336 δηλητήρια
877 1267 1142 1336 φάρμακα
1161 1283 1176 1296 ·
1207 1267 1302 1319 καὶ
1341 1269 1406 1338 ἣν
1439 1267 1590 1338 παρά
1626 1265 1732 1319 τῶν
1765 1265 2012 1332 πατέρων

447 1345 611 1410 ἐδέξω
635 1348 1016 1418 κληρονομίαν,
1051 1349 1149 1420 τήν
1182 1350 1289 1402 ἀπὸ
1329 1349 1438 1403 τῶν
1473 1349 1631 1402 θείων
1660 1345 1891 1417 Γραφῶν
1919 1346 2011 1398 πί-

449 1440 566 1476 στιν
596 1426 692 1478 καὶ
737 1425 1080 1483 διδασκαλίαν
1101 1468 1115 1488 ,
1151 1427 1354 1498 ταύτην
1396 1428 1590 1497 κάτεχε
1625 1425 1762 1496 μετά
1811 1424 2009 1492 πολλῆς

447 1505 550 1573 τῆς
579 1507 898 1574 ἀσφαλείας.
935 1509 1033 1561 Ἐν
1057 1509 1214 1578 ἀρχῇ
1232 1511 1518 1578 ἐποίησεν
1547 1513 1580 1564 ό
1607 1509 1751 1574 Θεὸς
1780 1508 1886 1561 τὸν
1910 1509 2012 1560 οὐ·

441 1595 634 1656 ρανόν
658 1589 756 1642 καὶ
783 1589 896 1658 τὴν
927 1591 1061 1659 γῆν.
1090 1593 1155 1644 Τί
1183 1591 1370 1658 10610;
1403 1592 1616 1664 πρῶτον
1645 1590 1734 1644 τὸν
1763 1589 2009 1660 οὐρανὸν,

449 1665 568 1723 εἶτα
599 1669 697 1740 τὴν
725 1671 862 1740 γῆν;
901 1673 1111 1743 πρῶτον
1145 1673 1234 1726 τὸν
1264 1673 1458 1743 ὄροφον
1479 1684 1521 1737 ⁸,
1562 1669 1678 1725 εἷτα
1709 1671 1769 1724 τὸ
1789 1667 2008 1738 ἔδαφος

450 1752 525 1804 Ού
563 1751 671 1821 γὰρ
702 1753 914 1824 ἀνάγκῃ
965 1754 1178 1822 φύσεως
1223 1755 1526 1818 ὑπόκειται,
1561 1755 1680 1807 οὐδε
1726 1751 2014 1821 ἀκολουθίᾳ.

448 1834 643 1903 τέχνης
665 1829 921 1890 δουλεύει.
949 1836 1054 1889 Καὶ
1085 1837 1191 1907 γὰρ
1221 1838 1314 1890 καὶ
1341 1837 1554 1905 φύσεως
1591 1838 1684 1888 καὶ
1705 1835 1898 1904 τέχνης
1919 1833 2012 1885 καὶ

447 1916 554 1968 τῶν
583 1917 750 1969 ὄντων
776 1917 1030 1972 ἀπάντων
1056 1920 1088 1988 ή
1120 1918 1369 1989 βούλησις
1391 1919 1486 1971 τοῦ
1518 1918 1652 1971 Θεοῦ
1687 1916 2011 1987 δημιουργὸς

447 2000 544 2052 καί
573 1999 822 2071 τεχνίτης
845 2001 980 2055 ἐστί.
1022 2003 1084 2056 Ἠ
1101 2002 1170 2055 δὲ
1197 2001 1272 2072 γῆ
1289 2003 1370 2071 ἦν
1395 2003 1644 2069 ἀόρατος
1675 2000 1774 2053 καί
1795 1999 2012 2054 ἀκατα-

446 2081 807 2147 σκεύαστος.
844 2083 996 2147 Τίνος
1037 2085 1222 2138 ἕνεκεν
1250 2084 1342 2136 τὸν
1382 2084 1480 2154 μὲν
1521 2083 1746 2153 οὐρανὸν
1781 2083 2012 2152 ἀπαρτι-

449 2163 646 2216 σθέντα
663 2166 971 2235 παρήγαγε,
995 2168 1092 2235 τὴν
1119 2166 1174 2219 δέ
1202 2167 1305 2236 γῆν
1327 2167 1466 2220 κατά
1487 2165 1678 2236 μικρὸν
1699 2163 1966 2234 τεχνεύειν
1983 2161 2010 2200 1⁵

445 2247 610 2300 αὐτόν
637 2262 800 2315 φησιν
829 2249 857 2298 ό
881 2248 1154 2319 Μωῦσῆς;
1177 2249 1294 2302 Ἵνα
1321 2251 1378 2301 ἐν
1401 2247 1478 2312 τῷ
1507 2246 1735 2316 βελτίονι
1766 2244 2012 2314 στοιχείῳ

451 2325 636 2396 μαθὼν
661 2327 824 2380 αὐτοῦ
848 2328 946 2398 τὴν
969 2329 1194 2398 δύναμιν
1219 2327 1636 2401 πληροφορηθῇς
1659 2329 1740 2380 ὅτι
1763 2328 1855 2382 καὶ
1885 2325 2013 2379 ταύ-

444 2426 544 2478 την
589 2409 816 2476 ἠδύνατο
836 2451 851 2476 ,
888 2411 1135 2481 καθάπερ
1165 2414 1391 2474 ἐκεῖνον,
1421 2411 1834 2480 ἀπηρτισμένην
1869 2425 2012 2479 παρ-

445 2495 688 2560 αγαγεῖν.
731 2492 889 2545 Ἀλλά
911 2494 998 2546 διὰ
1032 2494 1091 2546 σὲ
1116 2496 1209 2548 καὶ
1239 2493 1337 2564 τὴν
1367 2493 1640 2564 σωτηρίαν
1667 2493 1763 2564 τὴν
1792 2493 1887 2562 σὴν
1913 2493 2013 2545 οὐκ

447 2573 699 2644 ἐποίησεν
734 2573 895 2628 οὓτω.
926 2576 1047 2638 Πῶς
1085 2575 1152 2628 δι’
1198 2577 1298 2644 ἐμὲ
1348 2576 1440 2628 καὶ
1471 2576 1568 2644 τὴν
1605 2575 1874 2645 σωτηρίαν
1913 2574 2012 2645 τὴν

444 2655 602 2727 ἐμὴν,
637 2657 767 2727 φησί
793 2667 850 2722 c;
883 2659 1048 2728 Κοινὴ
1077 2659 1323 2728 τράπεζα
1351 2659 1446 2711 καί¹
1473 2661 1670 2729 πατρὶς
1699 2661 1791 2711 καὶ
1817 2658 2012 2728 τροφὸς

445 2739 539 2790 καί
572 2739 750 2811 μήτηρ
779 2741 1031 2793 ἀπάντων
1062 2743 1206 2794 ἐστὶν
1238 2744 1270 2811 ἡ
1303 2741 1394 2811 γῆ.
1418 2742 1508 2794 καὶ
1539 2743 1691 2802 πόλις
1722 2741 1816 2794 καί
1845 2741 2014 2808 τάφος

445 2821 642 2884 κοινός.
661 2821 770 2875 Καὶ
792 2825 900 2891 γὰρ
935 2822 1002 2876 τὰ
1027 2824 1251 2894 σώματα
1279 2824 1436 2894 ήμῶν
1467 2823 1526 2889 ἐξ
1555 2824 1744 2893 αὐτῆς,
1779 2824 1870 2876 καί
1897 2840 2014 2896 τρο-

445 2905 520 2976 φὴ
549 2907 660 2969 τοῖς
699 2905 946 2976 σώμασιν
977 2908 1129 2977 ήμῶν
1158 2909 1384 2972 ἐκεῖθεν,
1425 2909 1516 2960 καί¹
1551 2907 1761 2977 οἴκησις
1787 2907 1843 2958 ἐν
1871 2906 2010 2977 αὐτῇ

444 2988 540 3040 καὶ
574 2986 816 3058 διαγωγὴ
839 3027 854 3052 ,
889 2989 983 3040 καὶ
1014 2990 1150 3058 μετά
1185 2989 1412 3042 θάνατον
1449 2991 1587 3061 πρὸς
1631 2991 1798 3062 αὐτὴν
1851 2989 2011 3064 πάλιν

443 3069 721 3134 ἐπάνοδος.
745 3072 841 3124 Ἱν’
873 3068 965 3126 οὖν
1008 3073 1082 3144 μὴ
1114 3073 1174 3126 τὸ
1202 3075 1300 3143 τῆς
1337 3074 1525 3144 χρείας
1555 3075 1848 3145 ἀναγκαῖον

443 3152 545 3222 τὴν
571 3153 726 3218 ἀξίαν
758 3171 816 3207 σε
847 3154 1146 3225 θαυμάζειν
1179 3157 1350 3227 αὐτὴν
1383 3159 1794 3231 παρασκευάσῃ,
1830 3157 1923 3210 καί
1952 3155 2012 3209 τὸ

407 3239 420 3248 ’
441 3234 554 3287 τῶν
591 3235 918 3307 εὐεργεσιῶν
950 3238 1153 3307 πλῆθος
1197 3239 1333 3309 πρὸς
1367 3240 1620 3294 ἀσέϐειαν
1659 3239 2008 3309 ύποσκελίσῃ,

443 3317 680 3371 δείκνυσί
713 3335 815 3383 σοι,
846 3320 976 3389 πρὶν
1003 3321 1036 3390 ἢ
1063 3321 1335 3388 γενέσθαι,
1369 3323 1538 3392 αὐτὴν
1567 3324 1890 3393 ἀμόρφωτον
1918 3323 2012 3374 καί

445 3399 836 3464 ἀδιατύπωτον,
866 3402 952 3454 ἵνα
981 3402 1079 3472 τὴν
1109 3401 1388 3458 ἀσθένειαν
1423 3403 1566 3470 ἰδὼν,
1609 3405 1893 3474 θαυμάσῃς
1923 3404 2012 3456 τὸν

445 3483 836 3553 παραγαγόντα
877 3485 1080 3555 αὐτὴν,
1114 3485 1208 3538 καὶ
1248 3488 1426 3540 πᾶσαν
1471 3487 1696 3544 ἐνθέντα
1745 3487 1882 3558 αὐτῇ
1913 3486 2010 3556 τὴν

445 3564 675 3633 δύναμιν
701 3565 902 3638 ταύτην
926 3583 940 3598 ο
984 3568 1069 3621 ἵνα
1109 3567 1338 3640 δοξάσῃς
1365 3568 1456 3621 τὸν
1497 3567 1568 3621 τὰ
1594 3568 1831 3621 τοσαῦτα
1859 3567 2010 3639 [650]

444 3647 582 3716 πρὸς
607 3647 880 3717 ἡμετέραν
913 3649 1094 3702 ἀνεσιν
1127 3651 1586 3704 κατεσκευακότα.
1633 3648 1921 3714 Δοξάζεται
1954 3651 2011 3704 δὲ

443 3731 472 3780 ἰ·
501 3727 630 3792 Θεὸς
667 3729 726 3782 οὐ
756 3729 842 3782 διὰ
877 3731 1159 3800 δογμάτων
1188 3731 1362 3802 ὀρθῶν
1401 3733 1588 3802 μόνον,
1628 3732 1763 3786 ἀλλά
1801 3735 1894 3787 καὶ
1924 3733 2012 3788 διὰ

443 3811 716 3875 πολιτείας
749 3813 1009 3886 ἀρίστης·
1049 3813 1351 3886 Λαμψάτω
1397 3817 1503 3887 γὰρ
1539 3815 1726 3884 ὑμῶν,
1755 3817 1909 3886 φησί,
1944 3817 2009 3872 τὸ

441 3892 568 3963 φῶς
593 3895 928 3963 ἔμπροσθεν
949 3896 1067 3950 τῶν
1087 3897 1426 3964 ἀνθρώπων,
1445 3897 1604 3964 ὅπως
1622 3901 1830 3952 Ζδωσιν
1843 3899 2012 3968 ὑμῶν

441 3975 515 4028 τὰ
551 3976 708 4030 καλὰ
731 3977 895 4048 ἔργα,
935 3978 1035 4032 καὶ
1071 3979 1377 4046 δοξάσωσι
1421 3979 1528 4034 τὸν
1557 3980 1790 4050 Πατέρα
1841 3981 2010 4052 ὑμῶν

443 4059 551 4114 τὸν
577 4062 648 4115 ἐν
675 4062 798 4128 τοῖς
830 4064 1126 4130 οὐρανοῖς.

511 4211 574 4264 δ’.
628 4210 958 4282 Ἐϐουλόμην
987 4214 1112 4275 τοὺς
1137 4215 1266 4284 περί
1290 4213 1656 4284 ἐλεημοσύνης
1691 4215 2006 4286 προσθεῖναι

440 4292 660 4360 λόγους·
705 4293 842 4346 ἀλλὰ
883 4295 1132 4362 περιττόν
1185 4311 1275 4363 μοι
1321 4295 1468 4347 δοκεῖ
1495 4292 1632 4349 εἶναι
1677 4297 1819 4368 λόγῳ
1859 4298 2003 4352 διδά-

443 4391 595 4428 σκειν
617 4375 784 4443 ὑμᾶς,
809 4375 902 4428 τοῦ
931 4375 1020 4429 διά
1046 4377 1153 4430 τῶν
1175 4377 1354 4448 ἐργων
1386 4381 1530 4449 ὑμᾶς
1552 4380 1824 4434 παιδεύειν
1847 4381 2006 4434 δυνα-

444 4458 607 4528 μένου
631 4457 726 4512 νῢν
755 4459 815 4512 ἐν
853 4459 1000 4528 μέσω
1047 4460 1357 4532 καθημένου
1378 4502 1393 4526 ,
1439 4462 1534 4515 106
1573 4463 1753 4518 κοινοῦ
1805 4466 2006 4536 πατρὸς

441 4542 600 4614 ήμῶν
624 4543 721 4598 καὶ
752 4543 1093 4608 διδασκάλου,
1137 4545 1196 4608 ὃς
1245 4545 1342 4617 τήν
1367 4547 1542 4601 οἰκίαν
1595 4548 1692 4619 τὴν
1723 4550 2003 4622 πατρῴαν,

441 4625 631 4698 ῶσπερ
647 4628 726 4691 εἰς
753 4629 884 4682 αὐτὸ
910 4628 1066 4682 τοῦτο
1095 4629 1246 4700 παρά
1261 4629 1370 4682 τῶν
1387 4632 1666 4702 προγόνων
1693 4632 2002 4704 δεξάμενος,

441 4709 529 4762 ἵνα
549 4711 666 4770 ταῖς
689 4710 794 4764 τῶν
831 4710 996 4777 ξένων
1023 4713 1193 4783 αὐτὴν
1215 4711 1531 4785 θεραπείαις
1561 4717 1836 4789 παράσχῃ,
1863 4717 2006 4770 οὕτω

379 4805 392 4812 ·
439 4793 728 4856 διαπαντὸς
751 4795 866 4856 τοῖς
893 4795 1152 4849 πάντοθεν
1187 4795 1564 4866 ἐλαυνομένοις
1587 4797 1725 4868 ὑπὲρ
1749 4799 1846 4868 τῆς
1875 4801 2005 4870 ἀλη-

441 4873 590 4937 θείας
611 4875 909 4946 ἀνῆκε,καὶ
931 4877 1266 4947 ὑποδέχεται,
1282 4879 1378 4930 καί.
1401 4877 1687 4946 θεραπεύει
1713 4880 2006 4950 θεραπείας

438 4956 626 5026 τρόπῳ
656 4959 1004 5028 παντοδαπῷ·
1030 4958 1170 5012 ὥστε
1198 4960 1296 5013 οὐκ
1311 4957 1427 5014 οἶδα
1452 4962 1499 5012 εἰ
1521 4961 1625 5032 χρὴ
1651 4962 1839 5018 τούτου
1871 4964 1994 5034 μᾶλ-

439 5037 600 5108 λον,ῆ
631 5039 738 5092 τῶν
765 5040 929 5104 ξένων
957 5043 1138 5096 καλεῖν
1166 5046 1264 5114 τήν
1287 5047 1462 5100 οἰκίαν
1484 5048 1580 5118 τὴν
1605 5049 1791 5104 τούτου
1812 5067 1826 5082 ·
1866 5050 2004 5119 μᾶλ-

440 5121 532 5175 λον
561 5121 619 5175 δὲ
646 5123 735 5176 διά
757 5124 915 5178 τοῦτο
934 5125 1123 5180 τούτου
1139 5127 1166 5166 ἀ
1189 5130 1428 5199 νομίζειν
1455 5127 1592 5185 εἶναι
1612 5133 1800 5203 αὐτὴν,
1818 5135 2004 5203 ἐπειδὴ

438 5205 548 5258 τῶν
578 5204 742 5273 ξένων
771 5209 904 5263 ἐστί.
937 5209 1046 5262 Καὶ
1075 5211 1181 5284 γάρ
1211 5214 1280 5267 τὰ
1312 5215 1552 5286 ἡμέτερα
1591 5215 1844 5286 κτήματα
1885 5217 2005 5271 τότε

439 5291 677 5362 μάλιστα
703 5293 947 5362 ἡμέτερα
962 5293 1189 5364 γίνεται,
1211 5297 1336 5350 ὅταν
1367 5297 1440 5368 μὴ
1475 5299 1605 5368 ἡμῖν
1643 5299 1843 5364 αὐτοῖς,
1873 5299 2006 5354 ἀλλά

500 5525 529 5592 ᾗ
549 5526 668 5592 Eoi;
688 5527 858 5590 ὄροφον
879 5529 1004 5592 Reg.
1027 5531 1102 5580 ναί
1121 5533 1268 5582 addit.

497 5583 527 5650 ᾗ
549 5587 672 5650 Beg,
691 5583 986 5650 τεχνιτεύεινῖ

497 5647 527 5742 ἒ
543 5647 1252 5770 ῗέἓίνὲὲἒίῖυὲρξυνετῶςλὶθε.

1149 334 1204 390 S.
1240 333 1522 391 JOANNIS
1557 331 2038 390 CIIRYSOSTOMI
2074 332 2388 390 ARCHIEP.
2421 337 2965 396 CONSTANTINOP.

3574 338 3674 396 586

2115 443 2228 504 τοῖς
2251 443 2478 512 πένησιν
2501 443 2638 497 αὐτὰ
2667 443 2990 514 κεκτημένοι
3015 439 3302 504 διαπαντὸς
3327 435 3477 512 ὦμεν
3497 453 3542 499 ο.
3571 446 3676 502 Καὶ

2117 522 2254 588 πῶς,
2273 523 2384 592 ἐγὼ
2403 524 2570 592 λέγω.
2594 527 2690 578 Ἂν
2713 527 2794 589 εἰς
2815 523 2995 589 δεξιὰν
3015 523 3108 576 τοῦ
3131 523 3366 593 πένητος
3387 524 3596 596 ἀποθῇς
3618 529 3676 582 τδ

2115 605 2400 676 ἀργύριον,
2445 607 2506 660 οὺ
2565 609 2906 678 συκοφάντης
2945 605 3274 669 ἐπιτίθεται,
3311 607 3374 660 οὐ
3415 607 3676 676 βάσκανος

2115 685 2388 756 ὀφθαλμὸς
2412 688 2534 758 ὁρᾷ,
2564 689 2626 741 οὐ
2653 689 2856 760 λῃστὴς
2889 689 3220 759 ὑφαιρεῖται,
3259 687 3322 740 οὐ
3351 689 3678 760 τοιχωρύχος

2115 767 2385 840 διορύξας,
2409 771 2508 822 οὐκ
2535 771 2750 840 οἰκέτης
2782 771 3110 841 ἀφελόμενος
3139 769 3525 841 ἀποδιδράσκει
3545 791 3561 806 ·
3585 773 3679 826 καὶ

2116 851 2224 920 γάρ
2239 853 2385 904 ἐστιν
2407 851 2599 905 άσυλον
2613 855 2788 906 ἐκεῖνο
2817 853 2878 906 τὸ
2897 855 3164 923 ταμιεῖον.
3189 855 3286 906 Ἂν
3307 853 3364 904 δὲ
3393 855 3532 910 οῑκοι
3555 871 3680 909 κατ-

2116 931 2336 1005 ορύξῃς,
2371 935 2463 988 καὶ
2500 933 2670 1005 λῃστῇ
2705 935 2800 988 καὶ
2819 934 3142 1005 ¹τοιχωρύχῳ
3178 935 3273 988 καὶ
3304 933 3556 1006 βασκάνῳ
3587 937 3682 990 καὶ

2119 1015 2426 1086 συκοφάντῃ
2449 1016 2543 1068 καὶ
2569 1017 2754 1086 οἰκέτῃ
2777 1017 2871 1070 καὶ
2891 1017 3037 1087 πάσῃ
3071 1015 3241 1086 βλάϐῃ
3259 1018 3430 1080 ποιεῖς
3449 1018 3684 1076 ὑπεύθυν-

2116 1113 2206 1148 νον
2234 1096 2295 1149 τὸ
2313 1097 2550 1167 χρυσίον.
2572 1096 2834 1160 Πολλάκις
2856 1096 2990 1165 γοῦν
3011 1095 3150 1166 μετά
3169 1097 3338 1168 θύρας
3367 1100 3566 1170 μυρίας
3589 1100 3683 1152 καὶ

2127 1179 2357 1250 μοχλοὺς
2392 1181 2494 1242 τὰς
2539 1182 2635 1250 μὲν
2673 1179 2870 1244 ἔξωθεν
2905 1181 3166 1251 ἐπηρείας
3199 1181 3440 1250 διέφυγε,
3472 1186 3598 1248 τοὺς
3628 1185 3683 1238 δέ

2118 1261 2362 1329 φύλακας
2394 1264 2454 1315 οὐ
2481 1262 2750 1331 διέφυγεν,
2786 1263 2899 1316 ἀλλ’
2923 1265 2974 1316 οἱ
3009 1264 3462 1334 τηροῦντεςαύτρ
3497 1267 3684 1324 λαϐόν-

2116 1359 2208 1405 τες
2255 1343 2589 1415 ἀπέδρασαν.
2623 1346 2788 1416 Ὁρᾷς
2825 1346 2906 1399 ὃτι
2948 1347 3069 1399 τότε
3123 1346 3323 1416 μᾶλλον
3359 1347 3538 1418 κύριοι
3575 1348 3682 1407 τῶν

2117 1425 2408 1494 κτημάτων
2444 1427 2632 1498 ἐσμὲν,
2665 1427 2794 1480 ὅταν
2823 1430 2935 1491 τοῖς
2959 1428 3186 1499 πένησιν
3207 1429 3346 1482 αὐτά
3365 1447 3684 1498 παρακατα-

2119 1505 2358 1576 θὼμεθα.
2396 1510 2468 1562 Οὐ
2503 1510 2744 1578 φυλακῆς
2776 1511 2832 1562 δὲ
2854 1511 3015 1563 ἕνεκα
3044 1511 3202 1580 μόνον
3244 1513 3418 1567 ἐκεῖνο
3447 1513 3683 1583 ἀσφαλέ-

2119 1605 2306 1658 στερον
2327 1590 2387 1641 τὸ
2425 1591 2652 1660 χωρίον,
2711 1593 2847 1646 ἀλλά
2881 1593 2974 1646 καί¹
3010 1592 3232 1664 κέρδους
3284 1594 3378 1647 καὶ
3426 1596 3686 1664 προσόδου

2116 1671 2360 1736 πλείονός
2395 1673 2542 1726 ἐστιν
2578 1673 2850 1737 ὑπόθεσις.
2891 1677 2988 1728 Ἂν
3020 1675 3118 1744 μὲν
3140 1676 3248 1746 γὰρ
3287 1677 3557 1746 ἀνθρώπῳ
3595 1677 3684 1730 δα-

2116 1753 2320 1826 νείσῃς,
2355 1755 2652 1825 ἑκατοστὴν
2685 1756 2908 1819 ἐλαϐες’
2941 1757 3006 1810 ἂν
3039 1757 3096 1809 δέ
3143 1757 3260 1827 Θεῷ
3313 1758 3564 1829 δανείσῃς
3598 1759 3685 1812 διὰ

2115 1835 2209 1886 τοῦ
2236 1837 2484 1908 πένητος,
2519 1838 2616 1906 οὐχ
2649 1837 2945 1907 ἑκατοστήν
2966 1877 2980 1902 ,
3018 1837 3134 1890 ἀλλ’
3157 1839 3684 1894 ἑκατονταπλασίονα

2115 1916 2281 1987 λήψῃ.
2309 1919 2426 1970 Κᾶν
2463 1919 2558 1988 μὲν
2586 1919 2815 1990 σπείρης
2839 1919 3066 1988 εὔφορον
3105 1920 3361 1991 ἄρουραν,
3398 1923 3524 1975 ὅταν
3559 1921 3685 1974 πολ-

2115 1999 2213 2067 λὴν
2236 1997 2434 2071 ἐνέγκῃ
2462 1999 2559 2070 τὴν
2585 1999 2788 2070 φορὰν,
2819 2000 3215 2054 δεκαπλασίονα
3249 2003 3370 2075 οἴσῃ
3410 2003 3477 2070 τά
3519 2005 3684 2071 σπέρ-

2120 2097 2266 2150 ματα
2288 2080 2332 2120 ί·
2359 2083 2426 2135 ἂν
2449 2083 2506 2134 δέ
2536 2083 2617 2144 εἰς
2633 2082 2726 2136 τὸν
2758 2083 2986 2154 οὐρανὸν
3021 2084 3270 2155 σπείρῃς,
3303 2086 3442 2155 μετά
3459 2086 3521 2138 τδ
3545 2087 3684 2153 γενέ-

2119 2161 2244 2216 σθαι
2277 2165 2825 2230 ἑκατονταπλασίονα,
2849 2165 2944 2218 καὶ
2963 2165 3108 2237 ζωήν
3137 2165 3354 2220 αἰώνιον
3381 2169 3473 2220 καὶ
3498 2169 3686 2237 ἀγήρω

2117 2243 2210 2296 καί⁸
2239 2245 2505 2300 ἀθάνατον
2535 2247 2809 2318 ἀπολήψῃ.
2842 2247 2952 2301 Καὶ
2981 2249 3212 2302 ἐνταῦθα
3237 2249 3333 2318 μὲν
3355 2250 3522 2311 πολὺς
3541 2251 3570 2302 ὁ
3591 2251 3675 2302 πό-

2119 2343 2208 2390 νος
2234 2330 2345 2390 τοῐς
2372 2327 2439 2380 τά
2471 2329 2761 2400 σπέρματα
2793 2331 3216 2385 καταϐάλλουσιν
3241 2349 3256 2365 ·
3295 2335 3410 2386 ἐκεῖ
3440 2333 3495 2385 δέ
3521 2334 3685 2404 χωρὶς

2119 2409 2354 2480 ἀρότρου
2381 2413 2476 2464 καὶ
2517 2410 2654 2481 βοῶν
2679 2415 2774 2465 καὶ
2801 2414 3049 2480 γηπόνων
3077 2414 3168 2466 καί
3195 2415 3291 2484 τῆς
3317 2415 3481 2484 ἄλλης
3505 2419 3680 2467 ταλαι-
3769 2441 3774 2445 -

2118 2493 2330 2562 πωρίας
2352 2494 2570 2564 ἀπάσης
2597 2496 2630 2564 ή
2659 2495 2766 2546 τῶν
2802 2494 3247 2566 καταϐληθέντων
3287 2496 3429 2565 φορὰ
3467 2496 3682 2564 φύεται,

2118 2575 2212 2628 καὶ
2239 2575 2338 2630 οὐκ
2376 2576 2583 2650 αὐχμὸν
2613 2587 2662 2640 ε,
2693 2577 2792 2630 οὐκ
2823 2578 3158 2648 ἐπομϐρίας,
3185 2579 3284 2631 οὐκ
3305 2577 3584 2648 ἐρυσίϐην,
3619 2581 3680 2632 ού

2117 2655 2376 2726 χάλαζαν,
2411 2659 2511 2710 οὐκ
2533 2657 2750 2729 ἀκρίδος
2781 2659 3156 2730 στρατόπεδον,
3189 2661 3250 2712 οὐ
3286 2659 3540 2729 ποταμῶν
3563 2663 3682 2712 ἐπι-

2117 2739 2354 2803 κλύσεις,
2379 2740 2480 2793 οὐκ
2498 2740 2624 2794 ἀλλο
2645 2759 2695 2792 τι
2721 2741 2871 2795 οὐδὲν
2903 2742 3018 2794 ἐκεῖ
3034 2741 3352 2812 σπείροντάς
3377 2743 3490 2794 ἐστι
3521 2742 3686 2811 φοϐη-

2119 2819 2275 2891 θῆναί
2313 2839 2442 2875 ποτε
2461 2839 2474 2852 ο
2504 2821 2641 2875 ἀλλά
2663 2825 2842 2893 πάσης
2875 2824 3129 2895 ἀνωτέρω
3150 2823 3349 2894 βλάϐης
3385 2825 3582 2894 ἕστηκε
3610 2825 3677 2876 τά

2118 2904 2234 2957 ἐκεῖ
2259 2903 2707 2975 καταϐαλλόμενα
2737 2906 3047 2976 σπέρματα.
3083 2907 3252 2958 Ὅταν
3282 2902 3375 2958 οὖν
3419 2907 3554 2976 μήτε
3585 2905 3684 2958 πό-

2117 3003 2224 3052 νος,
2261 2989 2397 3057 μήτε
2431 2987 2693 3052 κίνδυνος,
2719 2989 2852 3059 μήτε
2883 2988 3105 3058 ὑποψία,
3131 2990 3266 3058 μήτε
3299 2988 3564 3058 ὑποτυχία
3603 3005 3685 3050 τις

2117 3066 2174 3142 ᾗ,
2208 3071 2302 3124 καὶ
2326 3070 2506 3140 πολλῷ
2535 3071 2754 3129 πλείονα
2785 3071 2891 3124 τῶν
2940 3070 3423 3142 καταϐαλλομένων
3465 3071 3684 3142 γένηται

2116 3154 2184 3208 τὰ
2209 3155 2579 3225 φυόμενα,καὶ
2602 3155 2836 3208 τοσαῦτα
2863 3153 3134 3226 βλαστάνῃ
3163 3154 3528 3222 ἀγαθὰ,”οσα
3549 3155 3685 3208 οὔτε

2117 3238 2420 3308 ὀφθαλμὸς
2431 3236 2609 3307 εἶδεν,
2622 3239 2691 3294 οὔ
2698 3255 2758 3291 τε
2770 3237 2878 3304 οὓς
2892 3237 3248 3307 ἤκουσεν,οῦ
3254 3255 3316 3292 τε
3326 3238 3422 3291 ἐπὶ
3438 3237 3685 3306 καρδίαν

2116 3323 2431 3392 ἀνθρώπου
2451 3321 2654 3389 ἀνέϐη,
2679 3322 2794 3384 πῶς
2817 3321 2916 3374 οὐκ
2933 3321 2999 3375 ἂν
3027 3321 3111 3391 εἴη
3135 3320 3404 3391 ῥᾳθυμίας
3429 3322 3686 3391 ἐσχάτης,

2118 3403 2268 3475 [651]
2293 3404 2354 3459 τὸ
2376 3403 2536 3456 πλέον
2567 3401 2823 3471 ἀφέντας,
2862 3403 2922 3456 τὸ
2951 3402 3172 3457 ἔλαττον
3209 3403 3446 3467 διώκειν,
3493 3405 3584 3456 καὶ
3624 3405 3684 3455 τὸ

2117 3485 2355 3553 ἀσφαλὲς
2385 3485 2804 3550 καταλιπόντας,
2839 3485 2900 3537 τὸ
2927 3485 3152 3538 ἄπιστον
3177 3487 3271 3539 καὶ
3299 3484 3556 3538 κινδύνων
3589 3484 3683 3552 γέ-

2119 3585 2218 3638 μον
2236 3567 2328 3622 καί
2348 3567 2546 3631 πολλὰς
2563 3567 2684 3637 ἔχον
2701 3568 3000 3638 ἀποτυχίας
3017 3567 3259 3638 μετιέναι
3279 3585 3293 3632 ;
3311 3567 3407 3631 Τίς
3426 3569 3534 3637 γὰρ
3555 3569 3684 3637 ἡμῖν
3705 3603 3709 3606 -

2115 3649 2268 3704 ἔσται
2298 3649 2592 3720 συγγνώμη
2609 3647 2768 3702 τοῦτο
2783 3648 3016 3710 ποιοῦσι,
3031 3650 3160 3702 ποία
3177 3650 3235 3702 δὲ
3255 3649 3516 3717 ἀπολογία
3533 3667 3547 3714 ;
3577 3651 3682 3702 Πε-

2115 3732 2230 3786 νίαν
2251 3730 2660 3803 προϐαλλόμεθα
2675 3732 2892 3795 πάντως
2907 3747 2921 3762 ⁸
2945 3731 3059 3785 ἀλλ’
3081 3733 3181 3785 οὐκ
3204 3732 3370 3802 ἐσμέν
3391 3732 3490 3802 τῆς
3505 3733 3682 3802 χήρας

2115 3815 2328 3886 ἐκείνης
2353 3815 2690 3886 πενέστεροι,
2721 3815 2755 3884 ἥ
2785 3814 2878 3868 δύο
2903 3815 3075 3868 λεπτά
3103 3815 3134 3855 h
3161 3815 3356 3886 ἔχουσα
3385 3815 3552 3884 μόνα,
3586 3813 3683 3866 καὶ

2114 3897 2286 3952 ταῦτα
2335 3897 2682 3954 κατεϐάλετο.
2731 3897 3072 3968 Ζηλώσωμεν
3115 3898 3290 3950 τοίνυν
3328 3897 3542 3966 ἐκείνης
3589 3897 3681 3949 τὸν

2114 3980 2365 4044 πλοῦτον,
2400 3979 2771 4051 μιμησώμεθα
2793 3981 2893 4050 τῆς
2925 3981 3296 4051 προαιρέσεως
3315 3981 3414 4050 τὴν
3447 3979 3679 4049 μεγαλο-

2113 4063 2334 4136 ψυχίαν,
2363 4063 2448 4116 ἵνα
2471 4063 2691 4118 καὶτῶν
2719 4063 2904 4135 ἐκείνῃ
2925 4061 3300 4132 ἀποκειμένων
3324 4062 3542 4129 ἀγαθῶν
3569 4065 3684 4115 ἐπι-

2111 4145 2396 4214 τύχωμεν·
2449 4139 2523 4198 ὧν
2561 4145 2772 4213 γένοιτο
2805 4146 3010 4206 πάντας
3068 4146 3216 4214 ἡμᾶς
3249 4143 3677 4213 καταξιωθῆναι,

2113 4228 2296 4298 χάριτι
2347 4229 2442 4281 καὶ
2487 4227 2865 4297 φιλανθρωπίᾳ
2913 4225 3005 4278 106
3047 4225 3252 4296 Κυρίου
3287 4225 3440 4296 ήμῶν
3507 4225 3678 4296 Ἰησοῦ

2111 4309 2372 4380 Χριστοῦ,
2405 4309 2524 4379 μεθ’
2546 4301 2606 4364 οὗ
2628 4308 2704 4378 τῷ
2732 4309 2925 4378 Πατρί,
2957 4310 3071 4375 ἅμα
3101 4307 3179 4377 τῷ
3207 4307 3345 4376 ἁγίῳ
3374 4307 3678 4378 Πνεύματι,

2111 4391 2260 4456 δόξα,
2291 4392 2514 4462 κράτος,
2551 4391 2704 4462 τιμὴ,
2733 4391 2827 4444 νῦν
2859 4389 2949 4444 καί
2972 4391 3078 4454 ἀεὶ,
3109 4389 3203 4444 καὶ
3226 4391 3304 4453 εἰς
3331 4391 3454 4454 τοὺς
3481 4390 3680 4454 αἰῶνας

2110 4475 2219 4528 τῶν
2253 4473 2484 4531 αἰώνων.
2538 4474 2731 4544 Ἀμήν.

2736 4556 2954 4610 ΛΟΓΟΣ
2983 4555 3056 4610 B'.

2117 4657 2176 4712 Τί
2207 4655 2431 4724 δήποτε
2458 4654 2554 4708 ἐπὶ
2575 4654 2690 4724 μὲν
2721 4653 2902 4724 ἡλίου
2925 4654 3023 4708 καὶ
3058 4655 3327 4724 σελήνης
3356 4651 3679 4724 Ῠκᾳί-οὐρας

2179 4719 2289 4778 νοῦ
2315 4725 2412 4777 καί
2441 4724 2562 4778 τῶν
2575 4719 2786 4778 ἄλλων
2810 4719 2958 4787 εἶπε,
3001 4719 3318 4793 Γενηθήτω·
3341 4721 3441 4774 ἐπὶ
3469 4721 3536 4793 δὲ
3573 4719 3679 4793 τοῦ

2181 4795 2509 4916 ἁῐνίέρώπου,
2545 4795 2896 4864 Ποιήσωμεν;
2925 4793 3022 4844 καί
3039 4793 3096 4845 τί
3123 4789 3266 4846 ποτέ
3279 4791 3410 4844 ἐστι
3430 4791 3515 4856 τὸ,
3545 4789 3679 4843 Κατ’

2179 4883 2206 4916 ε
2235 4881 2266 4915 κ
2299 4879 2384 4916 να.

2179 4961 2322 5018 a'.'A
2332 4982 2398 5036 ρα
2417 4965 2694 5038 μέμνησθε
2704 4967 2812 5020 τῶν
2825 4965 3153 5038 ζητημάτων
3163 4963 3272 5018 τῶν
3285 4963 3476 5035 πρώην
3491 4980 3678 5033 προτε-

2111 5047 2314 5100 θέντων
2353 5049 2515 5117 ύμίν;
2565 5050 2658 5113 Εἰς
2690 5049 2941 5102 τοσοῦτον
2970 5049 3080 5119 γὰρ
3120 5049 3266 5120 ἡμᾶς
3297 5047 3552 5110 ἀπονοίας
3589 5047 3680 5098 καί

2109 5129 2314 5200 τόλμης
2339 5133 2602 5202 ἐπήρατε,
2629 5131 2704 5195 ὡς
2725 5133 2817 5185 καὶ
2837 5131 3166 5202 ζητημάτων
3184 5131 3283 5201 ήδη
3307 5128 3678 5198 κατατολμᾷν·

2114 5211 2313 5282 μᾶλλον
2339 5211 2395 5264 δὲ
2423 5213 2523 5266 οὐκ
2547 5213 2612 5266 ἂν
2637 5215 2720 5284 εἴη
2755 5214 2981 5284 τόλμης,
3027 5214 3149 5268 οὐδὲ
3191 5212 3449 5275 ἀπονοίας
3501 5209 3675 5263 τοῦτο.

2111 5295 2185 5347 Οὐ
2211 5294 2320 5365 γὰρ
2341 5297 2516 5366 οἰκείᾳ
2533 5297 2757 5366 δυνάμει
2787 5297 3178 5369 θαρρήσαντες,
3199 5296 3336 5350 ἀλλά
3353 5298 3474 5359 ταῖς
3495 5294 3680 5365 εὐχαῖς

2173 5539 2201 5604 "_
2225 5537 2350 5604 ﬁeg.
2375 5539 2624 5604 διαπαντὸς
2645 5543 2874 5604 νέμωμεν.

2179 5598 2202 5664 Ῐ
2226 5599 2353 5664 θείς·
2377 5600 2440 5664 ἳρι
2454 5598 2727 5664 σπέρματα,
2750 5598 2785 5659 ἦ
2809 5604 2877 5657 δὶς
2898 5601 3122 5651 τοσαῦτα.

2179 5663 2202 5724 ξ
2225 5659 2348 5724 [ἰδέ.
2375 5659 2756 5724 βλάστηᾷύεται,
2790 5665 2871 5711 καὶ
2893 5665 3003 5724 οὔτε
3019 5663 3214 5724 αὐχμόν.

2175 5717 2206 5758 ι
2233 5717 2350 5780 Rei}.
2374 5717 2458 5771 δύο
2479 5717 2690 5787 δηνάρια,
2713 5717 2764 5773 εἰ
2789 5737 2898 5774 mox
2921 5723 3068 5773 ταῦτα
3079 5717 3338 5773 ’κατέϐαλε-
