4146 6260
440 338 554 398 585

439 453 536 521 ris,
563 460 620 508 t'n
652 465 775 508 eum
804 458 862 506 ut
897 448 1160 505 furentem
1189 444 1429 516 depl‘ora.
1464 442 1705 500 Buxeum
1730 442 1808 497 illi
1828 438 2029 497 habent

439 544 676 601 colorem
701 585 718 610 ,
771 542 1065 598 demissum
1098 536 1467 608 supercilium,
1509 535 1793 592 verborum
1838 532 2022 588 mode-

438 636 599 692 stiam
641 631 972 704 przeferunt:
1008 639 1061 686 tu
1090 631 1209 700 fuge
1253 626 1534 683 illecebras
1557 668 1573 693 ,
1603 636 1657 682 et
1705 626 1887 695 lupum
1929 624 2029 679 sub

438 727 559 781 ovis
609 723 749 794 pelle
800 722 1066 778 occultum
1113 716 1482 790 deprehendo.
1530 718 1824 786 Propterea
1874 714 2023 770 illum

437 816 670 872 maxime
712 814 835 870 odio
870 813 1089 877 habeas,
1116 811 1239 881 quia
1276 808 1403 863 dum
1447 821 1569 877 erga
1611 817 1661 863 te
1707 820 2025 863 conservum

437 906 583 961 mitis
608 912 661 960 et
686 912 992 958 mansuetus
1015 916 1138 958 esse
1152 899 1387 964 videtur,
1411 896 1666 951 adversus
1688 910 2024 951 communem

435 1009 677 1055 nostrum
703 998 944 1053 omnium
966 995 1246 1051 Dominum
1282 1006 1414 1047 cane
1443 989 1628 1045 rabido
1667 988 1894 1044 ferocior
1918 996 2021 1054 est,

439 1088 770 1161 implacabile
791 1087 991 1143 bellum
1020 1093 1075 1140 et
1102 1084 1343 1154 praelium
1369 1094 1561 1151 gerens
1582 1089 1769 1133 contra
1814 1078 2022 1143 cmlum,

435 1188 491 1234 et
516 1186 830 1249 potestatem
870 1176 1154 1247 quamdam
1201 1174 1309 1227 Deo
1358 1184 1656 1241 opponens.
1704 1167 1848 1237 Fuge
1879 1167 2025 1222 virus

435 1270 754 1341 iniquitatis,
785 1268 1082 1339 perniciosa
1109 1264 1390 1336 pharmaca
1422 1261 1544 1316 odio
1573 1259 1710 1314 habe
1742 1278 1756 1313 :
1787 1267 1840 1312 et
1867 1272 2024 1327 quam

433 1375 465 1414 a
506 1360 746 1430 patribus
799 1358 1047 1428 accepiin
1104 1354 1452 1411 hereditatem
1485 1391 1501 1417 ,
1555 1364 1751 1419 nempe
1819 1349 2026 1403 divina-

432 1468 551 1508 rum
578 1453 969 1522 Scripturarum
1010 1448 1167 1503 fidem
1183 1455 1341 1515 atque
1369 1442 1663 1499 doctrinam
1685 1481 1699 1503 ,
1733 1440 1869 1493 hanc
1903 1454 2023 1493 cum

433 1545 597 1599 multa
635 1543 843 1599 cautela
876 1542 1067 1596 retine.
1108 1538 1170 1592 In
1193 1536 1440 1607 principio
1466 1534 1582 1605 fecit
1612 1532 1750 1586 Deus
1775 1531 1955 1584 castum
1977 1539 2025 1583 et

432 1646 637 1689 terram.
664 1634 800 1700 Quid
834 1632 937 1687 hoc
962 1631 1092 1686 est?
1120 1630 1291 1699 primo
1316 1628 1507 1682 cmlum
1542 1666 1554 1687 ,
1586 1635 1766 1693 postea
1790 1621 2025 1676 terram?

431 1728 605 1796 primo
658 1733 854 1781 tectum
884 1765 899 1788 ,
959 1732 1145 1792 postea
1196 1718 1412 1775 solum?
1461 1716 1578 1771 Non
1624 1716 1765 1770 enim
1794 1700 2024 1768 natura:

428 1818 734 1873 necessitati
777 1815 1018 1872 subditus
1062 1822 1183 1879 est,
1237 1826 1342 1865 non
1401 1809 1536 1864 artis
1593 1806 1787 1877 regulis
1833 1805 2019 1861 servit.

428 1912 634 1966 l-Ztenim
661 1918 715 1964 et
742 1916 945 1963 natura:
973 1916 1028 1962 et
1050 1905 1204 1969 artis,
1231 1911 1286 1958 et
1305 1917 1484 1957 rerum
1512 1900 1750 1955 omnium
1777 1897 2022 1952 voluntas

430 2003 520 2058 I)ei
550 2001 728 2072 opifex
768 1999 1066 2068 artifexque
1090 2004 1190 2052 est.
1220 1995 1383 2048 Terra
1433 2001 1601 2046 autent
1630 1998 1735 2043 erat
1758 1989 2022 2043 invisibilis

423 2092 847 2162 «incomposita.
878 2089 987 2143 Cur
1034 2088 1225 2143 czelum
1278 2083 1569 2154 perfectum
1598 2081 1870 2150 produxit,
1915 2089 2021 2134 ter-

422 2198 538 2238 ram
588 2191 769 2237 autem
817 2179 1073 2250 paulatim
1122 2175 1445 2230 fabricatum
1498 2186 1620 2227 eum
1667 2186 1788 2225 esse
1834 2179 2018 2224 narrat

422 2272 673 2343 Moyses?
706 2271 777 2327 Ut
799 2280 1079 2341 postquam
1122 2267 1175 2320 in
1204 2263 1561 2336 prtestantiori
1592 2262 1858 2317 elemento
1900 2260 2018 2330 ejus

428 2365 680 2418 virtutem
718 2361 1021 2426 didiceras,
1066 2358 1265 2413 certior
1298 2355 1456 2410 fleres
1484 2353 1633 2408 illum
1677 2352 1897 2423 perinde
1922 2366 2018 2421 po-

423 2454 590 2509 tuisse
629 2463 823 2509 terram
852 2450 1137 2522 perfectam
1170 2446 1485 2519 producere,
1509 2444 1775 2499 utcaelum
1798 2443 2011 2497 fecerat.

422 2546 530 2603 Sed
563 2554 780 2616 propter
810 2553 862 2599 te
890 2554 943 2598 et
968 2550 1187 2612 propter
1207 2540 1432 2595 salutem
1459 2546 1599 2592 tuam
1620 2550 1725 2590 non
1756 2537 1835 2589 sic
1864 2532 2010 2588 fecit.

419 2637 721 2704 Quomodo,
780 2634 1008 2705 inquies,
1063 2640 1278 2701 propter
1332 2644 1421 2683 me
1475 2636 1529 2683 et
1568 2635 1785 2697 propter
1839 2640 2011 2679 meam

415 2730 647 2785 salutem
665 2728 691 2782 ‘l
717 2726 1030 2783 Communis
1054 2739 1236 2778 mensa
1268 2732 1320 2777 et
1349 2721 1516 2791 patria
1542 2728 1596 2773 et
1626 2719 1803 2773 nutrix
1826 2727 1878 2771 et
1901 2732 2013 2772 ma-

416 2830 498 2877 ter
540 2820 778 2875 omnium
807 2825 891 2874 est
917 2827 1074 2878 terra,
1108 2815 1237 2869 urbs
1265 2823 1319 2868 et
1370 2812 1672 2881 sepulcrum
1702 2822 2003 2865 commune.

414 2910 622 2967 Etenim
657 2924 881 2977 corpora
922 2915 1102 2961 nostra
1145 2920 1212 2960 ex
1242 2904 1352 2973 ipsa
1389 2943 1402 2966 ,
1438 2902 1664 2970 indeque
1693 2899 2007 2969 corporibus

413 3004 613 3059 nostris
639 3002 868 3057 sumitur
883 3001 1215 3063 alimentum,
1248 2997 1300 3051 in
1336 2997 1446 3064 ipsa
1475 2993 1777 3047 habitamus
1802 3001 1856 3046 et
1885 3007 2007 3044 vero

415 3110 618 3159 samur,
645 3102 699 3149 et
730 3101 852 3164 post
877 3100 1101 3146 mortem
1143 3090 1335 3144 iterum
1382 3086 1434 3140 in
1469 3088 1635 3154 ipsam
1666 3081 2003 3137 revertimur.

411 3185 491 3241 Ne
540 3187 720 3256 itaque
758 3200 823 3239 ex
865 3181 1183 3238 necessariis
1233 3179 1413 3233 usibus
1461 3178 1627 3246 ipsam
1678 3175 1794 3243 plus
1846 3188 2003 3243 quam

412 3293 512 3348 par
539 3285 657 3332 erat
701 3276 996 3338 mirareris,
1044 3286 1180 3327 neve
1228 3268 1608 3324 beneficiorum
1660 3264 1813 3334 copia
1868 3273 1918 3318 te
1948 3263 1999 3317 in

411 3368 740 3438 impietatem
775 3364 1112 3436 pertraheret
1140 3376 1203 3416 ac
1237 3360 1602 3429 supplantaret
1625 3397 1638 3418 ,
1680 3355 1848 3424 ipsam
1905 3354 2000 3408 tibi

409 3459 558 3529 prius
580 3456 862 3511 informem
890 3462 946 3509 et
970 3451 1376 3520 incompositam
1403 3447 1655 3510 declarat,
1690 3456 1749 3499 ut
1774 3445 1889 3514 ejus
1920 3446 2001 3499 in-

408 3548 656 3602 ﬁrmitate
683 3554 992 3614 conspecta,
1042 3543 1254 3597 mireris
1309 3555 1430 3595 eum
1485 3538 1573 3608 qui
1626 3536 1894 3605 produxit,
1944 3546 2000 3591 et

407 3639 543 3694 lianc
572 3640 647 3694 illi
691 3646 858 3693 totam
898 3638 1145 3691 virtutem
1198 3633 1410 3696 indidit,
1453 3631 1803 3698 celebresque
1849 3643 1993 3696 eum,

404 3734 493 3799 qui
521 3746 609 3786 res
635 3738 808 3784 tantas
830 3727 899 3783 ad
937 3725 1278 3781 commodum
1328 3731 1569 3777 nostrum
1598 3722 1821 3789 paravit.
1856 3720 1996 3773 Deus

403 3831 580 3877 autem
603 3820 929 3890 glorificatur
954 3833 1060 3871 non
1092 3816 1251 3869 modo
1308 3829 1401 3882 per
1427 3822 1569 3868 recta
1607 3812 1874 3879 dogmata,
1899 3811 1993 3865 sed

405 3912 566 3966 etiam
596 3925 691 3979 per
718 3909 984 3978 optimum
1013 3906 1137 3959 vita:
1184 3904 1487 3958 institutum
1539 3918 1552 3953 :
1596 3901 1788 3953 Luceat
1827 3899 1990 3966 enim,

405 4002 596 4073 inquit,
646 4000 737 4054 tua:
776 4007 941 4053 uestra
968 4012 1140 4051 coram
1162 3993 1472 4057 hominibus,
1528 4000 1584 4044 ut
1613 3991 1811 4044 videant
1840 4005 1996 4059 Opera

401 4103 564 4149 uestra
588 4094 748 4158 bona,
776 4101 821 4146 et
846 4089 1127 4161 gloriﬁcent
1154 4086 1360 4141 Patrem
1386 4094 1622 4149 vestrum,
1647 4082 1734 4152 qui
1761 4083 1815 4136 in
1855 4082 1993 4135 cwlt's

401 4198 475 4242 est
500 4186 716 4259 (Matth.
739 4186 793 4240 5.
824 4182 937 4254 16).

471 4281 527 4335 4.
561 4278 799 4333 Flaviani
823 4274 1050 4347 episcopi
1082 4269 1379 4327 Amice/teni
1404 4267 1605 4323 laudes.
1634 4296 1703 4308 —-
1729 4264 1985 4341 Volebam

401 4373 470 4429 de
499 4374 841 4442 eleemosyna
887 4379 1190 4422 sermonem
1218 4362 1493 4432 adjicere:
1523 4368 1579 4414 at
1620 4357 1752 4412 mihi
1800 4370 1988 4425 super-

398 4465 563 4522 iluum
585 4478 705 4520 esse
724 4462 938 4517 videtur
963 4473 1060 4514 vos
1090 4457 1253 4512 verbo
1280 4456 1477 4509 docere
1496 4495 1512 4519 ,
1549 4467 1672 4507 cum
1726 4450 1773 4506 is
1800 4449 1889 4520 qui
1933 4449 1985 4503 in

399 4555 580 4612 medio
604 4554 757 4609 sedet
780 4548 1080 4606 communis
1122 4554 1273 4615 pater
1297 4552 1352 4600 et
1389 4543 1577 4598 doctor
1615 4550 1797 4595 noster
1823 4539 1989 4608 possit

398 4663 498 4703 vos
523 4645 776 4715 operibus
799 4652 855 4697 et
900 4638 1154 4708 exemplo
1192 4636 1412 4692 erudire
1434 4675 1449 4702 ,
1478 4633 1568 4704 qui
1598 4648 1661 4687 ac
1699 4632 1745 4686 si
1769 4631 1984 4685 domum

397 4749 676 4810 paternam
704 4735 777 4789 ad
808 4735 911 4788 hoc
941 4732 1114 4785 solum
1166 4744 1196 4782 a
1223 4726 1517 4796 majoribus
1568 4724 1883 4792 accepisset,
1931 4731 1989 4777 ut

395 4844 514 4884 eam
544 4825 844 4897 hospitibus
865 4819 1192 4891 excipiendis
1208 4819 1495 4888 praeberet,
1520 4815 1598 4869 sic
1625 4828 1742 4867 eam
1774 4828 1988 4882 semper

398 4921 465 4977 iis
494 4920 591 4990 qui.
606 4932 702 4989 pro
725 4915 950 4972 veritate
973 4912 1246 4983 pelluntur
1260 4907 1580 4978 recipiendis
1599 4904 1903 4970 destinavit,
1931 4912 1989 4959 ut

397 5030 491 5071 eos
533 5012 780 5067 omnibus
822 5006 995 5063 modis
1044 5004 1275 5067 foveret;
1304 5001 1375 5055 ita
1417 5008 1478 5054 ut
1528 4998 1762 5053 nesciam
1800 5006 1983 5050 utrum

397 5120 515 5160 eam
539 5103 677 5172 ejus,
698 5101 762 5155 ad
786 5097 1191 5171 peregrinorum
1220 5093 1436 5147 domum
1464 5088 1734 5159 appellare
1759 5102 1855 5156 par
1880 5087 1982 5154 sit;

397 5195 508 5252 imo
538 5194 719 5265 potius
743 5204 920 5247 annon
947 5203 1008 5244 ea
1040 5187 1180 5241 illius
1206 5199 1329 5239 esse
1358 5182 1479 5238 ideo
1502 5179 1857 5236 existimanda
1888 5178 1979 5245 sit,

392 5405 526 5449 Deus
540 5401 589 5448 et
609 5394 831 5453 materia,
857 5392 945 5443 luat
966 5388 1259 5454 etitenebrw.
1293 5387 1497 5436 Marcion
1521 5383 1635 5454 duo_
1645 5382 1877 5454 principia
1901 5381 1986 5454 ad-

393 5443 841 5518 ῖῂἶίίέὖίίζ-Βδόίιπὶ
865 5462 918 5504 et
938 5453 1137 5518 malum.
1182 5458 1362 5518 Bonum
1383 5443 1701 5518 pepmﬂnib‘il'
1716 5443 1985 5518 inﬁmundo

394 5505 904 5575 meavisséﬁdicebat,
944 5515 1111 5577 Epipb.
1148 5528 1195 5576 p.
1234 5510 1344 5577 504.
1382 5506 1724 5577 Valentiniani
1750 5505 1985 5577 @oniblus

394 5565 932 5631 amensamens.
958 5565 1101 5638 ιίειιὶιο
1115 5637 1120 5638 ν
1136 5565 1272 5638 ροει,
1295 5573 1525 5638 Διηωιςςηηη
1550 5566 1726 5638 haltent
1744 5566 1833 5638 tu;
1854 5565 1985 5638 colo-

394 5626 958 5702 flammeum,
983 5626 1209 5702 pallidum
1249 5626 1367 5684 buxi
1406 5632 1587 5702 instar:
1616 5630 1708 5678 hoc
1726 5629 1899 5702 dicitur
1916 5626 1983 5677 de

396 5692 457 5754 fis
479 5692 561 5766 qui
589 5702 835 5766 simulate,
862 5707 914 5750 et
934 5692 1130 5766 ut_'alios
1162 5694 1562 5752 circumveniant,
1602 5692 1980 5742 uiscerationem

396 5760 697 5825 «pallidum
720 5762 907 5815 vultum
930 5760 1174 5817 affectant.

1675 5867 1730 5877 ρ-

1662 328 1730 390 EN
1768 326 2062 386 GENESIM
2090 326 2321 386 SERMO
2356 330 2421 387 li.

3614 347 3721 403 586

2136 445 2264 512 quia
2291 444 2694 516 peregrinorum
2709 456 2812 505 est.
2842 450 3050 506 Etenim
3067 451 3348 509 facultates
3372 463 3568 511 nostrae
3592 467 3724 514 tune

2136 535 2369 589 maxime
2396 544 2591 591 nostra:
2613 538 2764 606 fiunt,
2793 540 3008 608 quando
3032 555 3139 596 non
3166 542 3341 609 nobis,
3358 542 3454 599 sed
3471 546 3723 614 pauperi—

2135 623 2235 679 bus
2261 640 2352 681 eas
2381 628 2716 697 possidemus
2743 639 2799 687 et
2818 632 3208 701 dispensamus.
3238 633 3518 701 Quomodo
3538 644 3718 692 autem

2136 712 2237 769 hoc
2262 716 2353 782 sit,
2380 731 2482 788 ego
2507 718 2705 775 dicam.
2735 718 2792 779 Si
2838 722 2907 777 ad
2943 723 3219 779 dexteram
3248 726 3497 795 pauperis
3522 740 3719 796 argen-

2134 814 2245 860 tum
2276 808 2533 878 deponas,
2569 828 2676 867 non
2722 816 3049 885 sycophanta
3081 816 3303 885 invadit,
3349 833 3455 873 non
3507 819 3718 873 invidus

2131 897 2321 952 oculus
2349 902 2583 970 respicit,
2618 918 2722 957 non
2752 903 2857 970 fur,
2891 922 2993 961 non
3034 908 3293 977 parietum
3324 909 3548 965 efl‘ossor
3574 910 3718 967 abri-

2132 988 2228 1056 pit,
2262 1004 2367 1043 non
2409 1005 2598 1047 servus
2627 1008 2693 1049 eo
2728 996 2906 1050 ablato
2930 997 3107 1067 fugam
3136 998 3298 1055 facit:
3333 1016 3454 1055 nam
3485 1002 3573 1057 illa
3627 1018 3721 1072 pe-

2131 1095 2233 1134 nus
2270 1096 2396 1137 vere
2424 1084 2630 1154 asylum
2668 1093 2771 1141 est.
2812 1087 2869 1143 Si
2913 1098 3090 1144 autem
3120 1090 3266 1145 domi
3294 1090 3556 1160 defodias,
3588 1093 3718 1161 furi,

2129 1186 2404 1227 murorum
2431 1173 2694 1242 ef'fossori,
2714 1177 2915 1246 invido,
2942 1181 3303 1250 sycophantae,
3330 1196 3507 1249 servo,
3530 1192 3585 1240 et
3604 1186 3715 1239 cui-

2130 1262 2261 1316 libet
2303 1266 2557 1334 perniciei
2613 1282 2802 1322 aurum
2847 1280 2995 1326 tuum
3044 1274 3332 1329 obnoxium
3376 1276 3524 1331 facis.
3561 1277 3717 1347 Saepe

2130 1355 2342 1422 accidit,
2377 1365 2434 1410 ut
2453 1357 2631 1427 januis
2660 1367 2715 1415 et
2743 1363 2985 1417 vectibus
3027 1364 3213 1420 multis
3239 1367 3503 1435 oppositis
3528 1376 3714 1423 exter-

2130 1458 2317 1499 norum
2366 1446 2557 1501 damna
2605 1452 2844 1519 pecuniae
2898 1454 3135 1518 vitarint,
3185 1455 3281 1510 sed
3335 1458 3711 1524 penuariorum

2130 1551 2319 1591 manus
2351 1554 2455 1592 non
2484 1539 2798 1611 efl‘ugerint,
2830 1544 2959 1614 ipsis
2989 1561 3110 1600 eum
3136 1548 3361 1616 pecunia
3394 1550 3713 1619 aufugienti-

2131 1628 2248 1683 bus.
2285 1629 2444 1684 Vides
2492 1640 2616 1687 tune
2646 1649 2745 1689 nos
2787 1650 2913 1691 vere
2949 1636 3258 1692 facultatum
3288 1647 3588 1695 nostrarum
3616 1640 3716 1694 do-

2127 1720 2302 1775 minos
2330 1736 2470 1787 esse,
2494 1737 2613 1777 cuin
2645 1739 2737 1779 eas
2766 1726 2906 1795 apud
2953 1742 3214 1797 pauperes
3241 1728 3578 1798 deponimus.
3604 1730 3711 1785 Ne-

2127 1826 2229 1881 que
2256 1812 2513 1866 eustodiae
2532 1814 2705 1868 solum
2730 1816 2896 1885 gratia
2921 1817 3006 1871 hic
3028 1817 3192 1871 tutior
3206 1818 3354 1872 locus
3381 1827 3485 1884 est,
3517 1819 3610 1874 sed
3627 1830 3711 1875 est

2126 1902 2286 1956 etiam
2332 1903 2549 1972 majoris
2578 1904 2709 1957 lucri
2755 1913 2807 1959 et
2844 1914 3135 1973 proventus
3172 1922 3350 1961 causa.
3381 1908 3512 1961 Nam
3536 1909 3581 1962 si
3612 1912 3709 1963 he-

2126 1993 2259 2045 mini
2308 1991 2613 2057 faenereris,
2645 1994 2995 2047 centesimam
3021 1996 3255 2063 accipis:
3304 1997 3348 2050 si
3390 2005 3568 2051 autem
3599 1998 3710 2053 Deo

2127 2097 2221 2151 per
2243 2096 2529 2152 pauperem
2581 2083 2885 2148 fmnereris,
2914 2086 3024 2153 jam
3057 2102 3161 2140 non
3203 2088 3579 2151 centesimam,
3610 2091 3704 2144 sed

2122 2172 2428 2240 centuplum
2458 2173 2708 2242 accipies.
2742 2173 2797 2229 Si
2820 2174 2871 2227 in
2903 2175 3061 2229 feraci
3102 2190 3249 2230 seras
3279 2192 3407 2247 agro
3428 2217 3442 2239 ,
3484 2186 3536 2231 et
3562 2177 3704 2245 larga

2123 2277 2279 2333 seges
2306 2261 2485 2328 fuerit,
2518 2262 2805 2332 decuplum
2829 2265 3051 2319 seminis
3076 2266 3091 2296 ί
3134 2264 3375 2333 referas;
3406 2267 3451 2321 si
3489 2267 3542 2319 in
3571 2268 3706 2322 caelo

2122 2369 2290 2421 seras,
2336 2364 2616 2425 postquam
2660 2359 2974 2426 centuplum
3031 2360 3323 2427 acceperis,
3356 2359 3518 2412 vitam
3544 2360 3705 2414 etiam

2120 2457 2396 2514 aeternam,
2427 2461 2761 2519 perpetuam,
2797 2449 3151 2504 immortalem
3171 2450 3489 2518 possidebis.
3522 2450 3591 2504 Et
3618 2449 3706 2506 hic

2118 2539 2334 2610 quidem
2378 2540 2577 2594 multus
2605 2541 2758 2596 labor
2794 2541 2859 2595 iis
2900 2538 3207 2596 subeundus
3246 2548 3329 2594 est
3364 2540 3452 2609 qui
3501 2540 3704 2595 semina

2113 2632 2360 2700 jaciunt;
2394 2632 2504 2686 illic
2531 2648 2662 2687 vero
2702 2633 2818 2687 sine
2868 2641 3068 2695 aratro,
3111 2631 3301 2696 bobus,
3334 2631 3601 2702 agricolis,
3648 2642 3704 2687 et

2114 2724 2329 2794 reliquis
2356 2723 2644 2790 laboribus,
2672 2724 2813 2793 jacta
2839 2723 3042 2779 semina
3061 2722 3350 2792 pullulant;
3374 2739 3479 2777 non
3501 2732 3686 2789 :cstus,

2115 2829 2219 2867 non
2251 2815 2440 2883 pluviae
2464 2815 2663 2881 nimim,
2688 2831 2794 2869 non
2827 2830 3011 2880 eruca,
3041 2815 3123 2869 vel
3170 2815 3397 2884 grando,
3432 2814 3514 2868 vel
3547 2816 3693 2869 locu.

2111 2915 2314 2959 starem
2346 2921 2556 2975 agmen,
2583 2905 2669 2959 vel
2718 2905 3000 2961 fluviorum
3034 2904 3409 2960 inundationes
3434 2947 3448 2969 ,
3478 2906 3563 2960 vel
3594 2922 3699 2960 ca:-

2113 3006 2224 3051 tcra
2266 2997 2567 3066 hujusmodi
2613 2996 2896 3050 metuenda
2928 3004 3051 3049 sunt
3100 2996 3336 3060 serenti;
3366 2995 3458 3049 sed
3484 3012 3603 3065 quae
3626 2996 3696 3049 ibi

2103 3087 2244 3156 jacta
2274 3096 2399 3141 sunt
2438 3088 2664 3151 semina,
2691 3086 2823 3141 nulli
2853 3086 3108 3155 perniciei
3133 3094 3258 3139 sunt
3285 3086 3531 3140 obnoxia.
3562 3086 3695 3139 Cum

2108 3177 2266 3248 igitur
2294 3178 2572 3233 nec'labor
2597 3220 2611 3245 ,
2637 3192 2736 3234 nec
2763 3178 3078 3247 periculum,
3110 3192 3207 3232 nec
3236 3176 3489 3246 StISpicio,
3523 3191 3695 3246 neque

2100 3266 2306 3337 jactura
2330 3270 2592 3338 quaepiam
2625 3268 2799 3335 adsit;
2829 3267 2921 3323 sed
2947 3267 3095 3336 jacto
3118 3267 3322 3321 semine
3351 3266 3508 3336 longe
3540 3266 3691 3336 plura

2104 3370 2410 3426 nascantur,
2458 3370 2513 3415 et
2568 3369 2710 3414 tanta
2762 3360 2888 3415 hinc
2938 3359 3196 3429 pullulent
3239 3358 3401 3423 bona,
3456 3358 3581 3423 Quw
3604 3376 3692 3412 nec

2102 3452 2280 3507 oculus
2320 3453 2477 3519 vidit,
2516 3469 2605 3506 nec
2650 3453 2789 3505 auris
2838 3451 3053 3514 audiuit,
3099 3465 3188 3502 nec
3235 3450 3288 3502 in
3325 3464 3413 3501 cor
3467 3447 3686 3502 hominis

2100 3545 2435 3599 ascenderunt
2467 3546 2544 3615 (1.
2574 3545 2693 3599 Cor.
2722 3545 2776 3598 2.
2820 3544 2875 3615 9)
2913 3562 2927 3597 :
2956 3559 3136 3597 annon
3186 3553 3439 3597 extrema:
3467 3541 3690 3612 ignavia:

2102 3634 2278 3700 fuerit,
2322 3636 2513 3689 relicto
2557 3636 2787 3705 majore,
2822 3636 2872 3689 id
2902 3634 3044 3704 quod
3099 3634 3277 3687 minus
3305 3642 3388 3687 est
3418 3634 3686 3701 persequi,

2098 3736 2245 3781 eteo
2288 3726 2431 3792 quod
2484 3735 2657 3780 tutum
2688 3735 2807 3780 erat
2858 3727 3100 3786 deserto,
3159 3725 3383 3787 incerta,
3438 3724 3687 3790 periculis

2100 3817 2274 3883 plena,
2306 3824 2360 3867 et
2385 3813 2691 3867 infortuniis
2720 3814 2904 3868 multis
2946 3814 3175 3867 obnoxia
3204 3813 3394 3866 adire?
3418 3813 3550 3877 Quae
3589 3828 3685 3865 no-

2098 3905 2181 3959 bis
2208 3903 2357 3957 venia
2388 3904 2441 3957 id
2470 3904 2772 3973 agentibus,
2814 3918 2933 3972 qua:
2968 3903 3242 3957 excusatio
3262 3904 3288 3956 Ρ
3311 3903 3682 3972 Paupertatem

2096 3995 2436 4050 obtendimus
2483 4013 2497 4048 :
2538 4003 2594 4048 at
2643 3996 2989 4066 pauperiores
3017 4010 3124 4048 non
3167 4008 3354 4048 sumus
3378 3993 3540 4047 vidua
3570 3993 3682 4058 illa,

2095 4106 2214 4159 quae
2237 4105 2359 4144 cum
2387 4089 2494 4143 duo
2534 4088 2709 4143 solum
2740 4090 2948 4143 minuta
3003 4087 3246 4153 haberet,
3277 4086 3393 4140 haec
3439 4085 3683 4155 deposuit

2096 4180 2245 4253 (Luc.
2273 4180 2362 4235 2L
2394 4181 2485 4251 9.).
2519 4178 2671 4234 Illius
2700 4180 2884 4248 itaque
2928 4178 3142 4233 divitias
3186 4177 3519 4235 aemulemur.
3563 4177 3684 4230 imi-

2095 4284 2270 4328 temur
2289 4272 2548 4343 propositi
2577 4270 3028 4342 magnificentiam
3053 4311 3067 4333 ,
3098 4277 3155 4323 ut
3179 4269 3413 4337 reposita
3435 4269 3511 4322 illi
3539 4268 3677 4322 bona

2091 4380 2524 4435 consequamur:
2555 4380 2675 4435 qua;
2728 4377 2827 4417 nos
2868 4376 3057 4417 omnes
3097 4360 3323 4429 adipisci
3372 4361 3671 4427 contingat,

2089 4459 2259 4528 gratia
2289 4464 2344 4511 et
2365 4455 2692 4525 benignitate
2721 4454 2932 4508 Domini
2960 4452 3130 4508 nostri
3153 4451 3281 4507 Jesu
3306 4449 3526 4515 Christi,
3556 4465 3677 4505 cum

2090 4565 2197 4619 quo
2232 4546 2398 4613 Patri,
2449 4545 2716 4614 simulque
2758 4552 2946 4599 sancto
2976 4542 3222 4612 Spiritui,
3272 4541 3464 4610 gloria,
3512 4541 3680 4608 impe-

2089 4642 2446 4715 rium,honor,
2474 4654 2617 4695 nunc
2634 4646 2689 4695 et
2711 4652 2946 4706 semper,
2966 4644 3022 4691 et
3037 4636 3090 4689 in
3111 4633 3312 4688 saecula
3331 4631 3673 4687 saeculorum.

2090 4737 2283 4793 Amen.

2716 4837 2942 4896 SERMO
2979 4837 3041 4892 11.

2090 4959 2193 5016 Cur
2219 4959 2272 5011 in
2294 4957 2401 5011 sole
2430 4966 2475 5009 et
2503 4955 2624 5008 luna
2650 4962 2695 5007 et
2722 4953 2845 5005 cwlo
2866 4962 2911 5005 et
2941 4949 3062 5003 aliis
3088 4947 3272 5001 dixerit
3300 4961 3318 5000 :
3347 4946 3482 5011 Fiat,
3507 4947 3561 5000 in
3583 4946 3675 5001 Ito-

2160 5050 2295 5103 mine
2343 5056 2528 5110 autem,
2576 5044 2890 5108 Faciamus;
2936 5052 2984 5096 et
3010 5040 3256 5111 quidnam
3297 5038 3363 5094 sit
3404 5038 3557 5106 illud,
3589 5038 3669 5093 Ad

2163 5143 2445 5211 imaginem
2477 5137 2627 5210 (Gen.
2664 5139 2716 5193 1.
2740 5137 2792 5191 5.
2823 5136 2875 5191 6.
2906 5134 2976 5190 26

2163 5259 2217 5310 1.
2257 5255 2343 5309 Vis
2373 5252 2619 5307 orationis
2664 5248 2927 5303 Ecclesiae.
2954 5276 3024 5289 --
3050 5242 3317 5314 Numquid
3354 5243 3674 5297 meministis

2089 5349 2464 5420 quaestionum,
2497 5359 2619 5415 qua:
2661 5341 2813 5397 vobis
2864 5353 3033 5409 nuper
3069 5345 3193 5391 sunt
3236 5332 3567 5405 propositae?
3614 5332 3669 5387 In

2091 5449 2289 5497 tantam
2344 5438 2487 5493 enim
2517 5435 2872 5505 arrogantiam
2897 5440 2951 5487 et
2977 5427 3251 5484 audaciam
3291 5441 3391 5481 nos
3427 5427 3675 5496 provexi-

2088 5537 2204 5601 stis,
2239 5544 2295 5588 nt
2319 5532 2642 5602 qumstiones
2670 5524 2937 5597 intrepide
2965 5521 3339 5594 aggrediamur
3370 5536 3384 5573 :
3419 5519 3526 5573 imo
3570 5532 3672 5572 nec

2089 5628 2326 5685 audacia!
2358 5640 2458 5680 nec
2482 5621 2809 5693 arrogantia:
2835 5618 2888 5673 id
2920 5615 3126 5671 facinus
3152 5619 3255 5668 est.
3285 5609 3403 5667 Non
3433 5624 3576 5667 entm
3598 5608 3669 5663 vi-

2158 5751 2172 5779 ε
2212 5753 2350 5809 tit-3.,
2367 5738 2621 5804 decuplum
2636 5734 2846 5794 seminis,
2862 5731 2939 5783 vel
2964 5729 3031 5782 bis
3054 5725 3329 5791 decuplum.

3683 5682 3711 5709 6
