  <div class='ocr_page' id='page_1' title='image "/cluster/home/n/w/nwhite01/storage/ocr_20150623/54/mdp.39015078384420/215.png"; bbox 0 0 4146 6260; ppageno 0'>
   <div class='ocr_carea' id='block_1_1' title="bbox 497 320 601 382">
    <p class='ocr_par' dir='ltr' id='par_1_1' title="bbox 497 320 601 382">
     <span class='ocr_line' id='line_1_1' title="bbox 497 320 601 382; baseline -0.019 0"><span class='ocrx_word' id='word_1_1' title='bbox 497 320 601 382; x_wconf 81' lang='lat'><strong>587</strong></span> 
     </span>
    </p>
   </div>
   <div class='ocr_carea' id='block_1_2' title="bbox 504 417 2082 492">
    <p class='ocr_par' dir='ltr' id='par_1_2' title="bbox 504 417 2082 492">
     <span class='ocr_line' id='line_1_2' title="bbox 504 417 2082 492; baseline -0.015 0"><span class='ocrx_word' id='word_1_2' title='bbox 504 437 656 492; x_wconf 86' lang='lat' dir='ltr'><strong>ribus</strong></span> <span class='ocrx_word' id='word_1_3' title='bbox 679 433 878 490; x_wconf 75' lang='lat' dir='ltr'><strong>nostris</strong></span> <span class='ocrx_word' id='word_1_4' title='bbox 901 429 1232 488; x_wconf 89' lang='lat' dir='ltr'><strong>conﬁdentes</strong></span> <span class='ocrx_word' id='word_1_5' title='bbox 1255 467 1271 492; x_wconf 93' lang='lat'><strong>,</strong></span> <span class='ocrx_word' id='word_1_6' title='bbox 1303 425 1400 481; x_wconf 88' lang='lat' dir='ltr'><strong>sed</strong></span> <span class='ocrx_word' id='word_1_7' title='bbox 1424 423 1722 479; x_wconf 87' lang='lat' dir='ltr'><strong>antistitum</strong></span> <span class='ocrx_word' id='word_1_8' title='bbox 1748 417 2000 492; x_wconf 87' lang='lat' dir='ltr'><strong>precibus</strong></span> <span class='ocrx_word' id='word_1_9' title='bbox 2019 429 2082 470; x_wconf 88' lang='lat' dir='ltr'><strong>ac</strong></span> 
     </span>
    </p>
   </div>
   <div class='ocr_carea' id='block_1_3' title="bbox 505 509 2084 585">
    <p class='ocr_par' dir='ltr' id='par_1_3' title="bbox 505 509 2084 585">
     <span class='ocr_line' id='line_1_3' title="bbox 505 509 2084 585; baseline -0.015 1"><span class='ocrx_word' id='word_1_10' title='bbox 505 530 695 585; x_wconf 75' lang='lat' dir='ltr'><strong>vestris</strong></span> <span class='ocrx_word' id='word_1_11' title='bbox 738 526 917 583; x_wconf 86' lang='lat' dir='ltr'><strong>omnia</strong></span> <span class='ocrx_word' id='word_1_12' title='bbox 943 523 1336 581; x_wconf 75' lang='lat' dir='ltr'><strong>committentes</strong></span> <span class='ocrx_word' id='word_1_13' title='bbox 1362 518 1428 572; x_wconf 88' lang='lat' dir='ltr'><strong>ad</strong></span> <span class='ocrx_word' id='word_1_14' title='bbox 1453 516 1684 571; x_wconf 86' lang='lat' dir='ltr'><strong>stadium</strong></span> <span class='ocrx_word' id='word_1_15' title='bbox 1716 527 1816 567; x_wconf 90' lang='lat' dir='ltr'><strong>nos</strong></span> <span class='ocrx_word' id='word_1_16' title='bbox 1845 509 2084 566; x_wconf 85' lang='lat' dir='ltr'><strong>accinxi-</strong></span> 
     </span>
    </p>
   </div>
   <div class='ocr_carea' id='block_1_4' title="bbox 501 602 2086 686">
    <p class='ocr_par' dir='ltr' id='par_1_4' title="bbox 501 602 2086 686">
     <span class='ocr_line' id='line_1_4' title="bbox 501 602 2086 686; baseline -0.015 -8"><span class='ocrx_word' id='word_1_17' title='bbox 501 638 643 678; x_wconf 78' lang='lat' dir='ltr'><strong>nius.</strong></span> <span class='ocrx_word' id='word_1_18' title='bbox 671 621 840 677; x_wconf 80' lang='lat' dir='ltr'><strong>Tanta</strong></span> <span class='ocrx_word' id='word_1_19' title='bbox 867 631 1032 686; x_wconf 88' lang='lat' dir='ltr'><strong>porro</strong></span> <span class='ocrx_word' id='word_1_20' title='bbox 1060 615 1138 668; x_wconf 91' lang='lat' dir='ltr'><strong>vis</strong></span> <span class='ocrx_word' id='word_1_21' title='bbox 1166 621 1248 666; x_wconf 87' lang='lat' dir='ltr'><strong>est</strong></span> <span class='ocrx_word' id='word_1_22' title='bbox 1276 625 1494 681; x_wconf 82' lang='lat' dir='ltr'><strong>precum</strong></span> <span class='ocrx_word' id='word_1_23' title='bbox 1526 608 1783 664; x_wconf 75' lang='lat' dir='ltr'><strong>Ecclesia:</strong></span> <span class='ocrx_word' id='word_1_24' title='bbox 1807 646 1820 671; x_wconf 91' lang='lat'><strong>,</strong></span> <span class='ocrx_word' id='word_1_25' title='bbox 1855 611 1914 658; x_wconf 89' lang='lat' dir='ltr'><strong>ut</strong></span> <span class='ocrx_word' id='word_1_26' title='bbox 1961 602 2086 656; x_wconf 89' lang='lat' dir='ltr'><strong>licet</strong></span> 
     </span>
    </p>
   </div>
   <div class='ocr_carea' id='block_1_5' title="bbox 501 693 2087 784">
    <p class='ocr_par' dir='ltr' id='par_1_5' title="bbox 501 693 2087 784">
     <span class='ocr_line' id='line_1_5' title="bbox 501 693 2087 784; baseline -0.015 -14"><span class='ocrx_word' id='word_1_27' title='bbox 501 715 671 784; x_wconf 87' lang='lat' dir='ltr'><strong>magis</strong></span> <span class='ocrx_word' id='word_1_28' title='bbox 694 711 822 766; x_wconf 93' lang='lat' dir='ltr'><strong>muti</strong></span> <span class='ocrx_word' id='word_1_29' title='bbox 847 723 1005 780; x_wconf 90' lang='lat' dir='ltr'><strong>quam</strong></span> <span class='ocrx_word' id='word_1_30' title='bbox 1051 705 1255 772; x_wconf 82' lang='lat' dir='ltr'><strong>lapides</strong></span> <span class='ocrx_word' id='word_1_31' title='bbox 1282 715 1545 766; x_wconf 83' lang='lat' dir='ltr'><strong>essemus,</strong></span> <span class='ocrx_word' id='word_1_32' title='bbox 1581 713 1754 768; x_wconf 90' lang='lat' dir='ltr'><strong>penna</strong></span> <span class='ocrx_word' id='word_1_33' title='bbox 1783 695 1972 766; x_wconf 88' lang='lat' dir='ltr'><strong>quavis</strong></span> <span class='ocrx_word' id='word_1_34' title='bbox 2009 693 2087 748; x_wconf 87' lang='lat' dir='ltr'><strong>le-</strong></span> 
     </span>
    </p>
   </div>
   <div class='ocr_carea' id='block_1_6' title="bbox 507 787 2088 870">
    <p class='ocr_par' dir='ltr' id='par_1_6' title="bbox 507 787 2088 870">
     <span class='ocr_line' id='line_1_6' title="bbox 507 787 2088 870; baseline -0.015 -9"><span class='ocrx_word' id='word_1_35' title='bbox 507 809 710 861; x_wconf 89' lang='lat' dir='ltr'><strong>viorem</strong></span> <span class='ocrx_word' id='word_1_36' title='bbox 735 803 966 870; x_wconf 81' lang='lat' dir='ltr'><strong>linguam</strong></span> <span class='ocrx_word' id='word_1_37' title='bbox 1003 805 1240 852; x_wconf 88' lang='lat' dir='ltr'><strong>nostram</strong></span> <span class='ocrx_word' id='word_1_38' title='bbox 1271 794 1530 850; x_wconf 87' lang='lat' dir='ltr'><strong>efﬁciant.</strong></span> <span class='ocrx_word' id='word_1_39' title='bbox 1561 791 1693 846; x_wconf 87' lang='lat' dir='ltr'><strong>Nam</strong></span> <span class='ocrx_word' id='word_1_40' title='bbox 1732 789 1868 843; x_wconf 89' lang='lat' dir='ltr'><strong>sicut</strong></span> <span class='ocrx_word' id='word_1_41' title='bbox 1893 787 1945 840; x_wconf 90' lang='lat' dir='ltr'><strong>in</strong></span> <span class='ocrx_word' id='word_1_42' title='bbox 1974 797 2088 838; x_wconf 87' lang='lat' dir='ltr'><strong>me-</strong></span> 
     </span>
    </p>
   </div>
   <div class='ocr_carea' id='block_1_7' title="bbox 501 879 2083 956">
    <p class='ocr_par' dir='ltr' id='par_1_7' title="bbox 501 879 2083 956">
     <span class='ocr_line' id='line_1_7' title="bbox 501 879 2083 956; baseline -0.016 -3"><span class='ocrx_word' id='word_1_43' title='bbox 501 898 590 953; x_wconf 87' lang='lat' dir='ltr'><strong>dia</strong></span> <span class='ocrx_word' id='word_1_44' title='bbox 617 893 736 949; x_wconf 82' lang='lat' dir='ltr'><strong>navi</strong></span> <span class='ocrx_word' id='word_1_45' title='bbox 766 891 1007 946; x_wconf 91' lang='lat' dir='ltr'><strong>incidens</strong></span> <span class='ocrx_word' id='word_1_46' title='bbox 1025 890 1140 943; x_wconf 86' lang='lat' dir='ltr'><strong>vela</strong></span> <span class='ocrx_word' id='word_1_47' title='bbox 1166 886 1432 956; x_wconf 79' lang='lat' dir='ltr'><strong>zephyros</strong></span> <span class='ocrx_word' id='word_1_48' title='bbox 1464 883 1652 952; x_wconf 79' lang='lat' dir='ltr'><strong>sagitta</strong></span> <span class='ocrx_word' id='word_1_49' title='bbox 1679 879 1913 934; x_wconf 84' lang='lat' dir='ltr'><strong>velocius</strong></span> <span class='ocrx_word' id='word_1_50' title='bbox 1933 889 2083 946; x_wconf 84' lang='lat' dir='ltr'><strong>cym-</strong></span> 
     </span>
    </p>
   </div>
   <div class='ocr_carea' id='block_1_8' title="bbox 513 968 2085 1055">
    <p class='ocr_par' dir='ltr' id='par_1_8' title="bbox 513 968 2085 1055">
     <span class='ocr_line' id='line_1_8' title="bbox 513 968 2085 1055; baseline -0.015 -12"><span class='ocrx_word' id='word_1_51' title='bbox 513 989 636 1044; x_wconf 90' lang='lat' dir='ltr'><strong>bam</strong></span> <span class='ocrx_word' id='word_1_52' title='bbox 664 992 939 1055; x_wconf 86' lang='lat' dir='ltr'><strong>promovet</strong></span> <span class='ocrx_word' id='word_1_53' title='bbox 971 1000 984 1037; x_wconf 90' lang='lat'><strong>:</strong></span> <span class='ocrx_word' id='word_1_54' title='bbox 1013 983 1091 1038; x_wconf 86' lang='lat' dir='ltr'><strong>sic</strong></span> <span class='ocrx_word' id='word_1_55' title='bbox 1124 989 1179 1035; x_wconf 93' lang='lat' dir='ltr'><strong>et</strong></span> <span class='ocrx_word' id='word_1_56' title='bbox 1225 982 1277 1033; x_wconf 91' lang='lat' dir='ltr'><strong>in</strong></span> <span class='ocrx_word' id='word_1_57' title='bbox 1330 979 1564 1047; x_wconf 75' lang='lat' dir='ltr'><strong>linguam</strong></span> <span class='ocrx_word' id='word_1_58' title='bbox 1591 971 1818 1028; x_wconf 87' lang='lat' dir='ltr'><strong>dicentis</strong></span> <span class='ocrx_word' id='word_1_59' title='bbox 1845 968 2085 1024; x_wconf 89' lang='lat' dir='ltr'><strong>incidens</strong></span> 
     </span>
    </p>
   </div>
   <div class='ocr_carea' id='block_1_9' title="bbox 504 1062 2084 1140">
    <p class='ocr_par' dir='ltr' id='par_1_9' title="bbox 504 1062 2084 1140">
     <span class='ocr_line' id='line_1_9' title="bbox 504 1062 2084 1140; baseline -0.014 -7"><span class='ocrx_word' id='word_1_60' title='bbox 504 1077 676 1134; x_wconf 88' lang='lat' dir='ltr'><strong>oratio</strong></span> <span class='ocrx_word' id='word_1_61' title='bbox 706 1073 982 1140; x_wconf 75' lang='lat' dir='ltr'><strong>Ecclesize,</strong></span> <span class='ocrx_word' id='word_1_62' title='bbox 1009 1068 1379 1125; x_wconf 85' lang='lat' dir='ltr'><strong>vehementius</strong></span> <span class='ocrx_word' id='word_1_63' title='bbox 1403 1081 1562 1136; x_wconf 90' lang='lat' dir='ltr'><strong>quam</strong></span> <span class='ocrx_word' id='word_1_64' title='bbox 1589 1062 1854 1134; x_wconf 84' lang='lat' dir='ltr'><strong>zephyrus</strong></span> <span class='ocrx_word' id='word_1_65' title='bbox 1877 1073 2084 1114; x_wconf 85' lang='lat' dir='ltr'><strong>sermo-</strong></span> 
     </span>
    </p>
   </div>
   <div class='ocr_carea' id='block_1_10' title="bbox 508 1149 2084 1237">
    <p class='ocr_par' dir='ltr' id='par_1_10' title="bbox 508 1149 2084 1237">
     <span class='ocr_line' id='line_1_10' title="bbox 508 1149 2084 1237; baseline -0.013 -13"><span class='ocrx_word' id='word_1_66' title='bbox 508 1183 633 1224; x_wconf 87' lang='lat' dir='ltr'><strong>nem</strong></span> <span class='ocrx_word' id='word_1_67' title='bbox 658 1174 956 1237; x_wconf 77' lang='lat' dir='ltr'><strong>promovet.</strong></span> <span class='ocrx_word' id='word_1_68' title='bbox 988 1163 1276 1232; x_wconf 89' lang='lat' dir='ltr'><strong>Pr0pterea</strong></span> <span class='ocrx_word' id='word_1_69' title='bbox 1322 1173 1422 1214; x_wconf 91' lang='lat' dir='ltr'><strong>nos</strong></span> <span class='ocrx_word' id='word_1_70' title='bbox 1450 1157 1609 1211; x_wconf 90' lang='lat' dir='ltr'><strong>etiam</strong></span> <span class='ocrx_word' id='word_1_71' title='bbox 1641 1153 1876 1224; x_wconf 88' lang='lat' dir='ltr'><strong>quotidie</strong></span> <span class='ocrx_word' id='word_1_72' title='bbox 1913 1149 2084 1206; x_wconf 91' lang='lat' dir='ltr'><strong>conﬁ-</strong></span> 
     </span>
    </p>
   </div>
   <div class='ocr_carea' id='block_1_11' title="bbox 503 1238 2082 1317">
    <p class='ocr_par' dir='ltr' id='par_1_11' title="bbox 503 1238 2082 1317">
     <span class='ocr_line' id='line_1_11' title="bbox 503 1238 2082 1317; baseline -0.015 -4"><span class='ocrx_word' id='word_1_73' title='bbox 503 1257 693 1314; x_wconf 90' lang='lat' dir='ltr'><strong>denter</strong></span> <span class='ocrx_word' id='word_1_74' title='bbox 740 1256 808 1311; x_wconf 90' lang='lat' dir='ltr'><strong>ad</strong></span> <span class='ocrx_word' id='word_1_75' title='bbox 864 1261 1136 1310; x_wconf 87' lang='lat' dir='ltr'><strong>certamen</strong></span> <span class='ocrx_word' id='word_1_76' title='bbox 1175 1265 1273 1305; x_wconf 91' lang='lat' dir='ltr'><strong>uos</strong></span> <span class='ocrx_word' id='word_1_77' title='bbox 1325 1247 1670 1317; x_wconf 88' lang='lat' dir='ltr'><strong>accingimus.</strong></span> <span class='ocrx_word' id='word_1_78' title='bbox 1722 1243 1778 1299; x_wconf 92' lang='lat' dir='ltr'><strong>Si</strong></span> <span class='ocrx_word' id='word_1_79' title='bbox 1835 1241 1976 1297; x_wconf 90' lang='lat' dir='ltr'><strong>enim</strong></span> <span class='ocrx_word' id='word_1_80' title='bbox 2029 1238 2082 1294; x_wconf 88' lang='lat' dir='ltr'><strong>in</strong></span> 
     </span>
    </p>
   </div>
   <div class='ocr_carea' id='block_1_12' title="bbox 497 1337 2082 1411">
    <p class='ocr_par' dir='ltr' id='par_1_12' title="bbox 497 1337 2082 1411">
     <span class='ocr_line' id='line_1_12' title="bbox 497 1337 2082 1411; baseline -0.013 -6"><span class='ocrx_word' id='word_1_81' title='bbox 497 1347 738 1404; x_wconf 79' lang='lat' dir='ltr'><strong>externis</strong></span> <span class='ocrx_word' id='word_1_82' title='bbox 787 1344 1164 1401; x_wconf 89' lang='lat' dir='ltr'><strong>certaminibus</strong></span> <span class='ocrx_word' id='word_1_83' title='bbox 1194 1341 1455 1411; x_wconf 89' lang='lat' dir='ltr'><strong>quispiam</strong></span> <span class='ocrx_word' id='word_1_84' title='bbox 1487 1379 1504 1405; x_wconf 90' lang='lat'><strong>,</strong></span> <span class='ocrx_word' id='word_1_85' title='bbox 1533 1337 1618 1392; x_wconf 90' lang='lat' dir='ltr'><strong>cui</strong></span> <span class='ocrx_word' id='word_1_86' title='bbox 1647 1337 1832 1391; x_wconf 87' lang='lat' dir='ltr'><strong>decem</strong></span> <span class='ocrx_word' id='word_1_87' title='bbox 1879 1341 2082 1388; x_wconf 89' lang='lat' dir='ltr'><strong>tantum</strong></span> 
     </span>
    </p>
   </div>
   <div class='ocr_carea' id='block_1_13' title="bbox 498 1423 2084 1508">
    <p class='ocr_par' dir='ltr' id='par_1_13' title="bbox 498 1423 2084 1508">
     <span class='ocr_line' id='line_1_13' title="bbox 498 1423 2084 1508; baseline -0.011 -13"><span class='ocrx_word' id='word_1_88' title='bbox 498 1448 593 1495; x_wconf 86' lang='lat' dir='ltr'><strong>aut</strong></span> <span class='ocrx_word' id='word_1_89' title='bbox 615 1438 796 1508; x_wconf 87' lang='lat' dir='ltr'><strong>viginti</strong></span> <span class='ocrx_word' id='word_1_90' title='bbox 822 1435 1022 1492; x_wconf 88' lang='lat' dir='ltr'><strong>fuerint</strong></span> <span class='ocrx_word' id='word_1_91' title='bbox 1049 1434 1203 1489; x_wconf 89' lang='lat' dir='ltr'><strong>amici</strong></span> <span class='ocrx_word' id='word_1_92' title='bbox 1232 1433 1283 1487; x_wconf 91' lang='lat' dir='ltr'><strong>in</strong></span> <span class='ocrx_word' id='word_1_93' title='bbox 1331 1440 1486 1487; x_wconf 89' lang='lat' dir='ltr'><strong>tanto</strong></span> <span class='ocrx_word' id='word_1_94' title='bbox 1506 1429 1720 1500; x_wconf 84' lang='lat' dir='ltr'><strong>pepnlo,</strong></span> <span class='ocrx_word' id='word_1_95' title='bbox 1766 1427 2010 1483; x_wconf 79' lang='lat' dir='ltr'><strong>alacriter</strong></span> <span class='ocrx_word' id='word_1_96' title='bbox 2030 1423 2084 1478; x_wconf 92' lang='lat' dir='ltr'><strong>in</strong></span> 
     </span>
    </p>
   </div>
   <div class='ocr_carea' id='block_1_14' title="bbox 499 1518 2086 1595">
    <p class='ocr_par' dir='ltr' id='par_1_14' title="bbox 499 1518 2086 1595">
     <span class='ocr_line' id='line_1_14' title="bbox 499 1518 2086 1595; baseline -0.011 -6"><span class='ocrx_word' id='word_1_97' title='bbox 499 1547 719 1588; x_wconf 82' lang='lat' dir='ltr'><strong>arenam</strong></span> <span class='ocrx_word' id='word_1_98' title='bbox 745 1529 1018 1586; x_wconf 87' lang='lat' dir='ltr'><strong>descendit</strong></span> <span class='ocrx_word' id='word_1_99' title='bbox 1051 1545 1065 1581; x_wconf 89' lang='lat'><strong>:</strong></span> <span class='ocrx_word' id='word_1_100' title='bbox 1094 1528 1261 1582; x_wconf 90' lang='lat' dir='ltr'><strong>multo</strong></span> <span class='ocrx_word' id='word_1_101' title='bbox 1288 1525 1454 1595; x_wconf 88' lang='lat' dir='ltr'><strong>magis</strong></span> <span class='ocrx_word' id='word_1_102' title='bbox 1478 1539 1596 1590; x_wconf 90' lang='lat' dir='ltr'><strong>nos,</strong></span> <span class='ocrx_word' id='word_1_103' title='bbox 1645 1521 1737 1592; x_wconf 88' lang='lat' dir='ltr'><strong>qui</strong></span> <span class='ocrx_word' id='word_1_104' title='bbox 1763 1535 1868 1574; x_wconf 87' lang='lat' dir='ltr'><strong>non</strong></span> <span class='ocrx_word' id='word_1_105' title='bbox 1896 1518 2086 1572; x_wconf 87' lang='lat' dir='ltr'><strong>decem</strong></span> 
     </span>
    </p>
   </div>
   <div class='ocr_carea' id='block_1_15' title="bbox 500 1608 2086 1694">
    <p class='ocr_par' dir='ltr' id='par_1_15' title="bbox 500 1608 2086 1694">
     <span class='ocr_line' id='line_1_15' title="bbox 500 1608 2086 1694; baseline -0.009 -18"><span class='ocrx_word' id='word_1_106' title='bbox 500 1633 593 1678; x_wconf 91' lang='lat' dir='ltr'><strong>aut</strong></span> <span class='ocrx_word' id='word_1_107' title='bbox 620 1622 828 1694; x_wconf 80' lang='lat' dir='ltr'><strong>viginti,</strong></span> <span class='ocrx_word' id='word_1_108' title='bbox 885 1619 979 1675; x_wconf 93' lang='lat' dir='ltr'><strong>sed</strong></span> <span class='ocrx_word' id='word_1_109' title='bbox 1010 1627 1180 1674; x_wconf 89' lang='lat' dir='ltr'><strong>totum</strong></span> <span class='ocrx_word' id='word_1_110' title='bbox 1209 1617 1474 1672; x_wconf 89' lang='lat' dir='ltr'><strong>theatrum</strong></span> <span class='ocrx_word' id='word_1_111' title='bbox 1521 1629 1589 1667; x_wconf 78' lang='lat' dir='ltr'><strong>ex</strong></span> <span class='ocrx_word' id='word_1_112' title='bbox 1627 1611 1874 1667; x_wconf 87' lang='lat' dir='ltr'><strong>fratribus</strong></span> <span class='ocrx_word' id='word_1_113' title='bbox 1921 1608 2086 1678; x_wconf 87' lang='lat' dir='ltr'><strong>patri-</strong></span> 
     </span>
    </p>
   </div>
   <div class='ocr_carea' id='block_1_16' title="bbox 501 1701 2078 1782">
    <p class='ocr_par' dir='ltr' id='par_1_16' title="bbox 501 1701 2078 1782">
     <span class='ocr_line' id='line_1_16' title="bbox 501 1701 2078 1782; baseline -0.01 -14"><span class='ocrx_word' id='word_1_114' title='bbox 501 1714 708 1782; x_wconf 88' lang='lat' dir='ltr'><strong>busque</strong></span> <span class='ocrx_word' id='word_1_115' title='bbox 757 1711 1043 1766; x_wconf 84' lang='lat' dir='ltr'><strong>conflatum</strong></span> <span class='ocrx_word' id='word_1_116' title='bbox 1084 1709 1360 1771; x_wconf 89' lang='lat' dir='ltr'><strong>habemus,</strong></span> <span class='ocrx_word' id='word_1_117' title='bbox 1391 1704 1721 1760; x_wconf 90' lang='lat' dir='ltr'><strong>conﬁdenter</strong></span> <span class='ocrx_word' id='word_1_118' title='bbox 1763 1701 1817 1756; x_wconf 93' lang='lat' dir='ltr'><strong>id</strong></span> <span class='ocrx_word' id='word_1_119' title='bbox 1842 1714 2078 1770; x_wconf 77' lang='lat' dir='ltr'><strong>agemus.</strong></span> 
     </span>
    </p>
   </div>
   <div class='ocr_carea' id='block_1_17' title="bbox 502 1790 2086 1861">
    <p class='ocr_par' dir='ltr' id='par_1_17' title="bbox 502 1790 2086 1861">
     <span class='ocr_line' id='line_1_17' title="bbox 502 1790 2086 1861; baseline -0.009 -3"><span class='ocrx_word' id='word_1_120' title='bbox 502 1802 738 1858; x_wconf 87' lang='lat' dir='ltr'><strong>Tametsi</strong></span> <span class='ocrx_word' id='word_1_121' title='bbox 757 1803 808 1857; x_wconf 92' lang='lat' dir='ltr'><strong>in</strong></span> <span class='ocrx_word' id='word_1_122' title='bbox 836 1803 1075 1858; x_wconf 82' lang='lat' dir='ltr'><strong>externis</strong></span> <span class='ocrx_word' id='word_1_123' title='bbox 1089 1797 1473 1855; x_wconf 88' lang='lat' dir='ltr'><strong>certaminibus</strong></span> <span class='ocrx_word' id='word_1_124' title='bbox 1491 1811 1594 1850; x_wconf 92' lang='lat' dir='ltr'><strong>non</strong></span> <span class='ocrx_word' id='word_1_125' title='bbox 1619 1793 1844 1848; x_wconf 91' lang='lat' dir='ltr'><strong>multum</strong></span> <span class='ocrx_word' id='word_1_126' title='bbox 1870 1790 2086 1861; x_wconf 86' lang='lat' dir='ltr'><strong>prodest</strong></span> 
     </span>
    </p>
   </div>
   <div class='ocr_carea' id='block_1_18' title="bbox 499 1884 2084 1959">
    <p class='ocr_par' dir='ltr' id='par_1_18' title="bbox 499 1884 2084 1959">
     <span class='ocr_line' id='line_1_18' title="bbox 499 1884 2084 1959; baseline -0.011 -7"><span class='ocrx_word' id='word_1_127' title='bbox 499 1893 718 1952; x_wconf 61' lang='lat' dir='ltr'><strong>athletas</strong></span> <span class='ocrx_word' id='word_1_128' title='bbox 769 1891 995 1946; x_wconf 89' lang='lat' dir='ltr'><strong>certanti</strong></span> <span class='ocrx_word' id='word_1_129' title='bbox 1051 1898 1339 1959; x_wconf 85' lang='lat' dir='ltr'><strong>spectator,</strong></span> <span class='ocrx_word' id='word_1_130' title='bbox 1386 1887 1484 1942; x_wconf 91' lang='lat' dir='ltr'><strong>nisi</strong></span> <span class='ocrx_word' id='word_1_131' title='bbox 1537 1885 1675 1940; x_wconf 87' lang='lat' dir='ltr'><strong>forte</strong></span> <span class='ocrx_word' id='word_1_132' title='bbox 1703 1893 1762 1938; x_wconf 91' lang='lat' dir='ltr'><strong>ut</strong></span> <span class='ocrx_word' id='word_1_133' title='bbox 1789 1884 1984 1938; x_wconf 90' lang='lat' dir='ltr'><strong>clamet</strong></span> <span class='ocrx_word' id='word_1_134' title='bbox 2029 1890 2084 1936; x_wconf 90' lang='lat' dir='ltr'><strong>et</strong></span> 
     </span>
    </p>
   </div>
   <div class='ocr_carea' id='block_1_19' title="bbox 501 1971 2085 2052">
    <p class='ocr_par' dir='ltr' id='par_1_19' title="bbox 501 1971 2085 2052">
     <span class='ocr_line' id='line_1_19' title="bbox 501 1971 2085 2052; baseline -0.008 -13"><span class='ocrx_word' id='word_1_135' title='bbox 501 1983 684 2040; x_wconf 88' lang='lat' dir='ltr'><strong>laudet</strong></span> <span class='ocrx_word' id='word_1_136' title='bbox 733 1997 854 2052; x_wconf 63' lang='lat' dir='ltr'><strong>quae</strong></span> <span class='ocrx_word' id='word_1_137' title='bbox 898 1991 1177 2051; x_wconf 86' lang='lat' dir='ltr'><strong>geruntur,</strong></span> <span class='ocrx_word' id='word_1_138' title='bbox 1220 1988 1275 2034; x_wconf 92' lang='lat' dir='ltr'><strong>et</strong></span> <span class='ocrx_word' id='word_1_139' title='bbox 1317 1979 1370 2033; x_wconf 94' lang='lat' dir='ltr'><strong>in</strong></span> <span class='ocrx_word' id='word_1_140' title='bbox 1414 1975 1676 2046; x_wconf 86' lang='lat' dir='ltr'><strong>superiori</strong></span> <span class='ocrx_word' id='word_1_141' title='bbox 1727 1975 1845 2029; x_wconf 90' lang='lat' dir='ltr'><strong>loco</strong></span> <span class='ocrx_word' id='word_1_142' title='bbox 1891 1971 2085 2028; x_wconf 89' lang='lat' dir='ltr'><strong>sedens</strong></span> 
     </span>
    </p>
   </div>
   <div class='ocr_carea' id='block_1_20' title="bbox 500 2063 2083 2139">
    <p class='ocr_par' dir='ltr' id='par_1_20' title="bbox 500 2063 2083 2139">
     <span class='ocr_line' id='line_1_20' title="bbox 500 2063 2083 2139; baseline -0.009 -9"><span class='ocrx_word' id='word_1_143' title='bbox 500 2090 623 2131; x_wconf 88' lang='lat' dir='ltr'><strong>cum</strong></span> <span class='ocrx_word' id='word_1_144' title='bbox 676 2073 781 2128; x_wconf 90' lang='lat' dir='ltr'><strong>illis</strong></span> <span class='ocrx_word' id='word_1_145' title='bbox 824 2071 1131 2135; x_wconf 89' lang='lat' dir='ltr'><strong>contendat,</strong></span> <span class='ocrx_word' id='word_1_146' title='bbox 1177 2070 1266 2139; x_wconf 84' lang='lat' dir='ltr'><strong>qui</strong></span> <span class='ocrx_word' id='word_1_147' title='bbox 1305 2067 1674 2123; x_wconf 87' lang='lat' dir='ltr'><strong>contradicunt</strong></span> <span class='ocrx_word' id='word_1_148' title='bbox 1705 2083 1718 2119; x_wconf 93' lang='lat'>:</span> <span class='ocrx_word' id='word_1_149' title='bbox 1747 2064 1800 2118; x_wconf 93' lang='lat' dir='ltr'><strong>in</strong></span> <span class='ocrx_word' id='word_1_150' title='bbox 1855 2063 2083 2118; x_wconf 87' lang='lat' dir='ltr'><strong>stadium</strong></span> 
     </span>
    </p>
   </div>
   <div class='ocr_carea' id='block_1_21' title="bbox 498 2155 2082 2230">
    <p class='ocr_par' dir='ltr' id='par_1_21' title="bbox 498 2155 2082 2230">
     <span class='ocr_line' id='line_1_21' title="bbox 498 2155 2082 2230; baseline -0.006 -12"><span class='ocrx_word' id='word_1_151' title='bbox 498 2181 628 2221; x_wconf 88' lang='lat' dir='ltr'><strong>vero</strong></span> <span class='ocrx_word' id='word_1_152' title='bbox 671 2164 1016 2228; x_wconf 86' lang='lat' dir='ltr'><strong>descendere,</strong></span> <span class='ocrx_word' id='word_1_153' title='bbox 1049 2175 1370 2230; x_wconf 87' lang='lat' dir='ltr'><strong>manumque</strong></span> <span class='ocrx_word' id='word_1_154' title='bbox 1398 2159 1688 2229; x_wconf 82' lang='lat' dir='ltr'><strong>porrigere,</strong></span> <span class='ocrx_word' id='word_1_155' title='bbox 1715 2156 1804 2212; x_wconf 87' lang='lat' dir='ltr'><strong>vel</strong></span> <span class='ocrx_word' id='word_1_156' title='bbox 1829 2155 2082 2212; x_wconf 88' lang='lat' dir='ltr'><strong>adversa-</strong></span> 
     </span>
    </p>
   </div>
   <div class='ocr_carea' id='block_1_22' title="bbox 499 2243 2084 2327">
    <p class='ocr_par' dir='ltr' id='par_1_22' title="bbox 499 2243 2084 2327">
     <span class='ocr_line' id='line_1_22' title="bbox 499 2243 2084 2327; baseline -0.009 -15"><span class='ocrx_word' id='word_1_157' title='bbox 499 2257 564 2312; x_wconf 91' lang='lat' dir='ltr'><strong>rii</strong></span> <span class='ocrx_word' id='word_1_158' title='bbox 613 2255 802 2327; x_wconf 87' lang='lat' dir='ltr'><strong>pedem</strong></span> <span class='ocrx_word' id='word_1_159' title='bbox 856 2253 1100 2318; x_wconf 88' lang='lat' dir='ltr'><strong>trahere,</strong></span> <span class='ocrx_word' id='word_1_160' title='bbox 1149 2251 1235 2306; x_wconf 91' lang='lat' dir='ltr'><strong>vel</strong></span> <span class='ocrx_word' id='word_1_161' title='bbox 1286 2249 1431 2304; x_wconf 89' lang='lat' dir='ltr'><strong>aliud</strong></span> <span class='ocrx_word' id='word_1_162' title='bbox 1481 2246 1745 2318; x_wconf 89' lang='lat' dir='ltr'><strong>ejusmodi</strong></span> <span class='ocrx_word' id='word_1_163' title='bbox 1813 2243 2084 2315; x_wconf 86' lang='lat' dir='ltr'><strong>quidpiam</strong></span> 
     </span>
    </p>
   </div>
   <div class='ocr_carea' id='block_1_23' title="bbox 499 2337 2084 2418">
    <p class='ocr_par' dir='ltr' id='par_1_23' title="bbox 499 2337 2084 2418">
     <span class='ocr_line' id='line_1_23' title="bbox 499 2337 2084 2418; baseline -0.008 -16"><span class='ocrx_word' id='word_1_164' title='bbox 499 2361 680 2418; x_wconf 85' lang='lat' dir='ltr'><strong>agere,</strong></span> <span class='ocrx_word' id='word_1_165' title='bbox 712 2345 932 2400; x_wconf 91' lang='lat' dir='ltr'><strong>minime</strong></span> <span class='ocrx_word' id='word_1_166' title='bbox 959 2344 1102 2399; x_wconf 90' lang='lat' dir='ltr'><strong>licet.</strong></span> <span class='ocrx_word' id='word_1_167' title='bbox 1152 2343 1254 2411; x_wconf 86' lang='lat' dir='ltr'><strong>Qui</strong></span> <span class='ocrx_word' id='word_1_168' title='bbox 1297 2342 1440 2398; x_wconf 89' lang='lat' dir='ltr'><strong>enim</strong></span> <span class='ocrx_word' id='word_1_169' title='bbox 1483 2341 1552 2395; x_wconf 89' lang='lat' dir='ltr'><strong>ab</strong></span> <span class='ocrx_word' id='word_1_170' title='bbox 1597 2339 1749 2395; x_wconf 88' lang='lat' dir='ltr'><strong>initio</strong></span> <span class='ocrx_word' id='word_1_171' title='bbox 1791 2337 2084 2394; x_wconf 87' lang='lat' dir='ltr'><strong>certamina</strong></span> 
     </span>
    </p>
   </div>
   <div class='ocr_carea' id='block_1_24' title="bbox 499 2428 2078 2504">
    <p class='ocr_par' dir='ltr' id='par_1_24' title="bbox 499 2428 2078 2504">
     <span class='ocr_line' id='line_1_24' title="bbox 499 2428 2078 2504; baseline -0.008 -11"><span class='ocrx_word' id='word_1_172' title='bbox 499 2440 594 2493; x_wconf 91' lang='lat' dir='ltr'><strong>illa</strong></span> <span class='ocrx_word' id='word_1_173' title='bbox 617 2437 1026 2500; x_wconf 89' lang='lat' dir='ltr'><strong>constituerunt,</strong></span> <span class='ocrx_word' id='word_1_174' title='bbox 1053 2435 1224 2490; x_wconf 90' lang='lat' dir='ltr'><strong>acutis</strong></span> <span class='ocrx_word' id='word_1_175' title='bbox 1267 2435 1399 2504; x_wconf 87' lang='lat' dir='ltr'><strong>palis</strong></span> <span class='ocrx_word' id='word_1_176' title='bbox 1427 2431 1639 2496; x_wconf 81' lang='lat' dir='ltr'><strong>deﬁxis,</strong></span> <span class='ocrx_word' id='word_1_177' title='bbox 1671 2445 1736 2486; x_wconf 89' lang='lat' dir='ltr'><strong>ac</strong></span> <span class='ocrx_word' id='word_1_178' title='bbox 1782 2429 1996 2484; x_wconf 84' lang='lat' dir='ltr'><strong>funibus</strong></span> <span class='ocrx_word' id='word_1_179' title='bbox 2023 2428 2078 2482; x_wconf 92' lang='lat' dir='ltr'><strong>in</strong></span> 
     </span>
    </p>
   </div>
   <div class='ocr_carea' id='block_1_25' title="bbox 499 2518 2085 2602">
    <p class='ocr_par' dir='ltr' id='par_1_25' title="bbox 499 2518 2085 2602">
     <span class='ocr_line' id='line_1_25' title="bbox 499 2518 2085 2602; baseline -0.007 -18"><span class='ocrx_word' id='word_1_180' title='bbox 499 2544 689 2602; x_wconf 87' lang='lat' dir='ltr'><strong>gyrum</strong></span> <span class='ocrx_word' id='word_1_181' title='bbox 713 2528 949 2582; x_wconf 77' lang='lat' dir='ltr'><strong>extensis</strong></span> <span class='ocrx_word' id='word_1_182' title='bbox 976 2533 1339 2596; x_wconf 88' lang='lat' dir='ltr'><strong>spectatorum</strong></span> <span class='ocrx_word' id='word_1_183' title='bbox 1387 2522 1648 2578; x_wconf 87' lang='lat' dir='ltr'><strong>insaniam</strong></span> <span class='ocrx_word' id='word_1_184' title='bbox 1690 2528 1894 2576; x_wconf 85' lang='lat' dir='ltr'><strong>arcent.</strong></span> <span class='ocrx_word' id='word_1_185' title='bbox 1946 2518 2085 2585; x_wconf 86' lang='lat' dir='ltr'><strong>Quid</strong></span> 
     </span>
    </p>
   </div>
   <div class='ocr_carea' id='block_1_26' title="bbox 502 2612 2081 2684">
    <p class='ocr_par' dir='ltr' id='par_1_26' title="bbox 502 2612 2081 2684">
     <span class='ocr_line' id='line_1_26' title="bbox 502 2612 2081 2684; baseline -0.005 -12"><span class='ocrx_word' id='word_1_186' title='bbox 502 2634 633 2674; x_wconf 90' lang='lat' dir='ltr'><strong>vero</strong></span> <span class='ocrx_word' id='word_1_187' title='bbox 659 2618 876 2684; x_wconf 90' lang='lat' dir='ltr'><strong>mirum,</strong></span> <span class='ocrx_word' id='word_1_188' title='bbox 907 2617 953 2672; x_wconf 91' lang='lat' dir='ltr'><strong>si</strong></span> <span class='ocrx_word' id='word_1_189' title='bbox 979 2615 1307 2672; x_wconf 90' lang='lat' dir='ltr'><strong>descendere</strong></span> <span class='ocrx_word' id='word_1_190' title='bbox 1331 2613 1615 2683; x_wconf 86' lang='lat' dir='ltr'><strong>spectatori</strong></span> <span class='ocrx_word' id='word_1_191' title='bbox 1644 2629 1748 2667; x_wconf 91' lang='lat' dir='ltr'><strong>non</strong></span> <span class='ocrx_word' id='word_1_192' title='bbox 1783 2612 1928 2676; x_wconf 90' lang='lat' dir='ltr'><strong>licet,</strong></span> <span class='ocrx_word' id='word_1_193' title='bbox 1960 2625 2081 2665; x_wconf 90' lang='lat' dir='ltr'><strong>cum</strong></span> 
     </span>
    </p>
   </div>
   <div class='ocr_carea' id='block_1_27' title="bbox 505 2701 2083 2780">
    <p class='ocr_par' dir='ltr' id='par_1_27' title="bbox 505 2701 2083 2780">
     <span class='ocr_line' id='line_1_27' title="bbox 505 2701 2083 2780; baseline -0.008 -14"><span class='ocrx_word' id='word_1_194' title='bbox 505 2719 562 2767; x_wconf 89' lang='lat' dir='ltr'><strong>et</strong></span> <span class='ocrx_word' id='word_1_195' title='bbox 584 2710 850 2780; x_wconf 71' lang='lat' dir='ltr'><strong>palaestrae</strong></span> <span class='ocrx_word' id='word_1_196' title='bbox 895 2708 1208 2777; x_wconf 88' lang='lat' dir='ltr'><strong>magistrum</strong></span> <span class='ocrx_word' id='word_1_197' title='bbox 1231 2706 1455 2775; x_wconf 84' lang='lat' dir='ltr'><strong>jubeant</strong></span> <span class='ocrx_word' id='word_1_198' title='bbox 1479 2705 1606 2758; x_wconf 87' lang='lat' dir='ltr'><strong>foris</strong></span> <span class='ocrx_word' id='word_1_199' title='bbox 1633 2703 1908 2758; x_wconf 88' lang='lat' dir='ltr'><strong>sedentem</strong></span> <span class='ocrx_word' id='word_1_200' title='bbox 1932 2701 2083 2771; x_wconf 81' lang='lat' dir='ltr'><strong>juxta</strong></span> 
     </span>
    </p>
   </div>
   <div class='ocr_carea' id='block_1_28' title="bbox 504 2793 2080 2867">
    <p class='ocr_par' dir='ltr' id='par_1_28' title="bbox 504 2793 2080 2867">
     <span class='ocr_line' id='line_1_28' title="bbox 504 2793 2080 2867; baseline -0.005 -13"><span class='ocrx_word' id='word_1_201' title='bbox 504 2814 722 2855; x_wconf 89' lang='lat' dir='ltr'><strong>arenam</strong></span> <span class='ocrx_word' id='word_1_202' title='bbox 750 2840 765 2863; x_wconf 90' lang='lat'><strong>,</strong></span> <span class='ocrx_word' id='word_1_203' title='bbox 821 2812 852 2852; x_wconf 87' lang='lat' dir='ltr'><strong>a</strong></span> <span class='ocrx_word' id='word_1_204' title='bbox 902 2799 1059 2867; x_wconf 90' lang='lat' dir='ltr'><strong>longe</strong></span> <span class='ocrx_word' id='word_1_205' title='bbox 1107 2797 1435 2853; x_wconf 86' lang='lat' dir='ltr'><strong>certantibus</strong></span> <span class='ocrx_word' id='word_1_206' title='bbox 1477 2795 1736 2849; x_wconf 66' lang='lat' dir='ltr'><strong>doctrinae</strong></span> <span class='ocrx_word' id='word_1_207' title='bbox 1783 2793 2080 2848; x_wconf 87' lang='lat' dir='ltr'><strong>subsidium</strong></span> 
     </span>
    </p>
   </div>
   <div class='ocr_carea' id='block_1_29' title="bbox 477 2886 2086 2962">
    <p class='ocr_par' dir='ltr' id='par_1_29' title="bbox 477 2886 2086 2962">
     <span class='ocr_line' id='line_1_29' title="bbox 477 2886 2086 2962; baseline -0.004 -16"><span class='ocrx_word' id='word_1_208' title='bbox 477 2891 761 2962; x_wconf 65' lang='lat' dir='ltr'><strong>praebere,</strong></span> <span class='ocrx_word' id='word_1_209' title='bbox 790 2905 956 2961; x_wconf 91' lang='lat' dir='ltr'><strong>prope</strong></span> <span class='ocrx_word' id='word_1_210' title='bbox 997 2904 1126 2944; x_wconf 85' lang='lat' dir='ltr'><strong>vero</strong></span> <span class='ocrx_word' id='word_1_211' title='bbox 1156 2904 1260 2943; x_wconf 89' lang='lat' dir='ltr'><strong>non</strong></span> <span class='ocrx_word' id='word_1_212' title='bbox 1288 2888 1467 2942; x_wconf 90' lang='lat' dir='ltr'><strong>sinant</strong></span> <span class='ocrx_word' id='word_1_213' title='bbox 1492 2886 1786 2942; x_wconf 87' lang='lat' dir='ltr'><strong>accedere?</strong></span> <span class='ocrx_word' id='word_1_214' title='bbox 1831 2886 1930 2940; x_wconf 92' lang='lat' dir='ltr'><strong>llic</strong></span> <span class='ocrx_word' id='word_1_215' title='bbox 1959 2900 2086 2941; x_wconf 90' lang='lat' dir='ltr'><strong>vero</strong></span> 
     </span>
    </p>
   </div>
   <div class='ocr_carea' id='block_1_30' title="bbox 499 2977 2086 3049">
    <p class='ocr_par' dir='ltr' id='par_1_30' title="bbox 499 2977 2086 3049">
     <span class='ocr_line' id='line_1_30' title="bbox 499 2977 2086 3049; baseline -0.004 -11"><span class='ocrx_word' id='word_1_216' title='bbox 499 2999 608 3039; x_wconf 88' lang='lat' dir='ltr'><strong>non</strong></span> <span class='ocrx_word' id='word_1_217' title='bbox 636 2985 707 3038; x_wconf 92' lang='lat' dir='ltr'><strong>ita</strong></span> <span class='ocrx_word' id='word_1_218' title='bbox 756 2983 850 3049; x_wconf 88' lang='lat' dir='ltr'><strong>ﬁt;</strong></span> <span class='ocrx_word' id='word_1_219' title='bbox 881 2981 978 3038; x_wconf 87' lang='lat' dir='ltr'><strong>sed</strong></span> <span class='ocrx_word' id='word_1_220' title='bbox 1007 2989 1063 3037; x_wconf 89' lang='lat' dir='ltr'><strong>et</strong></span> <span class='ocrx_word' id='word_1_221' title='bbox 1102 2980 1306 3036; x_wconf 90' lang='lat' dir='ltr'><strong>doctori</strong></span> <span class='ocrx_word' id='word_1_222' title='bbox 1335 2990 1389 3036; x_wconf 92' lang='lat' dir='ltr'><strong>et</strong></span> <span class='ocrx_word' id='word_1_223' title='bbox 1427 2978 1714 3049; x_wconf 89' lang='lat' dir='ltr'><strong>spectatori</strong></span> <span class='ocrx_word' id='word_1_224' title='bbox 1743 2978 1870 3034; x_wconf 90' lang='lat' dir='ltr'><strong>licet</strong></span> <span class='ocrx_word' id='word_1_225' title='bbox 1892 2977 1960 3033; x_wconf 87' lang='lat' dir='ltr'><strong>ad</strong></span> <span class='ocrx_word' id='word_1_226' title='bbox 1989 2992 2086 3032; x_wconf 89' lang='lat' dir='ltr'><strong>nos</strong></span> 
     </span>
    </p>
   </div>
   <div class='ocr_carea' id='block_1_31' title="bbox 499 3071 2086 3145">
    <p class='ocr_par' dir='ltr' id='par_1_31' title="bbox 499 3071 2086 3145">
     <span class='ocr_line' id='line_1_31' title="bbox 499 3071 2086 3145; baseline -0.004 -13"><span class='ocrx_word' id='word_1_227' title='bbox 499 3075 850 3141; x_wconf 88' lang='lat' dir='ltr'><strong>descendere,</strong></span> <span class='ocrx_word' id='word_1_228' title='bbox 902 3081 1062 3145; x_wconf 88' lang='lat' dir='ltr'><strong>atque</strong></span> <span class='ocrx_word' id='word_1_229' title='bbox 1090 3072 1284 3129; x_wconf 79' lang='lat' dir='ltr'><strong>all&#39;ectu</strong></span> <span class='ocrx_word' id='word_1_230' title='bbox 1325 3088 1490 3142; x_wconf 85' lang='lat' dir='ltr'><strong>prope</strong></span> <span class='ocrx_word' id='word_1_231' title='bbox 1528 3071 1762 3136; x_wconf 88' lang='lat' dir='ltr'><strong>adstare,</strong></span> <span class='ocrx_word' id='word_1_232' title='bbox 1811 3071 2086 3141; x_wconf 87' lang='lat' dir='ltr'><strong>precibus-</strong></span> 
     </span>
    </p>
   </div>
   <div class='ocr_carea' id='block_1_32' title="bbox 499 3164 2085 3239">
    <p class='ocr_par' dir='ltr' id='par_1_32' title="bbox 499 3164 2085 3239">
     <span class='ocr_line' id='line_1_32' title="bbox 499 3164 2085 3239; baseline -0.003 -19"><span class='ocrx_word' id='word_1_233' title='bbox 499 3185 604 3239; x_wconf 84' lang='lat' dir='ltr'><strong>que</strong></span> <span class='ocrx_word' id='word_1_234' title='bbox 629 3169 771 3223; x_wconf 90' lang='lat' dir='ltr'><strong>vires</strong></span> <span class='ocrx_word' id='word_1_235' title='bbox 793 3167 1010 3222; x_wconf 88' lang='lat' dir='ltr'><strong>addere.</strong></span> <span class='ocrx_word' id='word_1_236' title='bbox 1049 3169 1160 3236; x_wconf 84' lang='lat' dir='ltr'><strong>Age</strong></span> <span class='ocrx_word' id='word_1_237' title='bbox 1187 3181 1316 3236; x_wconf 89' lang='lat' dir='ltr'><strong>ergo</strong></span> <span class='ocrx_word' id='word_1_238' title='bbox 1347 3180 1495 3220; x_wconf 88' lang='lat' dir='ltr'><strong>more</strong></span> <span class='ocrx_word' id='word_1_239' title='bbox 1522 3166 1842 3220; x_wconf 86' lang='lat' dir='ltr'><strong>athletarum</strong></span> <span class='ocrx_word' id='word_1_240' title='bbox 1874 3164 2085 3218; x_wconf 88' lang='lat' dir='ltr'><strong>illorum</strong></span> 
     </span>
    </p>
   </div>
   <div class='ocr_carea' id='block_1_33' title="bbox 499 3255 2088 3330">
    <p class='ocr_par' dir='ltr' id='par_1_33' title="bbox 499 3255 2088 3330">
     <span class='ocr_line' id='line_1_33' title="bbox 499 3255 2088 3330; baseline -0.002 -18"><span class='ocrx_word' id='word_1_241' title='bbox 499 3258 873 3330; x_wconf 77' lang='lat' dir='ltr'><strong>aggrediamur</strong></span> <span class='ocrx_word' id='word_1_242' title='bbox 924 3256 1236 3312; x_wconf 87' lang='lat' dir='ltr'><strong>certamina.</strong></span> <span class='ocrx_word' id='word_1_243' title='bbox 1269 3256 1540 3327; x_wconf 89' lang='lat' dir='ltr'><strong>Siquidem</strong></span> <span class='ocrx_word' id='word_1_244' title='bbox 1585 3256 1662 3311; x_wconf 90' lang='lat' dir='ltr'><strong>illi</strong></span> <span class='ocrx_word' id='word_1_245' title='bbox 1693 3272 1812 3311; x_wconf 92' lang='lat' dir='ltr'><strong>cum</strong></span> <span class='ocrx_word' id='word_1_246' title='bbox 1853 3270 1912 3310; x_wconf 89' lang='lat' dir='ltr'><strong>se</strong></span> <span class='ocrx_word' id='word_1_247' title='bbox 1955 3255 2088 3310; x_wconf 84' lang='lat' dir='ltr'><strong>invi-</strong></span> 
     </span>
    </p>
   </div>
   <div class='ocr_carea' id='block_1_34' title="bbox 499 3348 2086 3420">
    <p class='ocr_par' dir='ltr' id='par_1_34' title="bbox 499 3348 2086 3420">
     <span class='ocr_line' id='line_1_34' title="bbox 499 3348 2086 3420; baseline -0.003 -13"><span class='ocrx_word' id='word_1_248' title='bbox 499 3367 616 3408; x_wconf 89' lang='lat' dir='ltr'><strong>cem</strong></span> <span class='ocrx_word' id='word_1_249' title='bbox 648 3351 852 3406; x_wconf 89' lang='lat' dir='ltr'><strong>medios</strong></span> <span class='ocrx_word' id='word_1_250' title='bbox 881 3350 1282 3420; x_wconf 79' lang='lat' dir='ltr'><strong>preltendcrint,</strong></span> <span class='ocrx_word' id='word_1_251' title='bbox 1336 3366 1400 3405; x_wconf 90' lang='lat' dir='ltr'><strong>ac</strong></span> <span class='ocrx_word' id='word_1_252' title='bbox 1451 3349 1503 3404; x_wconf 89' lang='lat' dir='ltr'><strong>vi</strong></span> <span class='ocrx_word' id='word_1_253' title='bbox 1532 3365 1762 3405; x_wconf 80' lang='lat' dir='ltr'><strong>nexuum</strong></span> <span class='ocrx_word' id='word_1_254' title='bbox 1792 3349 1991 3404; x_wconf 83' lang='lat' dir='ltr'><strong>fuerint</strong></span> <span class='ocrx_word' id='word_1_255' title='bbox 2019 3348 2086 3403; x_wconf 87' lang='lat' dir='ltr'><strong>ad</strong></span> 
     </span>
    </p>
   </div>
   <div class='ocr_carea' id='block_1_35' title="bbox 499 3441 2088 3511">
    <p class='ocr_par' dir='ltr' id='par_1_35' title="bbox 499 3441 2088 3511">
     <span class='ocr_line' id='line_1_35' title="bbox 499 3441 2088 3511; baseline -0.002 -14"><span class='ocrx_word' id='word_1_256' title='bbox 499 3444 936 3497; x_wconf 87' lang='lat' dir='ltr'><strong>circumstantem</strong></span> <span class='ocrx_word' id='word_1_257' title='bbox 987 3456 1047 3496; x_wconf 91' lang='lat' dir='ltr'><strong>se</strong></span> <span class='ocrx_word' id='word_1_258' title='bbox 1088 3445 1218 3497; x_wconf 83' lang='lat' dir='ltr'><strong>foris</strong></span> <span class='ocrx_word' id='word_1_259' title='bbox 1249 3443 1454 3497; x_wconf 88' lang='lat' dir='ltr'><strong>turbam</strong></span> <span class='ocrx_word' id='word_1_260' title='bbox 1503 3441 1717 3511; x_wconf 89' lang='lat' dir='ltr'><strong>impulsi</strong></span> <span class='ocrx_word' id='word_1_261' title='bbox 1746 3451 1964 3511; x_wconf 89' lang='lat' dir='ltr'><strong>propter</strong></span> <span class='ocrx_word' id='word_1_262' title='bbox 1991 3458 2088 3495; x_wconf 88' lang='lat' dir='ltr'><strong>an-</strong></span> 
     </span>
    </p>
   </div>
   <div class='ocr_carea' id='block_1_36' title="bbox 506 3533 2085 3602">
    <p class='ocr_par' dir='ltr' id='par_1_36' title="bbox 506 3533 2085 3602">
     <span class='ocr_line' id='line_1_36' title="bbox 506 3533 2085 3602; baseline 0.001 -14"><span class='ocrx_word' id='word_1_263' title='bbox 506 3533 712 3602; x_wconf 84' lang='lat' dir='ltr'><strong>gustias</strong></span> <span class='ocrx_word' id='word_1_264' title='bbox 743 3533 865 3600; x_wconf 90' lang='lat' dir='ltr'><strong>loci,</strong></span> <span class='ocrx_word' id='word_1_265' title='bbox 919 3534 1141 3589; x_wconf 80' lang='lat' dir='ltr'><strong>nexibus</strong></span> <span class='ocrx_word' id='word_1_266' title='bbox 1188 3535 1379 3590; x_wconf 89' lang='lat' dir='ltr'><strong>solutis</strong></span> <span class='ocrx_word' id='word_1_267' title='bbox 1431 3535 1496 3589; x_wconf 90' lang='lat' dir='ltr'><strong>ad</strong></span> <span class='ocrx_word' id='word_1_268' title='bbox 1547 3535 1860 3590; x_wconf 88' lang='lat' dir='ltr'><strong>certaminis</strong></span> <span class='ocrx_word' id='word_1_269' title='bbox 1907 3534 2085 3589; x_wconf 90' lang='lat' dir='ltr'><strong>locum</strong></span> 
     </span>
    </p>
   </div>
   <div class='ocr_carea' id='block_1_37' title="bbox 501 3625 2087 3682">
    <p class='ocr_par' dir='ltr' id='par_1_37' title="bbox 501 3625 2087 3682">
     <span class='ocr_line' id='line_1_37' title="bbox 501 3625 2087 3682; baseline -0.001 0"><span class='ocrx_word' id='word_1_270' title='bbox 501 3639 689 3682; x_wconf 83' lang='lat' dir='ltr'><strong>rursus</strong></span> <span class='ocrx_word' id='word_1_271' title='bbox 710 3633 1051 3679; x_wconf 90' lang='lat' dir='ltr'><strong>revertuntur</strong></span> <span class='ocrx_word' id='word_1_272' title='bbox 1084 3625 1314 3681; x_wconf 88' lang='lat' dir='ltr'><strong>:deiude</strong></span> <span class='ocrx_word' id='word_1_273' title='bbox 1344 3626 1628 3681; x_wconf 89' lang='lat' dir='ltr'><strong>redeuntes</strong></span> <span class='ocrx_word' id='word_1_274' title='bbox 1655 3641 1762 3680; x_wconf 92' lang='lat' dir='ltr'><strong>non</strong></span> <span class='ocrx_word' id='word_1_275' title='bbox 1793 3626 1924 3681; x_wconf 86' lang='lat' dir='ltr'><strong>recti</strong></span> <span class='ocrx_word' id='word_1_276' title='bbox 1955 3641 2087 3681; x_wconf 88' lang='lat' dir='ltr'><strong>cou-</strong></span> 
     </span>
    </p>
   </div>
   <div class='ocr_carea' id='block_1_38' title="bbox 499 3715 2085 3785">
    <p class='ocr_par' dir='ltr' id='par_1_38' title="bbox 499 3715 2085 3785">
     <span class='ocr_line' id='line_1_38' title="bbox 499 3715 2085 3785; baseline 0.003 -16"><span class='ocrx_word' id='word_1_277' title='bbox 499 3715 814 3785; x_wconf 88' lang='lat' dir='ltr'><strong>grediuntur</strong></span> <span class='ocrx_word' id='word_1_278' title='bbox 841 3730 1047 3782; x_wconf 90' lang='lat' dir='ltr'><strong>rursus,</strong></span> <span class='ocrx_word' id='word_1_279' title='bbox 1067 3732 1252 3772; x_wconf 87' lang='lat' dir='ltr'><strong>verum</strong></span> <span class='ocrx_word' id='word_1_280' title='bbox 1271 3718 1325 3772; x_wconf 92' lang='lat' dir='ltr'><strong>in</strong></span> <span class='ocrx_word' id='word_1_281' title='bbox 1351 3718 1600 3773; x_wconf 89' lang='lat' dir='ltr'><strong>eumdem</strong></span> <span class='ocrx_word' id='word_1_282' title='bbox 1627 3733 1686 3774; x_wconf 90' lang='lat' dir='ltr'><strong>se</strong></span> <span class='ocrx_word' id='word_1_283' title='bbox 1707 3733 1939 3773; x_wconf 79' lang='lat' dir='ltr'><strong>nexuum</strong></span> <span class='ocrx_word' id='word_1_284' title='bbox 1967 3734 2085 3773; x_wconf 93' lang='lat' dir='ltr'><strong>mo-</strong></span> 
     </span>
    </p>
   </div>
   <div class='ocr_carea' id='block_1_39' title="bbox 499 3807 2082 3878">
    <p class='ocr_par' dir='ltr' id='par_1_39' title="bbox 499 3807 2082 3878">
     <span class='ocr_line' id='line_1_39' title="bbox 499 3807 2082 3878; baseline 0.002 -18"><span class='ocrx_word' id='word_1_285' title='bbox 499 3807 628 3860; x_wconf 88' lang='lat' dir='ltr'><strong>dum</strong></span> <span class='ocrx_word' id='word_1_286' title='bbox 652 3815 958 3876; x_wconf 87' lang='lat' dir='ltr'><strong>statumque</strong></span> <span class='ocrx_word' id='word_1_287' title='bbox 985 3809 1288 3874; x_wconf 88' lang='lat' dir='ltr'><strong>restituunt,</strong></span> <span class='ocrx_word' id='word_1_288' title='bbox 1321 3810 1372 3862; x_wconf 89' lang='lat' dir='ltr'><strong>in</strong></span> <span class='ocrx_word' id='word_1_289' title='bbox 1397 3825 1502 3878; x_wconf 88' lang='lat' dir='ltr'><strong>quo</strong></span> <span class='ocrx_word' id='word_1_290' title='bbox 1545 3818 1702 3865; x_wconf 87' lang='lat' dir='ltr'><strong>antea</strong></span> <span class='ocrx_word' id='word_1_291' title='bbox 1737 3818 1862 3865; x_wconf 90' lang='lat' dir='ltr'><strong>sunt</strong></span> <span class='ocrx_word' id='word_1_292' title='bbox 1904 3810 2082 3865; x_wconf 84' lang='lat' dir='ltr'><strong>divisi.</strong></span> 
     </span>
    </p>
   </div>
   <div class='ocr_carea' id='block_1_40' title="bbox 500 3895 2086 3969">
    <p class='ocr_par' dir='ltr' id='par_1_40' title="bbox 500 3895 2086 3969">
     <span class='ocr_line' id='line_1_40' title="bbox 500 3895 2086 3969; baseline 0.004 -19"><span class='ocrx_word' id='word_1_293' title='bbox 500 3895 726 3962; x_wconf 84' lang='lat' dir='ltr'><strong>Quando</strong></span> <span class='ocrx_word' id='word_1_294' title='bbox 754 3897 916 3967; x_wconf 82' lang='lat' dir='ltr'><strong>igitur</strong></span> <span class='ocrx_word' id='word_1_295' title='bbox 943 3912 1040 3952; x_wconf 92' lang='lat' dir='ltr'><strong>nos</strong></span> <span class='ocrx_word' id='word_1_296' title='bbox 1065 3914 1278 3969; x_wconf 90' lang='lat' dir='ltr'><strong>quoque</strong></span> <span class='ocrx_word' id='word_1_297' title='bbox 1317 3915 1620 3956; x_wconf 87' lang='lat' dir='ltr'><strong>sermonem</strong></span> <span class='ocrx_word' id='word_1_298' title='bbox 1649 3901 1928 3957; x_wconf 87' lang='lat' dir='ltr'><strong>absolvere</strong></span> <span class='ocrx_word' id='word_1_299' title='bbox 1981 3901 2086 3956; x_wconf 92' lang='lat' dir='ltr'><strong>loci</strong></span> 
     </span>
    </p>
   </div>
   <div class='ocr_carea' id='block_1_41' title="bbox 500 3987 2086 4060">
    <p class='ocr_par' dir='ltr' id='par_1_41' title="bbox 500 3987 2086 4060">
     <span class='ocr_line' id='line_1_41' title="bbox 500 3987 2086 4060; baseline 0.004 -20"><span class='ocrx_word' id='word_1_300' title='bbox 500 3987 744 4058; x_wconf 88' lang='lat' dir='ltr'><strong>angustia</strong></span> <span class='ocrx_word' id='word_1_301' title='bbox 771 3989 968 4058; x_wconf 84' lang='lat' dir='ltr'><strong>coegit,</strong></span> <span class='ocrx_word' id='word_1_302' title='bbox 996 4004 1094 4060; x_wconf 86' lang='lat' dir='ltr'><strong>age</strong></span> <span class='ocrx_word' id='word_1_303' title='bbox 1130 3990 1197 4044; x_wconf 90' lang='lat' dir='ltr'><strong>ad</strong></span> <span class='ocrx_word' id='word_1_304' title='bbox 1248 3991 1418 4060; x_wconf 91' lang='lat' dir='ltr'><strong>ipsum</strong></span> <span class='ocrx_word' id='word_1_305' title='bbox 1447 3991 1623 4046; x_wconf 91' lang='lat' dir='ltr'><strong>locum</strong></span> <span class='ocrx_word' id='word_1_306' title='bbox 1663 3993 1971 4048; x_wconf 89' lang='lat' dir='ltr'><strong>certaminis</strong></span> <span class='ocrx_word' id='word_1_307' title='bbox 1997 4007 2086 4047; x_wconf 91' lang='lat' dir='ltr'><strong>re-</strong></span> 
     </span>
    </p>
   </div>
   <div class='ocr_carea' id='block_1_42' title="bbox 497 4083 2086 4152">
    <p class='ocr_par' dir='ltr' id='par_1_42' title="bbox 497 4083 2086 4152">
     <span class='ocr_line' id='line_1_42' title="bbox 497 4083 2086 4152; baseline 0.006 -19"><span class='ocrx_word' id='word_1_308' title='bbox 497 4089 811 4146; x_wconf 87' lang='lat' dir='ltr'><strong>vertentes,</strong></span> <span class='ocrx_word' id='word_1_309' title='bbox 873 4097 1043 4136; x_wconf 78' lang='lat' dir='ltr'><strong>nexus</strong></span> <span class='ocrx_word' id='word_1_310' title='bbox 1099 4083 1166 4138; x_wconf 89' lang='lat' dir='ltr'><strong>ab</strong></span> <span class='ocrx_word' id='word_1_311' title='bbox 1219 4083 1285 4138; x_wconf 90' lang='lat' dir='ltr'><strong>iis</strong></span> <span class='ocrx_word' id='word_1_312' title='bbox 1333 4099 1451 4152; x_wconf 74' lang='lat' dir='ltr'><strong>qua:</strong></span> <span class='ocrx_word' id='word_1_313' title='bbox 1506 4083 1763 4139; x_wconf 91' lang='lat' dir='ltr'><strong>hodierno</strong></span> <span class='ocrx_word' id='word_1_314' title='bbox 1791 4086 1878 4141; x_wconf 91' lang='lat' dir='ltr'><strong>die</strong></span> <span class='ocrx_word' id='word_1_315' title='bbox 1933 4087 2086 4144; x_wconf 88' lang='lat' dir='ltr'><strong>nobis</strong></span> 
     </span>
    </p>
   </div>
   <div class='ocr_carea' id='block_1_43' title="bbox 497 4173 2087 4246">
    <p class='ocr_par' dir='ltr' id='par_1_43' title="bbox 497 4173 2087 4246">
     <span class='ocr_line' id='line_1_43' title="bbox 497 4173 2087 4246; baseline 0.008 -22"><span class='ocrx_word' id='word_1_316' title='bbox 497 4179 624 4225; x_wconf 81' lang='lat' dir='ltr'><strong>sunt</strong></span> <span class='ocrx_word' id='word_1_317' title='bbox 646 4173 780 4226; x_wconf 85' lang='lat' dir='ltr'><strong>lecta</strong></span> <span class='ocrx_word' id='word_1_318' title='bbox 807 4173 1092 4227; x_wconf 87' lang='lat' dir='ltr'><strong>solvamus.</strong></span> <span class='ocrx_word' id='word_1_319' title='bbox 1133 4174 1197 4227; x_wconf 84' lang='lat' dir='ltr'><strong>Et</strong></span> <span class='ocrx_word' id='word_1_320' title='bbox 1220 4177 1346 4229; x_wconf 73' lang='lat' dir='ltr'><strong>dixit</strong></span> <span class='ocrx_word' id='word_1_321' title='bbox 1375 4175 1512 4229; x_wconf 89' lang='lat' dir='ltr'><strong>Deus</strong></span> <span class='ocrx_word' id='word_1_322' title='bbox 1541 4218 1554 4238; x_wconf 84' lang='lat'><strong>,</strong></span> <span class='ocrx_word' id='word_1_323' title='bbox 1592 4178 1781 4246; x_wconf 89' lang='lat' dir='ltr'><strong>inquit,</strong></span> <span class='ocrx_word' id='word_1_324' title='bbox 1812 4179 2087 4236; x_wconf 80' lang='lat' dir='ltr'><strong>Faciamus</strong></span> 
     </span>
    </p>
   </div>
   <div class='ocr_carea' id='block_1_44' title="bbox 497 4262 2087 4334">
    <p class='ocr_par' dir='ltr' id='par_1_44' title="bbox 497 4262 2087 4334">
     <span class='ocr_line' id='line_1_44' title="bbox 497 4262 2087 4334; baseline 0.008 -20"><span class='ocrx_word' id='word_1_325' title='bbox 497 4262 752 4316; x_wconf 77' lang='lat' dir='ltr'><strong>honsinem</strong></span> <span class='ocrx_word' id='word_1_326' title='bbox 813 4263 881 4315; x_wconf 89' lang='lat' dir='ltr'><strong>ad</strong></span> <span class='ocrx_word' id='word_1_327' title='bbox 955 4263 1226 4334; x_wconf 81' lang='lat' dir='ltr'><strong>imaginem</strong></span> <span class='ocrx_word' id='word_1_328' title='bbox 1290 4278 1337 4319; x_wconf 90' lang='lat' dir='ltr'><strong>et</strong></span> <span class='ocrx_word' id='word_1_329' title='bbox 1402 4267 1786 4323; x_wconf 76' lang='lat' dir='ltr'><strong>similitudinem</strong></span> <span class='ocrx_word' id='word_1_330' title='bbox 1861 4281 2087 4327; x_wconf 86' lang='lat' dir='ltr'><strong>nostram</strong></span> 
     </span>
    </p>
   </div>
   <div class='ocr_carea' id='block_1_45' title="bbox 501 4350 883 4423">
    <p class='ocr_par' dir='ltr' id='par_1_45' title="bbox 501 4350 883 4423">
     <span class='ocr_line' id='line_1_45' title="bbox 501 4350 883 4423; baseline 0.005 -18"><span class='ocrx_word' id='word_1_331' title='bbox 501 4350 656 4419; x_wconf 77' lang='lat' dir='ltr'><strong>(Gen.</strong></span> <span class='ocrx_word' id='word_1_332' title='bbox 687 4353 738 4406; x_wconf 83' lang='lat' dir='ltr'><strong>l.</strong></span> <span class='ocrx_word' id='word_1_333' title='bbox 767 4351 883 4423; x_wconf 74' lang='lat'><strong>25).</strong></span> 
     </span>
    </p>
   </div>
   <div class='ocr_carea' id='block_1_46' title="bbox 571 4441 2088 4524">
    <p class='ocr_par' dir='ltr' id='par_1_46' title="bbox 571 4441 2088 4524">
     <span class='ocr_line' id='line_1_46' title="bbox 571 4441 2088 4524; baseline 0.011 -28"><span class='ocrx_word' id='word_1_334' title='bbox 571 4441 676 4496; x_wconf 86' lang='lat' dir='ltr'><strong>Cur</strong></span> <span class='ocrx_word' id='word_1_335' title='bbox 717 4442 859 4498; x_wconf 87' lang='lat' dir='ltr'><strong>Deus</strong></span> <span class='ocrx_word' id='word_1_336' title='bbox 905 4445 1120 4511; x_wconf 74' lang='lat' dir='ltr'><strong>dixerit,</strong></span> <span class='ocrx_word' id='word_1_337' title='bbox 1175 4447 1452 4502; x_wconf 86' lang='lat' dir='ltr'><strong>Faciamus</strong></span> <span class='ocrx_word' id='word_1_338' title='bbox 1483 4449 1776 4520; x_wconf 85' lang='lat' dir='ltr'><strong>hominem,</strong></span> <span class='ocrx_word' id='word_1_339' title='bbox 1818 4471 1942 4524; x_wconf 89' lang='lat' dir='ltr'><strong>non,</strong></span> <span class='ocrx_word' id='word_1_340' title='bbox 1969 4455 2088 4513; x_wconf 89' lang='lat' dir='ltr'><strong>Fiat</strong></span> 
     </span>
    </p>
   </div>
   <div class='ocr_carea' id='block_1_47' title="bbox 498 4532 2087 4616">
    <p class='ocr_par' dir='ltr' id='par_1_47' title="bbox 498 4532 2087 4616">
     <span class='ocr_line' id='line_1_47' title="bbox 498 4532 2087 4616; baseline 0.011 -29"><span class='ocrx_word' id='word_1_341' title='bbox 498 4532 681 4588; x_wconf 87' lang='lat' dir='ltr'><strong>homo.</strong></span> <span class='ocrx_word' id='word_1_342' title='bbox 700 4534 863 4607; x_wconf 91' lang='lat' dir='ltr'><strong>—(a)</strong></span> <span class='ocrx_word' id='word_1_343' title='bbox 883 4536 1057 4592; x_wconf 89' lang='lat' dir='ltr'><strong>Unum</strong></span> <span class='ocrx_word' id='word_1_344' title='bbox 1086 4539 1187 4594; x_wconf 87' lang='lat' dir='ltr'><strong>hoc</strong></span> <span class='ocrx_word' id='word_1_345' title='bbox 1218 4541 1442 4608; x_wconf 88' lang='lat' dir='ltr'><strong>primum</strong></span> <span class='ocrx_word' id='word_1_346' title='bbox 1472 4545 1695 4610; x_wconf 72' lang='lat' dir='ltr'><strong>quaesita</strong></span> <span class='ocrx_word' id='word_1_347' title='bbox 1722 4545 1961 4616; x_wconf 86' lang='lat' dir='ltr'><strong>dignum,</strong></span> <span class='ocrx_word' id='word_1_348' title='bbox 1993 4564 2087 4605; x_wconf 89' lang='lat' dir='ltr'><strong>cur</strong></span> 
     </span>
    </p>
   </div>
   <div class='ocr_carea' id='block_1_48' title="bbox 499 4624 2087 4706">
    <p class='ocr_par' dir='ltr' id='par_1_48' title="bbox 499 4624 2087 4706">
     <span class='ocr_line' id='line_1_48' title="bbox 499 4624 2087 4706; baseline 0.011 -28"><span class='ocrx_word' id='word_1_349' title='bbox 499 4624 735 4691; x_wconf 87' lang='lat' dir='ltr'><strong>tandem,</strong></span> <span class='ocrx_word' id='word_1_350' title='bbox 763 4641 884 4682; x_wconf 90' lang='lat' dir='ltr'><strong>cum</strong></span> <span class='ocrx_word' id='word_1_351' title='bbox 913 4629 1101 4683; x_wconf 62' lang='lat' dir='ltr'><strong>caelum</strong></span> <span class='ocrx_word' id='word_1_352' title='bbox 1130 4627 1300 4695; x_wconf 82' lang='lat' dir='ltr'><strong>ﬂeret,</strong></span> <span class='ocrx_word' id='word_1_353' title='bbox 1333 4648 1591 4703; x_wconf 89' lang='lat' dir='ltr'><strong>nusquam</strong></span> <span class='ocrx_word' id='word_1_354' title='bbox 1615 4635 1811 4692; x_wconf 92' lang='lat' dir='ltr'><strong>dictum</strong></span> <span class='ocrx_word' id='word_1_355' title='bbox 1843 4640 1944 4706; x_wconf 91' lang='lat' dir='ltr'><strong>sit,</strong></span> <span class='ocrx_word' id='word_1_356' title='bbox 1979 4639 2087 4694; x_wconf 84' lang='lat' dir='ltr'><strong>Fa-</strong></span> 
     </span>
    </p>
   </div>
   <div class='ocr_carea' id='block_1_49' title="bbox 495 4717 2086 4800">
    <p class='ocr_par' dir='ltr' id='par_1_49' title="bbox 495 4717 2086 4800">
     <span class='ocr_line' id='line_1_49' title="bbox 495 4717 2086 4800; baseline 0.009 -29"><span class='ocrx_word' id='word_1_357' title='bbox 495 4718 708 4782; x_wconf 87' lang='lat' dir='ltr'><strong>ciamus,</strong></span> <span class='ocrx_word' id='word_1_358' title='bbox 739 4717 850 4782; x_wconf 91' lang='lat' dir='ltr'><strong>sed,</strong></span> <span class='ocrx_word' id='word_1_359' title='bbox 886 4718 1006 4773; x_wconf 87' lang='lat' dir='ltr'><strong>Fiat</strong></span> <span class='ocrx_word' id='word_1_360' title='bbox 1030 4720 1231 4786; x_wconf 70' lang='lat' dir='ltr'><strong>coelum,</strong></span> <span class='ocrx_word' id='word_1_361' title='bbox 1249 4721 1376 4782; x_wconf 85' lang='lat' dir='ltr'><strong>Fiat</strong></span> <span class='ocrx_word' id='word_1_362' title='bbox 1403 4724 1512 4789; x_wconf 78' lang='lat' dir='ltr'><strong>lux,</strong></span> <span class='ocrx_word' id='word_1_363' title='bbox 1541 4735 1699 4797; x_wconf 89' lang='lat' dir='ltr'><strong>atque</strong></span> <span class='ocrx_word' id='word_1_364' title='bbox 1728 4728 1797 4782; x_wconf 85' lang='lat' dir='ltr'><strong>ita</strong></span> <span class='ocrx_word' id='word_1_365' title='bbox 1825 4729 1879 4783; x_wconf 92' lang='lat' dir='ltr'><strong>in</strong></span> <span class='ocrx_word' id='word_1_366' title='bbox 1907 4730 2086 4800; x_wconf 83' lang='lat' dir='ltr'><strong>singu-</strong></span> 
     </span>
    </p>
   </div>
   <div class='ocr_carea' id='block_1_50' title="bbox 498 4805 2086 4878">
    <p class='ocr_par' dir='ltr' id='par_1_50' title="bbox 498 4805 2086 4878">
     <span class='ocr_line' id='line_1_50' title="bbox 498 4805 2086 4878; baseline 0.009 -18"><span class='ocrx_word' id='word_1_367' title='bbox 498 4805 564 4860; x_wconf 87' lang='lat' dir='ltr'><strong>lis</strong></span> <span class='ocrx_word' id='word_1_368' title='bbox 592 4818 956 4862; x_wconf 87' lang='lat' dir='ltr'><strong>creaturarum</strong></span> <span class='ocrx_word' id='word_1_369' title='bbox 999 4810 1318 4878; x_wconf 84' lang='lat' dir='ltr'><strong>generibus:</strong></span> <span class='ocrx_word' id='word_1_370' title='bbox 1364 4811 1450 4868; x_wconf 90' lang='lat' dir='ltr'><strong>hic</strong></span> <span class='ocrx_word' id='word_1_371' title='bbox 1491 4829 1619 4870; x_wconf 88' lang='lat' dir='ltr'><strong>vero</strong></span> <span class='ocrx_word' id='word_1_372' title='bbox 1647 4818 1818 4873; x_wconf 90' lang='lat' dir='ltr'><strong>solum</strong></span> <span class='ocrx_word' id='word_1_373' title='bbox 1849 4819 2086 4876; x_wconf 90' lang='lat' dir='ltr'><strong>additum</strong></span> 
     </span>
    </p>
   </div>
   <div class='ocr_carea' id='block_1_51' title="bbox 493 4897 2086 4969">
    <p class='ocr_par' dir='ltr' id='par_1_51' title="bbox 493 4897 2086 4969">
     <span class='ocr_line' id='line_1_51' title="bbox 493 4897 2086 4969; baseline 0.011 -17"><span class='ocrx_word' id='word_1_374' title='bbox 493 4897 567 4952; x_wconf 81' lang='lat' dir='ltr'><strong>sit</strong></span> <span class='ocrx_word' id='word_1_375' title='bbox 593 4898 741 4964; x_wconf 90' lang='lat' dir='ltr'><strong>illud,</strong></span> <span class='ocrx_word' id='word_1_376' title='bbox 767 4899 1060 4968; x_wconf 85' lang='lat' dir='ltr'><strong>Faciamus,</strong></span> <span class='ocrx_word' id='word_1_377' title='bbox 1085 4911 1138 4956; x_wconf 91' lang='lat' dir='ltr'><strong>et</strong></span> <span class='ocrx_word' id='word_1_378' title='bbox 1161 4904 1440 4961; x_wconf 89' lang='lat' dir='ltr'><strong>consilium</strong></span> <span class='ocrx_word' id='word_1_379' title='bbox 1466 4922 1528 4961; x_wconf 92' lang='lat' dir='ltr'><strong>ac</strong></span> <span class='ocrx_word' id='word_1_380' title='bbox 1555 4908 1867 4965; x_wconf 87' lang='lat' dir='ltr'><strong>deliberatio</strong></span> <span class='ocrx_word' id='word_1_381' title='bbox 1890 4921 2086 4969; x_wconf 88' lang='lat' dir='ltr'><strong>etcum</strong></span> 
     </span>
    </p>
   </div>
   <div class='ocr_carea' id='block_1_52' title="bbox 495 4991 2088 5076">
    <p class='ocr_par' dir='ltr' id='par_1_52' title="bbox 495 4991 2088 5076">
     <span class='ocr_line' id='line_1_52' title="bbox 495 4991 2088 5076; baseline 0.009 -28"><span class='ocrx_word' id='word_1_382' title='bbox 495 4991 668 5048; x_wconf 78' lang='lat' dir='ltr'><strong>altero</strong></span> <span class='ocrx_word' id='word_1_383' title='bbox 689 4995 937 5063; x_wconf 92' lang='lat' dir='ltr'><strong>quopiam</strong></span> <span class='ocrx_word' id='word_1_384' title='bbox 960 4995 1175 5052; x_wconf 88' lang='lat' dir='ltr'><strong>honoris</strong></span> <span class='ocrx_word' id='word_1_385' title='bbox 1199 5010 1445 5055; x_wconf 85' lang='lat' dir='ltr'><strong>consorte</strong></span> <span class='ocrx_word' id='word_1_386' title='bbox 1465 5004 1873 5060; x_wconf 68' lang='lat' dir='ltr'><strong>communicatio</strong></span> <span class='ocrx_word' id='word_1_387' title='bbox 1890 4991 2088 5076; x_wconf 72' lang='lat' dir='ltr'><strong>‘I’Quis-</strong></span> 
     </span>
    </p>
   </div>
   <div class='ocr_carea' id='block_1_53' title="bbox 497 5083 2081 5161">
    <p class='ocr_par' dir='ltr' id='par_1_53' title="bbox 497 5083 2081 5161">
     <span class='ocr_line' id='line_1_53' title="bbox 497 5083 2081 5161; baseline 0.01 -24"><span class='ocrx_word' id='word_1_388' title='bbox 497 5098 623 5138; x_wconf 89' lang='lat' dir='ltr'><strong>nam</strong></span> <span class='ocrx_word' id='word_1_389' title='bbox 655 5083 810 5153; x_wconf 87' lang='lat' dir='ltr'><strong>igitur</strong></span> <span class='ocrx_word' id='word_1_390' title='bbox 838 5083 928 5140; x_wconf 85' lang='lat' dir='ltr'><strong>ille</strong></span> <span class='ocrx_word' id='word_1_391' title='bbox 971 5086 1182 5144; x_wconf 88' lang='lat' dir='ltr'><strong>tandem</strong></span> <span class='ocrx_word' id='word_1_392' title='bbox 1213 5100 1296 5145; x_wconf 89' lang='lat' dir='ltr'><strong>est</strong></span> <span class='ocrx_word' id='word_1_393' title='bbox 1319 5093 1407 5161; x_wconf 87' lang='lat' dir='ltr'><strong>qui</strong></span> <span class='ocrx_word' id='word_1_394' title='bbox 1437 5094 1696 5148; x_wconf 84' lang='lat' dir='ltr'><strong>creandas</strong></span> <span class='ocrx_word' id='word_1_395' title='bbox 1719 5137 1732 5161; x_wconf 93' lang='lat'><strong>,</strong></span> <span class='ocrx_word' id='word_1_396' title='bbox 1764 5097 1848 5150; x_wconf 90' lang='lat' dir='ltr'><strong>cui</strong></span> <span class='ocrx_word' id='word_1_397' title='bbox 1881 5109 2081 5154; x_wconf 90' lang='lat' dir='ltr'><strong>tantum</strong></span> 
     </span>
    </p>
   </div>
   <div class='ocr_carea' id='block_1_54' title="bbox 498 5173 2084 5254">
    <p class='ocr_par' dir='ltr' id='par_1_54' title="bbox 498 5173 2084 5254">
     <span class='ocr_line' id='line_1_54' title="bbox 498 5173 2084 5254; baseline 0.009 -25"><span class='ocrx_word' id='word_1_398' title='bbox 498 5173 719 5231; x_wconf 86' lang='lat' dir='ltr'><strong>honoris</strong></span> <span class='ocrx_word' id='word_1_399' title='bbox 747 5175 1058 5232; x_wconf 84' lang='lat' dir='ltr'><strong>deferatur?</strong></span> <span class='ocrx_word' id='word_1_400' title='bbox 1084 5178 1254 5235; x_wconf 86' lang='lat' dir='ltr'><strong>Homo</strong></span> <span class='ocrx_word' id='word_1_401' title='bbox 1281 5192 1363 5237; x_wconf 89' lang='lat' dir='ltr'><strong>est</strong></span> <span class='ocrx_word' id='word_1_402' title='bbox 1386 5224 1401 5249; x_wconf 96' lang='lat'><strong>,</strong></span> <span class='ocrx_word' id='word_1_403' title='bbox 1434 5199 1680 5254; x_wconf 88' lang='lat' dir='ltr'><strong>magnum</strong></span> <span class='ocrx_word' id='word_1_404' title='bbox 1724 5186 1848 5241; x_wconf 92' lang='lat' dir='ltr'><strong>illud</strong></span> <span class='ocrx_word' id='word_1_405' title='bbox 1889 5189 2084 5244; x_wconf 87' lang='lat' dir='ltr'><strong>animal</strong></span> 
     </span>
    </p>
   </div>
   <div class='ocr_carea' id='block_1_55' title="bbox 496 5265 2088 5344">
    <p class='ocr_par' dir='ltr' id='par_1_55' title="bbox 496 5265 2088 5344">
     <span class='ocr_line' id='line_1_55' title="bbox 496 5265 2088 5344; baseline 0.009 -25"><span class='ocrx_word' id='word_1_406' title='bbox 496 5273 552 5319; x_wconf 87' lang='lat' dir='ltr'><strong>ot</strong></span> <span class='ocrx_word' id='word_1_407' title='bbox 570 5265 884 5322; x_wconf 88' lang='lat' dir='ltr'><strong>admirabile</strong></span> <span class='ocrx_word' id='word_1_408' title='bbox 902 5308 917 5333; x_wconf 92' lang='lat'><strong>,</strong></span> <span class='ocrx_word' id='word_1_409' title='bbox 947 5268 1194 5340; x_wconf 88' lang='lat' dir='ltr'><strong>quodque</strong></span> <span class='ocrx_word' id='word_1_410' title='bbox 1220 5274 1363 5326; x_wconf 92' lang='lat' dir='ltr'><strong>omni</strong></span> <span class='ocrx_word' id='word_1_411' title='bbox 1382 5284 1623 5329; x_wconf 88' lang='lat' dir='ltr'><strong>creatura</strong></span> <span class='ocrx_word' id='word_1_412' title='bbox 1649 5278 1986 5344; x_wconf 66' lang='lat' dir='ltr'><strong>praestantius</strong></span> <span class='ocrx_word' id='word_1_413' title='bbox 2005 5288 2088 5334; x_wconf 90' lang='lat' dir='ltr'><strong>est</strong></span> 
     </span>
    </p>
   </div>
   <div class='ocr_carea' id='block_1_56' title="bbox 497 5356 2088 5431">
    <p class='ocr_par' dir='ltr' id='par_1_56' title="bbox 497 5356 2088 5431">
     <span class='ocr_line' id='line_1_56' title="bbox 497 5356 2088 5431; baseline 0.011 -23"><span class='ocrx_word' id='word_1_414' title='bbox 497 5356 638 5425; x_wconf 86' lang='lat' dir='ltr'><strong>apud</strong></span> <span class='ocrx_word' id='word_1_415' title='bbox 671 5357 834 5412; x_wconf 89' lang='lat' dir='ltr'><strong>Deum</strong></span> <span class='ocrx_word' id='word_1_416' title='bbox 856 5399 870 5425; x_wconf 95' lang='lat'><strong>,</strong></span> <span class='ocrx_word' id='word_1_417' title='bbox 900 5369 1118 5430; x_wconf 87' lang='lat' dir='ltr'><strong>prepter</strong></span> <span class='ocrx_word' id='word_1_418' title='bbox 1154 5377 1310 5431; x_wconf 89' lang='lat' dir='ltr'><strong>quem</strong></span> <span class='ocrx_word' id='word_1_419' title='bbox 1340 5366 1528 5419; x_wconf 80' lang='lat' dir='ltr'><strong>caelum</strong></span> <span class='ocrx_word' id='word_1_420' title='bbox 1573 5375 1627 5421; x_wconf 92' lang='lat' dir='ltr'><strong>et</strong></span> <span class='ocrx_word' id='word_1_421' title='bbox 1656 5376 1796 5422; x_wconf 89' lang='lat' dir='ltr'><strong>terra</strong></span> <span class='ocrx_word' id='word_1_422' title='bbox 1841 5380 1893 5426; x_wconf 93' lang='lat' dir='ltr'><strong>ct</strong></span> <span class='ocrx_word' id='word_1_423' title='bbox 1942 5386 2088 5426; x_wconf 89' lang='lat' dir='ltr'><strong>mare</strong></span> 
     </span>
    </p>
   </div>
   <div class='ocr_carea' id='block_1_57' title="bbox 1267 298 3063 367">
    <p class='ocr_par' dir='ltr' id='par_1_57' title="bbox 1267 298 3063 367">
     <span class='ocr_line' id='line_1_57' title="bbox 1267 298 3063 367; baseline -0.005 0"><span class='ocrx_word' id='word_1_424' title='bbox 1267 310 1323 367; x_wconf 87' lang='lat' dir='ltr'><strong>S.</strong></span> <span class='ocrx_word' id='word_1_425' title='bbox 1361 307 1638 366; x_wconf 82' lang='lat' dir='ltr'><strong>JOANNIS</strong></span> <span class='ocrx_word' id='word_1_426' title='bbox 1661 298 2135 362; x_wconf 75' lang='lat' dir='ltr'><strong>CHRYSOSTOMI</strong></span> <span class='ocrx_word' id='word_1_427' title='bbox 2174 299 2496 357; x_wconf 78' lang='lat' dir='ltr'><strong>ARCHIEP.</strong></span> <span class='ocrx_word' id='word_1_428' title='bbox 2533 300 3063 362; x_wconf 80' lang='lat' dir='ltr'><strong>CONSTANTINOP.</strong></span> 
     </span>
    </p>
   </div>
   <div class='ocr_carea' id='block_1_58' title="bbox 3670 311 3782 366">
    <p class='ocr_par' dir='ltr' id='par_1_58' title="bbox 3670 311 3782 366">
     <span class='ocr_line' id='line_1_58' title="bbox 3670 311 3782 366; baseline 0 0"><span class='ocrx_word' id='word_1_429' title='bbox 3670 311 3782 366; x_wconf 80' lang='lat'><strong>588</strong></span> 
     </span>
    </p>
   </div>
   <div class='ocr_carea' id='block_1_59' title="bbox 2190 413 3777 497">
    <p class='ocr_par' dir='ltr' id='par_1_59' title="bbox 2190 413 3777 497">
     <span class='ocr_line' id='line_1_59' title="bbox 2190 413 3777 497; baseline 0.009 -29"><span class='ocrx_word' id='word_1_430' title='bbox 2190 413 2371 482; x_wconf 91' lang='lat' dir='ltr'><strong>homo,</strong></span> <span class='ocrx_word' id='word_1_431' title='bbox 2401 417 2552 488; x_wconf 88' lang='lat' dir='ltr'><strong>cujus</strong></span> <span class='ocrx_word' id='word_1_432' title='bbox 2571 419 2642 474; x_wconf 88' lang='lat' dir='ltr'><strong>ita</strong></span> <span class='ocrx_word' id='word_1_433' title='bbox 2671 419 2812 477; x_wconf 84' lang='lat' dir='ltr'><strong>Deus</strong></span> <span class='ocrx_word' id='word_1_434' title='bbox 2839 421 3060 477; x_wconf 83' lang='lat' dir='ltr'><strong>salutem</strong></span> <span class='ocrx_word' id='word_1_435' title='bbox 3085 421 3372 492; x_wconf 80' lang='lat' dir='ltr'><strong>adamavit,</strong></span> <span class='ocrx_word' id='word_1_436' title='bbox 3395 433 3454 480; x_wconf 87' lang='lat' dir='ltr'><strong>ut</strong></span> <span class='ocrx_word' id='word_1_437' title='bbox 3483 441 3552 482; x_wconf 83' lang='lat' dir='ltr'><strong>ne</strong></span> <span class='ocrx_word' id='word_1_438' title='bbox 3579 425 3777 497; x_wconf 75' lang='lat' dir='ltr'><strong>[inige-</strong></span> 
     </span>
    </p>
   </div>
   <div class='ocr_carea' id='block_1_60' title="bbox 2189 506 3775 584">
    <p class='ocr_par' dir='ltr' id='par_1_60' title="bbox 2189 506 3775 584">
     <span class='ocr_line' id='line_1_60' title="bbox 2189 506 3775 584; baseline 0.01 -25"><span class='ocrx_word' id='word_1_439' title='bbox 2189 506 2300 561; x_wconf 89' lang='lat' dir='ltr'><strong>uito</strong></span> <span class='ocrx_word' id='word_1_440' title='bbox 2339 507 2554 577; x_wconf 89' lang='lat' dir='ltr'><strong>quidem</strong></span> <span class='ocrx_word' id='word_1_441' title='bbox 2583 525 2682 565; x_wconf 89' lang='lat' dir='ltr'><strong>suo</strong></span> <span class='ocrx_word' id='word_1_442' title='bbox 2709 519 2924 580; x_wconf 82' lang='lat' dir='ltr'><strong>propter</strong></span> <span class='ocrx_word' id='word_1_443' title='bbox 2951 525 3072 566; x_wconf 91' lang='lat' dir='ltr'><strong>eum</strong></span> <span class='ocrx_word' id='word_1_444' title='bbox 3107 524 3384 580; x_wconf 86' lang='lat' dir='ltr'><strong>parceret:</strong></span> <span class='ocrx_word' id='word_1_445' title='bbox 3430 531 3604 584; x_wconf 87' lang='lat' dir='ltr'><strong>neque</strong></span> <span class='ocrx_word' id='word_1_446' title='bbox 3627 520 3775 575; x_wconf 80' lang='lat' dir='ltr'><strong>enim</strong></span> 
     </span>
    </p>
   </div>
   <div class='ocr_carea' id='block_1_61' title="bbox 2188 596 3774 669">
    <p class='ocr_par' dir='ltr' id='par_1_61' title="bbox 2188 596 3774 669">
     <span class='ocr_line' id='line_1_61' title="bbox 2188 596 3774 669; baseline 0.01 -22"><span class='ocrx_word' id='word_1_447' title='bbox 2188 596 2366 649; x_wconf 87' lang='lat' dir='ltr'><strong>omnia</strong></span> <span class='ocrx_word' id='word_1_448' title='bbox 2402 609 2658 667; x_wconf 69' lang='lat' dir='ltr'><strong>praestare</strong></span> <span class='ocrx_word' id='word_1_449' title='bbox 2694 598 2974 669; x_wconf 86' lang='lat' dir='ltr'><strong>molirique</strong></span> <span class='ocrx_word' id='word_1_450' title='bbox 3022 600 3244 668; x_wconf 87' lang='lat' dir='ltr'><strong>destitit,</strong></span> <span class='ocrx_word' id='word_1_451' title='bbox 3289 603 3464 659; x_wconf 89' lang='lat' dir='ltr'><strong>donec</strong></span> <span class='ocrx_word' id='word_1_452' title='bbox 3509 607 3561 660; x_wconf 91' lang='lat' dir='ltr'><strong>iu</strong></span> <span class='ocrx_word' id='word_1_453' title='bbox 3607 607 3774 663; x_wconf 87' lang='lat' dir='ltr'><strong>altum</strong></span> 
     </span>
    </p>
   </div>
   <div class='ocr_carea' id='block_1_62' title="bbox 2188 689 3776 755">
    <p class='ocr_par' dir='ltr' id='par_1_62' title="bbox 2188 689 3776 755">
     <span class='ocr_line' id='line_1_62' title="bbox 2188 689 3776 755; baseline 0.011 -17"><span class='ocrx_word' id='word_1_454' title='bbox 2188 695 2428 741; x_wconf 81' lang='lat' dir='ltr'><strong>evectum</strong></span> <span class='ocrx_word' id='word_1_455' title='bbox 2459 689 2512 742; x_wconf 92' lang='lat' dir='ltr'><strong>in</strong></span> <span class='ocrx_word' id='word_1_456' title='bbox 2543 704 2638 744; x_wconf 89' lang='lat' dir='ltr'><strong>sua</strong></span> <span class='ocrx_word' id='word_1_457' title='bbox 2663 689 2880 746; x_wconf 81' lang='lat' dir='ltr'><strong>dextera</strong></span> <span class='ocrx_word' id='word_1_458' title='bbox 2923 690 3220 748; x_wconf 86' lang='lat' dir='ltr'><strong>collocavit.</strong></span> <span class='ocrx_word' id='word_1_459' title='bbox 3256 693 3539 750; x_wconf 84' lang='lat' dir='ltr'><strong>Enimvero</strong></span> <span class='ocrx_word' id='word_1_460' title='bbox 3579 697 3776 755; x_wconf 87' lang='lat' dir='ltr'><strong>clamat</strong></span> 
     </span>
    </p>
   </div>
   <div class='ocr_carea' id='block_1_63' title="bbox 2189 777 3775 861">
    <p class='ocr_par' dir='ltr' id='par_1_63' title="bbox 2189 777 3775 861">
     <span class='ocr_line' id='line_1_63' title="bbox 2189 777 3775 861; baseline 0.013 -32"><span class='ocrx_word' id='word_1_461' title='bbox 2189 777 2240 830; x_wconf 89' lang='lat' dir='ltr'><strong>id</strong></span> <span class='ocrx_word' id='word_1_462' title='bbox 2270 777 2463 834; x_wconf 86' lang='lat' dir='ltr'><strong>Paulus</strong></span> <span class='ocrx_word' id='word_1_463' title='bbox 2487 781 2671 836; x_wconf 86' lang='lat' dir='ltr'><strong>dicens</strong></span> <span class='ocrx_word' id='word_1_464' title='bbox 2695 798 2708 834; x_wconf 91' lang='lat'><strong>:</strong></span> <span class='ocrx_word' id='word_1_465' title='bbox 2736 781 3156 838; x_wconf 84' lang='lat' dir='ltr'><strong>Conresuscitavit</strong></span> <span class='ocrx_word' id='word_1_466' title='bbox 3178 795 3224 840; x_wconf 83' lang='lat' dir='ltr'><strong>et</strong></span> <span class='ocrx_word' id='word_1_467' title='bbox 3251 789 3519 843; x_wconf 73' lang='lat' dir='ltr'><strong>consedere</strong></span> <span class='ocrx_word' id='word_1_468' title='bbox 3543 792 3658 861; x_wconf 77' lang='lat' dir='ltr'><strong>fecit</strong></span> <span class='ocrx_word' id='word_1_469' title='bbox 3679 809 3775 848; x_wconf 90' lang='lat' dir='ltr'><strong>nos</strong></span> 
     </span>
    </p>
   </div>
   <div class='ocr_carea' id='block_1_64' title="bbox 2189 868 3772 951">
    <p class='ocr_par' dir='ltr' id='par_1_64' title="bbox 2189 868 3772 951">
     <span class='ocr_line' id='line_1_64' title="bbox 2189 868 3772 951; baseline 0.01 -30"><span class='ocrx_word' id='word_1_470' title='bbox 2189 868 2243 922; x_wconf 84' lang='lat' dir='ltr'><strong>in</strong></span> <span class='ocrx_word' id='word_1_471' title='bbox 2269 870 2542 923; x_wconf 80' lang='lat' dir='ltr'><strong>ccelestibus</strong></span> <span class='ocrx_word' id='word_1_472' title='bbox 2567 871 2621 924; x_wconf 88' lang='lat' dir='ltr'><strong>in</strong></span> <span class='ocrx_word' id='word_1_473' title='bbox 2659 871 2857 926; x_wconf 82' lang='lat' dir='ltr'><strong>Christo</strong></span> <span class='ocrx_word' id='word_1_474' title='bbox 2879 872 3007 927; x_wconf 81' lang='lat' dir='ltr'><strong>Jesu</strong></span> <span class='ocrx_word' id='word_1_475' title='bbox 3039 873 3255 946; x_wconf 83' lang='lat' dir='ltr'><strong>(Ephes.</strong></span> <span class='ocrx_word' id='word_1_476' title='bbox 3282 878 3338 932; x_wconf 74' lang='grc'><strong>2.</strong></span> <span class='ocrx_word' id='word_1_477' title='bbox 3370 879 3448 948; x_wconf 79' lang='lat'><strong>6).</strong></span> <span class='ocrx_word' id='word_1_478' title='bbox 3481 879 3772 951; x_wconf 84' lang='lat' dir='ltr'><strong>Propterea</strong></span> 
     </span>
    </p>
   </div>
   <div class='ocr_carea' id='block_1_65' title="bbox 2189 959 3771 1042">
    <p class='ocr_par' dir='ltr' id='par_1_65' title="bbox 2189 959 3771 1042">
     <span class='ocr_line' id='line_1_65' title="bbox 2189 959 3771 1042; baseline 0.011 -32"><span class='ocrx_word' id='word_1_479' title='bbox 2189 959 2471 1012; x_wconf 89' lang='lat' dir='ltr'><strong>consilium</strong></span> <span class='ocrx_word' id='word_1_480' title='bbox 2504 968 2558 1013; x_wconf 90' lang='lat' dir='ltr'><strong>et</strong></span> <span class='ocrx_word' id='word_1_481' title='bbox 2585 959 2899 1018; x_wconf 87' lang='lat' dir='ltr'><strong>deliberatio</strong></span> <span class='ocrx_word' id='word_1_482' title='bbox 2928 973 2979 1019; x_wconf 90' lang='lat' dir='ltr'><strong>et</strong></span> <span class='ocrx_word' id='word_1_483' title='bbox 3007 968 3416 1023; x_wconf 85' lang='lat' dir='ltr'><strong>communicatio</strong></span> <span class='ocrx_word' id='word_1_484' title='bbox 3435 1010 3451 1036; x_wconf 90' lang='lat'><strong>,</strong></span> <span class='ocrx_word' id='word_1_485' title='bbox 3496 987 3604 1025; x_wconf 91' lang='lat' dir='ltr'><strong>non</strong></span> <span class='ocrx_word' id='word_1_486' title='bbox 3629 973 3771 1042; x_wconf 88' lang='lat' dir='ltr'><strong>quod</strong></span> 
     </span>
    </p>
   </div>
   <div class='ocr_carea' id='block_1_66' title="bbox 2190 1046 3770 1128">
    <p class='ocr_par' dir='ltr' id='par_1_66' title="bbox 2190 1046 3770 1128">
     <span class='ocr_line' id='line_1_66' title="bbox 2190 1046 3770 1128; baseline 0.011 -28"><span class='ocrx_word' id='word_1_487' title='bbox 2190 1046 2420 1116; x_wconf 86' lang='lat' dir='ltr'><strong>indigeat</strong></span> <span class='ocrx_word' id='word_1_488' title='bbox 2463 1049 2685 1103; x_wconf 91' lang='lat' dir='ltr'><strong>consilio</strong></span> <span class='ocrx_word' id='word_1_489' title='bbox 2742 1051 2922 1119; x_wconf 85' lang='lat' dir='ltr'><strong>Deus;</strong></span> <span class='ocrx_word' id='word_1_490' title='bbox 2971 1054 3110 1109; x_wconf 88' lang='lat' dir='ltr'><strong>absit</strong></span> <span class='ocrx_word' id='word_1_491' title='bbox 3143 1074 3158 1110; x_wconf 89' lang='lat'><strong>:</strong></span> <span class='ocrx_word' id='word_1_492' title='bbox 3187 1057 3281 1112; x_wconf 91' lang='lat' dir='ltr'><strong>sed</strong></span> <span class='ocrx_word' id='word_1_493' title='bbox 3329 1058 3440 1128; x_wconf 90' lang='lat' dir='ltr'><strong>ipsa</strong></span> <span class='ocrx_word' id='word_1_494' title='bbox 3489 1062 3770 1118; x_wconf 82' lang='lat' dir='ltr'><strong>verborum</strong></span> 
     </span>
    </p>
   </div>
   <div class='ocr_carea' id='block_1_67' title="bbox 2188 1138 3768 1218">
    <p class='ocr_par' dir='ltr' id='par_1_67' title="bbox 2188 1138 3768 1218">
     <span class='ocr_line' id='line_1_67' title="bbox 2188 1138 3768 1218; baseline 0.011 -28"><span class='ocrx_word' id='word_1_495' title='bbox 2188 1138 2353 1206; x_wconf 86' lang='lat' dir='ltr'><strong>ﬁgura</strong></span> <span class='ocrx_word' id='word_1_496' title='bbox 2393 1155 2500 1208; x_wconf 69' lang='lat' dir='ltr'><strong>prae</strong></span> <span class='ocrx_word' id='word_1_497' title='bbox 2537 1155 2597 1196; x_wconf 89' lang='lat' dir='ltr'><strong>se</strong></span> <span class='ocrx_word' id='word_1_498' title='bbox 2642 1140 2748 1197; x_wconf 77' lang='lat' dir='ltr'><strong>fert</strong></span> <span class='ocrx_word' id='word_1_499' title='bbox 2790 1143 3068 1213; x_wconf 88' lang='lat' dir='ltr'><strong>honorem,</strong></span> <span class='ocrx_word' id='word_1_500' title='bbox 3110 1149 3200 1218; x_wconf 91' lang='lat' dir='ltr'><strong>qui</strong></span> <span class='ocrx_word' id='word_1_501' title='bbox 3231 1153 3468 1207; x_wconf 88' lang='lat' dir='ltr'><strong>nascenti</strong></span> <span class='ocrx_word' id='word_1_502' title='bbox 3515 1153 3768 1210; x_wconf 86' lang='lat' dir='ltr'><strong>defertur.</strong></span> 
     </span>
    </p>
   </div>
   <div class='ocr_carea' id='block_1_68' title="bbox 2188 1227 3774 1311">
    <p class='ocr_par' dir='ltr' id='par_1_68' title="bbox 2188 1227 3774 1311">
     <span class='ocr_line' id='line_1_68' title="bbox 2188 1227 3774 1311; baseline 0.015 -32"><span class='ocrx_word' id='word_1_503' title='bbox 2188 1227 2287 1295; x_wconf 90' lang='lat' dir='ltr'><strong>Qui</strong></span> <span class='ocrx_word' id='word_1_504' title='bbox 2346 1228 2405 1282; x_wconf 92' lang='lat' dir='ltr'><strong>ﬁt</strong></span> <span class='ocrx_word' id='word_1_505' title='bbox 2452 1239 2671 1298; x_wconf 91' lang='lat' dir='ltr'><strong>autem,</strong></span> <span class='ocrx_word' id='word_1_506' title='bbox 2725 1233 2865 1288; x_wconf 90' lang='lat' dir='ltr'><strong>dicet</strong></span> <span class='ocrx_word' id='word_1_507' title='bbox 2928 1236 3154 1306; x_wconf 90' lang='lat' dir='ltr'><strong>aliquis,</strong></span> <span class='ocrx_word' id='word_1_508' title='bbox 3217 1241 3263 1294; x_wconf 90' lang='lat' dir='ltr'><strong>si</strong></span> <span class='ocrx_word' id='word_1_509' title='bbox 3315 1246 3649 1311; x_wconf 61' lang='lat' dir='ltr'><strong>prmstantior</strong></span> <span class='ocrx_word' id='word_1_510' title='bbox 3688 1255 3774 1302; x_wconf 87' lang='lat' dir='ltr'><strong>est</strong></span> 
     </span>
    </p>
   </div>
   <div class='ocr_carea' id='block_1_69' title="bbox 2189 1321 3772 1402">
    <p class='ocr_par' dir='ltr' id='par_1_69' title="bbox 2189 1321 3772 1402">
     <span class='ocr_line' id='line_1_69' title="bbox 2189 1321 3772 1402; baseline 0.015 -30"><span class='ocrx_word' id='word_1_511' title='bbox 2189 1327 2300 1374; x_wconf 90' lang='lat' dir='ltr'><strong>toto</strong></span> <span class='ocrx_word' id='word_1_512' title='bbox 2339 1321 2558 1388; x_wconf 91' lang='lat' dir='ltr'><strong>mundo,</strong></span> <span class='ocrx_word' id='word_1_513' title='bbox 2592 1332 2649 1378; x_wconf 91' lang='lat' dir='ltr'><strong>ut</strong></span> <span class='ocrx_word' id='word_1_514' title='bbox 2685 1335 2808 1395; x_wconf 87' lang='lat' dir='ltr'><strong>post</strong></span> <span class='ocrx_word' id='word_1_515' title='bbox 2849 1329 3102 1384; x_wconf 89' lang='lat' dir='ltr'><strong>mundum</strong></span> <span class='ocrx_word' id='word_1_516' title='bbox 3134 1333 3501 1402; x_wconf 87' lang='lat' dir='ltr'><strong>producatur?</strong></span> <span class='ocrx_word' id='word_1_517' title='bbox 3545 1338 3626 1393; x_wconf 91' lang='lat' dir='ltr'><strong>Ob</strong></span> <span class='ocrx_word' id='word_1_518' title='bbox 3669 1338 3772 1396; x_wconf 86' lang='lat' dir='ltr'><strong>hoc</strong></span> 
     </span>
    </p>
   </div>
   <div class='ocr_carea' id='block_1_70' title="bbox 2187 1412 3765 1493">
    <p class='ocr_par' dir='ltr' id='par_1_70' title="bbox 2187 1412 3765 1493">
     <span class='ocr_line' id='line_1_70' title="bbox 2187 1412 3765 1493; baseline 0.014 -28"><span class='ocrx_word' id='word_1_519' title='bbox 2187 1412 2359 1482; x_wconf 87' lang='lat' dir='ltr'><strong>ipsum</strong></span> <span class='ocrx_word' id='word_1_520' title='bbox 2405 1414 2690 1484; x_wconf 87' lang='lat' dir='ltr'><strong>nimirum,</strong></span> <span class='ocrx_word' id='word_1_521' title='bbox 2728 1419 2870 1488; x_wconf 92' lang='lat' dir='ltr'><strong>quod</strong></span> <span class='ocrx_word' id='word_1_522' title='bbox 2899 1422 3100 1478; x_wconf 90' lang='lat' dir='ltr'><strong>mundo</strong></span> <span class='ocrx_word' id='word_1_523' title='bbox 3141 1428 3482 1493; x_wconf 64' lang='lat' dir='ltr'><strong>praestantior</strong></span> <span class='ocrx_word' id='word_1_524' title='bbox 3518 1431 3606 1486; x_wconf 90' lang='lat' dir='ltr'><strong>sit.</strong></span> <span class='ocrx_word' id='word_1_525' title='bbox 3637 1431 3765 1487; x_wconf 84' lang='lat' dir='ltr'><strong>Nam</strong></span> 
     </span>
    </p>
   </div>
   <div class='ocr_carea' id='block_1_71' title="bbox 2187 1502 3769 1594">
    <p class='ocr_par' dir='ltr' id='par_1_71' title="bbox 2187 1502 3769 1594">
     <span class='ocr_line' id='line_1_71' title="bbox 2187 1502 3769 1594; baseline 0.015 -38"><span class='ocrx_word' id='word_1_526' title='bbox 2187 1502 2632 1572; x_wconf 89' lang='lat' dir='ltr'><strong>quemadmodum</strong></span> <span class='ocrx_word' id='word_1_527' title='bbox 2657 1508 2961 1579; x_wconf 80' lang='lat' dir='ltr'><strong>ingressum</strong></span> <span class='ocrx_word' id='word_1_528' title='bbox 2991 1514 3042 1567; x_wconf 90' lang='lat' dir='ltr'><strong>in</strong></span> <span class='ocrx_word' id='word_1_529' title='bbox 3069 1516 3258 1571; x_wconf 90' lang='lat' dir='ltr'><strong>urbem</strong></span> <span class='ocrx_word' id='word_1_530' title='bbox 3281 1520 3568 1588; x_wconf 87' lang='lat' dir='ltr'><strong>quamdam</strong></span> <span class='ocrx_word' id='word_1_531' title='bbox 3595 1522 3769 1594; x_wconf 81' lang='lat' dir='ltr'><strong>impe-</strong></span> 
     </span>
    </p>
   </div>
   <div class='ocr_carea' id='block_1_72' title="bbox 2188 1595 3769 1682">
    <p class='ocr_par' dir='ltr' id='par_1_72' title="bbox 2188 1595 3769 1682">
     <span class='ocr_line' id='line_1_72' title="bbox 2188 1595 3769 1682; baseline 0.015 -37"><span class='ocrx_word' id='word_1_532' title='bbox 2188 1601 2399 1660; x_wconf 88' lang='lat' dir='ltr'><strong>ratore,</strong></span> <span class='ocrx_word' id='word_1_533' title='bbox 2446 1595 2643 1665; x_wconf 91' lang='lat' dir='ltr'><strong>duces,</strong></span> <span class='ocrx_word' id='word_1_534' title='bbox 2671 1599 2945 1668; x_wconf 82' lang='lat' dir='ltr'><strong>praefecti,</strong></span> <span class='ocrx_word' id='word_1_535' title='bbox 2978 1605 3262 1671; x_wconf 76' lang='lat' dir='ltr'><strong>satellites,</strong></span> <span class='ocrx_word' id='word_1_536' title='bbox 3294 1624 3588 1682; x_wconf 88' lang='lat' dir='ltr'><strong>omnesque</strong></span> <span class='ocrx_word' id='word_1_537' title='bbox 3629 1615 3769 1670; x_wconf 71' lang='lat' dir='ltr'><strong>servi</strong></span> 
     </span>
    </p>
   </div>
   <div class='ocr_carea' id='block_1_73' title="bbox 2189 1684 3770 1763">
    <p class='ocr_par' dir='ltr' id='par_1_73' title="bbox 2189 1684 3770 1763">
     <span class='ocr_line' id='line_1_73' title="bbox 2189 1684 3770 1763; baseline 0.015 -27"><span class='ocrx_word' id='word_1_538' title='bbox 2189 1684 2526 1752; x_wconf 66' lang='lat' dir='ltr'><strong>prmccdunt,</strong></span> <span class='ocrx_word' id='word_1_539' title='bbox 2558 1695 2617 1742; x_wconf 89' lang='lat' dir='ltr'><strong>ut</strong></span> <span class='ocrx_word' id='word_1_540' title='bbox 2645 1690 2839 1760; x_wconf 87' lang='lat' dir='ltr'><strong>palatio</strong></span> <span class='ocrx_word' id='word_1_541' title='bbox 2875 1694 3154 1763; x_wconf 83' lang='lat' dir='ltr'><strong>adornata,</strong></span> <span class='ocrx_word' id='word_1_542' title='bbox 3191 1707 3246 1753; x_wconf 90' lang='lat' dir='ltr'><strong>et</strong></span> <span class='ocrx_word' id='word_1_543' title='bbox 3283 1701 3426 1755; x_wconf 89' lang='lat' dir='ltr'><strong>omni</strong></span> <span class='ocrx_word' id='word_1_544' title='bbox 3468 1702 3576 1756; x_wconf 91' lang='lat' dir='ltr'><strong>alio</strong></span> <span class='ocrx_word' id='word_1_545' title='bbox 3614 1706 3770 1759; x_wconf 86' lang='lat' dir='ltr'><strong>mini-</strong></span> 
     </span>
    </p>
   </div>
   <div class='ocr_carea' id='block_1_74' title="bbox 2187 1776 3768 1863">
    <p class='ocr_par' dir='ltr' id='par_1_74' title="bbox 2187 1776 3768 1863">
     <span class='ocr_line' id='line_1_74' title="bbox 2187 1776 3768 1863; baseline 0.014 -36"><span class='ocrx_word' id='word_1_546' title='bbox 2187 1776 2351 1830; x_wconf 87' lang='lat' dir='ltr'><strong>sterio</strong></span> <span class='ocrx_word' id='word_1_547' title='bbox 2390 1790 2722 1848; x_wconf 61' lang='lat' dir='ltr'><strong>praeparato,</strong></span> <span class='ocrx_word' id='word_1_548' title='bbox 2767 1799 2958 1854; x_wconf 89' lang='lat' dir='ltr'><strong>magno</strong></span> <span class='ocrx_word' id='word_1_549' title='bbox 2994 1803 3113 1842; x_wconf 91' lang='lat' dir='ltr'><strong>cum</strong></span> <span class='ocrx_word' id='word_1_550' title='bbox 3161 1788 3362 1847; x_wconf 88' lang='lat' dir='ltr'><strong>honore</strong></span> <span class='ocrx_word' id='word_1_551' title='bbox 3390 1791 3768 1863; x_wconf 89' lang='lat' dir='ltr'><strong>Imperatorem</strong></span> 
     </span>
    </p>
   </div>
   <div class='ocr_carea' id='block_1_75' title="bbox 2189 1869 3771 1951">
    <p class='ocr_par' dir='ltr' id='par_1_75' title="bbox 2189 1869 3771 1951">
     <span class='ocr_line' id='line_1_75' title="bbox 2189 1869 3771 1951; baseline 0.015 -31"><span class='ocrx_word' id='word_1_552' title='bbox 2189 1869 2454 1938; x_wconf 84' lang='lat' dir='ltr'><strong>excipiant</strong></span> <span class='ocrx_word' id='word_1_553' title='bbox 2495 1887 2507 1922; x_wconf 93' lang='lat'>:</span> <span class='ocrx_word' id='word_1_554' title='bbox 2541 1872 2616 1927; x_wconf 91' lang='lat' dir='ltr'><strong>sic</strong></span> <span class='ocrx_word' id='word_1_555' title='bbox 2644 1873 2893 1931; x_wconf 84' lang='lat' dir='ltr'><strong>nimirum</strong></span> <span class='ocrx_word' id='word_1_556' title='bbox 2924 1887 2977 1933; x_wconf 90' lang='lat' dir='ltr'><strong>et</strong></span> <span class='ocrx_word' id='word_1_557' title='bbox 3005 1879 3090 1935; x_wconf 87' lang='lat' dir='ltr'><strong>hic</strong></span> <span class='ocrx_word' id='word_1_558' title='bbox 3109 1921 3126 1948; x_wconf 92' lang='lat'><strong>,</strong></span> <span class='ocrx_word' id='word_1_559' title='bbox 3167 1886 3316 1951; x_wconf 88' lang='lat' dir='ltr'><strong>quasi</strong></span> <span class='ocrx_word' id='word_1_560' title='bbox 3355 1886 3771 1945; x_wconf 88' lang='lat' dir='ltr'><strong>introducendus</strong></span> 
     </span>
    </p>
   </div>
   <div class='ocr_carea' id='block_1_76' title="bbox 2189 1963 3772 2048">
    <p class='ocr_par' dir='ltr' id='par_1_76' title="bbox 2189 1963 3772 2048">
     <span class='ocr_line' id='line_1_76' title="bbox 2189 1963 3772 2048; baseline 0.016 -38"><span class='ocrx_word' id='word_1_561' title='bbox 2189 1972 2280 2012; x_wconf 84' lang='lat' dir='ltr'><strong>rex</strong></span> <span class='ocrx_word' id='word_1_562' title='bbox 2313 1967 2489 2026; x_wconf 90' lang='lat' dir='ltr'><strong>esset,</strong></span> <span class='ocrx_word' id='word_1_563' title='bbox 2522 1963 2601 2016; x_wconf 91' lang='lat' dir='ltr'><strong>sol</strong></span> <span class='ocrx_word' id='word_1_564' title='bbox 2643 1967 2916 2034; x_wconf 65' lang='lat' dir='ltr'><strong>praecessit</strong></span> <span class='ocrx_word' id='word_1_565' title='bbox 2939 2009 2954 2033; x_wconf 93' lang='lat'><strong>,</strong></span> <span class='ocrx_word' id='word_1_566' title='bbox 2983 1970 3170 2026; x_wconf 66' lang='lat' dir='ltr'><strong>canum</strong></span> <span class='ocrx_word' id='word_1_567' title='bbox 3214 1979 3561 2042; x_wconf 64' lang='lat' dir='ltr'><strong>praecucurrit</strong></span> <span class='ocrx_word' id='word_1_568' title='bbox 3583 2022 3596 2041; x_wconf 85' lang='lat'><strong>,</strong></span> <span class='ocrx_word' id='word_1_569' title='bbox 3628 1980 3772 2048; x_wconf 88' lang='lat' dir='ltr'><strong>prius</strong></span> 
     </span>
    </p>
   </div>
   <div class='ocr_carea' id='block_1_77' title="bbox 2189 2047 3768 2138">
    <p class='ocr_par' dir='ltr' id='par_1_77' title="bbox 2189 2047 3768 2138">
     <span class='ocr_line' id='line_1_77' title="bbox 2189 2047 3768 2138; baseline 0.016 -39"><span class='ocrx_word' id='word_1_570' title='bbox 2189 2047 2484 2116; x_wconf 89' lang='lat' dir='ltr'><strong>ingressum</strong></span> <span class='ocrx_word' id='word_1_571' title='bbox 2507 2061 2589 2108; x_wconf 89' lang='lat' dir='ltr'><strong>est</strong></span> <span class='ocrx_word' id='word_1_572' title='bbox 2608 2053 2807 2118; x_wconf 85' lang='lat' dir='ltr'><strong>lumen,</strong></span> <span class='ocrx_word' id='word_1_573' title='bbox 2834 2067 3012 2114; x_wconf 90' lang='lat' dir='ltr'><strong>creata</strong></span> <span class='ocrx_word' id='word_1_574' title='bbox 3038 2071 3161 2115; x_wconf 90' lang='lat' dir='ltr'><strong>sunt</strong></span> <span class='ocrx_word' id='word_1_575' title='bbox 3183 2068 3363 2119; x_wconf 90' lang='lat' dir='ltr'><strong>omnia</strong></span> <span class='ocrx_word' id='word_1_576' title='bbox 3387 2079 3440 2122; x_wconf 90' lang='lat' dir='ltr'><strong>et</strong></span> <span class='ocrx_word' id='word_1_577' title='bbox 3468 2047 3724 2125; x_wconf 86' lang='lat' dir='ltr'><strong>adornata</strong></span> <span class='ocrx_word' id='word_1_578' title='bbox 3752 2113 3768 2138; x_wconf 94' lang='lat'><strong>,</strong></span> 
     </span>
    </p>
   </div>
   <div class='ocr_carea' id='block_1_78' title="bbox 2192 2143 3673 2232">
    <p class='ocr_par' dir='ltr' id='par_1_78' title="bbox 2192 2143 3673 2232">
     <span class='ocr_line' id='line_1_78' title="bbox 2192 2143 3673 2232; baseline 0.016 -41"><span class='ocrx_word' id='word_1_579' title='bbox 2192 2146 2407 2210; x_wconf 89' lang='lat' dir='ltr'><strong>tumque</strong></span> <span class='ocrx_word' id='word_1_580' title='bbox 2435 2143 2604 2198; x_wconf 92' lang='lat' dir='ltr'><strong>multo</strong></span> <span class='ocrx_word' id='word_1_581' title='bbox 2630 2159 2749 2200; x_wconf 90' lang='lat' dir='ltr'><strong>cum</strong></span> <span class='ocrx_word' id='word_1_582' title='bbox 2777 2148 2981 2206; x_wconf 87' lang='lat' dir='ltr'><strong>honore</strong></span> <span class='ocrx_word' id='word_1_583' title='bbox 3007 2151 3170 2208; x_wconf 92' lang='lat' dir='ltr'><strong>homo</strong></span> <span class='ocrx_word' id='word_1_584' title='bbox 3201 2156 3553 2214; x_wconf 87' lang='lat' dir='ltr'><strong>introducitur</strong></span> <span class='ocrx_word' id='word_1_585' title='bbox 3578 2162 3673 2232; x_wconf 89' lang='lat' dir='ltr'><strong>(a).</strong></span> 
     </span>
    </p>
   </div>
   <div class='ocr_carea' id='block_1_79' title="bbox 2273 2231 3774 2321">
    <p class='ocr_par' dir='ltr' id='par_1_79' title="bbox 2273 2231 3774 2321">
     <span class='ocr_line' id='line_1_79' title="bbox 2273 2231 3774 2321; baseline 0.017 -38"><span class='ocrx_word' id='word_1_586' title='bbox 2273 2231 2471 2298; x_wconf 83' lang='lat' dir='ltr'><strong>Vocem,</strong></span> <span class='ocrx_word' id='word_1_587' title='bbox 2500 2233 2777 2292; x_wconf 84' lang='lat' dir='ltr'><strong>Faciamus</strong></span> <span class='ocrx_word' id='word_1_588' title='bbox 2801 2282 2816 2308; x_wconf 89' lang='lat'><strong>,</strong></span> <span class='ocrx_word' id='word_1_589' title='bbox 2845 2240 3079 2309; x_wconf 84' lang='lat' dir='ltr'><strong>discutit,</strong></span> <span class='ocrx_word' id='word_1_590' title='bbox 3123 2255 3175 2298; x_wconf 87' lang='lat' dir='ltr'><strong>ut</strong></span> <span class='ocrx_word' id='word_1_591' title='bbox 3213 2249 3280 2299; x_wconf 87' lang='lat' dir='ltr'><strong>ad</strong></span> <span class='ocrx_word' id='word_1_592' title='bbox 3309 2231 3639 2321; x_wconf 84' lang='lat' dir='ltr'><strong>Unigenitum</strong></span> <span class='ocrx_word' id='word_1_593' title='bbox 3677 2253 3774 2310; x_wconf 88' lang='lat' dir='ltr'><strong>Dei</strong></span> 
     </span>
    </p>
   </div>
   <div class='ocr_carea' id='block_1_80' title="bbox 2188 2323 3771 2399">
    <p class='ocr_par' dir='ltr' id='par_1_80' title="bbox 2188 2323 3771 2399">
     <span class='ocr_line' id='line_1_80' title="bbox 2188 2323 3771 2399; baseline 0.016 -25"><span class='ocrx_word' id='word_1_594' title='bbox 2188 2323 2353 2391; x_wconf 81' lang='lat' dir='ltr'><strong>ﬁlium</strong></span> <span class='ocrx_word' id='word_1_595' title='bbox 2392 2330 2765 2396; x_wconf 83' lang='lat' dir='ltr'><strong>agnoscendum</strong></span> <span class='ocrx_word' id='word_1_596' title='bbox 2816 2333 2978 2388; x_wconf 85' lang='lat' dir='ltr'><strong>hostes</strong></span> <span class='ocrx_word' id='word_1_597' title='bbox 3018 2338 3238 2394; x_wconf 83' lang='lat' dir='ltr'><strong>ueritatis</strong></span> <span class='ocrx_word' id='word_1_598' title='bbox 3267 2341 3510 2395; x_wconf 84' lang='lat' dir='ltr'><strong>adducat.</strong></span> <span class='ocrx_word' id='word_1_599' title='bbox 3545 2343 3771 2399; x_wconf 83' lang='lat' dir='ltr'><strong>Anthro-</strong></span> 
     </span>
    </p>
   </div>
   <div class='ocr_carea' id='block_1_81' title="bbox 2189 2421 3775 2496">
    <p class='ocr_par' dir='ltr' id='par_1_81' title="bbox 2189 2421 3775 2496">
     <span class='ocr_line' id='line_1_81' title="bbox 2189 2421 3775 2496; baseline 0.016 -29"><span class='ocrx_word' id='word_1_600' title='bbox 2189 2421 2536 2488; x_wconf 84' lang='lat' dir='ltr'><strong>pomorphitas</strong></span> <span class='ocrx_word' id='word_1_601' title='bbox 2579 2424 2944 2496; x_wconf 46' lang='lat' dir='ltr'><strong>redarguitu—</strong></span> <span class='ocrx_word' id='word_1_602' title='bbox 2979 2427 3254 2486; x_wconf 74' lang='lat' dir='ltr'><strong>Faciamus</strong></span> <span class='ocrx_word' id='word_1_603' title='bbox 3281 2433 3535 2489; x_wconf 80' lang='lat' dir='ltr'><strong>hominem</strong></span> <span class='ocrx_word' id='word_1_604' title='bbox 3555 2438 3622 2490; x_wconf 87' lang='lat' dir='ltr'><strong>ad</strong></span> <span class='ocrx_word' id='word_1_605' title='bbox 3645 2439 3775 2492; x_wconf 86' lang='lat' dir='ltr'><strong>ima-</strong></span> 
     </span>
    </p>
   </div>
   <div class='ocr_carea' id='block_1_82' title="bbox 2189 2507 3774 2591">
    <p class='ocr_par' dir='ltr' id='par_1_82' title="bbox 2189 2507 3774 2591">
     <span class='ocr_line' id='line_1_82' title="bbox 2189 2507 3774 2591; baseline 0.016 -35"><span class='ocrx_word' id='word_1_606' title='bbox 2189 2507 2373 2575; x_wconf 86' lang='lat' dir='ltr'><strong>ginem.</strong></span> <span class='ocrx_word' id='word_1_607' title='bbox 2421 2511 2615 2568; x_wconf 79' lang='lat' dir='ltr'><strong>Audiat</strong></span> <span class='ocrx_word' id='word_1_608' title='bbox 2659 2513 2896 2572; x_wconf 72' lang='lat' dir='ltr'><strong>Judzeus.</strong></span> <span class='ocrx_word' id='word_1_609' title='bbox 2940 2518 3023 2573; x_wconf 74' lang='lat' dir='ltr'><strong>Ad</strong></span> <span class='ocrx_word' id='word_1_610' title='bbox 3051 2535 3210 2589; x_wconf 87' lang='lat' dir='ltr'><strong>quem</strong></span> <span class='ocrx_word' id='word_1_611' title='bbox 3238 2523 3368 2579; x_wconf 91' lang='lat' dir='ltr'><strong>dicit</strong></span> <span class='ocrx_word' id='word_1_612' title='bbox 3397 2524 3556 2591; x_wconf 89' lang='lat' dir='ltr'><strong>Deus,</strong></span> <span class='ocrx_word' id='word_1_613' title='bbox 3585 2525 3774 2582; x_wconf 84' lang='lat' dir='ltr'><strong>Facia-</strong></span> 
     </span>
    </p>
   </div>
   <div class='ocr_carea' id='block_1_83' title="bbox 2189 2602 3769 2686">
    <p class='ocr_par' dir='ltr' id='par_1_83' title="bbox 2189 2602 3769 2686">
     <span class='ocr_line' id='line_1_83' title="bbox 2189 2602 3769 2686; baseline 0.015 -34"><span class='ocrx_word' id='word_1_614' title='bbox 2189 2617 2300 2654; x_wconf 88' lang='lat' dir='ltr'><strong>mus</strong></span> <span class='ocrx_word' id='word_1_615' title='bbox 2319 2602 2344 2654; x_wconf 72' lang='grc' dir='ltr'><strong><em>Ρ</em></strong></span> <span class='ocrx_word' id='word_1_616' title='bbox 2364 2603 2523 2658; x_wconf 86' lang='lat' dir='ltr'><strong>Mosis</strong></span> <span class='ocrx_word' id='word_1_617' title='bbox 2550 2617 2672 2661; x_wconf 86' lang='lat' dir='ltr'><strong>sunt</strong></span> <span class='ocrx_word' id='word_1_618' title='bbox 2700 2608 2886 2676; x_wconf 84' lang='lat' dir='ltr'><strong>literae,</strong></span> <span class='ocrx_word' id='word_1_619' title='bbox 2917 2609 3098 2681; x_wconf 84' lang='lat' dir='ltr'><strong>Mosis,</strong></span> <span class='ocrx_word' id='word_1_620' title='bbox 3126 2616 3211 2669; x_wconf 93' lang='lat' dir='ltr'><strong>cui</strong></span> <span class='ocrx_word' id='word_1_621' title='bbox 3241 2630 3300 2671; x_wconf 90' lang='lat' dir='ltr'><strong>se</strong></span> <span class='ocrx_word' id='word_1_622' title='bbox 3323 2617 3546 2674; x_wconf 89' lang='lat' dir='ltr'><strong>credere</strong></span> <span class='ocrx_word' id='word_1_623' title='bbox 3568 2619 3769 2686; x_wconf 91' lang='lat' dir='ltr'><strong>dicunt,</strong></span> 
     </span>
    </p>
   </div>
   <div class='ocr_carea' id='block_1_84' title="bbox 2189 2695 3771 2766">
    <p class='ocr_par' dir='ltr' id='par_1_84' title="bbox 2189 2695 3771 2766">
     <span class='ocr_line' id='line_1_84' title="bbox 2189 2695 3771 2766; baseline 0.014 -22"><span class='ocrx_word' id='word_1_624' title='bbox 2189 2701 2243 2746; x_wconf 88' lang='lat' dir='ltr'><strong>et</strong></span> <span class='ocrx_word' id='word_1_625' title='bbox 2283 2695 2632 2751; x_wconf 89' lang='lat' dir='ltr'><strong>mentiuntur.</strong></span> <span class='ocrx_word' id='word_1_626' title='bbox 2681 2699 2750 2754; x_wconf 92' lang='lat' dir='ltr'><strong>Ut</strong></span> <span class='ocrx_word' id='word_1_627' title='bbox 2789 2701 2930 2758; x_wconf 90' lang='lat' dir='ltr'><strong>enim</strong></span> <span class='ocrx_word' id='word_1_628' title='bbox 2971 2705 3110 2760; x_wconf 84' lang='lat' dir='ltr'><strong>scias</strong></span> <span class='ocrx_word' id='word_1_629' title='bbox 3149 2705 3267 2763; x_wconf 87' lang='lat' dir='ltr'><strong>illos</strong></span> <span class='ocrx_word' id='word_1_630' title='bbox 3308 2710 3525 2764; x_wconf 88' lang='lat' dir='ltr'><strong>mentiri</strong></span> <span class='ocrx_word' id='word_1_631' title='bbox 3567 2719 3621 2766; x_wconf 91' lang='lat' dir='ltr'><strong>et</strong></span> <span class='ocrx_word' id='word_1_632' title='bbox 3665 2726 3771 2766; x_wconf 88' lang='lat' dir='ltr'><strong>non</strong></span> 
     </span>
    </p>
   </div>
   <div class='ocr_carea' id='block_1_85' title="bbox 2189 2786 3774 2866">
    <p class='ocr_par' dir='ltr' id='par_1_85' title="bbox 2189 2786 3774 2866">
     <span class='ocr_line' id='line_1_85' title="bbox 2189 2786 3774 2866; baseline 0.013 -28"><span class='ocrx_word' id='word_1_633' title='bbox 2189 2786 2429 2853; x_wconf 89' lang='lat' dir='ltr'><strong>credere,</strong></span> <span class='ocrx_word' id='word_1_634' title='bbox 2455 2787 2724 2848; x_wconf 88' lang='lat' dir='ltr'><strong>Christum</strong></span> <span class='ocrx_word' id='word_1_635' title='bbox 2755 2795 2873 2852; x_wconf 92' lang='lat' dir='ltr'><strong>illos</strong></span> <span class='ocrx_word' id='word_1_636' title='bbox 2901 2799 3306 2857; x_wconf 88' lang='lat' dir='ltr'><strong>convinceutem</strong></span> <span class='ocrx_word' id='word_1_637' title='bbox 3334 2802 3478 2866; x_wconf 87' lang='lat' dir='ltr'><strong>audi,</strong></span> <span class='ocrx_word' id='word_1_638' title='bbox 3502 2819 3566 2858; x_wconf 92' lang='lat' dir='ltr'><strong>ae</strong></span> <span class='ocrx_word' id='word_1_639' title='bbox 3592 2803 3774 2859; x_wconf 84' lang='lat' dir='ltr'><strong>dicen-</strong></span> 
     </span>
    </p>
   </div>
   <div class='ocr_carea' id='block_1_86' title="bbox 2192 2880 3770 2966">
    <p class='ocr_par' dir='ltr' id='par_1_86' title="bbox 2192 2880 3770 2966">
     <span class='ocr_line' id='line_1_86' title="bbox 2192 2880 3770 2966; baseline 0.011 -34"><span class='ocrx_word' id='word_1_640' title='bbox 2192 2888 2298 2933; x_wconf 89' lang='lat' dir='ltr'><strong>tem</strong></span> <span class='ocrx_word' id='word_1_641' title='bbox 2326 2899 2340 2935; x_wconf 83' lang='lat'><strong>:</strong></span> <span class='ocrx_word' id='word_1_642' title='bbox 2385 2880 2446 2936; x_wconf 87' lang='lat' dir='ltr'><strong>Si</strong></span> <span class='ocrx_word' id='word_1_643' title='bbox 2470 2884 2736 2940; x_wconf 85' lang='lat' dir='ltr'><strong>crederetis</strong></span> <span class='ocrx_word' id='word_1_644' title='bbox 2767 2885 2963 2959; x_wconf 79' lang='lat' dir='ltr'><strong>Moysi,</strong></span> <span class='ocrx_word' id='word_1_645' title='bbox 2993 2892 3261 2947; x_wconf 84' lang='lat' dir='ltr'><strong>crederetis</strong></span> <span class='ocrx_word' id='word_1_646' title='bbox 3284 2904 3330 2948; x_wconf 91' lang='lat' dir='ltr'><strong>et</strong></span> <span class='ocrx_word' id='word_1_647' title='bbox 3361 2896 3482 2949; x_wconf 87' lang='lat' dir='ltr'><strong>mihi</strong></span> <span class='ocrx_word' id='word_1_648' title='bbox 3509 2895 3682 2966; x_wconf 87' lang='lat' dir='ltr'><strong>(Joau.</strong></span> <span class='ocrx_word' id='word_1_649' title='bbox 3713 2898 3770 2954; x_wconf 84' lang='lat'><strong>5.</strong></span> 
     </span>
    </p>
   </div>
   <div class='ocr_carea' id='block_1_87' title="bbox 2189 2969 3774 3058">
    <p class='ocr_par' dir='ltr' id='par_1_87' title="bbox 2189 2969 3774 3058">
     <span class='ocr_line' id='line_1_87' title="bbox 2189 2969 3774 3058; baseline 0.013 -34"><span class='ocrx_word' id='word_1_650' title='bbox 2189 2969 2303 3039; x_wconf 75' lang='grc'><strong>46).</strong></span> <span class='ocrx_word' id='word_1_651' title='bbox 2334 2971 2450 3027; x_wconf 87' lang='lat' dir='ltr'><strong>Jam</strong></span> <span class='ocrx_word' id='word_1_652' title='bbox 2481 2989 2609 3030; x_wconf 89' lang='lat' dir='ltr'><strong>vero</strong></span> <span class='ocrx_word' id='word_1_653' title='bbox 2635 2979 2775 3047; x_wconf 91' lang='lat' dir='ltr'><strong>apud</strong></span> <span class='ocrx_word' id='word_1_654' title='bbox 2803 2980 2920 3036; x_wconf 84' lang='lat' dir='ltr'><strong>illos</strong></span> <span class='ocrx_word' id='word_1_655' title='bbox 2947 2983 3158 3052; x_wconf 90' lang='lat' dir='ltr'><strong>quidem</strong></span> <span class='ocrx_word' id='word_1_656' title='bbox 3188 2997 3307 3040; x_wconf 85' lang='lat' dir='ltr'><strong>sunt</strong></span> <span class='ocrx_word' id='word_1_657' title='bbox 3337 2988 3479 3055; x_wconf 90' lang='lat' dir='ltr'><strong>libri,</strong></span> <span class='ocrx_word' id='word_1_658' title='bbox 3509 2991 3648 3058; x_wconf 88' lang='lat' dir='ltr'><strong>apud</strong></span> <span class='ocrx_word' id='word_1_659' title='bbox 3675 3007 3774 3045; x_wconf 89' lang='lat' dir='ltr'><strong>nos</strong></span> 
     </span>
    </p>
   </div>
   <div class='ocr_carea' id='block_1_88' title="bbox 2189 3069 3775 3157">
    <p class='ocr_par' dir='ltr' id='par_1_88' title="bbox 2189 3069 3775 3157">
     <span class='ocr_line' id='line_1_88' title="bbox 2189 3069 3775 3157; baseline 0.014 -39"><span class='ocrx_word' id='word_1_660' title='bbox 2189 3075 2365 3120; x_wconf 89' lang='lat' dir='ltr'><strong>autem</strong></span> <span class='ocrx_word' id='word_1_661' title='bbox 2416 3069 2675 3126; x_wconf 91' lang='lat' dir='ltr'><strong>librorum</strong></span> <span class='ocrx_word' id='word_1_662' title='bbox 2723 3073 3039 3133; x_wconf 87' lang='lat' dir='ltr'><strong>thesaurus:</strong></span> <span class='ocrx_word' id='word_1_663' title='bbox 3068 3079 3206 3149; x_wconf 89' lang='lat' dir='ltr'><strong>apud</strong></span> <span class='ocrx_word' id='word_1_664' title='bbox 3252 3081 3372 3137; x_wconf 89' lang='lat' dir='ltr'><strong>illos</strong></span> <span class='ocrx_word' id='word_1_665' title='bbox 3401 3083 3587 3151; x_wconf 63' lang='lat' dir='ltr'><strong>literae,</strong></span> <span class='ocrx_word' id='word_1_666' title='bbox 3633 3087 3775 3157; x_wconf 83' lang='lat' dir='ltr'><strong>apud</strong></span> 
     </span>
    </p>
   </div>
   <div class='ocr_carea' id='block_1_89' title="bbox 2190 3162 3772 3245">
    <p class='ocr_par' dir='ltr' id='par_1_89' title="bbox 2190 3162 3772 3245">
     <span class='ocr_line' id='line_1_89' title="bbox 2190 3162 3772 3245; baseline 0.012 -31"><span class='ocrx_word' id='word_1_667' title='bbox 2190 3175 2289 3215; x_wconf 88' lang='lat' dir='ltr'><strong>nos</strong></span> <span class='ocrx_word' id='word_1_668' title='bbox 2335 3171 2390 3217; x_wconf 92' lang='lat' dir='ltr'><strong>et</strong></span> <span class='ocrx_word' id='word_1_669' title='bbox 2428 3162 2616 3231; x_wconf 63' lang='lat' dir='ltr'><strong>literae,</strong></span> <span class='ocrx_word' id='word_1_670' title='bbox 2661 3175 2716 3220; x_wconf 92' lang='lat' dir='ltr'><strong>ct</strong></span> <span class='ocrx_word' id='word_1_671' title='bbox 2758 3171 3060 3224; x_wconf 64' lang='lat' dir='ltr'><strong>sententiae.</strong></span> <span class='ocrx_word' id='word_1_672' title='bbox 3097 3171 3179 3226; x_wconf 85' lang='lat' dir='ltr'><strong>Ad</strong></span> <span class='ocrx_word' id='word_1_673' title='bbox 3219 3189 3376 3242; x_wconf 88' lang='lat' dir='ltr'><strong>quem</strong></span> <span class='ocrx_word' id='word_1_674' title='bbox 3426 3176 3592 3245; x_wconf 85' lang='lat' dir='ltr'><strong>igitur</strong></span> <span class='ocrx_word' id='word_1_675' title='bbox 3621 3177 3772 3245; x_wconf 91' lang='lat' dir='ltr'><strong>dicit,</strong></span> 
     </span>
    </p>
   </div>
   <div class='ocr_carea' id='block_1_90' title="bbox 2191 3249 3772 3333">
    <p class='ocr_par' dir='ltr' id='par_1_90' title="bbox 2191 3249 3772 3333">
     <span class='ocr_line' id='line_1_90' title="bbox 2191 3249 3772 3333; baseline 0.013 -30"><span class='ocrx_word' id='word_1_676' title='bbox 2191 3249 2467 3307; x_wconf 86' lang='lat' dir='ltr'><strong>Faciamus</strong></span> <span class='ocrx_word' id='word_1_677' title='bbox 2491 3255 2785 3310; x_wconf 86' lang='lat' dir='ltr'><strong>hominem?</strong></span> <span class='ocrx_word' id='word_1_678' title='bbox 2811 3259 2889 3314; x_wconf 73' lang='lat' dir='ltr'><strong>Ad</strong></span> <span class='ocrx_word' id='word_1_679' title='bbox 2919 3261 3163 3330; x_wconf 85' lang='lat' dir='ltr'><strong>angelum</strong></span> <span class='ocrx_word' id='word_1_680' title='bbox 3184 3303 3198 3328; x_wconf 92' lang='lat'><strong>,</strong></span> <span class='ocrx_word' id='word_1_681' title='bbox 3228 3263 3435 3333; x_wconf 88' lang='lat' dir='ltr'><strong>inquit,</strong></span> <span class='ocrx_word' id='word_1_682' title='bbox 3463 3266 3548 3321; x_wconf 90' lang='lat' dir='ltr'><strong>vel</strong></span> <span class='ocrx_word' id='word_1_683' title='bbox 3576 3267 3642 3322; x_wconf 91' lang='lat' dir='ltr'><strong>ad</strong></span> <span class='ocrx_word' id='word_1_684' title='bbox 3682 3285 3772 3323; x_wconf 86' lang='lat' dir='ltr'><strong>ar-</strong></span> 
     </span>
    </p>
   </div>
   <div class='ocr_carea' id='block_1_91' title="bbox 2190 3342 3775 3417">
    <p class='ocr_par' dir='ltr' id='par_1_91' title="bbox 2190 3342 3775 3417">
     <span class='ocr_line' id='line_1_91' title="bbox 2190 3342 3775 3417; baseline 0.013 -22"><span class='ocrx_word' id='word_1_685' title='bbox 2190 3342 2503 3413; x_wconf 86' lang='lat' dir='ltr'><strong>changelum</strong></span> <span class='ocrx_word' id='word_1_686' title='bbox 2547 3347 2858 3417; x_wconf 88' lang='lat' dir='ltr'><strong>simpliciter</strong></span> <span class='ocrx_word' id='word_1_687' title='bbox 2905 3352 3062 3406; x_wconf 89' lang='lat' dir='ltr'><strong>verba</strong></span> <span class='ocrx_word' id='word_1_688' title='bbox 3113 3352 3259 3408; x_wconf 81' lang='lat' dir='ltr'><strong>facit.</strong></span> <span class='ocrx_word' id='word_1_689' title='bbox 3293 3355 3364 3410; x_wconf 88' lang='lat' dir='ltr'><strong>Ut</strong></span> <span class='ocrx_word' id='word_1_690' title='bbox 3402 3359 3543 3411; x_wconf 88' lang='lat' dir='ltr'><strong>enim</strong></span> <span class='ocrx_word' id='word_1_691' title='bbox 3585 3359 3775 3414; x_wconf 83' lang='lat' dir='ltr'><strong>verbe-</strong></span> 
     </span>
    </p>
   </div>
   <div class='ocr_carea' id='block_1_92' title="bbox 2191 3434 3774 3514">
    <p class='ocr_par' dir='ltr' id='par_1_92' title="bbox 2191 3434 3774 3514">
     <span class='ocr_line' id='line_1_92' title="bbox 2191 3434 3774 3514; baseline 0.012 -27"><span class='ocrx_word' id='word_1_692' title='bbox 2191 3450 2350 3490; x_wconf 89' lang='lat' dir='ltr'><strong>roues</strong></span> <span class='ocrx_word' id='word_1_693' title='bbox 2380 3434 2588 3500; x_wconf 74' lang='lat' dir='ltr'><strong>lanuuii,</strong></span> <span class='ocrx_word' id='word_1_694' title='bbox 2621 3438 2747 3493; x_wconf 90' lang='lat' dir='ltr'><strong>dum</strong></span> <span class='ocrx_word' id='word_1_695' title='bbox 2775 3441 2842 3495; x_wconf 88' lang='lat' dir='ltr'><strong>ab</strong></span> <span class='ocrx_word' id='word_1_696' title='bbox 2873 3441 3016 3498; x_wconf 90' lang='lat' dir='ltr'><strong>heris</strong></span> <span class='ocrx_word' id='word_1_697' title='bbox 3056 3455 3407 3514; x_wconf 87' lang='lat' dir='ltr'><strong>accusantur,</strong></span> <span class='ocrx_word' id='word_1_698' title='bbox 3441 3463 3543 3503; x_wconf 90' lang='lat' dir='ltr'><strong>nec</strong></span> <span class='ocrx_word' id='word_1_699' title='bbox 3577 3449 3774 3506; x_wconf 86' lang='lat' dir='ltr'><strong>habent</strong></span> 
     </span>
    </p>
   </div>
   <div class='ocr_carea' id='block_1_93' title="bbox 2191 3528 3775 3608">
    <p class='ocr_par' dir='ltr' id='par_1_93' title="bbox 2191 3528 3775 3608">
     <span class='ocr_line' id='line_1_93' title="bbox 2191 3528 3775 3608; baseline 0.012 -29"><span class='ocrx_word' id='word_1_700' title='bbox 2191 3528 2330 3596; x_wconf 87' lang='lat' dir='ltr'><strong>quod</strong></span> <span class='ocrx_word' id='word_1_701' title='bbox 2358 3529 2436 3582; x_wconf 91' lang='lat' dir='ltr'><strong>cis</strong></span> <span class='ocrx_word' id='word_1_702' title='bbox 2465 3539 2646 3597; x_wconf 89' lang='lat' dir='ltr'><strong>aperte</strong></span> <span class='ocrx_word' id='word_1_703' title='bbox 2674 3533 3051 3602; x_wconf 82' lang='lat' dir='ltr'><strong>reSpoudeant,</strong></span> <span class='ocrx_word' id='word_1_704' title='bbox 3081 3537 3338 3608; x_wconf 88' lang='lat' dir='ltr'><strong>quidquid</strong></span> <span class='ocrx_word' id='word_1_705' title='bbox 3361 3539 3414 3594; x_wconf 92' lang='lat' dir='ltr'><strong>in</strong></span> <span class='ocrx_word' id='word_1_706' title='bbox 3441 3541 3660 3597; x_wconf 86' lang='lat' dir='ltr'><strong>buccam</strong></span> <span class='ocrx_word' id='word_1_707' title='bbox 3684 3559 3775 3598; x_wconf 51' lang='grc' dir='ltr'><strong>νὼ</strong></span> 
     </span>
    </p>
   </div>
   <div class='ocr_carea' id='block_1_94' title="bbox 2191 3609 3777 3704">
    <p class='ocr_par' dir='ltr' id='par_1_94' title="bbox 2191 3609 3777 3704">
     <span class='ocr_line' id='line_1_94' title="bbox 2191 3609 3777 3704; baseline 0.012 -33"><span class='ocrx_word' id='word_1_708' title='bbox 2191 3620 2330 3672; x_wconf 76' lang='lat' dir='ltr'><strong>norit</strong></span> <span class='ocrx_word' id='word_1_709' title='bbox 2359 3620 2633 3688; x_wconf 89' lang='lat' dir='ltr'><strong>proferunt</strong></span> <span class='ocrx_word' id='word_1_710' title='bbox 2654 3609 2776 3704; x_wconf 55' lang='lat' dir='ltr'><strong>:[s’ic</strong></span> <span class='ocrx_word' id='word_1_711' title='bbox 2799 3633 2854 3679; x_wconf 91' lang='lat' dir='ltr'><strong>et</strong></span> <span class='ocrx_word' id='word_1_712' title='bbox 2893 3640 2987 3681; x_wconf 90' lang='lat' dir='ltr'><strong>vos</strong></span> <span class='ocrx_word' id='word_1_713' title='bbox 3012 3627 3079 3682; x_wconf 87' lang='lat' dir='ltr'><strong>ad</strong></span> <span class='ocrx_word' id='word_1_714' title='bbox 3117 3629 3362 3698; x_wconf 85' lang='lat' dir='ltr'><strong>angelum</strong></span> <span class='ocrx_word' id='word_1_715' title='bbox 3391 3640 3449 3686; x_wconf 88' lang='lat' dir='ltr'><strong>et</strong></span> <span class='ocrx_word' id='word_1_716' title='bbox 3485 3633 3777 3704; x_wconf 81' lang='lat' dir='ltr'><strong>archange-</strong></span> 
     </span>
    </p>
   </div>
   <div class='ocr_carea' id='block_1_95' title="bbox 2191 3711 3773 3793">
    <p class='ocr_par' dir='ltr' id='par_1_95' title="bbox 2191 3711 3773 3793">
     <span class='ocr_line' id='line_1_95' title="bbox 2191 3711 3773 3793; baseline 0.009 -29"><span class='ocrx_word' id='word_1_717' title='bbox 2191 3711 2299 3764; x_wconf 88' lang='lat' dir='ltr'><strong>lum</strong></span> <span class='ocrx_word' id='word_1_718' title='bbox 2332 3711 2445 3765; x_wconf 74' lang='lat' dir='ltr'><strong>hzec</strong></span> <span class='ocrx_word' id='word_1_719' title='bbox 2482 3727 2604 3768; x_wconf 88' lang='lat' dir='ltr'><strong>esse</strong></span> <span class='ocrx_word' id='word_1_720' title='bbox 2638 3713 2776 3769; x_wconf 90' lang='lat' dir='ltr'><strong>dicta</strong></span> <span class='ocrx_word' id='word_1_721' title='bbox 2819 3716 2995 3772; x_wconf 89' lang='lat' dir='ltr'><strong>vultis.</strong></span> <span class='ocrx_word' id='word_1_722' title='bbox 3023 3716 3194 3784; x_wconf 86' lang='lat' dir='ltr'><strong>Quem</strong></span> <span class='ocrx_word' id='word_1_723' title='bbox 3234 3721 3447 3776; x_wconf 87' lang='lat' dir='ltr'><strong>tandem</strong></span> <span class='ocrx_word' id='word_1_724' title='bbox 3485 3724 3773 3793; x_wconf 85' lang='lat' dir='ltr'><strong>angelum?</strong></span> 
     </span>
    </p>
   </div>
   <div class='ocr_carea' id='block_1_96' title="bbox 2189 3804 3769 3884">
    <p class='ocr_par' dir='ltr' id='par_1_96' title="bbox 2189 3804 3769 3884">
     <span class='ocr_line' id='line_1_96' title="bbox 2189 3804 3769 3884; baseline 0.01 -27"><span class='ocrx_word' id='word_1_725' title='bbox 2189 3817 2348 3872; x_wconf 88' lang='lat' dir='ltr'><strong>quem</strong></span> <span class='ocrx_word' id='word_1_726' title='bbox 2365 3804 2774 3876; x_wconf 86' lang='lat' dir='ltr'><strong>archangelum?</strong></span> <span class='ocrx_word' id='word_1_727' title='bbox 2794 3807 2975 3878; x_wconf 88' lang='lat' dir='ltr'><strong>Neque</strong></span> <span class='ocrx_word' id='word_1_728' title='bbox 2989 3813 3134 3866; x_wconf 88' lang='lat' dir='ltr'><strong>enim</strong></span> <span class='ocrx_word' id='word_1_729' title='bbox 3149 3815 3453 3883; x_wconf 87' lang='lat' dir='ltr'><strong>angelorum</strong></span> <span class='ocrx_word' id='word_1_730' title='bbox 3472 3826 3554 3870; x_wconf 92' lang='grc' dir='ltr'><strong>εει</strong></span> <span class='ocrx_word' id='word_1_731' title='bbox 3567 3833 3769 3884; x_wconf 88' lang='lat' dir='ltr'><strong>creare,</strong></span> 
     </span>
    </p>
   </div>
   <div class='ocr_carea' id='block_1_97' title="bbox 2191 3897 3772 3973">
    <p class='ocr_par' dir='ltr' id='par_1_97' title="bbox 2191 3897 3772 3973">
     <span class='ocr_line' id='line_1_97' title="bbox 2191 3897 3772 3973; baseline 0.011 -25"><span class='ocrx_word' id='word_1_732' title='bbox 2191 3910 2366 3964; x_wconf 88' lang='lat' dir='ltr'><strong>neque</strong></span> <span class='ocrx_word' id='word_1_733' title='bbox 2392 3897 2834 3969; x_wconf 88' lang='lat' dir='ltr'><strong>archangelorum</strong></span> <span class='ocrx_word' id='word_1_734' title='bbox 2879 3902 2993 3958; x_wconf 63' lang='lat' dir='ltr'><strong>huic</strong></span> <span class='ocrx_word' id='word_1_735' title='bbox 3019 3906 3248 3973; x_wconf 90' lang='lat' dir='ltr'><strong>operari.</strong></span> <span class='ocrx_word' id='word_1_736' title='bbox 3293 3909 3469 3973; x_wconf 86' lang='lat' dir='ltr'><strong>Quare</strong></span> <span class='ocrx_word' id='word_1_737' title='bbox 3493 3925 3623 3964; x_wconf 88' lang='lat' dir='ltr'><strong>vero</strong></span> <span class='ocrx_word' id='word_1_738' title='bbox 3647 3925 3772 3966; x_wconf 87' lang='lat' dir='ltr'><strong>cum</strong></span> 
     </span>
    </p>
   </div>
   <div class='ocr_carea' id='block_1_98' title="bbox 2191 3986 3771 4068">
    <p class='ocr_par' dir='ltr' id='par_1_98' title="bbox 2191 3986 3771 4068">
     <span class='ocr_line' id='line_1_98' title="bbox 2191 3986 3771 4068; baseline 0.011 -28"><span class='ocrx_word' id='word_1_739' title='bbox 2191 3986 2379 4040; x_wconf 77' lang='lat' dir='ltr'><strong>caelum</strong></span> <span class='ocrx_word' id='word_1_740' title='bbox 2409 3988 2626 4058; x_wconf 89' lang='lat' dir='ltr'><strong>quidem</strong></span> <span class='ocrx_word' id='word_1_741' title='bbox 2654 3992 2925 4060; x_wconf 89' lang='lat' dir='ltr'><strong>conderet,</strong></span> <span class='ocrx_word' id='word_1_742' title='bbox 2960 4009 3066 4049; x_wconf 87' lang='lat' dir='ltr'><strong>non</strong></span> <span class='ocrx_word' id='word_1_743' title='bbox 3095 3996 3232 4052; x_wconf 79' lang='lat' dir='ltr'><strong>dixit</strong></span> <span class='ocrx_word' id='word_1_744' title='bbox 3253 4000 3442 4068; x_wconf 83' lang='lat' dir='ltr'><strong>angelo</strong></span> <span class='ocrx_word' id='word_1_745' title='bbox 3468 4008 3524 4055; x_wconf 89' lang='lat' dir='ltr'><strong>et</strong></span> <span class='ocrx_word' id='word_1_746' title='bbox 3548 4003 3771 4056; x_wconf 88' lang='lat' dir='ltr'><strong>archan-</strong></span> 
     </span>
    </p>
   </div>
   <div class='ocr_carea' id='block_1_99' title="bbox 2190 4079 3774 4156">
    <p class='ocr_par' dir='ltr' id='par_1_99' title="bbox 2190 4079 3774 4156">
     <span class='ocr_line' id='line_1_99' title="bbox 2190 4079 3774 4156; baseline 0.013 -26"><span class='ocrx_word' id='word_1_747' title='bbox 2190 4079 2330 4147; x_wconf 84' lang='lat' dir='ltr'><strong>gclo,</strong></span> <span class='ocrx_word' id='word_1_748' title='bbox 2358 4079 2451 4134; x_wconf 90' lang='lat' dir='ltr'><strong>sed</strong></span> <span class='ocrx_word' id='word_1_749' title='bbox 2484 4097 2578 4150; x_wconf 91' lang='lat' dir='ltr'><strong>per</strong></span> <span class='ocrx_word' id='word_1_750' title='bbox 2605 4098 2666 4137; x_wconf 90' lang='lat' dir='ltr'><strong>se</strong></span> <span class='ocrx_word' id='word_1_751' title='bbox 2692 4084 2840 4138; x_wconf 91' lang='lat' dir='ltr'><strong>illum</strong></span> <span class='ocrx_word' id='word_1_752' title='bbox 2863 4086 3147 4156; x_wconf 81' lang='lat' dir='ltr'><strong>produxit:</strong></span> <span class='ocrx_word' id='word_1_753' title='bbox 3178 4105 3298 4144; x_wconf 92' lang='lat' dir='ltr'><strong>cum</strong></span> <span class='ocrx_word' id='word_1_754' title='bbox 3329 4107 3458 4147; x_wconf 91' lang='lat' dir='ltr'><strong>vero</strong></span> <span class='ocrx_word' id='word_1_755' title='bbox 3479 4094 3614 4149; x_wconf 64' lang='lat' dir='ltr'><strong>caelo</strong></span> <span class='ocrx_word' id='word_1_756' title='bbox 3639 4105 3774 4150; x_wconf 85' lang='lat' dir='ltr'><strong>toto-</strong></span> 
     </span>
    </p>
   </div>
   <div class='ocr_carea' id='block_1_100' title="bbox 2191 4172 3770 4256">
    <p class='ocr_par' dir='ltr' id='par_1_100' title="bbox 2191 4172 3770 4256">
     <span class='ocr_line' id='line_1_100' title="bbox 2191 4172 3770 4256; baseline 0.013 -34"><span class='ocrx_word' id='word_1_757' title='bbox 2191 4184 2295 4237; x_wconf 91' lang='lat' dir='ltr'><strong>que</strong></span> <span class='ocrx_word' id='word_1_758' title='bbox 2335 4172 2535 4228; x_wconf 91' lang='lat' dir='ltr'><strong>mundo</strong></span> <span class='ocrx_word' id='word_1_759' title='bbox 2565 4177 2905 4242; x_wconf 76' lang='lat' dir='ltr'><strong>praestantius</strong></span> <span class='ocrx_word' id='word_1_760' title='bbox 2945 4180 3142 4236; x_wconf 90' lang='lat' dir='ltr'><strong>animal</strong></span> <span class='ocrx_word' id='word_1_761' title='bbox 3187 4183 3435 4252; x_wconf 78' lang='lat' dir='ltr'><strong>produxit</strong></span> <span class='ocrx_word' id='word_1_762' title='bbox 3461 4185 3770 4256; x_wconf 88' lang='lat' dir='ltr'><strong>hominem,</strong></span> 
     </span>
    </p>
   </div>
   <div class='ocr_carea' id='block_1_101' title="bbox 2193 4265 3574 4370">
    <p class='ocr_par' dir='ltr' id='par_1_101' title="bbox 2193 4265 3574 4370">
     <span class='ocr_line' id='line_1_101' title="bbox 2193 4265 3574 4370; baseline 0.014 -57"><span class='ocrx_word' id='word_1_763' title='bbox 2193 4267 2302 4314; x_wconf 91' lang='lat' dir='ltr'><strong>tum</strong></span> <span class='ocrx_word' id='word_1_764' title='bbox 2329 4277 2520 4320; x_wconf 89' lang='lat' dir='ltr'><strong>servos</strong></span> <span class='ocrx_word' id='word_1_765' title='bbox 2548 4265 2649 4321; x_wconf 91' lang='lat' dir='ltr'><strong>sibi</strong></span> <span class='ocrx_word' id='word_1_766' title='bbox 2675 4270 2850 4325; x_wconf 88' lang='lat' dir='ltr'><strong>socios</strong></span> <span class='ocrx_word' id='word_1_767' title='bbox 2875 4272 3162 4328; x_wconf 89' lang='lat' dir='ltr'><strong>creationis</strong></span> <span class='ocrx_word' id='word_1_768' title='bbox 3188 4274 3478 4332; x_wconf 77' lang='lat' dir='ltr'><strong>adsciscit?</strong></span> <span class='ocrx_word' id='word_1_769' title='bbox 3525 4311 3574 4370; x_wconf 46' lang='grc' dir='ltr'><strong><em>Δ</em></strong></span> 
     </span>
    </p>
   </div>
   <div class='ocr_carea' id='block_1_102' title="bbox 2261 4355 3775 4445">
    <p class='ocr_par' dir='ltr' id='par_1_102' title="bbox 2261 4355 3775 4445">
     <span class='ocr_line' id='line_1_102' title="bbox 2261 4355 3775 4445; baseline 0.013 -37"><span class='ocrx_word' id='word_1_770' title='bbox 2261 4355 2318 4408; x_wconf 80' lang='grc'><strong>2.</strong></span> <span class='ocrx_word' id='word_1_771' title='bbox 2357 4355 2470 4412; x_wconf 85' lang='grc' dir='ltr'><strong>Νοη</strong></span> <span class='ocrx_word' id='word_1_772' title='bbox 2514 4359 2586 4413; x_wconf 91' lang='lat' dir='ltr'><strong>ita</strong></span> <span class='ocrx_word' id='word_1_773' title='bbox 2617 4368 2730 4430; x_wconf 92' lang='lat' dir='ltr'><strong>est,</strong></span> <span class='ocrx_word' id='word_1_774' title='bbox 2763 4363 2921 4432; x_wconf 90' lang='lat' dir='ltr'><strong>plane</strong></span> <span class='ocrx_word' id='word_1_775' title='bbox 2950 4381 3054 4421; x_wconf 92' lang='lat' dir='ltr'><strong>non</strong></span> <span class='ocrx_word' id='word_1_776' title='bbox 3081 4367 3149 4421; x_wconf 89' lang='lat' dir='ltr'><strong>ita</strong></span> <span class='ocrx_word' id='word_1_777' title='bbox 3179 4376 3299 4434; x_wconf 88' lang='lat' dir='ltr'><strong>est;</strong></span> <span class='ocrx_word' id='word_1_778' title='bbox 3331 4355 3775 4445; x_wconf 51' lang='lat' dir='ltr'><strong>quippe-angelo,</strong></span> 
     </span>
    </p>
   </div>
   <div class='ocr_carea' id='block_1_103' title="bbox 2192 4452 3777 4533">
    <p class='ocr_par' dir='ltr' id='par_1_103' title="bbox 2192 4452 3777 4533">
     <span class='ocr_line' id='line_1_103' title="bbox 2192 4452 3777 4533; baseline 0.016 -34"><span class='ocrx_word' id='word_1_779' title='bbox 2192 4463 2306 4500; x_wconf 88' lang='lat' dir='ltr'><strong>rum</strong></span> <span class='ocrx_word' id='word_1_780' title='bbox 2346 4458 2429 4504; x_wconf 90' lang='lat' dir='ltr'><strong>est</strong></span> <span class='ocrx_word' id='word_1_781' title='bbox 2469 4452 2740 4520; x_wconf 89' lang='lat' dir='ltr'><strong>assistere,</strong></span> <span class='ocrx_word' id='word_1_782' title='bbox 2784 4470 2890 4511; x_wconf 92' lang='lat' dir='ltr'><strong>non</strong></span> <span class='ocrx_word' id='word_1_783' title='bbox 2939 4473 3158 4514; x_wconf 87' lang='lat' dir='ltr'><strong>creare:</strong></span> <span class='ocrx_word' id='word_1_784' title='bbox 3207 4461 3648 4533; x_wconf 89' lang='lat' dir='ltr'><strong>archangelorum</strong></span> <span class='ocrx_word' id='word_1_785' title='bbox 3695 4476 3777 4524; x_wconf 87' lang='lat' dir='ltr'><strong>est</strong></span> 
     </span>
    </p>
   </div>
   <div class='ocr_carea' id='block_1_104' title="bbox 2191 4542 3774 4619">
    <p class='ocr_par' dir='ltr' id='par_1_104' title="bbox 2191 4542 3774 4619">
     <span class='ocr_line' id='line_1_104' title="bbox 2191 4542 3774 4619; baseline 0.016 -28"><span class='ocrx_word' id='word_1_786' title='bbox 2191 4542 2514 4609; x_wconf 80' lang='lat' dir='ltr'><strong>ministrare,</strong></span> <span class='ocrx_word' id='word_1_787' title='bbox 2543 4559 2650 4600; x_wconf 90' lang='lat' dir='ltr'><strong>non</strong></span> <span class='ocrx_word' id='word_1_788' title='bbox 2673 4549 2984 4619; x_wconf 87' lang='lat' dir='ltr'><strong>participem</strong></span> <span class='ocrx_word' id='word_1_789' title='bbox 3008 4566 3129 4608; x_wconf 90' lang='lat' dir='ltr'><strong>esse</strong></span> <span class='ocrx_word' id='word_1_790' title='bbox 3157 4559 3435 4611; x_wconf 72' lang='lat' dir='ltr'><strong>sententia:</strong></span> <span class='ocrx_word' id='word_1_791' title='bbox 3465 4569 3518 4612; x_wconf 87' lang='lat' dir='ltr'><strong>et</strong></span> <span class='ocrx_word' id='word_1_792' title='bbox 3540 4561 3774 4618; x_wconf 73' lang='lat' dir='ltr'><strong>contsilii.</strong></span> 
     </span>
    </p>
   </div>
   <div class='ocr_carea' id='block_1_105' title="bbox 2190 4631 3778 4722">
    <p class='ocr_par' dir='ltr' id='par_1_105' title="bbox 2190 4631 3778 4722">
     <span class='ocr_line' id='line_1_105' title="bbox 2190 4631 3778 4722; baseline 0.016 -39"><span class='ocrx_word' id='word_1_793' title='bbox 2190 4631 2328 4685; x_wconf 81' lang='lat' dir='ltr'><strong>Audi</strong></span> <span class='ocrx_word' id='word_1_794' title='bbox 2357 4633 2482 4701; x_wconf 92' lang='lat' dir='ltr'><strong>quid</strong></span> <span class='ocrx_word' id='word_1_795' title='bbox 2519 4635 2587 4690; x_wconf 91' lang='lat' dir='ltr'><strong>de</strong></span> <span class='ocrx_word' id='word_1_796' title='bbox 2625 4639 2908 4694; x_wconf 85' lang='lat' dir='ltr'><strong>virtutibus</strong></span> <span class='ocrx_word' id='word_1_797' title='bbox 2949 4641 3265 4713; x_wconf 89' lang='lat' dir='ltr'><strong>Seraphim,</strong></span> <span class='ocrx_word' id='word_1_798' title='bbox 3307 4662 3423 4717; x_wconf 63' lang='lat' dir='ltr'><strong>quas</strong></span> <span class='ocrx_word' id='word_1_799' title='bbox 3444 4651 3778 4722; x_wconf 80' lang='lat' dir='ltr'><strong>archangelis</strong></span> 
     </span>
    </p>
   </div>
   <div class='ocr_carea' id='block_1_106' title="bbox 2189 4725 3777 4799">
    <p class='ocr_par' dir='ltr' id='par_1_106' title="bbox 2189 4725 3777 4799">
     <span class='ocr_line' id='line_1_106' title="bbox 2189 4725 3777 4799; baseline 0.014 -23"><span class='ocrx_word' id='word_1_800' title='bbox 2189 4733 2316 4778; x_wconf 86' lang='lat' dir='ltr'><strong>sunt</strong></span> <span class='ocrx_word' id='word_1_801' title='bbox 2343 4725 2614 4796; x_wconf 81' lang='lat' dir='ltr'><strong>celsiores,</strong></span> <span class='ocrx_word' id='word_1_802' title='bbox 2647 4730 2788 4786; x_wconf 89' lang='lat' dir='ltr'><strong>dicat</strong></span> <span class='ocrx_word' id='word_1_803' title='bbox 2819 4734 2978 4788; x_wconf 90' lang='lat' dir='ltr'><strong>lsaias</strong></span> <span class='ocrx_word' id='word_1_804' title='bbox 3020 4753 3032 4787; x_wconf 90' lang='lat'>:</span> <span class='ocrx_word' id='word_1_805' title='bbox 3067 4735 3183 4790; x_wconf 81' lang='lat' dir='ltr'><strong>Vidi</strong></span> <span class='ocrx_word' id='word_1_806' title='bbox 3215 4736 3490 4795; x_wconf 78' lang='lat' dir='ltr'><strong>Dominum</strong></span> <span class='ocrx_word' id='word_1_807' title='bbox 3527 4744 3777 4799; x_wconf 83' lang='lat' dir='ltr'><strong>sedentem</strong></span> 
     </span>
    </p>
   </div>
   <div class='ocr_carea' id='block_1_107' title="bbox 2190 4818 3777 4902">
    <p class='ocr_par' dir='ltr' id='par_1_107' title="bbox 2190 4818 3777 4902">
     <span class='ocr_line' id='line_1_107' title="bbox 2190 4818 3777 4902; baseline 0.014 -35"><span class='ocrx_word' id='word_1_808' title='bbox 2190 4830 2344 4884; x_wconf 84' lang='lat' dir='ltr'><strong>super</strong></span> <span class='ocrx_word' id='word_1_809' title='bbox 2367 4818 2550 4872; x_wconf 85' lang='lat' dir='ltr'><strong>solium</strong></span> <span class='ocrx_word' id='word_1_810' title='bbox 2579 4822 2830 4876; x_wconf 73' lang='lat' dir='ltr'><strong>excelsum</strong></span> <span class='ocrx_word' id='word_1_811' title='bbox 2855 4833 2900 4877; x_wconf 87' lang='lat' dir='ltr'><strong>et</strong></span> <span class='ocrx_word' id='word_1_812' title='bbox 2927 4828 3192 4896; x_wconf 85' lang='lat' dir='ltr'><strong>eleuatum,</strong></span> <span class='ocrx_word' id='word_1_813' title='bbox 3224 4840 3272 4885; x_wconf 89' lang='lat' dir='ltr'><strong>et</strong></span> <span class='ocrx_word' id='word_1_814' title='bbox 3300 4830 3574 4902; x_wconf 82' lang='lat' dir='ltr'><strong>Seraphim</strong></span> <span class='ocrx_word' id='word_1_815' title='bbox 3599 4836 3777 4891; x_wconf 83' lang='lat' dir='ltr'><strong>adsta-</strong></span> 
     </span>
    </p>
   </div>
   <div class='ocr_carea' id='block_1_108' title="bbox 2191 4910 3778 4994">
    <p class='ocr_par' dir='ltr' id='par_1_108' title="bbox 2191 4910 3778 4994">
     <span class='ocr_line' id='line_1_108' title="bbox 2191 4910 3778 4994; baseline 0.015 -34"><span class='ocrx_word' id='word_1_816' title='bbox 2191 4914 2308 4962; x_wconf 78' lang='lat' dir='ltr'><strong>bant</strong></span> <span class='ocrx_word' id='word_1_817' title='bbox 2337 4910 2388 4962; x_wconf 87' lang='lat' dir='ltr'><strong>in</strong></span> <span class='ocrx_word' id='word_1_818' title='bbox 2409 4912 2622 4965; x_wconf 87' lang='lat' dir='ltr'><strong>circuitu</strong></span> <span class='ocrx_word' id='word_1_819' title='bbox 2650 4915 2801 4982; x_wconf 86' lang='lat' dir='ltr'><strong>ejus:</strong></span> <span class='ocrx_word' id='word_1_820' title='bbox 2824 4933 2913 4970; x_wconf 79' lang='lat' dir='ltr'><strong>sea:</strong></span> <span class='ocrx_word' id='word_1_821' title='bbox 2935 4918 3035 4972; x_wconf 80' lang='lat' dir='ltr'><strong>ala:</strong></span> <span class='ocrx_word' id='word_1_822' title='bbox 3057 4921 3166 4986; x_wconf 85' lang='lat' dir='ltr'><strong>uni,</strong></span> <span class='ocrx_word' id='word_1_823' title='bbox 3201 4932 3246 4977; x_wconf 84' lang='lat' dir='ltr'><strong>et</strong></span> <span class='ocrx_word' id='word_1_824' title='bbox 3269 4939 3358 4978; x_wconf 76' lang='lat' dir='ltr'><strong>sea:</strong></span> <span class='ocrx_word' id='word_1_825' title='bbox 3383 4926 3482 4980; x_wconf 75' lang='lat' dir='ltr'><strong>alae</strong></span> <span class='ocrx_word' id='word_1_826' title='bbox 3517 4927 3664 4982; x_wconf 79' lang='lat' dir='ltr'><strong>alteri</strong></span> <span class='ocrx_word' id='word_1_827' title='bbox 3684 4944 3706 4994; x_wconf 85' lang='lat'>;</span> <span class='ocrx_word' id='word_1_828' title='bbox 3731 4940 3778 4984; x_wconf 86' lang='lat' dir='ltr'><strong>et</strong></span> 
     </span>
    </p>
   </div>
   <div class='ocr_carea' id='block_1_109' title="bbox 2191 5001 3775 5094">
    <p class='ocr_par' dir='ltr' id='par_1_109' title="bbox 2191 5001 3775 5094">
     <span class='ocr_line' id='line_1_109' title="bbox 2191 5001 3775 5094; baseline 0.015 -40"><span class='ocrx_word' id='word_1_829' title='bbox 2191 5001 2386 5057; x_wconf 82' lang='lat' dir='ltr'><strong>duabus</strong></span> <span class='ocrx_word' id='word_1_830' title='bbox 2409 5007 2608 5074; x_wconf 87' lang='lat' dir='ltr'><strong>quidem</strong></span> <span class='ocrx_word' id='word_1_831' title='bbox 2625 5008 2722 5062; x_wconf 85' lang='lat' dir='ltr'><strong>alis</strong></span> <span class='ocrx_word' id='word_1_832' title='bbox 2739 5012 3023 5080; x_wconf 83' lang='lat' dir='ltr'><strong>aperiebant</strong></span> <span class='ocrx_word' id='word_1_833' title='bbox 3049 5016 3202 5083; x_wconf 83' lang='lat' dir='ltr'><strong>facies</strong></span> <span class='ocrx_word' id='word_1_834' title='bbox 3226 5033 3346 5072; x_wconf 87' lang='lat' dir='ltr'><strong>suas</strong></span> <span class='ocrx_word' id='word_1_835' title='bbox 3362 5018 3518 5088; x_wconf 84' lang='lat' dir='ltr'><strong>(Isai.</strong></span> <span class='ocrx_word' id='word_1_836' title='bbox 3542 5022 3594 5077; x_wconf 88' lang='lat'><strong>6.</strong></span> <span class='ocrx_word' id='word_1_837' title='bbox 3626 5024 3678 5078; x_wconf 81' lang='grc'><strong>1.</strong></span> <span class='ocrx_word' id='word_1_838' title='bbox 3696 5024 3775 5094; x_wconf 72' lang='grc'><strong>2),</strong></span> 
     </span>
    </p>
   </div>
   <div class='ocr_carea' id='block_1_110' title="bbox 2191 5095 3781 5179">
    <p class='ocr_par' dir='ltr' id='par_1_110' title="bbox 2191 5095 3781 5179">
     <span class='ocr_line' id='line_1_110' title="bbox 2191 5095 3781 5179; baseline 0.014 -31"><span class='ocrx_word' id='word_1_839' title='bbox 2191 5103 2250 5148; x_wconf 90' lang='lat' dir='ltr'><strong>ut</strong></span> <span class='ocrx_word' id='word_1_840' title='bbox 2274 5095 2478 5152; x_wconf 88' lang='lat' dir='ltr'><strong>scilicet</strong></span> <span class='ocrx_word' id='word_1_841' title='bbox 2517 5099 2702 5155; x_wconf 92' lang='lat' dir='ltr'><strong>oculos</strong></span> <span class='ocrx_word' id='word_1_842' title='bbox 2728 5116 2853 5156; x_wconf 91' lang='lat' dir='ltr'><strong>suos</strong></span> <span class='ocrx_word' id='word_1_843' title='bbox 2881 5105 3186 5173; x_wconf 89' lang='lat' dir='ltr'><strong>munirent,</strong></span> <span class='ocrx_word' id='word_1_844' title='bbox 3216 5113 3355 5179; x_wconf 91' lang='lat' dir='ltr'><strong>quod</strong></span> <span class='ocrx_word' id='word_1_845' title='bbox 3383 5114 3716 5168; x_wconf 81' lang='lat' dir='ltr'><strong>exsilientem</strong></span> <span class='ocrx_word' id='word_1_846' title='bbox 3747 5130 3781 5170; x_wconf 82' lang='grc' dir='ltr'><strong>ε</strong></span> 
     </span>
    </p>
   </div>
   <div class='ocr_carea' id='block_1_111' title="bbox 2191 5185 3778 5270">
    <p class='ocr_par' dir='ltr' id='par_1_111' title="bbox 2191 5185 3778 5270">
     <span class='ocr_line' id='line_1_111' title="bbox 2191 5185 3778 5270; baseline 0.014 -31"><span class='ocrx_word' id='word_1_847' title='bbox 2191 5185 2326 5240; x_wconf 92' lang='lat' dir='ltr'><strong>solio</strong></span> <span class='ocrx_word' id='word_1_848' title='bbox 2355 5186 2611 5258; x_wconf 82' lang='lat' dir='ltr'><strong>fulgorem</strong></span> <span class='ocrx_word' id='word_1_849' title='bbox 2655 5192 2924 5249; x_wconf 89' lang='lat' dir='ltr'><strong>sustinere</strong></span> <span class='ocrx_word' id='word_1_850' title='bbox 2950 5209 3056 5250; x_wconf 94' lang='lat' dir='ltr'><strong>non</strong></span> <span class='ocrx_word' id='word_1_851' title='bbox 3083 5209 3322 5268; x_wconf 87' lang='lat' dir='ltr'><strong>possent.</strong></span> <span class='ocrx_word' id='word_1_852' title='bbox 3350 5201 3487 5270; x_wconf 84' lang='lat' dir='ltr'><strong>Quid</strong></span> <span class='ocrx_word' id='word_1_853' title='bbox 3530 5204 3648 5259; x_wconf 83' lang='lat' dir='ltr'><strong>ais?</strong></span> <span class='ocrx_word' id='word_1_854' title='bbox 3677 5204 3778 5260; x_wconf 87' lang='lat' dir='ltr'><strong>Se-</strong></span> 
     </span>
    </p>
   </div>
   <div class='ocr_carea' id='block_1_112' title="bbox 2193 5279 3779 5366">
    <p class='ocr_par' dir='ltr' id='par_1_112' title="bbox 2193 5279 3779 5366">
     <span class='ocr_line' id='line_1_112' title="bbox 2193 5279 3779 5366; baseline 0.013 -35"><span class='ocrx_word' id='word_1_855' title='bbox 2193 5279 2398 5347; x_wconf 89' lang='lat' dir='ltr'><strong>raphim</strong></span> <span class='ocrx_word' id='word_1_856' title='bbox 2426 5281 2659 5347; x_wconf 90' lang='lat' dir='ltr'><strong>adstant,</strong></span> <span class='ocrx_word' id='word_1_857' title='bbox 2689 5293 2742 5338; x_wconf 90' lang='lat' dir='ltr'><strong>et</strong></span> <span class='ocrx_word' id='word_1_858' title='bbox 2764 5293 2906 5339; x_wconf 90' lang='lat' dir='ltr'><strong>tanta</strong></span> <span class='ocrx_word' id='word_1_859' title='bbox 2937 5296 3061 5342; x_wconf 91' lang='lat' dir='ltr'><strong>sunt</strong></span> <span class='ocrx_word' id='word_1_860' title='bbox 3089 5290 3442 5349; x_wconf 88' lang='lat' dir='ltr'><strong>admiratione</strong></span> <span class='ocrx_word' id='word_1_861' title='bbox 3469 5309 3534 5350; x_wconf 89' lang='lat' dir='ltr'><strong>ac</strong></span> <span class='ocrx_word' id='word_1_862' title='bbox 3561 5303 3779 5366; x_wconf 89' lang='lat' dir='ltr'><strong>stupore</strong></span> 
     </span>
    </p>
   </div>
   <div class='ocr_carea' id='block_1_113' title="bbox 2192 5373 3778 5461">
    <p class='ocr_par' dir='ltr' id='par_1_113' title="bbox 2192 5373 3778 5461">
     <span class='ocr_line' id='line_1_113' title="bbox 2192 5373 3778 5461; baseline 0.013 -36"><span class='ocrx_word' id='word_1_863' title='bbox 2192 5381 2458 5442; x_wconf 89' lang='lat' dir='ltr'><strong>correpta,</strong></span> <span class='ocrx_word' id='word_1_864' title='bbox 2482 5373 2640 5444; x_wconf 87' lang='lat' dir='ltr'><strong>idque</strong></span> <span class='ocrx_word' id='word_1_865' title='bbox 2661 5391 2782 5431; x_wconf 92' lang='lat' dir='ltr'><strong>cum</strong></span> <span class='ocrx_word' id='word_1_866' title='bbox 2811 5379 2902 5433; x_wconf 90' lang='lat' dir='ltr'><strong>Dei</strong></span> <span class='ocrx_word' id='word_1_867' title='bbox 2927 5381 3138 5437; x_wconf 88' lang='lat' dir='ltr'><strong>videant</strong></span> <span class='ocrx_word' id='word_1_868' title='bbox 3165 5385 3544 5457; x_wconf 89' lang='lat' dir='ltr'><strong>indulgentiam</strong></span> <span class='ocrx_word' id='word_1_869' title='bbox 3567 5407 3584 5458; x_wconf 89' lang='lat'><strong>;</strong></span> <span class='ocrx_word' id='word_1_870' title='bbox 3604 5391 3778 5461; x_wconf 82' lang='lat' dir='ltr'><strong>angeli</strong></span> 
     </span>
    </p>
   </div>
   <div class='ocr_carea' id='block_1_114' title="bbox 497 5447 3778 5554">
    <p class='ocr_par' dir='ltr' id='par_1_114' title="bbox 497 5447 3778 5554">
     <span class='ocr_line' id='line_1_114' title="bbox 497 5447 3778 5554; baseline 0.012 -52"><span class='ocrx_word' id='word_1_871' title='bbox 497 5459 563 5502; x_wconf 83' lang='lat' dir='ltr'><strong>ac</strong></span> <span class='ocrx_word' id='word_1_872' title='bbox 599 5447 861 5518; x_wconf 88' lang='lat' dir='ltr'><strong>reliquum</strong></span> <span class='ocrx_word' id='word_1_873' title='bbox 906 5464 1066 5506; x_wconf 89' lang='lat' dir='ltr'><strong>omne</strong></span> <span class='ocrx_word' id='word_1_874' title='bbox 1114 5465 1374 5509; x_wconf 84' lang='lat' dir='ltr'><strong>creaturae</strong></span> <span class='ocrx_word' id='word_1_875' title='bbox 1411 5469 1602 5526; x_wconf 89' lang='lat' dir='ltr'><strong>corpus</strong></span> <span class='ocrx_word' id='word_1_876' title='bbox 1649 5466 1731 5514; x_wconf 90' lang='lat' dir='ltr'><strong>cst</strong></span> <span class='ocrx_word' id='word_1_877' title='bbox 1774 5460 2042 5516; x_wconf 86' lang='lat' dir='ltr'><strong>conditum</strong></span> <span class='ocrx_word' id='word_1_878' title='bbox 2070 5451 2138 5554; x_wconf 59' lang='grc' dir='ltr'>ε]</span> <span class='ocrx_word' id='word_1_879' title='bbox 2193 5475 2320 5516; x_wconf 87' lang='lat' dir='ltr'><strong>vero</strong></span> <span class='ocrx_word' id='word_1_880' title='bbox 2367 5471 2422 5518; x_wconf 89' lang='lat' dir='ltr'><strong>et</strong></span> <span class='ocrx_word' id='word_1_881' title='bbox 2466 5467 2674 5522; x_wconf 86' lang='lat' dir='ltr'><strong>consilii</strong></span> <span class='ocrx_word' id='word_1_882' title='bbox 2717 5481 2841 5524; x_wconf 90' lang='lat' dir='ltr'><strong>sunt</strong></span> <span class='ocrx_word' id='word_1_883' title='bbox 2889 5474 3216 5545; x_wconf 87' lang='lat' dir='ltr'><strong>participes,</strong></span> <span class='ocrx_word' id='word_1_884' title='bbox 3267 5480 3778 5552; x_wconf 80' lang='lat' dir='ltr'><strong>consultationisque</strong></span> 
     </span>
    </p>
   </div>
   <div class='ocr_carea' id='block_1_115' title="bbox 563 5577 2083 5660">
    <p class='ocr_par' dir='ltr' id='par_1_115' title="bbox 563 5577 2083 5660">
     <span class='ocr_line' id='line_1_115' title="bbox 563 5577 2083 5660; baseline 0.015 -33"><span class='ocrx_word' id='word_1_885' title='bbox 563 5577 638 5660; x_wconf 49' lang='lat' dir='ltr'><strong>(ai</strong></span> <span class='ocrx_word' id='word_1_886' title='bbox 659 5582 970 5660; x_wconf 41' lang='lat' dir='ltr'><strong>{tis‘prorsus</strong></span> <span class='ocrx_word' id='word_1_887' title='bbox 982 5585 1154 5660; x_wconf 77' lang='lat' dir='ltr'><strong>similia</strong></span> <span class='ocrx_word' id='word_1_888' title='bbox 1173 5587 1321 5660; x_wconf 76' lang='lat' dir='ltr'><strong>habet</strong></span> <span class='ocrx_word' id='word_1_889' title='bbox 1337 5596 1471 5660; x_wconf 87' lang='lat' dir='ltr'><strong>Hom.</strong></span> <span class='ocrx_word' id='word_1_890' title='bbox 1495 5592 1525 5641; x_wconf 91' lang='lat'><strong>8</strong></span> <span class='ocrx_word' id='word_1_891' title='bbox 1549 5593 1598 5642; x_wconf 90' lang='lat' dir='ltr'><strong>in</strong></span> <span class='ocrx_word' id='word_1_892' title='bbox 1620 5596 1864 5660; x_wconf 81' lang='lat' dir='ltr'><strong>cenesim,</strong></span> <span class='ocrx_word' id='word_1_893' title='bbox 1887 5597 1980 5648; x_wconf 92' lang='lat' dir='ltr'><strong>col.</strong></span> <span class='ocrx_word' id='word_1_894' title='bbox 2004 5599 2083 5660; x_wconf 91' lang='lat'><strong>70,</strong></span> 
     </span>
    </p>
   </div>
   <div class='ocr_carea' id='block_1_116' title="bbox 498 5638 2086 5718">
    <p class='ocr_par' dir='ltr' id='par_1_116' title="bbox 498 5638 2086 5718">
     <span class='ocr_line' id='line_1_116' title="bbox 498 5638 2086 5718; baseline 0.018 -34"><span class='ocrx_word' id='word_1_895' title='bbox 498 5638 892 5718; x_wconf 27' lang='lat' dir='ltr'><strong>tmogpeetotam</strong></span> <span class='ocrx_word' id='word_1_896' title='bbox 911 5659 1049 5718; x_wconf 69' lang='lat' dir='ltr'><strong>pene</strong></span> <span class='ocrx_word' id='word_1_897' title='bbox 1080 5638 1346 5718; x_wconf 70' lang='lat' dir='ltr'><strong>Romilium.</strong></span> <span class='ocrx_word' id='word_1_898' title='bbox 1387 5638 1436 5702; x_wconf 79' lang='lat' dir='ltr'><strong>in</strong></span> <span class='ocrx_word' id='word_1_899' title='bbox 1459 5638 2086 5718; x_wconf 61' lang='grc' dir='ltr'><strong>έέηὶὶὸιὶᾗῦἶιῖέῖίᾶπᾘίἱᾶιί</strong></span> 
     </span>
    </p>
   </div>
   <div class='ocr_carea' id='block_1_117' title="bbox 503 5701 1206 5772">
    <p class='ocr_par' dir='ltr' id='par_1_117' title="bbox 503 5701 1206 5772">
     <span class='ocr_line' id='line_1_117' title="bbox 503 5701 1206 5772; baseline 0.026 -30"><span class='ocrx_word' id='word_1_900' title='bbox 503 5711 651 5754; x_wconf 72' lang='lat' dir='ltr'><strong>pauca</strong></span> <span class='ocrx_word' id='word_1_901' title='bbox 671 5701 944 5763; x_wconf 69' lang='lat' dir='ltr'><strong>huiusmodi</strong></span> <span class='ocrx_word' id='word_1_902' title='bbox 963 5712 1206 5772; x_wconf 85' lang='lat' dir='ltr'><strong>reperies.</strong></span> 
     </span>
    </p>
   </div>
   <div class='ocr_carea' id='block_1_118' title="bbox 2261 5725 3460 5789">
    <p class='ocr_par' dir='ltr' id='par_1_118' title="bbox 2261 5725 3460 5789">
     <span class='ocr_line' id='line_1_118' title="bbox 2261 5725 3460 5789; baseline 0.008 -13"><span class='ocrx_word' id='word_1_903' title='bbox 2261 5728 2332 5789; x_wconf 91' lang='lat' dir='ltr'><strong>(a)</strong></span> <span class='ocrx_word' id='word_1_904' title='bbox 2367 5725 2480 5779; x_wconf 72' lang='lat' dir='ltr'><strong>vide</strong></span> <span class='ocrx_word' id='word_1_905' title='bbox 2503 5726 2711 5778; x_wconf 86' lang='lat' dir='ltr'><strong>similem</strong></span> <span class='ocrx_word' id='word_1_906' title='bbox 2734 5733 3027 5783; x_wconf 84' lang='lat' dir='ltr'><strong>sententiam</strong></span> <span class='ocrx_word' id='word_1_907' title='bbox 3058 5738 3190 5784; x_wconf 81' lang='lat' dir='ltr'><strong>Hom.</strong></span> <span class='ocrx_word' id='word_1_908' title='bbox 3217 5733 3319 5785; x_wconf 83' lang='lat' dir='ltr'><strong>Sin</strong></span> <span class='ocrx_word' id='word_1_909' title='bbox 3343 5743 3460 5786; x_wconf 72' lang='lat' dir='ltr'><strong>(seu.</strong></span> 
     </span>
    </p>
   </div>
  </div>
