4146 6260
449 313 552 370 581

445 426 555 479 τῶν
568 417 844 496 προέδρων
860 430 948 482 καὶ
970 433 1087 495 ταῖς
1104 432 1402 502 ὑμετέραις
1422 439 1480 492 τὺ
1501 440 1609 493 πᾶν
1629 441 1720 495 ἐπι
1727 444 2018 514 ῥρίψαντες

445 514 833 586 ἀπεδυσάμεθα
856 520 992 590 πρὸς
1018 521 1078 573 τὸ
1129 523 1362 576 στάδιον.
1403 527 1549 598 Εὐχή
1596 529 1652 582 δὲ
1695 533 2021 603 Ἐκκλησίας

445 602 696 657 τοσοῦτον
718 604 958 669 δύναται,
995 607 1070 671 ὠς
1100 611 1148 661 εί
1183 612 1274 663 καὶ
1302 611 1466 665 λίθων
1491 611 1634 685 ἦμεν
1663 602 2016 690 ἀφωνότεροι,

446 689 647 758 πτεροῦ
679 691 876 754 παντὸς
903 695 1236 765 κουφοτέραν
1263 699 1395 768 ήμτν
1435 701 1534 770 τὴν
1561 702 1809 770 γλῶτταν
1863 689 2020 775 ἐργά-

448 776 663 830 σασθαι.
701 776 910 847 Ὠσπερ
942 779 1052 849 γάρ
1087 781 1319 854 ζέφυρος
1351 788 1434 848 είς
1469 788 1607 856 μέσα
1635 789 1731 858 τῆς
1758 791 1886 861 νηὸς
1917 795 2018 862 ἐμ-

447 862 627 916 πεσὼν
667 862 734 917 τά
791 865 954 930 ίστία,
989 866 1176 936 βέλους
1239 870 1492 942 ὀξύτερον
1551 877 1910 947 παραπέμπει
1956 878 2020 930 τὸ

447 949 684 1018 σκάφος·
723 950 864 1006 οὕτω
904 955 997 1006 καὶ
1039 956 1362 1025 Ἐκκλησίας
1390 961 1523 1031 εὐχὴ
1565 964 1644 1024 είς
1667 963 1766 1033 τὴν
1805 965 1897 1018 τοῦ
1929 965 2018 1017 λέ-

442 1053 630 1106 γοντος
659 1039 970 1108 ἐμπεσοῦσα
988 1042 1504 1117 γλῶτταν,ζεφύρου
1537 1049 1892 1120 σφοδρότερον
1912 1069 2015 1104 πα-

443 1123 722 1195 ραπέμπει
779 1126 869 1178 τὸν
924 1127 1099 1196 λόγον.
1141 1131 1231 1183 Διδ
1273 1133 1368 1184 καὶ
1410 1136 1570 1202 ἡμεῖς
1621 1135 1746 1189 καθ’
1777 1138 2016 1209 ἑκάστην

439 1211 653 1282 ἡμέραν
699 1211 1022 1284 θαρροῦντες
1079 1217 1441 1288 ἀποδυόμεθα.
1498 1220 1562 1274 Εἰ
1612 1223 1720 1292 γάρ
1780 1226 1872 1278 ἐπὶ
1902 1225 2013 1278 τῶν

440 1297 640 1364 ἔξωθεν
678 1300 903 1368 ἀγώνων
925 1301 1055 1356 δέκα
1075 1321 1156 1366 τις
1177 1303 1403 1377 μόνον,ἢ
1431 1308 1603 1360 εἴκοσι
1625 1309 1762 1378 έχων
1779 1313 2012 1380 ἐραστὰς

439 1387 498 1436 ἐν
520 1385 676 1457 δήμῳ
707 1387 964 1458 τοσούτῳ,
981 1391 1118 1459 μετά
1143 1391 1447 1463 προθυμίας
1467 1395 1547 1457 είς
1570 1395 1659 1448 τὸν
1681 1395 1867 1463 ἀγῶνα
1883 1399 2014 1452 κάτ-

437 1489 581 1525 εισι·
617 1473 795 1544 πολλῷ
819 1476 1014 1545 μᾶλλον
1038 1479 1219 1547 ἡμεῖς,
1258 1479 1388 1532 ὅπου
1421 1481 1480 1533 οὐ
1511 1481 1664 1548 δέκα,
1693 1483 1813 1537 οὐδὲ
1838 1484 2011 1538 εἴκοσι

442 1560 620 1629 μόνον,
642 1561 756 1615 ἀλλ’
785 1562 928 1615 ἅπαν
957 1566 1087 1634 ἡμῖν
1112 1565 1173 1617 τὸ
1194 1565 1422 1638 θέατρον
1452 1567 1511 1632 ἐξ
1540 1569 1782 1638 ἀδελφῶν
1802 1572 1894 1623 καὶ
1915 1589 2012 1624 πα-

436 1646 608 1716 τέρων
633 1648 1274 1722 σύγκειται,θαρροῦντες
1297 1653 1454 1706 τοῦτο
1478 1657 1798 1726 ποιήσομεν.
1824 1659 2008 1712 Καίτοι

409 1735 500 1810 ξγε
530 1735 744 1791 ἐπὶτῶν
771 1736 965 1801 έξωθεν
986 1738 1212 1807 ἀγώνων
1238 1741 1390 1794 οὐδὲν
1406 1742 1470 1794 ἂν
1500 1743 1642 1811 μέγα
1658 1745 2009 1814 καρπώσαιτο

411 1821 466 1910 I6
491 1822 794 1894 ἀγωνιστὴς
823 1825 975 1896 παρά
1009 1826 1102 1880 τοῦ
1137 1827 1331 1880 θεατοῦ
1353 1867 1368 1892 ,
1404 1828 1519 1881 ἀλλ’
1555 1831 1587 1900 ἢ
1634 1831 1758 1884 ὅσον
1814 1832 2006 1902 βοῆσαι

413 1909 658 1972 ίέκετνον,
695 1910 786 1963 καὶ
809 1910 1085 1981 θαυμάσαι
1106 1912 1174 1966 τὰ
1201 1916 1564 1985 γεγενημένα,
1588 1917 1681 1970 καὶ
1703 1919 2007 1990 φιλονεικῆ·

419 2002 524 2048 ’σαι
553 1997 662 2058 τοῖς
695 1997 1065 2065 ἀντιλέγουσιν
1093 1998 1203 2052 ἀνω
1226 2001 1532 2071 καθήμενον
1562 2017 1578 2031 ⁶
1620 2005 1920 2074 καταϐῆναι
1950 2006 2006 2058 δὲ

401 2083 513 2174 ,είς
539 2083 600 2135 τὸ
634 2084 867 2149 στάδιον,
888 2085 982 2137 καὶ
1001 2087 1159 2174 χεῖρα
1183 2086 1389 2155 ὀρέξαι,
1405 2087 1500 2174 καλ.
1517 2088 1739 2142 ἑλκύσαι
1760 2090 1896 2143 πόδα
1912 2090 2004 2142 τοῦ

431 2169 1023 2240 ἀνταγωνιζομένου,“ἢ
1064 2171 1192 2224 ἄλλο
1245 2190 1296 2226 τι
1337 2173 1576 2227 τοιοῦτον
1616 2175 2003 2242 ἐπιδείξασθαί,

421 2245 638 2320 δεούτοις
666 2258 727 2310 οὐ
758 2258 934 2327 θέμις.
999 2261 1063 2312 Οἱ
1093 2261 1200 2330 γάρ
1239 2262 1363 2325 τοὺς
1394 2263 1612 2330 ἀγῶνας
1666 2265 1906 2330 ἐκείνους
1945 2268 2004 2334 ἐξ

431 2346 603 2416 ἀρχῆς
625 2346 1026 2417 διαταξάμενοι,
1073 2348 1344 2414 σκόλοπας
1386 2351 1656 2422 πήξαντες
1689 2351 1830 2417 ὀξεῖς
1856 2395 1870 2421 ,
1911 2357 2005 2408 καὶ

433 2433 640 2502 σχοινία
671 2433 854 2502 κύκλῳ
892 2433 1296 2504 περιϐαλόντες,
1333 2436 1474 2489 οὕτω
1511 2437 1622 2492 τῶν
1655 2438 1863 2493 θεατῶν
1903 2441 2004 2512 τὴν

432 2521 628 2590 μανίαν
669 2522 930 2593 εἴργουσι.
963 2524 1072 2575 Καὶ
1094 2524 1147 2575 τί
1175 2524 1506 2594 θαυμαστὸν,
1552 2529 1600 2579 εί
1639 2528 1802 2600 θεατῇ
1837 2547 2006 2585 κατα-

427 2606 586 2676 δῆναι
615 2607 674 2660 ού
699 2607 875 2677 θέμις,
895 2609 1095 2676 ὅπουγε
1118 2611 1211 2662 καὶ
1233 2611 1324 2663 τὸν
1347 2613 1702 2684 παιδοτρίϐην
1728 2615 1832 2682 ἐξω
1848 2618 2000 2688 παρά

429 2692 524 2764 τήν
558 2695 704 2748 κόνιν
741 2695 1081 2760 καθίσαντες,
1115 2698 1396 2768 πόρρωθεν
1427 2701 1526 2769 τὴν
1551 2702 1660 2755 ἀπὸ
1707 2704 1805 2774 τῆς
1855 2706 2001 2760 διδα-

427 2782 653 2845 σκαλίας
677 2785 992 2853 συμμαχίαν
1026 2785 1266 2853 εἰσάγειν
1295 2789 1408 2849 τοῖς
1436 2788 1860 2859 ἀγωνιζομένοις
1907 2811 2001 2846 κε-

425 2869 660 2933 λεύουσι,
694 2871 918 2940 πλησίον
942 2873 997 2925 δὲ
1021 2873 1120 2926 ούκ
1152 2873 1311 2926 ἐῶσιν
1339 2875 1542 2942 ἐλθεῖν;
1583 2877 1722 2930 Ἀλλ’
1762 2880 1864 2932 οὐκ
1913 2883 2000 2934 ἐν·

425 2955 597 3009 ταῦθα
613 2955 816 3018 οὕτως·
855 2957 990 3010 ἀλλά
1021 2960 1115 3012 καὶ
1159 2959 1466 3031 διδασκάλῳ
1498 2963 1592 3015 καὶ
1624 2963 1790 3035 θεατῇ
1827 2983 1997 3019 κατα-

425 3041 584 3112 ϐῆναι
613 3041 747 3112 πρὸς
781 3043 925 3110 ἡμᾶς
960 3043 1059 3108 ἐνι,
1096 3046 1190 3097 καὶ
1221 3046 1388 3113 ἐγγὺς
1417 3047 1606 3117 στῆναι
1635 3053 1702 3120 τῇ
1734 3051 1994 3118 διαθέσει,

424 3129 516 3180 καὶ
529 3127 616 3180 διά
631 3127 738 3180 τῶν
755 3127 926 3198 εὐχῶν
943 3131 1072 3199 ἡμῖν
1090 3133 1456 3203 συγκροτῆσαι
1473 3135 1568 3205 τὴν
1580 3135 1805 3206 δύναμιν
1822 3137 1996 3209 [65‘2].

423 3216 593 3287 Δεῦρο
618 3216 748 3285 γοῦν
772 3219 891 3270 κατ’
927 3219 1124 3283 αὐτοὺς
1160 3221 1404 3286 ἐκείνους
1449 3226 1576 3288 τοὺς
1613 3226 1854 3296 ἀθλητὰς
1886 3227 1996 3281 τῶν

422 3303 816 3373 παλαισμάτων
853 3305 1138 3377 ἁψώμεθα.
1177 3310 1286 3362 Καὶ
1352 3312 1462 3383 γὰρ
1515 3314 1740 3366 ἐπειδὰν
1795 3317 1995 3368 ἐκεῖνοι

425 3389 624 3461 μέσους
656 3391 883 3455 ἑαυτοὺς
911 3397 1293 3464 κατασχόντες,
1331 3398 1436 3452 ὑπὸ
1463 3401 1563 3470 τῆς
1595 3400 1716 3471 βίας
1751 3401 1859 3455 τῶν
1889 3403 1996 3474 ἀμ-

424 3480 607 3550 μάτων
631 3479 766 3551 πρδς
807 3481 896 3533 τὸν
941 3481 1137 3546 ἔξωθεν
1171 3484 1366 3549 αὐτοὺς
1401 3489 1742 3558 περιεστῶτα
1773 3489 1996 3555 ἐξακον·

419 3565 677 3620 τισθῶσιν
701 3567 856 3638 ὄχλον
879 3568 966 3622 διὰ
990 3570 1087 3641 τὴν
1110 3568 1206 3623 τοῦ
1242 3573 1408 3627 τόπου
1459 3577 1841 3648 στενοχωρίαν,
1897 3578 1992 3631 λύ-

422 3671 614 3717 σαντες
669 3655 736 3709 τά
785 3655 1034 3726 ἅμματα,
1072 3657 1209 3722 πρὸς
1264 3659 1357 3712 τὸν
1413 3662 1510 3730 τῆς
1539 3661 1777 3730 ἀγωνίας
1831 3663 1992 3717 πάλιν

419 3739 811 3810 ἐπανέρχονται
857 3741 1059 3793 τόπον⁶
1093 3739 1209 3796 εἶτα
1263 3745 1647 3813 ἐπανελθόντες
1685 3749 1786 3801 οὐκ
1844 3750 1993 3818 ὀρθοὶ

420 3827 825 3895 συμπλέκονται
864 3827 1038 3891 πάλιν,
1085 3828 1198 3880 ἀλλ’
1231 3830 1286 3880 ἐν
1317 3832 1510 3900 ἐκείνῳ
1550 3831 1625 3900 τῷ
1659 3834 1846 3903 τρόπῳ
1883 3836 1992 3887 τῶν

419 3911 632 3983 δεσμῶν
665 3914 888 3975 ἐαυτοὺς
913 3918 1372 3986 καταστήσαντες,
1418 3918 1475 3967 ἐν
1583 3920 1676 3971 καὶ
1724 3920 1876 3984 ὄντες
1912 3922 1992 3975 δι-

419 3999 708 4069 ελύθησαν.
751 4001 903 4052 Ἐπεὶ
939 3996 1032 4052 οὖν
1066 4003 1159 4054 καὶ
1196 4004 1344 4072 ἡμᾶς
1385 4005 1608 4073 ήτόπου
1663 4009 1993 4076 στενοχωρία

419 4086 717 4139 καταλῦσαι
749 4087 840 4140 τὸν
869 4086 1024 4154 λόγον
1049 4089 1348 4156 ἠνάγκασε,
1383 4091 1514 4160 φέρε
1538 4093 1676 4162 πρὸς
1708 4093 1799 4147 τὸν
1827 4095 1992 4149 τόπον

416 4173 518 4243 τῆς
546 4173 780 4242 ἀγωνίας
812 4173 1215 4242 ἐπανελθόντες,
1251 4176 1318 4229 τά
1342 4177 1571 4248 ἅμματα
1609 4180 1860 4252 λύσωμεν
1882 4184 1990 4236 ἀπὸ

415 4263 526 4316 τῶν
548 4263 786 4334 τήμερον
801 4263 1255 4330 ἀναγνωσθέντων
1285 4267 1434 4335 ήμῖν.
1451 4271 1504 4320 K
1500 4269 1560 4320 αὶ
1581 4265 1749 4323 εἷπεν
1767 4273 1800 4323 ό
1823 4272 1986 4336 Θεὸς,

417 4351 570 4420 φησὶ,
585 4349 934 4420 Ποιήσωμεν
953 4351 1266 4420 ἄνθρωπον
1288 4355 1413 4408 κατ’
1431 4359 1636 4411 εἰκόνα
1658 4357 1755 4412 καί
1787 4358 1990 4426 ὁμοίω-

417 4453 524 4490 σιν
541 4436 854 4506 ἡμετέραν.

493 4526 588 4578 Ἓν
634 4524 850 4594 πρῶτον
881 4525 1040 4578 τοῦτο
1065 4525 1215 4589 ἄξιον
1248 4525 1498 4598 ζητῆσαι,
1544 4529 1596 4582 τί
1637 4530 1858 4600 δήποτε,
1899 4531 1992 4584 ὅτε

420 4613 576 4682 μὲν·ό
603 4612 828 4682 οὐρανὸς
857 4612 1084 4686 ἐγίνετο,
1103 4612 1340 4680 οὐδαμοῦ
1354 4615 1434 4678 τὸ,
1455 4614 1819 4684 Ποιήσωμεν,
1835 4616 1989 4689 εἴρη-

415 4717 527 4764 ται,
587 4699 745 4758 ἀλλά.
785 4697 1104 4765 Γενηθήτω
1133 4701 1422 4766 οὐρανὸς,
1461 4702 1778 4768 Γενηθήτω
1839 4703 1984 4772 φῶς,

415 4790 509 4842 καὶ
537 4786 660 4841 καθ’
685 4786 914 4842 ἕκαστον
941 4786 1040 4857 τῆς
1069 4786 1299 4849 κτίσεως
1335 4788 1500 4856 μέρος
1525 4787 1695 4850 οὕτως
1716 4804 1728 4816 °
1758 4789 1989 4843 ἐνταῦθα

412 4877 470 4930 δὲ
504 4877 584 4940 τὸ,
605 4877 976 4945 Ποιήσωμεν,
997 4874 1317 4946 πρόσκειται
1345 4875 1524 4944 μόνον,
1547 4874 1708 4946 βουλὴ
1741 4877 1832 4929 καὶ
1860 4878 1990 5004 ρῃέ-

412 4965 504 5004 (Lu-
528 4965 622 5004 ναὶ
647 4963 784 5004 unﬁt
815 4961 1000 5004 ἓτεηᾶν
1018 4978 1138 5004 τινα
1159 4961 1418 5004 Andrium:
1449 4963 1806 5004 ἀνηνηίυωκιρ
1827 4982 1839 4993 ·
1891 4966 1988 5004 TI.-

411 4965 504 5032 ψις
528 4965 623 5016 καὶ
647 4963 784 5034 πρὸς
815 4961 1000 5034 ἔτερόν
1018 4978 1138 5014 τινα
1159 4961 1418 5032 ὁμότιμον
1449 4963 1806 5028 άνακοίνωσις
1827 4982 1841 5030 ;
1860 4961 1988 5028 ’Τίς

414 5067 546 5105 ποτε
579 5049 689 5121 ἄρα
717 5051 864 5103 ἐστὶν
892 5050 922 5102 6
948 5050 1140 5120 δημιου
1151 5049 1400 5120 ργεῖσθαι
1423 5049 1650 5120 μέλλων,
1684 5052 1766 5106 ὅτι
1796 5052 1989 5106 τοσαύ-

411 5154 510 5208 της
532 5136 797 5191 ἀπολαύει
825 5136 993 5207 τιμῆς
1014 5153 1028 5201 ;
1051 5136 1372 5206 ’Ἄνθρωπός
1409 5139 1552 5203 ἐστι,
1580 5138 1641 5192 τὺ
1673 5139 1816 5210 μέγα
1850 5139 1988 5204 ζῶον

413 5225 507 5278 καὶ
532 5223 866 5296 θαυμαστὸν,
888 5224 985 5277 καὶ
1017 5225 1118 5294 τῆς
1144 5225 1376 5284 κτίσεως
1404 5225 1622 5296 ἀπάσης
1648 5226 1726 5297 τῷ
1753 5226 1872 5297 Θεῷ
1901 5246 1988 5280 τι-

416 5311 699 5385 μιώτερον,
718 5315 783 5367 δι’
812 5313 871 5366 δν
917 5314 1142 5385 οὐρανὸς
1189 5314 1284 5367 καὶ
1310 5314 1384 5384 γῆ
1412 5315 1505 5367 καὶ
1539 5313 1776 5368 Θάλαττα
1797 5317 1888 5369 καὶ
1927 5317 1988 5370 τὸ

410 5399 594 5454 λοιπὸν
619 5402 764 5455 ἆπαν
788 5402 886 5472 τῆς
926 5403 1154 5464 κτίσεως
1195 5401 1403 5482 σῶμα
1423 5402 1728 5473 ἄνθρωπος,
1787 5398 1848 5459 οὗ
1883 5406 1984 5475 τῆς

413 5488 683 5558 σωτηρίας
704 5489 876 5552 οὕτως
899 5490 926 5541 6
947 5488 1077 5552 Θεὸς
1103 5488 1341 5559 ἠράσθη,
1372 5489 1447 5553 ὡς
1477 5490 1609 5560 μηδέ
1629 5489 1721 5543 τοῦ
1743 5492 1985 5563 Μονογε-

412 5575 534 5639 νοῦς
551 5575 838 5646 φείσασθαι
867 5575 931 5628 δι’
956 5576 1138 5630 αὐτόν·
1171 5577 1230 5630 οὐ
1257 5576 1366 5646 γὰρ
1383 5577 1591 5650 ἀπέστη
1624 5579 1802 5634 πάντα
1816 5582 1986 5637 ποιῶν

412 5663 503 5716 καὶ
544 5664 1066 5735 πραγματευόμενος
1093 5707 1108 5734 ,
1143 5664 1247 5728 έως
1286 5666 1444 5720 αὐτὸν
1485 5667 1982 5744 ἀναγαγὼν-ἐκάθ-

1617 324 1683 380 IN
1709 327 2011 382 GENESIM
2045 328 2277 388 SERMO
2302 335 2358 390 Ιῐ.

2128 465 2238 500 ισεν
2255 449 2312 500 ἐν
2329 447 2474 518 δεξιᾷ
2513 447 2729 505 ἐαυτοῦ.
2758 447 2860 505 Καὶ
2897 453 2993 524 βοᾷ
3009 451 3219 521 Παῦλος
3254 456 3428 527 λέγων
3449 475 3462 491 ⁸
3500 462 3696 530 Συνή-

2121 552 2276 604 γειρε
2293 538 2802 594 καὶσυνεκάθισεν
2816 542 2972 610 ἡμᾶς
2985 545 3055 597 ἐν
3073 545 3241 611 δεξιᾷ
3257 546 3475 602 ἑαυτοῦ
3489 549 3557 601 ἐν
3573 551 3697 618 τοῖς

2119 622 2494 691 ἐπουρανίοις
2539 626 2608 679 ἐν
2649 627 2881 695 Χριστῷ
2921 631 3145 697 Ἰησοῦ.
3184 633 3283 686 Διά
3336 634 3493 688 τοῦτο
3527 635 3690 709 βουλὴ

2120 710 2214 761 καὶ
2246 711 2437 780 σκέψις
2473 713 2567 766 καὶ
2588 715 2966 783 άνακοίνωσις,
3001 719 3101 772 οὐκ
3135 721 3318 791 ἐπειδὴ
3346 722 3374 772 ό
3397 722 3527 787 Θεὸς
3580 724 3696 793 βου.

2117 794 2217 864 λῆς
2243 795 2444 850 δεῖται⁶
2481 800 2556 869 μὴ
2605 799 2846 867 γένοιτο·
2884 804 3018 857 ἀλλά
3058 805 3136 876 τῷ
3182 808 3419 876 σχήματι
3447 809 3554 861 τῶν
3597 812 3696 881 ῥη-

2121 883 2304 951 μάτων
2342 883 2440 954 τὴν
2469 886 2549 947 εἰς
2576 885 2666 937 τὸν
2683 890 2973 958 γενόμενον
2996 894 3126 962 ήμίν
3145 893 3479 946 ἐνδείκνυται
3505 899 3691 967 τιμήν.

2116 969 2226 1021 Καὶ
2255 969 2392 1034 πῶς,
2413 974 2598 1041 φησιν,
2619 977 2666 1027 εί
2696 976 2791 1028 τοῦ
2829 977 3034 1046 κόσμου
3066 980 3391 1052 τιμιώτερός
3414 984 3529 1035 ἐστι
3553 1001 3692 1037 πανο

2114 1057 2224 1120 τὸς,
2242 1057 2466 1130 ὕστερον
2485 1063 2577 1114 τοῦ
2597 1063 2800 1133 κόσμου
2830 1077 2854 1105 ει
2885 1068 3192 1136 παράγεται
3213 1084 3226 1133 ;
3248 1070 3325 1120 Δι’
3353 1069 3486 1121 αὐτὸ
3512 1071 3691 1135 τοῦτο,

2115 1145 2301 1215 ἐπειδὴ
2331 1147 2426 1200 τοῦ
2455 1148 2660 1218 κόσμου
2691 1150 3014 1221 τιμιώτερός
3036 1155 3201 1206 ἐστιν.
3239 1155 3446 1225 Ὥσπερ
3469 1155 3577 1225 γὰρ
3597 1155 3694 1225 βα-

2115 1231 2306 1294 σιλέως
2343 1234 2423 1294 είς
2451 1233 2574 1285 τινὰ
2599 1235 2754 1288 πόλιν
2789 1236 3032 1290 ἐλαύνειν
3059 1238 3363 1307 μέλλοντος,
3396 1243 3692 1310 στρατηγοὶ

2113 1318 2208 1369 καὶ
2237 1316 2470 1388 ὕπαρχοι
2496 1321 2592 1372 καὶ
2619 1321 2906 1392 δορυφόροι
2929 1323 3023 1376 καὶ
3047 1325 3246 1387 πάντες
3273 1328 3321 1378 οἱ
3349 1325 3524 1380 δοῦλοι
3554 1344 3688 1396 προ-

2111 1403 2423 1470 φθάνουσιν,
2448 1406 2537 1460 ἵνα
2561 1407 2631 1460 τὰ
2650 1408 2897 1476 βασίλεια
2917 1412 3450 1478 παρασκευάσαντες,
3473 1414 3564 1465 καὶ
3581 1415 3689 1464 πᾶ-

2113 1505 2212 1542 σαν
2232 1489 2331 1559 τὴν
2357 1491 2521 1560 ἀλλην
2550 1492 2972 1562 εὐτρεπίσαντες
2997 1494 3308 1565 Θεραπείαν,
3328 1497 3465 1564 μετά
3487 1498 3689 1566 πολλῆς

2109 1575 2206 1643 τῆς
2248 1579 2414 1645 τιμῆς
2447 1578 2814 1642 ὑποδέξωνται
2855 1581 2946 1632 τὸν
2993 1581 3246 1649 βασιλέαο
3303 1582 3447 1634 οὕτω
3489 1582 3552 1653 δὴ
3593 1584 3687 1635 καὶ⁸

2110 1661 2376 1725 ἐνταῦθα,
2429 1663 2681 1734 καθάπερ
2718 1665 2985 1734 βασιλέως
3022 1669 3335 1735 εἰσάγεσθαι
3379 1669 3684 1738 μέλλοντος,

2112 1747 2454 1816 προέφθασεν
2485 1751 2512 1800 ὁ
2535 1750 2707 1817 ἥλιος,
2742 1752 3084 1822 προέδραμεν
3113 1755 3140 1804 ὁ
3173 1755 3401 1823 οὐρανὸς
3421 1795 3435 1818 ,
3468 1771 3688 1825 προεισι⁵

2107 1832 2238 1902 ἦλθε
2268 1833 2329 1884 τὸ
2368 1836 2517 1902 φῶς,
2549 1835 2767 1888 ἅπαντα
2815 1837 3004 1904 γέγονε
3057 1839 3151 1891 καὶ
3195 1839 3545 1909 εὐτρεπίσθη,
3592 1840 3688 1892 καὶ

2107 1920 2226 1971 τότε
2264 1921 2294 1971 6
2324 1920 2610 1990 ἄνθρωπος
2642 1921 2778 1990 μετά
2806 1923 3004 1993 πολλῆς
3029 1922 3256 1992 ὕστερον
3287 1926 3567 1991 εἰσάγεται
3587 1925 3687 1994 τῆς

2109 2023 2296 2075 τιμης.

2213 2023 2296 2060 τί.
3457 2023 3459 2026 ‘

2169 2023 2526 2159 ιίΙοῖήσωμεν
2563 2092 2877 2161 ἄνθρωπον
2918 2095 3292 2148 κατέίκόνα.
3343 2093 3621 2148 Ἀκουέτω
3657 2097 3686 2149 ό
3761 2087 3763 2089 ’

2119 2177 2387 2240 Ἰουδαῖος.
2408 2177 2550 2247 Πρὸς
2575 2179 2695 2231 τίνα
2715 2182 2876 2250 φησιν
2894 2182 2921 2231 6
2949 2180 3101 2246 θεὸς,
3124 2179 3503 2250 Ποιήσωμεν;
3523 2183 3688 2234 Μωῦ·

2108 2264 2245 2326 σέως
2271 2265 2388 2316 ἐστὶ
2422 2263 2487 2317 τὰ
2516 2264 2840 2337 γράμματα,
2869 2266 3167 2330 Μωῦσέως,
3266 2267 3540 2320 πιστεύειν
3558 2267 3688 2336 Lyeu-

2103 2350 2316 2420 δόμενοί
2345 2368 2498 2420 φασι.
2539 2353 2649 2404 Καὶ
2683 2354 2765 2404 ὅτι
2789 2352 3075 2421 ψεύδονται
3111 2353 3204 2405 καὶ
3229 2353 3288 2404 ού
3317 2350 3683 2419 πιστεύουσιν,

2103 2438 2266 2490 ἄκουε
2298 2437 2394 2489 τοῦ
2421 2439 2656 2509 Χριστοῦ
2675 2439 3038 2508 διελέγχοντος
3065 2441 3260 2504 αὐτοὺς
3283 2442 3374 2493 καὶ
3401 2439 3683 2509 λέγοντος⁶

2101 2526 2173 2576 El
2213 2523 2558 2577 ἐπιστεύετε
2576 2525 2838 2589 Μωῢσεῖ,
2876 2527 3224 2580 ἐπιστεύετε
3254 2527 3331 2580 ἂν
3367 2526 3518 2595 ἐμοί.
3571 2525 3686 2580 Νῦν

2101 2609 2156 2662 δὲ
2194 2612 2325 2680 παρ’
2351 2610 2580 2673 ἐκείνοις
2617 2611 2712 2681 μὲν
2741 2610 2810 2664 τά
2834 2611 3036 2680 βιϐλία,
3064 2613 3192 2679 παρ’
3215 2615 3345 2682 ἡμῖν
3368 2611 3426 2666 δὲ
3458 2613 3568 2665 τῶν
3603 2613 3688 2682 βιτ

2101 2694 2262 2749 ὀλίων
2281 2697 2310 2747 ὁ
2348 2695 2617 2766 θησαυρός
2637 2711 2651 2725 ⁸
2685 2697 2813 2764 παρ’
2840 2699 3069 2762 ἐκείνοις
3089 2699 3158 2751 τὰ
3181 2699 3505 2769 γράμματα,
3532 2698 3682 2772 [655]

2102 2784 2230 2853 παρ’
2249 2785 2378 2854 ἡμῖν
2399 2783 2578 2837 καὶτὰ
2594 2784 2898 2856 γράμματα
2919 2786 3012 2838 καὶ
3030 2785 3098 2838 τά
3117 2788 3384 2856 νοήματα.
3402 2786 3544 2858 Πρὸς
3561 2786 3685 2839 τίνα

2098 2865 2212 2934 οὖν,
2237 2870 2378 2932 εἰπὲ,
2407 2869 2578 2937 λέγει,
2605 2870 2960 2939 Ποιήσωμεν
2985 2871 3302 2939 ἄνθρωπον
3316 2888 3338 2936 ;
3358 2872 3496 2942 Πρὸς
3518 2873 3684 2941 άγγε-

2097 2956 2219 3018 λον,
2254 2957 2447 3025 φησιν,
2492 2956 2525 3025 ἢ
2571 2955 2707 3025 πρὸς
2746 2956 3088 3025 ἀρχάγγελον
3138 2957 3321 3019 ἁπλῶς
3365 2959 3682 3026 φθέγγεται.

2097 3041 2364 3111 Καθάπερ
2392 3041 2498 3113 γὰρ
2514 3043 2562 3094 οἱ
2599 3043 2879 3113 μαστιγίαι
2906 3043 3015 3096 τῶν
3035 3044 3259 3096 οἰκετῶν
3283 3045 3434 3115 παρά
3466 3045 3572 3099 τῶν
3595 3046 3684 3097 δε·-

2100 3129 2314 3182 σποτῶν
2361 3129 2776 3200 ἐγκαλούμενοι,
2815 3131 2908 3182 καὶ
2945 3129 3006 3193 ἐξ
3048 3129 3265 3192 εὐθείας
3313 3131 3415 3183 οὐκ
3470 3131 3685 3200 ἔχοντες

2097 3217 2516 3286 ἀποκρίνασθαι,
2551 3219 2611 3271 τὸ
2646 3219 2870 3273 ἐπελθὸν
2901 3219 3046 3274 ᾶπαν
3069 3219 3471 3290 προσφέρουσιν
3491 3217 3684 3274 ’σοῦτω

2095 3305 2158 3376 δὴ
2191 3307 2282 3358 καὶ
2325 3308 2515 3377 ὑμεις,
2554 3304 2701 3376 Πρὸς
2725 3306 2971 3373 ἄγγελον,
2999 3306 3157 3374 φατὲ,
3212 3312 3308 3361 καὶ
3342 3309 3682 3379 ἀρχάγγελον

2095 3386 2234 3445 εἷπε.
2273 3393 2430 3446 Ποῖον
2478 3393 2746 3461 ἄγγελον;
2798 3397 2950 3448 ποῖον
2985 3395 3330 3465 ἀρχάγγελον
3365 3396 3428 3462 b;
3466 3397 3540 3449 Οὐ
3569 3396 3680 3467 γάρ

2093 3481 2339 3549 ἀγγέλων
2366 3482 2484 3534 ἐστί
2502 3482 2564 3534 τὸ
2582 3482 2959 3552 δημιουργεῖν,
2983 3483 3103 3559 οῄδὲ
3134 3483 3490 3555 ἀρχαγγέλων
3505 3486 3566 3537 τὺ
3590 3489 3684 3555 ἐρ-

2093 3567 2355 3637 γάξεσθαι
2380 3568 2573 3622 ταῦτα.
2597 3569 2753 3631 Τίνος
2775 3569 2833 3622 δέ
2851 3570 3062 3635 ἕνεκεν,
3100 3572 3188 3623 ὅτε
3209 3571 3308 3641 μὲν
3339 3573 3428 3625 τὸν
3453 3572 3679 3642 οὐρανὸν

2094 3655 2368 3722 ἐποίησεν,
2401 3655 2501 3706 οὐκ
2524 3649 2676 3707 εἷπεν
2699 3656 2917 3726 ἀγγέλῳ
2961 3657 3056 3709 καὶ
3083 3658 3428 3728 ἀρχαγγέλῳ,
3455 3659 3589 3711 ἀλλά
3612 3660 3678 3711 δι’

2093 3740 2288 3792 ἐαυτοῦ
2313 3741 2636 3809 παρήγαγεν
2659 3758 2672 3796 τ
2704 3742 2792 3792 ὅτε
2816 3742 2872 3792 δέ
2896 3743 2956 3794 τὸ
2979 3743 3304 3812 τιμιώτερον
3334 3743 3564 3812 οὐρανοῦ
3585 3745 3680 3797 καὶ

2095 3827 2294 3888 παντὸς
2327 3827 2534 3895 κόσμου
2559 3829 2850 3896 παρήγαγε
2891 3829 3056 3892 ζῶον,
3098 3828 3189 3880 τὸν
3221 3829 3526 3898 ἄνθρωπον,
3555 3832 3679 3884 τότε

2092 3913 2216 3974 τοὺς
2237 3910 2454 3973 δούλους
2478 3913 2768 3974 κοινωνοὺς
2787 3913 2853 3964 λα
2862 3913 3056 3982 μ6άνει
3078 3915 3176 3982 τῆς
3206 3915 3572 3986 δημιουργίας
3591 3909 3662 4005 ;J

2086 4023 2090 4026 ·
2165 3999 2229 4070 β’.
2251 4000 2364 4053 Οὐκ
2385 3999 2498 4051 ἔστι
2516 3999 2707 4064 ταῦτα,
2726 4003 2825 4053 οὐκ
2845 4003 2980 4053 ἔστι·
3007 4003 3256 4069 ἀγγέλων
3278 4003 3387 4073 γὰρ
3402 4004 3462 4055 τὸ
3481 3999 3679 4076 παρεῖ-

2093 4088 2269 4151 τάναι,
2298 4087 2357 4138 οὐ
2382 4087 2442 4139 τὸ
2456 4086 2806 4158 δημιουργεῖν
2823 4105 2836 4116 ·
2858 4089 3213 4159 ἀρχαγγέλων
3243 4090 3302 4141 τὸ
3321 4089 3675 4161 λειτουργεῖν,

2090 4175 2210 4245 οὐχὶ
2232 4175 2290 4226 τὺ
2311 4174 2536 4246 γνώμης
2555 4179 2835 4230 κοινωνεῖν
2862 4179 2956 4228 καὶ
2974 4177 3190 4247 βουλῆς.
3213 4179 3482 4232 Ἀκουσον
3499 4179 3550 4230 τί
3573 4196 3677 4250 φη-

2093 4280 2176 4316 σιν
2211 4263 2438 4328 Ἡσαΐας
2459 4264 2587 4332 περὶ
2611 4264 2721 4316 τῶν
2744 4266 2809 4316 Σε
2820 4265 3000 4336 ραερὶμ
3018 4265 3323 4336 δυνάμεων,
3350 4267 3457 4320 τῶν
3474 4267 3677 4320 ἀνωτέ-

2092 4365 2171 4419 ρω
2190 4349 2298 4402 τῶν
2332 4349 2686 4419 ἀρχαγγέλων
2711 4367 2724 4380 ·
2751 4347 2934 4404 Εἶδον
2953 4351 3060 4404 τὸν
3094 4353 3317 4426 Κύριον
3337 4342 3675 4422 καθήμενον

2090 4435 2186 4488 ἐπὶ
2222 4437 2438 4502 θρόνου
2466 4436 2712 4503 ὑψηλοῦ
2745 4438 2841 4490 καὶ
2870 4439 3231 4507 ἐπηρμένου,
3263 4439 3362 4493 καὶ
3395 4442 3468 4495 τὰ
3494 4444 3676 4510 Σερα-

2090 4522 2198 4590 φὶμ
2215 4521 2724 4588 παρειστήκεισαν
2745 4527 2951 4591 κύκλῳ
2968 4527 3154 4580 αὑτοῦ
3172 4544 3184 4558 ο
3198 4527 3266 4590 ἒξ
3283 4528 3573 4596 πτέρυγες
3596 4529 3674 4593 τῷ

2089 4608 2200 4670 ἑνί,
2237 4607 2334 4660 καὶ
2371 4607 2440 4671 ἐξ
2486 4609 2774 4676 πτέρυγες
2810 4611 2890 4676 τῷ
2920 4612 3014 4664 ἐνί
3041 4629 3053 4640 ·
3087 4613 3185 4665 καὶ
3225 4614 3354 4678 ταῖς
3379 4613 3497 4681 μὲν
3527 4614 3671 4668 δυσὶ

2090 4695 2336 4761 πτέρυξι
2363 4695 2821 4750 κατεκάλυπτον
2846 4699 2917 4751 τὰ
2942 4700 3236 4767 πρόσωπα
3255 4699 3504 4764 ἑαυτῶν,
3536 4702 3671 4754 ἀπο-

2088 4784 2419 4852 τειχίζουσαι
2463 4782 2704 4853 δηλονότι
2742 4783 2842 4845 τὰς
2884 4784 3056 4852 ὄψεις,
3085 4785 3176 4838 διὰ
3219 4787 3278 4838 τὸ
3311 4785 3386 4856 μὴ
3410 4785 3669 4843 δύνασθαι

2089 4871 2185 4940 τὴν
2207 4871 2271 4922 ἐκ
2296 4870 2388 4922 τοῦ
2424 4870 2612 4941 θρόνου
2647 4872 2954 4940 φερομένην
2977 4873 3270 4943 ἀστραπὴν.
3287 4873 3665 4938 ὑποδέξασθαι.

2090 4960 2155 5010 Τί
2189 4958 2402 5025 λέγεις;
2455 4959 2534 5012 Τά
2571 4959 2670 5028 μὲν
2708 4960 2960 5030 Σεραφὶμ
3009 4963 3389 5033 παρεστήκασι
3413 5003 3428 5029 ,
3464 4964 3559 5018 καὶ
3608 4965 3667 5017 ἐν

2091 5044 2328 5115 θαύματι
2349 5045 2587 5115 τοσούτῳ
2604 5045 2713 5099 εἰσὶ
2734 5048 2826 5100 καὶ
2849 5046 3128 5118 ἐκπλήξει,
3153 5050 3441 5104 καὶταῦτα
3464 5067 3667 5119 συγκα-

2088 5135 2316 5189 τάδασιν
2344 5135 2478 5188 Θεοῦ
2509 5135 2774 5205 βλέποντα
2793 5151 2806 5164 '
2842 5137 3062 5206 ἄγγελοι
3093 5140 3148 5192 δὲ
3176 5140 3269 5193 καὶ
3299 5141 3525 5211 γνώμης
3553 5157 3666 5193 κοι-

2088 5224 2346 5278 νωνοῦσιν
2374 5225 2552 5296 αὐτῷ,
2578 5225 2672 5278 καὶ
2715 5225 2957 5294 σκέψεως
2999 5229 3352 5298 μετέχουσιν;
3398 5229 3537 5281 ’Δλλ’
3565 5229 3664 5282 οὐκ

2090 5314 2155 5366 ἂν
2179 5315 2288 5384 έχοι
2317 5314 2492 5382 λόγον.
2526 5313 2707 5374 ¹Ἀλλά
2733 5315 2816 5377 τίς
2843 5317 2956 5369 ἐστι
2991 5315 3126 5386 πρὸς
3158 5317 3215 5369 ὃν
3229 5317 3663 5388 φησι,Ποιήσω-

2152 5481 2960 5552 *Βεε-ῦαεως,τοῦξι6σμουι...
3037 5546 3047 5552 .
3159 5542 3169 5552 .
3247 5540 3282 5552 ..
3612 5543 3621 5552 -

2146 5547 2176 5586 b
2203 5540 2627 5608 Ροέιάρχάγγελον
2670 5540 2774 5608 ὴεεὲ
2809 5541 3115 5608 Aadjiciuplur
3156 5542 3206 5608 ἱῃ
3247 5540 3369 5608 Reg.
3413 5545 3468 5608 ει
3511 5540 3656 5608 Sa_vil_.

2088 5611 2204 5674 εἷπε.
2229 5602 2594 5674 Ποῖονξγγελον
2605 5643 2616 5664 ,
2639 5605 2774 5674 ποῖον
2799 5602 3113 5674 ἀρχάγγελοη
3134 5603 3200 5674 ρύ
3223 5603 3312 5674 γάρ
3325 5602 3547 5674 ἀγγέλων
3563 5605 3663 5652 ἐστὶ

2086 5673 2141 5720 τὸ
2161 5665 2476 5732 δημιουργεῖν,
2496 5669 2606 5717 οὐδὲ
2630 5665 2949 5730 ἀρχαγγέλων.
2979 5668 3097 5726 Qua:
3117 5665 3298 5714 desunt
3322 5665 3372 5714 in
3398 5665 3568 5715 Morel.
