4146 6260
492 373 966 445 μενᾶνθρωπον;
986 377 1048 432 '0
1075 379 1381 447 θαυμαστὸς
1413 380 1734 449 σύμϐουλος,
1764 386 1793 436 6
1823 384 2067 450 ἐξουσια-

505 460 656 530 στῆς,
683 463 712 512 ὁ
733 460 862 523 Θεὸς
885 463 913 514 6
943 461 1176 530 ἰσχυρὸς,
1199 463 1228 514 ὁ
1252 462 1433 532 ἄρχων
1449 464 1548 532 τῆς
1567 465 1811 534 εἰρήνης,
1839 469 1867 518 6
1888 467 2070 538 πατὴρ

501 540 596 592 τοῦ
629 541 910 611 μέλλοντος
949 542 1170 606 αἰῶνος,
1211 543 1369 606 αὐτὸς
1406 545 1434 596 6
1463 547 1758 615 μονογενής
1793 545 1888 598 τοῦ
1932 547 2066 602 Θεοῦ

501 619 649 684 Υῑός.
671 623 814 692 Πρὸς
833 624 1036 675 ἐκεῖνον
1059 621 1417 691 τοίνυνλέγει,
1443 624 1797 694 Ποιήσωμεν
1846 627 2067 695 ἄνθρω-

501 714 621 756 πον
665 705 792 755 κατ’
823 705 1026 756 εἰκόνα
1079 703 1176 756 καὶ
1223 707 1349 758 καθ’
1406 705 1692 774 ὁμοίωσιν
1752 707 2064 776 ἡμετέραν.

493 783 635 836 Ὁύδέ
663 783 769 854 7&9
792 780 910 836 εἶπε
939 783 1036 854 τὴν
1065 785 1201 856 ἐμήν
1226 787 1320 838 καὶ
1340 786 1438 856 τήν
1471 787 1590 856 σὴν,
1630 787 1663 856 ἢ
1688 788 1794 860 τὴν
1819 790 1957 860 ἐμήν
1973 790 2067 843 καὶ

497 863 595 933 τήν
630 863 800 932 ὑμῶν,
829 865 981 930 ἀλλὰ,
1018 869 1156 922 Κατ’
1180 870 1386 922 εἰκόνα
1415 869 1707 937 ἡμετέραν
1733 883 1781 935 α,
1821 871 1948 940 μίαν
1969 871 2066 941 δη-

493 943 602 998 -λῶν
631 946 730 1017 τὴν
763 947 946 1000 εἰκόνα
974 949 1068 1001 καί
1099 949 1229 1018 μίαν
1262 951 1360 1019 τὴν
1411 951 1697 1020 ὁμοίωσιν·
1725 952 1859 1005 Θεοῦ
1888 953 1945 1006 δέ
1973 954 2065 1008 καὶ

494 1027 738 1092 ἀγγέλων
781 1029 882 1081 οὐκ
935 1030 1081 1084 ἐστιν
1111 1031 1274 1085 εἰκὼν
1309 1033 1429 1101 μία,
1485 1033 1606 1086 οὐδέ
1657 1036 1912 1104 ὁμοίωσις
1944 1037 2060 1106 μία.

493 1109 618 1172 Πῶς
646 1109 752 1179 7&9
799 1112 864 1166 ἂν
895 1113 977 1182 εἰη
1013 1114 1107 1166 τοῦ
1145 1116 1420 1168 Δεσπότου
1475 1117 1566 1169 καὶ
1595 1118 1701 1171 τῶν
1739 1119 2064 1190 λειτουργῶν

493 1190 654 1244 εἰκὼν
685 1194 783 1261 μία
815 1195 908 1248 καὶ
939 1195 1228 1264 ὁμοίωσις;
1267 1197 1428 1250 Ὥστε
1457 1199 1718 1253 πάντοθεν
1757 1202 1884 1269 ὑμῖν
1911 1203 1939 1254 6
1975 1203 2060 1256 λό-

493 1289 586 1340 γος
609 1276 929 1346 ἐλήλεγκται
951 1294 965 1307 ·
995 1280 1090 1332 καὶ
1119 1280 1226 1349 γὰρ
1265 1281 1440 1350 ἀρχῆς
1464 1283 1648 1336 εἰκόνα
1675 1284 1940 1354 ἐδήλωσεν
1969 1287 2058 1340 ἐν·

489 1355 685 1422 ταῦθα,
711 1359 892 1422 καθὼς
913 1362 1005 1414 καὶ
1029 1361 1088 1414 τὸ
1124 1362 1252 1432 ἑξῆς
1281 1364 1448 1433 δηλοῖ.
1480 1365 1664 1420 Εἰπὼν
1678 1367 1786 1438 γὰρ
1809 1368 1948 1423 Κατ’
1977 1371 2076 1422 εἰ·-

489 1439 640 1492 κόνα
663 1440 758 1494 καὶ
790 1444 917 1496 καθ’
940 1444 1244 1512 ὁμοίωσιν,
1275 1447 1542 1516 ἐπήγαγε,
1575 1449 1682 1502 Καὶ
1713 1449 2061 1516 ἁρχέτωσαν

488 1519 607 1572 ⁴τῶν
637 1523 854 1590 ἰχθύων
880 1523 990 1591 τῆς
1023 1525 1366 1593 θαλάσσης·
1403 1530 1544 1600 ἀρχὴ
1576 1530 1633 1582 δὲ
1675 1530 1808 1583 Θεοῦ
1843 1533 1935 1584 καὶ
1957 1533 2058 1600 ἀγ-

489 1601 664 1670 γέλων
711 1605 810 1656 οὐκ
859 1605 924 1657 ἂν
957 1605 1042 1676 εἴη
1083 1608 1200 1676 μία.
1245 1610 1368 1672 Πῶς
1395 1611 1540 1681 γὰρ,
1574 1612 1682 1664 τῶν
1715 1612 1915 1667 δούλων
1963 1615 2056 1667 καὶ

488 1683 581 1734 τοῦ
611 1686 909 1750 Δεσπότου,
945 1687 1052 1740 τῶν
1097 1689 1425 1760 λειτουργῶν
1454 1693 1546 1744 καὶ
1584 1694 1678 1745 τοῦ
1711 1695 2050 1760 κελεύοντος;

501 1764 659 1818 Ἀλλὰ
683 1768 776 1820 καὶ
804 1769 977 1838 ἕτεροι
1011 1771 1171 1824 πάλιν
1205 1775 1335 1842 ἡμῖν
1359 1775 1681 1841 ἐπιφύονται
1708 1795 1851 1840 τινες
1875 1779 2054 1846 λέγον-

486 1863 596 1912 τες,
627 1850 706 1902 ὅτι
735 1852 916 1904 εἰκόνα
944 1853 972 1904 6
1000 1852 1130 1916 Θεὸς
1152 1855 1265 1924 ἔχει
1298 1857 1572 1926 τοιαύτην,
1607 1859 1722 1912 οἵαν
1748 1862 1841 1913 καὶ
1871 1864 2050 1934 ήμείς,

485 1931 668 1994 κακῶς
706 1933 948 1997 νοοῦντες
981 1935 1042 1988 τὸ
1078 1939 1397 2008 εἰρημένον.
1437 1943 1512 1993 Οὐ
1546 1941 1652 2011 7&9
1689 1943 1874 2007 οὐσίας
1892 1931 2053 1999 ἐἶπεν

483 2014 683 2078 εἰκόνα,
715 2015 849 2069 ἀλλὰ
881 2017 1053 2088 ἀρχῆς
1071 2020 1273 2086 εἰκόνα,
1301 2021 1482 2086 καθὼς
1515 2024 1826 2094 δηλώσομεν
1859 2029 1922 2079 ἐκ
1945 2029 2052 2082 τῶν

482 2097 607 2169 ἑξῆς
631 2101 1005 2172 ἐπαγομένων.
1035 2107 1154 2158 ’Ότι
1182 2108 1288 2178 γὰρ
1313 2110 1412 2162 οὐκ
1440 2109 1554 2162 ἔστι
1587 2111 1647 2162 τὸ
1671 2112 1824 2165 Θεῖον
1844 2113 2051 2184 ἀνθρω-

481 2182 780 2264 πόμορφον,
807 2185 1037 2240 ἄκουσον
1062 2188 1155 2241 τοῦ
1181 2191 1390 2243 Παύλου
1418 2192 1668 2259 λέγοντος
1687 2210 1700 2223 ⁸
1741 2195 1919 2262 Ἀνὴρ
1935 2182 2052 2264 μὲν

477 2263 588 2332 γὰρ
621 2269 732 2320 οὐκ
779 2270 1004 2338 ὀφείλει
1057 2275 1620 2329 κατακαλύπτεσθαι
1661 2277 1711 2340 ι),
1745 2279 1920 2330 εἰκὼν
1939 2263 2049 2334 καὶ

475 2349 625 2412 δόξα
658 2354 804 2407 Θεοῦ
837 2355 1125 2424 ὑπάρχων
1143 2374 1156 2385 ·
1192 2359 1345 2427 γυνὴ
1376 2359 1444 2412 δὲ
1475 2360 1624 2426 δόξα
1647 2364 1864 2430 ἀνδρός
1889 2367 2043 2418 ἐστι’

475 2432 567 2486 δ’ιό
589 2435 834 2502 ὀφείλει,
858 2439 1009 2507 φησὶ,
1033 2438 1310 2508 κᾱλυμμα
1329 2441 1491 2510 ἔχειν
1510 2443 1608 2495 ἐπὶ
1627 2442 1738 2510 τῆς
1754 2446 2043 2514 κεφαλῆς.

478 2513 627 2586 [654]
660 2519 768 2570 Kal
809 2520 913 2589 μὴν
941 2521 988 2572 εἰ
1017 2521 1199 2574 εἰκόνα
1231 2523 1464 2577 ἐνταῦθα
1480 2523 1636 2578 τοῦτο
1663 2523 1805 2593 εἷπε,
1827 2513 1887 2580 τὸ
1906 2529 2047 2581 ἀπα-

476 2597 774 2667 ράλλακτον
794 2601 892 2669 τῆς
925 2603 1138 2673 μορφῆς
1166 2603 1266 2673 τῆς
1297 2605 1432 2676 πρὸς
1453 2607 1542 2659 τὸν
1571 2608 1703 2661 Θεὸν
1727 2609 1922 2679 δηλῶν,
1953 2612 2045 2664 καὶ

473 2681 562 2734 διὰ
588 2683 743 2736 τοῦτο
775 2683 938 2738 εἰκὼν
973 2686 1255 2757 ἄνθρωπος
1287 2687 1424 2740 Θεοῦ
1455 2690 1715 2757 καλεῖται,
1742 2693 1823 2745 ὄτι
1851 2695 1880 2746 6
1915 2694 2044 2758 Θεὸς

474 2765 616 2817 οὕτω
640 2767 1062 2822 διατετύπωται·
1089 2769 1284 2823 οὐκοῦν
1315 2773 1441 2825 κατ’
1469 2774 1710 2838 ἐκείνους
1750 2778 1848 2828 οὐκ
1878 2779 2042 2848 ἐχρῆν

477 2849 634 2918 μόνον
664 2851 754 2903 τὸν
778 2852 945 2922 ἄνδρα
975 2853 1157 2906 εἰκόνα
1205 2853 1476 2922 λέγεσθαι,
1521 2856 1658 2910 ἀλλὰ
1682 2859 1776 2911 καὶ
1799 2859 1896 2930 τήν
1935 2877 2036 2928 γυ-

473 2935 653 2987 ναῖκα.
687 2935 946 2998 Γυναικὸς
978 2936 1088 3006 7&9
1128 2938 1221 2988 καὶ
1259 2938 1451 3006 ἀνδρὸς
1483 2934 1562 3002 εἷς
1607 2943 1634 2993 6
1671 2941 1839 3005 τύπος
1882 2944 1976 2995 καὶ
2007 2943 2038 2994 6

470 3018 788 3087 χαρακτὴρ,
820 3019 913 3070 καὶ
954 3020 986 3086 ἡ
1021 3019 1278 3088 ὁμοίωσις
1315 3021 1429 3089 μία.
1463 3022 1616 3084 Τίνος
1659 3019 1750 3077 οὖν
1795 3025 1978 3080 ἕνεκεν
2008 3029 2036 3079 6

467 3099 606 3169 ἀνὴρ
636 3099 796 3152 εἰκὼν
825 3099 914 3152 τοῦ
945 3100 1080 3153 Θεοῦ
1113 3101 1346 3170 λέγεται,
1376 3105 1408 3172 ή
1437 3103 1572 3174 γυνὴ
1599 3105 1655 3156 δὲ
1675 3106 1890 3171 οὐκέτι;
1917 3109 2038 3162 Ὅτι

466 3183 527 3235 οὐ
551 3183 648 3253 τὴν
675 3185 855 3238 εἰκόνα
875 3185 972 3254 τὴν
1000 3185 1058 3239 ἐν
1086 3188 1149 3256 τῇ
1179 3190 1357 3257 μορφῇ
1389 3187 1554 3255 λέγει,
1577 3189 1714 3242 ἀλλὰ
1733 3191 1831 3262 τὴν
1853 3193 2036 3246 εἰκόνα

467 3266 564 3334 τὴν
593 3265 734 3318 κατὰ
763 3268 862 3337 τὴν
890 3268 1062 3337 ἀρχὴν
1081 3309 1094 3332 ,
1123 3271 1186 3337 ἢν
1211 3269 1239 3320 6
1287 3269 1423 3340 ἀνὴρ
1461 3270 1572 3339 ἔχει
1629 3272 1820 3340 μόνος,
1856 3275 2036 3327 οὐκέτι

467 3347 522 3399 δὲ
561 3349 652 3401 καὶ
681 3350 716 3420 ἡ
757 3351 914 3420 γυνή.
955 3346 1120 3413 Οὗτος
1163 3351 1259 3420 μὲν
1283 3351 1392 3422 γὰρ
1427 3353 1600 3406 οὐδενὶ
1640 3356 2034 3410 ὑποτέτακται·

467 3432 648 3500 ἐκείνη
681 3433 738 3484 δὲ
775 3433 878 3486 ὑπὸ
924 3431 1108 3488 τοῦτον
1148 3434 1336 3502 γέγονε
1359 3475 1372 3498 ,
1415 3435 1595 3499 καθὼς
1625 3439 1654 3489 6
1703 3438 1840 3500 Θεὸς
1875 3456 2030 3508 φησι·

465 3513 622 3578 Πρὸς
655 3513 761 3566 τόν
782 3513 968 3581 ἄνδρα
989 3509 1164 3581 σουή
1187 3517 1537 3585 ἀποστροφή
1570 3533 1707 3584 σου,
1731 3520 1828 3572 καὶ
1853 3523 2035 3587 αὐτός

465 3609 580 3648 σου
612 3598 931 3665 κυριεύσει.
991 3598 1090 3651 Διὰ
1121 3598 1278 3651 τοῦτο
1323 3601 1352 3652 6
1403 3600 1501 3669 μὲν
1543 3602 1682 3672 ἀνὴρ
1730 3602 1893 3656 εἰκὼν
1936 3603 2031 3656 τοῦ

464 3677 628 3738 Θεοῦ,
664 3679 847 3750 ἐπειδὴ
881 3680 1068 3734 οὐδένα
1113 3681 1222 3750 ἔχει
1268 3681 1570 3753 ἀνώτερον,
1620 3683 1870 3755 καθάπερ
1913 3687 2032 3740 οὐδὲ

461 3761 556 3815 τοῦ
583 3761 715 3814 Θεοῦ
751 3761 1020 3833 ἀνώτερός
1049 3763 1127 3827 τίς
1159 3766 1326 3827 ἐστιν,
1362 3766 1500 3820 ἀλλὰ
1539 3767 1753 3821 πάντων
1776 3769 1959 3840 ἄρχει·
1995 3773 2027 3840 ἡ

461 3845 596 3918 γυνὴ
624 3844 680 3898 δὲ
711 3844 836 3910 δόξα
868 3845 961 3899 τοῦ
1000 3845 1210 3916 ἀνδρὸς,
1249 3849 1432 3920 ἐπειδὴ
1460 3849 1538 3920 τῷ
1575 3850 1728 3920 ἀνδρὶ
1767 3852 2029 3906 ὑποτέτα-

461 3945 606 3982 κται.
659 3928 766 3981 Καὶ
823 3928 982 3984 πάλιν
1016 3929 1244 3998 ἀλλαχοῦ
1299 3948 1491 4000 φησιν’
1547 3935 1666 3987 οὐκ
1711 3935 2030 4004 ὀφείλομεν

461 4009 683 4078 χρυσῷ,
733 4010 772 4077 ἢ
812 4011 1045 4078 ἀργύρῳ
1066 4053 1081 4076 ,
1116 4012 1154 4080 ἢ
1180 4014 1344 4076 λίθῳ,
1371 4013 1408 4082 ’ἣ
1433 4015 1760 4084 χαράγματι
1791 4018 2025 4084 τέχνης,

459 4091 496 4160 ἢ
519 4093 899 4160 ἐνθυμήσεως
925 4093 1237 4161 ἀνθρώπου
1281 4095 1538 4162 νομίζειν
1571 4099 1633 4148 τὸ
1666 4098 1835 4151 Θεῖον
1874 4095 2027 4155 εἶναι

457 4172 685 4242 ὅμοιον.
723 4175 786 4226 Ὃ
824 4174 880 4226 δὲ
922 4173 1097 4240 λέγει,
1138 4173 1375 4227 τοιοῦτόν
1404 4177 1583 4229 ἐστιν·
1612 4176 1682 4230 Οὐ
1709 4179 1864 4247 μόνον
1902 4183 2027 4244 τοὺς

455 4255 765 4325 ὁρωμένους
805 4253 1004 4316 τύπους
1049 4256 1314 4326 ἐκϐέϐηκε
1339 4268 1387 4320 ε,
1423 4259 1574 4328 φησὶ,
1613 4259 1674 4312 τὸ
1705 4259 1876 4325 Θεῖον,
1909 4263 2024 4316 ἀλλ’

456 4336 576 4388 οὐδέ
597 4336 802 4390 διάνοια
817 4335 1151 4390 διατυπῶσαι
1175 4337 1234 4389 τὸ
1255 4339 1490 4392 τοιοῦτον
1513 4339 1712 4395 δύναιτ’
1731 4342 1816 4408 ἂν,
1844 4345 2022 4410 ὁποῖός

456 4421 604 4473 ἐστιν
632 4423 660 4473 6
683 4421 835 4484 Θεός.
869 4421 994 4485 Πῶς
1027 4419 1120 4476 οῦν
1147 4423 1437 4493 ἀνθρώπου
1467 4426 1596 4490 Θεὸς
1628 4430 1839 4501 μορφὴν
1879 4432 2022 4502 ἔχειν

454 4503 655 4558 δύναιτ’
683 4503 770 4568 ἂν,
797 4504 958 4557 ὁπότε
987 4507 1014 4557 ὁ
1045 4505 1253 4568 Παῦλος
1283 4507 1414 4576 μηδὲ
1440 4509 1675 4564 διάνοιαν
1703 4509 1839 4566 εἰναι
1859 4515 2022 4584 μηδε-

456 4586 582 4660 μίαν
615 4585 712 4657 τὴν
757 4587 1056 4658 δυναμένην
1090 4587 1336 4642 τυπῶσαι
1371 4593 1498 4661 παρ’
1542 4592 1706 4664 ἑαυτῇ
1745 4594 1894 4663 λέγει
1925 4596 2018 4649 τοῦ

453 4667 588 4722 Θεοῦ
614 4671 713 4738 τὴν
737 4670 958 4735 οὐσίαν;
988 4671 1099 4739 Τὴν
1128 4673 1234 4740 γὰρ
1261 4673 1536 4742 ἡμετέραν
1568 4675 1776 4745 μορφήν
1812 4679 1904 4729 καὶ
1929 4679 2020 4731 τὸν

449 4752 620 4806 τύπον
647 4752 884 4816 ἅπαντες
920 4753 1116 4823 ῥᾳδίως
1161 4754 1289 4823 παρ’
1321 4756 1532 4818 ἑαυτοῖς
1567 4756 2019 4831 ἁνατυπώσαιμεν

449 4835 515 4889 ἂν
539 4837 676 4889 κατά
703 4839 827 4898 τοὺς
853 4836 1165 4906 λογισμούς.
1201 4838 1369 4890 Πάλιν
1401 4840 1526 4902 τοὺς
1558 4841 1686 4911 περὶ
1723 4841 2018 4914 ἐλεημοσύ-

449 4935 545 4987 νης
573 4921 870 4986 ἐπαγαγεῖν
896 4920 1084 4988 λόγους
1109 4921 1202 4974 καὶ
1233 4921 1328 4974 νῦν
1357 4922 1671 4994 ἐϐουλόμην,
1699 4925 1811 4978 ἀλλ’
1843 4929 1870 4980 6
1895 4945 2016 4982 και-

451 5000 544 5070 ρὸς
571 5001 716 5069 ἡμᾶς
739 5002 838 5054 οὐκ
873 5001 1066 5070 ἀφίησι
1086 5019 1100 5033 ο
1131 5003 1211 5056 διὸ
1244 5004 1380 5076 πρὸς
1405 5006 1562 5078 σιγὴν
1592 5007 1878 5078 τρέψωμεν
1907 5010 2016 5064 λοι-

443 5081 548 5134 ’πὸν
609 5083 857 5148 ἑαυτοὺς,
911 5086 1085 5138 ἐκεῖνο
1137 5090 1624 5158 παρεγγυήσαντες
1661 5091 1818 5161 ὑμῖν,
1878 5095 2016 5163 μετὰ

447 5165 731 5235 ἀκριϐείας
761 5165 973 5220 ἅπαντα
1004 5168 1252 5237 κατέχειν
1274 5171 1342 5224 τὰ
1373 5173 1654 5242 εἰρημένα,
1697 5174 1791 5227 καὶ
1817 5175 2013 5248 πολλὴν

445 5247 546 5318 τῆς
572 5248 737 5320 ὀρθῆς
769 5249 1040 5315 πολιτείας
1073 5253 1338 5307 ποιεῖσθαι
1366 5255 1469 5324 ’τὴν
1505 5255 1760 5326 πρόνοιαν
1781 5299 1794 5325 ,
1829 5259 1914 5314 ἵνα
1937 5247 2012 5332 μὴ

497 5495 535 5556 3
557 5495 646 5542 Hic
667 5498 886 5556 quaedam
909 5499 1117 5549 deerant
1145 5503 1192 5549 in
1219 5501 1390 5551 Morel.

506 5554 534 5626 ξ
559 5554 695 5626 ﬁeg.‘
699 5559 1140 5626 κατακαλύπτεσθαι
1163 5565 1248 5622 τήν
1266 5565 1488 5626 κεφαλήν.

507 5616 532 5645 ε
555 5615 676 5678 Reg.
691 5619 966 5677 ἀναϐέϐηκε.

1132 269 1193 328 s.
1231 268 1514 329 30mm
1549 269 2043 330 cunsosrom
2077 275 2402 337 ARCHIEP.
2441 245 2986 348 consummat).

2177 389 2360 461 μάτην
2390 396 2482 448 καὶ
2506 398 2624 468 εἰκῆ
2659 400 2890 454 ἐνταῦθα
2921 401 3322 473 συλλεγώμεθα.
3355 407 3476 462 Κᾶν
3503 409 3618 482 γὰρ
3643 415 3736 468 6o-

2171 481 2396 548 γμάτων
2413 484 2680 556 ὀρθότητα
2705 489 3065 562 διατηρῶμεν,
3082 495 3182 563 τῆς
3198 497 3308 550 τῶν
3335 499 3512 570 ἔργων
3538 481 3733 574 ἀρετῆς

2172 570 2248 640 μή
2302 574 2630 646 προσούσης,
2684 579 2900 644 πάντως
2949 584 3332 655 ὲκπεσούμεθα
3363 593 3463 662 τῆς
3515 570 3732 650 αἰωνίου

2169 661 2334 731 ζωῆς.
2371 667 2452 718 οὐ
2481 667 2596 732 πᾶς
2617 670 2744 740 γὰρ,
2767 673 2951 742 φησιν,
2987 676 3020 728 δ
3045 679 3237 745 λέγων
3256 699 3378 748 μοι,
3398 661 3594 752 Κύριε,
3625 692 3734 744 Κύ-

2159 767 2272 818 ριε,
2299 755 2705 814 εἰσελεύσεται
2723 763 2810 826 εἰς
2827 767 2942 830 τὴν
2953 766 3282 827 ,βασιλείαν
3299 771 3420 826 τῶν
3439 777 3731 847 οὐρανῶν,

2165 840 2303 895 ἀλλ’
2332 846 2366 896 ό
2393 845 2578 900 ποιῶν
2615 849 2681 900 τὸ
2709 849 2936 920 θέλημα
2975 857 3080 910 τοῦ
3125 861 3352 926 Πατρός
3375 880 3496 931 μου
3523 868 3628 922 τοῦ

2164 932 2288 998 τοῖς
2307 935 2601 1002 οὐρανοῖς.
2625 939 2873 1011 Ποιῶμεν
2901 939 2992 998 οὖν
3015 946 3076 998 τὸ
3099 946 3306 1020 θέλημα
3325 953 3418 1006 τοῦ
3440 955 3574 1010 Θεοῦ
3594 961 3732 1030 μετὰ

2165 1025 2402 1094 σπουδῆς
2440 1029 2658 1099 ἀπάσης
2699 1035 2791 1086 καὶ
2831 1036 3155 1107 προθυμίας,
3185 1041 3275 1094 ἵνα
3304 1025 3622 1117 δυνηθῶμεν
3649 1052 3728 1116 εἰς

2161 1117 2288 1180 τοὺς
2317 1118 2578 1189 οὐρανοὺς
2609 1125 2890 1194 εἰσελθεῖν,
2927 1130 3019 1182 καὶ
3055 1132 3162 1187 τῶν
3191 1133 3568 1206 ἀποκειμένων
3593 1141 3729 1208 ἀγα-

2163 1205 2270 1298 θῶν
2315 1212 2422 1274 τοῖς
2473 1213 2724 1281 ἀγαπῶσι
2755 1217 2848 1272 τὸν
2889 1219 3020 1274 Θεὸν
3061 1205 3490 1294 ἐπιτυχεῖνίῶν
3519 1205 3726 1298 γένοιτο

2161 1293 2369 1361 πάντας
2395 1301 2544 1370 ἡμᾶς
2571 1305 2864 1376 ἐπιτυχεῖν,
2893 1311 3074 1381 χάριτι
3108 1314 3202 1367 καὶ
3223 1293 3600 1392 φιλανθρωπίᾳ
3630 1323 3722 1377 τοῦ

2159 1386 2364 1474 Κυρίου
2409 1391 2564 1460 ήμῶν
2615 1395 2789 1465 Ἰησοῦ
2831 1395 3089 1469 Χριστοῦ,
3137 1405 3256 1473 μεθ’
3289 1401 3350 1460 οὗ
3513 1386 3720 1484 Πατρὶ,

2159 1471 2278 1544 ἅμα
2305 1477 2382 1548 τῷ
2409 1480 2550 1550 ἁγίῳ
2580 1483 2854 1555 Πνεύματι
2881 1489 3026 1556 δόξα,
3068 1471 3287 1562 κράτος,
3319 1471 3474 1567 τιμή,
3509 1500 3602 1554 νῦν

2158 1567 2264 1633 ἀεὶ,
2299 1571 2394 1625 καὶ
2417 1577 2496 1639 εἰς
2524 1579 2647 1640 τοὺς
2666 1579 2868 1643 αἰῶνας
2887 1583 2994 1638 τῶν
3021 1585 3252 1643 αἰώνων.
3283 1591 3476 1663 Ἀμήν.

2688 1699 2834 1772 [655]
2861 1703 3080 1758 ΛΟΓΟΣ
3109 1707 3185 1764 ιν.

2157 1795 2393 1887 ἐστι
2415 1799 2518 1887 τό,
2541 1803 2676 1887 μεθ’
2715 1808 3132 1887 ὁμοίωσινηκαί
3166 1817 3327 1887 τινος
3347 1817 3578 1887 Eram,
3605 1823 3718 1878 ’τοῦ

2227 1867 2373 1957 Θεοῦ
2421 1872 2697 1957 εἰπόντος
2747 1867 3108 1957 τῶν-..θηρίων
3605 1867 3718 1947 06;

2222 1931 2502 2004 ἄρχομεν,
2521 1941 2618 1994 καί
2647 1931 2734 1996 ἔτι
2766 1931 3126 2018 κηδεμῖνίας
3152 1931 3326 2010 ἶὸῦῗο

2221 2054 2291 2100 α’.
2331 2049 2540 2123 Ὥσπερ
2553 2052 2660 2106 τῶν
2677 2057 3006 2128 σπειρόντων
3027 2061 3214 2131 ὄφελος
3225 2067 3402 2130 οὐδὲν,
3421 2069 3548 2124 ὅταν
3565 2073 3716 2145 παρὰ

2149 2139 2246 2209 τήν
2254 2139 2368 2194 ὁδὸν
2377 2143 2445 2196 τὰ
2459 2146 2744 2215 σπέρματα
2759 2148 3033 2221 ρίπτηταιο
3048 2153 3220 2218 οὕτως
3229 2157 3348 2210 οὐδέ
3362 2160 3455 2212 τοῦ
3469 2139 3713 2230 λέγοντος

2152 2225 2304 2280 ἔσται
2327 2246 2380 2282 τι
2414 2231 2595 2298 πλέον,
2619 2236 2745 2289 ὅταν
2767 2237 2841 2308 μὴ
2865 2241 3001 2309 πρὸς
3027 2242 3126 2313 τὴν
3141 2245 3248 2298 τῶν
3272 2225 3576 2306 ἀκουόντων
3595 2225 3711 2307 διάζ

2149 2333 2294 2371 νοιαν
2313 2321 2341 2372 ὁ
2363 2320 2518 2388 λόγος
2556 2325 2810 2396 φέρηται,
2847 2329 2961 2381 ἀλλ’
2989 2331 3174 2396 ἁπλῶς
3199 2337 3280 2398 εἰς
3309 2337 3402 2390 τὸν
3441 2340 3581 2412 ἀέρα
3605 2343 3716 2396 δια-

2148 2407 2370 2476 χυθεῖσα
2391 2413 2492 2481 τῆς
2508 2417 2692 2484 φωνῆς
2711 2419 2745 2485 ὴ
2761 2418 2947 2489 ἀπήχη
2955 2437 3036 2485 σις
3055 2423 3310 2494 ἀνόνητον
3327 2407 3710 2504 καταλινμπάνῃ

2146 2498 2237 2550 τὸν
2261 2498 2288 2538 ἀ
2325 2501 2616 2575 ἀκροατήν.
2649 2507 2832 2562 Ταῦτα
2877 2511 2932 2563 δὲ
2975 2513 3103 2583 ὑμῖν
3149 2517 3245 2588 οὐχ
3285 2519 3469 2584 ἁπλῶς
3491 2498 3708 2594 εἰρηκαῑ

2145 2589 2258 2642 ἀλλ’
2287 2592 2372 2645 ἵνα
2406 2593 2480 2666 μὴ
2509 2595 2644 2668 πρὸς
2687 2599 2756 2652 τὰ
2797 2602 3136 2677 ἁπλούστερα
3175 2610 3282 2662 τῶν
3303 2589 3586 2682 νοημάτων
3601 2589 3708 2687 *ἦτε

2145 2683 2432 2771 κεχηνότεὲ
2470 2685 2649 2754 μόνον,
2679 2689 2813 2744 ἀλλὰ
2845 2694 2937 2746 καὶ
2969 2695 3078 2749 τῶν
3117 2697 3426 2771 βαθυτέρων
3449 2683 3708 2761 κατατολ·

2146 2753 2472 2866 μήσητε.Πὲἒί
2513 2778 2622 2848 7&9
2661 2779 2735 2851 μὴ
2765 2783 2858 2836 νῦν
2887 2753 3262 2859 καταϐαίημεν
3299 2753 3432 2863 πρὸς

2141 2861 2249 2915 τῶν
2277 2864 2529 2934 Γραφῶν,
2557 2869 2684 2922 ὅταν
2719 2871 2894 2942 κοῦφα
2927 2875 3026 2946 μὲν
3053 2879 3188 2948 ἡμῖν
3219 2879 3288 2934 τὰ
3317 2861 3466 2937 κῶλα
3490 2861 3624 2956 πρὸς
3645 2887 3706 2940 τὸ

2095 2987 2102 2992 -
2141 2954 2420 3024 νήχεσθαι,
2453 2958 2704 3032 ὀξύτερον
2721 2962 2778 3015 δὲ
2799 2963 2859 3015 τὸ
2883 2965 3036 3036 δμμα
3069 2969 3248 3024 οὐκέτι
3281 2971 3357 3042 τῷ
3379 2954 3704 3048 πνηρῷτῆς

2139 3045 2348 3114 τρυφῆς
2391 3047 2770 3116 ἐνοχλούμενον
2825 3053 3077 3124 ῥεύματι,
3130 3045 3606 3134 διαρκέστερονίδὲ
3643 3045 3703 3120 τὸ

2138 3133 2374 3204 πνεῦμα,
2401 3135 2541 3189 ὥστε
2565 3139 2639 3209 μὴ
2658 3141 3076 3212 ἀποπνίγεσθαι,
3095 3149 3223 3201 πότε
3240 3133 3661 3226 καταϐησόμεθα
3683 3177 3699 3223 ;

2139 3223 2306 3278 Ὅταν
2337 3229 2515 3300 τρυφὴ
2547 3232 2638 3283 καὶ
2661 3231 2904 3298 ἑστίασις
3015 3240 3108 3292 καὶ
3157 3240 3294 3311 μέθη
3329 3247 3420 3298 καὶ
3442 3223 3704 3316 τράπεζα

2137 3315 2470 3386 ἀδδηφαγίας
2517 3323 2788 3392 γέμουσα;
2860 3327 3017 3382 Ἀλλὰ
3065 3331 3184 3384 τότε
3239 3334 3358 3387 οὐδὲ
3410 3315 3702 3409 κινηθῆναι

2138 3404 2337 3475 ῥᾴδιον,
2361 3405 2502 3461 οὕτω
2528 3411 2590 3462 τὸ
2619 3411 2755 3482 βαρύ
2780 3417 2878 3484 τῆς
2909 3418 3120 3488 τρυφῆς
3159 3423 3379 3492 φορτίον
3403 3404 3577 3489 πιέζει
3599 3404 3701 3498 ἣν

2133 3495 2328 3567 ψυχήν.
2357 3498 2467 3568 Οὐχ
2484 3501 2643 3570 ὁρᾶτε
2673 3505 2754 3557 ὅτι
2787 3507 2881 3559 καὶ
2915 3509 2962 3560 οἱ
2997 3508 3176 3574 λίθους
3224 3514 3531 3580 πολυτελεῖς
3560 3495 3703 3587 εὐρ-ίο

2136 3603 2285 3640 σκειν
2305 3589 2634 3659 βουλόμενοι,
2653 3595 2753 3647 οὐκ
2777 3595 2888 3650 ἄνω
2915 3600 3063 3671 παρὰ
3086 3603 3176 3682 τὸν
3194 3606 3434 3672 αἰγιαλὸν
3459 3610 3699 3682 καθήμε⁶

2132 3696 2212 3732 νοι
2245 3681 2338 3734 καὶ
2367 3680 2434 3734 τὰ
2453 3683 2671 3754 κύματα
2715 3686 3074 3759 ἀριθμοῦντες
3105 3677 3279 3759 οὐτως
3301 3699 3616 3769 εὑρίσκουσι
3638 3703 3699 3756 τὸ

2133 3766 2458 3840 ζητούμενον
2493 3783 2539 3837 θ,
2593 3775 2705 3826 ἀλλ’
2745 3779 2826 3840 εἰς
2867 3779 2997 3833 αὐτὸ
3032 3766 3384 3840 καταδύονται
3423 3789 3483 3841 τὸ
3509 3790 3694 3860 βάθοςο

2131 3859 2303 3912 καίτοι
2343 3862 2508 3926 πολὺς
2547 3867 2646 3932 μὲν
2671 3869 2699 3918 ὁ
2731 3869 2890 3932 πόνος
2919 3873 2978 3924 ἐν
3009 3877 3074 3943 τῇ
3107 3873 3349 3946 ζητήσει,
3385 3859 3553 3946 πολύς
3579 3882 3636 3936 δὲ
3667 3885 3698 3936 6

2129 3948 2370 4013 κίνδυνος
2393 3955 2450 4006 ἐν
2479 3957 2544 4025 τῇ
2578 3957 2811 4026 εὑρέσει,
2849 3962 2943 4013 καὶ
2971 3964 3109 4031 μετά
3131 3965 3226 4036 τὴν
3264 3968 3481 4039 εὓρεσιν
3507 3973 3695 4044 κέρδος

2127 4038 2315 4108 οὐδέν;
2348 4043 2413 4094 Τί
2462 4044 2570 4117 7&9
2615 4047 2681 4100 ἂν
2731 4053 2875 4119 μέγα
2913 4053 3210 4122 εἰσενέγκοι
3247 4038 3445 4122 εἰςτὸν
3467 4038 3584 4130 βίον
3602 4065 3696 4118 τὸν

2127 4132 2393 4203 ήμέτερον
2424 4133 2586 4188 λίθων
2615 4136 2829 4207 εὕρεσις
2855 4143 3194 4212 πολυτελῶν;
3218 4149 3341 4202 Εἴθε
3373 4153 3472 4222 μὲν
3495 4151 3588 4208 οὖν
3617 4158 3692 4227 μὴ

2131 4223 2340 4290 μεγάλα
2362 4227 2621 4296 εἰσήγαγε
2649 4231 2816 4284 κακά.
2853 4233 2926 4286 Τὸ
2957 4235 3066 4308 γὰρ
3093 4239 3398 4310 ἀνατρέπον
3417 4245 3573 4314 ήμῶν

2127 4312 2270 4383 ζωὴν
2299 4317 2390 4368 καὶ
2424 4317 2601 4370 πάντα
2630 4317 2741 4372 ἄνω
2773 4323 2866 4376 καὶ
2901 4325 3051 4378 κάτω
3085 4329 3293 4396 ποιοῦν,
3323 4333 3476 4388 οὐδὲν
3505 4334 3692 4407 ἕτερόν

2125 4404 2357 4476 ἐστιν,ῆ
2401 4408 2432 4476 ἡ
2471 4407 2578 4461 τῶν
2620 4413 2918 4482 χρημάτων
2971 4418 3156 4485 μανία.
3219 4420 3359 4474 Ἀλλ’
3401 4424 3549 4494 ὅμως
3595 4404 3692 4480 καὶ

2121 4492 2297 4566 ψυχὴν
2323 4497 2416 4550 καὶ
2471 4499 2630 4570 σῶμα
2685 4503 2883 4558 ἐκεῖνοι
2918 4509 3198 4578 προΐενται
3249 4513 3349 4583 τῆς
3407 4492 3687 4588 ἐφημέρου

2119 4585 2328 4654 τροφῆς
2357 4585 2674 4654 ἓνεκεν,καὶ
2701 4591 2808 4645 τῶν
2843 4595 3101 4664 κυμάτων
3131 4599 3561 4669 κατατολμῶσιν·
3597 4605 3689 4656 ἐν·

2119 4673 2292 4728 ταῦθα
2321 4676 2379 4729 δὲ
2397 4678 2456 4730 οὐ
2486 4679 2747 4744 κίνδυνος,
2781 4683 2843 4736 οὐ
2875 4685 3034 4748 πόνος
3076 4687 3246 4751 οὕτως
3276 4691 3683 4763 ἐπιτεταμένος,

2119 4760 2233 4812 ἀλλ’
2255 4763 2430 4832 ὀλίγος
2457 4767 2551 4818 καὶ
2579 4769 2799 4836 κοῦφος,
2827 4773 2921 4824 καὶ
2951 4766 3103 4836 οὗτος
3125 4775 3216 4828 διὰ
3242 4776 3340 4847 τὴν
3363 4779 3473 4832 τῶν
3506 4760 3684 4852 ῄεύρι-

2121 4853 2397 4923 σκομένων
2437 4857 2702 4928 φυλακήν.
2749 4860 2826 4914 Τὰ
2866 4863 2972 4932 γὰρ
3003 4865 3120 4933 μετ’
3159 4866 3408 4932 εὐκολίας
3438 4871 3690 4942 εὑρισκό-

2121 4958 2257 5011 μενα
2312 4947 2404 4998 καὶ
2451 4947 2905 5022 εὐκαταφρόνητα
2949 4953 3164 5019 πολλοῖς
3193 4955 3333 5011 εῖναι
3361 4935 3686 5034 δοκεῖ’ὼύκ

2115 5031 2230 5086 ἔστι
2259 5037 2516 5106 κυμάτων
2543 5042 2754 5112 ταραχὴ
2788 5043 2846 5094 ἐν
2891 5044 2968 5113 τῷ
3021 5046 3245 5116 πελάγει
3291 5051 3408 5104 τῶν
3433 5031 3680 5124 Γραφῶν,

2114 5125 2252 5180 ἀλλὰ
2291 5127 2490 5192 παντὸς
2527 5129 2743 5202 λιμένος
2775 5133 3091 5207 εὐδιώτερον
3145 5140 3300 5193 τοῦτο
3331 5142 3393 5194 τὸ
3425 5143 3678 5212 πέλαγος-

2176 5276 3312 5352 1.1039919!Qbrzvgxos-lgmiﬁgmilia6931deiet
3332 5287 3431 5352 Eva
3475 5295 3590 5341 tom.
3615 5291 3680 5352 11,

2113 5336 2232 5405 εάὶι.
2263 5337 2371 5405 Bas}.
2396 5339 2600 5405 «ξομ-11,
2635 5340 2776 5405 12-Αθι
2799 5342 2856 5390 15
2880 5347 3023 5405 epist.
3046 5347 3123 5394 2|.
3162 5336 3681 5402 (Σωίοειίίιιίοᾶδῖιίοξ

2111 5399 2554 5473 μεειτξηάίυμιξ
2579 5403 2824 5473 ργωό-ἱοιω
2863 5399 3086 5473 ειςίβιοιω
3125 5409 3338 5468 adjunCIi
3363 5399 3680 5473 ,ἰθαιρόέῶυᾶ

2112 5458 2248 5526 Χξειὶ
2281 5457 2370 5526 ΠΙ,
2393 5462 2478 5520 qui
2521 5457 2786 5526 C(J'elesgino
2815 5457 3034 5526 pro'xime
3062 5457 3674 5524 ευοοὲιεείὶίείἁὲὶῖίθῖιοῖ

2111 5520 2260 5594 millia}:
2281 5521 2565 5594 inse_rl{ntur
2585 5527 2638 5594 ει
2659 5520 2913 5594 49_vefsu_s
2939 5541 2997 5594 eg
3025 5529 3108 5594 l_ib.
3129 5531 3341 5594 August,
3367 5520 3556 5582 obnun—
3573 5520 3672 5584 ,Ι-ιιῖ.

2174 5578 2203 5618 ἀ
2225 5580 2345 5658 Eeg.
2371 5582 2817 5658 ἀνόητονλαμϐάνει
2839 5589 2936 5638 τὸν.
2972 5588 3100 5640 Infra
3125 5578 3355 5643 ideal—

2178 5653 2202 5681 ο
2225 5642 2347 5703 Reg.
2382 5644 2436 5691 τὸ
2456 5642 2756 5708 ποθούμενον.
