4146 6260
408 292 514 348 589

410 406 729 464 consortes?
754 403 813 461 ιιι
842 402 987 460 nullo
1011 400 1174 459 modo
1205 409 1288 456 est
1330 398 1526 456 rationi
1551 408 1990 454 consentaneum.

409 498 515 555 Sed
542 498 662 568 quis
699 495 792 551 ille
814 502 897 550 est
923 494 991 549 ad
1016 507 1176 563 quem
1215 491 1364 556 dicit,
1393 488 1669 543 Faciamus
1707 488 2004 542 hominem?

411 586 774 650 Admirabilis,
797 584 1378 652 consiliarius,potens,
1396 581 1533 635 Deus
1556 578 1728 646 fortis,
1754 579 2003 649 princeps

411 678 577 751 pacis,
609 687 760 747 pater
784 675 945 730 futuri
980 673 1159 729 saeculi
1193 670 1344 741 (Isai.
1374 669 1428 725 9.
1452 669 1531 739 6),
1565 669 1682 738 ipse
1711 677 1793 723 est
1821 668 2002 737 unige-

412 772 556 826 nitus
576 770 672 825 Dei
698 768 884 824 Filius.
913 766 996 823 Ad
1015 781 1137 822 eum
1158 764 1320 836 igitur
1344 763 1509 828 dicit,
1538 761 1813 816 Faciamus
1839 760 2003 814 homi-

412 879 528 917 nem
547 861 615 914 ad
630 861 899 929 imaginem
919 868 965 911 et
986 855 1368 911 similitudinem
1393 862 1637 908 nostram.
1660 851 1841 922 Neque
1857 851 2001 906 enim

411 956 545 1012 dixit
573 970 745 1011 meam
775 962 830 1010 et
859 962 1001 1008 tuam
1020 991 1035 1015 ,
1062 950 1149 1005 vel
1174 963 1350 1003 meam
1377 956 1433 1003 et
1461 954 1691 1001 vestram
1712 985 1727 1012 ,
1759 944 1856 1000 sed
1875 986 1892 1011 ,
1919 944 2001 997 Ad

410 1048 681 1117 imaginem
706 1054 932 1098 nostram
950 1083 965 1109 ,
992 1040 1233 1095 indicans
1259 1038 1546 1108 imaginem
1577 1050 1738 1089 unam
1765 1042 1820 1089 et
1839 1049 2001 1089 unam

412 1137 850 1192 similitudinem:
879 1143 933 1188 at
972 1134 1063 1188 Dei
1105 1140 1159 1186 et
1192 1130 1501 1201 angelorum
1542 1142 1649 1183 una
1687 1127 1863 1196 imago
1890 1140 1999 1180 non

410 1239 525 1291 est,
557 1242 727 1297 neque
757 1240 861 1280 una
891 1222 1202 1279 similitudo.
1234 1221 1335 1289 Qui
1368 1219 1512 1274 enim
1544 1228 1726 1288 posset
1761 1231 1865 1271 una
1897 1217 2002 1271 Do-

411 1320 540 1374 mini
567 1327 621 1372 et
647 1317 968 1372 famulorum
1004 1328 1126 1369 esse
1164 1314 1337 1382 imago
1374 1322 1429 1366 et
1454 1309 1790 1365 similitudo?
1822 1309 2000 1379 Itaque

411 1409 556 1463 omni
588 1424 651 1462 ex
691 1416 844 1477 parte
879 1405 1214 1460 convincitur
1264 1402 1384 1457 falsi
1427 1415 1606 1455 sermo
1632 1408 1848 1454 vester:
1874 1413 1997 1453 nam

409 1501 716 1556 dominatus
740 1499 1023 1570 imaginem
1053 1497 1140 1552 hic
1166 1496 1448 1566 significat,
1478 1502 1534 1547 ut
1562 1493 1762 1547 indicat
1780 1499 1836 1547 et
1854 1491 1999 1562 quod

410 1594 666 1664 sequitur.
718 1591 853 1647 Cum
886 1590 1029 1645 enim
1068 1588 1325 1655 dixisset,
1354 1585 1435 1640 Ad
1468 1585 1737 1655 imaginem
1774 1592 1821 1637 et
1852 1582 1997 1637 simi-

410 1684 673 1738 litudinem
697 1722 710 1746 ,
765 1680 956 1750 adjecit
1002 1697 1015 1733 :
1075 1678 1143 1732 Et
1196 1677 1519 1731 dominentur
1571 1675 1789 1746 piscibus
1842 1673 1997 1726 maris

408 1772 560 1842 (Gen.
601 1774 654 1827 1.
698 1771 834 1841 26):
872 1770 1174 1825 dominatus
1213 1776 1391 1822 autem
1438 1766 1531 1821 Dei
1580 1774 1635 1819 et
1683 1763 1995 1835 angelorum

410 1880 548 1919 unus
568 1880 686 1920 esse
726 1864 926 1933 nequit.
959 1862 1238 1931 Quomodo
1279 1861 1424 1916 enim
1465 1874 1585 1914 esse
1613 1869 1832 1928 posset,
1873 1873 1993 1913 cum

408 1971 545 2011 unus
598 1970 878 2010 servorum
931 1954 1001 2009 sit
1063 1961 1119 2007 et
1171 1952 1305 2005 alter
1361 1948 1614 2013 Domini,
1675 1948 1993 2002 famulorum

406 2062 543 2103 unus
580 2056 633 2102 et
673 2047 810 2101 alter
844 2043 1187 2114 imperantis?
1218 2040 1323 2095 Sed
1355 2048 1411 2095 et
1443 2039 1530 2093 alii
1569 2038 1784 2108 quidam
1809 2052 1995 2092 rursus

406 2137 460 2192 in
497 2150 596 2192 nos
631 2137 909 2205 insurgunt
935 2134 1174 2187 dicentes
1198 2173 1213 2197 ,
1243 2130 1410 2185 Deum
1433 2128 1593 2183 talem
1635 2127 1833 2182 habere
1859 2128 1994 2181 ima-

406 2228 583 2296 ginem
630 2225 843 2293 qualem
890 2230 947 2277 et
991 2236 1128 2287 nos,
1171 2220 1311 2274 male
1352 2218 1707 2288 intelligentes
1736 2217 1876 2287 quod
1914 2217 1995 2271 di-

406 2323 551 2370 ctum
596 2322 699 2370 est.
739 2313 923 2383 Neque
963 2313 1107 2367 enim
1139 2309 1447 2364 substantia-3
1490 2308 1623 2362 dixit
1673 2308 1986 2378 imaginem,

406 2405 500 2459 sed
547 2404 852 2459 dominatus
909 2402 1231 2471 imaginem,
1286 2410 1345 2455 ut
1404 2414 1470 2455 ex
1526 2400 1591 2454 iis
1646 2413 1765 2469 qua;
1797 2399 1993 2454 deinde

404 2498 762 2568 adjiciuntur,
816 2494 1178 2550 ostendemus.
1233 2491 1305 2547 Ut
1358 2491 1501 2546 enim
1564 2490 1702 2545 scias
1758 2489 1990 2545 humana

404 2588 574 2643 forma
616 2587 896 2657 prteditum
924 2600 1030 2639 non
1069 2598 1189 2639 esse
1225 2582 1454 2647 Numen,
1495 2581 1619 2635 audi
1654 2581 1873 2635 Paulum
1910 2580 1990 2635 di-

402 2688 611 2735 centem
644 2696 658 2731 :
700 2675 788 2730 Vir
811 2674 1012 2746 quidem
1052 2689 1153 2727 non
1182 2673 1324 2726 debet
1361 2670 1516 2725 velari
1539 2710 1555 2736 ,
1581 2686 1696 2723 cum
1731 2671 1796 2725 sit
1820 2670 1989 2739 imago

401 2781 447 2824 et
464 2771 626 2842 gloria
645 2768 738 2823 Dei
758 2784 776 2822 :
802 2767 981 2821 mulier
1000 2775 1166 2819 autem
1187 2765 1349 2836 gloria
1372 2764 1463 2818 viri
1482 2773 1554 2817 est
1578 2762 1651 2833 (1.
1670 2761 1787 2818 Cor.
1809 2764 1897 2818 11.
1910 2763 1983 2833 7):

404 2872 667 2931 propterea
712 2861 888 2924 debet,
939 2859 1138 2928 inquit,
1190 2856 1353 2911 velum
1398 2855 1581 2909 habere
1627 2871 1785 2923 supra
1835 2864 1988 2925 caput

406 2954 565 3027 (Ibid.
606 2970 654 3007 υ.
687 2950 795 3023 10).
836 2950 1119 3005 Enimvero
1143 2949 1188 3002 si
1227 2947 1332 3003 hoc
1354 2947 1473 3001 loco
1497 2945 1779 3016 imaginem
1808 2945 1857 2999 id
1889 2960 1985 3014 ap-

403 3044 638 3115 pellavit,
669 3041 931 3112 aequalem
958 3039 1152 3093 divina:
1179 3037 1324 3091 omni
1354 3051 1420 3090 ex
1451 3045 1601 3105 parte
1627 3035 1811 3089 formae
1840 3035 1988 3089 simi-

400 3133 681 3191 litudinem
716 3130 1042 3202 significans,
1088 3137 1145 3184 et
1183 3128 1383 3182 idcirco
1428 3126 1523 3181 Dei
1565 3127 1740 3197 imago
1766 3134 1989 3181 vocatur

400 3211 582 3290 ﬁomo,
606 3225 726 3294 quia
751 3224 888 3279 Deus
908 3222 1008 3277 hoc
1024 3228 1180 3290 pacto
1201 3219 1454 3289 ﬁguratus
1476 3225 1560 3273 est
1581 3234 1594 3270 :
1623 3218 1779 3288 igitur
1798 3230 1988 3272 secun-

401 3318 525 3373 dum
554 3317 671 3371 illos
697 3330 803 3371 non
831 3313 1002 3367 virum
1031 3320 1235 3364 tantum
1254 3308 1320 3364 ad
1348 3309 1632 3379 imaginem
1660 3307 1856 3364 factum
1881 3307 1986 3363 dici

399 3408 700 3480 oportebat,
725 3406 820 3461 sed
842 3405 1002 3461 etiam
1032 3402 1330 3457 mulierem.
1349 3400 1586 3455 Mulieris
1614 3400 1756 3455 enim
1780 3400 1987 3471 virique

402 3502 565 3571 figura
594 3508 651 3554 et
676 3497 844 3552 forma
869 3504 925 3550 et
950 3492 1241 3549 similitudo
1268 3499 1350 3546 est
1376 3506 1499 3544 una.
1532 3490 1703 3557 Quam
1732 3490 1891 3560 igitur
1915 3490 1985 3545 ob

399 3609 615 3649 causam
641 3593 814 3661 imago
843 3590 934 3642 Dei
961 3588 1041 3642 vir
1068 3586 1281 3652 dicitur,
1314 3584 1508 3638 mulier
1527 3599 1656 3637 vero
1681 3598 1785 3637 non
1812 3582 1984 3638 item?

399 3684 530 3752 Quia
558 3684 809 3737 nimirum
834 3695 941 3734 non
967 3678 1035 3732 de
1064 3676 1294 3746 imagine
1324 3675 1649 3729 mentionem
1678 3673 1836 3738 facit,
1865 3687 1985 3742 qua:

401 3778 454 3831 in
481 3776 649 3829 forma
690 3774 791 3827 sita
830 3771 920 3834 sit,
947 3768 1040 3822 sed
1070 3767 1138 3821 dc
1173 3765 1403 3833 imagine
1440 3779 1559 3832 qua:
1602 3764 1656 3815 in
1686 3762 1982 3825 dominatu,

399 3880 559 3936 quam
581 3864 727 3918 solus
754 3861 917 3915 homo
942 3856 1124 3921 habet,
1157 3869 1263 3908 non
1289 3861 1467 3906 autem
1495 3851 1706 3904 mulier.
1736 3850 1868 3903 Nam
1900 3848 1999 3905 hic.

399 3956 614 4027 quidem
642 3950 842 4008 nemini
863 3946 1104 4003 subditus
1132 3952 1242 4006 est,
1273 3942 1359 3996 illa
1390 3941 1512 3995 huic
1541 3938 1771 4005 subdita,
1803 3954 1987 4008 quem-

400 4048 685 4103 admodum
742 4042 913 4111 inquit
953 4040 1142 4093 Deus:
1195 4034 1277 4088 Ad
1330 4033 1494 4087 virum
1535 4040 1676 4085 tuum
1731 4032 1985 4085 conversio

401 4150 522 4206 tua,
566 4149 612 4193 et
654 4138 761 4206 ipse
802 4134 875 4187 tui
915 4129 1255 4185 dominabitur
1285 4124 1456 4196 (Gen.
1507 4126 1559 4180 5.
1608 4121 1737 4194 16).
1782 4123 1985 4178 Idcirco

402 4232 496 4287 Dei
530 4228 742 4301 quidem
786 4227 960 4295 imago
1003 4231 1085 4277 est
1134 4224 1234 4285 vir,
1286 4220 1407 4290 quia
1456 4218 1821 4274 sublimiorem
1866 4217 1986 4271 nul-

401 4327 509 4380 lum
540 4322 737 4387 habet,
768 4314 1212 4391 quemadmodum
1244 4314 1353 4367 Deo
1376 4311 1657 4366 sublimior
1676 4318 1759 4365 est
1785 4309 1981 4373 nullus.

400 4418 496 4475 sed
544 4415 790 4472 omnibus
835 4411 1181 4467 dominatur:
1239 4404 1434 4459 mulier
1488 4417 1615 4457 vero
1662 4401 1828 4472 gloria
1879 4401 1983 4455 viri

400 4517 518 4574 est,
572 4506 693 4577 quia
748 4504 862 4557 viro
912 4499 1150 4567 subjecta
1206 4503 1305 4550 est.
1348 4494 1414 4548 Et
1458 4493 1583 4547 alibi
1636 4506 1824 4547 rursus
1862 4491 1981 4546 ait:

402 4599 524 4653 Non
578 4595 810 4650 debemus
852 4591 1103 4645 wstimare
1148 4602 1304 4653 auro,
1349 4593 1436 4637 aut
1481 4594 1722 4653 argento,
1769 4590 1855 4636 aut
1903 4583 1982 4635 la-

401 4691 541 4760 pidi,
592 4687 669 4741 vel
710 4683 984 4753 sculptura:
1020 4680 1175 4744 artis,
1224 4686 1311 4730 aut
1363 4676 1682 4745 cogitationis
1726 4672 1981 4739 hominis,

404 4780 727 4833 DEvinitatem
769 4790 875 4829 esse
912 4772 1126 4827 similem
1173 4768 1424 4840 (Act.17.
1455 4764 1563 4836 16).
1606 4765 1757 4833 Quod
1804 4775 1983 4819 autem

398 4872 549 4936 dicit,
582 4872 719 4922 hanc
746 4863 1067 4921 sententiam
1093 4859 1254 4915 habet
1280 4879 1292 4913 :
1324 4871 1429 4912 non
1457 4854 1617 4910 modo
1645 4856 1839 4925 figuras
1866 4870 1986 4925 qua:

400 4971 689 5020 cernuntur
713 4958 922 5015 excedit
948 4954 1177 5019 Numen,
1208 4950 1303 5006 sed
1329 4964 1503 5019 neque
1524 4963 1678 5004 mens
1703 4947 1986 5004 eﬁormare

400 5058 508 5113 tale
532 5053 782 5126 quiddam
804 5057 980 5122 potest
1002 5089 1019 5115 ,
1047 5045 1221 5116 qualis
1246 5051 1328 5099 est
1352 5043 1514 5099 Deus.
1540 5041 1639 5111 Qui
1667 5040 1781 5095 fieri
1811 5048 1983 5111 potest

400 5163 550 5220 ergo,
571 5156 629 5201 ut
658 5143 889 5200 hominis
915 5140 1139 5210 figuram
1168 5135 1365 5192 habeat
1397 5133 1559 5201 Deus,
1587 5148 1709 5188 cum
1740 5147 1807 5188 ne
1834 5147 1987 5187 men-

402 5254 507 5301 tem
534 5239 750 5315 quidem
776 5237 941 5293 ullam
966 5249 1123 5307 posse
1161 5233 1304 5289 dicat
1336 5231 1534 5287 Paulus
1571 5228 1859 5285 essentiam
1890 5226 1985 5282 Dei

401 5335 555 5404 apud.
582 5349 642 5390 se
688 5332 1010 5404 cogitatione
1057 5323 1387 5381 informare?
1429 5320 1704 5392 Siquidem
1760 5320 1986 5374 formam

402 5437 636 5481 nostram
662 5439 724 5479 ac
751 5413 969 5494 figuram
997 5432 1184 5475 omnes
1208 5415 1346 5486 apud
1375 5428 1471 5469 nos
1491 5411 1813 5483 cogitatione
1834 5409 1987 5465 facile

401 5518 668 5590 possimus
696 5515 1004 5571 informare.
1050 5511 1258 5567 Rursus
1299 5508 1368 5564 de
1405 5508 1746 5575 eleemosyna
1785 5518 1988 5559 sermo-

405 5625 523 5664 nem
551 5607 745 5663 inferre
768 5614 1077 5669 statueram,
1110 5601 1203 5656 sed
1233 5600 1386 5655 nobis
1414 5609 1624 5667 tempus
1654 5595 1705 5651 id
1736 5610 1841 5650 non
1865 5609 1987 5665 per-

405 5702 600 5757 mittit:
652 5705 965 5775 qnaproptet
1020 5695 1176 5749 tinem
1224 5692 1307 5747 hic
1340 5688 1565 5746 dicendi
1606 5686 1884 5756 faciamus,
1938 5686 1983 5742 si

1639 284 1709 341 IN
1743 282 2038 343 cuussm
2078 282 2305 343 sermo
2341 284 2430 342 ιιι.
2527 260 2531 266 ’

3604 297 3710 356 590

2113 399 2259 468 prius
2287 399 2355 454 ad
2395 399 2525 455 illud
2567 414 2663 455 vos
2691 401 2953 458 cohortati
2997 403 3279 475 fuerimus,
3319 416 3379 464 ut
3416 408 3709 480 diligenter

2111 490 2289 544 omnia
2315 505 2434 559 qua:
2455 490 2596 545 dicta
2618 504 2742 546 sunt
2764 494 3037 549 memoria:
3063 496 3344 564 mandetis,
3373 500 3705 570 multamque

2112 590 2272 635 rectae
2296 583 2717 638 conversationis
2736 599 2917 639 curam
2941 588 3159 655 geratis,
3194 602 3263 643 ne
3289 588 3481 645 frustra
3511 599 3566 644 et
3584 591 3705 646 sine

2110 671 2285 726 fructu
2325 673 2578 728 collectas
2620 688 2859 744 agamus.
2911 676 3164 743 Quamvis
3204 680 3346 734 enim
3391 681 3701 752 dogmatum

2110 763 2481 820 rectitudinem
2509 780 2891 822 conservemus
2913 809 2928 834 ,
2960 768 3064 823 nisi
3094 784 3315 838 Operum
3341 772 3511 827 virtus
3547 788 3704 829 acce-

2107 852 2233 921 dat,
2279 857 2496 910 omnino
2543 872 2573 910 a
2616 858 2721 912 vita
2759 868 2957 915 aeterna
3009 862 3334 918 excidemus.
3386 864 3508 918 Non
3557 866 3703 921 enim

2109 945 2292 1009 omnis,
2320 944 2524 1015 inquit,
2551 947 2637 1015 qui
2657 948 2777 1000 dicit
2797 949 2941 1016 mihi,
2968 948 3202 1018 Domine,
3226 951 3467 1021 Domine,
3491 954 3696 1009 intrabit

2106 1033 2161 1086 in
2202 1049 2412 1104 regnum
2450 1036 2729 1091 caelorum:
2766 1037 2854 1091 sed
2896 1040 2986 1106 qui
3027 1041 3148 1109 facit
3192 1043 3499 1098 voluntatem
3524 1044 3701 1099 Patris

2106 1125 2205 1178 mei
2222 1165 2237 1190 ,
2262 1127 2350 1195 qui
2375 1136 2446 1179 est
2470 1127 2522 1179 in
2553 1128 2689 1180 ctelis
2712 1127 2922 1197 (Matth.
2947 1129 3000 1183 7.
3025 1129 3142 1201 21).
3168 1131 3509 1188 Voluntatem
3538 1135 3701 1205 igitur

2106 1214 2203 1269 Dei
2232 1232 2351 1269 cum
2391 1217 2537 1271 omni
2567 1219 2745 1273 studio
2780 1219 3068 1282 faciamus,
3099 1228 3157 1274 ut
3182 1222 3236 1275 in
3263 1223 3424 1278 caelos
3454 1224 3654 1280 intrare
3680 1265 3698 1293 ,

2106 1320 2169 1360 ac
2190 1306 2329 1361 bona
2359 1322 2477 1376 qua:
2503 1316 2797 1377 praeparata
2827 1316 2951 1362 sunt
2980 1309 3076 1375 iis,
3107 1311 3196 1379 qui
3240 1312 3405 1366 Deum
3433 1314 3696 1383 diligunt,

2104 1398 2325 1469 adipisci
2350 1399 2619 1468 possimus
2642 1418 2654 1453 :
2681 1414 2907 1469 quorum
2932 1402 3133 1456 utinam
3157 1416 3255 1457 nos
3275 1405 3557 1474 participes
3579 1405 3696 1460 ﬁeri

2105 1504 2294 1545 omnes
2320 1492 2622 1561 contingat,
2649 1492 2818 1561 gratia
2846 1501 2901 1547 et
2931 1492 3257 1563 benignitate
3286 1496 3498 1551 Domini
3527 1496 3697 1552 nostri

2102 1581 2230 1638 Jesu
2266 1582 2463 1638 Christi
2487 1623 2501 1648 ,
2532 1598 2652 1637 cum
2679 1599 2784 1654 quo
2813 1583 2990 1649 Patri,
3030 1586 3295 1655 simulque
3341 1596 3526 1641 sancto
3570 1588 3695 1656 Spi-

2103 1672 2228 1726 ritui
2253 1672 2444 1741 gloria,
2473 1673 2754 1742 imperium
2775 1715 2790 1738 ,
2823 1672 3020 1741 honor,
3051 1691 3193 1731 nunc
3220 1685 3275 1732 et
3293 1691 3525 1749 semper,
3556 1686 3611 1732 et
3639 1676 3695 1730 in

2103 1762 2302 1819 sucula
2328 1762 2667 1817 saeculorum.
2698 1765 2888 1819 Amen.

2717 2000 2949 2059 SERMO
2980 2004 3066 2059 lll.

2103 2197 2238 2264 Quid
2265 2197 2327 2250 sit
2350 2196 2499 2262 illud,
2546 2196 2629 2253 Ad
2667 2197 3069 2255 similitudinem
3100 2198 3254 2268 (Gen.
3287 2201 3338 2255 1.
3368 2200 3481 2271 26),
3514 2210 3561 2255 et
3588 2217 3689 2269 qua

2169 2291 2233 2340 de
2262 2305 2414 2340 causa
2435 2328 2448 2351 ,
2492 2305 2607 2341 cum
2628 2289 2809 2342 dia-erit
2841 2289 2978 2343 Deus
3013 2306 3103 2344 nos
3139 2291 3391 2345 dominari
3418 2292 3470 2344 in
3507 2291 3641 2360 feras
3668 2332 3684 2355 ,

2169 2395 2268 2431 non
2306 2379 2621 2433 dominemur
2640 2420 2653 2445 ,
2685 2388 2732 2433 et
2756 2380 2850 2433 hoc
2883 2397 3078 2451 magnw
3113 2398 3233 2452 erga
3257 2399 3347 2437 nos
3375 2398 3510 2438 cura:
3531 2400 3689 2454 argu-

2167 2478 2387 2522 mentum
2415 2485 2538 2523 esse.

2166 2686 2219 2739 1.
2258 2685 2558 2739 Accuratam
2578 2683 2857 2756 Scriptura:
2880 2686 3138 2741 lectionem
3164 2689 3514 2761 commendat;
3542 2688 3683 2745 Scri-

2094 2786 2297 2847 pturam
2325 2781 2521 2847 confert
2557 2793 2671 2830 cum
2699 2777 2925 2846 gemmis.
2961 2786 3032 2817 ‘—
3059 2777 3515 2845 Quemadmodum
3546 2778 3682 2834 nihil

2091 2868 2378 2936 proficiunt
2397 2868 2485 2936 qui
2511 2868 2795 2933 seminant,
2819 2884 2939 2923 cum
2961 2884 3116 2923 secus
3141 2870 3278 2924 viam
3305 2872 3511 2925 semina
3536 2872 3679 2940 jacta

2094 2957 2286 3013 fuerint
2317 2975 2331 3010 ε
2361 2958 2437 3012 sic
2466 2973 2639 3027 neque
2670 2959 2904 3026 proderit
2928 2959 2973 3012 is
2999 2959 3088 3027 qui
3114 2960 3260 3022 dicit,
3289 2960 3334 3014 si
3354 2960 3419 3014 ad
3447 2971 3679 3015 mentem

2092 3048 2390 3102 auditorum
2422 3048 2596 3102 oratio
2629 3062 2736 3102 non
2775 3048 2993 3111 feratur,
3025 3049 3118 3102 sed
3146 3064 3310 3102 sonus
3336 3051 3482 3104 vocis
3509 3051 3560 3103 in
3590 3066 3681 3105 ae-

2092 3155 2207 3194 rem
2230 3149 2430 3194 temere
2457 3137 2679 3193 diﬂ'usus
2703 3138 3001 3193 auditorem
3029 3139 3172 3193 nulla
3202 3150 3447 3211 percepta
3479 3141 3679 3195 utilita-

2094 3241 2146 3286 te
2183 3231 2468 3300 relinquat.
2514 3230 2638 3284 llazc
2681 3238 2858 3285 autem
2884 3244 2912 3283 a
2942 3245 3029 3285 me
3067 3246 3172 3285 non
3201 3231 3316 3286 sine
3341 3247 3498 3287 causa
3538 3232 3679 3287 dicta

2090 3334 2213 3379 sunt
2236 3324 2405 3389 vobis,
2434 3322 2528 3379 sed
2553 3338 2619 3379 ne
2641 3323 2903 3378 faciliores
2928 3331 3131 3378 tantum
3155 3326 3681 3396 scntentias_appeta-

2091 3417 2179 3482 tis,
2203 3431 2388 3472 verum
2412 3412 2782 3486 profundiores
2799 3416 2956 3471 etiam
2984 3394 3519 3487 aggrediaminiINisi
3532 3394 3677 3474 enim

2086 3507 2196 3577 jam
2222 3506 2289 3561 ad
2315 3506 2708 3576 Scripturarum
2736 3507 2989 3562 interiora
3018 3508 3427 3578 descendamus,
3457 3510 3582 3565 dum
3607 3511 3676 3565 ad

2089 3599 2377 3653 natandum
2419 3599 2666 3668 expedita
2698 3600 2850 3654 nobis
2873 3608 2999 3655 sunt
3027 3602 3285 3667 membra,
3315 3601 3441 3656 dum
3471 3604 3677 3657 acutius

2090 3697 2316 3743 cernunt
2343 3689 2505 3753 oculi,
2540 3704 2714 3758 neque
2754 3690 3062 3744 deliciarum
3109 3691 3421 3747 humoribus
3461 3702 3679 3748 contur-

2089 3777 2300 3841 bantur,
2344 3775 2470 3829 dum
2500 3778 2827 3831 constantior
2857 3787 2939 3831 est
2974 3778 3217 3847 spiritus,
3263 3790 3319 3834 ut
3344 3796 3412 3834 ne
3444 3781 3676 3837 suffece-

2091 3882 2232 3932 mur,
2278 3866 2489 3935 quando
2524 3866 2949 3921 descendemus?
2977 3870 3057 3921 An
3097 3883 3216 3922 cum
3252 3869 3457 3925 deliciae
3494 3872 3679 3926 adfue-

2090 3959 2216 4023 rint,
2247 3958 2417 4027 epulae
2438 3997 2453 4020 ,
2484 3958 2735 4024 ebrietas,
2767 3968 2821 4013 et
2847 3959 3077 4029 ingluvie
3103 3960 3407 4017 redundans
3449 3964 3679 4018 mensa?

2090 4051 2248 4120 Atqui
2277 4059 2385 4105 tum
2409 4065 2473 4103 ne
2496 4050 2695 4104 moveri
2721 4050 2932 4120 quidem
2960 4051 3112 4106 facile
3129 4067 3446 4121 possumus:
3473 4062 3676 4109 tantum

2091 4143 2402 4199 deliciarum
2433 4156 2570 4196 onus
2594 4140 2825 4197 animam
2851 4152 3056 4213 gravat.
3101 4143 3291 4199 Nonne
3315 4144 3506 4200 videtis
3531 4154 3588 4199 ut
3616 4145 3673 4210 ii,

2091 4233 2179 4301 qui
2206 4232 2469 4301 pretiosos
2500 4232 2737 4302 reperire
2779 4233 2983 4303 lapides
3015 4234 3265 4303 cupiunt,
3294 4248 3401 4289 non
3429 4236 3482 4290 in
3520 4235 3677 4290 litore

2091 4336 2302 4376 sursum
2334 4321 2583 4377 sedentes
2633 4322 2930 4393 fluctusque
2960 4333 3303 4380 numerantes
3351 4325 3481 4380 illud
3526 4326 3675 4382 inveo

2092 4412 2242 4465 niant
2259 4411 2399 4480 quod
2425 4420 2690 4481 quaerunt,
2715 4412 2809 4468 sed
2831 4414 2883 4468 in
2900 4414 3219 4484 profundum
3242 4418 3412 4486 ipsum
3433 4416 3678 4472 delaban-

2091 4510 2178 4555 tur
2204 4517 2219 4565 ;
2249 4501 2458 4554 tametsi
2482 4501 2678 4556 multus
2701 4511 2784 4556 est
2834 4503 2884 4556 in
2915 4506 3204 4572 quaerendo
3230 4505 3399 4571 labor,
3432 4506 3678 4561 multum-

2092 4605 2194 4659 que
2222 4591 2273 4643 in
2298 4588 2615 4644 inveniendo
2643 4589 2951 4655 discrimen,
2974 4601 3028 4646 et
3054 4602 3333 4662 postquam
3354 4594 3672 4661 invenerint,

2092 4681 2299 4735 lucrum
2330 4680 2575 4735 nullum?
2601 4680 2769 4747 Quam
2798 4683 2941 4736 enim
2988 4699 3231 4753 magnam
3263 4685 3315 4737 in
3341 4686 3522 4739 ~vitam
3574 4701 3675 4740 no-

2093 4782 2258 4828 stram
2305 4772 2558 4827 invehere
2598 4781 2775 4843 potest
2828 4775 3107 4829 utilitatem
3156 4776 3388 4845 lapidum
3440 4777 3678 4834 inventio

2093 4864 2482 4933 pretiosorum?
2516 4863 2724 4919 Utinam
2747 4879 2813 4918 ne
2840 4864 3033 4918 multas
3058 4865 3385 4922 calamitates
3422 4868 3671 4938 importa-

2092 4958 2209 5010 ret!
2238 4955 2379 5010 Nihil
2428 4954 2572 5009 enim
2596 4954 2739 5009 aliud
2764 4955 2925 5009 vitam
2972 4957 3250 5023 subvertit,
3278 4966 3347 5013 et'
3374 4973 3587 5015 sursum
3613 4973 3678 5015 ac

2091 5047 2343 5103 deorsum
2372 5054 2557 5102 cuncta
2577 5047 2766 5103 miscet
2793 5055 2986 5116 praeter
3006 5046 3142 5102 hanc
3160 5049 3503 5119 pecuniarum
3532 5051 3676 5106 insa-

2091 5140 2254 5193 niam.
2287 5138 2664 5194 Verumtameu
2684 5138 2758 5193 illi
2779 5146 2833 5193 et
2857 5139 3087 5193 animam
3106 5149 3161 5195 et
3183 5155 3380 5212 corpus
3404 5153 3678 5211 exponunt

2092 5229 2384 5302 quotidiani
2405 5230 2575 5285 victus
2595 5244 2775 5297 causa,
2803 5243 2967 5300 seque
2992 5230 3238 5285 fluctibus
3257 5231 3507 5287 audacter
3526 5245 3677 5285 com-

2094 5325 2309 5379 mittunt
2338 5338 2351 5375 ε
2386 5323 2473 5377 hic
2499 5338 2629 5379 vero
2654 5338 2825 5393 neque
2853 5322 3160 5389 discrimen,
3190 5338 3365 5393 neque
3393 5333 3570 5378 tantus
3595 5324 3678 5377 la-

2093 5416 2192 5470 bor
2221 5422 2323 5479 est,
2355 5428 2539 5469 verum
2567 5414 2808 5484 exiguus,
2837 5423 2891 5470 et
2919 5414 2964 5468 is
2994 5421 3209 5483 propter
3234 5427 3419 5468 eorum
3445 5429 3562 5483 qua:
3590 5415 3676 5468 in-

2094 5518 2248 5564 venta
2288 5516 2412 5563 sunt
2436 5508 2896 5563 conservationem
2918 5505 3223 5575 suscipitur.
3252 5504 3385 5560 Nam
3409 5522 3527 5576 quae
3553 5522 3674 5562 cum

2095 5598 2342 5653 facilitate
2371 5605 2581 5667 reperta
2612 5605 2753 5661 sunt,
2794 5595 2990 5650 nullius
3015 5594 3171 5664 pretii
3198 5595 3379 5650 multis
3409 5578 3725 5743 videntur‘i’l

2098 5688 2213 5743 Non
2240 5698 2320 5743 est
2368 5688 2420 5743 in
2454 5686 2639 5743 nelauo
2677 5687 2963 5743 Scriptura:
2993 5683 3225 5743 procella
3251 5684 3503 5743 fluctuum
3525 5729 3540 5743 .
3584 5702 3639 5743 se

2098 5688 2213 5744 Non
2240 5698 2320 5748 est
2368 5688 2420 5743 in
2453 5686 2639 5759 pelago
2677 5687 2963 5757 Scriptum
2991 5683 3225 5757 procella
3251 5684 3503 5744 fluctuum
3525 5729 3540 5757 ,
3584 5702 3639 5743 se
