4146 6260
453 303 551 363 591
1193 295 1251 355 S.
1295 294 1572 354 JOANNIS
1609 282 2083 348 CllRYSOSTOMl

452 413 644 486 quovis
681 421 836 483 portu
881 410 1212 482 tranquillius
1254 419 1335 464 est
1383 409 1486 462 hoc
1524 406 1739 476 pelagus
1771 423 1782 456 :
1815 416 2038 459 necesse

455 521 562 562 non
587 514 670 562 est
696 505 753 562 in
789 506 1046 560 obscuros
1072 505 1218 558 sinus
1243 501 1420 572 abyssi
1451 515 1509 554 se
1535 499 1835 563 demittere,
1866 511 2040 566 neque

456 600 683 653 rationis
729 599 1023 666 expertium
1053 609 1306 664 aquarum
1331 593 1592 647 violentiae
1618 591 1842 646 salutem
1889 604 2039 644 suam

457 687 826 752 committere;
858 685 953 741 sed
990 684 1153 738 multa
1181 684 1266 737 lux
1296 682 1384 737 hic
1422 681 1639 755 affulget
1681 685 1848 735 multo
1878 679 2042 734 radiis

457 777 720 832 solaribus
765 775 893 843 ipsis
936 773 1282 843 splendidior,
1336 772 1502 826 multa
1547 772 1841 834 serenitas;
1869 769 2044 824 omnis

457 865 690 933 procella
717 863 959 918 submota
989 871 1091 928 est,
1127 872 1178 918 et
1201 877 1386 918 eorum
1413 877 1532 930 qua:
1562 862 1898 932 reperiuntur
1925 873 2046 917 tan-

462 963 572 1007 tum
600 963 682 1006 est
713 953 938 1017 lucrum,
968 961 1022 1007 ut
1045 969 1113 1007 ne
1139 954 1378 1008 oratione
1398 953 1610 1022 quidem
1634 954 1736 1007 ulla
1766 956 1932 1025 possit
1951 971 2047 1012 ex-

460 1043 664 1110 plicari.
704 1041 782 1098 Ne
809 1043 968 1110 igitur
990 1043 1365 1113 defatigemur,
1403 1045 1494 1097 sed
1529 1044 1921 1114 inquisitionem
1947 1061 2043 1117 ag-

456 1132 781 1202 grediamur.
814 1133 1050 1188 Audistis
1079 1135 1243 1187 Deum
1274 1134 1339 1188 ad
1368 1135 1648 1204 imaginem
1687 1149 1835 1190 suam
1868 1137 2044 1193 homi-

461 1237 581 1276 nem
608 1223 929 1287 condidisse,
956 1232 1008 1277 et
1035 1224 1159 1295 quid
1182 1225 1251 1279 sit
1275 1225 1424 1289 illud,
1449 1227 1529 1279 Ad
1551 1227 1820 1297 imaginem
1845 1239 1890 1284 et
1909 1231 2049 1284 simi-

459 1313 741 1376 titudinrm.
769 1315 1018 1377 diximus,
1047 1330 1238 1384 nempe
1264 1331 1368 1370 non
1394 1331 1513 1371 esse
1557 1321 1869 1374 substantiae
1896 1336 2048 1375 com-

461 1404 833 1471 parationem,
888 1406 982 1460 sed
1034 1405 1337 1461 dominatus
1393 1409 1792 1466 similitudinem
1851 1431 1862 1466 :
1918 1413 2048 1468 illud

460 1504 640 1551 autem
660 1537 676 1560 ,
708 1496 790 1549 Ad
815 1497 1230 1564 similitudinem,
1259 1499 1458 1555 iudicat
1497 1503 1682 1557 mitem
1710 1519 1772 1558 ac
1796 1519 2049 1560 man:ue-

461 1597 575 1640 tum
597 1601 718 1641 esse
739 1597 1004 1655 oportere,
1037 1590 1252 1660 Deoque
1275 1606 1374 1660 pro
1395 1593 1596 1648 viribus
1615 1596 1822 1650 ratione
1843 1597 2051 1653 virtutis

461 1678 744 1732 assimilari
770 1719 784 1739 ,
819 1689 976 1747 prout
1023 1681 1096 1733 ait
1136 1679 1421 1736 Christus:
1455 1683 1628 1740 Estote
1673 1686 1861 1740 similes
1899 1687 2051 1742 Patri

464 1784 610 1834 meo,
651 1770 735 1838 qui
760 1771 813 1822 in
841 1770 976 1823 uelis
1005 1781 1075 1824 est
1107 1770 1331 1843 (Matth.
1363 1775 1416 1829 5.
1447 1775 1519 1829 45
1538 1776 1577 1844 ).
1606 1775 1675 1831 Ut
1702 1779 1842 1831 enim
1875 1779 1924 1831 in
1955 1780 2051 1834 hac

467 1861 571 1914 lata
593 1870 646 1915 et
670 1864 902 1930 spatiosa
927 1873 1068 1918 terra
1092 1865 1336 1934 quaedam
1365 1868 1609 1924 animalia
1631 1872 1798 1940 magis
1825 1882 1949 1926 sunt
1970 1888 2053 1926 ra-

467 1952 630 2006 tionis
659 1953 916 2021 expertia,
947 1954 1193 2024 quaedam
1226 1954 1520 2012 ferociora:
1551 1959 1628 2015 sic
1654 1960 1704 2014 in
1731 1962 1923 2015 anima:
1953 1979 2050 2015 uo-

465 2051 593 2098 Straz
617 2043 894 2100 latitudine
919 2045 1160 2116 quaedam
1193 2057 1318 2103 sunt
1355 2065 1384 2102 a
1427 2051 1634 2107 ratione
1673 2055 1842 2123 magis
1867 2055 2053 2110 aliena:

415 2139 428 2154 ‘
465 2148 532 2188 ac
550 2134 798 2189 belluime
814 2138 1180 2207 cogitationes,
1205 2141 1445 2210 quaedam
1480 2141 1764 2198 ferociores
1783 2154 1837 2199 et
1867 2146 2054 2200 imma-

468 2225 666 2280 niores.
694 2227 1008 2297 Subigenda:
1039 2230 1196 2300 igitur
1225 2246 1286 2286 ac
1329 2232 1606 2288 domandae
1643 2244 1798 2301 sunt,
1842 2251 2056 2291 earum-

467 2331 570 2386 que
593 2316 896 2372 dominatus
925 2321 1115 2374 rationi
1142 2323 1575 2377 committendus.
1613 2325 1674 2377 Et
1703 2328 1789 2394 qui
1821 2325 1930 2381 fieri
1961 2341 2056 2397 po-

469 2416 608 2473 test,
664 2406 805 2462 dicet
855 2409 1045 2479 aliquis
1068 2453 1082 2475 ,
1113 2420 1173 2464 ut
1201 2411 1487 2466 belluinam
1516 2415 1889 2484 cogitationem
1936 2419 2054 2486 quis

472 2496 718 2567 subigat?
756 2498 890 2566 Quid
919 2499 1018 2564 ais,
1047 2501 1120 2553 mi
1147 2500 1340 2554 homo?
1371 2502 1576 2557 Leones
1614 2505 1927 2575 subigimus,
1958 2524 2054 2562 co-

475 2605 699 2662 rumque
728 2592 933 2646 animas
959 2592 1167 2647 cicures
1193 2593 1485 2658 reddimus,
1510 2606 1562 2649 et
1584 2597 1793 2652 dubitas
1823 2615 1888 2653 an
1912 2603 2054 2670 cogi-

472 2679 728 2734 tationum
761 2679 1019 2735 feritatem
1042 2683 1108 2735 ad
1138 2683 1595 2739 mansuetudinem
1623 2690 1793 2756 pessis
1816 2690 2056 2745 traduce-

471 2770 573 2823 re?
603 2770 834 2825 Tametsi
866 2771 1007 2825 leoni
1039 2773 1290 2828 naturalis
1327 2782 1410 2828 est
1437 2773 1653 2840 feritas,
1688 2788 1880 2846 praeter
1906 2790 2058 2835 natu-

473 2876 585 2913 ram
622 2870 798 2916 autem
823 2862 1216 2928 mansuetudo;
1263 2863 1356 2918 tibi
1397 2879 1526 2920 vero
1567 2876 1751 2922 contra
1802 2873 2057 2927 naturalis

470 2962 554 3005 est
580 2951 908 3020 benignitas,
940 2952 1120 3007 feritas
1149 2969 1276 3008 vero
1318 2965 1514 3024 prseter
1550 2968 1810 3013 naturam.
1844 2960 2056 3031 Ergone

471 3040 562 3110 qui
592 3041 642 3094 id
662 3041 886 3110 expellis
909 3042 1051 3112 quod
1071 3054 1151 3098 est
1179 3045 1440 3110 naturale,
1468 3055 1526 3101 et
1547 3049 1736 3104 animi:
1764 3050 1950 3107 bellua:
1977 3053 2057 3108 in-

476 3133 613 3188 seris
641 3133 783 3202 quod
822 3143 1017 3202 praeter
1052 3145 1294 3191 naturam
1325 3146 1434 3203 est,
1483 3138 1534 3193 in
1565 3148 1652 3195 tua
1681 3142 1844 3210 ipsius
1880 3145 2055 3198 anima

478 3223 620 3292 quod
658 3231 740 3278 est
777 3225 1018 3279 naturale
1047 3240 1152 3280 non
1191 3225 1388 3294 poteris
1413 3231 1771 3284 conservare?
1798 3239 1922 3301 quis
1957 3233 2058 3288 hoc

472 3331 694 3370 summm
733 3331 838 3370 non
869 3317 1067 3370 tribuat
1092 3318 1461 3387 negligentiae?
1498 3319 1629 3373 Nam
1664 3321 1714 3374 in
1742 3323 1912 3376 [coms
1936 3325 2056 3393 qui-

473 3405 596 3461 dem
625 3407 799 3459 anima
847 3415 1041 3476 przeter
1082 3407 1217 3461 hanc
1258 3408 1541 3465 difficultas
1588 3421 1671 3467 est
1697 3414 1864 3469 altera
1912 3432 1926 3468 :
1976 3425 2058 3472 est

475 3499 619 3552 enim
641 3510 833 3568 expers
860 3500 1321 3556 ratiocinationum
1346 3503 1521 3556 anima
1547 3503 1756 3559 bellum.
1787 3506 1855 3560 Et
1880 3515 2057 3563 tamen

475 3589 659 3644 leones
685 3605 828 3659 szepe
855 3591 1062 3646 vidistis
1098 3592 1286 3647 ovibus
1324 3595 1710 3651 mansuetiores
1749 3614 1844 3667 per
1884 3599 2057 3656 forum

473 3679 618 3745 duci,
651 3690 705 3737 et
733 3683 883 3737 multi
905 3683 993 3753 qui
1025 3684 1075 3738 in
1103 3684 1328 3741 officinis
1357 3697 1636 3743 versantur
1664 3692 1938 3759 pecuniam
1959 3709 2056 3748 eo-

473 3787 590 3825 rum
621 3774 825 3828 custodi
866 3786 1148 3831 numerant
1186 3785 1452 3848 tamquam
1482 3780 1610 3834 artis
1656 3783 1952 3838 mercedem
1996 3799 2060 3840 ac

473 3864 678 3932 peritiae
701 3907 716 3933 ,
759 3877 862 3934 qua
888 3866 1117 3922 bt-lluam
1145 3870 1376 3924 cicurem
1417 3870 1647 3926 reddidit
1677 3889 1690 3925 :
1721 3881 1775 3927 at
1805 3873 1857 3928 in
1881 3875 2072 3930 anima-

474 3963 560 4008 tua
605 3964 659 4008 et
698 3958 834 4012 ratio
882 3967 963 4013 est
1007 3969 1061 4014 et
1107 3960 1196 4015 Dei
1238 3961 1414 4025 timor,
1447 3963 1778 4036 multumque
1827 3968 2059 4038 undique

471 4046 726 4102 auxilium
769 4048 1089 4104 ostenditur.
1135 4051 1210 4106 Ne
1239 4052 1397 4121 igitur
1424 4064 1716 4123 prmlextus
1744 4065 1797 4112 et
1833 4073 2057 4113 excusa-

475 4137 647 4192 tiones
675 4139 954 4196 obtendas.
981 4141 1138 4196 Potes
1163 4145 1326 4209 enim,
1358 4145 1400 4197 si
1431 4145 1581 4207 velis,
1608 4147 1719 4200 fieri
1749 4160 2058 4205 mansuetus

473 4236 527 4282 et
553 4226 710 4281 lenis.
742 4227 1019 4283 Faciamus
1048 4232 1294 4285 hominem
1314 4235 1382 4285 ad
1409 4233 1677 4304 imaginem
1701 4245 1746 4290 et
1766 4238 2057 4293 similitudi-

475 4335 585 4374 nem
616 4329 858 4386 nostram,
881 4332 928 4376 et
955 4324 1242 4378 dominetur
1265 4324 1454 4379 bestiis.

542 4413 596 4464 2.
631 4409 906 4468 Gentilium
946 4416 1213 4484 objectiani
1251 4419 1536 4487 respondet.
1568 4418 1724 4475 Initio
1751 4424 1886 4494 feras
1910 4424 2058 4480 homo

475 4517 574 4558 non
596 4501 817 4556 timebat.
850 4535 920 4544 —
946 4504 1057 4559 Hoc
1087 4505 1202 4560 loco
1227 4507 1503 4577 insurgunt
1525 4511 1574 4563 in
1605 4526 1702 4566 nos
1728 4515 1970 4582 gentiles,
2003 4526 2061 4571 et

479 4591 530 4646 id
559 4591 692 4648 falso
715 4592 818 4648 dici
848 4594 1207 4661 contendunt;
1241 4613 1344 4652 non
1382 4600 1523 4653 enim
1557 4617 1655 4655 nos
1678 4603 1864 4658 bestiis
1890 4606 2060 4662 domi-

474 4701 698 4752 namur;
750 4686 877 4756 ipsa-2.
927 4689 1078 4743 nobis
1123 4690 1298 4759 potius
1348 4691 1687 4749 dominantur
1729 4697 2058 4767 multumque

474 4787 673 4832 metum
708 4777 968 4847 injiciunt.
1003 4779 1144 4835 Sane
1180 4780 1392 4851 quidem
1423 4782 1525 4837 hoc
1565 4800 1752 4838 verum
1797 4803 1902 4842 non
1931 4798 2054 4842 est:

471 4869 670 4923 sufficit
692 4869 834 4924 enim
863 4871 929 4925 ad
960 4871 1181 4926 bestiam
1212 4873 1525 4943 abigendam
1556 4876 1599 4928 si
1627 4875 1788 4930 facies
1828 4876 2058 4933 humana

470 4972 779 5028 compareat
815 4981 828 5015 :
879 4972 1057 5018 tantus
1096 4965 1146 5018 in
1188 4981 1280 5020 eas
1331 4982 1360 5020 a
1403 4967 1559 5022 nobis
1599 4969 1758 5023 timor
1797 4971 2052 5026 dimanat.

471 5049 627 5115 Quod
667 5050 837 5105 sicubi
865 5052 929 5105 ad
969 5067 1028 5107 se
1056 5054 1388 5111 ulciscendas
1413 5058 1668 5127 impetum
1698 5061 1911 5127 faciant,
1945 5065 2056 5121 sive

470 5141 610 5197 fame
641 5149 883 5210 cogente,
915 5143 1028 5198 sive
1048 5145 1188 5213 quod
1209 5148 1417 5216 nosipsi
1442 5165 1532 5203 eas
1554 5151 1606 5204 in
1635 5153 1901 5220 angustias
1930 5157 2055 5210 red-

471 5230 698 5302 igamus,
737 5232 922 5301 eisque
950 5232 1056 5286 vim
1101 5234 1418 5302 inferamus,
1467 5240 1568 5295 hoc
1622 5259 1749 5297 vero
1791 5246 2056 5315 perfecms

470 5338 576 5377 non
606 5331 689 5377 est
711 5322 1036 5380 dominatus.
1064 5324 1244 5395 Neque
1265 5329 1408 5383 enim
1432 5331 1474 5385 si
1515 5334 1633 5402 quis
1664 5346 1901 5392 nostrum
1929 5340 2056 5396 visis

472 5412 770 5468 latronibus
795 5415 1048 5485 impetum
1078 5414 1392 5474 facientibus
1416 5434 1672 5493 armetur,
1712 5437 1767 5482 et
1794 5429 1860 5483 ad
1886 5446 1943 5487 se
1971 5434 2054 5486 ul-

471 5505 776 5562 ciscendum
803 5524 861 5563 se
891 5522 1201 5580 comparet,
1239 5513 1542 5572 dominatus
1568 5521 1819 5588 appellari
1849 5540 1934 5580 res
1967 5528 2053 5582 illa

471 5605 643 5663 potest
670 5638 684 5662 ,
716 5598 808 5653 sed
841 5602 1066 5670 proprim
1095 5603 1286 5658 salutis
1311 5607 1519 5662 tuendae
1544 5610 1844 5667 sollicitudo
1874 5633 1886 5667 :
1915 5624 2051 5668 atta-

472 5703 591 5744 men
624 5704 728 5743 non
760 5692 881 5747 inde
903 5709 1084 5763 twer
1110 5697 1493 5771 defensionem,
1517 5704 1608 5759 sed
1635 5706 1867 5776 aliunde,
1891 5724 2046 5778 quam

2150 287 2470 346 ARCl-llEP.
2510 291 3050 354 CONSTANTINOP.

2151 403 2299 458 vobis
2328 405 2458 461 utile
2485 406 2644 462 fuerit
2671 409 2924 466 audiisse.
2946 403 3229 480 tumemus
3259 415 3454 474 bestias
3483 434 3546 477 ac
3573 423 3738 480 refor-

2149 495 2430 564 midamus,
2457 505 2615 567 atque
2639 499 2911 555 dominatu
2935 503 3228 560 excidimus
3253 524 3266 560 :
3295 525 3400 564 non
3429 527 3602 582 nego;
3633 517 3739 572 imo

2150 599 2342 656 sponte
2365 589 2666 646 confiteor:
2696 607 2800 648 non
2845 603 3021 650 tamen
3061 597 3112 650 id
3153 600 3464 657 mendacem
3498 620 3617 660 esse
3648 607 3735 664 Dei

2151 677 2319 747 legem
2348 681 2599 735 ostendit.
2626 682 2739 736 Non
2767 685 2906 738 enim
2938 686 3010 740 ita
3039 703 3100 742 se
3125 704 3209 743 res
3243 690 3510 749 habebant
3535 709 3565 749 a
3594 699 3740 767 priu-

2151 770 2323 839 cipio,
2369 771 2463 824 sed
2509 774 2815 828 metuebant
2851 783 2906 830 et.
2944 780 3282 848 tremebant,
3329 799 3496 854 seque
3538 787 3739 845 homini

2154 868 2420 930 tamquam
2467 861 2685 917 domino
2726 865 3108 923 submittebant
3140 887 3152 922 :
3183 873 3434 940 quoniam
3464 887 3640 937 autem
3674 880 3734 932 fi-

2151 950 2306 1008 ducia
2353 962 2408 1007 et
2447 953 2654 1010 honore
2690 957 3021 1027 excidimus,
3064 961 3264 1016 idcirco
3307 965 3426 1019 illas
3471 969 3734 1026 timemus.

2154 1042 2306 1098 Unde
2331 1059 2458 1098 vero
2482 1045 2534 1098 id
2560 1048 2811 1102 constat?
2835 1048 3061 1103 Adduxit
3088 1051 3274 1107 bestias
3301 1057 3369 1107 ad
3391 1056 3556 1110 Adam
3581 1059 3738 1127 Deus,

2154 1143 2211 1186 ut
2235 1133 2426 1189 videret
2453 1135 2576 1204 quid
2600 1146 2797 1190 uocaret
2823 1155 2912 1192 eas
2936 1139 3098 1217 (Gen:
3113 1143 3167 1194 2.
3199 1144 3289 1214 19)
3314 1161 3328 1197 :
3353 1162 3527 1217 neque
3557 1151 3742 1206 resiliit

2155 1222 2323 1276 Adam
2351 1225 2503 1292 quasi
2535 1225 2726 1281 timore
2753 1237 3031 1298 correptus
3052 1210 3196 1297 Jsed
3223 1210 3488 1306 tamquam
3517 1241 3744 1297 subditis

2155 1311 2258 1366 sibi
2291 1314 2459 1367 servis
2487 1315 2700 1369 uomiua
2737 1321 2942 1373 cunctis
2969 1321 3242 1392 imposuit.
3277 1327 3388 1382 Hoc
3414 1342 3544 1385 vero
3567 1331 3742 1393 domi-

2157 1411 2311 1454 natus
2352 1414 2435 1456 est
2479 1404 2748 1460 indicium.
2795 1407 3153 1475 Quamobrem
3192 1415 3376 1470 volens
3409 1420 3570 1474 etiam
3604 1421 3743 1478 Deus

2157 1506 2253 1560 per
2281 1492 2382 1546 hoc
2411 1494 2484 1547 illi
2511 1507 2622 1549 sua:
2644 1500 2927 1565 potestatis
2955 1503 3237 1559 ostendere
3267 1506 3577 1575 dignitatem
3600 1552 3615 1576 ,
3642 1528 3743 1565 no-

2159 1585 2362 1637 minum
2408 1584 2800 1655 impositionem
2844 1591 2943 1660 ipsi
2992 1595 3266 1663 permisit,
3299 1607 3459 1669 atque
3498 1602 3743 1672 imposita

2158 1673 2261 1728 illis
2301 1677 2512 1730 nomina
2558 1678 2611 1732 in
2657 1680 2738 1734 eis
2780 1695 2850 1735 ex
2895 1683 2986 1735 illo
3032 1693 3274 1755 tempore
3315 1705 3743 1758 permanserunt.

2162 1763 2325 1854 gmne
2349 1767 2489 1820 enim
2512 1769 2648 1838 quod
2665 1772 2857 1824 vocavit
2876 1771 3063 1839 Adam,
3087 1777 3182 1829 hoc
3203 1793 3385 1833 nomen
3406 1781 3530 1847 illis,
3553 1783 3743 1854 inquit.

2128 1841 2339 1926 iliaque
2370 1873 2529 1911 unum
2557 1859 2658 1913 hoc
2687 1859 2938 1916 indicium
2965 1873 3047 1918 est
3087 1865 3155 1920 ab
3193 1867 3344 1923 initio
3369 1841 3741 1929 feras-homini

2160 1946 2425 2002 terribiles
2451 1963 2555 2001 non
2582 1947 2744 2005 fuisse
2772 1967 2787 2004 :
2811 1951 3035 2007 alterum
3061 1969 3190 2011 vero
3214 1959 3371 2012 etiam
3395 1961 3556 2030 priori
3578 1967 3745 2018 mani-

2159 2037 2347 2094 festius
2373 2047 2457 2094 est
2477 2082 2492 2105 ,
2526 2044 2794 2112 serpentis
2835 2045 3154 2115 colloquium
3190 2064 3310 2104 cum
3341 2053 3585 2108 muliere.
3614 2056 3745 2112 Nam

2159 2131 2201 2183 si
2228 2132 2490 2187 terribiles
2506 2132 2809 2189 hominibus
2826 2135 3048 2192 fuissent
3069 2138 3269 2207 bestiae,
3291 2145 3480 2198 mulier
3496 2160 3748 2218 serpente
3827 2153 3838 2155 ’

2157 2234 2444 2294 conspecto
2462 2240 2565 2280 non
2584 2229 2884 2294 mansisset,
2903 2246 3085 2286 verum
3103 2234 3420 2305 aufugisset;
3441 2253 3612 2308 neque
3628 2256 3750 2296 con-

2158 2317 2331 2371 silium
2363 2318 2722 2385 admisisset‘,
2762 2337 2932 2391 neque
2961 2333 3101 2379 tanta
3132 2341 3250 2380 cum
3279 2331 3566 2387 securitate
3593 2334 3752 2386 collo-

2159 2415 2318 2475 qnuta
2339 2423 2460 2462 cum
2485 2409 2573 2462 illo
2601 2408 2802 2474 fuisset,
2826 2413 2920 2468 sed
2945 2414 3224 2469 confestim
3246 2419 3310 2470 ad
3331 2429 3604 2487 aspectum
3633 2424 3750 2491 ejus

2158 2497 2519 2567 obstupefacta
2545 2499 2862 2570 profugisset
2889 2520 2901 2553 :
2924 2502 3034 2573 jam
3062 2519 3188 2560 vero
3207 2514 3262 2560 et
3280 2508 3620 2578 colloquitur,
3646 2527 3747 2568 nec

2161 2589 2506 2656 reformidat,
2535 2593 2675 2660 quod
2707 2594 2941 2649 nondum
2969 2595 3057 2650 ille
3083 2597 3240 2652 timor
3263 2609 3424 2654 esset.
3461 2602 3744 2671 Postquam

2162 2689 2338 2734 autem
2383 2690 2655 2750 peccatum
2699 2684 2914 2738 intravit
2937 2725 2951 2748 ,
2981 2685 3208 2755 dignitas
3247 2691 3406 2743 etiam
3439 2701 3515 2746 est
3547 2689 3793 2792 ablataJ

2161 2771 2226 2825 Et
2256 2770 2392 2826 sicut
2421 2771 2559 2827 inter
2585 2772 2816 2830 famulos
2842 2777 2931 2846 qui
2959 2777 3296 2835 honestiores
3321 2791 3445 2835 sunt
3473 2792 3527 2838 et
3551 2770 3750 2839 clario:

2161 2877 2268 2927 res,
2291 2863 2562 2918 conservis
2583 2865 2693 2920 suis
2717 2869 2907 2922 terrori
2934 2878 3077 2932 sunt,
3104 2872 3193 2940 qui
3215 2882 3391 2928 autem
3415 2874 3749 2931 oﬂ‘cndcrunt

2163 2951 2370 3019 herum,
2394 2969 2683 3012 conservos
2709 2957 2897 3012 timent
2920 2975 2932 3012 :
2956 2961 3033 3014 sic
3053 2972 3106 3015 et
3131 2961 3331 3017 homini
3351 2956 3747 3039 contigit.Wam

2161 3044 2287 3098 dum
2330 3045 2516 3100 fiducia
2557 3049 2693 3118 apud
2741 3050 2903 3104 Deum
2935 3053 3077 3105 salva
3112 3054 3344 3120 mansit,
3379 3057 3626 3112 terribilis
3657 3061 3752 3114 fuit

2161 3136 2346 3193 bestiis
2374 3155 2388 3191 :
2418 3149 2695 3209 postquam
2722 3151 2897 3196 autem
2925 3141 3166 3210 offendit,
3190 3147 3351 3201 etiam
3381 3149 3595 3203 ultimos
3621 3165 3752 3204 con-

2161 3240 2439 3282 servorum
2483 3229 2734 3299 deinceps
2773 3232 2961 3286 timuit.
3004 3234 3156 3301 Quod
3190 3237 3233 3291 si
3271 3237 3374 3293 hoc
3411 3239 3482 3294 ita
3509 3256 3614 3294 non
3641 3213 3767 3310 sit?

2161 3319 2383 3373 ostende
2425 3331 2477 3374 tu
2526 3322 2652 3376 mihi
2694 3320 2857 3378 fuisse
2904 3326 3166 3382 terribiles
3211 3326 3514 3386 hominibus
3554 3331 3751 3390 bestias

2161 3421 2286 3466 ante
2313 3422 2586 3480 peccatum
2618 3415 2796 3483 :atqui
2829 3431 2931 3471 non
2960 3419 3177 3485 poteris.

2233 3501 2408 3554 Timor
2444 3505 2715 3557 bestiarum
2753 3507 2893 3560 utilis
2938 3507 3148 3562 homini.
3196 3539 3265 3550 -—
3292 3511 3443 3578 Quod
3481 3515 3523 3568 si
3567 3526 3750 3583 postea

2161 3591 2326 3646 subiit
2353 3593 2510 3648 timor
2533 3635 2548 3658 ,
2583 3595 2682 3649 hoc
2708 3597 2865 3650 etiam
2903 3599 3274 3657 sollicitudinis
3307 3603 3512 3660 Domini
3540 3618 3624 3662 est
3660 3626 3749 3662 ar-

2161 3695 2490 3754 gumentum.
2520 3687 2651 3741 Nam
2678 3690 2719 3742 si
2753 3699 2871 3758 post
2901 3690 3101 3746 homini
3130 3695 3302 3748 traditi
3325 3711 3353 3748 a
3379 3696 3487 3751 Deo
3513 3703 3758 3757 mandati

2164 3779 2636 3848 transgressionem
2671 3781 2872 3852 integer
2897 3784 2948 3836 in
2981 3800 3101 3838 cum
3130 3801 3158 3838 a
3191 3787 3299 3841 Deo
3325 3788 3545 3844 collatus
3579 3790 3752 3846 honor
3807 3849 3813 3860 ,

2164 3871 2452 3926 mansisset
2478 3871 2749 3938 immotus,
2777 3874 2913 3928 haud
2947 3874 3098 3930 facile
3118 3891 3146 3930 a
3174 3877 3320 3945 lapsu
3351 3863 3806 3972 resurrexissctJ

2161 3964 2386 4032 Quando
2421 3966 2560 4020 enim
2593 3978 2646 4022 et
2688 3968 3052 4026 iuobedientes
3080 3981 3134 4026 et
3168 3974 3476 4032 obedientes
3508 3979 3616 4046 pari
3647 3964 3748 4032 ho;

2163 4069 2295 4111 nore
2333 4057 2576 4112 fruuntur
2599 4099 2612 4123 ,
2643 4059 2707 4113 ad
2755 4059 3146 4130 improbitatem
3188 4066 3500 4122 erudiuntur
3539 4070 3745 4141 magis,

2163 4163 2336 4218 neque
2367 4147 2520 4205 facile
2549 4167 2576 4202 a
2609 4152 2737 4204 vitio
2762 4153 3046 4210 desistunt.
3080 4156 3134 4211 Si
3166 4159 3308 4212 enim
3348 4160 3458 4229 jam
3484 4176 3606 4216 cum
3636 4173 3744 4218 ter-

2162 4255 2314 4296 rores
2355 4251 2407 4297 et
2452 4257 2622 4312 poena:
2666 4259 2728 4299 ac
2773 4249 3030 4316 supplicia
3078 4251 3392 4320 imminent,
3434 4256 3747 4326 resipiscere

2165 4347 2271 4386 non
2301 4332 2603 4403 dignantur,
2633 4337 2819 4404 quales
2849 4337 3076 4395 fuissent
3102 4341 3146 4394 si
3175 4342 3303 4396 nihil
3330 4358 3490 4414 grave
3516 4360 3612 4415 pro
3637 4348 3749 4403 suis

2163 4424 2370 4482 delictis
2398 4429 2535 4495 passi
2565 4430 2784 4483 essent?
2813 4429 2994 4500 Itaque
3022 4433 3174 4488 nobis
3204 4435 3506 4491 dominatus
3533 4439 3605 4493 ob
3631 4439 3749 4494 sin-

2161 4516 2397 4585 gularem
2443 4519 2610 4572 nostri
2659 4535 2837 4574 curam
2887 4531 2940 4575 ct
2986 4522 3396 4580 sollicitudinem
3439 4543 3470 4582 a
3513 4529 3622 4584 Deo
3665 4540 3748 4583 est

2163 4607 2388 4662 ablatus.
2419 4607 2497 4662 Tu
2523 4625 2649 4664 vero
2676 4611 2761 4665 hic
2784 4628 2991 4682 quoque
3017 4614 3336 4671 ineffabilem
3363 4619 3480 4688 ejus
3507 4619 3748 4690 benigni-

2165 4711 2323 4756 talem
2364 4703 2978 4784 umsideraqSiquidem
3023 4707 3189 4761 Adam
3231 4719 3398 4764 totum
3439 4710 3745 4768 mandatum

2164 4791 2396 4854 violavit,
2425 4807 2488 4847 ac
2516 4793 2683 4863 legem
2717 4803 3080 4864 transgressus
3110 4808 3192 4851 est
3220 4816 3233 4850 :
3266 4799 3404 4854 Deos
3433 4813 3610 4856 autem
3641 4819 3746 4858 non

2165 4893 2330 4939 totum
2378 4885 2632 4941 honorem
2674 4888 2926 4954 sustulit,
2962 4905 3130 4958 neque
3173 4901 3280 4946 tota
3323 4909 3445 4948 eum
3489 4906 3751 4965 potestate

2163 4977 2382 5047 dcjccit,
2411 4980 2503 5034 Sed
2534 4996 2594 5034 ca
2622 4981 2898 5036 dumtaxat
2920 4983 2988 5037 ab
3012 4984 3127 5053 ejus
3159 4985 3381 5055 imperio
3407 4992 3604 5046 exemit
3629 4993 3746 5045 ani-

2163 5072 2318 5126 malia
2345 5113 2359 5135 ,
2387 5089 2504 5142 qua:
2532 5090 2635 5128 non
2669 5077 2893 5129 multum
2920 5075 2988 5130 ad
3017 5076 3172 5147 hujus
3200 5089 3320 5135 Vita:
3349 5082 3642 5138 subsidium
3670 5084 3750 5142 illi

2161 5165 2465 5220 conducunt
2490 5183 2503 5219 :
2532 5181 2650 5236 quae
2680 5183 2810 5223 vero
2834 5166 3138 5226 necessaria
3161 5181 3286 5226 sunt
3309 5182 3364 5228 et
3389 5175 3532 5229 utilia
3553 5217 3569 5242 ,
3597 5192 3747 5246 qum-

2161 5271 2264 5326 que
2295 5258 2516 5312 multum
2543 5259 2838 5315 inserviunt
2866 5263 2983 5315 vitm
3012 5273 3207 5319 nostra:
3226 5307 3240 5331 ,
3271 5280 3333 5320 ea
3358 5253 3568 5321 subdita
3595 5267 3750 5323 nobis

2162 5366 2280 5405 esse
2307 5352 2568 5419 permisit.
2593 5352 2759 5409 Boum
2785 5353 2938 5408 nobis
2965 5356 3175 5425 reliquit
3199 5369 3459 5423 armenta,
3485 5369 3541 5412 ut
3559 5375 3748 5414 vome-

2163 5459 2272 5500 rem
2303 5445 2608 5512 trahamus,
2638 5456 2697 5500 ut
2723 5455 2916 5502 terram
2947 5449 3247 5517 sulcemus,
3278 5461 3334 5504 ut
3359 5453 3560 5506 semina
3591 5462 3747 5507 terra:

3633 311 3738 366 593

2162 5664 2417 5776 nimiis?“
2441 5674 2600 5733 Neque
2624 5667 2875 5721 consilium
2897 5667 3023 5720 illud
3041 5671 3220 5722 durum
3241 5677 3286 5722 ei
3303 5671 3625 5734 perniciosum
3651 5671 3746 5720 ad-
