4146 6260
378 340 485 394 591

385 454 486 509 οὐκ
502 452 647 508 ἔστιν
671 454 885 525 ἀνάγκη
934 452 1073 526 πρὸς
1114 451 1245 518 τοὺς
1284 451 1552 523 ζοφεροὺς
1579 446 1681 521 τῆος
1711 450 1953 505 ἀϐύσσου

384 541 618 605 κόλπους
674 541 1086 612 κατενεχθῆναι,
1128 538 1253 595 οὐδὶ
1294 540 1505 595 ὑδάτων
1555 540 1767 608 ἀλόγων
1803 537 1951 610 ῥύμη

384 627 484 697 τὴν
512 626 606 680 τοῦ
640 631 887 697 σώματος
910 628 1197 698 ἐπιτρέψαι
1215 626 1509 699 σωτηρίαν·
1528 626 1664 680 ἀλλά
1696 625 1832 680 πολὺ
1855 627 1954 695 μὲν

387 712 621 767 ἐνταῦθα
646 713 709 766 τὸ
735 714 870 781 φῶς,
908 713 1004 767 καὶ
1037 713 1218 768 αὐτῶν
1258 713 1368 765 τῶν
1412 712 1647 765 ἀκτίνων
1671 710 1955 780 φαιδρότε-

393 814 505 869 ρον,
532 797 699 867 πολλὴ
721 798 778 851 δὲ
798 800 833 869 ή
867 798 1098 869 γαλήνη,
1133 799 1284 853 πᾶσα
1317 797 1376 851 δὲ
1416 797 1663 852 ἐκποδὼν
1716 796 1954 868 ταραχὴ,

388 888 484 940 καὶ
507 886 616 940 τῶν
645 886 1043 957 εὑρισκομένων
1073 885 1325 940 τοσοῦτον
1342 884 1405 939 τὸ
1438 884 1653 956 κέρδος,
1691 886 1814 938 ὅσον
1835 884 1958 937 οὐδὲ

386 973 530 1044 λόγῳ
561 973 908 1045 παραστῆσαι
932 972 1178 1027 δυνατόν.
1207 973 1300 1044 Μὴ
1338 973 1519 1027 τοίνυν
1555 972 1956 1042 ἀποκάμωμεν,

389 1057 504 1114 ἀλλ’
538 1059 973 1129 ἐπιχειρήσωμεν
993 1061 1060 1130 τῇ
1094 1059 1343 1130 ζητήσει.
1383 1056 1686 1112 Ἠκούσατε
1718 1058 1801 1111 ὃτι
1831 1056 1955 1111 κατ’

390 1142 573 1198 είκόνα
615 1143 750 1197 Θεοῦ
795 1144 1049 1215 ἐποίησεν
1089 1144 1119 1197 δ
1165 1144 1296 1207 Θεὸς
1328 1143 1420 1197 τὸν
1448 1144 1753 1214 ἄνθρωπον⁸
1787 1144 1883 1197 καὶ
1906 1142 1959 1196 τί

392 1227 520 1281 ποτέ
549 1230 663 1281 ἐστι
685 1229 745 1281 τὸ
769 1229 908 1283 Κατ’
932 1230 1137 1283 εἰκόνα
1158 1229 1316 1284 τοῦτο
1355 1229 1455 1283 καί
1506 1231 1637 1284 καθ’
1672 1229 1960 1297 ὁμοίωσιν

390 1314 889 1387 εἰρήκαμενθῆϐὅϐ]
914 1315 993 1369 ὃτι
1021 1315 1121 1370 οὐκ
1165 1316 1354 1379 οὐσίας
1398 1315 1796 1386 ἀπαραλλαξία,
1843 1314 1958 1368 ἀλλ’

391 1399 564 1470 ἀρχῆς
585 1400 837 1473 ὁμοιότης
871 1413 920 1441 ι·
948 1400 1011 1454 τὸ
1031 1402 1109 1468 δὲ,
1134 1404 1275 1456 Καθ’
1318 1401 1626 1471 ὁμοίωσιν,
1654 1401 1716 1454 τὸ
1746 1401 1957 1472 ἥμερον

392 1482 532 1538 εἶναι
575 1487 667 1539 καὶ
712 1487 908 1556 πρᾶον,
948 1487 1041 1540 καὶ
1085 1489 1166 1551 είς
1203 1486 1430 1558 δύναμιν
1465 1485 1849 1558 ἐξομοιοῦσθαι
1880 1487 1961 1559 τῷ

392 1570 510 1641 Θεῷ
546 1571 687 1625 κατά
699 1572 788 1624 τὸν
803 1572 903 1642 τῆς
931 1571 1131 1644 ἀρετῆς
1157 1573 1331 1642 λόγον,
1361 1573 1436 1639 ὥς
1456 1591 1618 1646 φησιν
1649 1576 1679 1628 ό
1704 1574 1958 1647 Χριστόςο

392 1658 645 1712 Γίνεσθε
661 1658 846 1728 ὅμοιοι
875 1659 980 1715 τοῦ
1003 1660 1232 1728 Πατρός
1248 1678 1369 1730 μου
1396 1659 1503 1715 τοῦ
1538 1662 1609 1715 ἐν
1634 1662 1758 1728 τοῖς
1782 1664 1962 1732 οὐρα-

394 1744 541 1812 νοῖς.
575 1742 838 1819 Καθάπερ
865 1748 972 1818 7&9
1003 1749 1061 1801 ἐν
1093 1750 1157 1818 τῇ
1190 1750 1261 1820 γῇ
1302 1750 1369 1820 τῇ
1422 1748 1654 1819 πλατείᾳ
1675 1748 1770 1803 καὶ
1797 1750 1962 1821 εὐρυ-

394 1830 553 1903 χώρῳ
579 1832 751 1905 ταύτῃ
786 1831 894 1886 τῶν
914 1832 1068 1898 ζώων
1092 1833 1163 1887 τὰ
1207 1834 1308 1905 μέν
1349 1835 1488 1888 εἰσιν
1522 1835 1858 1904 άλογώτερα,
1889 1834 1963 1889 τά

392 1917 448 1971 δέ
479 1918 896 1991 θηριωδέστεραο
935 1919 1078 1974 οὕτω
1098 1921 1191 1975 καὶ
1218 1923 1278 1975 ἐν
1313 1920 1391 1992 τῷ
1416 1921 1609 1975 πλάτει
1636 1921 1734 1991 τῆς
1763 1920 1964 1992 ήμετέ-

393 2024 494 2078 ρας
520 2007 719 2078 ψυχῆς,
749 2008 860 2061 τῶν
903 2008 1179 2080 λογισμῶν
1203 2010 1256 2063 οί
1299 2009 1399 2078 μὶν
1441 2011 1582 2063 είσὶν
1631 1996 1962 2081 άλογώτεροι

393 2093 484 2146 καὶ
515 2094 829 2165 κτηνώδεις,
858 2096 909 2148 οί
932 2096 989 2149 δὲ
1015 2095 1434 2167 θηριωδέστεροι
1476 2097 1573 2150 καὶ
1611 2096 1960 2167 ἀγριώτεροι.

390 2182 481 2232 Δεῖ
502 2181 684 2234 τοίνυν
725 2182 908 2235 αὐτῶν
956 2183 1179 2253 κρατεῖν
1208 2181 1303 2235 καὶ
1333 2181 1736 2252 περιγίνεσθαι,
1763 2182 1859 2236 καὶ
1884 2182 1963 2254 τῷ

392 2265 634 2337 λογισμῷ
663 2267 992 2339 τὴισούτων
1021 2267 1195 2339 ἀρχὴν
1218 2267 1589 2339 παραδιδόναι.
1618 2269 1731 2322 Καὶ
1764 2268 1881 2332 πῶς
1896 2269 1964 2322 άν

392 2371 475 2418 τις
496 2354 834 2425 περιγένοιτο
860 2354 1119 2425 λογισμοῦ
1150 2355 1469 2427 θηριώδους,
1487 2357 1621 2427 φησί
1639 2373 1655 2421 ;
1672 2358 1737 2411 Τί
1760 2358 1961 2427 λέγεις,

392 2438 675 2510 ἀνθρωπες
701 2440 822 2493 Τῶν
848 2440 1077 2495 λεόντων
1095 2442 1505 2513 περιγινόμεθα,
1531 2444 1626 2496 καὶ
1652 2443 1752 2507 τάς
1785 2444 1964 2515 ψυχὰς

392 2525 573 2579 αὐτῶν
600 2525 938 2597 ήμεροῦμεν,
974 2526 1071 2579 καὶ
1102 2527 1471 2597 ἀμφιϐάλλεις
1501 2531 1551 2582 εί
1581 2528 1838 2602 λογισμοῦ
1867 2531 1965 2602 θηο

392 2611 613 2684 ριωδίαν
639 2613 775 2683 πρὸς
808 2612 1121 2683 ἡμερότητα
1149 2613 1352 2686 δυνήσῃ
1381 2615 1739 2686 μεταϐαλεῖνς
1772 2618 1963 2672 Καίτοι

390 2697 470 2770 τῷ
496 2698 669 2752 λέοντι
696 2699 795 2769 μὲν
824 2699 967 2753 κατά
994 2699 1155 2768 φύσιν
1186 2700 1249 2753 τὸ
1290 2702 1502 2773 ἄγριον,
1538 2704 1690 2774 παρά
1720 2703 1883 2774 φύσιν
1904 2705 1964 2759 δὲ

389 2784 453 2838 τὸ
486 2785 712 2857 ἥμερον·
754 2786 837 2839 σο)⁵
890 2785 947 2839 δέ
980 2784 1042 2838 τὸ
1100 2786 1364 2851 ἐναντίον,
1415 2788 1558 2843 κατά
1589 2790 1752 2859 φύσιν
1783 2791 1964 2862 μὲντὸ

392 2872 683 2944 προσηνὲς,
718 2871 869 2942 παρά
908 2871 1069 2942 φύσιν
1098 2872 1156 2926 δὲ
1192 2874 1225 2943 ή
1254 2873 1538 2945 θηριωδία.
1593 2876 1651 2929 '0
1672 2877 1853 2930 τοίνυν
1893 2878 1959 2931 τὸ

393 2958 535 3013 κατά
564 2957 727 3027 φύσιν
754 2957 1054 3022 ἐκϐάλλων,
1100 2958 1196 3012 καὶ
1238 2958 1301 3012 τὸ
1344 2960 1498 3031 παρὰ
1548 2962 1711 3031 φύσιν
1731 2963 1965 3027 ἐντιθεὶς

393 3047 460 3116 τῇ
490 3044 584 3098 τοῦ
611 3044 799 3116 θηρίου
814 3043 980 3116 ψυχῇ,
1008 3044 1145 3116 έντῇ
1172 3045 1365 3099 ἐαυτοῦ
1391 3046 1537 3119 ψυχῇ
1551 3048 1612 3101 τὸ
1637 3049 1778 3103 κατά
1804 3049 1966 3119 φύσιν

393 3132 455 3184 οὐ
483 3131 685 3205 δυνήσῃ
704 3129 1060 3201 διατηρῆσαι;
1101 3130 1197 3185 καὶ
1237 3131 1410 3204 πόσης
1453 3134 1551 3187 οὐκ
1591 3134 1658 3188 ἂν
1696 3136 1781 3208 εῐη
1809 3137 1968 3192 τοῦτο

397 3216 705 3291 ῥᾳθυμίας;
741 3218 849 3270 Καὶ
883 3218 975 3269 ἐπὶ
1009 3217 1107 3289 μὲν
1139 3218 1239 3289 τῆς
1265 3218 1374 3272 τῶν
1408 3218 1643 3273 λεόντων
1675 3222 1854 3295 ψυχῆς
1874 3223 1969 3277 καὶ

395 3305 559 3377 ἐτίρα
589 3302 841 3357 δυσκολία
881 3303 1019 3374 μετά
1045 3302 1246 3375 ταύτης
1276 3304 1413 3359 ἐστί’
1442 3305 1717 3375 λογισμῶν
1746 3309 1854 3383 γάρ
1878 3311 1969 3364 ἐσ-

394 3408 478 3446 τιν
506 3390 710 3463 ἔρημος
742 3390 771 3430 δ
806 3390 839 3462 ή
865 3389 960 3443 τοῦ
983 3389 1173 3461 θηρίου
1201 3389 1367 3463 ψυχή.
1420 3391 1561 3448 Ἀλλ’
1591 3395 1741 3466 ὅμως
1791 3396 1969 3468 εωρά.

394 3495 526 3533 κατε
556 3476 816 3541 πολλάκις
857 3476 1078 3541 λέοντας
1129 3478 1417 3551 προϐάτων
1454 3482 1841 3554 ἡμερωτέρους
1877 3484 1968 3539 διὰ

394 3567 495 3637 τῆς
521 3564 728 3635 ἀγορᾶς
751 3564 1073 3637 ἀγομένους,
1098 3567 1193 3619 καὶ
1209 3565 1397 3621 πολλοὶ
1424 3568 1533 3621 τῶν
1564 3569 1623 3622 ἐν
1666 3572 1779 3633 τοῖς
1797 3572 1968 3643 ἐργαο

396 3648 635 3719 στηρίοις
670 3649 931 3721 ἀργύριον
956 3650 1218 3714 πολλάκις
1246 3652 1546 3709 κατέϐαλον
1564 3655 1642 3725 τῷ
1659 3658 1965 3728 κατέχοντι,

399 3734 589 3805 μισθόν
616 3752 736 3789 τινα
759 3737 857 3806 τῆς
879 3735 1073 3806 τέχνης
1094 3737 1189 3791 καὶ
1214 3740 1313 3807 τῆς
1357 3739 1568 3807 σοφίας,
1597 3741 1663 3793 δι’
1687 3736 1754 3811 ἦς
1778 3744 1841 3795 τὸ
1871 3742 1970 3813 θη-

399 3820 513 3909 ρίον
544 3818 853 3909 ἡμέρωσεν·
894 3822 990 3909 ἐπὶ
1024 3822 1083 3874 δὲ
1110 3822 1209 3909 τῆς
1369 3822 1549 3909 ιιιυχῆς
1582 3825 1675 3877 καὶ
1710 3825 1971 3897 λογισμός

397 3908 535 3971 ἐστι,
560 3906 653 3959 καὶ
677 3905 812 3959 Θεοῦ
840 3906 1023 3974 φόϐος,
1059 3906 1154 3959 καὶ
1182 3905 1351 3976 πολλὴ
1412 3908 1738 3979 πολλαχόθεν
1769 3915 1803 3983 ή
1839 3913 1973 3985 βοή-

397 3992 539 4051 θεια.
578 3993 668 4064 Μὴ
709 3993 886 4047 τοίνυν
938 3992 1167 4065 σκήψεις
1212 4010 1301 4064 μοι
1344 3993 1470 4063 λέγε
1516 3998 1611 4050 καὶ
1648 4000 1970 4069 προφάσεις.

396 4080 631 4134 Δυνατὸν
652 4080 781 4151 7&9,
814 4080 908 4133 ἐὰν
932 4079 1113 4152 θέλῃς,
1151 4080 1357 4152 ἥμερόν
1390 4097 1450 4135 σε
1479 4079 1623 4138 εἶναι
1660 4086 1755 4140 καὶ
1775 4090 1969 4158 πρᾶον.

398 4167 753 4236 Ποιήσωμεν
776 4167 1091 4235 ἄνθρωπον
1111 4168 1237 4223 κατ’
1251 4171 1462 4224 εἰκόνα
1475 4170 1577 4225 καί
1600 4173 1733 4227 καθ’
1760 4176 1970 4245 ὁμοίω-

397 4268 505 4308 σιν
530 4252 850 4323 ἡμετέραν,
881 4254 979 4307 καί
1012 4252 1361 4324 ἁρχέτωσαν
1385 4255 1506 4311 τῶν
1528 4260 1768 4327 θηρίων.

471 4355 832 4467 β’λῑνταῦθα
847 4397 1103 4468 Ἕλληνες
1119 4399 1249 4469 ἡμῖν
1269 4398 1610 4467 ἐπιφύονται,
1638 4400 1733 4455 καί
1755 4418 1888 4471 φασι
1909 4404 1971 4457 τὸ

398 4483 575 4552 λόγιον
629 4481 937 4551 ψεύδεσθαι·
968 4483 1030 4536 οὐ
1069 4484 1178 4553 7&9
1228 4486 1391 4556 ἡμεῖς
1439 4486 1679 4558 ἄρχομεν
1721 4489 1832 4542 τῶν
1877 4489 1971 4562 θη.

405 4571 553 4641 ρίων*
585 4567 726 4623 αὐτὰ
755 4568 910 4639 ήμῶν
950 4568 1128 4640 ἄρχει,
1161 4572 1256 4623 καὶ
1300 4570 1500 4644 πολλὴν
1537 4575 1669 4643 ἡμῖν
1712 4576 1971 4649 ἐμϐάλλει

399 4656 501 4727 τὴν
534 4656 790 4723 ἀγωνίαν.
814 4655 1064 4709 Μάλιστα
1087 4656 1183 4725 μέν
1198 4652 1292 4709 οὖν
1324 4656 1484 4711 τοῦτο
1513 4661 1614 4712 οὐκ
1632 4660 1851 4731 ἀληθές
1879 4663 1974 4734 ἀρ-

400 4744 490 4795 κεῖ
513 4741 622 4811 γάρ
656 4742 748 4793 καὶ
775 4741 896 4810 δψις
925 4741 1235 4814 ἀνθρωπίνη
1270 4747 1502 4812 φανεῖσα
1547 4746 1791 4801 ἐκποδὼν
1817 4752 1975 4821 ποιῆ-

404 4844 494 4880 σαι
526 4826 733 4898 θηρίον·
768 4826 1019 4890 τοσοῦτος
1054 4828 1245 4891 αὐτοῖς
1272 4831 1388 4883 ἐστι
1419 4829 1551 4901 παρ’
1572 4833 1707 4904 ήμῖν
1736 4834 1764 4886 δ
1784 4834 1969 4903 φόϐος.

401 4914 466 4968 Et
485 4913 544 4967 δέ
579 4930 682 4967 που
708 4916 847 4981 πρὸς
870 4915 1084 4983 ἄμυναν
1116 4915 1432 4987 ὁρμήσειεν,
1458 4917 1491 4989 ἢ
1522 4917 1682 4989 λιμοῦ
1706 4936 1975 4991 καταναγ-

401 4998 679 5065 κάζοντος,
716 5001 750 5070 ἢ
777 5000 934 5070 ήμῶν
958 5000 1139 5055 αὐτῶν
1175 5004 1659 5076 στενοχωρούντων
1686 5006 1972 5075 πολλάκις,

403 5086 662 5158 καὶπρὸς
702 5087 948 5157 ἀνάγκην
988 5086 1403 5160 ἐκϐαλλομένων
1443 5101 1467 5128 ⁸
1508 5092 1673 5158 αὐτὰ,
1699 5092 1858 5148 τοῦτο
1879 5091 1974 5149 οὖν

402 5175 502 5226 οὐκ
546 5174 613 5227 ἀν
655 5174 741 5245 εῐη
783 5175 958 5246 ἀρχῆς
989 5176 1422 5248 ἀπηρτισμένης.
1471 5179 1607 5232 Οὐδέ
1646 5180 1776 5252 γὰρ,
1813 5181 1867 5234 εί
1888 5200 1975 5247 τις

404 5258 557 5329 ήμῶν
593 5259 793 5332 λῃστὰς
814 5262 1064 5326 ἐπιόντας
1081 5263 1227 5332 όρῶν
1255 5262 1549 5328 δπλίζοιτο,
1579 5266 1673 5320 καὶ
1703 5269 1839 5340 πρὸς
1873 5271 1973 5341 τὴν

403 5346 613 5416 ἄμυναν
636 5348 858 5418 χωροίη,
881 5348 1056 5419 ἀρχῆς
1076 5350 1136 5402 τὸ
1161 5351 1393 5422 πρᾶγμά
1417 5353 1583 5419 ἐστιν,
1616 5355 1752 5411 ἀλλὰ
1778 5356 1876 5429 τῆς
1896 5361 1974 5412 0!-

470 5598 494 5668 ‘l'
521 5597 698 5668 ρύσίας
719 5600 976 5668 ὁμοιότητι
989 5602 1094 5668 ἀλλ]
1113 5602 1260 5665 ἀρχῆς
1280 5603 1461 5667 ἀξίωμα
1487 5606 1603 5668 Reg.

470 5655 496 5747 ξ
521 5655 1008 5747 335.12%
1030 5655 1457 5725 αῦτηξἌογισαῶν
1480 5655 1649 5732 ιρηῖὶος
1664 5669 1878 5732 ὓπάρχει.
1952 5724 1960 5730 _

517 5717 1013 5781 Ἀθέλκκαλουμένων.

708 5799 972 5860 ΡΑτιιοι..
1016 5804 1132 5865 Gn.
1182 5804 1337 5867 LIV.

1568 333 1635 391 IN
1662 326 1975 392 GENESI‘MA
2008 326 2240 391 SERMO
2278 332 2365 390 Ill.

3519 334 3627 391 592

2058 450 2217 539 κείας
2260 450 2534 523 σωτηρίας
2567 450 2735 524 πολλή
2782 400 3207 539 πρόνοιαλίπλήν
3254 450 3355 504 οὐκ
3384 450 3630 539 ἐντεῦθεν

2050 536 2312 608 ποιοῦμαι
2344 540 2443 609 τὴν
2475 539 2794 607 ἀπολογίαν,
2852 538 2967 593 ἀλλ’
3001 536 3308 608 ἶτέρωθεν,
3365 538 3488 592 ὅθεν
3538 539 3634 593 καὶ

2050 622 2183 692 ὑμῖν
2213 605 2481 695 χρήσιμον
2510 605 2759 679 ἀκοῦσαι.
2798 605 3213 695 Φοϐούμεθαντά
3239 623 3404 696 θηρία
3432 625 3526 678 καὶ
3550 605 3705 678 δε-Ἴ

2050 708 2331 780 δοίκαμεν,
2361 711 2456 764 καὶ
2486 711 2589 780 τῆς
2617 711 2790 781 ἀρχῆς
2817 709 3271 780 ἐκπεπτώκαμεν·
3290 710 3390 763 οὐκ
3419 709 3632 764 ἀντιλέ-

2054 810 2156 863 γω·
2180 795 2322 866 φημὶ
2343 797 2437 850 καὶ
2463 796 2645 861 αὐτός⁸
2669 796 2784 850 ἀλλ’
2806 797 2867 850 οὐ
2896 796 3054 851 τοῦτο
3074 796 3244 866 ψευδῆ
3268 795 3357 848 τὸν
3381 795 3474 848 τοῦ
3499 795 3634 850 Θεοῦ

2052 880 2220 952 νόμον
2248 882 2505 937 δείκνυσι.
2559 884 2719 956 Παρά
2759 884 2868 955 γὰρ
2905 885 3004 955 τήν
3047 882 3218 956 ἀρχὴν
3242 882 3340 954 οὐχ
3374 882 3519 937 οὕτω
3562 882 3634 937 τὰ

2056 969 2355 1038 πράγματα
2405 969 2654 1032 διέκειτο,
2706 969 2821 1023 ἀλλ’
2871 969 3125 1024 ἐδεδοίκει
3166 971 3259 1023 καὶ
3296 969 3513 1040 ἔτρεμε,
3542 971 3638 1023 καὶ

2058 1056 2389 1121 ὓπέκυπτεν,
2417 1057 2491 1121 ώς
2518 1057 2772 1129 δεσπότῃ,
2803 1056 2883 1128 τῷ
2931 1058 3221 1128 ἀνθρώπῳ,
3248 1058 3432 1129 ἐπειδὴ
3457 1059 3514 1111 δὲ
3537 1058 3638 1127 τῆς

2056 1145 2368 1215 παρρησίας
2399 1145 2725 1214 ἐξεπέσομεν
2748 1143 2959 1214 καὶτῆς
2983 1145 3166 1213 τιμῆς,
3192 1144 3280 1198 διά
3297 1143 3452 1197 τοῦτο
3474 1143 3639 1197 δεδοί-

2056 1246 2233 1300 καμεν
2251 1230 2406 1284 αὐτά.
2428 1229 2578 1303 [657]
2600 1229 2765 1282 Πόθεν
2783 1228 2939 1282 τοῦτο
2957 1228 3114 1299 δῆλον
3132 1247 3148 1295 ;
3180 1230 3427 1298 Ἥγαγεν
3441 1231 3473 1283 ὀ
3494 1227 3641 1293 Θεὸς

2058 1320 2318 1387 τὰθηρία
2329 1320 2479 1387 πρὸς
2498 1319 2607 1374 τὸν
2633 1318 2833 1387 Ἀδὰμ,
2856 1318 3004 1373 ίδεῖν
3022 1320 3081 1372 τί
3097 1318 3341 1373 καλέσαι
3352 1316 3523 1373 αὑτά*
3546 1322 3640 1372 καὶ

2057 1407 2161 1460 οὐκ
2192 1406 2542 1476 ἀπεπήδησεν
2589 1405 2617 1458 ό
2680 1405 2871 1475 Ἀδάμ,
2922 1403 3171 1475 καθάπερ
3220 1389 3640 1476 δεδοικὼςῇελλθ

2058 1489 2246 1561 ὥσπερ
2269 1440 2471 1555 δούλοίς
2506 1440 2963 1561 ὐποτεταγμῖνοις
2990 1490 3060 1545 τά
3086 1440 3327 1561 όνιόματα
3369 1440 3640 1560 ἐπέθληκεν

2058 1577 2252 1632 ἅπασι.
2283 1576 2457 1631 Τοῦτο
2477 1576 2535 1631 δέ
2561 1577 2877 1641 δεσποτείας
2905 1576 3194 1648 σύμϐολον.
3220 1575 3314 1629 Διὸ
3338 1576 3435 1629 καὶ
3455 1575 3484 1627 ό
3508 1575 3641 1638 Θεὸς

2061 1664 2383 1735 βουλόμενος
2425 1664 2576 1735 αὐτῷ
2607 1664 2704 1719 καὶ
2731 1663 2820 1718 διὰ
2862 1663 3053 1719 τούτου
3083 1663 3253 1727 δεῖξαι
3279 1661 3341 1716 τὸ
3365 1663 3465 1733 τῆς
3492 1661 3642 1726 ἐξου-

2060 1749 2440 1819 σίαςάξίωμα,
2463 1749 2561 1821 τὴν
2584 1749 2691 1804 τῶν
2714 1749 2995 1821 ὀνομάτων
3014 1748 3161 1820 αὐτῷ
3181 1749 3328 1803 θέσιν
3351 1747 3640 1819 ἐπέτρεψε,

2059 1838 2152 1890 καὶ
2171 1836 2239 1890 τὰ
2264 1836 2488 1890 τεθέντα
2516 1837 2757 1907 ὀνόματα
2785 1836 2999 1906 ἔμεινεν
3028 1834 3088 1900 ἐξ
3128 1835 3336 1889 ἐκείνου
3369 1835 3451 1898 είς
3480 1835 3639 1887 αὐτά.

2058 1920 2190 1979 Πᾶν
2230 1922 2339 1992 γάρ
2373 1922 2404 1976 ὃ
2424 1922 2722 1977 ἐκάλεσεν
2768 1922 2970 1992 Ἀδὰμ,
2990 1922 3165 1976 τοῦτο
3198 1921 3387 1990 ὄνομα
3412 1919 3639 1986 αὐτοῖς.

2061 1940 2190 1979 ιιαν
2230 1940 2304 1992 γα
2373 1940 2404 1976 o
2424 1940 2722 1977 amsaar
2773 1940 2970 1992 Ἀράμ,
2990 1940 3165 1976 τουτο
3198 1940 3387 1990 ονομα
3412 1940 3639 1986 αυτοις.

2061 2010 2244 2081 φησίν.
2246 1940 2373 2149 ﬁt
2405 2009 2470 2079 δή
2501 2009 2662 2062 τοῦτο
2684 2010 2909 2079 σημεῖον
2940 2008 3032 2062 τοῦ
3066 2007 3141 2078 μὴ
3176 2006 3384 2077 φοϐερά
3404 2002 3644 2074 εἶναιτῷ

2061 2095 2243 2149 ἀνθρώ
2287 2114 2333 2149 ω
2356 2095 2425 2149 τά
2450 2095 2616 2149 θηρία
2644 2093 2796 2149 παρὰ
2822 2093 2920 2149 τὴν
2964 2095 3159 2149 ἀργήνο
3200 2092 3451 2149 δεύτερον
3470 2092 3529 2144 δὲ
3549 2090 3643 2144 καὶ

2059 2090 2333 2168 ἀνθρώπῳ
2356 2095 2425 2149 τά
2450 2095 2616 2166 θηρία
2644 2093 2796 2166 παρὰ
2822 2093 2920 2165 τήν
2964 2095 3159 2167 ἀρχήνο
3200 2092 3451 2165 δεύτερον
3470 2092 3529 2144 δέ
3549 2090 3643 2144 καὶ

2057 2182 2155 2236 τοῦ
2188 2181 2403 2253 πρώτου
2458 2183 2810 2251 σαφέστερον,
2864 2180 2900 2250 ή
2958 2180 3096 2250 πρὸς
3126 2178 3227 2247 τὴν
3272 2180 3506 2246 γυναῖκα
3547 2172 3643 2228 τοῦ

2059 2270 2239 2340 δφεως
2260 2268 2511 2334 διάλεξις.
2540 2269 2603 2321 El
2645 2266 2754 2339 7&9
2777 2263 2846 2337 ἦν
2877 2265 3085 2338 φοϐερά
3119 2265 3190 2319 τά
3215 2264 3382 2335 θηρία
3404 2266 3519 2325 τοῖς
3543 2264 3642 2315 άν-

2061 2354 2319 2427 θρώποις,
2353 2354 2454 2408 οὐκ
2479 2354 2545 2407 ἂν
2570 2352 2753 2406 ίδοῦσα
2781 2353 2871 2406 τὸν
2900 2352 3022 2421 ὅφιν
3045 2352 3259 2423 ἔμεινεν
3284 2352 3318 2422 ή
3350 2348 3642 2419 γυνή.ἀλλ“

2060 2442 2262 2512 έφυγεν
2288 2442 2375 2496 ἀν’
2406 2440 2507 2493 οὐκ
2538 2439 2606 2493 ἂν
2632 2439 2850 2504 ἐδέξατο
2874 2438 3181 2510 συμϐουλήν
3198 2437 3251 2501 ἀ,
3277 2438 3379 2491 οὐκ
3410 2436 3477 2490 ἂν
3507 2432 3647 2506 μετὰ

2060 2527 2328 2598 τοσαύτης
2350 2526 2500 2596 αὐτῷ
2530 2525 2777 2597 διελέχθη
2809 2526 2909 2595 τῆς
2948 2526 3155 2588 ἀδείας,
3181 2523 3296 2579 ἀλλ’
3324 2521 3528 2583 εὐθέως
3578 2521 3645 2574 ἃν

2061 2613 2197 2685 πρὸς
2220 2614 2319 2684 τὴν
2344 2612 2466 2682 δψιν
2501 2612 2598 2666 καὶ
2626 2611 2901 2684 ἐξεπλάγη
2939 2612 3033 2664 καὶ
3061 2610 3404 2683 ἀπεπήδησεο
3440 2608 3558 2663 νυνὶ
3586 2608 3646 2661 δέ
3680 2662 3685 2665 .

2060 2700 2388 2769 διαλέγεται.
2424 2700 2519 2752 καὶ⁵
2544 2699 2605 2752 οὐ
2653 2698 2919 2767 φοϐεῖται·
2951 2698 3164 2751 οὐδέπω
3193 2698 3303 2768 γάρ
3336 2692 3405 2768 ἦν
3431 2696 3459 2749 ό
3481 2694 3646 2764 φόϐος

2060 2779 2235 2850 οὗτος.
2270 2784 2409 2839 ’Δλλ’
2438 2783 2680 2854 ἐπειδὴή
2717 2783 2959 2854 ἀμαρτία
2989 2782 3255 2852 εἰσῆλθεν,
3281 2779 3522 2852 ἀνῃρέθη
3553 2778 3647 2831 καὶ

1997 2896 2025 2930 '1.
2059 2872 2260 2964 cia-1‘5;
2283 2870 2624 2964 τιμῆςθφσλΔ
2637 2869 2887 2964 καθάπερ
2917 2868 3011 2923 ἐπὶ
3163 2866 3412 2964 οίκετών,
3441 2867 3491 2919 οί

2063 2950 2744 3028 εὐδοκιμοῦντες’φοϐεροὶ
2785 2959 2899 3018 τοῖς
2932 2952 3238 3017 συνδούλοις
3289 2954 3449 3013 είσὶν,
3487 2951 3538 3003 οί
3586 2950 3645 3003 δέ

2065 3044 2570 3118 προσκεκρουκότες
2628 3044 2721 3096 καὶ
2766 3044 2893 3106 τούς
2946 3040 3273 3118 ὁμοδούλους
3323 3038 3644 3092 δεδοίκασιν

2062 3108 2206 3186 οῦτω
2243 3108 2339 3185 καὶ
2367 3131 2461 3183 ἐπὶ
2509 3128 2603 3182 τοῦ
2635 3128 2924 3201 ἀνθρώπου
2957 3108 3197 3196 γέγονεν.
3223 3108 3377 3197 ﬂio);
3409 3123 3507 3194 μὲν
3537 3122 3647 3192 γὰρ

2064 3215 2181 3290 εἶχε
2210 3216 2346 3290 πρὸς
2369 3216 2461 3271 τὸν
2490 3215 2624 3270 Θεὸν
2656 3214 2994 3287 παρρησίαν,
3037 3212 3268 3284 φοϐερὸς
3295 3213 3410 3274 τοῖς
3442 3209 3650 3281 θηρίοις

2063 3302 2154 3377 ἦν’
2194 3304 2382 3377 ἐπειδὴ
2425 3304 2483 3358 δὲ
2527 3302 2916 3375 προσέκρουσε,
2942 3302 3037 3355 καὶ
3064 3301 3193 3364 τοὺς
3229 3299 3491 3369 ἐσχάτους
3540 3295 3651 3349 τῶν

2064 3392 2367 3466 ὁμοδούλων
2393 3391 2599 3447 δέδοικε
2628 3389 2831 3444 λοιπόν.
2861 3390 2925 3445 Εί
2947 3390 3004 3444 δέ
3024 3390 3099 3460 μὴ
3127 3387 3285 3441 τοῦτό
3306 3391 3444 3450 ἐστι,
3472 3382 3536 3437 σύ
3561 3400 3651 3455 μοι

2063 3481 2233 3547 δεῖξαι
2266 3479 2373 3551 πρὸ
2399 3478 2499 3550 τῆς
2526 3476 2822 3549 ἁμαρτίας,
2844 3476 2928 3531 δτι
2969 3474 3179 3548 φοϐερά
3204 3476 3317 3538 τοῖς
3342 3471 3653 3545 ἀνθρώποις

2064 3567 2137 3621 τὰ
2172 3566 2339 3638 θηρία
2362 3562 2453 3637 ἦν·
2480 3565 2594 3618 ἀλλ’
2618 3564 2718 3618 οὐκ
2742 3563 2807 3618 ἂν
2843 3563 3009 3634 έχοις.

2138 3655 2203 3710 El
2231 3654 2288 3707 δὲ
2329 3652 2467 3722 μετὰ
2491 3651 2665 3706 ταῦτα
2715 3651 2963 3721 εἰσῆλθεν
2983 3651 3013 3703 ό
3031 3647 3217 3731 φόϐος,
3245 3648 3339 3703 καὶ
3370 3647 3530 3700 τοῦτο
3555 3646 3652 3717 τῆς

2065 3738 2163 3793 τοῦ
2213 3738 2482 3792 Δεσπότου
2514 3737 2860 3807 κηδεμονίας.
2912 3737 2975 3789 Et
3003 3736 3113 3806 7&9
3161 3735 3264 3805 τῆς
3315 3733 3533 3802 ἐντολῆς
3558 3734 3653 3801 τῆς

2068 3825 2314 3893 δοθείσης
2338 3823 2444 3875 ὐπὸ
2474 3822 2567 3875 τοῦ
2608 3820 2743 3874 Θεοῦ
2780 3822 2860 3891 τῷ
2906 3820 3177 3892 ἀνθρώπῳ
3209 3818 3525 3889 κινηθείσης
3561 3818 3653 3870 καὶ

2069 3909 2343 3979 λυθείσης,
2373 3909 2408 3979 ή
2431 3908 2565 3977 τιμὴ
2587 3909 2619 3977 ή
2646 3906 2861 3960 δοθεῖσα
2887 3906 3036 3977 αὐτῷ
3068 3905 3223 3979 παρά
3250 3904 3342 3957 τοῦ
3376 3905 3510 3957 Θεοῦ
3536 3903 3653 3956 ἀκί-

2070 4011 2230 4066 νητος
2264 3972 2504 4064 ἔμεινεν,
2525 3972 2625 4045 οὐκ
2658 3989 2725 4045 ἂν
2762 3991 2957 4063 ἀνέστη
2992 3972 3407 4087 ῥᾳδίωςςοταν
3426 3990 3536 4063 γάρ
3559 3988 3654 4043 καὶ

2071 4082 2473 4155 παρακούοντες
2504 4082 2553 4133 οί
2584 4081 2860 4152 ἀνθρωττοι
2886 4081 2980 4134 καὶ
3005 4080 3082 4152 μή
3123 4077 3530 4148 παρακούοντες
3554 4078 3655 4148 τῆς

2069 4171 2241 4240 αὐτῆς
2268 4167 2578 4223 ἀπολαύωσι
2603 4168 2788 4239 τιμῆς,
2816 4164 3289 4239 παιδοτριϐοῦνται
3316 4165 3454 4238 πρὸς
3486 4180 3654 4233 πονη-

2073 4259 2193 4330 ρίαν
2215 4255 2433 4328 μᾶλλον,
2459 4257 2554 4310 καὶ
2576 4254 2676 4310 οὐκ
2703 4255 2941 4320 εὐκόλως
2965 4254 3293 4325 ἀφίστανται
3318 4253 3418 4323 τῆς
3434 4250 3651 4314 κακίας.

2068 4346 2133 4399 Εἰ
2161 4342 2270 4416 γάρ
2298 4341 2393 4396 νῦν
2433 4342 2613 4413 φόϐων
2644 4341 2740 4397 καὶ
2782 4341 3061 4414 τιμωριιῖιν
3094 4343 3190 4395 καὶ
3222 4340 3495 4394 κολάσεων
3527 4338 3651 4390 ἐπι-

2070 4430 2336 4502 κειμένων
2359 4428 2460 4481 οὐκ
2490 4428 2772 4499 ἀνέχονται
2806 4430 3126 4500 σωφρονεῖν,
3152 4427 3296 4490 τίνες
3329 4427 3396 4481 ἂν
3424 4421 3650 4496 ἧσαν,εί

2073 4515 2242 4587 μηδὲν
2268 4512 2470 4568 ἔπαθον
2501 4514 2642 4585 ὐπέρ
2695 4508 2771 4567 ὧν
2823 4513 3207 4585 ἐπλημμέλουν
3233 4512 3455 4577 δεινῶνς
3488 4512 3652 4565 ’Ὥστε

2069 4601 2227 4672 δῆλον
2254 4601 2348 4688 ὅτε
2366 4599 2660 4669 κηδόμενος
2685 4598 2841 4669 ήμῶν
2876 4600 2970 4653 καὶ
2996 4598 3299 4671 φροντίζων
3327 4600 3357 4652 ό
3386 4597 3536 4661 Θεὸς,
3560 4596 3652 4688 ἐξ-

2076 4687 2272 4743 έϐαλεν
2297 4682 2443 4758 η’μᾶς
2477 4684 2579 4754 τῆς
2599 4685 2791 4755 ἀρχῆς.
2824 4685 2898 4738 Σὺ
2921 4684 2979 4737 δὲ
3010 4685 3103 4739 καὶ
3137 4683 3372 4737 ἐνταῦθά
3397 4699 3486 4752 μοι
3526 4682 3653 4735 σκό-

2071 4791 2166 4831 πει
2209 4774 2310 4845 τὴν
2359 4773 2562 4842 ἄφατον
2599 4770 2763 4826 αὐτοῦ
2813 4762 3262 4844 φιλανθρωπίαν.’
3298 4770 3357 4825 '0
3396 4770 3497 4841 μὲν
3541 4769 3651 4840 7&9

2082 4860 2254 4931 ’Δδὰμ
2279 4863 2459 4916 πᾶσαν
2493 4858 2754 4931 ἀνέτρεψε
2786 4858 2885 4930 τὴν
2912 4857 3153 4929 ἐντολὴν,
3196 4858 3292 4913 καὶ
3321 4855 3536 4929 παρέϐη
3557 4857 3651 4909 τὸν

2069 4947 2254 5019 νόμον
2280 4950 2309 5001 ό
2335 4946 2393 5001 δι
2415 4946 2548 5011 Θεὸς
2575 4948 2637 5000 οὐ
2668 4946 2850 5000 πᾶσαν
2885 4945 3043 4998 έλυσε
3068 4944 3170 5017 τήν
3191 4944 3377 5016 τιμὴν,
3408 4944 3529 4998 οὐδέ
3554 4944 3654 4996 πάι

2072 5051 2173 5105 σης
2209 5033 2464 5101 ἐξέϐαλεν
2485 5032 2649 5088 αὐτὸν
2694 5032 2798 5102 τῆς
2845 5030 3114 5095 ἐξουσίας·
3155 5031 3270 5084 ἀλλ’
3301 5032 3480 5085 ἐκεῖνα
3511 5031 3650 5100 μόνα

2070 5122 2177 5188 ἔξω
2205 5122 2304 5193 τῆς
2340 5121 2512 5192 ἀρχῆς
2561 5120 2774 5191 ἀφῆκεν
2825 5114 2964 5173 εἶναι
2992 5118 3064 5174 τὰ
3109 5118 3244 5183 ζῶα,
3275 5117 3312 5173 ἃ.
3343 5118 3417 5188 μή
3446 5118 3648 5185 σφόδρα

2072 5208 2222 5279 αὐτῷ
2254 5208 2494 5261 συντελεῖ
2508 5206 2643 5278 πρὸς
2667 5206 2763 5277 τὴν
2789 5206 2890 5276 τῆς
2906 5205 3055 5275 ζωῆς
3073 5206 3283 5277 χρείαν·
3305 5208 3374 5259 τὰ
3399 5206 3455 5257 δι
3482 5206 3648 5270 ἀνατ.

2072 5298 2203 5349 καῖα
2244 5296 2337 5348 καὶ
2377 5294 2618 5365 χρήσιμα
2661 5294 2757 5347 καὶ
2807 5292 3007 5364 πολλὴν
3043 5292 3363 5362 εἰσφέροντα
3406 5290 3647 5359 λειτουρ-

2071 5384 2199 5453 γίαν
2219 5386 2301 5447 είς
2327 5385 2429 5455 τήν
2460 5382 2606 5453 ζωὴν
2635 5383 2733 5451 τὴν
2771 5383 3068 5453 ήμετόραν,
3094 5379 3265 5432 ταῦτα
3294 5377 3443 5432 είασε
3462 5377 3646 5447 μένειν

2073 5473 2133 5525 ἐν
2182 5473 2248 5541 τῇ
2300 5470 2532 5542 δουλείᾳ.
2585 5470 2788 5541 Ἀφῆκε
2842 5469 2979 5539 βοῶν
3031 5465 3252 5534 ἀγέλας,
3288 5464 3374 5517 ινα
3413 5463 3643 5533 mpm

2071 5558 2334 5630 ῑλκωμεν,
2393 5556 2478 5610 [va
2512 5554 2613 5627 τήν
2654 5556 2759 5626 γῆν
2794 5555 3101 5626 τέμνωμεν,
3133 5552 3219 5607 ἶνα
3254 5550 3326 5605 τὰ
3354 5551 3641 5622 σπέρματα

2137 5731 2165 5773 ἀ
2188 5734 2310 5796 Reg.
2325 5734 2514 5791 ἐδέξατο
2534 5735 2619 5792 τήν
2641 5731 2811 5796 πικρὰν
2830 5731 3010 5789 ἐκείνην
3025 5732 3105 5781 καί
3125 5730 3331 5799 more»
3353 5726 3638 5810 συμεσώήν.

3202 5822 3276 5886 15
