4146 6260
483 388 490 394 ,
543 327 644 381 593

543 435 988 506 καταϐάλλωμεν·
1032 435 1209 503 ἀφῆκε
1243 434 1350 487 τῶν
1385 432 1692 502 ὑποζυγίων
1736 434 1804 489 τά
1834 435 1990 505 γένη,
2025 435 2115 488 ἵνα

544 523 680 592 πρὸς
713 521 810 591 τὴν
834 519 942 572 τῶν
970 519 1142 586 ἀγωγεί
1149 535 1264 587 μων
1291 517 1657 588 μετακομιδὴν
1686 517 2116 589 συναντιλαμϐά-

544 621 702 676 νηται
730 606 856 674 ἡμῖν
887 601 991 654 τῶν
1020 602 1214 654 πόνων·
1245 600 1422 668 ἀφῆκε
1452 600 1738 669 προϐάτων
1762 601 2005 670 ποίμνια,
2029 601 2118 654 ἴνα

545 688 758 756 ἔχωμεν
779 689 856 748 εἰς
877 683 1164 754 περιϐολὰς
1185 681 1412 750 ἱματίων
1427 683 1690 752 χορηγίαν
1707 681 2000 754 ἀρκοῦσαν·
2023 685 2118 736 καὶ

547 772 706 839 ἕτερα
730 769 785 820 δὲ
821 766 967 838 [658]
1008 765 1136 835 γένη
1169 764 1321 828 ζώων
1348 766 1497 818 εἴασε
1528 765 1727 837 πολλὴν
1753 769 1883 837 ἡμῖν
1925 767 2117 837 ἑτέραν

546 854 831 920 εἰσάγοντα
850 850 1052 922 χρείαν.
1073 849 1286 920 Ἐπειδὴ
1304 849 1422 920 ,γὰρ
1443 850 1686 926 κολάζων
1715 850 1806 903 τὸν
1834 849 2119 920 ἄνθρωπον

547 939 746 1004 ἔλεγεν,
807 936 901 988 Ἐν
927 933 1122 1001 ἱδρῶτι
1152 933 1258 987 τοῦ
1313 933 1634 1000 προσώπου
1673 948 1790 988 σου
1831 933 1992 1004 φάγῃ
2015 935 2121 988 τὸν

545 1021 726 1087 ἄρτον
755 1033 890 1082 σου,
927 1018 1010 1070 ἵνα
1035 1017 1110 1088 μὴ
1140 1019 1167 1070 6
1192 1016 1352 1086 ἱδρὼς
1381 1012 1534 1080 οὗτος
1567 1019 1661 1072 καὶ
1693 1021 1721 1071 6
1753 1018 1946 1088 μόχθος
1971 1020 2063 1072 καὶ
2087 1017 2120 1070 6

547 1101 703 1164 πόνος
720 1102 989 1172 ἀφόρητος
1083 1100 1480 1168 ἐπεκούφισετὸ
1499 1100 1634 1171 βαρὺ
1650 1100 1740 1153 καὶ
1751 1101 2008 1171 φορτικὸν
2027 1100 2120 1152 τοῦ

548 1185 770 1255 ἱδρῶτος
798 1185 875 1254 τῷ
909 1183 1100 1254 πλήθει
1132 1184 1240 1236 τῶν
1259 1183 1465 1252 ἀλόγων
1490 1184 1598 1236 τῶν
1629 1185 2122 1254 συνεφαπτομένων

545 1269 678 1337 ἡμῖν
727 1265 819 1320 τοῦ
855 1265 1014 1318 πόνου
1065 1266 1287 1336 καὶτῆς
1331 1265 1707 1336 ταλαιπωρίας
1749 1265 1973 1336 ταύτης.
2014 1264 2122 1316 K61

548 1347 800 1418 καθάπερ
832 1346 1097 1418 δεσπότης
1130 1347 1504 1418 φιλάνθρωπος
1540 1348 1632 1401 καὶ
1666 1347 2017 1418 κηδεμονικὸς
2033 1347 2122 1399 τὸν

547 1429 766 1499 οίκέτην
803 1429 894 1482 τὸν
931 1429 1125 1482 ἐαυτοῦ
1164 1430 1443 1499 μαστίξας,
1475 1430 1770 1500 θεραπείαν
1798 1429 1922 1484 τινὰ
1951 1445 2123 1500 προσ-

549 1514 672 1579 άγει
696 1510 820 1576 ’ταῖς
846 1513 1113 1583 μάστιξιν⁹
1140 1515 1280 1567 οὕτω
1313 1516 1404 1568 καὶ
1449 1515 1477 1566 6
1507 1513 1638 1580 Θεὸς
1680 1515 1978 1586 καταδίκην⁸
2003 1518 2123 1567 ἐπι-

543 1595 685 1660 θεὶς,
719 1599 877 1650 παντί
893 1599 1076 1668 τρόπῳ
1093 1598 1191 1667 τὴν
1229 1597 1522 1668 καταδίκην
1557 1598 1760 1668 ταύτην
1793 1597 2124 1667 κουφοτέραν

553 1678 798 1746 βούλεται
831 1683 1071 1751 ποιῆσαι,
1109 1681 1290 1752 ἱδρῶτι
1321 1683 1418 1752 μέν
1447 1683 1595 1752 ἡμᾶς
1623 1680 1994 1745 καταδικάσας
2031 1682 2126 1734 καὶ

551 1763 698 1832 πόνῳ
718 1763 972 1834 διηνεκεῖ,
1022 1763 1114 1816 τοῦ
1167 1764 1219 1817 δέ
1275 1765 1438 1817 πόνου
1473 1763 1907 1833 συνεφάπτεσθαι
1959 1764 2125 1818 πολλὰ

548 1845 656 1898 τῶν
689 1847 899 1913 ἀλόγων
929 1841 1060 1917 γένη
1092 1847 1518 1918 παρασκευάσας
1548 1849 1888 1920 ἡμξν.⁹Υπὲρ
1911 1849 1975 1919 δὴ
1999 1848 2124 1902 τού-

551 1946 658 1981 των
682 1909 1442 2002 ἁπάντωνεὺχαριστήσωμεν
1463 1909 1752 2082 αὑτῷἓκαὶ
1777 1909 1886 2004 γάρ
1919 1909 1979 1986 τὸ
2006 1932 2126 1986 δοῦ-

551 2025 636 2063 ναι
660 2012 757 2082 τὴν
785 2012 950 2082 τιμὴν
976 2016 1255 2082 ἡμῖννκαλ.
1300 2014 1359 2067 τὸ
1393 2014 1553 2067 πάλιν
1577 2015 1628 2066 ἀν
1655 2015 1792 2069 ελεῖν
1817 2016 1915 2082 τὴν
1939 2015 2123 2082 τιμὴν,

550 2025 636 2063 ναι
660 2012 757 2082 τὴν
785 2012 950 2083 τιμὴν
976 2016 1255 2083 ἡμῖννκαλ.
1300 2014 1359 2067 τὸ
1393 2014 1553 2067 πάλιν
1577 2012 1792 2082 ἀφελεῖν
1817 2016 1915 2085 τὴν
1939 2015 2123 2087 τιμὴν,

549 2095 643 2146 καλ
667 2095 726 2146 τὸ
779 2096 852 2165 μὴ
885 2097 1071 2148 πᾶσαν
1117 2097 1335 2166 ἀφελεῖν
1371 2099 1560 2168 αὐτὴν,
1591 2098 1684 2150 καὶ
1726 2099 1787 2150 τὸ
1833 2097 1925 2150 τὸν
1962 2099 2125 2166 φόϐον

528 2177 683 2247 ιὴμῖν
713 2178 1006 2247 ἐπιστῆσαι
1035 2180 1161 2233 ’τῶν
1210 2179 1432 2252 θηρίων,
1463 2183 1574 2234 ικαὶ
1608 2181 1804 2244 πάντα,
1835 2181 1900 2234 ἄν
1933 2199 2016 2245 τις
2042 2182 2127 2246 ἐξ-

549 2258 737 2332 ετάζῃ,
762 2261 958 2331 πολλῆς
983 2263 1145 2333 γέμει
1177 2265 1386 2333 σοφίας,
1406 2265 1962 2336 πολλῆς-κηδεμονίας,
1999 2265 2128 2318 πολ-

555 2344 646 2413 λῆς
701 2345 1126 2416 φιλανθρωπίας·
1187 2342 1255 2418 ἧς
1304 2349 1512 2416 γένοιτο
1570 2350 1777 2410 πάντας
1809 2350 1956 2419 ἡμᾶς
1988 2350 2124 2402 ἀπο-

550 2427 734 2482 λαύειν
781 2430 1042 2500 διηνεκῶς
1087 2434 1166 2495 εἰς
1211 2431 1368 2498 δόξαν
1415 2433 1508 2486 τοῦ
1540 2432 1712 2485 ταῦτα
1750 2433 2126 2502 ἐργασαμένου

551 2511 708 2564 Θεοῦ·
725 2512 873 2582 αὑτῴ
902 2515 934 2583 ή
956 2513 1082 2580 δόξα
1107 2517 1186 2577 εἰς
1205 2517 1330 2577 τοὺς
1362 2517 1562 2579 αἰῶνας
1579 2515 1686 2568 τῶν
1706 2514 1916 2569 αἰώνων
1932 2515 2124 2586 Ἀμήν.

1174 2647 1392 2701 ΛΟΓΟΣ
1423 2650 1494 2702 A’.

558 2780 681 2853 Ὅτι,
701 2778 981 2853 δουλείας
1010 2783 1267 2853 τρόπους
1295 2781 1447 2849 τρεῖς
1489 2781 1811 2853 εἰσήγαγεν
1853 2783 1890 2850 ἡ
1939 2783 2126 2853 ἀμαρ-

623 2850 723 2921 nia
746 2869 758 2882 ο
810 2852 908 2921 καὶ
954 2850 1104 2919 πρὸς
1142 2853 1284 2921 τοὺς
1313 2853 1593 2921 ῥᾳθύμως
1630 2850 1986 2920 ἀκούοντας,
2030 2850 2128 2908 καί

531 2993 536 2997 φ
618 2905 704 2987 μὴ
736 2905 1026 2989 τιμῶνταξ⁵
1057 2905 1266 2991 τῖονεῖςί

622 3044 692 3091 α’.
730 3038 1028 3093 Ἠκούσατε
1043 3040 1200 3110 χθὲς,
1227 3040 1344 3104 πῶς
1385 3040 1482 3111 μὲν
1517 3041 1739 3112 ἐποίησε
1772 3041 1997 3112 βασιλέα
2036 3044 2130 3098 καὶ

552 3122 788 3192 ἄρχοντα
815 3124 920 3176 τῶν
977 3124 1180 3194 θηρίων
1228 3125 1318 3178 τὸν
1351 3125 1632 3195 ἄνθρωπον
1670 3129 1698 3179 6
1730 3127 1882 3190 Θεὸς,
1923 3127 2040 3191 πῶς
2073 3128 2130 3181 δέ

554 3204 713 3258 αὑτὸν
733 3205 893 3269 εὐθὺς
913 3207 1018 3276 ⁴τῆς
1055 3206 1330 3276 βασιλείας
1361 3207 1580 3271 ἐξέϐαλε
1603 3227 1616 3242 ο
1654 3211 1851 3279 μᾶλλον
1883 3211 1938 3264 δὲ
1977 3213 2075 3282 οὑχ
2103 3213 2130 3264 6

553 3287 707 3351 Θεὸς,
740 3289 855 3342 ἀλλ’
885 3289 1042 3351 αὑτὸς
1071 3291 1262 3344 ἐαυτὸν
1299 3291 1387 3344 διὰ
1431 3292 1531 3361 τῆς
1575 3297 1858 3363 παρακοῆς
1909 3295 2130 3358 ἐξέϐαλε

554 3369 654 3437 τῆς
675 3371 859 3440 τιμῆς.
893 3372 964 3423 Τὸ
1015 3373 1112 3441 μὲν
1135 3373 1244 3442 γὰρ
1261 3375 1439 3442 τυχεῖν
1461 3375 1560 3444 τῆς
1599 3374 1890 3443 βασιλείας,
1913 3377 2011 3446 τῆς
2035 3377 2128 3430 τοῦ

557 3451 691 3504 Θεοῦ
718 3453 1123 3524 φιλανθρωπίας
1154 3455 1369 3524 ἐγένετο
1404 3458 1587 3527 μόνης.
1615 3459 1689 3510 Οὑ
1719 3458 1826 3528 γὰρ
1853 3460 2130 3532 κατορθω-

561 3534 746 3603 μάτων
779 3535 924 3605 αύτῷ
972 3537 1171 3607 ταύτην
1231 3539 1396 3592 ἔδωκε
1448 3539 1545 3610 τὴν
1584 3540 1845 3611 ἀμοιϐὴν,
1877 3541 2012 3594 ἀλλὰ
2038 3544 2132 3597 καὶ

557 3617 689 3686 πρὶν
740 3617 1074 3688 ῆγενέσθαι,
1125 3622 1399 3692 ἐκόσμησε
1436 3627 1502 3693 τῇ
1551 3627 1706 3694 τιμῇ.
1765 3626 1880 3677 Ἱνα
1910 3626 2018 3697 γὰρ
2056 3628 2129 3698 μὴ

557 3698 743 3770 λέγῃς,
775 3701 856 3755 ὅτι
887 3702 1024 3770 μετά
1071 3703 1242 3757 ταῦτα
1272 3705 1557 3774 γενόμενος
1589 3709 1616 3759 6
1660 3705 1964 3777 ἄνθρωπος,
2014 3705 2132 3764 εἶτα

558 3783 726 3838 πολλὰ
765 3787 1131 3858 κατορθώσας,
1161 3788 1331 3852 οὑτως
1366 3790 1712 3844 ἐπεσπάσατο
1751 3791 1843 3845 τὸν
1876 3792 2008 3847 Θεὸν
2053 3796 2132 3858 είς

558 3867 617 3921 τὸ
642 3869 822 3925 δοῦναι
842 3871 988 3942 αὑτῷ
1014 3872 1109 3944 τὴν
1137 3872 1242 3926 τῶν
1273 3874 1478 3945 θηρίων
1506 3874 1702 3946 ἀρχὴν,
1739 3875 1944 3946 μέλλων
1971 3877 2133 3931 αὑτὸν

557 3950 903 4006 διαπλάττειν
951 3956 1078 4026 περί
1123 3957 1222 4027 τῆς
1252 3957 1423 4028 ἀρχῆς
1457 3957 1622 4010 αὑτοῦ
1656 3958 1962 4026 διαλέγεται
1991 3957 2134 4013 οὕτω

559 4033 760 4102 λέγων·
790 4036 1140 4108 Ποιήσωμεν
1160 4038 1470 4107 ἄνθρωπον
1489 4041 1614 4094 κατ’
1645 4043 1851 4095 εἰκόνα
1879 4042 1976 4095 καί
2003 4043 2134 4097 καθ’

559 4117 846 4186 ὁμοίωσιν
881 4122 1192 4188 ἡμετέραν,
1233 4123 1329 4174 καί
1363 4123 1710 4189 ἀρχέτωσαν
1757 4123 1874 4176 τῶν
1917 4126 2136 4192 θηρίων

559 4199 672 4268 τῆς
704 4201 838 4269 γῆς.
861 4203 973 4273 Πρὸ
1001 4203 1097 4273 τῆς
1131 4204 1274 4274 ζωῆς
1304 4205 1336 4274 ή
1358 4203 1511 4273 τιμὴ,
1536 4204 1640 4274 πρὸ
1658 4205 1755 4274 τῆς
1778 4205 2135 4276 δημιουργίας

558 4286 590 4337 6
622 4284 900 4352 στέφανος,
935 4286 1027 4339 καὶ
1071 4289 1201 4357 πρὶν
1239 4285 1272 4355 ἢ
1306 4286 1575 4354 γενέσθαι,
1602 4287 1695 4339 ἐπὶ
1737 4287 1826 4340 τὸν
1861 4288 2134 4357 βασιλικὸν

561 4367 818 4432 ἀνάγεται
842 4367 1049 4438 θρόνον.
1090 4369 1396 4440 ¹Ἄνθρωποι
1425 4370 1522 4441 μὲν
1554 4369 1661 4441 γάρ
1689 4370 1814 4434 τοὺς
1841 4373 2135 4443 ὑποκειμέ-

561 4464 684 4510 νους
710 4449 892 4512 αὑτοῖς
913 4452 970 4502 ἐν
998 4451 1208 4522 ἐσχάτῳ
1234 4453 1382 4523 γήρα
1410 4452 1551 4522 μετὰ
1573 4453 1799 4516 πολλοὺς
1826 4453 2018 4517 πόνους
2040 4454 2136 4508 καὶ

566 4531 794 4601 μυρίους
819 4533 1112 4597 κινδύνους,
1133 4535 1261 4595 τοὺς
1291 4537 1347 4587 ἐν
1377 4536 1584 4607 εἰρήνῃ,
1609 4538 1737 4598 τοὺς
1767 4537 1825 4589 ἐν
1858 4535 2132 4607 πολέμοις,

561 4616 682 4669 τότε
719 4616 953 4685 τιμῶσιν
975 4633 990 4648 ο
1023 4620 1051 4671 6
1081 4618 1138 4671 δέ
1166 4618 1297 4681 Θεὸς
1323 4619 1419 4689 οὐχ
1445 4619 1617 4681 οὑτως
1635 4662 1649 4685 ,
1673 4620 1786 4673 ἀλλ’
1816 4621 2018 4684 εὐθέως
2041 4638 2134 4694 γε·

562 4700 784 4769 νόμενον
816 4700 978 4753 αὑτὸν
1011 4701 1103 4754 ἐπὶ
1139 4702 1238 4774 τὴν
1268 4703 1434 4774 τιμὴν
1466 4701 1669 4772 ταύτην
1687 4703 1894 4773 ’ῆγαγε,
1924 4703 2136 4767 δεικνὺς

563 4785 644 4837 ὅτι
670 4784 728 4836 οὑ
753 4780 1189 4857 κατορθωμάτων
1209 4787 1356 4839 ἐστὶν
1378 4786 1578 4856 ἀμοιϐὴ
1601 4787 1661 4838 τὸ
1676 4786 1981 4854 γινόμενον,
2001 4786 2140 4840 ἀλλά

535 4903 538 4906 ~
565 4865 685 4922 θεία
717 4871 893 4939 χάρις,
918 4870 1012 4924 καὶ
1043 4870 1142 4924 οὑκ
1170 4869 1381 4941 ὀφειλή.
1413 4870 1486 4923 Τὸ
1518 4870 1615 4939 μὲν
1644 4865 1735 4923 οὖν
1761 4870 1947 4923 λαϐεῖν
1975 4870 2138 4924 αὑτὸν

564 4949 662 5021 τὴν
683 4951 876 5022 ἀρχὴν,
904 4953 1012 5005 ἀπὸ
1047 4954 1145 5024 τῆς
1171 4951 1264 5005 τοῦ
1310 4951 1445 5006 Θεοῦ
1475 4952 1884 5024 φιλανθρωπίας
1921 4954 2139 5022 ἐγένετο

571 5035 738 5104 μόνης
760 5049 774 5063 ⁸
814 5035 874 5087 τὸ
900 5035 957 5088 δέ
981 5036 1232 5088 ἐκπεσεῖν
1253 5035 1350 5106 τῆς
1375 5036 1551 5106 ἀρχῆς
1583 5047 1606 5075 ι
1626 5075 1642 5100 ,
1691 5037 1799 5088 ἀπὸ
1827 5036 1930 5106 τῆς
1955 5035 2138 5089 ἀὑτοῦ
2213 5053 2218 5060 ·

570 5117 1071 5189 ρᾳθυμίας.ῗὯσπερ
1101 5119 1212 5191 γὰρ
1231 5121 1279 5172 οἰ
1307 5118 1546 5188 βασιλεῖς
1570 5121 1694 5183 τοὺς
1717 5121 1815 5189 οὑχ
1843 5118 2141 5174 ὑπακούον-

567 5217 666 5264 τας
724 5204 834 5264 τοῖς
894 5202 1072 5255 αὑτῶν
1114 5203 1497 5274 προστάγμασι
1537 5201 1873 5274 παραλύουσι
1903 5201 2001 5272 τῆς
2037 5201 2140 5272 ἀρ-

567 5285 667 5356 χῆς
693 5297 708 5313 ⁸
733 5285 875 5338 οὕτω
905 5287 998 5340 καὶ
1033 5286 1061 5336 6
1104 5285 1234 5349 Θεὸς
1275 5285 1530 5354 ἐποίησεν
1568 5285 1659 5338 ἐπὶ
1705 5284 1797 5337 τοῦ
1831 5283 2138 5355 ἀνθρώπου,

568 5368 690 5420 τότε
713 5357 1034 5442 παραλύσας
1054 5359 1215 5422 αὑτὸν
1240 5368 1336 5436 τῆς
1353 5369 1543 5438 ἀρχῆς.
1575 5369 1893 5436 Ἀναγκαῖον
1915 5366 1972 5420 δὲ
1988 5365 2138 5438 [659}

569 5454 808 5524 σήμερον
839 5453 1034 5519 εἰπεῖν,
1063 5453 1237 5522 πόσην
1261 5453 1355 5506 καὶ
1379 5445 1548 5521 ἀλλην
1576 5451 1738 5523 τιμὴν
1770 5455 1802 5521 ἡ
1833 5452 1931 5522 τῆς
1959 5453 2142 5522 ἀμαρ-

567 5537 688 5600 τίας
718 5535 1002 5607 παρείλετο
1052 5535 1232 5604 φύσις,
1280 5533 1376 5606 καὶ
1422 5534 1578 5597 ὅσους
1611 5534 1851 5597 δουλείας
1883 5536 2139 5604 εἰσήγαγε

635 5724 659 5752 ’⁸
689 5724 808 5782 Reg.
838 5737 962 5777 unus
984 5724 1036 5769 :6
1061 5725 1111 5771 δὲ
1135 5724 1346 5771 ἐκεαλεῐν
1373 5724 1512 5771 αὐτὸν
1529 5728 1613 5779 τῆς
1629 5721 1779 5785 ἀρχῇς

1235 324 1291 373 S.
1332 319 1612 373 JUANNIS
1649 314 2144 373 CIIRYSOSTOMI
2176 313 2503 371 ARCHIEP.
2541 315 3088 373 CONSTANTINOP.

3681 325 3795 382 593

2211 432 2475 502 τρόπους,
2499 432 2688 506 ὥσπερ
2704 451 2788 497 τις
2813 435 3075 507 τύραννος
3095 438 3154 490 ἐν
3175 435 3533 507 πολυτρόποις
3550 438 3796 508 δεσμοῖς,

2215 518 2336 578 ταῖς
2368 517 2733 582 παντοδαπαῖς
2779 519 2976 589 ἀρχαῖς
3011 519 3110 591 τὴν
3155 520 3429 592 ἡμετέραν
3453 520 3797 590 δεσμεύουσα

2207 599 2398 667 λφύσιν.
2434 600 2588 654 Ἔστι
2621 601 2802 655 τοίνυν
2833 603 2976 674 ἀρχὴ
3016 604 3112 656 καὶ
3163 604 3375 658 δουλεία
3425 603 3637 675 πρώτη.
3671 606 3796 658 καθ’

2213 681 2282 753 ,ἢν
2311 682 2406 734 1:61
2437 683 2710 751 γυναικῶν
2752 686 2799 736 οἰ
2843 685 3031 756 ἄνδρες
3064 685 3356 756 κρατοῦσι’
3394 686 3534 756 μετά
3559 687 3668 758 γὰρ
3695 688 3798 759 τὴν

2218 765 2492 835 ἁμαρτίαν
2519 768 2551 835 ἡ
2588 766 2791 836 ταύτης
2824 768 3039 836 ἐγένετο
3059 769 3236 839 χρεία.
3272 771 3388 840 Πρὸ
3417 769 3526 840 γὰρ
3552 771 3652 839 τῆς
3689 788 3797 824 παι

2219 847 2426 918 ρακοῆς
2453 849 2719 919 ὁμότιμος
2747 846 2815 920 ἦν
2847 849 2924 917 τῷ
2972 850 3126 921 ἀνδρί
3145 869 3158 882 ο
3211 853 3305 904 καὶ
3337 852 3446 924 γὰρ
3472 854 3560 904 ὅτε
3589 853 3797 923 ταύτην

2217 930 2529 986 διέπλαττεν
2563 933 2590 985 6
2622 933 2775 996 Θεὸς,
2800 928 2883 998 οἷς
2908 936 3177 1005 ἐχρήσατο
3208 937 3418 1006 ῥήμασι
3450 937 3546 990 καὶ
3578 937 3672 988 ἐπὶ
3697 937 3800 1007 τῆς

2217 1011 2558 1076 διαπλάσεως
2579 1015 2671 1067 τοῦ
2692 1015 2903 1085 ἀνδρὸς,
2932 1015 3140 1079 τούτοις
3171 1019 3264 1070 καὶ
3295 1017 3387 1070 ἐπὶ
3413 1017 3514 1086 τῆς
3542 1018 3800 1088 δημιουρ-

2207 1095 2344 1162 ,γίας
2363 1097 2460 1166 τῆς
2480 1097 2972 1169 γυναικός.Ὤσπερ
2991 1094 3084 1151 οῦν
3105 1094 3256 1152 εἶπεν
3276 1100 3361 1153 ἐπ’
3381 1099 3592 1169 ἐκείνῳ,
3619 1098 3799 1166 110ιή-

2219 1190 2418 1244 σωμεν
2454 1177 2771 1246 ἄνθρωπον
2803 1182 2929 1233 κατ’
2962 1182 3170 1234 εἰκόνα
3227 1182 3328 1234 καὶ
3364 1182 3491 1236 καθ’
3510 1183 3801 1250 ὁμοίωσιν

2221 1260 2535 1330 ἡμετέραν,
2563 1264 2657 1314 καὶ
2685 1263 2782 1315 οὑκ
2815 1257 2956 1329 εἷπε,
2986 1261 3277 1334 Γενηθήτω
3305 1263 3592 1335 ἄνθρωπος
3612 1281 3625 1295 ·
3655 1263 3801 1318 οὕτω

2221 1343 2318 1396 καὶ
2351 1343 2442 1396 ἐπὶ
2473 1342 2676 1412 ταύτης
2706 1345 2807 1397 οὑκ
2841 1339 2984 1408 εἰπε,
3017 1345 3304 1416 Γενηθήτω
3352 1347 3510 1414 γυνὴ,
3541 1344 3678 1400 ἀλλά
3706 1347 3802 1400 καὶ

2217 1425 2476 1491 ἐνταῦθα,
2514 1426 2864 1496 Ποιήσωμεν
2892 1426 3054 1492 αὐτῷ
3076 1428 3310 1497 βοηθόν
3327 1446 3342 1461 ο
3365 1429 3466 1484 καὶ
3489 1430 3586 1500 οὑχ
3614 1431 3803 1494 ἅπλῶς

2225 1509 2441 1581 βοηθὸν,
2463 1509 2617 1571 ἀλλὰ.
2649 1513 2787 1566 Κατ’
2813 1511 3021 1579 αὐτὸν,
3047 1512 3208 1566 πάλιν
3236 1512 3298 1566 τὸ
3319 1513 3577 1584 ὁμότιμον
3603 1513 3800 1584 δηλῶν.

2213 1588 2440 1664 ’Ἐπειδὴ
2460 1594 2568 1665 γὰρ
2595 1595 2793 1665 πολλὴν
2824 1597 2903 1659 εἰς
2927 1596 3026 1667 τὴν
3048 1596 3147 1667 τῆς
3171 1595 3318 1666 ζωῆς
3343 1596 3498 1666 ἡμῶν
3525 1596 3713 1668 χρείαν
3734 1597 3803 1650 τὰ

2209 1676 2391 1743 ’ἄλογα
2414 1676 2511 1746 τὴν
2540 1676 2639 1746 τῆς
2671 1676 2916 1747 βοηθείας
2958 1680 3218 1748 εἰσήγαγε
3270 1679 3578 1744 κοινωνίαν,
3606 1679 3697 1731 ἴνα
3726 1678 3803 1748 μὴ

2210 1758 2332 1812 ’τῶν
2353 1758 2565 1811 δούλων
2597 1759 2826 1832 νομίσῃς
2856 1757 2993 1813 εἶναι
3023 1761 3121 1813 καὶ
3143 1760 3238 1830 τὴν
3267 1761 3519 1829 γυναῖκα,
3551 1759 3652 1831 δρα
3687 1759 3804 1822 πῶς

2224 1843 2369 1894 ποιεῖ
2394 1841 2492 1910 τὴν
2513 1840 2784 1912 διάκρισιν
2823 1843 3086 1914 φανεράν.
3131 1844 3351 1912 Ἥγαγε
3383 1843 3454 1896 τὰ
3479 1844 3676 1910 θηρία,
3707 1859 3804 1912 φη-

2227 1926 2331 1988 σιν,
2358 1923 2615 1978 ἐνώπιον
2640 1925 2747 1978 τοῦ
2786 1925 2988 1995 Ἀδὰμ,
3028 1926 3126 1979 καί
3174 1929 3286 1996 οὐχ
3329 1927 3540 1994 εὑρέθη
3572 1926 3804 1992 ,ϐοηθὸς

2210 2007 2424 2076 ὅμοιος
2446 2005 2606 2078 αὐτῷ
2627 2007 2752 2059 κατ’
2777 2009 2982 2061 αὐτόν.
3011 2009 3076 2061 Τί
3098 2003 3223 2074 οῦνς
3247 2012 3276 2062 6
3297 2009 3462 2072 ῖππος
3499 2009 3562 2062 οὑ
3588 2009 3804 2080 βοηθὸς,

2229 2093 2819 2164 συμπαραταττόμενος
2844 2097 2900 2148 ἐν
2928 2097 3040 2159 τοῖς
3061 2095 3348 2167 πολέμοιςς
3380 2097 3408 2149 6
3439 2095 3565 2166 βοῦς
3591 2099 3651 2150 οὑ
3675 2096 3807 2166 βοη-

2227 2180 2339 2246 θὸς,
2371 2181 2601 2251 ἄροτρον
2625 2181 2800 2233 ἐλκων
2829 2182 2923 2234 καὶ
2955 2183 3286 2253 συγκάμνων
3309 2184 3440 2252 ἡμῖν
3461 2184 3518 2237 ἐν
3551 2185 3671 2246 ταῖς
3698 2182 3808 2236 τῶν

2229 2267 2561 2337 σπερμάτων
2592 2269 2920 2332 καταϐολαῖς
2945 2285 2959 2334 ;
2989 2268 3231 2332 Mog-1:61
3261 2271 3487 2341 mum:
3507 2270 3568 2324 οὑ
3600 2270 3807 2342 βοηθοὶ,

2227 2358 2363 2430 πρὸς
2390 2359 2488 2430 τὴν
2517 2355 2626 2410 τῶν
2651 2355 2950 2426 ἀγωγίμων
2987 2359 3122 2427 ἡμῖν
3152 2359 3599 2429 συμπράττοντες
3643 2375 3808 2428 μετα-

2228 2449 2489 2520 κομιδήν;
2534 2446 2674 2499 Ἀλλ’
2700 2447 2786 2498 ἵνα
2811 2445 2886 2517 μὴ
2909 2445 3068 2523 τοῦτο
3095 2445 3279 2518 λέγῃς,
3304 2447 3393 2500 διὰ
3409 2448 3574 2501 τοῦτο
3599 2447 3808 2520 ἀκριϐῆ

2228 2539 2464 2590 ποιεῖται
2510 2533 2606 2605 τὴν
2641 2532 2925 2603 διαίρεσιν.
2971 2531 3109 2587 Οὑδέ
3135 2534 3249 2604 γὰρ
3288 2530 3441 2588 εἶπεν
3487 2535 3694 2598 ἁπλῶς,
3725 2535 3809 2589 ὅτι

2213 2625 2324 2692 -οὑχ
2358 2621 2556 2693 εὑρέθη
2588 2621 2738 2690 αὑτῷ
2761 2621 2978 2692 βοηθὸς,
3005 2622 3126 2674 ἀλλ’
3153 2623 3234 2675 ὅτι
3271 2625 3397 2692 Οὐχ
3423 2624 3636 2692 εὑρέθη
3656 2625 3808 2691 βοη-

2229 2703 2332 2774 θὸς
2370 2709 2572 2778 ὅμοιος
2597 2707 2786 2772 αὐτῷ.
2831 2705 2990 2761 Θῦτω
3047 2709 3139 2764 καὶ
3190 2699 3442 2774 ἐντείῦθα,
3485 2711 3810 2782 Ποιήσωμεν

2209 2798 2380 2868 ἀὑτῷ
2413 2795 2628 2868 βοηθὸν,
2672 2795 2770 2864 οὑχ
2817 2795 3028 2861 ἁπλῶς,
3078 2795 3234 2862 ἀλλὰ,
3271 2797 3622 2865 Ποιήσωμεν
3648 2797 3810 2864 αὐτῷ

2225 2885 2458 2951 ,βοηθὸν
2475 2883 2610 2936 κατ’
2640 2883 2846 2943 αὑτὸν,
2884 2877 3028 2938 εἷπε.
3060 2883 3244 2936 Ταῦτα
3269 2883 3326 2936 δὲ
3359 2885 3464 2954 πρὸ
3496 2884 3596 2952 τῆς
3626 2886 3809 2954 ἀμαρ-

2229 2973 2350 3034 τίας
2373 2986 2389 3002 ο
2427 2971 2565 3039 μετά
2587 2970 2643 3022 δὲ
2665 2969 2763 3040 τὴν
2803 2970 3077 3040 ἁμαρτίαν
3096 3011 3111 3036 ,
3161 2973 3318 3038 Πρὸς
3341 2972 3446 3024 τὸν
3473 2971 3660 3039 ἄνδρα
3680 2986 3809 3024 σου

2229 3058 2268 3123 ἠ
2321 3055 2675 3125 ἀποστροφή
2722 3072 2838 3110 σου
2865 3098 2879 3123 ,
2928 3059 3026 3110 καί
3075 3059 3260 3124 αὐτός
3312 3073 3427 3112 σου
3481 3059 3806 3126 κυριεύσει.

2231 3143 2496 3215 Ἐποίησά
2519 3160 2605 3205 σε,
2629 3146 2818 3214 φησὶν,
2844 3143 3134 3215 ὁμότιμον·
3169 3144 3267 3196 οὑκ
3293 3145 3510 3218 ἐχρήσω
3534 3145 3714 3209 καλῶς
3725 3148 3805 3216 ’τῇ

2232 3233 2410 3303 ἀρχῇ·
2440 3230 2708 3301 μετάϐηθι
2741 3230 2876 3299 πρὸς
2908 3229 3007 3300 τὴν
3057 3230 3363 3301 ὑποταγήν,
3411 3231 3525 3284 Οὑκ
3574 3232 3809 3302 ῆνεγκας

2230 3320 2328 3392 τὴν
2362 3319 2693 3388 ἐλευθερίαν,
2722 3317 3012 3382 κατάδεξαι
3059 3317 3157 3389 τὴν
3181 3317 3439 3372 δουλείαν.
3507 3319 3620 3371 Οὐκ
3663 3313 3810 3381 οἶδας

2231 3408 2441 3478 ἄρχειν,
2479 3406 2572 3459 καὶ
2612 3405 2680 3458 δι’
2713 3405 2883 3474 αὐτῆς
2926 3404 3036 3460 τῶν
3085 3405 3424 3474 πραγμάτων
3473 3404 3677 3469 ἔδειξας
3709 3404 3809 3473 τῆς

2208 3494 2460 3564 -πείραςο
2495 3491 2653 3561 γενοῦ
2707 3490 2815 3545 τῶν
2867 3491 3207 3562 ἀρχομένων,
3243 3493 3339 3562 καὶ
3382 3491 3470 3544 τὸν
3499 3491 3667 3562 ἄνδρα
3694 3493 3812 3544 ἐπί-

2231 3580 2401 3647 γνωθι
2429 3578 2638 3650 κύριον.
2666 3578 2822 3647 Πρὸς
2864 3579 2974 3631 τὸν
3001 3577 3190 3646 ἄνδρα
3217 3594 3333 3632 σου
3363 3578 3408 3644 κή
3450 3578 3808 3646 ἀποστροφή

2215 3684 2372 3731 σου,
2399 3665 2498 3720 καί
2527 3665 2711 3731 αὐτός
2739 3679 2856 3718 σου
2889 3665 3212 3732 κυριεύσει.
3259 3665 3370 3717 Καὶ
3423 3664 3522 3735 ὅρα
3545 3664 3693 3716 ’Θεοῦ
3719 3667 3810 3716 ἐνο

2209 3752 2407 3806 ’ταῦθα
2448 3749 2877 3822 φιλανθρωπίαν.
2931 3751 3048 3804 Ἵνα
3105 3749 3214 3820 γὰρ
3269 3749 3342 3821 μὴ
3407 3749 3686 3803 ἀκούσασα
3726 3750 3807 3811 τὸ,

2233 3842 2426 3906 Αὐτός
2451 3857 2569 3894 σου
2596 3840 2918 3907 κυριεύσει,
2935 3839 3196 3911 φορτικὴν
3225 3835 3361 3892 εἶναι
3385 3839 3582 3911 νομίσῃ
3601 3838 3698 3908 τὴν
3726 3838 3812 3890 δε-

2238 3926 2516 3992 σποτείαν,
2549 3927 2814 3997 πρότερον
2839 3927 2900 3979 τὸ
2924 3926 3022 3997 τῆς
3051 3927 3376 3997 κηδεμονίας
3404 3926 3610 3997 ζέθηκεν
3643 3926 3810 3995 ὄνομα

2235 4015 2422 4081 εἰπὼν,
2459 4015 2618 4083 Πρὸς
2649 4017 2758 4069 τὸν
2814 4015 3006 4083 ἄνδρα
3054 4031 3170 4068 σου
3206 4017 3238 4085 ἡ
3288 4012 3640 4083 ἀποστροφή
3670 4030 3808 4077 σου,

2233 4094 2533 4165 τουτέστιν,
2559 4103 2915 4173 Ἦκαταφυγή
2950 4119 3043 4155 σου
3074 4103 3166 4154 καὶ
3194 4102 3222 4153 6
3243 4101 3404 4172 λιμὴν
3431 4103 3524 4154 καὶ
3563 4103 3597 4172 ὴ
3633 4099 3809 4168 ἀσφά-

2235 4191 2351 4243 λεια
2375 4192 2589 4252 ἐκεῖνος
2629 4189 2780 4242 ἔσται
2811 4205 2928 4242 σοι’
2959 4191 3017 4241 ἐν
3042 4190 3174 4242 πᾶσι
3206 4193 3318 4250 τοῖς
3365 4187 3581 4240 ἐπιοῦσι
3619 4188 3808 4252 δεινοῖς

2237 4278 2374 4348 πρὸς
2397 4279 2606 4331 ἐκεῖνον
2632 4275 3072 4346 ἀποστρέφεσθαι
3103 4276 3198 4328 καί⁵
3223 4275 3584 4343 καταφεύγειν
3628 4292 3707 4328 σοι
3734 4274 3808 4326 δί-

2223 4363 2376 4433 δωμι
2395 4363 2444 4416 b.
2475 4363 2550 4414 Οὑ
2573 4361 2744 4433 ταύτῃ
2772 4361 2828 4414 δέ
2855 4362 3037 4433 μόνον,
3057 4362 3198 4415 ἀλλά
3219 4364 3311 4416 καὶ
3332 4365 3590 4431 φυσικαῖς
3615 4362 3812 4424 αὑτοὺς

2239 4448 2526 4518 συνέδησεν
2557 4450 2823 4517 ἀνάγκαις
2854 4450 3106 4520 καθάπερ
3129 4449 3404 4521 άρῤηκτόν
3445 4465 3564 4502 τινα
3593 4449 3807 4516 δεσμὸν,

2236 4541 2335 4612 τὴν
2362 4542 2426 4593 ἐκ
2449 4541 2548 4611 τῆς
2571 4540 2866 4612 ἐπιθυμίας
2887 4540 3196 4610 περιϐαλὼν
3217 4542 3399 4604 αὑτοῖς
3429 4539 3636 4594 ἅλυσιν.
3663 4534 3812 4602 Εἶδες

2239 4630 2356 4691 πῶς
2381 4629 2646 4700 εἰσήγαγε
2671 4629 2771 4698 μὲν
2795 4627 2893 4699 τὴν
2917 4628 3195 4700 ὑποταγὴν
3230 4630 3263 4698 ή
3289 4627 3552 4700 ἁμαρτία,
3582 4630 3610 4681 6
3643 4627 3699 4680 δὲ
3728 4627 3814 4678 εὑ-

2243 4719 2479 4788 μήχανος
2515 4718 2608 4770 καί.
2637 4716 2798 4784 σοφὸς
2824 4715 2956 4779 Θεὸς
2992 4716 3086 4770 καὶ
3122 4715 3332 4780 τούτοις
3362 4716 3498 4787 πρὸς
3529 4715 3588 4767 τὸ
3613 4715 3814 4785 συμφέ-

2233 4821 2334 4876 ρον
2371 4807 2503 4875 ήμῖν
2544 4804 2929 4874 ἀπεχρήσατος
2965 4803 3232 4856 Ἄκουσον
3287 4801 3405 4866 πῶς
3449 4802 3550 4854 καὶ
3605 4801 3812 4863 Παῦλος

2207 4954 2218 4960 ,
2241 4895 2367 4963 περὶ
2397 4891 2600 4961 ταύτης
2630 4891 2778 4966 λέγει
2805 4892 2903 4961 τῆς
2934 4891 3216 4960 ὑποταγῆς
3241 4929 3258 4955 ,
3317 4890 3405 4942 ἴνα
3442 4889 3619 4962 μάθῃς
3655 4887 3812 4941 πάλιν

2241 4981 2483 5042 Παλαιᾶς
2523 4978 2674 5050 [660]
2728 4979 2822 5032 καὶ
2883 4977 3092 5046 Καινῆς
3133 4979 3232 5048 τὴν
3256 4977 3593 5047 συμφωνίαν.
3623 4974 3812 5042 Γυνὴ,

2243 5072 2427 5140 φησιν,
2451 5069 2522 5122 ἐν
2549 5068 2781 5136 ἠσυχίᾳ
2814 5065 3160 5130 μανθανέτω
3175 5067 3255 5118 ὲν
3281 5065 3455 5134 πάσῃ
3482 5062 3775 5132 ὑποταγῇ.

2312 5151 2466 5218 Εἶδες
2484 5157 2588 5208 καὶ
2607 5156 2768 5209 αὑτὸν
2789 5153 3134 5216 ὑποτάξαντα
3161 5153 3240 5222 τῷ
3261 5154 3414 5223 ἀνδρὶ
3433 5154 3532 5223 τὴν
3550 5153 3812 5219 γυναῖκας

2255 5244 2393 5297 ’Δλλ’
2432 5243 2742 5313 ἀνάμεινον.
2777 5241 2874 5295 καὶ
2905 5243 3004 5311 τὴν
3029 5241 3209 5295 αἰτίαν
3236 5235 3465 5313 ἀκούσῃ.
3496 5240 3593 5292 Διὰ
3617 5239 3692 5305 τί,
3721 5237 3818 5292 Ἐν

2241 5331 2412 5400 ,πάσῃ
2451 5328 2757 5398 {motam};
2795 5329 3066 5382 Γυναῖκα
3105 5339 3126 5367 ο
3157 5327 3287 5400 γὰρ,
3331 5329 3484 5399 φησὶ,
3510 5327 3818 5381 διδάσκειν

2243 5425 2354 5477 οὐκ
2398 5419 2706 5487 ἐπιτρέπω.
2762 5417 2862 5471 Διά
2889 5419 2972 5483 τί;
3010 5417 3245 5482 Ἐδίδαξε
3299 5418 3410 5486 γὰρ
3456 5416 3601 5482 ἀπαξ
3634 5415 3816 5478 κακῶς

2242 5511 2334 5564 τὸν
2367 5509 2555 5578 Ἀδάμ.
2589 5506 2742 5562 Οὐδὲ
2761 5506 3073 5562 αὐθεντεῖν
3100 5507 3208 5564 τοῦ
3228 5507 3468 5575 ἀνδρός.
3499 5506 3564 5560 Τί
3583 5506 3817 5578 δήποτες

2307 5667 2335 5705 b
2362 5667 2483 5726 Reg.
2509 5675 2636 5710 unus
2654 5662 2709 5708 σὲ
2732 5661 2900 5719 δίδωμι

2310 5732 2329 5758 ε
2360 5725 2480 5787 Βιιές.
2509 5727 2636 5774 idem
2661 5725 2857 5784 γυναικί.
