4146 6260
389 339 495 395 595

390 447 707 504 mandemus
731 463 748 503 :
776 447 989 519 reliquit
1015 454 1070 503 et
1090 444 1445 516 subiugalium
1475 444 1637 498 multa
1667 458 1885 513 genera.
1916 448 1976 496 ut

385 540 454 595 ad
477 541 714 596 sarcinas
732 539 1104 598 conveltendas
1120 538 1359 593 laborem
1379 536 1651 599 nobiscum
1673 542 1976 589 exanttent:

387 633 602 702 reliquit
628 634 805 687 ovium
835 647 1039 703 greges,
1070 640 1128 685 ιιι
1151 630 1442 685 habeamus
1462 669 1478 693 ,
1508 643 1627 698 qua:
1654 626 1722 681 ad
1752 640 1850 681 nos
1880 640 1975 682 ve-

389 724 625 780 stiendos
646 725 908 780 sufficiant
931 740 946 779 :
970 724 1185 793 reliquit
1202 732 1257 777 et
1272 722 1373 776 alia
1389 735 1583 792 genera
1602 718 1973 785 animantium,

388 827 459 867 ex
488 814 680 884 quibus
698 815 863 869 multa
891 815 942 869 in
968 823 1179 869 nostros
1200 827 1327 866 usus
1347 809 1626 867 commoda
1647 809 1972 864 derivantur.

387 901 522 957 Nam
558 904 681 973 quia
710 906 834 958 dum
866 904 1134 958 hominem
1172 902 1385 972 puniret
1421 901 1632 955 dixerat
1658 918 1671 952 :
1700 898 1766 953 In
1793 900 1979 953 sudore

389 993 557 1048 uultus
587 996 661 1048 tui
692 996 901 1050 vesceris
931 1012 1059 1065 pane
1088 1005 1171 1048 tuo
1202 993 1354 1065 (Gen.
1385 993 1438 1047 5.
1470 991 1560 1061 19)
1592 1009 1605 1045 :
1636 1000 1694 1045 ut
1718 1006 1786 1045 ne
1815 990 1979 1045 sudor

388 1097 456 1139 ac
495 1084 647 1140 labor
683 1086 784 1140 iste
824 1085 1175 1140 intolerabilis
1212 1095 1394 1149 esset,
1425 1082 1637 1138 sudoris
1675 1081 1976 1136 molestiam

392 1174 698 1247 laborisque
726 1180 1043 1249 gravitatem
1070 1179 1433 1247 iumentorum
1464 1174 1803 1230 multitudine
1830 1175 1977 1229 leva-

388 1269 505 1335 vit,
537 1285 656 1339 quae
682 1286 784 1325 una
818 1272 1094 1327 nobiscum
1123 1271 1368 1328 laborant
1400 1277 1454 1323 et
1482 1268 1754 1323 molestias
1779 1266 1972 1321 ferunt.

391 1360 461 1415 Et
486 1362 931 1431 quemadmodum
960 1362 1221 1433 benignus
1246 1376 1311 1416 ac
1336 1359 1585 1430 providus
1614 1359 1774 1413 herus
1800 1358 1982 1429 ﬂagel-

392 1452 500 1507 lato
529 1468 686 1508 servo
710 1470 891 1509 curam
915 1456 1145 1525 aliquam
1171 1468 1458 1522 cengruam
1479 1452 1701 1523 ﬂagellis
1721 1452 1935 1506 adhibet
1963 1470 1976 1506 :

392 1543 471 1597 sic
515 1543 765 1599 nimirum
811 1545 898 1600 ubi
939 1560 1148 1615 poenam
1188 1559 1283 1599 reo
1321 1544 1574 1612 imposuit
1616 1544 1793 1610 Deus,
1833 1542 1979 1599 omni

392 1632 599 1687 ratione
628 1648 838 1702 ptrnam
879 1635 1032 1689 istam
1076 1634 1333 1689 leviorem
1362 1633 1591 1688 reddere
1618 1633 1819 1699 voluit,
1847 1633 1974 1687 dum

392 1722 458 1777 ad
488 1722 736 1778 sudorem
765 1741 862 1779 nos
887 1725 1230 1795 laboremque
1266 1734 1578 1795 perpetuum
1604 1724 1886 1779 damnatos
1921 1724 1975 1779 in

378 1811 576 1875 labore
600 1817 800 1869 curavit
827 1816 1045 1871 ferendo
1070 1831 1097 1869 a
1119 1817 1299 1870 multis
1323 1818 1608 1886 generibus
1633 1818 1980 1873 animantium

392 1902 651 1972 adjuvari.
698 1905 801 1960 Pro
840 1906 921 1961 bis
957 1922 1087 1962 sane
1127 1907 1376 1961 omnibus
1403 1907 1452 1962 ei
1491 1908 1689 1976 gratias
1717 1922 1975 1977 agamus:

392 2008 514 2047 nam
542 1995 683 2062 quod
710 1996 964 2051 honorem
989 1998 1143 2052 nobis
1163 1998 1406 2063 contulit,
1434 2011 1498 2051 ac
1519 2012 1702 2052 rursus
1724 1998 1981 2053 honorem

392 2085 606 2154 eripuit,
635 2095 691 2141 et
716 2102 820 2142 non
847 2103 1060 2143 omnem
1090 2088 1284 2157 eripuit
1309 2088 1503 2157 ipsum,
1535 2097 1588 2142 et
1612 2089 1753 2158 quod
1783 2089 1982 2145 bestia-

393 2189 512 2228 rum
541 2177 783 2231 timorem
814 2178 1052 2242 immisit,
1080 2187 1136 2232 et
1159 2178 1360 2244 omnia,
1387 2177 1434 2232 si
1461 2177 1580 2247 quis
1604 2179 1870 2235 examinet
1894 2194 1981 2246 ea,

393 2265 615 2319 multam
637 2268 969 2335 sapientiam,
990 2268 1210 2321 multam
1231 2267 1640 2338 providentiam,
1656 2270 1984 2340 multamque

395 2353 731 2410 clementiam
773 2372 883 2426 prae
919 2372 979 2411 se
1008 2357 1188 2412 ferunt
1233 2376 1246 2411 :
1290 2373 1393 2426 qua
1427 2359 1579 2414 nobis
1608 2360 1855 2415 omnibus
1882 2361 1984 2415 frui

399 2456 659 2513 perpetuo
694 2448 966 2517 contingat
1006 2448 1059 2502 in
1104 2449 1194 2504 Dei
1231 2450 1452 2519 gloriam
1477 2491 1493 2516 ,
1526 2451 1614 2520 qui
1654 2450 1770 2506 haec
1802 2453 1984 2507 omnia

404 2535 623 2601 perfecit
654 2552 667 2588 :
697 2536 797 2606 ipsi
825 2538 994 2607 gloria
1028 2539 1080 2592 in
1107 2539 1301 2595 saecula
1330 2541 1667 2596 surculorum.
1701 2544 1895 2597 Amen.

967 2689 1197 2746 SERMO
1223 2688 1289 2748 tv
1319 2691 1417 2766 (a).

400 2816 550 2885 Quod
600 2822 854 2877 servitutis
881 2825 1056 2877 ntodos
1104 2835 1203 2878 tres
1244 2826 1504 2881 induxerit
1536 2838 1792 2898 peccatum
1817 2844 1837 2883 :
1866 2840 1912 2883 et
1931 2832 1986 2885 in

470 2913 775 2981 negligentes
804 2915 1061 2969 auditores
1080 2956 1094 2978 ,
1126 2932 1309 2984 eosque
1354 2919 1442 2988 qui
1476 2932 1708 2988 parentes
1754 2939 1857 2976 non
1884 2924 1983 2975 ho-

468 3014 672 3057 norant.

472 3135 524 3187 1.
554 3133 760 3190 Honore
780 3138 929 3208 aﬂicit
949 3139 1174 3195 subditos
1193 3158 1310 3197 suos
1338 3141 1498 3213 Deus,
1518 3142 1865 3217 quomodo-—-
1881 3151 1990 3206 Au-

397 3222 606 3280 divistis
645 3225 759 3281 heri
787 3269 801 3293 ,
844 3244 950 3299 quo
996 3240 1151 3300 pacto
1182 3232 1322 3290 Deus
1372 3234 1642 3293 hominem
1694 3239 1988 3297 bestiarum

396 3329 576 3387 regem
608 3333 670 3374 ac
699 3320 990 3391 principem
1014 3325 1373 3395 constituerit,
1393 3343 1497 3398 quo
1515 3340 1669 3399 pacto
1698 3333 1824 3387 item
1854 3349 1990 3389 con-

396 3406 575 3464 festitn
600 3427 630 3465 e
670 3428 836 3484 regno
880 3415 1027 3471 illum
1072 3415 1322 3488 eiecerit;
1352 3418 1436 3477 vel
1467 3426 1643 3492 potius
1667 3440 1774 3480 non
1805 3427 1945 3483 Deus
1968 3469 1983 3493 ,

395 3500 490 3555 sed
512 3502 624 3573 ipse
652 3518 746 3573 per
775 3506 1188 3564 inobedientiam
1214 3510 1419 3568 honore
1449 3514 1683 3585 seipsum
1705 3516 1984 3573 abdicarit.

394 3590 526 3647 Nam
564 3596 705 3663 quod
746 3598 819 3651 illi
851 3615 1071 3668 regnum
1101 3601 1382 3672 obtigerit,
1415 3603 1613 3661 divinae
1658 3606 1826 3663 solius
1878 3610 1979 3665 fuit

397 3684 759 3755 benignitatis.
799 3690 981 3759 Neque
1006 3695 1148 3747 enim
1180 3692 1317 3748 hanc
1348 3695 1424 3749 illi
1455 3698 1757 3753 mercedem
1802 3700 1988 3755 tribuit

396 3785 543 3829 recte
588 3776 842 3832 factorum
864 3821 878 3845 ,
912 3781 1007 3835 sed
1047 3792 1101 3835 et
1129 3785 1432 3853 priusquam
1482 3795 1655 3853 esset,
1687 3787 1789 3841 hoc
1836 3789 1985 3843 illum

399 3862 602 3920 honore
622 3867 916 3923 decoravit.
954 3875 1023 3925 At
1052 3888 1121 3925 ne
1144 3873 1352 3928 diceres
1383 3874 1652 3930 hominem
1674 3886 1859 3946 postea
1889 3894 1990 3933 na-

398 3962 510 4009 tum
533 3996 546 4020 ,
579 3954 772 4012 deinde
802 3958 986 4013 multis
1014 3960 1172 4014 editis
1222 3962 1500 4029 praeclaris
1548 3964 1875 4021 facinoribus
1914 3968 1987 4023 ita

399 4043 564 4099 Deum
594 4046 693 4100 sibi
737 4048 1053 4103 conciliasse
1076 4090 1092 4116 ,
1122 4058 1181 4105 ut
1202 4051 1270 4106 ab
1297 4067 1361 4106 eo
1387 4053 1667 4122 imperium
1698 4058 1749 4110 in
1782 4057 1986 4115 belluas

397 4136 683 4204 obtineret,
717 4154 839 4193 cum
886 4138 1208 4198 formaturus
1237 4158 1360 4198 eum
1386 4153 1560 4209 esset,
1603 4146 1670 4202 de
1698 4148 1863 4216 ipsius
1889 4150 1990 4205 im-

397 4230 550 4297 perio
578 4230 739 4286 verba
788 4232 912 4286 facit
947 4234 1018 4287 ita
1049 4234 1232 4290 dicens
1263 4253 1276 4289 :
1306 4231 1583 4297 Faciamus
1622 4241 1875 4295 hominem
1919 4244 1988 4297 ad

396 4318 668 4392 imaginem
707 4332 755 4376 et
784 4323 1161 4379 similitudinem
1190 4336 1409 4382 nostram
1433 4370 1448 4395 ,
1473 4338 1521 4382 et
1558 4330 1878 4386 dominentur
1902 4330 1987 4388 be-

396 4416 507 4469 stiis
532 4424 679 4471 terrae
705 4416 855 4488 (Gen.
882 4419 934 4473 1.
965 4419 1082 4489 26).
1117 4422 1254 4474 Ante
1280 4421 1444 4476 vitam
1470 4423 1660 4488 honor,
1690 4435 1816 4481 ante
1834 4441 1988 4482 crea-

398 4507 597 4561 tionem
642 4522 838 4564 corona
858 4549 872 4575 ,
902 4517 956 4563 et
981 4518 1264 4580 antequam
1292 4511 1417 4577 ﬁat,
1444 4512 1510 4566 ad
1541 4516 1745 4584 regium
1789 4514 1983 4572 solium

397 4598 659 4653 evehitur.
695 4599 903 4655 Etenim
933 4600 1177 4657 homines
1219 4601 1460 4659 subditos
1503 4620 1630 4660 suos
1659 4608 1711 4662 in
1744 4619 1983 4666 extrema

396 4698 674 4745 senectute
726 4700 848 4760 post
890 4693 1088 4747 multos
1140 4693 1350 4750 labores
1389 4706 1442 4750 et
1468 4696 1672 4752 infinita
1703 4702 1937 4769 pericula
1965 4744 1981 4769 ,

395 4795 517 4835 cum
546 4781 600 4835 in
646 4796 777 4852 pace
805 4791 913 4837 tum
942 4785 994 4838 in
1027 4783 1213 4851 bellis,
1243 4796 1350 4841 tum
1379 4787 1593 4844 demunt
1635 4791 1838 4848 honore
1868 4793 1987 4849 affi-

396 4873 543 4928 ciunt
572 4890 590 4929 :
616 4872 757 4930 Deus
785 4885 963 4930 autem
994 4891 1099 4930 non
1129 4877 1221 4944 ita,
1249 4879 1342 4933 sed
1370 4881 1550 4934 Statim
1587 4890 1745 4952 atque
1773 4893 1856 4939 est
1879 4926 1892 4951 ,
1918 4886 1985 4942 ad

397 4962 543 5019 hunc
572 4962 694 5019 eum
739 4964 999 5021 honorem
1028 4967 1239 5034 evexit,
1272 4980 1325 5024 et
1364 4970 1464 5025 hoc
1493 4987 1599 5026 non
1641 4982 1788 5029 recte
1814 4974 1981 5032 facto-

396 5067 515 5108 rum
547 5068 669 5112 esse
695 5057 997 5112 mercedem
1029 5059 1296 5127 ostendit,
1325 5060 1418 5114 sed
1452 5061 1675 5130 gratiam
1707 5063 1941 5121 divinam
1965 5107 1981 5134 ,

398 5152 583 5200 etnon
625 5143 883 5200 debitum.
928 5147 1082 5215 Quod
1114 5148 1270 5219 igitur
1291 5149 1643 5221 principatum
1686 5156 1982 5225 acceperit,

398 5232 449 5288 id
472 5250 540 5290 ex
580 5234 691 5290 sola
737 5234 829 5292 Dei
860 5238 1185 5308 benignitate
1234 5239 1306 5294 illi
1351 5239 1604 5296 obvenit:
1636 5244 1777 5313 quod
1805 5255 1983 5301 autem

382 5327 658 5384 exciderit
679 5328 1004 5399 principatu,
1029 5346 1094 5385 ex
1134 5331 1300 5400 ipsius
1328 5332 1553 5403 ignavia.
1582 5333 1722 5404 Ergo
1747 5344 1805 5390 ut
1834 5352 1985 5407 reges

394 5421 476 5474 ris
502 5421 591 5491 qui
617 5422 729 5477 suis
753 5438 859 5478 non
891 5434 1081 5494 parent
1123 5426 1387 5481 mandatis
1427 5427 1687 5498 abrogant
1716 5430 1984 5500 principa-

399 5518 513 5567 tum
544 5528 560 5566 :
587 5510 660 5566 ita
681 5528 741 5568 se
769 5513 934 5584 gessit
960 5530 1085 5586 erga
1134 5516 1403 5572 hominem
1435 5518 1573 5573 Deus
1596 5560 1612 5585 ,
1643 5534 1763 5575 cum
1789 5519 1837 5576 ei
1860 5530 1987 5577 tunc

392 5603 755 5673 principatum
791 5606 1085 5678 abrogavit.
1130 5608 1297 5663 Hodie
1327 5619 1503 5664 autem
1533 5625 1711 5678 operte
1757 5613 1985 5681 pretium

466 5734 541 5798 (ο)
575 5733 780 5790 Collatus
801 5753 910 5789 cum
934 5741 1099 5791 codice
1124 5743 1271 5805 Regio
1299 5742 1417 5793 1976
1442 5751 1617 5793 etcum
1639 5743 1782 5794 2542.

1666 330 1731 386 lN
1769 327 2069 386 CENESIM
2104 326 2334 384 SERMO
2358 326 2448 385 IV.

3568 328 3671 386 5N

2087 438 2248 496 luerit
2272 439 2473 508 dicere,
2501 448 2757 510 quantum
2780 441 2941 497 etiam
2969 441 3130 497 alium
3152 442 3410 500 honorem
3442 446 3514 499 illi
3545 461 3641 513 pec
3658 475 3672 483 -

2086 534 2191 589 cati
2220 542 2408 589 natura
2437 533 2732 604 eripuerit,
2767 543 2819 589 et
2847 545 2978 605 quot
3004 537 3275 592 servitutis
3301 536 3489 593 modos
3517 539 3672 593 induo

2083 628 2242 695 xerit,
2275 628 2403 683 dum
2446 637 2506 682 ut
2536 636 2793 699 tyrannus
2821 630 3084 700 quispiam
3133 629 3362 686 diversis
3386 632 3615 689 vinculis
3644 672 3662 699 ,

2083 721 2264 775 multis
2299 719 2582 789 generibus
2611 720 3005 789 principatuum
3045 728 3289 775 naturam
3320 730 3556 777 nostram
3577 722 3673 776 de-

2083 812 2273 864 vinxit.
2305 810 2515 865 Primus
2546 810 2706 879 igitur
2727 810 3057 881 principatus
3082 819 3165 866 est
3188 811 3416 866 servitus
3437 851 3453 877 ,
3488 827 3591 881 qua
3618 820 3674 866 et

2083 902 2400 957 mulieribus
2454 904 2722 972 imperant
2761 902 2862 956 viri
2893 920 2907 956 :
2939 903 3202 973 siquidem
3232 912 3354 973 post
3397 914 3670 974 peccatum

2084 991 2186 1047 hac
2232 1007 2369 1061 opus
2409 992 2526 1048 fuit.
2572 992 2706 1048 Nam
2752 1001 2878 1048 ante
2912 994 3328 1049 inobedientiam
3354 1009 3448 1064 par
3471 994 3677 1052 honore

2083 1082 2183 1138 fuit
2224 1084 2378 1148 viro,
2422 1098 2653 1153 cumque
2694 1083 2843 1139 illam
2903 1082 3155 1139 formavit
3203 1086 3377 1151 Deus,
3405 1085 3677 1155 quibusin

2052 1188 2055 1191 '
2084 1174 2402 1228 formatione
2445 1174 2545 1228 viri
2573 1172 2750 1229 verbis
2795 1189 2924 1229 usus
2960 1183 3075 1229 erat
3094 1216 3108 1240 ,
3139 1175 3223 1228 his
3243 1184 3297 1229 et
3325 1174 3378 1229 in
3404 1176 3678 1230 creatione

2082 1264 2325 1319 mulieris
2364 1273 2445 1319 est
2483 1280 2630 1320 usus.
2674 1264 2745 1320 Ut
2773 1264 2934 1335 igitur
2971 1265 3040 1320 de
3070 1266 3162 1320 illo
3198 1266 3371 1332 dixit,
3403 1266 3684 1323 Faciamus

2085 1356 2334 1409 hominem
2383 1357 2451 1409 ad
2487 1357 2757 1427 imaginem
2791 1366 2840 1411 et
2881 1357 3258 1411 similitudinem
3289 1367 3511 1411 nostram
3534 1401 3547 1421 ,
3583 1350 3707 1411 ηαδσ-ε

2083 1461 2185 1515 que
2211 1445 2383 1512 dixit,
2415 1446 2533 1500 Fiat
2555 1446 2717 1502 homo
2750 1463 2763 1501 :
2792 1447 2871 1502 sic
2897 1456 2950 1502 et
2977 1446 3044 1502 de
3085 1446 3188 1501 ista
3216 1463 3323 1502 non
3353 1447 3526 1512 dixit,
3559 1449 3676 1502 Fiat

2084 1539 2311 1607 mulier,
2362 1541 2458 1594 sed
2505 1539 2593 1594 hic
2637 1554 2847 1611 queque
2895 1558 2909 1595 :
2960 1539 3236 1594 Faciamus
3309 1541 3356 1595 ei
3394 1539 3678 1609 ndjutorem

2085 1628 2238 1699 (Gen.
2269 1629 2332 1683 2.
2361 1629 2452 1699 18)
2478 1671 2493 1695 ,
2524 1646 2698 1701 neque
2741 1633 3054 1702 simpliciter
3071 1633 3406 1702 adiutorem,
3434 1632 3559 1696 sed,
3584 1632 3680 1687 Se-

2087 1719 2309 1773 cundum
2337 1720 2543 1789 ipsum,
2572 1737 2678 1791 quo
2721 1738 2907 1777 rursus
2946 1723 3167 1779 honoris
3203 1725 3560 1796 aequalitatem
3591 1739 3681 1779 os-

2088 1809 2277 1864 tendit.
2307 1809 2439 1865 Nam
2466 1813 2718 1880 quoniam
2761 1813 2934 1868 bruta;
2983 1815 3283 1869 animantes
3313 1814 3380 1868 ad
3426 1830 3677 1871 necessa-
3748 1844 3753 1852 -

2052 1924 2055 1927 ι
2088 1901 2199 1957 rios
2225 1902 2350 1957 vitae
2394 1917 2525 1957 usus
2551 1904 2775 1958 multum
2826 1905 2983 1961 nobis
3032 1906 3313 1960 conferunt
3351 1906 3677 1976 adiumenti,

2054 2007 2155 2046 .ne
2212 1992 2349 2047 forte
2393 1995 2673 2050 mulierem
2722 2011 2934 2065 quoque
2974 1996 3116 2051 inter
3156 1997 3420 2066 mancipia
3463 2008 3678 2066 putares

2050 2124 2051 2127 η
2089 2098 2209 2138 esse
2236 2087 2621 2141 numerandam
2647 2128 2661 2152 ,
2695 2087 2817 2142 vide
2843 2088 3112 2157 quomodo
3136 2089 3205 2143 ab
3233 2087 3340 2144 illis
3363 2103 3480 2144 eam
3503 2090 3679 2143 mani-

2087 2175 2224 2231 feste
2250 2176 2562 2248 distinguat.
2595 2178 2826 2233 Adduxit
2847 2180 3052 2247 bestias,
3080 2181 3268 2250 inquit,
3294 2197 3465 2235 coram
3489 2180 3675 2244 Adam,

2088 2277 2135 2320 et
2164 2285 2265 2321 non
2289 2278 2362 2323 est
2408 2271 2640 2326 inventus
2667 2271 2875 2341 adjutor
2911 2273 3093 2327 similis
3136 2273 3182 2326 ei
3215 2271 3491 2326 secundum
3514 2276 3681 2343 ipsum

2050 2392 2053 2393 ν
2090 2358 2243 2432 (Gen.
2265 2359 2320 2415 2.
2354 2360 2442 2415 19.
2468 2359 2587 2432 20).
2613 2362 2750 2428 Quid
2772 2362 2969 2434 igitur?
2987 2378 3095 2417 non
3121 2371 3203 2417 est
3230 2362 3443 2433 adiutor
3467 2377 3637 2433 equus
3660 2404 3676 2428 ,

2087 2452 2177 2521 qui
2204 2467 2422 2522 operam
2448 2469 2601 2509 suam
2630 2455 2703 2509 illi
2731 2462 2946 2525 praestat
2978 2456 3031 2510 in
3057 2455 3256 2511 bellis?
3282 2471 3391 2510 non
3418 2462 3501 2511 est
3527 2454 3680 2524 adju-

2090 2553 2177 2598 tor
2223 2544 2321 2598 bos
2346 2586 2362 2613 ,
2402 2546 2493 2615 qui
2514 2560 2788 2602 vomerem
2820 2546 3011 2614 trahit,
3042 2556 3097 2602 et
3136 2547 3263 2602 dum
3290 2548 3492 2603 semina
3524 2555 3682 2601 teme

2090 2636 2433 2702 mandantur,
2481 2638 2765 2693 nobiscum
2816 2637 3058 2693 laborat?
3083 2652 3190 2693 non
3235 2646 3361 2693 sunt
3406 2637 3681 2708 adjutores

2089 2730 2273 2782 asinus
2318 2736 2371 2781 et
2398 2730 2610 2797 mulus,
2637 2730 2726 2800 qui
2749 2729 2813 2784 ad
2850 2744 3015 2785 onera
3048 2728 3441 2785 trans‘vehenda
3468 2742 3566 2783 nos
3586 2730 3681 2782 atl-

2085 2820 2313 2891 iuvant?
2337 2821 2445 2877 Sed
2483 2838 2551 2878 ne
2580 2822 2684 2877 hoc
2720 2822 2868 2877 dicas
2898 2864 2913 2887 ,
2941 2831 3226 2892 propterea
3264 2822 3381 2877 haec
3429 2834 3676 2877 accurate

2089 2911 2381 2980 distinguit.
2414 2912 2528 2967 Non
2550 2916 2692 2967 enim
2721 2914 3033 2982 simpliciter
3059 2912 3213 2979 dixit,
3243 2912 3359 2966 Non
3386 2920 3470 2967 est
3495 2913 3684 2966 invett-

2090 3009 2176 3055 tus
2217 3002 2293 3055 illi
2318 3002 2550 3071 adiutor,
2580 3003 2706 3070 sed,
2740 3001 2860 3057 Non
2887 3013 2960 3057 est
2998 3004 3227 3056 inventus
3269 3002 3473 3072 adjutor
3503 3002 3684 3056 similis

2050 3119 2055 3123 -
2091 3092 2157 3144 ei.
2186 3092 2260 3146 lta
2288 3092 2373 3145 hic
2397 3108 2611 3163 quoque
2637 3108 2742 3147 non
2767 3093 2919 3159 dixit,
2945 3092 3277 3162 simpliciter,
3311 3091 3588 3147 Faciamus
3610 3093 3682 3146 illi

2091 3182 2386 3253 adiutorem
2408 3220 2423 3250 ,
2456 3185 2549 3238 sed
2574 3224 2589 3249 ,
2622 3182 2900 3238 Faciamus
2946 3183 3027 3237 illi
3069 3183 3356 3254 adjutorem
3404 3183 3684 3237 secundum

2089 3273 2258 3342 ipsum
2281 3315 2295 3338 ,
2319 3272 2470 3328 dixit.
2494 3274 2619 3328 Haec
2645 3283 2821 3329 autem
2846 3283 2971 3329 ante
3003 3283 3277 3344 peceatum
3304 3274 3637 3344 contigerunt
3666 3291 3679 3328 :

2093 3373 2213 3434 post
2237 3374 2510 3433 peccatum
2541 3374 2717 3420 autem
2753 3383 2767 3419 :
2799 3365 2879 3419 Ad
2906 3366 3069 3420 virum
3110 3375 3251 3419 tuum
3285 3366 3540 3420 conversio
3561 3375 3682 3431 tua,

2090 3460 2135 3503 et
2162 3450 2272 3518 ipse
2299 3450 2373 3503 tui
2399 3450 2743 3505 dominabitur
2770 3448 2921 3521 (Gen.
2941 3451 2994 3506 5.
3021 3448 3133 3521 16).
3163 3450 3449 3521 ίΕίιιιειΙθῐη
3481 3451 3684 3505 honore

2091 3549 2144 3595 te
2198 3542 2407 3607 ereavi,
2449 3541 2655 3610 inquit;
2691 3556 2797 3595 non
2820 3549 2967 3597 recte
3012 3555 3111 3595 usa
3148 3556 3207 3595 es
3253 3542 3587 3611 principatu:
3615 3540 3681 3593 ad

2091 3630 2475 3698 subiectionem
2516 3631 2804 3687 descende.
2851 3632 2966 3686 Non
3001 3632 3166 3686 tulisti
3190 3632 3488 3687 libertatem
3520 3650 3533 3685 :
3565 3647 3683 3686 ser-

2052 3746 2055 3753 ν
2092 3722 2313 3775 vitutem
2357 3722 2598 3776 admitte.
2632 3722 2913 3776 Nescivisti
2945 3723 3211 3792 imperare
3234 3762 3249 3788 ,
3280 3722 3424 3792 quod
3463 3733 3518 3777 et
3571 3723 3682 3791 ipsa

2091 3828 2272 3866 rerum
2298 3813 2629 3881 experientia
2669 3813 2954 3867 declarasti
2984 3832 2997 3867 :
3030 3822 3147 3867 esto
3175 3829 3282 3868 una
3321 3829 3388 3868 ex
3419 3813 3643 3867 subditis
3665 3856 3679 3877 ,

2092 3913 2145 3957 et
2170 3902 2442 3957 dominum
2479 3904 2649 3956 virum
2694 3917 2942 3971 agnosce.
2972 3902 3054 3956 Ad
3078 3904 3242 3957 virum
3268 3905 3682 3957 tunmconnersio

2051 4016 2057 4022 ε
2094 4004 2200 4057 tua,
2222 4004 2269 4048 et
2294 3996 2402 4066 ipse
2421 3996 2491 4047 tui
2511 3995 2868 4048 dominabitur.
2897 3996 2966 4050 At
2989 3995 3109 4050 vide
3136 3995 3239 4049 hoc
3272 3995 3391 4049 loco
3417 3994 3511 4048 Dei
3534 3994 3684 4048 beni-

2090 4085 2364 4155 gnitatem.
2412 4083 2491 4139 Ne
2541 4085 2684 4139 enim
2728 4085 2989 4153 audiens,
3033 4085 3155 4157 Ipse
3201 4087 3273 4139 tui
3316 4084 3682 4147 dominabitur,

2092 4194 2308 4250 gravem
2357 4186 2604 4233 censeret
2648 4194 2768 4235 esse
2808 4179 3170 4246 dominatum,
3205 4179 3351 4249 prius
3390 4179 3564 4248 posuit
3590 4195 3684 4232 no-

2090 4287 2213 4326 men
2245 4287 2387 4326 curze
2413 4271 2598 4327 dicens
2621 4311 2637 4336 ,
2674 4271 2755 4325 Ad
2782 4273 2945 4326 virum
2976 4282 3116 4326 tuum
3143 4273 3399 4327 conversio
3427 4282 3513 4324 tua
3537 4315 3549 4334 ,
3582 4272 3683 4326 hoc

2090 4372 2191 4429 est,
2222 4362 2500 4433 Refugium
2530 4373 2698 4430 tuum,
2727 4374 2931 4433 portus,
2955 4375 3010 4419 et
3028 4365 3286 4419 securitas
3309 4364 3399 4418 tibi
3429 4364 3531 4418 erit
3554 4364 3678 4418 ille:

2050 4500 2053 4505 ,
2091 4458 2224 4511 utin
2252 4457 2519 4528 omnibus,
2554 4472 2672 4525 qua:
2704 4458 2970 4525 ingruerit,
2999 4458 3157 4513 malis
3175 4457 3242 4512 ad
3273 4458 3443 4527 ipsum
3476 4466 3528 4512 te
3547 4471 3680 4512 con-

2089 4555 2268 4600 vertas
2289 4553 2361 4600 net
2386 4544 2663 4614 confugias
2683 4584 2698 4612 ,
2731 4545 2826 4600 tibi
2864 4546 3121 4601 concedo.
3145 4545 3328 4617 Neque
3359 4547 3460 4601 hoc
3481 4546 3677 4610 solum,

2046 4666 2055 4671 -
2090 4635 2185 4689 sed
2231 4644 2285 4688 et
2317 4635 2646 4688 naturalibus
2675 4649 2769 4689 eos
2822 4636 3229 4690 necessitatibus
3272 4636 3575 4704 colligavit,
3626 4650 3681 4689 et

2089 4734 2358 4796 tamquam
2398 4724 2680 4780 infractum
2721 4725 2987 4795 quoddam
3027 4726 3332 4787 vinculum,
3377 4724 3678 4792 cupiditatis

2046 4838 2049 4841 ν
2091 4818 2194 4873 illis
2217 4828 2458 4872 catenam
2486 4817 2685 4888 injecit.
2715 4816 2878 4871 Vides
2902 4826 2962 4871 ut
2993 4816 3377 4886 subiectionem
3420 4815 3679 4871 invexerit

2089 4911 2302 4982 quidem
2322 4918 2614 4980 peceatum,
2631 4909 2801 4964 solers
2815 4918 2991 4965 autem
3004 4918 3058 4963 et
3070 4909 3280 4977 sapiens
3298 4908 3439 4963 Deus
3456 4908 3681 4980 hisque.

2090 5018 2194 5074 que
2215 5003 2281 5057 ad
2308 5010 2543 5056 nostram
2572 5001 2857 5056 utilitatem
2883 5001 2949 5056 sit
2972 5000 3138 5055 usus?
3162 4999 3301 5054 Audi
3332 5000 3455 5072 quid
3483 4999 3551 5055 de
3575 4999 3676 5055 hac

2046 5106 2049 5109 '
2090 5096 2419 5166 subiectione
2449 5094 2591 5150 dicat
2617 5094 2810 5149 Paulus
2834 5134 2849 5159 ,
2878 5102 2934 5148 ut
2963 5108 3175 5149 rursum
3207 5092 3413 5148 Veteris
3440 5108 3503 5148 ac
3543 5092 3677 5149 Novi

2090 5187 2415 5243 Testamenti
2449 5184 2789 5242 concordiam
2820 5185 3103 5254 intelligas.
3139 5183 3344 5248 Mulier,
3380 5184 3589 5253 inquit,
3622 5185 3674 5237 in

2090 5279 2289 5333 silentio
2308 5279 2468 5331 discat
2492 5293 2607 5331 cum
2627 5277 2765 5330 omni
2789 5277 3092 5345 subiectione
3115 5276 3192 5345 (1.
3224 5273 3359 5327 Tim.
3376 5271 3429 5326 2.
3451 5272 3536 5326 11.
3558 5271 3668 5337 12).

2165 5372 2397 5427 Mulieris
2432 5371 2678 5442 oﬂicium;
2708 5369 2888 5426 mulier
2905 5371 3130 5443 subjecta
3154 5370 3292 5432 viro,
3322 5384 3499 5439 quare.
3522 5368 3670 5423 Διω-

2090 5481 2203 5517 rum
2228 5463 2478 5518 servitutis
2503 5479 2658 5532 genus
2685 5478 2746 5517 ea:
2775 5472 2999 5532 peccato.
3015 5489 3089 5502 —-
3110 5459 3274 5514 Vides
3290 5468 3344 5513 et
3367 5459 3539 5529 ipsum
3562 5458 3674 5514 viro

2090 5555 2367 5611 mulierem
2396 5553 2726 5622 subiecisse?
2745 5552 2848 5608 Sed
2867 5561 3137 5621 exspecta,
3157 5561 3210 5605 et
3233 5564 3447 5605 causam
3466 5549 3672 5604 audieu

2091 5644 2220 5710 Cur,
2247 5642 2373 5699 Cum
2402 5645 2540 5698 omni
2565 5644 2905 5713 subjectione?
2935 5641 3145 5696 Mulieri
3169 5642 3335 5708 enim,
3360 5640 3549 5711 inqttit,
3576 5643 3673 5695 do-

2092 5753 2201 5789 cere
2228 5752 2327 5790 non
2367 5737 2616 5806 permitto.
2650 5735 2785 5803 Quid
2818 5735 2884 5789 ita
2907 5735 2930 5789 ?
2956 5732 3131 5789 Semel
3154 5734 3298 5790 enim
3326 5733 3464 5790 male
3487 5734 3671 5791 docuit
