4146 6260
496 328 497 333 ‘
532 314 640 373 595

534 434 723 485 Atiam.
784 428 957 496 Neque
999 424 1248 479 dominari
1291 424 1342 475 in
1385 428 1567 473 utrum.
1608 418 1717 472 Cur
1764 415 1819 470 id
1865 412 2112 469 tandem?

533 519 713 575 Semel
740 521 937 590 quippe
967 516 1102 570 male
1126 512 1395 567 dominata
1421 518 1522 565 est.
1548 507 1655 563 Sed
1683 522 1789 562 esse
1817 506 1870 559 in
1888 505 2111 559 silentio.

538 612 635 666 Dic
657 626 786 665 vero
815 621 1049 664 causam.
1080 603 1248 658 Adam
1287 601 1432 656 enim
1452 640 1468 666 ,
1490 599 1689 670 inquit,
1711 613 1813 651 non
1844 604 1917 650 est
1958 594 2113 650 sedu-

534 713 646 757 ctus
675 715 694 753 :
717 699 896 752 mulier
931 706 1097 750 autem
1143 693 1349 747 seducta
1384 692 1437 744 in
1467 688 1878 761 prevaricatione
1904 686 2000 757 fuit
2033 684 2111 755 (l.

540 788 676 844 Tim.
714 788 768 841 2.
801 786 911 856 14).
950 784 1150 839 Idcirco
1194 782 1338 835 illam
1382 795 1412 834 a
1439 778 1694 835 doctrinae
1738 776 1874 831 solio
1900 773 2110 844 dejecit.

537 881 638 947 Qui
682 879 822 934 enim
862 876 1055 931 docere
1086 874 1292 937 nescit,
1319 871 1507 930 discat,
1533 869 1737 939 inquit:
1766 864 1909 937 quod
1944 864 1988 918 si
2015 877 2113 918 ne-

535 971 695 1026 luerit
721 970 947 1034 discere,
975 967 1069 1022 sed
1096 966 1293 1021 docere
1305 964 1551 1025 voluerit,
1584 970 1639 1017 et
1659 960 1911 1029 seipsum,
1954 965 2007 1012 et
2031 956 2116 1011 di-

534 1062 768 1132 scipulos
795 1062 1012 1129 insuper
1036 1074 1163 1113 suos
1185 1057 1400 1127 perdet:
1434 1055 1485 1109 id
1510 1052 1651 1123 quod
1672 1055 1831 1110 etiam
1858 1060 1981 1104 tunc
2002 1064 2117 1103 mu-

534 1152 652 1209 lieri
694 1151 906 1206 accidit.
965 1150 1158 1204 Verum
1207 1149 1349 1202 illam
1396 1145 1609 1215 quidem
1665 1145 1779 1195 viro
1824 1140 2117 1209 subjectum

532 1246 734 1310 fuisse,
776 1260 839 1299 ac
864 1252 1086 1313 propter
1126 1249 1398 1310 peccatum
1442 1236 1608 1292 fuisse
1646 1234 1934 1304 subjectum
1956 1271 1972 1297 ,
1995 1231 2119 1285 hinc

540 1334 881 1390 manifestum
902 1340 993 1387 est
1022 1350 1034 1385 :
1069 1329 1197 1384 illud
1228 1338 1402 1383 autem
1431 1326 1615 1381 audire
1643 1324 1821 1389 velim,
1848 1322 1928 1375 Ad
1956 1321 2119 1374 uirum

528 1436 687 1481 :tuum
705 1425 964 1480 conversio
986 1432 1103 1488 tua,
1127 1432 1174 1477 et
1201 1422 1310 1491 ipse
1340 1420 1415 1474 tui
1440 1418 1799 1473 dominabitur.

612 1516 668 1570 2.
697 1516 847 1571 Scire
868 1514 1026 1569 velim
1048 1528 1153 1584 quo
1174 1520 1326 1582 pacto
1345 1510 1412 1565 de
1432 1510 1531 1564 hac
1551 1509 1709 1563 etiam
1728 1520 1853 1561 cura
1876 1504 2123 1574 loquatur

533 1607 755 1673 Paulus,
779 1616 832 1661 et
849 1605 1173 1661 dominatum
1194 1604 1413 1657 misceat
1437 1614 1555 1655 cum
1578 1596 1962 1653 benevolentia.
1982 1594 2125 1661 Quo-

532 1714 665 1753 nam
695 1699 851 1768 igitur
865 1697 917 1752 iu
941 1696 1059 1750 loco
1085 1694 1137 1750 id
1164 1693 1323 1748 facit?
1347 1692 1427 1747 Ad
1454 1690 1757 1746 Corinthios
1778 1687 1854 1759 (a)
1883 1687 2123 1742 scribens

530 1789 645 1855 ait,
686 1786 826 1851 Viri,
848 1786 1041 1857 diligite
1073 1801 1255 1839 uxores
1280 1783 1298 1855 (
1320 1782 1515 1853 Ephes.
1545 1781 1599 1835 5.
1627 1779 1698 1835 25
1724 1779 1743 1849 )
1780 1798 1793 1833 :
1823 1793 1949 1834 ecce
1970 1775 2121 1845 illud,

544 1881 625 1935 Ad
657 1881 817 1934 virum
843 1879 1261 1932 tuum‘eonuersio
1294 1886 1403 1930 tua.
1425 1874 1629 1929 Uxores
1653 1882 1823 1927 auum
1845 1882 1903 1926 ut
1918 1874 2125 1926 timeant

530 1971 677 2025 siros
728 1969 897 2039 (Ibid.
941 1985 988 2023 υ.
1028 1966 1118 2040 55)
1147 1983 1307 2022 :ecce
1333 1966 1481 2031 illud,
1521 1965 1643 2036 Ipse
1668 1965 1741 2019 tui
1764 1963 2121 2019 dominabitur.

544 2060 707 2116 Vides
727 2059 1012 2114 utminime
1026 2058 1203 2129 gravis
1226 2058 1295 2112 sit
1319 2057 1638 2121 dominatus,
1662 2054 1873 2124 quando
1896 2052 2128 2109 fervidus

540 2162 771 2219 amator,
816 2151 1051 2206 mulieris
1090 2150 1369 2205 servientis
1407 2149 1567 2203 fuerit
1605 2146 1883 2214 dominus,
1913 2144 2127 2217 quando

549 2253 723 2298 metus
750 2242 907 2297 fuerit
931 2256 1052 2297 cum
1086 2242 1307 2296 caritate
1337 2239 1689 2310 conjunetus?
1734 2238 1824 2293 Sic
1851 2238 1994 2293 enim
2021 2237 2127 2291 tol-

548 2335 675 2388 litur
698 2332 872 2388 omnis
901 2332 1142 2387 molestia
1193 2330 1485 2385 servitutis.
1515 2328 1691 2385 Unum
1719 2328 1897 2397 itaque
1926 2326 2128 2397 princi-

538 2435 730 2493 patum
762 2421 1373 2477 induxitinobedientia.
1413 2420 1531 2475 Noli
1554 2420 1697 2475 enim
1734 2419 1835 2475 hoc
1860 2428 2125 2489 spectare,

552 2513 694 2582 quod
721 2512 867 2566 illam
901 2520 959 2566 ut
994 2511 1273 2581 oportebat
1300 2511 1611 2580 temperarit
1645 2510 1785 2565 Deus
1807 2550 1823 2576 ,
1852 2510 1947 2565 sed
1987 2507 2130 2579 quod

551 2606 722 2673 ipsam
747 2603 1017 2657 servitutis
1030 2610 1269 2656 naturam
1294 2602 1629 2656 constituerit
1656 2609 1928 2670 peccatum
1949 2617 1962 2653 :
1987 2599 2131 2669 quod

553 2707 638 2753 est
661 2696 885 2752 alterum
905 2710 1074 2766 genus
1093 2694 1361 2749 servitutis
1374 2694 1538 2748 multo
1556 2692 1721 2762 priori
1742 2693 1973 2764 gravius,
1990 2691 2134 2761 quod

558 2799 612 2845 et
626 2789 796 2858 ipsum
813 2788 1071 2858 originem
1088 2797 1141 2842 et
1158 2786 1493 2841 occasionem
1510 2784 1660 2840 duxit
1677 2800 1706 2838 a
1731 2793 1967 2855 peccato.
2000 2784 2133 2839 Nam

541 2893 674 2953 post
694 2881 947 2936 diluvium
976 2880 1111 2946 Noe,
1142 2893 1426 2934 commune
1456 2877 1585 2933 illud
1608 2876 1841 2933 universi
1872 2886 2132 2933 terrarum

544 2973 703 3029 orbis
737 2971 1064 3043 naufragium
1096 2981 1165 3027 et
1193 2972 1410 3024 exitium
1436 3011 1450 3035 ,
1476 2971 1713 3039 peccavit
1759 2968 1812 3023 in
1840 2968 2136 3038 genitorem

556 3079 710 3118 suum
732 3063 900 3118 Cliam
925 3065 941 3094 ¹
962 3101 979 3130 ,
1006 3076 1234 3132 cumque
1255 3060 1509 3116 nudatum
1534 3069 1739 3128 patrem
1764 3058 2015 3125 vidisset,
2040 3073 2134 3112 ac-

555 3153 833 3208 cusatione
867 3152 1015 3207 illum
1054 3152 1281 3221 amplius
1305 3166 1401 3205 sua
1427 3150 1564 3220 apud
1588 3148 1778 3203 fratres
1815 3162 1942 3204 suos
1969 3148 2139 3203 nuda-

550 3246 655 3313 ~vit,
682 3254 840 3315 atque
858 3244 991 3299 inde
1020 3243 1243 3299 fratrum
1270 3257 1456 3298 servus
1480 3250 1562 3298 est
1596 3241 1787 3296 factus.
1807 3239 2139 3310 Corruperat

550 3338 704 3392 enim
734 3346 937 3391 natura:
960 3337 1291 3391 nobilitatem
1320 3335 1552 3405 pravitas
1587 3334 1911 3390 voluntatis:
1938 3348 2001 3388 ac
2024 3348 2137 3388 me-

557 3431 665 3485 rito
710 3428 945 3500 quidem.
1000 3426 1273 3497 Scriptura
1317 3426 1475 3496 igitur
1511 3426 1819 3480 innumeras
1864 3439 1960 3493 pro
1992 3423 2140 3493 justo

562 3521 768 3591 profert
808 3518 1183 3575 excusationes
1208 3560 1224 3585 ,
1247 3518 1332 3573 vel
1380 3518 1552 3587 potius
1586 3530 1695 3571 uno
1722 3515 1888 3571 verbo
1925 3530 2138 3570 omnem

564 3612 639 3665 illi
679 3611 772 3665 dat
795 3608 1215 3679 venism.Caepit
1242 3609 1414 3673 enim1
1438 3608 1638 3677 inquit,
1670 3605 1786 3660 Noe
1831 3606 1979 3660 homo
1999 3607 2141 3676 agri-

562 3703 676 3757 cola
704 3700 856 3772 (Gen.
885 3700 941 3756 9.
968 3699 1084 3769 20).
1104 3699 1242 3755 illud
1271 3713 1419 3765 vero,
1440 3697 1625 3766 Capit,
1655 3697 1875 3751 multam
1902 3699 2143 3753 continet

561 3793 835 3850 ebrietatis
860 3793 1276 3847 excusationem.
1302 3789 1432 3844 Nam
1460 3803 1631 3859 neque
1654 3796 1907 3859 quantum
1926 3788 2036 3843 vini
2057 3787 2143 3842 bi-

564 3886 794 3942 bendum
835 3896 979 3941 esset
1019 3892 1273 3949 noverat,
1304 3896 1405 3937 nec
1443 3881 1743 3951 quomodo;
1770 3894 2047 3936 morumne
2071 3894 2141 3935 an

564 3994 699 4050 aqua
741 3978 1009 4032 mixtum:
1048 3991 1149 4031 nec
1183 3974 1395 4045 quando
1424 3973 1751 4039 bibendum,
1792 3973 2047 4028 statimne
2076 3987 2139 4026 ex

565 4068 918 4125 torcularibus
965 4067 1209 4121 haustum
1230 4106 1245 4131 ,
1277 4080 1344 4117 an
1372 4072 1491 4132 post
1536 4061 1751 4132 aliquod
1792 4071 1998 4130 tempus
2026 4060 2143 4115 ela-

562 4176 741 4231 psum.
771 4162 847 4214 Ac
868 4158 1137 4226 Scriptura
1165 4155 1379 4226 quidem
1419 4168 1513 4223 per
1539 4153 1653 4207 huic
1680 4152 1791 4207 Noe
1821 4152 2014 4206 factum
2045 4167 2141 4207 ex-

562 4264 748 4319 cusat;
775 4254 865 4322 qui
892 4266 1018 4306 vero
1042 4265 1106 4305 es
1137 4250 1253 4319 ipso
1300 4254 1588 4317 prognatus
1629 4253 1783 4309 erat,
1816 4245 1905 4314 qui
1931 4243 2000 4298 ab
2029 4244 2145 4314 ipso

566 4353 811 4403 servatus
835 4341 1125 4415 (siquidem
1141 4348 1359 4410 propter
1377 4335 1669 4391 exhibitum
1697 4337 1830 4404 patri
1860 4334 2142 4399 honorem,

565 4452 668 4491 una
690 4450 821 4491 cum
866 4432 1075 4489 cteteris
1102 4437 1413 4500 tempestate
1436 4427 1677 4483 sublatus
1707 4440 1812 4481 non
1844 4426 2101 4495 perierat)
2126 4466 2141 4493 ,

567 4528 711 4583 nulla
745 4535 946 4580 naturae
978 4524 1151 4579 habita
1180 4522 1384 4575 ratione
1407 4560 1422 4584 .
1450 4533 1556 4573 non
1576 4517 1767 4573 salutis
1792 4517 2023 4572 obtenta:
2051 4526 2143 4570 re-

566 4621 860 4686 cordatus,
913 4632 1019 4672 non
1072 4623 1216 4669 metu
1267 4613 1332 4667 ad
1372 4610 1649 4666 meliorem
1701 4618 1936 4664 mentem
1982 4607 2146 4663 redu-

566 4725 704 4779 ctus,
733 4726 855 4767 cum
884 4709 1056 4764 adhuc
1084 4718 1367 4775 superesse
1388 4702 1638 4772 reliquias
1663 4707 1904 4756 eerneret
1937 4699 2032 4753 irae
2058 4698 2145 4753 di-

568 4807 704 4859 vinze
731 4844 747 4871 ,
778 4817 898 4857 cum
929 4799 1147 4868 vestigia
1172 4794 1489 4852 calamitatis
1510 4805 1789 4862 apparere,
1824 4804 1944 4844 cum
1973 4788 2148 4843 adhuc

570 4910 756 4951 eorum
802 4907 921 4962 qum
973 4889 1277 4945 acciderant
1323 4893 1523 4940 metum
1568 4883 1783 4953 vigere,
1828 4878 2147 4935 contumelia

569 4994 843 5058 parentem
891 4980 1084 5036 affecit.
1112 4979 1224 5034 Hoc
1250 4978 1410 5033 etiam
1452 4976 1706 5030 admonet
1744 4972 1960 5042 sapiens
2001 4972 2149 5041 quis-

571 5077 714 5149 piam
756 5074 985 5128 dicens:
1019 5068 1101 5123 Ne
1124 5068 1353 5139 glorieris
1395 5067 1449 5121 in
1488 5063 1793 5119 contumelia
1842 5061 2001 5131 patris
2027 5060 2101 5115 tui
2132 5076 2150 5113 :

572 5184 676 5223 non
698 5165 832 5221 enim
858 5171 929 5218 est
950 5161 1038 5216 tibi
1062 5158 1224 5230 gloria
1239 5157 1398 5228 patris
1417 5154 1721 5211 contumelia
1741 5151 1927 5223 (Eccli.
1946 5152 1999 5207 5.
2034 5149 2149 5221 12).

572 5261 771 5316 Verum
800 5269 974 5325 neque
1014 5251 1117 5306 hoc
1155 5257 1375 5304 noverat
1404 5246 1525 5312 ille;
1554 5244 1649 5300 sed
1693 5252 1967 5314 peccatum
2006 5242 2151 5297 omni

572 5352 728 5408 venia
754 5359 810 5405 et
844 5342 1188 5403 excusatione
1226 5341 1500 5409 indignum
1524 5336 1763 5391 admisit.
1786 5334 1919 5389 Ideo
1947 5334 2153 5403 peccati

570 5458 790 5518 penam
839 5442 1146 5497 servitutem
1191 5432 1443 5495 incurrit,
1472 5429 1801 5497 fratrumque
1844 5438 2030 5480 servus
2067 5433 2156 5479 est

640 5602 658 5633 ι
693 5606 760 5649 tta
783 5597 913 5658 Regii
933 5595 1081 5658 bene.
1105 5590 1222 5658 Edit.
1247 5587 1393 5646 male,
1417 5584 1660 5658 Chanamt.
1696 5657 1721 5658 π
2042 5641 2128 5658 ___

640 5642 981 5719 (αΠιὶὲῖιῗόί-ὶὼ
1000 5642 1132 5719 lapsu
1142 5642 1514 5719 _Chrysostemu_s
1529 5646 1736 5719 paulum
2038 5642 2156 5691 scri-

571 5706 785 5771 δῶἒω
804 5718 1010 5780 inducit;
1032 5706 1124 5766 sed
1142 5706 1280 5765 locus
1294 5720 1372 5764 εει
1394 5713 1443 5762 iu
1462 5710 1607 5776 Epist.
1623 5707 1684 5758 ad
1707 5706 1951 5769 Ephesios.

1256 310 1307 364 Ξ.
1351 303 1624 362 JOANNIS
1660 297 2128 357 CHRYSOSTOMI
2168 297 2480 355 ARCIIIEP.
2522 298 3034 356 CONSTANTINOP

3686 302 3798 360 596

2217 415 2423 481 factus,
2450 424 2508 471 et
2547 417 2950 487 prterogativam
3001 418 3220 473 honoris
3256 431 3287 472 a
3328 427 3516 474 natura
3561 420 3797 476 delatam

2216 507 2377 561 animi
2406 508 2663 577 pravitate
2704 508 2903 563 amisit.
2932 506 3108 564 Habes
3136 507 3359 563 alterum
3400 511 3671 565 servitutis
3696 525 3798 580 ge-

2217 612 2337 652 nus.
2367 597 2460 652 Vis
2488 598 2647 652 etiam
2678 598 2889 653 tertium
2917 599 3109 653 nosse?
3134 598 3352 653 Duobus
3375 600 3641 668 prioribus
3668 615 3795 670 gra-

2216 689 2335 742 vius
2354 696 2437 742 est
2461 689 2621 755 istud,
2653 690 2923 760 multoque
2947 688 3351 746 formidabilius.
3379 691 3511 745 Nam
3538 694 3794 762 quoniam

2217 779 2321 834 illis
2354 794 2459 833 non
2485 787 2568 834 est
2585 780 2898 835 emendatus
2919 781 2961 847 ί,
2988 781 3191 836 vincula
3217 783 3369 837 nobis
3392 783 3605 838 adauxit
3629 783 3801 839 Deus.

2218 868 2494 938 Quodnam
2517 870 2675 940 igitur
2697 871 2820 925 illud
2843 872 2959 925 est?
2979 871 3282 940 Principum
3308 886 3371 926 ac
3393 873 3796 942 magistratuum

2220 959 2465 1014 nimirum
2488 976 2502 1026 ;
2543 975 2647 1015 non
2682 961 2786 1015 tale
2814 961 2968 1029 quale
2995 961 3231 1015 mulieris
3249 1002 3264 1027 ,
3310 976 3480 1030 neque
3506 961 3610 1015 tale
3636 962 3801 1032 quale

2220 1065 2495 1105 servorum
2520 1090 2538 1117 ,
2578 1051 2671 1106 sed
2700 1051 2867 1105 multo
2905 1052 3073 1120 magis
3100 1049 3455 1107 formidabile.
3495 1051 3684 1105 Videre
3712 1060 3801 1105 est

2192 1142 2457 1211 undique
2502 1141 2705 1210 gladios
2750 1142 3325 1208 acutos,'carnitices,
3369 1140 3653 1211 supplicia,
3687 1149 3800 1195 tor-

2218 1241 2423 1296 menta,
2457 1246 2670 1300 pmnas,
2697 1232 2815 1285 vita:
2854 1232 3107 1301 necisque
3135 1240 3467 1300 potestatem.
3502 1230 3570 1286 Ut
3615 1240 3799 1285 autem

2222 1323 2360 1377 scias
2391 1322 2530 1377 hunc
2558 1337 2768 1393 quoque
2815 1323 3029 1377 modum
3075 1322 3396 1391 principatus
3424 1338 3490 1377 ex
3513 1322 3800 1377 occasione

2224 1413 2424 1482 peccati
2447 1420 2621 1466 ortum
2645 1413 2893 1467 habuisse
2910 1454 2924 1477 ,
2947 1428 3133 1468 rursus
3155 1412 3376 1467 Paulum
3397 1414 3569 1484 ipsum
3599 1413 3665 1470 de
3695 1414 3801 1469 hoc

2225 1500 2686 1575 philosophantem
2719 1501 2863 1555 audi.
2894 1500 2956 1556 Si
2985 1512 3151 1556 autem
3192 1504 3267 1557 vis
3309 1519 3411 1557 non
3439 1504 3613 1557 timere
3659 1515 3801 1573 pote-

2225 1603 2425 1660 statem,
2461 1594 2644 1647 bonum
2674 1597 2787 1665 fac,
2816 1595 3015 1663 inquit,
3044 1603 3091 1648 et
3120 1594 3321 1649 habebis
3362 1594 3561 1649 laudent
3599 1611 3660 1650 ea:
3683 1595 3796 1649 illa.

2227 1684 2289 1738 Si
2334 1694 2500 1737 autem
2544 1685 2733 1738 ntalum
2779 1686 2957 1755 feceris
2974 1725 2991 1752 ,
3021 1685 3140 1739 time
3163 1699 3185 1739 :
3213 1702 3314 1738 non
3343 1686 3474 1739 enim
3501 1686 3611 1739 sine
3640 1702 3799 1739 causa

2225 1775 2451 1846 gladium
2480 1784 2645 1845 portat
2692 1776 2865 1847 (Rom.
2895 1777 2983 1831 15.
3030 1777 3085 1833 5.
3113 1777 3189 1848 4).
3221 1776 3383 1832 Vides
3411 1789 3631 1847 propter
3660 1792 3752 1833 eos
3778 1820 3797 1845 ,

2227 1870 2318 1938 qui
2345 1869 2541 1923 malum
2588 1878 2927 1939 perpetrant,
2965 1880 3019 1924 et
3048 1870 3339 1940 principem
3364 1879 3419 1925 et
3443 1870 3672 1939 gladium
3701 1871 3803 1924 im-

2227 1959 2627 2014 minere?Audi
2658 1958 2986 2014 manifestius
3010 1959 3147 2014 istud
3173 1960 3343 2028 ipsum
3372 1975 3569 2015 rursus.
3606 1960 3805 2014 Vindex

2227 2054 2372 2106 enim
2397 2060 2497 2115 est,
2530 2051 2717 2120 inquit,
2745 2051 2791 2104 ei
2812 2051 2895 2121 qui
2920 2051 3111 2105 malum
3140 2052 3245 2123 agit
3273 2051 3479 2121 (Ibid.).
3508 2050 3692 2120 Neque
3716 2051 3803 2105 dio

2228 2144 2346 2209 xit,
2377 2143 2492 2197 Non
2536 2144 2680 2198 enim
2728 2144 2844 2198 sine
2887 2158 3043 2198 causa
3085 2144 3331 2213 princeps
3371 2153 3453 2199 est
3484 2160 3497 2197 :
3523 2143 3805 2212 sedquid?

2231 2234 2355 2289 Non
2392 2237 2523 2290 enim
2560 2236 2669 2290 sine
2707 2251 2862 2289 causa
2885 2236 3117 2305 gladium
3142 2244 3328 2307 portat.
3355 2237 3630 2290 Armatum
3663 2235 3807 2305 judi-

2231 2341 2347 2382 cem
2379 2326 2471 2382 tibi
2500 2326 2760 2397 prmfecit.
2786 2326 2854 2382 Ut
2876 2327 3019 2381 enim
3046 2336 3198 2397 pater
3224 2328 3453 2381 filiorum
3476 2341 3682 2393 amans,
3713 2326 3804 2380 ubi

2231 2417 2559 2487 negligenter
2602 2416 2782 2472 officio
2820 2431 2920 2472 suo
2962 2416 3108 2488 fungi
3145 2418 3292 2472 videt
3319 2417 3440 2472 illos
3463 2458 3479 2483 ,
3507 2427 3563 2473 et
3590 2428 3807 2488 propter

2234 2520 2509 2579 paternam
2530 2509 2912 2581 indulgentiam
2938 2523 2998 2565 se
3024 2510 3093 2565 ab
3118 2510 3223 2565 illis
3250 2512 3539 2577 contemni,
3567 2512 3635 2566 ob
3654 2526 3807 2567 suam

2234 2602 2524 2658 bonitatem
2572 2602 2872 2673 prcdagogis
2911 2618 2974 2657 ac
3013 2601 3429 2672 praeceptoribus
3480 2602 3808 2659 terribilibus

2236 2693 2356 2748 illos
2403 2694 2686 2748 committit
2712 2712 2725 2747 :
2754 2695 2832 2749 sic
2872 2703 2927 2749 et
2970 2708 2999 2747 a
3027 2704 3209 2748 nostra
3249 2701 3437 2747 natura
3467 2709 3525 2748 se
3568 2706 3807 2749 contem-

2238 2796 2388 2856 ptum
2428 2800 2654 2841 cernens
2698 2786 2878 2853 Deus,
2911 2786 2980 2841 ob
3008 2801 3157 2840 suam
3206 2787 3494 2842 bonitatem
3545 2795 3810 2856 tamquam

2238 2875 2505 2946 magistris
2531 2890 2595 2931 ac
2620 2877 2923 2948 paedagogis
2961 2876 3276 2947 quibusdam
3316 2877 3637 2947 principibus
3666 2877 3809 2931 illam

2242 2969 2499 3036 tradidit,
2531 2978 2590 3023 ut
2636 2968 3012 3038 negligentiam
3050 2967 3168 3036 ejus
3210 2968 3558 3037 corrigercnt.
3604 2966 3709 3021 Sed
3762 2966 3809 3021 si

2239 3063 2397 3117 vultis
2421 3103 2436 3128 ,
2460 3078 2524 3117 ex
2550 3063 2716 3117 veteri
2744 3061 3086 3117 Testamento
3109 3061 3236 3116 illud
3265 3070 3567 3131 spectemus
3585 3099 3602 3125 ,
3623 3059 3692 3115 ob
3718 3073 3814 3112 no-

2241 3165 2405 3209 stram
2454 3154 2700 3208 nimirum
2750 3153 3061 3223 pravitatem
3091 3153 3193 3207 hoc
3238 3166 3371 3222 epus
3413 3151 3576 3207 fuisse
3611 3151 3808 3220 princi-

2244 3257 2388 3317 patu.
2419 3245 2648 3315 Propter
2678 3245 2887 3315 iniquos
2912 3245 3171 3314 quiSpiam
3200 3244 3454 3313 propheta
3492 3255 3813 3297 succensens

2243 3340 2328 3394 bis
2355 3338 2532 3394 verbis
2561 3340 2725 3393 utitur
2748 3356 2760 3390 :
2791 3336 2997 3391 Tacebis
3025 3337 3144 3390 dum
3170 3336 3355 3405 impius
3378 3336 3581 3389 devorat
3596 3337 3811 3409 justum,

2243 3441 2290 3487 et
2317 3433 2470 3503 facies
2496 3430 2516 3461 '
2539 3430 2763 3483 homines
2796 3430 2938 3500 quasi
2968 3429 3126 3498 pisces
3167 3428 3340 3489 maris,
3371 3436 3417 3480 et
3446 3427 3589 3497 quasi
3614 3427 3812 3495 reptilia

2245 3541 2344 3579 non
2366 3524 2599 3578 habentia
2620 3524 2796 3576 ducem
2823 3520 3045 3590 (Habac.
3070 3521 3121 3575 1.
3148 3519 3233 3573 15.
3264 3518 3388 3589 ιω
3416 3519 3553 3586 Ergo
3580 3517 3699 3572 ideo
3710 3517 3815 3571 dux

2245 3627 2329 3671 εει
2353 3657 2368 3681 ,
2398 3630 2466 3670 ne
2510 3623 2776 3683 tamquam
2817 3612 3025 3683 reptilia
3055 3612 3257 3665 simus:
3283 3610 3404 3664 ideo
3431 3612 3677 3678 princeps
3700 3649 3716 3675 ,
3751 3622 3816 3662 ne

2249 3718 2514 3777 tamquam
2564 3706 2736 3775 pisces
2762 3703 2783 3735 ³
2810 3717 2909 3758 nos
2953 3702 3181 3758 invicem
3229 3700 3570 3755 devoremus.
3602 3698 3732 3753 Nam
3762 3708 3817 3752 ut

2247 3807 2466 3868 propter
2508 3796 2727 3851 morbos
2765 3794 3151 3850 medicamenta
3182 3801 3305 3846 sunt
3327 3793 3479 3859 data,
3508 3793 3583 3845 sic
3606 3799 3819 3861 propter

2246 3889 2462 3953 delicta,
2492 3887 2770 3958 supplicia.
2800 3885 3060 3952 Quoaiam
3099 3883 3242 3938 enim
3269 3881 3314 3937 is
3342 3883 3430 3953 qui
3454 3883 3651 3936 virtute
3683 3896 3817 3951 pra:-

2247 3981 2390 4036 ditus
2419 3980 2575 4042 vivit,
2603 3976 2863 4049 ejusmodi
2902 3974 3219 4047 prmfectura
3273 3988 3380 4028 non
3425 3972 3655 4041 indiget,
3697 3970 3817 4024 audi

2249 4074 2373 4145 quid
2416 4074 2559 4128 dicat
2580 4072 2773 4126 Paulus
2803 4089 2817 4124 :
2842 4069 2937 4124 Sin
2965 4078 3131 4121 autem
3161 4067 3233 4120 vis
3262 4082 3364 4120 non
3406 4066 3579 4119 timere
3601 4074 3820 4134 potesta-

2251 4177 2351 4221 tem
2375 4207 2389 4231 ,
2436 4165 2621 4218 bonum
2663 4163 2745 4231 [ac
2773 4201 2788 4225 ,
2820 4169 2867 4215 et
2916 4159 3116 4213 habebis
3154 4158 3352 4213 laudem
3398 4173 3460 4210 ea:
3499 4155 3589 4209 illa
3645 4152 3819 4220 (Rom.

2253 4259 2338 4314 i5.
2362 4258 2438 4326 5).
2470 4254 2747 4324 Spectator
2777 4263 2897 4305 tuus
2918 4291 2932 4314 ,
2953 4250 3143 4321 inquit,
3175 4260 3256 4304 est
3282 4247 3463 4317 judex.
3494 4246 3550 4300 Si
3579 4255 3722 4300 recte
3753 4244 3825 4295 vi-

2252 4364 2343 4403 vas
2367 4389 2383 4414 ,
2413 4363 2517 4402 non
2561 4353 2826 4415 spectator
2849 4343 3019 4397 solum
3041 4382 3055 4406 ,
3090 4340 3183 4395 sed
3221 4341 3382 4394 etiam
3432 4336 3693 4391 laudator.
3722 4333 3823 4389 Sed

2252 4441 2376 4512 quid
2420 4455 2518 4509 ego
2560 4437 2626 4492 de
2676 4436 2970 4507 principum
3020 4434 3209 4503 loquor
3237 4431 3553 4485 necessitate
3576 4467 3592 4491 ,
3620 4443 3739 4481 cum
3768 4436 3822 4481 et

2253 4534 2371 4587 aliis
2414 4531 2579 4585 multo
2611 4528 2901 4596 majoribus
2929 4524 3268 4580 sublimiores
3314 4522 3421 4577 sint
3459 4520 3549 4591 qui
3595 4520 3828 4590 philoso-

2255 4627 2432 4697 phiam
2462 4622 2669 4678 culunt?
2695 4620 2963 4691 Siquidem
2988 4617 3283 4687 principum
3302 4615 3533 4681 ipsorum
3562 4611 3826 4682 principes

2256 4726 2382 4774 sunt
2423 4717 2587 4786 leges.
2622 4715 2866 4768 Attamen
2912 4724 3084 4779 neque
3136 4707 3339 4778 legibus
3382 4705 3580 4776 indiget
3624 4705 3704 4769 is,
3737 4705 3823 4771 qui

2256 4826 2377 4865 cum
2425 4806 2681 4862 modestia
2712 4812 2766 4858 et
2809 4802 3058 4872 aequitate
3087 4799 3223 4851 vivit
3254 4816 3266 4850 :
3294 4806 3455 4866 atque
3495 4797 3593 4850 hoc
3626 4804 3826 4848 testan-

2259 4913 2367 4958 tem
2407 4900 2529 4955 audi
2556 4898 2774 4953 Paulum
2810 4895 2891 4949 bis
2920 4893 3127 4956 verbis,
3158 4889 3307 4944 Justo
3330 4889 3411 4941 lea:
3439 4903 3541 4941 non
3564 4896 3634 4940 est
3654 4887 3829 4957 posita

2263 4997 2336 5067 (l.
2365 4994 2494 5049 Tim.
2524 4993 2573 5048 1.
2607 4992 2683 5060 9).
2714 4989 2863 5057 Quod
2890 4989 2934 5043 si
2966 4988 3049 5042 lex
3070 4986 3236 5055 posita
3262 4999 3367 5038 non
3393 4991 3496 5043 est,
3525 4980 3690 5035 multo
3720 4995 3830 5033 nta-

2257 5088 2338 5157 gis
2364 5085 2609 5156 princeps
2636 5080 2684 5137 ei
2712 5078 2990 5150 praefectus
3010 5091 3117 5131 non
3145 5083 3246 5130 est.
3281 5075 3358 5128 En
3386 5072 3479 5126 tibi
3503 5071 3715 5126 tertium
3744 5085 3831 5137 ge-

2260 5195 2361 5234 nus
2404 5178 2729 5246 principatus
2752 5213 2768 5238 ,
2795 5171 2884 5240 qui
2922 5179 2977 5225 et
3008 5170 3122 5240 ipse
3163 5168 3376 5223 ductam
3412 5166 3571 5221 habet
3595 5163 3831 5219 occasio.

2258 5286 2378 5326 nem
2407 5284 2435 5322 a
2461 5274 2675 5338 peccato
2698 5274 2752 5319 et
2778 5261 3132 5333 improbitate.

2323 5451 2338 5479 ί
2377 5453 2491 5507 Reg.
2518 5454 2673 5501 unus,
2697 5451 2789 5488 non
2812 5431 3051 5487 emendati
3072 5445 3251 5484 nimus.
3276 5431 3396 5480 Edit.
3416 5466 3431 5491 ,
3454 5426 3535 5479 iile
3570 5441 3661 5478 nat
3683 5440 3835 5475 emen-

2260 5510 2509 5680 daiuiteg.’
2541 5577 2693 5619 unus.
2736 5574 2767 5612 0
2796 5559 3051 5629 prouidens
3084 5566 3231 5617 Deus.
3275 5560 3406 5606 taces
3445 5555 3563 5603 αισα
3606 5522 3760 5613 iustus
3782 5550 3840 5600 ab

2263 5634 2407 5680 impio
2463 5634 2700 5679 evoratur.
2722 5632 2766 5674 et
2789 5625 2926 5680 rarts.

2263 5634 2407 5693 impio
2429 5625 2700 5696 devoratur.
2722 5632 2766 5674 et
2788 5625 2926 5692 facis.

2328 5697 2349 5729 ³
2383 5702 2519 5758 tteg.,
2541 5701 2694 5754 pisces
2715 5697 2881 5736 mam.
