4146 6260
338 370 469 429 ωδπ

335 486 445 543 Καὶ
470 485 577 556 7&9
601 483 930 555 ηὐθέντησεν
977 484 1121 552 ἅπαξ
1170 484 1374 548 κακῶς.
1440 484 1600 539 Ἀλλ’
1647 483 1802 537 εἶναι
1840 482 1909 534 ἐν

333 572 588 643 ἡσυχία·
627 572 764 625 Ἀλλ’
799 572 919 625 είπὲ
943 573 1039 627 καὶ
1060 572 1162 643 τὴν
1189 573 1390 626 αἰτίαν.
1436 570 1609 640 Ἀδὰμ
1639 569 1769 639 γὰρ,
1806 584 1911 636 φη-

339 662 446 724 σὶν,
467 663 579 716 οὐκ
608 659 904 728 ἠπατήθη,
922 662 959 729 ἠ
982 660 1050 714 δὲ
1066 660 1220 731 γυνὴ
1245 660 1616 727 ἀπατηθεῖσα
1628 659 1698 711 ἐν
1723 671 1909 724 παρα-

341 750 514 805 ϐάσει
532 747 757 818 γέγονε.
781 749 878 802 Διά
907 748 1064 802 τοῦτο
1090 748 1259 818 αὐτὴν
1282 748 1389 802 ἀπὸ
1421 747 1514 800 τοῦ
1540 746 1639 816 τῆς
1660 746 1911 799 διδασκα-

342 834 461 898 λίας
479 834 803 888 κατεϐίϐασε
835 833 1048 904 θρόνου.
1084 835 1142 888 '0
1163 834 1272 904 7&9
1301 834 1572 888 διδάσκειν
1598 832 1698 884 οὐκ
1733 829 1910 895 εἰδὼς,

348 920 679 990 μανθανέτω,
709 920 872 989 φησίν
895 938 908 951 ο
934 921 1056 974 εἰδὲ
1081 921 1155 991 μὴ
1183 920 1423 990 βούλοιτο
1448 918 1759 990 μανθάνειν,
1775 916 1909 970 ἀλλὰ

344 1007 612 1061 διδάσκειν
647 1005 852 1070 ἐθέλοι,
890 1008 984 1059 καὶ
1028 1007 1217 1060 ἑαυτὸν
1256 1007 1350 1060 καὶ
1373 1008 1500 1068 τοὺς
1544 1004 1912 1074 μανθάνοντας

345 1090 703 1162 προσαπολεῖ·
731 1093 866 1163 ὅπερ
896 1089 990 1145 οὖν
1021 1093 1115 1145 καί¹
1148 1093 1241 1145 ἐπὶ
1264 1093 1363 1162 τῆς
1391 1091 1647 1160 γυναικὸς
1675 1090 1795 1142 τότε
1821 1090 1912 1156 γέ-

345 1194 519 1246 γονεν.
556 1176 695 1231 Ἀλλ’
718 1179 798 1231 ὅτι
834 1177 933 1249 μὲν
966 1178 1329 1231 ὑποτέτακται
1369 1176 1446 1246 τῷ
1483 1177 1655 1245 ἀνδρὶ,
1701 1176 1797 1228 καὶ
1824 1175 1912 1227 διὰ

343 1264 444 1335 τὴν
475 1262 747 1334 ἁμαρτίαν
778 1263 1045 1334 ὑπετάγη,
1067 1265 1223 1335 δῆλον
1257 1262 1503 1317 ἐντεῦθεν
1526 1280 1539 1293 ·
1570 1261 1826 1331 βούλομαι
1855 1261 1911 1313 δὲ

345 1351 519 1403 ἐκεῖνο
549 1349 816 1414 ἀκοῦσαι,
845 1351 934 1415 τὸ,
978 1352 1133 1419 Πρὸς
1160 1350 1268 1404 τὸν
1307 1349 1497 1417 ἄνδρα
1534 1365 1651 1403 σου
1698 1351 1735 1417 ἡ
1769 1348 1912 1401 ἀπο-

344 1438 578 1507 στροφή
607 1456 742 1504 σου,
776 1438 875 1493 καί
899 1440 1081 1503 αὐτός
1112 1453 1229 1493 σου
1251 1439 1571 1506 κυριεύσει.

416 1524 479 1594 β’.
508 1525 772 1596 Βούλομαι
805 1526 997 1597 μαθεῖν
1025 1524 1142 1589 πῶς
1188 1525 1281 1577 καὶ
1307 1525 1433 1595 περὶ
1457 1525 1556 1595 τῆς
1586 1519 1912 1593 κηδεμονίας

344 1611 547 1680 ταύτης
570 1614 598 1665 6
624 1611 834 1676 Παῦλος
861 1610 1186 1679 διαλέγεται,
1205 1610 1299 1664 καὶ
1324 1611 1423 1682 τὴν
1448 1609 1762 1663 δεσποτείαν
1788 1611 1912 1663 ἀνα-

349 1698 570 1768 μίγνυσι
595 1701 660 1770 τῇ
689 1698 1039 1771 φιλοστοργίᾳ
1071 1711 1120 1751 ει.
1146 1698 1256 1751 Ποῦ
1290 1693 1383 1752 οὖν
1412 1697 1570 1750 τοῦτο
1598 1700 1772 1761 ποιεῖ;
1799 1698 1911 1748 Κο-

348 1783 570 1853 ρινθίοις
596 1785 921 1838 ἐπιστέλλων
949 1785 1111 1855 φησίν
1134 1802 1147 1815 ·
1172 1788 1236 1839 Ol
1261 1784 1496 1854 ἄνδρες,
1522 1782 1788 1853 ἀγαπᾶτε
1804 1786 1911 1848 τὰς

344 1869 634 1937 γυναῖκας
654 1886 667 1900 ·
699 1872 807 1926 ἰδοὺ
849 1872 939 1938 τὸ,
973 1871 1131 1940 Πρὸς
1165 1872 1275 1926 τὸν
1298 1872 1488 1939 ἄνδρα
1524 1886 1639 1925 σου
1672 1872 1710 1939 ή
1760 1871 1910 1925 ἀπο-

344 1956 575 2026 στροφή
598 1974 735 2013 σου.
764 1961 835 2013 Al
861 1958 1142 2029 γυναῖκες
1163 1960 1265 2013 ἵνα
1284 1959 1577 2028 φοϐῶνται
1621 1956 1764 2023 τοὺς
1804 1957 1911 2011 dr-

343 2046 522 2114 ὄρας·
578 2047 686 2103 ίδοὺ
731 2049 827 2111 τὸ,
858 2049 1054 2112 Αὐτός
1077 2062 1195 2103 σου
1246 2048 1570 2115 κυριεύσει.
1604 2043 1757 2109 Εἶδες
1796 2045 1915 2110 πῶς

345 2135 654 2206 ἀνεπαχθὴς
692 2138 728 2207 ὴ
777 2136 1082 2199 δεσποτεία,
1120 2137 1248 2189 ὅταν
1281 2135 1516 2207 ἐραστὴς
1563 2136 1788 2206 μανικὸς
1814 2135 1921 2205 τῆς

344 2222 694 2293 δουλευούσης
721 2228 749 2278 6
774 2223 1037 2294 δεσπότης
1065 2222 1121 2297 ᾖ,
1160 2226 1287 2278 ὅταν
1316 2224 1480 2293 φόϐος
1602 2224 1742 2290 μετά
1773 2225 1914 2293 ἀγά-

347 2326 486 2375 πηςς
514 2308 671 2362 Οὕτω
698 2311 804 2382 γὰρ
836 2310 897 2363 τὸ
921 2311 1177 2383 φορτικὸν
1206 2312 1473 2383 ἀνῄρηται
1514 2313 1611 2382 τῆς
1647 2312 1910 2374 δουλείας.

346 2395 491 2447 Μίαν
522 2394 621 2464 μὲν
667 2391 760 2450 οὖν
786 2398 1049 2468 εἰσήγαγε
1087 2397 1186 2469 τὴν
1231 2397 1403 2469 ἀρχὴν
1432 2399 1464 2467 ή
1494 2400 1766 2469 παρακοὴ.
1820 2399 1913 2469 Μὴ

346 2482 455 2551 γὰρ
476 2481 539 2552 δὴ
571 2481 727 2536 τοῦτο
754 2483 870 2554 ἴδῃς
893 2525 909 2549 ,
937 2484 1019 2537 ὅτι
1059 2486 1195 2554 πρὸς
1220 2485 1281 2538 τὸ
1311 2485 1429 2538 δέον
1455 2486 1784 2556 ὲρῤύθμισεν
1812 2485 1923 2539 αύ-ν

346 2568 443 2638 τὴν
463 2570 491 2619 6
515 2569 663 2633 Θεὸς,
705 2570 819 2622 ἀλλ’
849 2572 930 2624 ὅτι
956 2572 1125 2642 αὐτὴν
1153 2575 1251 2642 τῆς
1294 2572 1534 2636 δουλείας
1558 2572 1657 2644 τὴν
1683 2572 1844 2641 φύσιν
1875 2575 1909 2643 ἠ

346 2654 587 2724 ἁμαρτία
605 2656 1035 2712 κατεσκεύασεν·
1056 2658 1091 2728 ἦ
1116 2659 1231 2711 ἐστι
1261 2659 1356 2712 καὶ
1383 2659 1635 2730 δεύτερον
1664 2660 1910 2724 δουλείας

344 2738 482 2803 εἶδος
533 2740 626 2795 τοῦ
667 2742 930 2815 προτέρου
966 2745 1381 2817 φορτικώτερον,
1444 2746 1538 2798 καὶ
1567 2747 1699 2800 αὐτὸ
1727 2747 1783 2799 δὲ
1813 2748 1919 2819 τὴν.

344 2827 517 2899 ἀρχὴν
557 2829 650 2881 καὶ
676 2827 773 2901 τὴν
802 2829 1056 2883 ὑπόθεσιν
1082 2833 1145 2884 ἐκ
1169 2832 1267 2900 τῆς
1303 2832 1575 2902 ἁμαρτίας
1606 2832 1739 2902 ἔχει.
1761 2833 1919 2889 Μετά

344 2915 452 2982 γὰρ
484 2913 573 2967 τὸν
602 2913 985 2984 κατακλυσμὸν
1011 2915 1101 2968 τὸν
1122 2917 1213 2969 ἐπὶ
1237 2916 1330 2970 τοῦ
1353 2918 1498 2982 Νῶε,
1523 2918 1617 2970 καὶ
1647 2919 1708 2971 τὸ
1736 2919 1912 2972 κοινὸν

344 3004 441 3068 τῆς
487 3001 808 3073 οἰκουμένης
858 3004 1075 3074 ἀπάσης
1101 3006 1359 3072 ναυάγιον
1398 3007 1493 3060 καὶ
1546 3007 1642 3077 τὴν
1672 3007 1914 3060 πανωλε-

346 3086 503 3157 θρίαν
530 3086 764 3156 ἐκείνην,
816 3089 1063 3160 ἥμαρτεν
1080 3094 1175 3173 1είς
1206 3092 1297 3146 τὸν
1316 3093 1678 3163 γεγεννηκότα
1706 3096 1734 3147 6
1758 3094 1907 3164 Χάμ,

346 3174 438 3225 καὶ
475 3173 826 3243 γυμνωθέντα
858 3174 980 3228 ἰδὼν
1008 3176 1103 3231 τὸν
1144 3178 1378 3248 πατέρα,
1405 3178 1603 3249 μᾶλλον
1626 3179 1910 3250 ἐγύμνωσε

341 3262 408 3329 τῇ
435 3258 571 3330 πρὸς
596 3261 719 3323 τοὺς
742 3261 1003 3331 ἀδελφοὺς
1032 3265 1354 3337 κατηγορίᾳ,
1385 3266 1478 3319 καὶ
1501 3265 1750 3319 ἐντεῦθεν
1775 3266 1910 3320 οἰκέ-

340 3362 439 3415 της
469 3345 683 3414 ἐγένετο
710 3346 818 3400 τῶν
846 3347 1109 3416 ἀδελφῶν.
1149 3351 1482 3421 Ἐλυμήνατο
1506 3353 1615 3423 γὰρ
1654 3353 1754 3421 τῆς
1804 3352 1909 3422 φύ-

344 3450 480 3496 σεως
510 3432 607 3504 τὴν
635 3434 964 3506 εὐγένειανή
1002 3436 1102 3507 τῆς
1130 3438 1501 3510 προαιρέσεως
1522 3440 1755 3509 πονηρία
1777 3455 1791 3470 ·
1816 3440 1911 3494 καὶ

345 3518 487 3586 μάλα
519 3519 759 3583 εἰκότως.
815 3520 880 3574 Ἦ
918 3521 1016 3591 μὲν
1064 3517 1157 3575 οὖν
1194 3524 1382 3595 Γραφὴ
1412 3525 1613 3595 μυρίας
1640 3526 1777 3597 ὑπὲρ
1814 3526 1909 3580 τοῦ

339 3605 549 3659 δικαίου
584 3607 895 3676 συντίθησιν
918 3609 1231 3677 ἀπολογίας,
1269 3611 1468 3681 μᾶλλον
1501 3613 1557 3666 δὲ
1594 3614 1675 3665 ἐνὶ
1704 3615 1910 3683 ῥήματι

343 3695 521 3744 πᾶσαν
549 3692 696 3763 αύτῷ
728 3692 909 3746 δίδωσι
934 3695 1284 3765 συγγνώμην.
1323 3699 1571 3763 Ἤρξατο
1601 3699 1729 3768 γὰρ,
1755 3701 1907 3768 φησὶ,

342 3776 471 3830 Νῶε
520 3776 828 3845 ἄνθρωπος
866 3781 1137 3847 γεωργός.
1173 3780 1248 3832 Τὸ
1295 3781 1373 3844 δὲ,
1428 3782 1708 3848 ’11ρξατο,
1753 3784 1911 3836 τοῦτο

344 3862 542 3934 πολλὴν
572 3863 684 3933 ἔχει
706 3863 802 3933 τὴν
827 3865 1119 3932 ἀπολογίαν
1140 3865 1237 3935 τὴν
1260 3867 1353 3917 ἐπὶ
1381 3870 1444 3935 τῇ
1473 3868 1628 3937 μέθῃ.
1650 3868 1786 3920 Οὔτε
1802 3870 1910 3939 7&9

346 3950 508 4003 πόσον
536 3953 679 4003 πιεῖν
698 3950 865 4021 ἐχρῆν
901 3951 993 4003 τὸν
1039 3945 1182 4003 οἶνον
1232 3951 1371 4021 ᾔδει,
1402 3952 1527 4006 οὔτε
1583 3954 1697 4018 πῶς
1744 3959 1908 4023 πιεῖν,

344 4038 598 4107 ἄκρατον,
637 4038 671 4109 ἢ
704 4038 1037 4108 μεμιγμένον
1089 4038 1260 4105 ὕδατι,
1305 4039 1429 4094 οὔτε
1461 4041 1590 4095 πότε
1620 4046 1784 4108 πιεῖν,
1818 4045 1911 4097 εύ-

345 4126 481 4188 θέως
507 4124 615 4180 τιῖθν
635 4126 938 4196 ὑποληνίων
965 4126 1377 4197 ἐξαντληθέντα,
1406 4128 1439 4199 ἢ
1470 4130 1663 4201 μικρὸν
1684 4132 1911 4200 ἀναμεί-

344 4229 512 4267 ναντα
531 4214 739 4285 χρόνον.
783 4213 846 4266 Ἦ
880 4214 979 4282 μὲν
1010 4208 1103 4269 οὖν
1148 4214 1337 4286 Γραφὴ
1357 4214 1447 4268 διά
1474 4215 1679 4271 τούτων
1722 4218 1911 4271 ἀπολο-

342 4307 517 4371 γεῖται
549 4305 688 4376 ὑπὲρ
713 4304 807 4359 τοῦ
841 4304 994 4359 Νῶε⁶
1015 4306 1044 4358 6
1079 4305 1136 4360 δὲ
1166 4305 1224 4371 ἐξ
1258 4305 1424 4365 αὑτοῦ
1455 4306 1755 4377 γεννηθεὶς,
1788 4310 1817 4361 6
1840 4308 1908 4362 δι’

342 4394 545 4448 ἐκείνου
574 4396 765 4459 σωθεὶς
788 4396 896 4467 (διὰ
920 4397 1028 4468 γὰρ
1050 4397 1148 4469 τὴν
1175 4399 1253 4460 εἰς
1280 4398 1372 4452 τὸν
1403 4399 1615 4470 πατέρα
1650 4398 1813 4470 τιμὴν
1845 4400 1906 4453 οὗ

344 4486 686 4540 συναπώλετο
697 4487 776 4558 τῷ
806 4487 915 4542 τῶν
940 4488 1141 4542 λοιπῶν
1157 4487 1472 4560 κλυδωνίῳ),
1508 4489 1657 4562 [661]
1688 4490 1749 4543 οὐ
1772 4491 1909 4562 πρὸς

340 4576 438 4648 τὴν
454 4577 612 4646 φύσιν
632 4577 752 4631 ἰδὼν
762 4578 950 4649 αὐτὴν,
967 4579 1030 4632 οὐ
1041 4579 1139 4648 τῆς
1153 4581 1425 4650 σωτηρίας
1442 4582 1827 4653 ἀναμνησθεὶς,
1845 4583 1911 4637 οὑ

340 4669 417 4738 τῷ
448 4669 598 4739 φόϐῳ
627 4670 1038 4740 σωφρονισθεὶς,
1067 4671 1208 4740 ὀρῶν
1227 4672 1312 4727 ἐτι
1334 4672 1404 4727 τὰ
1433 4672 1657 4743 λείψανα
1682 4678 1784 4745 τῆς
1809 4674 1905 4735 τοῦ

339 4762 475 4814 Θεοῦ
512 4762 737 4831 μένοντα
764 4764 953 4833 ὀργῆς,
984 4763 1079 4815 καὶ
1106 4763 1205 4832 τῆς
1233 4766 1517 4834 συμφορᾶς
1546 4766 1616 4821 τά
1635 4767 1753 4837 ἴχνη
1780 4785 1909 4837 φαι-

340 4850 561 4917 νόμενα,
587 4849 683 4904 καὶ
715 4850 807 4903 τὸν
837 4850 945 4904 τῶν
964 4850 1341 4920 γεγενημένων
1368 4841 1686 4923 ἀκμάζοντα
1716 4857 1901 4925 φόϐον,

336 4940 620 5012 ἐξύϐρισεν
657 4941 737 5004 εἰς
781 4940 872 4993 τὸν
920 4941 1299 5011 γεγεννηκότα.
1355 4944 1448 4999 Διά
1497 4944 1654 4998 τοῦτο
1692 4947 1785 4999 καί
1822 4965 1905 5013 τις

338 5032 501 5101 σοφὸς
530 5034 785 5102 παραινεῖ
811 5030 1011 5101 λέγων’
1037 5032 1135 5099 Μὴ
1170 5031 1420 5096 δοξάζον
1454 5035 1525 5089 ἐν
1558 5036 1759 5105 ἀτιμίᾳ
1790 5055 1906 5091 πα-

338 5125 475 5190 τρός
502 5139 653 5178 σουο
684 5125 757 5178 οὐ
783 5123 896 5192 γάρ
923 5123 1058 5177 ἐστί
1092 5138 1192 5176 σοι
1235 5122 1388 5186 δόξα
1429 5129 1653 5194 πατρὸς
1682 5127 1903 5196 ἀτιμία.

352 5216 489 5267 Ἀλλ’
518 5215 639 5268 οὐδὲ
670 5214 827 5268 τοῦτο
852 5215 996 5283 ἔγνω
1025 5216 1260 5279 ἐκεῖνος’
1290 5215 1406 5275 ἀλλ’
1443 5216 1688 5287 ἥμαρτεν
1726 5218 1902 5290 ἁμαρ·

336 5307 459 5360 τίαν
491 5308 669 5379 πάσης
700 5308 1028 5379 συγγνώμης
1055 5308 1149 5362 καὶ
1185 5309 1480 5380 ἀπολογίας
1519 5309 1762 5379 μείζονα.
1804 5311 1903 5369 Διά

335 5398 494 5450 τοῦτο
523 5398 791 5469 τιμωρίαν
838 5399 1006 5454 ἔδωκε
1038 5400 1137 5469 τῆς
1184 5400 1458 5471 ἁμαρτίας
1493 5400 1591 5472 τὴν
1634 5400 1899 5465 δουλείαν,

336 5487 429 5539 καὶ
462 5486 570 5541 τῶν
615 5488 857 5558 ἀδελφῶν
890 5488 1106 5561 οἰκέτης
1143 5490 1380 5559 ἐγένετο,
1411 5492 1503 5545 καὶ
1531 5490 1630 5563 τὴν
1661 5491 1771 5547 ἀπὸ
1805 5492 1902 5556 τῆς

386 5666 575 5763 “ﬁlex.
594 5704 741 5764 pnus,
762 5691 909 5743 hodie
931 5691 1041 5753 779,
1060 5693 1141 5740 καὶ
1160 5696 1218 5755 τῇ
1243 5692 1496 5756 δεσποτεία
1515 5692 1790 5755 ἀναμίγνυσι
1814 5693 1900 5749 τήν

335 5764 683 5811 φυοστοᾳγιαν.

1564 368 1635 423 IN
1668 360 1975 430 GENESIM
2016 364 2246 423 SERMO
2285 362 2371 421 IV.

3482 356 3583 411 596

2020 479 2232 546 φύσεως
2260 476 2548 546 πριεδρίαν
2575 478 2640 546 τῇ
2673 474 2771 545 τῆς
2806 471 3029 541 γνώμης
3056 468 3222 539 κακίᾳ
3257 465 3584 537 προέδωκεν.

2030 566 2160 618 Ἰδοὺ
2183 566 2278 617 καὶ
2304 562 2554 632 δεύτερος
2580 562 2823 622 δουλείας
2850 558 3069 629 τρόπος.
3108 555 3298 608 Βούλει
3344 553 3438 607 καὶ
3468 553 3584 624 τρί-

2017 672 2107 709 τον
2138 653 2329 724 μαθεῖν
2353 670 2368 720 ;
2390 650 2694 723 Φορτικώτε
2705 666 2792 721 ρος
2814 649 2870 702 δὲ
2890 640 3043 709 οὗτος
3065 645 3171 698 τῶν
3199 643 3291 696 δύο
3311 642 3419 697 τῶν
3452 660 3584 712 προ-

2016 747 2188 817 τέρων
2209 745 2346 811 ἐστὶ,
2370 745 2465 799 καὶ
2485 743 2617 796 πολὺ
2648 740 3040 811 φοϐερώτερος.
3076 737 3291 806 Ἐπειδὴ
3317 736 3427 806 γὰρ
3454 735 3599 788 ἐκεί-

2017 854 2129 900 νοις
2158 838 2259 890 οὐκ
2308 833 2681 905 ἐσωφρονίσθη
2716 833 2770 895 ι),
2806 832 3082 884 ἐπέτεινεν
3122 831 3256 899 ἡμῖν
3304 829 3333 880 6
3362 826 3490 890 Θεὸς
3520 826 3588 880 τὰ

2015 927 2211 997 δεσμά.
2253 927 2351 989 Τίς
2401 922 2495 978 οὖν
2540 918 2693 986 οὗτός
2726 925 2903 987 ἐστιν;
2950 922 3009 973 '0
3067 920 3175 973 τῶν
3209 918 3507 990 ἀρχόντων,
3558 918 3588 968 6

2016 1017 2123 1071 τῶν
2154 1015 2409 1083 ἐξουσιῶν
2433 1031 2446 1043 ·
2479 1016 2537 1069 οὐ
2573 1012 2833 1077 τοιοῦτος,
2860 1006 2972 1074 οἶος
2989 1012 3016 1063 6
3042 1012 3139 1081 τῆς
3163 1009 3442 1078 γυναικὸς,
3470 1007 3588 1062 ούδέ

2015 1109 2276 1174 τοιοῦτος,
2310 1106 2421 1172 οἷος
2449 1110 2477 1161 6
2507 1106 2615 1160 τῶν
2641 1105 2868 1168 δούλων,
2907 1102 3044 1157 ἀλλά
3071 1100 3253 1170 πολλῷ
3283 1098 3589 1170 φοϐερώτε-

2021 1220 2131 1273 ρος.
2153 1200 2293 1272 Ξίφη
2317 1201 2422 1271 γάρ
2456 1201 2601 1255 ἐστιν
2637 1199 2765 1252 ἰδεῖν
2806 1194 3119 1266 ἠκονημένα
3161 1192 3460 1263 πανταχοῦ,
3494 1195 3589 1263 δη-

2021 1294 2195 1364 μίους,
2226 1293 2494 1355 κολάσεις,
2527 1289 2941 1361 βασανιστήρια,
2971 1285 3262 1356 τιμωρίας,
3293 1285 3392 1355 τὴν
3426 1284 3587 1353 μέχρι

2018 1384 2248 1439 θανάτου
2298 1384 2393 1437 καὶ
2425 1381 2570 1452 ζωῆς
2606 1380 2874 1447 ἐξουσίαν.
2923 1378 3033 1432 Καὶ
3059 1377 3140 1430 δτι
3183 1376 3278 1429 καὶ¹
3307 1370 3460 1437 οὗτος
3484 1374 3589 1444 τῆς

2017 1478 2191 1548 ἀρχῆς
2221 1476 2250 1528 6
2271 1476 2469 1548 τρόπος
2497 1476 2792 1543 ἀναγκαῖος
2818 1471 2907 1525 διά
2929 1468 3026 1541 τὴν
3055 1467 3327 1539 ἁμαρτίαν
3346 1467 3601 1536 ἐγένετο,-

2017 1570 2249 1624 ἇκουσον
2282 1569 2443 1624 πάλιν
2468 1565 2633 1622 αὐτοῦ
2654 1566 2747 1619 τοῦ
2782 1564 2994 1618 Παύλου
3033 1564 3161 1633 περὶ
3205 1560 3394 1613 τούτου
3445 1560 3589 1628 φιλο-

2019 1660 2331 1728 σοφοῦντος.
2374 1662 2441 1714 El
2474 1659 2543 1712 δὲ
2577 1659 2769 1723 θέλεις
2808 1657 2894 1728 μὴ
2938 1655 3246 1726 φοϐεῖσθαι
3272 1653 3386 1723 τὴν
3411 1653 3589 1718 ἐξου-

2017 1754 2181 1818 σίαν,
2211 1752 2278 1807 τὸ
2300 1752 2524 1822 ἀγαθὸν
2548 1752 2722 1816 ποίει,
2751 1750 2904 1821 φησὶ,
2928 1749 3027 1803 καί
3061 1748 3218 1814 ἔξεις
3247 1748 3497 1802 ἔπαινον
3516 1746 3595 1810 ἐξ

2016 1844 2223 1914 αὐτῆς.
2259 1845 2402 1899 Ἐὰν
2431 1844 2498 1899 τὸ
2520 1844 2707 1898 κακὸν
2736 1843 2935 1910 ποιῇς,
2966 1841 3153 1912 φοϐοῦ
3173 1857 3187 1872 °
3212 1843 3282 1895 οὐ
3320 1841 3430 1911 γὰρ
3453 1839 3595 1910 είκῆ-

2016 1936 2133 2006 τὴν
2163 1938 2463 2007 μάχαιραν
2493 1935 2677 2006 φορεῖ.
2746 1935 2907 2006 Ὁρᾷς
2952 1935 3033 1989 δτι
3065 1933 3152 1987 διὰ
3179 1933 3304 1997 τοὺς
3330 1932 3390 1985 τὸ
3419 1932 3589 1986 κακὸν

2018 2029 2355 2101 πράττοντας
2384 2030 2479 2082 καὶ
2507 2028 2689 2099 ἄρχων
2724 2027 2818 2080 καὶ
2849 2027 3125 2099 μάχαιρα;
3159 2026 3424 2079 ’Ἄκουσον
3457 2024 3599 2091 γοῦνι

2021 2120 2354 2192 σαφέστερον
2374 2120 2533 2174 τοῦτο
2561 2120 2739 2173 πάλιν.
2778 2119 3058 2185 Ἔκδικος
3082 2118 3211 2189 7&9,
3238 2119 3421 2187 φησὶν,
3458 2118 3589 2172 ἔστι

2018 2212 2098 2277 τῷ
2119 2212 2185 2266 τὸ
2208 2212 2398 2266 κακὸν
2421 2211 2778 2281 πράσσοντι.
2802 2213 2914 2265 Καὶ
2938 2213 3037 2265 ούκ
3053 2208 3224 2273 εἶπεν,
3241 2211 3312 2263 Οὐ
3333 2208 3442 2280 7&9
3465 2211 3587 2280 είκῆ

2018 2305 2201 2374 ἄρχων
2246 2304 2424 2358 ἐστίν·
2454 2305 2590 2359 ἀλλά
2620 2306 2707 2370 τίς
2739 2306 2822 2360 Οὐ
2856 2306 2966 2375 γὰρ
2990 2303 3123 2374 εικῆ
3147 2302 3260 2370 τὴν·
3286 2300 3590 2372 μάχαιραν

2018 2395 2214 2465 φορεῖ-
2235 2395 2586 2466 Ὧπλισμένον
2606 2413 2688 2449 σοι
2706 2396 2796 2449 τὸν
2816 2396 3075 2466 δικαστὴν
3106 2394 3391 2462 ἐπέστησε.
3410 2393 3588 2446 Καθά·

2019 2503 2124 2557 περ
2147 2485 2255 2557 7&9
2281 2485 2633 2557 φιλόστοργος
2671 2486 2853 2557 πατὴρ
2889 2487 3081 2549 παῖδας
3114 2487 3193 2549 εἰς
3231 2484 3390 2537 αὐτὸν
3422 2483 3587 2553 ρᾳθυ-

2022 2575 2277 2646 μοῦντας,
2312 2576 2405 2629 καὶ
2430 2576 2515 2629 διὰ
2549 2577 2647 2646 τὴν
2680 2575 2953 2647 πατρικὴν
2988 2574 3371 2644 φιλοστοργίαν
3419 2590 3587 2626 κατα-

2020 2668 2349 2739 φρονοῦντας
2377 2665 2563 2734 αὐτοῦ,
2601 2669 2689 2722 διὰ
2729 2669 2828 2739 τὴν
2857 2667 3169 2739 ἀγαθότητα
3221 2666 3600 2734 παιδαγωγοῖς

2019 2760 2114 2813 καὶ
2134 2759 2473 2823 διδασκάλοις
2503 2759 2752 2814 ἐκδίδωσι
2789 2760 3037 2831 φοϐεροῖς
3062 2776 3075 2790 ·
3112 2756 3252 2812 οὕτω
3273 2757 3368 2810 καὶ
3400 2759 3428 2810 6
3456 2757 3589 2822 Θεὸς

2019 2849 2118 2920 τὴν
2166 2849 2326 2919 φύσιν
2360 2852 2458 2920 τὴν
2487 2851 2760 2921 ἡμετέραν
2792 2849 3251 2920 καταφρονοῦσαν
3285 2848 3470 2911 αὐτοῦ,
3501 2848 3589 2901 διὰ

2016 2941 2115 3010 τὴν
2139 2941 2468 3012 ἀγαθότητα,
2521 2941 2769 3012 καθάπερ
2817 2941 3151 3005 διδασκάλοις
3182 2941 3276 2995 καὶ
3310 2941 3587 3009 παιδαγω-

2018 3034 2155 3099 γοῖς,
2182 3034 2295 3095 τοῖς
2323 3032 2578 3101 ἄρχουσιν
2610 3031 2892 3097 ἐξέδωκεν,
2935 3031 3076 3085 ὥστε
3120 3032 3317 3095 αὐτοὺς
3344 3031 3591 3102 ἐπιστρέ-

2016 3122 2115 3191 ψαι
2143 3121 2321 3175 αὐτῶν
2353 3121 2451 3192 τὴν
2490 3120 2784 3192 ρᾳθυμίαν.
2849 3122 3011 3187 ’Δλλ’,
3042 3123 3091 3176 εἰ
3147 3120 3402 3191 βούλεσθε
3428 3161 3444 3187 ,
3493 3120 3589 3173 καὶ

2018 3211 2126 3266 ἀπὸ
2157 3214 2256 3283 τῆς
2288 3210 2532 3275 Παλαιᾶς
2554 3211 2686 3265 αὐτὸ
2715 3210 2876 3265 τοῦτο
2909 3211 3125 3283 ἴδωμεν,
3144 3213 3225 3266 ὅτι
3253 3211 3341 3265 διὰ
3366 3212 3466 3282 τὴν
3491 3228 3589 3264 πο-

2016 3303 2207 3375 νηρίαν
2248 3302 2348 3374 τὴν
2385 3302 2663 3375 ἡμετέραν
2694 3302 2788 3357 καὶ
2824 3305 2921 3375 τῆς
2970 3303 3145 3375 ἀρχῆς
3180 3304 3397 3372 ἐγένετο
3428 3303 3588 3373 χρεία

2015 3395 2239 3466 ταύτης.
2270 3393 2391 3448 Τῶν
2420 3392 2715 3464 προφητῶν
2739 3410 2823 3457 τις
2852 3394 3287 3465 παροξυνόμενος
3330 3394 3423 3447 ἐπὶ
3472 3396 3587 3458 τοῖς

2015 3485 2244 3549 ἀδίκοις,
2299 3484 2444 3538 οὕτω
2500 3483 2620 3548 πώς
2672 3501 2840 3555 φησιο
2873 3484 3370 3553 Παρασιωπήσεις
3398 3484 3467 3538 ἐν
3507 3482 3589 3547 τῷ

2016 3578 2366 3631 καταπίνειν
2402 3577 2510 3631 τὸν
2530 3573 2719 3643 ἀσεϐῆ
2744 3575 2853 3630 τὸν
2895 3575 3149 3642 δίκαιον,
3183 3575 3283 3628 καὶ
3311 3574 3591 3639 ποιήσεις,

2015 3668 2156 3735 τοὺς
2180 3679 2211 3709 ον
2236 3668 2605 3736 ἀνθρώπους,
2624 3668 2703 3732 ὡς
2728 3668 2870 3731 τοὺς
2894 3668 3103 3735 ἰχθύας
3121 3666 3232 3735 τῆς
3246 3666 3605 3733 θαλάσσης,.

2015 3760 2115 3812 καὶ
2153 3759 2367 3827 ἔρπετὰ
2417 3762 2528 3812 οὐκ
2569 3758 2787 3825 ἔχοντα
2821 3759 3191 3825 ήτούμενον·;
3252 3757 3457 3810 Οὐκοῦν
3498 3758 3587 3813 διὰ

2015 3849 2175 3901 τοῦτο
2201 3847 2335 3919 ὴγού
2345 3866 2525 3918 μενος,
2557 3849 2644 3901 ἵνα
2672 3847 2747 3917 μὴ
2773 3846 2848 3909 ὡς
2875 3847 3080 3917 ἑρπετά
3110 3841 3260 3916 ὦμεν
3282 3864 3297 3878 ο
3320 3848 3407 3901 διά
3429 3848 3587 3901 τοῦτο

2016 3927 2340 4007 ἇρχωνἻῖια
2367 3937 2443 4007 μὴ
2469 3936 2543 4000 ὡς
2564 3938 2613 3989 οί
2634 3935 2814 4006 ἰχθύες
2842 3935 2869 3975 ἀ
2895 3936 3280 4006 καταπίνωμεν
3301 3936 3583 4007 ἀλλήλους.

2017 4028 2229 4099 Ὥσπερ
2264 4028 2373 4098 γὰρ
2399 4027 2487 4081 διὰ
2519 4027 2587 4081 τὰ
2614 4029 2898 4098 νοσήματα
2921 4028 2990 4081 τὰ
3013 4028 3296 4100 φάρμακα,
3335 4027 3478 4080 οὕτω
3498 4028 3596 4081 διὸ.

2014 4121 2082 4175 τά
2115 4121 2501 4192 ἁμαρτήματα
2533 4120 2886 4185 αἰκολάσεις.
2936 4121 3089 4176 Ἐπεὶ
3122 4123 3201 4175 δτι
3250 4138 3314 4191 γε
3348 4122 3376 4173 6
3409 4121 3586 4185 συζῶν

2014 4217 2182 4287 ἀρετῇ
2200 4218 2317 4286 ,τῆς
2359 4214 2568 4268 ἐκεῖθεν
2600 4215 2923 4279 ἐπιστασίας
2955 4216 3014 4269 ού
3047 4216 3236 4279 δεῖται,
3268 4215 3498 4269 ἄκουσον
3530 4213 3585 4267 τί

2015 4322 2179 4377 φησιν
2203 4306 2232 4358 6
2264 4303 2508 4369 Παῦλος⁸
2543 4306 2615 4358 El
2661 4303 2729 4357 δὲ
2767 4304 2963 4371 θέλεις
2993 4305 3081 4375 μὴ
3137 4307 3445 4376 φοϐεῖσθαι
3469 4308 3586 4373 τὴν

2013 4397 2321 4463 ἐξουσίαν,
2348 4396 2417 4450 τὸ
2453 4396 2680 4466 ἀγαθὸν
2708 4397 2881 4460 ποίει,
2909 4397 3006 4451 καὶ
3044 4392 3201 4465 ἔξεις
3230 4399 3482 4453 ἔπαινον
3514 4397 3585 4463 ἐξ

2013 4490 2221 4557 αὐτῆς.
2252 4488 2464 4557 Θεατής
2499 4504 2615 4549 σου,
2639 4489 2831 4558 φησὶν,
2859 4491 2887 4541 6
2933 4489 3192 4560 δικαστής
3242 4492 3408 4544 ἐστιν.
3458 4488 3595 4543 Ἐὰν.

2013 4579 2189 4651 ὀρθῶς
2213 4578 2331 4650 ζῇς,
2354 4580 2421 4631 ού
2447 4577 2642 4648 θεατὴς
2674 4578 2823 4649 [6621
2858 4580 3038 4649 μόνον,
3072 4581 3209 4633 ἀλλά
3240 4581 3335 4634 καὶ
3366 4582 3585 4633 ἐπαινέ-

2012 4690 2131 4743 της.
2187 4670 2299 4725 Kal
2350 4669 2404 4723 τί
2449 4668 2591 4737 λέγω
2618 4669 2715 4740 τὴν
2762 4669 2871 4723 ἀπὸ
2908 4670 3017 4722 τῶν
3060 4670 3334 4739 ἀρχόντων
3372 4669 3580 4740 χρείαν,

2011 4764 2209 4832 ὅπουγε
2232 4762 2325 4815 καὶ
2355 4761 2555 4831 ἐτέρων
2591 4758 2854 4830 μειζόνων
2885 4760 3147 4830 ἀνώτεροι
3190 4761 3238 4811 οἱ
3268 4759 3583 4828 φιλοσοφίαν

2011 4853 2297 4916 διώκοντές
2330 4854 2497 4917 εἰσιν;
2541 4850 2832 4922 ’Ἄρχοντες
2882 4849 2991 4921 γὰρ
3040 4850 3314 4920 ἀρχόντων
3365 4852 3505 4903 εἰσὶν
3531 4854 3582 4905 οἰ

2011 4945 2187 5015 νόμοι.
2230 4942 2367 4996 Ἀλλ’
2406 4943 2556 5012 ὅμως
2614 4940 2733 4994 οὺδέ
2763 4940 2941 5011 νόμων
2974 4940 3140 4994 δεῖται
3185 4943 3213 4994 6
3262 4941 3380 5012 μετ’
3410 4944 3584 4995 ἐπιει-

2011 5033 2163 5097 κείας
2184 5033 2290 5097 ζῶν
2312 5049 2325 5064 ο
2354 5034 2447 5085 καὶ
2473 5030 2630 5085 τοῦτο
2656 5032 2886 5087 ἄκουσον
2936 5032 3030 5086 τοῦ
3066 5032 3278 5087 Παύλου
3309 5033 3578 5103 λέγοντος,

2009 5125 2222 5188 Δικαίῳ
2245 5123 2429 5192 νόμος
2444 5123 2515 5175 οὐ
2529 5122 2746 5176 κεῖται.
2762 5122 2828 5178 Εἰ
2851 5121 2906 5175 δὲ
2923 5122 3084 5193 νόμος
3102 5126 3162 5177 οὐ
3183 5128 3377 5187 κεῖται,
3402 5125 3581 5195 πολλῷ

2013 5216 2215 5287 μᾶλλον
2262 5216 2445 5287 ἄρχων
2491 5217 2594 5270 οὐκ
2619 5217 2939 5287 ἐφέστηκεν.
3003 5217 3132 5269 Ἰδοὺ
3187 5217 3367 5286 τρίτος
3404 5218 3581 5287 ἀρχῆς

2008 5309 2227 5380 τρόπος,
2274 5310 2367 5362 καὶ
2411 5302 2564 5372 οὗτος
2594 5308 2703 5362 ἀπδ
2731 5308 2829 5379 τῆς
2876 5309 3148 5380 ἁμαρτίας
3173 5310 3267 5361 καὶ
3314 5309 3580 5379 πονηρίας

2009 5400 2148 5471 ἔχων
2180 5400 2276 5472 τὴν
2313 5400 2477 5453 ύπόθε
2486 5417 2603 5454 σιν-

2071 5511 2100 5548 δ
2125 5512 2249 5571 Reg.
2293 5522 2423 5558 unus
2458 5511 2654 5567 ἐκείνοις
2694 5510 2782 5558 οὐκ
2804 5509 3229 5572 ἐσωφρονίσθημεν.
3251 5507 3379 5558 Edit.
3408 5508 3582 5566 ἐκεῖνος

2010 5573 2096 5621 οὐκ
2121 5572 2459 5634 ἐσωφρονίσθη.

2074 5636 2095 5664 ε
2131 5630 2399 5690 Βριξξυηυε
2416 5632 2653 5693 προνοητὰ
2692 5630 2777 5679 τοῦ
2799 5630 2983 5693 κόσμου
3001 5634 3317 5693 παρασιωπᾷς
3335 5630 3382 5678 ἐν
3402 5632 3469 5690 τῶ
3492 5648 3581 5679 κα-

2010 5688 2282 5742 ταπίνεσθαι
2313 5694 2394 5740 τὸν
2415 5688 2595 5740 δίκαιον
2620 5693 2714 5739 ἀπὸ
2741 5688 2828 5739 τοῦ
2850 5688 3053 5747 ἀσεϐοῦς
3078 5688 3159 5740 καὶ
3188 5688 3340 5749 ποιεῖς
3358 5688 3481 5747 τοὺς.

2078 5752 2103 5793 δ
2128 5755 2247 5817 Reg.
2272 5753 2423 5815 ἰχθύες
2440 5760 2522 5810 τῆς
2542 5753 2797 5809 θαλάσσης.
