4146 6260
573 341 675 404 ἕυτ
1367 354 1648 410 ,1οᾹΝΝ15
1685 352 2134 411 CIIRYSOSTOM

2240 321 2538 412 \RCHIEP.
2577 357 3113 416 CONSTANTINOP.

644 469 716 536 γ’.
741 467 865 533 Πῶς
897 467 990 525 οὖν
1011 473 1037 526 6
1061 473 1268 537 Παῦλός
1301 492 1485 544 φησιν,
1509 477 1590 528 ὅτι
1623 477 1742 529 Οὐκ
1776 477 1947 528 ἐστιν
1971 475 2146 539 ἐξου-
2177 491 2185 496 ·

572 559 698 621 σία,
722 560 773 612 εί
786 559 873 628 μὴ
893 559 1010 612 ἀπὸ
1028 559 1208 624 Θεοῦ;
1233 561 1352 614 Ὅτι
1377 562 1541 624 αὑτὸς
1563 563 1730 632 αὐτὴν
1754 563 1890 632 πρὸς
1913 563 1974 616 τὸ
1997 563 2146 616 λυσι-

571 644 724 710 τελὲς
753 647 883 715 ἡμῖν
909 647 1258 717 κατέστησεν.
1286 648 1562 717 Είσήγαγε
1590 648 1689 719 μὲν
1719 648 1826 720 7&9
1854 651 2026 721 αὐτῆς
2043 651 2144 721 τὴν

572 735 760 804 χρείαν
784 735 818 804 ή
846 733 1108 805 ἁμαρτία·
1139 738 1168 788 6
1198 735 1255 788 δέ
1277 735 1410 800 Θεὸς
1447 739 1585 808 πρὸς
1611 738 1672 791 τί)
1700 739 1979 808 συμφέρον
2007 741 2143 810 ἡμῖν

569 821 939 889 ἀπεχρήσατο.
960 821 1065 874 Kal
1084 822 1330 894 καθάπερ
1353 825 1385 895 ἡ
1409 825 1567 895 χρεία
1583 825 1688 876 τῶν
1709 825 2016 894 φαρμάκων
2036 825 2144 880 ἀπὸ

564 906 676 961 τῶν
702 907 1024 976 τραυμάτων
1053 905 1282 974 γίνεται,
1318 908 1350 976 ὴ
1387 908 1441 960 δὲ
1469 909 1729 976 ἐπαγωγὴ
1764 907 1870 960 τῶν
1909 907 2136 977 φαρμά-

565 1007 678 1046 κων
705 992 812 1045 ἀπὸ
843 991 945 1061 τῆς
975 991 1082 1044 τῶν
1104 993 1302 1064 ἰατρῶν
1336 994 1525 1062 σοφίας
1548 1011 1563 1027 ο
1595 994 1735 1048 οὕτω
1773 996 1866 1048 καὶ
1901 997 1933 1064 ἠ
1979 993 2134 1065 χρεία

565 1081 667 1152 τῆς
681 1079 925 1143 δουλείας
941 1081 1050 1133 ἀπὸ
1063 1080 1165 1150 τῆς
1195 1082 1468 1152 ἁμαρτίας
1491 1082 1681 1150 γέγονε
1702 1099 1714 1112 ·
1745 1083 1807 1135 τὸ
1828 1083 1884 1136 δέ
1911 1083 1992 1145 είς
2015 1082 2135 1134 δέον

567 1168 737 1239 αὑτὴν
759 1167 1040 1239 ρυθμίσαι,
1063 1169 1170 1221 ἀπὸ
1193 1169 1294 1237 τῆς
1318 1169 1413 1222 τοῦ
1441 1169 1577 1223 Θεοῦ
1597 1171 1807 1238 σοφίας.
1849 1169 2006 1223 Ἀλλὰ
2028 1168 2134 1240 7&9

566 1256 908 1326 διανάστητε,
939 1257 1034 1310 καὶ
1062 1256 1159 1327 τὴν
1191 1257 1462 1328 ρᾳθυμίαν
1491 1257 1775 1311 ἀπόθεσθε.
1797 1257 1952 1320 Τίνος
1972 1257 2135 1312 ἕνεκα

565 1345 724 1400 τοῦτο
744 1344 885 1413 λέγω
904 1364 919 1413 ;
955 1346 1088 1416 Περὶ
1110 1346 1340 1416 Γραφῶν
1361 1349 1390 1400 ὑ
1399 1350 1487 1417 μίν
1505 1347 1857 1418 διηγούμεθα,
1885 1347 2041 1417 ὑμεῖς
2076 1345 2133 1398 δὲ

566 1435 692 1496 τοὺς
725 1433 1034 1504 ὀφθαλμοὺς
1069 1435 1470 1505 ἀποστήσαντες
1499 1435 1674 1504 ἡμῶν,
1716 1435 1851 1506 πρὸς
1869 1434 1967 1498 τὰς
1998 1434 2133 1503 λαμ-

569 1521 745 1583 πάδας
771 1523 864 1574 καὶ
892 1521 981 1574 τὸν
1024 1521 1121 1584 τὰς
1158 1521 1444 1591 λαμπάδας
1480 1521 1711 1575 ἆπτοντα
1743 1524 2131 1592 μετεστήσατε.

569 1609 682 1663 Kal
727 1608 898 1678 πόσης
927 1607 1082 1661 τοῦτο
1131 1608 1420 1680 ῥᾳθυμίας,
1457 1610 1606 1679 ἡμᾶς
1657 1609 1912 1676 ἀφέντας,
1962 1608 2134 1678 τούτῳ

569 1697 862 1766 προσέχειν
886 1715 900 1762 ;
933 1695 1048 1766 Πῦρ
1067 1697 1290 1749 ἀνάπτω
1306 1693 1459 1763 κάγὼ
1484 1708 1509 1735 ει
1533 1695 1594 1748 τὸ
1613 1695 1720 1748 ἀπὸ
1751 1694 1859 1748 τῶν
1881 1696 1920 1746 Γ
1927 1695 2131 1766 ραφῶν,

569 1785 664 1836 καὶ
685 1785 776 1836 ἐπὶ
796 1784 897 1854 τῆς
924 1783 1167 1854 γλώττης
1186 1785 1284 1854 τῆς
1301 1783 1572 1854 ἡμετέρας
1587 1783 1890 1854 λαμπάδιον
1919 1783 2132 1836 καίεται

565 1872 628 1925 τὸ
649 1874 748 1943 τῆς
776 1871 1142 1934 διδασκαλίας.
1173 1871 1341 1925 Τοῦτο
1375 1870 1558 1942 μεῖζον
1584 1871 1678 1924 καὶ
1702 1869 1906 1940 βέλτιον
1931 1871 1990 1924 τὸ
2020 1870 2135 1941 φῶς

567 1960 774 2012 ἐκείνου
813 1958 905 2012 τοῦ
954 1959 1164 2028 φωτόςο
1197 1959 1256 2011 οὑ
1287 1959 1395 2030 γὰρ
1431 1959 1494 2030 δὴ
1535 1957 1823 2031 θρυαλλίδα
1853 1958 2134 2030 διάϐροχον

567 2047 750 2116 ἐλαίῳ,
770 2046 1017 2116 καθάπερ
1041 2040 1216 2110 οὗτος,
1249 2047 1577 2117 ὲξάπτομεν,
1609 2046 1744 2101 ἀλλὰ
1765 2046 1943 2117 ψυχὰς
1971 2049 2027 2100 ἐν
2053 2047 2135 2099 εὑ-

569 2137 754 2209 σεϐείᾳ
781 2137 1082 2210 ἀρδομένοις
1110 2140 1174 2208 τῇ
1204 2138 1304 2207 τῆς
1332 2137 1648 2209 ἀκροάσεως
1680 2139 1990 2207 ἀνάπτομεν
2018 2139 2134 2190 ἐπι-

567 2225 757 2296 θυμίᾳ.
779 2223 1054 2293 Διελέγετό
1075 2241 1203 2278 ποτε
1230 2225 1323 2277 καὶ
1348 2227 1376 2278 ὁ
1408 2223 1614 2286 Παῦλος
1646 2225 1703 2278 ἐν
1737 2223 1968 2294 ὑπερῴῳ
2005 2223 2129 2276 τινί.

580 2313 741 2369 Ἀλλά
772 2313 958 2384 μηδεὶς
986 2312 1251 2384 νομιζέτω
1279 2330 1344 2382 με
1363 2312 1559 2381 Παύλῳ
1577 2311 1940 2382 παραϐάλλειν
1964 2311 2134 2381 ἐμαυ-

567 2401 689 2454 τόν⁶
725 2401 784 2453 οὑ
819 2401 928 2472 7&9
958 2399 1102 2454 οὑτω
1135 2401 1354 2471 μέμηνα
1377 2415 1393 2433 ·
1427 2399 1540 2452 ἀλλ’
1573 2400 1659 2452 ἵνα
1717 2399 1922 2470 μάθητε
1961 2401 2132 2470 πόσην

567 2487 696 2556 περὶ
721 2486 818 2557 τὴν
846 2486 1108 2556 ἀκρόασιν
1155 2485 1386 2555 σπουδὴν
1417 2485 1816 2539 ἐπιδείκνυσθαι
1855 2488 1984 2557 χρή.
2046 2489 2132 2538 Δι-

567 2575 786 2642 ελέγετο
811 2575 988 2626 τοίνυν
1014 2577 1041 2627 6
1071 2574 1278 2637 Παῦλος
1299 2575 1354 2626 ἐν
1381 2573 1632 2644 ὑπερῴῳ,
1661 2575 1754 2627 καὶ
1776 2575 1980 2645 ἑσπέρα
2007 2592 2134 2626 κατ-

567 2661 747 2724 έλαϐε,
783 2660 1030 2732 καθάπερ
1062 2663 1155 2714 καὶ
1188 2659 1280 2713 νῦν
1309 2702 1322 2725 ,
1359 2662 1454 2714 καὶ
1491 2661 1770 2731 λαμπάδες
1795 2658 1933 2733 ἦσαν
1967 2665 2024 2715 ἐν
2055 2663 2133 2734 τῷ

568 2748 830 2821 ὑπερῴῳ·
863 2743 982 2801 εἶτα
1010 2751 1038 2802 6
1069 2747 1306 2818 Εὔτυχος
1338 2748 1444 2801 ἀπὸ
1477 2751 1575 2819 τῆς
1605 2749 1817 2820 θυρίδος
1843 2750 2129 2814 κατέπεσε,

567 2838 660 2892 καὶ
689 2839 749 2890 οὐ
771 2837 975 2890 διέλυσε
1000 2839 1057 2890 τὸ
1081 2837 1278 2906 πτῶμα
1305 2837 1394 2890 τὸν
1425 2837 1696 2904 σύλλογον,
1727 2839 1847 2891 οὐδὲ
1869 2839 2132 2908 ἀνέστησε

566 2926 627 2978 τὸ
659 2925 880 2994 θέατρον
913 2927 940 2978 6
967 2925 1223 2986 θάνατος·
1255 2924 1368 2978 ἀλλ’
1395 2923 1566 2986 οὕτως
1596 2920 1736 2995 ἦσαν
1776 2926 2132 2998 προσηλωμέ-

567 3028 651 3064 νοι
675 3014 738 3082 τῇ
777 3011 885 3064 τῶν
913 3010 1070 3063 θείων
1111 3012 1373 3082 ἀκροάσει
1409 3010 1633 3078 λογίων,
1670 3011 1746 3074 ὡς
1788 3013 1919 3082 μηδὲ
1947 3014 2134 3083 αἰσθη-

568 3101 723 3172 θῆναι
759 3100 852 3154 τοῦ
893 3100 1182 3171 πτώματος
1207 3119 1220 3132 ο
1256 3101 1414 3170 ὑμεῖς
1464 3101 1521 3153 δέ
1553 3101 1702 3154 οὐδὲν
1731 3103 1880 3168 ξένον
1916 3103 2131 3168 ἰδόντες,

567 3189 688 3244 οὐδὲ
713 3188 1040 3259 παράδοξον,
1069 3187 1182 3240 ἀλλ’
1216 3187 1500 3259 ἄνθρωπον
1522 3189 1589 3242 τὰ
1622 3189 1824 3260 συνήθη
1856 3191 2132 3252 ποιοῦντα,

566 3276 666 3338 τὰς
692 3274 840 3343 θᾷεις
871 3276 989 3327 ἐκεῖ
1023 3273 1374 3344 μετεθήκατε.
1414 3276 1524 3328 Καὶ
1553 3275 1712 3337 ποίας
1746 3276 1812 3328 ἂν
1856 3277 1941 3347 εἴη
1979 3277 2135 3330 τοῦτο

571 3359 896 3432 συγγνώμης
924 3359 1103 3423 ἄξιονς
1139 3361 1342 3432 Μηδεὶς
1374 3362 1582 3427 τοίνυν,
1619 3364 1908 3432 ἀγαπητοὶ,
1945 3381 2133 3434 φορτιο

569 3450 674 3519 κήν
697 3465 818 3501 τινα
841 3449 939 3519 τὴν
954 3447 1269 3518 ἐπιτίμησιν
1295 3447 1560 3516 νομιζέτω
1575 3462 1590 3478 ⁸
1619 3451 1678 3502 οὑ
1696 3449 1804 3520 7&9
1829 3453 2130 3520 μισοῦντες,

569 3535 706 3588 ἀλλὰ
753 3533 1038 3605 κηδόμενοι
1091 3531 1446 3602 ἐγκαλοῦμεν.
1499 3533 1976 3603 Ἀξιοπιστότερα
2026 3538 2135 3610 7&9

569 3623 870 3691 τραύματα
887 3621 1098 3689 φίλων,
1131 3620 1164 3688 ἣ
1187 3621 1434 3674 ἑκούσια
1451 3621 1755 3690 φιλήματα
1780 3623 2025 3692 ἐχθρῶν.

639 3712 967 3781 Διανάστητε
987 3710 1184 3770 τοίνυν,
1218 3708 1540 3779 παρακαλῶ,
1583 3711 1676 3764 καὶ
1713 3709 1870 3764 τοῦτο
1907 3712 2135 3780 ἀφέντες

566 3800 629 3853 τὸ
655 3798 786 3868 πῦρ,
815 3797 892 3867 τῷ
919 3797 1056 3866 φωτὶ
1085 3781 1377 3867 προσέχετε
1404 3796 1514 3849 τῶν
1546 3796 1705 3851 θείων
1722 3797 1970 3869 Γραφῶν.
1989 3800 2136 3853 Ἔτε.

571 3903 662 3958 ρον
690 3885 798 3956 γὰρ
819 3885 945 3955 ὑμῖν
964 3884 1134 3954 ἀρχῆς
1163 3883 1422 3952 βούλομαι
1447 3881 1648 3952 τρόπον
1677 3885 1890 3950 εἰπεῖν,ι
1903 3888 2002 3940 οὑκ
2029 3888 2136 3942 ἀπὸ

569 3973 844 4046 ἁμαρτίας
865 3971 1210 4041 λαμϐάνοντα
1241 3970 1387 4043 [665]
1409 3971 1504 4039 τὴν
1528 3972 1801 4037 ὑπόθεσιν,
1829 3974 1964 4027 ἁλλά
1987 3977 2136 4045 παρὰ.

565 4067 666 4133 τῆς
695 4062 909 4131 φύσεως
940 4060 1129 4128 αὑτῆς.
1163 4059 1259 4121 Τίς
1282 4055 1374 4112 οὖν
1400 4055 1550 4121 οὗτός
1580 4060 1763 4126 ἐστιν;
1813 4062 1870 4114 Ὀ
1902 4063 2010 4115 τῶν
2043 4081 2134 4116 τε-

567 4153 773 4211 κόντων
797 4150 878 4211 εἰς
901 4147 1118 4217 ἔκγονα.
1149 4145 1362 4198 Ὠδίνων
1387 4146 1494 4216 γάρ
1517 4147 1664 4198 ἐστιν
1703 4148 1903 4220 ἀμοιϐὴ
1937 4153 1967 4221 ὴ
2026 4169 2136 4204 τοι-

569 4239 706 4308 αὐτη
737 4236 891 4306 τιμή.
924 4235 1020 4286 Διὰ
1053 4232 1210 4286 τοῦτο
1243 4232 1336 4286 καί
1369 4249 1454 4296 τις
1490 4233 1651 4301 σοφὸς
1682 4234 1860 4302 λέγει’
1911 4237 2007 4303 Ὠς
2041 4239 2135 4293 δε-

569 4329 825 4391 σπόταις
871 4323 1207 4376 δούλευσον
1227 4321 1348 4388 τοῖς
1385 4322 1721 4390 γεννήσασι
1741 4340 1834 4379 σε.
1879 4323 2012 4380 Εἶτα
2039 4330 2134 4382 καὶ

568 4417 668 4486 τὴν
700 4412 877 4466 αἰτίαν
909 4409 1104 4476 ἐπάγει
1124 4409 1295 4478 λέγων
1315 4426 1329 4440 ·
1356 4409 1416 4464 Τί
1435 4410 1544 4479 γὰρ
1571 4413 1772 4479 αὐτοῖς
1797 4415 2135 4471 ἀνταποδώ-

569 4519 702 4565 σεις
723 4539 739 4563 ,
767 4497 958 4561 καθὼς
987 4497 1158 4550 αὐτοί
1183 4513 1278 4551 σοι
1301 4513 1319 4560 ;
1351 4497 1541 4552 Καίτοι
1568 4499 1619 4552 τί
1648 4501 1776 4554 ποτέ
1801 4505 1965 4564 ἐστιν,
2005 4505 2033 4557 ὃ
2059 4506 2132 4576 μὴ

567 4591 790 4644 δύναται
840 4591 966 4650 παῖς
1009 4585 1297 4641 ἀποδοῦναι
1353 4587 1554 4658 πατρί;
1591 4589 1754 4642 Οὐδὲν
1806 4586 1899 4644 οὖν
1945 4592 2132 4666 ἀλ).οῆ

566 4679 726 4734 τοῦτο
753 4677 924 4747 λέγει·
948 4674 1144 4739 Καθὼς
1174 4675 1326 4729 αὐτοί
1369 4693 1428 4728 σε
1461 4676 1778 4748 ἐγέννησαν,
1823 4681 1888 4733 σὺ
1940 4683 2136 4748 αὐτοὺς

568 4767 824 4836 γεννῆσαι
855 4764 915 4816 οὑ
943 4763 1164 4834 δυνήσῃ.
1222 4763 1372 4816 Ἐπεὶ
1405 4758 1498 4816 οὖν
1533 4765 1675 4817 κατά
1702 4765 1861 4818 τοῦτο
1887 4768 2133 4838 ἠλαττώ-

572 4854 729 4924 μεθα,
769 4850 1028 4921 ἐτέρωθεν
1067 4849 1546 4921 πλεονεκτήσωμεν
1568 4854 1687 4916 ταῖς
1718 4855 1797 4916 εἰς
1827 4855 2024 4919 αὑτοὺς
2049 4875 2132 4911 τι-

573 4944 722 5012 μαῖς,
761 4941 833 5011 μὴ
858 4938 946 4990 διά
971 4938 1060 4991 τδν
1091 4939 1188 5011 τῆς
1221 4939 1433 5008 φύσεως
1461 4940 1624 5009 νόμον
1654 4941 1830 5010 μόνον,
1859 4944 1995 4997 ἀλλά
2028 4949 2134 5018 πρὸ

567 5029 668 5097 τῆς
694 5025 906 5095 φύσεως
936 5024 1022 5079 διὰ
1056 5027 1144 5078 τὸν
1169 5027 1258 5078 τοῦ
1286 5026 1418 5078 Θεοῦ
1452 5027 1633 5095 φόϐον,
1657 5031 1767 5082 Καὶ
1795 5031 1903 5102 γὰρ
1929 5033 2132 5104 σφόδρα

568 5119 596 5168 6
621 5114 753 5176 Θεὸς
788 5112 1029 5182 βούλεται
1074 5113 1199 5176 τοὺς
1228 5113 1483 5176 τεκόντας
1527 5116 1789 5185 τιμᾶσθαι
1840 5120 1989 5190 παρά
2025 5122 2133 5176 τῶν

567 5202 895 5273 τεχθέντωνο
927 5202 1021 5255 καὶ
1053 5201 1178 5264 τοὺς
1219 5203 1315 5271 μὲν
1363 5203 1520 5256 τοῦτο
1553 5202 1842 5269 ποιοῦντας
1878 5207 2133 5277 μεγάλοις

567 5292 598 5343 ἁ
614 5288 790 5358 (αθοῖς
819 5289 911 5342 καὶ
937 5288 1165 5358 δωρεαῖς
1190 5289 1496 5358 ἀμείϐεται,
1524 5291 1651 5355 τοὺς
1685 5291 1740 5344 δὲ
1770 5295 2134 5364 παραϐαίνον-

565 5394 662 5440 τας
690 5375 783 5430 τὸν
809 5376 972 5446 νόμον
1025 5376 1282 5446 μεγάλοις
1317 5377 1410 5430 καὶ
1441 5377 1632 5442 δεινοῖς
1676 5379 1890 5445 κολάζει
1921 5387 2130 5449 κακοῖς.

578 5467 640 5518 ’0
686 5462 1053 5532 κακολογῶν,
1093 5464 1246 5534 φησι,
1292 5465 1516 5534 πατέρα
1545 5465 1583 5537 ἣ
1605 5469 1831 5540 μητέρα
1849 5509 1865 5538 ,
1902 5469 2134 5539 θανάτῳ

631 5733 656 5767 ⁸
685 5733 803 5789 nec.
842 5731 933 5782 πῦο
955 5734 1090 5784 άπτω
1125 5736 1274 5786 κάτω.
1345 5772 1350 5774 -

3706 362 3812 421 598

2243 473 2592 528 τελευτάτω.
2622 475 2746 539 Τοῖς
2767 476 2824 530 δὲ
2860 476 3094 546 τιμῶσιν
3121 476 3317 540 αὐτοὺς
3343 475 3484 530 οὕτω
3513 478 3631 542 πώς
3653 496 3808 550 φησι·

2247 563 2388 632 Τίμα
2421 564 2526 617 τὸν
2549 566 2770 634 πατέρα
2803 580 2919 620 σου
2949 567 3046 621 καί
3070 566 3184 634 τὴν
3207 567 3432 637 μητέρα
3450 584 3588 629 σου,
3615 570 3713 623 ἵνα
3737 567 3809 626 εὖ

2241 666 2339 705 σοι
2371 653 2638 722 γένηται·
2669 656 2766 708 καί
2799 656 2913 724 ἔσῃ
2939 657 3373 725 μακροχρόνιος
3411 659 3507 711 ἐπί
3538 660 3648 726 τῆς
3672 659 3807 728 τῆς.

2243 745 2418 815 Ὅπερ
2439 747 2692 815 μέγιστον
2709 747 2908 816 ἀγαθὸν
2925 745 3062 801 εἶναι
3080 750 3374 819 νομίζεται,
3388 753 3458 819 γῆ
3468 769 3563 821 ρας
3581 751 3809 823 λιπαρὸν

2243 837 2337 889 καὶ
2369 839 2540 908 μῆκος
2568 839 2730 909 ζωῆς,
2761 839 2916 892 τοῦτο
2940 840 3134 909 έθηκεν
3161 841 3391 894 ἔπαθλον
3437 846 3548 905 τοῖς
3577 844 3810 912 τιμῶσιν

2243 928 2466 992 αὐτούς’
2499 931 2592 982 καὶ
2611 931 2746 1001 ὅπερ
2777 931 3000 1001 ἔσχατον
3030 929 3168 985 εἶναι
3201 933 3346 986 δοκεῖ
3366 934 3554 997 κακὸν,
3581 933 3809 1000 θάνατος

2242 1015 2437 1089 ἄωρος,
2460 1018 2616 1072 τοῦτο
2639 1019 2832 1088 έθηκεν
2854 1020 3124 1090 ἐπιτίμιον
3143 1023 3256 1083 τοῖς
3277 1019 3589 1090 ὑϐρίζουσιν
3618 1022 3696 1082 εἰς
3718 1023 3807 1073 αὔ.

2240 1111 2366 1175 τούς
2383 1128 2397 1142 ·
2428 1113 2554 1174 τοὺς
2585 1111 2682 1182 μὲν
2711 1111 3089 1183 ἐπισπώμενος
3119 1114 3199 1176 εἰς
3215 1111 3426 1165 εῦνοιαν
3448 1115 3511 1182 τῇ
3529 1113 3626 1182 τῆς
3645 1113 3806 1182 τιμῆς

2242 1201 2570 1274 ἐπαγγελίᾳ,
2605 1203 2730 1266 τοὺς
2756 1202 2813 1255 δέ
2843 1203 2936 1256 καὶ
2960 1203 3189 1265 ἄκοντας
3217 1201 3444 1270 ἀπάγων
3465 1203 3563 1271 τῆς
3597 1201 3807 1271 ὕϐρεως

2240 1294 2320 1364 τῷ
2339 1294 2436 1363 τῆς
2463 1293 2730 1365 τιμωρίας
2758 1293 2927 1364 φόϐῳ.
2955 1295 3088 1348 Οὑδέ
3106 1294 3214 1366 7&9
3241 1294 3424 1357 ἁπλῶς
3444 1293 3805 1364 ἀποθνήσκειν

2242 1383 2451 1436 κελεύει
2478 1384 2568 1437 τὸν
2607 1384 2958 1455 πατραλοίαν,
2995 1385 3114 1438 οὑδὲ
3143 1385 3366 1455 δημίους
3400 1383 3557 1437 αὑτὸν
3585 1385 3691 1437 ἀπὸ
3712 1383 3802 1436 τοῦ

2241 1473 2585 1545 δικαστηρίου
2621 1475 2883 1538 λαϐόντας
2923 1473 3134 1540 ἐξάγειν
3171 1475 3261 1528 διὰ
3287 1475 3388 1544 τῆς
3422 1473 3645 1544 ἀγορᾶς,
3684 1473 3803 1525 οὑδὲ

2240 1568 2339 1636 τῆς
2372 1565 2578 1626 πόλεως
2615 1563 2718 1629 ἔξω
2749 1564 2848 1636 τὴν
2877 1565 3119 1634 κεφαλὴν
3148 1565 3507 1633 ἀποτέμνεινο
3539 1562 3652 1615 ἀλλ’
3682 1561 3803 1629 άγει

2244 1656 2342 1724 μὲν
2373 1655 2533 1708 αὑτὸν
2570 1656 2649 1716 είς
2679 1655 2850 1725 μέσην
2882 1653 2979 1725 τὴν
3017 1653 3169 1706 πόλιν
3211 1653 3374 1717 αὑτὸς
3409 1653 3437 1704 6
3471 1651 3671 1723 πατὴρ,
3710 1651 3803 1704 καὶ

2240 1745 2408 1816 χωρὶς
2455 1743 2778 1809 ἀποδείξεως
2819 1745 3000 1815 πάσης
3048 1743 3396 1796 πιστεύεταιο
3425 1742 3518 1794 καὶ
3552 1741 3694 1812 μάλα
3725 1741 3803 1795 δι·-

2239 1839 2424 1900 καίως.
2455 1838 2511 1890 ὐ
2532 1837 2640 1908 γὰρ
2655 1837 2750 1890 καί⁵
2768 1838 2870 1908 χρή
2881 1853 3024 1906 ματα
3043 1836 3134 1889 καὶ
3152 1834 3376 1906 σώματα
3391 1836 3486 1888 καὶ
3500 1836 3608 1888 πᾶν
3628 1831 3802 1887 ὁτιοῦν

2239 1929 2491 1999 ἐλόμενος
2512 1929 2651 1999 ὑπὲρ
2667 1927 2760 1981 τοῦ
2784 1927 2972 1990 παιδὸς
2993 1927 3460 1996 καταδαπανῆσαι,
3479 1925 3578 1979 οὐκ
3593 1925 3659 1979 άν
3675 1940 3802 1977 ποτε

2239 2023 2544 2092 κατήγορος
2569 2020 2732 2074 αὑτοῦ
2755 2019 2997 2088 γέγονεν,
3017 2021 3064 2072 εἰ
3099 2020 3170 2089 μὴ
3193 2019 3362 2090 πολλὴ
3377 2020 3478 2089 τῆς
3501 2020 3709 2091 ὕϐρεως
3737 2017 3804 2092 ἦν

2239 2118 2272 2186 ἡ
2302 2115 2596 2186 ὑπερϐολή.
2627 2115 2782 2183 Ἀγει
2803 2115 2982 2167 τοίνυν
3009 2112 3170 2166 αὑτὸν
3193 2112 3273 2175 εἰς
3301 2113 3363 2166 τὸ
3394 2113 3554 2183 μέσον
3580 2113 3682 2181 τῆς
3705 2114 3802 2165 πό-

2237 2207 2394 2271 λεως,
2442 2203 2560 2260 εἶτα
2597 2207 2752 2259 καλεῖ
2789 2206 2880 2258 τὸν
2923 2206 3094 2275 δῆμον
3137 2206 3382 2269 ἅπαντα,
3411 2206 3504 2258 καὶ
3528 2204 3674 2273 λέγει
3705 2205 3804 2275 τὴν

2238 2299 2569 2369 κατηγορίαν
2601 2316 2614 2329 ·
2645 2299 2694 2350 οἰ
2727 2298 2784 2350 δέ
2809 2296 3096 2360 ἀκούοντες
3126 2298 3356 2359 πάντες,
3394 2296 3623 2359 ἕκαστος
3659 2295 3804 2349 λίθον

2237 2388 2449 2456 λαϐὼν,
2489 2387 2632 2442 οὕτω
2680 2388 2932 2458 βάλλουσι
2972 2389 3064 2440 τὸν
3103 2388 3454 2459 πατραλοίαν.
3495 2389 3572 2440 Οὑ
3605 2387 3713 2456 7&9
3740 2387 3802 2458 δὴ

2237 2479 2434 2542 θεατάς
2484 2479 2642 2549 μόνον
2679 2479 2779 2548 τῆς
2821 2477 3108 2549 τιμωρίας,
3153 2477 3289 2530 ἀλλὰ
3335 2478 3426 2530 καὶ
3472 2477 3805 2548 αὐτουργοὺς

2235 2569 2374 2625 εἶναι
2400 2569 2642 2640 βούλεται
2664 2571 2692 2622 6
2713 2568 3026 2640 νομοθέτης,
3050 2570 3136 2622 ῖνα
3159 2572 3238 2631 εἰς
3263 2569 3362 2639 τὴν
3385 2567 3562 2634 δεξιάν
3580 2569 3807 2632 ἕκαστος

2240 2658 2361 2714 ἰδὼν
2397 2661 2495 2730 τὴν
2537 2659 2728 2712 ἐαυτοῦ
2749 2699 2764 2721 ,
2794 2659 2860 2712 δι’
2907 2653 2975 2728 ἦς
3009 2659 3099 2711 τὸν
3137 2658 3283 2711 λίθον
3331 2660 3424 2711 καὶ
3452 2659 3613 2720 αὐτὸς
3644 2659 3804 2712 ἔϐαλε

2236 2751 2375 2804 κατά
2400 2752 2497 2820 τῆς
2520 2749 2612 2803 τοῦ
2637 2749 2963 2821 πατραλοίου
2994 2749 3232 2818 κεφαλῆς
3257 2789 3270 2812 ,
3299 2749 3480 2803 ἰκανὸν
3510 2749 3806 2820 ὑπόμνημα

2236 2843 2372 2912 πρὸς
2398 2839 2678 2911 διόρθωσιν
2704 2839 2820 2910 ἔχῃ.
2845 2839 2920 2892 Οὐ
2947 2839 3106 2907 μόνον
3123 2839 3180 2891 δὲ
3199 2839 3356 2893 τοῦτο
3374 2880 3388 2902 ,
3412 2839 3546 2892 ἀλλὰ
3573 2841 3663 2892 καὶ
3691 2841 3805 2893 ἓτε-

2239 2951 2330 3005 ρον
2361 2934 2493 3002 ἡμῖν
2525 2934 2552 2984 ό
2574 2931 2870 3000 νομοθέτης
2895 2931 3228 2996 αἰνίττεται,
3266 2933 3348 2985 ὅτι
3388 2933 3417 2983 6
3457 2932 3583 2994 τοὺς
3613 2930 3808 2998 γονέας

2237 3024 2473 3095 ὑϐρίζων
2504 3023 2604 3076 οὑκ
2637 3022 2878 3084 ἐκείνους
2909 3021 3134 3092 ⁴ἠδίκηκε
3173 3021 3350 3091 μόνον,
3381 3021 3516 3075 ἀλλὰ
3545 3021 3638 3074 καὶ
3669 3021 3805 3074 πάν-

2235 3131 2332 3177 τας
2366 3113 2702 3185 ἀνθρώπους.
2735 3113 2834 3168 Διά
2863 3113 3017 3166 τοῦτο
3051 3113 3258 3175 πάντας
3285 3113 3376 3165 ἐπὶ
3403 3110 3500 3183 τὴν
3527 3111 3807 3164 κοινωνίαν

2235 3209 2334 3270 τῆς
2370 3205 2636 3277 τιμωρίας
2659 3205 2842 3268 καλεῖ,
2874 3203 3124 3274 καθάπερ
3154 3203 3511 3272 ὑϐρισμένους
3541 3203 3806 3266 ἅπαντας,

2238 3298 2331 3350 καὶ
2355 3298 2524 3368 δῆμον
2551 3295 2683 3367 ὁμοῦ
2718 3295 2812 3348 καὶ
2839 3296 2996 3348 πόλιν
3026 3295 3366 3366 περιίστησιν
3394 3295 3641 3360 ἃπασαν,
3683 3311 3802 3348 παις

2238 3389 2406 3444 δεύων
2432 3389 2668 3452 καὶτοὺς
2691 3388 2840 3442 οὐδὲν
2867 3387 3087 3457 ἔχοντας
3115 3387 3290 3440 κοινὸν
3314 3387 3447 3457 πρὸς
3470 3388 3594 3450 τοὺς
3619 3386 3806 3456 ὴδικηο

2242 3480 2432 3550 μένους
2451 3478 2542 3531 ἐπὶ
2572 3477 2816 3545 γονεῦσιν
2847 3476 3218 3548 ὑϐριζομένοις
3241 3477 3586 3544 ἀγανακτεῖν,
3614 3475 3689 3539 ὡς
3711 3476 3807 3547 τῆς

2239 3575 2423 3642 κοινῆς
2450 3573 2662 3643 φύσεως
2695 3569 3076 3642 ὑϐριζομένης,
3101 3573 3196 3625 καὶ
3221 3573 3311 3624 τὸν
3332 3571 3571 3625 τοιοῦτον
3597 3572 3807 3642 ἄνθρωο

2239 3684 2360 3729 πον,
2409 3665 2596 3733 ὥσπερ
2635 3663 2822 3732 λοιμόν
2855 3679 2976 3716 τινα
3009 3663 3102 3717 καὶ
3133 3665 3317 3733 κοινὴν
3360 3664 3514 3716 νόσον
3538 3705 3552 3728 ,
3588 3663 3662 3734 μὴ
3709 3664 3819 3734 τῆς,

2240 3755 2447 3817 πόλεως
2486 3753 2676 3823 μόνον,
2715 3751 2852 3806 ἀλλὰ
2886 3753 2980 3806 καὶ
3012 3752 3106 3805 τοῦ
3145 3755 3318 3820 φωτὸς
3352 3753 3672 3805 ἀπελαύνειν
3710 3754 3806 3806 αὑ-

2238 3845 2350 3900 τοῦ.
2397 3844 2659 3914 Πολέμιος
2707 3842 2816 3913 7&9
2861 3845 2890 3896 6
2932 3843 3169 3906 τοιοῦτος
3209 3843 3303 3896 καὶ
3340 3843 3518 3907 κοινὸς
3555 3843 3807 3897 ἁπάντων

2240 3939 2388 3992 ἐστὶν
2417 3938 2637 4009 ἐχθρὸς,
2667 3937 2760 3990 καὶ
2793 3935 2942 4007 [664]
2981 3935 3076 3990 τοῦ
3108 3936 3243 3989 Θεοῦ
3262 3977 3277 4001 ,
3308 3937 3401 3990 καὶ
3427 3937 3526 4004 τῆς
3556 3937 3769 4005 φύσεως
3791 3979 3806 4002 ,

2241 4033 2335 4084 καὶ
2363 4030 2471 4083 τῶν
2499 4029 2696 4098 νόμων,
2726 4027 2818 4079 καὶ
2841 4026 2939 4096 τῆς
2963 4026 3146 4095 κοινῆς
3176 4025 3426 4079 ἁπάντων
3459 4026 3614 4096 ἡμῶν
3643 4025 3805 4094 ζωῆς.

2242 4121 2340 4174 Διά
2359 4120 2515 4174 τοῦτο
2534 4121 2740 4181 πάντας
2762 4116 3195 4186 συνεφάπτεσθαι
3225 4116 3430 4169 κελεύει
3448 4117 3546 4186 τῆς
3575 4116 3804 4184 σφαγῆς,

2241 4213 2428 4284 ὥσπερ
2449 4210 2569 4264 τινὰ
2592 4207 2872 4280 καθαρμὸν
2892 4207 2989 4278 τῆς
3007 4206 3212 4268 πόλεως
3227 4206 3607 4276 ἐργαζόμενος.
3635 4206 3807 4260 Πολλὰ

2244 4308 2372 4376 ὑμῖν
2410 4302 2592 4371 ἀγαθά
2617 4301 2847 4370 γένοιτο,
2883 4300 2964 4353 ὅτι
2997 4299 3136 4370 μετά
3163 4299 3431 4370 τοσαύτης
3459 4299 3653 4369 ἡδονῆς
3686 4299 3807 4362 τοὺς

2242 4395 2370 4466 περὶ
2409 4392 2502 4445 τοῦ
2547 4389 2876 4462 πατραλοίου
2904 4388 3093 4456 λόγους
3122 4387 3392 4453 ἐδέξασθε,
3425 4387 3520 4440 καὶ
3554 4387 3675 4441 ἀντὶ
3703 4387 3807 4440 τῶν

2240 4487 2404 4540 λίθων
2449 4485 2568 4548 ταῖς
2615 4483 2762 4554 βοαῖς
2809 4481 2970 4536 αὐτὸν
3012 4480 3266 4534 ἐϐάλλετε
3305 4496 3320 4510 ⁸
3359 4480 3656 4552 τεκμήριον
3702 4479 3807 4552 γὰρ

2241 4578 2400 4632 τοῦτό
2431 4579 2546 4630 ἐστι
2575 4575 2670 4630 τοῦ
2706 4573 2905 4644 πολλὴν
2932 4572 3062 4643 περὶ
3098 4573 3187 4624 τὸν
3216 4571 3407 4625 ἑαυτοῦ
3438 4571 3649 4642 πατέρα
3683 4571 3807 4625 ἐκα-

2244 4688 2368 4724 στον
2410 4667 2565 4740 ὑμῶν
2603 4665 2703 4738 τὴν
2749 4663 2962 4718 εὔνοιαν
3003 4663 3382 4734 ἐπιδεδεῖχθαι.
3417 4663 3529 4715 Kal
3553 4663 3661 4732 7&9
3688 4662 3807 4715 τότε

2241 4765 2366 4825 τοὺς
2412 4762 2609 4831 νόμους
2658 4757 2891 4828 μάλιστα
2939 4754 3239 4825 θαυμάζειν
3289 4753 3556 4824 εἰώθαμεν
3582 4753 3708 4817 τοὺς
3743 4754 3806 4807 τὰ

2244 4852 2618 4923 ἁμαρτήματα
2643 4846 2987 4912 κολάζοντας,
3013 4846 3140 4898 ὃταν
3171 4844 3244 4915 μὴ
3274 4844 3570 4907 συνειδότες
3601 4844 3807 4906 ἑαυτοῖς

2241 4944 2310 4998 τὰ
2354 4943 2724 5014 ἁμαρτήματα
2778 4934 2948 5010 ὦμεν.
2989 4937 3160 5008 ’Υπέρ
3206 4937 3270 5006 δὴ
3312 4936 3514 4989 τούτων
3559 4935 3807 4988 ἁπάντων

2241 5035 2720 5104 εὑχαριστήσωμεν
2762 5029 2839 5099 τῷ
2886 5025 3250 5097 φιλανθρώπῳ
3283 5024 3402 5095 Θεῷ
3429 5024 3506 5094 τῷ
3531 5022 3806 5094 κηδομένῳ

2240 5126 2340 5194 τῆς
2371 5124 2516 5193 ζωῆς
2545 5123 2641 5192 τῆς
2669 5119 2962 5190 ἡμετέρας,
2997 5118 3092 5170 καὶ
3120 5115 3433 5188 προνοοῦντι
3463 5116 3684 5183 γονέων,
3715 5116 3806 5168 καὶ

2243 5215 2446 5269 παίδων
2491 5210 2845 5283 φροντίζοντι,
2897 5209 2992 5261 καὶ
3032 5207 3211 5260 πάντα
3236 5206 3375 5276 ὑπὲρ
3414 5204 3515 5273 τῆς
3539 5204 3808 5274 ἡμετέρας

2239 5302 2606 5374 οἰκονομοῦντι
2634 5297 2926 5369 σωτηρίας.
2952 5297 3109 5367 Αὑτῷ
3134 5295 3243 5368 7&9
3264 5295 3461 5364 πρέπει
3482 5293 3627 5358 δόξα,
3653 5293 3806 5361 τιμὴ,

2241 5395 2336 5451 καὶ
2375 5389 2740 5464 προσκύνησις
2790 5387 2888 5441 σὺν
2939 5386 3018 5457 τῷ
3073 5386 3296 5458 ἀνάρχῳ
3351 5383 3545 5454 Πατρὶ,
3597 5382 3692 5434 καὶ
3735 5380 3810 5450 τῷ

2241 5485 2382 5556 ἁγίῳ
2406 5480 2705 5550 Πνεύματι,
2731 5476 2827 5534 νῦν
2855 5478 2950 5532 καὶ
2976 5478 3083 5545 ἀεὶ,
3112 5476 3206 5531 καὶ
3236 5477 3316 5538 είς
3334 5473 3460 5537 τοὺς
3483 5470 3682 5536 αἰῶνας
3707 5471 3811 5526 τῶν

2233 5577 2468 5634 ιιώνων.
2509 5571 2696 5646 Ἀμήν.
