4146 6260
370 368 483 423 597

443 478 484 535 5
527 481 765 550 Quonam
809 481 967 553 igitur
993 488 1157 551 pacto
1180 477 1252 534 ait
1287 476 1479 532 Paulus
1508 483 1820 545 potestatem
1852 487 1957 527 non

375 585 494 627 esse
522 571 622 625 nisi
651 586 681 624 a
722 571 830 649 Deo
859 571 1033 642 (Rom.
1063 571 1148 626 15.
1180 569 1279 640 2)?
1308 566 1458 636 Quod
1489 566 1734 620 nimirum
1760 564 1825 619 ad
1852 564 1959 618 uti-

378 661 577 716 litatem
621 670 853 717 nostram
897 661 1048 717 nobis
1086 661 1232 716 illam
1272 660 1413 714 Deus
1446 657 1795 713 constituerit.
1827 655 1959 710 Nam

378 758 654 820 peccatum
696 751 909 822 quidem
951 752 1321 806 necessitatem
1366 751 1484 819 ejus
1530 747 1728 801 invexit
1766 763 1778 798 :
1822 747 1983 801 Deus’

376 853 552 897 autem
578 841 643 896 ad
670 851 903 896 nostram
935 842 1214 896 utilitatem
1244 849 1325 896 est
1350 854 1496 895 usus.
1527 840 1593 893 Et
1620 837 1962 908 quemadmo-

377 930 503 985 dum
534 947 598 987 ει
624 931 932 988 vulneribus
961 933 1018 987 ﬁt
1049 940 1109 987 ut
1148 932 1550 987 medicamentis
1595 930 1981 999 indigeamus;

378 1036 443 1075 ex
472 1019 794 1076 medicorum
820 1031 995 1077 autem
1024 1022 1301 1092 sapientia,
1331 1030 1388 1075 ut
1412 1020 1761 1075 adhibeantur
1790 1018 1961 1073 medi-

379 1121 623 1165 camenta
656 1129 669 1164 :
698 1112 775 1167 sic
807 1121 861 1167 et
896 1112 1187 1167 necessitas
1224 1111 1493 1167 servitutis
1518 1121 1694 1165 ortum
1723 1109 1903 1163 habuit
1932 1124 1960 1163 a

381 1211 598 1272 peccato
629 1220 644 1258 :
676 1213 734 1259 ut
757 1212 935 1260 autem
961 1205 1027 1259 ad
1052 1204 1104 1259 id
1129 1204 1269 1274 quod
1298 1219 1431 1276 opus
1457 1211 1571 1258 erat
1596 1202 1681 1257 illa
1707 1203 1962 1273 dirigere-

381 1300 486 1358 tur,
514 1292 565 1347 id
592 1308 720 1351 sane
748 1296 941 1350 divinae
968 1307 1241 1367 acceptum
1269 1294 1540 1350 ferendum
1563 1304 1644 1348 est
1669 1294 1959 1364 sapientiae.

383 1384 583 1440 Verum
620 1387 803 1444 adeste
833 1389 1024 1444 animis
1043 1432 1059 1457 ,
1090 1398 1146 1445 et
1173 1389 1430 1445 desidiam
1460 1403 1672 1442 omnem
1710 1387 1958 1443 excutite.

380 1475 487 1531 Cur
515 1477 727 1534 tandem
754 1480 806 1533 id
833 1479 984 1535 dico?
1010 1482 1309 1551 Scripturas
1332 1480 1483 1535 vobis
1513 1494 1841 1545 enarramus,
1868 1494 1964 1534 vos

381 1580 508 1624 vero
532 1571 733 1626 aversis
757 1586 785 1625 a
815 1573 966 1629 nobis
987 1574 1177 1640 oculis,
1203 1573 1268 1628 ad
1298 1574 1540 1629 lucernas
1564 1583 1618 1628 et
1642 1573 1707 1627 ad
1733 1589 1853 1628 eum
1875 1574 1965 1644 qui

382 1659 624 1717 lucernas
643 1664 964 1720 accendebat
988 1664 1086 1735 (a),
1110 1681 1202 1720 eos
1226 1666 1581 1722 convertistis.
1605 1666 1823 1734 Quanta:
1844 1680 1967 1734 por-

381 1765 445 1807 ro
472 1760 555 1806 est
591 1752 693 1808 hoc
719 1755 976 1810 socordiae
995 1797 1010 1823 ,
1041 1756 1195 1811 nobis
1234 1757 1436 1811 relictis
1459 1799 1474 1823 ,
1506 1757 1627 1811 huic
1654 1755 1966 1811 attendere?

382 1840 559 1911 Ignem
590 1858 689 1913 ego
716 1859 926 1914 quoque
948 1847 1183 1902 accendo
1205 1847 1218 1878 ί
1241 1888 1257 1913 ,
1286 1849 1373 1916 qui
1405 1847 1533 1901 latet
1562 1847 1613 1900 in
1640 1845 1977 1916 Scripturis,’

381 1940 435 1985 et
462 1932 514 1985 in
545 1942 723 1988 nostra
750 1934 923 2005 lingua
951 1937 1292 1991 succenditur
1312 1938 1527 1992 lucerna
1552 1936 1827 1992 doctrinae.
1852 1936 1966 1991 Hoc

381 2021 475 2075 iilo
505 2021 674 2091 majus
707 2032 789 2078 est
830 2025 1008 2080 lumen
1039 2041 1102 2080 ac
1140 2026 1331 2080 melius
1359 2042 1374 2081 :
1407 2042 1510 2079 non
1538 2026 1679 2080 enim
1706 2026 1827 2081 oleo
1852 2041 1969 2080 ma-

381 2111 514 2165 dens
549 2112 870 2183 ellychnium
896 2155 913 2180 ,
950 2124 1007 2168 ut
1034 2115 1135 2169 iste
1154 2156 1167 2178 ,
1199 2114 1537 2169 accendimus
1560 2156 1574 2181 ,
1604 2116 1696 2171 sed
1727 2117 1969 2187 irrigatus

383 2203 579 2273 pietate
605 2206 809 2259 animas
835 2204 1083 2260 audiendi
1104 2206 1394 2276 cupiditate
1422 2208 1831 2264 inﬁammamus.
1861 2210 1970 2264 Dis-

382 2296 598 2351 serebat
625 2297 783 2351 etiam
822 2297 1018 2352 Paulus
1045 2299 1328 2369 aliquando
1358 2298 1409 2354 in
1444 2302 1714 2356 caenaculo
1740 2303 1967 2372 quodam

383 2386 517 2457 ('Act.
545 2387 634 2441 ΞΟ.
672 2388 803 2457 7-9).
831 2388 1000 2445 Nemo
1028 2394 1202 2446 tamen
1242 2392 1529 2448 arbitretur
1552 2394 1810 2465 meipsum
1834 2396 1977 2450 velle

382 2491 471 2533 me
496 2492 615 2533 cum
642 2479 807 2534 Paulo
836 2496 1145 2550 comparare
1169 2523 1182 2547 ,
1209 2499 1315 2538 non
1344 2486 1484 2539 enim
1513 2486 1645 2541 adeo
1675 2501 1791 2542 sum
1822 2487 1968 2542 insa-

384 2584 518 2636 nus,
549 2570 641 2625 sed
674 2581 731 2625 ut
774 2572 1078 2643 intelligatis
1115 2585 1367 2645 quantum
1407 2577 1563 2632 studii
1597 2594 1689 2633 vos
1726 2588 1971 2649 oporteat

381 2660 447 2713 ad
491 2661 810 2718 audiendum
853 2664 1129 2723 adhibere.
1167 2668 1471 2723 Disserebat
1511 2684 1640 2739 ergo
1682 2656 1876 2724 Paulus
1914 2672 1965 2725 in

381 2755 675 2821 ctenaculo,
704 2764 758 2811 et
777 2771 1015 2826 vespera,
1041 2768 1097 2812 ut
1124 2775 1263 2815 nunc
1285 2761 1465 2826 etiam,
1488 2761 1688 2826 incidit,
1712 2774 1973 2833 erantque

381 2845 612 2902 lucernae
643 2847 694 2903 in
722 2849 997 2905 caenaculo
1026 2867 1039 2903 :
1068 2850 1263 2907 deinde
1289 2853 1478 2907 cecidit
1507 2853 1776 2924 Eutychus
1805 2854 1871 2910 de
1902 2855 1969 2910 fe-

383 2947 561 2991 nestra
587 2978 602 2995 .
635 2953 806 3009 neque
831 2952 1147 2996 conventum
1177 2959 1331 2998 casus
1370 2944 1458 2999 ille
1486 2946 1764 3013 dissolvit,
1796 2962 1971 3017 neque

383 3042 531 3081 mors
577 3027 839 3083 theatrum
885 3033 1097 3088 sustulit
1128 3051 1141 3087 :
1171 3050 1354 3088 verum
1400 3036 1469 3089 ita
1514 3036 1707 3091 divinis
1747 3038 1971 3109 eloquiis

384 3119 658 3174 audiendis
692 3122 835 3177 alﬁ‘xi
862 3132 1048 3190 erant,
1078 3133 1136 3179 ut
1176 3141 1349 3196 neque
1377 3143 1532 3183 casus
1571 3128 1711 3184 illius
1754 3145 1969 3186 sensum

385 3208 551 3262 ullum
583 3213 822 3280 ceperint
849 3229 864 3267 :
892 3228 988 3268 vos
1021 3230 1150 3270 vero
1180 3217 1322 3271 nulla
1364 3218 1571 3273 insolita
1601 3236 1659 3276 re
1686 3230 1968 3290 conspecta

383 3302 463 3355 vel
489 3303 642 3368 mira,
667 3304 760 3359 sed
786 3304 1003 3361 homine
1029 3316 1251 3371 tantum,
1274 3310 1362 3379 qui
1386 3310 1595 3365 solitum
1620 3313 1969 3369 ministerium

382 3392 582 3457 obibat,
612 3393 737 3448 illuc
763 3397 945 3450 oculos
970 3399 1327 3455 convertistis.
1356 3400 1424 3455 Et
1448 3416 1550 3470 qua
1579 3403 1788 3458 tandem
1818 3407 1971 3461 venia

381 3482 598 3555 dignum
632 3486 734 3541 hoc
772 3486 969 3543 fuerit?
994 3488 1161 3545 Nemo
1191 3492 1366 3561 igitur,
1395 3493 1757 3563 dilectissimi,
1788 3511 1970 3566 repre-

383 3574 692 3632 hensionem
738 3579 1014 3635 molestam
1058 3590 1112 3635 et
1153 3598 1370 3652 gravem
1412 3585 1699 3641 arbitretur
1740 3604 1752 3639 :
1799 3603 1971 3658 neque

383 3669 525 3721 enim
553 3666 677 3721 odio
703 3668 935 3738 impulsi,
952 3671 1055 3725 sed
1082 3673 1437 3730 sollicitudine
1457 3675 1654 3730 indocti
1680 3677 1971 3745 reprehen-

383 3761 577 3816 dimus.
612 3762 873 3819 Fideliora
898 3768 1092 3837 quippe
1118 3781 1235 3823 sunt
1258 3772 1533 3825 amicorum
1564 3776 1792 3841 vulnera,
1821 3791 1971 3843 quam

382 3865 662 3923 spontaneo
686 3856 860 3908 oscula
885 3857 1202 3911 inimicorum
1227 3860 1408 3927 (Prov.
1436 3862 1526 3917 27.
1559 3862 1635 3932 6).

455 3942 535 3997 De
566 3944 737 4012 o/ﬁciis
774 3945 997 4014 ﬁliorum
1024 3963 1142 4017 erga
1171 3959 1441 4018 parentes;
1471 3952 1534 4005 de
1558 3954 1972 4009 remunerationi-

383 4035 474 4089 b‘ns
500 4036 813 4091 manentibus
841 4049 1105 4107 parentum
1134 4041 1371 4095 cuitores.
1400 4042 1477 4097 De
1503 4046 1662 4115 panis
1690 4047 1970 4111 parricida-

382 4142 496 4180 rum
521 4141 654 4179 {cur
678 4126 903 4195 lapidart'
930 4145 1013 4183 eos
1040 4130 1197 4183 voluit
1227 4131 1474 4187 Deus..—
1494 4136 1763 4191 Attendite
1793 4137 1968 4208 igitur,

383 4230 586 4288 quaeso,
612 4227 665 4272 ct
694 4216 794 4272 hoc
822 4218 943 4288 igne
973 4221 1157 4275 relicto
1183 4222 1249 4277 ad
1279 4238 1548 4281 sacrarum
1578 4226 1969 4298 Scripturarum

384 4304 563 4361 lumen
590 4309 821 4362 animum
849 4308 1114 4367 adhibete.
1143 4313 1319 4368 Alium
1342 4317 1482 4371 enim
1506 4318 1831 4387 principatus
1858 4335 1972 4376 mo-

383 4396 509 4452 dum
552 4399 707 4453 statui
743 4400 954 4468 dicere,
985 4405 1073 4473 qui
1110 4422 1214 4459 non
1245 4422 1273 4460 a
1306 4420 1557 4478 peccato,
1591 4411 1683 4465 sed
1717 4427 1746 4465 a
1783 4422 1968 4469 natura

386 4487 497 4556 ipsa
537 4490 699 4545 traxit
734 4493 1012 4561 originem.
1044 4496 1173 4562 Quis
1216 4498 1304 4554 ille
1346 4516 1503 4569 porro
1537 4505 1655 4557 est?
1685 4504 1968 4561 Parentum

385 4577 438 4631 in
479 4578 694 4634 lib‘cros.
732 4580 831 4635 Est
867 4583 1010 4638 enim
1048 4591 1409 4645 remuneratio
1441 4603 1622 4661 partus
1652 4594 1821 4650 honor
1847 4598 1966 4653 iste.

387 4669 671 4740 Propterea
698 4674 1196 4746 sapiens-quiSpiam
1218 4679 1348 4736 dicit
1381 4701 1393 4736 :
1425 4684 1582 4750 Quasi
1608 4686 1823 4743 dominis
1843 4690 1970 4744 servi

382 4760 479 4823 iis,
511 4763 595 4831 qui
627 4772 673 4817 te
696 4777 973 4834 genuerunt
1002 4766 1186 4839 (Eccli.
1216 4772 1267 4825 5.
1296 4770 1370 4842 8).
1406 4773 1606 4831 Deinde
1632 4793 1843 4833 causam
1873 4781 1970 4835 ad-

379 4851 494 4921 jicit
524 4852 706 4906 dicens
736 4870 749 4908 :
777 4855 912 4921 Quid
936 4858 1065 4911 enim
1089 4860 1333 4917 retribucs
1359 4864 1480 4931 iliis,
1509 4871 1756 4935 quomodo
1784 4871 1862 4924 illi
1883 4872 1971 4926 tibi

382 4941 558 5009 (Ibid.
589 4945 641 4997 7.
671 4944 820 5017 50)?
868 4947 1098 5004 Tametsi
1129 4953 1253 5020 quid
1283 4955 1493 5010 tandem
1521 4969 1635 5023 est,
1665 4962 1802 5031 quod
1832 4964 1970 5019 ﬁlius

382 5035 534 5101 {altri
561 5035 858 5093 retribuere
899 5054 1003 5093 non
1041 5044 1246 5110 possit?
1276 5044 1425 5100 Nihil
1445 5063 1574 5118 ergo
1606 5050 1746 5105 aliud
1779 5064 1971 5123 praeter

382 5124 485 5180 hoc
515 5125 644 5181 dicit
674 5145 687 5180 :
718 5128 787 5185 Ut
810 5140 861 5185 te
886 5131 982 5200 ipsi
1014 5148 1327 5205 genuerunt,
1356 5147 1411 5194 tu
1439 5141 1554 5197 illos
1579 5144 1793 5213 gignere
1816 5148 1970 5203 mini-

386 5230 481 5272 me
517 5218 732 5287 puteris.
766 5221 986 5285 Quando
1024 5225 1181 5293 igitur
1216 5228 1270 5283 in
1316 5229 1413 5286 hac
1456 5248 1515 5287 re
1552 5235 1654 5289 illis
1693 5237 1969 5296 inferiores

388 5321 591 5372 sumus,
622 5309 835 5363 aliunde
863 5312 1001 5378 illos,
1033 5314 1222 5370 delatis
1251 5320 1378 5389 ipsis
1410 5322 1717 5391 honoribus,
1750 5343 1969 5400 supere-

384 5411 522 5461 mus,
554 5413 656 5451 non
686 5403 754 5453 ob
783 5401 949 5470 legem
980 5413 1182 5462 naturae
1211 5418 1433 5477 tantum,
1460 5415 1552 5468 sed
1579 5427 1701 5472 ante
1727 5422 1965 5476 naturam

383 5486 452 5540 ob
484 5487 575 5541 hci
614 5489 878 5544 timorem.
909 5492 1128 5550 Multum
1157 5500 1296 5554 enim
1329 5516 1575 5570 parentes
1600 5522 1626 5560 a
1660 5509 1840 5564 liberis
1870 5511 1965 5565 ho-

384 5579 560 5630 norari
588 5580 697 5633 vult
730 5580 871 5635 D‘eus
900 5600 912 5634 :
944 5586 1117 5654 erqui‘
1139 5586 1239 5643 hoc
1277 5589 1541 5661 fecerint,
1571 5599 1774 5667 magnis
1815 5600 1967 5657 bonis

449 5687 466 5755 ξ
502 5695 637 5755 μείς..
660 5688 818 5755 ignem
835 5705 977 5755 super
1001 5702 1180 5746 terram
1203 5702 1429 5752 arrcrdo.

446 5747 520 5809 (τι)
554 5747 810 5812 unql'ades
831 5747 935 5805 sive
958 5754 1169 5809 lucerna:
1192 5747 1245 5811 ιη’
1263 5747 1465 5815 ecclesia
1492 5769 1896 5822 accendebantur.

1676 362 1743 419 ΙΝ
1781 359 2079 417 GENESIM
2119 360 2352 417 SERMO
2389 360 2478 419 IV.

3546 361 3649 420 593

2066 481 2437 526 remuneratur
2461 486 2524 526 ac
2547 469 2720 531 donis.
2748 483 2841 525 eos
2869 484 2998 526 vero
3022 469 3110 549 qui
3136 469 3303 540 legem
3335 474 3652 539 transgressi

2064 563 2280 632 fuerint,
2306 564 2511 635 magnis
2535 571 2589 620 et
2610 563 2859 634 gravibus
2883 562 3037 617 malis
3065 563 3228 632 punit.
3258 563 3357 630 Qui
3379 564 3651 617 maledixec

2062 656 2151 721 rit,
2183 656 2370 725 inquit,
2401 654 2537 724 patri
2562 655 2637 709 uel
2666 654 2833 720 matri,
2864 662 3022 708 morte
3049 653 3292 707 moriatur
3313 654 3331 725 (
3351 653 3518 708 Exod.
3550 654 3645 709 (ἐι.

2065 746 2180 814 17).
2212 747 2299 801 Eis
2322 760 2477 813 vero,
2496 746 2584 816 qui
2613 745 2878 800 honorant
2903 745 3042 809 illos,
3073 745 3150 799 sic
3176 744 3250 797 ait
3274 760 3287 797 :
3319 743 3529 799 Honora
3559 762 3654 815 pa-

2065 846 2190 892 trem
2215 848 2354 892 tuum
2379 847 2425 893 et
2454 849 2662 891 matrem
2690 848 2847 902 tuam,
2875 845 2928 890 ut
2958 837 3076 890 bene
3103 838 3165 890 sit
3191 836 3278 889 tibi
3306 853 3324 889 :
3351 845 3395 889 ct
3422 838 3517 890 eris
3542 837 3655 892 (ouo

2066 948 2231 1003 gtevus
2255 948 2408 1001 super
2437 941 2624 986 terram
2654 931 2861 1001 (Exod.
2892 930 2982 986 20.
3017 932 3083 986 i2
3104 932 3141 1002 ).
3178 931 3336 999 Quod
3365 932 3653 986 maximum

2065 1039 2184 1081 esse
2211 1025 2406 1079 bonum
2436 1033 2703 1090 censetur,
2732 1023 2940 1079 beatam
2978 1024 3181 1079 scilicet
3219 1033 3570 1090 senectutem,
3601 1036 3654 1079 et

2065 1116 2188 1170 vita:
2230 1116 2626 1187 prolixitatem,
2675 1114 2777 1169 hoc
2821 1114 3096 1184 praposuit
3140 1115 3415 1183 prtemium
3466 1115 3527 1167 iis
3566 1117 3652 1184 qui

2066 1207 2213 1276 ipsos
2249 1206 2560 1261 honorarint
2586 1224 2601 1260 :
2630 1214 2684 1260 et
2708 1204 2849 1275 quod
2889 1219 3154 1260 summum
3194 1220 3314 1259 esse
3345 1205 3541 1259 malum
3574 1205 3656 1260 vi-

2067 1298 2240 1363 detur,
2270 1305 2492 1351 mortem
2521 1296 2893 1362 immaturam,
2922 1295 3024 1347 hoc
3052 1293 3105 1347 in
3135 1308 3346 1364 poenam
3381 1295 3655 1364 proposuit

2070 1388 2135 1443 iis
2158 1430 2173 1452 ,
2205 1388 2295 1458 qui
2320 1387 2690 1443 contumeliosi
2720 1387 2774 1441 in
2801 1401 2893 1441 eos
2919 1385 3114 1439 fuerint
3142 1404 3155 1438 :
3183 1393 3341 1454 atque
3366 1386 3436 1438 ita
3465 1385 3668 1439 horum

2068 1478 2281 1547 quidem
2309 1478 2734 1533 benevolentiam
2759 1476 2858 1533 sibi
2884 1476 3104 1531 honoris
3130 1474 3513 1545 pollicitatione
3528 1490 3658 1529 eon-

2068 1570 2233 1635 ciliat,
2265 1570 2388 1623 illos
2412 1584 2541 1623 vero
2566 1572 2727 1623 etiam
2755 1568 2949 1622 invitos
2976 1581 3159 1635 preme
3176 1565 3511 1621 formidinea
3538 1579 3657 1619 con-

2070 1660 2287 1715 tumelia
2325 1669 2559 1715 revocat.
2604 1659 2721 1714 Non
2752 1658 2939 1713 solum
2978 1658 3120 1713 enim
3158 1659 3311 1737 mori
3338 1656 3653 1726 parricidam

2066 1753 2235 1823 jubet,
2260 1767 2431 1822 neque
2454 1752 2729 1822 abreptum
2753 1766 2781 1805 a
2800 1751 2997 1821 judicio
3022 1764 3117 1819 per
3138 1749 3308 1804 forum
3331 1763 3362 1803 a
3384 1748 3658 1804 lictoribus

2069 1843 2256 1910 educi,
2286 1858 2459 1913 neque
2486 1852 2637 1898 extra
2673 1843 2939 1897 civitatem
2969 1841 3142 1910 capite
3171 1840 3405 1894 truncari
3440 1857 3453 1893 :
3483 1838 3575 1894 sed
3605 1838 3656 1892 in

2073 1934 2304 1989 mediam
2330 1934 2598 1989 civitatem
2623 1933 2836 1988 deducit
2862 1934 3033 2002 ipsum
3058 1939 3227 2001 pater,
3254 1938 3309 1985 et
3331 1929 3531 2000 absque
3556 1929 3657 1982 alia

2070 2028 2254 2098 quavis
2297 2027 2609 2097 probatione
2639 2026 2770 2080 ﬁdes
2800 2026 2875 2079 illi
2911 2024 3137 2079 habetur
3166 2041 3180 2077 :
3213 2038 3277 2079 ac
3308 2023 3502 2078 merito
3536 2022 3655 2091 qui-

2070 2119 2213 2174 dem.
2242 2117 2374 2173 Nam
2403 2118 2494 2187 qui
2528 2118 2779 2187 pecunias
2817 2125 2872 2171 et
2908 2132 3131 2186 corpora
3175 2124 3225 2171 et
3264 2114 3406 2169 aliud
3428 2112 3657 2193 quidvis

2072 2220 2169 2279 pro
2209 2210 2319 2264 ﬁlio
2359 2209 2585 2264 libenter
2624 2207 2986 2279 impenderet,
3024 2202 3308 2277 numquam
3353 2207 3468 2275 ejus
3508 2205 3659 2261 ﬁeret

2070 2292 2369 2364 accusator,
2404 2299 2505 2353 nisi
2542 2314 2746 2353 summa
2786 2299 2854 2353 ab
2892 2299 2984 2354 illo
3024 2298 3213 2368 injuria
3244 2306 3385 2353 esset
3414 2292 3677 2351 affectus--

2072 2391 2293 2446 Deducit
2316 2392 2493 2461 igitur
2519 2392 2668 2446 illum
2698 2393 2747 2445 in
2786 2391 3020 2446 medium
3049 2390 3275 2445 civitatis
3295 2430 3309 2455 ,
3341 2376 3532 2443 deinde
3560 2401 3657 2459 po-

2070 2486 2195 2555 pulo
2221 2485 2478 2541 advocato
2507 2486 2896 2540 accusationem
2927 2485 3266 2554 pronuntiat:
3295 2482 3383 2552 qui
3411 2496 3537 2538 vero
3564 2497 3659 2535 auo

2070 2579 2240 2640 diunt.
2270 2579 2463 2648 singuli
2491 2588 2703 2649 arrepto
2728 2578 2901 2647 lapide
2938 2576 3255 2648 parricidam
3281 2575 3431 2629 illum
3462 2587 3655 2643 percu-

2071 2670 2228 2724 tiunt.
2274 2669 2388 2725 Non
2433 2671 2577 2725 enim
2623 2679 2951 2739 spectatores
2992 2677 3199 2722 tantum
3245 2665 3521 2736 supplicii,
3562 2663 3669 2717 sed

2071 2762 2232 2816 etiam
2261 2762 2534 2817 ministros
2560 2776 2654 2817 eos
2686 2776 2806 2818 esse
2835 2762 2944 2816 vult
2974 2752 3265 2831 legislator,
3294 2769 3361 2813 ut
3380 2773 3501 2813 cum
3530 2756 3658 2812 dex-

2073 2861 2241 2907 teram
2269 2868 2421 2907 suam
2440 2854 2663 2922 quisque
2689 2844 3049 2922 conspexerit,
3079 2867 3181 2921 qua
3212 2850 3438 2920 lapidem
3466 2860 3514 2903 et
3544 2848 3658 2917 ipse

2072 2944 2127 2998 in
2156 2944 2429 3014 parricidae
2453 2953 2610 3014 caput
2640 2944 2881 3013 projecit,
2908 2944 3006 2997 hac
3030 2942 3314 2995 sufﬁcienti
3342 2940 3661 2993 admonitio-

2072 3049 2143 3089 ne
2179 3035 2467 3089 instructus
2505 3035 2569 3089 ad
2605 3035 2881 3090 meliorem
2918 3034 3121 3102 frugem
3149 3038 3448 3085 revocetur.
3476 3028 3661 3098 Neque

2075 3143 2206 3184 vero
2240 3128 2292 3184 id
2334 3129 2508 3184 solum
2531 3169 2545 3195 ,
2579 3128 2674 3185 sed
2713 3137 2768 3183 et
2803 3126 2945 3181 aliud
2986 3125 3140 3180 nobis
3171 3124 3345 3179 innuit
3369 3122 3671 3192 legislator,

2074 3237 2198 3278 eum
2228 3222 2496 3290 nimirum,
2527 3224 2616 3291 qui
2646 3222 2967 3277 contumelia
2993 3227 3242 3289 parentes
3268 3217 3522 3283 all‘ecerit,
3552 3222 3675 3268 non”

2073 3313 2195 3368 illos
2220 3322 2444 3382 tantum,
2474 3314 2565 3369 sed
2595 3314 2755 3369 etiam
2792 3326 2979 3368 omnes
3004 3310 3248 3365 homines
3277 3309 3500 3364 laesisse.
3532 3307 3661 3361 Pro-

2072 3412 2253 3474 pterea
2292 3412 2511 3460 Cunctos
2550 3404 2615 3460 ad
2656 3403 2903 3475 supplicii
2937 3403 3264 3458 consortium
3300 3407 3481 3464 vocat,
3511 3399 3660 3469 quasi

2073 3495 2397 3551 contumelia
2434 3495 2632 3551 fuerint
2671 3493 2845 3549 all‘c‘cti
2876 3507 3061 3549 omnes
3085 3534 3101 3561 ,
3133 3508 3196 3547 ac
3223 3494 3476 3563 populum
3503 3490 3679 3546 simul

2074 3594 2127 3641 et
2167 3594 2333 3641 tetam
2360 3596 2618 3642 convocat
2656 3587 2926 3641 civitatem
2948 3628 2963 3653 ,
2993 3592 3051 3641 ut
3088 3585 3316 3650 doceat,
3348 3598 3442 3638 eos
3470 3582 3673 3651 quibus

2074 3676 2206 3731 nihil
2233 3688 2317 3732 est
2342 3693 2622 3733 commune
2648 3694 2769 3733 cum
2808 3678 2911 3732 illis
2939 3679 3028 3748 qui
3063 3677 3235 3731 alTecti
3276 3685 3396 3731 sunt
3436 3674 3622 3742 injuria
3646 3717 3658 3739 ,

2074 3768 2127 3822 in
2151 3782 2245 3821 eos
2270 3768 2632 3836 indignatione
2658 3768 3008 3834 commoveri,
3026 3768 3126 3835 qui
3153 3766 3519 3820 contumeliosi
3552 3764 3662 3818 fne-

2074 3860 2181 3914 rint
2221 3859 2275 3912 in
2314 3867 2562 3927 parentes
2586 3898 2601 3924 ,
2640 3866 2909 3927 tamquam
2945 3858 2997 3911 in
3037 3872 3374 3911 communem
3420 3864 3661 3910 naturam

2075 3946 2299 4003 cadente
2328 3946 2522 4017 injuria
2544 3988 2558 4010 ,
2591 3956 2752 4015 utque
2778 3947 2938 4001 talem
2972 3946 3246 4001 hominem
3270 3948 3418 4016 quasi
3460 3955 3661 4015 pestem

2074 4038 2359 4108 quamdam
2385 4053 2827 4108 communemque
2863 4039 3113 4092 morbum
3153 4052 3258 4090 non
3296 4053 3359 4090 ex
3402 4037 3534 4090 urbe
3572 4050 3662 4089 so-

2074 4129 2205 4195 lum,
2238 4130 2330 4185 sed
2358 4145 2423 4185 ex
2450 4130 2561 4199 ipsa
2590 4145 2803 4202 quoque
2828 4131 2934 4185 vita
2960 4130 3192 4200 ejiciant.
3219 4130 3397 4184 Ilostis
3416 4129 3557 4184 enim
3582 4139 3664 4182 est

2073 4222 2157 4276 vir
2186 4222 2480 4292 ejusmodi,
2520 4231 2575 4278 et
2612 4224 2850 4278 omnium
2888 4225 3184 4279 communis
3222 4223 3502 4288 inimicus,
3534 4224 3661 4288 Dei.

2073 4325 2299 4381 natura},
2323 4315 2517 4385 legum,
2538 4323 2591 4370 et
2606 4316 2841 4371 omnium
2863 4328 3105 4371 nostrum
3125 4317 3434 4371 viventium.
3462 4316 3664 4371 Idcirco

2073 4405 2457 4461 simul‘omnes
2494 4406 2709 4477 aggredi
2749 4407 2951 4463 caedem
2988 4408 3168 4477 jubet,
3210 4416 3268 4462 ut
3303 4408 3661 4477 expiationem

2074 4495 2359 4566 quamdam
2387 4496 2627 4566 perﬁciat
2653 4499 2900 4554 civitatis.
2929 4500 3088 4554 Multa
3114 4501 3265 4554 vobis
3291 4501 3427 4555 bona
3455 4500 3664 4555 contin-

2074 4596 2220 4658 gant,
2242 4588 2381 4659 quod
2405 4597 2545 4643 tanta
2561 4603 2680 4643 cum
2703 4591 2974 4661 voluptate
2994 4592 3060 4645 de
3084 4593 3341 4661 parricida
3359 4606 3661 4646 sermonem

2074 4679 2392 4748 cxceperitis
2415 4718 2432 4745 ,
2459 4693 2521 4734 ac
2544 4677 2776 4749 lapidum
2808 4680 2927 4735 loco
2954 4681 3173 4735 vombus
3201 4682 3346 4734 illum
3380 4696 3662 4749 percusse-

2074 4771 2228 4824 ritis:
2255 4770 2357 4825 hoc
2390 4772 2534 4826 enim
2576 4770 2826 4825 indicium
2868 4772 3096 4841 ingentis
3125 4781 3205 4826 est
3240 4772 3660 4838 benevolentiae,

2074 4875 2177 4929 qua
2203 4870 2406 4930 patrem
2434 4875 2589 4915 suum
2615 4869 2851 4916 vestrum
2882 4862 3245 4930 unusquisque
3270 4863 3671 4931 complectitur.

2074 4951 2224 5007 Tunc
2261 4953 2400 5007 enim
2439 4956 2704 5025 praecipue
2746 4955 2926 5026 leges,
2966 4970 3085 5026 quae
3122 4955 3311 5011 delicta
3351 4956 3671 5025 vindicant,

2074 5041 2291 5099 laudare
2323 5046 2695 5125 consuevimus
2714 5086 2730 5113 ,
2759 5062 2879 5102 eum
2910 5047 3221 5104 delictorum
3249 5047 3347 5118 ipsi
3376 5049 3529 5104 nobis
3558 5048 3660 5102 mi-

2075 5135 2218 5189 nime
2255 5136 2453 5191 conscii
2493 5135 2771 5193 fuerimus.
2816 5139 2922 5193 Pro
2960 5138 3042 5194 his
3081 5139 3239 5210 igitur
3271 5140 3519 5195 omnibus
3555 5139 3662 5194 cle-

2073 5228 2237 5281 menti
2274 5226 2386 5283 Deo
2425 5230 2620 5299 gratias
2660 5215 2913 5300 agamus,
2956 5231 3045 5303 qui
3084 5233 3205 5287 vitae
3243 5241 3439 5287 nostrae
3478 5218 3659 5285 curam

2072 5320 2230 5389 gerit,
2258 5320 2351 5390 qui
2374 5322 2678 5390 parentibus
2704 5324 2965 5391 providet,
2993 5325 3081 5394 qui
3108 5325 3176 5379 de
3201 5324 3379 5380 liberis
3404 5333 3486 5378 est
3510 5323 3659 5378 solli;

2072 5410 2229 5481 citus,
2252 5418 2309 5464 et
2327 5414 2815 5491 pronostrasalute
2835 5426 3021 5471 cuncta
3044 5415 3295 5484 disponit.
3320 5416 3494 5483 Ipsum
3515 5415 3657 5470 enim

2073 5499 2227 5554 decet
2250 5501 2433 5569 gloria,
2463 5502 2654 5570 honor,
2683 5514 2736 5559 et
2766 5506 3025 5575 adoratio,
3059 5522 3161 5560 una
3187 5521 3307 5561 cum
3334 5506 3491 5561 Patre
3517 5502 3667 5575 prin-

2058 5592 2192 5661 ‘Cil‘Ei
2219 5604 2455 5663 θκβθΐιθ,
2479 5611 2540 5651 ac
2566 5600 2989 5675 sanctoSpEi-itu,
3018 5614 3157 5655 nunc
3186 5608 3231 5655 ct
3263 5614 3493 5671 semper,
3524 5607 3577 5655 et
3606 5599 3655 5658 in

2074 5687 2265 5741 saecula
2293 5690 2630 5746 seculorum.
2666 5695 2855 5748 Amen.
3494 5688 3556 5749 ἒ,
