4146 6260
477 323 586 380 599

1042 435 1274 493 SERMO
1311 436 1355 492 v
1397 437 1497 507 (a).

480 568 635 636 Quod
657 586 757 624 non
783 576 984 640 propter
1002 567 1253 622 Adamum
1280 571 1535 638 punimur,
1558 577 1605 620 et
1625 567 1821 630 maiora
1846 580 1934 635 per
1950 579 2067 619 eum

551 661 684 715 bona
704 677 857 732 φεαηι
885 659 1021 713 mala
1048 668 1164 714 sunt
1188 659 1489 729 importata,
1519 661 1564 714 si
1589 657 1730 712 nobis
1752 657 1877 728 ipsis
1900 664 2065 710 allen-

549 754 669 809 dere
691 753 990 809 voluerimus
1008 768 1026 807 :
1045 761 1092 808 et
1116 751 1355 808 adversus
1377 769 1463 808 eos
1481 752 1569 823 qui
1593 767 1837 823 pauperes
1861 758 2065 819 prater-

436 872 448 896 ι
548 854 689 900 eum.

547 981 601 1037 1.
630 980 736 1037 Vos
762 980 977 1052 quidem
1004 980 1232 1038 fortasse
1260 996 1358 1038 nos
1396 996 1612 1038 omnem
1646 981 1842 1052 putatis
1868 979 1934 1035 de
1963 979 2064 1035 do-

475 1074 684 1130 minata
715 1072 1011 1130 absolvisse
1049 1088 1353 1130 sermonem
1385 1089 1400 1128 :
1432 1082 1487 1128 at
1513 1088 1612 1144 ego
1641 1071 1866 1126 multum
1894 1070 2068 1126 adhuc

475 1164 534 1220 in
559 1178 629 1236 eo
655 1163 812 1220 video
843 1162 1077 1221 fructum
1115 1179 1390 1235 apparere.
1432 1163 1538 1221 Sed
1569 1179 1638 1220 ne
1666 1162 2023 1233 defatigemini
2046 1203 2062 1226 ,

475 1269 691 1327 quaso,
727 1269 1005 1326 quousque
1034 1263 1204 1311 totum
1246 1256 1417 1330 ipsum
1448 1254 1890 1324 decerpserimus.
1932 1252 2066 1308 Nam

476 1358 533 1403 et
557 1347 840 1419 diligentes
875 1346 1123 1418 agricola:
1151 1361 1270 1402 cum
1301 1346 1461 1400 vitem
1492 1345 1636 1401 foliis
1661 1353 1958 1400 comantem
1988 1343 2069 1398 vi-

476 1438 690 1505 derint,
719 1445 777 1493 et
803 1438 972 1493 multo
997 1437 1172 1492 fructu
1199 1445 1472 1493 oneratam
1493 1478 1508 1504 ,
1537 1452 1642 1491 non
1673 1446 1922 1492 externos
1953 1444 2068 1490 tan-

477 1539 595 1586 tum
630 1528 950 1586 abscindunt
992 1543 1273 1596 racemos,
1310 1528 1405 1584 sed
1441 1537 1496 1584 et
1537 1529 1759 1583 ulterius
1801 1525 2065 1597 progressi

476 1621 727 1692 palmites
765 1619 1142 1693 confringant,
1185 1631 1241 1677 et
1287 1620 1413 1676 folia
1459 1628 1747 1686 coercent,
1789 1620 1863 1675 ita
1904 1629 1963 1678 ut
1998 1635 2067 1676 ne

478 1710 688 1769 minimi
727 1711 944 1781 quidem
989 1712 1129 1767 acini
1171 1725 1505 1767 racemorum
1549 1709 1829 1767 frondibus
1871 1710 2067 1767 obtecti

477 1802 697 1858 lateant.
725 1801 900 1859 Nolite
923 1802 1085 1874 igitur
1107 1803 1515 1873 ncgligentiores
1544 1804 1648 1859 illis
1674 1803 1869 1871 videri,
1895 1818 2067 1874 neque

476 1893 788 1965 priusquam
813 1901 982 1951 totum
1006 1910 1039 1950 a
1065 1895 1216 1951 vobis
1237 1891 1308 1950 sit
1330 1905 1606 1966 acceptum
1637 1895 1869 1952 recedite
1893 1915 1905 1951 :
1930 1912 2068 1968 prae-

475 1983 664 2039 sertim
701 1998 826 2040 cum
865 1983 1017 2042 labor
1053 1985 1268 2056 quidem
1307 2000 1492 2054 meus,
1535 1985 1736 2042 fructus
1775 1996 1956 2044 autem
1997 1986 2068 2044 sit

477 2084 675 2132 vester.

546 2164 651 2224 Cur
680 2165 743 2222 ob
777 2166 930 2222 unius
967 2175 1229 2238 peccatum
1260 2167 1352 2223 alii
1386 2169 1681 2238 puniantur.
1708 2198 1782 2209 —
1803 2169 2068 2227 Hesterno

474 2257 565 2315 die
605 2256 861 2315 mulieres
895 2259 1297 2326 accusavimus,
1325 2259 1409 2315 vel
1439 2260 1614 2330 potius
1640 2275 1746 2315 non
1777 2260 2028 2316 mulieres
2047 2302 2064 2330 ,

473 2349 572 2406 sed
616 2349 781 2409 Evam
824 2348 969 2422 quod
1015 2365 1113 2420 per
1162 2359 1436 2421 peccatum
1485 2352 1796 2407 servitutem
1844 2352 2063 2408 invexit.

473 2439 727 2495 Fortasse
751 2438 933 2495 dicent
961 2440 1114 2496 nobis
1143 2440 1398 2496 mulieres
1426 2458 1438 2496 :
1467 2443 1660 2509 Quare,
1687 2455 1807 2498 cum
1832 2441 1917 2496 illa
1944 2457 2068 2512 pec-

473 2537 671 2594 casset,
700 2543 800 2585 nos
824 2529 1089 2585 damnata:
1113 2528 1332 2597 fuimus,
1357 2537 1411 2584 et
1435 2532 1592 2586 unius
1619 2545 1862 2601 personae
1886 2533 2066 2602 lapsus

475 2618 606 2687 fuit,
636 2618 843 2674 crimen
879 2627 1059 2675 autem
1100 2633 1262 2675 sexus
1300 2619 1505 2675 totius?
1535 2621 1647 2676 Hoc
1685 2621 1845 2677 etiam
1885 2621 2066 2679 dicere

474 2711 618 2768 servi
660 2718 880 2783 possent
911 2728 925 2767 :
953 2711 1089 2780 Quid
1127 2725 1304 2767 causae
1341 2721 1424 2768 est
1459 2727 1590 2781 cur,
1618 2727 1741 2792 cum
1768 2712 1820 2767 in
1858 2721 2064 2783 patrem

473 2803 894 2862 contumeliosus
930 2801 1119 2858 fuisset
1155 2801 1408 2858 Chanaan
1447 2800 1558 2876 (b),
1595 2802 1663 2858 ad
1702 2812 1868 2858 totum
1898 2817 2066 2873 genus

475 2910 633 2967 paena
659 2894 946 2950 transivit?
971 2893 1039 2949 Et
1063 2893 1152 2965 qui
1179 2894 1516 2964 magistratus
1544 2893 1910 2962 reformidant,
1942 2909 2066 2965 pos-

473 2996 596 3043 sent
623 2985 860 3055 objicere
890 3001 905 3038 :
932 2982 1041 3040 Cur
1068 2984 1279 3040 tandem
1306 2985 1514 3040 caeteris
1548 2985 1807 3040 scelerate
1837 2985 2065 3040 viventi-

473 3077 574 3132 bus
608 3075 711 3148 ipsi
743 3075 873 3146 jugo
907 3074 1180 3130 servitutis
1207 3074 1405 3131 addicti
1441 3074 1604 3130 sunt?
1632 3075 1768 3143 Quid
1799 3075 1956 3146 igitur
1983 3075 2065 3130 bis

473 3169 722 3225 omnibus
742 3168 1216 3241 respondebimus?
1236 3167 1506 3238 Siquidem
1528 3186 1630 3225 una
1651 3169 1914 3225 solutione
1929 3187 2066 3240 quae-

472 3260 736 3314 stionibus
762 3259 879 3315 istis
905 3259 1152 3315 omnibus
1178 3259 1402 3314 satisfiet
1433 3277 1446 3313 :
1477 3260 1682 3330 priores
1707 3261 1918 3330 quidem
1948 3261 2066 3315 illos

473 3365 726 3422 peccasse
749 3391 767 3418 ,
793 3365 856 3407 ac
882 3365 978 3406 sua
1016 3349 1449 3419 praevaricatione
1475 3351 1787 3406 servitutem
1827 3351 2069 3407 introdu-

473 3442 656 3508 xisse;
688 3455 872 3496 verum
900 3440 1257 3496 introductam
1294 3440 1441 3495 illam
1478 3441 1802 3510 posteriores
1836 3443 2066 3511 peccatis

475 3533 588 3588 suis
615 3531 982 3588 confirmasse.
1010 3530 1142 3586 Nam
1168 3532 1211 3586 si
1235 3531 1449 3602 quidem
1480 3540 1736 3602 perpetuo
1763 3546 1824 3586 se
1849 3539 2068 3602 possent

475 3640 506 3678 a
536 3623 767 3694 peccatis
802 3625 1066 3680 immunes
1094 3623 1414 3690 ostendere,
1441 3622 1562 3693 jure
1590 3623 1816 3678 fortasse
1851 3633 2066 3694 possent

477 3715 844 3773 contradicere
880 3729 896 3771 :
929 3713 1010 3770 sin
1051 3723 1231 3770 autem
1274 3714 1458 3770 multis
1500 3713 1600 3786 ipsi
1637 3729 1850 3786 quoque
1893 3715 2067 3785 pmnis

477 3818 603 3866 sunt
626 3807 862 3874 obnoxii,
894 3807 1086 3863 frustra
1118 3806 1219 3863 hac
1244 3807 1585 3863 excusatione
1611 3822 1669 3864 se
1699 3815 1930 3864 tuentur.
1956 3808 2068 3880 Ego

477 3901 621 3957 enim
656 3915 763 3956 non
796 3899 906 3954 dixi
925 3940 941 3964 ,
982 3907 1258 3970 peccatum
1281 3897 1394 3968 jam
1423 3897 1733 3954 servitutem
1759 3913 1865 3954 non
1894 3898 2066 3956 intro-

476 3995 706 4062 ducere,
731 3993 827 4052 sed
855 4005 1015 4049 omne
1040 4003 1316 4064 peccatum
1342 4007 1462 4048 cum
1494 3994 1748 4049 servitute
1781 4008 1901 4051 esse
1933 4009 2066 4050 con-

473 4087 736 4160 junctum,
766 4092 824 4141 et
847 4085 900 4140 in
928 4086 1129 4154 peccati
1161 4093 1425 4147 naturam,
1452 4098 1558 4138 non
1589 4083 1642 4140 in
1671 4084 1837 4138 solam
1867 4085 2068 4154 peccati

478 4177 834 4235 differentiam
869 4190 1084 4232 causam
1122 4174 1305 4244 rejeci.
1341 4172 1412 4228 Ut
1451 4173 1610 4243 igitur
1640 4188 1826 4229 omnes
1853 4174 2066 4244 quidem

480 4269 800 4326 incurabiles
822 4267 995 4322 morbi
1020 4273 1249 4321 mortem
1273 4264 1524 4330 inferunt,
1554 4278 1659 4319 non
1682 4279 1866 4319 onmes
1891 4274 2068 4322 tamen

480 4362 720 4434 ejusdem
761 4367 890 4416 sunt
929 4368 1132 4414 natura:
1163 4376 1177 4413 :
1205 4358 1283 4414 sic
1319 4366 1374 4413 et
1404 4357 1582 4412 omnia
1611 4357 1824 4430 quidem
1852 4369 2069 4429 peccata

480 4457 696 4526 pariunt
721 4453 1063 4517 servitutem,
1093 4465 1201 4507 non
1229 4458 1409 4506 tamen
1447 4448 1684 4521 ejusdem
1715 4460 1919 4508 naturae
1946 4462 2071 4508 sunt

481 4547 682 4604 omnia.
713 4545 962 4603 Peccavit
988 4545 1120 4611 Eva,
1145 4559 1268 4601 cum
1294 4543 1494 4614 lignum
1514 4543 1766 4614 gustavit,
1789 4551 1844 4598 et
1871 4544 2070 4600 idcirco

480 4638 731 4695 damnata
758 4645 861 4694 cst.
892 4637 1183 4707 Propterea
1224 4635 1334 4691 noli
1367 4641 1422 4688 tu
1457 4648 1642 4689 rursus
1669 4633 1814 4690 aliud
1843 4634 1936 4689 illo
1963 4634 2072 4689 for-

479 4741 624 4788 tasse
645 4730 882 4787 deterius
911 4736 1186 4801 peccatum
1209 4728 1565 4784 committere.
1594 4725 1707 4782 Hoc
1729 4734 1783 4781 et
1807 4725 1876 4782 de
1901 4727 2071 4783 servis

479 4825 675 4881 merito
714 4823 1009 4879 dixerimus
1031 4864 1048 4891 ,
1080 4821 1184 4878 hoc
1224 4829 1279 4878 et
1319 4821 1388 4878 de
1427 4821 1530 4880 illis
1558 4819 1648 4893 qui
1678 4820 2071 4892 magistratibus

481 4914 726 4981 subsunt,
756 4914 958 4982 primos
985 4913 1234 4969 nimirum
1260 4921 1536 4983 peccatum
1564 4911 1942 4976 introduxisse,
1975 4926 2072 4982 po-

481 5014 656 5061 steros
679 5012 858 5060 autem
882 5003 1228 5061 succedentes
1251 5002 1553 5060 dominatus
1575 5003 1824 5059 virtutem
1848 5004 1959 5058 suis
1982 5018 2070 5059 re-

483 5095 708 5152 tinuisse
735 5095 967 5151 delictis.
996 5095 1220 5153 Possum
1247 5103 1302 5152 et
1327 5094 1430 5150 alia
1454 5092 1768 5151 defensione
1794 5095 1871 5150 uti
1895 5112 1908 5149 :
1929 5095 2072 5165 quod

483 5188 636 5244 multi
665 5202 880 5259 nempe,
911 5203 1032 5244 cum
1059 5189 1128 5245 ad
1154 5189 1402 5245 virtutem
1431 5187 1658 5259 regressi
1685 5197 1886 5253 essent,
1917 5201 1948 5241 a
1976 5187 2074 5244 do-

482 5280 689 5338 minata
718 5280 915 5337 fuerint
942 5280 1216 5337 vindicati.
1244 5281 1324 5336 Ac
1365 5280 1533 5352 prius,
1560 5278 1607 5336 si
1637 5280 1831 5349 placet,
1858 5279 1926 5335 de
1949 5295 2071 5336 mu-

545 5435 620 5500 (a)
654 5443 704 5488 tn
725 5436 892 5488 codice
914 5440 1063 5501 Regio
1081 5437 1207 5488 2542
1229 5435 1335 5487 haec
1370 5435 1567 5501 Humilia
1590 5449 1687 5487 non
1709 5437 1760 5487 in
1796 5437 1930 5486 serie
1951 5435 2071 5488 alia-

482 5499 822 5562 mm’pouitur.
849 5506 901 5549 et
921 5499 1118 5562 oninino
1141 5499 1540 5562 pratermittitur.

549 5559 629 5622 (ὁ)
654 5561 738 5624 llic
768 5567 886 5624 puto
924 5559 1291 5624 mendoseiponi
1312 5560 1538 5624 Chanaan
1551 5571 1639 5624 pro
1660 5559 1824 5619 Cham,
1846 5565 1903 5608 ut
1924 5559 2072 5624 etiam

483 5621 541 5691 in.
557 5619 755 5691 Humilia
769 5619 1073 5691 'prtecedcnti
1095 5619 1213 5670 alii.
1238 5620 1403 5691 Morel.
1446 5619 1541 5669 Sed
1555 5619 1630 5670 ibi
1649 5626 1757 5691 lites.
1781 5621 2073 5691 auctoritate

483 5679 902 5796 :mmgmm
930 5695 945 5736 :
969 5682 1047 5736 hic
1068 5696 1166 5736 non
1204 5683 1459 5746 audemus,
1490 5693 1608 5746 quia
1649 5689 1758 5734 las.
1781 5685 1928 5735 etiam
1948 5681 2072 5732 Cha-

1254 322 1314 382 S.
1354 323 1631 380 JOANNIS
1664 315 2142 378 CHRYSOSTOMI
2184 318 2505 376 ABCHLEP.
2545 318 3082 378 CONSTANTINOP.

3655 321 3760 379 600

2176 430 2398 506 lieribus
2421 446 2725 489 sermonem
2766 433 3120 498 instituamus,
3147 442 3208 488 ut
3236 432 3418 489 videas
3444 449 3550 504 quo
3581 447 3756 506 pacm,

2172 535 2294 576 cum
2320 522 2424 577 illis
2450 524 2655 578 vincula
2681 524 2866 579 beatus
2889 523 3082 578 Paulus
3105 524 3400 591 indidisset,
3429 526 3615 584 eadem
3645 543 3758 585 nur-

2171 625 2263 666 sus
2291 611 2403 681 ipse
2431 612 2706 670 laxaverit.
2738 614 2798 669 Si
2824 631 2924 685 qua
2960 614 3159 681 mulier,
3189 614 3386 684 inquit,
3415 616 3578 670 cirum
3613 617 3760 671 habet

2170 701 2448 771 inﬁdelem,
2478 713 2523 758 et
2552 705 2632 759 hic
2657 706 2899 760 consentit
2925 705 3150 760 habitare
3173 723 3287 760 cum
3315 707 3427 774 illa,
3455 724 3557 761 non
3585 706 3758 762 dimit-

2173 803 2246 848 tat
2286 795 2431 849 illum
2463 795 2548 867 (l.
2577 795 2695 852 Cor.
2733 798 2786 852 7.
2819 798 2942 867 1⁵5).
2975 797 3088 865 Qua
3117 797 3184 853 de
3211 800 3413 854 causa?
3446 798 3593 856 Unde
3630 801 3760 854 enim

2171 885 2269 939 scis
2290 926 2305 952 ,
2337 886 2538 952 mulier,
2569 904 2638 942 an
2665 888 2827 943 virum
2854 897 3110 942 servatura
3136 888 3204 944 sis
3237 887 3412 960 (Ibid.
3445 907 3493 946 υ.
3527 887 3665 960 i6)?
3696 891 3759 947 Et

2172 991 2278 1047 quo
2303 985 2458 1048 pacto
2478 1019 2496 1046 ,
2525 979 2736 1049 inquit,
2767 980 2938 1034 virum
2975 979 3168 1050 poterit
3200 995 3415 1036 servare
3443 981 3676 1037 mulier?
3704 983 3756 1037 Si

2172 1067 2381 1135 doceat,
2407 1070 2451 1125 si
2481 1071 2726 1136 instruat,
2757 1072 2802 1126 si
2830 1071 2899 1128 de
2927 1071 3180 1143 religione
3215 1088 3514 1129 sermonem
3545 1073 3754 1130 inferat.

2171 1160 2332 1230 Atqui
2369 1161 2584 1218 dicebas
2620 1161 2764 1229 beri,
2793 1162 2948 1218 beate
2985 1163 3179 1231 Paule,
3209 1163 3416 1220 Mulieri
3443 1165 3621 1220 docere
3658 1181 3758 1220 non

2172 1251 2403 1321 permitto
2434 1251 2519 1324 (1.
2550 1251 2681 1306 Tim.
2712 1253 2769 1308 2.
2798 1252 2916 1324 l2).
2949 1253 3050 1322 Qui
3079 1253 3139 1308 fit
3169 1254 3356 1324 igitur,
3388 1263 3445 1308 ut
3473 1255 3616 1309 illam
3645 1258 3758 1311 viro

2172 1343 2478 1413 magistram
2499 1344 2786 1400 adhibeas?
2804 1344 2919 1400 Non
2942 1360 3149 1401 mecum
3171 1346 3289 1416 ipse
3309 1360 3547 1418 pugnans
3563 1347 3614 1401 id
3635 1362 3753 1418 ago,

2172 1433 2267 1488 sed
2293 1449 2502 1489 mecum
2531 1433 2686 1490 valde
2713 1436 3009 1491 consentio.
3040 1435 3211 1498 Audi,
3237 1451 3418 1506 qumso
3443 1477 3459 1501 ,
3488 1443 3544 1490 et
3568 1451 3663 1492 cur
3689 1437 3756 1491 il-

2172 1524 2278 1580 lam
2307 1526 2593 1596 dejecerit,
2624 1535 2680 1583 et
2705 1542 2801 1582 cur
2827 1541 3011 1582 rursus
3039 1527 3105 1581 ad
3133 1526 3420 1597 magisterii
3448 1527 3753 1583 cathedram

2173 1615 2317 1671 illam
2347 1617 2599 1684 evexerit,
2624 1627 2684 1673 ut
2711 1618 2857 1673 Pauli
2885 1617 3196 1688 sapientiam
3225 1617 3418 1674 discas.
3447 1617 3635 1673 Doceat
3661 1622 3752 1685 vir,

2173 1707 2360 1778 inquit.
2392 1708 2526 1776 Quid
2558 1708 2666 1763 ita?
2692 1708 2890 1781 Quippe
2913 1710 3000 1779 qui
3033 1709 3265 1764 seductus
3291 1727 3390 1767 non
3417 1711 3482 1764 sit
3509 1712 3593 1780 (1.
3620 1710 3750 1765 Tim.

2171 1795 2225 1852 2.
2269 1797 2391 1869 14).
2429 1798 2594 1852 Adam
2629 1800 2791 1867 enim,
2827 1799 3030 1869 inquit,
3061 1817 3161 1854 non
3195 1808 3267 1855 est
3297 1801 3551 1856 seductus.
3583 1801 3756 1857 Discat

2171 1888 2370 1957 mulier,
2411 1888 2599 1960 inquit.
2637 1889 2773 1956 Quid
2806 1889 2910 1944 ita?
2937 1890 3135 1960 Quippe
3160 1906 3275 1957 qua:
3301 1890 3504 1944 seducta
3532 1892 3616 1946 sit.
3645 1892 3755 1947 Mu-

2171 1980 2272 2036 lier
2311 1983 2452 2037 enim
2495 1980 2714 2038 seducta
2762 1982 2817 2038 in
2862 1982 3294 2052 praevaricatione
3337 1981 3455 2038 fuit.
3494 1982 3593 2038 Hic
3629 1999 3754 2039 vero

2171 2072 2496 2126 contrarium
2535 2073 2798 2128 videmus.
2840 2072 2970 2129 Cum
3006 2072 3148 2128 enim
3181 2073 3262 2128 vir
3293 2072 3456 2130 fuerit
3492 2075 3752 2142 infidelis,

2171 2166 2362 2220 mulier
2397 2175 2575 2221 autem
2614 2165 2784 2222 fidelis
2806 2207 2824 2233 ,
2869 2166 3066 2222 Doceat
3087 2206 3103 2229 .
3143 2166 3349 2236 inquit,
3377 2168 3588 2223 mulier.
3616 2168 3752 2235 Quid

2171 2255 2279 2311 ita?
2307 2255 2438 2324 Quia
2468 2255 2684 2310 seducta
2714 2271 2819 2312 non
2851 2264 2953 2321 est,
2980 2271 3103 2312 cum
3130 2257 3200 2312 sit
3227 2257 3418 2312 fidelis.
3452 2259 3631 2314 Discat
3657 2259 3754 2329 igi-

2172 2353 2260 2400 tur
2285 2347 2385 2412 vir,
2411 2345 2532 2416 quia
2559 2345 2809 2400 seductus
2836 2355 2937 2412 est,
2965 2361 3086 2402 cum
3114 2346 3183 2402 sit
3219 2346 3470 2402 infidelis.
3497 2348 3754 2403 Commu-

2171 2445 2295 2491 tata:
2313 2447 2436 2492 sunt
2453 2435 2679 2492 docendi
2701 2437 2841 2492 vices
2868 2455 2883 2493 :
2905 2445 3301 2493 commutentur
3318 2439 3477 2492 etiam
3501 2438 3754 2509 deinceps

2169 2529 2314 2585 vices
2355 2527 2682 2586 dominandi.
2727 2529 2918 2596 Vides,
2956 2543 3062 2600 quo
3101 2538 3255 2599 pacto
3291 2528 3488 2600 ubique
3522 2532 3754 2588 ostendit

2170 2619 2477 2675 servitutem
2510 2635 2614 2674 non
2646 2631 2918 2689 naturam,
2950 2621 3042 2676 sed
3072 2619 3436 2690 deceptionem
3471 2631 3526 2677 et
3561 2638 3754 2694 pecca-

2171 2718 2284 2766 tum
2322 2710 2513 2781 sequi?
2542 2710 2696 2766 Venit
2734 2711 2891 2781 igitur
2913 2711 2980 2766 ad
3012 2712 3287 2768 mulierem
3316 2713 3383 2769 ab
3420 2712 3570 2768 initio
3593 2714 3753 2770 dece—

2171 2803 2304 2874 ptio,
2328 2811 2546 2872 sequuta
2574 2811 2656 2858 est
2679 2802 2939 2871 subjectio
2962 2802 3329 2873 deceptionem
3355 2822 3368 2859 :
3390 2805 3757 2875 commigravit

2169 2893 2237 2949 ad
2263 2894 2433 2949 virum
2463 2893 2656 2950 deinde
2681 2893 2954 2963 deceptio,
2985 2895 3350 2964 commigravit
3382 2909 3593 2966 quoque
3629 2896 3756 2950 sub-

2165 2988 2350 3058 jectio.
2375 2987 2441 3041 Et
2465 2986 2602 3041 sicut
2632 2987 2683 3040 in
2709 2986 2968 3056 principio
2993 2985 3228 3040 mulieris
3253 2987 3479 3041 salutem
3510 2987 3621 3041 viro
3647 3001 3755 3042 cre-

2171 3079 2337 3147 didit,
2364 3080 2486 3150 quia
2513 3079 2763 3135 seductus
2801 3093 2906 3132 non
2936 3087 3051 3138 erat
3071 3118 3089 3145 ,
3116 3079 3195 3134 sic
3228 3078 3413 3134 dicens
3434 3119 3449 3144 ,
3477 3078 3558 3133 Ad
3593 3079 3756 3133 virum

2170 3171 2424 3226 conversio
2449 3181 2535 3223 tua
2552 3210 2566 3234 ,
2598 3181 2645 3224 et
2669 3171 2777 3240 ipse
2803 3171 2871 3222 tui
2897 3169 3235 3224 dominabitur
3259 3167 3411 3240 (Gen.
3437 3169 3490 3225 5.
3519 3169 3606 3238 16)
3636 3190 3649 3221 :
3678 3170 3758 3225 sic

2169 3264 2329 3318 etiam
2367 3263 2472 3318 hoc
2502 3263 2619 3317 loco
2651 3277 2773 3317 cum
2809 3271 2953 3317 esset
2979 3262 3170 3316 mulier
3196 3261 3365 3317 fidelis
3387 3301 3404 3329 ,
3434 3277 3554 3332 quae
3581 3263 3754 3317 virum

2171 3357 2396 3412 haberet
2430 3355 2731 3423 infidelem,
2762 3355 2988 3412 salutem
3025 3356 3123 3410 viri
3166 3354 3374 3410 mulieri
3413 3353 3636 3410 credidit
3670 3354 3756 3410 his

2173 3449 2353 3504 verbis
2377 3457 2531 3504 utens
2559 3463 2575 3502 :
2606 3446 2754 3503 Unde
2777 3448 2910 3501 enim
2933 3447 3048 3512 scis,
3081 3447 3282 3514 mulier,
3310 3462 3375 3500 an
3402 3447 3562 3500 virum
3587 3463 3757 3501 serva-

2172 3550 2286 3594 tura
2314 3541 2418 3595 sis.’
2437 3539 2575 3608 Quid
2598 3539 2698 3594 hac
2724 3538 2842 3596 fieri
2866 3538 3319 3594 demonstratione
3337 3537 3533 3593 clarius
3557 3546 3756 3607 potest,

2172 3642 2231 3688 ut
2254 3633 2562 3687 servitutem
2589 3638 2797 3686 constet
2821 3645 2925 3685 non
2952 3639 3191 3685 naturam
3212 3629 3486 3700 consequi,
3511 3629 3602 3684 sed
3632 3643 3756 3698 pec-

2172 3724 2393 3779 catum?
2437 3722 2551 3778 Hoc
2592 3722 2660 3777 de
2707 3723 2877 3777 servis
2919 3736 3130 3792 quoque
3174 3720 3278 3775 dici
3326 3729 3520 3790 potest.
3567 3719 3755 3774 Servus

2171 3817 2376 3871 vocatus
2407 3815 2503 3870 es?
2533 3812 2655 3869 Non
2682 3813 2746 3869 sit
2775 3812 2864 3868 tibi
2895 3829 3030 3868 cura!
3055 3813 3139 3884 (1.
3167 3812 3286 3868 Cor.
3315 3814 3368 3868 7.
3397 3813 3458 3868 2|
3487 3815 3527 3885 ).
3558 3813 3754 3878 Vides,

2172 3919 2231 3964 ιιι
2256 3923 2438 3964 rursus
2467 3906 2664 3962 nudum
2692 3921 2812 3961 esse
2836 3919 3030 3961 nomen
3057 3905 3325 3960 SCPVilUliS
3346 3904 3610 3968 ostendat,
3634 3921 3754 3960 cum

2171 3997 2340 4052 virtus
2367 3996 2627 4052 adfuerit?
2655 3995 2762 4052 Sed
2780 4004 2826 4049 et
2851 3996 2894 4050 si
2921 4004 3061 4066 potes
3083 3995 3195 4063 ﬁeri
3223 3994 3365 4060 liber,
3395 3997 3556 4066 magis
3574 4005 3713 4050 utere
3739 4010 3757 4048 :

2173 4089 2278 4144 hoc
2304 4096 2407 4152 cst,
2440 4087 2701 4142 Permane
2738 4085 2914 4155 potius
2943 4085 2994 4139 in
3024 4085 3298 4139 servitute.
3331 4084 3500 4150 Quam
3528 4083 3599 4138 ob
3627 4099 3754 4138 cau-

2174 4181 2327 4236 sam?
2359 4179 2461 4253 Qui
2486 4179 2619 4232 enim
2645 4178 2698 4231 in
2729 4177 2950 4231 Domino
2984 4185 3187 4230 vocatus
3217 4185 3288 4229 est
3313 4191 3484 4230 servus
3503 4217 3519 4244 ,
3553 4176 3757 4229 libertus

2174 4283 2246 4326 est
2270 4270 2475 4324 Domini
2501 4268 2551 4338 (Ι
2560 4269 2662 4322 bid.
2685 4283 2734 4321 υ.
2759 4268 2872 4340 22).
2902 4266 3063 4322 Vides
3088 4267 3303 4322 nomine
3325 4265 3441 4321 solo
3463 4276 3617 4322 tenus
3636 4281 3757 4321 esse

2174 4362 2502 4425 servitutem,
2535 4375 2595 4416 re
2621 4367 2797 4414 autem
2824 4358 2936 4428 ipsa
2962 4357 3303 4413 libertatem?
3330 4356 3440 4412 Cur
3465 4372 3623 4427 porro
3645 4372 3759 4411 ser-

2174 4469 2299 4508 vum
2326 4466 2543 4506 manere
2577 4450 2852 4522 permisit?
2877 4449 2948 4506 Ut
2984 4449 3243 4505 libertatis
3283 4450 3637 4519 prazstantiam
3662 4464 3758 4503 co-

2173 4557 2481 4613 gnosceres.
2517 4541 2648 4596 Nam
2688 4541 2825 4596 sicut
2856 4541 3022 4595 multo
3059 4540 3230 4609 majus
3267 4554 3330 4594 ac
3366 4538 3553 4609 majori
3591 4540 3760 4593 admi-

2175 4635 2381 4691 ratione
2417 4633 2634 4704 dignum
2678 4641 2761 4688 est
2804 4632 2969 4687 illaesa
3013 4645 3228 4685 servare
3270 4631 3430 4684 trium
3475 4644 3758 4699 puerorum

2175 4741 2401 4796 corpora
2430 4734 2677 4780 manente
2707 4723 2921 4780 fornace
2945 4765 2961 4789 ,
2991 4738 3149 4794 quam
3190 4722 3331 4777 illam
3371 4722 3711 4791 exstinguere
3743 4737 3756 4772 :

2175 4817 2253 4873 sic
2291 4816 2457 4871 multo
2496 4816 2666 4886 majus
2704 4825 2760 4870 et
2796 4813 3160 4869 admirabilius
3197 4821 3318 4880 est,
3351 4826 3510 4882 quam
3549 4811 3762 4866 solvere

2176 4911 2484 4965 servitutem
2505 4951 2520 4975 ,
2560 4917 2808 4964 manente
2848 4908 2931 4962 illa
2971 4906 3270 4960 libertatem
3299 4903 3604 4959 ostendere.
3635 4899 3764 4956 Ideo

2175 5001 2309 5056 dixit
2331 5018 2346 5057 :
2366 5000 2434 5055 Et
2458 5002 2502 5054 si
2531 5010 2670 5072 potes
2699 5000 2810 5068 ﬁeri
2833 4999 2974 5061 liber,
3000 4999 3160 5066 magis
3187 5005 3365 5058 utere;
3391 4993 3494 5049 hoc
3515 5002 3616 5059 est,
3637 4991 3762 5049 Ser-

2175 5108 2275 5149 vus
2300 5106 2455 5148 mane
2485 5106 2501 5147 :
2526 5091 2858 5148 verissimam
2889 5090 3031 5143 enim
3063 5085 3304 5156 possides
3332 5085 3654 5141 libertatem.

2245 5184 2299 5239 2.
2333 5183 2493 5238 Visne
2511 5183 2564 5238 in
2586 5179 2983 5252 magistratibus
3008 5179 3170 5234 etiam
3197 5177 3338 5234 istud
3363 5178 3627 5233 cernere?
3649 5176 3767 5233 Rex

2176 5275 2275 5333 fuit
2307 5273 2817 5338 Nabuchodonosor,
2858 5272 2949 5344 qui
2981 5270 3252 5326 fornacem
3283 5284 3442 5338 quam
3467 5268 3765 5324 vehemen-

2178 5367 2383 5422 tissime
2407 5366 2612 5421 curavit
2653 5362 2908 5430 accendi,
2950 5377 3012 5419 ac
3048 5370 3158 5418 tres
3197 5373 3393 5431 pueros
3430 5359 3484 5414 in
3529 5358 3766 5413 medium

2176 5453 2390 5524 adduci,
2420 5456 2662 5527 juvenes,
2705 5453 2971 5520 desertos,
3021 5451 3169 5508 omni
3210 5449 3411 5504 auxilio
3453 5447 3766 5508 destitutos.

2180 5561 2386 5616 servos,
2430 5545 2688 5616 captivos,
2722 5553 2983 5599 extorres.
3015 5541 3082 5596 Et
3106 5539 3233 5612 quid
3263 5538 3377 5595 ait?
3417 5535 3480 5591 Si
3511 5551 3643 5602 rere,
3669 5537 3769 5592 Se—

2181 5640 2326 5706 drac.
2359 5639 2545 5704 Hisne,
2584 5636 2880 5707 Abdeuago,
2903 5636 3022 5690 deos
3053 5649 3189 5691 uos
3211 5648 3312 5687 non
3341 5629 3526 5694 colitis,
3559 5638 3607 5683 et
3634 5629 3769 5682 ima-

2182 5734 2348 5806 ginem
2376 5746 2578 5788 auream
2605 5743 2756 5805 quam
2791 5727 2947 5783 statui
2976 5743 3077 5783 non
3111 5725 3336 5782 adoratis
3357 5721 3519 5797 (Dan.
3548 5722 3600 5778 ὃ.
3641 5719 3774 5792 li)?
