4146 6260
409 328 538 387 -δθο

1079 441 1298 496 ΛΟΓΟΣ
1326 438 1398 494 E'.

433 587 559 646 Ὀτι
592 592 664 645 οὑ
693 589 790 661 διὰ
816 588 922 661 τὸν
958 588 1146 661 Ἃδὰμ
1178 587 1542 661 κολαζόμεθα
1563 628 1577 649 ,
1612 586 1709 640 καί
1736 588 1836 661 ὅτι
1872 603 1998 661 μει-

498 662 633 722 ζονα
666 658 784 713 τῶν
822 658 896 711 δι’
944 656 1177 712 ἐκείνου
1216 658 1677 724 εἰσενεχθέντων
1710 656 1995 721 λυπηρῶν

499 731 570 784 τὰ
604 730 851 797 χρηστὰ,
880 729 987 781 ἐὰν
1019 728 1250 792 ἑαυτοῖς
1276 728 1665 797 προσέχωμεν
1682 743 1695 755 ·
1719 728 1815 779 καί
1846 725 1996 778 κατὰ

497 799 614 854 τῶν
627 795 1128 867 παρατρεχόντων
1150 797 1291 864 τοὺς
1318 795 1600 864 πένητας.

498 969 565 1019 α’.
583 962 770 1032 Ὑμεῖς
789 960 887 1031 μὲν
901 960 1031 1025 ἴσως
1041 959 1288 1031 νομίζετε
1312 961 1401 1014 τὸν
1417 960 1544 1031 περὶ
1564 960 1659 1030 τῆς
1681 958 1998 1022 δεσποτείας

427 1052 559 1121 ἡμῖν
594 1050 810 1105 ἅπαντα
861 1048 1193 1120 ἀπηρτίσθαι
1244 1048 1399 1115 λόγον
1429 1064 1443 1077 ο
1485 1046 1594 1116 ἐγὼ
1625 1047 1679 1100 δὲ
1708 1047 1787 1101 ἔτι
1831 1047 1996 1101 πολὺν

424 1138 535 1202 δρῶ
566 1137 655 1191 τὸν
684 1134 894 1205 καρπὸν
924 1136 982 1187 ἐν
1010 1133 1158 1203 αύτῷ
1183 1134 1523 1203 φαινόμενον.
1563 1133 1724 1187 Ἀλλά
1758 1133 1831 1204 μὴ
1860 1135 1996 1187 ἀπο-

425 1226 637 1293 κάμητε
655 1263 672 1287 ,
712 1220 1015 1292 παρακαλῶ
1038 1262 1054 1286 ,
1086 1221 1190 1285 ἕως
1223 1220 1383 1274 αὐτὸν
1407 1221 1622 1273 ἅπαντα
1652 1221 1998 1290 ἐκτρυγήσω-

427 1328 546 1379 μεν.
577 1310 687 1366 Καὶ
715 1310 822 1382 γάρ
862 1310 914 1362 οί
946 1309 1219 1376 φιλόπονοι
1243 1306 1349 1360 τῶν
1371 1308 1630 1378 γεωργῶν
1667 1307 1791 1362 ὅταν
1818 1308 1995 1361 ίδωσιν

423 1397 665 1465 ἄμπελον
700 1397 912 1458 πολλοῖς
947 1396 1045 1466 μὲν
1076 1399 1188 1458 τοῖς
1220 1395 1433 1463 φύλλοις
1468 1395 1725 1466 κομῶσαν
1749 1439 1763 1460 ,
1815 1395 1994 1466 πολλῷ

421 1484 477 1538 δὲ
505 1484 581 1555 τῷ
607 1483 805 1557 καρπῷ
837 1482 1159 1555 βριθομένην
1185 1523 1200 1548 ,
1231 1483 1351 1552 οὐχὶ
1383 1484 1508 1545 τοὺς
1540 1481 1736 1546 ἔξωθεν
1765 1482 1994 1552 βότρυας

423 1572 744 1641 ἐκτέμνουσι
797 1570 955 1642 μόνον
980 1609 995 1633 ,
1039 1568 1173 1623 ἀλλά
1216 1570 1309 1621 καὶ
1353 1568 1611 1638 ἐνδοτέρω
1650 1570 1882 1639 χωροῦσι
1926 1568 1994 1623 τὰ

425 1656 680 1727 κλήματα
717 1656 1087 1720 ἀνακλῶντες,
1120 1655 1212 1711 καὶ
1242 1654 1310 1707 τά
1344 1655 1518 1723 φύλλα
1550 1654 1991 1720 ἀναστέλλοντες,

422 1744 563 1798 ὥστε
584 1744 720 1816 μηδὲ
747 1742 950 1814 μικράς
967 1743 1239 1812 σταφυλῆς
1275 1744 1448 1813 ῥᾶγας
1477 1742 1580 1795 ὑπὸ
1607 1746 1718 1806 τοῖς
1745 1744 1994 1807 πετάλοις

422 1832 806 1902 κρυπτομένας
863 1831 1065 1884 λαθεῖν.
1131 1830 1223 1900 Μὴ
1273 1831 1449 1884 τοίνυν
1510 1832 1733 1884 ἐκείνων
1788 1832 1993 1902 φανῆτε

421 1919 801 1990 ρᾳθυμότεροι,
835 1917 969 1985 μηδέ
997 1917 1291 1986 ἀποστῆτε,
1328 1915 1433 1980 ἕως
1463 1915 1529 1971 ἂν
1554 1916 1614 1968 τὸ
1642 1918 1748 1969 πᾶν
1770 1915 1989 1984 λάϐητε·

422 2005 515 2058 καὶ
542 2005 794 2075 μάλιστα,
819 2006 901 2057 ὅτι
922 2003 1075 2074 ὁμὲν
1097 2003 1254 2065 πόνος
1286 2002 1437 2072 ἐμὸς,
1471 2004 1500 2055 ὁ
1532 2001 1588 2056 δὲ
1619 2004 1829 2075 καρπὸς
1862 2003 1995 2073 ὑμέ-

420 2103 595 2158 τερος.

491 2241 961 2310 Κατηγορήσαμεν
984 2239 1112 2309 χθές
1132 2239 1239 2293 τῶν
1260 2240 1552 2309 γυναικῶν,
1580 2241 1777 2312 μᾶλλον
1799 2243 1853 2295 δέ
1874 2243 1993 2315 οὐχὶ

420 2326 528 2380 τῶν
557 2326 850 2395 γυναικῶν,
882 2326 1016 2379 ἀλλά
1042 2329 1140 2399 τῆς
1164 2326 1327 2391 Εὔας,
1359 2330 1439 2383 ὃτι
1472 2330 1561 2384 διά
1591 2331 1688 2401 τῆς
1723 2332 1994 2401 ἁμαρτίας

421 2415 519 2484 τὴν
566 2414 809 2467 δουλείαν
858 2414 1169 2486 εἰσήγαγεν.
1227 2416 1446 2470 Εἷποιεν
1504 2417 1570 2471 ἀν
1627 2419 1683 2471 αί
1736 2423 1993 2487 γυναῖκες

426 2504 552 2573 ἡμῖν
583 2500 762 2565 ’Τίνος
796 2495 889 2573 οὖν
921 2500 1123 2565 ἕνεκεν,
1150 2503 1364 2573 ἐκείνης
1392 2505 1804 2579 ἀμαρτησάσης,
1835 2508 1993 2577 ἡμεῖς

423 2585 932 2655 κατεδικάσθημεν,
985 2588 1079 2640 καὶ
1123 2588 1184 2640 τὸ
1233 2589 1330 2658 μὲν
1376 2590 1728 2660 παράπτωμα
1774 2593 1991 2659 γέγονεν

423 2672 539 2735 ἐνὸς
572 2671 901 2743 προσώπου,
937 2672 997 2725 τὸ
1035 2672 1091 2725 δὲ
1132 2673 1384 2744 ἔγκλημα
1422 2676 1599 2728 κοινὸν
1641 2677 1741 2746 τῆς
1778 2678 1992 2745 φύσεως

422 2758 671 2829 ἀπάσης;
707 2758 878 2812 Τοῦτο
904 2760 997 2813 καὶ
1018 2758 1191 2813 δοῦλοι
1217 2759 1418 2814 εῐποιεν
1440 2762 1505 2815 ἀν
1524 2774 1537 2787 ⁸
1564 2760 1630 2816 Τί
1653 2764 1872 2832 δήποτε,
1896 2764 1989 2819 τοῦ

418 2845 645 2899 ’Χαναὰν
677 2846 757 2907 είς
807 2846 900 2898 τὸν
946 2848 1158 2918 πατέρα
1183 2847 1501 2920 ὑϐρίσαντος
1525 2890 1540 2912 ,
1571 2849 1639 2902 τά
1687 2850 1786 2918 τῆς
1819 2868 1991 2918 τιμω-

424 2933 545 3003 ρίας
573 2934 652 2995 είς
685 2932 830 2986 ἀπαν
855 2933 1003 3003 διέϐη
1037 2935 1095 2987 τδ
1123 2935 1305 3003 γένος;
1342 2937 1453 2989 Καὶ
1494 2938 1542 2989 οί
1576 2938 1699 2999 τοὺς
1726 2938 1991 3008 ἄρχοντας

420 3016 481 3071 δὲ
511 3017 675 3086 φοϐού
683 3035 831 3086 μενοι
852 3018 1009 3072 τοῦτο
1032 3020 1097 3072 ἀν
1123 3021 1455 3073 αίτ.άσαιντο
1478 3037 1492 3052 ο
1519 3021 1581 3073 Τί
1606 3022 1805 3088 δήποτε
1826 3062 1840 3082 ,
1879 3025 1993 3076 ἐτέ-

424 3122 531 3175 ρων
553 3104 612 3156 ἓν
640 3104 871 3175 πονηρίᾳ
894 3104 1193 3174 ζησάντων,
1218 3106 1374 3159 αὐτοὶ
1400 3106 1478 3177 τῷ
1513 3106 1661 3177 ζυγῷ
1688 3112 1785 3179 τῆς
1819 3110 1992 3181 ἀρχῆς

424 3190 825 3262 παρεδόθησαν;
854 3191 918 3244 Τί
943 3186 1035 3244 οὖν
1061 3191 1128 3244 ἂν
1153 3193 1399 3262 εἴποιμεν
1430 3194 1592 3263 ἡμεῖς
1621 3194 1756 3264 πρὸς
1774 3195 1991 3262 τούτους

422 3278 700 3341 ἀπανταςς
725 3277 840 3332 Μία
864 3276 972 3348 γάρ
1000 3276 1152 3332 ἔσται
1174 3279 1391 3332 πάντων
1416 3279 1745 3351 ζητημάτων
1767 3285 1800 3352 ἡ
1817 3282 1987 3347 λύσιςο

418 3365 499 3417 ὅτι
526 3365 774 3435 ἥμαρτον
798 3364 898 3434 μὲν
918 3366 968 3418 οί
996 3364 1272 3435 πρότεροι,
1290 3366 1384 3418 καὶ
1415 3365 1502 3419 διά
1519 3366 1618 3435 τῆς
1648 3368 1853 3431 οίκείας
1887 3385 1990 3422 πα-

421 3452 622 3521 ρακοῆς
670 3450 769 3522 τὴν
817 3450 1059 3505 δουλείαν
1108 3452 1401 3521 εἰσήγαγον
1428 3467 1443 3483 ·
1479 3452 1823 3523 είσαχθεῖσαν
1851 3455 1908 3508 δὲ
1941 3457 1989 3508 οί

421 3537 573 3609 [665]
603 3538 741 3607 μετά
764 3535 937 3590 ταῦτα
964 3540 1085 3600 ταῖς
1112 3539 1242 3609 παρ’
1277 3538 1482 3591 ἑαυτῶν
1514 3540 1797 3610 ἐκύρωσαν
1822 3543 1993 3614 ἀμαρ-

418 3625 579 3687 τίαις.
626 3623 690 3676 Et
736 3625 833 3695 μὲν
872 3623 982 3693 7&9
1019 3622 1194 3694 ἐχοιεν
1236 3625 1464 3685 ἑαυτοὺς
1497 3625 1666 3690 δεῖξαι
1702 3627 1991 3689 διαπαντὸς

422 3710 830 3781 ἁμαρτημάτων
871 3710 1029 3773 ὄντας
1074 3710 1380 3780 καθαροὺς,
1434 3711 1563 3775 ῖσως
1605 3713 1671 3766 ἂν
1702 3713 1785 3781 εἴη
1809 3715 1991 3776 αὐτοῖς

421 3795 603 3857 καλῶς
651 3795 826 3847 δοκεῖν
875 3795 1175 3861 ἀντιλέγειν
1201 3809 1215 3825 ο
1245 3797 1294 3848 εί
1336 3795 1393 3847 δὲ
1433 3797 1529 3848 καὶ
1572 3798 1726 3850 αὐτοὶ
1777 3798 1991 3861 πολλοῖς

421 3882 558 3932 εἰσιν
580 3880 873 3948 ἐπιτιμίοις
900 3879 1211 3943 ὑπεύθυνοι,
1234 3880 1463 3950 περιττὰ
1492 3882 1558 3935 τὰ
1579 3884 1677 3952 τῆς
1700 3883 1993 3945 ἀπολογίας

419 3967 621 4038 ταύτης
664 3968 831 4022 ἐστίν.
890 3966 1032 4035 Ἐγὼ
1058 3968 1169 4039 γὰρ
1197 3968 1297 4021 οὐκ
1332 3963 1520 4031 εἷπον,
1565 3969 1648 4022 ὅτι
1699 3970 1799 4040 ἠδη
1833 3970 1989 4041 μὲνὴ

421 4042 663 4126 ἁμαρτία
681 4054 923 4108 δουλείαν
944 4055 1045 4108 οὐκ
1074 4055 1299 4123 εἰσάγει,
1330 4054 1442 4108 ἀλλ’
1471 4056 1553 4108 ὅτι
1578 4059 1726 4109 πᾶσα
1750 4057 1992 4127 ἀμαρτία

420 4141 630 4213 δουλείᾳ
656 4140 1124 4212 συγκεκλήρωται,
1160 4140 1253 4194 καὶ
1282 4139 1444 4210 φύσιν
1472 4141 1763 4212 ἁμαρτίας,
1793 4142 1854 4194 οὐ
1876 4143 1991 4196 δια-

423 4229 595 4300 φοράν
616 4227 885 4298 ἀμαρτίας
902 4226 1213 4299 ᾐτιασάμην
1236 4226 1413 4297 μόνον.
1433 4228 1644 4297 Ὠσπερ
1664 4224 1757 4283 οὖν
1778 4229 1990 4282 ᾶπαντα

426 4322 525 4387 μὲν
575 4321 645 4374 τά
698 4320 892 4373 ἀνίατα
950 4320 1232 4389 νοσήματα
1287 4320 1367 4382 είς
1422 4317 1651 4373 θάνατον
1689 4319 1810 4388 ἄγει
1833 4359 1848 4382 ,
1894 4320 1993 4391 οὐχ

424 4410 637 4463 ἅπαντα
684 4409 740 4463 δέ
789 4409 891 4479 τῆς
933 4408 1102 4478 αὐτῆς
1145 4410 1261 4461 ἐστι
1309 4407 1522 4476 φύσεως
1553 4426 1568 4441 ·
1598 4409 1739 4463 οὕτω
1786 4412 1881 4463 καὶ
1922 4410 1993 4464 τά

425 4504 793 4573 ἁμαρτήματα
819 4504 1032 4556 ἅπαντα
1057 4501 1156 4571 μὲν
1176 4500 1418 4555 δουλείαν
1446 4503 1637 4567 τίκτει,
1654 4504 1752 4575 οὐχ
1779 4504 1992 4558 ἅπαντα

420 4593 479 4646 δὲ
506 4593 603 4663 τῆς
634 4593 803 4661 αὐτῆς
830 4594 946 4645 ἐστι
982 4591 1217 4660 φύσεως.
1248 4592 1532 4664 Ἦμαρτεν
1550 4595 1583 4663 ἡ
1600 4593 1712 4647 Εὕα
1740 4596 1990 4666 ἁψαμένη

424 4678 518 4732 τοῦ
571 4678 761 4745 ξύλου,
809 4678 903 4731 καὶ
949 4677 1244 4747 κατεκρίθη
1294 4677 1361 4730 δι’
1410 4678 1559 4731 αὑτό.
1604 4681 1702 4731 Διά
1726 4679 1883 4733 τοῦτο
1917 4682 1991 4750 μὴ

425 4766 747 4835 ἀμαρτήσης
780 4764 844 4816 σὺ
875 4763 1035 4817 πάλιν
1065 4763 1256 4832 ἑτέραν
1287 4763 1416 4827 ἴσως
1462 4766 1675 4835 ἐκείνης
1720 4766 1994 4836 ἁμαρτίαν

424 4848 828 4927 χαλεπωτέραν.
858 4855 1028 4908 Τοῦτο
1053 4854 1148 4908 καὶ⁵
1174 4854 1266 4906 ἐπὶ
1282 4853 1392 4907 τῶν
1406 4854 1607 4907 δούλων
1628 4855 1775 4919 ἀξιον
1795 4858 1992 4922 ειπεῖν,

423 4946 578 5001 τοῦτο
610 4947 704 5000 καὶ
744 4947 836 5000 ἐπὶ
873 4946 979 4999 τῶν
1016 4944 1332 5017 ἀρχομένων
1355 4986 1369 5007 ,
1396 4945 1477 4999 δτι
1506 4947 1795 5016 εἰσήγαγον
1822 4948 1918 5017 μὲν
1945 4948 1995 5001 οί

425 5038 628 5111 πρῶτοι
658 5038 755 5109 τὴν
786 5037 1080 5109 ἀμαρτίαν,
1106 5038 1154 5089 ot
1182 5036 1237 5088 δέ
1272 5036 1388 5106 μετ’
1419 5036 1659 5099 ἐκείνους
1677 5036 1995 5106 διαδεξάμε-

425 5148 505 5185 νοι
559 5130 823 5199 κατέσχον
872 5129 969 5197 τῆς
1028 5127 1343 5193 δεσποτείας
1394 5127 1492 5198 τὴν
1544 5128 1769 5199 δύναμιν
1811 5128 1879 5182 δι’
1922 5121 1997 5185 ὧν

424 5222 869 5293 ἐπλημμέλησαν.
899 5221 1045 5291 Ἐχω
1068 5220 1161 5275 καὶ
1194 5220 1390 5289 ἑτέρως
1421 5218 1888 5288 ἀπολογήσασθαι·
1915 5220 1996 5273 ὅτι

426 5314 608 5366 πολλοὶ
628 5313 761 5383 πρὸς
790 5310 985 5383 ἀρετὴν
1012 5310 1393 5373 ἐπανελθόντες
1415 5350 1430 5369 .
1469 5310 1858 5380 ἀπηλλάγησαν
1898 5311 1998 5380 τῆς

426 5401 760 5464 δεσποτείας.
817 5402 924 5453 Καὶ
951 5400 1240 5470 πρότερον,
1275 5401 1324 5451 εί
1354 5398 1527 5460 δοκεῖ,
1558 5399 1649 5450 ἐπὶ
1677 5399 1786 5451 τῶν
1810 5415 1997 5466 γυναιο

428 5491 539 5544 κῶν
565 5494 654 5543 τον
684 5491 841 5557 λόγον
862 5488 1225 5559 γυμνάσωμεν
1245 5530 1258 5548 .
1296 5490 1361 5542 ἵν’
1395 5489 1510 5561 ἴδῃς
1535 5488 1652 5553 πῶς
1675 5491 1703 5542 ὁ
1729 5490 1997 5560 μακάριος

401 5580 637 5655 εῐῐαῦλος
659 5620 674 5641 .
707 5582 737 5635 ό
767 5580 1010 5652 περιθεὶς
1044 5580 1235 5644 αὐταῖς
1272 5578 1343 5634 τὰ
1389 5578 1564 5650 δεσμά
1584 5618 1600 5644 ,
1650 5579 1811 5643 αὐτὸς
1856 5580 1997 5634 αύτά

403 5671 589 5745 ’πάλιν
615 5671 803 5738 ἀνῆκε.
830 5670 905 5744 ει
931 5687 1020 5741 τις
1055 5668 1234 5741 γυνὴ,
1271 5669 1458 5742 φησιν,
1488 5669 1679 5743 ἆνδρα
1701 5671 1828 5743 ἔχει
1854 5672 1990 5729 ἁπι-

1626 327 1694 381 ΙΝ
1730 326 2032 382 GENESIM
2063 327 2298 385 SERMO
2335 330 2400 383 V.

3562 345 3669 404 600

2102 458 2272 503 στον,
2300 442 2399 495 καὶ
2417 442 2598 508 αὐτὸς
2624 441 2982 496 συνευδοκεῖ
2998 440 3185 496 οἰκεῖν
3204 444 3335 512 μετ’
3363 443 3570 510 αὐτῆς,
3583 445 3669 512 μὴ

2097 528 2315 596 ἀφιέτω
2341 530 2548 584 αὐτόν.
2576 529 2676 581 Διά
2699 530 2783 595 τί;
2813 528 2879 582 Τί
2896 530 3007 597 γὰρ
3032 530 3199 596 οἶδας
3217 568 3232 593 ,
3262 530 3455 599 γύναι.
3486 533 3536 583 εί
3566 530 3669 584 τὸν

2098 614 2286 681 ἄνδρα
2312 615 2569 681 σώσεις;
2594 618 2704 669 Καὶ
2722 615 2857 679 πῶς,
2876 616 3030 684 φησὶ,
3056 616 3275 669 δύναται
3310 616 3481 668 σῶσαι
3510 615 3668 687 γυνής

2097 702 2431 754 Διδάσκουσα
2455 742 2469 761 .
2494 702 2806 772 κατηχοῦσα
2826 743 2840 765 ,
2867 702 3137 769 ἐνάγουσα
3170 702 3305 769 πρὸς
3331 702 3420 754 τὸν
3450 701 3550 770 τῆς
3583 706 3665 754 50-

2100 787 2315 849 σεϐείας
2342 788 2518 854 λόγον.
2538 788 2727 841 Καίτοι
2744 788 2890 857 χθὲς,
2908 781 2952 840 ὧ
2977 789 3209 857 μακάριε
3237 787 3434 847 Παῦλε,
3466 788 3668 855 ἔλεγες,

2097 873 2179 925 ὅτι
2224 874 2473 925 er-aud
2521 873 2831 927 διδάσκειν
2880 877 2989 927 οὐκ
3030 874 3340 941 ἐπιτρέπω.
3403 874 3523 937 Πῶς
3577 872 3669 929 οὖν

2099 961 2262 1013 πάλιν
2290 961 2608 1014 διδάσκαλον
2640 963 2807 1034 αὐτὴν
2842 966 3011 1027 ποιεῖς
3042 963 3136 1016 τοῦ
3158 964 3378 1033 ἀνδρός;
3401 964 3535 1033 Οὐχὶ
3563 981 3669 1033 μα-

2098 1047 2324 1116 χόμενος
2357 1047 2576 1117 ἐμαυτῷ
2598 1048 2753 1100 τοῦτο
2781 1048 2938 1111 ποιῶ,
2986 1049 3118 1101 ἀλλὰ
3161 1051 3253 1101 καὶ
3289 1050 3492 1118 σφόδρα
3532 1065 3657 1118 συμ-
3732 1105 3743 1112 ,

2097 1132 2308 1200 φωνῶν.
2334 1134 2530 1185 ’Ἄκουε
2561 1133 2690 1200 γοῦν
2722 1138 2815 1187 καὶ⁸
2843 1135 2986 1198 τίνος
3009 1136 3193 1187 ἕνεκεν
3223 1136 3392 1204 αὐτὴν
3424 1135 3666 1199 ἐξέϐαλε,

2097 1221 2191 1271 καὶ
2212 1219 2353 1280 τίνος
2385 1220 2570 1271 ἕνεκεν
2600 1220 2766 1290 αὐτὴν
2804 1221 2963 1274 πάλιν
2994 1221 3255 1288 ἐπανάγει
3286 1221 3419 1289 πρὸς
3446 1222 3536 1273 τὸν
3568 1221 3667 1290 τῆς

2096 1305 2442 1370 διδασκαλίας
2484 1306 2690 1377 θρόνον,
2739 1308 2824 1359 ἵνα
2875 1307 3049 1378 μάθῃς
3081 1308 3181 1376 τὴν
3210 1308 3418 1360 Παύλου
3456 1308 3664 1375 σοφίαν.

2096 1391 2459 1456 Διδωκέτω,
2521 1394 2718 1461 φησιν,
2754 1396 2785 1446 ὀ
2826 1392 2998 1461 ἀνήρ.
3061 1393 3157 1445 Διά
3204 1394 3290 1458 τί;
3350 1395 3470 1446 Οὐκ
3510 1395 3668 1461 ﬂua-

2093 1479 2245 1546 τήθη
2306 1479 2437 1549 γάρ.
2520 1480 2693 1547 Ἀδὰμ
2732 1480 2878 1548 γὰρ,
2939 1482 3132 1548 φησὶν,
3210 1483 3319 1533 οὐκ
3367 1480 3664 1549 ἠπατήθη.

2095 1565 2484 1628 Μανθανέτω,
2528 1568 2724 1637 φησὶν,
2770 1567 2807 1632 ἡ
2843 1565 3041 1636 γυνη.
3073 1566 3170 1619 Διά
3217 1566 3303 1630 τί;
3362 1564 3666 1632 Ἦπατήθη

2092 1651 2221 1720 γάρ.
2263 1652 2323 1703 Ἡ
2353 1651 2489 1722 γυνὴ
2533 1653 2661 1721 γὰρ,
2692 1654 2874 1719 φησιν,
2904 1652 3245 1722 ἀπατηθεῖσα
3272 1654 3328 1704 ἐν
3358 1652 3667 1723 παραϐάσει

2093 1738 2340 1805 γέγονεν.
2404 1737 2667 1790 Ἐνταῦθα
2710 1737 2766 1790 δὲ
2807 1738 2867 1790 τὸ
2910 1737 3172 1792 ἐναντίον.
3226 1738 3394 1790 Ὅταν
3426 1738 3523 1805 μὲν
3558 1737 3668 1808 γάρ

2094 1824 2322 1886 ἄπιστος
2367 1820 2400 1898 ᾖ
2450 1826 2479 1876 ὁ
2527 1824 2684 1895 ἀνὴρ,
2740 1825 2904 1894 πιστὴ
2948 1824 3003 1877 δὲ
3059 1825 3093 1893 ἡ
3146 1822 3302 1892 γυνὴ.
3349 1824 3664 1884 διδασκέτω,

2095 1910 2291 1978 φησὶν,
2331 1911 2365 1979 η
2408 1909 2565 1978 γυνή.
2612 1908 2712 1961 Διά
2745 1909 2834 1973 τί;
2869 1909 2990 1961 Ὅτι
3022 1909 3123 1960 ούκ
3150 1910 3422 1977 ὴπάτηται
3449 1924 3464 1941 ο
3500 1909 3666 1982 πιστὴ

2092 1999 2200 2069 γάρ
2226 2002 2361 2053 ἐστι.
2393 1997 2725 2052 Μανθανέτω
2754 1998 2929 2050 τοίνυν
2969 1998 2997 2048 ὁ
3021 1998 3158 2068 ἀνήρ
3184 2010 3199 2024 '
3232 1996 3485 2066 ἠπατήθη
3515 1997 3624 2067 γάρ
3649 2011 3664 2027 ⁸

2092 2084 2319 2146 ἄπιστος
2359 2084 2465 2154 γάρ
2499 2085 2667 2137 ἐστιν.
2725 2084 3093 2153 Ἀντεστράφη
3117 2121 3131 2143 ,
3164 2084 3326 2151 φησι,
3358 2082 3425 2134 τά
3454 2083 3550 2153 τῆς
3585 2083 3667 2135 δι-

2091 2170 2386 2233 δασκαλίας
2416 2184 2430 2198 °
2460 2170 2848 2240 ἀντεστράφθω
2882 2169 3066 2222 λοιπὸν
3104 2170 3199 2222 καὶ
3235 2168 3305 2221 τὰ
3344 2169 3442 2239 τῆς
3477 2169 3669 2222 δεσποφ

2090 2257 2262 2318 τείας.
2304 2253 2453 2319 Εἶδες
2491 2256 2607 2319 πῶς
2653 2256 2927 2325 πανταχοῦ
2978 2256 3039 2308 ού
3089 2258 3155 2326 τῇ
3203 2256 3359 2322 φύσει
3383 2294 3399 2317 ,
3433 2255 3567 2325 ἀλλά
3597 2258 3663 2327 τῇ

2090 2345 2277 2416 ἀπάτῃ
2304 2345 2396 2399 καὶ
2419 2348 2483 2415 τῇ
2515 2347 2756 2415 ἁμαρτίᾳ
2782 2346 3020 2401 δείκνυσι
3050 2346 3148 2415 τὴν
3181 2345 3422 2400 δουλείαν
3449 2345 3667 2398 ἀκολου⁶

2092 2427 2513 2495 θοῦσαν;⁷Ηλθε
2550 2433 2732 2485 τοίνυν
2783 2433 2918 2501 πρὸς
2963 2428 3062 2501 τὴν
3114 2435 3343 2498 γυναῖκα
3395 2434 3428 2501 ἡ
3483 2433 3663 2502 ἀπάτη

2091 2518 2243 2581 παρὰ
2272 2517 2370 2586 τὴν
2398 2519 2593 2589 ἀρχὴν.
2629 2518 2960 2588 ἠκολούθησε
2991 2522 3057 2589 τῇ
3090 2522 3276 2591 ἀπάτῃ
3306 2521 3338 2588 ἠ
3373 2519 3661 2588 ύποταγή’

2093 2607 2328 2675 μετέστη
2353 2605 2488 2674 μετὰ.
2512 2605 2682 2659 ταῦτα
2705 2606 2837 2677 πρὸς
2858 2606 2948 2659 τὸν
2961 2607 3176 2677 ἀνδραή
3198 2608 3402 2677 ἀπάτη,
3430 2605 3663 2675 μετέστη

2089 2692 2183 2744 καὶ
2206 2693 2239 2762 ή
2261 2692 2522 2763 ύποταγή.
2546 2694 2654 2746 Καὶ
2672 2692 2922 2764 καθάπερ
2938 2697 2994 2746 ἐν
3015 2696 3152 2764 ἀρχῇ
3176 2694 3254 2763 τῷ
3271 2694 3422 2764 ἀνδρὶ
3441 2693 3538 2763 τὴν
3561 2709 3665 2745 σω-

2087 2798 2153 2850 τη
2164 2781 2283 2852 ρίαν
2294 2784 2392 2851 τῆς
2408 2782 2661 2850 γυναικὸς
2676 2784 3069 2846 ἐνεπίστευσεν,
3084 2785 3269 2851 ἐπειδὴ
3286 2785 3382 2835 οὐκ
3394 2784 3660 2851 ἠπάτητο,

2088 2868 2286 2920 οὑτωσὶ
2319 2868 2492 2934 λέγων
2513 2907 2527 2926 .
2560 2869 2713 2935 Πρὸς
2740 2869 2846 2922 τὸν
2868 2869 3056 2935 ἄνδρα
3084 2888 3200 2923 σου
3224 2871 3262 2934 ἠ
3311 2866 3661 2937 ἀποστροφή

2092 2970 2227 3022 σου,
2244 2952 2341 3006 καὶ
2363 2954 2540 3018 αὐτός
2563 2968 2678 3007 σου
2696 2956 2994 3021 κυριεύσει
3014 2971 3027 2982 '
3048 2956 3188 3007 οὕτω
3211 2957 3304 3008 καὶ
3319 2956 3548 3007 ἐνταῦθα
3573 2956 3663 3008 ἐπὶ

2090 3041 2188 3109 τῆς
2220 3040 2414 3108 πιστῆς
2441 3040 2539 3108 τῆς
2566 3040 2654 3092 τὸν
2677 3039 2903 3092 ἄπιστον
2932 3041 3097 3111 ἄνδρα
3129 3041 3358 3111 ἐχούσης
3380 3083 3394 3106 ,
3426 3042 3522 3112 τὴν
3556 3058 3662 3095 σω·-

2090 3125 2285 3197 τηρίαν
2333 3125 2427 3178 τοῦ
2474 3125 2662 3194 ἀνδρὸς
2703 3127 3020 3195 ἐμπιστεύει
3057 3128 3123 3197 τῇ
3174 3129 3411 3195 γυναικὶ,
3439 3126 3609 3195 λέγων
3644 3143 3659 3158 ·

2091 3210 2241 3284 [6661
2278 3212 2338 3266 Τί
2368 3213 2478 3282 γὰρ
2514 3209 2698 3278 οἶδας,
2741 3215 2935 3281 γύναι,
2970 3216 3019 3266 εί
3050 3214 3156 3266 τὸν
3187 3213 3372 3280 ἄνδρα
3411 3213 3629 3278 σώσεις
3642 3230 3662 3277 ;

2091 3299 2156 3351 Τί
2187 3298 2387 3370 ταύτης
2412 3300 2513 3370 τῆς
2541 3299 2863 3363 ἀποδείξεως
2887 3299 3214 3372 σαφέστερον
3244 3301 3435 3369 γένοιτ’
3454 3301 3538 3363 ἂν,
3566 3299 3660 3352 τοῦ

2092 3386 2166 3463 μὴ
2191 3388 2257 3456 τῇ
2292 3385 2449 3454 φύσει
2472 3386 2565 3457 τὴν
2586 3386 2848 3447 δουλείαν,
2883 3387 3020 3439 ἀλλά
3042 3392 3106 3457 τῇ
3130 3388 3372 3457 ἁμαρτίᾳ.
3394 3385 3618 3439 ἔπεσθαι
3643 3402 3659 3453 ;

2089 3472 2259 3527 Τοῦτο
2305 3473 2400 3526 καὶ
2447 3473 2539 3525 ἐπὶ
2592 3471 2699 3525 τῶν
2747 3472 2949 3526 δούλων
3001 3473 3144 3526 ἔστιν
3200 3475 3392 3527 εἰπεῖν.
3439 3473 3662 3538 Δοῦλος

2087 3562 2349 3628 ἐκλήθης
2366 3580 2387 3625 ;
2405 3561 2501 3627 Μή
2532 3576 2631 3615 σοι
2648 3562 2898 3629 μελέτω.
2929 3563 3089 3634 Ὁρᾷς
3108 3562 3225 3625 πῶς
3246 3562 3402 3616 πάλιν
3424 3562 3662 3615 δείκνυσι

2088 3646 2240 3715 ψιλὸν
2267 3646 2438 3716 ὄνομα
2482 3647 2581 3716 τὴν
2620 3647 2863 3701 δουλείαν
2894 3643 3060 3700 οὖσαν
3079 3688 3093 3711 ,
3120 3653 3250 3703 όταν
3275 3649 3441 3719 ἀρετὴ
3473 3650 3620 3718 παρῇ
3643 3663 3660 3713 ;

2102 3733 2255 3786 Ἀλλ’
2288 3734 2342 3784 ει
2371 3732 2467 3787 καί
2503 3732 2758 3786 δύνασαι
2783 3734 3095 3800 ἐλεύθερος
3115 3735 3408 3804 γενέσθαι,
3426 3734 3665 3803 μᾶλλον

2090 3816 2334 3884 χρῆσαι,
2368 3816 2638 3879 τουτέστι,
2698 3817 2897 3886 μᾶλλον
2941 3820 3068 3886 μένε
3096 3821 3153 3871 ἐν
3185 3822 3250 3888 τῇ
3282 3819 3511 3890 δουλείᾳ.
3562 3819 3663 3873 Διά

2089 3903 2179 3967 τί;
2215 3902 2280 3955 '0
2301 3902 2412 3970 γὰρ
2432 3902 2503 3955 ὲν
2532 3904 2727 3969 Κυρίῳ
2760 3904 3006 3971 κληθείς
3044 3904 3297 3970 δοῦλος,
3341 3905 3663 3959 ἀπελεύθε-

2084 4006 2194 4057 ρος
2222 3990 2443 4057 Κυρίου
2488 3990 2681 4044 ἐστίν.
2724 3986 2878 4054 Εἶδες
2936 3992 3097 4061 μέχρι
3144 3993 3511 4064 προσηγορίας
3562 3993 3662 4063 τὴν

2090 4074 2333 4128 δουλείαν
2355 4115 2371 4139 ,
2399 4076 2457 4128 ἐν
2485 4076 2564 4147 τῷ
2601 4077 2887 4148 πράγματι
2915 4077 2972 4131 δὲ
3005 4079 3103 4148 τὴν
3128 4077 3473 4149 ἐλευθερίαν;
3504 4078 3661 4143 Τίνος

2090 4162 2147 4216 δὲ
2183 4164 2369 4217 ἕνεκεν
2402 4163 2580 4234 ἀφῆκε
2624 4164 2804 4235 μένειν
2831 4163 3046 4231 δούλον;
3078 4165 3197 4218 Ἵνα
3225 4168 3322 4236 τῆς
3354 4166 3665 4237 ἐλευθερίας

2095 4252 2272 4325 μάθῃς
2312 4253 2412 4323 τὴν
2458 4254 2794 4323 περιουσίαν.
2837 4253 3045 4324 ’Ὠσπερ
3082 4253 3190 4326 γὰρ
3216 4254 3311 4307 τοῦ
3343 4255 3531 4308 σϐέσαι
3563 4256 3662 4325 τὴν

2092 4341 2319 4410 κάμινον
2346 4339 2445 4409 τὴν
2472 4340 2565 4392 ἐπὶ
2592 4339 2699 4393 τῶν
2729 4339 2897 4411 τριῶν
2938 4339 3145 4394 παίδων
3174 4340 3308 4394 πολὺ
3354 4342 3660 4413 θαυμαστό-

2091 4442 2247 4497 τερον
2281 4421 2349 4497 ἦν
2392 4425 2452 4479 τὸ
2501 4425 2769 4496 μενούσης
2812 4428 2985 4497 αὐτῆς
3031 4427 3189 4498 ἀσινῆ
3232 4428 3556 4501 διατηρῆσαι
3591 4430 3661 4485 τά

2094 4512 2350 4581 σώματα·
2374 4511 2516 4564 οὕτω
2545 4511 2641 4565 τοῦ
2678 4512 2839 4566 λῦσαι
2879 4514 2976 4584 τὴν
3009 4514 3250 4568 δουλείαν
3288 4515 3347 4566 τὸ
3394 4518 3659 4586 μενούσης

2092 4598 2262 4667 αὐτῆς
2298 4596 2468 4663 δεῖξαι
2510 4597 2609 4670 τὴν
2638 4598 2948 4670 ἐλευθερίαν
2982 4600 3161 4669 πολλῷ
3196 4599 3379 4669 μεῖζόν
3414 4604 3528 4652 ἐστι
3566 4602 3660 4653 καὶ⁹

2093 4687 2545 4758 θαυμαστότερον.
2609 4689 2707 4741 Διὰ
2751 4688 2908 4741 τοῦτό
2954 4706 3146 4759 φησιν·
3206 4691 3275 4744 El
3326 4688 3425 4742 καί
3478 4688 3659 4742 δύνασ-

2092 4795 2197 4843 gat
2232 4779 2546 4847 ἐλεύθερος
2591 4778 2888 4849 γενέσθαι,
2923 4779 3164 4849 μᾶλλον
3198 4778 3419 4849 χρῆσαι
3441 4797 3454 4810 ·
3501 4796 3658 4834 τουτ-

2093 4869 2229 4935 έστι,
2268 4871 2396 4941 μένε
2424 4870 2606 4937 δοῦλος
2636 4888 2651 4903 ο
2692 4872 2789 4942 τὴν
2813 4870 2920 4943 γὰρ
2948 4870 3316 4943 ἀληθεστάτην
3342 4871 3485 4943 ἐχεις
3506 4871 3658 4927 ἐλευ-

2095 4960 2303 5033 θερίαν.

2168 5128 2233 5199 β¹.
2257 5128 2444 5184 Βούλει
2464 5130 2557 5184 καὶ
2574 5130 2665 5183 ἐπὶ
2688 5128 2797 5183 τῶν
2825 5128 3097 5200 ἀρχόντων
3107 5128 3262 5182 τοῦτο
3296 5128 3452 5196 ίδεῖνς
3493 5127 3656 5182 Βασι-

2094 5219 2219 5283 λεὺς
2249 5216 2317 5290 ἦν
2347 5222 2376 5273 ὁ
2404 5220 2869 5291 Ναϐουχοδονόσορ
2888 5262 2902 5283 ,
2952 5220 3047 5273 καὶ
3078 5218 3177 5290 τὴν
3218 5219 3448 5288 κάμινον
3485 5218 3657 5287 ἀνῆψε

2099 5312 2236 5381 μετά
2260 5312 2461 5381 πολλῆς
2480 5312 2579 5382 τῆς
2604 5312 2982 5383 σφοδρότητος,
3010 5312 3105 5364 καὶ
3132 5311 3258 5372 τοὺς
3285 5311 3431 5379 τρεῖς
3461 5308 3658 5372 παῖδας

2096 5400 2176 5462 είς
2217 5398 2381 5470 μέσον
2410 5402 2718 5471 παρήγαγε,
2756 5400 2927 5463 νέους,
2953 5401 3210 5470 ἐρήμους,
3238 5396 3488 5465 οὐδεμίαν
3514 5396 3656 5465 ἐχονο

2094 5508 2193 5553 τας
2226 5492 2559 5563 προστασίαν
2583 5533 2598 5555 ,
2622 5490 2839 5554 δούλους
2860 5529 2876 5554 ,
2922 5487 3297 5558 αἰχμαλώτους
3314 5526 3331 5551 ,
3379 5484 3656 5548 ἀπόλιδας.

2094 5583 2204 5637 Καὶ
2227 5584 2278 5636 τί
2313 5600 2509 5655 φησιν;
2541 5585 2609 5638 El
2630 5581 2885 5652 ἀληθῶς,
2919 5579 3173 5649 Σεὸρὰκ,
3206 5579 3436 5640 Μισὰκ.
3478 5578 3660 5632 Ἁϐὂεο

2096 5673 2276 5745 Υαγὼ,
2311 5674 2434 5742 τοῖς
2456 5673 2614 5741 θεοῖς
2632 5692 2752 5746 μου
2770 5675 2844 5730 οὐ
2868 5673 3182 5743 λατρεύετε
3200 5711 3215 5739 ,
3247 5671 3343 5727 καὶ
3371 5671 3444 5741 τῇ
3477 5674 3659 5729 εικόνι
