4146 6260
517 470 597 538 τῇ
645 465 866 536 χρυσῇ,
911 459 954 537 ᾖ
992 463 1244 530 ἕστησα,
1290 463 1363 515 οὐ
1409 459 1831 527 προσκυνεῖτε;
1881 458 1945 510 Τί
1993 453 2086 512 οὖν

519 537 752 616 ἐκείνοις
801 549 1005 601 Θέασαι
1046 544 1163 608 πῶς
1202 543 1402 605 αὐτοὺς
1442 545 1476 612 ὴ
1512 539 1680 612 ἁρετὴ
1713 537 2088 608 αἰχμαλώτους

517 634 678 695 ὄντας
728 628 1182 700 βασιλικωτὲρους
1223 624 1444 694 ἐποίησε
1491 623 1586 676 τοῦ
1646 621 1906 692 βασιλέως
1929 661 1943 684 ,
1994 622 2086 674 καὶ

517 715 845 786 ὑψηλότερον
887 710 1064 764 αὐτῶν
1111 709 1275 772 ἔδειξε
1319 709 1381 761 τὸ
1431 708 1702 778 φρόνημα.
1745 706 1819 757 Οὑ
1869 705 1979 774 γὰρ
2009 703 2085 766 ὡς

517 798 727 868 βασιλεί
763 795 1154 863 διαλεγόμενοι,
1186 792 1300 845 ἀλλ’
1334 791 1523 860 ῶσπερ
1558 792 1690 859 πρὸς
1725 790 1961 856 ὑπήκοον
1993 787 2083 838 τὸν

513 880 670 948 λόγον
705 879 956 948 ἔχοντες,
983 877 1127 929 οὕτω
1173 875 1308 945 μετά
1352 875 1662 944 παρρησίας
1707 871 2076 940 άπεκρίνοντο.

515 965 599 1016 Οὐ
634 963 822 1030 χρεία,
863 960 1047 1029 φασὶν,
1077 960 1251 1012 ἐστὶν
1291 957 1436 1025 ἡμῖν
1475 956 1605 1023 περὶ
1661 955 1766 1008 τοῦ
1816 952 2082 1021 ῥήματος

509 1045 724 1098 τούτου
755 1043 1148 1112 ἀποκριθῆναι
1180 1041 1259 1107 τῷ
1280 1039 1550 1105 βασιλεῖ.
1581 1040 1654 1091 Οὑ
1682 1038 1768 1090 διὰ
1799 1038 2078 1106 ῥημάτων,

507 1127 645 1180 ἀλλά
663 1128 748 1180 διά
769 1126 1107 1197 πραγμάτων
1130 1123 1466 1193 ποιησόμεθα
1487 1122 1584 1190 τὴν
1608 1118 2081 1183 ἀπόδειξιν.Ἕστι

509 1209 653 1275 Θεὸς
674 1211 743 1263 ἐν
763 1207 994 1276 οὐρανῷ
1017 1205 1273 1270 δυνατὸς
1293 1203 1604 1268 ἐξελέσθαι
1620 1201 1794 1269 ἡμᾶς.
1823 1201 2078 1269 Ἀνέμνη-

508 1308 606 1344 σαν
645 1291 802 1344 αὑτὸν
838 1291 936 1358 τῆς
976 1289 1068 1342 ἐπὶ
1117 1286 1210 1340 τοῦ
1241 1285 1438 1354 Δανιὴλ
1475 1284 1816 1353 εὐεργεσίας,
1850 1281 1987 1334 αὑτά
2009 1280 2076 1334 τά

507 1375 726 1444 ῥήματα
759 1373 1039 1434 εἰπόντες,
1086 1370 1230 1441 ἀπερ
1273 1371 1301 1421 6
1348 1368 1636 1438 προφήτης
1680 1361 1799 1418 εἷπε
1839 1366 1980 1418 τότε.
2013 1363 2077 1416 Τί

502 1455 612 1524 γὰρ
641 1457 845 1516 ἐκεῖνος
875 1454 1089 1520 ἐλεγεν;
1139 1453 1260 1503 Οὐκ
1293 1450 1422 1502 ἐστι
1443 1447 1650 1516 μάγων
1679 1445 2034 1514 Γαζαρηνῶν
2055 1485 2072 1510 ,

500 1539 814 1592 Χαλδαίων
839 1537 903 1588 τὸ
933 1531 1126 1603 ῥῆμα,
1157 1532 1189 1585 ὃ
1224 1536 1256 1586 ό
1277 1530 1579 1595 ,ϐασιλεὺς
1603 1531 1846 1584 ἀπαιτεῖ
1879 1548 1892 1561 ·
1936 1531 2072 1583 ἀλλ’

500 1620 634 1673 ἐστι
668 1619 810 1682 Θεὸς
847 1619 915 1670 ἐν
949 1614 1225 1683 οὐρανοῖς
1271 1614 1714 1666 ἀποκαλύπτων
1749 1611 2070 1681 μυστήρια.

501 1700 715 1769 Ταύτης
746 1696 837 1753 οὖν
865 1699 1024 1751 αὑτὸν
1054 1697 1526 1765 ἀναμιμνήσκουσι
1564 1695 1661 1763 τῆς
1688 1694 1868 1763 φωνῆς
1891 1735 1905 1758 ,
1932 1695 2071 1747 ὥστε

501 1784 724 1852 ποιῆσαι
781 1780 1204 1848 ἐπιεικέστερον.
1261 1773 1395 1830 Εἶτά
1450 1792 1618 1846 φησι·
1653 1777 1761 1830 Καὶ
1806 1778 1914 1830 ἐὰν
1961 1778 2070 1846 μὴ,

499 1864 770 1934 γνωστὸν
807 1864 960 1917 ἕστω
989 1878 1084 1914 σοι
1105 1897 1118 1920 ,
1146 1859 1409 1923 ,ϐασιλεῦ
1429 1899 1443 1922 ,
1479 1858 1567 1911 ὅτι
1596 1858 1719 1924 τοῖς
1758 1858 1913 1922 θεοῖς
1954 1875 2070 1912 σου

500 1948 571 2000 οὐ
597 1946 962 2012 λατρεύομεν
981 1983 994 2005 ,
1037 1943 1133 1994 καὶ
1164 1940 1236 2007 τῇ
1261 1943 1442 1993 εἰκόνι
1466 1939 1539 2008 τῇ
1569 1939 1770 2008 χρυσῇ
1789 1981 1802 2002 ,
1895 1941 2072 2007 ἔστη.

497 2043 653 2093 σας,
708 2029 778 2081 οὐ
833 2023 1315 2093 προσκυνοῦμεν.
1357 2023 1494 2092 Ὅρα
1549 2022 1736 2090 σοφίαν
1783 2023 1889 2076 τῶν
1935 2024 2069 2075 νέων

494 2110 738 2162 ἐκείνων.
781 2110 897 2162 Ἵνα
932 2108 1029 2178 μὲν
1061 2106 1168 2176 γάρ
1201 2106 1274 2176 μὴ
1300 2105 1642 2171 καταγνῶσιν
1667 2105 1948 2157 ἀσθένειαν
1974 2103 2067 2156 τοῦ

492 2191 628 2244 Θεοῦ
657 2194 705 2244 οἱ
729 2191 849 2244 τότε
874 2191 1160 2260 παρόντες,
1179 2192 1228 2240 εί
1251 2187 1492 2258 συμϐαίη
1519 2187 1847 2255 ἐμπεσόντας
1873 2187 2069 2249 αὐτοὺς

491 2277 573 2339 εἰς
597 2275 694 2346 τὴν
722 2276 949 2345 κάμινον
976 2271 1287 2332 ἀποθανεῖν,
1324 2270 1683 2341 προλαϐόντες
1713 2268 2068 2339 ὡμολόγησαν

490 2360 654 2412 αὑτοῦ
707 2359 808 2428 τὴν
847 2357 1108 2426 δύναμιν,
1156 2356 1418 2417 εἰπόντες,
1480 2354 1561 2406 ὅτι
1616 2353 1781 2405 Ἔστι
1820 2350 1964 2416 Θεὸς
1998 2351 2071 2404 ἐν

489 2440 742 2508 οὐρανῷ.
775 2440 843 2505 ὃς
879 2439 1127 2492 δύναται
1164 2437 1478 2501 ἐξελέσθαι
1509 2433 1671 2504 ἡμᾶς
1719 2450 1732 2463 ·
1775 2435 1862 2487 ἵνα
1899 2434 1956 2486 δὲ
1993 2433 2067 2505 μὴ

490 2524 655 2577 πάλιν
692 2524 1046 2590 διαφυγόντες
1074 2523 1174 2591 τὴν
1196 2519 1390 2586 φλόγα,
1424 2517 1750 2588 νομισθῶσιν
1773 2518 1868 2570 ἐπὶ
1891 2517 2066 2586 μισθῷ

489 2607 586 2659 καὶ
631 2605 830 2674 ἀμοιϐῇ
873 2603 950 2672 τῷ
989 2603 1108 2672 Θεῴ
1153 2602 1447 2660 δουλεύειν,
1485 2602 1763 2670 ἐπήγαγον
1787 2641 1801 2664 ,
1833 2601 1914 2652 ὅτι
1955 2601 2066 2652 Καὶ

486 2689 596 2741 ἐὰν
627 2688 708 2753 μὴ
738 2727 752 2750 ,
786 2686 1059 2755 γνωστὸν
1091 2684 1246 2738 ἔστω
1284 2699 1382 2738 σοι
1403 2723 1417 2746 ,
1462 2682 1766 2746 βασιλεῦ,
1811 2683 1900 2734 ὅτι
1942 2683 2067 2747 τοῖς

488 2770 644 2834 θεοῖς
665 2785 780 2822 σου
797 2771 867 2822 οὐ
884 2769 1266 2836 λατρεύομεν,
1288 2765 1384 2819 καί
1405 2764 1475 2832 τῇ
1491 2765 1677 2818 εικόνι
1700 2765 1771 2831 τῇ
1788 2764 2006 2832 χρυσῇ.
2025 2760 2065 2838 ᾖ

486 2853 774 2918 ἕστησας,
801 2853 871 2905 οὺ
891 2849 1369 2918 προσκυνοῦμεν·
1389 2847 1512 2918 1667
1529 2867 1538 2913 ι
1555 2848 1685 2916 ὁμοῦ
1705 2851 1798 2899 καὶ
1815 2848 1907 2900 τοῦ
1928 2848 2061 2901 Θεοῦ

484 2936 587 3006 τὴν
607 2936 834 3004 δύναμιν
860 2931 1350 3004 ἀνακηρύττοντες,
1379 2930 1472 2982 καὶ
1499 2929 1560 2980 τὸ
1589 2929 1926 3000 παράστημα
1963 2931 2064 2997 τῆς

489 3017 698 3070 ἑαυτῶν
744 3015 1045 3077 δεικνύντες
1091 3013 1310 3083 ψυχῆς,
1361 3012 1448 3063 ἴνα
1503 3011 1614 3081 μὴ,
1657 3012 1792 3080 ὅπερ
1838 3012 1929 3064 ἐπὶ
1966 3013 2059 3067 τοῦ

502 3099 620 3152 Ἰὼϐ
645 3095 795 3153 εἶπεν
815 3101 843 3152 6
865 3098 1108 3158 διάϐολος
1136 3093 1506 3162 συκοφαντῶν,
1535 3093 1692 3146 τοῦτό
1717 3112 1799 3156 τις
1822 3095 1914 3147 καὶ
1935 3097 2060 3166 περὶ

488 3181 690 3234 τούτων
715 3181 863 3253 εἴπῃ.
909 3181 974 3231 Τί
1001 3179 1057 3232 δὲ
1093 3180 1219 3249 περί
1243 3176 1336 3229 τοῦ
1368 3176 1486 3228 Ἰὼϐ
1525 3174 1676 3228 εἶπεν
1715 3178 1743 3228 6
1779 3177 2060 3242 διάϐολος

485 3266 566 3318 ὅτι
593 3267 674 3318 Οὐ
699 3265 925 3332 δωρεὰν
955 3263 1194 3318 σέϐεταί
1224 3279 1297 3315 σε
1343 3260 1486 3314 Ἰώε⁹
1517 3259 1917 3328 περιέφραξας
1947 3263 2058 3330 γὰρ

483 3347 669 3400 αὐτοῦ
695 3346 765 3398 τὰ
788 3347 909 3399 ἐσω
934 3345 1028 3398 καί
1053 3343 1124 3396 τὰ
1145 3343 1279 3406 ἔξω.
1307 3342 1398 3395 ’Ὶν’
1429 3337 1520 3394 οὖν
1553 3342 1626 3411 μὴ
1652 3343 1746 3394 καὶ
1785 3343 1911 3412 περὶ
1940 3343 2059 3395 τού-

483 3445 590 3482 των
635 3427 732 3498 ἔχῃ
766 3445 849 3489 τις
887 3427 1043 3479 τοῦτο
1080 3425 1290 3493 λέγειν,
1327 3426 1524 3478 ἐκεῖνοι
1565 3426 1931 3495 προλαϐόντες
1970 3429 2054 3479 ὲν-

483 3510 723 3582 έφραξαν
757 3509 816 3561 τὸ
845 3509 1194 3578 ἀναίσχυντον
1230 3507 1425 3577 στόμα.

552 3652 697 3705 Ἀλλ’
744 3653 881 3724 ὅπερ
923 3651 1107 3720 ἔλεγον
1132 3693 1147 3715 ,
1193 3651 1295 3705 κᾶν
1335 3650 1681 3720 αἰχμάλωτος
1787 3669 1904 3716 τις,
1955 3653 2060 3708 κᾶν

483 3734 700 3798 δοῦλος,
733 3733 833 3788 κάν
867 3734 1035 3799 ξένος,
1069 3735 1173 3787 κᾶν
1217 3735 1310 3788 ἐπὶ
1352 3734 1448 3803 τῆς
1488 3733 1770 3804 ἀλλοτρίας
1808 3734 2055 3808 διατρίϐῃ

482 3819 605 3887 γῆς,
641 3818 736 3871 καὶ
769 3818 865 3889 τὴν
893 3819 1094 3888 ἀρετὴν
1127 3817 1223 3887 ἔχῃ
1250 3815 1366 3886 μεθ’
1397 3815 1589 3868 ἑαυτοῦ
1615 3857 1629 3878 ,
1657 3819 1871 3870 πάντων
1902 3818 2055 3887 βασι-

481 3899 619 3952 λέων
661 3899 1081 3971 βασιλικώτερος
1122 3900 1296 3952 ἐσται.
1347 3896 1500 3961 Εἶδες
1543 3901 1637 3952 καί
1679 3899 1776 3970 τὴν
1810 3899 1920 3953 τῶν
1954 3917 2054 3968 γυ-

481 3983 683 4037 ναικῶν
711 3983 953 4036 δουλείαν
979 3983 1252 4043 λυθεῖσαν,
1287 3983 1380 4036 καὶ
1411 3983 1505 4051 τὴν
1535 3981 1643 4034 τῶν
1673 3983 1918 4048 οἰκετῶν,
1959 3985 2054 4038 καὶ⁹

480 4064 576 4135 τὴν
598 4066 705 4118 τῶν
731 4066 1078 4137 ἀρχομένων;
1109 4066 1277 4136 Δεῦρό
1308 4082 1390 4117 σοι
1418 4065 1573 4129 δείξω
1608 4066 1794 4118 λοιπὸν
1825 4068 1919 4120 καὶ
1959 4068 2052 4122 τὸν

479 4147 586 4200 τῶν
647 4148 849 4218 θηρίων
919 4149 1081 4218 φόϐον
1128 4148 1541 4218 ἐκϐεϐλημένον.
1611 4148 1893 4200 Ἐνέϐαλον
1955 4151 2052 4203 τὸν

480 4230 678 4301 Δανιὴλ
726 4233 804 4294 εἰς
860 4232 951 4283 τὸν
1002 4231 1202 4285 λάκκον
1247 4231 1340 4282 ἐπὶ
1384 4231 1483 4300 τῆς
1530 4231 1697 4300 αὐτῆς
1736 4231 2051 4296 Βαϐυλῶνός

480 4329 612 4366 ποτε
636 4330 650 4344 ο
678 4313 792 4366 ἀλλ’
828 4314 928 4366 οὐκ
974 4312 1214 4381 ἐτόλμων
1263 4311 1500 4380 ἅψασθαι
1535 4313 1582 4364 οἰ
1616 4311 1824 4375 λέοντες
1863 4314 2047 4370 αὑτοῦ.

479 4395 592 4466 Τὴν
619 4395 849 4465 ἀρχαίαν
873 4396 982 4464 γὰρ
1005 4396 1096 4447 καὶ
1123 4394 1405 4465 βασιλικὴν
1432 4395 1614 4447 εἰκόνα
1641 4395 2050 4466 διαλάμπουσαν

479 4473 616 4532 εἶδον
650 4480 706 4531 ἐν
745 4477 924 4547 αὐτῷ,
955 4479 1197 4540 ἐκείνους
1244 4479 1370 4540 τοὺς
1401 4479 1754 4548 χαρακτῆρας
1786 4478 2009 4532 ἔϐλεπον
2029 4521 2044 4546 ,

478 4559 572 4624 οὓς
606 4558 790 4630 ἐώρων
843 4561 936 4614 ἐπὶ
983 4559 1076 4613 τοῦ
1119 4560 1291 4630 Ἀδὰμ
1323 4561 1428 4632 πρὸ
1465 4561 1562 4630 τῆς
1597 4561 1888 4630 ἁμαρτίας.
1939 4563 2049 4615 Καὶ

477 4643 587 4713 γὰρ
638 4643 776 4713 μετά
817 4643 916 4713 τῆς
965 4643 1137 4710 αὑτῆς
1174 4643 1458 4712 ὑποταγῆς
1496 4643 1742 4706 ἐλθόντες
1788 4644 1923 4712 πρὸς
1955 4645 2049 4698 τὸν

489 4727 679 4797 Ἀδὰμ,
713 4726 782 4780 τὰ
806 4727 1046 4798 ὀνόματα
1071 4727 1317 4790 ἐδέξαντο
1346 4727 1486 4779 τότε.
1529 4727 1639 4780 Καὶ⁸
1681 4729 1782 4780 οὐκ
1815 4729 2048 4783 ἐνταῦθα

480 4809 660 4881 μόνον,
693 4809 830 4862 ἀλλά
855 4812 948 4864 καὶ
972 4811 1065 4861 ἐπὶ
1088 4810 1181 4862 τοῦ
1216 4811 1488 4880 μακαρίου
1525 4810 1739 4862 Παύλου
1770 4811 1926 4863 τοῦτο
1955 4813 2049 4879 γέ-

476 4907 620 4958 γονε.
680 4893 789 4945 Καὶ
841 4893 949 4963 γὰρ
995 4894 1200 4955 ἐκεῖνος
1251 4893 1331 4955 εἰς
1384 4892 1482 4963 τὴν
1543 4892 1832 4964 βαρϐάρων
1883 4893 2048 4962 νῆσον

476 4972 748 5033 ἐκπεσὼν,
775 4975 1125 5043 παρεκάθητο
1147 4994 1216 5027 πυ
1227 4977 1294 5046 ρᾷ
1314 4975 1740 5045 θερμαινόμενος
1763 4994 1776 5006 ⁸
1800 4971 1918 5029 εἶτα
1939 4977 2046 5029 ἀπὸ

474 5057 585 5108 τῶν
610 5057 900 5124 φρυγάνων
935 5059 1288 5128 ἐκπηδήσασα
1319 5058 1433 5127 ἔχις
1464 5059 1720 5112 καθίκετο
1753 5059 1917 5110 αὑτοῦ
1948 5059 2045 5129 τῆς

473 5136 677 5209 χειρός.
709 5136 772 5188 Τί
799 5133 889 5190 οὖν
925 5140 1060 5207 μετά
1083 5140 1253 5192 ταῦτα
1284 5143 1526 5208 ἐγίνετο;
1559 5141 1829 5198 ’Ἒεέπεσε
1866 5142 1926 5194 τὸ
1951 5142 2046 5213 θη·-

477 5221 590 5292 ρίον
614 5220 836 5282 εὐθέως.
879 5221 1095 5290 Ἐπειδὴ
1121 5223 1229 5292 γὰρ
1255 5224 1532 5293 ἁμαρτίαν
1563 5225 1658 5292 οὑχ
1683 5218 1841 5294 εὗρεν
1863 5264 1878 5288 ,
1923 5225 2046 5276 οὑδέ

472 5303 658 5356 δακεῖν
690 5303 908 5372 ἴσχυσεν
929 5318 942 5330 °
961 5303 1076 5356 ἀλλ’
1105 5304 1292 5373 ὥσπερ
1318 5307 1496 5374 ἡμεῖς,
1524 5305 1741 5359 ἐπειδάν
1771 5322 1894 5359 τινα
1921 5307 2044 5358 σκό-

475 5385 637 5437 πελον
680 5384 821 5438 λεῖον
855 5385 1174 5455 βουλώμεθα
1207 5386 1506 5456 ἀναϐῆναι,
1547 5387 1859 5458 μηδαμόθεν
1893 5388 2040 5460 εὑρί-

474 5484 694 5531 σκοντες
724 5467 1036 5531 ἀντιλαϐἀς,
1065 5469 1478 5538 καταπίπτομεν
1503 5470 1724 5533 εὐθέως,
1750 5470 1850 5524 κᾶν
1877 5471 2042 5522 πέλα-

473 5565 568 5617 γος
598 5552 959 5622 ὑποκείμενον
983 5547 1051 5624 ᾖ,
1083 5553 1184 5606 κᾶν
1217 5551 1489 5624 βάραθρον
1516 5569 1528 5582 ·
1559 5552 1702 5606 οὕτω
1733 5554 1826 5607 καί
1857 5553 1916 5606 τὸ
1943 5552 2042 5622 θη-

477 5634 591 5704 ρίον
642 5638 860 5700 ἐκεῖνο,
909 5638 1005 5690 καὶ
1060 5638 1229 5690 ταῦτα
1281 5639 1458 5709 πυρᾶς
1508 5639 1895 5708 ὑποκειμένης,
1943 5637 2042 5706 οὑχ

474 5717 630 5776 εὑρὸν
661 5716 761 5783 τῆς
801 5721 1076 5787 ἁμαρτίας
1119 5720 1214 5792 τὴν
1242 5721 1530 5794 ἀντιλαϐὴν
1554 5764 1568 5790 ,
1603 5722 1724 5776 οὐδὲ
1753 5724 1882 5777 ὅπου
1915 5719 2040 5782 τοὺς

1204 354 1260 408 S.
1295 348 1580 408 JOANNIS
1614 346 2103 404 CHRYSOSTOMI
2139 345 2457 410 ARCHIEP.
2496 355 3033 416 CONSTANTINOP.

2136 512 2146 521 ,
2195 460 2416 526 ὀδόντας
2461 465 2767 541 ἀπερείσῃ,
2825 471 3124 524 κατέπεσεν
3171 472 3251 534 είς
3294 471 3393 542 τὴν
3433 473 3630 543 πυρὰν,
3666 481 3761 532 καὶ

3655 359 3762 414 602

2193 546 2480 622 διεφθάρη.
2511 553 2700 608 Βούλει
2729 557 2823 609 καὶ
2852 557 3034 628 τρίτον
3063 556 3200 610 εἴπω
3228 573 3310 609 σοι
3340 557 3539 627 τρόπον
3563 561 3760 616 ἀπολο·

2192 636 2346 705 γίας;
2392 635 2487 702 Εἷς
2519 642 2618 710 μέν
2660 644 2777 696 ἐστι
2801 683 2817 707 ,
2847 643 2908 696 τὸ
2942 644 3014 713 μὴ
3037 644 3163 706 τοὺς
3189 643 3486 717 προτέρους
3512 647 3753 721 ἡμαρτη-

2191 726 2344 779 κέναι
2371 728 2550 796 μὸνον.
2583 730 2720 784 ἀλλά
2745 733 2840 784 καὶ
2862 733 2987 795 τοὺς
3022 733 3139 802 μετ’
3174 732 3415 796 ἐκείνους
3439 749 3454 765 ⁸
3482 734 3764 803 δεύτερος,

2189 813 2250 866 τὸ
2292 816 2422 877 τοὺς
2465 817 2931 886 κατωρθωκότας,
2980 818 3280 872 καὶταῦτα
3315 821 3375 873 ἐν
3410 820 3489 891 τῷ
3529 823 3758 892 παρόντι

2188 901 2563 971 διατρίϐοντας
2601 905 2728 976 βίῳ,
2761 906 3096 975 κουφοτέρας
3139 908 3464 978 πειραθῆναι
3506 909 3607 979 τῆς
3635 911 3760 964 δουο

2187 987 2350 1054 λείας·
2376 991 2574 1060 μᾶλλον
2589 993 2643 1044 δὲ
2653 993 2942 1064 ὁλοκλήρου
2959 992 3160 1064 ταύτης
3172 994 3572 1065 ἀπαλλαγῆναι,
3589 997 3738 1054 καθά.

2187 1094 2292 1146 περ
2327 1075 2419 1133 οὖν
2446 1081 2540 1133 καὶ
2577 1081 2670 1133 ἐπὶ
2702 1080 2810 1134 τῶν
2850 1079 3144 1148 γυναικῶν,
3190 1082 3286 1134 καί
3332 1082 3427 1135 ἐπὶ
3457 1082 3564 1136 τῶν
3594 1085 3754 1155 ἀρχο-

2189 1165 2384 1232 μένων,
2431 1167 2524 1220 καὶ
2558 1168 2652 1220 ἐπὶ
2692 1168 2801 1220 τῶν
2843 1167 3048 1236 θηρίων
3076 1167 3376 1238 ἐδείξαμεν.
3406 1169 3600 1240 Τρίτος
3636 1176 3752 1242 μετ’

2185 1250 2461 1315 ἐκείνους,
2507 1252 2566 1305 τὸ
2617 1251 2839 1322 μείζονα
2877 1255 2984 1308 τῶν
3011 1253 3262 1321 ἀγαθῶν,
3299 1247 3374 1308 ὧν
3397 1257 3446 1308 οἰ
3474 1257 3623 1327 παρὰ
3653 1259 3764 1330 τὴν

2183 1338 2358 1408 ἀρχὴν
2399 1340 2739 1410 ἁμαρτόντες
2784 1342 2931 1410 ἡμᾶς
2970 1340 3254 1407 ἐξέϐαλον,
3308 1347 3750 1416 παραγενόμενον

2183 1424 2312 1493 ἡμῖν
2335 1425 2664 1495 ὑποσχέσθαι
2691 1427 2781 1479 τὸν
2801 1427 3033 1495 Χριστδν
3057 1427 3238 1497 ἀγαθά
3257 1428 3372 1484 νῦν.
3401 1431 3466 1483 Τί
3487 1433 3594 1503 γὰρ
3619 1433 3762 1504 θρη-

2181 1513 2311 1574 νεῖς,
2344 1513 2464 1564 εἰπέ
2496 1530 2618 1583 μοις
2643 1515 2722 1566 ὅτι
2751 1531 2808 1567 σε
2836 1514 3094 1586 ἁμαρτὼν
3120 1519 3148 1568 ὁ
3190 1517 3359 1587 Ἀδάμ
3395 1519 3615 1582 ἐξέϐαλε
3654 1522 3745 1576 τοῦ

2180 1601 2549 1669 παραδείσους
2584 1601 2961 1672 Κατόρθωσον,
2988 1603 3083 1656 καί
3118 1603 3360 1674 ζήλωσον
3395 1607 3460 1660 σὺ
3494 1608 3698 1680 ἀρετήν
3727 1627 3757 1642 τ

2180 1689 2275 1740 καὶ
2313 1688 2432 1757 οὐχὶ
2467 1689 2791 1758 παράδεισον
2810 1729 2824 1753 ,
2855 1689 2970 1743 ἀλλ’
3007 1691 3168 1744 αὑτὸν
3199 1693 3398 1760 ἀνοίγω
3431 1711 3514 1748 σοι
3549 1697 3640 1750 τὸν
3663 1697 3748 1750 οὔ·

2182 1774 2360 1844 ρανὸν,
2391 1775 2484 1827 καὶ
2509 1777 2657 1829 οὑδέν
2679 1779 2742 1829 ἐκ
2764 1776 2862 1845 τῆς
2885 1775 2979 1830 τοῦ
3004 1779 3428 1848 πρωτοπλάστου
3462 1788 3743 1855 παρακοῆς

2178 1862 2379 1932 ἀφίημί
2415 1879 2473 1914 σε
2511 1863 2700 1916 παθεῖν
2723 1863 2915 1918 δεινόν.
2948 1865 3177 1934 Θρηνεῖς
3217 1869 3298 1921 ὅτι
3344 1884 3403 1920 σε
3437 1870 3536 1931 τῆς
3570 1872 3742 1942 ἀρχῆς

2176 1949 2285 2002 τῶν
2342 1950 2546 2021 θηρίων
2611 1951 2956 2022 παρέλυσενςτ
3018 1953 3152 2008 ’Ῐδού
3202 1972 3284 2008 σοι
3341 1957 3436 2010 καὶ
3486 1957 3751 2028 δαίμονας

2177 2035 2479 2098 ὑποτάττω,
2520 2038 2615 2090 ἐὰν
2653 2041 2940 2110 προσέχῃς.
2973 2041 3212 2094 Πατεῖτε
3230 2041 3358 2112 γάρ,
3384 2045 3566 2111 φησὶν,
3599 2046 3742 2099 ἐπά-

2176 2140 2259 2176 νω
2306 2123 2500 2191 ὄφεων
2547 2126 2644 2177 καὶ
2699 2129 3030 2194 σκορπίων,
3089 2130 3187 2182 καὶ
3233 2130 3332 2184 ἐπὶ
3383 2131 3588 2185 πᾶσαν
3627 2132 3741 2198 τὴν

2175 2207 2432 2278 δύναμιν
2460 2212 2564 2264 τοῦ
2595 2212 2828 2281 ἐχθροῦ.
2861 2212 3008 2286 [668]
3033 2215 3145 2268 Οὑκ
3169 2214 3340 2277 εἶπεν,
3362 2217 3578 2289 ἄρχετε,
3605 2221 3746 2274 καθ’

2176 2294 2316 2378 άπερ
2347 2297 2438 2348 ἐπὶ
2472 2297 2582 2378 τῶν
2615 2297 2838 2378 θηρίων,
2863 2299 3325 2368 ἀλλά,.11ατεῖτε,.
3345 2304 3740 2378 ἐπιτεταμένην

2175 2367 2410 2432 εἰσάγων
2433 2366 2528 2437 τὴν
2555 2366 2750 2438 ἀρχήν.

2243 2569 2313 2632 γ’.
2331 2563 2431 2616 Διά
2448 2563 2605 2617 τοῦτο
2621 2565 2714 2618 καὶ
2725 2567 2759 2618 6'
2777 2564 2987 2629 Παῦλος
3009 2566 3108 2620 οὐκ
3126 2563 3297 2630 εἶπεν,
3313 2567 3374 2621 '0
3395 2569 3525 2634 Θεὸς
3540 2571 3740 2629 ὑποτὰν

2176 2648 2257 2714 ξει
2285 2650 2374 2702 τὸν
2400 2652 2642 2704 Σατανᾶν
2667 2652 2770 2705 ὑπὸ
2797 2653 2923 2715 τοὺς
2951 2653 3116 2716 πόδας
3147 2653 3320 2724 ὑμῶν,
3348 2655 3462 2708 ἀλλ’
3492 2657 3557 2712 ’0
3592 2661 3738 2728 Θεὸς

2173 2739 2493 2806 συντρίψει
2530 2739 2638 2792 τὸν
2664 2739 2941 2794 Σατανᾶν
2981 2740 3099 2795 ὑπὸ
3143 2741 3284 2807 τοὺς
3321 2743 3510 2810 πόδας
3546 2747 3732 2815 ὑμῶν.

2174 2825 2390 2886 Οὐκέτι,
2421 2825 2669 2895 καθάπερ
2703 2827 2988 2897 πρότερον,
3016 2828 3210 2894 Αὐτός
3229 2843 3346 2883 σου
3369 2832 3612 2900 τηρήσει
3641 2851 3738 2889 κε-

2171 2911 2399 2980 φαλὴν.
2446 2912 2543 2965 καί
2583 2912 2664 2965 σὺ
2705 2914 2890 2967 αὑτοῦ
2927 2915 3206 2982 τηρήσεις
3252 2916 3514 2984 πτέρναν
3557 2938 3570 2949 ·
3619 2920 3736 2974 ἀλλ’

2169 2997 2459 3068 ὁλόκληρος
2490 2999 2523 3068 ἡ
2556 2999 2680 3068 νίκη
2700 3037 2724 3060 ,
2758 2999 2996 3070 καθαρὸν
3041 3001 3103 3054 τὸ
3137 3003 3414 3073 τρόπαιον,
3466 3007 3736 3080 παντελὴς

2169 3085 2474 3156 ἀφανισμὸς
2498 3085 2592 3138 τοῦ
2615 3086 3013 3154 πολεμίου,.καὶ
3041 3088 3332 3160 συντριϐὴ,
3351 3092 3444 3144 καὶ
3470 3093 3732 3152 ἀπώλεια.

2180 3173 2442 3238 ’Υπέταξέ
2479 3191 2536 3226 σε
2567 3173 2643 3244 τῷ
2676 3175 2828 3246 ἀνδρὶ
2857 3176 2890 3244 ἡ
2922 3173 3034 3227 Εὔα
3079 3190 3093 3205 ο
3135 3176 3248 3229 ἀλλ’
3281 3177 3391 3246 ἐγώ
3415 3195 3474 3231 σε
3500 3181 3601 3234 οὑκ
3637 3185 3734 3236 άν-

2165 3257 2289 3330 δρὸς
2339 3261 2598 3329 ὁμότιμον
2644 3261 2837 3330 μόνον,
2885 3261 3023 3314 ἀλλά
3069 3262 3163 3314 καὶ
3208 3263 3390 3318 αὑτῶν
3434 3265 3571 3318 ποιῶ
3623 3269 3734 3321 τῶν

2167 3347 2433 3414 ἀγγέλων,
2456 3350 2549 3401 ἐὰν
2574 3347 2783 3418 ἐθέλῃς.
2831 3348 3282 3420 ’Δπεστέρησέισε
3315 3352 3415 3422 τῆς
3451 3353 3746 3426 παρούσης.

2167 3434 2309 3506 ζωῆς
2336 3455 2349 3468 ο
2374 3437 2487 3504 ’ἐγὼ
2514 3439 2571 3491 δέ
2599 3455 2680 3490 σοι
2706 3439 2800 3491 καὶ
2828 3437 2927 3508 τὴν
2956 3437 3257 3508 μέλλουσαν
3290 3441 3604 3512 χαρίζομαι,
3635 3445 3731 3514 τὴν

2166 3530 2358 3598 ἀγήρω
2389 3529 2483 3580 καὶ
2511 3526 2796 3587 ἀθάνατον,
2827 3525 2920 3578 καὶ
2947 3524 3170 3595 μυρίων.
3185 3528 3456 3596 γέμουσαν
3489 3530 3741 3598 ἀγαθῶν..

2164 3615 2369 3686 Μηδεὶς
2401 3614 2580 3666 τοίνυν
2613 3611 2700 3665 διὰ
2735 3612 2862 3673 τοὺς
2904 3613 3198 3682 προτέρους
3222 3614 3556 3684 ἐπηρεάσθαι
3579 3634 3733 3688 νομι-

2165 3701 2304 3766 ζέτω
2331 3716 2346 3731 ·
2378 3700 2471 3753 καὶ
2497 3700 2604 3770 γὰρ
2639 3699 2706 3752 ἂν
2745 3698 3055 3769 θελήσωμεν
3087 3699 3336 3764 ἅπασιν,
3357 3696 3435 3765 οἷς
3471 3704 3730 3775 παρέχειν

2167 3789 2382 3860 μέλλει,
2419 3786 2724 3852 ἐπεξελθεῖν
2749 3826 2764 3850 ,
2797 3785 2984 3855 πολλῷ.
3010 3786 3230 3856 μείζονα
3262 3789 3330 3841 τὰ
3373 3788 3612 3856 δοθέντα,
3651 3785 3736 3845 ῶν.

2163 3877 2563 3946 ἀπωλέσαμεν,
2619 3875 2943 3944 εὑρήσομεν.
2989 3873 3120 3926 Ἀπὸ
3173 3874 3230 3927 δὲ
3279 3876 3387 3928 τῶν
3423 3879 3727 3949 εἰρημένων

2163 3967 2257 4019 καὶ
2302 3964 2372 4017 τὰ
2427 3962 2590 4016 λοιπά
2642 3962 2792 4033 δῆλα.
2845 3961 2966 4015 Βίου
3016 3961 3312 4032 ἐπίμοχθον
3363 3964 3657 4034 εἰσήγαγεν
3697 3971 3727 4022 6

2175 4054 2346 4124 Ἀδάμ
2393 4069 2408 4083 ·
2447 4055 2475 4106 ὁ
2521 4050 2754 4122 Χριστός
2796 4051 3061 4121 ὑπέσχετο
3104 4048 3280 4122 ζωὴν,
3333 4051 3464 4106 ἔνθα
3514 4055 3724 4126 ἀπέδρα

2161 4141 2318 4211 όδύνη
2347 4141 2440 4195 καὶ
2461 4139 2602 4208 λύπη
2623 4138 2717 4190 καλ⁵
2738 4139 3056 4206 στεναγμὸς,
3079 4138 3174 4190 καὶ
3199 4138 3296 4208 τὴν
3319 4138 3596 4208 βασιλείαν
3614 4144 3738 4196 τῶν-

2159 4228 2219 4281 οὑ
2229 4227 2402 4299 ρανῶν
2423 4223 2728 4296 χαριεῖσθαι
2748 4223 3159 4291 ἐπαγγέλλεται.
3187 4224 3365 4278 Δεῦτε
3383 4226 3511 4296 γάρ,
3537 4229 3732 4299 φησιν,

2159 4317 2214 4367 οἱ
2242 4311 2630 4382 εὐλογημένοι
2665 4310 2770 4364 τοῦ
2793 4313 3021 4376 Πατρός
3040 4327 3159 4378 μου
3180 4348 3197 4374 ,
3235 4314 3724 4382 κληρονομήσατε

2158 4401 2275 4469 τὴν
2298 4399 2746 4469 ἡτοιμασμένην
2763 4398 3238 4468 ὐμῒνβασιλείαν
3249 4400 3368 4453 ἀπὸ
3385 4402 3723 4470 καταϐολῆς

2159 4492 2408 4558 κόσμου.
2453 4487 2778 4541 Ἐπείνασα
2802 4486 2931 4555 γὰρ,
2958 4486 3056 4539 καὶ
3089 4485 3344 4539 ἐδώκατέ
3357 4504 3458 4556 μοι
3486 4489 3717 4557 φαγεῖν·

2155 4577 2442 4644 ἐδίψησα,
2485 4575 2584 4628 καί
2635 4572 2952 4627 ἐποτίσατέ
2995 4590 3072 4641 με
3103 4589 3116 4602 ·
3149 4573 3325 4639 ξένος
3369 4572 3566 4641 ἥμην,
3620 4579 3718 4630 καί

2155 4662 2524 4733 συνηγάγετέ
2561 4678 2638 4731 με
2667 4677 2681 4691 ·
2716 4661 2943 4731 γυμνὸς
2974 4660 3158 4728 ἤμην,
3207 4661 3304 4714 καὶ
3345 4661 3721 4728 περιεϐάλετέ

2150 4768 2229 4821 με
2249 4768 2263 4782 °
2289 4752 2359 4805 ἐν
2389 4748 2658 4820 φυλακῇ,
2684 4748 2783 4802 καί
2811 4747 3026 4815 ἤλθετε
3052 4749 3203 4815 πρός
3223 4766 3320 4818 με.

2222 4835 2370 4911 ’Δρα
2405 4834 2496 4891 οὖν
2543 4836 2885 4905 ἀκουσόμεθα
2933 4835 3026 4888 καὶ
3079 4837 3240 4905 ἡμεῖς
3289 4838 3391 4907 τῆς
3445 4840 3719 4912 μακαρίας

2153 4927 2368 4996 ἐκείνης
2413 4929 2635 4994 φωνῆς;
2684 4925 2756 4978 Οὐ
2799 4923 3002 4992 σφόδρα
3035 4922 3100 4976 ἂν
3137 4925 3518 4997 ἰσχυρισαίμην
3555 4927 3665 4994 ἐγώ
3701 4943 3714 4956 ο

2155 5010 2322 5080 πολλὴ
2378 5009 2488 5080 γὰρ
2545 5009 2675 5078 παρ’
2721 5009 2852 5076 ἡμῖν
2905 5006 3014 5058 τῶν
3065 5008 3379 5078 πενήτωνὴ
3426 5007 3713 5079 ὑπεροψία.

2151 5095 2422 5166 Νηστείας
2461 5095 2650 5166 καιρός
2673 5137 2688 5159 ,
2716 5094 3038 5164 παραίνεσις
3076 5093 3311 5162 τοσαύτη
3345 5095 3437 5148 καὶ
3465 5095 3716 5148 διδασκα-

2151 5183 2240 5237 λία
2280 5183 2561 5252 σωτηρίων
2616 5181 2998 5251 διδαγμάτων,
3055 5180 3211 5250 εὐχαὶ
3259 5185 3500 5251 συνεχεῖς
3531 5223 3546 5247 ,
3597 5181 3717 5234 σύλ-

2149 5271 2299 5340 λογοι
2333 5269 2708 5341 καθημερινοί,
2739 5269 2832 5320 καὶ
2853 5267 2907 5320 τί
2939 5267 3078 5338 μετὰ
3109 5268 3206 5336 τὴν
3233 5267 3499 5338 τοσαύτην
3525 5269 3718 5336 ἐπιμέ-

2149 5361 2298 5414 λειαν
2346 5359 2535 5427 ὄφελος
2559 5375 2578 5423 ;,
2623 5357 2809 5410 Οὑδέν.
2872 5356 3285 5427 Ἀναχωροῦμεν
3328 5356 3436 5426 γὰρ
3469 5355 3716 5409 ἐντεῦθεν

2149 5448 2421 5520 ὁρμαθοὺς
2474 5446 2724 5514 πενήτων
2770 5443 3016 5515 ὁρῶντες·
3050 5441 3326 5512 στοιχηδὸν
3375 5442 3716 5511 ἑκατέρωθεν

2149 5535 2456 5604 ἑστηκότων
2487 5551 2502 5566 ·
2539 5532 2633 5586 καὶ
2671 5531 2860 5595 ὥσπερ
2888 5531 3072 5592 κίονας
3111 5528 3428 5598 βλέποντες,
3464 5527 3579 5581 ἀλλ’
3616 5529 3718 5581 οὐκ

2147 5619 2464 5690 ἀνθρώπινα
2497 5617 2724 5688 σώματα
2744 5659 2759 5684 ,
2794 5616 2966 5679 οὓτως
2997 5614 3238 5685 ἀνηλεῶς
3277 5613 3714 5685 παρατρέχομεν.

2149 5709 2360 5780 ’Ὠσπερ
2385 5701 2476 5760 οὖν
2506 5705 2826 5775 ἀνδριάντας
2851 5702 3112 5774 ἀψύχους,
3130 5701 3359 5758 ἀλλὀὐκ
3382 5702 3722 5774 ἐμπνέοντας,
