4146 6260
441 359 540 419 θοι

439 473 579 540 Quid
606 489 733 544 ergo
762 474 1028 542 illiIVide,
1054 492 1160 546 quo
1188 472 1341 548 pacto
1370 479 1537 534 virtus
1565 494 1677 543 eos,
1705 482 1793 549 qui
1824 481 2019 549 captivi

418 574 613 639 “erant,
635 568 801 635 magis
830 568 1003 637 regios
1030 584 1184 639 quam
1216 584 1394 639 regem
1425 571 1595 639 ipsum
1624 570 1935 635 reddiderit,
1962 588 2024 626 ac

429 636 611 709 ‘multo
634 657 912 711 excelsiori
940 658 1114 711 animo
1138 658 1386 727 pncditos
1408 660 1527 713 illos
1558 659 1869 714 ostenderit.
1905 660 2021 716 Non

443 745 584 799 enim
609 756 872 816 tamquam
907 764 1080 817 regem
1110 750 1460 818 alloquentes.
1486 751 1579 805 sed
1611 761 1875 819 tamquam
1903 769 2022 805 enm

442 834 620 904 aliquo
649 836 746 889 sibi
787 837 999 891 subdito
1036 854 1336 893 sermonem
1382 853 1626 894 serentes
1664 856 1785 894 cum
1834 841 2022 895 fiducia

442 926 855 994 respondebant.
903 927 1023 981 Non
1067 945 1195 996 Opus
1238 930 1495 993 habemus,
1527 931 1788 1000 inquiunt,
1832 949 1922 984 nos
1962 933 2025 985 de

441 1017 586 1071 verba
615 1019 708 1071 Itoc
743 1020 1044 1085 respondere
1074 1022 1179 1091 regi
1220 1022 1239 1087 (
1268 1021 1402 1075 Dan.
1437 1023 1489 1077 5.
1527 1024 1655 1092 16).
1688 1023 1801 1077 Νοιι
1827 1025 2021 1090 verbis,

443 1107 539 1161 sed
581 1109 744 1163 rebus
790 1107 918 1177 ipsis
963 1109 1472 1166 demonstrationem
1515 1113 1903 1168 exhibebimus.
1935 1114 2025 1169 Est

441 1196 578 1252 Deus
605 1198 657 1250 in
686 1197 830 1265 calo,
863 1209 1037 1267 potens
1062 1203 1259 1271 eripere
1279 1219 1368 1257 nos
1396 1202 1572 1272 (Ibid.
1597 1220 1643 1257 υ.
1670 1202 1792 1274 l7).
1820 1206 2023 1258 Beuefio

443 1287 583 1341 cium
625 1302 655 1341 a
696 1288 914 1345 Daniele
960 1301 1235 1359 acceptum
1286 1293 1337 1346 in
1375 1294 1686 1347 memoriam
1717 1295 1791 1348 illi
1819 1311 2027 1350 revoca-

443 1385 569 1433 runt
608 1378 794 1433 iisdem
834 1381 916 1434 usi
958 1382 1152 1446 verbis,
1186 1399 1303 1451 qua:
1334 1385 1592 1452 propheta
1633 1394 1755 1438 tunc
1785 1386 2019 1453 protulit.

438 1470 573 1538 Quid
614 1472 756 1527 enim
788 1472 877 1526 ille
917 1472 1163 1528 dicebat?
1193 1473 1312 1528 Non
1343 1486 1416 1529 est
1442 1492 1703 1547 magorum
1738 1477 2026 1531 Guzareno-

437 1577 570 1629 rum,
619 1562 974 1617 Chaldaeorum
1013 1564 1232 1627 verbum,
1265 1566 1401 1634 quod
1432 1568 1641 1635 requirit
1679 1584 1804 1621 rex:
1832 1569 1920 1622 sed
1950 1577 2023 1621 est

437 1651 577 1708 Deus
592 1653 643 1707 in
672 1654 808 1708 caelis
827 1652 1051 1709 revelatis
1075 1657 1313 1726 mysteria
1341 1657 1358 1725 (
1393 1654 1477 1710 Id.
1507 1656 1563 1710 2.
1581 1656 1673 1711 27.
1700 1657 1771 1712 28
1874 1658 2021 1713 Hane

436 1745 595 1814 igitur
632 1746 705 1799 illi
736 1760 919 1801 vocem
953 1749 1005 1802 in
1028 1749 1336 1802 memoriam
1366 1756 1634 1810 revocant,
1656 1758 1709 1802 ut
1729 1748 2022 1803 modestio-

434 1852 548 1891 rem
572 1836 716 1891 illum
736 1838 980 1894 reddant.
1003 1839 1201 1893 Deinde
1216 1838 1362 1893 addit
1401 1838 1703 1908 Scriptura:
1736 1839 1803 1893 Et
1824 1842 1867 1892 si
1896 1856 2018 1906 non,

434 1939 606 1980 notum
631 1928 693 1981 sit
721 1929 832 1992 tibi,
863 1945 973 1995 rex,
1003 1931 1121 1999 quia
1145 1929 1263 1983 deos
1290 1938 1400 1981 tuos
1425 1946 1524 1981 non
1551 1929 1780 1992 colimus,
1815 1937 1859 1982 et
1888 1929 2020 1983 inta-

432 2018 596 2087 ginem
626 2034 853 2085 auream,
908 2036 1060 2088 quam
1109 2020 1348 2083 statuisti,
1379 2035 1477 2071 non
1512 2019 1784 2072 adoramus
1809 2019 1931 2090 (Id.
1963 2023 2016 2075 4.

434 2108 500 2163 18
532 2110 576 2177 ).
602 2109 735 2163 Vide
762 2109 1019 2177 juvenum
1050 2110 1385 2177 sapientiam.
1415 2109 1548 2163 Nam
1581 2119 1743 2175 utne,
1776 2112 1865 2180 qui
1897 2123 2021 2167 tunc

430 2199 671 2261 aderant,
716 2200 880 2253 Deum
921 2198 1247 2254 infirmitatis
1289 2210 1621 2267 accusarent,
1661 2202 1707 2254 si
1746 2201 1881 2255 forte
1909 2205 2021 2257 col-

432 2290 608 2358 lapsos
638 2290 757 2342 illos
799 2290 851 2342 in
892 2288 1159 2343 fornacem
1196 2288 1332 2344 mori
1367 2290 1693 2360 cnntigisset,
1729 2295 2015 2362 potentiam

433 2378 553 2447 ejus
583 2389 707 2433 ante
735 2378 1055 2434 confitentur
1079 2380 1337 2447 dicentes,
1376 2378 1473 2435 Est
1509 2380 1648 2435 Deus
1685 2383 1739 2436 in
1766 2384 1908 2448 cwlo,
1932 2386 2018 2454 qui

432 2480 591 2543 potest
619 2488 710 2526 nos
751 2472 941 2541 eripere
973 2487 992 2525 :
1023 2488 1089 2526 ne
1126 2482 1303 2527 autem
1352 2488 1535 2528 rursus
1579 2489 1697 2527 cum
1747 2474 2014 2530 ﬂammam

429 2562 743 2625 evasissent,
772 2562 1035 2618 mercedis
1054 2578 1115 2617 ac
1138 2564 1338 2632 prazniii
1360 2580 1518 2619 causa
1550 2565 1657 2619 Deo
1681 2568 1890 2621 servire
1917 2583 2011 2637 puo

430 2663 686 2719 tarcntur,
718 2654 1064 2724 adjecerunt:
1094 2654 1163 2709 Et
1195 2657 1240 2710 si
1280 2674 1400 2719 non,
1434 2666 1606 2710 nolunt
1644 2658 1707 2711 sit
1745 2658 1852 2723 tibi,
1896 2674 2008 2724 rex,

425 2746 544 2816 quia
595 2747 711 2799 deos
759 2757 872 2801 tuos
909 2764 1007 2801 non
1058 2749 1300 2814 colimus,
1342 2759 1389 2803 et
1445 2750 1714 2820 imaginem
1764 2766 2006 2815 auream,

425 2854 577 2906 quant
610 2838 845 2903 statuisti,
886 2855 986 2892 non
1016 2839 1322 2905 adoramus;
1351 2840 1544 2910 quibus
1573 2842 1747 2896 verbis
1774 2843 1928 2896 simul
1958 2852 2013 2898 et

431 2928 719 2997 praedicant
755 2930 849 2983 Dei
895 2931 1139 2985 virtutem
1163 2941 1216 2986 et
1239 2947 1551 3001 generosam
1584 2934 1772 2986 animm
1802 2950 1912 2988 suae
1950 2936 2014 2987 fi-

429 3017 637 3072 duciam
683 3035 789 3089 pra:
836 3035 895 3075 se
939 3022 1133 3088 ferunt,
1173 3038 1239 3076 ne
1279 3023 1413 3077 forte
1450 3023 1517 3078 de
1556 3025 1659 3078 illis
1687 3025 1806 3094 quis
1831 3026 2011 3082 dicere

433 3119 628 3176 posset,
649 3127 767 3179 qua:
783 3111 1063 3167 adversum
1085 3113 1185 3168 Job
1205 3114 1447 3169 diabolus
1464 3116 1836 3172 calumniando
1850 3119 2011 3189 jactao

430 3200 541 3255 bat.
573 3200 706 3267 Quid
740 3216 865 3256 vero
895 3202 1103 3258 diccbat
1130 3204 1415 3259 diabolus?
1445 3204 1565 3259 Non
1609 3208 1763 3277 gratis
1801 3209 1918 3261 colit
1963 3218 2011 3262 te

424 3288 524 3345 Job
546 3307 565 3344 :
583 3280 827 3363 siquidem
855 3295 1057 3348 munisti
1078 3312 1156 3349 res
1181 3297 1310 3366 ejus,
1342 3312 1453 3367 quae
1482 3298 1635 3364 intra,
1661 3307 1705 3351 et
1732 3315 1846 3368 qua:
1866 3309 2009 3353 extra

425 3393 543 3437 sunt
586 3383 723 3456 (Job
775 3387 827 3441 1.
860 3387 1081 3458 9.10).
1125 3387 1203 3443 Ne
1246 3390 1403 3458 igitur
1442 3389 1508 3444 de
1554 3391 1635 3445 his
1676 3392 1834 3445 etiam
1881 3391 2006 3447 illud

422 3472 526 3527 dici
558 3485 757 3544 posset,
783 3478 854 3533 illi
879 3487 1238 3541 autevertunt,
1258 3490 1310 3534 et
1342 3480 1620 3552 impudens
1645 3497 1705 3535 os
1732 3481 2000 3537 obturant.

505 3563 749 3620 Virtutem
783 3569 869 3636 qui
905 3580 1144 3635 sectatur,
1176 3570 1298 3624 liber
1326 3581 1397 3625 est
1432 3582 1477 3626 et
1510 3574 1739 3642 superior
1759 3574 1958 3644 regibus
1984 3590 2004 3638 ;

421 3658 577 3711 rirtus
598 3675 793 3713 omnem
820 3672 1002 3714 metum
1023 3663 1443 3717 excludit—Sed
1462 3705 1475 3728 ,
1506 3674 1563 3717 ut
1593 3664 1855 3731 dicebam,
1880 3665 2005 3719 licet

425 3746 665 3813 captivus
694 3749 764 3802 sit
790 3750 1001 3819 aliquis,
1043 3752 1166 3806 licet
1190 3766 1397 3816 servus,
1436 3753 1561 3805 licet
1587 3754 1915 3822 peregrinus,
1939 3754 2005 3807 li-

420 3847 506 3891 cet
535 3838 585 3891 in
612 3840 781 3893 aliena
805 3842 1018 3910 regione
1048 3850 1308 3904 versetur,
1340 3852 1394 3895 et
1416 3842 1663 3894 virtutem
1695 3858 1874 3895 secum
1907 3843 2003 3897 ha-

421 3928 542 3981 beat
562 3970 576 3991 ,
609 3930 852 3997 superior
882 3931 1129 3984 omnibus
1154 3929 1256 3983 erit
1279 3930 1513 3997 regibus.
1546 3930 1706 3983 Vides
1729 3939 1783 3984 et
1810 3931 2002 3985 mulie-

420 4033 537 4071 rum
560 4019 786 4073 solutam
808 4034 926 4075 esse
953 4020 1282 4082 servitutem,
1303 4028 1356 4075 et
1373 4019 1709 4087 famulorum,
1737 4030 1790 4075 et
1816 4035 2000 4075 eorum

418 4110 505 4178 qui
538 4110 861 4179 principibus
884 4110 1144 4165 subsunt?
1168 4112 1281 4179 Age
1310 4111 1560 4179 deinceps
1601 4111 1876 4166 ostendam
1906 4112 1998 4166 tibi

419 4209 617 4253 metum
663 4215 872 4269 quoque
911 4201 1198 4255 bestiarum
1241 4216 1358 4256 esse
1388 4200 1687 4269 depulsum.
1723 4200 1777 4254 In
1810 4201 1997 4255 eadem

416 4290 679 4357 quondam
710 4290 978 4361 Babylone
998 4290 1268 4361 conjectus
1292 4291 1461 4346 fuerat
1492 4294 1543 4344 in
1574 4291 1745 4345 lacmu
1778 4291 1957 4345 Daniel
1982 4309 1995 4345 :

418 4382 510 4437 sed
550 4398 669 4438 eum
720 4383 907 4438 leones
949 4384 1211 4453 attingere
1253 4399 1357 4437 non
1409 4382 1691 4436 audebant.
1739 4381 2000 4438 Videbant

414 4474 557 4528 enim
591 4475 858 4543 antiquam
887 4484 941 4529 et
966 4476 1163 4544 regiam
1196 4476 1478 4545 imaginem
1508 4475 1559 4528 in
1589 4475 1704 4543 ipso
1734 4475 1999 4545 refulgen-

424 4578 546 4629 tem,
594 4565 842 4635 illamque
888 4566 1112 4619 formam
1156 4567 1466 4630 cernebant,
1506 4582 1663 4636 quam
1708 4568 1760 4621 in
1793 4568 1998 4622 Adamo

415 4655 660 4709 viderant
701 4665 825 4709 ante
868 4664 1165 4723 peccatum.
1202 4655 1473 4725 Siquidem
1504 4673 1626 4711 cum
1659 4658 1845 4712 eadem
1873 4659 1999 4713 sub-

410 4746 661 4816 jectione,
688 4760 808 4800 cum
834 4747 901 4801 ad
930 4746 1191 4801 Adamum
1233 4751 1610 4815 accessissent,
1640 4751 1854 4803 nomina
1887 4762 1995 4805 tum

413 4848 751 4906 acceperunt.
782 4836 963 4906 Neque
992 4836 1081 4891 hic
1105 4837 1277 4890 solum
1304 4853 1318 4902 ;
1351 4838 1444 4892 sed
1473 4847 1528 4893 et
1567 4840 1620 4891 in
1651 4839 1807 4893 beato
1834 4840 1998 4895 Paulo

414 4928 552 4983 idem
593 4929 833 4998 contigit.
867 4927 997 4981 Nam
1022 4935 1076 4981 ct
1104 4927 1192 4981 ille
1230 4943 1350 4981 cum
1377 4931 1428 4982 in
1457 4930 1802 4984 barbarorum
1852 4931 1999 4984 insu-

413 5020 518 5072 lam
544 5018 746 5088 ejectus
783 5028 945 5081 esset,
980 5032 1124 5088 pyra:
1154 5018 1437 5082 assidebat,
1468 5028 1526 5071 ut
1557 5019 1826 5073 calefieret
1858 5018 1992 5091 (Act.

411 5108 555 5178 28):
607 5107 799 5162 deinde
847 5106 1128 5175 prosiliens
1158 5121 1189 5161 e
1221 5109 1503 5161 sarmentis
1550 5108 1726 5175 vipera
1773 5124 1990 5162 manum

412 5200 528 5271 ejus
571 5200 780 5254 invasit.
818 5198 953 5266 Quid
1002 5213 1129 5268 ergo
1172 5208 1355 5267 postea
1401 5198 1664 5267 contigit?
1702 5196 1994 5253 Confestim

415 5292 582 5347 bestia
611 5290 821 5346 cecidit.
855 5289 985 5344 Nam
1017 5290 1265 5359 queniam
1299 5301 1572 5359 peceatum
1620 5305 1724 5343 non
1768 5291 1989 5357 invenit,

416 5398 484 5438 ne
512 5384 756 5438 mordere
781 5382 992 5453 quidem
1028 5381 1238 5450 potuit:
1276 5380 1370 5435 sed
1397 5382 1841 5451 quemadmodum
1873 5397 1992 5447 nos,

414 5476 459 5530 si
489 5475 699 5546 quando
724 5475 895 5530 levem
943 5474 1173 5544 aliquem
1209 5473 1486 5542 scepulum
1524 5473 1814 5528 ascendere
1841 5473 1993 5527 volu-

418 5583 556 5635 mus,
584 5569 710 5623 dum
750 5582 1008 5638 nusquam
1055 5566 1369 5636 reperimus,
1419 5564 1560 5636 quod
1599 5563 1993 5634 apprehensum

396 5671 727 5741 ,teneamus,
780 5667 1001 5731 repente
1037 5656 1399 5725 concidimus,
1447 5657 1560 5714 sive
1601 5657 1654 5713 in
1696 5654 1992 5725 subjectum

419 5756 657 5826 pelagus,
686 5753 795 5809 sive
821 5753 871 5808 in
902 5750 1248 5824 prtecipitium
1281 5768 1294 5807 :
1323 5751 1400 5808 sic
1438 5758 1492 5808 et
1526 5749 1612 5806 illa
1651 5746 1842 5817 bestia,
1870 5761 1989 5803 cum

1716 367 1781 423 IN
1818 364 2114 422 CENESIM
2152 366 2379 424 SERSfO
2411 368 2477 424 ν.

3611 378 3719 435 602

2132 480 2369 551 subjecta
2400 491 2543 539 esset
2567 499 2697 556 pyra
2718 526 2735 551 ,
2766 486 2907 557 quod
2939 499 3211 556 peccatum
3237 531 3252 556 ,
3284 489 3367 543 cui
3390 474 3689 545 adita-reret

2132 585 2236 623 non
2268 572 2577 640 invenisset,
2610 588 2782 644 neque
2818 577 2904 631 cui
2925 577 3116 632 dentes
3144 578 3408 649 infigeret,
3443 580 3494 633 in
3525 594 3713 651 pyram

2130 660 2347 727 decidit,
2375 672 2430 717 et
2459 665 2777 733 interempta
2808 674 2909 719 est.
2946 666 3039 721 Vis
3067 669 3291 721 alterum
3323 670 3412 722 lilii
3440 669 3714 726 defensio-

2130 752 2214 803 nis
2256 766 2427 820 genns
2473 753 2525 807 in
2570 754 2801 809 medium
2848 756 3111 810 afferam?
3154 758 3325 813 Unum
3370 760 3580 827 quidem
3606 771 3711 825 est,

2129 844 2270 911 quod
2302 862 2404 896 non
2440 848 2642 910 priores
2674 854 2874 900 tantum
2917 851 3215 914 pecc:iriut,
3246 851 3339 903 sed
3382 861 3435 903 et
3470 852 3559 919 qui
3593 860 3714 919 post

2130 932 2247 985 illos
2274 934 2380 986 nati
2410 943 2569 997 sunt;
2597 935 2823 989 alterum
2856 952 3002 994 vero.
3035 939 3173 1004 quod
3204 939 3291 1006 qui
3322 940 3456 992 bene
3497 955 3556 992 se
3591 954 3714 1009 δοες

2129 1024 2333 1087 serint,
2368 1024 2527 1092 idque
2552 1024 2677 1077 dum
2708 1027 2757 1079 in
2790 1028 2889 1080 hac
2917 1027 3022 1080 vita
3053 1041 3417 1092 versarentur,
3460 1029 3710 1085 leviorem

2129 1114 2474 1182 experiantur
2501 1117 2813 1170 servitutem
2840 1133 2855 1170 :
2887 1117 2967 1171 vel
2995 1120 3167 1187 potius
3194 1121 3261 1173 ab
3291 1120 3377 1174 illa
3404 1121 3608 1191 integra
3642 1121 3711 1175 li-

2131 1202 2402 1271 bercntur,
2452 1213 2509 1258 ut
2550 1206 2711 1260 etiam
2750 1208 2803 1259 in
2843 1207 3178 1271 mulieribus,
3208 1220 3263 1265 et
3291 1211 3341 1263 in
3370 1211 3617 1277 subditis,
3650 1219 3707 1267 et

2128 1296 2180 1349 in
2214 1296 2404 1351 bclluis
2445 1311 2473 1347 a
2510 1296 2666 1351 nobis
2698 1306 2973 1353 ostensum
3014 1309 3115 1353 est.
3146 1300 3381 1355 Tertium
3427 1317 3553 1356 vero
3590 1312 3711 1372 post

2128 1386 2238 1450 illa,
2290 1385 2429 1455 quod
2475 1386 2718 1440 Christus
2769 1402 2890 1441 eum
2936 1388 3274 1456 advenisset,
3318 1391 3517 1457 majora
3567 1407 3708 1449 nunc

2126 1476 2264 1531 bona
2308 1478 2377 1530 sit
2414 1476 2567 1530 nobis
2608 1477 2896 1546 pollicitus,
2941 1494 3102 1547 quam
3155 1494 3219 1533 ea
3260 1479 3451 1549 quibus
3492 1481 3703 1548 spoliati

2126 1566 2320 1621 fuimus
2344 1568 2414 1621 ab
2442 1568 2526 1632 iis,
2567 1568 2658 1636 qui
2685 1584 2715 1619 a
2752 1568 3008 1637 principio
3035 1580 3337 1639 peccaram.
3369 1568 3507 1636 Quid
3537 1570 3702 1635 enim,

2125 1672 2325 1727 qumso,
2358 1674 2497 1712 nunc
2528 1658 2708 1727 luges?
2730 1674 2797 1712 an
2828 1660 2970 1729 quod
3002 1661 3236 1715 admisso
3266 1672 3483 1729 peccato
3504 1676 3535 1716 e
3558 1676 3712 1730 para-

2124 1749 2242 1803 diso
2286 1759 2337 1802 te
2378 1748 2547 1802 Adam
2590 1749 2844 1818 ejecerit?
2887 1749 2992 1804 Fac
3043 1750 3178 1803 bona
3229 1766 3412 1819 opera,
3461 1756 3707 1806 virtutem

2123 1839 2405 1901 tumulare;
2425 1854 2523 1891 nec
2546 1839 2653 1907 jam
2682 1839 3006 1907 paradisum,
3029 1840 3125 1895 sed
3156 1841 3249 1894 tibi
3278 1841 3466 1894 caelum
3498 1855 3703 1907 resera,

2124 1943 2301 1998 neque
2332 1931 2614 1998 permitto,
2646 1938 2702 1982 ut
2725 1945 2790 1983 ex
2821 1930 2975 1997 primi
3008 1930 3243 2001 parentis
3270 1932 3706 2000 pra-varicatione

2123 2021 2251 2074 mali
2282 2021 2376 2072 tibi
2408 2020 2693 2089 quidquam
2721 2021 2991 2075 obveniat.
3023 2024 3103 2075 An
3148 2021 3318 2090 luges,
3355 2022 3497 2091 quod
3528 2023 3703 2076 domi-

2122 2121 2247 2166 natu
2276 2112 2327 2164 in
2355 2110 2494 2165 feras
2523 2112 2757 2179 privatus
2779 2112 2890 2165 sis?
2911 2112 3049 2166 Ecce
3072 2113 3164 2166 tibi
3193 2112 3464 2166 dazmones
3488 2127 3701 2183 quoque

2121 2203 2366 2272 snbjicio,
2394 2203 2437 2256 si
2468 2204 2599 2257 velis
2622 2202 2916 2257 attendere.
2945 2202 3148 2258 Calcate
3185 2218 3415 2270 namque
3436 2244 3452 2266 ,
3497 2205 3697 2271 inquit,

2120 2310 2275 2363 supra
2297 2302 2549 2363 serpentes
2575 2302 2619 2345 et
2648 2293 2958 2363 scorpiones,
2990 2303 3036 2346 et
3061 2309 3213 2361 super
3240 2309 3439 2346 onmem
3472 2292 3699 2345 virtutem

2119 2385 2310 2438 inimici
2335 2388 2351 2454 (
2374 2385 2503 2438 Luc.
2536 2383 2621 2438 10.
2660 2384 2786 2454 19).
2815 2384 2999 2453 Neque
3024 2383 3191 2450 dixit,
3227 2384 3576 2438 Dominamini
3599 2423 3611 2447 ,
3644 2393 3703 2437 ut

2118 2491 2239 2530 cum
2266 2475 2332 2529 de
2358 2476 2542 2529 bestiis
2568 2485 2749 2545 ageret
2769 2516 2783 2540 ,
2811 2475 2937 2544 sed,
2966 2475 3202 2541 Calcate,
3230 2482 3290 2529 ut
3310 2489 3577 2529 summum
3617 2476 3699 2528 iii-

2119 2568 2341 2623 duceret
2364 2568 2715 2621 dominatum.

2189 2661 2244 2715 5.
2297 2659 2585 2727 Propterea
2614 2658 2809 2713 Paulus
2842 2674 3053 2728 quoque
3079 2674 3185 2713 non
3216 2658 3369 2723 dixit,
3400 2659 3539 2712 Deus
3570 2658 3697 2713 sub-

2110 2749 2260 2819 jiciet
2304 2759 2543 2804 satanam
2583 2751 2683 2803 sub
2722 2749 2943 2818 pedibus
2988 2751 3211 2815 vestris,
3250 2749 3365 2811 sed,
3395 2748 3531 2802 Deus
3575 2764 3695 2802 con-

2115 2851 2235 2897 teret
2277 2853 2507 2897 satanam
2530 2841 2621 2895 sub
2651 2842 2858 2911 pedibus
2891 2842 3063 2895 vestris
3106 2842 3278 2911 (Rom.
3306 2841 3393 2896 16.
3426 2840 3541 2910 20).
3580 2841 3695 2895 Νοιι

2110 2932 2243 3001 jam,
2277 2939 2334 2985 ut
2358 2932 2521 3000 prius,
2546 2930 2667 3001 Ipse
2696 2932 2968 2984 observavit
3004 2942 3157 2997 caput
3195 2941 3357 2996 tuum,
3386 2942 3431 2984 et
3457 2943 3510 2983 tu
3537 2932 3696 2999 ipsius

2113 3024 2404 3075 calcaneunt
2434 3021 2713 3074 observabis
2737 3036 2755 3073 :
2798 3020 2891 3074 sed
2926 3022 3134 3088 integra
3175 3029 3259 3073 est
3296 3021 3535 3084 victoria,
3567 3036 3694 3090 per-

2113 3110 2283 3167 fectus
2311 3112 2628 3181 triumphus,
2653 3111 2805 3180 plena
2836 3119 3038 3178 strages
3068 3110 3256 3174 hostis,
3294 3110 3608 3175 internecio,
3641 3120 3696 3164 et

2112 3203 2351 3257 exitium.
2387 3202 2511 3257 Viro
2548 3212 2599 3257 te
2637 3201 2860 3271 subjecit
2904 3202 3048 3265 Eva;
3075 3215 3175 3271 ego
3216 3216 3343 3256 vero
3373 3212 3423 3257 te
3446 3217 3549 3256 non
3580 3202 3693 3255 viro

2111 3302 2337 3359 tantum,
2368 3293 2462 3349 sed
2503 3302 2557 3348 et
2597 3293 2727 3362 ipsis
2754 3293 2957 3363 angelis
2983 3292 3187 3347 honore
3213 3294 3472 3362 aequalem
3501 3293 3689 3360 reddo,

2109 3384 2155 3438 si
2180 3384 2331 3437 velis.
2364 3384 2476 3437 Vita
2515 3394 2565 3438 te
2608 3384 2855 3452 praesenti
2888 3373 3147 3452 privavit}
3179 3398 3279 3453 ego
3303 3398 3428 3437 vero
3460 3381 3687 3437 futuram

2110 3476 2205 3531 tibi
2231 3476 2448 3546 largioi,
2490 3490 2803 3545 perennem,
2852 3475 3228 3541 immortalem,
3266 3484 3320 3529 et
3358 3474 3509 3528 bonis
3535 3475 3691 3528 innuo

2107 3568 2270 3622 nteris
2296 3566 2702 3625 redwdaiitetn.
2723 3565 2891 3620 Nemo
2911 3567 3072 3635 igitur
3098 3576 3313 3635 promer
3341 3567 3461 3621 illos
3485 3566 3688 3634 priores

2107 3659 2303 3714 damno
2342 3675 2402 3713 se
2447 3658 2692 3713 allectum
2741 3659 3067 3714 arbitretur:
3123 3658 3319 3713 etenim
3365 3658 3412 3714 si
3463 3658 3688 3712 velimus

2106 3750 2308 3814 omnia,
2360 3764 2479 3815 quae
2520 3748 2675 3802 nobis
2719 3748 3005 3817 largiturus
3055 3758 3157 3813 est,
3201 3748 3466 3817 persequi,
3520 3747 3687 3801 multo

2105 3840 2308 3907 majora
2353 3839 2453 3903 his,
2482 3854 2601 3906 quae
2632 3838 2930 3903 amisimus,
2958 3838 3114 3891 nobis
3156 3853 3276 3892 esse
3316 3837 3509 3891 donata
3540 3852 3689 3892 com-

2107 3930 2395 4000 periemus.
2435 3928 2699 3983 therum
2737 3943 2803 3982 ex
2851 3929 2938 3991 iis,
2970 3944 3089 3997 quae
3126 3928 3266 3983 dicta
3294 3938 3437 3994 sunt,
3468 3930 3534 3983 de
3560 3930 3687 3984 reli-

2105 4020 2226 4088 quis
2251 4019 2409 4073 etiam
2438 4017 2720 4073 constabit.
2767 4016 3113 4071 Laboriosum
3155 4018 3389 4072 Adamus
3414 4019 3576 4073 vitam
3609 4019 3689 4072 in-

2105 4108 2289 4171 vexit;
2319 4117 2374 4161 at
2401 4107 2643 4162 Christus
2672 4107 2828 4161 vitam
2864 4108 3127 4176 promisit,
3162 4108 3301 4163 unde
3340 4109 3470 4178 fugit
3509 4108 3679 4175 dolor,

2105 4198 2338 4260 tristitia,
2368 4206 2420 4251 et
2444 4198 2691 4266 gemitus,
2728 4212 2892 4267 seque
2921 4213 3143 4267 regnum
3182 4198 3431 4252 ca'lorum
3464 4198 3683 4267 largitu-

2103 4304 2220 4343 rum
2250 4288 2551 4357 pollicetur.
2594 4286 2764 4342 Venite
2793 4304 3042 4358 namque,
3087 4290 3276 4359 inquit,
3318 4290 3557 4344 benedicti
3576 4288 3684 4343 Pa-

2104 4380 2194 4432 tris
2211 4379 2323 4441 ntei,
2355 4380 2601 4448 possidete
2621 4390 2851 4447 paratum
2877 4379 3013 4432 vobis
3038 4395 3250 4447 regnum
3276 4397 3308 4433 a
3331 4381 3684 4435 constitutione

2102 4471 2296 4523 mundi.
2313 4468 2514 4524 Esurivi
2534 4471 2686 4536 enim,
2712 4480 2759 4523 et
2787 4470 2994 4525 dedistis
3017 4472 3139 4526 milti
3160 4473 3501 4527 manducare:
3526 4473 3678 4536 silici,

2100 4570 2149 4615 et
2172 4561 2379 4615 dedistis
2405 4562 2527 4614 milii
2552 4560 2713 4616 bibere
2736 4578 2755 4615 :
2785 4563 2964 4631 hospes
2989 4579 3147 4630 «ain,
3186 4575 3235 4620 et
3265 4566 3536 4635 collegistis
3568 4579 3683 4618 me:

2101 4653 2268 4706 nudus
2301 4667 2463 4716 eram,
2496 4660 2541 4704 et
2573 4652 2898 4720 cooperuistis
2926 4669 3003 4707 me
3025 4668 3044 4704 :
3072 4654 3124 4706 in
3161 4670 3377 4721 carcere,
3407 4666 3450 4705 et
3481 4654 3681 4707 venistis

2100 4744 2169 4797 ad
2197 4759 2274 4796 me
2296 4741 2503 4812 (Matth.
2533 4742 2621 4795 25.
2654 4742 2721 4794 56
2742 4770 2767 4781 -
2789 4742 2904 4811 56).

2173 4835 2388 4889 Moralis
2402 4833 2646 4904 epilogus.
2672 4831 2922 4885 Hortatur
2940 4832 3009 4884 ad
3028 4832 3411 4903 eleemosynam.
3428 4864 3499 4876 —-
3517 4834 3680 4891 Num-

2101 4928 2226 4998 quid
2256 4928 2415 4995 igitur
2441 4940 2538 4979 nos
2578 4940 2790 4994 quoque
2835 4923 3044 4978 beatam
3085 4925 3228 4978 illam
3262 4942 3447 4981 Vocem
3492 4927 3677 4984 audie-

2103 5017 2263 5073 mus?
2291 5016 2550 5087 Equidem
2589 5032 2698 5071 non
2735 5016 3018 5070 admodum
3055 5016 3104 5071 id
3134 5017 3306 5073 ausim
3344 5033 3676 5083 asseverare,

2102 5109 2397 5178 prmsertim
2428 5122 2548 5160 cum
2576 5120 2839 5176 pauperes
2868 5105 3021 5161 valde
3044 5119 3469 5163 contemnamus.
3488 5108 3678 5175 Jejunii

2103 5207 2308 5267 tempus
2332 5206 2435 5262 est,
2467 5205 2542 5250 tot
2567 5195 2963 5251 cohortationes
2989 5199 3140 5259 tiunt.
3186 5206 3262 5253 tot
3302 5199 3550 5253 salutaria
3578 5198 3679 5252 do-

2100 5299 2342 5344 cumenta
2376 5298 2756 5357 proponuntur,
2801 5303 2984 5356 preces
3021 5290 3307 5352 continuae,
3354 5289 3676 5358 quotidiana!

2101 5378 2358 5437 collecta},
2385 5377 2511 5446 quid
2544 5386 2718 5431 tamen
2760 5388 2878 5446 post
2909 5387 3107 5432 tantam
3151 5394 3330 5433 curam
3372 5380 3469 5433 ista
3515 5380 3679 5449 profi-

2100 5468 2288 5524 ciunt?
2317 5467 2457 5521 Nihil
2490 5467 2664 5537 plane.
2696 5469 2829 5523 llinc
2855 5471 2996 5523 enim
3027 5469 3324 5523 recedimus
3353 5471 3540 5525 ordine
3567 5471 3678 5526 dis-

2100 5560 2271 5629 posita
2302 5574 2590 5629 pauperum
2617 5561 2825 5629 agmina
2860 5560 2985 5614 hinc
3018 5560 3141 5615 inde
3177 5562 3431 5616 stantium
3461 5563 3673 5621 intuen-

2101 5659 2214 5717 tes;
2241 5661 2295 5706 et
2321 5651 2469 5722 quasi
2503 5650 2798 5716 columnas,
2841 5665 2947 5705 non
2982 5649 3211 5706 humana
3238 5666 3460 5724 corpora
3490 5670 3681 5713 cerne»

2101 5757 2301 5811 remus,
2345 5742 2423 5800 sic
2460 5742 2658 5812 absque
2706 5742 3066 5799 misericordia
3109 5746 3459 5817 prtetcrimus.
3492 5747 3672 5819 itaque
