4146 6260
478 321 589 378 603

480 452 588 491 non
615 449 771 491 secus
796 449 860 489 ac
882 434 928 489 si
951 441 1151 488 statuas
1172 431 1344 484 anima
1371 437 1637 490 carentes,
1663 439 1768 478 non
1795 423 2063 490 spirantes

481 527 727 582 homines
755 534 1137 596 spectaremus,
1157 521 1225 574 ita
1246 519 1463 574 domum
1491 528 1855 587 properamus.
1890 512 2063 567 Enim-

479 631 611 672 vero
630 616 799 671 fames
827 614 987 685 cogit,
1017 612 1277 681 inquiunt.
1302 610 1413 664 Imo
1441 605 1668 662 suadere
1688 604 1847 660 debet
1872 603 2058 668 fames,

480 716 542 763 ut
569 707 827 762 subsistas
851 722 867 771 ;
897 703 1177 773 siquidem,
1207 709 1269 756 ut
1289 700 1503 771 vulgato
1547 697 1713 753 fertur
1751 694 2057 766 proverbio,

479 797 629 854 Pleni
670 806 883 851 ventres
923 794 1226 850 esurientes
1263 807 1369 847 non
1408 800 1671 847 noverunt
1698 805 1711 840 :
1736 798 1790 843 at
1826 785 1915 855 qui
1946 800 2063 840 esu-

482 888 628 942 riunt
664 901 731 942 ex
776 886 1093 941 necessitate
1117 897 1214 941 sua
1258 883 1419 939 etiam
1456 881 1689 937 alienam
1730 884 2057 949 agnoscunt;

481 979 567 1032 vel
599 978 777 1048 potius
803 992 874 1033 ne
899 977 977 1032 sic
1002 974 1218 1047 quidem
1250 974 1363 1029 ﬁeri
1390 982 1583 1043 potest,
1615 980 1674 1026 ut
1712 970 1856 1025 illam
1895 978 2057 1023 totam

478 1079 814 1141 perspectam
858 1069 1107 1123 habeant.
1158 1067 1293 1123 Nam
1336 1074 1390 1120 tu
1435 1064 1649 1135 quidem
1697 1062 1764 1117 ad
1817 1068 2059 1132 paratam

478 1175 720 1215 mensam
756 1160 994 1227 festinas,
1037 1169 1092 1215 et
1123 1174 1191 1213 ne
1216 1158 1285 1213 ad
1323 1158 1587 1213 modicum
1609 1154 1824 1224 quidem
1851 1162 2058 1220 tempus

477 1261 633 1322 potes
656 1262 1005 1320 exspectare:
1039 1265 1240 1321 pauper
1264 1258 1441 1305 autem
1472 1256 1579 1303 stat
1605 1246 1672 1301 ad
1701 1250 1866 1315 ipsam
1890 1257 2058 1312 usque

476 1357 757 1412 vesperam
778 1342 1032 1399 festinans
1059 1352 1113 1397 et
1142 1341 1330 1397 sedulo
1354 1339 1686 1404 incumbens,
1712 1345 1771 1391 ut
1796 1334 2058 1405 quotidia-

476 1449 605 1489 num
650 1434 845 1489 victum
870 1441 1178 1502 comparet:
1203 1446 1430 1500 cumque
1452 1431 1593 1485 diem
1617 1427 1822 1483 ﬁnitum
1844 1425 2056 1490 viderit,

476 1524 756 1597 pecuniam
782 1539 914 1579 vero
942 1524 1177 1578 nondum
1201 1532 1362 1579 totam
1383 1522 1681 1585 collectam,
1700 1532 1817 1587 qua:
1836 1517 1903 1572 ad
1927 1530 2063 1585 quo-

477 1614 737 1669 tidianum
766 1614 963 1669 victum
992 1613 1241 1678 sufficiat,
1272 1612 1418 1667 dolet
1448 1619 1503 1665 et
1526 1607 1880 1672 exrandescit,
1911 1615 1966 1661 et
1990 1605 2059 1661 ad

476 1716 542 1757 ea
571 1717 690 1771 mne
730 1703 873 1757 vires
920 1702 1082 1772 ipsius
1126 1702 1392 1758 excedunt
1427 1699 1669 1755 audenda
1698 1696 2053 1765 compellitur.

477 1792 603 1848 Ideo
628 1794 729 1849 sub
752 1808 1029 1865 vesperam
1053 1793 1425 1850 vehementius
1454 1809 1551 1847 nos
1585 1790 1840 1846 invadunt
1871 1789 2059 1857 juran.

478 1890 582 1950 tes,
608 1883 932 1952 adiurantes,
965 1885 1233 1955 lugentes,
1267 1882 1557 1952 plorantes,
1598 1896 1787 1937 manus
1831 1878 2055 1934 tenden-

475 1980 579 2038 tes,
604 1973 705 2028 alia
731 1974 1006 2031 innumera
1038 1975 1372 2044 impudenter
1393 1989 1551 2044 agere
1574 1972 1764 2029 coacti.
1794 1971 2059 2026 Verentur

477 2063 619 2118 enim
673 2078 762 2129 ne,
806 2079 931 2120 cum
973 2081 1161 2121 omnes
1198 2068 1411 2121 domum
1458 2067 1797 2129 recesserint,
1838 2063 1890 2116 in
1922 2065 2058 2123 urbe

478 2161 748 2224 tamquam
779 2155 831 2209 in
857 2155 1070 2211 deserto
1097 2157 1205 2211 siut
1231 2157 1459 2213 erraturi
1492 2165 1590 2213 vet
1614 2158 1748 2211 sicut
1778 2156 1870 2227 qui
1895 2157 2057 2213 inter.

476 2245 568 2301 ditt
596 2246 923 2317 naufragium
952 2250 1211 2312 fecerunt,
1239 2250 1415 2305 tabula
1445 2257 1676 2321 arrepta,
1707 2258 1831 2304 ante
1869 2263 2058 2317 vespe-

474 2351 592 2392 ram
616 2338 681 2391 ad
711 2348 919 2406 portum
947 2341 1229 2409 pervenire
1256 2340 1525 2407 festinant,
1549 2356 1617 2395 ne
1642 2340 1775 2394 forte
1803 2355 1922 2394 cum
1951 2354 2057 2397 nox

475 2427 772 2493 advenerit,
828 2429 958 2485 foris
1008 2442 1288 2487 manentes
1333 2431 1547 2502 gravius
1593 2430 1928 2501 naufragium
1956 2445 2056 2501 pa-

476 2520 675 2572 tiantur
700 2538 715 2573 :
751 2519 819 2574 ita
850 2529 906 2574 et
929 2536 1190 2591 pauperes
1218 2522 1343 2576 dum
1384 2522 1578 2578 famem
1623 2531 1892 2591 tamquam
1922 2536 2056 2576 nati-

475 2607 699 2679 fragium
743 2611 1144 2680 pertimescunt,
1190 2620 1315 2668 ante
1355 2626 1631 2682 vesperam
1673 2611 1950 2681 pecuniam
1988 2610 2055 2665 ad

475 2698 723 2753 diurnum
756 2700 955 2754 victum
1004 2699 1357 2755 sufficientem
1404 2701 1655 2773 colligere
1686 2700 1957 2763 festinant,
1988 2715 2057 2758 ne

473 2804 594 2842 cum
621 2805 809 2845 omnes
828 2791 1047 2846 domum
1072 2790 1431 2857 discesserint,
1461 2801 1609 2847 extra
1640 2802 1849 2860 portum
1877 2806 2057 2850 rema-

475 2890 657 2937 neant.
682 2883 873 2938 Portus
891 2884 1033 2938 enim
1066 2884 1170 2939 illis
1191 2894 1315 2940 sunt
1339 2900 1523 2940 eorum
1550 2900 1760 2953 ntanus,
1782 2886 1872 2955 qui
1898 2899 2055 2956 opem

474 2971 670 3027 ferunt.

543 3064 597 3118 4.
630 3063 920 3133 Pauperum
950 3066 1183 3119 miseram
1217 3066 1553 3121 conditionem
1588 3067 1857 3134 describit,
1886 3070 2056 3124 diviti.

474 3156 659 3225 basque
682 3155 923 3210 duritiam
965 3159 1131 3211 cordis
1160 3158 1445 3227 exprobrat.
1469 3188 1543 3200 —-
1570 3162 1640 3214 At
1674 3175 1772 3215 nos
1801 3178 1975 3232 neque
2002 3164 2054 3219 in

473 3246 590 3299 foro
613 3246 999 3302 calamitatibus
1024 3262 1211 3303 eorum
1250 3266 1654 3306 commovemur
1675 3292 1691 3316 ,
1738 3268 1910 3323 neque
1933 3269 2055 3310 cum

472 3335 693 3389 domum
718 3338 921 3391 reversi
948 3352 1131 3392 sumus
1164 3355 1179 3391 :
1212 3339 1306 3393 sed
1328 3350 1527 3395 etcum
1563 3357 1748 3397 mensa
1783 3344 1936 3400 nobis
1960 3361 2056 3416 ap-

473 3426 646 3493 posita
665 3422 821 3480 fuerit
845 3466 860 3491 ,
904 3440 1048 3495 sepe
1076 3426 1294 3482 infinitis
1338 3428 1492 3484 bonis
1522 3429 1718 3487 referta
1758 3434 2055 3504 (siquidem

472 3529 537 3569 ea
587 3514 722 3569 bona
749 3516 983 3570 vocanda
1013 3526 1136 3571 sunt
1163 3533 1283 3588 quae
1323 3519 1391 3573 ad
1429 3527 1625 3576 nostra:
1658 3522 2056 3582 inlmmanitatis

472 3605 970 3662 condemnationem
1015 3611 1426 3681 comedimus),
1481 3628 1845 3673 verumtamen
1893 3619 2052 3673 etiam

472 3709 594 3750 cum
624 3698 860 3767 apposita
889 3697 1049 3754 fuerit
1076 3716 1284 3768 mensa,
1312 3703 1436 3757 dum
1463 3719 1560 3774 per
1577 3706 1887 3777 angiportus
1915 3708 2053 3764 infe—

471 3786 585 3840 rius
628 3787 749 3842 illos
796 3788 1103 3845 incedentes
1144 3791 1424 3857 audimus,
1469 3801 1524 3850 et
1560 3795 1613 3850 in
1653 3799 1825 3853 triviis
1862 3815 2052 3872 magna

471 3893 604 3935 voce
631 3881 957 3947 clamantes,
1002 3883 1281 3953 profundis
1320 3878 1573 3942 dolentes
1598 3888 1650 3943 in
1680 3890 1913 3946 tenebris
1935 3931 1952 3956 ,
1998 3896 2051 3949 ia

468 3970 634 4024 multa
666 3972 980 4038 solitudine,
1028 3990 1095 4029 ne
1122 3976 1200 4029 sic
1222 3976 1436 4045 quidem
1476 3993 1878 4036 commovemur
1908 4000 1923 4036 :
1953 3983 2053 4040 sed

470 4067 528 4113 et
555 4060 719 4113 saturi
746 4060 871 4116 dum
900 4061 968 4117 ad
1009 4078 1256 4119 somnum
1299 4080 1399 4120 nos
1438 4070 1832 4135 convertimus,
1864 4080 1919 4127 et
1960 4074 2053 4129 illo

469 4163 656 4203 rursus
683 4160 923 4221 tempore
948 4154 1127 4207 multis
1165 4156 1488 4211 clamoribus
1524 4158 1762 4215 dolorem
1796 4171 2053 4221 testantes

471 4239 738 4303 audimus,
770 4242 920 4309 quasi
963 4243 1204 4297 rabidum
1234 4259 1423 4300 canem
1444 4286 1461 4311 ,
1506 4262 1611 4301 non
1637 4247 1921 4306 humanam
1950 4269 2051 4310 vo-

474 4343 587 4383 cem
610 4329 935 4397 audiremus,
962 4332 1033 4386 ita
1063 4335 1398 4403 praeterimus
1422 4354 1437 4392 :
1466 4348 1518 4392 et
1546 4353 1719 4410 neque
1743 4341 2056 4402 difficultate

473 4421 731 4489 temporis
761 4437 1057 4489 movemur,
1085 4426 1225 4496 quod
1255 4427 1569 4501 intempesta
1598 4442 1756 4490 nocte
1779 4435 2051 4495 dormien—

470 4511 614 4566 tibus
640 4513 888 4570 omnibus
913 4516 1232 4575 lamentetur
1256 4520 1349 4576 ille
1370 4523 1536 4591 solus,
1566 4541 1741 4596 neque
1763 4531 1903 4599 quod
1931 4547 2049 4601 per-

468 4606 716 4677 exiguum
746 4609 871 4679 quid
912 4612 1175 4681 postulet,
1224 4615 1365 4683 quod
1390 4616 1519 4670 nihil
1547 4619 1774 4689 amplius
1820 4638 1851 4677 a
1894 4625 2049 4683 nobis

467 4711 628 4767 quam
656 4714 845 4769 panem
865 4742 880 4769 ,
925 4712 1016 4757 aut
1042 4705 1256 4775 paulum
1283 4709 1486 4779 argenti
1510 4720 1687 4781 petat,
1730 4729 1902 4785 neque
1931 4732 2047 4772 ma-

465 4787 742 4857 gnitudine
762 4792 1078 4850 calamitatis
1103 4835 1117 4860 ,
1153 4796 1296 4866 quod
1326 4809 1580 4868 perpetua
1610 4802 1745 4859 fame
1770 4805 2047 4863 c0nllicte-

468 4886 576 4945 tur,
612 4896 784 4952 neque
827 4884 1089 4940 modestia
1128 4887 1494 4958 supplicantis,
1524 4893 1752 4960 quicum
1783 4904 1927 4951 tanta
1952 4913 2049 4956 ne-

464 4971 715 5025 cessitate
756 4985 1054 5042 prematur,
1096 4992 1199 5031 non
1243 4978 1309 5033 ad
1349 4979 1489 5036 fores
1521 4983 1776 5042 accedere
1814 4987 2045 5056 audeat,

467 5076 573 5117 nan
598 5064 843 5119 cominus
871 5076 1030 5131 stare,
1063 5068 1155 5123 sed
1187 5069 1404 5125 inferius
1425 5072 1581 5144 longo
1610 5085 1847 5132 remotus
1876 5089 2042 5135 Inter-

464 5159 607 5213 vallo
636 5158 1074 5231 supplicationem
1117 5174 1266 5216 suam
1295 5164 1505 5219 offerat.
1544 5167 1620 5222 Ac
1648 5169 1691 5222 si
1713 5170 1922 5239 quidem
1953 5187 2045 5227 ac-

465 5249 667 5318 cipiat,
709 5249 1013 5306 innumeras
1042 5267 1227 5321 preces
1265 5255 1549 5324 rependit:
1577 5258 1623 5313 si
1651 5273 1754 5314 non
1796 5262 2040 5330 accipiat,

467 5355 532 5394 ne
553 5341 631 5395 sic
649 5341 861 5411 quidem
885 5357 1130 5412 asperum
1157 5345 1375 5400 verbum
1393 5348 1607 5413 emittit,
1638 5364 1809 5420 neque
1836 5354 2044 5421 probris

463 5430 754 5486 insectatur
775 5442 868 5488 aut
890 5434 1110 5490 infamat
1134 5450 1250 5502 eos,
1277 5436 1367 5506 qui
1392 5451 1512 5492 cum
1540 5438 1669 5495 dare
1696 5443 1920 5510 possint,
1963 5446 2045 5499 ni-

466 5519 537 5574 hil
571 5522 810 5589 praebent
837 5541 851 5578 :
883 5524 976 5580 sed
1018 5534 1076 5580 ut
1113 5527 1371 5597 quispiam
1401 5527 1525 5582 dum
1554 5529 1620 5585 ad
1651 5531 2039 5595 intolerandum

463 5612 729 5679 quoddam
755 5615 1073 5689 supplicium
1103 5633 1133 5670 a
1157 5618 1404 5675 carniﬁce
1428 5620 1636 5675 ducitur
1658 5663 1672 5688 ,
1700 5624 1892 5679 deinde
1917 5642 2040 5682 cum

463 5712 848 5771 praetereuntes
869 5722 1056 5763 omnes
1079 5709 1363 5766 cohortans
1385 5722 1439 5768 et
1479 5712 1769 5771 obsecrans
1786 5756 1802 5784 ,
1835 5718 2035 5775 nullum

1252 318 1308 372 S.
1350 314 1629 370 JOANNIS
1667 303 2143 367 CllﬂYSOSTOMl
2181 303 2503 363 ARCHIEP.
2541 308 3074 367 CONSTANTINOP.

3647 317 3753 375 604

2174 417 2468 475 subsidium
2497 421 2740 476 obtinere
2766 423 3015 491 potuerit,
3040 422 3200 477 multa
3225 437 3345 480 cum
3370 424 3755 489 inhumanitate

2170 509 2235 564 ad
2264 511 2578 581 supplicium
2608 512 2852 567 ducitur:
2882 514 2952 567 ita
2983 513 3069 569 hic
3097 529 3306 585 quoque
3335 517 3458 570 dum
3482 528 3750 588 tamquam

2167 616 2196 657 a
2219 602 2469 658 carnifice
2500 603 2725 660 trahitur
2752 605 2817 658 ad
2845 616 3055 661 noctem
3081 620 3110 660 a
3136 605 3297 672 fame,
3323 618 3485 680 atque
3512 611 3579 664 ad
3611 613 3747 682 vigi-

2168 692 2265 746 lias
2307 695 2667 751 intolerabiles
2690 738 2705 760 ,
2758 710 2946 752 manus
2972 697 3141 752 tendit
3159 739 3173 761 ,
3212 709 3267 753 et
3295 700 3600 756 vehementi
3627 720 3748 759 cunt

2165 782 2401 838 clamore
2448 800 2657 841 sursum
2688 786 2741 840 in
2769 787 2974 842 ardihus
3002 788 3249 844 sedentes
3274 789 3602 859 deprecans,
3651 809 3752 850 nec

2167 872 2327 926 ullum
2359 873 2701 930 humanitatis
2740 877 2993 932 auxilium
3043 878 3369 947 impetrans,
3414 896 3537 936 cum
3586 886 3747 939 multa

2164 964 2479 1022 crudelitate
2520 968 3012 1024 immisericortliter
3036 970 3368 1026 amandatur.
3398 972 3539 1029 Nihil
3573 985 3748 1032 tamen

2164 1055 2353 1113 horum
2383 1073 2481 1115 nos
2515 1060 2731 1115 inﬂectit
2750 1103 2767 1126 ,
2812 1062 2905 1116 sed
2927 1072 3046 1130 post
3076 1071 3273 1116 tantam
3309 1064 3747 1125 inhumanitatem

2164 1162 2352 1202 manus
2382 1147 2433 1201 in
2460 1151 2649 1203 caelum
2676 1150 2896 1206 tendere
2920 1150 3177 1207 audemus
3201 1194 3217 1217 ,
3264 1168 3326 1208 ac
3352 1154 3421 1209 de
3445 1155 3749 1212 misericor-

2162 1235 2247 1293 dia
2277 1236 2417 1305 apud
2458 1238 2621 1293 Deum
2648 1240 2807 1294 verba
2834 1240 3011 1296 facere
3034 1282 3051 1306 ,
3095 1244 3412 1314 veniamque
3441 1256 3744 1303 nostrorum

2162 1325 2478 1383 delictorum
2508 1331 2817 1399 postulare;
2872 1347 2972 1387 nec
3002 1333 3249 1388 timemus
3268 1376 3283 1398 ,
3324 1351 3391 1390 ne
3420 1335 3583 1397 finitis
3606 1339 3750 1409 ejus-

2163 1417 2306 1471 modi
2336 1420 2582 1486 precibus
2610 1430 2728 1490 post
2771 1432 2967 1477 tantam
3010 1423 3378 1482 crudelitatem
3419 1438 3473 1483 et
3503 1429 3744 1484 immani~

2163 1517 2322 1565 tatem
2348 1511 2415 1566 de
2438 1512 2571 1568 caelo
2597 1513 2792 1571 fulmen
2824 1514 2876 1568 in
2909 1530 3007 1570 nos
3032 1526 3170 1571 ruat.
3201 1517 3323 1586 Qui,
3353 1534 3552 1589 quaeso,
3582 1520 3658 1588 ﬁt,
3687 1532 3745 1577 ut

2161 1612 2281 1653 cum
2303 1600 2368 1654 ad
2392 1616 2635 1656 somnum
2657 1612 2712 1658 et
2737 1604 2970 1673 quietem
2994 1606 3283 1677 pergimus,
3310 1620 3416 1662 non
3441 1624 3741 1681 vereamur,

2162 1705 2230 1744 ne
2255 1690 2411 1746 nobis
2442 1691 2527 1748 hic
2554 1692 2670 1767 ipse
2695 1709 2896 1764 pauper
2925 1696 2976 1750 in
3016 1698 3217 1753 somnis
3254 1712 3516 1769 apparens
3542 1702 3740 1770 squali-

2161 1777 2284 1845 dus,
2315 1780 2586 1849 sordidus,
2617 1784 2806 1852 pannis
2832 1783 3058 1851 obsitus,
3086 1786 3426 1854 lamentetur,
3456 1805 3518 1845 ac
3544 1790 3741 1861 lugeat,

2160 1876 2217 1922 et
2252 1870 2621 1926 crudelitatem
2668 1874 2996 1943 exprobret?
3038 1875 3129 1931 Sic
3170 1877 3313 1933 enim
3343 1880 3541 1935 multos
3564 1882 3741 1941 audivi

2160 1957 2399 2014 dicentes
2423 1975 2497 2031 se
2525 2002 2542 2027 ,
2591 1976 2712 2017 cum
2761 1962 2829 2018 de
2877 1964 2963 2020 die
2991 1968 3310 2038 pauperibus
3335 1970 3618 2026 subvenire
3648 1989 3740 2029 ne-

2160 2048 2466 2118 glexissent,
2488 2053 2632 2108 visos
2656 2053 2755 2108 sibi
2781 2054 2849 2110 de
2871 2068 3025 2112 nocte
3047 2056 3260 2114 funibus
3285 2064 3596 2119 constrictos
3617 2080 3740 2135 ege-

2160 2155 2351 2195 norum
2370 2157 2525 2198 manu
2549 2143 2707 2209 trahi,
2732 2148 2981 2211 cruciari,
3005 2158 3059 2203 et
3083 2149 3375 2206 innumeris
3404 2154 3556 2209 malis
3578 2155 3737 2212 afﬁci.

2160 2229 2266 2286 Sed
2295 2230 2407 2287 haec
2429 2233 2643 2302 quidem
2670 2250 2890 2292 somnus
2906 2248 3030 2293 sunt
3048 2249 3103 2295 et
3128 2241 3473 2306 insomnium,
3498 2259 3561 2299 ac
3584 2261 3738 2315 pinna

2160 2325 2477 2391 temporaria
2506 2343 2518 2380 :
2551 2342 2651 2382 nos
2677 2338 2854 2384 autem
2874 2344 3051 2386 nonne
3077 2333 3381 2396 metuimus,
3431 2351 3633 2406 quaeso,
3673 2354 3741 2395 ne

2159 2412 2371 2482 quando
2398 2429 2682 2486 pauperem
2707 2417 2846 2474 hunc
2867 2419 3270 2490 lamentantem,
3302 2424 3619 2481 clamantem
3637 2469 3652 2493 ,
3680 2437 3738 2484 et

2161 2504 2457 2572 plorantem
2484 2508 2533 2560 in
2558 2508 2786 2564 Abrahae
2801 2509 2920 2565 sinu
2940 2513 3236 2579 videamus,
3258 2525 3316 2570 ut
3337 2517 3462 2571 olim
3485 2518 3739 2575 Lazarum

2160 2596 2249 2652 ille
2271 2598 2463 2653 dives?
2487 2600 2617 2669 Qua:
2642 2617 2771 2657 vero
2799 2611 2855 2658 et
2881 2614 3175 2675 sequuntur
3205 2608 3357 2675 inde,
3390 2620 3579 2665 vestrae
3607 2626 3739 2667 con-

2159 2687 2398 2743 scientia:
2423 2691 2724 2761 colligenda
2753 2694 3016 2765 relinquo,
3043 2699 3354 2767 peracerba,
3379 2710 3435 2755 et
3456 2701 3742 2759 intoleran-

2158 2779 2225 2835 da
2253 2781 2341 2835 illa
2369 2790 2646 2850 tormenta,
2674 2800 2786 2855 quo
2814 2795 2972 2856 pacto
2999 2803 3188 2859 aquam
3209 2790 3441 2861 petierit,
3462 2808 3567 2864 quo
3589 2804 3741 2864 pacto

2159 2889 2228 2928 ne
2251 2882 2452 2943 guttam
2477 2876 2695 2947 quidem
2724 2877 3035 2945 obtinuerit,
3068 2896 3174 2951 quo
3205 2891 3358 2951 pacto
3387 2886 3619 2940 cruciata
3641 2886 3740 2941 lin-

2157 2978 2259 3032 gua
2290 2963 2467 3031 fuerit,
2495 2966 2763 3035 quomodo
2789 2979 2907 3037 post
2935 2970 3129 3025 multas
3157 2986 3344 3040 preces
3369 2972 3511 3028 fusas
3537 2975 3735 3031 nullam

2161 3054 2320 3109 fuerit
2356 3056 2564 3111 veniam
2603 3070 3002 3127 consequutus,
3052 3069 3109 3116 et
3155 3063 3425 3132 quomodo
3468 3065 3739 3135 suppliciis

2162 3154 2501 3216 torqueretur
2527 3149 2760 3204 aeternis.
2787 3151 2857 3204 At
2884 3150 3025 3205 enim
3055 3152 3193 3207 absit
3230 3162 3290 3207 ut
3317 3153 3416 3209 ista
3447 3170 3546 3211 nos
3573 3171 3737 3226 expe-

2159 3234 2390 3290 rimento
2418 3251 2698 3291 noscamus
2720 3277 2737 3305 ,
2791 3240 2886 3293 sed
2911 3255 2972 3295 ea
3001 3248 3203 3296 tantum
3243 3242 3382 3298 dicta
3428 3244 3736 3313 audientes,

2158 3326 2332 3379 minas
2351 3328 2603 3397 operibus
2629 3329 2801 3385 illatas
2820 3331 3101 3399 evitemus,
3120 3348 3183 3389 ac
3208 3334 3349 3405 digni
3373 3336 3584 3403 redditi,
3605 3354 3739 3407 quos

2160 3431 2390 3486 proavus
2415 3420 2681 3475 Abraham
2711 3422 2934 3479 comiter
2956 3439 3019 3479 ac
3044 3438 3385 3495 peramanter
3403 3430 3651 3500 excipiat,
3673 3430 3739 3487 ad

2158 3506 2404 3562 eumdem
2436 3524 2558 3563 cum
2585 3510 2676 3563 illo
2699 3514 2979 3581 pervenire
3015 3515 3187 3585 locum
3231 3519 3529 3587 possimus,
3574 3521 3737 3592 gratia

2158 3604 2213 3651 et
2242 3597 2565 3671 benignitate
2597 3601 2804 3658 Domini
2832 3605 2998 3660 nostri
3029 3605 3153 3661 Jesu
3194 3606 3425 3674 Christi,
3476 3625 3595 3664 cum
3634 3626 3738 3680 quo

2158 3686 2299 3742 Patri
2323 3689 2511 3756 gloria,
2532 3688 2722 3756 honor,
2746 3691 3049 3763 imperium,
3069 3713 3169 3750 una
3186 3713 3304 3752 cum
3321 3698 3516 3768 Spiritu
3534 3709 3738 3770 sancto,

2159 3795 2301 3837 nunc
2329 3789 2383 3837 et
2407 3796 2637 3853 semper,
2671 3793 2724 3840 et
2746 3785 2798 3839 in
2828 3788 3023 3842 saecula
3050 3790 3385 3846 smculorum.
3412 3797 3605 3849 Amen.

2719 3917 2951 3976 SERMO
2989 3921 3054 3976 v1
3079 3921 3177 3995 (α).

2154 4046 2234 4104 De
2276 4049 2431 4119 ligno,
2479 4067 2547 4106 an
2588 4068 2651 4107 ex
2700 4070 2756 4107 eo
2790 4056 3121 4124 cognitionem
3152 4058 3269 4112 boni
3291 4069 3338 4113 et
3363 4060 3487 4114 mali
3515 4060 3737 4117 Adamtts

2224 4142 2437 4210 adeptus
2456 4144 2541 4207 sit,
2568 4161 2634 4197 an
2660 4161 2772 4199 vero
2802 4156 3066 4216 antequam
3108 4150 3293 4213 ederet,
3320 4151 3414 4207 hac
3438 4154 3738 4223 dignoscan-

2225 4231 2278 4283 di
2304 4232 2544 4299 facultate
2570 4234 2809 4301 prteditns
2837 4236 2985 4304 fuerit
3019 4254 3037 4292 :
3063 4239 3277 4310 itemque
3324 4242 3386 4296 de
3421 4244 3646 4314 jejunio,
3691 4255 3736 4300 et

2224 4321 2358 4391 quod
2377 4333 2601 4389 oporteat
2630 4324 2768 4377 domi
2800 4328 3031 4382 meditari
3055 4346 3167 4399 quae
3190 4332 3243 4385 in
3270 4333 3471 4389 ecclesia
3501 4336 3737 4391 dicuntur

2224 4412 2243 4480 (
2270 4411 2393 4466 Gen.
2419 4412 2473 4466 2.
2500 4415 2584 4468 17.
2607 4431 2715 4485 sqq.
2750 4416 2790 4486 ).

2224 4524 2278 4580 l.
2320 4522 2523 4589 Quanto
2576 4527 2747 4580 utilius
2786 4530 2852 4582 sit
2888 4529 3209 4587 concionibus
3256 4533 3492 4588 interesse
3516 4574 3533 4600 ,
3583 4551 3735 4605 quam

2155 4616 2384 4685 profanis
2410 4617 2747 4672 conventibus.
2777 4647 2847 4658 —
2872 4618 3138 4687 Jejunium
3166 4622 3375 4692 quidem
3404 4625 3565 4695 diligo
3591 4627 3732 4696 quod

2155 4707 2516 4775 temperantia:
2551 4708 2621 4761 sit
2656 4724 2868 4777 parens,
2900 4719 2954 4765 et
2976 4712 3092 4767 fons
3117 4713 3291 4769 omnis
3334 4717 3685 4786 philosophiae
3716 4737 3732 4773 :

2152 4794 2247 4850 sed
2299 4805 2355 4851 et
2401 4797 2528 4852 illud
2564 4807 2778 4868 propter
2807 4815 2902 4854 vos
2918 4801 3103 4870 diligo,
3132 4813 3188 4858 et
3237 4816 3456 4876 propter
3501 4818 3732 4865 vestram

2152 4888 2447 4953 Caritatem,
2469 4889 2607 4957 quod
2637 4890 2775 4945 hunc
2788 4891 2917 4947 mihi
2944 4907 3153 4949 sacrum
3183 4907 3340 4967 atque
3365 4900 3728 4956 venerandum

2151 4987 2342 5034 coetum
2355 4979 2606 5049 coegerit,
2622 4980 2777 5052 idque
2794 4990 3027 5051 praestet,
3042 4994 3096 5038 ut
3113 4995 3320 5053 optatos
3336 4989 3509 5045 vultus
3528 5000 3733 5046 vestros

2149 5066 2339 5122 intueri
2356 5069 2637 5137 possimus,
2652 5072 2994 5138 etcoucedat,
3016 5084 3075 5128 ut
3091 5074 3191 5129 hoc
3216 5090 3369 5134 sacro
3387 5091 3655 5135 conventu
3670 5095 3734 5137 ac

2149 5157 2433 5215 festivitate
2444 5176 2562 5215 cum
2587 5161 2771 5217 ﬁducia
2789 5163 3131 5221 delectemur.
3155 5167 3268 5223 Non
3291 5172 3432 5225 enim
3445 5173 3643 5228 errabit
3667 5175 3733 5238 is,

2148 5251 2237 5320 qui
2257 5266 2565 5308 consessum
2582 5253 2724 5309 hunc
2737 5264 2972 5311 vestrum
2998 5268 3051 5312 et
3080 5274 3287 5315 sacrum
3303 5275 3644 5329 conventum,
3680 5276 3733 5320 et

2150 5340 2504 5407 festivitatem,
2533 5352 2587 5396 et
2608 5342 2710 5399 alia
2731 5354 2976 5401 sexcenta
2998 5346 3135 5402 bona
3155 5353 3492 5420 nuncuparit.
3526 5353 3659 5407 Nam
3687 5356 3732 5409 si

2148 5429 2201 5483 in
2240 5428 2412 5484 forum
2451 5431 2715 5501 profectus
2741 5436 3021 5504 quispiam,
3053 5447 3108 5493 et
3129 5439 3180 5492 in
3208 5440 3437 5510 aliquem
3491 5444 3729 5499 incidens

2146 5534 2211 5577 es
2233 5522 2436 5586 amicis,
2464 5537 2677 5579 omnem
2702 5539 2843 5596 saepe
2871 5526 3139 5585 tristitiam
3182 5529 3440 5602 abstergit
3470 5550 3484 5586 :
3510 5548 3610 5589 nos
3643 5535 3733 5602 qui

2210 5672 2282 5733 (a)
2314 5679 2451 5740 Hunc
2468 5680 2746 5740 sermonem
2772 5686 2825 5728 et
2846 5687 3141 5740 sequentem
3157 5681 3322 5733 confer
3339 5698 3448 5733 ann
3467 5682 3635 5735 uomit.
3656 5682 3714 5734 18

2148 5744 2291 5796 supra
2314 5735 2407 5784 col.
2437 5736 2541 5785 lia.
