4146 6260
410 319 512 374 605

405 430 721 503 ἀνθρώπους
753 431 1060 502 βλέποντες,
1088 432 1263 495 οὕτως
1285 428 1467 485 οἶκαδε
1500 430 1852 499 ἐπειγόμεθα.
1900 431 1973 483 Τὸ

405 522 514 594 γὰρ
543 525 734 593 πεινῇν
764 522 1194 591 καταναγκάζει,
1226 522 1380 593 φησί.
1416 521 1528 574 Καὶ
1562 519 1669 591 μὴν
1692 520 1756 573 τὸ
1786 522 1976 591 πεινῆν

406 612 642 667 πειθέτω
668 614 848 684 μένειν
866 632 879 645 ο
898 615 954 667 al
976 614 1074 683 μὲν
1090 613 1199 685 γὰρ
1215 611 1669 683 ἐμπεπλησμέναι
1688 610 1973 681 γαστέρες,

406 704 552 759 κατά
577 704 675 775 τὴν
702 705 1016 774 παροιμίαν,
1048 704 1148 767 τὰς
1178 703 1455 764 πεινῶσας
1483 701 1768 770 ἀγνοοῦσιν
1795 717 1809 732 ·
1841 702 1893 754 αἱ
1917 699 1975 752 δέ

408 794 673 848 πεινῶσαι
704 796 766 847 ἐκ
804 797 902 866 τῆς
934 795 1139 857 οἰκείας
1172 794 1418 861 ἀνάγκης
1443 792 1538 846 καὶ
1565 792 1661 859 τὴν
1690 789 1975 859 ἀλλοτρίαν

409 883 830 952 ἐπιγινώσκουσι
865 866 897 914 ’⁸
917 883 1114 954 μᾶλλον
1138 883 1194 937 δέ
1214 883 1333 935 οὐδέ
1371 881 1514 934 οὕτω
1544 880 1763 933 δυνατὸν
1794 881 1974 934 πᾶσαν

408 974 575 1044 αὐτὴν
614 974 868 1026 κατιδεῖν.
915 973 986 1026 Σὺ
1026 973 1122 1042 μὲν
1170 971 1278 1041 γάρ
1329 972 1421 1023 ἐπὶ
1454 969 1975 1041 παρεσκευασμένην

408 1066 621 1134 τρέχεις
647 1063 945 1135 τράπεζαν,
985 1062 1213 1117 καὶούδέ
1251 1061 1444 1132 μικρὸν
1470 1063 1757 1130 ἀναμεῖναι
1782 1059 1972 1133 ἀνέχῃο

408 1159 436 1210 ὀ
462 1157 517 1209 δὲ
541 1156 706 1225 πένης
728 1155 924 1225 ἕστηκε
957 1154 1117 1225 μέχρι
1131 1157 1230 1224 τῆς
1260 1153 1497 1224 ἑσπέρας
1521 1152 1709 1221 αὐτῆς,
1728 1151 1974 1204 σπεύδων

408 1248 502 1299 καὶ
525 1246 870 1316 ἐπειγόμενος
902 1246 1002 1316 τὴν
1023 1247 1294 1316 ἐφήμερον
1315 1243 1519 1314 τροφὴν
1538 1243 1855 1312 ἀπαρτίσαι·
1881 1242 1974 1294 καὶ

406 1339 550 1410 ὀρῶν
582 1338 681 1410 τὴν
700 1338 795 1407 μὲν
829 1336 1039 1407 ἡμέραν
1082 1334 1479 1406 πληρωθεῖσαν,
1509 1333 1570 1386 τὸ
1625 1334 1681 1387 δέ
1712 1331 1972 1403 ἀργύριον

405 1429 619 1483 οὐδέπω
646 1427 930 1499 πληρωθὲν
954 1426 1118 1485 ἅπαν,
1146 1426 1203 1478 τὸ
1230 1425 1364 1495 πρὸς
1389 1424 1592 1494 τροφὴν
1626 1422 1828 1493 ἀρκοῦν
1878 1424 1974 1490 ἐφ’

406 1522 629 1594 ήμερον,
654 1522 905 1573 όδυνᾶται
936 1520 1028 1572 καὶ
1064 1517 1423 1587 ἐμπίπραται,
1464 1514 1557 1568 καὶ
1605 1514 1826 1585 μείζονα
1873 1513 1974 1582 τῆς

406 1613 612 1675 οἰκείας
641 1611 924 1679 δυνάμεως
962 1609 1166 1679 τολμᾷν
1197 1607 1582 1675 ἀναγκάζεται.
1601 1605 1701 1659 Διά
1733 1604 1890 1658 τοῦτο
1916 1607 1971 1658 ἐν

407 1705 616 1774 ἑσπέρᾳ
654 1701 1009 1772 σφοδρότερον
1029 1700 1159 1769 ήμῖν
1181 1697 1534 1757 ἐπιτίθενται,
1557 1695 1839 1765 ὀμνύντες,
1877 1695 1970 1763 ὀρ-

408 1795 647 1858 κοῦντες,
670 1792 1013 1863 θρηνοῦντες,
1041 1788 1446 1860 ὀλοφυρόμενοι,
1474 1789 1573 1850 τὰς
1596 1790 1783 1857 χεῖρας
1800 1786 1975 1839 ἐκτεί-

406 1904 607 1949 νοντες,
665 1886 833 1955 μυρία
893 1884 1055 1955 ἕτερα
1087 1883 1461 1951 ἀναισχυντεῖν
1520 1879 1969 1947 ἀναγκαζόμενοι.

406 1977 686 2031 Δεδοίκασι
737 1976 847 2045 γὰρ
890 1975 984 2044 μὴ,
1024 1973 1242 2026 πάντων
1276 1971 1456 2059 cina?
1481 1969 1970 2038 ἀναχωρησάντων,

411 2067 558 2140 [669]
578 2067 653 2129 ὼς
674 2068 731 2118 ἐν
754 2067 966 2136 ἐρήμῳ,
986 2066 1051 2134 τῇ
1083 2063 1233 2115 πόλει
1260 2058 1563 2113 πλανᾶσθαι
1596 2060 1847 2126 μέλλωσι.
1867 2058 1974 2110 Καὶ

408 2158 659 2227 καθάπερ
690 2157 741 2208 οἱ
766 2155 1009 2223 ναυαγίῳ
1032 2151 1414 2221 περιπεσόντες
1438 2151 1494 2202 ἐν
1520 2151 1722 2219 ἡμέρᾳ,
1758 2148 1975 2201 ἐπειδὰν

409 2248 771 2301 ἐπιλάϐωνται
818 2244 1045 2305 σανίδος,
1094 2243 1199 2312 πρὸ
1246 2242 1345 2312 τῆς
1389 2241 1626 2311 ἑσπέρας
1657 2240 1746 2292 τὸν
1783 2239 1975 2307 λιμένα

411 2338 734 2393 καταλαϐεῖν
757 2335 1086 2402 ἐπείγονται,
1106 2334 1315 2401 μήποτε
1344 2331 1442 2401 τῆς
1477 2330 1668 2393 νυκτὸς
1722 2329 1976 2381 ἐπελθού-

413 2447 510 2498 σης
538 2428 641 2491 ἐξω
668 2428 947 2496 μείναντες
969 2423 1344 2494 χαλεπωτέρου
1370 2420 1668 2491 πειραθῶσι
1694 2420 1784 2475 τοῦ
1812 2436 1977 2472 ναυαο

408 2520 549 2587 γίου·
578 2516 719 2571 οὕτω
734 2518 826 2570 καὶ
848 2516 897 2568 οἰ
932 2518 1181 2585 πένητες,
1198 2513 1445 2584 καθάπερ
1470 2512 1722 2579 ναυάγιον
1743 2510 1975 2563 δεδοικό-

406 2627 496 2672 τες
526 2610 618 2663 τὸν
637 2609 811 2678 λιμὸν,
845 2606 1130 2659 σπεύδουσι
1178 2605 1284 2676 πρὸ
1327 2604 1426 2673 τῆς
1475 2603 1710 2671 ἑσπέρας
1742 2602 1801 2653 τὸ
1840 2601 1975 2672 πρὸς

407 2700 607 2771 τροφὴν
635 2700 816 2761 αὐτοῖς
832 2696 1092 2769 ἀργύριον
1129 2695 1330 2768 ἀρκοῦν
1380 2696 1722 2762 συναγαγεῖν,
1760 2693 1845 2747 ἵνα
1878 2692 1973 2764 μὴ,

409 2789 621 2842 πάντων
680 2786 1148 2855 ἀποδημησάντων
1216 2783 1419 2846 οἴκαδε,
1477 2782 1580 2846 ἔξω
1641 2781 1731 2834 τοῦ
1762 2781 1976 2851 λιμένος

412 2877 650 2945 μείνωσι.
674 2875 851 2944 Λιμὴν
871 2874 979 2943 γάρ
1008 2872 1191 2935 αὐτοῖς
1221 2873 1278 2925 αἰ
1296 2872 1402 2923 τῶν
1429 2869 1976 2941 ἀντιλαμϐανομένων

410 2967 586 3038 χεῖρές
611 2967 767 3018 εἰσιν.

476 3149 540 3204 δ’.
563 3150 751 3219 Ἦμεῖς
778 3147 835 3199 δὲ
846 3146 968 3201 οὔτε
986 3148 1042 3200 ἐν
1058 3146 1230 3216 ἀγορᾷ
1248 3142 1383 3216 πρὸς
1403 3142 1744 3213 τάςῖέκείνων
1766 3142 1900 3195 ἐκκα
1909 3160 1977 3212 μ-

408 3242 651 3314 πτόμεθα
677 3240 984 3311 συμφορὰς,
1014 3237 1138 3292 οὔτε
1168 3237 1347 3290 οἴκαδε
1372 3234 1715 3295 ἀπελθόντες*
1738 3232 1978 3285 ἀλλὰκαὶ

406 3335 505 3404 τῆς
526 3332 805 3403 τραπέζης
834 3333 966 3400 ἡμῖν
1000 3328 1430 3399 παρακειμένης,
1465 3326 1724 3387 πολλάκις
1761 3325 1853 3378 καὶ
1878 3341 1979 3394 μυ·

410 3425 540 3497 ρίων
586 3423 865 3494 γεμούσης
906 3420 1127 3488 ἀγαθῶν
1170 3419 1305 3491 (εἴγε
1339 3418 1517 3487 ἀγαθά
1555 3418 1660 3489 χρὴ
1704 3417 1907 3479 καλεῖν,
1942 3415 1978 3470 ἀ

406 3516 499 3569 ἐπὶ
538 3514 859 3585 κατακρίσει
900 3513 995 3583 τῆς
1040 3510 1197 3582 ήμῶν
1247 3508 1641 3579 ἀπανθρωπίας
1678 3507 1974 3579 ἐσθίομεν),

408 3607 544 3678 πλὴν
570 3606 702 3659 ἀλλά
732 3607 826 3659 καὶ
851 3606 948 3671 τῆς
982 3600 1257 3673 τραπέζης
1289 3600 1720 3672 παρακειμένης,
1747 3599 1976 3653 ἀκούον-

407 3713 498 3760 τες
525 3696 765 3749 κάτωθεν
793 3695 882 3748 διά
909 3693 1018 3746 τῶν
1060 3690 1347 3745 στενωπῶν
1380 3691 1702 3761 βαδιζόντων
1731 3690 1976 3752 ἐκείνων,

411 3787 506 3841 καὶ
539 3786 745 3856 μεγάλα
782 3783 1025 3853 βοώντων
1060 3784 1118 3833 ἐν
1171 3784 1284 3843 τοῖς
1328 3780 1607 3847 ἀμφόδοις,
1627 3779 1978 3848 ὀδυνωμένων

412 3878 469 3930 ἐν
522 3876 806 3947 βαθυτάτῳ
858 3872 1054 3939 σκότῳ,
1092 3871 1149 3921 ἐν
1184 3869 1387 3940 ἐρημία
1415 3867 1601 3937 πολλῇ,
1661 3867 1781 3919 οὐδέ
1807 3866 1979 3928 οὕτως

411 3962 892 4037 ἐπικαμπτόμεθα’
942 3960 1075 4014 ἀλλά
1118 3959 1213 4013 καὶ
1246 3957 1669 4027 ἐμπλησθέντες,
1700 3956 1794 4009 καὶ
1844 3956 1980 4026 πρὸς

412 4058 578 4111 ὕπνον
605 4055 927 4126 βαδίζοντες,
962 4052 1055 4105 καὶ
1084 4052 1141 4103 ἐν
1171 4048 1364 4117 ἐκείνῳ
1395 4046 1556 4099 πάλιν
1571 4046 1648 4117 τῷ
1682 4046 1856 4117 καιρῷ
1880 4063 1979 4115 με·

411 4151 552 4221 γάλα
582 4148 824 4203 κάτωθεν
854 4143 1193 4215 ὀδυρομένων
1247 4139 1555 4205 ἀκούοντες,
1603 4138 1790 4209 ῶσπερ
1819 4138 1981 4201 κυνὸς

410 4239 727 4301 λυττῶντος,
751 4235 865 4290 ἀλλ’
915 4236 1014 4288 οὐκ
1049 4232 1395 4304 ἀνθρωπίνης
1450 4230 1735 4292 ἀκούοντες
1796 4228 1981 4297 φωνῆς

412 4331 553 4383 οὕτω
583 4327 1018 4399 παρατρέχομεν·
1049 4324 1142 4378 καὶ
1191 4321 1316 4375 οὔτε
1343 4321 1482 4393 πρὸς
1522 4320 1613 4372 τὸν
1648 4320 1837 4390 καιρὸν
1859 4321 1979 4371 ἐπι-

416 4421 777 4494 στρεφόμεθα,
804 4420 886 4471 ὅτι
926 4418 1066 4487 ἀωρὶ
1095 4415 1280 4468 λοιπὸν
1305 4413 1414 4466 τῶν
1437 4412 1647 4465 νυκτῶν
1687 4410 1979 4464 καθευδόν·

413 4528 522 4563 των
549 4508 801 4562 ἁπάντων
830 4506 1035 4566 ἐκεῖνος
1062 4501 1309 4571 ὀδύρεται
1350 4500 1527 4570 μόνος,
1559 4496 1683 4550 οὔτε
1725 4497 1861 4567 πρὸς
1919 4497 1980 4549 τὸ

416 4599 616 4666 κοῦφον
644 4598 739 4665 τῆς
768 4595 1055 4664 αἰτήσεως,
1085 4593 1168 4645 ὅτι
1217 4590 1381 4661 ἀρτου
1431 4588 1593 4642 πλέον
1639 4589 1790 4642 οὐδὲν
1832 4589 1981 4657 ήμᾶς

417 4691 656 4753 ἀπαιτεῖ,
678 4689 711 4759 ἢ
736 4686 997 4756 ἀργύριον
1019 4684 1216 4752 ὀλίγον,
1239 4682 1364 4736 οὔτε
1388 4680 1519 4752 πρὸς
1557 4682 1619 4733 τὸ
1641 4681 1865 4750 μέγεθος
1884 4681 1983 4751 τῆς

419 4780 720 4849 συμφορᾶς,
749 4778 830 4830 ὅτι
846 4775 987 4846 λιμῷ
1009 4773 1228 4827 παλαίει
1268 4773 1522 4843 διηνεκεῖ,
1550 4771 1673 4824 οὐτε
1720 4772 1857 4842 πρὸς
1883 4771 1982 4836 τὴν

417 4869 712 4923 ἐπιείκειαν
768 4867 860 4920 τοῦ
913 4866 1089 4919 ἰκέτου
1115 4906 1132 4932 ,
1184 4866 1266 4920 ὅτι
1328 4863 1561 4935 τοσαύτῃ
1622 4864 1981 4933 κατεχόμενος

416 4958 651 5027 ἀνάγκη,
666 4956 725 5008 οὐ
750 4955 884 5025 πρὸς
902 4953 1001 5018 τὰς
1031 4954 1199 5025 θύρας
1223 4953 1416 5017 ἐλθεῖν,
1433 4955 1531 5007 οὐκ
1547 4954 1711 5021 ἐγγὺς
1730 4952 1984 5020 γενέσθαι

416 5045 635 5115 τολμᾷ,
661 5042 811 5100 ἀλλά,
850 5041 1092 5097 κάτωθεν
1130 5045 1195 5097 ἐκ
1239 5041 1433 5095 πολλοῦ
1468 5040 1562 5094 τοῦ
1619 5040 1985 5112 διαστήματος

419 5138 648 5189 ποιεῖται
668 5135 767 5205 τὴν
794 5133 1089 5205 ἱκετηρίαν.
1120 5134 1238 5187 Κᾶν
1272 5133 1369 5202 μὲν
1395 5132 1553 5205 λάϐῃ,
1586 5133 1781 5205 μυρίας
1804 5132 1985 5187 δίδωσι

416 5228 516 5291 τὰς
538 5226 720 5296 εὐχάς·
748 5224 815 5278 ἀν
843 5224 900 5276 δέ
930 5224 1007 5294 μὴ
1035 5222 1173 5296 λάϐῃ
1194 5264 1208 5289 ,
1233 5224 1352 5277 οὐδὲ
1381 5224 1525 5278 οὕτω
1567 5224 1762 5295 πικρὸν
1791 5224 1987 5278 ἐκϐάλ-

419 5317 499 5370 λει
522 5316 691 5386 ῥῆμα,
722 5315 841 5369 οὐδὲ
872 5314 1191 5385 λοιδορεῖται
1215 5316 1308 5369 κα¹ι
1336 5315 1645 5386 βλασφημεῖ
1673 5315 1796 5378 τοὺς
1822 5314 1979 5368 δυνα-

423 5406 615 5477 μένους
640 5404 842 5472 δοῦναι,
879 5408 973 5460 καὶ
1010 5406 1085 5477 μὴ
1136 5406 1494 5478 παρέχοντας⁷
1532 5406 1645 5459 ἀλλ’
1674 5403 1862 5477 ῶσπερ
1902 5423 1983 5472 τις

420 5498 526 5551 ὑπὸ
552 5498 745 5569 δημίου
792 5499 937 5561 τινὸς
967 5499 1059 5550 ἐπὶ
1112 5497 1332 5552 κόλασιν
1368 5498 1633 5567 ἀγόμενος
1689 5497 1982 5567 ἀφόρητον,

421 5582 539 5639 εἶτα
553 5588 679 5649 τοὺς
709 5587 1002 5658 παριόντας
1026 5587 1270 5650 ἅπαντας
1311 5586 1663 5657 παρακαλῶν,
1704 5587 1981 5651 ἱκετεύων,

420 5676 516 5733 καὶ
558 5679 826 5751 μηδεμιᾶς
882 5679 1162 5753 τυγχάνων
1211 5678 1565 5748 ἀντιλήψεως,
1597 5678 1737 5747 μετά
1781 5676 1984 5743 πολλῆς

1623 312 1688 368 IN
1724 312 2023 370 GENESIM
2063 310 2298 370 SERMO
2345 314 2435 373 Ἦ.

3533 320 3638 378 604

2081 431 2180 499 τῆς
2215 430 2606 501 ἀπανθρωπίας
2625 429 2761 501 πρὸς
2787 428 2883 501 τήν
2914 429 3133 484 κόλασιν
3154 433 3365 501 ἄγεταιο
3388 430 3528 486 οὕτω
3548 440 3634 489 καὶ

2078 514 2254 584 οὗτος,
2296 520 2542 589 καθάπερ
2563 520 2665 572 ὑπὸ
2684 519 2875 590 δημίου
2905 519 3001 573 τοῦ
3027 521 3182 591 λιμοῦ
3204 522 3338 593 πρὸς
3352 523 3451 595 τήν
3470 524 3638 578 νύκτα

2081 610 2366 680 ἑλκόμενος
2395 610 2490 663 καὶ
2513 610 2612 681 τήν
2631 612 2900 682 ἀφόρητον
2925 612 3253 682 ἀγρυπνίαν,
3288 614 3514 667 ἐκτείνει
3542 616 3639 684 μέν

2077 701 2176 762 τάς
2214 703 2418 770 χεῖρας,
2448 700 2585 770 μετά
2627 704 2856 771 σφοδρᾶς
2882 704 2981 772 τῆς
3009 702 3135 773 βοῆς
3181 705 3306 765 τοὺς
3330 706 3388 756 ἐν
3418 708 3535 769 ταῖς
3564 707 3641 758 ol-

2081 791 2224 854 κίαις
2249 793 2361 846 ἀνω
2395 792 2730 861 καθημένους
2784 794 3137 862 παρακαλῶν,
3163 792 3414 865 οὐδεμιᾶς
3445 796 3502 849 δὲ
3522 796 3640 864 φιλ-

2079 882 2392 951 ανθρωπίας
2453 884 2765 951 τυγχάνων,
2814 883 3055 952 ἀνηλεῶς
3103 884 3489 954 ἀποπέμπεται
3548 888 3643 941 καὶ

2082 974 2219 1044 μετὰ
2258 973 2457 1042 πολλῆς
2483 974 2580 1042 τῆς
2607 973 2904 1043 ὠμότητος.
2935 974 3071 1027 Ἀλλ’
3097 976 3249 1029 οὐδὲν
3270 976 3477 1030 τούτων
3497 980 3645 1047 ἡμᾶς

2078 1065 2434 1133 ἐπικάμπτει,
2481 1065 2614 1117 ἀλλά
2645 1064 2782 1134 μετά
2813 1064 3082 1137 τοσαύτην
3126 1067 3517 1138 ἀπανθρωπίαν
3562 1070 3644 1133 εἰς

2079 1157 2169 1210 τὸν
2193 1157 2418 1226 οὐρανὸν
2447 1158 2680 1208 ἐκτεῖναι
2706 1155 2802 1218 τὰς
2829 1159 3013 1227 χεῖρας
3044 1158 3350 1229 τολμῶμεν,
3386 1161 3480 1213 καὶ
3517 1162 3644 1231 περὶ

2078 1249 2229 1303 ἐλέου
2256 1247 2596 1318 διαλεχθῆναι
2625 1247 2701 1317 τῷ
2753 1248 2888 1318 Θεῷ,
2921 1250 3009 1302 καὶ
3057 1250 3385 1318 συγγνώμην
3422 1251 3643 1320 αἰτῆσαι

2077 1340 2185 1393 τῶν
2213 1339 2426 1392 οἰκείων
2447 1340 2876 1410 ἁμαρτημάτων
2898 1340 2989 1393 καί⁵
3021 1341 3081 1393 οὐ
3111 1341 3425 1410 δεδοίκαμεν
3456 1341 3530 1412 μὴ
3552 1359 3643 1394 κε-

2080 1432 2270 1503 ραυνὸς
2302 1431 2438 1501 μετά
2457 1431 2555 1501 τὴν
2584 1430 2836 1501 τοιαύτην
2850 1430 3015 1501 εὐχὴν
3044 1433 3364 1502 κατενεχθῇ,
3387 1434 3524 1502 μετά
3543 1434 3644 1502 τὴν

2076 1522 2344 1592 τοσαύτην
2390 1521 2644 1591 ὠμότητα
2696 1521 2792 1574 κα)⁵
2846 1522 3263 1591 ἀπανθρωπίαν.
3327 1524 3451 1587 Πῶς
3507 1524 3644 1593 πρὸς

2083 1610 2269 1673 ὕπνον,
2310 1610 2429 1663 εἰπέ
2471 1628 2582 1678 μοι,
2615 1610 2896 1680 βαδίζομεν
2949 1611 3044 1664 καὶ
3069 1613 3394 1674 ἀνάπαυσιν,
3436 1613 3529 1666 καὶ
3579 1613 3640 1665 οὐ

2077 1704 2394 1772 δεδοίκαμεν
2433 1701 2582 1773 [670]
2617 1704 2690 1773 μὴ
2744 1705 2862 1755 κατ’
2898 1703 3028 1774 ὄναρ
3055 1704 3215 1766 αὐτὸς
3259 1699 3413 1766 οὗτος
3459 1705 3587 1774 ὑμῖν
3615 1706 3646 1758 ὀ

2079 1796 2247 1863 πένης
2268 1794 2512 1856 ἐπιστάς,
2542 1793 2787 1862 αὐχμῶν,
2815 1794 3000 1863 ῥυπῶν
3056 1794 3221 1865 ῥάκια
3247 1794 3645 1865 περιϐεϐλημέ-

2080 1902 2188 1947 νος,
2223 1885 2479 1954 ὀδύρηται
2508 1885 2602 1937 καὶ
2629 1884 2892 1956 θρηνήσῃ,
2938 1885 3036 1954 τήν
3064 1884 3323 1952 ὠμότητα
3369 1885 3642 1952 ἐγκαλῶνς

2079 1974 2191 2027 Καὶ
2219 1973 2327 2043 γάρ
2359 1971 2566 2025 πολλῶν
2593 1972 2847 2034 πολλάκις
2874 1974 3083 2043 ηκουσα
3117 1974 3401 2041 λεγόντων,
3424 1976 3506 2027 ὅτι
3528 1976 3644 2045 μεθ’

2080 2066 2292 2135 ἡμέραν
2315 2063 2661 2133 ὑπεριδόντες
2683 2064 2781 2131 τῆς
2809 2063 2913 2115 τῶν
2943 2063 3170 2134 πτωχῶν
3199 2064 3552 2135 ἀντιλήψεως,
3587 2068 3645 2118 ἐν

2080 2160 2235 2211 νυκτὶ
2275 2157 2484 2227 σχοινία
2531 2155 3027 2226 περιϐεϐλημένους
3082 2157 3306 2218 ἑαυτοὺς
3359 2152 3498 2209 εἶδον
3550 2155 3646 2209 καὶ

2082 2249 2404 2317 ἐλκομένους
2432 2248 2535 2300 ὑπὸ
2561 2248 2657 2317 τῆς
2674 2245 2780 2299 τῶν
2829 2247 3077 2314 πενήτων
3108 2246 3305 2316 χειρὸς,
3338 2261 3645 2315 σπαραττοο

2086 2339 2297 2409 μένους,
2324 2338 2488 2408 μυρία
2515 2338 2819 2405 πάσχοντας
2844 2337 3163 2406 πράγματα.
3182 2335 3342 2387 Ἀλλά
3361 2335 3530 2388 ταῦτα
3549 2335 3647 2404 μὲν

2083 2434 2247 2495 ὕπνος
2272 2431 2365 2483 καὶ
2399 2430 2549 2498 ὄναρ,
2589 2428 2682 2480 καὶ
2735 2428 3067 2497 πρόσκαιρος
3120 2425 3377 2496 τιμωρίαο
3399 2428 3555 2495 ἡμεῖς
3592 2427 3647 2479 δὲ

2080 2524 2143 2577 οὐ
2169 2523 2505 2590 δεδοίκαμεν,
2533 2519 2652 2571 εἰπέ
2687 2534 2796 2589 μοι,
2848 2520 3058 2587 μήποτε
3088 2518 3180 2570 τὸν
3228 2517 3434 2587 πένητα
3462 2518 3647 2569 τοῦτον

2080 2616 2172 2668 τὸν
2201 2614 2519 2684 ὀδυρόμενον
2546 2613 2638 2664 καὶ
2668 2611 2873 2680 βοῶντα
2908 2611 3001 2662 καὶ
3033 2610 3425 2679 ὀλοφυρόμενον
3456 2610 3519 2661 ἐν
3538 2611 3649 2669 τοῖς

2082 2707 2300 2767 κόλποις
2332 2704 2528 2773 ἴδωμεν
2557 2702 2648 2755 τοῦ
2684 2700 2952 2771 Ἀϐραὰμ,
2990 2700 3239 2771 καθάπερ
3269 2700 3399 2754 ποτὲ
3423 2700 3514 2753 τὸν
3540 2702 3651 2753 Λά-

2082 2795 2248 2867 ζαρον
2300 2795 2328 2846 ό
2373 2793 2624 2854 πλούσιος
2671 2794 2905 2856 ἐκεῖνος
2959 2793 3040 2845 Τά
3068 2791 3124 2844 δὲ
3173 2791 3419 2844 ἐντεῦθεν
3448 2793 3648 2861 ἀφίημι

2083 2887 2236 2957 ὑμῶν
2266 2885 2344 2955 τῷ
2402 2884 2685 2945 συνειδότι,
2744 2883 2813 2935 τά
2879 2882 3051 2951 πικρά
3102 2882 3194 2934 καὶ
3239 2882 3649 2953 ἀπαραμύθητα

2083 2980 2267 3032 ἐκεῖνα
2297 2977 2653 3044 κολαστήρια,
2674 2973 2789 3035 πῶς
2809 2973 3008 3042 ᾔτησεν
3032 2972 3191 3041 ὕδωρ,
3221 2971 3337 3034 πῶς
3379 2972 3500 3024 οὐδέ
3526 2988 3651 3024 oza-

2082 3070 2238 3136 γόνος
2273 3066 2448 3135 ἔτυχε,
2483 3064 2600 3127 πῶς
2628 3066 2661 3133 ή
2690 3061 2903 3131 γλῶττα
2923 3060 3370 3130 ἀπετηγανίζετο.
3385 3061 3503 3124 πῶς
3521 3061 3652 3114 πολε

2083 3160 2179 3231 λὴν
2206 3158 2305 3228 τὴν
2330 3156 2605 3227 ἱκετηρίαν
2627 3154 2759 3218 θεὶς,
2782 3152 3034 3221 οὐδεμιᾶς
3062 3150 3391 3222 συγγνώμης
3427 3151 3652 3205 ἀπέλαυ-

2086 3266 2145 3303 σε
2165 3287 2181 3312 ,
2208 3251 2301 3301 καὶ
2334 3248 2449 3310 πῶς
2474 3245 2716 3298 ἀθάνατα
2765 3243 3070 3307 ἐκολάζετο.
3106 3242 3265 3295 Ἀλλά
3291 3243 3399 3313 γὰρ
3458 3241 3533 3313 μὴ
3557 3244 3649 3310 γέ-

2082 3356 2223 3393 νοιτο
2246 3340 2394 3409 ήμᾶς
2430 3336 2602 3390 ταῦτα
2642 3334 2729 3389 διά
2773 3337 2869 3404 τῆς
2906 3334 3099 3404 πείρας
3144 3334 3353 3404 μαθεῖν,
3402 3332 3538 3386 ἀλλά
3564 3332 3652 3387 διά

2082 3433 2190 3484 τῶν
2213 3430 2386 3498 λόγων
2442 3428 2776 3489 ἀκούσαντας
2807 3428 2999 3495 φυγεῖν
3054 3426 3155 3496 τὴν
3193 3424 3282 3477 διά
3320 3423 3423 3477 τῶν
3478 3424 3653 3494 ἐργων

2083 3519 2331 3589 ἀπειλὴν,
2364 3518 2578 3588 καὶτῆς
2604 3517 2697 3571 τοῦ
2734 3516 3078 3586 προπάτορος
3115 3512 3365 3585 Ἀϐραὰμ
3399 3513 3653 3583 φιλοφρο-

2086 3614 2248 3683 σύνης
2268 3612 2449 3676 ἀξίους
2473 3609 2909 3679 ἀποδειχθέντας,
2942 3610 3023 3671 εἰς
3043 3606 3132 3658 τὸν
3158 3605 3317 3659 αὐτὸν
3342 3606 3534 3675 ἐκείνῳ
3550 3623 3653 3674 χω-

2088 3704 2248 3773 ρῆσαι
2281 3702 2444 3753 τόπον
2468 3742 2483 3764 ,
2541 3700 2721 3769 χάριτι
2763 3698 2859 3749 καὶ
2911 3694 3296 3765 φιλανθρωπίᾳ
3322 3692 3415 3746 τοῦ
3447 3695 3653 3762 Κυρίου

2084 3794 2240 3864 ήμῶν
2277 3790 2447 3857 Ἰησοῦ
2478 3788 2731 3857 Χριστοῦ,
2763 3786 2879 3855 μεθ’
2912 3780 2973 3837 οὗ
3000 3785 3079 3853 τῷ
3104 3785 3279 3854 Πατρὶ
3314 3783 3480 3852 τιμὴ,
3505 3783 3651 3847 δόξα,

2085 3882 2286 3950 κράτος
2309 3878 2405 3929 οὐν
2436 3877 2511 3946 τῷ
2532 3877 2669 3945 ἁγίῳ
2699 3876 3000 3944 Πνεύματι,
3030 3873 3126 3926 νῦν
3173 3873 3267 3925 καὶ
3295 3872 3403 3936 ἀεὶ,
3452 3873 3546 3925 καὶ
3574 3874 3653 3936 είς

2084 3972 2210 4033 τοὺς
2235 3968 2436 4030 αίῶνας
2460 3966 2569 4020 τῶν
2590 3964 2820 4019 αἰώνων.
2861 3964 3054 4035 Ἀμήν.

2715 4138 2933 4191 ΛΟΓοΣ
2963 4140 3054 4205 ς’.

2084 4268 2367 4344 Περὶᾼτοῦ
2393 4268 2603 4344 ξιμον,
2639 4269 2688 4319 εἰ
2712 4266 2788 4344 ἐξ
2816 4266 3056 4344 ἐκείνοτξ
3088 4265 3338 4344 γέγοιςεις
3357 4266 3406 4344 ’ἡ
3436 4262 3659 4344 τηῶσις

2156 4334 2261 4395 τοῦ
2291 4338 2480 4393 καλοῦ
2509 4338 2607 4391 καὶ
2635 4336 2739 4389 τοῦ
2784 4334 3059 4403 Δπων-ἠροῦ
3112 4334 3191 4399 τῷ
3242 4334 3439 4403 Ἀδὰμ,
3486 4334 3523 4401 ἢ
3558 4334 3657 4386 καὶ

2156 4409 2409 4477 πρόῌτῆς
2432 4408 2712 4475 βρώσεως
2747 4401 2871 4472 εἶχε
2897 4405 3009 4471 τὴν
3039 4401 3651 4477 δλιάγνωσινξτφίχτηγ·

2155 4472 2225 4533 ἐκ
2254 4474 2301 4544 ᾧ
2340 4472 2433 4529 κα)
2469 4472 2599 4542 περί
2630 4477 2946 4539 νηστείας,
2988 4472 3085 4544 καί
3125 4474 3265 4544 περὶ
3298 4473 3402 4525 τοῦ
3434 4473 3562 4525 δεῖν
3588 4474 3657 4525 ἐν

2157 4543 2313 4616 οἰκίᾳ
2334 4545 2589 4615 μελετᾷν
2621 4547 2693 4596 τὰ
2710 4545 3003 4612 λεγόμενα
3022 4543 3091 4594 ἐν
3110 4543 3424 4609 ἐκκλησίᾳ.

2158 4680 2225 4728 α’,
2252 4671 2392 4727 Φιλῶ
2423 4671 2518 4741 μὲν
2542 4668 2640 4739 τὴν
2660 4668 2915 4735 νηστείαν
2933 4704 2948 4729 ,
2970 4666 3052 4718 ὅτι
3079 4667 3262 4735 μήτηρ
3304 4662 3655 4733 σωφροσύνης

2089 4767 2253 4827 ἐστὶν,
2285 4763 2379 4817 καὶ
2408 4760 2558 4832 πηγὴ
2588 4757 2905 4827 φιλοσοφίας
2953 4758 3189 4825 ἀπάσηςο
3225 4753 3364 4823 φιλῶ
3393 4754 3448 4807 δέ
3487 4752 3655 4823 αὐτὴν

2088 4857 2182 4910 καὶ
2208 4855 2273 4907 δι’
2299 4855 2469 4925 ὑμᾶς,
2520 4850 2613 4903 καὶ
2639 4849 2725 4902 διὰ
2749 4850 2847 4918 τὴν
2876 4847 3146 4916 ὑμετέραν
3177 4846 3418 4915 ἀγάπην,
3450 4845 3530 4897 ὅτι
3565 4860 3655 4914 μοι

2088 4946 2293 5016 ταύτην
2319 4944 2418 5014 τὴν
2448 4942 2598 5012 ἰεράν
2627 4940 2720 4993 καὶ
2737 4938 2920 5008 τιμίαν
2946 4936 3099 5007 ὑμῶν
3121 4936 3394 5006 συνήγαγε
3422 4934 3655 4998 σύνοδον,

2091 5036 2266 5092 καὶτὰ
2310 5033 2617 5104 ποθούμενα
2670 5031 2935 5101 πρόσωπα
2980 5028 3163 5081 δίδωσι
3193 5027 3353 5081 πάλιν
3385 5026 3533 5089 ἰδεῖν,
3564 5026 3659 5095 καί

2089 5130 2317 5200 παρέχει
2344 5126 2480 5198 μετά
2501 5126 2682 5188 ἀδείας
2709 5121 3041 5193 ἐντρυφῆσαι
3064 5120 3129 5192 τῇ
3150 5120 3286 5192 καλῇ
3325 5119 3496 5189 ταύτῃ
3526 5136 3657 5171 παν-

2089 5220 2283 5292 ηγύρει
2312 5220 2405 5271 καὶ
2421 5220 2602 5288 ἑορτῇ.
2631 5216 2740 5268 Καὶ
2767 5214 2873 5286 γὰρ
2902 5214 2996 5267 καί
3019 5213 3324 5283 πανήγυριν
3354 5211 3446 5263 καὶ
3467 5207 3659 5279 ἑορτὴν

2091 5314 2186 5365 καὶ
2224 5310 2390 5381 μυρία
2410 5306 2591 5378 ἀγαθά
2626 5307 2726 5359 οὐκ
2749 5306 2813 5359 ἀν
2841 5322 2924 5369 τις
2966 5305 3198 5375 ἀμάρτοι
3243 5303 3342 5372 τὴν
3389 5300 3658 5370 ὑμετέραν

2092 5403 2304 5457 σύνοδον
2332 5399 2661 5473 προσειπών.
2709 5398 2769 5451 Εἰ
2800 5398 2906 5469 γάρ
2938 5399 3017 5459 εἰς
3046 5395 3249 5465 ἀγοράν
3276 5411 3358 5457 τις
3384 5390 3658 5471 ἐμϐαλὼν,

2092 5495 2183 5548 καὶ
2209 5493 2288 5546 ἐνὶ
2312 5468 2686 5561 συντυγχάνων
2728 5488 2887 5558 φίλῳ,
2920 5486 3178 5547 πολλάκις
3220 5485 3397 5537 πᾶσαν
3422 5468 3661 5553 ἀθυμίαν

2090 5583 2420 5641 ἀποτίθεται·
2442 5584 2599 5653 ἡμεῖς
2631 5582 2730 5634 οὐκ
2759 5582 2839 5645 εἰς
2860 5578 3086 5650 ἀγορὰν,
3118 5576 3233 5630 ἀλλ’
3252 5578 3331 5639 εἰς
3365 5574 3659 5646 ἐκκλησίαν

2092 5676 2455 5741 ἀπαντῶντες,
2488 5676 2582 5730 καί
2609 5675 2704 5741 οὐχ
2735 5674 2816 5729 ἐνὶ
2847 5672 3301 5737 συντυγχάνοντες
3339 5668 3499 5740 φίλῳ,
3522 5667 3660 5739 ἀλλά
