4146 6260
525 301 632 358 605

522 413 798 478 τοσούτοις
818 415 910 469 καὶ
928 415 1191 480 τοιούτοις
1211 417 1564 486 ἀδελφοῖςκαὶ
1588 419 1826 488 πατράσι
1848 422 2095 489 συγγινό-

527 524 700 579 μενοι,
726 511 843 571 πῶς
879 510 940 562 ού
976 511 1156 586 πᾶσαν
1182 497 1570 582 ἀποθησόμεθα
1594 513 1831 582 ἀθυμίαν
1854 530 1869 573 ;
1903 513 2017 577 πῶς
2033 515 2093 567 ού

524 605 705 656 πᾶσαν
733 600 926 674 ἡδονὴν
951 607 1386 676 καρπωσόμεθας
1405 609 1479 661 Οὐ
1499 609 1607 679 γὰρ
1627 609 1705 678 τῷ
1726 609 1917 679 πλήθει
1938 612 2095 680 μόνον

519 692 678 761 οὗτος
707 699 930 767 βελτίων
961 701 989 752 6
1015 700 1270 768 σύλλογος
1301 705 1409 754 τῶν
1443 703 1733 773 συνεδρίων
1753 705 1858 756 τῶν
1888 705 1945 756 ἐν
1978 707 2097 767 ταῖς

522 793 770 863 ἀγοραῖς,
803 792 938 845 ἀλλά
965 794 1057 847 καὶ
1079 796 1215 866 αὐτῇ
1251 799 1316 867 τῇ
1343 798 1502 864 φύσει
1547 799 1646 866 τῆς
1677 799 1985 862 διαλέξεως.
2035 800 2095 853 Οἱ

528 887 628 953 μὲν
657 886 764 957 γὰρ
790 889 846 938 ἐν
875 889 1099 954 ἀγοραῖς
1133 892 1540 962 συνεδρεύοντες
1573 895 1668 946 καὶ
1700 897 1834 964 μετά
1854 894 2096 962 ἀλλήλων

526 981 934 1050 συγκαθήμενοι
975 983 1181 1054 κύκλῳ,
1227 986 1487 1050 πολλάκις
1540 1004 1635 1040 και
1665 990 1792 1059 περὶ¹
1822 985 2097 1056 ἀνονήτων

531 1073 684 1146 [671]
707 1076 1045 1145 διαλέγονται
1075 1081 1436 1149 πραγμάτων,
1491 1083 1584 1134 καὶ
1611 1082 1825 1152 ψυχρὰν
1845 1083 2097 1150 εἰσάγου-

528 1187 614 1224 σιν
646 1172 883 1241 ὁμιλίαν,
914 1176 1010 1226 καὶ
1050 1174 1378 1242 φθέγγονται
1418 1179 1544 1249 περὶ
1584 1179 1691 1231 τῶν
1721 1179 1871 1232 οὐδὲν
1917 1181 2098 1244 αὐτοῖς

522 1269 931 1338 προσηκόντων.
965 1270 1074 1323 Καὶ
1096 1270 1204 1341 γὰρ
1233 1271 1521 1342 εἰώθαμεν,
1550 1274 1625 1336 ὡς
1655 1275 1925 1339 τὰπολλὰ,
1963 1277 2100 1346 μετά

523 1361 768 1425 πλείονος
811 1363 1044 1433 σπουδῆς
1081 1364 1149 1417 τὰ
1198 1364 1453 1436 ἀλλότρια
1503 1371 1959 1440 περιεργάζεσθαι
2008 1371 2100 1425 καὶ

523 1455 1019 1525 πολυπραγμονεῖν.
1052 1459 1173 1510 Ὀτι
1211 1449 1324 1527 ’μὲν
1353 1457 1444 1514 οῦν
1491 1465 1636 1515 ἐστιν
1683 1465 1979 1532 ἐπισφαλὲς
2007 1465 2100 1518 καὶ

524 1548 769 1602 κίνδυνον
791 1549 930 1620 ἔχον,
960 1550 1028 1602 τά
1050 1553 1269 1621 ῥήματα
1297 1556 1540 1625 προϊέναι
1567 1558 1658 1609 καὶ
1681 1557 1898 1612 ἀκούειν
1921 1558 2098 1612 τοιαῦ-

524 1659 615 1706 τα,
651 1644 746 1696 καὶ¹
777 1645 1209 1716 παρασύρεσθαι,
1245 1649 1336 1700 καὶ
1367 1649 1547 1702 πολλοὶ
1574 1651 1831 1715 πολλάκις
1858 1641 1967 1706 ἀπὸ
1993 1653 2100 1706 τῶν

524 1736 781 1791 τοιούτων
813 1739 1100 1810 συνεδρίων
1153 1742 1417 1812 χειμῶνες
1470 1745 1891 1816 ἐπῃωρίσθησαν
1919 1750 1975 1801 ἐν
2021 1749 2100 1800 ol-

527 1832 693 1896 κίαις,
732 1834 972 1905 παρίημι
1020 1836 1136 1890 νῦν·
1179 1838 1260 1890 ὅτι
1296 1839 1352 1891 δὲ
1388 1839 1638 1908 ἀνόνητος
1674 1841 1768 1892 καὶ
1794 1841 1976 1911 ψυχρά
2007 1842 2102 1898 καὶ

526 1925 754 1999 βιωτικὴ
807 1929 956 1980 πᾶσα
1014 1931 1196 2000 ἐκείνη
1255 1933 1288 2002 ἡ
1323 1933 1575 1997 διάλεξις,
1609 1934 1702 1986 καὶ
1733 1936 2103 2006 πνευματικὸς

526 2022 684 2089 λόγος
713 2023 812 2076 ούκ
843 2023 909 2076 ἄν
931 2042 1060 2077 ποτε
1088 2027 1297 2097 ταχέως
1326 2032 1404 2090 εἰς
1445 2027 1685 2081 τοιοῦτον
1713 2030 1941 2083 εἰσέλθοι
1974 2031 2102 2086 σύλ-

525 2117 701 2187 λογον,
731 2119 904 2180 οὐδεὶς
931 2121 1195 2176 ἀντείποι.
1249 2122 1512 2177 Ἐνταῦθα
1538 2125 1594 2176 δὲ
1638 2126 1734 2195 ούχ
1759 2125 1950 2190 οὕτως,
1987 2127 2102 2181 ἀλλ’

527 2212 674 2268 ἅπαν
728 2216 1059 2270 τοὺναντίοψ
1117 2220 1267 2271 πᾶσα
1327 2221 1422 2288 μὲν
1452 2219 1560 2289 γὰρ
1613 2221 1844 2292 ἀκερδὴς
1872 2222 2104 2288 διάλεξις

527 2308 884 2381 ἀπελήλαται,
905 2313 1052 2365 πᾶσα
1085 2313 1142 2365 δὲ
1174 2313 1518 2384 πνευματικὴ
1545 2314 1864 2369 διδασκαλία
1891 2320 2104 2390 εἰσενὴ-

527 2420 732 2458 νεκται.
790 2406 900 2459 Καὶ
937 2406 1045 2477 γὰρ
1100 2408 1228 2477 περὶ
1273 2407 1449 2478 ψυχῆς
1481 2409 1581 2478 τῆς
1616 2411 1886 2481 ἡμετέρας
1925 2413 2103 2467 διαλε-

529 2504 769 2574 γόμεθα,
804 2506 900 2559 καλ⁸
935 2506 1043 2559 τῶν
1082 2506 1226 2577 ψυχῇ
1285 2508 1671 2577 προσηκόντων
1718 2510 1959 2578 ἀγαθῶν,
1990 2513 2105 2568 καὶ

529 2599 660 2666 περὶ
698 2599 806 2652 τῶν
848 2600 1225 2670 ἀποκειμένων
1275 2601 1333 2653 ἐν
1364 2603 1478 2664 τοῖς
1525 2603 1772 2670 οὐρανοῖς
1802 2607 2100 2675 στεφάνων,

530 2692 625 2745 καὶ
655 2694 780 2762 περὶ
805 2691 913 2745 τῶν
944 2693 1209 2764 λαμπρῶν
1243 2694 1393 2763 βίων,
1427 2696 1665 2767 καὶπερὶ
1692 2700 1788 2768 τῆς
1811 2701 2106 2770 φιλανθρω-

532 2785 661 2848 πίας
679 2786 771 2840 τοῦ
793 2786 949 2851 Θεοῦ,
985 2789 1080 2841 καὶ
1102 2789 1350 2860 περὶτῆς
1369 2791 1623 2860 προνοίας
1642 2792 1736 2845 τοῦ
1763 2797 1981 2858 παντὸς,
2012 2798 2106 2850 καὶ

533 2881 661 2950 περὶ
679 2881 788 2934 τῶν
810 2881 984 2935 ἄλλων
1011 2884 1266 2936 ἁπάντων
1313 2885 1419 2937 τῶν
1455 2886 1688 2955 μάλιστα
1722 2891 2105 2961 προσηκόντων

475 2998 477 3000 ·
531 2976 684 3046 ἡμῖν,
717 2978 812 3029 καὶ
835 2977 980 3041 τίνος
999 2979 1186 3032 ἕνεκεν
1213 2980 1539 3051 γεγόναμεν,
1567 2983 1661 3035 καὶ
1692 2985 1819 3056 ποία
1848 2986 1986 3055 μετὰ
2005 2988 2106 3058 τὴν

530 3069 781 3124 ἐντεῦθεν
799 3072 1106 3142 ἀποδημίαν
1141 3075 1516 3146 ἀπαντήσεται
1560 3077 1711 3148 λῆξις
1737 3081 1888 3149 ἡμῖν,
1934 3083 2026 3136 καὶ
2048 3085 2105 3136 ἐν

531 3165 639 3218 τίσι
667 3166 737 3220 τά
769 3168 1013 3238 ἡμέτερα
1041 3168 1190 3222 ἔσται
1235 3170 1377 3224 τότε.
1413 3171 1522 3224 Καὶ
1557 3171 1651 3224 τοῦ
1683 3174 1937 3244 συλλόγου
1979 3179 2103 3231 τού-

531 3279 626 3314 του
653 3263 750 3332 ούχ
777 3264 938 3332 ἡμεῖς
967 3262 1147 3333 μόνον,
1173 3265 1309 3318 ἀλλά
1339 3266 1444 3319 καῖ’
1462 3268 1737 3338 προφῆται
1760 3273 1851 3324 καὶ
1885 3275 2109 3328 ἀπόστο-

532 3355 613 3408 λοι
644 3357 978 3410 κοινωνοῦσι⁶
1015 3359 1183 3411 καὶτὸ
1207 3359 1270 3429 δὴ
1295 3359 1476 3428 μεῖζον
1505 3364 1740 3426 πάντων,
1773 3367 1932 3430 αὐτὸς
1956 3370 2107 3425 ὁτῶν

534 3451 789 3504 ἁπάντων
823 3451 1096 3522 Δεσπότης
1146 3453 1308 3522 μέσος
1372 3455 1530 3524 ἡμῶν
1581 3457 1813 3528 ἔστηκεν
1880 3461 2104 3534 Ἰησοῦς.

534 3544 706 3606 Δύτὸς
735 3545 844 3615 γάρ
876 3563 1060 3614 φησιν,
1093 3547 1281 3601 Ὅπου
1329 3548 1438 3602 δύο
1475 3550 1513 3619 ἢ
1547 3552 1702 3619 τρεῖς
1741 3555 2107 3626 συνηγμένοι

532 3639 692 3694 εὲσίν
720 3643 807 3705 είς
825 3641 889 3694 τὸ
921 3643 1104 3710 ὄνομά
1135 3661 1275 3710 μου,
1302 3644 1431 3698 ἐκεῖ
1461 3649 1573 3714 εἰμι
1599 3649 1848 3718 ἐνμέσῳ
1885 3653 2104 3709 αὐτῶν.

535 3735 597 3788 Εἰ
633 3735 688 3788 δέ
718 3736 847 3788 ὅπου
872 3735 965 3789 δύο
991 3737 1022 3806 ἢ
1053 3741 1200 3809 τρεῖς
1229 3740 1335 3792 είσι
1360 3742 1706 3812 συνηγμένοι,
1733 3747 1790 3799 ἐν
1826 3747 1975 3818 μέσῳ
2005 3750 2106 3802 a6-

535 3828 643 3884 τῶν
679 3831 814 3896 ἐστι,
847 3829 1026 3901 πολλῷ
1065 3832 1262 3902 μᾶλλον
1312 3835 1446 3888 ὅπου
1468 3836 1709 3890 τοσοῦτοι
1750 3840 1848 3909 μὲν
1893 3843 2103 3916 ἄνδρες,

535 3923 790 3978 τοσαῦται
818 3925 874 3978 δὲ
897 3929 1171 3993 γυναῖκες,
1201 3928 1444 3983 τοσοῦτοι
1465 3932 1520 3983 δὲ
1556 3935 1809 4004 πατέρες,
1847 3938 1940 3992 καὶ
1969 3941 2108 4014 ἀπό-⁸

539 4019 711 4072 στολοι
742 4019 834 4073 καὶ
869 4021 1142 4092 προφῆται
1172 4024 1228 4075 ἐν
1252 4025 1401 4096 μέσῳ
1430 4027 1670 4097 πάρεισι.

606 4115 693 4168 Διὸ
724 4115 820 4169 καὶ
846 4117 1009 4186 ἡμεῖς
1067 4117 1205 4186 μετὰ
1231 4119 1476 4184 πλείονος
1515 4123 1819 4194 προθυμίας
1875 4128 2105 4199 φθεγγό-

539 4211 677 4279 μεθα
703 4211 803 4281 τῆς
824 4211 1032 4263 ἐκεῖθεν
1055 4212 1421 4276 ἀπολαύοντες
1453 4215 1656 4285 ῥοπῆς,
1715 4221 1809 4272 καὶ
1845 4222 1942 4293 τὴν
1973 4225 2106 4278 ὑπό-

538 4319 721 4372 σχεσιν
750 4305 876 4373 ύμῖν
903 4305 1260 4376 άποδιδόαμεν
1287 4310 1336 4360 ⁸.
1401 4307 1776 4380 Ὑπεσχόμεθα
1818 4314 1926 4386 γὰρ
1961 4319 2104 4389 ἐρεῖν

537 4397 665 4466 περὶ
689 4397 784 4450 τοῦ
810 4397 967 4463 ξύλου
995 4400 1278 4470 πρότερον,
1302 4401 1348 4453 εἰ
1372 4401 1430 4468 ἐξ
1452 4403 1657 4457 ἐκείνου
1684 4408 1905 4476 γέγονεν
1927 4413 2106 4482 ἡγνῶ·

539 4510 622 4556 σις
651 4494 746 4548 τοῦ
779 4494 944 4547 καλοῦ
987 4497 1081 4549 καὶ
1107 4497 1198 4549 τοῦ
1226 4498 1463 4568 πονηροῦ
1489 4499 1567 4571 τῷ
1610 4503 1797 4576 Ἀδὰμ,
1821 4507 1853 4577 ἢ
1882 4508 1972 4562 καὶ
1999 4512 2104 4583 πρὸ

533 4591 635 4658 τῆς
665 4589 916 4662 βρώσεως
947 4589 1058 4663 εἶχε
1077 4591 1174 4665 τὴν
1203 4593 1488 4663 διάγνωσιν
1521 4597 1742 4671 ταύτην.
1771 4604 2105 4676 Θαρροῦντες

535 4682 627 4740 οῦν
646 4687 711 4740 ἂν
745 4687 991 4758 είποιμεν
1024 4688 1138 4750 νῦν,
1165 4689 1246 4743 ὅτι
1277 4689 1373 4744 καὶ
1405 4693 1511 4764 πρὸ
1537 4695 1635 4765 τῆς
1669 4697 1922 4767 βρώσεως
1972 4702 2104 4755 ταύ-

533 4799 634 4852 την
657 4780 768 4853 εἶχε
791 4782 888 4855 τὴν
914 4784 1222 4852 διάγνωσιν.
1251 4787 1314 4840 El
1343 4788 1449 4860 γὰρ
1475 4789 1549 4861 μὴ
1584 4791 1699 4861 ᾔδει
1721 4791 1772 4845 τί
1798 4794 1894 4864 μὲν
1919 4797 2101 4861 καλὸν,

534 4877 589 4929 τί
611 4878 667 4930 δὲ
691 4879 946 4949 πονηρὸν,
971 4881 1062 4933 καὶ
1083 4881 1262 4934 αὐτῶν
1282 4883 1390 4936 τῶν
1422 4885 1631 4953 ἀλόγων
1663 4886 1998 4962 ἀλογώτερος
2013 4887 2102 4962 ἦν,

537 4972 633 5026 καὶ
658 4971 764 5026 τῶν
794 4972 995 5028 δούλων
1031 4977 1060 5028 ό
1097 4977 1364 5048 δεσπότης
1411 4981 1781 5054 ἀνοητότερος.
1838 4985 1963 5050 Πῶς
1995 4987 2102 5061 γάρ

535 5066 636 5121 οὐκ
661 5066 878 5133 ἄτοπον,
914 5065 1073 5138 αἶγας
1107 5073 1202 5143 μὲν
1225 5075 1320 5128 καὶ
1353 5076 1599 5147 πρόϐατα
1627 5078 1823 5132 εἰδέναι
1853 5079 1981 5136 ποία
2005 5082 2103 5152 μὲν

536 5163 723 5227 αὐτοῖς
785 5163 980 5237 βοτάνη
1030 5169 1322 5239 χρήσιμος,
1364 5171 1493 5224 ποία
1537 5171 1593 5226 δὲ
1636 5172 1871 5245 ὀλεθρία,
1906 5177 2103 5248 καὶμὴ

537 5255 702 5307 πᾶσιν
731 5253 871 5307 αύτά
891 5256 1099 5309 ἐπιέναι
1131 5260 1243 5319 τοῖς
1273 5259 1633 5329 φαινομένοις,
1669 5261 1785 5314 ἀλλ’
1824 5263 1968 5333 ἔχειν
2005 5266 2104 5337 τὴν

533 5343 840 5412 διάγνωσιν,
894 5347 988 5399 καὶ
1008 5347 1206 5401 ειδέναι
1238 5350 1444 5418 σαφῶς,
1468 5351 1520 5403 τί
1553 5351 1649 5420 μὲν
1671 5354 1852 5417 αὐτοῖς
1880 5357 2105 5410 ἐπιϐλα-

537 5434 648 5499 ϐὲς,
665 5435 717 5487 τί
742 5435 798 5487 δέ
827 5436 1120 5512 ὠφέλιμον·
1147 5439 1238 5491 τὸν
1256 5439 1314 5492 δὲ
1351 5439 1635 5512 ἄνθρωπον
1681 5444 1950 5514 τοσαύτης
1971 5447 2105 5501 ἀπο-

539 5526 844 5595 στερεῖσθαι
873 5529 970 5598 τῆς
999 5528 1330 5596 ἀσφαλείας;
1387 5531 1448 5584 Εί
1472 5530 1579 5602 γὰρ
1617 5532 1690 5605 μὴ
1733 5534 1891 5589 τοῦτο
1938 5533 2102 5607 εἶχεν,

538 5615 744 5679 οὐδενὸς
795 5617 942 5682 ἄξιος
994 5614 1082 5688 ἦν,
1129 5619 1265 5672 ἀλλὰ
1317 5623 1408 5675 καὶ
1454 5623 1829 5697 εὐτελέστερος
1893 5629 2106 5685 πάντων

603 5728 626 5755 ⁸
650 5727 767 5790 Reg.
795 5731 900 5791 ὑμῖν
931 5733 1257 5794 ἀποδώσομεν.

1223 305 1283 360 S.
1323 303 1605 360 JOANNIS
1642 274 2130 360 CHRYSOSTOLH
2160 301 2483 360 ARCHIEP.
2523 303 3071 364 CONSTANTINOP.

3662 313 3771 369 606

2200 421 2431 490 ὑπῆρχε.
2456 419 2644 491 Πολλῷ
2667 422 2774 492 γάρ
2802 421 3160 493 αἱρετώτερον
3195 416 3263 495 ἧν
3305 423 3453 496 αύτῷ
3485 426 3542 480 ἐν
3592 429 3772 500 σκότῳ

2191 498 2441 582 διάγειν,
2491 515 2583 567 καὶ
2625 515 2752 578 τοὺς
2801 516 3110 587 ὀφθαλμοὺς
3172 519 3522 589 ἐκκεκόφθαι,
3562 524 3656 577 καὶ
3672 498 3772 579 τού

2200 611 2376 679 φωτὸς
2408 610 2839 682 ἀπεστερῆσθαι,
2869 613 2902 681 ἡ
2929 612 3004 683 μὴ
3055 614 3252 667 εἰδέναι
3296 616 3348 668 τί
3377 617 3474 686 μὲν
3501 617 3682 684 καλὸν,
3715 621 3775 674 τί

2200 705 2256 756 δὲ
2282 705 2539 775 πονηρόν.
2599 707 2724 759 Ἐὰν
2757 707 2866 778 γὰρ
2913 708 3070 762 τοῦτο
3126 710 3320 782 ἀνέλῃς
3352 713 3449 782 τῆς
3497 713 3643 785 ζωῆς
3671 714 3773 785 τῆς

2200 799 2493 868 ἡμετέρας,
2525 802 2704 854 πᾶσαν
2727 801 2825 871 τὴν
2857 800 3000 874 ζωὴν
3021 805 3178 875 ἡμῶν
3205 806 3430 872 ἀνεῖλες,
3454 811 3547 862 καὶ
3567 808 3774 880 πολλῆς

2204 893 2519 963 συγχύσεως
2565 895 2634 947 τὰ
2683 896 2859 950 πάντα
2914 898 3234 971 ἐνέπλησας.
3283 901 3453 955 Τοῦτο
3485 901 3636 976 [672]
3661 906 3774 977 γάρ

2181 988 2369 1069 ἐστιν,
2395 983 2439 1056 ᾧ
2462 989 2572 1041 τῶν
2597 991 2803 1060 ἀλόγων
2829 992 3178 1064 διαφέρομεν,
3221 998 3315 1051 καὶ
3361 993 3406 1065 ᾧ
3434 1000 3543 1052 τῶν
3568 999 3773 1070 θηρίων

2201 1083 2465 1153 ἀμείνους
2500 1085 2684 1154 ἐσμὲν,
2723 1086 2800 1157 τῷ
2825 1089 3021 1142 κακίαν
3074 1090 3166 1144 καὶ
3206 1093 3407 1163 ἀρετὴν
3430 1094 3647 1158 εἰδέναι,
3669 1097 3773 1174 ,καὶ

2200 1177 2278 1247 τῷ
2307 1179 2685 1246 ἐπιγινώσκειν
2707 1183 2766 1235 τὸ
2787 1185 3040 1255 πονηρὸν,
3058 1187 3147 1239 καὶ
3169 1187 3229 1239 τὸ
3255 1188 3417 1240 καλὸν
3436 1187 3510 1260 μὴ
3538 1191 3770 1258 ἀγνοεῖν.

2201 1273 2345 1326 Είδέ
2371 1274 2531 1344 ἡμεῖς
2577 1275 2736 1329 τοῦτο
2787 1280 2942 1348 ίσμεν
2977 1279 3089 1345 νῦν,
3133 1282 3231 1352 οὐχ
3281 1284 3440 1353 ἡμεῖς
3480 1285 3536 1337 δὲ
3590 1288 3769 1356 μόνον,

2203 1367 2340 1420 ἀλλά
2364 1369 2456 1421 καὶ
2486 1369 2687 1423 Σκύθαι
2716 1372 2808 1424 καὶ
2831 1371 3116 1445 βάρϐαροι,
3164 1376 3342 1448 πολλῷ
3391 1379 3588 1448 μᾶλλον
3613 1383 3642 1433 6
3677 1382 3769 1437 ἀνθ

2204 1463 2418 1546 θρωπος
2450 1465 2570 1523 τότε
2598 1469 2801 1531 ἐκεῖνος
2831 1471 2936 1541 πρὸ
2985 1472 3081 1542 τῆς
3117 1474 3389 1544 ἁμαρτίας
3415 1476 3574 1531 τοῦτο
3605 1479 3771 1546 ἐγνώ-

2203 1581 2308 1618 κει·
2340 1566 2432 1618 καὶ
2461 1569 2559 1620 οὐκ
2581 1566 2646 1620 ἀν
2670 1571 2697 1621 6
2725 1569 3014 1635 τοσαύταις
3038 1573 3291 1644 τιμηθεὶς
3311 1579 3516 1645 τιμαῖς,
3563 1575 3672 1632 οἷον
3692 1580 3769 1650 τῷ

2203 1661 2323 1713 κατ’
2344 1662 2549 1725 εἰκόνα,
2572 1664 2650 1733 τῷ
2677 1665 2795 1718 καθ’
2818 1665 3093 1735 ὁμοίωσιν,
3127 1670 3220 1722 καὶ
3246 1672 3367 1734 ταῖς
3390 1671 3601 1735 λοιπαῖς
3627 1673 3770 1726 εὐλο-

2203 1757 2370 1824 γίαις,
2389 1757 2485 1808 τοῦ
2508 1758 2804 1827 κεφαλαίου
2829 1759 2939 1814 τῶν
2973 1761 3194 1828 ἀγαθῶν
3223 1763 3428 1835 ἔρημος
3464 1766 3668 1837 ἔμεινε.
3697 1769 3771 1821 Τὸ

2193 1851 2312 1922 ,γάρ
2341 1853 2502 1908 καλὸν
2525 1855 2617 1907 καὶ
2655 1857 2886 1926 πονηρὸν
2917 1859 3111 1911 ἐκεῖνοι
3148 1860 3296 1930 μόνοι
3323 1863 3627 1930 ἀγνοοῦσιν,
3657 1865 3770 1918 ὅσοι

2204 1948 2312 2002 τῶν
2349 1949 2490 2003 κατὰ
2519 1950 2680 2020 φύσιν
2720 1955 2863 2035 sum
2897 1953 3326 2028 ἀπεστερημένοι
3361 1959 3590 2029 φρενῶν·
3638 1962 3668 2012 6
3715 1960 3772 2014 δὲ

2217 2044 2389 2116 Ἀδὰμ
2410 2046 2607 2114 σοφίας¹
2622 2046 2820 2117 πολλῆς
2847 2049 3220 2120 ἐπεπλήρωτο,
3275 2054 3370 2106 καὶ
3387 2053 3774 2123 διαγνωστικὸς

2193 2139 2482 2209 ’ἑκατέρων
2527 2140 2732 2196 τούτων
2781 2138 2870 2213 ἦν.
2916 2145 3027 2198 Καὶ
3085 2147 3166 2200 ὅτι
3191 2149 3380 2217 σοφίας
3420 2150 3775 2222 ἐπεπλήρωτο

2205 2237 2602 2305 πνευματικῆς,
2623 2237 2854 2291 ἄκουσον
2879 2240 3048 2312 αὐτῆς
3085 2241 3183 2312 τὴν
3213 2243 3504 2310 ἀπόδειξιν.
3541 2248 3772 2314 Ἥγαγε,

2207 2331 2362 2400 φησὶ,
2388 2333 2536 2399 πρὸς
2563 2335 2748 2386 αὐτὸν
2765 2337 2798 2387 ὀ
2826 2335 2967 2400 Θεὸς
2989 2337 3062 2390 τὰ
3081 2339 3276 2405 θηρία,
3293 2339 3438 2393 ἰδεῖν
3456 2341 3515 2393 τί
3531 2339 3776 2395 καλέσει

2205 2427 2376 2480 αὐτάο
2427 2428 2603 2482 καὶεί
2642 2447 2697 2482 τι
2743 2431 3037 2486 ἐκάλεσεν
3069 2433 3221 2488 αὐτὰ
3261 2436 3470 2504 Ἀδὰμ,
3504 2437 3677 2492 τοῦτο
3709 2439 3777 2492 τὸ

2208 2521 2396 2592 ὄνομα
2441 2524 2663 2590 αὐτοῖς.
2704 2526 2986 2596 Ἐννόησον
3035 2529 3212 2584 τοίνυν
3242 2531 3413 2602 πόσης
3471 2531 3778 2604 ἐπέπληστο

2209 2621 2424 2688 σοφίας,
2448 2621 2719 2685 τοσούτοις
2773 2622 3004 2691 γένεσιν,
3034 2625 3177 2678 οὕτω
3205 2626 3486 2695 ποικίλοις,
3515 2630 3609 2682 καὶ
3645 2647 3779 2683 παν-

2207 2713 2478 2780 τοδαποῖς,
2531 2719 2644 2780 τοῖς
2673 2717 2781 2772 τῶν
2827 2719 3058 2788 κτηνῶν,
3081 2718 3194 2785 τοῖς
3220 2721 3328 2776 τῶν
3351 2723 3617 2794 ἑρπετῶν,
3666 2727 3780 2787 τοῖς

2207 2809 2315 2863 τῶν
2344 2811 2560 2880 πτηνῶν
2609 2815 2980 2886 προσηγορίας
3029 2817 3316 2884 ἐπιθεῖναι,
3348 2820 3442 2874 καὶ
3485 2822 3660 2885 πάσας
3682 2838 3780 2874 κυ-

2213 2906 2353 2976 ρίας,
2381 2907 2648 2977 δυνηθείς.
2673 2910 2828 2964 Οὕτω
2873 2913 2979 2984 γὰρ
3025 2907 3317 2981 ἀπεδέξατο
3358 2917 3457 2988 τὴν
3485 2915 3632 2970 θέσιν
3671 2917 3781 2970 τῶν

2209 3001 2543 3072 όνομάτωνό
2571 3003 2701 3068 Θεὸς
2723 3045 2738 3070 ,
2770 3007 2846 3071 ὡς
2887 3009 3082 3078 μηκέτι
3116 3011 3333 3082 κινῆσαι
3379 3013 3476 3076 τὰς
3508 3030 3779 3086 προσηγοο

2212 3097 2332 3167 ρίας
2361 3097 2596 3164 ἐκείνας,
2633 3101 2767 3171 μηδὲ
2819 3103 3156 3175 ἁμαρτόντος
3213 3106 3377 3160 αὑτοῦ
3405 3107 3628 3180 θελῆσαι
3683 3111 3778 3161 ἀνα

2211 3193 2350 3246 ελεῖν
2380 3193 2476 3258 τὰς
2499 3196 2812 3266 ἐπωνυμίας
2849 3200 3046 3255 αὐτῶν.
3076 3200 3204 3256 Πᾶν
3229 3204 3360 3274 γὰρ,
3387 3207 3571 3277 φησὶν,
3591 3206 3622 3260 6
3647 3207 3779 3260 ἐκά-

2200 3291 2396 3348 ,λεσεν
2416 3289 2568 3343 αὐτὰ
2617 3291 2806 3362 Ἀδὰμ,
2835 3282 3011 3348 τοῦτο
3039 3296 3226 3367 ὄνομα
3248 3299 3469 3366 αὐτοῖς.

2203 3448 2210 3454 -
2284 3421 2350 3492 β’.
2385 3417 2550 3488 Οὗτος
2568 3423 2698 3493 γοῦν
2732 3428 2916 3496 ἠγνόει
2946 3429 2998 3481 τί
3039 3431 3135 3500 μὲν
3155 3432 3336 3497 καλὸν,
3371 3435 3496 3488 τίδὲ
3517 3439 3777 3508 πονηρόν;

2211 3519 2321 3572 Καὶ
2343 3519 2460 3583 πῶς
2479 3520 2544 3574 ἂν
2566 3521 2677 3592 ἔχοι
2697 3521 2877 3591 λόγον;
2901 3526 3067 3580 Πάλιν
3089 3529 3262 3598 ἡγαγε
3283 3530 3380 3602 τὴν
3400 3536 3629 3601 γυναῖκα
3646 3536 3780 3606 πρὸς

2207 3614 2395 3679 αὐτὸν,
2419 3617 2512 3668 καὶ
2537 3616 2656 3670 ἰδὼν
2677 3619 2846 3690 αὐτὴν
2867 3621 3068 3685 εὐθέως
3090 3623 3302 3693 ἐπέγνω
3336 3625 3432 3698 τὴν
3453 3629 3551 3699 τῆς
3571 3629 3780 3698 φύσεως

2209 3709 2482 3763 κοινωνόν.
2507 3713 2616 3765 Καὶ
2651 3713 2704 3765 τί
2741 3731 2907 3786 φησι;
2953 3715 3132 3771 Τοῦτο
3154 3720 3270 3774 νῦν
3305 3723 3530 3777 ὀστοῦν
3562 3725 3631 3778 ὲκ
3665 3725 3781 3778 τῶν

2210 3802 2411 3857 ὀστῶν
2439 3823 2581 3876 μου,
2601 3807 2699 3861 καὶ
2734 3809 2889 3877 σὰρξ
2923 3812 2992 3866 ἐκ
3026 3812 3136 3880 τῆς
3170 3819 3396 3884 σαρκός
3409 3819 3783 3892 μου.Ἐπειδὴ

2211 3899 2318 3972 γὰρ
2360 3903 2464 3973 πρὸ
2502 3904 2727 3976 βραχέος
2763 3903 2830 3979 ἦν
2858 3910 2886 3962 6
2919 3909 3047 3974 Θεὸς
3067 3914 3398 3992 παραγαγὼν
3418 3916 3566 3986 αὑτῷ
3584 3919 3651 3972 τά
3671 3918 3781 3983 ζῶα

2211 3996 2446 4076 ἀπάντα,
2468 4000 2638 4066 δεῖξαι
2660 4002 2978 4075 βουλόμενος
2997 4006 3025 4058 6
3056 4008 3244 4078 Ἀδὰμ,
3266 4011 3348 4063 ὅτι
3366 4012 3523 4066 τοῦτο
3555 4012 3615 4066 τὸ
3645 4015 3781 4079 ζῶον

2208 4097 2328 4163 ούχι
2360 4093 2416 4147 ἒν
2453 4097 2676 4153 ἐκείνων
2711 4100 2819 4154 τῶν
2857 4100 3008 4166 ζώων
3046 4106 3213 4172 ἐστὶν,
3253 4104 3406 4161 εἴπεο
3454 4109 3631 4164 Τοῦτο
3667 4109 3782 4165 νῦν

2209 4188 2436 4242 ὀστοῦν
2452 4191 2520 4244 ἐκ
2542 4190 2659 4246 τῶν
2677 4195 2873 4248 ὀστῶν
2889 4215 3027 4266 μου,
3049 4201 3146 4255 καὶ
3168 4202 3324 4269 σὰρξ
3340 4204 3409 4257 ἐκ
3429 4204 3535 4273 τῆς
3555 4209 3781 4275 σαρκός

2203 4300 2343 4352 μου.
2367 4285 2521 4348 Τινὲς
2555 4286 2629 4350 δὲ,
2654 4289 2735 4341 ὅτι
2755 4291 2874 4360 οὐχὶ
2894 4292 3052 4346 τοῦτο
3081 4295 3241 4363 μόνον
3260 4298 3573 4366 αἰνίττεται,
3597 4301 3776 4369 φασὶν,

2209 4380 2344 4435 ἀλλὰ
2362 4381 2454 4434 καὶ
2474 4382 2566 4436 τὸν
2583 4384 2784 4452 τρόπον
2799 4386 2898 4456 τῆς
2914 4387 3293 4462 δημιουργίας,
3312 4395 3404 4447 καὶ
3419 4395 3499 4447 ὅτι
3513 4396 3615 4448 ούκ
3631 4396 3779 4450 ἔσται

2209 4475 2373 4529 πάλιν
2404 4479 2469 4546 τῇ
2507 4480 2728 4546 γυναικὶ
2757 4481 2996 4547 τοιοῦτος
3013 4485 3114 4555 τῆς
3133 4489 3398 4554 γενέσεως
3413 4491 3442 4542 6
3457 4491 3676 4562 τρόπος,
3695 4491 3782 4546 διὰ

2207 4570 2366 4624 τοῦτο
2386 4567 2509 4626 εἷπε
2525 4589 2538 4602 ·
2568 4575 2751 4631 Τοῦτο
2769 4578 2886 4633 νῦν
2900 4596 2913 4610 ·
2935 4580 3070 4652 ὅπερ
3091 4578 3185 4636 οῦν
3202 4584 3295 4636 καὶ
3314 4584 3401 4638 ἐτε
3410 4602 3498 4655 ρος
3517 4589 3781 4658 ἑρμηνευ-

2207 4666 2307 4738 τὴς
2342 4669 2734 4742 ἀκριϐέστερον
2772 4675 3091 4746 ἑρμηνεύων
3127 4678 3281 4748 ἔλεγε
3304 4719 3318 4744 ,
3360 4669 3546 4736 Τοῦτο
3579 4683 3744 4746 ἅπαξ
3762 4723 3778 4747 ,

2209 4765 2410 4820 ὡσανεὶ
2429 4765 2601 4836 ἔλεγε,
2628 4765 2742 4824 Νῦν
2762 4771 2918 4841 μόνον
2955 4773 3091 4845 γυνὴ
3131 4777 3355 4843 γέγονε-ν
3387 4776 3446 4844 ἐξ
3480 4779 3674 4850 ἀνδρὸς
3694 4779 3782 4850 μό-

2208 4877 2302 4916 νου
2323 4879 2338 4892 ·
2377 4863 2516 4933 μετά
2533 4862 2590 4916 δὲ
2609 4864 2784 4919 ταῦτα
2803 4867 2985 4922 οὐκέτι
3002 4869 3175 4934 οὕτως
3194 4869 3368 4935 ἔσται,
3389 4873 3504 4926 ἀλλ’
3524 4873 3582 4940 ἐξ
3601 4877 3776 4945 ἀμφο-

2207 4956 2402 5029 τέρωνο
2435 4957 2682 5012 Ὀστοῦν
2697 4960 2765 5014 ἐκ
2783 4960 2901 5015 τῶν
2919 4962 3116 5018 ὀστῶν
3133 4983 3266 5036 μου,
3290 4967 3388 5021 καὶ
3410 4968 3568 5038 σὰρξ
3585 4968 3653 5022 ἐκ
3675 4968 3781 5036 τῆς

2209 5052 2436 5120 σαρκός
2445 5069 2586 5122 μου.
2617 5054 2671 5108 Ἐ
2678 5055 2705 5120 ξ
2722 5055 3013 5129 ὁλοκλήρου
3033 5058 3140 5132 γὰρ
3158 5059 3250 5114 τοῦ
3272 5064 3591 5136 φυράματος
3606 5067 3634 5118 6
3653 5064 3779 5128 Θεὸς

2207 5146 2389 5202 λαϐὼν
2423 5149 2634 5220 κόμμα,
2654 5150 2794 5204 οὕτω
2830 5151 2926 5224 τὴν
2964 5158 3198 5223 γυναῖκα
3233 5157 3488 5224 ἔπλασεν,
3523 5160 3608 5214 ἵνα
3644 5161 3780 5214 κατά

2211 5245 2386 5300 πάντα
2423 5250 2650 5319 κοινωνῇ
2688 5248 2766 5320 τῷ
2803 5250 2975 5322 ἀνδρί.
3015 5253 3199 5322 Αὕτη,
3231 5258 3384 5326 φησὶ,
3420 5259 3780 5326 κληθήσεται

2209 5341 2386 5409 γυνὴ,
2408 5341 2496 5396 ὅτι
2514 5344 2582 5397 ἐκ
2602 5345 2706 5398 τοῦ
2725 5345 2943 5416 ἀνδρὸς
2962 5348 3216 5419 ἐλήφθη.
3249 5352 3409 5426 Ὁρᾷς
3439 5354 3556 5418 πῶς
3573 5357 3667 5410 καὶ
3686 5355 3780 5427 τὴν

2211 5439 2584 5511 προσηγορίαν
2620 5441 2896 5497 διά’τοῦτο
2934 5447 3256 5519 ἐπιτίθησιν,
3280 5450 3366 5503 ῖνα
3391 5453 3422 5521 ἡ
3449 5451 3781 5522 προσηγορία

2209 5532 2433 5605 διδάσκῃ
2471 5536 2570 5606 τὴν
2607 5539 2892 5594 κοινωνίαν
2920 5541 3022 5611 τῆς
3048 5542 3281 5610 φύσεως,
3305 5547 3398 5599 καὶ
3419 5548 3451 5615 ἡ
3470 5546 3781 5600 διδασκαλία

2210 5629 2309 5697 τῆς
2331 5629 2470 5683 κατὰ
2491 5631 2589 5700 τῆν
2609 5632 2770 5701 φύσιν
2791 5637 3091 5700 κοινωνίας,
3114 5639 3206 5692 καὶ
3236 5640 3264 5692 6
3299 5641 3397 5711 τῆς
3425 5642 3781 5712 δημιουργίας

2214 5726 2412 5796 τρόπος
2450 5727 2705 5793 ὑπόθεσις
2741 5730 2958 5801 ἀγάπης
3059 5726 3358 5804 διηνεκοῦς,
3381 5738 3470 5790 καὶ
3493 5737 3781 5808 σύνδεσμος
