4146 6260
376 306 485 363 685

367 439 484 477 non
518 419 811 483 'in'furum,
863 416 954 472 sed
982 417 1032 469 in
1052 412 1328 470 ecclesiam
1356 410 1622 471 venimus,
1676 418 1730 463 et
1758 408 1811 461 in
1830 421 1961 461 con-

378 532 618 586 gressum
641 531 741 569 nos
754 514 941 566 damus
960 526 1062 564 non
1082 508 1234 562 unius
1254 504 1431 567 amici,
1446 501 1537 556 sed
1556 510 1661 555 tam
1676 502 1964 555 multorum

377 625 439 663 ae
467 608 655 660 talium
675 607 893 659 fratrum
921 612 1251 671 patrumque,
1280 595 1369 664 qui
1398 592 1512 648 fieri
1537 592 1747 661 poterit,
1772 600 1828 642 ut
1856 604 1961 643 non

368 716 593 754 omnem
622 697 925 753 maestitiam
948 693 1295 759 deponamus,
1320 702 1422 742 non
1446 684 1627 738 lzetitia
1654 683 1795 736 omni
1816 680 1960 733 frua-

373 793 529 849 mur?
560 792 673 847 Non
695 790 834 845 enim
863 796 1075 856 propter
1094 780 1486 837 multitudinem
1514 784 1721 830 tantum
1765 774 1953 827 melior

378 894 461 940 est
490 883 792 938 forensibus
822 880 924 933 illis
964 878 1193 931 coetibus
1228 874 1314 926 hie
1334 884 1637 932 consessus,
1693 866 1786 920 sed
1831 882 1956 935 pro-

375 985 501 1046 pter
551 974 718 1043 ipsatn
756 968 1144 1037 colloquiorum
1164 963 1543 1019 conditionem.
1576 958 1705 1012 Nam
1734 957 1808 1010 illi
1843 956 1959 1026 qui-

376 1045 498 1120 dem
523 1065 574 1118 in
604 1054 717 1117 foro
744 1059 1101 1119 considentes,
1124 1066 1176 1110 et
1197 1057 1248 1108 in
1274 1053 1456 1107 orbem
1480 1051 1618 1103 inter
1647 1063 1705 1103 se
1725 1045 1955 1111 collecti,

377 1166 538 1227 atque
556 1153 837 1209 intcirculis
852 1149 1007 1204 otiosi
1031 1161 1266 1216 perszepe
1286 1144 1352 1198 de
1372 1142 1528 1196 rebus
1550 1139 1823 1193 inutilibus
1843 1151 1957 1190 ser-

376 1225 564 1301 mones
583 1248 893 1305 conserunt,
916 1249 970 1294 et
992 1239 1170 1307 jejuna
1200 1231 1592 1303 colloquulione
1618 1227 1852 1282 instituta
1889 1225 1957 1279 de

377 1337 440 1390 iis
466 1335 628 1390 verba
674 1332 893 1396 faciunt,
923 1346 1041 1399 qua:
1084 1327 1154 1381 ad
1206 1327 1349 1395 ipsos
1391 1321 1521 1376 nihil
1570 1320 1813 1373 attinent.
1867 1315 1958 1371 Sic

362 1430 518 1483 enim
548 1427 656 1480 fere
679 1426 754 1488 fit,
778 1434 847 1479 -ιιι
874 1422 1058 1490 majori
1085 1418 1259 1474 studio
1277 1433 1363 1471 res
1382 1416 1584 1469 alienas
1605 1412 1953 1482 inquiramus,

372 1531 427 1575 et
452 1520 711 1575 curiosius
741 1516 1068 1585 indagemus.
1096 1512 1214 1567 Jam
1242 1526 1370 1565 vero
1417 1506 1677 1561 lubricum
1710 1518 1846 1569 esse
1892 1515 1957 1556 ac

362 1610 591 1683 periculi
618 1608 831 1678 plenum
879 1606 1001 1659 talia
1032 1604 1193 1658 verba
1224 1600 1443 1655 fundere
1471 1607 1631 1667 atque
1656 1595 1869 1659 audire,
1901 1601 1956 1647 et

360 1701 573 1765 seduci,
605 1700 904 1767 multasque
927 1697 996 1751 ob
1025 1693 1283 1764 ejusmodi
1329 1698 1626 1747 conventus
1677 1686 1949 1741 multoties

370 1795 630 1849 excitatas
659 1806 777 1846 esse
825 1791 876 1843 in
922 1788 1133 1843 familiis
1172 1792 1541 1854 tempestates,
1589 1781 1766 1834 dicere
1811 1794 1954 1833 nunc

364 1885 692 1955 supersedeo
725 1894 906 1938 :‘certe
931 1881 1170 1936 inutilem
1203 1894 1266 1932 ac
1291 1890 1482 1931 vanam
1507 1888 1626 1928 esse
1651 1882 1807 1941 atque
1854 1885 1955 1925 sse-

369 1979 607 2032 cularem
654 1989 868 2030 omnem
908 1970 1181 2041 ejusmodi
1222 1966 1721 2029 eonfabulationem,
1779 1976 1953 2031 neque

370 2071 520 2125 facile
564 2068 895 2139 spiritualem
938 2078 1193 2133 umquam
1249 2073 1549 2114 sermonem
1584 2057 1635 2109 in
1685 2054 1951 2124 ejusmodi

366 2178 676 2219 consessum
717 2160 944 2223 admitti,
977 2156 1189 2225 negabit
1212 2166 1390 2208 nemo.
1416 2151 1512 2204 llic
1538 2159 1717 2203 autem
1744 2162 1848 2201 non
1878 2150 1951 2200 ita

368 2257 446 2318 fit,
476 2254 567 2307 sed
626 2249 951 2305 contrarium
980 2247 1139 2315 plane
1177 2240 1486 2311 :siquidem
1529 2239 1704 2293 omnis
1751 2235 1951 2290 inutilis

367 2357 548 2398 sermo
569 2341 824 2410 rejicitur,
848 2338 1022 2391 omnis
1042 2348 1169 2390 vero
1190 2333 1429 2388 doctrina
1454 2329 1739 2401 spiritualis
1764 2328 1814 2382 in
1841 2340 1953 2381 me-

366 2435 514 2488 dium
543 2430 825 2502 profertur.
882 2429 1165 2483 Enimvero
1190 2425 1258 2480 de
1286 2424 1461 2477 anima
1494 2429 1671 2475 nostra
1723 2418 1946 2473 disseri-

365 2542 505 2588 mus,
547 2525 719 2594 deque
766 2521 917 2576 bonis
975 2520 1098 2585 illis,
1153 2532 1272 2587 quae
1299 2515 1364 2569 ad
1402 2514 1633 2567 animam
1664 2511 1947 2581 pertinent,

363 2618 537 2687 deque
564 2615 810 2683 repositis
837 2614 887 2666 in
915 2611 1045 2666 cado
1065 2609 1301 2671 coronis,
1319 2606 1385 2660 de
1408 2607 1644 2659 virorum
1665 2604 1947 2657 illustrium

361 2710 673 2779 vita,deqne
700 2705 790 2762 Dei
822 2702 1144 2773 benignitate
1167 2710 1326 2771 atque
1344 2697 1574 2753 universi
1596 2694 1945 2765 providentia,

362 2803 592 2872 denique
612 2802 679 2855 de
704 2800 820 2854 aliis
849 2798 1112 2861 omnibus,
1144 2812 1263 2866 quze
1289 2794 1355 2849 ad
1386 2808 1483 2848 nos
1531 2793 1801 2861 pertinent
1827 2806 1945 2842 ma-

362 2895 523 2965 xime,
551 2894 700 2960 cujus
721 2892 795 2945 rei
821 2890 988 2959 gratia
1019 2888 1125 2942 nati
1155 2889 1343 2951 simus,
1366 2895 1419 2939 et
1448 2899 1568 2954 qua:
1594 2882 1806 2936 tandem
1833 2895 1950 2935 sors

364 2996 418 3040 et
446 2984 681 3038 conditio
702 2991 940 3035 nostrum
968 2996 1030 3035 ex
1059 2979 1160 3033 hac
1185 2979 1289 3031 vita
1313 2976 1609 3030 discessum
1657 2981 1946 3041 exceptura

364 3077 451 3142 sit,
474 3088 683 3144 quoque
709 3073 759 3127 in
783 3081 919 3127 statu
945 3087 1032 3126 res
1060 3078 1255 3124 nostrae
1273 3077 1381 3122 tum
1403 3066 1657 3137 temporis
1672 3065 1779 3119 sint
1806 3064 1950 3117 futu-

363 3183 460 3221 rm.
494 3168 668 3235 Atque
706 3164 864 3234 hujus
885 3162 1154 3217 concionis
1186 3158 1469 3229 participes
1498 3171 1603 3211 non
1631 3156 1803 3210 solum
1846 3169 1946 3209 nos

362 3274 565 3323 sumus,
594 3256 687 3311 sed
710 3265 763 3310 et
801 3254 1072 3325 propheta:
1100 3262 1153 3307 et
1193 3250 1455 3321 apostoli,
1504 3246 1750 3318 quodque
1780 3246 1950 3315 majus

360 3363 444 3408 est
521 3352 789 3415 omnibus,
848 3349 963 3417 ipse
1009 3346 1264 3401 Dominus
1304 3342 1547 3397 omnium
1598 3349 1704 3400 stat
1742 3338 1950 3393 medius

362 3446 499 3498 inter
528 3459 624 3497 nos
654 3443 828 3497 Jesus.
872 3440 998 3508 ipse
1021 3439 1212 3508 quippe
1237 3435 1365 3490 dicit
1399 3451 1412 3487 :
1449 3433 1547 3489 Ubi
1585 3435 1687 3486 duo
1730 3431 1808 3485 vel
1850 3440 1949 3484 tres

361 3537 653 3607 congregati
688 3543 803 3589 sunt
828 3534 880 3586 in
905 3532 1106 3585 nomine
1130 3546 1259 3593 meo,
1299 3527 1410 3580 illic
1433 3541 1546 3580 sum
1575 3526 1626 3578 in
1657 3524 1820 3576 medio
1861 3537 1947 3576 eo.

361 3647 474 3682 rum
512 3628 723 3698 (Matth.
754 3626 839 3681 18.
866 3624 935 3677 ‘20
955 3626 996 3693 ).
1029 3622 1178 3687 Quod
1201 3622 1246 3675 si
1272 3620 1358 3673 ubi
1382 3618 1489 3673 duo
1512 3626 1688 3671 tresve
1714 3628 1944 3684 congre~

362 3724 463 3789 gati
496 3721 717 3783 sunt,in
760 3717 938 3772 medio
993 3725 1075 3770 est
1128 3716 1384 3782 ipsorum,
1439 3711 1605 3764 multo
1646 3710 1815 3776 magis
1859 3708 1948 3761 ubi

366 3819 442 3864 tot
467 3810 584 3871 viri,
638 3815 717 3861 tot
765 3807 1053 3870 mulieres,
1105 3814 1210 3858 tam
1262 3801 1413 3856 multi
1460 3799 1618 3853 etiam
1660 3806 1863 3866 patres,
1894 3799 1950 3849 et

361 3901 584 3972 apostoli
614 3915 676 3954 ac
717 3896 989 3967 propheta:
1016 3896 1067 3949 in
1098 3893 1274 3948 medio
1295 3898 1595 3947 versantur.

434 3992 658 4045 Adamus
678 4007 745 4042 an
773 3986 1032 4042 scientiam
1055 3985 1177 4039 boni
1204 3992 1249 4036 et
1276 3982 1398 4035 mali
1424 3979 1671 4033 habuerit.
1727 3977 1948 4044 Quinam

362 4087 588 4155 ignorent
617 4084 801 4136 bonum
826 4088 873 4132 et
902 4078 1110 4131 malum.
1138 4105 1211 4116 —
1231 4075 1566 4143 Quapropter
1609 4080 1664 4126 et
1689 4085 1786 4125 nos
1830 4085 1946 4123 ma-

360 4178 462 4247 jori
493 4191 612 4230 cum
645 4172 832 4227 fiducia
866 4170 1027 4225 verba
1056 4168 1297 4231 facimus,
1332 4180 1397 4220 eo
1425 4164 1543 4218 freti
1570 4161 1829 4228 subsidio,
1888 4170 1946 4216 et

364 4268 519 4322 fidem
549 4266 699 4320 vobis
725 4264 901 4318 datam
930 4261 1185 4317 solvimus
1207 4261 1246 4312 ⁸.
1282 4257 1528 4312 Dicturus
1548 4256 1690 4311 enim
1713 4269 1808 4309 nos
1828 4252 1946 4325 pol-

364 4359 492 4414 liciti
515 4373 718 4421 sumus,
743 4356 970 4426 primum
995 4354 1064 4408 de
1090 4354 1256 4422 ligno,
1295 4366 1362 4405 an
1385 4365 1449 4405 ex
1476 4364 1542 4405 eo
1585 4350 1943 4418 cognitionem

364 4453 485 4506 boni
510 4467 570 4507 ac
590 4453 713 4507 mali
742 4452 811 4505 sit
838 4446 1061 4518 :deptus
1087 4446 1340 4509 Adamus,
1390 4458 1457 4497 an
1502 4458 1630 4497 vero
1658 4452 1942 4511 antequam

363 4543 563 4610 ederet,
609 4540 910 4612 hujusmodi
940 4538 1123 4592 notitia
1174 4536 1423 4605 praeditus
1464 4544 1629 4588 esset.
1679 4532 1945 4587 Audacter

366 4637 523 4708 igitur
561 4650 704 4690 nunc
750 4634 989 4687 dicamus
1016 4670 1032 4695 ,
1090 4629 1248 4684 etiam
1291 4636 1573 4697 antequam
1614 4625 1941 4689 comederet,

366 4727 464 4782 bac
488 4740 606 4780 eum
634 4723 935 4793 cognitione
955 4720 1234 4792 praeditum
1262 4718 1423 4773 fuisse
1450 4736 1467 4771 :
1489 4717 1588 4771 nisi
1629 4718 1772 4772 enim
1817 4716 1943 4786 quid

364 4820 561 4875 bonum
590 4817 853 4872 malumve
882 4812 1037 4879 foret,
1068 4812 1321 4877 novisset,
1343 4810 1472 4880 ipsis
1500 4808 1719 4863 rationis
1744 4822 1941 4876 exper-

363 4911 506 4967 tibus
530 4906 888 4963 animantibus
913 4903 1215 4967 immanior,
1249 4910 1303 4958 et
1327 4901 1575 4956 dominus
1597 4899 1766 4954 servis
1811 4898 1943 4952 stul-

362 5006 465 5059 tior
490 5001 799 5057 exstitisset.
861 4999 1054 5052 AnnOn
1104 4995 1247 5050 enim
1294 4992 1582 5048 absurdum
1624 4991 1852 5056 videtur,
1885 4998 1944 5044 ut

355 5109 535 5163 caprae
565 5091 775 5162 quidem
795 5096 853 5144 et
880 5102 1010 5143 oves
1035 5086 1300 5150 noverint,
1340 5097 1584 5155 quamam
1627 5081 1793 5137 herba
1842 5079 1945 5135 sibi

354 5188 423 5241 sit
471 5185 634 5249 utilis,
683 5195 869 5252 quave
896 5178 1215 5250 perniciosa,
1263 5190 1435 5247 neque
1476 5176 1543 5229 ad
1586 5188 1774 5229 omnes
1826 5187 1945 5242 quae

356 5287 663 5343 occurrunt,
679 5275 1063 5337 adhaerescant,
1085 5270 1178 5327 sed
1196 5270 1500 5326 discernere
1531 5266 1808 5337 possintac
1822 5279 1948 5320 nos-

357 5392 437 5440 se,
469 5372 593 5446 quid
623 5372 753 5442 ipsis
773 5370 999 5427 lnoxium
1029 5368 1118 5433 sit,
1147 5373 1201 5421 et
1223 5364 1348 5435 quid
1377 5360 1714 5418 commodum
1742 5377 1756 5419 ;
1787 5361 1946 5413 homo

366 5482 492 5523 vero
522 5475 662 5520 tanta
680 5464 925 5520 cautione
951 5458 1259 5516 fraudetur?
1276 5455 1386 5512 Nisi
1408 5454 1549 5511 enim
1572 5454 1675 5509 hoc
1701 5452 1942 5519 haberet,

363 5560 555 5616 nullius
583 5567 723 5615 esset
746 5557 920 5627 pretii,
967 5553 1060 5612 sed
1085 5551 1320 5609 omnium
1350 5547 1737 5622 abiectissimus
1785 5559 1945 5617 appa-

426 5717 439 5746 ¹
479 5721 616 5776 tteg.,
640 5712 765 5763 vobis
787 5709 1035 5760 sciremus.

1602 291 1677 347 υἱ
1706 289 2009 347 GENESIM
2050 289 2275 347 SEliilO
2317 293 2401 345 Vl.

3539 314 3646 369 αυσ

2058 418 2235 463 τοτθι.
2261 410 2421 466 Multo
2449 412 2589 468 enim
2617 417 2780 469 satius
2806 416 2904 486 ipsi
2922 422 3061 481 foret
3090 428 3142 486 in
3170 430 3400 493 tenebris
3418 449 3627 505 versari

2176 500 2205 513 ..
3635 492 3650 513 ,

2052 500 2342 569 .oculisque
2367 514 2580 571 captum
2630 521 2768 571 esse,
2813 524 2875 564 ac
2924 513 3053 571 lucis
3103 536 3319 590 aspectu
3362 500 3654 599 privatith

2069 605 2227 687 quam
2255 595 2459 687 utquid
2508 594 2701 650 bonum
2730 600 2819 666 sit,
2871 603 3063 671 quidve
3110 615 3327 675 malum.
3358 594 3622 687 ignoraret

2056 681 2223 745 .Tolle
2254 686 2389 740 hanc
2415 703 2446 741 e
2470 688 2572 742 vita
2604 699 2784 747 nostra
2834 694 3155 767 facultatem,
3181 704 3289 773 jam
3315 671 3647 778 ipsam

2054 793 2190 831 .nem
2242 782 2400 835 vitam
2455 793 2690 840 nostram
2741 790 3039 855 sustuleris,
3081 804 3136 848 et
3184 801 3417 857 oninium
3472 821 3648 862 rerum

2070 871 2520 965 perturbationem
2543 875 2829 933 invexeris.
2864 880 2974 937 lloe
2994 885 3133 938 enim
3168 889 3290 944 illud
3319 903 3418 957 est,
3469 914 3575 965 quo
3622 918 3651 955 a

2052 959 2235 1014 brutis
2255 963 2610 1020 animantibus
2630 968 2946 1036 differimus,
2967 984 3019 1028 et
3040 992 3143 1045 quo
3165 978 3290 1034 feris
3312 959 3629 1050 pra-stamus

2066 1053 2204 1121 quod
2234 1054 2415 1108 vitium
2438 1059 2793 1129 virtutemque
2821 1066 3143 1133 noverimus,
3176 1079 3231 1124 et
3282 1032 3423 1142 qitod

2052 1156 2279 1198 .seautus
2309 1146 2431 1238 quid
2481 1150 2677 1202 malum
2719 1153 2809 1211 sit.
2846 1168 3016 1223 neque
3040 1158 3164 1226 quid
3188 1162 3255 1214 sit
3278 1162 3471 1219 bonum
3500 1146 3648 1238 igno-

2054 1247 2262 1289 remus.
2316 1237 2467 1303 Quod
2515 1241 2557 1292 si
2590 1256 2688 1296 nos
2748 1242 2799 1296 id
2872 1260 3012 1300 nunc
3060 1250 3278 1319 scimus,
3331 1271 3503 1325 neque
3533 1237 3647 1317 nos

2064 1332 2290 1427 tantum,
2345 1328 2439 1382 sed
2489 1331 2644 1384 etiam
2695 1331 2906 1404 Scythae
2950 1351 3013 1390 ac
3059 1338 3290 1408 barbari,
3322 1348 3489 1402 multo
3535 1368 3648 1406 ma-

2061 1421 2142 1484 gis
2173 1426 2280 1471 tum
2314 1422 2568 1489 temporis
2614 1421 2773 1478 homo
2821 1426 2908 1479 ille
2960 1436 3085 1483 ante
3130 1445 3401 1498 peccatum
3443 1440 3493 1492 id
3545 1459 3644 1495 no-

2062 1517 2212 1560 verat
2261 1526 2274 1562 :
2322 1525 2492 1580 neque
2563 1529 2685 1567 cum
2755 1517 2912 1570 tantis
2974 1518 3264 1577 honoribus
3338 1532 3640 1588 cumulatus

2066 1609 2230 1660 esset,
2288 1612 2469 1668 utpote
2516 1605 2657 1672 quod
2709 1608 2773 1661 ad
2817 1609 3093 1679 imaginem
3150 1624 3203 1669 et
3244 1618 3643 1680 similitudinem

2062 1689 2153 1742 Dei
2204 1689 2459 1746 formatus
2511 1704 2670 1759 esset,
2702 1697 2923 1767 aliisque
2964 1700 3234 1761 beneficiis
3282 1722 3521 1771 ornatus.
3579 1730 3647 1771 eo

2060 1781 2199 1848 quod
2258 1790 2416 1851 Caput
2464 1782 2720 1839 bonarum
2767 1796 2866 1851 est,
2935 1792 3153 1846 orbatus
3203 1807 3346 1852 esset
3403 1756 3641 1859 relicta:

2058 1871 2190 1926 Nam
2241 1873 2364 1941 quid
2396 1873 2589 1927 bonum
2621 1874 2689 1928 sit
2732 1884 2787 1930 et
2813 1878 3032 1947 malum,
3063 1883 3135 1935 illi
3186 1887 3355 1941 solum
3379 1890 3639 1958 ignorant,

2057 1962 2146 2031 qui
2189 1964 2412 2015 naturali
2463 1965 2684 2017 rationis
2727 1966 2929 2033 judicio
2966 1982 3089 2024 sunt
3141 1977 3325 2042 privati
3371 1980 3641 2038 :Adamus

2057 2063 2233 2107 autem
2258 2054 2418 2106 tuulta
2445 2055 2698 2122 sapientia
2718 2058 2951 2125 repletus
2972 2069 3106 2123 erat.
3148 2072 3203 2117 et
3240 2064 3400 2133 hujus
3447 2074 3644 2125 utrius-

2057 2157 2161 2212 que
2185 2144 2518 2199 discernendi
2551 2144 2796 2201 facultate
2828 2148 3077 2216 pollebat.
3096 2151 3269 2223 Atque
3298 2165 3354 2209 ut
3380 2158 3643 2229 intelligas

2050 2248 2179 2288 eum
2203 2236 2458 2302 Spirituali
2493 2238 2754 2304 repletum
2798 2237 2963 2294 fuisse
2989 2242 3267 2310 sapientia,
3310 2246 3645 2304 demonstra-

2057 2324 2254 2378 tionem
2280 2325 2396 2393 cjus
2426 2326 2501 2380 rei
2531 2327 2674 2381 audi.
2716 2327 2945 2382 Adduxit
2996 2333 3066 2384 ad
3097 2348 3209 2385 eum
3233 2332 3392 2402 Deus,
3445 2338 3633 2407 inquit,

2056 2415 2258 2480 bestias,
2285 2425 2342 2469 ut
2370 2416 2553 2473 videret
2578 2418 2701 2489 quid
2724 2429 2918 2474 vocaret
2947 2438 3069 2486 eas;
3087 2433 3133 2476 et
3156 2424 3201 2477 si
3224 2426 3345 2493 quid
3372 2443 3458 2480 eas
3481 2445 3636 2482 voca-

2054 2507 2123 2560 vit
2143 2506 2326 2572 Adam,
2344 2508 2441 2561 ltoc
2463 2517 2535 2561 est
2564 2524 2746 2562 nomen
2777 2511 2902 2579 ipsis
2933 2512 2951 2581 (
2972 2510 3096 2566 Gen.
3121 2514 3176 2566 2.
3205 2515 3332 2586 19).
3350 2516 3640 2573 Cousidaa

2054 2613 2203 2667 ergo,
2251 2608 2444 2669 quanta
2503 2601 2762 2670 sapientia
2813 2604 3114 2657 cumulatus
3168 2615 3332 2672 esset,
3387 2609 3476 2678 qui
3529 2618 3637 2663 tam

2052 2691 2233 2743 multis
2247 2691 2553 2758 generibus,
2575 2702 2678 2745 tam
2703 2692 2861 2745 variis
2880 2694 3178 2763 etcujusvis
3197 2698 3415 2765 speciei,
3426 2699 3642 2767 jumen-

2054 2790 2250 2842 torum,
2269 2783 2559 2851 reptilium,
2588 2794 2640 2837 et
2658 2784 2931 2837 volucrum
2960 2786 3375 2857 uomina,eaque
3399 2794 3635 2859 pr0pr_ia,

2054 2872 2330 2941 imponere
2365 2874 2615 2941 potuerit.
2647 2871 2736 2927 Sic
2761 2875 2903 2928 enim
2934 2874 3069 2929 hanc
3098 2855 3374 2932 nominum
3399 2855 3640 2951 iimpo‘si-v-

2056 2963 2254 3015 tioncm
2280 2963 2591 3032 approbavit
2621 2964 2759 3016 Dens
2780 3004 2794 3028 ,
2836 2973 2893 3016 ut
2932 2982 3035 3018 non
3057 2968 3283 3033 amplius
3305 2970 3421 3025 illas
3450 2974 3633 3040 appel-

2050 3052 2281 3107 lationes
2336 3054 2572 3115 mutarit,
2602 3068 2772 3121 neque
2799 3070 2917 3107 eum
2947 3056 3034 3109 ille
3061 3068 3371 3125 peccasset,
3402 3063 3628 3117 voluerit

2055 3157 2147 3198 eas
2195 3159 2225 3196 e
2271 3142 2446 3196 medio
2475 3143 2698 3197 tollere:
2734 3143 2894 3198 Omne
2919 3145 3082 3210 enim,
3123 3146 3312 3217 inquit,
3336 3151 3470 3217 quod
3497 3169 3644 3205 caca-

2054 3238 2122 3289 vit
2150 3253 2211 3290 ea
2230 3236 2415 3301 Adam,
2447 3237 2541 3289 hac
2570 3246 2639 3291 est
2658 3252 2838 3290 nomen
2866 3237 3011 3306 ipsis.

2123 3328 2180 3383 2.
2204 3330 2284 3383 An
2318 3330 2476 3398 igitur
2506 3330 2622 3395 iste,
2653 3330 2776 3399 quid
2806 3330 2999 3385 bonum
3028 3341 3187 3396 esset,
3221 3333 3415 3403 quidve
3442 3337 3638 3392 malum

2053 3418 2371 3489 ignorabat?
2417 3418 2513 3473 Cui
2544 3436 2671 3474 vero
2717 3420 2767 3474 id
2800 3420 3069 3489 probabile
3111 3422 3394 3479 videatur?
3439 3426 3642 3484 Rursus

2054 3514 2333 3568 mulierem
2359 3514 2422 3566 ad
2455 3514 2625 3583 ipsum
2656 3513 2891 3577 adduxit,
2924 3524 2978 3568 et
3006 3529 3067 3567 ea
3098 3515 3206 3569 visa
3233 3518 3512 3572 confestim
3541 3536 3638 3573 na—

2055 3614 2186 3659 tura:
2230 3615 2534 3659 consortem
2586 3604 2818 3673 agnovit.
2874 3604 2943 3657 Et
2986 3604 3110 3673 quid
3141 3606 3257 3659 ait?
3286 3606 3558 3662 Hocnunc
3585 3626 3641 3664 os

2050 3713 2115 3750 ea:
2165 3698 2357 3751 ossibus
2409 3698 2552 3759 meis,
2604 3707 2650 3749 et
2692 3712 2811 3749 caro
2843 3696 2905 3748 de
2927 3713 3078 3749 carne
3097 3713 3208 3749 mea
3235 3697 3396 3766 (Ibid.
3428 3716 3472 3752 υ.
3501 3701 3633 3768 23).

2051 3787 2183 3841 Cum
2226 3789 2367 3841 enim
2417 3788 2574 3854 paulo
2619 3797 2743 3839 ante
2786 3788 2923 3839 Deus
2948 3788 3011 3839 ad
3038 3803 3160 3842 eum
3177 3801 3367 3844 cuncta
3392 3793 3640 3847 animalia

2046 3877 2379 3940 adduxisset,
2437 3875 2721 3928 ostendere
2752 3876 2938 3929 volens
2986 3877 3153 3929 Adam
3192 3893 3298 3932 non
3336 3879 3548 3948 aliquod
3576 3898 3639 3937 ex

2053 3969 2264 4023 caeteris
2291 3983 2410 4022 esse
2439 3967 2540 4021 hoc
2567 3967 2782 4032 animal,
2809 3966 2942 4019 dixit
2976 3985 2990 4021 :
3018 3966 3128 4020 Hoc
3154 3984 3289 4021 nunc
3326 3985 3382 4022 os
3410 3986 3473 4023 ea:
3511 3972 3641 4025 ossi-

2051 4059 2144 4113 bus
2166 4060 2309 4121 meis,
2333 4068 2379 4111 et
2404 4075 2521 4111 caro
2566 4058 2629 4111 de
2670 4074 2821 4110 carne
2846 4074 2977 4112 mea.
3004 4056 3253 4112 Nonnulli
3280 4075 3407 4114 vero
3434 4062 3639 4125 dicunt,

2040 4166 2158 4205 non
2183 4150 2232 4205 id
2262 4150 2432 4203 solum
2460 4164 2581 4203 eum
2626 4149 2866 4216 innuere,
2894 4149 2988 4203 sed
3028 4150 3186 4203 etiam
3215 4152 3500 4207 creatioais
3521 4170 3639 4206 mo-

2050 4242 2199 4308 dum,
2223 4256 2395 4311 neque
2417 4240 2531 4295 fore
2552 4249 2608 4294 ut
2629 4256 2812 4294 rursus
2836 4240 3026 4295 mulier
3050 4256 3113 4295 ea
3142 4242 3345 4295 ratione
3370 4253 3638 4308 nascatur,

2050 4342 2332 4403 propterea
2376 4331 2595 4393 dixisse,
2633 4329 2743 4383 Hoc
2772 4346 2924 4395 nunc,
2970 4330 3109 4401 quod
3151 4331 3332 4396 utique
3374 4331 3509 4388 alios
3557 4333 3640 4388 in-

2050 4435 2256 4497 terpres
2298 4426 2596 4479 accuratius
2624 4424 2978 4491 interpretans
2998 4423 3152 4486 dixit,
3188 4422 3298 4476 lloc
3325 4426 3478 4479 semel
3507 4424 3584 4495 (a)
3611 4467 3628 4492 ,

2047 4520 2198 4589 quasi
2224 4516 2448 4581 diceret,
2475 4514 2625 4569 Nunc
2651 4523 2853 4568 tantum
2884 4516 3072 4568 mulier
3118 4532 3180 4569 ex
3213 4517 3326 4568 solo
3353 4518 3465 4570 viro
3497 4520 3629 4572 facta

2048 4618 2170 4673 est,
2222 4604 2443 4676 posthac
2488 4613 2664 4657 autem
2708 4618 2813 4657 non
2858 4604 2935 4656 sic
2974 4605 3098 4669 erit,
3143 4604 3234 4656 sed
3264 4620 3330 4657 ex
3362 4607 3633 4674 utrisque:

2052 4702 2122 4755 Os
2144 4716 2208 4755 ea:
2227 4698 2417 4753 ossibus
2443 4698 2582 4760 meis,
2605 4705 2651 4749 et
2674 4712 2789 4749 caro
2809 4696 2873 4749 de
2887 4712 3037 4749 carne
3059 4711 3187 4749 mea.
3214 4695 3342 4748 Nam
3365 4710 3639 4765 assumpto

2049 4809 2113 4849 ex
2137 4803 2243 4846 tota
2267 4805 2439 4845 massa
2472 4789 2768 4858 fragmento
2784 4803 2912 4853 uno,
2938 4788 3017 4841 sic
3058 4788 3337 4842 mulierem
3365 4787 3633 4853 formavit,

2050 4894 2108 4939 ut
2135 4886 2186 4938 in
2216 4882 2463 4936 omnibus
2488 4881 2605 4934 viro
2645 4878 3022 4933 communicet.
3070 4875 3196 4930 ch
3237 4872 3492 4933 vacabitur
3517 4897 3633 4933 mu-

2047 4979 2163 5043 lier,
2218 4975 2411 5046 inquit,
2460 4973 2699 5043 quoniam
2746 4970 2809 5023 de
2855 4971 2962 5023 viro
3006 4979 3207 5039 summa
3249 4979 3340 5024 est.
3395 4968 3558 5027 Vides
3582 4982 3638 5028 ut

2052 5069 2213 5124 etiam
2243 5065 2653 5137 appellationem
2700 5061 2898 5117 idcirco
2943 5061 3202 5132 imponat,
3247 5070 3308 5116 ut
3355 5063 3639 5132 appellatio

2051 5158 2477 5214 communionem
2504 5164 2706 5208 natura:
2731 5154 3080 5219 demonstret,
3109 5162 3163 5208 et
3188 5153 3355 5223 ipsius
3384 5154 3640 5209 naturalis

2051 5246 2440 5305 communionis
2480 5244 2867 5300 demonstratio
2895 5250 2949 5297 et
2974 5243 3261 5297 creationis
3302 5243 3492 5299 modus
3521 5259 3635 5312 per-

2052 5342 2198 5414 petui
2237 5339 2437 5395 amoris
2474 5337 2705 5401 occasio,
2765 5344 2821 5390 et
2875 5335 3142 5390 vinculum
3186 5334 3257 5388 sit
3304 5332 3643 5389 concordiae?

2114 5499 2187 5563 (a)
2220 5502 2361 5548 Juxta
2384 5497 2505 5546 duos
2528 5490 3386 5563 interpretes.nempeﬁymmacbum
3412 5498 3465 5538 et
3486 5489 3637 5563 Thro-

2050 5550 2465 5621 dotiouetn,voces
2489 5550 2734 5606 ltebraicze
2769 5560 2929 5611 IDUS-'1
2955 5550 3064 5606 ﬁt“
3092 5550 3343 5602 vertendae
3380 5560 3509 5605 sunt,
3548 5550 3650 5601 hoc

2052 5634 2233 5690 sentiet;
2255 5638 2313 5679 ad
2353 5629 2541 5678 literam
2564 5640 2681 5690 vero
2720 5628 2787 5674 sic
2808 5626 3203 5690 interpretamur,
3238 5623 3329 5690 [tae
3350 5622 3466 5679 rice,
3508 5621 3637 5690 quod

2056 5682 2232 5749 eodem
2253 5691 2441 5745 recidit,
2466 5687 2794 5750 si'intelligas,
2817 5686 2907 5734 hac
2930 5682 3026 5736 t‘ice
3050 5687 3218 5745 solum,
3241 5685 3286 5733 id
3310 5693 3403 5745 est,
3427 5682 3588 5733 semel.
