4146 6260
570 325 676 381 8M

576 438 781 495 Deinde
816 450 949 494 vero
972 435 1098 509 quid
1127 434 1241 490 ait?
1266 432 1484 501 PrOpter
1505 432 1599 485 hoc
1614 432 1859 497 relinquet
1885 430 2033 482 homo
2059 442 2159 499 pa-

572 536 700 580 trem
721 544 889 592 suum,
925 535 975 581 et
1011 534 1221 579 matrem
1259 539 1425 588 suam,
1470 530 1517 577 et
1554 520 1828 576 adhmebit
1863 520 2010 575 uxori
2055 530 2163 573 sua:

575 614 739 687 (Gen.
771 617 827 669 2.
855 616 925 670 24
948 618 984 681 ).
1011 614 1125 669 Non
1172 612 1485 682 simpliciter
1538 611 1693 677 dixit,
1744 609 1988 673 Unietur,
2041 606 2159 672 sed,

570 706 881 767 Adhwrebit,
926 713 989 761 ut
1029 718 1291 760 summam
1328 701 1763 771 conjunctionem
1788 698 2110 771 signiﬁcaret
2142 715 2156 751 :

571 798 641 852 Et
661 805 805 851 erant
830 796 931 848 duo
964 794 1016 848 in
1052 809 1258 848 carnem
1296 809 1471 848 unum.
1501 792 1711 862 Ergone
1739 791 1829 862 qui
1858 802 1963 845 tam
1993 788 2161 843 multa

568 895 809 951 noverat,
839 886 941 949 dic,
966 898 1149 955 quaeso
1175 925 1191 952 ,
1218 883 1345 954 quid
1373 892 1517 939 esset
1546 883 1766 949 bonum,
1791 881 1914 952 quid
1938 879 2158 943 malum,

570 977 885 1048 ignorabat?
921 975 986 1030 Et
1025 975 1108 1030 cui
1138 974 1382 1029 videatur
1406 974 1457 1029 id
1488 974 1680 1028 rationi
1703 968 2162 1027 consentaneum?

569 1068 626 1125 Si
653 1067 795 1123 enim
825 1066 1098 1121 nesciebat
1121 1064 1245 1135 quid
1286 1064 1485 1119 bonum
1510 1072 1674 1129 esset,
1704 1071 1760 1119 et
1786 1062 1911 1133 quid
1938 1062 2158 1129 malum,

564 1170 855 1229 antequam
879 1157 947 1213 de
975 1156 1121 1227 ligno
1155 1155 1481 1220 comederet,
1524 1156 1618 1210 sed
1649 1166 1768 1225 post
1792 1155 2158 1210 manducatio-

567 1265 690 1304 netu
712 1248 765 1304 id
789 1248 991 1312 didicit,
1018 1256 1288 1317 peccatum
1310 1246 1384 1301 illi
1404 1246 1676 1317 sapientiae
1699 1246 1950 1316 magister
1964 1246 2157 1299 factum

569 1347 676 1404 est,
711 1348 765 1394 et
792 1353 1014 1406 serpens
1038 1351 1143 1391 non
1170 1336 1281 1406 jam
1310 1335 1580 1402 seductor,
1622 1334 1717 1390 sed
1746 1335 1951 1388 utilium
1976 1347 2157 1389 rerum

571 1429 911 1485 consiliarius
956 1438 1039 1483 est
1090 1427 1430 1491 constitutus,
1486 1438 1716 1495 eumque
1773 1426 2041 1480 hominem
2089 1437 2158 1479 ex

571 1520 745 1574 bellua
769 1517 1017 1572 reddidit.
1050 1516 1199 1571 Absit
1229 1515 1331 1570 hoc
1354 1533 1367 1569 :
1392 1529 1497 1569 non
1519 1516 1659 1569 enim
1688 1517 1757 1569 ita
1782 1529 1841 1570 se
1866 1529 1952 1570 res
1976 1514 2154 1581 habet,

569 1624 677 1663 non
701 1618 783 1664 est
806 1610 899 1663 ita.
921 1607 1053 1663 Nam
1085 1610 1131 1662 si
1162 1606 1433 1661 nesciebat
1458 1607 1583 1677 quid
1615 1607 1810 1663 bonum
1840 1616 2000 1666 esset.
2029 1606 2156 1676 quid

569 1700 790 1761 malum,
839 1696 1105 1767 quomodo
1135 1696 1439 1750 mandatum
1479 1696 1718 1766 accepit?
1770 1696 1934 1750 Nemo
1962 1696 2157 1765 quippe

568 1789 740 1859 legem
768 1786 873 1842 fert
897 1789 967 1854 ei,
995 1788 1084 1855 qui
1111 1788 1314 1842 nesciat
1335 1786 1531 1841 malum
1556 1786 1683 1855 quid
1711 1801 1829 1841 esse
1856 1796 2155 1858 transgres-

568 1878 775 1932 sionem
805 1895 818 1930 :
850 1878 995 1945 atqui
1026 1876 1167 1931 Deus
1193 1885 1248 1932 et
1291 1877 1430 1941 tulit,
1458 1885 1515 1930 et
1560 1884 2007 1945 transgressorem
2056 1892 2156 1947 pu-

572 1968 725 2033 nivit,
754 1967 842 2036 qui
869 1968 1051 2037 utique
1090 1976 1335 2021 neutrum
1365 1966 1553 2021 lterum
1570 1965 1807 2029 fecisset,
1836 1968 1934 2021 nisi
1958 1983 1991 2022 e
2012 1969 2158 2037 prin-

570 2060 709 2130 cipio
757 2059 1058 2113 facultatem
1104 2057 1447 2127 dignoscendi
1498 2059 1747 2113 virtutem
1784 2072 1847 2112 ac
1893 2058 2077 2113 vitium
2105 2059 2155 2114 ei

569 2151 861 2206 tribuisset.
891 2149 1052 2205 Vides
1075 2159 1133 2203 ut
1153 2150 1307 2203 nobis
1331 2149 1478 2204 omni
1516 2165 1580 2204 ex
1612 2160 1762 2219 parte
1785 2150 2001 2219 liqueat,
2031 2163 2155 2205 eunt

568 2255 677 2297 non
722 2242 895 2295 solum
928 2248 1207 2310 postquam
1235 2240 1487 2307 comedit,
1533 2240 1745 2296 novisse
1787 2238 1915 2310 quid
1955 2242 2156 2296 bonum

565 2343 730 2397 esset,
759 2333 885 2402 quid
913 2333 1129 2396 malum,
1160 2331 1254 2387 sed
1280 2340 1335 2386 et
1358 2343 1513 2387 antea
1543 2332 1670 2387 illud
1700 2332 1942 2387 scivisse.

641 2423 888 2494 Epilogus
911 2424 1173 2478 sermonis.
1194 2421 1407 2476 —H:ec
1431 2421 1591 2491 igitur
1606 2421 1787 2476 omnia
1808 2421 2152 2486 retineamus,

565 2514 932 2581 dilectissimi,
976 2528 1041 2568 ac
1087 2513 1303 2567 domum
1345 2513 1547 2591 reversi
1593 2511 1859 2581 duplicem
1914 2525 2154 2567 mensam

566 2617 920 2674 appensa-us,
948 2617 1109 2657 unam
1137 2602 1400 2665 ciborum,
1430 2601 1651 2656 alteram
1678 2617 1846 2657 sacrze
1864 2602 2109 2658 lectionis
2134 2618 2152 2656 :

570 2702 629 2749 et
652 2693 731 2747 vir
754 2692 966 2763 quidem
997 2706 1058 2745 ea
1083 2707 1202 2762 quae
1228 2691 1366 2745 dicta
1388 2700 1514 2745 sunt
1540 2698 1765 2761 repetat,
1810 2707 1947 2746 uxor
1974 2702 2154 2746 autem

568 2784 795 2847 ediscat,
847 2782 1065 2837 audiant
1106 2780 1291 2848 liberi,
1348 2796 1521 2851 neque
1578 2781 1761 2836 famuli
1808 2797 1871 2837 ea
1925 2783 2155 2837 lectione

567 2878 901 2932 fraudentur.
942 2878 1163 2930 Domum
1193 2886 1333 2931 tuam
1359 2876 1514 2931 ellice
1537 2875 1817 2931 ecclesiam
1850 2892 1863 2929 :
1889 2874 2153 2947 siquidem

566 2977 623 3023 et
652 2968 938 3023 liberorum
965 2976 1020 3023 et
1046 2967 1362 3023 famulorum
1404 2967 1588 3022 salutis
1607 2974 1693 3021 est
1728 2966 1823 3021 tibi
1851 2968 1986 3021 ratio
2025 2966 2152 3023 red-

568 3057 741 3113 denda
770 3074 783 3111 :
812 3065 866 3111 et
905 3058 1041 3112 sicut
1061 3071 1092 3112 a
1118 3056 1272 3113 nobis
1294 3057 1572 3127 exigentur
1594 3057 1829 3111 rationes
1853 3072 1951 3127 pro
1977 3056 2150 3125 vobis,

567 3149 648 3204 sic
672 3150 740 3202 ab
764 3163 1081 3219 unoquoque
1119 3158 1353 3204 vestrum
1382 3163 1478 3218 pro
1508 3147 1727 3211 famulo,
1756 3161 1853 3217 pro
1874 3162 2058 3214 uxore,
2089 3162 2154 3203 ac

566 3256 663 3311 pro
684 3240 789 3294 lilio
811 3241 945 3294 ratio
972 3250 1304 3309 reposcatur.
1342 3237 1523 3309 Itaque
1550 3246 1672 3308 post
1695 3237 1998 3307 huiusmodi
2025 3252 2155 3292 nar-

562 3332 799 3385 rationes
844 3329 1157 3384 suavissima
1194 3343 1293 3383 nos
1318 3329 1582 3397 excipient
1610 3328 1892 3393 insomnia,
1937 3329 2147 3383 omnis-

563 3437 669 3492 que
701 3421 921 3474 visionis
970 3420 1207 3489 expertia
1241 3420 1458 3490 :qualia
1512 3433 1740 3487 namque
1786 3419 1923 3473 solet
1973 3418 2150 3474 anima

568 3511 798 3567 interdiu
824 3510 1093 3575 meditari,
1139 3510 1265 3563 talia
1311 3517 1367 3563 et
1397 3509 1450 3562 in
1493 3508 1697 3562 somnis
1737 3507 2053 3579 imaginatur
2097 3517 2151 3564 et

563 3604 786 3673 efﬁngit.
830 3602 982 3669 Quod
1012 3602 1056 3656 si
1093 3618 1212 3672 quae
1253 3601 1474 3670 singulis
1497 3599 1685 3656 diebus
1730 3602 1997 3667 dicuntur,
2029 3617 2147 3657 me-

562 3697 700 3751 nton'
726 3704 902 3751 mente
927 3709 1221 3759 servemus,
1248 3709 1440 3763 magno
1462 3694 1643 3749 labore
1669 3708 1806 3762 opus
1842 3710 1945 3747 non
1993 3695 2097 3749 erit
2130 3712 2145 3749 :

562 3801 900 3859 consequens
953 3788 1151 3857 quippe
1198 3802 1378 3841 sermo
1427 3786 1711 3843 dilucidior
1760 3787 1912 3841 vobis
1946 3788 2150 3854 erit,et

560 3880 765 3935 facilior
790 3881 878 3933 liet
903 3889 959 3933 et
979 3879 1263 3947 proclivior
1287 3887 1470 3932 noster
1495 3878 1559 3932 ad
1586 3878 1881 3933 ducendum
1903 3889 2145 3934 conatus.

564 3969 634 4027 Ut
659 3970 816 4040 igitur
832 3970 1005 4039 aliqua
1024 3969 1146 4023 tnde
1167 3969 1365 4023 utilitas
1390 3976 1443 4024 et
1468 3968 1535 4022 ad
1566 3984 1663 4023 uos
1683 3979 1738 4024 et
1761 3971 1828 4023 ad
1859 3985 1954 4024 vos
1972 3971 2145 4025 dima-

552 4070 653 4117 net
683 4062 787 4116 :ad
818 4075 915 4115 nos
958 4060 1193 4129 quidem,
1218 4076 1286 4116 eo
1310 4060 1451 4130 quod
1476 4060 1781 4129 doceamus,
1808 4063 1875 4116 ad
1917 4078 2012 4118 vos
2054 4078 2150 4118 att-

558 4162 691 4217 tem,
721 4151 863 4221 quod
890 4152 1116 4209 audiatis
1146 4168 1159 4205 :
1192 4160 1312 4219 post
1354 4165 1592 4205 mensam
1620 4154 1949 4221 corporalem
1989 4154 2149 4223 spiri-

560 4242 717 4296 tualis
758 4243 919 4295 etiam
962 4254 1143 4295 mensa
1175 4240 1327 4295 vobis
1354 4241 1661 4294 instruatur.
1704 4242 1793 4295 llla
1825 4244 1968 4297 enim
1994 4245 2147 4299 vobis

556 4342 613 4390 et
640 4332 707 4388 ad
736 4334 1071 4387 securitatem
1089 4340 1143 4386 et
1158 4331 1224 4386 ad
1244 4340 1489 4387 ornatum
1509 4333 1625 4387 usui
1646 4342 1820 4399 erunt,
1843 4344 1898 4389 et
1925 4335 2145 4403 hujusce

556 4424 682 4477 vitae
743 4423 950 4492 negotia
1011 4422 1077 4475 ad
1130 4431 1361 4477 vestram
1417 4422 1694 4478 utilitatem
1734 4424 1925 4494 diriget
1966 4426 2141 4495 Deus,

554 4515 841 4584 omniaque
890 4514 1042 4569 vobis
1074 4529 1237 4585 prona
1267 4522 1323 4569 et
1367 4515 1619 4585 proclivia
1649 4516 1958 4572 reddentur.
1991 4518 2143 4583 Qua:-

552 4607 650 4661 rite
677 4607 833 4671 enim,
890 4605 1077 4676 inquit,
1128 4607 1347 4676 primum
1392 4621 1602 4675 regnum
1649 4608 1911 4674 cistarum,
1962 4619 2008 4663 et
2036 4610 2144 4665 Itast:

550 4699 725 4753 omnia
769 4697 1071 4768 adjiciantur
1116 4696 1253 4751 vobis
1298 4696 1524 4768 (κακὴ.
1567 4698 1623 4753 6.
1678 4698 1812 4768 53).
1850 4700 1958 4755 Hoc
1982 4700 2143 4771 igitur

555 4805 883 4861 quaramus,
924 4790 1277 4857 dilectissimi,
1302 4800 1358 4845 ut
1384 4800 1440 4845 et
1469 4790 1620 4846 istius
1666 4801 1723 4846 et
1766 4793 1903 4848 illius
1951 4792 2141 4849 futurae

550 4885 677 4937 vita:
703 4884 840 4938 bona
864 4898 1277 4952 consequamur,
1305 4884 1473 4953 gratia
1498 4892 1553 4939 et
1581 4885 1906 4955 benignitate
1930 4888 2138 4943 Domini

550 4974 723 5028 nostri
749 4972 876 5027 lesu
901 4974 1120 5039 Christi,
1146 4988 1243 5043 per
1266 4989 1425 5045 quem
1456 4982 1511 5030 et
1528 4990 1651 5030 cum
1671 4992 1777 5046 quo
1799 4976 1965 5047 gloria
1996 4979 2137 5035 Patri

548 5075 605 5119 et
626 5064 847 5134 Spiritui
878 5074 1088 5133 sancto,
1122 5080 1260 5121 nunc
1296 5075 1353 5122 et
1376 5082 1612 5137 semper,
1638 5075 1694 5123 et
1720 5068 1773 5123 in
1798 5072 1995 5126 saecula
2030 5085 2138 5128 sae-

547 5156 813 5211 culorum.
858 5158 1049 5211 Amen.

1104 5225 1332 5282 SERMO
1384 5227 1469 5283 vn
1500 5228 1599 5300 (a).

549 5317 721 5384 Quare
763 5319 956 5389 lignum
1003 5317 1225 5372 scientia:
1269 5318 1388 5371 boni
1430 5330 1476 5373 et
1535 5321 1657 5374 ntali
1701 5331 1902 5376 vocetur
1946 5324 2136 5394 lignum

615 5410 743 5463 illud
772 5426 790 5463 :
816 5420 862 5464 et
902 5410 1023 5481 quid
1049 5410 1134 5472 sit,
1170 5409 1337 5464 llodie
1380 5426 1586 5466 mecum
1629 5414 1738 5468 eris
1791 5414 1841 5467 iu
1893 5418 2137 5483 paradiso

617 5502 783 5571 (Gen.
808 5502 863 5556 2.
896 5504 948 5558 9.
983 5501 1109 5556 Luc.
1131 5501 1223 5559 23.
1253 5505 1322 5559 45
1342 5505 1384 5575 ).

618 5596 671 5649 l.
706 5595 975 5650 Hesterno
1003 5596 1088 5651 die
1112 5596 1387 5651 caritatem
1415 5606 1651 5651 vestram
1680 5597 1858 5651 multis
1893 5595 2135 5652 hortatus

605 5682 679 5755 (ᾳ)
703 5690 763 5756 tu
784 5685 953 5735 Codice
970 5693 1086 5756 Reg.
1111 5685 1234 5737 est:
1256 5686 1335 5739 hic
1348 5699 1514 5739 sermo
1534 5690 1942 5751 paternum,
1966 5700 2062 5740 nec
2083 5688 2135 5741 in

543 5743 678 5793 serie
694 5743 895 5795 aliorum
916 5743 1125 5809 ponitur.

1314 320 1371 377 S.
1411 316 1689 376 JOANNIS
1726 310 2203 372 CliRYSOSTOMl
2245 311 2558 403 ARCHIEP.
2602 312 3137 371 CONSTANTINOP.

2268 439 2408 491 sum,
2440 436 2501 482 ut
2524 441 2731 493 eorum,
2757 442 2878 498 quae
2896 428 3036 483 dicta
3067 428 3295 495 fuerant,
3333 428 3776 498 recordaremini,
3798 446 3877 488 ae

2263 515 2529 585 duplicem
2570 518 2780 587 vesperi
2819 533 3056 574 mensam
3099 522 3474 589 apponeretis,
3504 537 3663 576 unam
3704 522 3868 577 cibo-

2262 620 2381 661 rum
2407 647 2423 672 ,
2450 614 2505 661 et
2528 607 2751 663 alteram
2775 608 2824 663 ei
2848 623 3155 664 sermonum
3183 611 3567 681 adjungeretis.
3594 612 3733 679 Quid
3762 614 3870 683 igi-

2264 699 2387 754 tur?
2429 713 2554 753 num
2584 698 2685 753 hoc
2710 698 2912 755 fecistis
2934 739 2950 766 ,
2981 699 3351 770 duplicemque
3394 716 3661 757 mensam.
3687 717 3870 773 appo-

2262 788 2483 845 suistis?
2509 788 2634 845 Scio
2656 802 2754 843 vos
2776 790 2829 844 id
2857 789 3047 845 fecisse
3065 830 3082 856 ,
3110 805 3284 860 neque
3313 800 3518 847 tantum
3542 792 3685 847 illius
3708 834 3725 861 ,
3754 793 3862 848 sed

2263 879 2422 950 hujus
2452 880 2613 936 etiam
2644 879 2809 936 fuisse
2837 881 3142 952 participes.
3173 880 3356 953 Neque
3374 884 3516 938 enim
3549 898 3674 939 cum
3706 884 3869 941 dete-

2262 971 2391 1026 riori
2429 979 2632 1026 tantum
2661 972 2894 1027 studium
2938 973 3352 1041 adhibuissetis,
3382 975 3552 1031 multo
3594 976 3865 1043 potiorem

2259 1070 2603 1118 contemnere
2629 1061 2909 1117 debuistis.
2940 1063 3072 1118 Nam
3094 1064 3210 1119 hac
3235 1064 3323 1120 illa
3348 1066 3536 1120 melior
3555 1074 3643 1121 est
3669 1084 3685 1119 :
3713 1067 3863 1122 illam

2262 1152 2403 1207 enim
2439 1166 2632 1207 manus
2678 1154 3043 1209 instruxerant
3083 1168 3425 1223 coquorum,
3474 1155 3615 1211 hanc
3662 1155 3865 1226 lingua:

2264 1241 2644 1311 prephetarum
2671 1251 2928 1313 pararunt
2958 1259 2973 1297 :
3004 1244 3058 1298 in
3083 1244 3171 1298 illa
3199 1252 3358 1299 terra
3379 1244 3519 1299 fetus
3552 1244 3733 1301 insunt
3753 1286 3771 1310 ,
3803 1249 3861 1302 in

2260 1331 2359 1385 ista
2380 1330 2608 1402 Spiritus
2632 1332 2836 1386 fructus
2863 1349 2879 1386 :
2907 1333 3049 1388 illius
3074 1348 3279 1389 mensae
3314 1334 3418 1389 cibi
3457 1346 3745 1405 properant
3786 1338 3861 1394 ad

2256 1426 2660 1494 corruptionem
2682 1466 2699 1493 ,
2732 1425 2891 1494 hujus
2916 1424 3081 1495 dapes
3119 1426 3188 1482 ad
3238 1426 3687 1497 incorruptionem
3718 1447 3734 1484 :
3765 1431 3861 1485 illa

2258 1524 2578 1583 prmsentem
2603 1515 2765 1569 vitam
2796 1524 2993 1579 tuetur,
3011 1516 3112 1571 ista
3137 1530 3235 1571 nos
3260 1515 3328 1571 ad
3352 1514 3585 1572 futuram
3611 1517 3854 1574 deducit.

2258 1604 2409 1660 Hanc
2434 1606 2609 1676 itaque
2632 1620 2730 1661 vos
2769 1605 3088 1662 instruxisse
3112 1621 3234 1661 cum
3264 1607 3352 1661 illa
3377 1607 3540 1677 probe
3564 1608 3677 1663 scio
3698 1648 3715 1676 ,
3743 1624 3855 1662 non

2258 1712 2327 1753 ex
2384 1699 2701 1768 pedissequo
2725 1708 2904 1754 vestro
2920 1739 2935 1764 ,
2958 1714 3057 1754 nec
3078 1714 3144 1754 ex
3175 1698 3372 1753 famulo
3393 1699 3696 1754 sciscitatus
3716 1741 3730 1762 ,
3753 1700 3853 1755 sed

2259 1802 2330 1841 ex
2374 1788 2559 1841 nuntio
2584 1786 2666 1841 his
2689 1787 2939 1842 omnibus
2964 1786 3212 1843 ﬁdeliori.
3241 1787 3321 1842 Ex
3347 1802 3577 1857 quonam
3600 1788 3855 1843 tandem?

2260 1876 2340 1931 Ex
2367 1877 2554 1945 plausu
2578 1877 2828 1931 nimirum
2850 1917 2867 1942 ,
2890 1891 2995 1947 quo
3023 1892 3086 1932 ea
3106 1892 3226 1947 qua:
3261 1876 3402 1932 dicta
3426 1875 3675 1942 fuerant,
3702 1886 3756 1931 et
3775 1894 3854 1932 ex

2256 1969 2413 2026 laude
2433 2008 2453 2038 ,
2481 1984 2584 2040 qua
2625 1969 2921 2024 doctrinam
2942 1969 3096 2024 vobis
3135 1968 3381 2024 traditam
3411 1968 3850 2024 commendastis.

2255 2060 2391 2116 Cum
2424 2063 2566 2115 enim
2615 2058 2728 2115 heri
2767 2058 3313 2132 dixissem,rquisque
3351 2070 3586 2115 vestrum
3629 2060 3849 2113 domum

2253 2165 2407 2205 suam
2428 2150 2708 2205 ecclesiam
2735 2150 2933 2206 efficiat
2954 2150 3025 2219 (α
3044 2148 3089 2217 ),
3113 2164 3302 2220 magna
3338 2164 3469 2205 voce
3492 2150 3846 2213 acclamastis.

2255 2254 2321 2297 ac
2343 2242 2629 2312 voluptatis
2647 2281 2664 2307 ,
2692 2258 2793 2312 qua
2821 2257 2916 2297 vos
2960 2242 3048 2297 illa
3074 2242 3238 2297 verba
3278 2240 3619 2312 perfuderant
3638 2282 3655 2308 ,
3685 2242 3852 2312 signi-

2257 2333 2559 2388 ﬁcationem
2596 2333 2838 2388 dedistis.
2879 2333 3048 2389 Porro
3091 2332 3137 2387 is
3165 2333 3253 2403 qui
3282 2348 3403 2387 cum
3432 2333 3701 2402 voluptate
3728 2348 3849 2402 quae

2256 2422 2509 2478 dicuntur
2535 2423 2703 2487 audit,
2746 2424 2793 2478 is
2830 2437 2890 2477 se
2929 2422 2998 2477 ad
3051 2437 3213 2492 opera
3264 2421 3563 2477 exhibenda
3607 2433 3847 2492 paratum

2254 2512 2507 2569 ostendit.
2568 2514 2853 2584 Propterea
2875 2515 3169 2585 promptius
3206 2513 3366 2570 hodie
3402 2528 3490 2569 me
3533 2514 3601 2569 ad
3642 2513 3841 2570 docen-

2252 2604 2382 2661 dum
2424 2606 2649 2661 accinxi.

2330 2698 2535 2765 Quanta
2560 2700 2625 2752 sit
2652 2698 2890 2770 obligatio
2912 2699 3111 2753 verbum
3136 2699 3360 2754 divinum
3381 2699 3432 2753 in
3452 2715 3581 2769 opus
3596 2700 3844 2770 redigere.

2253 2816 2328 2831 -
2349 2789 2545 2845 Verum
2570 2789 2758 2860 erigite
2780 2805 2922 2845 nunc
2944 2805 3157 2861 quoque
3179 2801 3385 2847 mentes
3408 2800 3613 2845 vestras
3637 2807 3651 2845 :
3676 2807 3847 2859 neque

2250 2883 2399 2938 enim
2426 2883 2598 2937 solum
2629 2882 2933 2954 loquentem
2982 2893 3161 2938 erecta
3208 2894 3385 2939 mente
3430 2893 3643 2953 oportet
3688 2901 3841 2952 esse,

2253 2990 2440 3030 verum
2494 2975 2653 3031 etiam
2686 2975 2959 3031 auditores
3008 2984 3239 3031 attentos
3283 2991 3428 3043 esse,
3476 2992 3675 3047 eosque
3726 2992 3845 3031 am-

2252 3066 2395 3137 plius
2444 3080 2605 3137 quam
2656 3076 2946 3121 oratorem.
2998 3066 3127 3121 Nam
3168 3081 3265 3122 nos
3310 3067 3525 3137 quidem
3580 3067 3633 3123 id
3682 3083 3842 3122 unum

2252 3156 2551 3225 studemus,
2596 3166 2657 3212 ut
2692 3156 3009 3213 dominicam
3054 3158 3333 3227 pecuniam
3364 3158 3689 3214 collocemus
3714 3176 3727 3211 :
3750 3174 3845 3213 vos

2253 3261 2384 3302 vero
2421 3248 2679 3317 majorem
2706 3247 2941 3303 laborem
2979 3247 3277 3315 adhibetis,
3314 3259 3372 3304 ut
3405 3264 3523 3304 eam
3565 3258 3841 3320 exceptam

2252 3355 2375 3396 cum
2405 3341 2570 3395 multa
2599 3341 2845 3396 cautione
2870 3340 3116 3397 servetis.
3146 3341 3432 3414 Postquam
3472 3343 3632 3413 igitur
3660 3342 3842 3398 audie-

2254 3433 2395 3497 ritis,
2421 3447 2573 3489 seras
2595 3434 2746 3488 ostiis
2768 3441 2824 3489 et
2841 3443 3019 3490 vectes
3046 3434 3248 3501 obdita,
3273 3451 3337 3490 ac
3357 3435 3620 3492 terribiles
3640 3434 3842 3507 cogita-

2254 3525 2427 3579 tiones
2466 3524 2702 3593 undique
2733 3524 2929 3580 anima:
2969 3532 3235 3595 tamquam
3288 3524 3539 3581 custodes
3581 3524 3842 3596 quosdam

2252 3618 2523 3687 apponite.
2566 3614 2837 3686 Siquidem
2882 3616 3164 3686 impudens
3198 3626 3281 3672 est
3328 3617 3446 3681 fur,
3491 3627 3547 3674 et
3584 3627 3841 3688 perpetuo

2254 3707 2469 3778 vigilat,
2522 3721 2587 3761 ac
2633 3708 2938 3777 frequenter
2986 3706 3241 3776 impetum
3288 3706 3413 3763 facit
3455 3717 3557 3764 :et
3600 3709 3839 3778 quamvis

2248 3814 2394 3871 saepe
2418 3799 2661 3866 aberret,
2689 3815 2832 3869 saepe
2859 3800 3179 3870 aggreditur.
3210 3800 3437 3858 Adsteut
3464 3803 3622 3873 igitur
3645 3812 3831 3859 cuto-

2251 3892 2347 3948 des
2370 3892 2644 3948 terribiles
2666 3933 2681 3958 ,
2712 3900 2769 3947 et
2796 3891 2841 3946 si
2879 3890 3148 3947 diabolum
3177 3891 3404 3948 viderint
3424 3894 3793 3950 adventantem
3815 3936 3833 3963 ,

2249 3993 2308 4040 et
2328 3999 2513 4039 eorum
2541 3998 2662 4054 qua:
2691 3983 2932 4053 deposita
2958 3991 3085 4039 sunt
3123 3983 3320 4055 aliquid
3360 3984 3606 4055 abripere
3647 4001 3834 4055 paran-

2248 4085 2381 4143 tem,
2413 4092 2605 4148 magno
2632 4091 2754 4132 cum
2780 4076 3013 4131 clamore
3037 4075 3186 4130 illum
3203 4075 3415 4145 abigant
3441 4092 3456 4130 :
3484 4076 3530 4131 si
3551 4078 3834 4133 saeculares

2248 4167 2636 4224 sollicitudines
2661 4166 2987 4233 invaserint,
3014 4181 3108 4223 eas
3132 4167 3394 4236 repellant
3420 4184 3435 4221 :
3460 4168 3506 4223 si
3536 4166 3734 4224 oblivio
3769 4185 3830 4224 ex

2250 4269 2453 4314 natura:
2501 4258 2806 4314 inﬁrmitate
2847 4258 3117 4328 negotium
3171 4256 3416 4323 facessat,
3458 4260 3832 4316 exercitatione

2244 4353 2561 4408 memoriam
2586 4354 2847 4409 excitent.
2874 4353 3055 4424 Neque
3079 4354 3222 4410 enim
3247 4355 3515 4410 mediocre
3536 4356 3828 4426 periculum

2246 4441 2528 4510 imminet,
2558 4443 2604 4497 si
2631 4445 2884 4514 pecunias
2912 4444 3203 4499 dominicas
3232 4445 3587 4514 perdideritis.
3631 4445 3762 4501 Nam
3786 4447 3828 4501 si

2250 4532 2325 4587 illi
2368 4533 2459 4601 qui
2507 4542 2754 4603 acceptas
2800 4535 3050 4604 pecunias
3077 4535 3457 4605 disperserint,
3489 4550 3634 4607 saepe
3662 4548 3828 4592 morte

2248 4626 2571 4681 mulctantur
2598 4643 2613 4680 :
2635 4626 2724 4696 qui
2750 4626 2917 4681 multo
2938 4627 3250 4697 pretiosiora
3278 4627 3393 4683 istis
3419 4628 3629 4700 eloquia
3650 4628 3824 4685 divina

2244 4718 2567 4787 receperint,
2598 4732 2769 4789 eaque
2799 4718 3164 4789 perdiderint,
3192 4734 3300 4791 quo
3333 4720 3546 4777 tandem
3574 4721 3827 4791 supplicio

2244 4826 2352 4864 non
2384 4811 2715 4880 plectantur?
2742 4809 2874 4865 Nam
2903 4812 2992 4882 qui
3023 4812 3277 4882 pecunias
3321 4813 3451 4869 istas
3489 4813 3821 4885 acceperint,

2246 4902 2533 4958 reddendte
2561 4902 2754 4959 rationi
2783 4912 2908 4958 sunt
2932 4911 3140 4958 tantum
3168 4903 3411 4971 obnoxii,
3446 4906 3714 4973 quomodo
3739 4922 3824 4963 eas

2244 4993 2626 5056 custodierint,
2657 5008 2759 5049 nec
2782 4993 2908 5064 quid
2953 4994 3090 5050 ultra
3117 4996 3405 5065 requiritur
3466 4998 3637 5063 Quam
3666 5000 3821 5054 multa

2246 5087 2388 5143 enim
2440 5087 2779 5157 receperint,
2836 5096 2942 5142 tam
2991 5088 3153 5143 multa
3204 5087 3327 5144 illos
3365 5088 3528 5161 plane
3574 5104 3823 5160 reponere

2247 5193 2468 5234 necesse
2489 5186 2593 5244 est,
2621 5193 2793 5249 neque
2816 5178 3103 5249 quidquam
3128 5180 3359 5249 amplius
3377 5181 3569 5238 abillis
3591 5184 3823 5253 reposci-

2242 5278 2333 5324 tur
2360 5287 2374 5323 :
2402 5270 2635 5341 acceptis
2663 5279 2839 5326 autem
2865 5269 3061 5327 divinis
3082 5270 3329 5342 eloquiis,
3375 5287 3480 5328 non
3519 5272 3679 5328 modo
3705 5273 3823 5328 illo-

2244 5376 2362 5417 rum
2388 5360 2642 5415 custodiae
2667 5359 2935 5415 reddenda
2966 5368 3051 5416 est
3099 5365 3256 5428 ratio,
3303 5362 3398 5418 sed
3445 5360 3627 5419 multa:
3670 5363 3819 5417 etiam

2243 5451 2634 5520 negotiationis.
2666 5449 2783 5507 Non
2827 5452 2968 5507 enim
2998 5466 3060 5507 ea
3082 5452 3259 5508 solum
3294 5454 3525 5511 reddere
3558 5453 3819 5524 jubcmur,

2242 5556 2361 5613 qua:
2400 5545 2719 5612 recepimus,
2770 5540 2866 5596 sed
2913 5552 2969 5597 et
3020 5542 3246 5599 Domino
3294 5544 3563 5616 duplicata
3613 5544 3819 5601 offerre.

2242 5632 2573 5703 Quamquam
2625 5632 2671 5687 si
2731 5646 2794 5687 ea
2846 5632 3117 5689 custodire
3172 5641 3375 5690 tantum
3420 5636 3627 5707 jussum
3676 5637 3822 5694 nobis

2306 5747 2382 5811 (α)
2414 5752 2511 5797 Hoc
2532 5745 2655 5798 dixit
2676 5745 2820 5812 paulo
2831 5756 2945 5799 ante
2967 5747 3114 5799 ﬁnem
3136 5750 3460 5813 (incedentis
3474 5743 3703 5801 homﬁlae.
