4146 6260
395 385 497 444 609

390 514 552 565 esset,
583 502 744 558 multa
767 499 1122 557 Sollicitudine
1144 515 1204 555 ac
1223 501 1397 555 studio
1421 517 1506 556 res
1533 501 1793 570 indigeret
1818 519 1828 554 :
1863 517 1985 556 cunt

391 608 519 648 vero
547 604 603 647 ut
631 597 791 649 etiam
822 594 1256 664 multiplicemur,
1287 592 1441 646 nobis
1473 593 1726 648 Dominus
1754 593 1986 663 impera-

393 687 482 750 rit,
510 686 680 755 cogita
706 697 958 756 quantum
990 685 1187 740 laboris
1219 693 1276 739 ct
1317 700 1461 738 cura:
1492 685 1562 738 sit
1607 701 1634 737 a
1673 684 1844 750 nobis,
1875 685 1992 755 qui-

393 778 491 831 bus
521 794 581 831 ea
630 779 911 831 commissa
959 784 1102 841 sunt,
1134 775 1538 830 conferendum.
1595 773 1718 830 Ideo
1739 776 1951 844 quidam
1972 815 1988 841 ,

393 871 476 923 cui
527 872 811 925 commissa
863 871 1071 925 fuerant
1126 870 1319 923 talenta
1357 869 1598 938 quinque
1644 867 1987 939 (Matt/a25.

397 961 480 1015 14.
508 979 615 1033 sqq.
643 963 685 1029 ),
730 978 834 1015 non
867 961 1082 1016 totidem
1136 960 1347 1024 obtulit,
1379 961 1473 1015 sed
1528 959 1815 1030 duplicata.
1858 959 1989 1013 Nam

394 1053 483 1106 illa
513 1053 751 1123 quidem,
795 1053 1135 1122 benignitatis
1162 1061 1318 1108 erant
1360 1051 1560 1106 domini
1592 1069 1604 1106 :
1637 1051 1731 1106 sed
1758 1053 1992 1120 oportuit

392 1147 553 1200 etiam
597 1161 811 1200 servum
843 1163 991 1200 suant
1042 1139 1294 1201 éxltibere
1343 1145 1692 1214 diligentiam.
1733 1142 1991 1199 Similiter

391 1251 450 1293 ‘et
475 1241 519 1293 is
546 1241 630 1293 cui
657 1239 763 1293 duo
785 1241 980 1293 talenta
1007 1239 1209 1293 credita
1239 1237 1470 1305 fuerant,
1494 1238 1596 1291 alia
1619 1237 1725 1292 duo
1755 1237 1989 1294 lucratus

392 1340 475 1385 est
499 1373 513 1393 ,
543 1341 702 1401 atque
725 1331 920 1385 ideirco
948 1333 1060 1401 pari
1091 1347 1212 1386 eum
1242 1329 1492 1384 dominus
1515 1329 1718 1386 honore
1741 1330 1988 1399 dignatus

393 1432 496 1476 est.
525 1423 677 1476 Alius
709 1437 1043 1478 verorursus
1081 1422 1165 1477 cui
1212 1423 1465 1476 talentum
1515 1436 1678 1477 unum
1724 1421 1987 1476 creditum

393 1511 586 1580 fuerat,
613 1523 668 1567 et
697 1513 824 1567 illud
850 1515 1019 1583 ipsum
1042 1513 1328 1578 obtulerat,
1361 1512 1502 1582 quod
1546 1512 1806 1568 creditum
1834 1523 1948 1566 erat
1966 1550 1983 1577 ,

392 1603 485 1673 qui
537 1620 645 1659 tton
695 1605 1054 1669 imminuerat,
1097 1620 1202 1658 non
1245 1605 1479 1659 deterius
1519 1603 1825 1660 reddiderat
1858 1604 1987 1658 illud

389 1697 713 1764 depositum,
758 1712 929 1766 neque
983 1695 1318 1750 dimidia-tum
1375 1705 1576 1750 tantunt
1635 1696 1985 1750 reddiderant:

391 1787 515 1855 quia
547 1797 805 1856 qumstttm
847 1802 948 1840 non
978 1786 1196 1852 fecerat,
1225 1800 1397 1856 neque
1417 1785 1744 1854 duplicatum
1776 1785 1986 1840 obtule-
2029 1802 2032 1808 '

390 1888 494 1943 rat,
517 1879 656 1948 quod
681 1879 939 1934 creditum
974 1877 1163 1944 fuerat,
1192 1889 1434 1932 extremo
1472 1876 1731 1946 supplicio
1773 1876 1988 1945 punitus

391 1971 521 2036 fuit;
552 1987 615 2026 ac
636 1971 827 2026 metito
850 1987 998 2026 sane.
1030 1971 1159 2025 Nam
1196 1972 1239 2024 si
1270 1986 1330 2024 ea
1359 1971 1616 2025 custodiri
1657 1979 1858 2023 tantum
1891 1986 1986 2024 vo-

391 2066 633 2129 luissem,
688 2065 877 2134 ittquit,
921 2079 1021 2119 nec
1072 2063 1214 2118 aliud
1260 2065 1465 2118 lucrum
1508 2079 1571 2118 ex
1605 2064 1718 2118 istis
1744 2063 1983 2133 acquiri,

388 2175 496 2211 non
527 2159 613 2212 iiia
649 2172 923 2212 εει-νωτυιιι
958 2157 1202 2210 manibus
1240 2157 1594 2211 tradidissem.
1625 2155 1703 2210 Tu
1733 2172 1858 2210 vero
1885 2156 1985 2210 do~

391 2249 522 2302 tttitti
569 2248 946 2317 benignitatem
984 2248 1281 2302 Considera.
1319 2248 1367 2301 Is
1393 2249 1476 2301 cui
1528 2248 1725 2302 talenta
1757 2251 1988 2318 quinque

391 2340 680 2394 eommiSsa
699 2337 926 2404 fuerant,
956 2339 1148 2392 obtulit
1168 2339 1268 2393 alia
1291 2340 1547 2409 quinque,
1581 2350 1634 2393 et
1656 2340 1699 2392 is
1726 2340 1810 2393 cui
1835 2338 1941 2394 duo
1965 2379 1982 2406 ,

390 2432 558 2484 ai-tera
581 2439 721 2484 tanta
738 2471 752 2493 ,
779 2439 832 2484 et
852 2431 1037 2485 eadem
1055 2439 1277 2500 uterque
1300 2431 1513 2500 prsentia
1534 2431 1734 2485 retulit.
1759 2431 1824 2486 Ut
1842 2433 1982 2486 enim

391 2522 465 2575 illi
492 2521 628 2575 dixit
653 2542 665 2576 :
697 2521 862 2591 Euge,
891 2537 1028 2574 serve
1049 2522 1172 2574 bone
1197 2538 1257 2574 ac
1275 2522 1462 2590 ﬁdelis,
1488 2538 1642 2591 super
1665 2540 1825 2592 pauca
1843 2524 1984 2593 fuisti

388 2611 576 2680 ﬁdelis,
594 2627 747 2680 super
762 2614 922 2665 multa
935 2611 1291 2665 teeonstituam
1322 2614 1340 2682 (
1363 2610 1497 2664 Ibid.
1516 2627 1562 2664 υ.
1579 2611 1639 2666 21
1664 2614 1683 2682 )
1705 2615 1809 2668 :sic
1822 2618 1980 2668 etiant

389 2703 465 2756 illi
484 2701 571 2771 qui
589 2703 694 2755 duo
715 2701 998 2763 obtulerat,
1025 2701 1212 2769 inquit,
1233 2699 1391 2771 Euge,
1414 2715 1554 2754 serve
1575 2701 1699 2755 bone
1717 2719 1775 2754 ac
1790 2703 1979 2770 ﬁdelis,

388 2810 540 2864 super
575 2810 738 2864 pauca
779 2794 918 2861 fuisti
955 2793 1154 2862 ﬁdelis,
1200 2809 1352 2862 super
1394 2795 1555 2847 multa
1599 2804 1645 2847 te
1682 2796 1984 2848 constituunt

387 2887 552 2957 (Ibid.
582 2904 626 2941 υ.
656 2886 776 2956 25).
803 2887 1100 2940 Proventus
1124 2887 1260 2939 baud
1285 2885 1422 2941 idem
1452 2896 1534 2941 est
1553 2929 1567 2952 ,
1597 2897 1649 2940 et
1671 2902 1877 2942 merces
1901 2897 1984 2941 est

389 2981 576 3035 eadem
633 2996 646 3033 ;
695 2981 771 3033 sic
818 2988 872 3032 et
916 2979 1058 3032 hunc
1107 2979 1294 3033 eodem
1351 2979 1555 3034 honore
1597 2980 1840 3049 dignatus
1877 2991 1977 3034 est.

388 3071 526 3138 Quid
559 3069 668 3124 ita?
693 3069 954 3134 Quoniam
979 3083 1082 3122 non
1111 3083 1296 3122 eorum
1325 3086 1442 3138 qua:
1467 3069 1642 3123 oblata
1666 3083 1790 3124 sunt
1817 3086 1985 3140 quan-

389 3165 617 3226 'titatem,
647 3162 738 3215 sed
777 3175 964 3216 eorum
999 3163 1265 3225 virtutem,
1298 3163 1386 3232 qui
1436 3161 1689 3230 negotiali
1737 3162 1982 3231 fuerant,

390 3255 694 3309 attendebat
727 3254 881 3308 Deus.
925 3252 1054 3306 Nam
1089 3264 1310 3323 uterque
1337 3269 1432 3322 pro
1458 3253 1592 3307 virili
1625 3268 1742 3322 qua:
1765 3269 1982 3308 suarum

386 3346 616 3417 partium
663 3353 813 3398 erant
871 3345 1188 3414 pra‘stiterat
1229 3362 1242 3398 :
1286 3359 1370 3398 res
1421 3354 1598 3400 autent
1644 3347 1836 3399 oblata:
1874 3361 1980 3400 non

387 3439 753 3510 multiplicatae
785 3437 990 3492 fuerant
1020 3445 1112 3490 aut
1133 3437 1425 3491 innninuta:
1454 3439 1532 3492 vel
1563 3437 1634 3492 ob
1657 3438 1800 3493 illius
1830 3438 1980 3509 igua-

390 3532 552 3594 viam,
590 3529 670 3585 vel
707 3529 778 3584 ob
806 3528 1132 3599 diligentiam
1176 3528 1350 3594 istius,
1379 3527 1470 3582 sed
1503 3544 1598 3597 pro
1626 3529 1850 3598 depositi
1894 3527 1980 3582 di-

391 3624 660 3678 versitate.
689 3623 779 3677 ille
799 3622 1032 3692 quinque
1053 3622 1277 3691 accepit,
1296 3631 1350 3674 et
1375 3621 1569 3676 obtulit
1587 3621 1689 3676 alia
1713 3623 1976 3693 quinque;

390 3715 479 3770 hic
502 3716 704 3783 accepit
729 3715 855 3779 duo,
880 3723 934 3768 et
952 3714 1142 3767 obtulit
1169 3713 1474 3782 dumosque
1498 3713 1636 3782 quod
1659 3713 1724 3766 ad
1747 3713 1980 3768 studiunt

389 3808 598 3870 attinet,
627 3806 846 3860 inferior
875 3803 1097 3858 exstitit.
1127 3804 1398 3872 Siquidem
1429 3815 1483 3856 et
1526 3803 1612 3857 hic
1635 3803 1896 3872 duplicia,
1928 3811 1984 3856 et

391 3898 482 3952 ille
510 3897 737 3964 duplicia
773 3896 1005 3948 lucratus
1035 3903 1116 3948 est
1154 3893 1352 3947 credita
1387 3911 1399 3946 :
1431 3893 1476 3947 is
1517 3907 1646 3946 vero
1685 3893 1772 3961 qui
1820 3909 1980 3946 unum

391 3998 690 4058 acceperat,
721 3987 940 4056 simplex
967 3987 1093 4042 illud
1124 3985 1351 4050 obtulit;
1377 4001 1535 4056 quant
1562 3986 1632 4040 ob
1661 3999 1874 4039 caus-am
1902 3992 1984 4038 est

389 4084 548 4137 etiant
575 4082 884 4151 Castigatus.

460 4178 516 4228 ‘2.
543 4175 778 4230 Audistis
805 4189 930 4244 ergo
953 4183 1207 4244 quantum
1237 4173 1355 4228 illos
1382 4183 1592 4228 maneat
1614 4172 1932 4242 supplicium
1961 4213 1976 4238 ,

389 4269 482 4339 qui
508 4284 571 4322 ex
600 4267 884 4322 dominicis
913 4266 1149 4336 pecuniis
1172 4266 1421 4337 negotiali
1456 4277 1560 4319 non
1592 4263 1808 4319 fuerint.
1830 4249 1982 4332 ‘Ergo

389 4372 446 4416 et
490 4360 893 4424 custodiamus,
940 4369 991 4413 et
1036 4359 1404 4429 negotiemur,
1445 4366 1502 4413 et
1529 4357 1752 4411 multum
1784 4371 1847 4410 ex
1877 4355 1982 4410 illis

392 4452 598 4508 lucrum
625 4452 988 4507 esltibeatnus.
1014 4450 1194 4520 Neque
1218 4451 1356 4506 dicat
1381 4450 1572 4520 aliquis
1601 4467 1614 4504 :
1639 4448 1802 4502 idiota
1829 4463 1946 4502 sunt
1963 4487 1978 4512 ,

393 4545 686 4614 discipulus
728 4557 884 4608 sum,
927 4541 1147 4595 verbum
1178 4540 1434 4596 doctrina:
1475 4557 1578 4595 non
1621 4540 1824 4604 habeo,
1857 4554 1978 4592 cum

395 4635 670 4704 imperitus
709 4635 810 4688 sim
860 4641 914 4686 et
949 4631 1144 4686 nul-lius
1175 4631 1348 4702 pretii.
1383 4631 1614 4686 Tametsi
1643 4634 1787 4685 enim
1821 4629 1980 4683 idiota

393 4729 467 4780 sis
489 4768 504 4789 ,
539 4727 660 4780 licet
686 4725 976 4792 discipuius
997 4765 1012 4787 ,
1039 4723 1162 4778 licet
1188 4739 1350 4776 unum
1379 4722 1474 4777 tibi
1503 4723 1754 4777 talentum
1777 4722 1846 4775 sit
1864 4736 1983 4775 cre-

392 4819 562 4872 ditum
585 4858 598 4880 ,
635 4817 906 4886 negotiare
933 4831 995 4869 ex
1036 4830 1100 4868 eo
1125 4813 1266 4884 quod
1300 4813 1390 4868 tibi
1413 4814 1754 4867 commissum
1785 4822 1898 4874 est,
1929 4819 1982 4864 et

394 4910 635 4962 eamdem
663 4923 782 4962 cum
809 4906 1030 4960 doctore
1054 4904 1356 4960 mercedem
1382 4905 1626 4973 accipies.
1654 4905 1728 4957 Ac
1755 4918 1844 4956 vos
1864 4902 1983 4973 qui-

390 5003 512 5054 dent
555 5016 615 5054 ea
659 5015 775 5069 qua:
806 4999 945 5052 dicta
990 5007 1113 5051 sunt
1138 4997 1407 5052 custodire
1435 5007 1486 5051 et
1514 5005 1697 5050 exacte
1726 4996 1980 5050 memoria

362 5148 370 5162 ,
396 5105 578 5147 tenere
605 5093 822 5146 omnino
848 5091 1008 5145 credo
1040 5109 1052 5145 :
1087 5090 1178 5145 sed
1209 5106 1276 5144 ne
1300 5090 1353 5144 in
1384 5089 1485 5144 hoc
1503 5097 1663 5144 tutan:
1687 5090 1980 5142 orationem

395 5185 793 5256 impendamus,
840 5200 938 5254 age
982 5200 1100 5254 qua:
1144 5193 1440 5254 sequuntur
1466 5199 1526 5238 ea
1551 5200 1669 5254 qua:
1699 5184 1834 5238 dicta
1858 5191 1982 5237 sunt

395 5299 419 5328 a
464 5279 618 5333 nobis
664 5279 775 5332 lteri
810 5277 946 5346 apud
988 5277 1263 5331 caritatem
1295 5285 1564 5342 vestram,
1592 5276 1978 5346 adjungantns,

1675 384 1737 442 IN
1776 387 2073 443 GraVESIM
2113 388 2344 446 SEMIO
2385 389 2492 447 VII.

3588 402 3694 456 6H)

2104 501 2297 567 fuisse,
2340 518 2405 558 ex
2455 517 2520 556 eo
2551 503 2690 573 quod
2719 505 2930 558 nomina
2965 505 3152 561 bestiis
3181 507 3521 576 imposuerit,
3548 510 3692 580 quod

2102 609 2322 648 uxorem
2359 609 2509 648 suam
2550 599 2860 664 agnoverit,
2893 597 3032 666 quod
3060 598 3257 653 dixerit
3290 617 3302 652 ;
3342 599 3450 654 Iloc
3478 617 3611 655 uuur
3633 622 3690 657 os

2098 701 2160 739 ex
2181 687 2376 739 ossibus
2402 686 2524 740 meis
2548 684 2696 758 (Gen.
2727 687 2781 740 2.
2805 687 2896 757 “25)
2922 704 2935 751 ;
2961 688 3100 757 quod
3119 690 3184 742 de
3207 693 3404 759 nuptiis
3424 693 3699 749 dtsserue-

2098 777 2204 842 rit,
2233 775 2301 830 de
2328 779 2698 844 procreatione
2728 778 3045 844 liberorum,
3079 781 3146 836 de
3173 781 3436 853 conjugin
3462 785 3692 855 conjun-

2095 865 2274 921 ctione
2303 874 2357 921 ct
2383 866 2450 921 de
2471 875 2621 936 patre
2644 883 2707 922 ac
2736 880 2941 934 matre;
2967 870 3106 942 quod
3139 875 3440 929 mandatum
3471 887 3697 941 accepe-

2095 960 2182 1012 rit.
2212 958 2395 1030 Neque
2419 961 2562 1014 enim
2591 961 2897 1016 mandatum
2923 962 3016 1017 dat
3039 967 3317 1036 quisquam
3343 982 3404 1021 ac
3427 966 3600 1038 legem
3623 969 3689 1028 de

2095 1049 2257 1102 rebus
2297 1049 2549 1120 gerendis
2589 1059 2678 1104 aut
2719 1067 2824 1105 non
2865 1055 3116 1122 gerendis
3156 1061 3202 1110 ei
3226 1097 3242 1122 ,
3283 1057 3370 1127 qui
3403 1057 3598 1112 bonum
3625 1073 3690 1112 ac

2095 1140 2292 1193 malunt
2338 1140 2565 1208 ignoret.
2613 1141 2783 1196 llodie
2821 1142 3002 1198 dicere
3031 1161 3210 1214 operte
3239 1148 3395 1202 fuerit
3416 1149 3644 1218 pretium
3670 1188 3691 1216 ,

2095 1246 2251 1299 quam
2290 1229 2360 1285 ob
2393 1246 2611 1286 causam
2631 1269 2647 1298 ,
2676 1233 2720 1286 si
2746 1247 2775 1287 a
2809 1233 2952 1303 ligno
2979 1236 3251 1290 scientiam
3281 1237 3442 1293 homo
3471 1255 3575 1294 non
3602 1255 3691 1294 ac—

2093 1323 2264 1391 cepit,
2317 1323 2514 1392 lignum
2559 1323 2798 1379 scientite
2847 1325 2971 1380 boni
3019 1343 3079 1380 ac
3121 1327 3244 1382 mali
3273 1331 3428 1384 fuerit
3455 1332 3690 1402 appella-

2096 1421 2206 1465 tunt
2253 1413 2415 1484 (Ibid.
2449 1431 2497 1468 υ.
2541 1413 2597 1485 9)
2641 1435 2655 1470 :
2701 1431 2874 1486 neque
2911 1420 3052 1471 enim
3084 1420 3214 1474 levis
3241 1427 3494 1476 momenti
3523 1425 3681 1478 fuerit

2093 1501 2346 1557 didicisse
2365 1541 2381 1568 ,
2411 1519 2509 1558 cur
2537 1503 2654 1560 hanc
2678 1508 2970 1576 appellatio
2998 1509 3144 1580 ligno
3168 1511 3233 1564 sit
3265 1511 3448 1566 indita.
3476 1513 3606 1568 Nam
3633 1525 3689 1569 et

2091 1593 2336 1650 diabolus
2380 1596 2511 1650 dixit
2545 1613 2558 1649 :
2590 1597 2706 1662 Qua
2748 1599 2831 1652 die
2866 1603 3284 1656 manducareritis
3308 1604 3370 1657 de
3392 1621 3448 1658 eo
3471 1646 3486 1668 ,
3518 1607 3688 1674 aperi—

2091 1694 2237 1739 entur
2274 1687 2410 1740 oculi
2445 1689 2594 1741 vestri
2616 1728 2632 1755 ,
2673 1699 2716 1742 et
2739 1690 2878 1745 eritis
2902 1693 3030 1745 sient
3059 1693 3161 1757 dii,
3191 1694 3400 1748 scientes
3429 1695 3613 1749 bonum
3640 1707 3689 1750 et

2093 1778 2282 1830 malum
2313 1777 2472 1849 (Ibid.
2516 1779 2568 1834 5.
2603 1781 2679 1850 5).
2716 1781 2994 1846 Quomodo
3026 1783 3212 1853 igitur,
3245 1785 3434 1854 inquit,
3471 1795 3524 1840 ttt
3552 1788 3686 1842 dicis

2091 1867 2369 1923 scientiam
2417 1885 2522 1924 non
2570 1872 2860 1926 inseruisse
2909 1872 3032 1926 boni
3077 1888 3140 1928 ac
3169 1875 3332 1928 ntali?
3361 1876 3492 1942 Quis
3520 1893 3682 1941 vero,

2091 1975 2303 2030 quaso,
2347 1961 2610 2016 inseruit?
2645 1980 2770 2018 num
2802 1964 3089 2020 diabolus?
3114 1967 3293 2035 Certe,
3324 1968 3530 2038 inquit,
3561 1986 3684 2026 cum

2095 2051 2318 2119 dixerit,
2345 2051 2508 2107 Erilis
2532 2057 2660 2109 sicut
2688 2057 2780 2121 dii,
2808 2057 3016 2111 scientes
3039 2059 3222 2113 bonum
3248 2070 3294 2114 et
3314 2063 3524 2116 malum.
3550 2062 3686 2118 Tum

2094 2155 2148 2200 tu
2193 2147 2350 2216 igitur
2394 2149 2757 2202 testimonium
2785 2151 2912 2204 mibi
2943 2150 3111 2206 hostis
3140 2152 3300 2208 affers
3327 2164 3380 2209 et
3408 2155 3688 2210 insidiato-

2094 2237 2206 2291 ris?
2246 2239 2407 2308 Atqui
2447 2239 2581 2294 dixit
2623 2241 2710 2296 ltic
2751 2259 2963 2312 queque
2987 2283 3002 2308 ,
3039 2245 3198 2298 Eritis
3224 2246 3384 2300 etiam
3413 2244 3483 2302 uii
3511 2260 3532 2307 :
3561 2264 3688 2302 num

2094 2329 2252 2398 igitur
2292 2330 2364 2382 dii
2391 2341 2514 2384 sunt
2542 2332 2664 2385 facti
2688 2333 2710 2385 ?
2744 2332 2810 2388 Ut
2839 2333 2998 2403 igitur
3028 2335 3100 2388 dii
3134 2334 3255 2389 facti
3286 2351 3389 2391 non
3418 2347 3542 2392 sttnt
3564 2379 3580 2403 ,
3609 2341 3688 2395 sic

2091 2436 2263 2487 neque
2305 2422 2578 2476 :cIentiam
2612 2422 2735 2478 boni
2777 2438 2841 2478 ac
2882 2426 3002 2479 nali
3031 2433 3139 2480 tum
3165 2437 3504 2496 acceperunt.
3534 2429 3685 2484 Men-

2088 2511 2191 2565 dax
2232 2513 2372 2566 enim
2415 2520 2498 2567 est
2536 2514 2623 2568 ille
2645 2554 2661 2580 ,
2689 2514 2924 2585 nihilque
2953 2531 3129 2570 verum
3163 2518 3491 2588 proloquitnr
3521 2537 3533 2574 :
3562 2534 3686 2575 nant

2089 2601 2154 2656 In
2176 2605 2411 2671 veritate,
2443 2606 2644 2676 inquit,
2675 2620 2775 2660 non
2802 2609 2935 2663 stetit
2967 2607 3205 2682 (Joau,8.
3233 2610 3348 2682 Η).

2159 2696 2261 2750 Cur
2281 2697 2476 2769 lignum
2495 2697 2719 2753 scientia:
2734 2699 2851 2754 boni
2875 2709 2919 2754 et
2940 2699 3064 2755 mali
3085 2701 3157 2753 sic
3184 2711 3408 2764 cacatum
3425 2703 3596 2773 fuerit.
3616 2734 3684 2747 --

2086 2785 2164 2841 Ne
2213 2789 2369 2857 igitur
2416 2789 2616 2844 inimici
2670 2791 3032 2844 testimonium
3077 2792 3468 2861 producamus,
3496 2794 3590 2848 scd
3615 2809 3683 2850 ex

2092 2882 2218 2950 ipsis
2248 2883 2406 2936 rebus
2433 2885 2775 2953 colligamus,
2808 2899 2914 2954 qua
2941 2885 3006 2938 de
3032 2901 3192 2939 causa
3221 2887 3418 2955 lignum
3446 2888 3685 2942 scientiae

2089 2972 2214 3025 boni
2259 2989 2322 3026 ac
2349 2974 2474 3027 ntali
2507 2984 2749 3029 vocetur.
2792 2976 2870 3029 Ac
2901 2976 3045 3044 prius
3066 3014 3084 3043 ,
3112 2976 3155 3030 si
3189 2977 3290 3030 vid:
3311 2986 3393 3030 tur
3414 3016 3429 3040 ,
3463 2977 3588 3048 quid
3617 2978 3687 3035 sit

2091 3065 2286 3118 bonum
2327 3081 2391 3119 ac
2436 3066 2636 3119 malum
2677 3066 3106 3122 consideremus.
3148 3068 3284 3134 Quid
3325 3083 3454 3138 ergo
3486 3070 3684 3125 bonum

2088 3158 2214 3212 est?
2243 3156 2576 3212 Obedientia.
2608 3158 2744 3226 Quid
2767 3159 2966 3215 malum
2989 3160 3012 3214 ?
3039 3161 3424 3218 lnobedientia.
3455 3165 3530 3217 Ac
3557 3173 3678 3217 tan-

2091 3250 2257 3321 tisper
2294 3266 2324 3306 a
2364 3251 2516 3307 nobis
2542 3253 2656 3307 ita-c
2686 3269 2750 3306 ex
2785 3254 2914 3322 ipsis
2943 3254 3233 3324 Scripturis
3257 3266 3445 3310 exacte
3475 3257 3683 3314 citanti-

2090 3355 2284 3399 nentur
2304 3386 2318 3410 ,
2353 3360 2419 3399 ne
2446 3345 2586 3401 forte
2605 3386 2622 3413 ,
2652 3345 2777 3400 dum
2805 3346 2929 3400 boni
2950 3363 3013 3403 ac
3040 3349 3162 3403 mali
3191 3359 3430 3403 naturam
3457 3349 3684 3419 inquiri-

2090 3453 2242 3504 mus,
2283 3439 2615 3493 aberremus.
2662 3439 2776 3495 Hoc
2813 3441 2954 3494 enim
2984 3455 3104 3496 esse
3131 3442 3326 3496 bonum
3357 3457 3421 3496 ac
3449 3443 3644 3497 malum
3667 3483 3683 3507 ,

2086 3530 2210 3584 audi
2248 3545 2354 3600 quo
2396 3541 2550 3600 pacto
2576 3531 2766 3587 doceat
2794 3534 3048 3602 propheta
3079 3549 3198 3588 cum
3229 3534 3356 3589 dicit
3385 3553 3398 3588 :
3430 3533 3567 3600 Quid
3591 3535 3683 3588 bo-

2087 3638 2206 3675 uum
2228 3662 2242 3687 ,
2275 3632 2321 3676 et
2355 3624 2477 3692 quid
2504 3625 2752 3678 Dominus
2778 3624 2915 3678 Deus
2943 3627 3151 3696 requirit
3175 3644 3209 3681 a
3233 3630 3322 3684 te?
3346 3627 3444 3682 Dic
3468 3629 3591 3699 quid
3616 3630 3685 3684 sit

2088 3714 2294 3767 bonum.
2329 3713 2394 3766 Ut
2421 3715 2606 3784 diligas
2633 3713 2908 3768 Dominum
2941 3715 3104 3771 Deum
3131 3727 3272 3772 tuum
3299 3718 3487 3788 (Misit.
3508 3719 3564 3774 6.
3587 3720 3672 3790 8).

2090 3804 2252 3859 Vides
2299 3805 2492 3858 bonum
2539 3820 2659 3860 esse
2699 3807 3094 3862 obedientiam?
3135 3811 3395 3880 siquidem
3437 3826 3504 3865 ex
3545 3811 3675 3866 dile-

2085 3898 2264 3952 ctione
2287 3897 2454 3950 oritur
2477 3896 2801 3951 obedientia.
2831 3899 2896 3952 Et
2921 3915 3104 3954 rursus
3127 3919 3139 3954 :
3162 3900 3279 3955 Duo
3301 3903 3436 3956 muta
3456 3904 3574 3974 fecit
3595 3921 3686 3972 po-

2087 3988 2241 4056 pulus
2265 4003 2405 4041 meus
2425 3988 2508 4039 Itic
2535 4001 2554 4040 :
2584 4003 2663 4040 me
2687 3989 3058 4057 dereliqucrunt
3087 3991 3275 4060 [autem
3303 4008 3450 4063 aqua:
3471 3993 3612 4058 vivae,
3635 4004 3685 4047 et

2088 4079 2326 4148 [oderunt
2353 4079 2449 4132 sibi
2475 4079 2718 4132 cisternas
2738 4081 2980 4134 contritas
3003 4122 3018 4146 ,
3042 4096 3155 4152 qua:
3182 4099 3283 4136 non
3304 4083 3539 4151 poterunt
3557 4101 3681 4138 con-

2087 4172 2245 4226 tinere
2270 4188 2454 4238 aquam
2481 4170 2615 4242 (Jer.
2639 4170 2696 4224 2.
2729 4173 2845 4242 15).
2873 4172 3032 4229 Vides
3062 4174 3474 4232 inobedicntiatn
3503 4187 3557 4233 ct
3586 4177 3678 4234 de-

2088 4266 2414 4320 relictionem
2461 4267 2656 4320 malum
2705 4268 2868 4323 esse?
2917 4268 3028 4324 lloc
3073 4269 3232 4340 igitur
3257 4271 3470 4327 interim
3501 4282 3681 4328 tenea-

2087 4373 2239 4424 mus,
2285 4359 2639 4415 obedientiam
2679 4359 2875 4416 bonum
2896 4376 3049 4426 esse,
3081 4372 3240 4434 atque
3267 4363 3677 4422 inobedientiant

2088 4450 2283 4504 malum
2311 4491 2324 4510 .
2353 4458 2408 4504 et
2433 4451 2510 4503 sic
2539 4449 2666 4504 illud
2697 4451 2857 4506 etiam
2885 4467 3292 4524 cognoscemus.
3324 4455 3454 4510 Nam
3483 4456 3683 4512 ideirco

2089 4539 2287 4608 lignum
2333 4539 2573 4594 scicntia:
2615 4540 2737 4594 boni
2767 4557 2830 4596 ae
2855 4543 2979 4597 mali
3013 4555 3262 4610 vocatur,
3292 4547 3432 4616 quod
3463 4548 3683 4602 manda-

2089 4642 2196 4686 tum
2232 4632 2300 4685 de
2328 4632 2473 4703 ligno
2501 4632 2749 4687 traditum
2779 4635 2958 4700 fuerit,
2987 4637 3138 4705 cujus
3159 4638 3440 4694 occasione
3487 4640 3569 4694 vel
3601 4640 3685 4694 in~

2086 4725 2389 4778 obedientia
2441 4726 2521 4779 vel
2547 4725 2848 4780 obedientia
2876 4735 3185 4781 exercetur.
3208 4726 3343 4782 Nam
3368 4738 3524 4783 antea
3545 4731 3682 4786 scie-

2087 4817 2176 4870 bat
2206 4816 2441 4870 Adamus
2465 4815 2826 4871 obedientiam
2855 4818 3052 4872 bonum
3080 4832 3233 4885 esse,
3258 4819 3676 4878 inobedientiam

2086 4916 2261 4961 autem
2293 4907 2490 4961 malum
2522 4925 2535 4959 :
2563 4907 2900 4963 manifestius
2924 4919 3103 4963 autem
3138 4920 3320 4979 postea
3348 4925 3412 4967 ex
3445 4913 3558 4983 ipsa
3588 4929 3679 4969 rc-

2086 5016 2205 5054 ruttt
2232 4999 2559 5067 experientia
2587 5000 2787 5054 didicit.
2813 5001 2962 5055 Sicut
2982 5001 3143 5056 etiam
3167 5003 3367 5058 easdem
3388 5002 3678 5061 fraternam

2087 5093 2284 5147 malum
2337 5106 2456 5146 esse
2499 5104 2719 5147 noverat
2769 5092 2937 5158 Cain,
2987 5093 3069 5147 vel
3121 5103 3406 5165 antequam
3456 5095 3678 5150 fratrem

2085 5198 2240 5237 suuut
2269 5182 2534 5238 occideret
2573 5201 2585 5238 :
2621 5193 2676 5235 ιιι
2702 5184 2842 5238 enim
2871 5183 3135 5256 intelligas
3160 5201 3282 5240 eum
3309 5187 3530 5241 scivisse
3561 5202 3676 5241 ma-

2087 5275 2188 5328 lant
2227 5289 2336 5328 rem
2379 5273 2576 5338 fuisse,
2616 5273 2739 5328 audi
2785 5275 2911 5345 quid
2955 5275 3138 5331 dicat:
3181 5275 3324 5345 Veni,
3363 5293 3601 5331 exeamus
3628 5279 3679 5332 in

394 5383 446 5422 et
491 5370 627 5423 hanc
667 5369 815 5420 vobis
841 5368 1099 5422 custodiae
1130 5367 1428 5421 mercedem
1464 5367 1845 5436 permittamus.
1878 5365 1937 5431 Qu
1970 5362 2063 5446 1)
2085 5384 2315 5438 cmttpunt
2352 5365 2501 5436 (Gen.
2547 5368 2601 5421 4.
2644 5368 2720 5438 8).
2757 5367 2948 5423 Verum
2991 5385 3094 5439 qua
3119 5369 3185 5423 de
3212 5385 3373 5423 causa
3404 5370 3622 5424 n'atrent
3649 5388 3679 5426 a

393 5460 534 5511 enim
582 5459 756 5528 priora
798 5459 897 5512 sibi
935 5457 1133 5511 credita
1165 5460 1532 5522 coitservavit,
1563 5457 1755 5526 dignus
1783 5466 1866 5510 est
1891 5458 1978 5525 qui

394 5550 493 5602 alia
519 5565 702 5604 rursus
731 5549 975 5618 accipiat.
1004 5547 1258 5617 Qua-nant
1287 5548 1446 5617 igitur
1475 5548 1585 5601 lteri
1611 5549 1876 5616 proposita
1899 5557 1982 5602 est

393 5657 421 5692 a
447 5642 600 5695 nobis
627 5642 900 5695 narratio?
927 5642 998 5694 De
1022 5641 1164 5710 tigno
1189 5655 1367 5695 sermo
1394 5650 1507 5694 erat
1525 5683 1538 5703 ,
1570 5650 1624 5694 et
1651 5640 1980 5696 ostendimus

393 5733 697 5798 hominem,
738 5747 1021 5804 antequam
1065 5734 1132 5787 de
1179 5733 1320 5802 ligno
1362 5734 1577 5800 ederet,
1619 5734 1740 5788 boni
1767 5749 1828 5788 ac
1853 5734 1978 5788 mali

387 5827 750 5895 Cognitionem
797 5825 1074 5893 habuisse,
1122 5825 1388 5896 multaque
1428 5827 1685 5898 repletum
1715 5828 1969 5898 sapientia

2087 5461 2322 5527 paternis
2351 5458 2488 5512 ulnis
2512 5460 2755 5514 avulsum
2780 5461 2832 5514 in
2861 5476 3108 5532 campum
3139 5461 3306 5516 trabis
3327 5463 3350 5514 7
3374 5477 3470 5516 cur
3501 5465 3551 5516 in
3580 5464 3679 5520 de-

2085 5559 2228 5603 serto
2268 5551 2590 5605 constituis?
2627 5567 2723 5606 cur
2759 5553 2962 5607 auxilio
2997 5553 3305 5608 destitutum
3344 5554 3561 5609 reddis?
3583 5571 3679 5611 cur

2087 5642 2242 5712 longe
2281 5656 2310 5694 a
2342 5651 2563 5712 paterno
2604 5652 2888 5711 conspectu
2929 5645 3192 5699 abducis?
3229 5660 3325 5699 cur
3354 5646 3524 5700 audax
3552 5647 3681 5702 fat-i-

2087 5751 2186 5789 nus
2215 5743 2473 5799 occultas,
2492 5734 2536 5788 si
2568 5745 2842 5803 peccatum
2865 5749 2969 5789 non
2997 5734 3358 5792 reformidas?
3383 5753 3479 5792 cur
3496 5748 3677 5793 autem

2089 5837 2141 5883 ct
2187 5837 2307 5898 post
2333 5824 2532 5882 caedem
2561 5835 2917 5897 perpetratum
2950 5844 3131 5885 rursus
3162 5828 3514 5900 interrogatus
3541 5830 3680 5892 indi-
