4146 6260
505 407 598 461 fili

500 538 677 600 gnaris
719 539 778 578 ac
804 520 1040 578 mentiris
1060 519 1084 572 ‘l
1108 520 1237 572 Cum
1266 519 1407 571 enim
1437 517 1657 570 dixisset
1682 517 1817 570 Deus
1837 559 1849 579 ,
1883 515 1978 569 Ubi
2005 529 2079 575 est

501 621 622 675 Abel
663 626 820 689 frater
845 617 1004 670 tuus?
1036 613 1355 681 respondisti
1390 632 1402 668 :
1435 613 1701 678 Numquid
1726 627 1892 670 custos
1915 617 2089 686 fratris

499 715 595 766 mei
638 728 748 764 sum
780 726 865 780 ego
893 707 1044 780 (Gen.
1067 708 1121 760 4.
1155 705 1257 775 9)?
1287 707 1359 759 Ex
1386 721 1491 776 quo
1513 707 1671 776 liquet
1696 749 1711 772 ,
1735 723 1856 761 eum
1886 716 2006 761 cum
2036 709 2086 762 id

499 805 662 873 probe
693 809 902 865 nosset,
930 797 996 853 ad
1019 797 1118 852 hoc
1145 797 1348 853 facinus
1372 799 1694 868 prorupisse.
1724 797 1789 853 Ut
1811 799 1966 869 igitur
1989 801 2088 854 iste

494 903 749 956 noverat,
801 903 1086 962 antequam
1127 890 1492 958 experiretur,
1546 890 1745 944 caulem
1803 905 1922 946 esse
1971 907 2086 946 rem

494 985 686 1040 malam
714 1002 728 1045 ς
773 994 953 1052 postea
999 998 1125 1036 vero
1165 983 1348 1037 didicit
1378 983 1538 1036 etiam
1565 981 1900 1037 manifestius
1921 1023 1934 1046 ,
1963 998 2085 1037 eum

491 1085 706 1146 pomum
749 1077 1000 1130 sustinuit
1039 1075 1347 1144 audivitque
1367 1115 1380 1135 ,
1423 1074 1636 1127 Gemens
1663 1089 1722 1127 ac
1749 1085 1962 1128 tremens
1988 1075 2084 1128 eris

490 1181 646 1237 super
691 1178 877 1220 terram
930 1166 1088 1236 (Ibid.
1119 1183 1166 1219 υ.
1199 1166 1289 1237 12)
1320 1186 1333 1221 :
1359 1167 1436 1222 sic
1463 1177 1514 1220 et
1542 1167 1692 1218 istius
1725 1176 1870 1233 pater
1892 1206 1906 1230 ,
1937 1175 2086 1219 ante-

490 1273 650 1328 quam
696 1259 913 1324 ederet,
961 1257 1088 1313 boni
1129 1272 1189 1311 ac
1217 1257 1341 1311 mali
1375 1258 1675 1325 cognitione
1703 1257 1926 1326 pollebat
1953 1298 1966 1321 ,
2002 1268 2081 1310 ta-

486 1352 647 1406 ‘tnetsi
692 1368 796 1404 non
826 1352 894 1405 ita
925 1351 1192 1415 evidenti,
1235 1365 1297 1405 ac
1334 1365 1456 1405 eum
1484 1349 1551 1404 de
1575 1350 1714 1420 ligno
1740 1350 2080 1404 comedisset.

493 1443 674 1497 Dicam
701 1444 956 1514 apertius.

567 1534 712 1588 Mala
762 1534 940 1588 melius
984 1535 1243 1599 novimus,
1284 1543 1547 1604 postquam
1574 1551 1632 1587 ea
1659 1535 2075 1603 perpetravimus.

493 1627 721 1681 -—Mala
766 1627 963 1680 scimus
1009 1641 1194 1679 omnes
1219 1668 1233 1690 ,
1277 1627 1436 1679 etiam
1472 1635 1753 1694 antequam
1779 1626 1864 1679 illa
1892 1641 2081 1694 perpe-

493 1727 731 1781 tremus;
801 1715 1131 1771 manifestius
1175 1731 1303 1771 vero
1349 1731 1410 1770 ea
1455 1715 1744 1776 discimus,
1801 1726 2079 1784 postquam

491 1812 578 1864 illa
609 1811 1026 1880 perpetravimus
1051 1852 1062 1871 ,
1088 1825 1150 1864 ac
1177 1811 1344 1864 multo
1372 1812 1532 1865 etiam
1557 1810 1886 1865 manifestius
1910 1853 1924 1876 ,
1958 1826 2079 1865 cum

489 1903 757 1970 punimur.
789 1901 876 1956 Sic
903 1901 1062 1955 etiam
1091 1899 1219 1956 Cain
1243 1901 1443 1955 sciebat
1467 1902 1678 1971 quidem
1701 1911 1852 1955 antea
1877 1902 2076 1956 caulem

491 1993 1020 2046 fraternam’malum
1065 2007 1185 2047 esse
1228 2009 1240 2045 :
1286 2002 1470 2061 postea
1507 2008 1633 2046 vero
1660 1993 2078 2048 didieitcviden-

489 2085 622 2148 tius,
653 2099 773 2138 cum
803 2084 1063 2153 supplicio
1110 2084 1390 2139 mulctatus
1420 2093 1501 2138 est
1526 2102 1537 2136 :
1573 2100 1668 2138 nos
1698 2085 1837 2138 enim
1867 2100 2078 2153 quoque

490 2176 771 2227 sanitatem
807 2180 917 2228 rein
949 2175 1138 2228 bonam
1171 2190 1290 2230 esse
1320 2177 1562 2228 novimus
1587 2216 1602 2240 ,
1632 2185 1685 2228 et
1709 2175 2074 2244 a-gritudinem

489 2284 602 2321 rem
645 2269 953 2331 molestam,
983 2270 1281 2338 antequam
1323 2269 1448 2323 iflnd
1495 2269 1832 2338 experiamur
1865 2287 1876 2322 :
1912 2270 2076 2324 multo

490 2378 616 2415 vero
641 2364 836 2416 certius
857 2405 870 2426 ,
901 2370 1023 2416 en'm
1053 2364 1104 2416 in
1127 2364 1371 2417 morbum
1403 2363 1744 2419 inciderimus
1763 2406 1778 2430 ,
1804 2366 2077 2436 utriusque

489 2457 564 2509 rei
597 2455 883 2509 discrimen
911 2456 1267 2522 agnoscimus.

560 2542 612 2598 5.
658 2545 855 2599 Eadem
896 2545 1147 2600 nimirum
1171 2547 1377 2602 ratione
1407 2557 1621 2600 noverat
1652 2548 1810 2602 etiam
1841 2549 2075 2605 Adamus

489 2636 847 2691 obedientiam
873 2642 984 2690 rem
1008 2638 1199 2691 bonam
1223 2653 1362 2702 esse,
1389 2639 1799 2695 in'ohedicntiam
1819 2657 1943 2695 vero
1963 2655 2076 2696 ma-

491 2728 597 2782 lam
624 2748 635 2783 :
669 2729 1076 2796 deinceps'vero
1101 2723 1286 2785 didicit
1313 2733 1642 2799 evidentius,
1672 2738 1791 2789 cum
1822 2735 1960 2806 ligno
1978 2750 2079 2806 gu-

487 2830 628 2876 stato
663 2838 694 2877 e
732 2825 978 2890 paradiso
1008 2820 1208 2894 eiectus
1236 2836 1316 2880 est
1340 2867 1353 2887 ,
1386 2830 1437 2880 et
1466 2825 1532 2880 ah
1563 2829 1646 2882 illa
1679 2832 1870 2885 excidit
1901 2831 2073 2887 felici-

490 2925 618 2969 tate.
639 2913 771 2969 Cum
804 2917 959 2985 igitur
987 2919 1036 2971 in
1067 2927 1279 2986 poenam
1303 2920 1616 2984 incurrerit,
1649 2925 1818 2992 quod,
1848 2925 1954 2980 Deo
1980 2943 2074 2981 ve-

488 3014 663 3070 tante,
711 3009 906 3077 lignum
956 3010 1278 3080 degustarit,
1323 3012 1654 3067 manifestius
1695 3031 1816 3070 eum
1863 3031 1955 3086 per
1983 3031 2077 3071 ex-

487 3101 798 3166 perientiam
851 3111 1004 3170 ptena
1033 3102 1216 3157 decuit
1237 3147 1249 3169 ,
1287 3103 1394 3159 Deo
1421 3120 1524 3158 non
1556 3107 1927 3176 obtemperare,
1957 3125 2072 3164 ma-

484 3192 593 3245 lum
619 3233 634 3257 ,
659 3201 712 3246 at
741 3192 1113 3262 obtemperare
1142 3196 1339 3250 bonum
1367 3212 1486 3251 esse
1511 3215 1522 3249 :
1549 3209 1825 3266 propterea
1874 3200 2073 3270 lignum

483 3283 720 3337 scientia!
757 3284 881 3339 beni
929 3297 991 3338 ac
1035 3286 1157 3338 mali
1189 3295 1427 3340 vocatur.
1469 3288 1534 3342 Et
1567 3305 1667 3356 qua
1712 3290 1778 3345 de
1807 3307 1997 3352 causa.
2029 3293 2074 3347 si

487 3389 593 3426 non
637 3374 748 3443 ipsa
777 3376 902 3444 ligni
947 3385 1132 3431 natura
1161 3376 1436 3432 scientiam
1467 3379 1650 3433 habuit
1675 3381 1800 3434 boni
1826 3392 1878 3436 ct
1910 3382 2032 3436 mali
2056 3422 2073 3450 ,

485 3466 579 3520 sed
617 3482 682 3520 ex
723 3467 831 3535 ipsa
862 3482 1018 3536 poena
1048 3478 1263 3538 propter
1291 3469 1699 3524 inobedientiam
1732 3473 1800 3527 ob
1825 3473 2075 3544 degusta-

487 3573 597 3615 tum
643 3557 840 3627 lignum
889 3558 1031 3613 illata
1070 3560 1402 3615 manifestius
1444 3561 1543 3616 hoc
1583 3563 1765 3618 didicit
1788 3564 1980 3630 homo,
2013 3567 2075 3620 li-

483 3668 646 3720 gnum
685 3654 924 3709 scientia:
963 3653 1085 3709 boni
1113 3671 1176 3710 ac
1203 3655 1325 3710 mali
1357 3657 1617 3712 vocatur?
1645 3658 1796 3724 Qund
1825 3660 2075 3715 nimirum

485 3743 570 3796 hic
623 3745 910 3812 Scripturae.
958 3757 1072 3800 mos
1099 3747 1160 3800 sit
1185 3788 1198 3811 ,
1235 3747 1319 3800 ubi
1347 3757 1433 3802 res
1459 3749 1717 3817 quapiam
1747 3751 1798 3802 in
1829 3750 1959 3804 locis
1984 3754 2075 3806 aut

486 3836 813 3904 temporibus
845 3837 1160 3897 quibusdam
1182 3838 1474 3904 acciderit,
1507 3854 1536 3893 a
1562 3840 1718 3894 rebus
1749 3835 1851 3894 illis
1877 3849 1932 3895 ct
1956 3841 2069 3896 loca

481 3938 532 3979 et
579 3936 816 3996 tempora
858 3944 1072 3983 vocare.
1117 3931 1220 3984 Sed
1263 3941 1313 3984 ut
1359 3931 1553 3986 clarius
1601 3932 1740 4002 quod
1778 3933 1900 3987 dico
1948 3933 2070 3998 fiat,

482 4018 610 4071 illud
637 4019 884 4088 eXemplo
907 4021 1056 4074 vobis
1082 4021 1378 4078 illustrabo.
1407 4023 1600 4078 Puteos
1621 4025 1915 4094 aliquando
1942 4025 2071 4080 fodit

484 4111 628 4163 Isaac
659 4129 672 4165 :
705 4113 800 4164 hos
823 4123 998 4166 autem
1032 4123 1223 4180 puteos
1254 4115 1409 4168 vicini
1432 4115 1705 4170 deétrucre
1732 4132 1849 4171 cum
1872 4119 2076 4187 agressi

480 4215 691 4269 essent,
744 4205 865 4258 inde
906 4205 1148 4259 simultas
1191 4206 1434 4275 qut'edam
1475 4217 1557 4261 est
1600 4217 1744 4270 orta,
1777 4219 1830 4262 et
1860 4213 2074 4266 vocavit

481 4305 701 4359 putemn
757 4295 1062 4349 Inimicitias
1114 4313 1128 4350 :
1181 4311 1285 4349 non
1339 4297 1476 4364 quod
1529 4305 1718 4366 puteus
1769 4299 2071 4357 inimicitias

481 4393 791 4451 exerceret,
825 4385 918 4439 sed
947 4386 1085 4454 quod
1117 4387 1254 4441 circa
1287 4387 1430 4441 ilitun
1456 4388 1743 4444 inimicitia:
1765 4401 1966 4445 exorta:
1988 4406 2073 4446 es-

481 4486 600 4531 sent
635 4476 783 4543 (Gen,
809 4477 897 4532 26.
924 4476 1035 4541 21).
1062 4477 1150 4532 Sic
1176 4488 1227 4532 ct
1250 4479 1446 4549 lignum
1469 4480 1703 4534 scientia:
1727 4481 1848 4535 boni
1873 4490 1924 4536 et
1947 4482 2070 4536 mali

485 4581 704 4624 vocatur
724 4613 736 4632 .
768 4587 875 4624 non
905 4571 1043 4641 quod
1074 4572 1253 4642 ipsum
1277 4573 1492 4627 scientia
1526 4572 1745 4641 polleret
1768 4616 1780 4637 ,
1812 4575 1903 4628 sed
1932 4574 2072 4644 quod

481 4663 622 4718 circa
652 4663 778 4718 illud
807 4665 939 4719 facta
970 4673 1112 4720 esset
1137 4665 1373 4720 scientire
1396 4665 1516 4720 boni
1539 4681 1600 4720 ac
1620 4666 1740 4719 mali
1764 4666 2069 4721 declaratio.

485 4757 690 4811 Rursus
729 4766 942 4826 puteum
976 4756 1108 4812 fodit
1133 4757 1400 4811 Abraham
1421 4799 1434 4821 ,
1464 4758 1683 4812 insidias
1709 4759 1913 4826 paravit
1942 4760 2072 4813 Abi-

483 4849 692 4916 melech
740 4867 752 4903 :
795 4856 1190 4910 convenerunt,
1240 4849 1544 4904 inimicitias
1590 4849 1978 4917 deposuerunt,
2011 4865 2074 4906 ac

483 4940 723 5010 praestito
767 4950 952 5005 mutuo
987 4941 1289 5010 iuramento
1330 4951 1546 5009 puteum
1589 4941 1735 4994 illum
1779 4941 2072 4996 Jurameuti

486 5043 701 5102 puteum
741 5034 1076 5102 appellarunt
1104 5033 1266 5105 (Ibid.
1293 5030 1382 5089 21.
1415 5031 1503 5090 5|.
1535 5033 1624 5102 52)
1652 5050 1666 5099 ;
1697 5047 1798 5090 non
1823 5036 1963 5105 quod
1989 5036 2076 5104 ju-

483 5135 655 5179 rasset
703 5134 925 5194 puteus,
973 5124 1067 5179 sed
1105 5125 1246 5194 quod
1285 5127 1424 5181 circa
1467 5135 1679 5193 puteum
1715 5126 2074 5194 juraine'ntnm

485 5233 547 5286 pr
561 5218 778 5271 rstitum
817 5225 980 5270 esset.
1031 5215 1188 5270 Vides
1213 5216 1326 5270 loca
1357 5232 1461 5269 non
1495 5215 1606 5270 fieri
1637 5231 1824 5270 causas
1855 5231 2030 5270 rermn
2060 5259 2074 5279 ,

484 5307 608 5376 licet
657 5324 684 5361 a
731 5307 889 5362 rebus
928 5321 1120 5361 nomen
1169 5307 1479 5376 accipiant?
1504 5307 1772 5375 Siquidem
1799 5306 1950 5360 valde
1980 5323 2069 5359 ne-

482 5403 776 5458 cessarium
801 5409 917 5470 est,
946 5409 1004 5456 ut
1029 5400 1381 5456 adhibeantur
1401 5399 1641 5467 exempla
1664 5440 1678 5463 ,
1711 5414 1816 5468 quo
1851 5397 2076 5452 manife-

482 5495 645 5549 stiora
681 5495 806 5548 fiant
827 5509 946 5564 quae
967 5493 1217 5548 dicimus.
1245 5491 1450 5546 Rursus
1478 5501 1822 5544 occurrentes
1852 5488 1952 5542 sibi
1982 5505 2078 5542 an-

482 5587 632 5654 geios
661 5587 791 5640 vidit
813 5585 974 5640 Jaeob
1001 5595 1056 5640 et
1079 5593 1256 5639 castra
1290 5581 1383 5637 Dei
1408 5623 1423 5648 ,
1457 5591 1563 5635 tum
1591 5581 1876 5652 appellavit
1901 5582 2076 5635 locum

482 5677 672 5732 Castra
700 5677 858 5749 (Ibid.
891 5676 979 5732 52.
1009 5674 1090 5749 '2).
1120 5675 1355 5730 TametSt
1381 5682 1532 5729 locus
1553 5685 1726 5728 castra
1759 5688 1863 5726 non
1893 5681 2074 5740 esset,

483 5767 834 5824 nihilominus
859 5765 1044 5822 Castra
1069 5775 1289 5820 vocatus
1311 5773 1390 5821 est
1419 5764 1599 5830 locus,
1631 5764 1750 5833 quia
1776 5763 1883 5817 illic
1905 5772 2076 5819 castra

480 5859 710 5916 viderat.
739 5850 899 5914 ‘iides
939 5865 999 5912 ut
1027 5857 1095 5912 ab
1119 5867 1314 5913 eventu
1343 5857 1455 5925 rei,
1485 5871 1602 5930 quae
1631 5857 1684 5910 in
1715 5855 1832 5911 loco
1854 5853 2064 5912 accide-

1177 400 1232 456 S.
1276 399 1552 456 JOANNIS
1591 399 2061 454 CHRYSOSTUMI
2105 399 2419 457 ARCIllEl‘.
2461 403 2993 464 CONSTANTINUP.

3677 421 3784 477 612

2199 529 2299 585 rat,
2324 521 2497 575 locum
2525 525 2845 592 appellarit?
2872 526 2959 580 Sic
2981 528 3140 581 etiam
3165 528 3363 597 lignum
3388 532 3624 588 scientia:
3653 536 3781 591 honi

2193 629 2255 667 ac
2276 615 2398 667 mali
2422 627 2639 669 vocatur
2658 658 2670 679 ,
2699 633 2801 670 non
2834 617 2976 687 quod
3000 619 3170 688 ipsum
3196 621 3316 674 boni
3346 623 3578 692 malique
3603 628 3780 679 scien-

2196 705 2263 758 tia
2289 705 2533 774 poileret,
2554 706 2646 761 sed
2669 708 2806 778 quod
2836 709 3070 764 scientia:
3099 711 3222 765 boni
3241 728 3302 766 ac
3323 714 3447 768 mali
3473 714 3606 769 facta
3629 716 3784 774 fuerit

2192 797 2330 850 circa
2363 797 2489 852 illud
2517 798 2926 867 demonstratio,
2969 810 3022 854 et
3049 803 3424 860 inobedientiaa
3464 816 3625 876 atque
3653 809 3787 861 ohe-

2192 891 2404 945 dientite
2427 893 2755 948 exercitatio.
2777 893 2981 949 Rursus
2997 895 3160 950 Deum
3182 898 3311 952 vidit
3331 899 3781 970 Jacoh,quantum

2194 982 2305 1036 fieri
2336 992 2528 1048 potest,
2553 995 2609 1038 ut
2638 985 2934 1041 abhomine
2961 988 3217 1050 videatur,
3257 1001 3309 1045 et
3335 994 3542 1047 vocavit
3584 1011 3778 1050 nomen

2192 1073 2294 1128 loci
2324 1076 2466 1130 illius
2504 1075 2711 1144 Species
2757 1077 2867 1133 Dei.
2901 1079 3118 1144 Quare?
3143 1082 3274 1146 Quia
3299 1083 3404 1137 tidi
3428 1074 3590 1138 Deum
3621 1085 3776 1153 (Gen.

2189 1165 2276 1221 39..
2302 1167 2416 1236 30).
2433 1167 2620 1236 inquit.
2645 1169 2974 1239 Quamquam
3003 1186 3107 1225 non
3125 1173 3274 1227 locus
3303 1172 3392 1227 Dei
3414 1172 3620 1242 species
3641 1174 3781 1241 erat,

2187 1257 2281 1310 sed
2331 1274 2358 1310 a
2407 1275 2464 1312 re
2508 1275 2628 1327 quae
2673 1270 2923 1315 evenerat
2949 1263 2998 1315 in
3031 1262 3178 1329 loco,
3211 1273 3331 1318 nata
3357 1273 3440 1319 est
3469 1267 3780 1335 appellatio.

2187 1347 2348 1403 Vides
2391 1365 2548 1419 quam
2599 1351 2779 1406 multis
2817 1368 2880 1406 ex
2926 1353 3056 1408 locis
3103 1369 3307 1409 morem
3337 1371 3458 1411 esse
3486 1355 3780 1425 Scriptura!

2184 1440 2763 1506 demonstraverimus,
2813 1453 2862 1496 ut
2909 1459 2938 1497 a
2984 1445 3145 1500 rebus
3195 1462 3312 1515 qure
3354 1448 3644 1503 acciderint
3675 1459 3778 1503 no-

2185 1533 2325 1586 mina
2376 1533 2505 1587 locis
2548 1535 2825 1602 imponat?
2864 1534 3094 1605 ldipsum
3123 1553 3334 1608 quoque
3363 1539 3412 1592 in
3436 1541 3780 1610 temporist

2183 1633 2343 1696 agere
2384 1627 2686 1682 ‘consu‘c‘v‘it.
2730 1629 2838 1684 Sed
2886 1640 2951 1684 ne
3000 1631 3157 1684 tmdio
3182 1637 3282 1686 ’t’os
3325 1633 3647 1690 afficiamus.
3678 1639 3780 1702 ag‘e

2185 1732 2486 1772 sermonem
2555 1734 2585 1772 a
2650 1721 2973 1775 tristioribus
3017 1725 3084 1776 ad
3124 1723 3438 1790 jucundiora
3479 1723 3777 1780 transfera-

2184 1824 2321 1862 mus.
2366 1807 2572 1863 Etenim
2606 1811 2713 1880 jam
2745 1802 3027 1880 defatigata
3055 1823 3141 1868 ‘est
3181 1821 3329 1868 me‘ns
3365 1821 3540 1870 vestra
3601 1819 3776 1871 subti-

2185 1900 2407 1955 lioribus
2433 1903 2713 1956 sententiis
2742 1903 3020 1958 imm‘Orata
3047 1924 3061 1958 :
3093 1912 3415 1974 quapropter
3438 1923 3614 1975 opera:
3643 1915 3738 1977 pre
3757 1940 3773 1948 -

2184 1990 2312 2043 tium
2339 1989 2491 2044 fuerit
2518 1993 2653 2046 illam
2683 1999 2923 2048 ret‘reare
2938 2011 3000 2048 ac
3021 1996 3770 2064 simplicibrihus‘imtiet-ibus-

2181 2098 2285 2152 que
2311 2086 2590 2139 sententiis
2621 2087 2760 2140 illam
2793 2093 3028 2155 pascere.

2257 2174 2330 2229 De
2354 2176 2494 2229 bonis
2521 2179 2624 2246 agit
2655 2196 2742 2244 per
2762 2196 2958 2233 crucem
2989 2180 3214 2234 invectis.
3248 2176 3399 2236 barro
3426 2200 3516 2237 cur
3539 2185 3591 2238 iu
3615 2203 3769 2252 para-

2182 2267 2346 2320 disum
2372 2267 2793 2323 introductus.—-
2814 2271 2892 2325 Ad
2925 2272 3156 2328 salutare
3183 2273 3341 2343 igitur
3369 2275 3565 2344 lignum
3599 2281 3776 2334 crucis

2179 2358 2482 2413 redeamus.
2534 2359 2643 2414 lloc
2669 2361 2808 2415 enim
2843 2362 3018 2416 omnia
3049 2364 3184 2417 mala
3215 2366 3428 2420 susmlit
3449 2407 3465 2431 ,
3496 2383 3615 2436 qum
3642 2364 3772 2423 illud

2179 2447 2453 2504 invexerat
2500 2468 2512 2504 :
2554 2451 2639 2505 vel
2680 2452 2853 2519 potius
2882 2467 2985 2507 non
3013 2454 3140 2507 illud
3172 2455 3308 2509 mala
3337 2455 3642 2521 invexerat,
3675 2456 3772 2512 sed

2180 2540 2340 2595 homo
2383 2545 2496 2612 ipse
2531 2553 2720 2600 cuneta
2745 2586 2757 2607 ,
2782 2561 2900 2616 qute
2929 2546 3126 2601 deinde
3152 2547 3392 2604 Christus
3417 2551 3572 2620 plane
3596 2561 3772 2605 sustu-

2181 2631 2240 2685 lit
2263 2672 2277 2697 ,
2316 2642 2480 2702 atque
2528 2635 2631 2691 illis
2657 2637 2913 2707 ampliora
2946 2639 3114 2694 multo
3143 2640 3278 2695 bona
3308 2642 3525 2698 invexit.
3558 2643 3637 2698 Oh
3663 2643 3768 2698 hoc

2180 2725 2352 2794 ipsum
2379 2726 2452 2780 ait
2478 2727 2670 2783 Paulus
2699 2749 2711 2785 :
2751 2731 2793 2785 [ἶ
2801 2732 2849 2784 bi
2869 2732 3136 2786 abundavit
3153 2735 3389 2788 delictum
3411 2778 3426 2800 ,
3457 2739 3767 2807 superabun-

2179 2820 2312 2874 davit
2342 2821 2507 2890 gratia
2537 2822 2710 2891 (Rom.
2743 2824 2796 2878 5.
2829 2823 2918 2895 20)
2941 2842 2956 2890 ;
2983 2825 3086 2881 hoc
3112 2836 3193 2881 est
3214 2869 3228 2892 ,
3258 2828 3430 2897 majus
3455 2840 3536 2884 est
3564 2831 3764 2885 donum

2177 2927 2334 2982 quam
2383 2923 2676 2983 peccatum.
2719 2915 2921 2972 ideirco
2967 2931 3154 2972 rursus
3180 2920 3254 2974 ait
3292 2939 3304 2974 :
3336 2919 3458 2974 Non
3483 2923 3610 2975 sicut
3634 2924 3764 2976 deli-

2177 3015 2310 3058 etum
2336 3047 2351 3068 ,
2382 3007 2456 3058 ita
2499 3013 2546 3059 et
2573 3007 2759 3060 donum
2784 3007 2956 3075 (Rom.
2981 3007 3032 3063 5.
3065 3009 3152 3078 15)
3183 3027 3196 3063 :
3229 3016 3334 3066 no’n
3357 3024 3610 3082 quantum
3631 3019 3767 3084 ‘pec-

2177 3098 2318 3151 cavit
2357 3096 2516 3152 homo
2540 3139 2554 3162 ,
2601 3107 2800 3153 tantum
2845 3097 3060 3154 donavit
3105 3095 3244 3157 Deus
3285 3120 3299 3156 :
3332 3108 3436 3158 nun
3467 3109 3659 3174 quanta
3685 3107 3767 3174 ja-

2177 3200 2350 3253 ctura,
2377 3200 2554 3248 tantus
2580 3201 2659 3248 est
2691 3202 2926 3261 qumstus
2951 3211 2964 3247 :
2993 3209 3096 3249 non
3124 3205 3377 3264 quantum
3407 3197 3762 3265 naufragium,

2180 3289 2323 3334 tanta
2368 3284 2530 3338 eti:m
2578 3285 2866 3353 negotiatio
2917 3285 3014 3339 fuit
3062 3303 3076 3339 :
3128 3286 3220 3341 sed
3267 3287 3415 3355 plur’a
3449 3289 3583 3342 bona
3615 3288 3768 3345 fuere

2177 3385 2337 3440 quam
2383 3374 2518 3426 mala
2543 3392 2554 3439 ;
2601 3384 2655 3429 et
2698 3376 2909 3431 merito.
2938 3376 3207 3447 Siqitidem
3237 3378 3376 3434 mala
3403 3394 3590 3435 servus
3621 3380 3767 3434 inve“-

2178 3464 2275 3530 xit,
2301 3475 2350 3519 et
2377 3466 2580 3520 minora
2611 3475 2762 3522 erant
2788 3485 2801 3523 :
2831 3467 2968 3522 bona
2992 3483 3119 3523 vero
3141 3470 3360 3539 largitus
3381 3479 3464 3525 est
3486 3472 3764 3537 Dominus,

2177 3557 2426 3626 quocirca
2455 3557 2663 3611 fuerunt
2689 3567 2742 3612 et
2762 3558 2910 3628 plura
2940 3566 3265 3628 :'propterea
3287 3561 3416 3616 dicit
3445 3580 3459 3616 :
3494 3559 3614 3616 Non
3636 3564 3769 3617 sicut

2177 3647 2413 3700 delictum
2439 3687 2451 3706 .
2495 3647 2568 3700 ita
2605 3659 2650 3701 et
2696 3649 2904 3702 donum.
2938 3649 3137 3704 Deinde
3165 3649 3451 3706 discrimen
3482 3652 3720 3724 adjuugit
3750 3671 3764 3706 :

2181 3736 2318 3791 Nam
2331 3738 2586 3808 judicium
2607 3739 2807 3807 quidem
2836 3752 2898 3793 ex
2923 3753 3032 3794 una
3054 3741 3106 3794 in
3128 3739 3615 3803 condemnationem,
3646 3751 3766 3813 gra-

2177 3833 2248 3884 tia
2294 3841 2460 3885 autem
2489 3847 2554 3886 ea:
2593 3831 2763 3886 multis
2804 3831 2999 3885 delictis
3025 3833 3078 3886 in
3096 3834 3537 3902 justi/irationem.
3564 3836 3766 3890 Obscu-

2176 3924 2288 3978 rius
2309 3935 2389 3978 est
2413 3965 2428 3988 ,
2461 3925 2600 3992 quod
2623 3919 2850 3978 diximus
2876 3941 2890 3978 :
2926 3925 3101 3994 itaque
3127 3940 3347 3981 necesse
3372 3935 3455 3981 est
3477 3967 3494 3993 ,
3520 3937 3577 3982 ut.
3598 3942 3770 3997 expo-

2177 4017 2424 4072 sitionem
2453 4017 2823 4086 adjungamus.
2855 4015 2998 4070 Nam
3018 4019 3278 4086 judicium
3298 4020 3530 4088 quidem,
3555 4019 3656 4075 hoc
3685 4032 3769 4076 est

2177 4123 2334 4177 poena
2355 4151 2368 4171 ,
2413 4108 2728 4177 supplicium
2752 4149 2768 4174 ,
2804 4122 2983 4174 mors;
3016 4108 3098 4163 Ex
3117 4126 3249 4174 uno,
3277 4110 3483 4166 scilicet
3503 4120 3718 4181 peccato
3754 4123 3768 4170 ε

2175 4202 2219 4255 si
2245 4201 2437 4268 ,uidem
2487 4215 2651 4255 unum
2699 4210 2972 4269 peccatum
3023 4211 3225 4257 tantum
3275 4203 3472 4258 malum
3521 4205 3764 4268 invexit;

2174 4295 2344 4364 gratia
2386 4309 2513 4348 vero
2555 4309 2662 4348 non
2711 4294 2840 4348 illud
2889 4295 3061 4349 solum
3110 4305 3424 4365 peccatum,
3455 4296 3548 4351 sed
3581 4307 3635 4352 et
3661 4297 3768 4353 alia

2177 4380 2338 4439 multa
2383 4385 2616 4440 sustulit.
2659 4384 2864 4440 idcirco
2903 4385 3032 4440 dicit
3063 4404 3077 4440 :
3111 4386 3291 4442 Gratia
3313 4398 3480 4442 autem
3508 4405 3570 4442 ex
3593 4388 3766 4442 multis

2177 4467 2372 4531 delictis
2416 4477 2468 4530 in
2506 4478 2952 4546 justiﬁcatianem.
2999 4477 3286 4548 Propterea
3331 4480 3562 4536 Joannes
3604 4482 3764 4534 etiam

2176 4567 2411 4636 Baptista
2455 4568 2720 4622 clamabat
2765 4585 2780 4622 :
2821 4563 2955 4625 Ec'c‘e
2993 4587 3156 4640 agnus
3180 4567 3316 4637 Dei,
3341 4575 3482 4635 non,
3511 4572 3599 4641 qni
3630 4571 3767 4625 tollit

2176 4669 2452 4727 peccatum
2499 4659 2728 4725 Adami,
2781 4660 2908 4727 sed,
2968 4661 3068 4728 Qui
3107 4661 3237 4714 tollit
3283 4663 3542 4732 peccatum
3592 4663 3768 4715 viandi

2180 4749 2358 4820 (Joau.
2403 4752 2454 4805 1.
2488 4751 2603 4819 9.9).
2641 4751 2848 4815 Vidisti,
2883 4769 2987 4822 quo
3017 4763 3171 4822 pacto
3197 4771 3302 4809 non
3329 4755 3468 4810 sicut
3492 4754 3762 4819 delictum,

2178 4841 2247 4895 ita
2274 4849 2327 4895 et
2355 4843 2517 4912 gratia
2540 4883 2554 4905 ,
2580 4842 2672 4898 sed
2698 4844 2846 4912 plura
2869 4845 3066 4914 lignum
3091 4844 3194 4898 hoc
3212 4846 3408 4901 invexit
3429 4845 3588 4912 bona,
3607 4856 3765 4915 quam

2177 4950 2205 4988 a
2235 4936 2496 5004 principio
2527 4936 2724 4992 fuerint
2753 4937 2960 4992 invecta
2989 4939 3126 4991 mala
3141 4937 3170 4992 ?‘

2248 5028 2301 5083 4.
2331 5029 2458 5083 Ἠειξο
2486 5042 2663 5084 autem
2686 5045 2712 5081 a
2737 5045 2822 5083 me
2845 5029 2983 5082 dicta
3014 5038 3158 5095 sttnt,
3191 5046 3258 5083 ne
3285 5041 3313 5082 a
3341 5022 3526 5100 primis
3553 5027 3655 5083 illis
3678 5042 3769 5098 pa-

2178 5121 2419 5175 rentibus
2449 5120 2646 5175 damno
2669 5132 2719 5175 le
2746 5121 2994 5175 affectum
3023 5122 3319 5176 arbitreris.
3344 5122 3598 5176 Diabolus
3624 5122 3768 5177 Adtr-

2181 5228 2323 5264 tnnm
2347 5212 2525 5280 ejecit,
2562 5213 2818 5265 latronem
2842 5212 3086 5267 Christus
3111 5213 3428 5268 introduxit.
3461 5215 3538 5268 Ac
3563 5215 3763 5268 disere-

2180 5303 2414 5372 pantiam
2443 5303 2582 5357 ‘vide.
2615 5305 2707 5356 Ille
2738 5303 3007 5358 hominem
3049 5303 3196 5358 nullo
3225 5306 3475 5361 infectum
3516 5317 3766 5374 peccato,

2181 5396 2273 5450 Sed
2320 5396 2431 5449 sola
2479 5396 2851 5450 inobedientiue
2895 5396 3120 5457 macula,
3168 5397 3327 5466 ejecit
3356 5413 3370 5451 :
3399 5397 3644 5451 Christus
3687 5397 3768 5449 la-

2182 5496 2386 5540 tronem
2433 5486 2710 5540 innumera
2759 5495 3091 5554 peCcatorum
3119 5500 3316 5556 genera
3369 5492 3666 5555 gestantem
3717 5486 3768 5539 io

2185 5580 2487 5650 paradisum
2547 5579 2860 5634 introduxit.
2919 5581 3000 5634 An
3059 5580 3217 5650 igitur
3274 5580 3374 5634 hoc
3429 5587 3632 5632 tantum
3686 5586 3772 5632 est

2182 5669 2515 5733 admirabile,
2547 5671 2688 5738 quod
2722 5669 2980 5723 latronem
3023 5670 3075 5724 in
3103 5669 3410 5741 paradisum
3440 5668 3770 5732 introduxit,

2182 5761 2324 5816 aliud
2347 5774 2474 5815 vero
2500 5759 2671 5812 nihil?
2695 5759 2875 5813 Potest
2895 5769 2949 5814 et
2969 5759 3110 5813 aliud
3142 5759 3310 5828 majus
3330 5758 3454 5813 diei.
3485 5758 3598 5811 Non
3625 5759 3770 5811 enim

2177 5853 2356 5908 solum
2386 5849 2676 5906 introduxit
2705 5849 2988 5922 latronem,
3023 5850 3115 5906 sed
3149 5861 3199 5906 et
3226 5860 3349 5906 ante
3375 5849 3629 5904 mundum
3655 5849 3775 5903 uni-
