4146 6260
365 342 462 400 6H

365 464 474 534 γὰρ
495 462 630 517 Θεοῦ
651 464 918 532 εἰπόντος·
943 469 1066 524 Ποῦ
1113 471 1304 540 Ἅϐελ,
1344 476 1378 528 ὀ
1414 472 1682 545 ἀδελφός
1700 491 1816 530 σου
1830 492 1848 540 ;
1871 473 1944 528 εἷ-

364 563 474 611 116;
493 563 506 576 ·
529 547 628 616 Μὴ
668 551 871 618 φύλαξ
906 553 1022 622 εἰμί
1059 558 1166 609 τοῦ
1201 557 1468 626 ἀδελφοῦ
1480 574 1600 627 μου
1618 558 1758 626 ἐγώ;
1783 558 1944 612 Ὅθεν

362 631 526 702 δῆλον
543 634 626 685 ὅτι
649 635 834 703 σαφῶς
854 637 1006 702 εἰδὼς
1022 634 1184 709 ἦλθεν
1206 641 1298 693 ἐπὶ
1316 641 1416 712 τὴν
1434 641 1698 711 ἐργασίαν
1717 642 1939 711 ταύτην.

367 717 579 787 Ὥσπερ
613 713 705 776 οὖν
742 714 897 782 οὗτος
915 721 1031 790 ᾔδει
1053 721 1152 792 μὲν
1173 724 1267 777 καὶ
1286 725 1392 794 πρὸ
1409 725 1508 794 τῆς
1529 724 1724 796 πείρας
1739 726 1821 778 ὅτι
1840 742 1942 778 κα-

365 799 461 854 κὸν
481 802 510 853 6
530 801 709 867 φόνος,
730 801 900 870 ἔμαθε
922 803 978 856 δέ
999 805 1329 879 σαφέστερον
1348 808 1442 866 καὶ
1463 807 1603 877 μετὰ
1619 808 1812 874 ταῦτα,
1852 809 1941 863 ὅτε

363 883 464 957 τὴν
492 886 758 956 τιμωρίαν
787 886 1025 952 ἐδέξατο,
1047 891 1140 942 καὶ
1160 891 1360 961 ήκουσε
1381 909 1394 922 ο
1418 892 1652 946 Στένων
1681 892 1779 946 καὶ
1811 892 1940 960 τρέ-

358 988 492 1039 μων
507 972 622 1039 ἔσῃ
644 972 741 1027 ἐπὶ
780 972 892 1041 τῆς
928 974 1042 1044 γῆς
1061 994 1074 1006 ·
1095 976 1237 1030 οὕτω
1257 979 1349 1031 καὶ
1369 979 1397 1030 6
1417 978 1598 1050 πατὴρ
1618 979 1810 1046 τούτού
1826 973 1941 1048 εἶχε

361 1054 458 1109 τοῦ
497 1055 662 1108 καλοῦ
701 1057 794 1118 καὶ
811 1056 906 1110 τοῦ
928 1059 1096 1112 κακοῦ
1119 1062 1212 1115 καί⁵
1232 1061 1338 1132 πρὸ
1356 1062 1449 1115 τοῦ
1471 1065 1663 1130 φαγεῖν
1683 1063 1780 1136 τὴν
1801 1062 1942 1130 γνῶ-

366 1154 472 1200 σιν,
495 1140 544 1191 εἰ
565 1140 657 1192 καὶ
683 1138 757 1212 μὴ
779 1139 922 1195 οὕτω
946 1143 1202 1214 σαφῆ,ὠς
1224 1145 1360 1215 μετὰ
1384 1145 1481 1222 τήν
1499 1145 1592 1199 τοῦ
1618 1143 1772 1210 ξύλου
1800 1144 1942 1217 βρῶ-

365 1237 468 1278 σιν.
499 1222 565 1277 Τί
593 1222 738 1292 λέγω
755 1242 770 1295 ς

433 1341 514 1394 T6
548 1343 656 1413 γάρ
688 1346 834 1404 κακὰ
859 1347 1062 1411 πάντες
1089 1348 1314 1418 οἴδαμεν
1353 1348 1446 1402 καὶ
1485 1347 1614 1418 πρὶν
1645 1347 1678 1420 ἢ
1711 1347 1937 1420 πρᾶξαι.

363 1425 693 1497 σαφέστερον
715 1427 774 1480 δέ
809 1429 1176 1500 μανθάνομεν,
1203 1430 1342 1499 μετὰ
1388 1432 1449 1484 τὸ
1498 1431 1720 1503 πρᾶξαιο
1759 1430 1940 1501 πολλῷ

360 1507 418 1560 δὲ
453 1509 806 1582 σαφέστερον,
847 1513 976 1570 ὅταν
1012 1513 1385 1584 κυλαζὼμεθα.
1423 1514 1580 1568 Οὕτω
1617 1519 1717 1570 καὶ,
1739 1518 1768 1569 6
1799 1517 1939 1571 Κάῖν

359 1590 477 1660 ᾔδει
518 1591 616 1662 μὲν
650 1593 732 1646 δτι
771 1595 940 1648 κακὸν
979 1597 1011 1667 ἡ
1051 1597 1435 1666 ἁδελφοκτονία
1462 1600 1557 1653 καὶ
1588 1600 1692 1669 πρὸ
1723 1603 1935 1653 τούτου·

359 1671 528 1742 ἔμαθε
579 1674 637 1726 δὲ
683 1673 908 1745 ὕστερον
957 1677 1044 1731 616
1089 1679 1190 1749 τῆς
1241 1680 1516 1744 κολάσεως
1563 1683 1894 1753 σαφέστερον
1921 1699 1934 1710 ·

359 1756 482 1808 ἐπεὶ
503 1757 594 1808 καὶ
623 1757 782 1826 ήμείς
805 1758 1023 1829 οἴδαμεν
1043 1761 1124 1812 ὅτι
1147 1761 1307 1814 καλὸν
1338 1765 1371 1834 ἡ
1405 1764 1603 1830 ὑγίεια,
1636 1765 1935 1835 11611310011-

359 1838 453 1890 κὸν
473 1839 506 1908 ή
526 1838 678 1902 νόσος
705 1839 796 1892 καὶ
823 1840 926 1910 πρὸ
944 1841 1042 1911 τῆς
1064 1841 1275 1913 πείρας·
1295 1844 1477 1915 πολλῷ
1492 1845 1547 1898 δὲ
1567 1846 1786 1916 μᾶλλον,
1809 1847 1938 1900 ὅταν

357 1921 437 1982 εἰς
466 1921 564 1990 τήν
599 1922 752 1974 νόσον
793 1917 1145 1996 ἐμπέσωμεν,
1168 1926 1509 1998 ,ἁμφοτέρων
1550 1927 1652 1999 τὴν
1677 1928 1936 2000 διαφορὰν

355 2003 716 2074 γινώσκομεν.

425 2112 495 2182 γ’.
531 2115 636 2168 Τὸν
659 2116 822 2168 αὐτὸν
849 2115 914 2185 δὴ
943 2117 1147 2186 τρόπον
1180 2119 1273 2171 καὶ
1297 2119 1326 2170 6
1371 2119 1539 2190 Ἀδὰμ
1572 2123 1689 2192 ᾔδει
1717 2123 1816 2193 μὲν
1852 2124 1934 2178 611

356 2196 520 2250 καλὸν
553 2199 587 2266 ἡ
621 2197 860 2268 ὑπακοὴ,
915 2200 1202 2252 καὶ-κακὸν
1231 2202 1541 2274 ήιπαρακοή
1565 2220 1578 2234 °
1617 2204 1840 2277 ὕστερον
1877 2209 1936 2261 δὲ

357 2279 690 2349 σαφέστερον
717 2279 944 2348 ἔμαθεν,
976 2281 1064 2333 ὅτε
1115 2283 1209 2335 τοῦ
1245 2283 1402 2348 ξύλου
1441 2288 1780 2358 γευσάμενος
1813 2290 1931 2355 ἐξε-

355 2361 526 2430 ϐλήθη
548 2360 641 2414 τοῦ
671 2361 1025 2430 παραδείσου,
1051 2365 1142 2416 καὶ
1165 2369 1262 2436 τῆς
1300 2369 1697 2439 μακαριότητος
1718 2373 1934 2441 ἐκείνης

355 2445 633 2511 ἐξέπεσεν.
671 2443 824 2497 Ἐπεὶ
844 2441 936 2498 οὗν
971 2448 1050 2509 εἰς
1088 2449 1358 2520 τιμωρίαν
1389 2451 1666 2517 ἐνέπεσεν,
1707 2455 1810 2518 ὃτι,
1835 2455 1929 2510 τοῦ

351 2529 490 2581 Θεοῦ
537 2528 897 2592 κωλύσαντος,
947 2531 1210 2599 ἐγεύσατο
1245 2534 1339 2586 τοῦ
1396 2535 1574 2600 ξύλου,
1626 2540 1932 2611 ἠτιμωρία

351 2611 513 2685 αύτὸν
540 2612 868 2681 σαφέστερον
901 2613 1186 2668 ἐπαίδευσε
1214 2616 1301 2670 616
1329 2619 1424 2688 τῆς
1450 2620 1664 2690 πείρας,
1691 2623 1812 2676 ὅσον
1834 2641 1928 2686 κα-

355 2678 449 2748 κδν
475 2692 608 2746 Θεοῦ
647 2694 1005 2762 παρακούειν,
1030 2698 1123 2750 καὶ
1148 2699 1271 2754 ὅσον
1303 2701 1598 2754 ὑπακούειν
1618 2703 1782 2756 καλόν
1802 2723 1814 2737 ο
1840 2706 1927 2759 616

349 2775 507 2829 τοῦτο
537 2775 777 2845 γνωστὸν
814 2777 982 2831 καλοῦ
1013 2781 1105 2832 καὶ
1127 2783 1364 2852 πονηροῦ
1386 2783 1446 2836 16
1472 2783 1626 2849 ξύλον
1658 2787 1920 2841 καλεῖται.

349 2861 460 2942 Καὶ
487 2859 632 2942 τίνος
661 2860 870 2924 ἕνεκεν,
898 2863 946 2914 εἰ
982 2861 1056 2932 μὴ
1088 2863 1223 2936 αὑτὴ
1258 2867 1291 2936 ή
1331 2866 1490 2934 φύσις
1523 2869 1616 2921 τοῦ
1648 2871 1804 2934 ξύλου
1825 2872 1925 2942 τὴν

348 2941 549 3008 γνῶσιν
577 2938 690 3012 εἶχε
721 2943 816 2994 τοῦ
843 2942 1010 2996 καλοῦ
1033 2946 1127 2997 καί⁵
1157 2946 1249 2998 τοῦ
1287 2949 1544 3017 πονηροῦ,
1579 2951 1695 3004 ἁλλ’
1723 2955 1787 3005 ἐκ
1824 2938 1926 3023 τῆς

347 3023 616 3095 τιμωρίας
640 3024 737 3094 τῆς
770 3024 859 3077 διὰ
887 3025 983 3096 τὴν
1005 3029 1288 3098 παρακοήν
1319 3031 1417 3100 τὴν
1439 3032 1531 3084 ἐπὶ
1557 3033 1634 3102 τῷ
1659 3033 1798 3104 ξύλῳ
1831 3051 1926 3088 σα-

350 3106 612 3176 φέστερον
659 3105 1050 3177 τοῦτοέμαθεν
1088 3111 1116 3161 6
1144 3109 1448 3181 ἄνθρωπος,
1482 3117 1725 3181 γνωστδν
1756 3117 1923 3170 καλοῦ

349 3190 444 3247 καὶ
470 3189 708 3261 πονηροῦ
732 3190 794 3243 16
822 3190 980 3256 ξύλον
1009 3193 1286 3256 καλεῖταις
1341 3196 1462 3249 Ὅτι
1495 3196 1615 3259 ἔθος
1640 3201 1704 3270 τῇ
1735 3201 1772 3251 Γ
1777 3204 1921 3272 ροιφῇ

345 3271 522 3338 τοῦτο,
547 3273 765 3357 ὲπειδὰν
793 3273 853 3357 τὸ
875 3276 1106 3357 πρᾶγμα
1136 3277 1378 3348 γένηται,
1402 3280 1433 3351 ἤ
1461 3281 1519 3332 ἐν
1540 3281 1743 3346 τόποις.
1768 3271 1921 3357 [(578]

347 3355 463 3425 ἢέν
484 3355 829 3425 καιροῖς,ἁπὺ
850 3356 961 3426 τῶν
982 3359 1321 3429 πραγμάτων
1347 3361 1546 3416 καλεῖν.
1564 3364 1656 3428 καὶ
1682 3367 1806 3428 τοὺς
1834 3355 1922 3436 16;

344 3455 479 3506 πους
509 3439 602 3491 καί
630 3443 756 3502 τοὺς
778 3439 1024 3509 καιρούς.
1061 3442 1170 3495 Καὶ
1209 3443 1295 3496 ἵνα
1325 3444 1654 3516 σαφέστερον
1695 3446 1926 3517 γένηται

341 3520 404 3574 τὺ
423 3520 734 3590 λεγόμενον,
771 3522 865 3575 ἐπὶ
907 3522 1303 3596 ὑποδείγματπ
1353 3526 1481 3596 ὑμῖν
1518 3528 1675 3582 τοῦτο
1709 3532 1919 3602 ποιήσω

344 3604 596 3678 φανερόν.
645 3604 702 3657 '0
759 3605 942 3662 Ἰσαάκ
988 3624 1116 3669 ποτε
1169 3611 1381 3680 φρέατα
1414 3610 1624 3682 ὤρυξε·
1652 3612 1824 3666 ταῦτα
1849 3614 1918 3668 16

344 3687 552 3756 φρέατα
586 3688 949 3758 ἐπεχείρησαν
969 3691 1016 3742 οἰ
1037 3690 1274 3758 γείτονες
1300 3694 1608 3765 διαφθεῖραι
1625 3711 1639 3726 ·
1667 3696 1916 3750 ἐντεῦθεν

346 3769 559 3837 ἐγένετό
582 3786 663 3830 τις
692 3769 980 3847 ἀπέχθεια,
1016 3772 1111 3823 καὶ
1133 3773 1355 3840 ἐκάλεσε
1371 3774 1432 3828 16
1454 3774 1629 3847 φρέαρ
1642 3775 1882 3846 Ἔχθραν
1899 3794 1914 3809 ⁸

343 3851 444 3904 οὐκ
471 3851 658 3920 ἐπειδὴ
683 3851 816 3904 αὐτὸ
836 3843 897 3904 16
927 3853 1104 3922 φρέαρ
1126 3853 1415 3922 ήχθρανεν,
1447 3843 1558 3906 ἀλλ’
1583 3843 1768 3928 ἐπειδὴ
1785 3843 1917 3928 περὶ

344 3932 476 3987 6616
501 3933 536 4003 ή
567 3931 736 4004 ἔχθρα
764 3933 1197 4001 γέγονεν.’οῦτω
1243 3935 1336 3987 καὶ
1383 3935 1444 3987 16
1491 3936 1644 4002 ξύλον
1677 3941 1916 4007 γνωστὸν

343 4016 511 4074 καλοῦ
563 4015 657 4068 καὶ
685 4014 924 4085 πονηροῦ
957 4015 1226 4082 καλεῖται,
1257 4018 1378 4088 ¹ούκ
1410 4019 1596 4091 ἐπειδὴ
1641 4021 1772 4075 αὐτὸ
1803 4017 1916 4093 εἶχε

342 4099 563 4168 γνῶσιν,
598 4098 712 4151 ἁλλ’
746 4098 932 4170 ἐπειδὴ
960 4099 1089 4170 περὶ
1121 4099 1253 4153 αὐτὸ
1272 4100 1489 4168 ἐγένετο
1511 4104 1540 4156 6
1566 4105 1786 4175 ἐλεγχος
1817 4108 1916 4178 τῆς

342 4182 596 4258 γνώσεως
639 4179 734 4234 τοῦ
787 4181 951 4235 καλοῦ
983 4182 1076 4234 καὶ
1105 4183 1502 4256 τοῦ-πονηροῦ.
1549 4186 1714 4240 Πάλιν
1740 4189 1914 4259 ὤρυξε

343 4265 522 4343 φρέαρ
549 4264 578 4316 6
621 4262 888 4335 Ἀϐραὰμ,
922 4265 1314 4324 ἐπεϐούλευσεν
1346 4269 1374 4320 6
1423 4268 1743 4342 ’Δϐιμέλεχσ
1786 4291 1907 4326 συνο

341 4335 525 4418 ἦλθον,
555 4346 856 4416 κατέλυσαν
889 4345 985 4418 τὴν
1009 4347 1228 4418 ἔχθραν,
1251 4351 1344 4402 καὶ
1390 4335 1582 4422 ὅρκούς
1606 4335 1784 4418 δόντες
1821 4357 1916 4410 ἁλ-

342 4430 541 4500 λήλοις,
572 4429 837 4502 ἐκάλεσαν
870 4429 930 4481 16
963 4429 1141 4501 ιρρέαρ
1174 4433 1346 4493 ἐκεῖνο
1370 4434 1550 4506 Φρέαρ
1581 4437 1744 4508 ὅρκου
1763 4455 1775 4469 .
1813 4441 1915 4502 οὐκ

341 4512 530 4585 ἐπειδὴ
560 4511 622 4564 16
655 4513 833 4596 φρέαρ
863 4511 1095 4596 ᾣμοσεν,
1128 4513 1243 4566 611’
1279 4516 1463 4587 ἐπειδὴ
1491 4520 1618 4596 περὶ
1646 4519 1705 4573 16
1738 4523 1914 4594 φρέαρ

340 4596 370 4647 6
396 4596 555 4665 ὅρκος
585 4595 818 4661 ἐγένετο.
863 4595 1026 4666 Ὀρᾷς
1051 4596 1169 4659 πῶς
1204 4597 1324 4666 οὐχὶ
1362 4598 1468 4653 τῶν
1503 4606 1842 4673 πραγμάτων
1865 4607 1913 4659 οἰ

340 4677 498 4728 τόποι
530 4675 692 4729 αἴτιοι
715 4675 978 4744 γίνονται,
1027 4680 1076 4730 εἰ
1113 4677 1209 4732 καὶ
1251 4680 1358 4734 τῶν
1399 4684 1740 4752 πραγμάτων
1769 4685 1911 4756 λαμ.

342 4759 563 4813 ϐἀνουσι
607 4759 675 4812 16
711 4759 952 4829 ὀνόματα
982 4777 995 4827 ;
1036 4762 1146 4815 Καὶ
1172 4762 1281 4840 γὰρ
1305 4765 1475 4835 πολλὴ
1507 4768 1715 4840 ἀνάγκη
1741 4787 1912 4841 παρα-

340 4844 530 4912 γαγεῖν
560 4842 1002 4913 παραδείγματα,
1031 4842 1172 4898 ὥστε
1203 4836 1534 4920 σαφέστερον
1563 4836 1831 4917 γενέσθαι-
1852 4855 1913 4908 16

339 4926 649 4996 λεγόμενον.
692 4925 860 5007 Πάλιν
900 4922 1041 4981 εἶδεν
1064 4930 1093 4982 6
1127 4928 1324 4982 Ἰακὼϐ
1373 4931 1638 4999 ἀγγέλους
1661 4935 1912 5007 ἀπαντή-

342 5024 531 5070 σοντας
579 5006 729 5077 αύτῷ
777 5009 872 5062 καὶ⁸
912 5011 1267 5081 παρεμϐολὴν
1321 5014 1457 5066 Θεοῦ
1479 5053 1492 5072 ,
1550 5016 1642 5070 καὶ
1687 5006 1914 5072 ἐκάλεάε

337 5090 431 5148 τὸν
460 5093 625 5158 τόπον
666 5090 1045 5164 Παρεμϐολήν.
1096 5095 1303 5152 Καίτοι,
1338 5096 1436 5165 οὐχ
1480 5099 1508 5149 6
1552 5099 1716 5168 τόπος
1766 5097 1833 5171 ἦν
1875 5105 1909 5172 ή

339 5173 679 5244 παρεμϐολὴ,
715 5175 838 5256 ἁλλῖ.
866 5176 1017 5247 ὅμως
1046 5177 1250 5247 ἐκλήθη
1281 5179 1310 5230 6
1344 5179 1503 5243 τόπος
1548 5180 1909 5256 Παρεμϐολὴ,

340 5257 526 5327 ἐπειδὴ
570 5257 687 5309 ἐκεῖ
726 5254 833 5310 εἶδε
879 5259 978 5329 τὴν
1019 5262 1388 5333 παρεμϐολήν.
1432 5264 1595 5334 Ὁρᾷς
1634 5266 1752 5330 πῶς
1803 5254 1911 5322 6116

337 5339 430 5410 106
475 5340 799 5410 πράγματος
843 5341 938 5394 τοῦ
986 5344 1291 5412 συμϐάντος
1329 5347 1386 5398 ἐν
1424 5347 1501 5416 τῷ
1528 5348 1677 5418 τόπῳ
1701 5351 1792 5403 τὸν
1817 5352 1909 5405 16-.

339 5439 437 5476 πον
477 5422 794 5492 ὠνόμασεν;
843 5425 997 5478 Οὕτω
1027 5427 1120 5479 καὶ
1158 5427 1218 5479 τὸ
1265 5427 1420 5503 ξύλον
1452 5436 1691 5497 γνωστὸν
1742 5435 1909 5490 καλοῦ

339 5503 433 5557 καὶ
477 5505 716 5578 πονηροῦ
749 5507 1017 5572 καλεῖται,
1058 5508 1157 5561 οὐκ
1181 5511 1366 5582 ἐπειδὴ
1398 5513 1528 5565 αὐτὸ
1569 5510 1680 5584 εἶχε
1712 5517 1910 5584 γνῶσιν

340 5584 500 5640 καλοῦ
523 5589 614 5640 καὶ
645 5590 904 5674 πονηροῦ,
937 5591 1052 5645 611‘
1084 5594 1268 5666 ἐπειδὴ
1303 5593 1430 5665 περὶ
1468 5598 1598 5650 αὐτὸ
1631 5601 1845 5666 ἐγένετο
1874 5606 1905 5674 ή

339 5669 607 5734 ἀπόδειξις
633 5672 730 5742 τῆς
759 5672 1010 5741 γνώσεως
1054 5676 1149 5729 τοῦ
1188 5677 1354 5731 καλοῦ
1397 5679 1488 5731 καὶ
1529 5681 1622 5733 τοῦ
1652 5685 1904 5754 πονηροῦ,

340 5751 430 5814 καὶ
457 5754 488 5823 ἠ
514 5756 784 5825 γυμνασία
810 5757 909 5826 τῆς
943 5761 1224 5830 παρακοῆς
1249 5764 1340 5816 καὶ
1369 5763 1466 5832 τῆς
1499 5751 1902 5835 ὑπακοῆςξίἰά-

1599 350 1666 408 ΙΝ
1697 349 1998 409 GENESIM
2035 351 2266 414 SERMO
2296 357 2405 417 VII.

3515 382 3618 437 612

2050 477 2131 532 λιν
2157 476 2260 534 εἰδε
2290 484 2381 538 τὸν
2411 485 2542 542 Θεὸν
2562 491 2590 543 6
2627 491 2841 559 Ἰακὼϐ,
2887 494 2961 560 ὡς
2993 496 3118 551 ἰδεῖν
3150 497 3420 569 ἀνθρώπῳ
3461 500 3610 555 60w;-

2047 575 2138 629 16v
2164 573 2358 648 ἦν,καὶ
2381 584 2604 638 ἐκάλεσε
2633 587 2693 640 τὸ
2717 589 2884 660 ὄνομα
2900 592 2993 644 τοῦ
3024 594 3188 647 τόπου
3208 595 3419 649 ἐκείνου
3444 598 3617 664 Εἶδος

2050 667 2217 722 Θεοῦ.
2243 671 2341 724 Διὰ
2365 673 2418 725 τί
2439 691 2451 703 ’
2478 676 2604 730 ’Ότι
2631 675 2795 733 εἶδον
2816 681 2924 736 τὸν
2953 685 3130 746 Θεὸν,
3175 687 3326 754 φησί.
3367 690 3478 742 Καὶ
3512 690 3618 760 μὴν

2045 757 2143 827 οὐχ
2181 760 2210 811 6
2250 761 2411 827 τόπος
2439 762 2576 830 εἶδος
2601 768 2736 823 Θεοῦ
2769 766 2857 842 ἦν,
2899 773 3015 826 ἀλλ’
3036 775 3143 829 61:6
3172 778 3264 830 106
3293 757 3616 850 πράγματος

2043 851 2138 904 τοῦ
2187 855 2490 924 συμϐάντος
2531 861 2588 913 ἐν
2623 861 2700 932 τῷ
2731 863 2881 934 τόπῳ
2923 867 2956 936 ή
2999 869 3341 939 προσηγορία
3371 871 3610 939 γέγονεν.

2058 940 2221 1014 Ὁρᾷς
2247 944 2334 998 διὰ
2365 948 2546 1005 πόσων
2585 952 2989 1020 ἀποδέδεικται,
3023 958 3104 1010 ὅτι
3150 958 3268 1022 ἔθος
3313 964 3379 1032 τῇ
3423 961 3614 1034 Γραφῇ

2045 1031 2155 1085 ἀπὸ
2180 1034 2289 1090 τῶν
2311 1039 2650 1108 πραγμάτων
2668 1043 2776 1096 τῶν
2798 1046 3201 1114 συμϐαινόντων
3223 1052 3280 1107 ἐν
3297 1053 3411 1114 τοῖς
3429 1053 3616 1119 τόποις

2044 1127 2240 1192 αὐτοὺς
2285 1133 2412 1194 τοὺς
2445 1134 2643 1198 τόπους
2689 1138 2901 1204 καλεῖν;
2947 1141 3020 1192 Τὸ
3059 1143 3190 1196 αὐτὸ
3236 1145 3292 1197 δέ
3329 1147 3486 1201 τοῦτο
3523 1151 3616 1204 καὶ

2045 1217 2136 1271 ἐπὶ
2160 1220 2366 1290 καιρῶν
2394 1226 2564 1276 ποιεῖν
2585 1225 2792 1280 εἴωθεν.
2836 1229 2972 1282 Ἀλλ’
2997 1231 3082 1284 ἵνα
3114 1234 3187 1304 μή
3210 1239 3616 1310 κατατείνωμευ

2046 1309 2208 1379 ὑμᾶς,
2239 1315 2369 1385 φέρε
2401 1319 2794 1389 μεταγάγωμεν
2820 1321 2912 1374 τὸν
2928 1321 3083 1392 λόγον
3106 1325 3213 1379 6116
3239 1328 3347 1382 τῶν
3369 1309 3615 1403 σκυθρωρ

2044 1404 2288 1474 ποτέρων
2312 1407 2404 1460 ἐπὶ
2433 1408 2502 1462 16
2531 1410 2877 1482 φαιδρότερα.
2909 1415 3153 1487 Καὶ-γὰρ
3173 1418 3376 1490 ἔκαμεν
3398 1423 3551 1492 ὑμῶν
3578 1427 3614 1496 ή

2041 1490 2246 1545 διάνοια
2297 1497 2408 1559 τοῖς
2458 1497 2805 1570 λεπτοτέροις
2838 1505 3104 1573 νοήμασιν
3154 1490 3607 1580 ἐνδιατρίϐουσαζ

2040 1580 2228 1654 διόπερ
2253 1586 2421 1656 αὐτὴν
2437 1589 2747 1645 ἀναπαῦσαι
2774 1594 2956 1659 καλὸν,
2984 1599 3094 1660 τοῖς
3124 1599 3502 1674 ἁφελεστέροις
3519 1605 3613 1672 καὶ

2043 1674 2414 1750 φαιδροτέροις
2441 1679 2760 1748 διαιτῶντας
2795 1687 3081 1756 νοήμασιν.

2124 1767 2462 1840 Ἐπανίωμεν
2492 1775 2671 1827 τοίνυν
2707 1777 2801 1828 ἐπὶ
2847 1777 2905 1830 16
2936 1781 3203 1850 σωτήριον
3243 1783 3336 1836 τοῦ
3374 1786 3610 1858 σταυροῦ

2041 1856 2218 1926 ξύλον.
2273 1860 2440 1913 Τοῦτο
2473 1863 2602 1933 γὰρ,
2637 1864 2794 1918 τοῦτο
2843 1868 3018 1921 πάντα
3065 1870 3292 1925 ἁνέλυσε
3340 1875 3408 1927 τὰ
3440 1877 3609 1943 δεινὰ,

2039 1945 2138 1998 ὅσα
2169 1947 2343 1999 ἐκεῖνο
2373 1952 2633 2020 εἰσήγαγε
2657 1969 2670 1982 ·
2701 1953 2900 2022 μᾶλλον
2933 1955 2987 2007 δὲ
3018 1955 3117 2009 οὐκ
3145 1959 3319 2012 ἐκεῖνο
3349 1962 3610 2032 εἰσήγαγε

2037 2035 2107 2092 τὰ
2133 2037 2299 2103 δεινὰ,
2325 2040 2437 2093 ἁλλ’
2464 2044 2490 2095 6
2519 2042 2801 2114 ἄνθρωπος
2830 2046 3062 2107 ἅπαντα.
3081 2047 3222 2120 άπερ
3254 2052 3390 2120 μετὰ
3412 2054 3612 2125 πολλῆς

2041 2127 2267 2200 ὕστερον
2301 2133 2530 2187 ἁνέλυσε
2576 2137 2676 2204 τῆς
2724 2140 3041 2209 περιουσίας
3075 2145 3102 2195 6
3149 2142 3398 2212 Χριστὸς,
3433 2149 3613 2220 πολλῷ

2041 2219 2263 2288 μείζονα
2298 2224 2475 2277 αὐτῶν
2508 2229 2817 2297 εἰσαγαγὼν
2861 2232 3060 2298 ἀγαθά.
3117 2238 3194 2288 Δι’
3228 2237 3359 2291 αὐτὸ
3391 2239 3550 2293 τοῦτο

2039 2311 2247 2376 Παῦλός
2304 2332 2465 2384 φησιν
2499 2335 2511 2347 ·
2555 2320 2746 2374 Ὅπου
2797 2321 3171 2379 ἐπλεόνασεν
3221 2329 3259 2395 ἡ
3313 2331 3567 2399 ἁμαρτία
3592 2372 3608 2397 ,

2035 2403 2632 2474 ὑπερεπερίσσευσεν
2668 2411 2707 2477 ἡ
2756 2413 2956 2482 χάρις’
3007 2418 3270 2485 τουτέστι,
3321 2424 3505 2492 μεῖζον
3549 2425 3610 2476 16

2035 2491 2207 2562 δῶρον
2241 2495 2334 2546 τοῦ
2381 2497 2799 2570 ἁμαρτήματος.
2853 2503 2950 2557 Διὰ
2989 2505 3146 2560 τοῦτο
3191 2491 3350 2562 πάλιν
3398 2515 3562 2582 φησίν
3591 2532 3605 2544 °

2039 2586 2161 2653 Οὐχ
2194 2585 2274 2651 ὡς
2316 2587 2384 2640 16
2422 2590 2824 2658 παράπτωμα,
2872 2595 3026 2660 οὕτω
3065 2597 3165 2652 καί
3207 2599 3270 2652 16
3303 2601 3567 2672 χάρισμα
3591 2622 3603 2634 ·

2031 2681 2128 2748 οὐχ
2159 2681 2279 2733 ὅσον
2313 2682 2562 2755 ἥμαρτεν
2585 2687 2614 2738 6
2639 2685 2944 2758 ἄνθρωπος,
2981 2692 3235 2746 τοσοῦτον
3264 2696 3556 2764 ἐχαρίσατο
3578 2701 3609 2752 6

2030 2770 2162 2834 Θεός
2182 2786 2194 2799 °
2220 2771 2316 2842 οὐχ
2341 2774 2440 2844 ὅση
2463 2776 2495 2844 ὴ
2523 2775 2714 2846 ζημία,
2739 2779 2970 2851 τοσαύτη
3003 2780 3150 2853 [679]
3171 2783 3264 2836 καὶ
3290 2787 3322 2855 ή
3348 2804 3606 2858 πραγμα-

2029 2860 2149 2912 τεία
2169 2877 2181 2888 ·
2216 2861 2314 2931 οὐχ
2350 2863 2472 2916 ὅσον
2497 2865 2557 2916 τὸ
2584 2866 2860 2934 ναυάγιον,
2883 2869 3118 2941 τοσαύτη
3141 2873 3234 2926 καὶ
3262 2876 3294 2943 ὴ
3328 2877 3566 2949 ἐμπορία
3588 2896 3602 2910 ·

2031 2948 2168 3002 ἀλλὰ
2203 2950 2372 3003 πλείω
2402 2953 2472 3004 16
2501 2954 2678 3021 ἁγαθὰ
2710 2957 2820 3009 τῶν
2852 2960 3035 3016 κακῶν
3059 2977 3071 2991 ’
3116 2963 3210 3013 καὶ
3247 2948 3490 3029 εἰκότως.
3525 2969 3606 3023 Τά

2033 3037 2132 3106 μὲν
2157 3039 2268 3106 γὰρ
2297 3039 2440 3097 κακὰ
2470 3041 2654 3105 δοῦλος
2691 3045 2972 3113 εἰσήγαγε,
3005 3049 3100 3101 καὶ
3127 3049 3382 3116 ἐλάττονα
3404 3048 3501 3124 ἦν·
3534 3058 3605 3110 16

2027 3128 2085 3182 δὲ
2117 3129 2297 3196 ἁγαθὰ
2329 3131 2603 3201 Δεσπότης
2645 3134 2959 3204 ἐχαρίσατο,
3007 3137 3087 3191 διὸ
3129 3141 3222 3192 καὶ
3263 3142 3481 3198 πλείονα
3511 3142 3600 3217 ἦν.

2027 3220 2126 3273 Διὰ
2145 3219 2301 3274 τοῦτό
2325 3239 2488 3292 φησιν
2510 3239 2522 3252 ·
2551 3227 2673 3292 Οὐχ
2704 3225 2784 3290 ὡς
2815 3226 2883 3279 16
2913 3227 3298 3299 παράπτωμα,
3322 3234 3475 3287 οὕτω
3501 3236 3602 3290 καὶ

2025 3309 2091 3363 τὸ
2119 3310 2401 3380 χάρισμα.
2426 3309 2557 3366 Εἶτα
2587 3315 2779 3383 ἐπάγει
2805 3319 2899 3370 καὶ
2926 3317 3022 3390 τὴν
3046 3321 3306 3392 διαφοράν
3325 3342 3338 3356 ·
3390 3326 3458 3380 T6
3483 3329 3603 3396 μὲν

2024 3402 2134 3471 γὰρ
2172 3402 2355 3472 κρῖμα
2383 3403 2459 3468 ἐξ,
2480 3405 2618 3471 ἐνὸς
2663 3408 2751 3471 εἰς
2783 3408 3129 3479 κατάκριμα,
3155 3413 3221 3466 16
3243 3413 3312 3467 δὲ
3338 3415 3600 3488 χάρισμα

2022 3494 2090 3548 ἐκ
2144 3493 2393 3558 πολλῶν
2424 3497 2910 3575 παραπτωμάτων
2949 3501 3384 3575 εἰς-,δικαίωσιιιι⁸
3436 3509 3597 3563 Ἀσα-

2024 3589 2283 3660 φέστερον
2332 3591 2394 3642 16
2443 3573 2765 3662 εἰρημένον·
2823 3593 3018 3647 οὐκοῦν
3065 3573 3289 3668 ἀνάγκη⁷
3309 3601 3407 3670 τὴν
3443 3601 3652 3670 λύσινη,

2024 3681 2347 3748 ἐπαγαγεῖν.
2389 3680 2459 3734 Τὸ
2471 3681 2589 3750 μὲν
2621 3685 2732 3751 γὰρ
2760 3683 2958 3753 κρῖμα,
2990 3688 3264 3757 τουτέστιν
3295 3693 3594 3760 ήικόλασις,

2023 3771 2337 3842 ήτιμωρία,
2368 3773 2396 3823 6
2417 3771 2642 3834 θάνατος
2661 3789 2675 3804 ο
2718 3773 2813 3836 Ἐξ
2838 3775 2976 3840 ἐνὸς
2997 3814 3012 3837 ,
3038 3780 3316 3832 τουτέστιν
3342 3765 3594 3856 ἁμαρτή-

2026 3878 2194 3930 ματος
2217 3878 2232 3893 ο
2261 3859 2368 3914 Μία
2392 3861 2522 3932 γὰρ,
2555 3863 2740 3931 φησὶν,
2769 3863 3012 3933 ἁμαρτία
3047 3868 3299 3922 τοσοῦτον
3332 3873 3595 3942 εἰσήγαγε

2021 3951 2222 4004 κακόν·
2252 3950 2314 4004 16
2352 3952 2409 4005 δὲ
2437 3953 2681 4022 χάρισμα
2713 3953 2812 4006 οὐκ
2839 3954 3052 4025 ἐκείνην
3087 3958 3252 4027 μόνην
3290 3960 3386 4032 τὴν
3413 3964 3596 4036 ἁμαρ-
3628 4020 3632 4026 _

2018 4040 2141 4094 τίαν
2160 4040 2368 4106 ἔλυσεν,
2403 4041 2537 4096 ἀλλὰ
2565 4042 2660 4096 καὶ
2685 4043 2879 4114 ἐτέρας
2907 4045 3124 4109 110116;.
3176 4049 3274 4102 Διὶ
3307 4050 3462 4104 τοῦτο
3495 4053 3589 4106 λέ-

2020 4151 2106 4202 γει
2128 4150 2144 4164 ·
2179 4133 2250 4189 Τὸ
2273 4132 2342 4186 δὲ
2369 4133 2632 4204 χάρισμα
2657 4136 2723 4190 ὲκ
2752 4136 3000 4191 πολλῶν
3014 4141 3496 4210 παραπτωμάτων
3509 4149 3595 4212 εἰς

2018 4224 2327 4294 δικαίωμα.
2367 4225 2468 4278 A16
2514 4225 2672 4279 10610
2705 4228 2797 4280 καὶ
2843 4229 2872 4282 6
2926 4229 3177 4301 Ἰωάννης
3222 4235 3250 4286 6
3295 4235 3594 4310 βαπτιστής

2018 4315 2146 4369 ἐϐόα
2167 4333 2181 4347 ο
2217 4316 2340 4371 Ἴδε
2376 4319 2410 4371 ό
2439 4318 2629 4386 ἀμνὸς
2675 4319 2783 4373 τοῦ
2836 4322 3004 4385 Θεοῦ,
3059 4325 3200 4394 οὐχὶ,
3233 4326 3262 4377 6
3291 4327 3464 4399 αἴρων
3495 4332 3594 4400 τὴν

2017 4405 2290 4474 ἁμαρτίαν
2307 4405 2400 4458 τοῦ
2436 4407 2627 4478 Ἀδὰμ,
2657 4408 2807 4475 ἀλλ’,
2840 4411 2902 4464 '0
2926 4412 3110 4480 αἴρων
3141 4414 3253 4482 τὴν
3301 4419 3594 4488 ἁμαρτίαν⁹
3647 4431 3652 4442 '

2015 4495 2122 4550 τοῦ
2144 4497 2398 4565 κόσμου.
2425 4492 2584 4562 Εῖδες
2625 4499 2740 4562 πῶς
2763 4501 2858 4572 οὐχ
2879 4501 2954 4566 ὡς
2975 4505 3036 4556 16
3063 4507 3431 4578 παράπτωμα,
3450 4511 3592 4565 οὕτω

2017 4589 2112 4641 καὶ
2156 4588 2219 4641 16
2265 4587 2548 4659 χάρισμα,
2595 4589 2732 4644 ἀλλὰ
2770 4591 2990 4647 πλείονα
3022 4596 3285 4665 εἰσήγαγε
3333 4599 3492 4652 τοῦτο
3530 4603 3592 4655 16

2017 4679 2174 4745 ξύλον
2220 4679 2404 4749 ἀγαθὰ
2434 4679 2573 4735 ,τῶν
2607 4681 2758 4751 παρὰ
2799 4682 2900 4753 τὴν
2953 4685 3148 4755 ἀρχὴν.
3174 4689 3590 4758 εἰσενεχθέντων

2016 4771 2201 4826 κακῶν
2222 4789 2236 4836 ;

2086 4861 2150 4916 δί.
2172 4859 2357 4915 Ταῦτα
2375 4861 2430 4914 δὲ
2450 4856 2623 4926 εἶπον,
2646 4862 2735 4916 ἵνα
2759 4862 2832 4932 μὴ
2855 4864 3086 4935 νομίσῃς
3105 4865 3210 4936 ἐπη
3221 4867 3508 4936 ρεάζεσοαί
3529 4888 3590 4925 σε

2016 4951 2168 5024 παρὰ
2194 4952 2301 5005 τῶν
2331 4952 2584 5022 πρώτων.
2624 4952 2906 5018 Ἐξέϐαλεν
2939 4957 2969 5008 6
2997 4955 3243 5022 διάϐολος
3259 4960 3348 5013 16v
3393 4962 3588 5035 Ἀδὰμ,

2015 5044 2274 5114 εἰσήγαγε
2289 5043 2380 5096 τὸν
2407 5042 2609 5113 λῃστὴν
2633 5046 2662 5097 6
2687 5045 2936 5117 Χριστός.
2959 5047 3066 5100 Καὶ
3093 5049 3284 5102 σκόπει
3314 5051 3374 5104 16
3402 5053 3589 5122 διάφο-

2018 5153 2126 5206 ρον.
2181 5137 2416 5199 Ἐκεῖνος
2460 5135 2560 5189 οὐκ
2608 5135 2801 5207 ἔχοντα
2828 5137 3104 5208 ἁμαρτίαν
3152 5139 3242 5192 τὸν
3275 5140 3585 5211 ἄνθρωπον,

2012 5225 2151 5280 6116
2187 5225 2331 5296 ,μίαν
2381 5225 2574 5296 κηλῖδα
2615 5228 2925 5298 παρακοῆς,
2971 5229 3226 5294 ἐξέϐαλεν
3249 5247 3261 5261 -
3291 5233 3320 5283 6
3352 5232 3588 5300 Χριστὸς

2013 5316 2214 5388 λῃστὴν
2233 5318 2397 5388 μυρία
2413 5318 2618 5390 φορτία·
2632 5319 3044 5390 ἁμαρτημάτων
3065 5320 3397 5389 βαστάζοντα
3415 5323 3587 5388 οὕτως

2013 5406 2307 5476 εἰσήγαγεν
2335 5408 2413 5470 εἰς
2438 5407 2530 5460 τὸν
2557 5407 2904 5477 παράδεισον.
2932 5405 3059 5479 ’Ἆρ’
3097 5407 3189 5462 οὖν
3225 5410 3382 5462 10610
3426 5412 3588 5482 μόνον

2012 5498 2074 5550 16
2104 5497 2287 5568 θαῦμά
2311 5500 2479 5562 ἐστιν,
2506 5499 2588 5552 ὅτι
2612 5498 2814 5570 λῃστὴν
2832 5500 3122 5568 εἰσήγαγεν
3141 5502 3219 5562 εἰς
3236 5503 3580 5571 παράδεισον,

2013 5589 2141 5644 ἄλλο
2169 5589 2226 5642 δὲ
2253 5589 2404 5642 οὐδέν
2428 5606 2441 5655 ;
2479 5592 2632 5643 Ἔστι
2654 5591 2748 5643 καὶ
2782 5590 2910 5644 ἄλλο
2945 5590 3128 5658 μεῖζον
3151 5593 3346 5646 εἰπεῖν.
3377 5596 3451 5648 Οὐ
3477 5597 3584 5668 γὰρ

2013 5680 2214 5752 λῃστὴν
2248 5681 2503 5750 εἰσήγαγε
2545 5680 2723 5749 μόνον,
2741 5679 2876 5733 6116
2902 5681 2994 5732 καὶ
3018 5680 3121 5751 11316
3141 5683 3236 5752 τῆς
3265 5682 3582 5756 οἰκουμένης

2016 5772 2254 5842 ἁπάσης,
2306 5774 2395 5826 καὶ
2446 5773 2553 5844 πρὸ
2585 5773 2691 5826 τῶν
2733 5773 3076 5831 ἀποστόλων·
3138 5775 3223 5829 ἵνα
3261 5777 3445 5847 μηδεὶς
3477 5778 3586 5832 τῶν
