4146 6260
547 342 658 398 6ίῦ

543 453 682 527 μετὰ
705 453 874 508 ταῦτα
901 451 1120 521 ἀπογνῴ
1141 453 1240 522 τὴν
1269 450 1492 513 εἴσοδον,
1525 448 1658 518 μηδὶ
1707 445 1984 527 ἀπελπίση
2009 441 2106 527 τὴν

541 525 812 608 σωτηρίαν
836 537 934 606 τὴν
971 533 1188 598 ἐαυτοῦ,
1222 533 1311 586 τὸν
1337 535 1547 603 μυρίων
1580 532 1818 601 γέμοντα
1843 525 2027 580 κακῶν
2051 526 2108 576 ἐν

541 625 658 686 ταῖς
697 621 996 690 βασιλικαῖς
1023 619 1209 683 αὐλαῖς
1241 617 1603 688 στρεφόμενον
1629 615 1791 684 ὀρῶν·
1829 611 1966 664 Ἀλλ’
1997 609 2110 662 ἴδω-

545 722 663 776 μεν,
689 703 762 774 μὴ
779 701 970 764 πόνους
991 701 1302 765 ἐπεδείξατο
1329 702 1425 753 καὶ
1443 697 1840 770 κατορθώματα
1867 695 1960 748 καὶ
1979 710 2110 762 καρ-

541 775 676 849 πούς
718 787 747 840 6
795 785 1016 856 λῃστής.
1053 785 1190 836 Οὐδέ
1238 783 1398 838 τοῦτο
1431 783 1578 836 ἔστιν
1623 781 1816 840 εἰπεῖν,
1851 775 1965 830 ἀλλ’
2003 776 2110 828 ἀπὸ

539 868 696 936 ψιλοῦ
729 869 994 938 ῥήματος,
1019 867 1126 922 ἀπὸ
1147 869 1380 930 πίστεως
1413 866 1580 937 μόνης
1610 864 1717 934 πρὸ
1749 862 1858 914 τῶν
1879 860 2106 914 ἀποστό-

540 950 648 1004 λων
695 951 1052 1022 εἰσεπήδησεν
1085 955 1164 1014 εἰς
1189 951 1282 1004 τὸν
1314 950 1662 1022 παράδεισον,
1704 947 1794 1002 ἴνα
1823 943 2000 1017 μάθῃς
2032 947 2106 997 ὅτι

537 1036 638 1105 οὐχ
670 1037 702 1106 ή
749 1035 958 1090 ἐκείνου
1005 1035 1395 1105 εὐγνωμοσύνη
1428 1033 1686 1087 τοσοῦτον
1717 1033 1956 1100 ἴσχυσεν,
1990 1030 2114 1080 ὅσον

539 1117 634 1173 τοῦ
655 1119 922 1173 Δεσπότω
948 1121 981 1189 ή
1017 1117 1392 1188 φιλανθρωπία
1411 1118 1472 1170 τὸ
1502 1117 1608 1169 πᾶν
1631 1115 1875 1182 ἐποίησε.
1907 1111 1972 1163 Τί
2005 1109 2114 1178 γάρ

540 1195 694 1258 εἶπεν
707 1204 736 1256 ό
747 1201 948 1274 λῃστής
964 1220 978 1266 ;
995 1203 1049 1258 τί
1066 1202 1122 1256 δέ
1143 1199 1375 1271 ἔπραξεν
1391 1216 1404 1264 ;
1423 1201 1773 1269 ἐνήστευσενς
1793 1195 2108 1264 ἐδάκρυσενς

541 1285 960 1356 περιεσχίσατοζ
1007 1285 1294 1354 μετάνοιαν
1347 1282 1656 1348 ἐπεδείξατο
1707 1280 1768 1331 ἐν
1811 1275 1989 1345 πολλῷ
2036 1275 2112 1345 τῷ

541 1367 719 1440 χρόνῳ
742 1383 758 1432 ;
783 1365 1074 1435 Οὐδαμῶς·
1097 1365 1210 1419 ἀλλ’
1238 1369 1296 1419 ἐν
1329 1365 1476 1435 αὐτῷ
1499 1363 1576 1434 τῷ
1611 1360 1827 1431 σταυρῷ
1861 1359 1996 1429 μετά
2015 1359 2112 1428 τὴν

543 1449 818 1520 ἀπόφασιν
847 1449 1120 1520 σωτηρίας
1142 1447 1349 1518 ἔτυχεν.
1372 1447 1512 1517 Ὅρα
1531 1445 1694 1516 τάχος
1711 1463 1722 1474 ·
1747 1443 1856 1497 άπὸ
1879 1441 2110 1513 σταυροῦ

545 1534 627 1596 εἰς
651 1531 896 1602 οὐρανὸν,
929 1531 1038 1586 ἀπὸ
1069 1531 1364 1603 καταδίκης
1389 1532 1467 1593 είς
1492 1529 1781 1598 σωτηρίαν.
1806 1527 1937 1579 Τίνα
1965 1525 2113 1578 ἐστὶν

545 1615 656 1686 ἄρα
689 1615 870 1668 ἐκεῖνα
907 1615 974 1668 τὰ
997 1615 1245 1685 ρήματας
1275 1613 1448 1684 πόσην
1477 1611 1588 1682 ἔχει
1616 1611 1713 1682 τὴν
1749 1608 1998 1678 δύναμιν.
2028 1609 2110 1660 δτι

543 1697 780 1752 τοσαῦτα
807 1697 980 1768 τούτῳ
1003 1698 1256 1768 ἐκόμισεν
1283 1697 1496 1767 ἀγαθά;
1521 1693 1834 1762 Μνήσθητί
1853 1708 2112 1762 μου,φη-

551 1781 656 1847 σὶν,
671 1780 740 1834 ἐν
755 1780 828 1848 τῇ
845 1781 1132 1848 βασιλείᾳ
1145 1793 1282 1835 σου.
1303 1782 1412 1834 Καὶ
1425 1778 1476 1833 τί
1489 1777 1678 1841 τοῦτο;
1705 1778 1846 1848 ’ᾙτη
1854 1793 1912 1828 σε
1929 1775 2112 1828 λαϐεϊν

547 1862 748 1933 ἀγαθὰ,
778 1865 839 1920 οὐ
869 1863 1102 1934 σπουδὴν
1128 1863 1225 1936 τὴν
1261 1864 1328 1917 δι’
1350 1861 1526 1933 ἔργων
1555 1857 1898 1925 ἐπεδείξατοο
1945 1857 2058 1911 ἀλλ’
2085 1860 2113 1912 ό

545 1947 646 2015 τὴν
674 1946 901 2018 καρδίαν
929 1945 1096 2004 αὐτοῦ
1120 1945 1294 2012 εἰδὼς,
1329 1947 1390 2000 οὐ
1421 1947 1534 2007 τοῖς
1555 1943 1761 2016 ῥήμασι
1791 1940 2112 2012 προσέσχεν,

546 2029 680 2083 ἀλλά
709 2032 776 2101 τῇ
805 2029 1041 2084 διαθέσει
1061 2029 1162 2098 τῆς
1197 2027 1452 2092 διανοίας.
1483 2027 1547 2080 Oi
1590 2027 1686 2096 μέν
1715 2025 1824 2096 γάρ
1847 2040 2114 2094 προφητι-

546 2113 660 2168 κῶν
682 2112 1086 2174 ἀπολαύσαντες
1102 2110 1466 2182 διδαγμάτων,
1487 2109 1538 2162 οἰ
1568 2107 1634 2162 τὰ
1664 2109 1864 2177 σημεῖα
1893 2106 2110 2172 ἰδόντες,

545 2197 596 2248 οί
625 2195 693 2248 τά
721 2193 974 2265 θαύματα
996 2193 1339 2263 θεασάμενοι,
1372 2191 1555 2261 ελεγον
1581 2191 1708 2261 περὶ
1738 2189 1834 2244 τοῦ
1854 2187 2112 2260 Χριστοῦ,

548 2278 702 2354 [680]
740 2280 821 2332 ὄτι
868 2279 1182 2347 Δαιμόνιον
1206 2279 1351 2347 ἔχει,
1378 2277 1490 2341 καὶ,
1523 2271 1730 2340 mw;
1757 2272 1862 2326 τόν
1892 2272 2110 2354 ὅχνίον·

545 2351 576 2416 δ
596 2363 652 2416 δὲ
671 2361 873 2434 λῃστὴς
895 2360 970 2432 μὴ
990 2359 1285 2432 προφητῶν
1304 2358 1562 2420 ἀκούσας,
1591 2357 1664 2427 μὴ
1686 2354 1940 2425 θαύματα
1969 2351 2112 2418 ἰδὼν,

551 2446 673 2502 ἰδὼν
704 2447 797 2498 ἐπὶ
821 2443 914 2498 τοῦ
933 2443 1166 2516 σταυροῦ
1203 2440 1644 2514 προσηλωμένον,
1667 2439 1728 2491 οὐ
1755 2437 2022 2509 προσέσχε
2047 2439 2112 2507 τῇ

547 2528 764 2599 ἀτιμία,
793 2528 894 2580 οὐκ
925 2521 1032 2579 εἶδε
1077 2525 1176 2596 τὴν
1219 2523 1456 2588 ἀδοξίαν,
1504 2521 1619 2576 ἀλλ’
1649 2521 1728 2584 εἰς
1759 2520 1858 2592 τὴν
1889 2520 2117 2589 θεότητα

550 2611 720 2680 αὐτὴν
751 2608 898 2670 ἰδὼν,
921 2607 1234 2674 Μνήσθητί
1256 2623 1398 2675 μευ,
1425 2605 1608 2676 φησὶν,
1643 2604 1705 2657 ἐν
1738 2601 1808 2671 τῇ
1825 2603 2118 2670 βασιλείᾳ

549 2711 689 2748 σου.
739 2691 940 2750 Καινὸν
985 2689 1142 2743 τοῦτο
1183 2689 1278 2742 καὶ
1316 2687 1636 2758 παράδοξον.
1684 2687 1924 2758 Σταυρὸν
1963 2687 2116 2756 ὁρᾷς,

551 2775 646 2829 καλ
677 2773 947 2844 βασιλείας
982 2773 1284 2844 μέμνησαις
1315 2772 1380 2823 Τί
1431 2769 1704 2842 βασιλείας
1748 2769 1896 2838 ἀξιον
1938 2763 2116 2834 εἷδεςς

561 2856 1006 2928 Ἓσταυρωμένον
1021 2853 1325 2926 ἄνθρωπον,
1371 2853 1752 2924 ῥαπιζόμενον,
1794 2848 2120 2922 χλευαζόμε-

550 2957 664 3001 νον,
710 2937 1198 3008 κατηγορούμενον,
1231 2937 1624 3007 ἐμπτυόμενον,
1681 2934 2072 3005 μαστιζὸμενον
2099 2945 2116 2961 ⁸

552 3021 724 3076 ταῦτα
767 3015 862 3076 οὖν
893 3019 1167 3090 βασιλείας
1194 3018 1342 3085 ἀξια,
1387 3018 1510 3072 εἰπέ
1538 3035 1628 3088 μοι
1653 3033 1667 3082 ;
1716 3017 1877 3092 Ὁρᾷς
1905 3015 1986 3068 ὅτι
2007 3015 2120 3076 τοῖς

549 3107 652 3176 τῆς
677 3105 910 3167 πίστεως
937 3103 1162 3158 ἔϐλεπεν
1189 3101 1506 3171 ὀφθαλμοῖς,
1538 3103 1630 3155 καὶ
1645 3102 1706 3154 οὐ
1725 3101 1793 3154 τὰ
1821 3097 2120 3168 φαινόμενα

550 3187 818 3260 ἐξήταζε;
847 3186 946 3240 Διά
978 3185 1136 3240 τοῦτο
1165 3185 1288 3238 οὐτε
1325 3187 1354 3238 ὁ
1385 3183 1514 3247 Θεὸς
1541 3183 1610 3236 τά
1643 3185 1858 3254 ῥήματα
1893 3181 2120 3254 ἐξήταζε

553 3272 624 3328 τὰ
663 3270 816 3340 ψιλὰ,
867 3267 981 3323 ἀλλ’
1009 3267 1198 3339 ὥσπερ
1231 3263 1382 3329 οὗτος
1431 3265 1570 3318 εἰδεν
1601 3267 1682 3328 εἰς
1722 3265 1820 3335 τὴν
1853 3264 2120 3335 θεότητα,

553 3353 730 3418 οὕτως
757 3355 788 3406 6
815 3352 945 3414 Θεὸς
969 3347 1106 3404 εἶδεν
1131 3349 1212 3412 εἰς
1239 3349 1337 3420 τὴν
1375 3349 1600 3419 καρδίαν
1630 3346 1724 3400 τοῦ
1759 3346 1956 3420 λῃστοῦ
1977 3387 1992 3410 ,
2027 3346 2122 3400 ut

557 3451 727 3510 φησν
772 3434 1041 3503 Σήμερον
1062 3433 1189 3502 μετ’
1219 3431 1366 3501 ἐμοῦ
1399 3431 1512 3498 ἔσῃ
1550 3432 1619 3484 ἐν
1647 3429 1724 3496 τῷ
1759 3431 2120 3500 παραδείσῳ.

639 3525 902 3580 Ἐνταῦθα
945 3523 1270 3596 προσέχετε⁵
1319 3523 1537 3592 ζήτημα
1591 3521 1699 3593 γάρ
1739 3522 1800 3575 οὐ
1849 3523 1909 3575 τὸ
1957 3523 2121 3594 τυχὸν

559 3612 870 3682 ἐπιφύεται.
897 3611 1008 3664 Καὶ
1035 3611 1142 3680 γάρ
1169 3612 1218 3662 οἱ
1249 3611 1560 3680 Μανιχαῖοι,
1591 3611 1640 3662 οἱ
1663 3611 1841 3676 κύνες,
1878 3615 1926 3666 οἰ
1952 3613 2124 3666 ἐννεοὶ

560 3701 657 3754 καὶ
711 3699 1032 3762 λυττῶντες,
1063 3697 1121 3751 τὸ
1165 3697 1347 3768 σχῆμα
1383 3697 1481 3766 μὲν
1511 3697 1907 3754 ἐπιδείκνυνται
1947 3701 2119 3754 ἐπιει.

559 3789 733 3853 κείας,
787 3787 884 3858 τὴν
941 3786 1181 3856 χαλεπὴν
1228 3784 1285 3837 δὲ
1337 3784 1482 3840 ἔνδον
1549 3783 1731 3856 ἔχουσι
1782 3785 1897 3839 τῶν
1945 3787 2123 3841 κυνῶν

563 3877 779 3948 μανίαν,
814 3875 908 3928 καὶ
953 3871 1397 3944 κατακρύπτουσι
1433 3875 1498 3944 τῇ
1533 3871 1662 3944 δορᾷ
1705 3871 1800 3926 τοῦ
1849 3873 2122 3944 προϐάτου

558 3965 650 4020 τὸν
699 3961 879 4017 λύκον.
929 3961 1092 4016 Ἀλλά
1139 3959 1214 4031 μὴ
1244 3961 1305 4014 τὸ
1334 3961 1654 4032 φαινόμενον
1706 3961 1841 4034 ἴδῃς,
1894 3961 2031 4016 άλλά
2062 3963 2122 4016 τὸ

557 4051 707 4106 ἔνδον
754 4049 1132 4120 κεκρυμμένον
1183 4045 1372 4118 θηρίον
1424 4047 1692 4111 ἐξέτασον.
1733 4041 1891 4102 Οὗτοι
1943 4051 2124 4103 τοίνυν

559 4137 938 4208 ἐπιλαϐόμενοι
967 4135 1060 4187 τοῦ
1087 4135 1284 4204 χωρίου
1305 4133 1496 4190 τούτου
1523 4135 1684 4202 φασίν
1703 4151 1716 4164 ·
1737 4133 1902 4190 Εἶπεν
1930 4137 1958 4188 ὁ
1993 4137 2125 4208 Χρι-

560 4229 712 4290 ατός-
749 4223 942 4294 Ἄρκην,
973 4221 1119 4290 ἀμὴν
1151 4219 1294 4288 λέγω
1321 4237 1420 4286 σοι,
1454 4221 1694 4292 σήμερον
1713 4224 1828 4292 μετ’
1867 4225 2000 4296 ἐμοῦ
2027 4225 2125 4300 ἔσῃ

560 4318 618 4367 ἐν
657 4311 736 4382 τῷ
763 4308 1076 4380 παραδείσῳ
1105 4327 1115 4338 ·
1145 4307 1340 4360 οὐκοῦν
1370 4307 1635 4370 ἀντίδοσις
1665 4309 1764 4380 ήδη
1805 4311 1992 4380 γέγονε
2015 4313 2126 4369 τῶν

562 4399 802 4468 ἀγαθῶν,
823 4397 916 4450 καὶ
945 4392 1172 4464 περιττὴ
1207 4396 1239 4464 ή
1265 4393 1578 4458 ἀνάστασις.
1614 4395 1676 4448 Εἰ
1705 4396 1812 4468 γάρ
1843 4400 1900 4452 ἐν
1941 4399 2124 4470 ἐκείνῃ

560 4490 629 4558 τῇ
671 4485 856 4556 ἡμέρᾳ
881 4481 1154 4539 ἀπέλαϐεν
1175 4484 1204 4534 6
1233 4481 1433 4553 λῃστὴς
1474 4480 1544 4534 τά
1569 4481 1768 4552 ἀγαθὰ,
1799 4485 1858 4537 τὸ
1881 4483 1936 4538 δὲ
1969 4486 2128 4558 σῶμα

559 4573 728 4634 αὐτοῦ
759 4573 858 4626 οὐκ
898 4571 1095 4642 ἀνέστη
1141 4569 1351 4623 οὐδέπω
1397 4570 1490 4624 καὶ
1519 4573 1778 4642 τήμερον,
1829 4574 1928 4627 οὐκ
1975 4577 2128 4630 ἔσται

561 4661 832 4736 σωμάτων
857 4660 1040 4717 λοιπὸν
1067 4660 1378 4724 ἀνάστασις.
1397 4655 1542 4732 Ἄρα
1563 4663 1818 4731 ἐνοήσατε
1837 4665 1900 4718 τὸ
1917 4663 2125 4735 λεχθὲν,

561 4755 595 4824 ἢ
618 4753 868 4824 δεύτερον
899 4751 1029 4806 αὐτὸ
1066 4751 1228 4804 πάλιν
1247 4753 1421 4805 εἰπεῖν
1442 4751 1655 4822 ἀνάγκη
1677 4771 1691 4816 ;
1733 4752 1939 4822 Ἀμὴν,
1966 4755 2129 4824 ἀμὴν

561 4842 718 4910 ,ιέτω
743 4857 864 4906 σοι,
911 4841 1176 4909 σήμερον
1205 4837 1332 4907 μετ’
1375 4839 1520 4908 ἐμοῦ
1563 4839 1678 4908 ἔσῃ
1712 4840 1782 4894 ἐν
1823 4839 1903 4906 τῷ
1941 4859 2123 4910 παρα-

563 4928 766 4992 δείσφ.
811 4925 1070 4996 Εἰσῆλθεν
1097 4921 1208 4989 οὖν,
1237 4927 1399 4996 φησὶν
1419 4966 1434 4988 ,
1491 4925 1570 4989 εἰς
1607 4927 1700 4980 τὸν
1747 4927 2068 5000 παράδεισον
2099 4933 2128 4984 6

564 5015 768 5088 λῃστὴς
804 5013 866 5068 οὐ
896 5015 1034 5083 μστά
1073 5013 1167 5066 τοῦ
1201 5013 1448 5083 σώματος
1469 5029 1484 5043 ·
1523 5012 1638 5078 πῶς
1666 5013 1794 5085 γὰρ,
1825 5016 1986 5068 ὁπότε
2029 5019 2130 5070 οὐκ

565 5100 740 5172 ἐτάφη
772 5099 834 5154 τὸ
867 5099 1024 5169 σῶμα
1057 5098 1246 5165 αὐτοῦ,
1279 5100 1402 5156 οὐδὲ
1443 5099 1662 5170 διελύθη
1693 5101 1788 5156 καὶ
1827 5101 1980 5166 κόνις
2018 5103 2132 5172 ἐγέ-

565 5206 722 5255 vste;
754 5191 848 5244 καὶ
879 5188 1111 5258 οὐδαμοῦ
1135 5191 1370 5260 είρηται,
1409 5191 1491 5244 δτι
1521 5190 1818 5260 ἀνέστησεν
1845 5193 1874 5244 6
1901 5194 2131 5263 Χριστὸς

563 5277 749 5332 αὐτόν.
783 5277 846 5330 Εἰ
874 5275 928 5329 δέ
966 5277 1226 5346 είσήγαγτ
1259 5277 1352 5330 τὸν
1405 5277 1644 5351 λῃστὴν,
1692 5279 1786 5334 καὶ
1821 5281 1991 5350 χωρὶς
2037 5279 2130 5333 τοῦ

567 5364 819 5434 σώματος
848 5362 1116 5418 ἀπέλαυσε
1141 5364 1250 5416 τῶν
1269 5364 1508 5432 ἀγαθῶν,
1531 5361 1752 5435 εὔδηλον
1780 5367 1862 5420 ὅτι
1885 5365 2133 5437 σώματος

563 5451 666 5506 οὐκ
695 5449 839 5504 ἐστιν
859 5449 1174 5512 ἀνάστασις.
1216 5451 1278 5506 Et
1307 5450 1418 5522 γὰρ
1441 5447 1508 5523 ἦν
1543 5452 1791 5522 σώματος
1817 5453 2130 5520 ἀνάστασις,

564 5539 665 5592 οὐκ
697 5537 764 5592 διν
793 5535 913 5592 εἰπε
931 5555 944 5568 ·
980 5539 1248 5608 Σήμερον
1267 5541 1394 5608 μετ’
1419 5539 1566 5608 ἐμοῦ
1587 5539 1702 5608 ἔσῃ
1731 5540 1802 5594 ἐν
1837 5539 1918 5605 τῷ
1948 5557 2134 5611 παραυ

564 5623 766 5689 δείσῳ,
825 5625 962 5688 ἀλλ’,
995 5626 1052 5678 ἐν
1105 5625 1183 5696 τῷ
1235 5627 1411 5698 καιρῷ
1463 5625 1560 5698 τῆς
1624 5627 1950 5692 συντελείας,
2004 5629 2133 5683 ὅταν

567 5711 836 5784 σωμάτων
889 5712 1182 5778 ἀνάστασις
1343 5715 1405 5768 Εἰ
1458 5714 1514 5768 δὲ
1562 5713 1662 5788 ἤδη
1719 5715 1978 5790 εἰσήγαγε
2039 5716 2128 5772 τὸν

1237 339 1292 392 S.
1333 337 1617 392 JOAMVIS
1655 327 2150 390 CHRYSOS'I'OMI
2187 325 2502 382 ARCHIEP.
2539 328 3086 386 CONSTANTINOP.

3667 328 3806 383 διε

2209 439 2433 512 λῃστὴν,
2463 442 2522 496 τὸ
2543 442 2599 496 δὲ
2625 441 2782 512 σῶμα
2805 441 2968 495 αὐτοῦ
2997 439 3204 510 φθσρὲν
3228 437 3444 508 ἔμεινεν
3466 439 3589 504 ἔξω,
3617 438 3806 508 εὐδησ

2209 533 2298 586 λον
2324 535 2406 587 δτι
2445 535 2712 604 σωμάτων
2742 535 3036 596 ἀνάστασις
3063 531 3164 584 οὐκ
3191 531 3326 586 ἐστι.
3344 529 3529 583 Ταῦτα
3558 533 3796 584 ἐκεῖνοι-

2209 625 2427 695 δέχεσθε
2449 627 2505 679 δὲ
2532 625 2716 680 λοιπὸν
2751 625 2843 678 καί
2871 625 2942 679 τά
2959 623 3089 694 παρ’
3110 623 3286 692 ἡμῶν,
3313 621 3513 691 μᾶλλον
3541 625 3598 676 δὲ
3621 624 3684 674 οὐ
3711 622 3794 675 τὰ

2213 720 2338 788 παρ’
2365 717 2540 788 ήμῶν,
2571 719 2706 772 ἀλλά
2733 721 2800 771 τά
2831 727 2982 788 παρά
3003 718 3100 786 τῆς
3129 715 3274 779 θείας
3305 715 3553 786 Γραφῆς·
3583 717 3645 767 οὐ
3669 717 3793 786 γάρ

2209 810 2277 862 τὰ
2309 811 2550 880 ήμέτερα
2575 810 2822 880 λέγομεν,
2858 807 2992 861 ἀλλά
3025 808 3094 860 τά
3113 806 3207 858 τοῦ
3242 805 3397 873 ἁγίου
3437 803 3784 875 Πνεύματοζ.

2211 907 2275 958 Τί
2300 905 2477 972 λέγεις
2501 922 2514 966 ;
2539 905 2597 956 οὐ
2631 906 2876 956 κοινωνεῖ
2911 902 3018 955 τῶν
3049 899 3324 968 στεφάνων
3354 901 3389 970 ὴ
3423 898 3590 968 σάρξ;
3638 897 3788 950 Ἀλλ’

2227 1014 2264 1047 ,ν
2313 995 2408 1064 μὲν
2455 997 2566 1056 τοῖς
2598 994 2778 1055 πόνοις
2825 990 3200 1060 ἐκοινώνησεν,
3243 987 3300 1040 ἐν
3329 988 3386 1040 δέ
3414 989 3525 1050 τοῖς
3567 985 3788 1056 μισθοῖς

2211 1083 2590 1152 ἀποστερεῖται
2615 1099 2627 1140 ς
2656 1083 2749 1134 καὶ
2770 1081 2857 1134 ὅτε
2879 1080 2976 1150 μὲν
2993 1073 3352 1146 ἀγωνίζεσθαι
3383 1075 3508 1136 εδει,
3527 1075 3588 1127 τὸ
3615 1075 3792 1127 πλέον

2211 1171 2425 1238 ἐδέξατο
2441 1171 2548 1222 τῶν
2572 1169 2806 1240 ἱδρώτων
2829 1185 2840 1196 ·
2861 1170 2948 1221 ὅτε
2968 1167 3024 1220 δέ
3055 1167 3331 1234 στεφάνων
3359 1165 3567 1230 καιρὸς,
3583 1164 3726 1234 μόνη
3751 1165 3794 1234 ἡ

2210 1265 2354 1338 ψυχὴ
2397 1263 2788 1334 στεφανοῦταις
2827 1264 2938 1318 Οὐκ
2985 1262 3202 1325 ἀκούεις
3234 1261 3329 1314 τοῦ
3363 1261 3570 1312 Παύλου
3593 1259 3792 1327 λέγον-

2213 1373 2321 1418 τος,
2347 1357 2428 1408 ὅτι
2453 1353 2836 1421 Πιιραστῆναι
2865 1351 3021 1420 ἡμᾶς
3053 1351 3148 1405 δεῖ
3166 1353 3508 1420 ἔμπροσθεν
3527 1350 3634 1404 τοῦ
3663 1347 3792 1414 ,ϐή-

2206 1463 2394 1515 ματος
2431 1444 2538 1498 τοῦ
2581 1443 2858 1510 Χριστοῦ,
2907 1443 3008 1496 ἵνα
3059 1441 3315 1508 ἕκαστος
3347 1441 3666 1509 κομίσηται
3704 1439 3794 1492 τὰ

2213 1533 2332 1588 ἴδια
2359 1533 2463 1588 τοῦ
2485 1532 2777 1602 σώματος,
2802 1531 2952 1600 πρὸς
2981 1531 3019 1585 ἂ
3048 1531 3336 1598 ἔπραξεν,
3378 1531 3498 1586 εἴτε
3530 1533 3792 1602 ἀγαθὸν,

2212 1627 2327 1682 εἴτε
2372 1628 2588 1688 κακόν;
2637 1625 2750 1678 Οὐκ
2801 1623 3020 1686 ἀκούεις
3065 1623 3230 1677 αὐτοῦ
3279 1625 3532 1692 λέγοντος
3573 1627 3736 1679 πάλιν
3769 1646 3788 1659 ο

2213 1718 2312 1772 Δεῖ
2328 1717 2393 1771 τὸ
2427 1717 2647 1784 θνητὸν
2675 1716 2850 1770 τοῦτο
2886 1715 3256 1770 ἐνδύσασθαι
3293 1717 3652 1782 ἀθανασίαν,
3681 1721 3790 1774 καὶ

2213 1811 2280 1864 τὸ
2307 1809 2570 1878 φθαρτὸν
2603 1808 2776 1862 τοῦτο
2811 1807 3180 1862 ἐνδύσασθαι
3209 1808 3550 1876 ἀφθαρσίαν
3577 1827 3594 1872 ;
3627 1809 3794 1881 [6811

2219 1901 2290 1957 τὸ
2321 1901 2562 1968 θνητὸν,
2595 1903 2779 1966 ποῖον;
2817 1899 2916 1970 τὴν
2943 1899 3140 1970 ψυχὴν,
3169 1900 3202 1970 ἢ
3235 1899 3296 1952 τὸ
3324 1899 3515 1970 σῶμας
3549 1900 3798 1970 Εὐδηλον

2212 1997 2295 2048 δτι
2328 1993 2388 2047 τὸ
2415 1993 2573 2063 σῶμα
2592 2008 2604 2020 ·
2637 1993 2670 2062 ή
2701 1990 2810 2060 γάρ
2837 1989 2981 2060 ψυχὴ
3008 1991 3164 2059 φύσει
3191 1990 3473 2054 ἀθάνατος,
3511 1992 3702 2054 θνητὸν
3727 1994 3796 2047 δὲ

2215 2085 2374 2158 φύσει
2401 2084 2461 2138 τὸ
2495 2084 2674 2154 σῶμα.
2711 2083 2874 2137 Ἀλλά
2903 2083 3070 2140 πολλά
3103 2083 3492 2154 περικόπτουσι
3533 2085 3738 2138 τούτων
3769 2103 3792 2120 δ

2214 2178 2354 2250 πλὴν
2425 2178 2518 2231 καὶ
2575 2176 2671 2229 ἀπ’
2731 2176 2912 2230 αὐτῶν
2969 2176 3080 2228 τῶν
3139 2175 3612 2248 ὑπολελειμμένων
3685 2177 3796 2249 τὴν

2217 2270 2536 2338 συγγένειαν
2579 2267 2684 2322 τῶν
2719 2267 3127 2338 περικοπέντων
3173 2267 3480 2337 ἐλέγξομεν.
3523 2268 3798 2338 Εἰσῆλθεν

2217 2363 2296 2426 εἰς
2322 2361 2414 2415 τὸν
2449 2359 2774 2432 παράδεισον
2816 2361 2845 2411 δ
2885 2358 3106 2430 λῃστὴς,
3155 2359 3309 2428 φησί.
3361 2359 3470 2412 Καὶ
3507 2357 3560 2411 τί
3591 2358 3790 2424 τοῦτος

2219 2453 2294 2524 μὴ
2337 2451 2447 2523 γάρ
2485 2451 2658 2507 ταῦτά
2699 2453 2814 2504 ἐστι
2856 2449 2926 2504 τά
2967 2448 3169 2518 ἀγαθά,
3213 2449 3355 2520 άπερ
3399 2451 3427 2502 ό
3474 2447 3604 2512 Θεὸς
3654 2449 3796 2520 ἡμῖν

2217 2541 2606 2611 ἐπαγγέλλεται
2625 2557 2640 2606 ;

2287 2642 2347 2688 ε’.
2371 2634 2484 2687 Οὐκ
2499 2634 2718 2696 ἀκούεις
2730 2632 2824 2686 τοῦ
2847 2632 3057 2686 Παύλου
3079 2631 3206 2703 περὶ
3237 2633 3304 2686 τὰ
3321 2632 3500 2701 ἀγαθά
3531 2635 3710 2686 ἐκεῖνα
3730 2633 3792 2686 τι

2219 2743 2380 2798 φησιν
2400 2741 2416 2790 ;
2438 2727 2496 2778 Ἀ
2518 2723 2823 2794 ὀφθαλμὸς
2845 2725 2956 2776 οὐκ
2976 2719 3116 2787 εἶδε,
3143 2723 3240 2776 καί
3267 2717 3375 2790 οὖς
3395 2725 3506 2778 οὐκ
3537 2723 3786 2792 ἢκουσε.

2219 2821 2316 2874 καί
2365 2819 2460 2872 ἐπὶ
2501 2818 2753 2886 καρδίαν
2787 2817 3101 2886 ἀνθρώπου
3152 2821 3263 2872 οὐκ
3314 2819 3495 2888 ιίνέϐη
3521 2839 3534 2851 ·
3587 2821 3678 2874 τὸν
3729 2821 3790 2877 δὲ

2220 2908 2546 2979 παράδεισον
2591 2907 2684 2960 καὶ
2727 2905 3003 2975 ὀφθαλμὸς
3047 2903 3152 2958 εἶδε
3190 2905 3284 2959 τοῦ
3325 2903 3528 2979 Ἀδάμ,
3570 2911 3664 2964 καὶ
3695 2905 3792 2975 οῦς

2219 2999 2456 3070 ἢκουσε,
2495 3000 2590 3052 καὶ
2631 2986 2826 3068 καρδία
2873 2995 3159 3067 ἀνθρώπου
3213 2997 3428 3062 ἐδέξατο
3454 3015 3468 3030 ·
3501 3001 3628 3071 περὶ
3681 3002 3794 3071 γὰρ

2221 3086 2384 3142 αὐτοῦ
2411 3085 2674 3150 τοσαύτας
2721 3084 2934 3156 ἡμέρας
2970 3085 3328 3155 διαλεγόμεθα
3350 3103 3366 3118 ·
3399 3087 3516 3151 πῶς
3547 3081 3639 3141 οὖν
3661 3091 3792 3142 ἀπέ-

2219 3177 2350 3234 λαϐε
2389 3176 2458 3230 τά
2503 3175 2686 3244 ἀγαθά
2725 3176 2754 3227 ὁ
2793 3175 3034 3246 λῃστής;
3075 3175 3149 3228 Οὐ
3193 3175 3300 3248 γὰρ
3351 3179 3430 3241 εἰς
3467 3181 3792 3249 παράδεισον

2223 3269 2616 3338 ἐπαγγέλλεται
2653 3267 2966 3334 εἰσαγαγεῖν
2997 3268 3146 3335 ἡμᾶς
3171 3269 3198 3320 6
3225 3267 3502 3331 Θεὸς,ἀλλ’
3525 3273 3604 3333 εἰς
3629 3273 3794 3326 αὐτὴν

2221 3361 2312 3414 τὸν
2357 3359 2618 3430 οὐρανόν
2656 3357 2775 3410 οὐδέ
2829 3355 3106 3426 βασιλείαν
3139 3359 3492 3428 παραδείσου,
3527 3361 3662 3414 ἀλλά
3693 3363 3788 3433 βα-

2225 3450 2426 3505 σιλείαν
2492 3449 2738 3521 οὐρανῶν
2807 3449 3092 3520 ἐκήρυξεν.
3149 3449 3396 3517 Ἤρξατο
3447 3451 3577 3524 γὰρ,
3633 3455 3787 3524 φησὶ,

2223 3545 2532 3614 κηρύττειν
2582 3542 2680 3596 καί
2717 3541 2948 3612 λέγειν·
2987 3541 3337 3596 Μετανοεῖτε
3357 3560 3371 3573 ·
3419 3543 3625 3614 ἦγγικε
3659 3547 3792 3616 γὰρ,

2221 3637 2318 3706 οὐχ
2345 3637 2379 3706 ή
2417 3631 2660 3705 βασιλεία
2705 3633 2799 3686 τοῦ
2849 3633 3198 3704 παραδείσου,
3249 3635 3385 3699 ἀλλ’,
3422 3636 3460 3702 ἠ
3503 3637 3790 3700 βασιλεία

2221 3725 2342 3780 τῶν
2359 3723 2648 3794 οὐρανῶν.
2684 3723 2996 3787 ’Δπώλεσας
3013 3723 3108 3794 μὲν
3126 3725 3234 3796 γάρ
3262 3725 3600 3797 παράδεισον,
3625 3729 3788 3782 ἔδωκε

2222 3816 2280 3869 δέ
2306 3832 2390 3869 σοι
2417 3815 2446 3868 6
2475 3813 2609 3878 Θεὸς
2637 3813 2728 3868 τὸν
2759 3813 3005 3886 οὐρανὸν,
3023 3816 3109 3868 ἵνα
3129 3815 3224 3868 καὶ
3249 3815 3346 3886 τὴν
3374 3817 3578 3871 οἰκείαν
3607 3817 3792 3885 φιλαν-

2225 3907 2472 3980 θρωπίαν
2493 3907 2846 3976 ἐπιδείξηται,
2881 3907 3086 3961 καὶτὸν
3122 3908 3366 3962 διάϐολον
3393 3909 3552 3981 δάκῃ,
3579 3911 3792 3975 δεικνὺς

2223 4001 2304 4056 ὅτι
2343 3999 2445 4053 κᾶν
2485 3997 2650 4071 μυρία
2677 3998 2756 4068 τῷ
2778 3997 2884 4051 τῶν
2910 3997 3208 4069 ἀνθρώπων
3240 3999 3598 4073 ἐπιϐουλεύσῃ
3623 4003 3790 4070 γένει,

2223 4089 2373 4142 οὐδὲν
2401 4087 2550 4140 ἐσται
2573 4087 2732 4140 πλέον
2764 4085 2934 4158 αὐτῷ,
2964 4087 3059 4140 τοῦ
3093 4088 3228 4142 Θεοῦ
3271 4091 3408 4159 πρὸς
3451 4091 3673 4159 μείζονα
3705 4095 3794 4150 ἀεὶ

2223 4179 2386 4250 τιμήν
2411 4181 2558 4248 ήμᾶς
2573 4177 2886 4246 ἀνάγοντος.
2913 4177 3225 4242 Ἀπώλεσας
3247 4179 3426 4232 τοίνυν
3447 4183 3792 4251 παράδεισον,

2225 4271 2316 4324 καὶ
2359 4267 2564 4338 ἀνέῳξε
2593 4283 2675 4320 σοι
2717 4269 2746 4320 6
2781 4266 2914 4331 Θεὸς
2967 4267 3060 4321 τὸν
3107 4267 3364 4339 οὐρανόν·
3401 4270 3794 4344 κατεδικάσθης

2226 4363 2372 4430 πόνῳ
2389 4358 2724 4430 προσκαίρῳ.
2740 4358 2832 4412 καὶ
2849 4357 3113 4428 ἐτιμήθης
3132 4357 3242 4430 ζωῇ
3261 4359 3486 4431 αἰωνίῳ.
3515 4361 3794 4418 Ἐκὲλευσε

2225 4455 2290 4522 τῇ
2324 4454 2394 4520 γῇ
2419 4447 2658 4512 ἀκάνθας
2685 4449 2779 4502 καὶ
2823 4449 3106 4520 τριϐόλους
3139 4451 3470 4519 ἀνενεγκεῖν,
3509 4455 3601 4506 καὶ
3633 4454 3794 4508 eam-

2228 4543 2390 4612 στησέ
2439 4559 2520 4594 σοι
2562 4541 2774 4614 καρπὸν
2819 4541 3135 4613 Πνεύματος
3183 4547 3216 4615 ή
3257 4544 3426 4616 ψυχή.
3473 4546 3636 4616 Ὁρᾷς
3681 4547 3794 4612 πῶς

2230 4631 2476 4702 μείζωνή
2509 4631 2740 4702 εὐπορία
2753 4632 2852 4702 τῆς
2871 4630 3105 4702 ζημίας
3129 4633 3244 4696 πῶς
3267 4633 3468 4686 πλείων
3483 4637 3512 4688 6
3537 4635 3792 4700 πλοῦτοςς

2227 4718 2350 4775 Οἷὸν
2379 4740 2428 4774 τι
2458 4721 2632 4790 λέγω.
2663 4717 2898 4776 επλασεν
2925 4724 2956 4776 6
2983 4722 3114 4786 Θεὸς
3137 4723 3227 4776 τὸν
3253 4723 3538 4796 ἄνθρωπον
3565 4727 3672 4778 ἀπὸ
3695 4727 3794 4794 γῆς

2229 4813 2320 4866 καὶ
2345 4811 2553 4875 ὕδατος,
2587 4811 2682 4867 καὶ
2714 4811 2866 4865 ἔθετο
2889 4813 3050 4868 αὐτὸν
3099 4815 3156 4868 ἐν
3187 4815 3267 4884 τῷ
3297 4817 3632 4888 παραδείσῳ.
3685 4819 3795 4872 Οὐκ

2229 4903 2444 4972 ἐγένετο
2465 4904 2729 4974 χρήσιμος
2757 4903 2786 4954 ό
2815 4903 3090 4968 πλασθεὶς,
3115 4905 3249 4960 ἀλλά
3268 4907 3584 4980 διεστράφη.
3605 4909 3796 4963 Οὐκέτι

2231 4995 2412 5049 λοιπὸν
2441 4995 2548 5048 ἀπὸ
2571 4997 2672 5066 γῆς
2703 4997 2798 5050 καὶ
2829 4995 3016 5058 ὓδατος
3039 4997 3200 5050 αὐτὸν
3221 4997 3572 5062 ἀναπλάττει,
3605 5000 3720 5052 ἀλλ’
3741 5001 3798 5064 ἐξ

2231 5087 2424 5148 ὓδατος
2455 5085 2550 5138 καὶ
2566 5085 2879 5156 Πνεύματος
2897 5101 2912 5115 ⁸
2932 5087 3026 5140 καὶ
3054 5087 3152 5140 οὐκ
3177 5088 3258 5140 ἔτι
3287 5089 3610 5158 παράδεισον
3633 5093 3799 5159 ἐπαγ-

2233 5177 2479 5244 γέλλεται
2509 5177 2644 5247 πρὸς
2673 5177 2833 5229 αὐτὸν
2853 5216 2868 5241 ,
2921 5177 3056 5231 ἀλλά
3083 5178 3360 5249 βασιλείαν
3393 5183 3656 5253 οὐρανῶν.
3694 5184 3798 5237 Καὶ

2231 5267 2395 5330 ὅπως,
2436 5265 2621 5322 άκουε.
2645 5267 2954 5339 Νικοδήμου
2981 5269 3088 5341 γὰρ
3117 5271 3210 5324 τοῦ
3241 5272 3500 5344 ἄρχοντος
3523 5273 3630 5326 τῶν
3673 5275 3800 5327 Ἰου-

2231 5355 2395 5410 δαίων
2465 5358 2866 5422 καταπεσόντος
2895 5397 2912 5422 ,
2972 5361 3066 5414 καὶ
3117 5361 3215 5432 τὴν
3271 5363 3501 5416 ἐνταῦθα
3551 5364 3803 5432 γέννησιν

2233 5447 2618 5520 ἐπιζητοῦντος
2651 5451 2744 5504 καὶ
2784 5451 3034 5520 λέγοντος
3053 5494 3066 5516 ,
3109 5452 3371 5508 ἀδύνατον
3409 5451 3548 5509 εἰναι
3573 5456 3802 5526 γέροντα

2235 5541 2562 5614 γεννηθῆναι
2610 5541 2834 5607 ἀνωθεν,
2879 5545 2982 5610 δρα
3008 5543 3124 5606 πῶς
3153 5547 3181 5596 ὁ
3211 5545 3442 5616 Χριστὸς
3476 5547 3804 5616 σαφέστερον

2235 5633 2381 5701 αὐτῷ
2411 5632 2782 5686 ἀποκαλύπτει
2813 5634 2912 5703 τῆς
2945 5636 3246 5705 γεννήσεως
3279 5636 3368 5688 τὸν
3405 5635 3624 5705 τρόπον.
3675 5635 3804 5688 Ἐὰν

2235 5723 2320 5794 μή
2363 5740 2448 5788 τις
2483 5721 2740 5792 γεννηθῇ
2789 5724 2859 5788 ἐξ
2907 5724 3118 5791 ὕδατος
3169 5725 3266 5780 καί
3315 5727 3682 5796 Πνεύματτς,
3735 5729 3804 5782 οὑ
