4146 6260
412 354 514 406 6ιὸ

412 479 654 529 versum,
685 473 738 518 et
776 472 899 517 ante
942 461 1213 531 apostolos
1242 477 1254 512 :
1288 473 1357 512 ne
1401 456 1520 527 quis
1556 462 1897 525 posterorum
1938 468 1998 511 se

412 556 616 626 Ingredi
645 570 800 624 posse
828 555 1111 625 desperet,
1144 566 1315 621 neque
1341 564 1491 620 spem
1528 563 1744 604 onmem
1774 564 1886 604 suae
1913 562 2002 604 sa-

410 647 537 701 lutis
567 647 782 716 ahjiciat
804 687 819 711 ,
848 661 967 701 cum
1001 644 1294 699 innumeris
1329 647 1624 696 scatentem
1665 640 1819 693 malis
1862 654 1921 694 se
1950 639 2001 694 in

413 740 559 809 regio
588 738 790 795 versari
818 739 1019 808 palatio
1044 737 1236 792 videat.
1269 734 1376 791 Sed
1405 734 1810 790 consideremus
1829 775 1844 800 ,
1874 747 2002 787 num

416 834 625 888 labores
659 842 715 888 et
739 843 885 888 recte
909 834 1044 887 facta
1083 842 1138 887 et
1168 830 1371 885 fructus
1400 829 1700 884 exhibuerit
1740 829 1891 884 latro.
1923 827 2004 884 Ne

416 926 517 981 hoc
537 924 752 996 quidem
779 925 882 980 dici
917 934 1110 995 potest,
1141 923 1237 978 sed
1268 923 1410 977 nudo
1436 921 1602 976 verbo
1632 922 1858 991 prolato,
1889 921 2003 976 sola

417 1018 518 1073 lide
547 1018 783 1073 exhibita
814 1018 866 1072 in
899 1017 1202 1088 paradisum
1243 1025 1371 1071 ante
1397 1014 1669 1085 apostolos
1697 1014 1884 1069 insiliit
1904 1056 1919 1082 ,
1948 1023 2006 1069 ut

418 1108 681 1179 intelligas
708 1124 812 1162 non
830 1108 944 1177 ejus
967 1109 1285 1178 probitatem
1315 1116 1517 1162 tantum
1539 1106 1791 1170 valuisse,
1820 1120 2004 1161 verum

419 1201 626 1257 Domini
649 1202 1027 1269 benignitatem
1058 1211 1226 1256 totum
1258 1202 1526 1271 negotium
1551 1200 1837 1269 peregisse.
1867 1196 2005 1264 Quid

415 1293 557 1347 enim
600 1292 735 1347 latro
772 1293 942 1348 dixit?
971 1292 1096 1362 quid
1146 1292 1314 1347 fecit?
1359 1307 1485 1346 num
1531 1288 1833 1360 jejunavit?
1879 1303 2004 1342 num

416 1383 597 1438 ﬂevit?
631 1399 756 1438 num
784 1399 843 1439 se
872 1383 1099 1438 afflixit?
1123 1400 1246 1438 num
1277 1384 1438 1453 longo
1471 1391 1712 1451 tempore
1738 1381 2005 1450 posuiten-

417 1473 543 1527 tiam
574 1473 855 1528 exhibuit?
898 1472 1240 1545 Nequaquam
1271 1491 1285 1527 :
1318 1472 1411 1528 sed
1453 1473 1504 1527 in
1537 1472 1649 1541 ipsa
1690 1486 1849 1526 cruce
1889 1479 2007 1541 post

415 1565 737 1619 sententiam
800 1565 1026 1619 salutem
1088 1565 1338 1619 obtinuit.
1378 1563 1510 1618 Vide
1535 1563 1866 1618 celeritatem
1915 1580 1928 1615 :
1974 1577 2005 1618 a

414 1668 575 1709 cruce
605 1655 656 1707 itt
686 1655 896 1720 caelum,
929 1670 959 1707 a
988 1655 1251 1725 supplicio
1293 1656 1346 1709 itt
1396 1654 1647 1708 salutem.
1677 1652 1806 1721 Qua:
1849 1656 2007 1722 porro

415 1752 543 1797 sunt
569 1744 656 1798 illa
683 1744 878 1800 verba?
905 1760 1061 1814 quam
1090 1746 1302 1800 tandem
1324 1745 1428 1798 vim
1455 1744 1670 1808 habent,
1695 1753 1751 1798 ιιι
1777 1746 1878 1800 hoc
1901 1758 2007 1798 uno

418 1846 561 1889 tanta
592 1845 1009 1906 consequeretur
1051 1836 1227 1890 bona?
1260 1835 1516 1889 Memento
1556 1836 1685 1899 moi,
1720 1834 1923 1903 inquit,
1952 1835 2007 1889 in

415 1944 570 1998 regno
596 1938 681 1981 tuo
710 1926 859 1996 (Luc.
886 1927 980 1982 25.
1010 1928 1124 1997 42).
1153 1927 1290 1996 Quid
1322 1928 1423 1982 hoc
1446 1927 1521 1980 rei
1549 1924 1841 1980 est?Petiit
1865 1926 2004 1982 bona

413 2017 551 2086 dari,
603 2034 708 2072 non
752 2019 1006 2087 operibus
1048 2019 1177 2089 ipsis
1216 2017 1449 2072 stttdium
1501 2016 1666 2070 tilium
1713 2016 1955 2070 adhibuit
1990 2034 2004 2070 :

416 2124 600 2163 verum
637 2109 682 2164 is
727 2110 811 2164 cui
843 2125 937 2164 cor
966 2110 1081 2179 ejus
1130 2121 1313 2163 notum
1341 2119 1491 2173 erat,
1526 2124 1631 2161 nott
1675 2107 1903 2163 attendit
1941 2108 2008 2163 ad

418 2201 578 2256 verba
600 2243 614 2267 ,
647 2200 741 2255 sed
768 2200 835 2254 ad
863 2200 1060 2255 mentis
1088 2200 1361 2254 affectum.
1391 2199 1522 2254 Nam
1565 2200 1639 2254 illi
1671 2199 1885 2269 quidem
1916 2201 2009 2269 qui

422 2292 801 2362 prophetarum
834 2291 1044 2346 fuerant
1068 2290 1405 2346 documentis
1436 2292 1716 2357 instructi,
1740 2290 1828 2361 qui
1859 2290 2010 2361 signa

421 2383 682 2449 viderant,
705 2383 794 2453 qui
818 2384 1066 2437 miracula
1110 2382 1321 2437 fuerant
1367 2383 1732 2451 contemplati.
1767 2382 1834 2437 de
1864 2381 2012 2438 Citri-

418 2484 501 2527 sto
544 2473 827 2527 dit-ebant:
856 2473 1173 2528 Dwmoninm
1216 2473 1383 2538 habet,
1431 2482 1520 2538 et,
1561 2472 1770 2527 Seducit
1812 2473 2010 2529 turbam

418 2563 631 2634 (Matth.
664 2565 750 2617 ll.
781 2562 870 2634 1.8)
901 2581 915 2617 :
944 2564 1080 2618 latro
1122 2578 1275 2629 vero,
1301 2564 1390 2633 qui
1422 2561 1707 2633 prophetas
1754 2577 1861 2618 non
1908 2578 2007 2617 au-

417 2654 609 2720 dierat,
629 2655 718 2724 qni
750 2654 987 2724 prodigia
1011 2670 1119 2709 non
1142 2655 1368 2721 viderat,
1392 2654 1482 2725 qui
1505 2656 1557 2710 in
1578 2670 1736 2712 cruce
1760 2653 2012 2713 suflisutn

420 2744 646 2810 viderat,
678 2761 782 2800 non
812 2745 1036 2800 attettdit
1060 2744 1125 2799 ad
1150 2745 1520 2816 ignominiam,
1551 2760 1656 2800 non
1683 2746 1920 2817 respexit
1941 2745 2012 2802 ad

420 2837 712 2904 infamiam,
743 2836 843 2892 sed-
880 2836 1210 2892 divinitatem
1260 2836 1428 2908 ipsam
1470 2837 1850 2904 considerans,
1898 2836 2011 2891 Μαι

418 2937 603 2991 mento,
636 2927 823 2996 inquit,
866 2928 962 2980 mei
990 2928 1043 2980 in
1067 2943 1222 2998 regno
1262 2936 1368 2983 tuo.
1409 2926 1523 2981 l-loc
1554 2942 1686 2982 sane
1730 2942 1925 2981 novum
1956 2934 2012 2982 et

420 3020 750 3074 inusitatum.
783 3019 1009 3074 Crucem
1037 3020 1206 3086 vides,
1237 3029 1293 3074 et
1331 3020 1481 3090 regni
1518 3019 1843 3074 meministi?
1871 3019 2012 3087 Quid

418 3113 635 3183 dignum
681 3128 845 3183 regno
880 3112 1109 3166 vidisti?
1139 3112 1422 3166 llominem
1460 3110 1777 3166 crucifixum
1798 3151 1815 3177 ,
1844 3111 2012 3183 alapis

418 3220 641 3271 ozesum,
668 3205 903 3274 illusum,
934 3212 1246 3261 accusatum
1267 3246 1283 3272 ,
1315 3206 1485 3276 sputis
1512 3220 1880 3274 conspersum,
1909 3203 2009 3259 fla-

417 3296 671 3368 gellatam
697 3312 710 3349 :
738 3296 976 3353 haeccine
1005 3306 1151 3363 sunt,
1178 3312 1361 3368 qumso
1380 3338 1396 3363 ,
1430 3296 1589 3366 digna
1619 3295 1823 3365 regno?
1854 3294 2011 3351 Vides

417 3404 539 3445 eum
565 3390 734 3445 oculis
772 3389 890 3445 fidei
920 3390 1229 3460 respexisse
1250 3430 1266 3455 ,
1308 3404 1416 3446 non
1441 3404 1505 3445 ea
1531 3403 1650 3459 qua:
1678 3386 2008 3459 apparebant

416 3482 776 3552 expendisse?
803 3481 1093 3553 Propterea
1125 3496 1297 3552 neque
1346 3481 1489 3537 Deus
1529 3482 1670 3537 nuda
1708 3482 1869 3537 verba
1913 3496 2007 3537 ex-

418 3572 718 3641 pendebat,
746 3572 841 3627 sed
874 3583 930 3627 ut
960 3572 1049 3627 ille
1078 3574 1130 3626 in
1161 3571 1528 3638 divinitatem,
1556 3571 1635 3627 sic
1665 3572 1806 3627 Deus
1834 3572 1885 3625 itt
1914 3586 2009 3627 cor

420 3664 639 3718 latronis
665 3664 1003 3735 respiciebat,
1031 3672 1087 3718 et
1124 3663 1199 3718 ait
1227 3679 1242 3722 ξ
1276 3661 1442 3717 Hodie
1467 3678 1661 3716 mecum
1690 3663 1787 3716 eris
1817 3662 1870 3715 in
1907 3678 2005 3733 pa-

420 3756 588 3809 radiso
620 3755 767 3826 (Luc.
792 3755 882 3809 25.
907 3754 1022 3823 45).
1662 3740 1665 3741 ν

498 3846 841 3915 Objectionem
870 3846 1052 3915 refellit
1080 3842 1505 3897 Manichaeorum.
1535 3872 1607 3883 -—
1632 3842 1747 3897 Hoc
1778 3842 1895 3895 loco
1922 3850 2006 3895 at-

422 3935 652 3992 tendite:
684 3934 949 4005 siquidem
967 3932 1192 4003 qutestio
1218 3947 1323 3988 non
1342 3931 1574 4002 vulgaris
1593 3933 1850 3987 exoritur.
1873 3931 2007 3987 Nam

422 4028 723 4092 Manicbaﬁ,
753 4042 915 4082 canes
942 4024 1073 4079 muti
1094 4032 1150 4080 et
1170 4024 1362 4091 rabidi,
1396 4025 1631 4094 speciem
1656 4023 1870 4094 quidem
1899 4039 2007 4093 pra:

420 4138 480 4177 se
509 4122 687 4177 ferunt
712 4119 1011 4185 modestia),
1045 4119 1188 4173 intus
1214 4133 1345 4172 vero
1372 4132 1588 4188 gravem
1631 4132 1824 4172 canum
1863 4117 2008 4171 insa-

427 4214 569 4267 niam
601 4210 801 4275 fovent,
832 4218 887 4264 et
915 4210 1031 4263 ovis
1061 4209 1196 4279 pelle
1231 4208 1411 4278 lupum
1439 4207 1725 4262 occultant.
1757 4209 1826 4261 At
1855 4216 1910 4262 tu
1938 4223 2007 4264 ne

419 4306 560 4378 quod
591 4311 814 4375 apparet
834 4303 1083 4374 aspicias,
1114 4317 1298 4357 verum
1331 4303 1476 4357 intus
1504 4301 1754 4356 latentem
1777 4300 2004 4357 belluam

422 4397 739 4467 pervestiga.
775 4394 864 4449 lsti
904 4410 1033 4465 ergo
1061 4394 1236 4449 locum
1279 4392 1421 4449 hunc
1445 4392 1763 4464 arripientes
1805 4393 1953 4447 aiunt
1986 4410 2001 4448 :

422 4489 564 4543 Dixit
584 4487 846 4550 Christus,
873 4485 1051 4551 Amen,
1081 4501 1228 4537 amen
1248 4483 1359 4536 dico
1383 4482 1491 4550 tibi,
1517 4482 1666 4538 hodie
1692 4499 1884 4538 mecum
1905 4484 2005 4538 eris

418 4581 470 4632 in
500 4578 740 4648 paradiso
770 4594 787 4631 :
814 4578 973 4648 igitur
998 4576 1108 4646 jam
1151 4577 1284 4630 facta
1313 4584 1395 4630 est
1421 4576 1684 4631 bonorum
1725 4576 2005 4631 retributio

418 4680 473 4723 et
501 4668 767 4738 superflua
813 4668 917 4722 erit
941 4667 1285 4722 resurrectio.
1334 4666 1389 4720 Si
1426 4667 1568 4721 enim
1610 4667 1701 4721 illo
1729 4666 1818 4721 die
1868 4667 2005 4722 latro

418 4760 555 4817 bona
585 4760 808 4830 recepit,
862 4774 1057 4831 corpus
1100 4772 1280 4814 autem
1310 4760 1427 4829 ejus
1473 4759 1709 4814 nondum
1753 4759 1820 4814 ad
1864 4760 2004 4816 hunc

422 4868 592 4923 usque
622 4852 763 4907 diem
792 4852 1107 4918 resurrexit,
1142 4867 1247 4905 non
1278 4852 1384 4905 erit
1426 4851 1679 4920 deinceps
1718 4865 2002 4921 corporum

422 4946 764 5001 resurrectio.
798 4944 1063 5014 Numquid
1096 4943 1436 4999 intellexistis
1465 4944 1605 5013 quod
1639 4944 1907 5012 diximus,
1933 4961 2002 5000 an

415 5051 545 5090 vero
576 5036 764 5091 iterum
795 5035 921 5091 illud
948 5035 1053 5091 dici
1092 5051 1308 5091 necesse
1331 5036 1457 5089 est?
1484 5034 1676 5101 Amen,
1708 5052 1856 5092 amen
1887 5038 2001 5092 dico

417 5128 525 5193 tibi,
555 5129 705 5183 hodie
728 5146 922 5182 mecum
948 5129 1046 5183 eris
1067 5129 1117 5182 in
1140 5129 1396 5199 paradiso.
1422 5127 1699 5197 Ingressus
1713 5139 1795 5183 cst
1822 5128 2001 5199 igitur,

423 5217 613 5287 inquit,
665 5221 716 5272 in
756 5220 1056 5289 paradisum
1093 5220 1227 5273 latro
1272 5236 1376 5273 non
1418 5234 1538 5274 cum
1584 5234 1806 5288 corpore
1851 5237 2003 5290 :quo

425 5312 563 5364 enim
610 5321 783 5381 pacto,
817 5327 936 5366 cum
982 5311 1247 5380 sepultum
1295 5327 1402 5366 non
1442 5319 1586 5372 esset
1630 5326 1822 5381 corpus
1847 5314 1992 5382 ejus,

421 5416 597 5470 neque
640 5401 954 5457 dissolutum
980 5442 995 5468 ,
1025 5412 1077 5456 et
1128 5402 1180 5457 in
1221 5403 1432 5457 cineres
1476 5401 1783 5457 redactum?
1830 5420 2003 5475 neque

423 5489 618 5546 dictum
669 5508 888 5563 usquam
948 5492 1045 5547 fuit
1094 5495 1465 5548 resuscitatum
1520 5492 1665 5547 illum
1719 5509 1750 5548 a
1788 5492 2017 5550 Christo

426 5580 606 5636 fuisse.
629 5583 780 5651 Quod
798 5584 841 5638 si
865 5583 1125 5640 latronem
1146 5585 1456 5649 introduxit,
1481 5595 1533 5639 et
1557 5585 1758 5654 absque
1773 5600 2025 5657 corpore-

421 5670 576 5726 bonis
603 5676 796 5742 potitus
822 5684 922 5741 est,
966 5676 1301 5732 manifestum
1343 5685 1425 5731 est
1465 5678 1707 5744 corporis
1748 5692 1989 5734 resurre-

429 5762 655 5818 ctionem
687 5780 790 5822 non
819 5783 955 5822 esse.
985 5766 1116 5823 Nam
1147 5768 1189 5823 si
1222 5769 1627 5839 corporisesset
1656 5771 1996 5836 resurrectio,

1673 339 1737 396 lN
1777 338 2071 396 GENESIM
2112 336 2342 394 SERMO
2384 336 2491 391 \‘ll.

3591 344 3691 401 δη

2111 469 2216 509 non
2244 452 2500 509 dixisset:
2534 450 2700 507 Hodie
2739 469 2927 507 mecum
2955 456 3052 507 eris
3083 454 3133 506 in
3163 454 3399 521 paradiso
3420 497 3433 519 ,
3482 457 3596 521 sed,
3632 458 3688 513 ln

2112 554 2353 614 tempore
2395 543 2905 607 consummationis,
2955 545 3168 613 quando
3207 549 3526 600 resurrectio
3576 566 3696 602 cor-

2111 651 2300 706 porum
2329 637 2451 691 erit.
2480 636 2633 702 Quod
2662 637 2704 689 si
2733 637 2843 705 jam
2866 636 3126 691 latronem
3160 638 3472 706 introduxit,
3496 656 3693 710 corpus

2110 738 2287 782 autem
2335 729 2451 796 ejus
2492 727 2620 781 foris
2662 736 2975 796 corruptum
3021 728 3306 794 remansit,
3336 730 3492 799 plane
3534 731 3699 801 liquet

2113 832 2395 888 corporum
2426 818 2875 873 resurrectionem
2918 835 3024 872 non
3063 834 3204 874 esse.
3235 822 3409 891 Atque
3438 821 3550 877 lucc
3578 826 3698 894 qui-

2111 908 2232 962 dem
2266 908 2337 962 illi
2367 924 2381 963 :
2408 908 2519 978 jam
2551 923 2679 963 vero
2708 925 2825 979 quae
2872 924 2900 961 a
2939 909 3093 964 nobis
3124 911 3534 980 proficiscuntur
3560 917 3699 970 acci-

2115 1002 2255 1071 pite;
2289 1001 2397 1054 imo
2445 1015 2572 1055 vero
2612 1016 2716 1054 non
2760 1016 2879 1070 quae
2924 1016 2954 1054 a
2996 1002 3185 1068 nobis,
3226 1003 3320 1057 sed
3348 1020 3464 1073 qua:
3491 1019 3520 1058 a
3550 1020 3700 1061 sacra

2111 1092 2381 1162 Scriptura
2411 1101 2536 1148 sunt
2559 1109 2572 1145 :
2600 1107 2773 1162 neque
2793 1092 2933 1147 enim
2956 1107 3074 1161 qua:
3097 1104 3275 1147 nostra
3296 1104 3423 1149 sunt
3450 1097 3698 1163 dicimus,

2112 1184 2206 1238 St'd
2235 1202 2353 1254 qua:
2381 1185 2611 1255 Spiritus
2641 1186 2834 1239 sancti.
2866 1185 3003 1251 Quid
3033 1185 3152 1238 ais?
3180 1204 3283 1240 non
3315 1190 3458 1243 venit
3477 1191 3528 1243 in
3554 1206 3701 1246 cont-

2114 1276 2422 1331 tnunionem
2468 1291 2788 1329 coronarum
2832 1276 2997 1331 caro?
3029 1276 3133 1330 Sed
3179 1278 3229 1330 in
3269 1283 3701 1349 communionem

2113 1367 2328 1438 quidem
2373 1368 2613 1422 laborum
2656 1368 2824 1434 venit,
2874 1368 3106 1435 praemiis
3155 1384 3284 1423 vero
3330 1372 3601 1439 privatur?
3649 1384 3705 1428 et

2113 1458 2327 1528 quando
2356 1460 2670 1514 certandum
2698 1458 2914 1528 quidem
2948 1457 3064 1523 fuit,
3088 1461 3345 1528 majorem
3380 1474 3583 1531 partem
3613 1480 3703 1518 su-

2112 1548 2305 1604 dorum
2330 1550 2611 1614 sustinuit;
2635 1548 2847 1619 quando
2874 1564 2999 1603 vero
3027 1564 3346 1604 coronarum
3380 1562 3587 1621 tempus
3613 1556 3706 1607 atl-

2116 1642 2236 1708 fuit,
2264 1644 2441 1699 anima
2484 1643 2598 1696 sola
2647 1644 2974 1699 coronatur?
3003 1643 3118 1698 Non
3163 1646 3315 1701 audis
3358 1646 3577 1702 Paulum
3627 1651 3707 1703 di-

2114 1738 2369 1790 centeni?
2409 1736 2562 1791 Stare
2602 1752 2692 1791 nos
2732 1746 2928 1803 oportet
2975 1747 3092 1792 ante
3131 1738 3355 1793 tribunal
3396 1740 3603 1808 Christi,
3650 1754 3707 1796 ut

2114 1826 2300 1895 referat
2333 1827 2674 1897 unusquisque
2701 1828 2909 1898 prapria
2933 1829 3162 1898 corporis
3181 1870 3196 1895 ,
3230 1839 3379 1898 prout
3402 1833 3573 1901 gessit,
3605 1834 3707 1886 sire

2115 1921 2322 1987 bonum,
2354 1923 2456 1975 sive
2475 1924 2664 1976 malum
2693 1921 2868 1993 (Rom.
2895 1924 2981 1977 i4.
3012 1923 3097 1977 10.
3125 1924 3195 1988 2;
3225 1924 3341 1978 Cor.
3375 1928 3427 1981 5.
3457 1928 3567 1996 10).
3592 1928 3704 1983 Non

2115 2013 2269 2069 audis
2309 2015 2482 2081 ipsutn
2531 2029 2716 2069 rursus
2760 2014 3066 2070 dicentem:
3101 2016 3315 2087 Oportet
3354 2021 3569 2073 mortale
3612 2022 3706 2075 hoc

2115 2105 2328 2159 induere
2367 2105 2829 2171 immortalitatem,
2883 2115 2931 2158 et
2981 2108 3311 2176 corraptibt'le
3354 2110 3450 2163 hoc
3497 2109 3709 2166 induero

2115 2198 2553 2269 incorruptionem
2575 2197 2651 2269 (1.
2685 2198 2804 2253 Cor.
2837 2198 2924 2252 15.
2959 2198 3092 2268 53)?
3122 2198 3383 2254 Mortale?
3408 2200 3710 2269 quodnam?

2117 2292 2348 2347 animam
2377 2307 2444 2345 an
2476 2292 2710 2360 corpus?
2740 2290 2890 2345 llaud
2926 2290 3178 2354 dubium,
3208 2292 3334 2360 quiti
3363 2307 3559 2362 corpus
3588 2312 3600 2346 :
3629 2296 3706 2349 si-

2117 2380 2335 2449 quidem
2357 2381 2532 2434 anima
2563 2390 2747 2435 natura
2773 2394 2869 2434 sua
2895 2389 2979 2434 est
3004 2380 3352 2446 immortalis;
3372 2395 3574 2452 corpus
3604 2400 3702 2439 au-

2118 2481 2225 2527 tem
2251 2482 2437 2526 natura
2462 2472 2685 2526 mortale
2708 2480 2810 2527 est.
2843 2472 2913 2525 At
2932 2471 3073 2525 enim
3095 2471 3262 2525 multa
3284 2487 3349 2526 ex
3380 2474 3496 2526 istis
3519 2473 3592 2527 illi
3620 2491 3708 2529 rc-

2117 2572 2302 2619 secant
2322 2580 2333 2615 :
2354 2572 2589 2618 attamen
2607 2578 2670 2617 ex
2692 2561 2797 2616 illis
2814 2560 2944 2631 ipsis
2959 2576 3078 2631 quae
3098 2572 3318 2629 restant,
3333 2566 3707 2633 cognationem

2117 2671 2305 2712 eorum
2319 2670 2437 2725 qua:
2456 2663 2661 2711 resecta
2689 2662 2815 2709 sunt
2833 2652 3317 2723 deprehendemus.
3338 2655 3614 2724 Ingressus
3626 2667 3709 2712 est

2117 2748 2255 2804 latro
2299 2749 2352 2804 in
2384 2748 2718 2819 paradisum,
2752 2747 2942 2817 inquit.
2982 2746 3119 2814 Quid
3165 2756 3276 2802 tttm
3319 2750 3542 2818 postea?
3578 2765 3708 2804 num

2117 2841 2262 2897 enim
2288 2839 2404 2895 bme
2429 2840 2514 2894 illa
2544 2847 2669 2893 sunt
2696 2838 2857 2906 bona,
2884 2852 3004 2909 quae,
3033 2838 3185 2892 nobis
3214 2838 3353 2892 Deus
3384 2839 3666 2907 pollicetur
3683 2842 3709 2896 τ

2189 2935 2244 2990 5.
2273 2933 2388 2987 Non
2410 2932 2561 2987 audis
2585 2931 2712 3002 quid
2742 2931 2809 2985 de
2835 2931 2990 2987 bonis
3019 2930 3124 2984 illis
3154 2929 3347 2984 Paulus
3373 2930 3558 2985 dicat?
3584 2931 3711 2997 Qua:

2120 3026 2297 3080 oculus
2323 3041 2425 3079 non
2452 3024 2597 3089 vidit,
2626 3032 2671 3076 et
2695 3022 2834 3076 auris
2865 3038 2966 3075 non
2987 3020 3202 3086 audivit,
3225 3030 3271 3073 et
3296 3021 3349 3075 in
3375 3037 3463 3075 cor
3493 3022 3712 3079 hominis

2120 3134 2223 3171 non
2259 3116 2593 3171 ascenderunt
2620 3113 2698 3185 (1.
2746 3112 2866 3167 Car.
2909 3111 2965 3166 2.
2997 3108 3087 3182 9):
3117 3110 3262 3180 atqui
3306 3110 3610 3180 paradisum
3653 3120 3713 3169 et.

2118 3210 2306 3265 oculus
2340 3208 2471 3264 vidit
2499 3206 2710 3270 Adatni,
2737 3215 2792 3261 et
2817 3205 2962 3259 auris
3004 3202 3230 3268 audivit,
3264 3211 3319 3259 et
3342 3218 3437 3259 cor
3479 3202 3714 3260 hominis

2117 3301 2337 3370 excepit
2362 3318 2374 3355 :
2404 3299 2587 3355 multis
2609 3300 2752 3354 enim
2784 3299 2894 3366 jam
2923 3295 3113 3350 diebus
3137 3294 3205 3350 de
3243 3294 3338 3352 illo
3378 3295 3539 3351 verba
3574 3295 3710 3351 fact-

2116 3407 2237 3448 mus
2266 3411 2279 3447 :
2312 3390 2583 3462 quomodo
2613 3388 2773 3459 igitur
2813 3388 2952 3441 bona
2982 3386 3120 3440 latro
3154 3384 3397 3455 recepit?
3421 3384 3536 3439 Non
3563 3386 3709 3443 enim

2113 3499 2175 3544 se
2202 3486 2253 3539 in
2300 3483 2598 3555 paradisum
2636 3495 2735 3537 nos
2772 3478 3195 3535 introducturum
3240 3476 3503 3546 promittit
3529 3477 3711 3544 Deus,

2114 3578 2209 3635 sed
2232 3578 2283 3633 in
2314 3579 2487 3648 ipsum
2509 3576 2699 3632 caelum
2727 3592 2742 3631 :
2773 3589 2944 3644 neque
2965 3587 3185 3642 regnum
3212 3571 3463 3643 paradisi,
3496 3571 3589 3628 sed
3617 3588 3707 3629 re-

2113 3686 2276 3743 gnum
2302 3670 2555 3725 caelorum
2589 3666 2915 3737 pratdicavit.
2948 3664 3106 3734 Capit
3144 3663 3309 3724 enim.
3343 3663 3550 3734 inquit,
3574 3682 3709 3734 prte-

2114 3761 2305 3824 dicare,
2346 3768 2392 3811 et
2440 3758 2628 3820 dicere,
2662 3754 3014 3809 Ptenitentiam
3054 3754 3188 3823 agite
3232 3752 3445 3820 (Matth.
3491 3753 3693 3825 4.17);

2114 3847 2542 3920 apprOpinquavit
2564 3845 2733 3911 enim,
2763 3858 2869 3897 non
2912 3856 3135 3911 regnum
3178 3840 3431 3909 paradisi,
3478 3842 3595 3906 sed,
3627 3859 3711 3899 rs-

2114 3955 2272 4012 gnum
2308 3936 2571 3991 striarum.
2599 3933 2732 3989 Nam
2760 3943 2813 3987 tu
2849 3931 3067 4003 quidem
3107 3931 3410 4001 paradisum
3452 3933 3703 3999 amisisti,

2118 4031 2262 4091 Deus
2284 4038 2463 4084 autem
2503 4025 2693 4082 caelum
2719 4024 2813 4079 tibi
2842 4021 3009 4085 dedit,
3055 4030 3115 4076 ut
3141 4036 3253 4075 sua:
3300 4021 3391 4077 tibi
3430 4023 3737 4090 specimen.

2115 4123 2300 4180 ederet
2337 4118 2708 4190 benignitatis,
2746 4131 2810 4172 ac
2838 4114 3055 4170 diabolo
3092 4112 3331 4170 dolorem
3361 4113 3619 4181 inureret,
3640 4128 3707 4173 et

2112 4212 2441 4276 ostenderet,
2461 4210 2670 4265 tametsi
2693 4208 3003 4264 innumeras
3028 4206 3117 4262 ille
3140 4208 3190 4260 in
3217 4220 3388 4276 genus
3409 4204 3704 4265 humanum

2115 4304 2338 4361 insidias
2378 4303 2656 4368 moliatur,
2688 4301 2819 4356 nihil
2871 4309 3049 4355 tamen
3088 4299 3191 4355 hoc
3219 4299 3297 4353 illi
3340 4299 3700 4369 profuturum,

2111 4412 2233 4452 cum
2263 4396 2403 4450 Deus
2437 4408 2650 4463 semper
2674 4393 2933 4462 majorem
2957 4391 3025 4447 ad
3066 4391 3320 4447 honorem
3366 4406 3466 4447 nos
3488 4393 3701 4449 evehat.

2111 4487 2352 4544 Amisisti
2400 4500 2530 4557 ergo
2573 4485 2911 4556 paradisum,
2956 4492 3013 4539 et
3053 4485 3246 4539 caelum
3292 4483 3386 4539 tibi
3430 4485 3571 4540 Deus
3613 4496 3731 4536 re-r

2111 4578 2354 4635 seravit:
2402 4574 2727 4645 temporario
2778 4574 2959 4630 labore
3007 4574 3291 4629 damnatus
3340 4588 3431 4639 es,
3484 4583 3536 4629 et
3585 4575 3701 4631 vita

2110 4680 2310 4726 atterna
2334 4668 2638 4724 decoratus.
2669 4664 3117 4735 Praecepitterrae
3146 4672 3205 4718 ut
3223 4664 3404 4733 spinas
3432 4664 3703 4733 proferret

2110 4776 2174 4817 ac
2203 4759 2462 4827 tribulos,
2492 4768 2548 4814 et
2592 4756 2819 4812 fructum
2865 4754 2961 4811 tibi
3006 4752 3243 4823 Spiritus
3277 4752 3453 4808 anima
3483 4756 3700 4822 germi-

2110 4854 2257 4909 navit
2284 4851 2437 4925 (Gen.
2466 4852 2521 4906 5.
2566 4849 2680 4921 i8).
2714 4847 2877 4903 Vides
2907 4855 2965 4901 ut
3007 4845 3238 4915 majores
3267 4846 3376 4898 sint
3412 4845 3583 4914 poenis
3614 4847 3698 4901 fa-

2110 4948 2363 5011 cultates,
2394 4953 2453 4999 ut
2480 4943 2772 5012 ampliores
2796 4940 2907 4996 sint
2936 4938 3171 4995 divitiae?
3197 4937 3437 5007 Exempli
3480 4952 3699 4997 causa:

2113 5040 2362 5095 formavit
2387 5038 2529 5092 Deus
2568 5035 2838 5090 hominem
2868 5041 3073 5090 eterra
3110 5040 3169 5086 et
3215 5045 3385 5101 aqua,
3416 5031 3701 5102 ipsumque

2112 5132 2297 5204 posuit
2314 5131 2369 5185 in
2394 5127 2660 5199 paradiso.
2690 5124 2806 5180 Non
2829 5124 2999 5180 evasit
3040 5122 3194 5178 bona:
3239 5122 3404 5192 frugis
3424 5160 3439 5185 ,
3468 5123 3557 5191 qui
3586 5122 3699 5177 for-

2110 5234 2285 5280 matus
2308 5222 2500 5287 fuerat,
2516 5218 2621 5274 -sed
2647 5219 2967 5287 depravatus
2995 5225 3113 5270 est:
3148 5230 3252 5270 non
3275 5215 3384 5284 jam
3411 5229 3444 5268 e
3472 5222 3613 5268 terra
3646 5226 3702 5271 et

2109 5330 2242 5383 aqua
2270 5312 2442 5383 ipsum
2474 5309 2705 5379 refingit,
2731 5307 2824 5363 sed
2852 5324 2918 5363 ex
2943 5322 3081 5378 aqua
3106 5318 3161 5361 et
3186 5305 3385 5374 Spiritu
3414 5321 3428 5357 :
3458 5320 3562 5358 non
3584 5305 3695 5374 jam

2111 5407 2182 5460 illi
2228 5404 2566 5475 paradisum,
2594 5401 2689 5457 sed
2728 5415 2947 5470 regnum
2988 5399 3241 5454 ezelorum
3280 5396 3583 5466 pollicetur.
3628 5397 3699 5453 Et

2109 5513 2215 5568 quo
2241 5505 2394 5568 meto
2416 5494 2466 5549 id
2491 5494 2599 5561 fiat,
2627 5492 2772 5547 audi.
2800 5490 2932 5547 Cum
2955 5490 3095 5545 enim
3122 5489 3368 5558 princeps
3384 5484 3695 5543 Judmorutn

2114 5589 2435 5644 Nieodemus
2469 5588 2648 5656 lapsus
2670 5592 2844 5649 esset,
2872 5591 2926 5637 et
2956 5581 3115 5650 hujus
3144 5582 3269 5635 vitte
3301 5579 3493 5635 natalia
3525 5578 3700 5650 inqui-

2111 5690 2275 5747 reret,
2327 5679 2655 5746 diceretque,
2705 5674 2819 5729 lieri
2861 5689 2966 5728 non
3015 5687 3203 5741 posse,
3234 5681 3289 5725 ut
3327 5686 3490 5727 senex
3519 5670 3697 5725 denuo

2115 5779 2440 5835 nasceretur,
2463 5768 2580 5824 vide
2601 5782 2705 5837 quo
2729 5774 2883 5836 pacto
2899 5763 3144 5820 Christus
3166 5764 3239 5818 illi
3267 5762 3459 5818 clarius
3482 5761 3698 5816 modum
