4146 6260
380 355 482 410 διες
1093 352 1146 406 S.
1191 349 1466 407 JOANNIS
1495 340 1971 404 Clilin'OSTOMl
2013 339 2326 396 ARCIIIEP.
2367 340 2902 398 CONSTANTINOP.
3469 405 3476 411 ὓ
3565 347 3670 395 (itii

379 475 595 542 detegat
622 471 895 542 natalium.
925 465 1040 523 Nisi
1076 466 1186 533 quis
1203 473 1350 520 natus
1364 463 1512 532 fuerit
1535 477 1597 515 ex
1617 477 1747 530 aqua
1769 469 1812 516 et
1839 459 1964 534 Spi—

385 539 792 632 ritninintpotest
805 543 1012 612 introire
1023 557 1072 610 in
1085 541 1290 627 regnum
1304 556 1542 608 cwlornm
1558 549 1714 622 (Joan
1729 553 1785 606 .5
1797 591 1810 604 .
1821 553 1850 605 4
1869 550 1970 618 .5).

393 635 448 705 Si
505 655 662 722 igitur
712 641 928 720 regnum
969 645 1224 703 ca-loru'm
1265 645 1536 716 promisit,
1571 647 1622 698 in
1669 642 1969 713 paradisum

387 761 562 799 autem
582 745 840 797 latronem
867 740 1180 804 introduxit,
1201 738 1433 792 nondum
1457 737 1530 791 illi
1551 738 1686 791 bona
1705 733 1970 790 retribuit.

463 835 598 902 Quid
632 834 832 886 nomine
866 831 1092 902 paradisi
1132 833 1194 885 sit
1237 829 1643 901 intelligendum.
1678 858 1750 866 ——
1779 825 1970 882 Verum

387 926 524 979 aliud
579 933 834 992 prteterea
875 921 1127 992 quiddam
1171 921 1445 989 objiciunt.
1497 919 1830 978 Paradisum.
1890 919 1972 972 in-

387 1017 592 1085 quiunt,
629 1015 726 1068 hoc
758 1014 911 1078 loco,
942 1001 1048 1066 non
1081 1015 1380 1081 paradisum
1413 1013 1582 1074 dixit,
1617 1012 1710 1066 sed
1745 1011 1972 1079 paradisi

389 1106 603 1160 nomine
646 1120 866 1174 regnum
898 1104 1153 1160 caelortttn
1201 1103 1519 1173 designavit.
1551 1102 1682 1157 Nam
1732 1103 1851 1170 quia
1896 1085 1972 1156 li-

386 1207 593 1260 tronem
647 1181 1046 1272 alloquebatur,
1084 1194 1352 1249 hominem
1397 1195 1488 1264 qui
1521 1181 1832 1248 sublimibus
1885 1195 1952 1247 do

385 1273 654 1356 ginatibus
690 1271 924 1354 imbutus
956 1301 1061 1340 non
1107 1281 1311 1353 fuerat,
1361 1279 1534 1356 neque
1578 1284 1647 1340 de
1699 1284 1976 1354 prophetia

387 1379 676 1450 quidquam
707 1387 948 1445 noverat,
981 1377 1074 1434 sed
1095 1391 1256 1432 omne
1285 1386 1493 1446 tempus
1515 1377 1568 1430 in
1599 1361 1824 1430 desertis
1851 1374 1978 1441 locis

389 1479 748 1540 transegerat,
775 1459 1057 1538 caedesque
1085 1455 1341 1537 patrarat,
1371 1473 1545 1536 neque
1573 1465 1636 1519 ad
1665 1465 1978 1521 concionem

390 1548 640 1634 umquam
666 1562 718 1614 in
749 1563 974 1617 transitu
1002 1560 1316 1626 declinarat,
1344 1574 1517 1628 neque
1538 1547 1706 1614 sacrae
1731 1557 1980 1614 lectionis

392 1651 662 1722 particeps
695 1651 900 1720 fuerat,
945 1665 1118 1719 neque
1160 1649 1288 1718 quid
1333 1649 1548 1704 tandem
1577 1657 1722 1703 esset
1757 1639 1978 1720 regnum

391 1741 643 1797 castorum
673 1729 915 1806 noverat,
951 1742 1051 1796 hoc
1088 1738 1303 1818 dicebat
1332 1757 1344 1792 :
1380 1738 1550 1818 Hodie
1574 1755 1768 1793 mecum
1803 1739 1980 1794 crisin

395 1834 637 1904 paradiso
670 1832 821 1902 (an.
852 1833 942 1888 9.3.
981 1833 1070 1903 45)
1089 1849 1106 1896 ;
1140 1815 1334 1888 notiori
1361 1841 1413 1886 et
1445 1815 1719 1886 vusitatiori
1765 1834 1981 1892 nomine

393 1927 620 1996 paradisi
654 1941 873 1996 regnum
902 1913 1153 1988 caelerum
1184 1924 1474 1994 signiﬁcat,
1502 1933 1555 1978 et
1593 1924 1662 1979 de
1691 1924 1784 1980 illo
1822 1924 1978 1980 Chri-

393 2029 509 2073 stus
551 2017 622 2072 ad
680 2017 850 2087 ipsum
897 2003 1260 2082 verbalfacit.
1313 2014 1574 2070 Admitte.
1623 2014 1777 2071 Unde
1821 2016 1982 2086 igitur

391 2117 604 2164 constat
643 2099 820 2178 ipsum
861 2109 912 2162 in
947 2123 1168 2178 regnmn
1195 2107 1450 2163 calorum
1498 2099 1794 2178 ingressum
1824 2110 1980 2164 esse?

394 2203 476 2257 Ex
503 2218 568 2258 eo
593 2202 736 2272 quod
780 2201 996 2268 dixerit,
1021 2200 1203 2255 Hodie
1248 2217 1442 2255 mecum
1486 2203 1584 2256 eris
1619 2203 1673 2256 in
1713 2201 1976 2272 paradiso.

390 2295 542 2362 Quod
571 2296 615 2351 si
645 2295 928 2350 violentior
949 2295 1066 2350 haec
1093 2294 1288 2350 solutio
1318 2294 1582 2362 videatur,
1611 2295 1980 2351 dilucidiorem

389 2386 760 2458 adjungemus.
803 2385 1057 2454 Quamam
1085 2386 1173 2440 illa
1215 2400 1374 2455 porro
1401 2387 1520 2440 est?
1543 2385 1789 2442 Christus
1826 2387 1978 2454 dixit,

395 2481 497 2546 Qui
542 2497 643 2534 non
679 2480 837 2533 credit
879 2480 932 2532 in
982 2478 1194 2543 Filium,
1217 2480 1333 2548 jam
1371 2479 1637 2547 judicatus
1684 2491 1756 2536 est
1803 2480 1979 2550 (Joan.

389 2569 444 2624 3.
479 2570 588 2637 18).
625 2568 762 2637 Quid
803 2569 996 2638 igitur?
1020 2568 1204 2639 jamne
1220 2567 1487 2638 judicatus
1513 2569 1632 2624 est?
1661 2573 1818 2641 Atqui
1845 2587 1980 2628 non-

391 2661 518 2715 dum
548 2667 632 2714 est
660 2655 985 2722 resurrectio
1005 2658 1283 2724 ,“noudum
1326 2661 1643 2728 supplicium
1687 2674 1736 2716 et
1769 2678 1938 2731 penne
1968 2683 1983 2719 :

389 2751 660 2824 quomodo
687 2766 819 2822 ergo
842 2751 951 2820 jam
978 2743 1243 2820 judicatus
1270 2753 1388 2814 est?
1415 2753 1638 2821 Pmpter
1673 2765 1981 2822 peccatum.

391 2837 726 2908 Etrursus:l
767 2842 870 2911 Qui
909 2843 1069 2897 credit
1110 2843 1162 2896 in
1189 2841 1404 2910 Filium,
1451 2845 1641 2913 inquit,
1668 2847 1896 2900 transivit
1923 2847 1986 2902 de

391 2946 552 3008 morte
579 2937 648 2991 ad
673 2935 828 2991 vitam
853 2933 1030 3008 (Joan.
1063 2935 1115 2990 5.
1146 2933 1262 3007 24).
1287 2933 1466 3006 Neque
1491 2933 1654 3002 dixit,
1681 2936 1982 3006 Transibit,

391 3017 494 3086 sed
509 3071 524 3096 ,
542 3029 652 3100 jam
687 3028 960 3091 Transivit,
983 3037 1039 3084 et
1067 3028 1152 3084 hic
1169 3043 1354 3084 rursus
1379 3037 1593 3099 propter
1613 3032 1807 3085 bonum
1826 3047 1983 3103 opus,

391 3133 448 3178 et
476 3123 564 3178 ille
609 3117 794 3178 rursus
835 3113 1054 3192 propter
1097 3131 1391 3192 peccatum.
1432 3123 1498 3179 L‘t
1527 3124 1687 3194 igitur
1721 3140 1858 3180 unus
1896 3126 1984 3196 ju-

391 3208 602 3269 dicatus
634 3224 735 3278 est,
768 3228 887 3268 cum
922 3213 1157 3268 nondum
1187 3203 1345 3267 fuerit
1371 3204 1659 3282 judicatus,
1687 3216 1826 3271 alter
1852 3232 1984 3287 quo-

393 3318 499 3374 que
528 3302 774 3384 transivit
810 3297 879 3357 ad
909 3295 1071 3358 vitam
1093 3343 1108 3368 ,
1149 3317 1269 3357 cum
1319 3299 1554 3358 nondum
1605 3308 1902 3374 transierit,
1933 3317 1988 3364 et

395 3405 503 3480 tam
544 3395 613 3452 ad
649 3387 820 3452 unum
869 3395 941 3450 ob
985 3396 1183 3450 bonum
1231 3409 1402 3462 epus,
1447 3411 1605 3465 quam
1654 3397 1718 3451 ad
1760 3399 1984 3456 alterum

394 3481 465 3545 ob
489 3489 788 3560 peceatum,
819 3485 972 3557 quasi
995 3486 1104 3556 jam
1131 3499 1218 3540 res
1243 3485 1553 3554 acciderint,
1583 3503 1705 3542 cum
1750 3489 1984 3546 nondum

395 3579 710 3646 acciderint,
744 3579 905 3635 verba
950 3577 1116 3633 facit:
1155 3577 1234 3633 sic
1271 3587 1326 3633 et
1357 3577 1423 3632 ad
1467 3579 1726 3634 latronem
1755 3582 1985 3638 diccbat.

398 3671 532 3750 Nam
558 3679 614 3726 et
638 3669 832 3726 medici
862 3679 1142 3740 postquam
1169 3668 1399 3740 aliquem
1418 3670 1754 3740 desperatum
1787 3673 1984 3739 vident,

401 3747 524 3836 οῂἰιι
539 3761 762 3832 periisse
778 3761 884 3832 jam
909 3769 963 3817 et
989 3769 1255 3820 mortuum
1277 3776 1398 3817 esse
1417 3762 1622 3830 dicunt,
1643 3757 1856 3820 tametsi
1881 3768 1988 3836 spi-

402 3835 609 3912 rantem
637 3854 814 3910 adhuc
858 3845 1152 3910 intuentur.
1184 3849 1291 3926 Sed
1327 3865 1383 3910 ut
1414 3855 1523 3922 ille,
1553 3859 1803 3926 quoniam
1841 3835 1988 3916 nulla

401 3941 650 4019 superest
677 3963 800 4019 spes
825 3947 941 4018 ejus
965 3947 1176 4015 salutis,
1203 3948 1342 4018 apud
1365 3933 1600 4004 medicos
1615 3950 1724 4021 jam
1747 3963 1989 4014 mortuus

402 4051 486 4120 est
516 4059 530 4097 :
558 4031 652 4098 sic"
676 4041 838 4096 etiam
869 4035 1037 4108 latro,
1083 4042 1334 4111 quoniam
1375 4042 1669 4111 periculum
1715 4060 1872 4100 omne
1899 4061 1987 4102 re-

401 4117 664 4188 versionis
691 4132 758 4188 ad
787 4131 1138 4202 perditionem
1161 4132 1274 4201 jam
1305 4143 1567 4198 evaserat,
1599 4133 1650 4187 in
1681 4137 1870 4190 etclam
1905 4139 1986 4191 in-

403 4225 583 4279 travit.
607 4224 699 4278 Sic
729 4222 890 4278 etiam
932 4221 1136 4276 audivit
1162 4221 1332 4276 Adam
1369 4239 1380 4274 :
1415 4223 1528 4289 Quo
1555 4223 1636 4277 die
1673 4235 1841 4280 autem
1875 4227 1991 4280 ede-

412 4317 526 4370 ritis
550 4331 612 4369 ea:
636 4331 717 4380 eo,
745 4322 906 4367 morte
927 4312 1212 4366 moriemini
1237 4311 1389 4384 (Gen.
1418 4313 1474 4366 ‘2.
1508 4315 1616 4386 l7).
1640 4315 1774 4383 Quid
1801 4319 1991 4388 igitur?

403 4399 476 4486 an
519 4409 610 4463 illo
636 4397 753 4476 ipso
787 4406 874 4462 die
915 4417 1158 4461 mortuus
1197 4405 1316 4460 est?
1347 4405 1712 4478 Nequaquam,
1748 4412 1840 4466 sed
1870 4421 1991 4482 post

402 4485 550 4572 illum
575 4491 719 4554 dicm
739 4485 1043 4568 nongentos
1065 4497 1192 4552 vixit
1215 4505 1269 4552 et
1287 4499 1466 4568 plures
1489 4515 1678 4556 annos.
1703 4502 1810 4557 Cur
1833 4502 1991 4574 igitur

405 4581 540 4661 digit
566 4589 732 4656 Deus,
756 4579 872 4647 'llla'
902 4591 1011 4660 ipsa
1047 4575 1134 4646 die
1171 4590 1510 4646 moriemini?
1537 4592 1830 4662 Sententia,
1883 4613 1990 4653 non

410 4675 760 4754 experientia.
794 4680 885 4739 Sic
919 4677 1080 4739 etiam
1111 4677 1248 4736 latro
1279 4682 1329 4737 in
1361 4670 1548 4737 cadum
1589 4685 1856 4756 ingressus
1885 4699 1985 4744 est.

408 4776 542 4831 Audi
569 4790 720 4839 sane,
747 4773 870 4844 quid
900 4761 1041 4829 dicat
1067 4773 1283 4838 Paulus,
1315 4781 1374 4828 ut
1401 4775 1666 4830 neminem
1694 4777 1866 4834 adhuc
1896 4779 1989 4835 bo-

408 4881 598 4921 norum
637 4864 1041 4919 retributionem
1082 4847 1676 4931 accepisse'declaret:
1721 4883 1840 4921 nam
1867 4883 1987 4924 cum

403 4958 472 5011 de
500 4955 777 5024 prophetis
803 4969 864 5008 ac
882 4954 1041 5023 justis
1061 4945 1370 5020 diasereret,
1394 4955 1588 5026 adjecit
1617 4955 1818 5012 :Juxta
1836 4949 1990 5029 ﬁdem

408 5045 634 5110 defuncti
663 5055 782 5099 sunt
811 5045 893 5100 isti
919 5043 1107 5109 omnes,
1133 5061 1248 5098 cum
1279 5047 1690 5115 repromissianes
1715 5038 1814 5103 non
1843 5069 1988 5106 acce-

406 5142 613 5210 pissent,
641 5138 730 5192 sed
757 5155 790 5191 a
817 5137 963 5209 longe
988 5153 1072 5192 eas
1099 5129 1430 5207 aspexissent,
1459 5151 1504 5192 et
1533 5127 1850 5207 salutassent,
1887 5143 1991 5199 Deo

405 5231 583 5286 melius
618 5228 811 5300 aliquid
849 5243 941 5299 pro
969 5227 1434 5297 nobisprovidente
1454 5271 1467 5294 ,
1500 5241 1554 5283 ut
1589 5248 1688 5285 non
1714 5222 1820 5286 sine
1853 5237 1993 5290 nobis

401 5313 874 5380 coitsttntntarentur
909 5320 1094 5390 (Hebr.
1127 5322 1215 5376 11.
1255 5313 1342 5375 15.
1375 5322 1488 5389 40).
1535 5322 1659 5378 lla‘c
1689 5335 1886 5392 notate,
1929 5343 1992 5383 ac

406 5407 662 5488 memoria
703 5407 901 5478 tenete,
929 5427 1128 5482 eosque
1155 5413 1242 5482 qui
1285 5427 1391 5467 non
1422 5405 1736 5482 audierunt,
1769 5403 1988 5484 docetei

403 5491 564 5576 atque
604 5493 725 5560 lncc'
759 5505 812 5560 in
857 5503 1112 5568 ecclesia,
1155 5503 1206 5557 in
1253 5502 1371 5557 foro
1397 5499 1479 5558 'ac
1522 5505 1662 5560 domi
1709 5511 1992 5579 unusquis-

403 5588 506 5670 que
537 5597 841 5651 meditetur.
880 5587 1021 5649 Nihil
1057 5589 1214 5654 enim
1236 5609 1386 5665 sacra
1420 5595 1647 5652 lectioae
1682 5599 1985 5667 jucundius.

407 5688 566 5778 Audi,
597 5703 799 5754 quaiso,
823 5687 946 5756 quid
976 5687 1042 5778 de
1067 5687 1153 5740 illa
1181 5687 1322 5766 dit-at
1353 5686 1609 5756 propheta
1639 5708 1648 5742 :
1684 5691 1847 5756 Quam
1876 5695 1993 5747 dul-

406 5767 759 5848 ciantanc'ibtts
811 5778 931 5830 meis
977 5777 1176 5847 eloquia
1219 5789 1338 5846 tua,
1393 5775 1542 5848 super
1583 5783 1678 5837 me!
1711 5785 1767 5838 'ct
1820 5789 1992 5855 fartim

2080 456 2156 508 ori
2181 471 2290 509 meo
2319 453 2491 508 lPsal.
2527 455 2648 509 118.
2683 455 2829 526 1θ5).
2869 454 3020 508 llunc
3061 453 3238 523 itaque
3265 453 3439 508 favum
3487 455 3536 508 in
3575 471 3668 508 re-

2079 552 2317 629 spertina
2365 567 2551 605 mensa
2607 535 2846 620 appone,
2895 533 2952 602 ut
3009 535 3172 629 totam
3223 537 3674 628 illam‘Spi’rituali

2079 623 2290 712 r6pleas
2340 629 2633 714 voluptate.
2669 641 2784 697 Non
2828 625 3024 696 videtis.
3067 623 3312 714 homines
3361 624 3676 710 opulentos,

2079 733 2352 803 quomodo
2383 725 2504 803 post
2543 735 2727 803 epulas
2756 717 3082 802 cithar-indos
3111 716 3195 785 iac.
3233 731 3478 792 tibicines
3503 732 3678 785 intro-

2081 824 2318 880 ducam?
2363 825 2440 878 llli
2485 811 2610 879 suas
2643 824 2788 900 ardes
2837 809 3101 899 theatrum
3145 824 3412 889 efﬁciunt;
3459 833 3515 878 tu
3555 835 3678 900 tuas

2081 917 2225 972 aedes
2273 917 2463 974 caelum
2513 917 2667 992 efﬁce
2702 935 2715 972 :
2746 917 2796 970 id
2841 933 2969 971 vero
2999 909 3222 980 efﬁcies,
3280 933 3386 971 non
3437 918 3678 987 parietes

2081 1013 2390 1074 immutans,
2409 1019 2501 1064 aut
2522 1006 2847 1064 transferens
2864 999 3227 1076 fundamenta,
3251 1009 3343 1064 sed
3365 995 3412 1064 si
3439 1009 3506 1064 ad
3527 1019 3676 1064 tuam

2081 1087 2321 1156 mensam
2362 1101 2646 1154 Dominum
2681 1100 2852 1170 ipsum
2899 1101 3156 1154 ca-lorum
3185 1114 3360 1154 voces.
3393 1099 3509 1154 Non
3541 1090 3678 1154 cru-

2083 1193 2255 1246 hescit
2298 1191 2562 1261 ejusmodi
2609 1191 2852 1246 convivia
2903 1191 3062 1245 Deus.
3107 1190 3206 1248 Ubi
3245 1207 3472 1261 namque
3513 1181 3676 1261 spiri-

2081 1284 2240 1338 tualis
2267 1283 2533 1350 doctrina,
2565 1285 2637 1338 ibi
2684 1292 2738 1338 et
2786 1285 3159 1353 temperantia,
3206 1293 3260 1338 et
3308 1285 3590 1360 modestia,
3617 1293 3674 1339 et.

2083 1377 2274 1434 lenitas
2299 1366 2316 1431 ἐ
2345 1377 2433 1432 ubi
2463 1378 2542 1431 vir
2587 1387 2639 1431 et
2671 1391 2805 1432 uxor
2833 1392 2895 1431 ac
2925 1377 3098 1442 liberi,
3142 1377 3427 1446 concordia
3455 1386 3510 1432 et
3531 1361 3676 1444 arui-

2083 1469 2207 1526 cilia
2254 1479 2307 1524 et
2351 1449 2566 1536 virtutis
2597 1468 2827 1524 vinculis
2877 1467 3078 1522 fuerint
3117 1469 3372 1538 colligati,
3417 1467 3524 1522 illic
3549 1457 3672 1524 ver-

2084 1567 2234 1616 satur
2261 1561 2311 1614 in
2341 1549 2519 1614 medio
2548 1543 2810 1614 Christus.
2841 1547 2958 1612 Non
2988 1559 3128 1612 enim
3161 1548 3384 1612 aureum
3419 1541 3676 1628 laqueare-

2084 1652 2297 1722 quaerit,
2327 1636 2428 1705 nec
2453 1651 2825 1706 columnarum
2859 1635 3118 1720 fulgorem
3141 1693 3154 1708 .
3187 1665 3358 1718 neque
3389 1639 3675 1706 marmoris

2086 1744 2572 1815 pulchritudinem,
2602 1743 2695 1797 sed
2729 1743 2924 1798 aninne
2967 1743 3213 1796 «Ιοοιιπ-ωιι
3241 1757 3305 1796 ac
3340 1744 3530 1796 nn-ntis
3559 1735 3676 1796 fori

2084 1843 2246 1904 mam,
2291 1850 2345 1894 et
2389 1854 2628 1892 mensam
2665 1838 2872 1908 justitia
2913 1837 3196 1906 refertam,
3227 1847 3282 1892 et
3315 1839 3674 1908 cleeinosyute

2086 1914 2347 1987 fructibus
2401 1917 2782 1986 abundantiam.
2831 1931 2984 1997 Quod
3125 1917 3364 1992 mensam
3410 1929 3674 1998 ejusmodi

2085 2025 2298 2102 viderit,
2330 2024 2610 2102 confusum
2652 2017 2914 2092 ejusmodi
2943 2031 3243 2077 conventus
3281 2023 3338 2075 ﬁt
3371 2023 3672 2091 particeps,

2084 2117 2215 2172 etin
2243 2101 2458 2171 euut-se
2504 2114 2680 2168 infert.
2730 2113 2844 2183 ipse
2871 2115 3012 2198 enim
3060 2123 3160 2190 est,
3206 2113 3294 2184 qui
3338 2113 3474 2168 dixit
3502 2131 3514 2166 :
3541 2101 3680 2174 Este;

2085 2212 2294 2265 rientem
2325 2226 2404 2263 me
2441 2193 2666 2276 vidistis,
2698 2219 2746 2262 et
2775 2193 2977 2262 aluistis
3009 2208 3220 2276 (Matth.
3249 2207 3338 2274 25.
3389 2199 3500 2274 35).
3541 2205 3676 2260 Cum

2085 2300 2246 2372 igitur
2275 2289 2499 2354 inferias
2530 2288 2718 2368 magna
2748 2313 2878 2353 voce
2904 2299 3224 2372 clamantem
3256 2285 3522 2372 audiveris
3547 2281 3679 2372 ικιιξξ

2087 2371 2292 2461 perem,
2322 2389 2518 2446 deinde
2552 2389 2824 2458 quidpiam
2871 2375 3056 2444 eorum
3107 2405 3228 2458 qua:
3275 2371 3518 2456 appOsita
3549 2371 3677 2442 sunt

2087 2484 2158 2539 de
2186 2499 2372 2540 mensa
2404 2498 2574 2554 egeno
2617 2483 2853 2547 dederis,
2888 2482 3168 2536 Dominum
3201 2482 3266 2536 ad
3299 2496 3537 2536 mensam
3575 2497 3674 2534 vo-

2087 2575 2219 2631 casti
2253 2590 2348 2645 per
2379 2591 2614 2640 servum,
2639 2583 2693 2628 et
2718 2574 2862 2628 illam
2893 2583 3054 2626 totam
3086 2573 3176 2626 Dei
3209 2571 3674 2628 benedictionibus

2089 2666 2380 2736 replevisti,
2411 2666 2712 2734 oblatisque
2743 2665 2989 2734 primitiis
3020 2665 3304 2718 maximam
3337 2665 3674 2718 occasionem

2089 2771 2174 2814 tua
2207 2760 2567 2829 promptuaria
2597 2758 2838 2828 plurimis
2862 2755 3162 2826 complendi
3192 2756 3348 2810 bouis
3375 2755 3674 2825 praebuisti.

2091 2852 2229 2907 Deus
2256 2859 2434 2906 autent
2461 2850 2604 2920 pacis
2624 2859 2678 2904 et
2700 2848 2961 2915 caritatis,
2985 2848 3074 2918 qui
3103 2847 3193 2902 dat
3222 2863 3412 2917 panem
3435 2849 3499 2900 ad
3525 2861 3678 2900 mau-

2088 2928 2420 3021 ducandum,
2459 2952 2513 2998 et
2537 2955 2721 2996 semen
2753 2937 3074 3005 semina‘nti,
3102 2948 3334 2993 vestram
3377 2946 3674 2992 sementem

2089 3015 2434 3105 multiplicet,
2467 3047 2521 3102 et
2543 3045 2735 3105 augeat
2773 3019 3101 3108 incrementa
3133 3017 3346 3104 frugum
3373 3019 3589 3100 jus-litim
3619 3017 3680 3106 in.

2089 3129 2338 3185 omnibus
2379 3115 2549 3191 vobis,
2593 3115 2744 3180 suam
2785 3124 2919 3180 dans
2960 3125 3210 3195 gratiam,
3261 3139 3463 3194 vosque
3511 3139 3676 3200 regno

2088 3221 2341 3276 catlorum
2382 3219 2628 3290 dignetur
2676 3205 2755 3290 (2.
2802 3207 2919 3272 Cor.
2959 3216 3012 3271 9.
3057 3215 3147 3286 10)
3181 3232 3195 3268 :
3235 3214 3388 3285 cujus
3429 3229 3526 3268 nos
3553 3201 3682 3284 par-I

2091 3316 2277 3384 tieipes
2309 3315 2426 3369 ﬁeri
2467 3313 2740 3381 contingat
2761 3351 2776 3376 ,
2802 3310 2968 3380 gratia
2999 3319 3053 3364 et
3087 3303 3420 3378 benignitate
3469 3309 3675 3361 homini

2091 3405 2260 3460 nostri
2289 3403 2414 3459 Jesu
2447 3403 2681 3469 Christi,
2718 3389 2814 3472 per
2837 3415 2995 3470 quem
3024 3409 3078 3478 et
3105 3415 3225 3454 enm
3251 3415 3354 3470 quo
3379 3399 3544 3469 gloria
3573 3387 3682 3452 Pa;

2090 3497 2187 3563 tri,
2220 3505 2273 3551 et
2303 3496 2523 3565 Spiritui
2551 3503 2757 3557 saneto,
2787 3508 2931 3550 nunc
2956 3501 3010 3550 et
3039 3481 3253 3562 semper
3271 3533 3286 3557 ,
3315 3501 3368 3556 et
3397 3491 3452 3566 iu
3479 3492 3674 3548 saecula

2090 3589 2429 3644 saeculorum.
2461 3587 2652 3641 Amen.
3331 3569 3336 3576 ’
3675 3571 3680 3575 ’

2677 3679 2910 3736 SERMO
2951 3678 3084 3734 Vlll.

2095 3773 2156 3827 In
2201 3773 2332 3828 diem
2374 3772 2689 3837 nimbosum,
2719 3781 2765 3826 et
2805 3772 2860 3825 in
2904 3781 3200 3825 conventum
3227 3769 3599 3840 episc0porunt,
3629 3778 3678 3822 et

2163 3866 2226 3918 de
2267 3865 2507 3918 mandato
2555 3863 2692 3934 quod
2721 3863 2961 3916 traditum
3011 3871 3082 3914 est
3137 3853 3354 3925 Adamo,
3386 3875 3680 3932 magnaeque

2164 3941 2488 4025 piovidentiaz
2513 3955 2667 4024 fuisse
2693 3954 2828 4024 quod
2852 3955 3011 4024 legem
3038 3951 3303 4021 acceperit.

2166 4035 2218 4101 1.
2249 4047 2474 4101 Nubittm
2507 4033 2720 4116 quidem
2761 4059 3051 4098 concursus
3080 4045 3220 4098 diem
3251 4042 3406 4097 nobis
3449 4041 3682 4096 reddidit

2095 4141 2382 4196 tristiorem
2416 4161 2428 4196 :
2459 4125 2718 4212 adventus
2763 4123 2939 4194 autem
2980 4127 3214 4196 ductoris
3259 4135 3333 4208 (a)
3369 4135 3678 4189 hilariorem

2095 4213 2615 4288 illumcifecit.‘Non
2643 4221 2782 4283 enim
2815 4213 2883 4282 ita
2910 4227 3013 4292 sol,
3055 4213 3173 4283 eum
3203 4213 3280 4280 de.
3313 4219 3490 4279 medio
3516 4211 3686 4278 etcloJ

2095 4340 2210 4378 rum
2239 4321 2447 4392 fastigio
2491 4321 2668 4388 radios
2717 4320 2934 4386 emittit,
2962 4333 3188 4389 corpora
3236 4318 3489 4394 illustrat,
3533 4325 3680 4370 uth

2095 4413 2273 4488 medio
2316 4427 2414 4467 suo
2445 4409 2637 4484 throno
2683 4409 2842 4482 facies
2893 4418 3126 4479 paternae
3169 4397 3404 4463 caritatis
3431 4403 3688 4474 eminens

2094 4487 2294 4569 radios,
2326 4489 2531 4557 animas
2553 4511 2763 4561 nostras
2789 4503 3066 4557 illuminat.
3096 4487 3246 4569 Quod
3268 4515 3388 4556 cum
3413 4500 3522 4576 ipse
3543 4515 3682 4576 quo-7

2093 4583 2198 4668 que
2231 4597 2394 4666 probe
2441 4605 2644 4662 nosset,
2691 4612 2794 4650 non
2841 4595 2995 4650 nobis
3039 4595 3185 4649 solus
3223 4575 3458 4660 advenit,
3490 4593 3583 4648 sed
3626 4575 3683 4648 et

2097 4680 2436 4744 luminarium
2467 4677 2607 4742 coetu
2633 4688 2915 4742 comitatus
2945 4687 3166 4756 appulit,
3200 4697 3256 4740 ut
3285 4688 3372 4741 lux
3405 4687 3560 4741 nobis
3585 4673 3718 4739 cui;

2101 4767 2622 4852 piosior‘aﬁ‘ulgeret.
2650 4779 2766 4845 Quo
2797 4778 2851 4832 ﬁt
2881 4787 2937 4832 ut
2963 4779 3114 4834 nobis
3147 4781 3355 4833 laetetur
3382 4777 3606 4833 ecclesia
3629 4787 3682 4832 et

2095 4872 2362 4928 exsultent
2395 4867 2618 4941 greges,
2653 4863 2856 4946 nosque
2902 4870 3088 4940 majori
3118 4885 3237 4924 cum
3268 4869 3540 4954 alacritate
3569 4882 3684 4922 ser-

2095 4979 2309 5036 monent
2352 4963 2707 5038 instituamus.
2756 4962 2854 5022 Ubi
2900 4962 3043 5016 enim
3089 4971 3361 5032 pastorum
3391 4975 3698 5046 concursus

2095 5070 2198 5124 est,
2229 5059 2337 5112 illic
2365 5043 2419 5112 et
2448 5057 2627 5124 ovium
2657 5067 2740 5126 est
2777 5043 3060 5126 securitas].
3107 5056 3179 5109 lta
3209 5039 3388 5110 natiue
3416 5041 3684 5118 ltct'antnr,

2096 5147 2217 5207 cum
2268 5140 2447 5219 plures
2501 5137 2605 5204 illis
2667 5149 2862 5216 adsunt
2907 5135 3490 5217 gubernatores:dum
3541 5145 3682 5200 enim

2100 5243 2261 5296 maris
2289 5241 2642 5310 tranquillitas
2668 5250 2722 5294 et
2766 5241 2906 5302 aeris
2937 5249 3018 5294 est
3041 5241 3322 5304 serenitas,
3349 5238 3685 5316 gubernacu-

2101 5335 2272 5389 lorum
2304 5331 2542 5387 subsidio
2589 5319 2824 5385 laborem
2867 5331 2970 5384 illis
3001 5319 3373 5399 remigationis'
3407 5329 3603 5390 levant,
3631 5333 3688 5380 et

2099 5425 2227 5480 dum
2282 5437 2430 5479 mare
2475 5421 2724 5493 procellis
2771 5415 3022 5490 agitatur,
3069 5429 3184 5475 arte
3231 5435 3294 5474 ac
3346 5417 3688 5498 multitudine

2099 5530 2381 5585 operarum
2408 5514 2650 5585 praelium
2675 5511 2932 5566 undarum
2955 5512 3160 5566 sedant.
3187 5510 3388 5566 Idcirco
3411 5499 3506 5564 nos
3527 5509 3698 5590 etiam!

2101 5609 2434 5663 conﬁdenter
2474 5606 2696 5661 docendi
2727 5621 2884 5660 causa
2917 5619 3221 5661 sermonem
3253 5603 3610 5674 aggredimur.
3636 5612 3687 5656 et

2105 5689 2342 5772 ipsorum
2407 5701 2652 5770 precibus
2701 5711 2888 5753 cuncta
2939 5698 3340 5753 Committimus.
3377 5681 3458 5750 'Ut
3513 5707 3696 5774 autent

2167 5797 2240 5858 (ιι)
2277 5801 2342 5842 De
2362 5792 2578 5841 Flaviano
2603 5790 2830 5853 loquitur.
