4146 6260
418 327 522 381 6ἰό

417 446 660 500 δύναται
681 446 977 500 εἰσελθεῖν
991 449 1077 512 είς
1095 446 1210 515 τὴν
1224 448 1554 512 ,ϐασιλείαν
1569 445 1686 500 τῶν
1700 447 1970 514 οὐρανῶν

417 538 480 590 Εἰ
500 538 678 590 τοίνυν
710 537 990 606 βασιλείαν
1027 539 1271 610 οὐρανῶν
1322 537 1713 608 ἐπηγγείλατο,
1765 541 1845 601 εἰς
1891 555 1995 590 πα-

419 627 662 696 ράδεισον
707 627 762 679 δέ
796 629 1057 698 εἰσήγαγε
1086 627 1177 681 τὸν
1203 628 1428 701 λῃστὴν,
1460 629 1674 681 οὐδέπω
1717 628 1997 684 ἀπέδωκεν

417 716 564 785 αὐτῷ
590 717 656 769 τά
691 717 890 785 ἀγαθά.

431 797 434 800 λ
501 808 638 860 Ἀλλ’
670 807 856 878 ἕτερόν
885 826 936 861 τι
959 809 1096 878 πρὸς
1138 808 1296 861 τοῦτο
1325 809 1564 878 λέγουσι.
1602 810 1706 862 Τὸν
1733 811 1995 882 παράδει-

419 915 531 971 σον,
577 898 757 964 φασὶν,
788 898 1041 963 ἐνταῦθα,
1085 900 1145 951 οὐ
1177 901 1266 972 τὸν
1303 901 1632 970 παράδεισοι
1665 897 1839 975 εἶπεν,
1863 902 2001 974 ἀλλά

417 975 494 1057 τῷ
520 987 614 1040 τοῦ
652 978 979 1058 παραδείσου
1008 974 1234 1056 ὀνόματι
1267 990 1364 1065 τήν
1396 975 1670 1058 βασιλείαν
1700 975 1807 1064 τῶν
1837 992 2001 1065 οὐρα-

419 1078 525 1163 νῶν
553 1077 856 1148 ὠνόμασεν.
906 1079 1127 1162 Ἐπειδὴ
1155 1063 1427 1168 γάρλπρὸς
1463 1081 1665 1154 λῃστὴν
1710 1063 1998 1160 διελέγετο,

420 1169 701 1238 ἄνθρωπον
747 1169 899 1222 οὐδὲν
946 1171 1222 1242 ἀκηκοότα
1270 1171 1378 1226 τῶν
1423 1171 1642 1242 ὑψηλῶν
1696 1171 1999 1241 δογμάτων,

419 1259 540 1312 οὐδὲ
562 1259 737 1312 εἰδότα
769 1262 899 1337 περὶ
932 1240 1297 1332 προφητείας,
1322 1261 1458 1329 ἀλλά
1487 1240 1664 1328 πάντα
1696 1261 1788 1313 τὸν
1813 1247 2004 1332 χρόνον

420 1338 482 1396 ἐν¹
496 1344 749 1415 ἐρημίαις
772 1339 1148 1421 διατρίψαντα,
1166 1349 1262 1427 καὶ
1280 1337 1472 1426 φόνους
1494 1351 1892 1420 ἐργασάμενον,
1911 1353 2004 1427 καὶ.

429 1435 561 1521 μηδέ
601 1438 1001 1510 παρακύψαντά
1027 1429 1160 1508 ’ποτε
1204 1443 1284 1504 εἰς
1315 1441 1634 1521 ἐκκλησίαν,
1669 1442 1804 1521 μήτε
1841 1457 2004 1512 μετα-

426 1514 622 1597 σχόντα
651 1530 797 1612 θείας
823 1533 1160 1604 ἀκροάσεως,
1184 1533 1258 1617 μή
1280 1535 1457 1615 εἰδότα
1483 1535 1536 1587 τί
1556 1514 1687 1589 ποτέ
1714 1514 1828 1608 ἐστι
1853 1535 2004 1610 βασι-

425 1617 542 1702 λεία
575 1614 683 1674 τῶν
709 1621 976 1694 οὐρανῶν,
1013 1623 1171 1679 τοῦτο
1199 1613 1382 1695 ἔλεγεο
1411 1613 1681 1706 Σήμερον
1703 1626 1830 1695 μετ’
1860 1627 2004 1697 ἐμοῦ

423 1709 540 1778 ἕση
563 1711 632 1764 ἐν
653 1710 732 1776 τῷ
752 1713 1118 1782 παραδείσῳ·
1153 1715 1230 1786 τῷ
1249 1719 1653 1788 γνωριμωτέρῳ
1672 1721 1765 1773 καὶ
1789 1719 2008 1790 συνηθε-

427 1801 601 1882 στέρῳ
633 1801 782 1875 [682]
810 1803 1033 1876 ὀνόματι
1065 1804 1160 1858 τοῦ
1200 1809 1532 1882 παραδείσου
1580 1796 1679 1880 τήν
1727 1811 2004 1881 βασιλείαν

555 1894 797 1962 οὐρανῶν
829 1895 997 1970 δηλοῖ,
1021 1899 1115 1951 καὶ
1148 1917 1212 1951 πε
1223 1899 1275 1974 ρὶ
1295 1902 1506 1970 ἐκείνης
1533 1902 1680 1982 αὐτῷ
1699 1885 2004 1972 διαλέγεται

424 1983 452 2034 6
480 1983 732 2053 Χριστός.
781 1987 1038 2056 Δέχομαι.
1068 1986 1300 2052 Οὐκοῦν,
1336 1992 1521 2065 φησιν,
1551 1993 1766 2062 εἰσῆλθε
1799 1997 1878 2059 είς
1907 1995 2006 2065 τὴν

428 2075 701 2145 βασιλείαν
730 2079 838 2132 τῶν
886 2075 1153 2150 οὐρανῶν.
1194 2067 1365 2153 Πόθεν
1397 2083 1587 2153 δῆλον;
1637 2083 1722 2151 Ἐξ
1750 2079 1823 2137 ὧν
1861 2081 2003 2150 εἷπε,

425 2164 692 2232 Σήμερον
721 2168 848 2235 μετ’
884 2155 1030 2236 ἐμοῦ
1073 2155 1295 2236 ἔσῃ’ἐν
1318 2169 1399 2242 τῷ
1429 2155 1790 2238 παραδείσῳ.
1839 2172 1899 2223 Εἰ
1949 2172 2006 2244 δὲ

429 2255 708 2331 βιαιοτέρα
739 2258 772 2327 ἡ
803 2257 958 2320 λύσις
987 2257 1125 2329 αῦτη
1149 2301 1164 2324 ,
1208 2260 1306 2331 τὴν
1342 2259 1678 2334 σαφεστέραν
1711 2264 2002 2334 ἐπάξομεν.

431 2345 494 2396 Τί
541 2342 633 2398 οὖν
681 2347 828 2400 ἐστιν
869 2335 1044 2419 αὔτη;
1092 2347 1259 2404 Εἶπεν
1303 2353 1331 2404 6
1375 2344 1630 2424 Χριστὸς,
1676 2355 1730 2408 Ὁ
1772 2344 1857 2424 μὴ
1913 2372 2008 2426 πι-

429 2437 662 2521 στεύων
696 2439 785 2502 εἰς
821 2438 930 2491 τὸν
970 2426 1131 2504 Υίὸν,
1174 2440 1290 2509 ἤδη
1320 2443 1605 2512 κέκριται.
1634 2446 1698 2498 Τί
1732 2443 1856 2513 οῦν;
1905 2448 2005 2520 ἤδη

430 2528 711 2599 κέκριται;
743 2529 934 2583 Καίτοι
961 2530 1114 2584 οὔπω
1149 2533 1466 2598 ἀνάστασις,
1495 2535 1648 2589 οὔπω
1674 2539 1889 2602 κόλασις
1913 2532 2008 2592 καὶ

430 2609 667 2693 τιμωρία
685 2636 699 2649 ο
730 2620 847 2684 πῶς
869 2619 962 2674 οῦν
989 2623 1086 2696 ἤδη
1117 2625 1402 2694 κέκριται;
1433 2626 1566 2680 Ἀπὸ
1592 2628 1689 2698 τῆς
1710 2629 2002 2700 ἁμαρτίας,

429 2711 540 2784 Καὶ
568 2711 670 2765 πάλ
680 2728 747 2776 ιν,
779 2713 840 2773 'Q
855 2715 1159 2772 πιστεύων
1185 2718 1273 2783 εἰς
1287 2717 1395 2770 τὸν
1419 2718 1576 2790 Υἱὸν,
1597 2704 2006 2788 φησ“ι,ρεταϐἐ-

429 2791 610 2885 ιῖηκεν
631 2803 698 2856 ἐκ
730 2804 836 2885 τοῦ
868 2805 1125 2883 θανάτου
1154 2810 1242 2876 είς
1268 2809 1384 2878 τὴν
1413 2810 1582 2878 ζωήν.
1613 2812 1721 2866 Καὶ
1739 2813 1838 2866 οὐκ
1861 2809 2003 2878 εἷπε,

433 2880 838 2976 ίξεταδήσετάι,
878 2880 1013 2974 ᾇλλ’,
1068 2898 1170 2970 ήδη
1236 2900 1600 2978 μεταϐέϐηκε
1633 2916 1647 2931 ⁸
1707 2903 1801 2954 καὶ
1854 2896 2008 2965 οὗτος

433 2983 592 3048 πάλιν
616 2985 725 3038 ἀπὸ
744 2985 836 3038 τοῦ
867 2987 1306 3058 κατορθώματος,
1331 2991 1578 3051 κάκεῖνος
1598 2989 1756 3044 πάλιν
1782 2991 1889 3043 ἀπὸ
1912 2991 2009 3052 τοῦ

436 3075 849 3147 ἁμαρτήματος.
882 3063 1206 3147 Ὤσπερόὗν
1241 3080 1447 3144 ἐκεῖνος
1482 3081 1754 3151 κέκριται,
1780 3082 2009 3153 μηδέπω

437 3165 773 3237 κρινόμενος,
807 3168 1056 3232 κάκεῖνος
1080 3170 1453 3241 μεταϐέϐηκεν
1483 3173 1562 3234 εἰς
1587 3173 1686 3242 τὴν
1706 3171 1870 3243 ζωὴν,
1907 3190 2012 3244 μη-

433 3258 582 3321 δέπω
631 3259 905 3331 μετασὰς,
959 3262 1224 3331 καὶπρὸς
1277 3264 1482 3317 ἐκεῖνον
1531 3265 1639 3317 ἀπὸ
1685 3265 1775 3317 τοῦ
1817 3281 2012 3334 κατορο

437 3349 706 3421 θώματος,
753 3354 847 3407 καὶ
886 3354 1023 3426 πρὸς
1059 3356 1246 3409 τοῦτον
1293 3356 1401 3411 ἀπὸ
1456 3357 1552 3410 τοῦ
1592 3358 2007 3429 ἁμαρτήματος,

432 3442 508 3520 ῶς
541 3447 921 3517 γεγενημένων
963 3449 1028 3520 δὴ
1079 3449 1419 3521 πραγμάτων
1454 3449 1605 3504 οὔπω
1631 3451 2010 3522 γεγενημένων

434 3533 774 3605 διαλέγεταιο
813 3537 956 3592 οὔτω
1001 3540 1094 3593 καὶ
1132 3541 1268 3610 πρὸς
1296 3541 1388 3596 τὸν
1442 3541 1646 3614 λῃστὴν
1691 3544 1866 3612 ἔλεγε.
1900 3545 2011 3598 Καὶ

435 3623 545 3695 γάρ
575 3625 624 3678 οἰ
655 3627 850 3697 ἰατροὶ,
877 3628 1096 3682 ἐπειδὰν
1119 3630 1269 3683 ῑδωσί
1295 3647 1418 3683 τινα
1454 3632 1897 3702 ἀπεγνωσμένον,
1925 3632 2010 3686 λέ.-

435 3731 644 3783 γουσιν,
677 3719 760 3771 ὅτι
799 3718 900 3788 ήδη
937 3720 1165 3790 τέθνηκε
1200 3721 1294 3774 καὶ
1333 3722 1524 3792 νεκρός
1570 3723 1704 3785 ἐστι,
1736 3723 1911 3776 καίτοι
1947 3740 2012 3791 γε

440 3803 521 3857 ἔτι
542 3806 847 3875 ἐμπνέοντα
867 3807 1175 3875 βλέποντες.
1201 3809 1340 3860 Ἀλλ’
1362 3808 1552 3878 ῶσπερ
1572 3811 1797 3874 ἐκεῖνος,
1823 3812 2012 3883 ἐπειδὴ

441 3894 629 3948 ἐλπίδα
647 3896 919 3966 σωτηρίας
939 3897 1039 3948 οὐκ
1058 3896 1191 3966 ἔχει,
1213 3897 1440 3967 τέθνηκε
1470 3898 1621 3966 παρά
1646 3901 1755 3961 τοῖς
1786 3901 2010 3969 ἰατροῖς

440 3985 584 4064 οὔτω
611 3986 706 4038 καὶ
745 3986 774 4037 6
798 3973 1019 4056 λῃστής,
1051 3987 1237 4058 ἐπειδὴ
1289 3988 1615 4058 προσδοκίαν
1642 3988 1823 4040 οὐκέτι
1869 3984 2014 4059 εἶχεν

441 4066 792 4148 ὑποστροφῆς
805 4078 882 4138 εἰς
899 4067 1193 4143 ἀπώλειαν,
1207 4079 1549 4151 εἰσελήλυθεν
1566 4081 1646 4142 εἰς
1659 4079 1748 4131 τὸν
1764 4079 2011 4150 οὐρανόν.

443 4165 599 4224 Οὕτω
629 4172 721 4224 καὶ
747 4171 783 4253 6_
818 4172 988 4253 Ἀδὰμ
1018 4157 1270 4253 ἤκουσεν,
1306 4163 1380 4251 ἸΓῌ
1408 4173 1460 4227 δ’
1485 4172 1562 4227 ἂν
1582 4173 1772 4243 ἡμέρᾳ
1789 4172 2014 4244 φάγητε

441 4261 559 4322 ἀπὸ
585 4261 691 4316 τοῦ
717 4247 927 4342 ξύλω),
951 4247 1186 4332 θανάτῳ
1205 4247 1620 4342 ά.τζοθανεῖσθε.
1645 4265 1710 4317 Τί
1734 4261 1848 4331 οὖν,
1875 4265 2012 4337 αὐτῇ

441 4341 507 4428 τῇ
541 4353 724 4424 ἡμέρᾳ
744 4340 1010 4422 ἀπέθανεν
1029 4372 1043 4421 ;
1067 4340 1329 4428 Οὐδαμῶς
1350 4346 1500 4420 ’ἀλλ’
1515 4356 1708 4426 ἔζησεν
1725 4357 1817 4428 έτη
1839 4360 2016 4410 ἐννεα-

445 4427 602 4518 κὸσια
618 4445 709 4496 καὶ
736 4442 991 4509 ἐπέκεινα
1017 4442 1154 4518 μετὰ
1167 4427 1269 4514 ’τήν
1288 4445 1498 4517 ἡμέραν
1519 4445 1750 4518 ἐκείνην.
1777 4446 1901 4508 Πῶς
1921 4443 2014 4500 οὖν

445 4517 628 4601 ἔλεγεν
681 4533 706 4586 6
757 4521 1033 4618 Θεὸς,’ὃτι
1062 4538 1142 4618 Τῇ
1189 4523 1324 4618 αὐτῇ
1379 4517 2011 4617 η’μέρα’ἀποθαεθεῖσθε;

446 4623 526 4702 τῇ
579 4625 875 4694 ἀποφάσει,
929 4627 987 4679 οὐ
1029 4615 1128 4696 ’τῇ
1161 4615 1350 4699 πείρᾳ.
1405 4615 1560 4682 Οὐτω
1609 4630 1704 4682 καὶ
1741 4630 1768 4680 6
1811 4622 2015 4700 λῃστής

447 4705 694 4794 είσῆλθεν
727 4715 807 4777 εἰς
834 4708 925 4768 τὸν
950 4707 1194 4787 οὐρανόν.
1230 4719 1495 4770 Ἄκουσον
1519 4717 1647 4786 γοῦν
1694 4716 1748 4792 τί
1790 4734 1952 4788 φησιν
1986 4719 2014 4770 6

448 4804 678 4879 ῌαῦλος,
712 4798 888 4875 δηλῶν
931 4804 1220 4882 ὃτι”οὐδεὶς
1254 4805 1464 4882 οὐδέπω
1493 4806 1606 4874 τῶν,
1634 4806 1852 4875 ἀγαθῶν
1881 4808 2015 4879 ἀπέ-

447 4884 580 4976 λαϐε
606 4895 705 4968 τὴν
722 4881 1020 4973 ἀντίδοσινο
1051 4897 1180 4966 περὶ
1207 4897 1316 4968 γὰρ
1339 4881 1454 4971 τῶν
1477 4899 1771 4974 προφητῶν
1794 4898 2014 4976 καὶτῶν

447 4974 670 5061 δικαίων
709 4986 1086 5058 διαλεγόμενος
1129 4989 1402 5059 ἐπὴγᾳγε³
1437 4993 1597 5055 Κατα
1619 4988 1828 5056 πίστιν
1851 4974 2006 5042 ἀπέ-

450 5060 636 5157 (iqu
656 5075 819 5149 οὗτοι
840 5078 1063 5158 πάντες
1090 5073 1182 5149 μὴ
1208 5079 1593 5150 κομισάμενοι
1637 5080 1743 5146 τὰς
1770 5083 2017 5152 ἐπαγγε-

449 5155 788 5250 dictam
818 5155 1120 5242 πόρρωθεν
1140 5173 1364 5240 εἰδότες
1390 5171 1577 5238 αὑτὰς
1615 5174 1711 5228 καὶ
1734 5176 2015 5231 ἀσπασά-

445 5282 637 5334 μενοι,
666 5263 774 5318 τοῦ
814 5263 961 5317 Θεοῦ
993 5263 1278 5333 κρεῖσσόν
1311 5283 1364 5318 τι
1405 5267 1537 5334 περὶ
1571 5265 1738 5335 ἡμῶν
1769 5271 2015 5335 προϐλεο

451 5355 748 5424 ⁴φαμένου,
780 5355 881 5409 ἵνα
905 5354 990 5425 μὴ
1013 5356 1192 5424 χωρὶς
1222 5355 1392 5424 ἡμῶν
1415 5357 1787 5411 τελειωθῶσι.
1834 5357 2021 5411 Ταῦτα

454 5449 735 5518 κατέχετε,
773 5447 868 5500 καὶ
920 5445 1220 5517 μέμνησθε,
1279 5449 1372 5500 καὶ
1410 5449 1534 5510 τοὺς
1580 5449 1679 5502 οὐκ
1717 5448 2020 5515 ἀκηκοότας

454 5546 760 5600 διδάσκετε·
790 5542 960 5597 ταῦτα
980 5544 1074 5596 καὶ
1099 5544 1157 5595 ἐν
1186 5543 1470 5613 ἐκκλησίᾳ,
1499 5544 1591 5596 καὶ
1620 5545 1677 5595 ἐν
1706 5544 1900 5614 ἀγορᾷ,
1926 5544 2020 5596 καὶ

457 5641 514 5691 ἐν
569 5637 714 5706 οἰκία
771 5636 1046 5708 μελετάτω
1093 5636 1342 5698 ἕκαστος.
1392 5635 1556 5687 Οὐδὲν
1609 5633 1716 5706 γὰρ
1765 5635 2020 5706 ἡδύτερον

459 5731 770 5804 ᾀκροάσεως
806 5728 972 5792 θείας.
1014 5729 1278 5782 ’Ἄκουσον
1301 5727 1428 5796 γοῦν
1462 5728 1512 5782 τί
1553 5746 1682 5799 φησι
1727 5731 1852 5800 περὶ
1894 5728 2020 5782 ταύ-

1610 323 1676 378 IN
1718 322 2016 380 GENESIM
2065 324 2296 383 SERMO
2339 327 2470 386 Vill.

3564 335 3668 391 616

2102 465 2201 518 της
2227 451 2255 500 ὁ
2284 450 2568 522 Προφήτης
2591 467 2604 482 ·
2657 452 2750 517 Ὠς
2789 452 3011 523 γλυκέα
3047 453 3123 520 τῷ
3160 454 3413 524 ,λάρυγγί
3438 472 3556 524 μου
3601 457 3671 509 τὰ

2096 531 2272 598 λόγια
2302 548 2439 598 σου,
2464 534 2616 600 ὑπὲρ
2639 534 2780 603 μέλι
2805 536 2900 587 καί
2925 537 3138 603 κηρίον
3165 537 3243 602 τῷ
3257 537 3513 606 στόματί
3525 555 3667 606 μου.

2099 612 2267 666 Τοῦτο
2292 614 2468 668 τοίνυν
2501 617 2792 686 παρατίθει
2836 618 2897 669 τὸ
2926 619 3114 688 κηρίον
3147 619 3239 671 ἐπὶ
3263 623 3362 690 τῆς
3395 618 3672 690 τραπέζης

2097 695 2194 764 τῆς
2225 697 2536 770 ἑσπερινῆς,
2570 698 2709 752 ὥστε
2747 701 2925 752 πᾶσαν
2961 701 3130 770 αὐτὴν
3169 701 3357 771 ἡδονῆς
3385 702 3670 772 πληρῶσαι

2100 787 2493 856 πνευματικῆς.
2527 789 2637 858 Οὐχ
2665 790 2824 858 ὁρᾶτε
2859 791 2984 853 τοὺς
3021 789 3283 859 εὐπόρους
3310 790 3418 842 τῶν
3457 789 3670 860 ἀνθρώ-

2101 887 2238 933 πων,
2273 873 2389 936 πῶς
2435 874 2572 942 μετὰ
2625 876 2689 928 τά
2736 875 2877 928 σιτία
2923 875 3253 947 κιθαρῳδοὺς
3295 877 3389 929 καὶ
3433 876 3670 946 αὐλητάς

2102 962 2482 1039 ἐπεισάγουσι;
2539 963 2774 1033 Θέατρον
2830 967 3026 1018 ἐκεῖνοι
3076 967 3286 1020 ποιοῦσι
3322 968 3422 1038 τὴν
3469 967 3674 1020 ἐαυτῶν

2101 1049 2296 1102 οἰκίαν·
2329 1051 2392 1102 σύ
2417 1051 2638 1120 ποίησον
2662 1051 2758 1122 τὴν
2785 1053 2960 1106 οἰκίαν
2987 1052 3085 1123 τὴν
3119 1053 3216 1124 σὴν
3248 1053 3488 1125 οὐρανόν·
3523 1056 3678 1122 ποιή-

2105 1152 2218 1198 σεις
2250 1135 2328 1201 δὲ,
2373 1125 2641 1206 οὐχίτοὺς
2677 1137 2887 1207 τοίχους
2922 1139 3186 1208 ἀμείϐων,
3220 1139 3339 1193 οὐδὲ
3379 1139 3676 1210 μεταλλάτο

2102 1210 2210 1274 των
2235 1221 2302 1274 τὰ
2324 1221 2568 1292 θεμέλια,
2605 1223 2718 1277 ἀλλ’
2750 1223 2912 1298 αὐτὸν
2937 1225 3029 1277 τὸν
3062 1225 3170 1278 τῶν
3201 1227 3440 1296 οὐρανῶν
3471 1227 3677 1292 Δεσπό-

2103 1325 2203 1378 την
2235 1309 2327 1362 ἐπὶ
2357 1309 2455 1381 τήν
2487 1310 2762 1380 τράπεζαν
2801 1311 2979 1363 καλῶν
2995 1311 3091 1381 τὴν
3125 1313 3242 1381 σήν.
3276 1313 3390 1365 Οὐκ
3418 1312 3679 1382 ἐπαισχύ-

2107 1411 2256 1447 νεται
2280 1395 2348 1449 τὰ
2369 1397 2591 1451 τοιαῦτα
2615 1397 2803 1450 δεῖπνα
2831 1399 2858 1450 6
2883 1397 3210 1460 Θεός.Ἐνθα
3239 1399 3346 1468 γὰρ
3366 1400 3680 1454 διδασκαλία

2108 1483 2472 1552 πνευματικὴ,
2505 1485 2620 1538 ἐκεῖ
2650 1486 2744 1538 καὶ
2769 1483 3110 1556 σωφροσύνη,
3142 1486 3235 1538 καὶ
3269 1486 3550 1555 σεμνότης.
3585 1487 3682 1542 καὶ

2107 1569 2393 1622 ἐπιείκεια·
2435 1571 2563 1623 ἔνθα
2589 1573 2728 1644 ἀνὴρ
2761 1572 2855 1625 καὶ
2887 1571 3020 1642 γυνὴ
3046 1573 3139 1626 καὶ
3166 1572 3369 1638 παιδία,
3402 1571 3547 1644 [685]
3587 1573 3680 1625 καὶ

2106 1657 2326 1726 ὁμόνοια
2359 1659 2453 1711 καὶ
2475 1659 2644 1726 φιλία,
2687 1661 2781 1712 καὶ
2809 1661 2923 1722 τοῖς
2951 1661 3047 1729 τῆς
3085 1660 3283 1731 ἀρετῆς
3315 1660 3680 1730 συνδεδεμένοι

2105 1745 2345 1812 δεσμοῖς,
2398 1748 2514 1798 ἐκεῖ
2559 1747 2720 1816 μέσος
2770 1747 2799 1799 6
2851 1746 3104 1816 Χριστός.
3162 1747 3236 1798 Οὐ
3290 1746 3400 1817 γὰρ
3449 1746 3680 1817 χρυσοῦν

2106 1831 2301 1902 ὄροφον
2331 1831 2500 1902 ζητεῖ,
2525 1833 2644 1885 οὐδὲ
2661 1833 2944 1902 ἀστραπάς
2969 1832 3314 1892 κιόνων,οὐδέ
3339 1833 3506 1901 κάλλη
3540 1851 3682 1903 μαρ-

2109 1918 2323 1988 μάρων,
2357 1918 2491 1970 ἀλλὰ
2524 1919 2700 1989 ψυχῆς
2732 1919 2902 1989 ὥραν,
2934 1919 3028 1972 καὶ
3070 1918 3308 1981 διανοίας
3362 1917 3680 1988 εὐμορφίαν,

2107 2005 2200 2058 καὶ
2232 2005 2505 2077 τράπεζαν
2538 2005 2882 2075 δικαιοσύνης
2899 2005 3175 2076 γέμουσαν
3206 2005 3298 2057 καὶ
3316 1995 3683 2075 ἐλεημοσύνης

2107 2095 2351 2165 καρποὺς
2365 2093 2614 2164 ἔχουσαν.
2643 2094 2759 2148 Κᾶν
2777 2094 2861 2164 ἴδη
2885 2093 3137 2164 τοιαύτην
3159 2092 3455 2164 τράπεζαν,
3475 2093 3683 2162 ταχέως

2107 2183 2352 2234 κοινωνεῖ
2381 2181 2474 2234 τοῦ
2515 2180 2796 2249 συλλόγου,
2843 2183 2936 2236 καὶ
2982 2182 3360 2251 παραγίνεται.
3412 2183 3513 2235 Καἴ
3579 2181 3684 2251 γὰρ

2107 2267 2268 2332 αὐτός
2315 2268 2463 2340 ἐστιν
2510 2268 2539 2320 6
2585 2267 2844 2339 εἰρηκώς·
2889 2267 3188 2332 Πεινῶντά
3213 2285 3289 2337 με
3324 2269 3531 2331 εἴδετε,
3583 2267 3684 2328 καὶ

2107 2353 2414 2423 ἐθρέψατε.
2447 2355 2613 2407 Ὅταν
2661 2351 2755 2417 οὐν,
2781 2355 3021 2428 ἀκούσῃς
3053 2354 3281 2425 πένητος
3311 2355 3553 2416 κάτωθεν
3589 2372 3688 2424 με·-

2108 2442 2248 2509 γάλα
2279 2441 2529 2512 βοῶντος,
2566 2437 2686 2496 εἶτα
2731 2444 2838 2497 ἀπὸ
2883 2446 2982 2513 τῆς
3014 2443 3293 2514 τραπέζης
3320 2443 3428 2510 τῶν
3467 2459 3685 2512 προκει-

2111 2528 2287 2599 μένων
2338 2528 2442 2599 δῷς
2467 2548 2520 2582 τι
2571 2529 2649 2600 τῷ
2675 2530 2931 2600 δεομένῳ,
2978 2529 3068 2583 τὸν
3105 2529 3379 2599 Δεσπότην
3424 2529 3685 2592 ἐκάλεσας

2105 2618 2192 2690 διὰ
2221 2617 2314 2670 τοῦ
2341 2617 2531 2688 δούλου
2550 2619 2686 2689 πρὸς
2710 2619 2809 2686 τὴν
2835 2619 3111 2689 τράπεζαν
3131 2619 3226 2690 τὴν
3252 2618 3372 2689 σὴν,
3394 2620 3574 2680 πᾶσαν
3595 2617 3687 2671 αὐ-

2105 2706 2204 2775 τὴν
2234 2706 2492 2776 εὐλογιῶν
2527 2707 2848 2779 ἐνέπλησας,
2880 2709 2971 2761 καὶ
2993 2708 3080 2761 διὰ
3109 2708 3208 2778 τῆς
3234 2707 3487 2778 ἁπαρχῆς
3518 2707 3687 2781 ἀφορ-

2109 2793 2216 2863 μὴν
2249 2793 2513 2864 μεγίστην
2538 2794 2630 2848 τοῦ
2662 2793 3026 2865 πληθύνεσθαι
3046 2812 3129 2848 σοι
3150 2795 3218 2848 τά
3244 2797 3442 2865 ταμεῖα
3465 2793 3686 2862 ἀγαθῶν

2107 2879 2318 2932 πολλῶν
2366 2880 2808 2952 παρεσκεύασας.
2874 2882 2935 2932 Ὀ
2957 2881 3014 2934 δὲ
3057 2881 3188 2944 Θεὸς
3221 2882 3322 2952 τῆς
3374 2882 3620 2952 εἰρήνης,
3653 2882 3683 2934 6

2106 2965 2280 3040 διδοὺς
2316 2966 2478 3036 ἄρτον
2522 2968 2602 3030 εἰς
2635 2966 2856 3037 βρῶσιν,
2885 2967 2980 3028 καὶ
3016 2966 3236 3037 σπέρμα
3272 2966 3348 3036 τῷ
3383 2967 3680 3037 σπείροντι,

2110 3050 2371 3121 πληθύνοι
2397 3052 2489 3106 τὸν
2518 3053 2715 3123 σπόρον
2750 3053 2924 3124 ὐμῶν,
2971 3053 3064 3106 καὶ
3102 3052 3357 3121 αὐξήσειε
3399 3053 3466 3106 τὰ
3493 3053 3687 3122 γεννή-

2111 3152 2256 3212 ματα
2284 3137 2382 3207 τῆς
2410 3138 2753 3210 δικαιοσύνης
2782 3142 2840 3192 ἐν
2869 3141 3031 3206 πᾶσιν
3059 3140 3205 3218 ὑμῖν.
3237 3138 3333 3210 τὴν
3358 3141 3487 3210 παρ’
3519 3137 3687 3192 αὐτοῦ

2110 3223 2270 3304 χάριν
2305 3224 2498 3289 διδοὺς,
2537 3225 2628 3279 καὶ
2654 3225 3006 3295 καταξιώσειε
3037 3226 3134 3295 τῆς
3155 3224 3430 3294 βασιλείας
3458 3224 3569 3276 τῶν
3595 3225 3687 3277 οὐ-

2113 3311 2306 3385 ρανῶν·
2339 3307 2407 3385 ἧς
2440 3312 2649 3380 γένοιτο
2706 3313 2913 3374 πάντας
2965 3313 3115 3382 ἡμᾶς
3171 3313 3466 3381 ἐπιτυχεῖν,
3507 3312 3688 3382 χάριτι

2110 3386 2204 3470 καὶ
2235 3399 2613 3476 φιλανθρωπία
2652 3401 2745 3456 τοῦ
2775 3401 2978 3471 Κυρίου
3023 3401 3180 3472 ἡμῶν
3215 3400 3387 3470 Ἰησοῦ
3428 3398 3688 3471 Χριστοῦ,

2108 3486 2176 3554 δι’
2192 3483 2252 3543 οὗ
2280 3490 2370 3542 καὶ
2392 3489 2508 3559 μεθ’
2525 3484 2586 3543 οὔ
2603 3489 2726 3561 δόξα
2753 3488 2827 3560 τῷ
2845 3488 3037 3560 Πατρὶ,
3056 3489 3150 3540 καὶ
3177 3487 3254 3559 τῷ
3285 3488 3423 3558 ἀγίῳ
3438 3487 3691 3556 Πνεύμαη

2110 3593 2182 3644 τι,
2194 3576 2287 3632 νῦν
2305 3579 2398 3632 καὶ
2415 3578 2522 3643 ἀεὶ,
2538 3580 2630 3632 καὶ
2646 3580 2727 3646 εἰς
2743 3579 2868 3650 τοὺς
2897 3576 3098 3641 αἰῶνας
3125 3576 3233 3631 τῶν
3249 3577 3476 3631 αἰώνων.
3497 3576 3686 3646 Ἀμήν.

2738 3732 2958 3798 ΛΟΓΟΣ
2985 3729 3064 3799 nf-

2113 3836 2217 3898 Εἰς
2247 3834 2362 3901 τὴν
2380 3833 2606 3899 ἡμέραν
2621 3837 2914 3900 χειμέριον
2939 3831 3276 3901 οὖσαν,καί
3304 3835 3390 3896 εἰς
3414 3833 3527 3901 τὴν
3544 3835 3690 3885 σύν.

2182 3903 2326 3955 οδον
2359 3901 2477 3954 τῶν
2496 3902 2862 3964 ἐπισκόπων,
2895 3903 2991 3955 καὶ
3015 3905 3100 3967 εὶς
3115 3900 3230 3967 τὴν
3255 3901 3424 3953 δόσιν
3457 3900 3567 3968 τῆς
3594 3903 3691 3953 ἐν-

2181 3970 2367 4039 τολῆς
2393 3970 2541 4037 πρὸς
2564 3972 2671 4024 τὸν
2699 3971 2900 4039 Ἀδὰμ,
2933 3971 3030 4024 καὶ
3053 3971 3141 4033 ὅτι
3167 3971 3406 4040 πολλῆς
3438 3971 3688 4041 κηδεμο-

2181 4042 2315 4107 νίας
2346 4041 2451 4094 τὸν
2488 4041 2914 4110 νόμονλιιϐεὶν.

2182 4157 2250 4205 α’.
2277 4150 2342 4202 Ἡ
2361 4149 2459 4219 μὲν
2477 4149 2583 4202 τῶν
2607 4149 2782 4219 νεφῶν
2803 4149 3071 4222 συνδρομὴ
3088 4151 3182 4220 τὴν
3204 4149 3416 4222 ἡμέραν
3438 4151 3568 4220 ἡμῖν
3589 4169 3688 4202 κα-

2111 4237 2450 4307 τηφεστέραν
2476 4237 2748 4308 ἐποίησεν
2783 4238 2816 4306 ἡ
2843 4236 2897 4289 δὲ
2931 4228 3202 4309 παρουσία
3241 4238 3334 4290 τοῦ
3370 4237 3688 4302 διδασκάλου

2113 4324 2468 4394 φαιδροτέραν
2502 4323 2670 4394 αὐτὴν
2719 4322 3028 4394 εἰργάσατο.
3072 4325 3146 4376 Οὐ
3201 4323 3309 4394 γάρ
3341 4322 3510 4386 οὔτως
3542 4323 3690 4394 ἣλιος

2114 4409 2178 4461 ἐκ
2239 4409 2408 4478 μέσης
2465 4407 2574 4460 τῶν
2615 4409 2857 4479 οὐρανῶν
2891 4410 2991 4480 τῆς
3026 4413 3273 4480 κορυφῆς
3319 4411 3418 4474 τὰς
3469 4411 3690 4473 ἀκτῖνας

2112 4501 2312 4568 ἀφιεὶς,
2367 4499 2708 4570 καταλάμπει
2741 4501 2808 4553 τά
2861 4501 3106 4570 σώματα,
3136 4502 3210 4564 ῶς
3257 4501 3377 4570 ὄψις
3417 4502 3689 4573 πατρικῆς

2114 4588 2490 4659 φιλοστοργίας
2519 4589 2744 4652 ἀκτῖνας
2794 4590 3016 4656 ἀφιεῖσα
3057 4590 3121 4642 ἐκ
3159 4589 3322 4657 μέσου
3348 4588 3442 4642 τοῦ
3472 4590 3686 4658 θρόνου,

2114 4678 2445 4746 καταυγάζει
2469 4676 2566 4740 τὰς
2599 4678 2872 4748 ἡμετέρας
2897 4677 3094 4746 ψυχάς.
3123 4678 3298 4746 Ὅπερ
3340 4673 3432 4729 οὖν
3459 4679 3550 4729 καὶ⁴
3593 4678 3689 4734 αὐ-

2113 4767 2203 4829 τὸς
2237 4765 2482 4825 συνιδὼν,
2518 4765 2638 4834 οὐχὶ
2667 4765 2825 4834 μόνος
2848 4766 2977 4834 ἡμῖν
3008 4762 3402 4834 παραγέγονεν,
3427 4762 3560 4815 ἀλλὰ
3593 4764 3690 4834 καὶ

2117 4855 2302 4924 φωστή
2313 4871 2418 4924 ρων
2448 4853 2605 4923 χορὸν
2623 4854 2759 4922 ἔχων
2789 4848 2919 4923 ἦλθε
2952 4850 3072 4920 μεθ’
3102 4849 3312 4913 ἑαυτοῦ,
3343 4849 3482 4904 ὥστε
3527 4851 3689 4904 πλέον

2115 4940 2365 5008 γενέσθαι
2401 4940 2460 4991 τὸ
2491 4940 2624 5008 φῶς.
2683 4938 2773 4991 Διὸ
2800 4939 2894 4991 καὶ
2929 4940 2962 5007 ἡ
2997 4937 3261 5006 ἐκκλησία
3299 4938 3431 5006 ἡμῖν
3459 4936 3689 5004 ἀγάλλε-

2115 5045 2228 5094 ται,
2261 5028 2354 5081 καὶ
2379 5029 2575 5098 σκιρτᾷ
2606 5026 2676 5079 τὰ
2707 5027 2952 5096 ποίμνια,
2981 5027 3074 5078 καὶ
3099 5027 3257 5096 ἡμεῖς
3279 5025 3417 5094 μετά
3446 5025 3686 5089 πλείονος

2115 5117 2424 5190 προθυμίας
2449 5117 2555 5169 τῶν
2583 5117 2755 5184 λόγων
2794 5114 3093 5184 ἁπτόμεθα.
3135 5116 3306 5167 Ὅπου
3332 5115 3440 5184 γὰρ
3467 5114 3688 5182 συνδρο-

2119 5207 2190 5276 μὴ
2241 5205 2534 5274 ποιμένων,
2569 5205 2685 5256 ἐκεῖ
2731 5205 2823 5257 καὶ
2863 5203 3149 5272 προϐάτων
3196 5201 3477 5269 ἀσφάλεια.
3530 5199 3689 5252 Οὕτω

2114 5291 2207 5343 καὶ
2239 5291 2431 5344 ναῦται
2481 5290 2750 5360 χαίρουσι,
2798 5288 3143 5360 κυϐερνητῶν
3189 5289 3366 5349 αὐτοῖς
3408 5287 3689 5356 παρόντων

2118 5377 2349 5430 πολλῶν·
2405 5378 2496 5430 καὶ
2545 5379 2653 5448 γὰρ
2682 5378 2922 5448 γαλήνης
2951 5375 3117 5446 οὔσης
3155 5375 3249 5427 καὶ
3287 5373 3567 5442 νηνεμίας,
3599 5373 3688 5424 τὸν

2119 5465 2216 5534 τῆς
2241 5464 2594 5534 κωπηλασίας
2617 5465 2775 5518 πόνον
2806 5466 2988 5526 αὐτοῖς
3030 5461 3438 5528 ἐπικουφίζουσι
3465 5460 3550 5512 διὰ
3579 5458 3688 5512 τῶν

2120 5552 2340 5604 οἱάκωψ
2395 5555 2489 5605 καὶ
2535 5552 2630 5620 τῆς
2659 5550 2932 5620 θαλάσσης
2981 5547 3393 5616 στασιαζούσης,
3427 5549 3493 5617 τῇ
3525 5547 3689 5620 τέχνη

2123 5643 2216 5694 καὶ
2247 5644 2310 5711 τῇ
2373 5641 2687 5714 πολυχειρίᾳ
2721 5642 2819 5710 τὴν
2867 5641 2971 5692 τῶν
3016 5639 3222 5692 ὐδάτων
3269 5638 3688 5691 καταστέλλουσι

2129 5729 2322 5802 μάχην.
2361 5730 2458 5784 Διά
2512 5730 2666 5784 τοῦτο
2703 5733 2794 5784 καὶ
2826 5731 2984 5801 ἡμεῖς
3014 5727 3364 5801 θαρροῦντες,
3395 5729 3483 5782 τὸν
3531 5729 3692 5799 λόγον
