4146 6260
470 319 571 377 617

470 440 550 498 εἰς
564 430 908 488 διδασκαλίαν
925 425 1294 499 προτείνομεν,
1315 425 1433 483 ταῖς
1455 421 1640 490 εὐχαῖς
1660 416 1841 470 αὐτῶν
1855 416 1916 468 τὸ
1935 419 2042 469 πᾶν

471 522 876 596 ἐπιρρίψαντες.
907 517 1066 570 Ὥστε
1091 513 1146 566 δὲ
1171 508 1572 582 εύμαθεστέραν
1589 509 1681 559 καὶ
1707 505 2044 574 σαφεστέραν

474 592 876 682 ὑμῖν-γενέσθαι
902 603 1001 674 τὴν
1028 601 1308 672 ἀκρόασιν,
1327 596 1420 650 καὶ⁵
1445 595 1554 682 τῶν
1574 593 1698 660 χθὲς
1733 593 1859 662 ὑμῖν
1889 592 2044 682 εἰρη-

477 677 652 772 μένων
703 695 1100 766 ἀναμνήσωμεν
1147 689 1204 740 ἐν
1241 686 1446 758 βραχεῖ.
1480 677 1647 772 Εἶπον
1694 683 1774 772 δτι
1815 679 2044 772 πρὸ-τῆς

472 767 567 842 τοῦ
601 784 756 852 ξύλου
789 780 1040 852 βρώσεως
1072 776 1186 847 ᾔδει
1221 775 1283 827 τὸ
1329 773 1492 826 καλὸν
1534 771 1628 824 καὶ
1661 768 1722 821 τὸ
1753 767 1986 838 πονηρὸν
2016 767 2046 818 6

472 875 778 943 ἄνθρωπος,
813 868 906 922 καὶ
941 867 1022 919 ὃτι
1055 866 1115 918 οὐ
1148 863 1286 934 μετά
1323 863 1422 934 τὴν
1450 859 1636 929 γεῦσιν
1660 857 1860 926 ταύτην
1885 855 2042 908 ἔλαϐε

473 959 624 1032 [6841
652 958 748 1028 τὴν
775 955 994 1026 γνῶσιν.
1027 947 1192 1005 Εἶπον
1227 951 1371 1011 τίνος
1408 949 1594 1001 ἕνεκεν
1620 945 1772 1011 ξύλον
1801 943 2044 1011 γνωστὸν

471 1031 636 1102 καλοῦ
664 1045 757 1098 καὶ
786 1041 1024 1113 πονηροῦ
1054 1039 1290 1107 ἐλέγετο,
1319 1037 1412 1089 καὶ
1442 1033 1555 1097 πῶς
1585 1032 1702 1095 ἔθος
1732 1035 1796 1102 τῇ
1827 1031 2039 1100 Γραφῇ,

471 1133 688 1188 ἐπειδάν
716 1149 768 1184 τι
811 1131 1042 1201 πρᾶγμα
1071 1123 1248 1196 συμϐῇ
1283 1123 1412 1194 περὶ
1429 1121 1592 1173 τόπον
1620 1121 1653 1190 ἢ
1689 1117 1902 1188 καιρὸν,
1934 1115 2046 1168 ἀπὸ

467 1221 562 1278 τοῦ
593 1222 914 1293 πράγματος
945 1214 1230 1286 ὀνομάζειν
1257 1211 1350 1265 καὶ
1376 1211 1467 1276 τὸν
1498 1209 1662 1260 τόπον
1690 1209 1784 1260 καὶ
1811 1205 1902 1258 τὸν
1919 1220 2044 1256 και-

471 1307 584 1378 ρόν.
621 1307 866 1378 Σήμερον
913 1303 1205 1370 ἀναγκαῖον
1229 1298 1398 1368 αὐτὴν
1427 1293 1734 1363 ἀναγνῶναι
1762 1293 1859 1364 τήν
1893 1293 2048 1378 ἐντο-

469 1373 588 1466 λὴν,
614 1373 787 1464 δι”-ἦς’
813 1390 1053 1444 ἐκώλυσε
1097 1386 1190 1440 τοῦ
1223 1385 1382 1452 ξύλου
1423 1383 1524 1452 τὴν
1572 1381 1794 1452 βρῶσιν.
1833 1378 1928 1442 Τίς
1951 1373 2044 1431 οὖν

469 1484 618 1536 ἐστιν
639 1480 776 1551 αὕτη
793 1497 808 1544 ;
825 1477 932 1533 Καὶ
951 1477 1283 1532 ἐνετείλατο
1299 1473 1510 1540 Κύριος
1532 1474 1564 1525 ὀ
1591 1469 1736 1535 Θεὸς
1759 1467 1840 1534 τῷ
1853 1467 2044 1536 Ἀδὰμ,

467 1569 682 1638 λέγων’
723 1567 866 1620 Ἀπὸ
889 1567 1108 1630 παντὸς
1143 1563 1333 1628 ξύλου
1357 1559 1464 1614 τοῦ
1491 1560 1562 1612 ἐν
1601 1557 1680 1624 τῷ
1707 1556 2050 1624 παραδείσῳ

464 1653 692 1724 ,ϐρώσει
729 1653 910 1723 φάγῃ.
943 1652 1096 1715 Θεῖος
1123 1653 1152 1703 6
1183 1649 1366 1720 νόμος,
1403 1645 1538 1701 ἀλλά
1571 1643 1945 1716 προσέχωμεν.
1986 1643 2046 1694 Et

470 1739 581 1812 γὰρ
614 1739 868 1810 βασιλικά
903 1736 1362 1804 ἀναγινώσκοντες
1415 1733 1720 1804 γράμματα
1747 1731 2042 1802 ἄνθρωποι,

467 1832 760 1901 ὁλόκληρον
789 1826 1044 1882 ἀνιστῶσι
1065 1825 1310 1894 θέατρον·
1332 1821 1510 1891 πολλῷ
1539 1821 1738 1890 μᾶλλον
1773 1821 1920 1889 ἡμᾶς
1945 1819 2048 1872 οὐκ

465 1916 793 1987 ἀνθρώπων,
825 1913 962 1968 ἀλλά
989 1911 1124 1966 Θεοῦ
1151 1911 1348 1980 νόμους
1377 1907 1770 1978 ἀναγινώσκειν
1821 1906 2046 1976 μέλλον-

465 2021 570 2069 τας
600 2001 972 2057 διανίστασθαι
993 1999 1102 2072 χρὴ
1122 2002 1190 2070 τῇ
1225 1997 1456 2068 διανοίᾳ,
1498 1997 1594 2050 καί⁹
1621 1995 1910 2066 προσέχειν
1934 1995 2047 2058 τοῖς

469 2091 804 2164 λεγομένοις.

539 2293 675 2350 Οἶδα
700 2297 782 2349 ὅτι
805 2291 1172 2364 κατηγοροῦσί
1195 2308 1340 2354 τινες
1366 2290 1460 2343 τοῦ
1491 2289 1806 2360 νομοθέτου,
1841 2290 1936 2342 καὶ
1955 2288 2056 2342 τὸν

469 2383 633 2456 νόμον
666 2385 838 2436 αίτιον
885 2378 1024 2434 εἷναί
1063 2395 1197 2449 φασι
1245 2378 1340 2432 τοῦ
1383 2376 1850 2448 παραπτώματος.
1903 2376 2048 2446 Πρὸς

467 2471 628 2524 τοῦτο
647 2466 740 2524 οὖν
756 2469 968 2539 ἀνάγκη
993 2467 1183 2536 στῆναι
1201 2465 1482 2534 πρότερον,
1517 2465 1612 2517 καὶ
1637 2463 1806 2527 δεῖξαι
1831 2463 1918 2516 διὰ
1943 2463 2050 2516 τῶν

469 2556 814 2627 πραγμάτων
867 2554 1068 2616 αὐτῶν,
1119 2554 1202 2606 ὅτι
1251 2553 1372 2621 οὐχὶ
1403 2551 1576 2622 μισῶν
1617 2551 1708 2603 τὸν
1741 2551 2048 2622 ἀνθρωπον,

469 2645 594 2699 οὐδέ
623 2643 844 2714 ὑϐρίσαι
901 2641 1222 2712 βουλόμενος
1257 2641 1353 2709 τήν
1394 2639 1562 2709 φύσιν
1605 2639 1704 2709 τὴν
1749 2639 2048 2709 ἡμετέραν,

469 2732 608 2788 ἀλλά
635 2730 804 2802 φιλῶν
844 2731 938 2784 καὶ
985 2729 1304 2800 κηδόμενος,
1354 2728 1444 2779 τὸν
1481 2728 1646 2796 νόμον
1675 2727 1896 2781 ἔδωκεν.
1929 2729 2052 2780 Ὅτι

475 2819 586 2891 γὰρ
625 2820 706 2882 εἰς
738 2817 1052 2888 συμμαχίαν
1101 2817 1231 2886 ήμῖν
1279 2814 1442 2869 αὑτὸν
1487 2813 1708 2878 ἔδωκεν,
1741 2815 1972 2868 ἄκουσον
2000 2813 2054 2868 τί

473 2923 640 2978 φησιν
681 2906 921 2968 Ἡσαΐας*
965 2904 1164 2972 Νόμον
1211 2903 1322 2972 τὰρ
1361 2905 1448 2967 εἰς
1471 2901 1765 2968 ,βοήθειαν
1803 2903 2049 2957 ἔδωκεν.

485 2991 546 3047 ’0
572 2995 628 3048 δὲ
665 2992 858 3064 μισῶν,
879 2993 940 3045 οὺ
973 2991 1172 3062 βοηθεῖ.
1209 2990 1380 3044 Πάλιν
1401 2990 1432 3042 6
1455 2991 1739 3062 Προφήτης
1773 2989 1890 3062 βοᾷ·
1935 2993 2054 3045 Αύ-

473 3097 620 3152 χνος
659 3081 783 3146 τοῖς
816 3079 965 3133 ποσί
1010 3096 1128 3148 μου
1159 3081 1192 3132 ό
1235 3078 1419 3146 νόμος
1443 3093 1582 3141 σου,
1619 3079 1717 3130 καὶ
1741 3076 1866 3148 φῶς
1922 3079 2054 3144 ταῖς

475 3169 698 3236 τρίόοις
725 3185 866 3236 μου.
903 3167 962 3219 Ὀ
983 3166 1038 3222 δέ
1070 3166 1262 3236 μισῶν,
1287 3167 1346 3219 ού
1377 3166 1491 3219 λύει
1524 3168 1585 3220 τὸ
1617 3169 1806 3230 σκότος
1833 3167 1924 3220 διὰ
1957 3167 2052 3220 τοῦ

475 3253 694 3325 λύχνου,
727 3253 848 3306 οὐδὲ
887 3254 1071 3322 ὁδηγεῖ
1111 3253 1248 3322 μετά
1281 3253 1458 3321 φωτὸς
1483 3253 1574 3305 τὸν
1613 3253 2049 3325 πεπλανημένον.

478 3343 643 3396 Πάλιν
675 3345 704 3395 6
735 3340 1006 3412 Σολομὼν·
1028 3341 1265 3408 Λύχνος
1297 3341 1516 3408 ἐντολὴ
1547 3343 1755 3408 νόμου,
1789 3343 1883 3396 καὶ
1905 3340 2050 3411 φῶς,

477 3433 574 3486 καί
607 3430 740 3497 ζωὴ,
771 3430 867 3484 καί
895 3431 1146 3499 ἔλεγχος
1177 3429 1273 3482 καὶ
1307 3430 1562 3483 παιδεία.
1614 3430 1744 3483 Ἰδοὺ
1773 3432 1893 3500 οὐχὶ
1924 3431 2052 3502 βοή-

477 3517 597 3570 θεια
622 3517 802 3586 μόνον,
820 3517 938 3569 οὐδὲ
954 3515 1146 3586 λύχνος
1178 3515 1358 3584 μόνον,
1385 3515 1519 3568 ἀλλά
1545 3517 1638 3568 καὶ
1666 3515 1780 3584 φῶς
1805 3517 1897 3567 καὶ
1915 3517 2050 3586 ζωή·

476 3603 647 3659 ταῦτα
674 3605 728 3657 δὲ
759 3605 857 3657 οὐκ
881 3604 994 3656 ἐστι
1023 3603 1323 3672 μισοῦντος,
1363 3602 1484 3654 οὐδὲ
1511 3601 1772 3655 ἀπολέσαι
1795 3601 2056 3672 βουλομέ-

479 3709 599 3750 νου.
636 3691 773 3745 ἀλλά
825 3695 982 3762 χεῖρα
1028 3691 1313 3761 ὀρέγοντος
1361 3691 1455 3742 καί
1495 3689 1896 3752 διανιστῶντος.
1955 3688 2056 3741 Διά

477 3781 635 3836 τοῦτο
664 3785 757 3834 καὶ
793 3783 820 3833 6
852 3779 1059 3843 Παῦλος
1113 3784 1250 3850 πρὸς
1275 3780 1367 3832 τὸν
1421 3779 1670 3832 Ἰουδαῖον
1704 3779 2054 3848 ἀποτεινόμε-

479 3885 586 3935 νος,
627 3869 722 3922 καὶ⁵
753 3867 966 3930 δεικνὺς
993 3868 1115 3920 ὅσον
1144 3867 1428 3938 εἰσήνεγκε
1459 3867 1649 3936 κέρδος
1677 3867 1704 3918 ό
1733 3865 1915 3930 νόμος,
1959 3866 2052 3919 καὶ

475 3958 558 4010 ὅτι
583 3959 910 4019 ἀνάπαυσις,
937 3955 996 4008 ού
1049 3955 1280 4028 βάρησις
1325 3955 1424 4026 τῆς
1453 3955 1668 4024 φύσεως
1695 3957 1852 4026 ήμῶν
1883 3957 2052 4018 ἐστιν,

475 4045 680 4112 ἔλεγεν·
709 4043 830 4097 Ἴδε
853 4043 936 4096 σὺ
981 4043 1270 4107 Ἰουδαῖος
1301 4041 1658 4111 ἐπονομάζῃ,
1705 4041 1804 4096 καί
1833 4043 2054 4095 ἐπανα-

479 4133 643 4200 παύῃ
673 4132 754 4198 τῷ
781 4133 960 4200 νόμῳ.
1006 4131 1166 4201 Ὁρᾷς
1195 4131 1276 4184 ὅτι
1300 4131 1422 4200 οὐχὶ
1449 4129 1630 4199 βαρῶν
1652 4131 1684 4199 ἡ
1692 4130 1806 4200 μῶν
1830 4131 1929 4200 τὴν
1955 4129 2054 4198 φύ-

479 4237 583 4284 σιν,
602 4219 718 4272 ἀλλ’
745 4217 1063 4281 ἀναπαύων,
1088 4217 1179 4270 τὸν
1211 4215 1373 4287 νόμον
1398 4217 1596 4269 ἔδωκεν
1620 4217 1648 4268 6
1671 4215 1833 4282 Θεός;
1868 4216 2064 4270 Βούλει,

481 4307 674 4376 μαθεῖν
725 4306 804 4358 ὅτι
844 4305 938 4360 καὶ
982 4305 1190 4376 τιμῶν;
1225 4304 1476 4358 Μάλιστα
1507 4303 1606 4373 μὲν
1630 4297 1720 4355 οὖν
1761 4301 2055 4356 καὶταῦτα

479 4393 641 4448 ικανά
682 4392 851 4455 δεῖξαι
897 4391 993 4462 τὴν
1027 4392 1192 4462 τιμὴν
1241 4391 1334 4444 καὶ
1371 4389 1469 4462 τὴν
1517 4389 1867 4461 κηδεμονίαν,
1914 4390 2054 4462 πλὴν

478 4481 571 4534 καὶ
599 4481 693 4550 ἀφ’
727 4479 928 4548 ἐτέρων
959 4477 1272 4550 μαρτυριῶν
1303 4477 1434 4532 αὐτὸ
1451 4476 1606 4531 τοῦτο
1634 4479 1930 4549 ποιήσομαι
1952 4495 2056 4548 φα-

477 4569 650 4641 νερόν.
691 4567 970 4630 Ἐπαίνει,
1003 4565 1186 4636 φησὶν,
1233 4567 1650 4636 Ἰερουσαλὴμ,
1680 4569 1788 4620 τὸν
1811 4569 2050 4636 Κύριονο

472 4657 630 4712 αἴνει
651 4655 758 4710 τὸν
779 4655 924 4709 Θεόν
955 4670 1094 4720 σου,
1123 4655 1292 4708 Σιών·
1322 4653 1412 4707 ὅτι
1457 4655 1750 4722 ὲνίσχυσε
1777 4655 1918 4720 τοὺς
1943 4673 2054 4724 μο-

477 4743 664 4816 χλοὺς
689 4742 806 4796 τῶν
851 4741 1064 4796 πυλῶν
1091 4757 1228 4808 σου,
1269 4744 1566 4812 εὐλόγησε
1605 4741 1745 4808 τοὺς
1767 4743 2064 4808 υίούςσου

473 4833 547 4889 ἐν
573 4849 692 4886 σοι·
749 4834 781 4885 ό
817 4829 995 4896 τιθεὶς
1041 4830 1114 4883 τὰ
1150 4829 1282 4898 ὅρια
1305 4845 1421 4884 σου
1455 4828 1720 4897 εἰρήνην,
1745 4829 1844 4882 καί
1871 4833 2054 4898 στέαρ

473 4918 670 4988 πυροῦ
724 4917 1040 4986 ἐμπιπλῶν
1071 4933 1163 4972 σε.
1200 4913 1333 4971 Εἶτα
1369 4917 1537 4971 εἰπὼν
1571 4919 1664 4971 καὶ
1690 4917 1788 4988 τὴν
1835 4919 1924 4972 διὰ
1954 4919 2053 4990 τῆς

473 5009 642 5078 ἄλλης
669 5007 898 5070 κτίσεως
943 5006 1264 5076 εὐεργεσίαν
1323 5005 1474 5076 παρὰ
1509 5006 1603 5060 τοῦ
1632 5005 1767 5060 Θεοῦ
1797 5025 2056 5078 χορηγου-

478 5096 666 5168 μένην,
703 5095 952 5164 ἐπήγαγε
985 5092 1083 5163 τὴν
1117 5093 1393 5164 ἐξαίρετον
1438 5095 1534 5146 καὶ
1568 5093 1812 5160 μείζονα,
1851 5095 2054 5150 οὑτωσὶ

475 5183 670 5253 λέγων’
713 5182 776 5234 '0
803 5179 1201 5234 ἀποστέλλων
1239 5180 1344 5232 τὸν
1374 5181 1562 5249 λόγον
1604 5179 1790 5236 αὑτοῦ
1821 5180 1902 5246 τῷ
1953 5182 2054 5235 Ἰα-

474 5270 616 5334 κὼό,
647 5269 1010 5338 δικαιώματα
1035 5268 1134 5322 καί
1171 5269 1424 5338 κρίματα
1447 5269 1632 5324 αὐτοῦ
1665 5269 1744 5334 τῷ
1780 5269 2050 5338 Ἰσραήλ.

476 5362 601 5415 Οὺκ
637 5359 929 5427 ἐποίησεν
952 5357 1106 5411 οὕτω
1133 5357 1314 5411 παντὶ
1345 5357 1524 5422 ἔθνει,
1551 5357 1651 5411 καί
1697 5358 1772 5412 τὰ
1800 5361 2054 5428 κρίματα

473 5445 660 5499 αὐτοῦ
689 5447 799 5498 οὐκ
837 5443 1146 5512 ἐδήλωσεν
1169 5443 1390 5510 αὐτοῖς.
1429 5446 1570 5515 Ὅρα
1594 5447 1735 5499 πόσα
1767 5447 2051 5513 κατέλεξεν

473 5533 672 5602 ἀγαθά,
713 5533 1035 5603 ’Λσφάλειαν
1075 5533 1300 5597 πόλεως.
1350 5534 1678 5603 Ἐνίσχυσε
1723 5537 1854 5607 γὰρ,
1895 5538 2049 5608 φησὶ,

473 5623 617 5688 τοὺς
657 5625 927 5692 μοχλοὺς
971 5623 1089 5678 τῶν
1115 5623 1324 5679 πυλῶν
1371 5640 1506 5679 σου⁸
1545 5625 1861 5698 ἀπαλλαγήν
1893 5627 2052 5681 πολέ-

480 5729 614 5782 μωνσ
655 5714 706 5766 Ὁ
759 5713 937 5782 τιθείς
981 5717 1108 5784 γὰρ,
1157 5716 1311 5787 φησὶ,
1347 5715 1416 5770 τὰ
1471 5715 1600 5786 ὅριὰ
1639 5735 1752 5774 σου
1779 5719 2048 5790 εἰρήνην*

1165 309 1222 366 S.
1263 304 1544 364 JOANNIS
1571 299 2058 358 CIIRYSOSTOMI
2085 299 2405 358 ARCIIIEP.
2441 299 2990 356 CONSTANTINOP.

3619 303 3728 358 618

2151 414 2410 484 ἀφθονίαν
2459 415 2565 468 τῶν
2595 415 2928 484 ἀναγκαίων·
2961 411 3071 468 Καὶ
3103 414 3286 484 στέαρ
3311 415 3506 484 πυροῦ
3553 416 3732 486 ἐμπι-

2148 503 2319 556 πλῶν
2337 519 2430 555 σε.
2466 501 2603 554 Ἀλλ’
2634 504 2781 569 ὅμως
2813 503 3030 556 πάντων
3059 501 3264 556 τούτων
3297 504 3396 573 τὴν
3429 505 3522 556 τοῦ
3557 506 3730 574 νόμου

2145 589 2290 642 δόσιν
2310 591 2638 662 τιμιωτέραν
2668 591 2968 662 ἀπέφηνεν.
2989 593 3112 644 Ὅτι
3136 592 3243 662 γὰρ
3274 592 3368 644 καὶ
3397 593 3724 660 ἀσφαλείας,

2146 677 2238 729 καὶ
2267 675 2666 749 [6851είρήνης,
2686 679 2778 731 καὶ
2794 677 3112 748 ἀπαλλαγῆς
3131 677 3400 748 πολέμων,
3420 683 3512 731 καὶ
3529 682 3690 736 εὐπαι
3709 710 3730 722 -

2143 765 2280 830 δίας,
2309 767 2402 819 καὶ
2435 767 2807 830 πολυπαιδίας,
2839 767 2932 819 καὶ
2959 767 3056 834 τῆς
3085 766 3193 818 τῶν
3227 769 3536 834 ἀναγκαίων
3561 771 3698 838 ἀφθο
3719 799 3734 812 .

2145 853 2262 916 νίας
2277 853 2452 924 πολλῷ
2471 853 2652 924 μεῖζον
2668 854 2836 926 δῶρόν
2851 855 2963 906 ἐστι
2980 855 3040 906 τὸ
3055 855 3217 924 νόμον
3233 853 3294 906 λσ
3305 855 3438 915 δεῖν,
3454 857 3548 908 καὶ
3566 859 3630 911 τά
3647 859 3698 912 δι
3709 889 3732 900 -

2146 941 2436 1010 καιὼματα
2481 942 2575 996 τοῦ
2609 943 2742 996 Θεοῦ
2807 945 3016 1015 μαθεῖν,
3065 945 3282 998 πάντων
3325 945 3552 1016 ὕστερον
3596 949 3734 1002 αὐτὸ

2147 1029 2261 1093 Θεὶς
2291 1031 2364 1093 ὼς
2393 1031 2687 1101 κεφάλαιον
2729 1033 2822 1085 καὶ
2857 1032 3153 1103 σύνδεσμον
3181 1033 3288 1086 τῶν
3313 1035 3556 1104 ἀγαθῶν,
3584 1039 3731 1108 ἐπή-

2146 1133 2284 1185 γαγε
2301 1117 2491 1186 λέγων·
2515 1121 2636 1172 Οὐκ
2662 1119 2948 1185 ἐποίησεν
2963 1119 3116 1173 οὕτω
3134 1120 3308 1174 παντί
3337 1122 3514 1176 ἔθνει.
3541 1125 3732 1190 οὕτω,

2147 1205 2294 1270 πῶς;
2325 1205 2433 1259 Καὶ
2463 1205 2568 1276 μὴν
2599 1209 2692 1259 καὶ
2707 1207 2986 1276 ἀφθονίας,
3012 1207 3104 1258 καὶ
3125 1207 3234 1258 τῶν
3260 1207 3432 1261 ἄλλων
3467 1209 3570 1262 τῶν
3591 1211 3736 1280 ἀπη-

2149 1291 2498 1362 ριθμημένων
2547 1291 2730 1346 πολλοί
2775 1292 3029 1356 πολλάκις
3080 1293 3422 1357 ἀπέλαυσαν,
3480 1295 3618 1348 Ἀλλ’
3663 1297 3730 1350 οὐ

2147 1379 2276 1450 περὶ
2311 1379 2418 1432 τῶν
2454 1381 2866 1451 προειρημένων
2897 1379 3067 1449 λέγω,
3103 1380 3287 1451 φησὶν,
3315 1381 3450 1435 ἀλλὰ
3479 1383 3608 1454 περὶ
3631 1383 3730 1436 τοῦ

2147 1467 2334 1538 νόμου,
2365 1469 2447 1521 ὄτι
2497 1471 2620 1522 Οὐκ
2668 1469 2960 1536 ἐποίησεν
3005 1470 3157 1522 οὕτω
3199 1470 3376 1522 παντὶ
3409 1470 3586 1526 ἔθνει.
3621 1475 3732 1528 Καὶ

2147 1555 2234 1608 διά
2257 1555 2416 1610 τοῦτο
2435 1558 2704 1628 ἐπήγαγε·
2732 1556 2841 1610 Καὶ
2869 1557 2940 1611 τὰ
2963 1557 3214 1626 κρίματα
3235 1557 3423 1612 αὑτοῦ
3461 1561 3572 1613 οὐκ
3595 1559 3732 1626 ἐδή-

2147 1647 2348 1696 λωσεν
2362 1645 2586 1710 αὐτοῖς.
2607 1645 2768 1715 Ὁρᾷς
2790 1645 2905 1708 πῶς
2931 1644 3038 1698 τῶν
3067 1645 3271 1715 άπηριθ
3281 1663 3352 1718 μη
3361 1645 3536 1716 μένων
3553 1647 3730 1701 ἁπάνο

2148 1745 2256 1784 των
2277 1731 2501 1800 ἀγαθῶν
2531 1731 2716 1802 μεῖζον
2742 1733 2770 1784 ὁ
2799 1731 2983 1802 νόμος,

2221 1857 2284 1930 β’.
2328 1858 2500 1911 Τοῦτο
2527 1859 2621 1912 καὶ
2665 1859 2933 1930 Ἱερεμίας
2969 1859 3214 1929 ἐνέφηνε·
3247 1860 3372 1923 τοὺς
3395 1861 3503 1932 γὰρ
3525 1864 3584 1914 ἐν
3611 1865 3734 1933 αἰχο

2152 1947 2398 2022 μαλωσίᾳ
2436 1947 2594 2010 ὂντας
2622 1946 2855 2018 θρηνῶν,
2884 1947 3058 2014 ἔλεγε,
3096 1948 3156 2000 Τί
3182 1946 3272 2000 ὅτι
3309 1948 3379 2000 ἐν
3405 1947 3474 2015 τῇ
3512 1949 3590 2018 γῆ
3617 1949 3736 2003 τῶν

2147 2034 2377 2101 ἐχθρῶν
2404 2030 2488 2097 εἶ;
2538 2033 2657 2100 Τὴν
2683 2033 2888 2103 πηγὴν
2935 2034 3045 2100 τῆς
3072 2035 3293 2104 σοφίας
3321 2035 3738 2104 ἐγκατέλιπες.

2149 2121 2238 2174 τὸν
2281 2121 2443 2192 νόμον
2479 2121 2535 2173 λέ
2553 2138 2672 2188 γων.
2705 2121 2968 2192 Καθάπερ
3022 2123 3054 2190 ἡ
3096 2122 3245 2191 πηγὴ
3280 2121 3504 2185 πολλοὺς
3529 2141 3734 2176 παντα-

2149 2207 2308 2277 χόθεν
2331 2207 2524 2276 ἀφίησι
2554 2207 2794 2276 ῥύακας,
2830 2207 2973 2260 οὕτω
3005 2207 3098 2260 καὶ
3122 2209 3150 2261 6
3177 2207 3340 2278 νόμος
3369 2207 3568 2270 πολλάς
3599 2227 3736 2262 παν-

2150 2296 2375 2365 ταχόθεν
2397 2296 2588 2365 ἀφίησι
2613 2297 2710 2360 τὰς
2739 2297 2982 2360 ἐντολὰς,
3013 2296 3189 2367 ἄρδων
3223 2297 3380 2366 ἡμῶν
3411 2298 3730 2368 τὴνψυχήν.

2152 2379 2287 2437 Εἶτα
2305 2383 2480 2454 δηλῶν
2509 2384 2571 2435 τὸ
2601 2383 2875 2454 ἐξαίρετον
2903 2384 3003 2454 τῆς
3029 2384 3198 2454 τιμῆς
3219 2386 3316 2454 τῆς
3348 2383 3436 2437 διὰ
3450 2384 3541 2438 τοῦ
3566 2387 3732 2455 νόμου

2151 2471 2473 2542 γενομένης,
2511 2472 2715 2540 ἔλεγεν·
2751 2474 2872 2524 Οὐκ
2903 2473 3179 2542 ἠκούσθη
3209 2473 3279 2525 ἐν
3311 2473 3548 2526 Χαναὰν
3579 2474 3746 2540 αὕτηι

2151 2559 2192 2626 ἡ
2217 2559 2422 2628 σοφία,
2455 2559 2598 2612 οὐδὲ
2638 2559 2804 2626 ὤφθη
2851 2560 2920 2612 ἐν
2951 2558 3345 2628 Θαιμὰν,οὺὸὲ
3375 2561 3490 2612 υίοί
3531 2559 3729 2628 Ἅγαρ,

2152 2649 2208 2698 οἱ
2244 2647 2508 2714 ἔμποροι,
2533 2645 2628 2698 καί
2665 2648 2719 2698 οί
2755 2645 3064 2712 ἐκζὴτηταί
3097 2647 3373 2715 ἔγνωσαν
3405 2646 3510 2711 τὰς
3553 2645 3734 2712 ὀδοὺς

2153 2733 2361 2802 αὐτῆς,
2397 2732 2540 2786 οὐδὲ
2564 2731 2962 2801 ἐμνήσθησαν
2985 2731 3101 2788 τῶν
3135 2733 3348 2802 τρίϐων
3388 2733 3596 2801 αὐτῆς.
3625 2735 3735 2786 Καὶ

2153 2820 2366 2883 δεικνὺς
2387 2821 2470 2874 ὅτι
2497 2823 2838 2892 πνευματική
2869 2823 2952 2884 τίς
2981 2823 3206 2875 ἐστικαὶ
3226 2820 3368 2886 θεία,
3407 2823 3502 2885 Τίς
3527 2819 3730 2887 ἀνέϐη.

2155 2914 2339 2983 φησὶν,
2373 2915 2460 2978 είς
2483 2911 2588 2965 τὸν
2629 2914 2910 2980 οὐρανὸν,
2951 2913 3048 2966 καὶ
3085 2913 3478 2966 κατεϐίϐασεν
3505 2911 3698 2977 αὑτήν
3713 2925 3744 2972 ;.

2155 2995 2287 3053 Εἶτα
2325 3001 2625 3069 ἐπήγαγεν·
2655 2995 2840 3064 Οὗτος
2881 3001 2913 3051 ό
2941 2997 3087 3062 Θεὸς
3127 2997 3317 3067 ἡμῶν,
3348 2997 3420 3050 οὐ
3445 2995 3732 3064 λογισθή-

2154 3103 2322 3142 σεται
2349 3087 2550 3154 ἔτερος
2577 3086 2726 3154 πρὸς
2773 3087 2976 3138 αὐτόν.
3041 3083 3280 3151 Ἐξεῦρε
3328 3081 3534 3138 πᾶσαν
3591 3082 3738 3135 6667-

2153 3173 2509 3242 ἐπιστήμης.
2545 3173 2644 3226 καί
2695 3172 2919 3226 ἔδωκεν
2951 3171 3148 3236 αὐτὴν
3194 3171 3403 3224 Ἰακὼϐ
3443 3168 3524 3233 τῷ
3567 3169 3732 3222 παιδὶ

2153 3262 2364 3323 αὑτοῦ.
2418 3261 2516 3314 καί
2561 3259 2800 3326 Ἰσραὴλ
2850 3257 2931 3324 τῷ
2971 3259 3335 3328 ἠγαπημένῳ
3385 3259 3488 3312 ὑπ’
3523 3256 3734 3310 αὑτοῦ.

2155 3350 2253 3402 Διά
2272 3349 2430 3402 τοῦτο
2459 3349 2552 3400 καὶ
2583 3349 2610 3399 6
2639 3347 2802 3400 Δαυὶδ
2856 3347 3062 3414 έλεγεψ
3118 3349 3239 3400 Οὐκ
3266 3345 3554 3411 ἐποίησεν
3582 3343 3738 3397 οὕτω

2155 3437 2330 3490 παντί
2363 3436 2540 3496 ἔθνει,
2571 3433 2666 3486 καὶ
2701 3434 2771 3485 τὰ
2797 3434 3048 3502 κρίματα
3072 3431 3256 3486 αὑτοῦ
3290 3434 3400 3486 οὐκ
3427 3431 3736 3496 ἐδήλωσεν

2155 3522 2378 3588 αὐτοῖς.
2398 3521 2567 3574 Τοῦτο
2587 3520 2720 3588 γοῦν
2753 3521 2846 3572 καὶ
2879 3518 3090 3583 Παῦλος
3119 3519 3487 3589 αἰνιττόμενος
3503 3518 3732 3589 ἔγραφε·

2161 3611 2222 3664 Τί
2259 3606 2371 3664 οὖν
2397 3608 2462 3662 τὸ
2509 3609 2807 3675 περισσὸν
2835 3607 2941 3660 τοῦ
2997 3605 3317 3670 ’1οι-δαίου;
3355 3605 3392 3672 ἢ
3417 3606 3508 3671 τίς
3531 3608 3569 3674 ή
3593 3603 3738 3674 ὡφέ-

2154 3701 2289 3751 λεια
2333 3695 2434 3763 τῆς
2493 3692 2850 3764 περιτομῆς;
2895 3693 3036 3746 Πολὺ
3095 3689 3234 3746 κατά
3289 3693 3466 3746 πάντα
3509 3693 3728 3765 τρόπον.

2156 3781 2377 3854 Πρῶτον
2407 3783 2504 3851 μὲν
2530 3781 2638 3851 γάρ
2654 3781 2736 3833 ὃτι
2765 3779 3163 3852 ἐπιστεύθησαν
3184 3779 3252 3832 τὰ
3280 3780 3436 3848 λόγια
3462 3779 3553 3834 τοῦ
3573 3779 3729 3834 Θεοῦ.

2168 3871 2330 3942 Ὁρᾷς
2365 3869 2481 3932 πῶς
2509 3869 2603 3922 καὶ
2630 3864 2782 3934 οὗτος
2815 3869 3122 3942 ἡρμήνευσε
3174 3869 3254 3934 τὸ,
3297 3871 3422 3922 Οὐκ
3445 3870 3738 3938 ἐποίησεν

2155 3959 2308 4012 οὕτω
2335 3959 2514 4012 παντί
2540 3959 2718 4018 ἔθνει,
2743 3958 2842 4010 καὶ
2871 3957 2942 4010 τὰ
2970 3958 3225 4025 κρίματα
3253 3957 3439 4012 αὑτοῦ
3465 3962 3575 4012 οὐκ
3596 3958 3746 4024 66:1-

2154 4049 2358 4101 λωσεν
2385 4047 2626 4112 αὺτοῖς;
2668 4047 2732 4098 Εἰ
2777 4046 2888 4116 γάρ.
2929 4045 2990 4099 τὸ
3047 4047 3306 4118 περισσὸν
3339 4046 3432 4100 τοῦ
3476 4047 3742 4100 Ἰουδαίου.

2155 4131 2314 4187 τοῦτό
2369 4135 2538 4198 ἐστιν,
2569 4133 2650 4186 ὅτι
2685 4133 2844 4185 αὐτοὶ.
2880 4131 3031 4201 μόνοι
3081 4134 3190 4186 τῶν
3229 4131 3402 4188 ἄλλων
3432 4133 3731 4204 ἀνθρώπων

2157 4219 2498 4291 ἐτιμήθησαν
2534 4221 2600 4290 τῇ
2645 4219 2790 4272 δόσει
2843 4219 2938 4272 τοῦ
2994 4219 3241 4289 γραπτοῦ
3287 4221 3473 4290 νόμου,
3504 4221 3603 4272 οὐκ
3622 4220 3734 4291 ἄρα

2159 4307 2340 4378 βαρῶν
2362 4305 2520 4378 ήμῶν
2552 4307 2650 4374 τὴν
2682 4305 2862 4376 φύσιν,
2901 4305 3038 4360 ἀλλά
3063 4307 3256 4377 τιμῶν,
3291 4307 3382 4358 τὸν
3415 4307 3576 4375 νόμον
3603 4307 3732 4360 ἐδω-

2158 4413 2252 4449 κεν
2278 4397 2306 4448 6
2337 4395 2488 4457 Θεός.
2521 4393 2630 4448 Καὶ
2662 4393 2723 4446 ού
2754 4393 2928 4463 τούτῳ
2961 4395 3120 4464 μόνον
3145 4395 3391 4464 ἐτίμησε,
3426 4393 3504 4463 τῷ
3549 4394 3730 4446 δοῦναι

2155 4483 2247 4538 τὸν
2273 4483 2455 4553 νόμον,
2481 4480 2614 4534 ἀλλά
2634 4481 2728 4534 καὶ
2759 4481 2838 4552 τῷ
2864 4481 2938 4534 δι’
2953 4480 3144 4535 ἐαυτοῦ
3165 4481 3366 4535 δοῦναιο
3395 4482 3608 4552 καὶγὰρ
3639 4483 3730 4535 καὶ

2156 4569 2314 4624 τοῦτο
2347 4570 2598 4640 μέγιστον
2629 4567 2768 4633 εἶδος
2797 4569 2984 4640 τιμῆς,
3014 4569 3074 4622 τὸ
3105 4569 3180 4640 μή
3215 4569 3373 4638 μόνον
3409 4571 3726 4640 παρασχεῖν.

2159 4659 2282 4711 Ὅτι
2304 4656 2413 4728 γὰρ
2445 4655 2588 4726 μέγα
2609 4657 2770 4710 τοῦτό
2803 4660 2919 4710 ἐστι
2949 4658 3011 4709 τὸ
3029 4657 3220 4726 δῶρον,
3256 4657 3489 4710 ἄκουσον
3513 4657 3604 4708 καὶ
3635 4655 3730 4708 τοῦ

2157 4744 2372 4800 Παύλου
2425 4744 2584 4798 τοῦτο
2617 4743 3050 4814 ἐνδεικνυμένου.
3091 4743 3263 4814 Ὁρῶν
3296 4743 3405 4814 γὰρ
3443 4744 3570 4804 τοὺς
3605 4743 3728 4795 Ἰου-

2155 4835 2338 4897 δαίους
2381 4831 2830 4902 πεφυσιωμένους
2884 4831 2942 4884 ἐν
2967 4830 3044 4902 τῷ
3095 4833 3220 4895 τοὺς
3269 4833 3550 4902 προςρήτας
3597 4830 3728 4902 πρὸς

2156 4923 2356 4985 αὐτοὺς
2381 4921 2574 4982 ἐλθεῖν,
2609 4921 2703 4973 καὶ
2735 4917 3112 4972 καταστέλλων
3153 4919 3330 4971 αὐτῶν
3363 4919 3424 4971 τὸ
3451 4917 3730 4989 φρόνημα,

2155 5009 2368 5072 δεικνὺς
2397 5009 2486 5061 ὅτι
2511 5005 2754 5077 μείζονος
2799 5007 2962 5076 ἡμεῖς
2991 5005 3388 5076 ἀπηλαύσαμεν
3413 5005 3515 5074 τῆς
3543 5005 3726 5075 τιμῆς,

2154 5097 2216 5151 οὐ
2244 5095 2331 5150 διά
2369 5095 2580 5158 δούλου,
2611 5093 2758 5148 ἀλλά.
2789 5092 2878 5146 διὰ
2923 5093 3194 5146 Aemus-con
3241 5093 3341 5162 τῆς
3386 5089 3728 5154 διδασκαλίας

2153 5185 2426 5254 τυχόντες,
2455 5182 2652 5236 οὑτωσί
2690 5180 2806 5246 πώς
2829 5199 2962 5252 φησι
2991 5183 3128 5251 πρὸς
3167 5179 3450 5251 Ἐϐραίους
3479 5179 3722 5249 γράφων·

2153 5269 2509 5340 Πολυμερῶς
2537 5267 2636 5323 καὶ
2659 5268 3049 5336 πολυτρόπως
3080 5266 3267 5322 πάλαι
3297 5270 3330 5322 ό
3365 5269 3510 5334 Θεὸς
3537 5267 3726 5334 λαλή-

2153 5375 2270 5426 σας
2293 5359 2414 5426 τοῖς
2432 5359 2728 5428 πατράσιν
2747 5357 2936 5426 ἡμῶν,
2961 5357 3056 5412 ὲπῖ
3070 5356 3344 5426 ἐσχάτων
3361 5355 3482 5409 τῶν
3497 5355 3728 5424 ἡμερῶν

2153 5449 2462 5516 ἐλάλησεν
2493 5447 2631 5516 ἡμῖν
2661 5447 2730 5500 ὲν
2754 5445 2880 5510 Υἱῷ.
2917 5445 3026 5500 Καὶ
3052 5445 3210 5500 πάλιν
3238 5445 3491 5514 ἀλλαχοῦ’
3527 5447 3610 5498 οὐ
3622 5444 3728 5512 μέν

2154 5553 2264 5590 νον
2288 5535 2374 5598 δὲ,
2400 5535 2561 5589 ἀλλὰ
2602 5533 2699 5588 καί
2752 5533 3120 5602 καυχώμενοι
3152 5533 3221 5586 ἐν
3248 5530 3326 5596 τῷ
3353 5529 3474 5596 Θεῷ
3502 5529 3600 5584 διὰ
3624 5529 3726 5584 τοῦ

2156 5628 2376 5694 Κυρίου
2397 5623 2562 5694 ἡμῶν
2577 5623 2778 5691 Ἰησοῦ
2797 5623 3074 5692 Χριστοῦ,
3091 5622 3165 5676 δι’
3179 5617 3250 5678 οὗ
3276 5623 3373 5676 καί
3395 5621 3506 5690 τὴν
3521 5625 3728 5674 καταλ-

2155 5713 2349 5784 λαγὴν
2364 5711 2962 5786 [686-6871ἑλὰὅομεν.
2983 5713 3144 5783 Ὁρᾷς
3161 5709 3427 5764 αὑτὸνούκ
3448 5707 3540 5764 ἐπὶ
3555 5711 3618 5778 τῇ
3639 5725 3726 5762 κα-
