4146 6260
416 347 523 403 617

421 461 627 516 facilius
656 477 717 516 ac
747 461 1030 516 dilucidius
1055 474 1172 530 qum
1197 458 1425 513 audietis
1469 455 1741 526 percipere
1770 452 2003 523 possitis,

418 571 601 610 eorum
631 570 751 623 qua:
778 554 926 607 vobis
960 556 1210 607 hesterno
1235 552 1323 605 die
1353 550 1495 603 dit-ta
1538 558 1661 602 sunt
1690 547 2004 601 meritoriam

420 646 600 714 paucis
627 645 1014 699 refricabintus.
1052 644 1166 697 Divi
1196 642 1489 705 hominem,
1532 649 1817 708 antequam
1842 637 1909 691 de
1938 638 2004 692 li-

417 755 523 805 gno
574 738 902 797 comederct,
939 728 1133 791 bonum
1183 752 1245 789 ac
1294 734 1490 788 malum
1543 734 1777 798 novisse,
1834 747 2007 800 neque

421 841 699 897 poStqnam
736 837 1024 899 gustasset,
1057 828 1192 881 hanc
1233 827 1377 880 illum
1426 824 1705 879 scientiam
1751 822 2005 891 adeptum

416 935 557 975 esse.
589 920 727 986 Dixi,
759 936 923 990 quare
971 920 1169 989 lignum
1201 918 1436 973 scientim
1463 916 1587 971 boni
1617 925 1668 970 ct
1714 915 1835 969 tnali
1863 914 2007 967 dieeo

420 1023 587 1074 retur,
619 1019 674 1065 et
712 1028 818 1081 quo
846 1021 998 1081 pacto
1024 1011 1192 1066 soleat
1219 1010 1513 1079 Scriptura,
1545 1018 1823 1078 postquam
1866 1006 2005 1061 circa

421 1113 632 1171 tempus
676 1104 887 1174 aliquod
932 1104 1174 1157 locnmve
1217 1118 1301 1157 res
1346 1102 1608 1170 qumpiam
1634 1099 1892 1164 evenerit,
1939 1098 2008 1153 ab

422 1196 508 1248 illa
559 1213 618 1250 re
667 1195 886 1251 ductum
931 1196 1048 1250 loco
1087 1196 1169 1249 vel
1219 1196 1444 1262 tempori
1494 1207 1687 1246 nomen
1728 1192 2005 1244 tribuere:

418 1301 599 1353 aperte
638 1288 865 1356 pretium
912 1287 1070 1342 hodie
1102 1287 1260 1341 fuerit
1305 1286 1476 1355 ipsum
1521 1284 1826 1339 mandatum
1874 1283 2009 1337 reci-

419 1384 552 1441 tare,
586 1378 739 1445 cujus
769 1378 1064 1432 interventu:
1110 1377 1316 1431 arboris
1348 1376 1492 1429 illius
1542 1384 1622 1430 est
1652 1390 1777 1429 esus
1823 1374 2008 1445 prohi-

421 1467 585 1521 bitus.
612 1468 890 1535 Quodnam
916 1469 1073 1537 igitnr
1099 1468 1224 1523 illud
1251 1468 1376 1523 est?
1404 1466 1472 1521 Et
1499 1467 1733 1538 pracepit
1763 1466 2009 1521 Dominus

422 1557 559 1612 Deus
580 1560 743 1613 Adam
769 1560 939 1614 dicens
969 1577 989 1614 ,ν
1020 1560 1104 1614 Ea:
1121 1560 1259 1614 omni
1284 1561 1422 1630 ligno
1446 1559 1581 1628 quod
1608 1569 1680 1613 est
1700 1560 1753 1612 in
1771 1559 2010 1629 paradiso

419 1667 535 1704 esca
583 1652 811 1705 comedes
851 1651 1004 1720 (Gen.
1058 1652 1112 1706 2.
1157 1652 1269 1724 16).
1321 1653 1505 1706 Divina
1560 1652 1644 1706 lex
1689 1661 1793 1717 est,
1822 1666 2007 1706 verum

419 1741 774 1796 attendamus.
806 1743 859 1798 Si
889 1743 1030 1797 enim
1078 1743 1321 1799 homines
1368 1742 1493 1797 dum
1537 1744 1709 1813 regias
1739 1744 1917 1813 legunt
1947 1742 2013 1797 li-

421 1840 584 1897 teras,
613 1832 916 1887 univcrsum
948 1844 1312 1902 spectatorum
1339 1844 1538 1889 emtum
1561 1833 1749 1902 jubent
1785 1848 2011 1889 consur-

418 1936 545 1989 gere
578 1943 591 1977 :
623 1923 789 1976 multo
830 1924 998 1994 magis
1048 1940 1145 1980 nos
1173 1925 1261 1995 qui
1309 1941 1418 1979 non
1451 1924 1745 1989 hominum,
1775 1924 1867 1979 sed
1913 1925 2007 1979 Dei

420 2012 565 2083 leges
606 2015 797 2071 lecturi
836 2032 1043 2083 sumus,
1088 2018 1295 2073 animos
1337 2026 1545 2088 oportet
1573 2018 1802 2088 erigere,
1851 2026 2010 2086 atque

420 2106 485 2159 iis
509 2122 626 2175 qua:
652 2107 902 2162 dicuntur
930 2108 1229 2163 attendere.

490 2198 568 2249 An
597 2198 679 2251 lea:
707 2201 772 2250 sit
799 2214 955 2252 causa
977 2199 1186 2267 peccati.
1215 2227 1285 2237 —
1309 2197 1433 2252 Scio
1464 2198 1749 2252 nonnullos
1773 2197 2011 2267 Legisla—

422 2294 591 2339 torem
621 2302 897 2352 accusare,
928 2303 991 2342 ac
1021 2290 1189 2358 legem
1212 2303 1426 2343 causam
1459 2288 1637 2357 lapsus
1661 2304 1779 2344 esse
1808 2290 2006 2345 dicere.

422 2379 697 2434 Adversus
725 2379 827 2434 hoc
856 2380 1013 2450 igitur
1040 2388 1265 2450 primum
1306 2380 1614 2435 certandum
1639 2391 1740 2447 est,
1767 2396 1829 2435 ac
1849 2381 2008 2437 rebus

424 2471 556 2539 ipsis
583 2471 992 2535 ostendendum,
1018 2488 1125 2525 non
1154 2473 1295 2542 quod
1327 2471 1597 2526 hominem
1619 2472 1742 2526 odio
1763 2472 2004 2539 haberet,

418 2571 511 2615 aut
557 2573 801 2617 naturam
839 2574 1074 2618 nostram
1118 2564 1399 2633 ignominia
1447 2575 1634 2618 notare
1683 2565 1863 2630 vellet,
1912 2566 2006 2622 sed

422 2652 564 2719 quod
594 2663 797 2707 amaret
841 2654 1059 2724 ejusque
1087 2670 1268 2708 curam
1297 2664 1524 2724 gereret,
1562 2656 1730 2725 legem
1770 2656 2004 2711 dedisse.

422 2742 485 2798 Ut
517 2746 661 2798 enim
688 2745 868 2799 discas
896 2746 946 2798 in
996 2746 1291 2800 subsidium
1317 2746 1471 2801 nobis
1500 2762 1615 2800 eam
1646 2746 1823 2800 datam
1865 2763 2006 2816 esse,

417 2835 537 2888 audi
566 2836 691 2905 quid
722 2835 865 2890 dicat
896 2836 1053 2891 Isaias
1086 2858 1100 2893 :
1127 2836 1310 2907 Legem
1338 2838 1469 2891 enim
1489 2837 1542 2891 in
1581 2839 1827 2891 auxilium
1871 2840 2009 2893 dedit

419 2926 572 2994 (lsai.
605 2927 656 2980 8.
686 2927 801 2998 20).
846 2930 913 2980 At
942 2928 1032 2997 qui
1063 2928 1189 2982 odio
1234 2931 1593 2997 prosequitur,
1624 2944 1729 2983 non
1770 2932 1869 2984 fert
1914 2947 2010 2983 au-

419 3018 625 3070 xilium.
661 3019 865 3072 [tiu-sus
912 3018 1233 3073 vociferatur
1264 3020 1519 3089 prapheta
1553 3039 1565 3073 :
1597 3020 1826 3075 Lucerna
1864 3024 2008 3091 pedi-

421 3106 511 3160 bus
556 3109 676 3162 meis
717 3109 919 3161 verbum
968 3118 1130 3174 tuum,
1162 3119 1209 3163 et
1257 3111 1423 3164 lat-neu
1448 3111 1636 3163 semitis
1674 3112 1795 3165 nnis
1834 3112 2007 3182 (l’sal.

421 3202 543 3256 118.
580 3202 725 3270 105).
763 3204 825 3253 At
850 3202 938 3270 qni
972 3201 1098 3255 odio
1123 3202 1480 3270 prosequitur,
1512 3204 1758 3258 tenebras
1798 3205 2011 3259 lucerna

420 3308 527 3347 non
569 3292 804 3354 discutTt,
836 3307 935 3346 nec
976 3301 1242 3346 errantem
1274 3307 1396 3346 cum
1441 3292 1561 3348 luce
1590 3294 1822 3349 deducit.
1856 3294 2009 3350 Salo-

420 3397 544 3434 mon
571 3397 753 3434 rursus
776 3398 790 3435 :
823 3380 1049 3435 Lucerna
1074 3381 1369 3434 mandatum
1396 3382 1550 3454 legis,
1581 3393 1630 3437 et
1657 3384 1747 3437 tua:
1765 3427 1780 3449 ,
1804 3396 1850 3439 et
1868 3386 1968 3439 vita
1990 3427 2007 3452 ,

419 3482 464 3526 et
506 3474 784 3542 correptio,
836 3483 881 3526 et
926 3473 1195 3542 disciplina
1239 3471 1421 3539 (Prov.
1458 3474 1512 3528 6.
1537 3474 1655 3544 25).
1714 3476 1851 3530 Ecce
1905 3492 2008 3529 non

417 3564 674 3618 auxilimn
726 3564 900 3619 solum
927 3606 942 3630 ,
977 3579 1074 3619 nec
1106 3564 1318 3619 lucerna
1346 3565 1557 3631 solum,
1591 3566 1683 3620 sed
1715 3576 1768 3621 et
1796 3568 1881 3620 lux
1929 3577 2011 3622 est

420 3667 474 3708 et
501 3655 605 3708 vita
632 3674 644 3707 :
679 3655 792 3708 hsce
837 3670 997 3724 porro
1027 3672 1133 3709 non
1164 3665 1287 3709 sunt
1314 3655 1439 3709 odio
1472 3657 1842 3725 prosequentis
1863 3697 1878 3721 ,
1913 3673 2009 3711 ne-

421 3760 523 3812 que
552 3745 775 3813 perdere
803 3746 1028 3799 volentis
1050 3786 1064 3809 ,
1106 3746 1199 3798 sed
1229 3761 1441 3799 manum
1474 3747 1794 3814 porrigentis
1821 3757 1872 3799 ct
1902 3749 2010 3799 eri-

421 3834 617 3901 gentis.
652 3834 775 3888 Ideo
805 3829 1238 3903 Paulns'quoqne
1282 3834 1408 3888 dum
1442 3835 1492 3887 in
1536 3835 1774 3888 Judaeum
1806 3836 2013 3890 invehi-

426 3936 543 3991 tnr,
584 3936 637 3980 et
664 3933 914 3994 quantam
946 3926 1027 3981 lex
1076 3926 1335 3980 invexerit
1379 3926 1692 3990 utilitatem,
1742 3927 2008 3994 ostendit,

424 4032 649 4088 eamque
693 4032 796 4070 non
821 4030 1042 4086 gravare
1073 4024 1313 4069 naturam
1338 4025 1570 4069 nostram
1591 4057 1605 4081 ,
1635 4017 1727 4070 sed
1758 4015 2010 4082 reficere,

424 4110 671 4165 dicebat:
706 4107 839 4162 Ecce
866 4119 917 4162 tu
943 4106 1160 4162 Iudteus
1203 4108 1608 4179 cognominnris,
1659 4117 1704 4162 et
1742 4108 2014 4178 requiescis

425 4201 476 4252 in
504 4200 612 4270 lege
641 4198 815 4272 (Rom.
838 4198 892 4251 9..
918 4197 1029 4268 17).
1065 4196 1227 4252 Vides
1271 4213 1378 4252 non
1410 4208 1465 4251 ut
1498 4206 1737 4251 naturam
1780 4208 2013 4253 nostram

424 4299 702 4360 gravaret,
755 4289 847 4344 sed
888 4297 945 4343 ut
1004 4304 1121 4345 eam
1160 4299 1469 4351 recrearet,
1516 4289 1679 4345 Deum
1710 4290 1881 4360 legem
1922 4291 2017 4345 de-

425 4383 612 4438 disse?
641 4381 800 4436 Visne
849 4381 1055 4436 discere
1074 4422 1090 4447 ,
1125 4381 1176 4435 id
1203 4382 1360 4435 etiam
1392 4381 1538 4434 illurn
1565 4381 1738 4451 egisse
1759 4422 1776 4448 ,
1808 4392 1864 4436 ttt
1914 4382 2014 4436 ho-

427 4488 612 4528 norem
640 4473 916 4529 deferret?
945 4472 1074 4528 Nam
1104 4482 1343 4542 poterant
1372 4481 1427 4527 et
1454 4473 1552 4527 ista
1580 4474 1709 4529 satis
1734 4474 2019 4531 ostendere

428 4575 483 4618 ct
503 4565 757 4620 honorem
786 4566 1058 4631 delatum,
1089 4577 1145 4621 et
1173 4580 1356 4620 curam
1400 4566 1732 4636 impensam:
1770 4569 1864 4624 sed
1916 4570 2017 4626 hoc

430 4657 603 4726 ipsam
631 4657 747 4710 aliis
766 4657 1014 4711 adhibitis
1041 4656 1356 4711 testimoniis
1371 4657 1767 4713 demonstrabo.
1798 4660 1978 4714 Lauda
1999 4705 2014 4731 ,

432 4749 619 4819 inquit,
640 4748 961 4815 Ierusalem,
986 4748 1256 4803 Dominum
1272 4765 1290 4810 ;
1307 4750 1460 4803 lauda
1476 4751 1634 4804 Deum
1652 4762 1793 4806 tuum
1815 4797 1830 4821 ,
1856 4754 2019 4809 Sion:

428 4841 668 4910 quoniant
706 4841 1025 4909 conﬁrmavit
1074 4851 1231 4894 vectes
1277 4851 1533 4910 portarunt
1580 4854 1811 4904 tuarum,
1869 4846 2019 4900 bene-

429 4934 556 4990 dixit
578 4933 701 5001 ﬁliis
720 4934 815 4986 tuis
837 4933 888 4986 in
909 4942 956 4987 te
975 4948 994 4987 .'
1016 4932 1103 5003 qui
1126 4932 1266 5002 ponit
1287 4933 1411 5000 ﬁnes
1435 4948 1552 4986 suos
1577 4951 1782 5003 pacem,
1807 4947 1851 4988 et
1872 4938 2023 5005 adipe

432 5025 672 5096 frumenti
696 5025 847 5076 satiat
868 5025 952 5092 te(
982 5022 1124 5076 Psal.
1156 5023 1276 5077 117.
1321 5021 1388 5077 12
1411 5024 1575 5094 -1‹1).
1629 5027 1827 5081 Deinde
1877 5038 2021 5095 post-

430 5132 591 5184 quam
620 5116 720 5169 alia
748 5115 881 5169 dixit
910 5114 1162 5169 beneﬁcia
1193 5131 1287 5185 per
1324 5115 1458 5169 alias
1487 5128 1763 5171 creaturas
1792 5121 1982 5174 collata
2004 5163 2019 5186 ,

433 5206 707 5275 soltjnnxit
749 5207 1067 5276 prtecipumn
1108 5217 1162 5260 et
1212 5208 1420 5261 caeteris
1461 5212 1663 5276 majus,
1719 5209 1801 5264 his
1847 5213 2024 5265 verbis

435 5310 588 5353 Utens
615 5316 627 5352 :
662 5299 761 5366 Qui
781 5300 1049 5351 annuntiat
1072 5300 1269 5352 verbum
1291 5315 1435 5351 suum
1457 5297 1618 5352 Iacob
1639 5340 1655 5365 ,
1704 5302 1997 5373 iustiﬁcata.

436 5406 521 5443 ucs
541 5401 586 5445 et
597 5390 801 5461 judicia
824 5407 918 5444 sua
946 5387 1129 5443 Israel.
1160 5388 1280 5443 Non
1308 5391 1425 5460 fecit
1454 5391 1620 5443 taliter
1639 5394 1775 5445 οηιηὶ
1796 5395 2021 5461 nationi,

436 5493 481 5533 et
494 5484 695 5556 judicia
737 5500 830 5538 sua
882 5500 984 5537 non
1035 5483 1369 5553 maniftstavit
1412 5484 1482 5537 eis
1522 5482 1683 5552 (Ibid.
1710 5503 1754 5538 v.
1784 5487 1869 5541 19.
1904 5488 2021 5557 21)).

441 5574 573 5630 \‘ide
613 5593 773 5647 quam
819 5578 980 5631 multa
1010 5576 1339 5631 enumerarit
1389 5574 1550 5631 bona.
1578 5576 1735 5632 Urbis
1764 5579 2020 5634 securita-

442 5675 544 5721 tem
576 5685 589 5722 :
632 5667 956 5733 Con/irritavit
983 5668 1156 5734 enim,
1189 5665 1392 5736 inquit,
1424 5676 1581 5720 vectes
1614 5678 1872 5737 portarum
1914 5682 2025 5723 tua—

439 5764 585 5817 rum;
609 5752 862 5808 bellorum
906 5752 1268 5823 depulsionem
1298 5768 1310 5803 :
1348 5751 1444 5817 Qui
1465 5752 1603 5821 ponit
1631 5752 1797 5820 enim,
1820 5754 2021 5825 inquit,

1673 341 1735 395 IN
1776 333 2074 395 GENESIM
2114 333 2344 389 SERMO
2376 333 2505 390 \‘lll.

3603 342 3711 398 618

2118 448 2242 515 ﬁnes
2274 455 2385 500 tuos
2421 464 2597 515 pacem
2618 465 2637 501 :
2661 449 2957 507 ubertatem
3002 466 3232 508 annona:
3273 467 3286 507 :
3318 452 3385 508 Et
3406 455 3557 524 adipe
3605 462 3716 522 [ru-

2114 542 2268 595 menti
2309 544 2457 597 satiat
2501 553 2565 596 te.
2611 545 2859 599 Attamen
2909 546 2992 600 his
3039 548 3286 602 omnibus
3333 550 3710 619 pretiosiorem

2116 634 2245 704 legis
2293 634 2635 691 donationem
2689 652 2809 692 esse
2844 638 3152 692 declaravit.
3186 640 3317 694 Nam
3362 643 3609 712 quoniam
3664 653 3718 698 et

2112 729 2398 783 securitate
2427 739 2480 782 et
2503 744 2662 797 pace,
2691 740 2745 784 et
2765 730 3077 800 depulsione
3108 733 3368 787 bellorum
3388 775 3406 801 ,
3433 744 3487 789 et
3511 736 3713 790 libero-

2113 833 2231 871 rum
2263 818 2583 873 fecunditate
2623 836 2687 874 ac
2731 822 3065 876 multitudine
3084 863 3100 887 ,
3125 836 3284 893 atque
3307 841 3532 879 annona'
3557 828 3625 879 ub
3648 844 3715 880 :r-

2115 916 2220 962 tate
2251 910 2420 963 multo
2449 911 2618 978 majus
2662 923 2744 965 est
2770 914 2969 966 donum
3006 915 3175 982 legem
3208 919 3509 986 accepisse,
3532 935 3594 971 ac
3617 921 3704 974 11ρί

2107 998 2512 1067 justiticationes
2554 1000 2837 1065 didicisse,
2879 1018 2999 1057 cum
3046 1005 3172 1060 illud
3220 1008 3458 1062 monium
3506 1023 3712 1077 posrru-

2115 1107 2259 1145 mmn
2304 1102 2569 1162 tamquam
2598 1104 2757 1163 caput
2798 1103 2851 1149 et
2880 1097 3183 1166 congeriem
3233 1098 3493 1154 bonorum
3540 1101 3708 1155 collo-

2112 1193 2314 1251 casset,
2357 1186 2553 1254 adjecit
2580 1187 2761 1241 dicens
2789 1206 2802 1242 :
2835 1187 2951 1241 Non
2976 1189 3092 1258 fecit
3136 1191 3302 1243 taliter
3327 1194 3462 1245 omni
3491 1195 3707 1249 nationi.

2114 1274 2340 1341 Taliter,
2392 1293 2497 1346 quo
2552 1278 2743 1345 pacto?
2772 1280 2931 1349 Atqui
2962 1296 3189 1335 annona:
3236 1285 3508 1349 ubertate,
3549 1294 3712 1354 atque

2113 1367 2253 1434 aliis,
2281 1383 2398 1437 qum
2428 1378 2552 1421 sunt
2576 1379 2885 1423 enumerata
2907 1411 2921 1434 ,
2955 1371 3104 1424 multi
3135 1373 3328 1441 sacpius
3358 1375 3508 1443 potiti
3540 1384 3703 1429 sunt:

2113 1470 2479 1514 verumtamen
2510 1461 2576 1516 de
2605 1462 2706 1516 illis
2733 1478 2852 1532 qua:
2880 1463 3017 1518 dicta
3049 1474 3171 1518 sunt
3202 1481 3307 1519 non
3355 1468 3571 1536 loquor,
3620 1470 3706 1523 io-

2114 1551 2262 1619 quit,
2290 1552 2383 1606 sed
2415 1554 2480 1606 dc
2512 1555 2625 1622 lege
2646 1595 2661 1619 ,
2684 1554 2825 1624 quod
2852 1555 2998 1609 omni
3021 1557 3219 1611 nationi
3251 1557 3330 1611 sic
3360 1574 3465 1613 non
3500 1559 3708 1615 fecerit.

2115 1643 2401 1713 Propterea
2425 1646 2696 1714 subjunxit
2722 1665 2734 1700 :
2766 1646 2832 1700 Et
2866 1649 3185 1717 judiciaﬁsua
3216 1667 3319 1703 non
3369 1654 3710 1725 manifestacit

2113 1735 2202 1787 eis.
2230 1734 2391 1789 Vides
2424 1740 2659 1790 omnium
2685 1738 2944 1793 bonorum
2970 1755 3088 1809 qua:
3114 1752 3237 1796 sunt
3262 1754 3568 1799 enumerata
3599 1762 3712 1799 tua-

2114 1826 2312 1878 ximum
2361 1841 2480 1881 esse
2524 1827 2712 1897 legero.

2182 1918 2237 1971 2.
2277 1920 2387 1974 lloc
2437 1919 2595 1973 etiam
2641 1921 2901 1976 .leremias
2930 1922 3213 1977 indiestvit:
3264 1925 3390 1979 dum
3430 1928 3571 1981 enim
3614 1944 3708 1984 eos

2112 2010 2200 2080 qui
2226 2011 2277 2063 in
2303 2013 2606 2080 captivitate
2628 2014 2975 2068 verSabantur
2997 2015 3200 2084 lugeret
3222 2058 3237 2082 ,
3260 2017 3504 2072 dicebat:
3532 2021 3669 2086 Quid
3686 2062 3703 2087 ,

2112 2102 2247 2172 quod
2270 2104 2323 2155 in
2348 2114 2484 2158 terra
2508 2106 2825 2159 inimicorum
2845 2109 2936 2161 es?
2962 2107 3282 2179 Dereliquisti
3305 2117 3493 2180 fontem
3508 2115 3705 2182 sapien-

2114 2193 2198 2246 tia:
2235 2193 2481 2262 (Baraclt.
2514 2198 2566 2250 5.
2602 2196 2687 2251 10.
2735 2198 2825 2267 12)
2865 2216 2878 2251 :
2911 2199 3076 2268 legem
3112 2200 3181 2253 ita
3212 2216 3427 2255 Vocans.
3476 2201 3541 2256 Ut
3567 2204 3708 2258 enim

2116 2284 2233 2339 fons
2254 2288 2446 2343 nndtos
2468 2289 2700 2359 undique
2723 2289 2872 2344 rivos
2891 2294 3081 2346 emittit
3108 2334 3123 2357 ,
3144 2294 3221 2348 sic
3240 2296 3398 2348 etiam
3435 2296 3517 2349 lex
3545 2299 3708 2351 nmlta

2115 2374 2348 2445 undique
2393 2378 2639 2432 mandata
2670 2380 2976 2447 profundit,
2998 2383 3191 2451 quibus
3215 2384 3444 2439 animam
3471 2397 3705 2441 nostram

2114 2466 2316 2536 irrigat.
2348 2468 2550 2523 Deinde
2578 2471 2901 2539 pra‘cipunm
2934 2472 3099 2527 decus
3154 2475 3404 2540 honoris,
3438 2479 3523 2545 qui
3557 2480 3708 2534 nobis

2113 2572 2142 2609 a
2175 2557 2289 2625 lege
2315 2557 2582 2626 defertur,
2611 2562 2901 2616 ostendens
2926 2563 3138 2619 aiebat:
3190 2565 3311 2618 Non
3345 2578 3415 2619 est
3440 2571 3614 2622 audita
3657 2574 3710 2625 in

2114 2646 2357 2701 Chanaan
2409 2650 2515 2703 lucc
2558 2652 2840 2721 sapientia,
2893 2670 3051 2723 neque
3102 2659 3203 2707 visa
3230 2667 3302 2710 est
3332 2659 3383 2710 in
3426 2659 3703 2727 Tlta'man,

2112 2755 2269 2809 neque
2317 2739 2413 2807 lilii
2439 2742 2575 2811 Agar
2602 2754 2899 2798 mercatores
2920 2785 2934 2811 ,
2964 2755 3012 2798 et
3052 2749 3377 2817 exquisitores
3425 2752 3557 2804 viam
3602 2754 3709 2824 ejus

2113 2839 2354 2884 noverunt
2373 2872 2386 2895 ,
2412 2848 2568 2903 neque
2595 2834 2883 2888 seruiturum
2912 2837 3023 2905 ejus
3051 2850 3164 2891 sunt
3195 2841 3445 2894 recordati
3468 2842 3627 2914 (Ibid.
3658 2862 3705 2898 υ.

2112 2920 2201 2973 29.
2229 2919 2345 2991 ‘25).
2378 2925 2548 2991 Atque
2571 2933 2624 2975 ut
2654 2924 2946 2992 spiritalem
2978 2942 3040 2981 ac
3070 2928 3300 2983 divinam
3330 2947 3449 2987 esse
3474 2935 3705 2988 demon-

2114 3021 2310 3067 straret
2333 3054 2348 3078 ,
2381 3014 2508 3080 Quis
2550 3016 2775 3069 ascendit
2802 3057 2817 3082 ,
2850 3019 3050 3087 inquit,
3079 3021 3130 3073 in
3158 3023 3336 3075 ca'lum
3368 3065 3382 3088 ,
3425 3039 3468 3077 et
3500 3026 3708 3081 deduxit

2115 3102 2257 3156 illam
2280 3102 2440 3172 (Ibid.
2464 3120 2510 3157 v.
2531 3105 2659 3173 29)?
2680 3106 2812 3160 Tum
2837 3107 3075 3177 adjunxit
3099 3127 3111 3162 :
3139 3109 3238 3164 IIic
3268 3123 3340 3166 est
3362 3113 3500 3168 Deus
3513 3126 3699 3181 noster,

2116 3209 2215 3246 non
2235 3195 2563 3248 azstimabitur
2584 3197 2716 3250 alius
2739 3199 2805 3250 ad
2848 3215 2981 3253 eum.
3037 3202 3302 3256 Adinrenit
3340 3221 3536 3259 onmem
3580 3210 3710 3264 viam

2115 3284 2335 3338 scientia:
2362 3295 2409 3338 et
2441 3287 2578 3339 dedit
2600 3302 2708 3340 eam
2735 3286 2895 3343 Iacob
2927 3307 3082 3360 puero
3103 3310 3193 3346 suo
3212 3334 3227 3358 ,
3258 3305 3303 3347 et
3336 3294 3499 3350 Israel
3521 3299 3704 3353 dilecto

2117 3390 2207 3428 suo
2236 3374 2395 3447 (Ibid.
2428 3393 2474 3431 v.
2501 3378 2589 3433 56.
2615 3379 2729 3447 57).
2766 3379 3050 3449 Propterea
3075 3383 3283 3437 dicebat
3310 3387 3468 3441 etiam
3502 3390 3662 3444 David
3689 3410 3702 3446 :

2117 3466 2239 3522 Non
2275 3472 2389 3540 fecit
2419 3472 2583 3524 taliter
2610 3474 2747 3526 omni
2768 3476 2959 3529 nationi
2980 3518 2993 3541 ,
3023 3487 3067 3529 et
3079 3478 3279 3547 judicia
3307 3496 3400 3533 sua
3421 3498 3522 3536 non
3544 3486 3708 3538 mani-

2117 3564 2313 3631 festavit
2337 3565 2406 3616 eis
2425 3562 2594 3633 (Psal.
2633 3566 2749 3619 H7.
2780 3565 2895 3635 20).
2925 3567 3035 3621 lloc
3053 3569 3299 3624 nimirum
3324 3580 3377 3626 et
3406 3573 3602 3628 Paulus
3629 3577 3710 3629 in-

2117 3667 2288 3706 nucns
2316 3654 2580 3708 scribebat
2610 3674 2622 3709 :
2667 3658 2801 3722 Quid
2827 3675 2944 3728 ergo
2987 3662 3206 3729 amplius
3253 3661 3437 3716 Iudrco
3470 3668 3576 3720 est?
3620 3678 3711 3722 aut

2116 3750 2231 3805 qua:
2274 3739 2465 3790 utilitas
2510 3740 2903 3795 circumcisionis
2931 3744 3107 3811 (Rom.
3140 3747 3193 3799 5.
3232 3748 3324 3815 l)?
3368 3749 3586 3804 Multum
3616 3768 3715 3821 per

2118 3841 2329 3878 onmem
2354 3828 2588 3880 modmn.
2613 3830 2847 3883 Primum
2865 3833 3076 3900 quidem
3095 3838 3342 3904 quoniam
3362 3841 3559 3895 credita
3582 3855 3708 3898 sunt

2120 3913 2221 3966 illis
2245 3916 2452 3983 eloquia
2478 3916 2584 3970 Dei.
2622 3917 2778 3972 Vides
2798 3936 2903 3989 quo
2925 3931 3078 3989 pacto
3106 3923 3191 3977 hic
3215 3925 3375 3980 etiam
3402 3937 3711 3998 exposuerit

2120 4006 2245 4059 illud
2268 4049 2281 4073 ,
2309 4007 2427 4060 Non
2451 4010 2566 4078 fecit
2592 4010 2759 4063 taliter
2793 4015 2928 4066 omni
2952 4015 3145 4069 nationi
3168 4059 3182 4079 ,
3216 4028 3262 4070 et
3275 4018 3478 4087 judicia
3497 4040 3589 4076 sua
3611 4042 3712 4080 non

2120 4099 2455 4167 manifestauit
2475 4101 2581 4154 eis?
2607 4101 2663 4157 Si
2691 4104 2832 4157 enim
2873 4104 2973 4159 hoc
2999 4107 3125 4161 illud
3152 4121 3234 4164 est
3265 4113 3491 4180 mnplius
3526 4114 3714 4171 Iudam

2120 4191 2259 4260 quod
2284 4192 2356 4245 illi
2409 4192 2507 4246 soli
2524 4210 2588 4247 ex
2616 4196 2733 4249 aliis
2756 4195 3061 4255 hominibus
3084 4201 3215 4272 legis
3234 4205 3444 4274 scripta:
3468 4207 3715 4265 donatio-

2121 4297 2187 4335 ne
2203 4292 2326 4335 sunt
2350 4283 2592 4338 honorati
2616 4326 2632 4352 ,
2662 4302 2765 4341 non
2790 4289 2951 4359 igitur
2972 4302 3028 4345 ut
3054 4302 3296 4348 naturam
3325 4310 3560 4353 nostram
3590 4317 3716 4372 gra-

2118 4384 2299 4437 Varct,
2330 4376 2422 4428 sed
2465 4387 2520 4429 ut
2566 4378 2768 4433 honore
2814 4380 3082 4451 alliceret,
3134 4385 3277 4441 dedit
3330 4392 3501 4460 legem
3549 4392 3713 4451 Deus.

2120 4463 2302 4534 Neque
2330 4466 2430 4520 hoc
2452 4476 2654 4522 tantum
2686 4470 2889 4527 honore
2926 4474 3101 4529 aﬂecit
3119 4517 3134 4541 ,
3162 4480 3301 4547 quod
3330 4482 3499 4552 legem
3525 4485 3666 4539 dedit
3699 4529 3716 4551 ,

2120 4555 2215 4645 sed
2246 4556 2405 4610 etiam
2433 4559 2572 4627 quod
2624 4575 2718 4628 per
2750 4563 2981 4631 seipsum
3009 4566 3191 4621 dedit:
3239 4571 3340 4624 hoc
3375 4576 3520 4627 enim
3546 4592 3719 4645 genus

2124 4644 2341 4701 honoris
2366 4657 2446 4702 est
2469 4653 2755 4704 maximum
2789 4655 2929 4723 quod
2960 4672 3062 4709 non
3091 4660 3260 4712 solum
3287 4662 3421 4716 bona
3470 4644 3715 4734 praebue-

2124 4739 2226 4803 rit,
2263 4738 2354 4793 sed
2389 4755 2481 4808 per
2507 4742 2739 4810 seipsum
2774 4744 3076 4811 pra-bttcrit.
3109 4748 3219 4803 lloc
3245 4752 3439 4821 quippe
3467 4771 3717 4826 magnum

2126 4847 2247 4886 esse
2291 4833 2522 4897 donum,
2578 4834 2697 4887 audi
2741 4837 3008 4905 quomodo
3052 4839 3245 4894 l’aulns
3271 4846 3534 4901 ostendat.
3582 4848 3715 4905 Cum

2126 4924 2266 4977 enim
2291 4924 2501 4978 inflatos
2530 4940 2649 4980 esse
2677 4926 2890 4981 Iuda-os
2921 4943 3195 4998 cerneret,
3217 4935 3359 5003 quod
3384 4937 3449 4990 ad
3472 4953 3564 4993 eos
3589 4955 3717 5009 pro-

2130 5016 2305 5085 pheta:
2345 5019 2646 5081 venissent,
2691 5031 2746 5071 ut
2791 5035 2975 5075 eorum
3030 5028 3384 5094 arrogantiam
3436 5044 3711 5100 cocrteat,

2128 5124 2329 5177 nosque
2370 5109 2558 5177 majori
2602 5124 2720 5163 esse
2758 5111 2975 5166 affectos
3007 5113 3206 5171 honore
3232 5118 3593 5186 demonstret,
3627 5125 3718 5190 qui

2129 5216 2232 5251 non
2268 5200 2441 5264 servi,
2471 5200 2564 5253 sed
2599 5201 2806 5255 Domini
2838 5219 2997 5271 opera
3038 5207 3265 5261 delatam
3298 5211 3591 5265 doctrinam
3624 5230 3712 5267 ac-

2126 5293 2364 5360 cepimus
2383 5332 2397 5357 ,
2426 5291 2506 5345 his
2526 5294 2703 5347 verbis
2725 5294 2888 5349 utitur
2902 5297 2966 5350 ad
2995 5297 3243 5354 llebrmos
3268 5303 3507 5357 scribens
3533 5323 3545 5356 :
3576 5302 3629 5356 Μ
3638 5307 3718 5358 ul-

2129 5384 2352 5451 tij'ariam
2395 5385 2661 5456 multisque
2698 5388 2859 5440 modis
2898 5388 3019 5442 olim
3056 5389 3193 5444 Deus
3235 5392 3444 5461 loquens
3492 5396 3719 5465 patribus

2129 5486 2256 5527 nosti
2271 5476 2333 5537 is,
2353 5477 2632 5529 uoviss‘mis
2662 5477 2835 5531 diebus
2861 5479 2968 5532 istis
2993 5480 3228 5549 loquutus
3247 5493 3319 5535 est
3345 5484 3485 5538 nobis
3508 5487 3558 5539 in
3583 5486 3721 5542 Filio

2133 5565 2313 5638 (llebr.
2344 5568 2390 5619 1.
2422 5569 2467 5621 1.
2488 5568 2569 5637 2).
2597 5569 2659 5622 Et
2684 5586 2864 5624 rursus
2899 5572 3023 5625 alibi
3051 5589 3064 5626 :
3091 5572 3215 5627 Non
3238 5576 3400 5628 solum
3421 5588 3611 5645 autem,
3634 5583 3722 5635 sed

2130 5671 2175 5714 et
2220 5661 2496 5731 gloriamur
2543 5663 2593 5715 in
2640 5662 2783 5727 Deo,
2839 5680 2929 5732 per
2961 5664 3230 5720 Dominum
3283 5680 3509 5723 nostrum
3546 5669 3721 5726 Iesum

2133 5754 2408 5820 Christum,
2432 5770 2520 5825 per
2532 5772 2676 5827 quem
2696 5767 2741 5809 e!
2764 5756 3218 5812 reconciliationem
3243 5764 3526 5831 accepimus
3548 5763 3719 5835 (Rom.
