4146 6260
427 337 532 398 619

425 455 478 507 5.
523 449 638 522 ll).
674 445 835 505 Vides
871 463 994 504 eum
1023 461 1127 501 non
1175 447 1244 501 ob
1285 445 1766 500 reconciliationem
1807 451 2010 497 tantum

431 547 681 618 gloriari,
713 541 806 596 sed
835 539 994 596 etiam
1019 536 1160 607 quod
1202 551 1297 606 per
1318 536 1586 591 Christum
1621 535 2008 590 reconciliatio-

434 653 551 693 nem
593 634 888 702 acceperit?
941 632 1006 686 Et
1035 645 1220 685 rursus
1266 644 1385 682 eum
1413 628 1858 684 resurrectionem
1901 641 2012 680 ma-

431 728 620 800 gniftoe
664 725 996 786 celebraret,
1049 722 1160 776 ait:
1202 720 1324 791 Ipse
1367 720 1614 774 Dominus
1652 719 1914 773 descendet
1951 717 2014 772 de

429 820 553 878 (σξιο
589 818 661 888 (1.
685 816 866 871 Thess.
895 817 946 869 4.
978 813 1091 878 15).
1115 813 1245 868 Vide
1266 813 1372 878 illic
1387 827 1598 884 quoque
1619 828 1718 884 per:
1734 812 2010 866 Dominum

429 889 596 972 totum
643 906 866 978 perlici.-
905 914 962 962 et
1003 905 1089 960 hic
1139 919 1243 959 non
1295 920 1397 974 per.
1432 905 1661 972 aliquem
1718 903 1969 957 famulum
1993 943 2010 976 ,

430 983 533 1057 non
559 1017 653 1072 per
671 999 916 1069 angelum
943 1007 1000 1054 et
1024 998 1396 1068 archangelum
1417 1038 1431 1061 ,
1455 997 1551 1054 sed
1579 998 1692 1066 ipse
1724 1011 1818 1065 per
1843 1011 1902 1051 sc
1932 995 2012 1064 ip.

417 1109 542 1160 sum
587 1091 754 1147 Adam
798 1091 1081 1161 praecepit,
1127 1089 1321 1158 duplici
1345 1088 1614 1144 hominem
1663 1091 1863 1144 honore
1889 1087 2011 1143 afﬁ-

429 1185 599 1250 ciens,
628 1191 684 1237 et
702 1181 843 1253 quod
865 1181 1038 1251 legem
1061 1180 1301 1244 dederit,
1329 1189 1383 1235 et
1403 1180 1546 1249 quod
1578 1179 1785 1244 dederit
1811 1195 1907 1249 per
1930 1193 2014 1235 se-

434 1275 630 1343 ipsum.
653 1273 932 1342 Quomodo
957 1273 1117 1342 igitur
1141 1273 1320 1342 lapsus
1347 1281 1431 1327 est
1468 1272 1594 1326 ille?
1635 1272 1715 1327 0b
1752 1271 2014 1350 ignaviam

427 1379 580 1424 suam
611 1381 630 1421 '.
659 1364 820 1433 idque
856 1361 1145 1430 ostendunt
1183 1371 1440 1432 quotquot
1470 1363 1640 1432 legem
1664 1372 2010 1434 acceperunt,

433 1471 533 1510 nec
561 1455 692 1524 lapsi
717 1465 840 1508 sunt
860 1495 875 1520 ,
915 1453 1008 1508 sed
1039 1462 1094 1508 et
1125 1453 1274 1521 plura
1303 1470 1460 1523 quam
1487 1456 1738 1522 imperata
1771 1454 2018 1521 fuerant,

434 1547 816 1614 priestiterunt.
856 1543 962 1600 Sed
991 1545 1240 1613 quoniam
1275 1543 1376 1598 huc
1416 1553 1620 1610 tempus
1647 1543 1800 1598 video
1829 1559 1926 1598 nos
1961 1543 2012 1598 in

431 1647 716 1706 angustum
744 1634 1004 1704 redigere,
1037 1635 1088 1688 iit
1119 1635 1337 1688 alteram
1358 1635 1786 1690 dissertationem
1813 1649 2016 1696 sermo-

437 1743 560 1784 nem
589 1727 889 1796 rejieiemus
913 1743 925 1778 :
953 1739 1048 1784 vos
1069 1741 1194 1796 vero
1219 1741 1338 1795 qua:
1367 1725 1516 1780 dicta.
1533 1733 1655 1782 sunt
1681 1709 2012 1790 conservate,

433 1832 497 1872 ac
537 1817 792 1871 memoria
835 1824 1042 1882 tenete,
1073 1815 1295 1885 illosque
1319 1815 1408 1886 qui
1438 1832 1541 1870 non
1569 1817 1882 1882 audierunt,
1913 1816 2013 1871 do-

435 1917 586 1976 cete,
621 1919 778 1978 atque
807 1908 922 1962 haec
961 1908 1013 1961 iu
1054 1908 1277 1966 ecclesia
1300 1949 1314 1972 ,
1349 1908 1398 1962 in
1429 1907 1562 1974 foro,
1593 1924 1653 1963 ac
1677 1909 1824 1966 domi
1851 1924 2014 1964 unus—

433 1999 657 2074 quisque
682 1999 968 2054 meditetur
996 1997 1098 2071 (α)Ἰ
1120 1999 1260 2056 Nihil
1297 2001 1439 2054 enim
1475 2015 1624 2054 sacra
1675 2001 1902 2055 lectione
1929 2001 2018 2068 ju-

433 2087 677 2148 cundius.
707 2087 843 2142 Audi
871 2103 1000 2143 sane
1023 2089 1148 2158 quid
1173 2089 1349 2146 de.illa
1371 2089 1514 2144 dicat
1533 2089 1788 2159 propheta
1815 2109 1826 2143 :
1850 2091 2016 2157 Quam

435 2180 604 2251 dulcia
633 2179 862 2247 faucibus
887 2181 1006 2239 meis
1030 2180 1227 2249 eloquia
1248 2189 1355 2249 tua,
1376 2197 1527 2249 super
1547 2182 1645 2234 mel
1673 2190 1716 2234 et
1741 2183 1912 2251 favum
1940 2183 2017 2236 ori
2039 2213 2042 2220 -

435 2287 544 2344 meo
571 2271 742 2340 (Psal.
784 2272 895 2326 HS.
928 2271 1075 2341 105).
1110 2272 1259 2327 llunc
1295 2273 1470 2341 itaque
1501 2273 1680 2328 favum
1714 2275 1764 2327 in
1798 2289 2015 2343 vesper-

435 2363 542 2432 tina
581 2378 764 2428 mensa
788 2379 1026 2434 appone,
1060 2374 1116 2419 tit
1157 2374 1320 2420 totam
1353 2365 1496 2418 illam
1524 2366 1781 2434 spirituali
1809 2367 2017 2434 replens

433 2452 722 2521 voluptate.
765 2453 878 2507 Non
909 2453 1096 2514 videtis
1141 2453 1382 2513 homines
1421 2457 1719 2523 opu'cptos,
1751 2456 2018 2525 quomodo

433 2552 554 2616 ppst
591 2546 776 2614 epulas
814 2545 954 2600 citha
969 2547 1140 2600 ra‘dos
1167 2561 1230 2600 ac
1257 2547 1498 2602 tibicines
1525 2548 1900 2603 introducam?
1941 2549 2017 2604 Illi

437 2652 564 2709 suas
591 2636 734 2692 ardes
765 2638 1028 2698 theatrum
1053 2637 1307 2704 efficiunt,
1337 2649 1394 2693 tu
1419 2649 1532 2693 tuas
1559 2643 1700 2694 uides
1723 2644 1914 2696 cadum
1941 2641 2016 2696 cf-

437 2727 654 2801 li,c.e:id
697 2743 825 2788 vero
868 2728 1103 2797 eflicies,
1150 2746 1257 2790 non
1301 2732 1526 2800 parietes
1573 2733 1883 2796 immutans.
1927 2745 2019 2789 aut

499 2835 573 2908 (μ)
602 2837 826 2908 Quadam
851 2851 916 2888 ex
961 2841 1281 2903 sequentibus
1321 2842 1381 2891 ad
1426 2843 1631 2892 verbum
1675 2843 1868 2894 honiilia
1893 2859 2018 2908 pra:-

437 2897 633 2972 gcdenti
659 2899 906 2972 leguntur.
1034 2897 1066 2918 ’·
1351 2909 1354 2912 ’
1853 2907 1864 2918 '
1989 2913 1994 2918 '

1146 331 1202 387 S.
1241 328 1520 387 JOANNIS
1557 323 2028 385 CIIRYSOSTOMI
2068 323 2380 382 ARCIIIEP.
2423 322 2954 382 CONSTANTINOP.

3594 328 3695 384 6‘20
3729 327 3736 356 '

2122 441 2450 497 transferens
2477 441 2844 508 fundamenta,
2877 440 2971 496 sed
3001 439 3045 494 si
3072 440 3136 495 ad
3163 453 3302 496 tuam
3329 457 3567 498 mensam
3593 444 3698 496 Dn-

2119 535 2318 589 minum
2343 535 2513 605 ipsum
2535 535 2786 589 caelorum
2808 547 2984 588 voces.
3019 533 3131 588 Non
3153 535 3418 589 erubescit
3437 539 3699 604 ejusmodi

2117 627 2360 682 convivia
2391 627 2550 681 Deus.
2579 625 2678 682 Ubi
2711 640 2938 693 namque
2963 625 3249 702 spiritualis
3269 625 3532 690 doctrina,
3558 627 3624 680 ibi
3645 638 3701 682 et

2124 716 2497 786 temperantia,
2529 725 2585 770 et.
2613 715 2892 779 modestia,
2919 725 2972 769 et
3011 715 3234 779 lenitas;
3264 715 3350 769 ubi
3383 716 3460 768 vir
3489 725 3544 770 et
3569 733 3703 770 uxor

2118 823 2180 863 ac
2200 808 2368 870 liberi,
2393 808 2677 862 concordia
2699 815 2754 861 et
2773 806 3004 860 amicitia
3033 815 3089 859 et
3110 805 3318 860 virtutis
3345 806 3566 864 vinculis
3589 807 3705 858 fite-

2119 899 2224 953 rint
2251 899 2480 968 colligati
2507 940 2520 961 ,
2561 899 2666 952 illic
2689 905 2930 952 versatur
2971 897 3022 950 in
3065 896 3242 950 medio
3269 896 3535 950 Christus.
3583 897 3701 952 Non

2118 992 2258 1046 enim
2289 1005 2507 1044 aureum
2539 991 2784 1057 laqueare
2809 987 3029 1057 qumrit,
3063 1001 3161 1041 nec
3201 986 3566 1050 columnarum
3597 987 3704 1040 ful-

2117 1095 2323 1150 gorem,
2359 1095 2528 1148 neque
2562 1078 2843 1136 marmoris
2879 1077 3322 1148 pulchritudinem
3353 1094 3366 1128 :
3393 1077 3486 1130 sed
3511 1078 3706 1131 anima:

2119 1171 2367 1226 decorem
2391 1184 2452 1223 ac
2471 1168 2664 1224 mentis
2686 1167 2930 1232 fortnam,
2957 1176 3012 1221 et
3035 1183 3272 1222 mensam
3305 1167 3506 1236 justitia
3539 1166 3705 1221 refer-

2121 1271 2229 1316 tam
2252 1301 2266 1324 ,
2301 1271 2356 1314 et
2395 1260 2746 1331 eleetnnsyme
2775 1258 3034 1314 fructibus
3069 1257 3444 1312 abundantem.
3471 1257 3628 1322 Quod
3655 1259 3702 1310 si

2121 1367 2358 1407 mensam
2399 1350 2658 1420 ejusmodi
2689 1348 2908 1412 viderit,
2951 1347 3230 1404 confestim
3273 1349 3532 1416 ejusmodi
3567 1363 3700 1402 con-

2120 1454 2309 1498 ventus
2338 1445 2394 1496 lit
2421 1442 2704 1510 particeps,
2737 1449 2790 1495 et
2831 1443 2882 1494 in
2914 1455 3038 1496 cum
3077 1455 3136 1493 se
3179 1437 3357 1494 infert.
3401 1439 3516 1508 ipse
3559 1440 3698 1492 enini

2120 1543 2222 1596 est,
2245 1534 2334 1599 qui
2355 1532 2508 1596 dixit,
2537 1531 2848 1584 Esurientem
2872 1545 2954 1584 me
2977 1529 3168 1584 vidistis
3194 1540 3238 1583 et
3265 1529 3462 1582 aluistis
3482 1527 3698 1599 (Matth.

2118 1624 2208 1678 25.
2241 1623 2352 1692 55).
2381 1621 2514 1688 Cum
2547 1620 2704 1690 igitur
2729 1621 2966 1684 iul‘eriusg
2983 1635 3174 1689 magna
3215 1635 3346 1680 voce
3381 1621 3699 1674 clamantem

2119 1714 2386 1772 audiveris
2413 1731 2720 1785 pauperem,
2747 1715 2940 1770 deinde
2966 1715 3233 1785 quidpiatn
3263 1731 3446 1768 eorum
3469 1729 3586 1784 qua:
3613 1729 3700 1783 ap-

2120 1805 2288 1874 posita
2333 1814 2458 1859 sunt
2495 1808 2562 1860 de
2611 1820 2794 1861 mensa
2839 1819 3008 1874 egeno
3045 1805 3277 1870 dederis,
3321 1805 3595 1857 hominum
3635 1805 3700 1858 ad

2121 1913 2357 1952 mensam
2379 1898 2578 1952 vocasti
2606 1914 2698 1967 per
2725 1913 2970 1964 servum,
3000 1907 3054 1953 et
3093 1897 3235 1952 illaut
3270 1907 3433 1966 totam
3479 1898 3570 1952 Dei
3609 1898 3703 1952 he-

2121 1987 2510 2048 ncdictinnibus
2535 1989 2823 2058 replevisti,
2842 1989 3134 2058 oblatisque
3157 1988 3401 2058 primitiis
3417 1989 3700 2044 maximam

2121 2080 2454 2134 occasionem
2483 2089 2568 2134 tua
2598 2081 2956 2149 promptuaria
2991 2079 3232 2150 plurimis
3268 2079 3566 2147 complendi
3606 2078 3702 2133 bo-

2121 2172 2206 2224 nis
2235 2172 2524 2240 praabuisti.
2568 2172 2709 2232 Deus
2737 2182 2913 2240 autem
2940 2173 3084 2240 pacis
3115 2181 3180 2228 et.
3201 2173 3437 2226 caritatis
3457 2212 3470 2234 ,
3498 2172 3585 2240 qui
3613 2171 3706 2226 dat

2125 2279 2313 2332 panem
2361 2264 2426 2317 ad
2473 2263 2899 2326 manducandum
2933 2265 3018 2336 (2.
3048 2264 3168 2326 Cor.
3195 2265 3248 2320 9.
3285 2264 3410 2334 10),
3438 2274 3492 2319 et
3519 2279 3703 2318 semen

2123 2353 2405 2412 seiuinanti
2433 2395 2447 2415 .
2475 2362 2708 2412 vestram
2748 2363 3041 2409 sementem
3073 2354 3408 2423 multiplicet,
3435 2361 3490 2408 et
3514 2362 3707 2422 augeat

2123 2444 2448 2500 incrementa
2483 2443 2692 2514 frugum
2729 2445 2946 2514 justitia:
2977 2445 3027 2512 iu
3062 2445 3309 2521 omnibus
3341 2444 3491 2498 vobis
3512 2485 3525 2506 ,
3553 2459 3704 2502 suam

2124 2534 2256 2588 dans
2277 2535 2520 2604 gratiam,
2545 2549 2747 2604 nosque
2776 2551 2941 2604 regno
2969 2535 3494 2603 catloruntdigmztur
3521 2553 3531 2586 :
3554 2533 3706 2602 cujus

2125 2642 2223 2679 nos
2269 2627 2548 2696 participes
2597 2628 2712 2682 fieri
2755 2629 3044 2698 contingat,
3073 2629 3240 2704 gratia
3283 2636 3334 2681 et
3379 2627 3704 2696 benignitate

2127 2719 2334 2782 Domini
2362 2721 2527 2776 nostri
2551 2719 2678 2776 Jesu
2705 2720 2922 2787 Christi,
2947 2737 3066 2774 cum
3095 2735 3200 2790 quo
3229 2721 3368 2774 Patri
3386 2721 3576 2788 gloria,
3601 2718 3701 2772 Ito-

2126 2825 2243 2875 nor,
2278 2812 2576 2880 imperium.
2601 2829 2700 2866 una
2727 2827 2847 2867 cum
2871 2811 3069 2882 Spiritu
3097 2821 3300 2878 sancto,
3325 2825 3464 2882 nunc
3487 2819 3542 2868 et
3566 2825 3708 2872 scuti-

2129 2918 2243 2972 μετ.
2273 2911 2328 2960 et
2359 2904 2408 2959 iu
2439 2906 2630 2964 sarcula
2658 2905 2994 2964 sat-culorum.
3017 2905 3211 2982 Amen,

1592 3609 1944 3688 1519mm:
1997 3609 2097 3685 AD
2153 3609 2594 3687 SERMONEM.

531 3865 630 3920 llic
661 3879 868 3942 sermo,
901 3865 1070 3940 longe~
1111 3872 1229 3948 post
1287 3872 1411 3936 octo
1444 3863 1580 3933 alios
1629 3863 1886 3942 temporis
1922 3861 2208 3928 intervallo
2241 3863 2482 3936 habitus,
2528 3865 2582 3919 in
2625 3865 2726 3924 hac
2781 3865 2923 3922 serie
2972 3869 3183 3936 positus
3234 3867 3360 3936 fuit,
3394 3885 3508 3936 non
3553 3873 3716 3927 modo

457 3984 586 4070 quia
615 3983 664 4050 in
692 3983 782 4050 illo
813 3983 880 4037 de
910 3982 1182 4050 Abraham
1217 3991 1273 4037 et
1303 3981 1370 4050 de
1405 3981 1518 4035 Noe
1549 3981 1796 4048 pluribus
1842 3981 2044 4051 agitur,
2094 3981 2188 4035 sed
2238 3981 2400 4034 etiam
2449 3983 2586 4051 quia
2631 3999 2738 4040 non
2809 4001 2977 4054 pauca
3042 3988 3130 4042 hic
3179 3987 3442 4042 habentur
3492 3989 3714 4057 similia,

461 4107 574 4166 imo
597 4105 786 4161 eadem
825 4117 968 4172 pene
985 4119 1106 4172 quae
1133 4101 1186 4154 in
1217 4099 1468 4154 Homiliis
1506 4100 1558 4152 in
1609 4099 1883 4155 Genesim.
1939 4098 2091 4154 ilunc
2139 4115 2302 4169 porro
2349 4100 2667 4155 Sermonem
2715 4105 2914 4157 eodem
2961 4103 3150 4157 habuit
3183 4121 3327 4178 anno
3371 4121 3479 4175 quo
3523 4105 3716 4160 [bini-

462 4221 562 4274 lias
591 4218 810 4289 triginta
840 4219 974 4271 (luas
1015 4217 1224 4285 priores
1253 4215 1306 4268 in
1337 4213 1618 4278 Genesim,
1653 4223 1841 4283 etquo
1873 4212 2134 4284 llomilias
2184 4215 2238 4270 in
2286 4216 2610 4285 principium
2657 4219 2940 4282 Actorum,
2979 4228 3033 4273 et
3078 4219 3146 4274 de
3194 4221 3493 4290 mutatione
3539 4223 3716 4273 nomi-

461 4353 614 4405 nam,
641 4336 810 4405 Cujus
844 4334 1209 4404 chronologize
1255 4331 1520 4404 rationem
1571 4332 1895 4402 explicatam
1949 4333 2119 4389 habes
2152 4333 2204 4388 in
2267 4333 2474 4396 Mquito
2520 4335 2586 4387 ad
2639 4333 2902 4396 Homilias
2960 4335 3016 4400 in
3067 4335 3395 4404 principium
3455 4337 3716 4388 Actorum

462 4448 634 4509 Tomo
664 4449 698 4510 5,
722 4449 849 4520 (col.
885 4447 998 4520 δῇ),
1031 4451 1270 4518 itemque
1293 4449 1346 4504 in
1374 4448 1577 4510 Monito
1599 4449 1664 4509 ad
1690 4449 1953 4506 Homilias
1987 4451 2054 4506 de
2082 4452 2382 4512 mutatione
2409 4453 2688 4507 nominum
2713 4453 2904 4507 eodem
2929 4453 3102 4507 Tento
3129 4451 3258 4522 (col.
3293 4451 3438 4522 111).
3465 4451 3584 4517 Quo
3617 4463 3718 4502 au-

467 4575 575 4632 tem
603 4581 748 4624 anno
778 4565 895 4621 huic
923 4574 1070 4620 tanta
1108 4564 1452 4620 homiliarum
1493 4579 1919 4635 sermonumque
1966 4581 2136 4621 series
2185 4566 2536 4634 pronuntiata
2575 4565 2762 4634 fuerit,
2803 4568 3045 4622 nondum
3089 4570 3366 4637 potuimus
3408 4569 3713 4637 deprehen-

465 4684 614 4740 dere.
647 4683 774 4740 Illud
808 4685 982 4742 solum
1013 4700 1112 4756 pro
1141 4697 1291 4741 certo
1324 4685 1712 4760 exploratoqne
1757 4687 2040 4754 habemus,
2069 4701 2257 4742 omnes
2305 4697 2424 4764 post
2477 4703 2682 4758 annum
2731 4687 2836 4743 587
2894 4687 3107 4758 habitas
3155 4686 3344 4756 fuisse.
3404 4687 3483 4754 Ea
3533 4687 3602 4740 de
3657 4699 3718 4748 re

1058 5201 1289 5261 SERMO
1327 5200 1417 5255 IX.

451 5302 716 5373 Quomodo
735 5305 962 5371 oporteat
981 5299 1201 5368 fratrum
1223 5303 1424 5364 peccata
1443 5307 1674 5363 arguere,
1709 5299 1757 5346 et
1781 5289 1914 5360 quod
1939 5305 2028 5345 eo-

511 5413 626 5450 rum
651 5393 828 5448 salutis
859 5405 1035 5444 curam
1061 5386 1241 5440 habere
1263 5385 1524 5438 conveniat
1543 5423 1557 5448 ,
1585 5393 1632 5436 et
1660 5397 1816 5451 quare
1843 5381 2030 5434 Abram

513 5498 714 5542 uocatus
741 5486 803 5539 sit
828 5483 1101 5545 Abraham,
1143 5488 1190 5532 et
1223 5478 1288 5531 de
1328 5476 1529 5530 nomine
1572 5473 1693 5528 Noé
1720 5489 1738 5527 :
1761 5473 1894 5544 quod
1929 5489 2028 5526 non

516 5581 702 5645 [rustra
729 5585 814 5629 aut
843 5575 948 5629 sine
971 5589 1125 5628 causa
1153 5571 1282 5642 justi
1317 5569 1392 5623 illi
1431 5567 1614 5639 fuerint
1644 5567 1722 5620 liis
1746 5565 2030 5619 nominibus

513 5667 783 5734 appellati,
809 5665 894 5717 sed
918 5665 988 5716 ita
1010 5664 1336 5732 dispensante
1355 5659 1452 5714 Dei
1480 5657 1813 5729 providentia.

518 5761 567 5815 1.
586 5758 732 5814 Ilaud
745 5757 956 5812 dil'licilc
973 5756 1104 5812 foret
1120 5769 1184 5810 ex
1203 5752 1577 5825 consequentia
1595 5748 2032 5820 nuperdictorum

2135 5201 2410 5271 praesentis
2432 5201 2693 5256 sermonis
2713 5215 2926 5258 sumere
2948 5203 3284 5271 procemium,
3304 5203 3562 5275 siquidem
3583 5205 3723 5260 scire

2137 5293 2364 5361 pOSsCtis
2390 5293 2514 5361 quid
2545 5307 2714 5362 nuper
2741 5309 2768 5346 a
2801 5294 2952 5347 nobis
2979 5295 3203 5360 dictum,
3231 5307 3283 5350 ct
3305 5295 3571 5366 quomodo
3602 5297 3722 5350 lini-

2137 5389 2220 5435 tus
2249 5381 2406 5434 fuerit
2435 5397 2632 5456 sermo.
2676 5381 2870 5436 Verum
2901 5385 3024 5453 quia
3055 5385 3289 5454 plerique
3316 5403 3378 5440 ex
3411 5387 3474 5439 iis
3501 5385 3590 5454 qui
3619 5402 3724 5440 nti—-

2137 5487 2232 5542 per
2255 5473 2454 5526 afluere
2474 5514 2488 5538 ,
2521 5472 2676 5528 hodie
2706 5489 2809 5526 non
2837 5475 3059 5540 adsunt,
3087 5485 3140 5528 et
3161 5492 3223 5531 ex
3260 5477 3322 5529 iis
3350 5478 3438 5547 qui
3461 5493 3599 5531 nunc
3623 5477 3721 5530 ad-

2137 5573 2280 5626 sunt,
2307 5580 2474 5632 nuper
2497 5563 2732 5629 abfuerc,
2760 5567 2903 5634 Cogit
2930 5566 3228 5619 auditorum
3261 5569 3508 5628 varietas,
3545 5578 3599 5620 ιιι
3631 5583 3722 5621 rc-

2139 5654 2362 5725 pctenda
2391 5656 2528 5720 sint,
2561 5671 2679 5723 qua:
2717 5671 2888 5724 nuper
2925 5656 3063 5710 dicta
3100 5675 3112 5711 :
3147 5657 3286 5712 unde
3315 5669 3366 5712 ct
3397 5659 3427 5711 ii
3457 5661 3544 5726 qui
3577 5659 3723 5726 prius

2139 5760 2442 5803 sermonem
2498 5744 2808 5810 audierant,
2859 5747 3047 5802 melius
3093 5747 3354 5801 dicturum
3407 5749 3728 5804 tttetnoriatu
