  <div class='ocr_page' id='page_1' title='image "/cluster/home/n/w/nwhite01/storage/ocr_20150623/54/mdp.39015078384420/249.png"; bbox 0 0 4146 6260; ppageno 0'>
   <div class='ocr_carea' id='block_1_1' title="bbox 363 307 464 362">
    <p class='ocr_par' dir='ltr' id='par_1_1' title="bbox 363 307 464 362">
     <span class='ocr_line' id='line_1_1' title="bbox 363 307 464 362; baseline 0 -1"><span class='ocrx_word' id='word_1_1' title='bbox 363 307 464 362; x_wconf 75' lang='lat'>69.!</span> 
     </span>
    </p>
   </div>
   <div class='ocr_carea' id='block_1_2' title="bbox 366 413 1942 488">
    <p class='ocr_par' dir='ltr' id='par_1_2' title="bbox 366 413 1942 488">
     <span class='ocr_line' id='line_1_2' title="bbox 366 413 1942 488; baseline -0.005 -14"><span class='ocrx_word' id='word_1_2' title='bbox 366 435 518 474; x_wconf 83' lang='grc' dir='ltr'>σεται</span> <span class='ocrx_word' id='word_1_3' title='bbox 552 415 755 471; x_wconf 84' lang='grc' dir='ltr'>τούτων</span> <span class='ocrx_word' id='word_1_4' title='bbox 803 419 836 488; x_wconf 82' lang='grc' dir='ltr'>ἡ</span> <span class='ocrx_word' id='word_1_5' title='bbox 883 419 1068 488; x_wconf 81' lang='grc' dir='ltr'>μνήμη</span> <span class='ocrx_word' id='word_1_6' title='bbox 1095 457 1110 480; x_wconf 87' lang='grc'>,</span> <span class='ocrx_word' id='word_1_7' title='bbox 1159 417 1320 470; x_wconf 85' lang='grc' dir='ltr'>πάλιν</span> <span class='ocrx_word' id='word_1_8' title='bbox 1371 413 1942 487; x_wconf 68' lang='grc' dir='ltr'>ἀναμιμνῃσκομένοις</span> 
     </span>
    </p>
   </div>
   <div class='ocr_carea' id='block_1_3' title="bbox 1043 295 2891 360">
    <p class='ocr_par' dir='ltr' id='par_1_3' title="bbox 1043 295 2891 360">
     <span class='ocr_line' id='line_1_3' title="bbox 1043 295 2891 360; baseline -0.004 -2"><span class='ocrx_word' id='word_1_9' title='bbox 1043 305 1098 359; x_wconf 90' lang='lat' dir='ltr'>S.</span> <span class='ocrx_word' id='word_1_10' title='bbox 1135 303 1418 360; x_wconf 66' lang='lat' dir='ltr'>JOANN&#39;IS</span> <span class='ocrx_word' id='word_1_11' title='bbox 1455 299 1944 358; x_wconf 69' lang='lat' dir='ltr'>CHRYSOSTOMI</span> <span class='ocrx_word' id='word_1_12' title='bbox 1983 300 2305 356; x_wconf 61' lang='lat' dir='ltr'>AHClliEP.</span> <span class='ocrx_word' id='word_1_13' title='bbox 2341 295 2891 358; x_wconf 71' lang='lat' dir='ltr'>CONSTANTINOP.</span> 
     </span>
    </p>
   </div>
   <div class='ocr_carea' id='block_1_4' title="bbox 3518 289 3622 345">
    <p class='ocr_par' dir='ltr' id='par_1_4' title="bbox 3518 289 3622 345">
     <span class='ocr_line' id='line_1_4' title="bbox 3518 289 3622 345; baseline 0.029 -3"><span class='ocrx_word' id='word_1_14' title='bbox 3518 289 3622 345; x_wconf 69' lang='grc'>621</span> 
     </span>
    </p>
   </div>
   <div class='ocr_carea' id='block_1_5' title="bbox 2049 407 3623 486">
    <p class='ocr_par' dir='ltr' id='par_1_5' title="bbox 2049 407 3623 486">
     <span class='ocr_line' id='line_1_5' title="bbox 2049 407 3623 486; baseline -0.002 -19"><span class='ocrx_word' id='word_1_15' title='bbox 2049 415 2440 486; x_wconf 81' lang='grc' dir='ltr'>ἀμαρτήσαντα</span> <span class='ocrx_word' id='word_1_16' title='bbox 2501 415 2674 484; x_wconf 88' lang='grc' dir='ltr'>λέγων</span> <span class='ocrx_word' id='word_1_17' title='bbox 2697 455 2711 480; x_wconf 92' lang='grc'>,</span> <span class='ocrx_word' id='word_1_18' title='bbox 2773 412 2914 468; x_wconf 76' lang='grc' dir='ltr'>ἀλλὰ</span> <span class='ocrx_word' id='word_1_19' title='bbox 2955 407 3044 464; x_wconf 77' lang='grc' dir='ltr'>τὸν</span> <span class='ocrx_word' id='word_1_20' title='bbox 3105 407 3482 474; x_wconf 83' lang='grc' dir='ltr'>σπουδάζοντα-</span> <span class='ocrx_word' id='word_1_21' title='bbox 3523 412 3623 478; x_wconf 77' lang='grc' dir='ltr'>μὲν</span> 
     </span>
    </p>
   </div>
   <div class='ocr_carea' id='block_1_6' title="bbox 365 491 3626 570">
    <p class='ocr_par' dir='ltr' id='par_1_6' title="bbox 365 491 3626 570">
     <span class='ocr_line' id='line_1_6' title="bbox 365 491 3626 570; baseline -0.002 -16"><span class='ocrx_word' id='word_1_22' title='bbox 365 496 442 554; x_wconf 78' lang='grc' dir='ltr'>ὧν</span> <span class='ocrx_word' id='word_1_23' title='bbox 493 501 760 570; x_wconf 81' lang='grc' dir='ltr'>ήκουσαν·</span> <span class='ocrx_word' id='word_1_24' title='bbox 816 501 909 553; x_wconf 74' lang='grc' dir='ltr'>καὶ</span> <span class='ocrx_word' id='word_1_25' title='bbox 968 503 1080 562; x_wconf 87' lang='grc' dir='ltr'>τοῖς</span> <span class='ocrx_word' id='word_1_26' title='bbox 1133 497 1536 566; x_wconf 69' lang='grc' dir='ltr'>ἀπολειφθεῖσιν</span> <span class='ocrx_word' id='word_1_27' title='bbox 1592 499 1653 550; x_wconf 72' lang='grc' dir='ltr'>οὐ</span> <span class='ocrx_word' id='word_1_28' title='bbox 1709 497 1944 566; x_wconf 83' lang='grc' dir='ltr'>τοσαύτη</span> <span class='ocrx_word' id='word_1_29' title='bbox 2046 497 2428 568; x_wconf 86' lang='grc' dir='ltr'>κατορθῶσαι,</span> <span class='ocrx_word' id='word_1_30' title='bbox 2463 499 2569 551; x_wconf 82' lang='grc' dir='ltr'>ὑπὸ</span> <span class='ocrx_word' id='word_1_31' title='bbox 2611 495 2983 566; x_wconf 79' lang='grc' dir='ltr'>περιστάσεως</span> <span class='ocrx_word' id='word_1_32' title='bbox 3023 493 3080 546; x_wconf 76' lang='grc' dir='ltr'>δὲ</span> <span class='ocrx_word' id='word_1_33' title='bbox 3131 491 3446 562; x_wconf 85' lang='grc' dir='ltr'>διαϐολικῆς</span> <span class='ocrx_word' id='word_1_34' title='bbox 3493 493 3626 546; x_wconf 84' lang='grc' dir='ltr'>ὕπο-</span> 
     </span>
    </p>
   </div>
   <div class='ocr_carea' id='block_1_7' title="bbox 365 578 1946 654">
    <p class='ocr_par' dir='ltr' id='par_1_7' title="bbox 365 578 1946 654">
     <span class='ocr_line' id='line_1_7' title="bbox 365 578 1946 654; baseline -0.005 -16"><span class='ocrx_word' id='word_1_35' title='bbox 365 585 518 638; x_wconf 71' lang='grc' dir='ltr'>ἔσται</span> <span class='ocrx_word' id='word_1_36' title='bbox 549 584 742 654; x_wconf 83' lang='grc' dir='ltr'>βλάϐη,</span> <span class='ocrx_word' id='word_1_37' title='bbox 771 583 861 636; x_wconf 82' lang='grc' dir='ltr'>τοῦ</span> <span class='ocrx_word' id='word_1_38' title='bbox 892 583 1048 652; x_wconf 83' lang='grc' dir='ltr'>λόγου</span> <span class='ocrx_word' id='word_1_39' title='bbox 1075 583 1508 654; x_wconf 78' lang='grc' dir='ltr'>γνωριμωτέραν</span> <span class='ocrx_word' id='word_1_40' title='bbox 1538 582 1722 644; x_wconf 82' lang='grc' dir='ltr'>αὐτοῖς</span> <span class='ocrx_word' id='word_1_41' title='bbox 1742 578 1946 634; x_wconf 82' lang='grc' dir='ltr'>ἀνωθεν</span> 
     </span>
    </p>
   </div>
   <div class='ocr_carea' id='block_1_8' title="bbox 367 663 1946 736">
    <p class='ocr_par' dir='ltr' id='par_1_8' title="bbox 367 663 1946 736">
     <span class='ocr_line' id='line_1_8' title="bbox 367 663 1946 736; baseline -0.005 -17"><span class='ocrx_word' id='word_1_42' title='bbox 367 667 646 728; x_wconf 86' lang='grc' dir='ltr'>ποιοῦντος</span> <span class='ocrx_word' id='word_1_43' title='bbox 681 667 780 736; x_wconf 72' lang='grc' dir='ltr'>τὴν</span> <span class='ocrx_word' id='word_1_44' title='bbox 807 667 1174 720; x_wconf 80' lang='grc' dir='ltr'>διδασκαλίαν.</span> <span class='ocrx_word' id='word_1_45' title='bbox 1211 666 1320 719; x_wconf 71' lang='grc' dir='ltr'>Καὶ</span> <span class='ocrx_word' id='word_1_46' title='bbox 1353 666 1458 736; x_wconf 83' lang='grc' dir='ltr'>μὴν</span> <span class='ocrx_word' id='word_1_47' title='bbox 1487 665 1618 726; x_wconf 83' lang='grc' dir='ltr'>ἴσως</span> <span class='ocrx_word' id='word_1_48' title='bbox 1650 663 1716 717; x_wconf 80' lang='grc' dir='ltr'>ἂν</span> <span class='ocrx_word' id='word_1_49' title='bbox 1745 663 1946 714; x_wconf 75' lang='grc' dir='ltr'>εἴποιεν</span> 
     </span>
    </p>
   </div>
   <div class='ocr_carea' id='block_1_9' title="bbox 369 742 1950 818">
    <p class='ocr_par' dir='ltr' id='par_1_9' title="bbox 369 742 1950 818">
     <span class='ocr_line' id='line_1_9' title="bbox 369 742 1950 818; baseline -0.004 -17"><span class='ocrx_word' id='word_1_50' title='bbox 369 749 418 801; x_wconf 81' lang='grc' dir='ltr'>οι</span> <span class='ocrx_word' id='word_1_51' title='bbox 453 749 538 801; x_wconf 80' lang='grc' dir='ltr'>ἀεὶ</span> <span class='ocrx_word' id='word_1_52' title='bbox 574 749 1016 818; x_wconf 81' lang='grc' dir='ltr'>παραγινόμενοι,</span> <span class='ocrx_word' id='word_1_53' title='bbox 1045 751 1126 802; x_wconf 79' lang='grc' dir='ltr'>ὅτι</span> <span class='ocrx_word' id='word_1_54' title='bbox 1155 749 1221 802; x_wconf 87' lang='grc' dir='ltr'>δι’</span> <span class='ocrx_word' id='word_1_55' title='bbox 1255 747 1388 800; x_wconf 79' lang='grc' dir='ltr'>αὐτὸ</span> <span class='ocrx_word' id='word_1_56' title='bbox 1419 747 1518 816; x_wconf 84' lang='grc' dir='ltr'>μὲν</span> <span class='ocrx_word' id='word_1_57' title='bbox 1545 742 1636 800; x_wconf 86' lang='grc' dir='ltr'>οῦν</span> <span class='ocrx_word' id='word_1_58' title='bbox 1665 743 1821 798; x_wconf 86' lang='grc' dir='ltr'>τοῦτο</span> <span class='ocrx_word' id='word_1_59' title='bbox 1850 742 1950 796; x_wconf 84' lang='grc' dir='ltr'>οῦκ</span> 
     </span>
    </p>
   </div>
   <div class='ocr_carea' id='block_1_10' title="bbox 369 823 1950 902">
    <p class='ocr_par' dir='ltr' id='par_1_10' title="bbox 369 823 1950 902">
     <span class='ocr_line' id='line_1_10' title="bbox 369 823 1950 902; baseline -0.004 -19"><span class='ocrx_word' id='word_1_60' title='bbox 369 833 534 902; x_wconf 71' lang='grc' dir='ltr'>ἐχρῆν</span> <span class='ocrx_word' id='word_1_61' title='bbox 565 831 853 884; x_wconf 82' lang='grc' dir='ltr'>ἀναλαϐεῖν</span> <span class='ocrx_word' id='word_1_62' title='bbox 884 833 952 885; x_wconf 86' lang='grc' dir='ltr'>τὰ</span> <span class='ocrx_word' id='word_1_63' title='bbox 980 831 1266 902; x_wconf 78' lang='grc' dir='ltr'>εἰρημένα,</span> <span class='ocrx_word' id='word_1_64' title='bbox 1301 831 1386 884; x_wconf 80' lang='grc' dir='ltr'>ἵνα</span> <span class='ocrx_word' id='word_1_65' title='bbox 1412 828 1830 897; x_wconf 80' lang='grc' dir='ltr'>ἀπολειφθέντες</span> <span class='ocrx_word' id='word_1_66' title='bbox 1858 823 1950 878; x_wconf 73' lang='grc' dir='ltr'>καὶ</span> 
     </span>
    </p>
   </div>
   <div class='ocr_carea' id='block_1_11' title="bbox 369 907 1952 986">
    <p class='ocr_par' dir='ltr' id='par_1_11' title="bbox 369 907 1952 986">
     <span class='ocr_line' id='line_1_11' title="bbox 369 907 1952 986; baseline -0.005 -20"><span class='ocrx_word' id='word_1_67' title='bbox 369 914 478 967; x_wconf 88' lang='grc' dir='ltr'>τῶν</span> <span class='ocrx_word' id='word_1_68' title='bbox 527 913 796 978; x_wconf 81' lang='grc' dir='ltr'>συνάξεων</span> <span class='ocrx_word' id='word_1_69' title='bbox 825 916 1338 986; x_wconf 83' lang='grc' dir='ltr'>καταφρονήσαντες</span> <span class='ocrx_word' id='word_1_70' title='bbox 1360 951 1374 977; x_wconf 93' lang='grc'>,</span> <span class='ocrx_word' id='word_1_71' title='bbox 1423 912 1569 984; x_wconf 76' lang='grc' dir='ltr'>ἔργῳ</span> <span class='ocrx_word' id='word_1_72' title='bbox 1613 911 1712 982; x_wconf 86' lang='grc' dir='ltr'>τὴν</span> <span class='ocrx_word' id='word_1_73' title='bbox 1749 907 1952 979; x_wconf 86' lang='grc' dir='ltr'>βλάϐην</span> 
     </span>
    </p>
   </div>
   <div class='ocr_carea' id='block_1_12' title="bbox 370 987 1952 1068">
    <p class='ocr_par' dir='ltr' id='par_1_12' title="bbox 370 987 1952 1068">
     <span class='ocr_line' id='line_1_12' title="bbox 370 987 1952 1068; baseline -0.001 -20"><span class='ocrx_word' id='word_1_74' title='bbox 370 991 797 1066; x_wconf 81' lang='grc' dir='ltr'>ὑπομείναντες,</span> <span class='ocrx_word' id='word_1_75' title='bbox 835 997 1078 1068; x_wconf 82' lang='grc' dir='ltr'>βελτίους</span> <span class='ocrx_word' id='word_1_76' title='bbox 1121 997 1407 1065; x_wconf 80' lang='grc' dir='ltr'>γένωνται,</span> <span class='ocrx_word' id='word_1_77' title='bbox 1437 997 1506 1066; x_wconf 79' lang='grc' dir='ltr'>τῇ</span> <span class='ocrx_word' id='word_1_78' title='bbox 1551 993 1724 1065; x_wconf 79' lang='grc' dir='ltr'>ζημίᾳ</span> <span class='ocrx_word' id='word_1_79' title='bbox 1765 987 1952 1064; x_wconf 81' lang='lat'>[688]</span> 
     </span>
    </p>
   </div>
   <div class='ocr_carea' id='block_1_13' title="bbox 373 1080 857 1150">
    <p class='ocr_par' dir='ltr' id='par_1_13' title="bbox 373 1080 857 1150">
     <span class='ocr_line' id='line_1_13' title="bbox 373 1080 857 1150; baseline 0.004 -19"><span class='ocrx_word' id='word_1_80' title='bbox 373 1095 491 1148; x_wconf 85' lang='grc' dir='ltr'>σωφ</span> <span class='ocrx_word' id='word_1_81' title='bbox 500 1080 857 1150; x_wconf 77' lang='grc' dir='ltr'>ρονιζόμενοι.</span> 
     </span>
    </p>
   </div>
   <div class='ocr_carea' id='block_1_14' title="bbox 455 1156 1955 1233">
    <p class='ocr_par' dir='ltr' id='par_1_14' title="bbox 455 1156 1955 1233">
     <span class='ocr_line' id='line_1_14' title="bbox 455 1156 1955 1233; baseline -0.003 -19"><span class='ocrx_word' id='word_1_82' title='bbox 455 1160 598 1231; x_wconf 87' lang='grc' dir='ltr'>Ἐγὼ</span> <span class='ocrx_word' id='word_1_83' title='bbox 629 1162 686 1215; x_wconf 84' lang='grc' dir='ltr'>δὲ</span> <span class='ocrx_word' id='word_1_84' title='bbox 715 1163 922 1216; x_wconf 75' lang='grc' dir='ltr'>ἐπαινῶ</span> <span class='ocrx_word' id='word_1_85' title='bbox 946 1163 1043 1233; x_wconf 79' lang='grc' dir='ltr'>μὲν</span> <span class='ocrx_word' id='word_1_86' title='bbox 1069 1163 1235 1232; x_wconf 81' lang='grc' dir='ltr'>ὑμᾶς,</span> <span class='ocrx_word' id='word_1_87' title='bbox 1258 1161 1342 1213; x_wconf 79' lang='grc' dir='ltr'>ὅτι</span> <span class='ocrx_word' id='word_1_88' title='bbox 1373 1159 1514 1214; x_wconf 79' lang='grc' dir='ltr'>οὕτω</span> <span class='ocrx_word' id='word_1_89' title='bbox 1533 1157 1794 1214; x_wconf 82' lang='grc' dir='ltr'>δάκνεσθε</span> <span class='ocrx_word' id='word_1_90' title='bbox 1815 1156 1955 1228; x_wconf 65' lang='grc' dir='ltr'>ὑπὲρ</span> 
     </span>
    </p>
   </div>
   <div class='ocr_carea' id='block_1_15' title="bbox 373 1241 1952 1318">
    <p class='ocr_par' dir='ltr' id='par_1_15' title="bbox 373 1241 1952 1318">
     <span class='ocr_line' id='line_1_15' title="bbox 373 1241 1952 1318; baseline -0.001 -22"><span class='ocrx_word' id='word_1_91' title='bbox 373 1245 474 1314; x_wconf 88' lang='grc' dir='ltr'>τῆς</span> <span class='ocrx_word' id='word_1_92' title='bbox 509 1245 780 1318; x_wconf 66' lang='grc' dir='ltr'>ῥᾳθυμίας</span> <span class='ocrx_word' id='word_1_93' title='bbox 805 1247 914 1300; x_wconf 87' lang='grc' dir='ltr'>τῶν</span> <span class='ocrx_word' id='word_1_94' title='bbox 946 1245 1216 1316; x_wconf 80' lang='grc' dir='ltr'>ἀδελφῶν,</span> <span class='ocrx_word' id='word_1_95' title='bbox 1241 1245 1334 1298; x_wconf 80' lang='grc' dir='ltr'>καὶ</span> <span class='ocrx_word' id='word_1_96' title='bbox 1363 1245 1456 1298; x_wconf 84' lang='grc' dir='ltr'>τὸν</span> <span class='ocrx_word' id='word_1_97' title='bbox 1483 1242 1641 1314; x_wconf 77' lang='grc' dir='ltr'>ζῆλον</span> <span class='ocrx_word' id='word_1_98' title='bbox 1670 1241 1952 1313; x_wconf 76' lang='grc' dir='ltr'>θαυμάξω·</span> 
     </span>
    </p>
   </div>
   <div class='ocr_carea' id='block_1_16' title="bbox 378 1323 1957 1399">
    <p class='ocr_par' dir='ltr' id='par_1_16' title="bbox 378 1323 1957 1399">
     <span class='ocr_line' id='line_1_16' title="bbox 378 1323 1957 1399; baseline -0.002 -19"><span class='ocrx_word' id='word_1_99' title='bbox 378 1325 638 1398; x_wconf 88' lang='grc' dir='ltr'>βούλομαι</span> <span class='ocrx_word' id='word_1_100' title='bbox 671 1329 728 1382; x_wconf 72' lang='grc' dir='ltr'>δὲ</span> <span class='ocrx_word' id='word_1_101' title='bbox 757 1329 852 1382; x_wconf 72' lang='grc' dir='ltr'>καὶ</span> <span class='ocrx_word' id='word_1_102' title='bbox 880 1327 1259 1399; x_wconf 76' lang='grc' dir='ltr'>φιλανθρωπία</span> <span class='ocrx_word' id='word_1_103' title='bbox 1294 1327 1386 1380; x_wconf 80' lang='grc' dir='ltr'>τὸν</span> <span class='ocrx_word' id='word_1_104' title='bbox 1422 1325 1581 1397; x_wconf 81' lang='grc' dir='ltr'>ζῆλον</span> <span class='ocrx_word' id='word_1_105' title='bbox 1613 1327 1757 1396; x_wconf 82' lang='grc' dir='ltr'>ὑμᾶς</span> <span class='ocrx_word' id='word_1_106' title='bbox 1793 1323 1957 1395; x_wconf 89' lang='grc' dir='ltr'>κερά-</span> 
     </span>
    </p>
   </div>
   <div class='ocr_carea' id='block_1_17' title="bbox 380 1408 1958 1483">
    <p class='ocr_par' dir='ltr' id='par_1_17' title="bbox 380 1408 1958 1483">
     <span class='ocr_line' id='line_1_17' title="bbox 380 1408 1958 1483; baseline -0.001 -22"><span class='ocrx_word' id='word_1_107' title='bbox 380 1425 471 1462; x_wconf 86' lang='grc' dir='ltr'>σαι</span> <span class='ocrx_word' id='word_1_108' title='bbox 513 1411 718 1464; x_wconf 89' lang='grc' dir='ltr'>τοῦτον.</span> <span class='ocrx_word' id='word_1_109' title='bbox 769 1413 939 1482; x_wconf 82' lang='grc' dir='ltr'>Ζῆλος</span> <span class='ocrx_word' id='word_1_110' title='bbox 971 1413 1080 1483; x_wconf 86' lang='grc' dir='ltr'>γὰρ</span> <span class='ocrx_word' id='word_1_111' title='bbox 1113 1411 1444 1481; x_wconf 81' lang='grc' dir='ltr'>συγγνώμης</span> <span class='ocrx_word' id='word_1_112' title='bbox 1495 1408 1958 1480; x_wconf 74' lang='grc' dir='ltr'>ἀπεστερημένος,</span> 
     </span>
    </p>
   </div>
   <div class='ocr_carea' id='block_1_18' title="bbox 378 1489 1958 1565">
    <p class='ocr_par' dir='ltr' id='par_1_18' title="bbox 378 1489 1958 1565">
     <span class='ocr_line' id='line_1_18' title="bbox 378 1489 1958 1565; baseline 0 -23"><span class='ocrx_word' id='word_1_113' title='bbox 378 1491 441 1543; x_wconf 84' lang='grc' dir='ltr'>ού</span> <span class='ocrx_word' id='word_1_114' title='bbox 485 1489 676 1561; x_wconf 79' lang='grc' dir='ltr'>ζῆλος,</span> <span class='ocrx_word' id='word_1_115' title='bbox 723 1493 860 1546; x_wconf 88' lang='grc' dir='ltr'>ἀλλά</span> <span class='ocrx_word' id='word_1_116' title='bbox 895 1493 1063 1565; x_wconf 79' lang='grc' dir='ltr'>θυμὸς</span> <span class='ocrx_word' id='word_1_117' title='bbox 1101 1493 1302 1565; x_wconf 79' lang='grc' dir='ltr'>μᾶλλόν</span> <span class='ocrx_word' id='word_1_118' title='bbox 1333 1496 1484 1556; x_wconf 77' lang='grc' dir='ltr'>ἐστι,</span> <span class='ocrx_word' id='word_1_119' title='bbox 1535 1493 1630 1546; x_wconf 75' lang='grc' dir='ltr'>καὶ</span> <span class='ocrx_word' id='word_1_120' title='bbox 1671 1490 1958 1555; x_wconf 79' lang='grc' dir='ltr'>νουθεσία,</span> 
     </span>
    </p>
   </div>
   <div class='ocr_carea' id='block_1_19' title="bbox 381 1571 1958 1646">
    <p class='ocr_par' dir='ltr' id='par_1_19' title="bbox 381 1571 1958 1646">
     <span class='ocr_line' id='line_1_19' title="bbox 381 1571 1958 1646; baseline 0.001 -22"><span class='ocrx_word' id='word_1_121' title='bbox 381 1572 791 1644; x_wconf 76' lang='grc' dir='ltr'>φιλανθρωπίαν</span> <span class='ocrx_word' id='word_1_122' title='bbox 818 1575 918 1630; x_wconf 79' lang='grc' dir='ltr'>οὐκ</span> <span class='ocrx_word' id='word_1_123' title='bbox 945 1576 1164 1646; x_wconf 80' lang='grc' dir='ltr'>ἔχουσα,</span> <span class='ocrx_word' id='word_1_124' title='bbox 1202 1575 1472 1646; x_wconf 76' lang='grc' dir='ltr'>βασκανία</span> <span class='ocrx_word' id='word_1_125' title='bbox 1513 1593 1598 1639; x_wconf 88' lang='grc' dir='ltr'>τις</span> <span class='ocrx_word' id='word_1_126' title='bbox 1636 1571 1958 1628; x_wconf 78' lang='grc' dir='ltr'>εἶναιδοκεῖ.</span> 
     </span>
    </p>
   </div>
   <div class='ocr_carea' id='block_1_20' title="bbox 380 1655 1963 1730">
    <p class='ocr_par' dir='ltr' id='par_1_20' title="bbox 380 1655 1963 1730">
     <span class='ocr_line' id='line_1_20' title="bbox 380 1655 1963 1730; baseline 0.002 -23"><span class='ocrx_word' id='word_1_127' title='bbox 380 1655 479 1708; x_wconf 87' lang='grc' dir='ltr'>Διά</span> <span class='ocrx_word' id='word_1_128' title='bbox 517 1655 673 1712; x_wconf 89' lang='grc' dir='ltr'>τοῦτο</span> <span class='ocrx_word' id='word_1_129' title='bbox 719 1657 864 1728; x_wconf 80' lang='grc' dir='ltr'>ὑμᾶς</span> <span class='ocrx_word' id='word_1_130' title='bbox 899 1659 1098 1727; x_wconf 79' lang='grc' dir='ltr'>μᾶλλον</span> <span class='ocrx_word' id='word_1_131' title='bbox 1147 1658 1472 1730; x_wconf 75' lang='grc' dir='ltr'>παρακαλῶ,</span> <span class='ocrx_word' id='word_1_132' title='bbox 1531 1659 1606 1728; x_wconf 82' lang='grc' dir='ltr'>μὴ</span> <span class='ocrx_word' id='word_1_133' title='bbox 1642 1655 1852 1730; x_wconf 84' lang='grc' dir='ltr'>πικρῶς</span> <span class='ocrx_word' id='word_1_134' title='bbox 1891 1657 1963 1710; x_wconf 85' lang='grc' dir='ltr'>τά</span> 
     </span>
    </p>
   </div>
   <div class='ocr_carea' id='block_1_21' title="bbox 381 1737 1964 1813">
    <p class='ocr_par' dir='ltr' id='par_1_21' title="bbox 381 1737 1964 1813">
     <span class='ocr_line' id='line_1_21' title="bbox 381 1737 1964 1813; baseline 0.002 -24"><span class='ocrx_word' id='word_1_135' title='bbox 381 1737 491 1790; x_wconf 89' lang='grc' dir='ltr'>τῶν</span> <span class='ocrx_word' id='word_1_136' title='bbox 545 1737 771 1810; x_wconf 81' lang='grc' dir='ltr'>πλησίον</span> <span class='ocrx_word' id='word_1_137' title='bbox 821 1741 1029 1812; x_wconf 88' lang='grc' dir='ltr'>κρίνειν</span> <span class='ocrx_word' id='word_1_138' title='bbox 1080 1742 1470 1813; x_wconf 67' lang='grc' dir='ltr'>ἁμαρτήμαται.</span> <span class='ocrx_word' id='word_1_139' title='bbox 1526 1742 1736 1813; x_wconf 75' lang='grc' dir='ltr'>Ὠσπερ</span> <span class='ocrx_word' id='word_1_140' title='bbox 1771 1739 1880 1811; x_wconf 82' lang='grc' dir='ltr'>γὰρ</span> <span class='ocrx_word' id='word_1_141' title='bbox 1934 1740 1964 1792; x_wconf 78' lang='lat'>6</span> 
     </span>
    </p>
   </div>
   <div class='ocr_carea' id='block_1_22' title="bbox 382 1821 1963 1895">
    <p class='ocr_par' dir='ltr' id='par_1_22' title="bbox 382 1821 1963 1895">
     <span class='ocr_line' id='line_1_22' title="bbox 382 1821 1963 1895; baseline 0.001 -23"><span class='ocrx_word' id='word_1_142' title='bbox 382 1821 550 1890; x_wconf 72' lang='grc' dir='ltr'>χωρὶς</span> <span class='ocrx_word' id='word_1_143' title='bbox 582 1823 909 1895; x_wconf 87' lang='grc' dir='ltr'>συγγνώμης</span> <span class='ocrx_word' id='word_1_144' title='bbox 945 1823 1087 1895; x_wconf 85' lang='grc' dir='ltr'>ὁρῶν</span> <span class='ocrx_word' id='word_1_145' title='bbox 1120 1825 1188 1878; x_wconf 77' lang='grc' dir='ltr'>τὰ</span> <span class='ocrx_word' id='word_1_146' title='bbox 1229 1823 1338 1878; x_wconf 86' lang='grc' dir='ltr'>τῶν</span> <span class='ocrx_word' id='word_1_147' title='bbox 1377 1823 1620 1893; x_wconf 77' lang='grc' dir='ltr'>ἀδελφῶν</span> <span class='ocrx_word' id='word_1_148' title='bbox 1647 1823 1963 1893; x_wconf 88' lang='grc' dir='ltr'>τραύματα,</span> 
     </span>
    </p>
   </div>
   <div class='ocr_carea' id='block_1_23' title="bbox 383 1902 1966 1980">
    <p class='ocr_par' dir='ltr' id='par_1_23' title="bbox 383 1902 1966 1980">
     <span class='ocr_line' id='line_1_23' title="bbox 383 1902 1966 1980; baseline 0.003 -26"><span class='ocrx_word' id='word_1_149' title='bbox 383 1902 436 1955; x_wconf 80' lang='grc' dir='ltr'>εἴ</span> <span class='ocrx_word' id='word_1_150' title='bbox 463 1920 589 1956; x_wconf 88' lang='grc' dir='ltr'>ποτε</span> <span class='ocrx_word' id='word_1_151' title='bbox 615 1905 708 1958; x_wconf 77' lang='grc' dir='ltr'>καὶ</span> <span class='ocrx_word' id='word_1_152' title='bbox 741 1908 902 1970; x_wconf 75' lang='grc' dir='ltr'>αὐτὸς</span> <span class='ocrx_word' id='word_1_153' title='bbox 938 1907 1196 1980; x_wconf 82' lang='grc' dir='ltr'>ἁμάρτοι,</span> <span class='ocrx_word' id='word_1_154' title='bbox 1243 1907 1434 1961; x_wconf 80' lang='grc' dir='ltr'>οὐδένα</span> <span class='ocrx_word' id='word_1_155' title='bbox 1466 1908 1688 1978; x_wconf 80' lang='grc' dir='ltr'>εὑρήσει</span> <span class='ocrx_word' id='word_1_156' title='bbox 1715 1907 1808 1960; x_wconf 78' lang='grc' dir='ltr'>τὸν</span> <span class='ocrx_word' id='word_1_157' title='bbox 1834 1921 1966 1972; x_wconf 88' lang='grc' dir='ltr'>συγ-</span> 
     </span>
    </p>
   </div>
   <div class='ocr_carea' id='block_1_24' title="bbox 382 1983 1966 2060">
    <p class='ocr_par' dir='ltr' id='par_1_24' title="bbox 382 1983 1966 2060">
     <span class='ocr_line' id='line_1_24' title="bbox 382 1983 1966 2060; baseline 0.001 -22"><span class='ocrx_word' id='word_1_158' title='bbox 382 1983 606 2056; x_wconf 83' lang='grc' dir='ltr'>γνώμην</span> <span class='ocrx_word' id='word_1_159' title='bbox 633 1987 783 2057; x_wconf 84' lang='grc' dir='ltr'>αὺτῷ</span> <span class='ocrx_word' id='word_1_160' title='bbox 817 1989 1070 2059; x_wconf 85' lang='grc' dir='ltr'>νέμοντα·</span> <span class='ocrx_word' id='word_1_161' title='bbox 1115 1990 1288 2054; x_wconf 81' lang='grc' dir='ltr'>οὕτως</span> <span class='ocrx_word' id='word_1_162' title='bbox 1316 1991 1344 2043; x_wconf 98' lang='lat'>6</span> <span class='ocrx_word' id='word_1_163' title='bbox 1375 1991 1491 2060; x_wconf 83' lang='grc' dir='ltr'>μετ’</span> <span class='ocrx_word' id='word_1_164' title='bbox 1535 1989 1685 2042; x_wconf 79' lang='grc' dir='ltr'>ἐλέου</span> <span class='ocrx_word' id='word_1_165' title='bbox 1729 1988 1966 2052; x_wconf 78' lang='grc' dir='ltr'>δικάζων</span> 
     </span>
    </p>
   </div>
   <div class='ocr_carea' id='block_1_25' title="bbox 381 2073 1968 2146">
    <p class='ocr_par' dir='ltr' id='par_1_25' title="bbox 381 2073 1968 2146">
     <span class='ocr_line' id='line_1_25' title="bbox 381 2073 1968 2146; baseline 0 -22"><span class='ocrx_word' id='word_1_166' title='bbox 381 2073 494 2133; x_wconf 85' lang='grc' dir='ltr'>τοῖς</span> <span class='ocrx_word' id='word_1_167' title='bbox 516 2073 624 2124; x_wconf 83' lang='grc' dir='ltr'>τῶν</span> <span class='ocrx_word' id='word_1_168' title='bbox 653 2073 876 2145; x_wconf 81' lang='grc' dir='ltr'>πλησίον</span> <span class='ocrx_word' id='word_1_169' title='bbox 909 2075 1354 2146; x_wconf 85' lang='grc' dir='ltr'>παραπτώμασιν</span> <span class='ocrx_word' id='word_1_170' title='bbox 1373 2115 1387 2138; x_wconf 93' lang='grc'>,</span> <span class='ocrx_word' id='word_1_171' title='bbox 1433 2075 1485 2128; x_wconf 78' lang='grc' dir='ltr'>εί</span> <span class='ocrx_word' id='word_1_172' title='bbox 1511 2089 1641 2126; x_wconf 86' lang='grc' dir='ltr'>ποτε</span> <span class='ocrx_word' id='word_1_173' title='bbox 1683 2073 1968 2126; x_wconf 85' lang='grc' dir='ltr'>ὑποσκελι-</span> 
     </span>
    </p>
   </div>
   <div class='ocr_carea' id='block_1_26' title="bbox 386 2153 1967 2228">
    <p class='ocr_par' dir='ltr' id='par_1_26' title="bbox 386 2153 1967 2228">
     <span class='ocr_line' id='line_1_26' title="bbox 386 2153 1967 2228; baseline 0.001 -21"><span class='ocrx_word' id='word_1_174' title='bbox 386 2153 536 2224; x_wconf 78' lang='grc' dir='ltr'>σθείη</span> <span class='ocrx_word' id='word_1_175' title='bbox 562 2195 576 2218; x_wconf 92' lang='grc'>,</span> <span class='ocrx_word' id='word_1_176' title='bbox 613 2155 838 2220; x_wconf 79' lang='grc' dir='ltr'>πολλοὺς</span> <span class='ocrx_word' id='word_1_177' title='bbox 882 2156 1070 2226; x_wconf 65' lang='grc' dir='ltr'>ὄψεται</span> <span class='ocrx_word' id='word_1_178' title='bbox 1123 2159 1248 2222; x_wconf 75' lang='grc' dir='ltr'>τοὺς</span> <span class='ocrx_word' id='word_1_179' title='bbox 1301 2159 1460 2228; x_wconf 82' lang='grc' dir='ltr'>χεῖρα</span> <span class='ocrx_word' id='word_1_180' title='bbox 1500 2156 1810 2226; x_wconf 80' lang='grc' dir='ltr'>ὀρέγοντας.</span> <span class='ocrx_word' id='word_1_181' title='bbox 1859 2155 1967 2208; x_wconf 69' lang='grc' dir='ltr'>Καὶ</span> 
     </span>
    </p>
   </div>
   <div class='ocr_carea' id='block_1_27' title="bbox 382 2237 1966 2312">
    <p class='ocr_par' dir='ltr' id='par_1_27' title="bbox 382 2237 1966 2312">
     <span class='ocr_line' id='line_1_27' title="bbox 382 2237 1966 2312; baseline -0.002 -20"><span class='ocrx_word' id='word_1_182' title='bbox 382 2237 552 2292; x_wconf 83' lang='grc' dir='ltr'>ταῦτα</span> <span class='ocrx_word' id='word_1_183' title='bbox 574 2237 715 2306; x_wconf 87' lang='grc' dir='ltr'>λέγω</span> <span class='ocrx_word' id='word_1_184' title='bbox 742 2239 857 2303; x_wconf 91' lang='grc' dir='ltr'>νῦν,</span> <span class='ocrx_word' id='word_1_185' title='bbox 886 2241 946 2294; x_wconf 85' lang='grc' dir='ltr'>οῦ</span> <span class='ocrx_word' id='word_1_186' title='bbox 975 2240 1073 2312; x_wconf 81' lang='grc' dir='ltr'>τὴν</span> <span class='ocrx_word' id='word_1_187' title='bbox 1106 2239 1377 2311; x_wconf 78' lang='grc' dir='ltr'>ῥᾳθυμίαν</span> <span class='ocrx_word' id='word_1_188' title='bbox 1397 2240 1504 2292; x_wconf 89' lang='grc' dir='ltr'>τῶν</span> <span class='ocrx_word' id='word_1_189' title='bbox 1529 2237 1966 2300; x_wconf 73' lang='grc' dir='ltr'>ἀπολειφθέντων</span> 
     </span>
    </p>
   </div>
   <div class='ocr_carea' id='block_1_28' title="bbox 383 2319 1967 2394">
    <p class='ocr_par' dir='ltr' id='par_1_28' title="bbox 383 2319 1967 2394">
     <span class='ocr_line' id='line_1_28' title="bbox 383 2319 1967 2394; baseline -0.001 -21"><span class='ocrx_word' id='word_1_190' title='bbox 383 2321 617 2390; x_wconf 78' lang='grc' dir='ltr'>αὐξῆσαι</span> <span class='ocrx_word' id='word_1_191' title='bbox 649 2321 992 2392; x_wconf 87' lang='grc' dir='ltr'>βουλόμενος,</span> <span class='ocrx_word' id='word_1_192' title='bbox 1035 2323 1170 2376; x_wconf 79' lang='grc' dir='ltr'>ἀλλά</span> <span class='ocrx_word' id='word_1_193' title='bbox 1203 2323 1302 2394; x_wconf 82' lang='grc' dir='ltr'>τὴν</span> <span class='ocrx_word' id='word_1_194' title='bbox 1333 2321 1606 2393; x_wconf 80' lang='grc' dir='ltr'>ἡμετέραν</span> <span class='ocrx_word' id='word_1_195' title='bbox 1639 2319 1967 2392; x_wconf 80' lang='grc' dir='ltr'>κηδεμονίαν</span> 
     </span>
    </p>
   </div>
   <div class='ocr_carea' id='block_1_29' title="bbox 384 2403 1970 2474">
    <p class='ocr_par' dir='ltr' id='par_1_29' title="bbox 384 2403 1970 2474">
     <span class='ocr_line' id='line_1_29' title="bbox 384 2403 1970 2474; baseline -0.001 -19"><span class='ocrx_word' id='word_1_196' title='bbox 384 2405 647 2458; x_wconf 79' lang='grc' dir='ltr'>ἐπιτεῖναι</span> <span class='ocrx_word' id='word_1_197' title='bbox 695 2405 1009 2468; x_wconf 69' lang='grc' dir='ltr'>σπουδάζων</span> <span class='ocrx_word' id='word_1_198' title='bbox 1034 2444 1048 2468; x_wconf 93' lang='grc'>,</span> <span class='ocrx_word' id='word_1_199' title='bbox 1105 2405 1194 2456; x_wconf 85' lang='grc' dir='ltr'>ἵνα</span> <span class='ocrx_word' id='word_1_200' title='bbox 1245 2406 1382 2473; x_wconf 86' lang='grc' dir='ltr'>μετά</span> <span class='ocrx_word' id='word_1_201' title='bbox 1419 2404 1577 2472; x_wconf 74' lang='grc' dir='ltr'>λόγου</span> <span class='ocrx_word' id='word_1_202' title='bbox 1620 2405 1838 2474; x_wconf 84' lang='grc' dir='ltr'>γίνηται</span> <span class='ocrx_word' id='word_1_203' title='bbox 1873 2403 1970 2455; x_wconf 61' lang='grc' dir='ltr'>καὶΙ</span> 
     </span>
    </p>
   </div>
   <div class='ocr_carea' id='block_1_30' title="bbox 385 2485 1970 2557">
    <p class='ocr_par' dir='ltr' id='par_1_30' title="bbox 385 2485 1970 2557">
     <span class='ocr_line' id='line_1_30' title="bbox 385 2485 1970 2557; baseline 0.001 -20"><span class='ocrx_word' id='word_1_204' title='bbox 385 2485 785 2556; x_wconf 81' lang='grc' dir='ltr'>φιλοστοργίας.</span> <span class='ocrx_word' id='word_1_205' title='bbox 827 2487 980 2539; x_wconf 78' lang='grc' dir='ltr'>Ἐπεὶ</span> <span class='ocrx_word' id='word_1_206' title='bbox 1013 2487 1106 2539; x_wconf 76' lang='grc' dir='ltr'>καὶ</span> <span class='ocrx_word' id='word_1_207' title='bbox 1136 2488 1296 2556; x_wconf 80' lang='grc' dir='ltr'>ἡμεῖς</span> <span class='ocrx_word' id='word_1_208' title='bbox 1331 2485 1560 2549; x_wconf 79' lang='grc' dir='ltr'>πολλοὺς</span> <span class='ocrx_word' id='word_1_209' title='bbox 1593 2487 1688 2539; x_wconf 78' lang='grc' dir='ltr'>καὶ</span> <span class='ocrx_word' id='word_1_210' title='bbox 1725 2487 1970 2557; x_wconf 75' lang='grc' dir='ltr'>μακροὺς</span> 
     </span>
    </p>
   </div>
   <div class='ocr_carea' id='block_1_31' title="bbox 385 2567 1971 2639">
    <p class='ocr_par' dir='ltr' id='par_1_31' title="bbox 385 2567 1971 2639">
     <span class='ocr_line' id='line_1_31' title="bbox 385 2567 1971 2639; baseline 0.001 -20"><span class='ocrx_word' id='word_1_211' title='bbox 385 2569 453 2638; x_wconf 79' lang='grc' dir='ltr'>τῇ</span> <span class='ocrx_word' id='word_1_212' title='bbox 496 2569 800 2639; x_wconf 80' lang='grc' dir='ltr'>προτεραίᾳ</span> <span class='ocrx_word' id='word_1_213' title='bbox 846 2568 967 2621; x_wconf 88' lang='grc' dir='ltr'>κατ’</span> <span class='ocrx_word' id='word_1_214' title='bbox 1009 2567 1188 2621; x_wconf 83' lang='grc' dir='ltr'>αὐτῶν</span> <span class='ocrx_word' id='word_1_215' title='bbox 1229 2567 1592 2638; x_wconf 86' lang='grc' dir='ltr'>ἀπετείναμεν</span> <span class='ocrx_word' id='word_1_216' title='bbox 1621 2567 1847 2634; x_wconf 84' lang='grc' dir='ltr'>λόγους,</span> <span class='ocrx_word' id='word_1_217' title='bbox 1877 2567 1971 2620; x_wconf 77' lang='grc' dir='ltr'>καὶ</span> 
     </span>
    </p>
   </div>
   <div class='ocr_carea' id='block_1_32' title="bbox 385 2645 1972 2722">
    <p class='ocr_par' dir='ltr' id='par_1_32' title="bbox 385 2645 1972 2722">
     <span class='ocr_line' id='line_1_32' title="bbox 385 2645 1972 2722; baseline -0.001 -20"><span class='ocrx_word' id='word_1_218' title='bbox 385 2651 510 2704; x_wconf 73' lang='grc' dir='ltr'>οὐδὲ</span> <span class='ocrx_word' id='word_1_219' title='bbox 536 2650 855 2722; x_wconf 79' lang='grc' dir='ltr'>ἀνθρώπους</span> <span class='ocrx_word' id='word_1_220' title='bbox 889 2652 1086 2713; x_wconf 81' lang='grc' dir='ltr'>αὐτοὺς</span> <span class='ocrx_word' id='word_1_221' title='bbox 1131 2645 1272 2704; x_wconf 83' lang='grc' dir='ltr'>εἶναι</span> <span class='ocrx_word' id='word_1_222' title='bbox 1307 2650 1539 2720; x_wconf 74' lang='grc' dir='ltr'>ἔφαμεν,</span> <span class='ocrx_word' id='word_1_223' title='bbox 1579 2649 1828 2720; x_wconf 88' lang='grc' dir='ltr'>καθάπερ</span> <span class='ocrx_word' id='word_1_224' title='bbox 1873 2649 1972 2719; x_wconf 87' lang='grc' dir='ltr'>μέ-</span> 
     </span>
    </p>
   </div>
   <div class='ocr_carea' id='block_1_33' title="bbox 391 2732 1972 2805">
    <p class='ocr_par' dir='ltr' id='par_1_33' title="bbox 391 2732 1972 2805">
     <span class='ocr_line' id='line_1_33' title="bbox 391 2732 1972 2805; baseline -0.001 -19"><span class='ocrx_word' id='word_1_225' title='bbox 391 2734 619 2803; x_wconf 84' lang='grc' dir='ltr'>μνησθε,</span> <span class='ocrx_word' id='word_1_226' title='bbox 651 2734 988 2804; x_wconf 76' lang='grc' dir='ltr'>κατηγόρους</span> <span class='ocrx_word' id='word_1_227' title='bbox 1016 2733 1200 2796; x_wconf 84' lang='grc' dir='ltr'>αὐτοῖς</span> <span class='ocrx_word' id='word_1_228' title='bbox 1221 2735 1610 2805; x_wconf 78' lang='grc' dir='ltr'>ἐπιστήσαντες</span> <span class='ocrx_word' id='word_1_229' title='bbox 1637 2732 1728 2785; x_wconf 83' lang='grc' dir='ltr'>δύο</span> <span class='ocrx_word' id='word_1_230' title='bbox 1755 2734 1972 2802; x_wconf 82' lang='grc' dir='ltr'>προφή-</span> 
     </span>
    </p>
   </div>
   <div class='ocr_carea' id='block_1_34' title="bbox 387 2809 1972 2887">
    <p class='ocr_par' dir='ltr' id='par_1_34' title="bbox 387 2809 1972 2887">
     <span class='ocr_line' id='line_1_34' title="bbox 387 2809 1972 2887; baseline 0 -19"><span class='ocrx_word' id='word_1_231' title='bbox 387 2831 485 2878; x_wconf 82' lang='grc' dir='ltr'>τας</span> <span class='ocrx_word' id='word_1_232' title='bbox 517 2818 641 2879; x_wconf 75' lang='grc' dir='ltr'>τοὺς</span> <span class='ocrx_word' id='word_1_233' title='bbox 669 2809 998 2887; x_wconf 84' lang='grc' dir='ltr'>κορυφαίους</span> <span class='ocrx_word' id='word_1_234' title='bbox 1019 2833 1030 2844; x_wconf 92' lang='grc'><strong>·</strong></span> <span class='ocrx_word' id='word_1_235' title='bbox 1061 2813 1151 2868; x_wconf 84' lang='grc' dir='ltr'>τὸν</span> <span class='ocrx_word' id='word_1_236' title='bbox 1185 2816 1283 2886; x_wconf 84' lang='grc' dir='ltr'>μὲν</span> <span class='ocrx_word' id='word_1_237' title='bbox 1315 2813 1563 2884; x_wconf 86' lang='grc' dir='ltr'>λέγοντα,</span> <span class='ocrx_word' id='word_1_238' title='bbox 1593 2811 1848 2880; x_wconf 81' lang='grc' dir='ltr'>Ἦλθον,</span> <span class='ocrx_word' id='word_1_239' title='bbox 1873 2814 1972 2868; x_wconf 75' lang='grc' dir='ltr'>καὶ</span> 
     </span>
    </p>
   </div>
   <div class='ocr_carea' id='block_1_35' title="bbox 389 2895 1972 2970">
    <p class='ocr_par' dir='ltr' id='par_1_35' title="bbox 389 2895 1972 2970">
     <span class='ocr_line' id='line_1_35' title="bbox 389 2895 1972 2970; baseline 0.001 -20"><span class='ocrx_word' id='word_1_240' title='bbox 389 2901 502 2952; x_wconf 77' lang='grc' dir='ltr'>οὐκ</span> <span class='ocrx_word' id='word_1_241' title='bbox 524 2895 603 2968; x_wconf 80' lang='grc' dir='ltr'>ἦν</span> <span class='ocrx_word' id='word_1_242' title='bbox 627 2899 938 2966; x_wconf 76' lang='grc' dir='ltr'>ἄνθρωπος</span> <span class='ocrx_word' id='word_1_243' title='bbox 956 2916 968 2928; x_wconf 79' lang='lat'>&#39;</span> <span class='ocrx_word' id='word_1_244' title='bbox 991 2898 1276 2964; x_wconf 76' lang='grc' dir='ltr'>ἐκάλεσα,</span> <span class='ocrx_word' id='word_1_245' title='bbox 1297 2900 1394 2954; x_wconf 78' lang='grc' dir='ltr'>καὶ</span> <span class='ocrx_word' id='word_1_246' title='bbox 1419 2901 1530 2953; x_wconf 81' lang='grc' dir='ltr'>οὐκ</span> <span class='ocrx_word' id='word_1_247' title='bbox 1555 2895 1632 2970; x_wconf 84' lang='grc' dir='ltr'>ἦν</span> <span class='ocrx_word' id='word_1_248' title='bbox 1655 2902 1687 2952; x_wconf 80' lang='grc' dir='ltr'><em>ό</em></span> <span class='ocrx_word' id='word_1_249' title='bbox 1708 2901 1972 2953; x_wconf 80' lang='grc' dir='ltr'>ὑπακου-</span> 
     </span>
    </p>
   </div>
   <div class='ocr_carea' id='block_1_36' title="bbox 391 2981 1974 3054">
    <p class='ocr_par' dir='ltr' id='par_1_36' title="bbox 391 2981 1974 3054">
     <span class='ocr_line' id='line_1_36' title="bbox 391 2981 1974 3054; baseline 0 -18"><span class='ocrx_word' id='word_1_250' title='bbox 391 2985 653 3051; x_wconf 79' lang='grc' dir='ltr'>σόμενος</span> <span class='ocrx_word' id='word_1_251' title='bbox 674 2996 688 3010; x_wconf 85' lang='lat'>&#39;</span> <span class='ocrx_word' id='word_1_252' title='bbox 730 2982 820 3036; x_wconf 82' lang='grc' dir='ltr'>τὸν</span> <span class='ocrx_word' id='word_1_253' title='bbox 850 2983 906 3034; x_wconf 80' lang='grc' dir='ltr'>δὲ</span> <span class='ocrx_word' id='word_1_254' title='bbox 937 2981 1288 3035; x_wconf 88' lang='grc' dir='ltr'>καταϐοῶντα</span> <span class='ocrx_word' id='word_1_255' title='bbox 1322 2981 1482 3036; x_wconf 80' lang='grc' dir='ltr'>πάλιν</span> <span class='ocrx_word' id='word_1_256' title='bbox 1515 2983 1608 3036; x_wconf 72' lang='grc' dir='ltr'>καὶ</span> <span class='ocrx_word' id='word_1_257' title='bbox 1634 2981 1974 3054; x_wconf 85' lang='grc' dir='ltr'>πυνθανόμε-</span> 
     </span>
    </p>
   </div>
   <div class='ocr_carea' id='block_1_37' title="bbox 392 3064 1975 3134">
    <p class='ocr_par' dir='ltr' id='par_1_37' title="bbox 392 3064 1975 3134">
     <span class='ocr_line' id='line_1_37' title="bbox 392 3064 1975 3134; baseline 0.001 -18"><span class='ocrx_word' id='word_1_258' title='bbox 392 3081 510 3120; x_wconf 78' lang='grc' dir='ltr'>νονο</span> <span class='ocrx_word' id='word_1_259' title='bbox 541 3065 696 3134; x_wconf 85' lang='grc' dir='ltr'>Πρὸς</span> <span class='ocrx_word' id='word_1_260' title='bbox 726 3066 857 3117; x_wconf 76' lang='grc' dir='ltr'>τίνα</span> <span class='ocrx_word' id='word_1_261' title='bbox 879 3064 1133 3132; x_wconf 76' lang='grc' dir='ltr'>λαλήσω</span> <span class='ocrx_word' id='word_1_262' title='bbox 1161 3065 1260 3117; x_wconf 76' lang='grc' dir='ltr'>καὶ</span> <span class='ocrx_word' id='word_1_263' title='bbox 1289 3065 1784 3134; x_wconf 78' lang='grc' dir='ltr'>διαμαρτύρομαι;</span> <span class='ocrx_word' id='word_1_264' title='bbox 1815 3068 1975 3118; x_wconf 84' lang='grc' dir='ltr'>Ἀπε-</span> 
     </span>
    </p>
   </div>
   <div class='ocr_carea' id='block_1_38' title="bbox 387 3144 1972 3218">
    <p class='ocr_par' dir='ltr' id='par_1_38' title="bbox 387 3144 1972 3218">
     <span class='ocr_line' id='line_1_38' title="bbox 387 3144 1972 3218; baseline 0.002 -16"><span class='ocrx_word' id='word_1_265' title='bbox 387 3151 638 3218; x_wconf 74' lang='grc' dir='ltr'>ρίτμητα</span> <span class='ocrx_word' id='word_1_266' title='bbox 661 3149 733 3201; x_wconf 85' lang='grc' dir='ltr'>τὰ</span> <span class='ocrx_word' id='word_1_267' title='bbox 759 3144 878 3203; x_wconf 82' lang='grc' dir='ltr'>ὦτα</span> <span class='ocrx_word' id='word_1_268' title='bbox 907 3148 1126 3212; x_wconf 76' lang='grc' dir='ltr'>αὐτῶν,</span> <span class='ocrx_word' id='word_1_269' title='bbox 1158 3149 1258 3202; x_wconf 81' lang='grc' dir='ltr'>καί</span> <span class='ocrx_word' id='word_1_270' title='bbox 1283 3151 1355 3202; x_wconf 86' lang='grc' dir='ltr'>οὐ</span> <span class='ocrx_word' id='word_1_271' title='bbox 1384 3148 1674 3201; x_wconf 82' lang='grc' dir='ltr'>δύνανται</span> <span class='ocrx_word' id='word_1_272' title='bbox 1707 3149 1972 3205; x_wconf 78' lang='grc' dir='ltr'>ἀκούειν.</span> 
     </span>
    </p>
   </div>
   <div class='ocr_carea' id='block_1_39' title="bbox 395 3230 1975 3302">
    <p class='ocr_par' dir='ltr' id='par_1_39' title="bbox 395 3230 1975 3302">
     <span class='ocr_line' id='line_1_39' title="bbox 395 3230 1975 3302; baseline 0 -18"><span class='ocrx_word' id='word_1_273' title='bbox 395 3233 504 3284; x_wconf 80' lang='grc' dir='ltr'>Καὶ</span> <span class='ocrx_word' id='word_1_274' title='bbox 559 3231 762 3302; x_wconf 83' lang='grc' dir='ltr'>σφόδρα</span> <span class='ocrx_word' id='word_1_275' title='bbox 811 3231 991 3284; x_wconf 78' lang='grc' dir='ltr'>αὐτῶν</span> <span class='ocrx_word' id='word_1_276' title='bbox 1033 3231 1120 3284; x_wconf 74' lang='grc' dir='ltr'>διὰ</span> <span class='ocrx_word' id='word_1_277' title='bbox 1171 3230 1376 3285; x_wconf 86' lang='grc' dir='ltr'>τούτων</span> <span class='ocrx_word' id='word_1_278' title='bbox 1423 3231 1518 3284; x_wconf 75' lang='grc' dir='ltr'>καὶ</span> <span class='ocrx_word' id='word_1_279' title='bbox 1569 3231 1677 3284; x_wconf 88' lang='grc' dir='ltr'>τῶν</span> <span class='ocrx_word' id='word_1_280' title='bbox 1720 3230 1975 3284; x_wconf 81' lang='grc' dir='ltr'>τοιούτων</span> 
     </span>
    </p>
   </div>
   <div class='ocr_carea' id='block_1_40' title="bbox 395 3313 1977 3386">
    <p class='ocr_par' dir='ltr' id='par_1_40' title="bbox 395 3313 1977 3386">
     <span class='ocr_line' id='line_1_40' title="bbox 395 3313 1977 3386; baseline -0.001 -18"><span class='ocrx_word' id='word_1_281' title='bbox 395 3316 660 3384; x_wconf 73' lang='grc' dir='ltr'>έδάκομεν</span> <span class='ocrx_word' id='word_1_282' title='bbox 689 3315 788 3386; x_wconf 83' lang='grc' dir='ltr'>τὴν</span> <span class='ocrx_word' id='word_1_283' title='bbox 833 3314 1089 3367; x_wconf 87' lang='grc' dir='ltr'>διάνοιαν.</span> <span class='ocrx_word' id='word_1_284' title='bbox 1136 3313 1298 3368; x_wconf 79' lang='grc' dir='ltr'>Ἀλλὰ</span> <span class='ocrx_word' id='word_1_285' title='bbox 1335 3315 1430 3368; x_wconf 87' lang='grc' dir='ltr'>νῦν</span> <span class='ocrx_word' id='word_1_286' title='bbox 1459 3315 1653 3377; x_wconf 75' lang='grc' dir='ltr'>αὐτοὺς</span> <span class='ocrx_word' id='word_1_287' title='bbox 1687 3313 1847 3367; x_wconf 87' lang='grc' dir='ltr'>πάλιν</span> <span class='ocrx_word' id='word_1_288' title='bbox 1876 3332 1977 3367; x_wconf 89' lang='grc' dir='ltr'>πα-</span> 
     </span>
    </p>
   </div>
   <div class='ocr_carea' id='block_1_41' title="bbox 399 3393 1974 3470">
    <p class='ocr_par' dir='ltr' id='par_1_41' title="bbox 399 3393 1974 3470">
     <span class='ocr_line' id='line_1_41' title="bbox 399 3393 1974 3470; baseline -0.001 -18"><span class='ocrx_word' id='word_1_289' title='bbox 399 3397 635 3470; x_wconf 75' lang='grc' dir='ltr'>ρακαλοῦ</span> <span class='ocrx_word' id='word_1_290' title='bbox 645 3415 776 3468; x_wconf 89' lang='grc' dir='ltr'>μεν·</span> <span class='ocrx_word' id='word_1_291' title='bbox 824 3393 966 3449; x_wconf 78' lang='grc' dir='ltr'>οὕτω</span> <span class='ocrx_word' id='word_1_292' title='bbox 1015 3395 1124 3466; x_wconf 75' lang='grc' dir='ltr'>γὰρ</span> <span class='ocrx_word' id='word_1_293' title='bbox 1170 3397 1264 3449; x_wconf 73' lang='grc' dir='ltr'>καὶ</span> <span class='ocrx_word' id='word_1_294' title='bbox 1317 3399 1345 3450; x_wconf 90' lang='lat'>6</span> <span class='ocrx_word' id='word_1_295' title='bbox 1397 3396 1605 3459; x_wconf 82' lang='grc' dir='ltr'>Παῦλος</span> <span class='ocrx_word' id='word_1_296' title='bbox 1659 3398 1974 3451; x_wconf 75' lang='grc' dir='ltr'>ἐκέλευσεν·</span> 
     </span>
    </p>
   </div>
   <div class='ocr_carea' id='block_1_42' title="bbox 401 3477 1976 3550">
    <p class='ocr_par' dir='ltr' id='par_1_42' title="bbox 401 3477 1976 3550">
     <span class='ocr_line' id='line_1_42' title="bbox 401 3477 1976 3550; baseline 0 -16"><span class='ocrx_word' id='word_1_297' title='bbox 401 3481 697 3550; x_wconf 67' lang='grc' dir='ltr'>Ἰἰλεγξον</span> <span class='ocrx_word' id='word_1_298' title='bbox 735 3480 864 3550; x_wconf 79' lang='grc' dir='ltr'>γὰρ,</span> <span class='ocrx_word' id='word_1_299' title='bbox 901 3479 1084 3550; x_wconf 74' lang='grc' dir='ltr'>φησὶν,</span> <span class='ocrx_word' id='word_1_300' title='bbox 1114 3478 1492 3548; x_wconf 79' lang='grc' dir='ltr'>ἐπιτίμησον,</span> <span class='ocrx_word' id='word_1_301' title='bbox 1526 3477 1976 3546; x_wconf 69' lang='grc' dir='ltr'>παρακάλεσον.</span> 
     </span>
    </p>
   </div>
   <div class='ocr_carea' id='block_1_43' title="bbox 400 3557 1980 3632">
    <p class='ocr_par' dir='ltr' id='par_1_43' title="bbox 400 3557 1980 3632">
     <span class='ocr_line' id='line_1_43' title="bbox 400 3557 1980 3632; baseline -0.002 -15"><span class='ocrx_word' id='word_1_302' title='bbox 400 3565 540 3617; x_wconf 81' lang='grc' dir='ltr'>Οῦτε</span> <span class='ocrx_word' id='word_1_303' title='bbox 588 3565 696 3632; x_wconf 77' lang='grc' dir='ltr'>γὰρ</span> <span class='ocrx_word' id='word_1_304' title='bbox 729 3563 888 3615; x_wconf 86' lang='grc' dir='ltr'>τοῦτο</span> <span class='ocrx_word' id='word_1_305' title='bbox 925 3561 1012 3615; x_wconf 65' lang='grc' dir='ltr'>ἀεὶ⁵</span> <span class='ocrx_word' id='word_1_306' title='bbox 1053 3560 1160 3632; x_wconf 81' lang='grc' dir='ltr'>χρὴ</span> <span class='ocrx_word' id='word_1_307' title='bbox 1206 3563 1380 3614; x_wconf 80' lang='grc' dir='ltr'>ποιεῖν</span> <span class='ocrx_word' id='word_1_308' title='bbox 1422 3557 1602 3632; x_wconf 85' lang='grc' dir='ltr'>μόνον,</span> <span class='ocrx_word' id='word_1_309' title='bbox 1633 3559 1756 3614; x_wconf 77' lang='grc' dir='ltr'>οὔτε</span> <span class='ocrx_word' id='word_1_310' title='bbox 1805 3561 1980 3614; x_wconf 78' lang='grc' dir='ltr'>έκεῖνο</span> 
     </span>
    </p>
   </div>
   <div class='ocr_carea' id='block_1_44' title="bbox 405 3643 1974 3718">
    <p class='ocr_par' dir='ltr' id='par_1_44' title="bbox 405 3643 1974 3718">
     <span class='ocr_line' id='line_1_44' title="bbox 405 3643 1974 3718; baseline -0.001 -19"><span class='ocrx_word' id='word_1_311' title='bbox 405 3645 584 3718; x_wconf 78' lang='grc' dir='ltr'>μόνον,</span> <span class='ocrx_word' id='word_1_312' title='bbox 611 3645 726 3698; x_wconf 87' lang='grc' dir='ltr'>ἀλλ’</span> <span class='ocrx_word' id='word_1_313' title='bbox 763 3645 998 3715; x_wconf 76' lang='grc' dir='ltr'>ἑκάτερα</span> <span class='ocrx_word' id='word_1_314' title='bbox 1041 3643 1270 3714; x_wconf 82' lang='grc' dir='ltr'>μίξαντα</span> <span class='ocrx_word' id='word_1_315' title='bbox 1298 3644 1716 3715; x_wconf 82' lang='grc' dir='ltr'>ἀπηρτισμένην</span> <span class='ocrx_word' id='word_1_316' title='bbox 1747 3645 1974 3714; x_wconf 80' lang='grc' dir='ltr'>ἐργάζε-</span> 
     </span>
    </p>
   </div>
   <div class='ocr_carea' id='block_1_45' title="bbox 403 3723 1978 3800">
    <p class='ocr_par' dir='ltr' id='par_1_45' title="bbox 403 3723 1978 3800">
     <span class='ocr_line' id='line_1_45' title="bbox 403 3723 1978 3800; baseline -0.001 -17"><span class='ocrx_word' id='word_1_317' title='bbox 403 3731 528 3784; x_wconf 85' lang='grc' dir='ltr'>σθαι</span> <span class='ocrx_word' id='word_1_318' title='bbox 555 3729 652 3800; x_wconf 81' lang='grc' dir='ltr'>τήν</span> <span class='ocrx_word' id='word_1_319' title='bbox 673 3727 1074 3796; x_wconf 76' lang='grc' dir='ltr'>ώφέλειαν.Ἀν</span> <span class='ocrx_word' id='word_1_320' title='bbox 1101 3745 1160 3780; x_wconf 86' lang='grc' dir='ltr'>τε</span> <span class='ocrx_word' id='word_1_321' title='bbox 1184 3727 1292 3798; x_wconf 81' lang='grc' dir='ltr'>γὰρ</span> <span class='ocrx_word' id='word_1_322' title='bbox 1321 3727 1614 3790; x_wconf 80' lang='grc' dir='ltr'>διαπαντὸς</span> <span class='ocrx_word' id='word_1_323' title='bbox 1645 3723 1978 3798; x_wconf 78' lang='grc' dir='ltr'>ἐλέγχωμεν,</span> 
     </span>
    </p>
   </div>
   <div class='ocr_carea' id='block_1_46' title="bbox 401 3809 1982 3884">
    <p class='ocr_par' dir='ltr' id='par_1_46' title="bbox 401 3809 1982 3884">
     <span class='ocr_line' id='line_1_46' title="bbox 401 3809 1982 3884; baseline -0.002 -17"><span class='ocrx_word' id='word_1_324' title='bbox 401 3811 918 3884; x_wconf 81' lang='grc' dir='ltr'>ἀναισχυντοτέρους</span> <span class='ocrx_word' id='word_1_325' title='bbox 950 3810 1147 3874; x_wconf 82' lang='grc' dir='ltr'>αὐτοὺς</span> <span class='ocrx_word' id='word_1_326' title='bbox 1172 3809 1596 3882; x_wconf 72' lang='grc' dir='ltr'>ἀπεργαζόμεθα</span> <span class='ocrx_word' id='word_1_327' title='bbox 1616 3826 1629 3842; x_wconf 91' lang='grc'><strong>·</strong></span> <span class='ocrx_word' id='word_1_328' title='bbox 1674 3809 1740 3864; x_wconf 79' lang='grc' dir='ltr'>ἄν</span> <span class='ocrx_word' id='word_1_329' title='bbox 1771 3827 1832 3864; x_wconf 84' lang='grc' dir='ltr'>τε</span> <span class='ocrx_word' id='word_1_330' title='bbox 1867 3811 1982 3864; x_wconf 82' lang='grc' dir='ltr'>δια-</span> 
     </span>
    </p>
   </div>
   <div class='ocr_carea' id='block_1_47' title="bbox 403 3893 1982 3966">
    <p class='ocr_par' dir='ltr' id='par_1_47' title="bbox 403 3893 1982 3966">
     <span class='ocr_line' id='line_1_47' title="bbox 403 3893 1982 3966; baseline 0 -17"><span class='ocrx_word' id='word_1_331' title='bbox 403 3895 604 3960; x_wconf 76' lang='grc' dir='ltr'>παντὸς</span> <span class='ocrx_word' id='word_1_332' title='bbox 647 3894 1085 3966; x_wconf 83' lang='grc' dir='ltr'>παρακαλῶμεν,</span> <span class='ocrx_word' id='word_1_333' title='bbox 1119 3893 1525 3966; x_wconf 66' lang='grc' dir='ltr'>ῥᾳθυμοτέρως</span> <span class='ocrx_word' id='word_1_334' title='bbox 1569 3893 1848 3964; x_wconf 83' lang='grc' dir='ltr'>ποιοῦμεν.</span> <span class='ocrx_word' id='word_1_335' title='bbox 1883 3895 1982 3949; x_wconf 82' lang='grc' dir='ltr'>Διά</span> 
     </span>
    </p>
   </div>
   <div class='ocr_carea' id='block_1_48' title="bbox 401 3976 1982 4050">
    <p class='ocr_par' dir='ltr' id='par_1_48' title="bbox 401 3976 1982 4050">
     <span class='ocr_line' id='line_1_48' title="bbox 401 3976 1982 4050; baseline -0.003 -16"><span class='ocrx_word' id='word_1_336' title='bbox 401 3981 562 4034; x_wconf 84' lang='grc' dir='ltr'>τοῦτο</span> <span class='ocrx_word' id='word_1_337' title='bbox 614 3980 709 4032; x_wconf 72' lang='grc' dir='ltr'>καὶ</span> <span class='ocrx_word' id='word_1_338' title='bbox 757 3979 931 4050; x_wconf 71' lang='grc' dir='ltr'>ἰατροὶ</span> <span class='ocrx_word' id='word_1_339' title='bbox 977 3977 1096 4048; x_wconf 76' lang='grc' dir='ltr'>οὐχὶ</span> <span class='ocrx_word' id='word_1_340' title='bbox 1143 3977 1398 4048; x_wconf 86' lang='grc' dir='ltr'>τέμνουσι</span> <span class='ocrx_word' id='word_1_341' title='bbox 1456 3976 1646 4048; x_wconf 83' lang='grc' dir='ltr'>μόνον,</span> <span class='ocrx_word' id='word_1_342' title='bbox 1699 3976 1835 4030; x_wconf 84' lang='grc' dir='ltr'>ἀλλὰ</span> <span class='ocrx_word' id='word_1_343' title='bbox 1886 3977 1982 4030; x_wconf 75' lang='grc' dir='ltr'>καὶ</span> 
     </span>
    </p>
   </div>
   <div class='ocr_carea' id='block_1_49' title="bbox 401 4057 1982 4134">
    <p class='ocr_par' dir='ltr' id='par_1_49' title="bbox 401 4057 1982 4134">
     <span class='ocr_line' id='line_1_49' title="bbox 401 4057 1982 4134; baseline -0.002 -19"><span class='ocrx_word' id='word_1_344' title='bbox 401 4063 694 4134; x_wconf 84' lang='grc' dir='ltr'>τραύματα</span> <span class='ocrx_word' id='word_1_345' title='bbox 725 4059 1142 4130; x_wconf 82' lang='grc' dir='ltr'>ὲπιδεσμοῦσιν·</span> <span class='ocrx_word' id='word_1_346' title='bbox 1189 4057 1310 4112; x_wconf 77' lang='grc' dir='ltr'>οὐδὲ</span> <span class='ocrx_word' id='word_1_347' title='bbox 1356 4057 1443 4111; x_wconf 72' lang='grc' dir='ltr'>ἀεὶ</span> <span class='ocrx_word' id='word_1_348' title='bbox 1491 4057 1756 4128; x_wconf 88' lang='grc' dir='ltr'>φάρμακα</span> <span class='ocrx_word' id='word_1_349' title='bbox 1809 4057 1982 4128; x_wconf 79' lang='grc' dir='ltr'>πικρά</span> 
     </span>
    </p>
   </div>
   <div class='ocr_carea' id='block_1_50' title="bbox 403 4135 1982 4207">
    <p class='ocr_par' dir='ltr' id='par_1_50' title="bbox 403 4135 1982 4207">
     <span class='ocr_line' id='line_1_50' title="bbox 403 4135 1982 4207; baseline -0.005 -11"><span class='ocrx_word' id='word_1_350' title='bbox 403 4140 807 4202; x_wconf 70' lang='grc' dir='ltr'>ἐπιϐάλλουσιν,</span> <span class='ocrx_word' id='word_1_351' title='bbox 852 4138 990 4191; x_wconf 88' lang='grc' dir='ltr'>ἀλλά</span> <span class='ocrx_word' id='word_1_352' title='bbox 1017 4138 1111 4191; x_wconf 74' lang='grc' dir='ltr'>καὶ</span> <span class='ocrx_word' id='word_1_353' title='bbox 1154 4137 1399 4207; x_wconf 87' lang='grc' dir='ltr'>προσηνῆ</span> <span class='ocrx_word' id='word_1_354' title='bbox 1434 4135 1692 4198; x_wconf 79' lang='grc' dir='ltr'>πολλάκις</span> <span class='ocrx_word' id='word_1_355' title='bbox 1712 4152 1726 4166; x_wconf 89' lang='grc'><strong>·</strong></span> <span class='ocrx_word' id='word_1_356' title='bbox 1755 4135 1820 4188; x_wconf 73' lang='grc' dir='ltr'>δι’</span> <span class='ocrx_word' id='word_1_357' title='bbox 1846 4137 1982 4189; x_wconf 82' lang='grc' dir='ltr'>ὲκεί-</span> 
     </span>
    </p>
   </div>
   <div class='ocr_carea' id='block_1_51' title="bbox 404 4213 1980 4289">
    <p class='ocr_par' dir='ltr' id='par_1_51' title="bbox 404 4213 1980 4289">
     <span class='ocr_line' id='line_1_51' title="bbox 404 4213 1980 4289; baseline -0.006 -17"><span class='ocrx_word' id='word_1_358' title='bbox 404 4237 512 4272; x_wconf 86' lang='grc' dir='ltr'>νων</span> <span class='ocrx_word' id='word_1_359' title='bbox 542 4219 638 4289; x_wconf 79' lang='grc' dir='ltr'>μὲν</span> <span class='ocrx_word' id='word_1_360' title='bbox 661 4217 769 4270; x_wconf 85' lang='grc' dir='ltr'>τῶν</span> <span class='ocrx_word' id='word_1_361' title='bbox 812 4217 1092 4287; x_wconf 84' lang='grc' dir='ltr'>προτέρων</span> <span class='ocrx_word' id='word_1_362' title='bbox 1139 4215 1200 4267; x_wconf 83' lang='grc' dir='ltr'>τὸ</span> <span class='ocrx_word' id='word_1_363' title='bbox 1233 4215 1470 4283; x_wconf 85' lang='grc' dir='ltr'>σεσηπὸς</span> <span class='ocrx_word' id='word_1_364' title='bbox 1498 4213 1980 4285; x_wconf 82' lang='grc' dir='ltr'>ἀποκαθαίροντες,</span> 
     </span>
    </p>
   </div>
   <div class='ocr_carea' id='block_1_52' title="bbox 404 4297 1982 4370">
    <p class='ocr_par' dir='ltr' id='par_1_52' title="bbox 404 4297 1982 4370">
     <span class='ocr_line' id='line_1_52' title="bbox 404 4297 1982 4370; baseline -0.004 -14"><span class='ocrx_word' id='word_1_365' title='bbox 404 4304 494 4356; x_wconf 84' lang='grc' dir='ltr'>διὰ</span> <span class='ocrx_word' id='word_1_366' title='bbox 525 4301 728 4354; x_wconf 86' lang='grc' dir='ltr'>τούτων</span> <span class='ocrx_word' id='word_1_367' title='bbox 765 4299 822 4352; x_wconf 82' lang='grc' dir='ltr'>δὲ</span> <span class='ocrx_word' id='word_1_368' title='bbox 849 4299 956 4352; x_wconf 87' lang='grc' dir='ltr'>τῶν</span> <span class='ocrx_word' id='word_1_369' title='bbox 984 4297 1252 4368; x_wconf 86' lang='grc' dir='ltr'>δευτέρων</span> <span class='ocrx_word' id='word_1_370' title='bbox 1279 4297 1379 4368; x_wconf 81' lang='grc' dir='ltr'>τὴν</span> <span class='ocrx_word' id='word_1_371' title='bbox 1424 4297 1486 4362; x_wconf 75' lang='grc' dir='ltr'>ἐξ</span> <span class='ocrx_word' id='word_1_372' title='bbox 1523 4299 1745 4351; x_wconf 75' lang='grc' dir='ltr'>ἐκείνων</span> <span class='ocrx_word' id='word_1_373' title='bbox 1789 4297 1982 4370; x_wconf 79' lang='grc' dir='ltr'>ὀδύνην</span> 
     </span>
    </p>
   </div>
   <div class='ocr_carea' id='block_1_53' title="bbox 409 4379 1984 4454">
    <p class='ocr_par' dir='ltr' id='par_1_53' title="bbox 409 4379 1984 4454">
     <span class='ocr_line' id='line_1_53' title="bbox 409 4379 1984 4454; baseline -0.001 -16"><span class='ocrx_word' id='word_1_374' title='bbox 409 4383 908 4454; x_wconf 80' lang='grc' dir='ltr'>παραμυθούμενοι.</span> <span class='ocrx_word' id='word_1_375' title='bbox 959 4382 1058 4434; x_wconf 86' lang='grc' dir='ltr'>Διά</span> <span class='ocrx_word' id='word_1_376' title='bbox 1105 4379 1264 4434; x_wconf 90' lang='grc' dir='ltr'>τοῦτο</span> <span class='ocrx_word' id='word_1_377' title='bbox 1303 4381 1396 4434; x_wconf 62' lang='grc' dir='ltr'>καὶΙ</span> <span class='ocrx_word' id='word_1_378' title='bbox 1450 4381 1683 4451; x_wconf 78' lang='grc' dir='ltr'>ἀλλαχοῦ</span> <span class='ocrx_word' id='word_1_379' title='bbox 1733 4399 1897 4452; x_wconf 80' lang='grc' dir='ltr'>φησιν</span> <span class='ocrx_word' id='word_1_380' title='bbox 1955 4385 1984 4437; x_wconf 91' lang='lat'>6</span> 
     </span>
    </p>
   </div>
   <div class='ocr_carea' id='block_1_54' title="bbox 409 4463 1984 4535">
    <p class='ocr_par' dir='ltr' id='par_1_54' title="bbox 409 4463 1984 4535">
     <span class='ocr_line' id='line_1_54' title="bbox 409 4463 1984 4535; baseline -0.003 -13"><span class='ocrx_word' id='word_1_381' title='bbox 409 4469 654 4531; x_wconf 85' lang='grc' dir='ltr'>Παῦλος·</span> <span class='ocrx_word' id='word_1_382' title='bbox 693 4465 958 4535; x_wconf 62' lang='grc' dir='ltr'>Ἀδελφοί</span> <span class='ocrx_word' id='word_1_383' title='bbox 984 4505 999 4531; x_wconf 92' lang='grc'>,</span> <span class='ocrx_word' id='word_1_384' title='bbox 1035 4465 1146 4520; x_wconf 80' lang='grc' dir='ltr'>ἐὰν</span> <span class='ocrx_word' id='word_1_385' title='bbox 1181 4464 1280 4518; x_wconf 79' lang='grc' dir='ltr'>καί</span> <span class='ocrx_word' id='word_1_386' title='bbox 1312 4463 1634 4534; x_wconf 70' lang='grc' dir='ltr'>προληφθῇ</span> <span class='ocrx_word' id='word_1_387' title='bbox 1675 4465 1984 4534; x_wconf 81' lang='grc' dir='ltr'>ἄνθρωπος</span> 
     </span>
    </p>
   </div>
   <div class='ocr_carea' id='block_1_55' title="bbox 407 4547 1986 4620">
    <p class='ocr_par' dir='ltr' id='par_1_55' title="bbox 407 4547 1986 4620">
     <span class='ocr_line' id='line_1_55' title="bbox 407 4547 1986 4620; baseline -0.004 -12"><span class='ocrx_word' id='word_1_388' title='bbox 407 4554 480 4608; x_wconf 79' lang='grc' dir='ltr'>ἐν</span> <span class='ocrx_word' id='word_1_389' title='bbox 501 4570 614 4607; x_wconf 83' lang='grc' dir='ltr'>τινι</span> <span class='ocrx_word' id='word_1_390' title='bbox 637 4547 1080 4620; x_wconf 70' lang='grc' dir='ltr'>παραπτώματι,</span> <span class='ocrx_word' id='word_1_391' title='bbox 1099 4547 1268 4617; x_wconf 78' lang='grc' dir='ltr'>ὑμεῖς</span> <span class='ocrx_word' id='word_1_392' title='bbox 1283 4549 1336 4601; x_wconf 86' lang='grc' dir='ltr'>οί</span> <span class='ocrx_word' id='word_1_393' title='bbox 1365 4548 1750 4616; x_wconf 77' lang='grc' dir='ltr'>πνευματικοί</span> <span class='ocrx_word' id='word_1_394' title='bbox 1779 4566 1986 4618; x_wconf 75' lang='grc' dir='ltr'>καταρ-</span> 
     </span>
    </p>
   </div>
   <div class='ocr_carea' id='block_1_56' title="bbox 407 4629 1983 4700">
    <p class='ocr_par' dir='ltr' id='par_1_56' title="bbox 407 4629 1983 4700">
     <span class='ocr_line' id='line_1_56' title="bbox 407 4629 1983 4700; baseline -0.003 -7"><span class='ocrx_word' id='word_1_395' title='bbox 407 4639 587 4699; x_wconf 72' lang='grc' dir='ltr'>τίζετε</span> <span class='ocrx_word' id='word_1_396' title='bbox 621 4636 726 4689; x_wconf 76' lang='grc' dir='ltr'>τὸν</span> <span class='ocrx_word' id='word_1_397' title='bbox 767 4633 1056 4696; x_wconf 80' lang='grc' dir='ltr'>τοιοῦτον,</span> <span class='ocrx_word' id='word_1_398' title='bbox 1096 4629 1344 4686; x_wconf 78' lang='grc' dir='ltr'>σκοπῶν</span> <span class='ocrx_word' id='word_1_399' title='bbox 1371 4631 1633 4686; x_wconf 81' lang='grc' dir='ltr'>σεαυτὸν</span> <span class='ocrx_word' id='word_1_400' title='bbox 1662 4631 1748 4700; x_wconf 79' lang='grc' dir='ltr'>μὴ</span> <span class='ocrx_word' id='word_1_401' title='bbox 1779 4633 1983 4688; x_wconf 78' lang='grc' dir='ltr'>καὶσὺ</span> 
     </span>
    </p>
   </div>
   <div class='ocr_carea' id='block_1_57' title="bbox 410 4714 1984 4788">
    <p class='ocr_par' dir='ltr' id='par_1_57' title="bbox 410 4714 1984 4788">
     <span class='ocr_line' id='line_1_57' title="bbox 410 4714 1984 4788; baseline -0.004 -14"><span class='ocrx_word' id='word_1_402' title='bbox 410 4717 756 4787; x_wconf 74' lang='grc' dir='ltr'>πειρασθῇς.</span> <span class='ocrx_word' id='word_1_403' title='bbox 804 4716 1024 4788; x_wconf 79' lang='grc' dir='ltr'>’Δρίστη</span> <span class='ocrx_word' id='word_1_404' title='bbox 1055 4714 1395 4786; x_wconf 88' lang='grc' dir='ltr'>παραίνεσις,</span> <span class='ocrx_word' id='word_1_405' title='bbox 1429 4714 1812 4786; x_wconf 85' lang='grc' dir='ltr'>ἀπηρτισμένη</span> <span class='ocrx_word' id='word_1_406' title='bbox 1845 4732 1984 4787; x_wconf 89' lang='grc' dir='ltr'>συμ-</span> 
     </span>
    </p>
   </div>
   <div class='ocr_carea' id='block_1_58' title="bbox 409 4797 1985 4872">
    <p class='ocr_par' dir='ltr' id='par_1_58' title="bbox 409 4797 1985 4872">
     <span class='ocr_line' id='line_1_58' title="bbox 409 4797 1985 4872; baseline -0.002 -16"><span class='ocrx_word' id='word_1_407' title='bbox 409 4805 573 4872; x_wconf 78' lang='grc' dir='ltr'>ϐουλὴ</span> <span class='ocrx_word' id='word_1_408' title='bbox 599 4843 613 4864; x_wconf 91' lang='grc'>,</span> <span class='ocrx_word' id='word_1_409' title='bbox 667 4799 866 4870; x_wconf 78' lang='grc' dir='ltr'>πολλὴν</span> <span class='ocrx_word' id='word_1_410' title='bbox 921 4799 1118 4869; x_wconf 77' lang='grc' dir='ltr'>ἔχουσα</span> <span class='ocrx_word' id='word_1_411' title='bbox 1161 4797 1260 4869; x_wconf 85' lang='grc' dir='ltr'>τὴν</span> <span class='ocrx_word' id='word_1_412' title='bbox 1302 4797 1650 4868; x_wconf 87' lang='grc' dir='ltr'>κηδεμονίαν,</span> <span class='ocrx_word' id='word_1_413' title='bbox 1702 4797 1985 4870; x_wconf 86' lang='grc' dir='ltr'>σπλάγχνα</span> 
     </span>
    </p>
   </div>
   <div class='ocr_carea' id='block_1_59' title="bbox 410 4877 2006 4952">
    <p class='ocr_par' dir='ltr' id='par_1_59' title="bbox 410 4877 2006 4952">
     <span class='ocr_line' id='line_1_59' title="bbox 410 4877 2006 4952; baseline -0.004 -13"><span class='ocrx_word' id='word_1_414' title='bbox 410 4883 790 4952; x_wconf 81' lang='grc' dir='ltr'>ἐνδεικνυμένη</span> <span class='ocrx_word' id='word_1_415' title='bbox 835 4881 1110 4952; x_wconf 80' lang='grc' dir='ltr'>πατρικά’</span> <span class='ocrx_word' id='word_1_416' title='bbox 1157 4879 1325 4942; x_wconf 75' lang='grc' dir='ltr'>ὅντως</span> <span class='ocrx_word' id='word_1_417' title='bbox 1355 4881 1454 4950; x_wconf 89' lang='grc' dir='ltr'>τῆς</span> <span class='ocrx_word' id='word_1_418' title='bbox 1493 4877 1704 4932; x_wconf 90' lang='grc' dir='ltr'>Παύλου</span> <span class='ocrx_word' id='word_1_419' title='bbox 1739 4877 2006 4952; x_wconf 89' lang='grc' dir='ltr'>γλώττης’</span> 
     </span>
    </p>
   </div>
   <div class='ocr_carea' id='block_1_60' title="bbox 410 4961 1986 5038">
    <p class='ocr_par' dir='ltr' id='par_1_60' title="bbox 410 4961 1986 5038">
     <span class='ocr_line' id='line_1_60' title="bbox 410 4961 1986 5038; baseline -0.003 -17"><span class='ocrx_word' id='word_1_420' title='bbox 410 4969 477 5022; x_wconf 68' lang='grc' dir='ltr'>τὰ</span> <span class='ocrx_word' id='word_1_421' title='bbox 505 4967 746 5038; x_wconf 71' lang='grc' dir='ltr'>ῥήματα,</span> <span class='ocrx_word' id='word_1_422' title='bbox 772 4965 1012 5033; x_wconf 84' lang='grc' dir='ltr'>ἀδελφοί.</span> <span class='ocrx_word' id='word_1_423' title='bbox 1037 4963 1252 5026; x_wconf 80' lang='grc' dir='ltr'>Εὐθέως</span> <span class='ocrx_word' id='word_1_424' title='bbox 1279 4963 1386 5015; x_wconf 85' lang='grc' dir='ltr'>ἀπὸ</span> <span class='ocrx_word' id='word_1_425' title='bbox 1414 4961 1507 5014; x_wconf 85' lang='grc' dir='ltr'>τοῦ</span> <span class='ocrx_word' id='word_1_426' title='bbox 1545 4961 1645 5032; x_wconf 88' lang='grc' dir='ltr'>τῆς</span> <span class='ocrx_word' id='word_1_427' title='bbox 1669 4963 1986 5031; x_wconf 88' lang='grc' dir='ltr'>συγγενείας</span> 
     </span>
    </p>
   </div>
   <div class='ocr_carea' id='block_1_61' title="bbox 409 5044 1987 5120">
    <p class='ocr_par' dir='ltr' id='par_1_61' title="bbox 409 5044 1987 5120">
     <span class='ocr_line' id='line_1_61' title="bbox 409 5044 1987 5120; baseline -0.001 -17"><span class='ocrx_word' id='word_1_428' title='bbox 409 5051 672 5120; x_wconf 84' lang='grc' dir='ltr'>ὀνόματος</span> <span class='ocrx_word' id='word_1_429' title='bbox 718 5047 853 5118; x_wconf 80' lang='grc' dir='ltr'>πρὸς</span> <span class='ocrx_word' id='word_1_430' title='bbox 892 5047 992 5116; x_wconf 79' lang='grc' dir='ltr'>τὴν</span> <span class='ocrx_word' id='word_1_431' title='bbox 1027 5045 1239 5098; x_wconf 77' lang='grc' dir='ltr'>εὔνοιαν</span> <span class='ocrx_word' id='word_1_432' title='bbox 1287 5044 1632 5098; x_wconf 75' lang='grc' dir='ltr'>ἐπεσπάσατο</span> <span class='ocrx_word' id='word_1_433' title='bbox 1655 5045 1746 5098; x_wconf 83' lang='grc' dir='ltr'>τὸν</span> <span class='ocrx_word' id='word_1_434' title='bbox 1785 5047 1987 5120; x_wconf 86' lang='grc' dir='ltr'>ἀκροα-</span> 
     </span>
    </p>
   </div>
   <div class='ocr_carea' id='block_1_62' title="bbox 410 5125 1988 5203">
    <p class='ocr_par' dir='ltr' id='par_1_62' title="bbox 410 5125 1988 5203">
     <span class='ocr_line' id='line_1_62' title="bbox 410 5125 1988 5203; baseline -0.001 -17"><span class='ocrx_word' id='word_1_435' title='bbox 410 5137 527 5203; x_wconf 79' lang='grc' dir='ltr'>τήν.</span> <span class='ocrx_word' id='word_1_436' title='bbox 585 5129 695 5193; x_wconf 75' lang='grc' dir='ltr'>Τὰς</span> <span class='ocrx_word' id='word_1_437' title='bbox 747 5129 916 5190; x_wconf 78' lang='grc' dir='ltr'>αὑτὰς</span> <span class='ocrx_word' id='word_1_438' title='bbox 962 5127 1155 5190; x_wconf 81' lang='grc' dir='ltr'>ὠδῖνας</span> <span class='ocrx_word' id='word_1_439' title='bbox 1203 5127 1396 5190; x_wconf 81' lang='grc' dir='ltr'>έλυσας</span> <span class='ocrx_word' id='word_1_440' title='bbox 1440 5125 1620 5197; x_wconf 79' lang='grc' dir='ltr'>αὐτῷ,</span> <span class='ocrx_word' id='word_1_441' title='bbox 1666 5127 1766 5191; x_wconf 85' lang='grc' dir='ltr'>τὰς</span> <span class='ocrx_word' id='word_1_442' title='bbox 1817 5131 1988 5196; x_wconf 85' lang='grc' dir='ltr'>αὑτὰς</span> 
     </span>
    </p>
   </div>
   <div class='ocr_carea' id='block_1_63' title="bbox 411 5209 1986 5288">
    <p class='ocr_par' dir='ltr' id='par_1_63' title="bbox 411 5209 1986 5288">
     <span class='ocr_line' id='line_1_63' title="bbox 411 5209 1986 5288; baseline -0.001 -19"><span class='ocrx_word' id='word_1_443' title='bbox 411 5215 654 5288; x_wconf 72' lang='grc' dir='ltr'>ἐτράφης</span> <span class='ocrx_word' id='word_1_444' title='bbox 677 5213 903 5284; x_wconf 77' lang='grc' dir='ltr'>τροφὰς,</span> <span class='ocrx_word' id='word_1_445' title='bbox 937 5210 1028 5263; x_wconf 83' lang='grc' dir='ltr'>τὸν</span> <span class='ocrx_word' id='word_1_446' title='bbox 1056 5209 1216 5262; x_wconf 81' lang='grc' dir='ltr'>αὐτὸν</span> <span class='ocrx_word' id='word_1_447' title='bbox 1249 5209 1404 5280; x_wconf 74' lang='grc' dir='ltr'>ἔσχες</span> <span class='ocrx_word' id='word_1_448' title='bbox 1434 5210 1664 5282; x_wconf 87' lang='grc' dir='ltr'>πατέρα,</span> <span class='ocrx_word' id='word_1_449' title='bbox 1697 5212 1986 5285; x_wconf 77' lang='grc' dir='ltr'>ἐκοινώνη-</span> 
     </span>
    </p>
   </div>
   <div class='ocr_carea' id='block_1_64' title="bbox 413 5293 1990 5367">
    <p class='ocr_par' dir='ltr' id='par_1_64' title="bbox 413 5293 1990 5367">
     <span class='ocr_line' id='line_1_64' title="bbox 413 5293 1990 5367; baseline -0.002 -15"><span class='ocrx_word' id='word_1_450' title='bbox 413 5317 512 5362; x_wconf 80' lang='grc' dir='ltr'>σας</span> <span class='ocrx_word' id='word_1_451' title='bbox 541 5297 690 5367; x_wconf 83' lang='grc' dir='ltr'>αύτῴ</span> <span class='ocrx_word' id='word_1_452' title='bbox 721 5295 859 5349; x_wconf 81' lang='grc' dir='ltr'>κατὰ</span> <span class='ocrx_word' id='word_1_453' title='bbox 885 5294 976 5348; x_wconf 81' lang='grc' dir='ltr'>τὸν</span> <span class='ocrx_word' id='word_1_454' title='bbox 1009 5293 1166 5346; x_wconf 84' lang='grc' dir='ltr'>τόκον</span> <span class='ocrx_word' id='word_1_455' title='bbox 1187 5293 1278 5348; x_wconf 77' lang='grc' dir='ltr'>τὸν</span> <span class='ocrx_word' id='word_1_456' title='bbox 1313 5294 1677 5364; x_wconf 85' lang='grc' dir='ltr'>πνευματικόν</span> <span class='ocrx_word' id='word_1_457' title='bbox 1699 5311 1712 5325; x_wconf 74' lang='grc' dir='ltr'><strong><em>ο</em></strong></span> <span class='ocrx_word' id='word_1_458' title='bbox 1741 5295 1841 5366; x_wconf 81' lang='grc' dir='ltr'>τὴν</span> <span class='ocrx_word' id='word_1_459' title='bbox 1868 5315 1990 5366; x_wconf 85' lang='grc' dir='ltr'>συγ-</span> 
     </span>
    </p>
   </div>
   <div class='ocr_carea' id='block_1_65' title="bbox 411 5375 1990 5452">
    <p class='ocr_par' dir='ltr' id='par_1_65' title="bbox 411 5375 1990 5452">
     <span class='ocr_line' id='line_1_65' title="bbox 411 5375 1990 5452; baseline -0.001 -17"><span class='ocrx_word' id='word_1_460' title='bbox 411 5382 626 5452; x_wconf 84' lang='grc' dir='ltr'>γένειαν</span> <span class='ocrx_word' id='word_1_461' title='bbox 659 5379 836 5434; x_wconf 87' lang='grc' dir='ltr'>τοίνυν</span> <span class='ocrx_word' id='word_1_462' title='bbox 859 5377 1061 5447; x_wconf 84' lang='grc' dir='ltr'>ταύτην</span> <span class='ocrx_word' id='word_1_463' title='bbox 1090 5375 1183 5429; x_wconf 80' lang='grc' dir='ltr'>καὶ</span> <span class='ocrx_word' id='word_1_464' title='bbox 1207 5376 1265 5428; x_wconf 77' lang='grc' dir='ltr'>ὲν</span> <span class='ocrx_word' id='word_1_465' title='bbox 1301 5377 1368 5446; x_wconf 80' lang='grc' dir='ltr'>τῇ</span> <span class='ocrx_word' id='word_1_466' title='bbox 1397 5375 1505 5428; x_wconf 84' lang='grc' dir='ltr'>τῶν</span> <span class='ocrx_word' id='word_1_467' title='bbox 1537 5377 1846 5447; x_wconf 89' lang='grc' dir='ltr'>πτωμάτων</span> <span class='ocrx_word' id='word_1_468' title='bbox 1869 5382 1990 5434; x_wconf 81' lang='grc' dir='ltr'>έπι-</span> 
     </span>
    </p>
   </div>
   <div class='ocr_carea' id='block_1_66' title="bbox 412 5459 1988 5532">
    <p class='ocr_par' dir='ltr' id='par_1_66' title="bbox 412 5459 1988 5532">
     <span class='ocr_line' id='line_1_66' title="bbox 412 5459 1988 5532; baseline 0 -12"><span class='ocrx_word' id='word_1_469' title='bbox 412 5466 660 5520; x_wconf 82' lang='grc' dir='ltr'>δείκνυσο</span> <span class='ocrx_word' id='word_1_470' title='bbox 687 5461 987 5532; x_wconf 84' lang='grc' dir='ltr'>διορθώσει.</span> <span class='ocrx_word' id='word_1_471' title='bbox 1032 5463 1166 5515; x_wconf 81' lang='grc' dir='ltr'>Ἐὰν</span> <span class='ocrx_word' id='word_1_472' title='bbox 1193 5459 1532 5529; x_wconf 62' lang='grc' dir='ltr'>προληφθῇ.</span> <span class='ocrx_word' id='word_1_473' title='bbox 1549 5459 1848 5530; x_wconf 82' lang='grc' dir='ltr'>Οὒκεῖπεν,</span> <span class='ocrx_word' id='word_1_474' title='bbox 1865 5465 1988 5520; x_wconf 79' lang='grc' dir='ltr'>Ἐὰν</span> 
     </span>
    </p>
   </div>
   <div class='ocr_carea' id='block_1_67' title="bbox 415 5539 1986 5618">
    <p class='ocr_par' dir='ltr' id='par_1_67' title="bbox 415 5539 1986 5618">
     <span class='ocr_line' id='line_1_67' title="bbox 415 5539 1986 5618; baseline -0.006 -17"><span class='ocrx_word' id='word_1_475' title='bbox 415 5549 666 5618; x_wconf 76' lang='grc' dir='ltr'>ἁμάρτῃ,</span> <span class='ocrx_word' id='word_1_476' title='bbox 695 5545 807 5598; x_wconf 81' lang='grc' dir='ltr'>ἀλλ’</span> <span class='ocrx_word' id='word_1_477' title='bbox 839 5546 930 5598; x_wconf 74' lang='grc' dir='ltr'>ὲπὶ</span> <span class='ocrx_word' id='word_1_478' title='bbox 961 5539 1102 5608; x_wconf 77' lang='grc' dir='ltr'>εἶδος</span> <span class='ocrx_word' id='word_1_479' title='bbox 1131 5543 1401 5614; x_wconf 84' lang='grc' dir='ltr'>ἁμαρτίας</span> <span class='ocrx_word' id='word_1_480' title='bbox 1439 5544 1712 5614; x_wconf 80' lang='grc' dir='ltr'>κατέφυγε</span> <span class='ocrx_word' id='word_1_481' title='bbox 1745 5548 1986 5616; x_wconf 87' lang='grc' dir='ltr'>συγγνώ.</span> 
     </span>
    </p>
   </div>
   <div class='ocr_carea' id='block_1_68' title="bbox 417 5625 1988 5702">
    <p class='ocr_par' dir='ltr' id='par_1_68' title="bbox 417 5625 1988 5702">
     <span class='ocr_line' id='line_1_68' title="bbox 417 5625 1988 5702; baseline 0.001 -20"><span class='ocrx_word' id='word_1_482' title='bbox 417 5647 525 5702; x_wconf 90' lang='grc' dir='ltr'>μην</span> <span class='ocrx_word' id='word_1_483' title='bbox 555 5630 696 5698; x_wconf 79' lang='grc' dir='ltr'>ἕχον.</span> <span class='ocrx_word' id='word_1_484' title='bbox 729 5627 801 5680; x_wconf 86' lang='grc' dir='ltr'>Τὸ</span> <span class='ocrx_word' id='word_1_485' title='bbox 837 5629 964 5698; x_wconf 80' lang='grc' dir='ltr'>γάρ,</span> <span class='ocrx_word' id='word_1_486' title='bbox 1009 5629 1149 5681; x_wconf 83' lang='grc' dir='ltr'><em>Ἐὰν</em></span> <span class='ocrx_word' id='word_1_487' title='bbox 1179 5625 1531 5696; x_wconf 73' lang='grc' dir='ltr'>προληφθῆ,</span> <span class='ocrx_word' id='word_1_488' title='bbox 1563 5629 1862 5691; x_wconf 87' lang='grc' dir='ltr'>τουτέστιν,</span> <span class='ocrx_word' id='word_1_489' title='bbox 1893 5633 1988 5686; x_wconf 75' lang='grc' dir='ltr'>ἐὰν</span> 
     </span>
    </p>
   </div>
   <div class='ocr_carea' id='block_1_69' title="bbox 418 5709 1985 5784">
    <p class='ocr_par' dir='ltr' id='par_1_69' title="bbox 418 5709 1985 5784">
     <span class='ocr_line' id='line_1_69' title="bbox 418 5709 1985 5784; baseline 0.003 -20"><span class='ocrx_word' id='word_1_490' title='bbox 418 5709 570 5783; x_wconf 74' lang='lat'><strong>[689]</strong></span> <span class='ocrx_word' id='word_1_491' title='bbox 603 5711 917 5780; x_wconf 75' lang='grc' dir='ltr'>ἐπηρεασυῇ</span> <span class='ocrx_word' id='word_1_492' title='bbox 943 5753 958 5780; x_wconf 90' lang='grc'>,</span> <span class='ocrx_word' id='word_1_493' title='bbox 989 5709 1084 5764; x_wconf 70' lang='grc' dir='ltr'>ἐὰν</span> <span class='ocrx_word' id='word_1_494' title='bbox 1124 5709 1409 5783; x_wconf 77' lang='grc' dir='ltr'>ἀπατηθῇ,</span> <span class='ocrx_word' id='word_1_495' title='bbox 1434 5711 1494 5766; x_wconf 76' lang='grc' dir='ltr'>οὗ</span> <span class='ocrx_word' id='word_1_496' title='bbox 1529 5711 1618 5766; x_wconf 76' lang='grc' dir='ltr'>τὸν</span> <span class='ocrx_word' id='word_1_497' title='bbox 1653 5715 1716 5766; x_wconf 81' lang='grc' dir='ltr'>ὲκ</span> <span class='ocrx_word' id='word_1_498' title='bbox 1755 5713 1985 5784; x_wconf 82' lang='grc' dir='ltr'>μελέτης</span> 
     </span>
    </p>
   </div>
   <div class='ocr_carea' id='block_1_70' title="bbox 2047 574 3622 652">
    <p class='ocr_par' dir='ltr' id='par_1_70' title="bbox 2047 574 3622 652">
     <span class='ocr_line' id='line_1_70' title="bbox 2047 574 3622 652; baseline -0.003 -20"><span class='ocrx_word' id='word_1_499' title='bbox 2047 581 2443 652; x_wconf 75' lang='grc' dir='ltr'>σκελιζόμενον.</span> <span class='ocrx_word' id='word_1_500' title='bbox 2489 584 2546 636; x_wconf 89' lang='grc'>’0</span> <span class='ocrx_word' id='word_1_501' title='bbox 2577 583 2685 652; x_wconf 81' lang='grc' dir='ltr'>γὰρ</span> <span class='ocrx_word' id='word_1_502' title='bbox 2721 579 2958 642; x_wconf 89' lang='grc' dir='ltr'>τοιοῦτος</span> <span class='ocrx_word' id='word_1_503' title='bbox 2993 577 3055 630; x_wconf 84' lang='grc' dir='ltr'>οὐ</span> <span class='ocrx_word' id='word_1_504' title='bbox 3093 574 3348 629; x_wconf 83' lang='grc' dir='ltr'>τοσοῦτον</span> <span class='ocrx_word' id='word_1_505' title='bbox 3377 593 3622 648; x_wconf 67' lang='grc' dir='ltr'>κατηγο.</span> 
     </span>
    </p>
   </div>
   <div class='ocr_carea' id='block_1_71' title="bbox 2051 659 3634 736">
    <p class='ocr_par' dir='ltr' id='par_1_71' title="bbox 2051 659 3634 736">
     <span class='ocr_line' id='line_1_71' title="bbox 2051 659 3634 736; baseline -0.002 -21"><span class='ocrx_word' id='word_1_506' title='bbox 2051 664 2171 734; x_wconf 88' lang='grc' dir='ltr'>ρίας</span> <span class='ocrx_word' id='word_1_507' title='bbox 2203 666 2326 718; x_wconf 84' lang='grc' dir='ltr'>ὅσον</span> <span class='ocrx_word' id='word_1_508' title='bbox 2355 666 2683 736; x_wconf 87' lang='grc' dir='ltr'>συγγνώμης</span> <span class='ocrx_word' id='word_1_509' title='bbox 2711 663 2859 716; x_wconf 79' lang='grc' dir='ltr'>ἐστὶν</span> <span class='ocrx_word' id='word_1_510' title='bbox 2894 661 3062 727; x_wconf 73' lang='grc' dir='ltr'>ἄξιος.</span> <span class='ocrx_word' id='word_1_511' title='bbox 3103 660 3244 714; x_wconf 79' lang='grc' dir='ltr'>Ἐὰν</span> <span class='ocrx_word' id='word_1_512' title='bbox 3273 659 3372 712; x_wconf 75' lang='grc' dir='ltr'>καὶ</span> <span class='ocrx_word' id='word_1_513' title='bbox 3403 663 3634 728; x_wconf 78' lang='grc' dir='ltr'>προλη-</span> 
     </span>
    </p>
   </div>
   <div class='ocr_carea' id='block_1_72' title="bbox 2049 744 3634 822">
    <p class='ocr_par' dir='ltr' id='par_1_72' title="bbox 2049 744 3634 822">
     <span class='ocr_line' id='line_1_72' title="bbox 2049 744 3634 822; baseline -0.006 -14"><span class='ocrx_word' id='word_1_514' title='bbox 2049 751 2170 822; x_wconf 71' lang='grc' dir='ltr'>φθῇ</span> <span class='ocrx_word' id='word_1_515' title='bbox 2195 753 2525 822; x_wconf 69' lang='grc' dir='ltr'>ἄνθρωπος.</span> <span class='ocrx_word' id='word_1_516' title='bbox 2571 753 2741 808; x_wconf 84' lang='grc' dir='ltr'>Πάλιν</span> <span class='ocrx_word' id='word_1_517' title='bbox 2783 752 2870 819; x_wconf 83' lang='grc' dir='ltr'>ἐφ’</span> <span class='ocrx_word' id='word_1_518' title='bbox 2897 751 3083 820; x_wconf 69' lang='grc' dir='ltr'>ἕτερον</span> <span class='ocrx_word' id='word_1_519' title='bbox 3119 744 3254 811; x_wconf 82' lang='grc' dir='ltr'>εἶδος</span> <span class='ocrx_word' id='word_1_520' title='bbox 3299 747 3634 817; x_wconf 73' lang='grc' dir='ltr'>συγγνώμης</span> 
     </span>
    </p>
   </div>
   <div class='ocr_carea' id='block_1_73' title="bbox 2053 829 3636 908">
    <p class='ocr_par' dir='ltr' id='par_1_73' title="bbox 2053 829 3636 908">
     <span class='ocr_line' id='line_1_73' title="bbox 2053 829 3636 908; baseline -0.003 -19"><span class='ocrx_word' id='word_1_521' title='bbox 2053 837 2347 906; x_wconf 84' lang='grc' dir='ltr'>κατέφυγε,</span> <span class='ocrx_word' id='word_1_522' title='bbox 2393 839 2494 908; x_wconf 86' lang='grc' dir='ltr'>τῆς</span> <span class='ocrx_word' id='word_1_523' title='bbox 2534 837 2748 906; x_wconf 85' lang='grc' dir='ltr'>φύσεως</span> <span class='ocrx_word' id='word_1_524' title='bbox 2785 833 2882 906; x_wconf 82' lang='grc' dir='ltr'>τὴν</span> <span class='ocrx_word' id='word_1_525' title='bbox 2923 831 3228 894; x_wconf 84' lang='grc' dir='ltr'>ἀσθένειαν,</span> <span class='ocrx_word' id='word_1_526' title='bbox 3279 830 3346 902; x_wconf 87' lang='grc' dir='ltr'>ἢν</span> <span class='ocrx_word' id='word_1_527' title='bbox 3393 829 3483 884; x_wconf 83' lang='grc' dir='ltr'>διὰ</span> <span class='ocrx_word' id='word_1_528' title='bbox 3531 829 3636 899; x_wconf 81' lang='grc' dir='ltr'>τῆς</span> 
     </span>
    </p>
   </div>
   <div class='ocr_carea' id='block_1_74' title="bbox 2053 910 3637 992">
    <p class='ocr_par' dir='ltr' id='par_1_74' title="bbox 2053 910 3637 992">
     <span class='ocr_line' id='line_1_74' title="bbox 2053 910 3637 992; baseline -0.005 -20"><span class='ocrx_word' id='word_1_529' title='bbox 2053 917 2424 991; x_wconf 85' lang='grc' dir='ltr'>προσηγορίας</span> <span class='ocrx_word' id='word_1_530' title='bbox 2482 920 2719 992; x_wconf 71' lang='grc' dir='ltr'>ᾐνίξατο.</span> <span class='ocrx_word' id='word_1_531' title='bbox 2761 917 3030 986; x_wconf 79' lang='grc' dir='ltr'>Καθάπερ</span> <span class='ocrx_word' id='word_1_532' title='bbox 3071 910 3166 970; x_wconf 75' lang='grc' dir='ltr'>οὖν</span> <span class='ocrx_word' id='word_1_533' title='bbox 3219 915 3248 966; x_wconf 89' lang='lat'>6</span> <span class='ocrx_word' id='word_1_534' title='bbox 3293 911 3464 983; x_wconf 86' lang='grc' dir='ltr'>μέγας</span> <span class='ocrx_word' id='word_1_535' title='bbox 3513 911 3637 965; x_wconf 75' lang='grc' dir='ltr'>Ἰὼϐ</span> 
     </span>
    </p>
   </div>
   <div class='ocr_carea' id='block_1_75' title="bbox 2053 994 3636 1075">
    <p class='ocr_par' dir='ltr' id='par_1_75' title="bbox 2053 994 3636 1075">
     <span class='ocr_line' id='line_1_75' title="bbox 2053 994 3636 1075; baseline 0.001 -21"><span class='ocrx_word' id='word_1_536' title='bbox 2053 1002 2462 1056; x_wconf 77' lang='grc' dir='ltr'>ἐπισπάσασθαι</span> <span class='ocrx_word' id='word_1_537' title='bbox 2485 1005 2638 1075; x_wconf 85' lang='grc' dir='ltr'>παρά</span> <span class='ocrx_word' id='word_1_538' title='bbox 2651 1001 2745 1056; x_wconf 90' lang='grc' dir='ltr'>τοῦ</span> <span class='ocrx_word' id='word_1_539' title='bbox 2759 999 2894 1054; x_wconf 85' lang='grc' dir='ltr'>Θεοῦ</span> <span class='ocrx_word' id='word_1_540' title='bbox 2927 995 3258 1068; x_wconf 84' lang='grc' dir='ltr'>συγγνώμην</span> <span class='ocrx_word' id='word_1_541' title='bbox 3285 994 3636 1066; x_wconf 75' lang='grc' dir='ltr'>βουλόμενος.</span> 
     </span>
    </p>
   </div>
   <div class='ocr_carea' id='block_1_76' title="bbox 2054 1075 3640 1154">
    <p class='ocr_par' dir='ltr' id='par_1_76' title="bbox 2054 1075 3640 1154">
     <span class='ocr_line' id='line_1_76' title="bbox 2054 1075 3640 1154; baseline -0.005 -18"><span class='ocrx_word' id='word_1_542' title='bbox 2054 1083 2238 1152; x_wconf 75' lang='grc' dir='ltr'>ἔλεγε⁵</span> <span class='ocrx_word' id='word_1_543' title='bbox 2283 1087 2344 1138; x_wconf 85' lang='grc' dir='ltr'>Τί</span> <span class='ocrx_word' id='word_1_544' title='bbox 2373 1087 2542 1140; x_wconf 80' lang='grc' dir='ltr'>ἐστιν</span> <span class='ocrx_word' id='word_1_545' title='bbox 2567 1085 2902 1154; x_wconf 80' lang='grc' dir='ltr'>ἅνθρωπος,</span> <span class='ocrx_word' id='word_1_546' title='bbox 2948 1080 3040 1134; x_wconf 83' lang='grc' dir='ltr'>ὅτι</span> <span class='ocrx_word' id='word_1_547' title='bbox 3067 1078 3272 1149; x_wconf 76' lang='grc' dir='ltr'>λογίζῃ</span> <span class='ocrx_word' id='word_1_548' title='bbox 3301 1077 3510 1140; x_wconf 82' lang='grc' dir='ltr'>αὐτὸν,</span> <span class='ocrx_word' id='word_1_549' title='bbox 3535 1075 3640 1129; x_wconf 74' lang='grc' dir='ltr'>καὶ</span> 
     </span>
    </p>
   </div>
   <div class='ocr_carea' id='block_1_77' title="bbox 2053 1158 3642 1236">
    <p class='ocr_par' dir='ltr' id='par_1_77' title="bbox 2053 1158 3642 1236">
     <span class='ocr_line' id='line_1_77' title="bbox 2053 1158 3642 1236; baseline -0.006 -15"><span class='ocrx_word' id='word_1_550' title='bbox 2053 1167 2398 1236; x_wconf 72' lang='grc' dir='ltr'>ἐπισκοπὴν</span> <span class='ocrx_word' id='word_1_551' title='bbox 2453 1166 2718 1234; x_wconf 79' lang='grc' dir='ltr'>ἐποιήσω</span> <span class='ocrx_word' id='word_1_552' title='bbox 2769 1167 2890 1220; x_wconf 74' lang='grc' dir='ltr'>τῶν</span> <span class='ocrx_word' id='word_1_553' title='bbox 2933 1161 3364 1233; x_wconf 73' lang='grc' dir='ltr'>ἁμαρτημάτων</span> <span class='ocrx_word' id='word_1_554' title='bbox 3411 1158 3642 1222; x_wconf 83' lang='grc' dir='ltr'>αὑτοῦ;</span> 
     </span>
    </p>
   </div>
   <div class='ocr_carea' id='block_1_78' title="bbox 2054 1242 3646 1321">
    <p class='ocr_par' dir='ltr' id='par_1_78' title="bbox 2054 1242 3646 1321">
     <span class='ocr_line' id='line_1_78' title="bbox 2054 1242 3646 1321; baseline -0.006 -19"><span class='ocrx_word' id='word_1_555' title='bbox 2054 1249 2197 1303; x_wconf 70' lang='grc' dir='ltr'>οὕτω</span> <span class='ocrx_word' id='word_1_556' title='bbox 2217 1249 2312 1303; x_wconf 77' lang='grc' dir='ltr'>καὶ</span> <span class='ocrx_word' id='word_1_557' title='bbox 2339 1251 2501 1321; x_wconf 79' lang='grc' dir='ltr'>ἡμεῖς</span> <span class='ocrx_word' id='word_1_558' title='bbox 2525 1251 2788 1319; x_wconf 86' lang='grc' dir='ltr'>ποιῶμεν,</span> <span class='ocrx_word' id='word_1_559' title='bbox 2813 1249 2942 1302; x_wconf 82' lang='grc' dir='ltr'>ὅταν</span> <span class='ocrx_word' id='word_1_560' title='bbox 2961 1245 3082 1300; x_wconf 82' lang='grc' dir='ltr'>τινὰ</span> <span class='ocrx_word' id='word_1_561' title='bbox 3101 1243 3212 1298; x_wconf 85' lang='grc' dir='ltr'>τῶν</span> <span class='ocrx_word' id='word_1_562' title='bbox 3240 1242 3646 1315; x_wconf 68' lang='grc' dir='ltr'>ἡμαρτηκότων</span> 
     </span>
    </p>
   </div>
   <div class='ocr_carea' id='block_1_79' title="bbox 2056 1323 3646 1405">
    <p class='ocr_par' dir='ltr' id='par_1_79' title="bbox 2056 1323 3646 1405">
     <span class='ocr_line' id='line_1_79' title="bbox 2056 1323 3646 1405; baseline -0.006 -19"><span class='ocrx_word' id='word_1_563' title='bbox 2056 1323 3176 1405; x_wconf 66' lang='grc' dir='ltr'>ὲξαιτώμεθα,Ἄνθρωπός,ὲστι,συνεχῶς</span> <span class='ocrx_word' id='word_1_564' title='bbox 3221 1326 3500 1394; x_wconf 88' lang='grc' dir='ltr'>λέγοντες,</span> <span class='ocrx_word' id='word_1_565' title='bbox 3543 1323 3646 1378; x_wconf 77' lang='grc' dir='ltr'>καὶ</span> 
     </span>
    </p>
   </div>
   <div class='ocr_carea' id='block_1_80' title="bbox 2057 1406 3644 1487">
    <p class='ocr_par' dir='ltr' id='par_1_80' title="bbox 2057 1406 3644 1487">
     <span class='ocr_line' id='line_1_80' title="bbox 2057 1406 3644 1487; baseline -0.008 -17"><span class='ocrx_word' id='word_1_566' title='bbox 2057 1416 2157 1487; x_wconf 87' lang='grc' dir='ltr'>τῆς</span> <span class='ocrx_word' id='word_1_567' title='bbox 2189 1416 2403 1486; x_wconf 88' lang='grc' dir='ltr'>φύσεως</span> <span class='ocrx_word' id='word_1_568' title='bbox 2439 1416 2968 1486; x_wconf 88' lang='grc' dir='ltr'>ἀναμιμνήσκοντες,</span> <span class='ocrx_word' id='word_1_569' title='bbox 3001 1411 3098 1466; x_wconf 75' lang='grc' dir='ltr'>καὶ</span> <span class='ocrx_word' id='word_1_570' title='bbox 3124 1408 3298 1479; x_wconf 88' lang='grc' dir='ltr'>ταύτῃ</span> <span class='ocrx_word' id='word_1_571' title='bbox 3325 1408 3464 1478; x_wconf 71' lang='grc' dir='ltr'>πρὸς</span> <span class='ocrx_word' id='word_1_572' title='bbox 3491 1406 3644 1459; x_wconf 78' lang='grc' dir='ltr'>ἔλεον</span> 
     </span>
    </p>
   </div>
   <div class='ocr_carea' id='block_1_81' title="bbox 2060 1491 3648 1572">
    <p class='ocr_par' dir='ltr' id='par_1_81' title="bbox 2060 1491 3648 1572">
     <span class='ocr_line' id='line_1_81' title="bbox 2060 1491 3648 1572; baseline -0.006 -20"><span class='ocrx_word' id='word_1_573' title='bbox 2060 1500 2410 1572; x_wconf 80' lang='grc' dir='ltr'>ἐφελκόμενοι</span> <span class='ocrx_word' id='word_1_574' title='bbox 2468 1498 2560 1551; x_wconf 77' lang='grc' dir='ltr'>τὸν</span> <span class='ocrx_word' id='word_1_575' title='bbox 2616 1495 3048 1566; x_wconf 84' lang='grc' dir='ltr'>ἀγανακτοῦντα.</span> <span class='ocrx_word' id='word_1_576' title='bbox 3101 1493 3200 1547; x_wconf 86' lang='grc' dir='ltr'>Διά</span> <span class='ocrx_word' id='word_1_577' title='bbox 3252 1493 3410 1546; x_wconf 87' lang='grc' dir='ltr'>τοῦτο</span> <span class='ocrx_word' id='word_1_578' title='bbox 3462 1491 3558 1543; x_wconf 76' lang='grc' dir='ltr'>καὶ</span> <span class='ocrx_word' id='word_1_579' title='bbox 3611 1491 3648 1544; x_wconf 73' lang='grc' dir='ltr'>ό</span> 
     </span>
    </p>
   </div>
   <div class='ocr_carea' id='block_1_82' title="bbox 2061 1573 3646 1652">
    <p class='ocr_par' dir='ltr' id='par_1_82' title="bbox 2061 1573 3646 1652">
     <span class='ocr_line' id='line_1_82' title="bbox 2061 1573 3646 1652; baseline -0.007 -16"><span class='ocrx_word' id='word_1_580' title='bbox 2061 1582 2274 1646; x_wconf 79' lang='grc' dir='ltr'>Παῦλος</span> <span class='ocrx_word' id='word_1_581' title='bbox 2302 1581 2394 1635; x_wconf 72' lang='grc' dir='ltr'>ἐπὶ</span> <span class='ocrx_word' id='word_1_582' title='bbox 2411 1581 2508 1652; x_wconf 78' lang='grc' dir='ltr'>τὴν</span> <span class='ocrx_word' id='word_1_583' title='bbox 2533 1580 2693 1651; x_wconf 92' lang='grc' dir='ltr'>φύσιν</span> <span class='ocrx_word' id='word_1_584' title='bbox 2727 1580 2820 1632; x_wconf 76' lang='grc' dir='ltr'>καὶ</span> <span class='ocrx_word' id='word_1_585' title='bbox 2845 1579 2942 1649; x_wconf 83' lang='grc' dir='ltr'>τὴν</span> <span class='ocrx_word' id='word_1_586' title='bbox 2969 1577 3246 1631; x_wconf 71' lang='grc' dir='ltr'>εὐτέλειαν</span> <span class='ocrx_word' id='word_1_587' title='bbox 3278 1576 3450 1646; x_wconf 75' lang='grc' dir='ltr'>αὐτῆς</span> <span class='ocrx_word' id='word_1_588' title='bbox 3480 1573 3646 1626; x_wconf 85' lang='grc' dir='ltr'>κατέ-</span> 
     </span>
    </p>
   </div>
   <div class='ocr_carea' id='block_1_83' title="bbox 2063 1657 3644 1736">
    <p class='ocr_par' dir='ltr' id='par_1_83' title="bbox 2063 1657 3644 1736">
     <span class='ocr_line' id='line_1_83' title="bbox 2063 1657 3644 1736; baseline -0.007 -18"><span class='ocrx_word' id='word_1_589' title='bbox 2063 1683 2236 1736; x_wconf 86' lang='grc' dir='ltr'>φυγεν</span> <span class='ocrx_word' id='word_1_590' title='bbox 2257 1663 2448 1728; x_wconf 78' lang='grc' dir='ltr'>εἰπὼν,</span> <span class='ocrx_word' id='word_1_591' title='bbox 2475 1665 2617 1718; x_wconf 83' lang='grc' dir='ltr'>Ἐὰν</span> <span class='ocrx_word' id='word_1_592' title='bbox 2640 1663 2738 1716; x_wconf 74' lang='grc' dir='ltr'>καί</span> <span class='ocrx_word' id='word_1_593' title='bbox 2763 1659 3084 1730; x_wconf 73' lang='grc' dir='ltr'>προληφθῇ</span> <span class='ocrx_word' id='word_1_594' title='bbox 3105 1659 3414 1727; x_wconf 77' lang='grc' dir='ltr'>ἄνθρωπος</span> <span class='ocrx_word' id='word_1_595' title='bbox 3437 1657 3508 1709; x_wconf 83' lang='grc' dir='ltr'>ἐν</span> <span class='ocrx_word' id='word_1_596' title='bbox 3525 1671 3644 1708; x_wconf 73' lang='grc' dir='ltr'>τινι</span> 
     </span>
    </p>
   </div>
   <div class='ocr_carea' id='block_1_84' title="bbox 2063 1739 3644 1820">
    <p class='ocr_par' dir='ltr' id='par_1_84' title="bbox 2063 1739 3644 1820">
     <span class='ocr_line' id='line_1_84' title="bbox 2063 1739 3644 1820; baseline -0.009 -16"><span class='ocrx_word' id='word_1_597' title='bbox 2063 1750 2503 1820; x_wconf 79' lang='grc' dir='ltr'>παραπτώματι.</span> <span class='ocrx_word' id='word_1_598' title='bbox 2545 1748 2658 1818; x_wconf 81' lang='grc' dir='ltr'>Ούχ</span> <span class='ocrx_word' id='word_1_599' title='bbox 2694 1745 2876 1810; x_wconf 85' lang='grc' dir='ltr'>ἁπλῶς</span> <span class='ocrx_word' id='word_1_600' title='bbox 2914 1745 2982 1796; x_wconf 76' lang='grc' dir='ltr'>τὰ</span> <span class='ocrx_word' id='word_1_601' title='bbox 3029 1741 3236 1815; x_wconf 77' lang='grc' dir='ltr'>μεγάλα</span> <span class='ocrx_word' id='word_1_602' title='bbox 3263 1741 3410 1809; x_wconf 88' lang='grc' dir='ltr'>λέγει</span> <span class='ocrx_word' id='word_1_603' title='bbox 3459 1739 3644 1810; x_wconf 83' lang='grc' dir='ltr'>ἀμαρ-</span> 
     </span>
    </p>
   </div>
   <div class='ocr_carea' id='block_1_85' title="bbox 2062 1821 3646 1902">
    <p class='ocr_par' dir='ltr' id='par_1_85' title="bbox 2062 1821 3646 1902">
     <span class='ocr_line' id='line_1_85' title="bbox 2062 1821 3646 1902; baseline -0.008 -18"><span class='ocrx_word' id='word_1_604' title='bbox 2062 1833 2129 1902; x_wconf 91' lang='grc' dir='ltr'>τή</span> <span class='ocrx_word' id='word_1_605' title='bbox 2139 1849 2305 1902; x_wconf 89' lang='grc' dir='ltr'>ματα,</span> <span class='ocrx_word' id='word_1_606' title='bbox 2323 1833 2392 1884; x_wconf 80' lang='grc' dir='ltr'>τά</span> <span class='ocrx_word' id='word_1_607' title='bbox 2416 1828 2746 1899; x_wconf 87' lang='grc' dir='ltr'>συγγνώμης</span> <span class='ocrx_word' id='word_1_608' title='bbox 2771 1827 2990 1898; x_wconf 75' lang='grc' dir='ltr'>μείζονα</span> <span class='ocrx_word' id='word_1_609' title='bbox 3013 1825 3108 1878; x_wconf 79' lang='grc' dir='ltr'>καὶ</span> <span class='ocrx_word' id='word_1_610' title='bbox 3135 1825 3204 1877; x_wconf 83' lang='grc' dir='ltr'>τά</span> <span class='ocrx_word' id='word_1_611' title='bbox 3233 1821 3646 1893; x_wconf 86' lang='grc' dir='ltr'>φιλανθρωπίας</span> 
     </span>
    </p>
   </div>
   <div class='ocr_carea' id='block_1_86' title="bbox 2064 1904 3648 1984">
    <p class='ocr_par' dir='ltr' id='par_1_86' title="bbox 2064 1904 3648 1984">
     <span class='ocr_line' id='line_1_86' title="bbox 2064 1904 3648 1984; baseline -0.008 -16"><span class='ocrx_word' id='word_1_612' title='bbox 2064 1916 2164 1968; x_wconf 82' lang='grc' dir='ltr'>οὐκ</span> <span class='ocrx_word' id='word_1_613' title='bbox 2193 1913 2338 1980; x_wconf 79' lang='grc' dir='ltr'>ἀξια,</span> <span class='ocrx_word' id='word_1_614' title='bbox 2369 1915 2506 1968; x_wconf 87' lang='grc' dir='ltr'>ἀλλά</span> <span class='ocrx_word' id='word_1_615' title='bbox 2541 1915 2612 1966; x_wconf 75' lang='grc' dir='ltr'>τὰ</span> <span class='ocrx_word' id='word_1_616' title='bbox 2653 1913 2824 1984; x_wconf 86' lang='grc' dir='ltr'>μικρά</span> <span class='ocrx_word' id='word_1_617' title='bbox 2863 1911 2956 1963; x_wconf 78' lang='grc' dir='ltr'>καὶ</span> <span class='ocrx_word' id='word_1_618' title='bbox 3001 1907 3428 1977; x_wconf 85' lang='grc' dir='ltr'>κατεσταλμένα.</span> <span class='ocrx_word' id='word_1_619' title='bbox 3457 1904 3648 1984; x_wconf 74' lang='grc' dir='ltr'>Ὑμεῖς</span> 
     </span>
    </p>
   </div>
   <div class='ocr_carea' id='block_1_87' title="bbox 2065 1981 3646 2068">
    <p class='ocr_par' dir='ltr' id='par_1_87' title="bbox 2065 1981 3646 2068">
     <span class='ocr_line' id='line_1_87' title="bbox 2065 1981 3646 2068; baseline -0.009 -16"><span class='ocrx_word' id='word_1_620' title='bbox 2065 2002 2120 2052; x_wconf 75' lang='grc' dir='ltr'>οἱ</span> <span class='ocrx_word' id='word_1_621' title='bbox 2147 1998 2556 2068; x_wconf 74' lang='grc' dir='ltr'>πνευματικοί.</span> <span class='ocrx_word' id='word_1_622' title='bbox 2597 1981 2664 2049; x_wconf 27' lang='grc' dir='ltr'>Ὀ*</span> <span class='ocrx_word' id='word_1_623' title='bbox 2705 1981 2803 2066; x_wconf 76' lang='grc' dir='ltr'>μέν</span> <span class='ocrx_word' id='word_1_624' title='bbox 2845 1989 3126 2064; x_wconf 78' lang='grc' dir='ltr'>ἁμαρτὼν,</span> <span class='ocrx_word' id='word_1_625' title='bbox 3165 1990 3479 2060; x_wconf 79' lang='grc' dir='ltr'>ἄνθρωπος,</span> <span class='ocrx_word' id='word_1_626' title='bbox 3507 1981 3646 2068; x_wconf 24' lang='grc' dir='ltr'>οίζδὲ</span> 
     </span>
    </p>
   </div>
   <div class='ocr_carea' id='block_1_88' title="bbox 2067 2065 3646 2151">
    <p class='ocr_par' dir='ltr' id='par_1_88' title="bbox 2067 2065 3646 2151">
     <span class='ocr_line' id='line_1_88' title="bbox 2067 2065 3646 2151; baseline -0.009 -17"><span class='ocrx_word' id='word_1_627' title='bbox 2067 2065 2479 2151; x_wconf 83' lang='grc' dir='ltr'>κατορθοῦντες,</span> <span class='ocrx_word' id='word_1_628' title='bbox 2523 2065 2905 2148; x_wconf 82' lang='grc' dir='ltr'>πνευματικοί.</span> <span class='ocrx_word' id='word_1_629' title='bbox 2946 2074 3094 2128; x_wconf 87' lang='grc' dir='ltr'>Ἐκεῖ</span> <span class='ocrx_word' id='word_1_630' title='bbox 3135 2073 3238 2142; x_wconf 91' lang='grc' dir='ltr'>τῆς</span> <span class='ocrx_word' id='word_1_631' title='bbox 3269 2072 3482 2140; x_wconf 87' lang='grc' dir='ltr'>φύσεως</span> <span class='ocrx_word' id='word_1_632' title='bbox 3523 2065 3646 2122; x_wconf 85' lang='grc' dir='ltr'>εῐπε</span> 
     </span>
    </p>
   </div>
   <div class='ocr_carea' id='block_1_89' title="bbox 2067 2155 3647 2234">
    <p class='ocr_par' dir='ltr' id='par_1_89' title="bbox 2067 2155 3647 2234">
     <span class='ocr_line' id='line_1_89' title="bbox 2067 2155 3647 2234; baseline -0.008 -17"><span class='ocrx_word' id='word_1_633' title='bbox 2067 2161 2128 2217; x_wconf 82' lang='grc' dir='ltr'>τὸ</span> <span class='ocrx_word' id='word_1_634' title='bbox 2169 2163 2365 2234; x_wconf 76' lang='grc' dir='ltr'>ὄνομα,</span> <span class='ocrx_word' id='word_1_635' title='bbox 2413 2161 2648 2216; x_wconf 74' lang='grc' dir='ltr'>ἐνταῦθα</span> <span class='ocrx_word' id='word_1_636' title='bbox 2689 2161 2789 2230; x_wconf 91' lang='grc' dir='ltr'>τῆς</span> <span class='ocrx_word' id='word_1_637' title='bbox 2823 2159 3023 2232; x_wconf 87' lang='grc' dir='ltr'>ἀρετῆς</span> <span class='ocrx_word' id='word_1_638' title='bbox 3055 2157 3216 2226; x_wconf 71' lang='grc' dir='ltr'>ἔθηκε</span> <span class='ocrx_word' id='word_1_639' title='bbox 3242 2155 3340 2225; x_wconf 80' lang='grc' dir='ltr'>τὴν</span> <span class='ocrx_word' id='word_1_640' title='bbox 3377 2161 3647 2225; x_wconf 71' lang='grc' dir='ltr'>προσηγδ⁴</span> 
     </span>
    </p>
   </div>
   <div class='ocr_carea' id='block_1_90' title="bbox 2071 2246 2214 2316">
    <p class='ocr_par' dir='ltr' id='par_1_90' title="bbox 2071 2246 2214 2316">
     <span class='ocr_line' id='line_1_90' title="bbox 2071 2246 2214 2316; baseline 0 -18"><span class='ocrx_word' id='word_1_641' title='bbox 2071 2246 2214 2316; x_wconf 87' lang='grc' dir='ltr'>ρίαν.</span> 
     </span>
    </p>
   </div>
   <div class='ocr_carea' id='block_1_91' title="bbox 2139 2319 3636 2398">
    <p class='ocr_par' dir='ltr' id='par_1_91' title="bbox 2139 2319 3636 2398">
     <span class='ocr_line' id='line_1_91' title="bbox 2139 2319 3636 2398; baseline -0.009 -15"><span class='ocrx_word' id='word_1_642' title='bbox 2139 2329 2280 2382; x_wconf 81' lang='grc' dir='ltr'>Πολὺ</span> <span class='ocrx_word' id='word_1_643' title='bbox 2313 2328 2371 2381; x_wconf 83' lang='grc' dir='ltr'>δὲ</span> <span class='ocrx_word' id='word_1_644' title='bbox 2401 2327 2460 2381; x_wconf 83' lang='grc' dir='ltr'>τὸ</span> <span class='ocrx_word' id='word_1_645' title='bbox 2491 2327 2654 2398; x_wconf 86' lang='grc' dir='ltr'>μέσον</span> <span class='ocrx_word' id='word_1_646' title='bbox 2678 2323 2772 2378; x_wconf 86' lang='grc' dir='ltr'>τοῦ</span> <span class='ocrx_word' id='word_1_647' title='bbox 2816 2321 3105 2393; x_wconf 86' lang='grc' dir='ltr'>ἀνθρώπου</span> <span class='ocrx_word' id='word_1_648' title='bbox 3142 2321 3236 2374; x_wconf 68' lang='grc' dir='ltr'>καὶ</span> <span class='ocrx_word' id='word_1_649' title='bbox 3265 2319 3360 2373; x_wconf 83' lang='grc' dir='ltr'>τοῦ</span> <span class='ocrx_word' id='word_1_650' title='bbox 3407 2333 3636 2398; x_wconf 47' lang='grc' dir='ltr'>πνευμαζ</span> 
     </span>
    </p>
   </div>
   <div class='ocr_carea' id='block_1_92' title="bbox 2068 2389 3650 2481">
    <p class='ocr_par' dir='ltr' id='par_1_92' title="bbox 2068 2389 3650 2481">
     <span class='ocr_line' id='line_1_92' title="bbox 2068 2389 3650 2481; baseline -0.007 -17"><span class='ocrx_word' id='word_1_651' title='bbox 2068 2411 2244 2466; x_wconf 87' lang='grc' dir='ltr'>τικοῦ.</span> <span class='ocrx_word' id='word_1_652' title='bbox 2286 2411 2470 2481; x_wconf 77' lang='grc' dir='ltr'>Ὑμεῖς</span> <span class='ocrx_word' id='word_1_653' title='bbox 2491 2389 2552 2464; x_wconf 71' lang='grc' dir='ltr'>ὀί</span> <span class='ocrx_word' id='word_1_654' title='bbox 2597 2389 3007 2478; x_wconf 76' lang='grc' dir='ltr'>πνευματικοί.</span> <span class='ocrx_word' id='word_1_655' title='bbox 3055 2407 3117 2458; x_wconf 79' lang='grc' dir='ltr'><strong>Εἰ</strong></span> <span class='ocrx_word' id='word_1_656' title='bbox 3165 2401 3529 2475; x_wconf 76' lang='grc' dir='ltr'>πνευματικὸς</span> <span class='ocrx_word' id='word_1_657' title='bbox 3575 2389 3650 2463; x_wconf 74' lang='grc' dir='ltr'>εἴ,</span> 
     </span>
    </p>
   </div>
   <div class='ocr_carea' id='block_1_93' title="bbox 2068 2483 3648 2566">
    <p class='ocr_par' dir='ltr' id='par_1_93' title="bbox 2068 2483 3648 2566">
     <span class='ocr_line' id='line_1_93' title="bbox 2068 2483 3648 2566; baseline -0.01 -16"><span class='ocrx_word' id='word_1_658' title='bbox 2068 2497 2238 2563; x_wconf 78' lang='grc' dir='ltr'>δεῖξόν</span> <span class='ocrx_word' id='word_1_659' title='bbox 2267 2513 2356 2566; x_wconf 91' lang='grc' dir='ltr'>μοι</span> <span class='ocrx_word' id='word_1_660' title='bbox 2387 2496 2486 2566; x_wconf 79' lang='grc' dir='ltr'>τὴν</span> <span class='ocrx_word' id='word_1_661' title='bbox 2521 2493 2672 2564; x_wconf 82' lang='grc' dir='ltr'>ἰσχύν</span> <span class='ocrx_word' id='word_1_662' title='bbox 2695 2509 2810 2558; x_wconf 88' lang='grc' dir='ltr'>σου,</span> <span class='ocrx_word' id='word_1_663' title='bbox 2841 2492 2914 2562; x_wconf 83' lang='grc' dir='ltr'>μὴ</span> <span class='ocrx_word' id='word_1_664' title='bbox 2941 2489 3050 2543; x_wconf 77' lang='grc' dir='ltr'>ἀπὸ</span> <span class='ocrx_word' id='word_1_665' title='bbox 3081 2489 3184 2558; x_wconf 88' lang='grc' dir='ltr'>τῆς</span> <span class='ocrx_word' id='word_1_666' title='bbox 3219 2487 3319 2556; x_wconf 83' lang='grc' dir='ltr'>σῆς</span> <span class='ocrx_word' id='word_1_667' title='bbox 3351 2483 3648 2566; x_wconf 75' lang='grc' dir='ltr'>σωτηρίας,</span> 
     </span>
    </p>
   </div>
   <div class='ocr_carea' id='block_1_94' title="bbox 2071 2565 3650 2648">
    <p class='ocr_par' dir='ltr' id='par_1_94' title="bbox 2071 2565 3650 2648">
     <span class='ocr_line' id='line_1_94' title="bbox 2071 2565 3650 2648; baseline -0.009 -15"><span class='ocrx_word' id='word_1_668' title='bbox 2071 2580 2206 2633; x_wconf 86' lang='grc' dir='ltr'>ἀλλά</span> <span class='ocrx_word' id='word_1_669' title='bbox 2247 2565 2340 2632; x_wconf 73' lang='grc' dir='ltr'>καὶ</span> <span class='ocrx_word' id='word_1_670' title='bbox 2369 2565 2476 2632; x_wconf 69' lang='grc' dir='ltr'>άπὸ</span> <span class='ocrx_word' id='word_1_671' title='bbox 2504 2578 2604 2648; x_wconf 88' lang='grc' dir='ltr'>τῆς</span> <span class='ocrx_word' id='word_1_672' title='bbox 2631 2575 2773 2646; x_wconf 80' lang='grc' dir='ltr'>ἐμῆς</span> <span class='ocrx_word' id='word_1_673' title='bbox 2801 2573 3095 2643; x_wconf 85' lang='grc' dir='ltr'>σωτηρίας,</span> <span class='ocrx_word' id='word_1_674' title='bbox 3137 2571 3273 2624; x_wconf 82' lang='grc' dir='ltr'>ἀλλὰ</span> <span class='ocrx_word' id='word_1_675' title='bbox 3297 2571 3391 2622; x_wconf 77' lang='grc' dir='ltr'>καὶ</span> <span class='ocrx_word' id='word_1_676' title='bbox 3417 2567 3525 2620; x_wconf 73' lang='grc' dir='ltr'>ἀπὸ</span> <span class='ocrx_word' id='word_1_677' title='bbox 3551 2565 3650 2636; x_wconf 87' lang='grc' dir='ltr'>τῆς</span> 
     </span>
    </p>
   </div>
   <div class='ocr_carea' id='block_1_95' title="bbox 2075 2651 3654 2734">
    <p class='ocr_par' dir='ltr' id='par_1_95' title="bbox 2075 2651 3654 2734">
     <span class='ocr_line' id='line_1_95' title="bbox 2075 2651 3654 2734; baseline -0.009 -19"><span class='ocrx_word' id='word_1_678' title='bbox 2075 2661 2322 2734; x_wconf 88' lang='grc' dir='ltr'>βοηθείας</span> <span class='ocrx_word' id='word_1_679' title='bbox 2352 2661 2450 2731; x_wconf 84' lang='grc' dir='ltr'>τῆς</span> <span class='ocrx_word' id='word_1_680' title='bbox 2477 2661 2558 2723; x_wconf 85' lang='grc' dir='ltr'>είς</span> <span class='ocrx_word' id='word_1_681' title='bbox 2583 2659 2708 2721; x_wconf 76' lang='grc' dir='ltr'>τοὺς</span> <span class='ocrx_word' id='word_1_682' title='bbox 2733 2656 3106 2716; x_wconf 84' lang='grc' dir='ltr'>πεπτωκότας.</span> <span class='ocrx_word' id='word_1_683' title='bbox 3137 2652 3308 2705; x_wconf 83' lang='grc' dir='ltr'>Τοῦτο</span> <span class='ocrx_word' id='word_1_684' title='bbox 3341 2651 3448 2719; x_wconf 71' lang='grc' dir='ltr'>γάρ</span> <span class='ocrx_word' id='word_1_685' title='bbox 3489 2666 3654 2701; x_wconf 87' lang='grc' dir='ltr'>πνευ-</span> 
     </span>
    </p>
   </div>
   <div class='ocr_carea' id='block_1_96' title="bbox 2076 2734 3649 2816">
    <p class='ocr_par' dir='ltr' id='par_1_96' title="bbox 2076 2734 3649 2816">
     <span class='ocr_line' id='line_1_96' title="bbox 2076 2734 3649 2816; baseline -0.007 -17"><span class='ocrx_word' id='word_1_686' title='bbox 2076 2745 2327 2816; x_wconf 87' lang='grc' dir='ltr'>ματικοῦ,</span> <span class='ocrx_word' id='word_1_687' title='bbox 2379 2745 2453 2815; x_wconf 83' lang='grc' dir='ltr'>μὴ</span> <span class='ocrx_word' id='word_1_688' title='bbox 2491 2743 2752 2814; x_wconf 83' lang='grc' dir='ltr'>περιορᾷν</span> <span class='ocrx_word' id='word_1_689' title='bbox 2799 2741 2868 2794; x_wconf 77' lang='grc' dir='ltr'>τά</span> <span class='ocrx_word' id='word_1_690' title='bbox 2911 2741 3086 2792; x_wconf 77' lang='grc' dir='ltr'>οἰκεῖα</span> <span class='ocrx_word' id='word_1_691' title='bbox 3127 2737 3260 2808; x_wconf 88' lang='grc' dir='ltr'>μέλη</span> <span class='ocrx_word' id='word_1_692' title='bbox 3309 2734 3649 2807; x_wconf 72' lang='grc' dir='ltr'>ἠμελημένα.</span> 
     </span>
    </p>
   </div>
   <div class='ocr_carea' id='block_1_97' title="bbox 2073 2821 3651 2895">
    <p class='ocr_par' dir='ltr' id='par_1_97' title="bbox 2073 2821 3651 2895">
     <span class='ocr_line' id='line_1_97' title="bbox 2073 2821 3651 2895; baseline -0.009 -13"><span class='ocrx_word' id='word_1_693' title='bbox 2073 2825 2450 2895; x_wconf 79' lang='grc' dir='ltr'>Καταρτίζετε</span> <span class='ocrx_word' id='word_1_694' title='bbox 2511 2827 2618 2879; x_wconf 84' lang='grc' dir='ltr'>τὸν</span> <span class='ocrx_word' id='word_1_695' title='bbox 2674 2823 2964 2878; x_wconf 80' lang='grc' dir='ltr'>τοιοῦτον.</span> <span class='ocrx_word' id='word_1_696' title='bbox 3036 2821 3358 2891; x_wconf 71' lang='grc' dir='ltr'>Ἀχείρωτον</span> <span class='ocrx_word' id='word_1_697' title='bbox 3413 2821 3651 2879; x_wconf 84' lang='grc' dir='ltr'>ποιεῖτε,</span> 
     </span>
    </p>
   </div>
   <div class='ocr_carea' id='block_1_98' title="bbox 2075 2901 3654 2983">
    <p class='ocr_par' dir='ltr' id='par_1_98' title="bbox 2075 2901 3654 2983">
     <span class='ocr_line' id='line_1_98' title="bbox 2075 2901 3654 2983; baseline -0.007 -20"><span class='ocrx_word' id='word_1_698' title='bbox 2075 2912 2259 2983; x_wconf 77' lang='grc' dir='ltr'>φησὶν,</span> <span class='ocrx_word' id='word_1_699' title='bbox 2289 2907 2750 2978; x_wconf 88' lang='grc' dir='ltr'>άκαταγώνιστον,</span> <span class='ocrx_word' id='word_1_700' title='bbox 2777 2907 2987 2977; x_wconf 82' lang='grc' dir='ltr'>ἄμαχον</span> <span class='ocrx_word' id='word_1_701' title='bbox 3015 2905 3092 2976; x_wconf 83' lang='grc' dir='ltr'>τῷ</span> <span class='ocrx_word' id='word_1_702' title='bbox 3119 2904 3368 2974; x_wconf 82' lang='grc' dir='ltr'>διαϐόλῳ.</span> <span class='ocrx_word' id='word_1_703' title='bbox 3403 2901 3654 2957; x_wconf 73' lang='grc' dir='ltr'>Σκοπῶν</span> 
     </span>
    </p>
   </div>
   <div class='ocr_carea' id='block_1_99' title="bbox 2072 2987 3083 3063">
    <p class='ocr_par' dir='ltr' id='par_1_99' title="bbox 2072 2987 3083 3063">
     <span class='ocr_line' id='line_1_99' title="bbox 2072 2987 3083 3063; baseline -0.008 -14"><span class='ocrx_word' id='word_1_704' title='bbox 2072 2995 2352 3059; x_wconf 76' lang='grc' dir='ltr'>σεαυτὸν,</span> <span class='ocrx_word' id='word_1_705' title='bbox 2373 2993 2460 3063; x_wconf 79' lang='grc' dir='ltr'>μὴ</span> <span class='ocrx_word' id='word_1_706' title='bbox 2487 2993 2586 3046; x_wconf 79' lang='grc' dir='ltr'>καὶ</span> <span class='ocrx_word' id='word_1_707' title='bbox 2619 2991 2700 3046; x_wconf 90' lang='grc' dir='ltr'>σὺ</span> <span class='ocrx_word' id='word_1_708' title='bbox 2733 2987 3083 3058; x_wconf 74' lang='grc' dir='ltr'>πειρασθῇς.</span> 
     </span>
    </p>
   </div>
   <div class='ocr_carea' id='block_1_100' title="bbox 2147 3071 3650 3153">
    <p class='ocr_par' dir='ltr' id='par_1_100' title="bbox 2147 3071 3650 3153">
     <span class='ocr_line' id='line_1_100' title="bbox 2147 3071 3650 3153; baseline -0.011 -17"><span class='ocrx_word' id='word_1_709' title='bbox 2147 3083 2212 3153; x_wconf 86' lang='grc' dir='ltr'>β’.</span> <span class='ocrx_word' id='word_1_710' title='bbox 2236 3081 2385 3152; x_wconf 77' lang='grc' dir='ltr'>Αὕτη</span> <span class='ocrx_word' id='word_1_711' title='bbox 2418 3081 2643 3152; x_wconf 85' lang='grc' dir='ltr'>μεγίστη</span> <span class='ocrx_word' id='word_1_712' title='bbox 2670 3077 2967 3149; x_wconf 82' lang='grc' dir='ltr'>συμϐουλὴ,</span> <span class='ocrx_word' id='word_1_713' title='bbox 2989 3071 3363 3144; x_wconf 77' lang='grc' dir='ltr'>ἀναγκαστικὴ</span> <span class='ocrx_word' id='word_1_714' title='bbox 3393 3071 3650 3140; x_wconf 82' lang='grc' dir='ltr'>παραίνε-</span> 
     </span>
    </p>
   </div>
   <div class='ocr_carea' id='block_1_101' title="bbox 2077 3155 3655 3238">
    <p class='ocr_par' dir='ltr' id='par_1_101' title="bbox 2077 3155 3655 3238">
     <span class='ocr_line' id='line_1_101' title="bbox 2077 3155 3655 3238; baseline -0.011 -15"><span class='ocrx_word' id='word_1_715' title='bbox 2077 3188 2180 3233; x_wconf 81' lang='grc' dir='ltr'>σις.</span> <span class='ocrx_word' id='word_1_716' title='bbox 2211 3170 2326 3223; x_wconf 83' lang='grc' dir='ltr'>Κᾶν</span> <span class='ocrx_word' id='word_1_717' title='bbox 2359 3169 2503 3232; x_wconf 90' lang='grc' dir='ltr'>λίθος</span> <span class='ocrx_word' id='word_1_718' title='bbox 2595 3168 2630 3220; x_wconf 74' lang='grc' dir='ltr'>ὁ</span> <span class='ocrx_word' id='word_1_719' title='bbox 2655 3164 2888 3228; x_wconf 84' lang='grc' dir='ltr'>ἀκούων,</span> <span class='ocrx_word' id='word_1_720' title='bbox 2917 3162 3100 3216; x_wconf 77' lang='grc' dir='ltr'>ἱκανὸν</span> <span class='ocrx_word' id='word_1_721' title='bbox 3134 3161 3294 3213; x_wconf 75' lang='grc' dir='ltr'>αὐτὸν</span> <span class='ocrx_word' id='word_1_722' title='bbox 3325 3157 3558 3228; x_wconf 75' lang='grc' dir='ltr'>φοϐῆσαι</span> <span class='ocrx_word' id='word_1_723' title='bbox 3591 3155 3655 3206; x_wconf 79' lang='grc' dir='ltr'>τὸ</span> 
     </span>
    </p>
   </div>
   <div class='ocr_carea' id='block_1_102' title="bbox 2078 3243 3652 3328">
    <p class='ocr_par' dir='ltr' id='par_1_102' title="bbox 2078 3243 3652 3328">
     <span class='ocr_line' id='line_1_102' title="bbox 2078 3243 3652 3328; baseline -0.011 -19"><span class='ocrx_word' id='word_1_724' title='bbox 2078 3257 2251 3328; x_wconf 79' lang='grc' dir='ltr'>ῥῆμα,</span> <span class='ocrx_word' id='word_1_725' title='bbox 2282 3256 2378 3308; x_wconf 84' lang='grc' dir='ltr'>καὶ</span> <span class='ocrx_word' id='word_1_726' title='bbox 2411 3254 2546 3324; x_wconf 78' lang='grc' dir='ltr'>πρὸς</span> <span class='ocrx_word' id='word_1_727' title='bbox 2580 3251 2847 3322; x_wconf 75' lang='grc' dir='ltr'>ἀνάληψιν</span> <span class='ocrx_word' id='word_1_728' title='bbox 2868 3250 3128 3327; x_wconf 77' lang='grc' dir='ltr'>διεγεῖραι</span> <span class='ocrx_word' id='word_1_729' title='bbox 3162 3247 3254 3300; x_wconf 84' lang='grc' dir='ltr'>τοῦ</span> <span class='ocrx_word' id='word_1_730' title='bbox 3282 3243 3652 3304; x_wconf 86' lang='grc' dir='ltr'>πεπτωκότος.</span> 
     </span>
    </p>
   </div>
   <div class='ocr_carea' id='block_1_103' title="bbox 2077 3331 3656 3412">
    <p class='ocr_par' dir='ltr' id='par_1_103' title="bbox 2077 3331 3656 3412">
     <span class='ocr_line' id='line_1_103' title="bbox 2077 3331 3656 3412; baseline -0.011 -13"><span class='ocrx_word' id='word_1_731' title='bbox 2077 3343 2154 3399; x_wconf 84' lang='grc' dir='ltr'>Οὐ</span> <span class='ocrx_word' id='word_1_732' title='bbox 2187 3343 2384 3412; x_wconf 82' lang='grc' dir='ltr'>βούλει,</span> <span class='ocrx_word' id='word_1_733' title='bbox 2414 3342 2598 3411; x_wconf 81' lang='grc' dir='ltr'>φησὶν,</span> <span class='ocrx_word' id='word_1_734' title='bbox 2625 3340 2702 3402; x_wconf 84' lang='grc' dir='ltr'>ὼς</span> <span class='ocrx_word' id='word_1_735' title='bbox 2721 3338 2948 3403; x_wconf 78' lang='grc' dir='ltr'>ἀδελφὸς</span> <span class='ocrx_word' id='word_1_736' title='bbox 2986 3337 3206 3408; x_wconf 70' lang='grc' dir='ltr'>ἐλεῆσαι</span> <span class='ocrx_word' id='word_1_737' title='bbox 3231 3351 3246 3399; x_wconf 88' lang='grc'><strong>;</strong></span> <span class='ocrx_word' id='word_1_738' title='bbox 3275 3335 3336 3387; x_wconf 84' lang='grc' dir='ltr'>οὑ</span> <span class='ocrx_word' id='word_1_739' title='bbox 3371 3331 3548 3402; x_wconf 83' lang='grc' dir='ltr'>βούλει</span> <span class='ocrx_word' id='word_1_740' title='bbox 3579 3331 3656 3392; x_wconf 84' lang='grc' dir='ltr'>ὡς</span> 
     </span>
    </p>
   </div>
   <div class='ocr_carea' id='block_1_104' title="bbox 2077 3419 3656 3500">
    <p class='ocr_par' dir='ltr' id='par_1_104' title="bbox 2077 3419 3656 3500">
     <span class='ocr_line' id='line_1_104' title="bbox 2077 3419 3656 3500; baseline -0.009 -16"><span class='ocrx_word' id='word_1_741' title='bbox 2077 3429 2350 3500; x_wconf 82' lang='grc' dir='ltr'>ἀνθρώπῳ</span> <span class='ocrx_word' id='word_1_742' title='bbox 2401 3430 2516 3482; x_wconf 77' lang='grc' dir='ltr'>ὄντι</span> <span class='ocrx_word' id='word_1_743' title='bbox 2565 3426 2748 3480; x_wconf 82' lang='grc' dir='ltr'>δοῦναι</span> <span class='ocrx_word' id='word_1_744' title='bbox 2815 3423 3184 3495; x_wconf 78' lang='grc' dir='ltr'>συγγνώμην;</span> <span class='ocrx_word' id='word_1_745' title='bbox 3231 3423 3290 3474; x_wconf 82' lang='grc' dir='ltr'>οῦ</span> <span class='ocrx_word' id='word_1_746' title='bbox 3347 3420 3526 3491; x_wconf 84' lang='grc' dir='ltr'>βούλει</span> <span class='ocrx_word' id='word_1_747' title='bbox 3577 3419 3656 3480; x_wconf 79' lang='grc' dir='ltr'>ὡς</span> 
     </span>
    </p>
   </div>
   <div class='ocr_carea' id='block_1_105' title="bbox 2079 3507 3658 3589">
    <p class='ocr_par' dir='ltr' id='par_1_105' title="bbox 2079 3507 3658 3589">
     <span class='ocr_line' id='line_1_105' title="bbox 2079 3507 3658 3589; baseline -0.009 -16"><span class='ocrx_word' id='word_1_748' title='bbox 2079 3517 2446 3589; x_wconf 77' lang='grc' dir='ltr'>πνευματικὺς</span> <span class='ocrx_word' id='word_1_749' title='bbox 2491 3517 2649 3589; x_wconf 82' lang='grc' dir='ltr'>χεῖρα</span> <span class='ocrx_word' id='word_1_750' title='bbox 2685 3513 2904 3587; x_wconf 84' lang='grc' dir='ltr'>όρέξαι;</span> <span class='ocrx_word' id='word_1_751' title='bbox 2938 3513 3017 3564; x_wconf 82' lang='grc' dir='ltr'>Τά</span> <span class='ocrx_word' id='word_1_752' title='bbox 3047 3511 3190 3564; x_wconf 87' lang='grc' dir='ltr'>κατά</span> <span class='ocrx_word' id='word_1_753' title='bbox 3223 3509 3418 3562; x_wconf 81' lang='grc' dir='ltr'>σαυτὸν</span> <span class='ocrx_word' id='word_1_754' title='bbox 3453 3507 3658 3574; x_wconf 82' lang='grc' dir='ltr'>σκὸπη-</span> 
     </span>
    </p>
   </div>
   <div class='ocr_carea' id='block_1_106' title="bbox 2081 3593 3654 3672">
    <p class='ocr_par' dir='ltr' id='par_1_106' title="bbox 2081 3593 3654 3672">
     <span class='ocr_line' id='line_1_106' title="bbox 2081 3593 3654 3672; baseline -0.009 -14"><span class='ocrx_word' id='word_1_755' title='bbox 2081 3622 2193 3670; x_wconf 90' lang='grc' dir='ltr'>σον,</span> <span class='ocrx_word' id='word_1_756' title='bbox 2222 3605 2316 3656; x_wconf 78' lang='grc' dir='ltr'>καὶ</span> <span class='ocrx_word' id='word_1_757' title='bbox 2347 3603 2407 3655; x_wconf 79' lang='grc' dir='ltr'>ού</span> <span class='ocrx_word' id='word_1_758' title='bbox 2439 3602 2602 3672; x_wconf 83' lang='grc' dir='ltr'>δεήσῃ</span> <span class='ocrx_word' id='word_1_759' title='bbox 2631 3601 2724 3653; x_wconf 90' lang='grc' dir='ltr'>τοῦ</span> <span class='ocrx_word' id='word_1_760' title='bbox 2759 3597 3218 3669; x_wconf 85' lang='grc' dir='ltr'>συμϐουλεύοντος</span> <span class='ocrx_word' id='word_1_761' title='bbox 3241 3636 3256 3656; x_wconf 81' lang='grc'>,</span> <span class='ocrx_word' id='word_1_762' title='bbox 3281 3595 3420 3648; x_wconf 78' lang='grc' dir='ltr'>ὥστε</span> <span class='ocrx_word' id='word_1_763' title='bbox 3453 3593 3654 3664; x_wconf 85' lang='grc' dir='ltr'>βοηθῆ-</span> 
     </span>
    </p>
   </div>
   <div class='ocr_carea' id='block_1_107' title="bbox 2081 3681 3652 3762">
    <p class='ocr_par' dir='ltr' id='par_1_107' title="bbox 2081 3681 3652 3762">
     <span class='ocr_line' id='line_1_107' title="bbox 2081 3681 3652 3762; baseline -0.01 -16"><span class='ocrx_word' id='word_1_764' title='bbox 2081 3709 2172 3746; x_wconf 87' lang='grc' dir='ltr'>σαι</span> <span class='ocrx_word' id='word_1_765' title='bbox 2199 3691 2276 3762; x_wconf 87' lang='grc' dir='ltr'>τῷ</span> <span class='ocrx_word' id='word_1_766' title='bbox 2307 3689 2564 3760; x_wconf 84' lang='grc' dir='ltr'>κειμένῳ,</span> <span class='ocrx_word' id='word_1_767' title='bbox 2597 3687 2709 3740; x_wconf 82' lang='grc' dir='ltr'>ἀλλ’</span> <span class='ocrx_word' id='word_1_768' title='bbox 2739 3686 2949 3739; x_wconf 80' lang='grc' dir='ltr'>οἴκοθεν</span> <span class='ocrx_word' id='word_1_769' title='bbox 2977 3686 3069 3738; x_wconf 78' lang='grc' dir='ltr'>καὶ</span> <span class='ocrx_word' id='word_1_770' title='bbox 3097 3685 3248 3755; x_wconf 70' lang='grc' dir='ltr'>παρὰ</span> <span class='ocrx_word' id='word_1_771' title='bbox 3277 3681 3475 3736; x_wconf 77' lang='grc' dir='ltr'>σαυτοῦ</span> <span class='ocrx_word' id='word_1_772' title='bbox 3505 3681 3652 3744; x_wconf 81' lang='grc' dir='ltr'>δέξαι</span> 
     </span>
    </p>
   </div>
   <div class='ocr_carea' id='block_1_108' title="bbox 2078 3769 3653 3852">
    <p class='ocr_par' dir='ltr' id='par_1_108' title="bbox 2078 3769 3653 3852">
     <span class='ocr_line' id='line_1_108' title="bbox 2078 3769 3653 3852; baseline -0.01 -17"><span class='ocrx_word' id='word_1_773' title='bbox 2078 3781 2176 3852; x_wconf 83' lang='grc' dir='ltr'>τὴν</span> <span class='ocrx_word' id='word_1_774' title='bbox 2215 3779 2555 3851; x_wconf 86' lang='grc' dir='ltr'>παραίνεσιν.</span> <span class='ocrx_word' id='word_1_775' title='bbox 2587 3775 2709 3840; x_wconf 86' lang='grc' dir='ltr'>Πῶς</span> <span class='ocrx_word' id='word_1_776' title='bbox 2733 3777 2826 3829; x_wconf 76' lang='grc' dir='ltr'>καὶ</span> <span class='ocrx_word' id='word_1_777' title='bbox 2856 3775 2963 3826; x_wconf 90' lang='grc' dir='ltr'>τίνι</span> <span class='ocrx_word' id='word_1_778' title='bbox 2994 3774 3182 3844; x_wconf 83' lang='grc' dir='ltr'>τρόπῳ</span> <span class='ocrx_word' id='word_1_779' title='bbox 3208 3789 3222 3837; x_wconf 89' lang='lat'><strong>;</strong></span> <span class='ocrx_word' id='word_1_780' title='bbox 3273 3769 3524 3825; x_wconf 70' lang='grc' dir='ltr'>Σκοπῶν</span> <span class='ocrx_word' id='word_1_781' title='bbox 3549 3783 3653 3821; x_wconf 80' lang='grc' dir='ltr'>σε·</span> 
     </span>
    </p>
   </div>
   <div class='ocr_carea' id='block_1_109' title="bbox 2079 3854 3650 3935">
    <p class='ocr_par' dir='ltr' id='par_1_109' title="bbox 2079 3854 3650 3935">
     <span class='ocr_line' id='line_1_109' title="bbox 2079 3854 3650 3935; baseline -0.01 -12"><span class='ocrx_word' id='word_1_782' title='bbox 2079 3868 2286 3934; x_wconf 82' lang='grc' dir='ltr'>αυτὸν,</span> <span class='ocrx_word' id='word_1_783' title='bbox 2335 3866 2498 3935; x_wconf 78' lang='grc' dir='ltr'>φησὶ,</span> <span class='ocrx_word' id='word_1_784' title='bbox 2537 3863 2623 3933; x_wconf 76' lang='grc' dir='ltr'>μὴ</span> <span class='ocrx_word' id='word_1_785' title='bbox 2670 3863 2764 3917; x_wconf 76' lang='grc' dir='ltr'>καὶ</span> <span class='ocrx_word' id='word_1_786' title='bbox 2807 3861 2891 3916; x_wconf 87' lang='grc' dir='ltr'>σὺ</span> <span class='ocrx_word' id='word_1_787' title='bbox 2933 3859 3284 3930; x_wconf 71' lang='grc' dir='ltr'>πειρασθῇς.</span> <span class='ocrx_word' id='word_1_788' title='bbox 3349 3860 3461 3911; x_wconf 75' lang='grc' dir='ltr'>Οὐκ</span> <span class='ocrx_word' id='word_1_789' title='bbox 3509 3854 3650 3919; x_wconf 82' lang='grc' dir='ltr'>εἷπε,</span> 
     </span>
    </p>
   </div>
   <div class='ocr_carea' id='block_1_110' title="bbox 2075 3945 3650 4026">
    <p class='ocr_par' dir='ltr' id='par_1_110' title="bbox 2075 3945 3650 4026">
     <span class='ocr_line' id='line_1_110' title="bbox 2075 3945 3650 4026; baseline -0.01 -13"><span class='ocrx_word' id='word_1_790' title='bbox 2075 3965 2298 4026; x_wconf 79' lang='grc' dir='ltr'>Πάντως</span> <span class='ocrx_word' id='word_1_791' title='bbox 2329 3957 2436 4026; x_wconf 81' lang='grc' dir='ltr'>γὰρ</span> <span class='ocrx_word' id='word_1_792' title='bbox 2466 3957 2557 4008; x_wconf 77' lang='grc' dir='ltr'>καὶ</span> <span class='ocrx_word' id='word_1_793' title='bbox 2587 3957 2650 4006; x_wconf 68' lang='grc' dir='ltr'>σ)</span> <span class='ocrx_word' id='word_1_794' title='bbox 2693 3953 3008 4022; x_wconf 79' lang='grc' dir='ltr'>ἁμαρτήσῃ,</span> <span class='ocrx_word' id='word_1_795' title='bbox 3039 3949 3125 4002; x_wconf 85' lang='grc' dir='ltr'>ἴνα</span> <span class='ocrx_word' id='word_1_796' title='bbox 3152 3949 3226 4019; x_wconf 86' lang='grc' dir='ltr'>μὴ</span> <span class='ocrx_word' id='word_1_797' title='bbox 3253 3945 3650 4016; x_wconf 85' lang='grc' dir='ltr'>φορτικώτερον</span> 
     </span>
    </p>
   </div>
   <div class='ocr_carea' id='block_1_111' title="bbox 2082 4033 3654 4116">
    <p class='ocr_par' dir='ltr' id='par_1_111' title="bbox 2082 4033 3654 4116">
     <span class='ocr_line' id='line_1_111' title="bbox 2082 4033 3654 4116; baseline -0.009 -18"><span class='ocrx_word' id='word_1_798' title='bbox 2082 4046 2284 4116; x_wconf 82' lang='grc' dir='ltr'>ποιήσῃ</span> <span class='ocrx_word' id='word_1_799' title='bbox 2306 4044 2394 4096; x_wconf 85' lang='grc' dir='ltr'>τὸν</span> <span class='ocrx_word' id='word_1_800' title='bbox 2423 4043 2578 4110; x_wconf 84' lang='grc' dir='ltr'>λόγον</span> <span class='ocrx_word' id='word_1_801' title='bbox 2601 4055 2615 4070; x_wconf 91' lang='grc'><strong>·</strong></span> <span class='ocrx_word' id='word_1_802' title='bbox 2644 4039 2780 4092; x_wconf 75' lang='grc' dir='ltr'>ἀλλὰ</span> <span class='ocrx_word' id='word_1_803' title='bbox 2820 4039 2964 4102; x_wconf 81' lang='grc' dir='ltr'>πῶς;</span> <span class='ocrx_word' id='word_1_804' title='bbox 2993 4041 3050 4091; x_wconf 83' lang='grc' dir='ltr'><em>Μ</em></span> <span class='ocrx_word' id='word_1_805' title='bbox 3058 4035 3090 4102; x_wconf 68' lang='grc' dir='ltr'><strong><em>ἠ</em></strong></span> <span class='ocrx_word' id='word_1_806' title='bbox 3123 4053 3248 4088; x_wconf 82' lang='grc' dir='ltr'>ποτε</span> <span class='ocrx_word' id='word_1_807' title='bbox 3278 4035 3375 4088; x_wconf 75' lang='grc' dir='ltr'>καὶ</span> <span class='ocrx_word' id='word_1_808' title='bbox 3415 4033 3496 4088; x_wconf 83' lang='grc' dir='ltr'>σὺ</span> <span class='ocrx_word' id='word_1_809' title='bbox 3533 4047 3654 4085; x_wconf 81' lang='grc' dir='ltr'>πει-</span> 
     </span>
    </p>
   </div>
   <div class='ocr_carea' id='block_1_112' title="bbox 2073 4122 3651 4202">
    <p class='ocr_par' dir='ltr' id='par_1_112' title="bbox 2073 4122 3651 4202">
     <span class='ocr_line' id='line_1_112' title="bbox 2073 4122 3651 4202; baseline -0.009 -15"><span class='ocrx_word' id='word_1_810' title='bbox 2073 4131 2332 4202; x_wconf 76' lang='grc' dir='ltr'>ρασθῇς.</span> <span class='ocrx_word' id='word_1_811' title='bbox 2362 4131 2519 4190; x_wconf 83' lang='grc' dir='ltr'>Ἴσως</span> <span class='ocrx_word' id='word_1_812' title='bbox 2545 4127 2600 4178; x_wconf 77' lang='grc' dir='ltr'>δὲ</span> <span class='ocrx_word' id='word_1_813' title='bbox 2631 4127 2945 4197; x_wconf 81' lang='grc' dir='ltr'>ἁμαρτήσῃ,</span> <span class='ocrx_word' id='word_1_814' title='bbox 2969 4125 3100 4186; x_wconf 77' lang='grc' dir='ltr'>ἴσως</span> <span class='ocrx_word' id='word_1_815' title='bbox 3126 4125 3182 4176; x_wconf 79' lang='grc' dir='ltr'>δὲ</span> <span class='ocrx_word' id='word_1_816' title='bbox 3207 4123 3306 4193; x_wconf 78' lang='grc' dir='ltr'>οὐχ</span> <span class='ocrx_word' id='word_1_817' title='bbox 3337 4122 3651 4193; x_wconf 79' lang='grc' dir='ltr'>ἁμαρτήσῃ.</span> 
     </span>
    </p>
   </div>
   <div class='ocr_carea' id='block_1_113' title="bbox 2095 4207 3654 4286">
    <p class='ocr_par' dir='ltr' id='par_1_113' title="bbox 2095 4207 3654 4286">
     <span class='ocr_line' id='line_1_113' title="bbox 2095 4207 3654 4286; baseline -0.008 -14"><span class='ocrx_word' id='word_1_818' title='bbox 2095 4219 2248 4272; x_wconf 78' lang='grc' dir='ltr'>Ἐπεὶ</span> <span class='ocrx_word' id='word_1_819' title='bbox 2273 4214 2368 4271; x_wconf 74' lang='grc' dir='ltr'>οὖν</span> <span class='ocrx_word' id='word_1_820' title='bbox 2397 4215 2592 4286; x_wconf 79' lang='grc' dir='ltr'>ἄδηλον</span> <span class='ocrx_word' id='word_1_821' title='bbox 2621 4215 2680 4266; x_wconf 78' lang='grc' dir='ltr'>τὸ</span> <span class='ocrx_word' id='word_1_822' title='bbox 2717 4213 2907 4283; x_wconf 89' lang='grc' dir='ltr'>μέλλον</span> <span class='ocrx_word' id='word_1_823' title='bbox 2931 4251 2946 4275; x_wconf 94' lang='grc'>,</span> <span class='ocrx_word' id='word_1_824' title='bbox 2981 4211 3296 4283; x_wconf 79' lang='grc' dir='ltr'>προαπόθου</span> <span class='ocrx_word' id='word_1_825' title='bbox 3341 4226 3422 4262; x_wconf 89' lang='grc' dir='ltr'>σοι</span> <span class='ocrx_word' id='word_1_826' title='bbox 3467 4207 3654 4276; x_wconf 61' lang='grc' dir='ltr'>φιλανα</span> 
     </span>
    </p>
   </div>
   <div class='ocr_carea' id='block_1_114' title="bbox 2083 4295 3654 4378">
    <p class='ocr_par' dir='ltr' id='par_1_114' title="bbox 2083 4295 3654 4378">
     <span class='ocr_line' id='line_1_114' title="bbox 2083 4295 3654 4378; baseline -0.011 -16"><span class='ocrx_word' id='word_1_827' title='bbox 2083 4307 2326 4378; x_wconf 85' lang='grc' dir='ltr'>θρωπίας</span> <span class='ocrx_word' id='word_1_828' title='bbox 2367 4303 2576 4375; x_wconf 75' lang='grc' dir='ltr'>ἔρανον,</span> <span class='ocrx_word' id='word_1_829' title='bbox 2625 4301 2691 4354; x_wconf 74' lang='grc' dir='ltr'>δι’</span> <span class='ocrx_word' id='word_1_830' title='bbox 2716 4295 2789 4354; x_wconf 82' lang='grc' dir='ltr'>ὧν</span> <span class='ocrx_word' id='word_1_831' title='bbox 2821 4302 2900 4362; x_wconf 83' lang='grc' dir='ltr'>είς</span> <span class='ocrx_word' id='word_1_832' title='bbox 2927 4300 3019 4352; x_wconf 79' lang='grc' dir='ltr'>τὸν</span> <span class='ocrx_word' id='word_1_833' title='bbox 3070 4298 3294 4369; x_wconf 86' lang='grc' dir='ltr'>πλησίον</span> <span class='ocrx_word' id='word_1_834' title='bbox 3350 4297 3542 4358; x_wconf 87' lang='grc' dir='ltr'>ποιεῖς,</span> <span class='ocrx_word' id='word_1_835' title='bbox 3587 4295 3654 4364; x_wconf 82' lang='grc' dir='ltr'>ήν</span> 
     </span>
    </p>
   </div>
   <div class='ocr_carea' id='block_1_115' title="bbox 2083 4382 3655 4463">
    <p class='ocr_par' dir='ltr' id='par_1_115' title="bbox 2083 4382 3655 4463">
     <span class='ocr_line' id='line_1_115' title="bbox 2083 4382 3655 4463; baseline -0.009 -15"><span class='ocrx_word' id='word_1_836' title='bbox 2083 4411 2212 4449; x_wconf 87' lang='grc' dir='ltr'>ποτε</span> <span class='ocrx_word' id='word_1_837' title='bbox 2263 4389 2698 4463; x_wconf 88' lang='grc' dir='ltr'>περιτραπείης,</span> <span class='ocrx_word' id='word_1_838' title='bbox 2753 4388 2950 4457; x_wconf 82' lang='grc' dir='ltr'>πολλὴν</span> <span class='ocrx_word' id='word_1_839' title='bbox 3009 4387 3261 4460; x_wconf 76' lang='grc' dir='ltr'>εὑρήσεις</span> <span class='ocrx_word' id='word_1_840' title='bbox 3323 4382 3655 4452; x_wconf 83' lang='grc' dir='ltr'>συγγνώμης</span> 
     </span>
    </p>
   </div>
   <div class='ocr_carea' id='block_1_116' title="bbox 2083 4468 3654 4552">
    <p class='ocr_par' dir='ltr' id='par_1_116' title="bbox 2083 4468 3654 4552">
     <span class='ocr_line' id='line_1_116' title="bbox 2083 4468 3654 4552; baseline -0.01 -17"><span class='ocrx_word' id='word_1_841' title='bbox 2083 4481 2366 4552; x_wconf 88' lang='grc' dir='ltr'>ἀποθήκην</span> <span class='ocrx_word' id='word_1_842' title='bbox 2405 4475 2796 4546; x_wconf 84' lang='grc' dir='ltr'>ἀποκειμένην.</span> <span class='ocrx_word' id='word_1_843' title='bbox 2839 4475 2952 4527; x_wconf 74' lang='grc' dir='ltr'>Οὐκ</span> <span class='ocrx_word' id='word_1_844' title='bbox 2979 4468 3122 4538; x_wconf 80' lang='grc' dir='ltr'>εἷπε,</span> <span class='ocrx_word' id='word_1_845' title='bbox 3159 4473 3248 4542; x_wconf 86' lang='grc' dir='ltr'>Μή</span> <span class='ocrx_word' id='word_1_846' title='bbox 3285 4488 3417 4524; x_wconf 89' lang='grc' dir='ltr'>ποτε</span> <span class='ocrx_word' id='word_1_847' title='bbox 3459 4472 3550 4522; x_wconf 69' lang='grc' dir='ltr'>καὶ⁵</span> <span class='ocrx_word' id='word_1_848' title='bbox 3587 4471 3654 4520; x_wconf 76' lang='grc' dir='ltr'>συ</span> 
     </span>
    </p>
   </div>
   <div class='ocr_carea' id='block_1_117' title="bbox 2085 4557 3654 4642">
    <p class='ocr_par' dir='ltr' id='par_1_117' title="bbox 2085 4557 3654 4642">
     <span class='ocr_line' id='line_1_117' title="bbox 2085 4557 3654 4642; baseline -0.011 -18"><span class='ocrx_word' id='word_1_849' title='bbox 2085 4571 2356 4642; x_wconf 73' lang='grc' dir='ltr'>ἁμάρτῃς,</span> <span class='ocrx_word' id='word_1_850' title='bbox 2391 4569 2464 4636; x_wconf 90' lang='grc' dir='ltr'>μή</span> <span class='ocrx_word' id='word_1_851' title='bbox 2491 4579 2624 4618; x_wconf 85' lang='grc' dir='ltr'>ποτε</span> <span class='ocrx_word' id='word_1_852' title='bbox 2653 4565 2746 4616; x_wconf 75' lang='grc' dir='ltr'>καὶ</span> <span class='ocrx_word' id='word_1_853' title='bbox 2773 4565 2836 4616; x_wconf 83' lang='grc' dir='ltr'>σὺ</span> <span class='ocrx_word' id='word_1_854' title='bbox 2863 4563 3033 4632; x_wconf 79' lang='grc' dir='ltr'>πέσῃς</span> <span class='ocrx_word' id='word_1_855' title='bbox 3051 4576 3062 4589; x_wconf 90' lang='grc'><strong>·</strong></span> <span class='ocrx_word' id='word_1_856' title='bbox 3087 4561 3388 4632; x_wconf 82' lang='grc' dir='ltr'>προσέχετε</span> <span class='ocrx_word' id='word_1_857' title='bbox 3411 4557 3654 4628; x_wconf 83' lang='grc' dir='ltr'>ἀκριϐῶς</span> 
     </span>
    </p>
   </div>
   <div class='ocr_carea' id='block_1_118' title="bbox 2085 4643 3656 4728">
    <p class='ocr_par' dir='ltr' id='par_1_118' title="bbox 2085 4643 3656 4728">
     <span class='ocr_line' id='line_1_118' title="bbox 2085 4643 3656 4728; baseline -0.011 -16"><span class='ocrx_word' id='word_1_858' title='bbox 2085 4661 2148 4728; x_wconf 84' lang='grc' dir='ltr'>τῇ</span> <span class='ocrx_word' id='word_1_859' title='bbox 2177 4657 2403 4726; x_wconf 78' lang='grc' dir='ltr'>δυνάμει</span> <span class='ocrx_word' id='word_1_860' title='bbox 2435 4652 2542 4706; x_wconf 87' lang='grc' dir='ltr'>τῶν</span> <span class='ocrx_word' id='word_1_861' title='bbox 2569 4652 2829 4722; x_wconf 76' lang='grc' dir='ltr'>ῥημάτων</span> <span class='ocrx_word' id='word_1_862' title='bbox 2850 4650 3029 4702; x_wconf 84' lang='grc' dir='ltr'>αὐτῶν</span> <span class='ocrx_word' id='word_1_863' title='bbox 3047 4665 3064 4680; x_wconf 75' lang='grc' dir='ltr'><strong><em>ο</em></strong></span> <span class='ocrx_word' id='word_1_864' title='bbox 3093 4648 3250 4709; x_wconf 72' lang='grc' dir='ltr'>ἀλλὰ,</span> <span class='ocrx_word' id='word_1_865' title='bbox 3281 4643 3376 4711; x_wconf 76' lang='grc' dir='ltr'>Μή</span> <span class='ocrx_word' id='word_1_866' title='bbox 3403 4661 3530 4698; x_wconf 86' lang='grc' dir='ltr'>ποτε</span> <span class='ocrx_word' id='word_1_867' title='bbox 3555 4643 3656 4696; x_wconf 71' lang='grc' dir='ltr'>καὶ</span> 
     </span>
    </p>
   </div>
   <div class='ocr_carea' id='block_1_119' title="bbox 2085 4731 3652 4812">
    <p class='ocr_par' dir='ltr' id='par_1_119' title="bbox 2085 4731 3652 4812">
     <span class='ocr_line' id='line_1_119' title="bbox 2085 4731 3652 4812; baseline -0.013 -12"><span class='ocrx_word' id='word_1_868' title='bbox 2085 4747 2165 4800; x_wconf 78' lang='grc' dir='ltr'>σὺ</span> <span class='ocrx_word' id='word_1_869' title='bbox 2191 4739 2542 4812; x_wconf 75' lang='grc' dir='ltr'>πειρασθῇς.</span> <span class='ocrx_word' id='word_1_870' title='bbox 2569 4737 2808 4800; x_wconf 79' lang='grc' dir='ltr'>Ἔδειξεν</span> <span class='ocrx_word' id='word_1_871' title='bbox 2829 4739 2910 4790; x_wconf 77' lang='grc' dir='ltr'>ὅτι</span> <span class='ocrx_word' id='word_1_872' title='bbox 2935 4736 3200 4806; x_wconf 82' lang='grc' dir='ltr'>πειρατὴν</span> <span class='ocrx_word' id='word_1_873' title='bbox 3223 4732 3418 4802; x_wconf 79' lang='grc' dir='ltr'>ἔχομεν</span> <span class='ocrx_word' id='word_1_874' title='bbox 3439 4731 3652 4801; x_wconf 80' lang='grc' dir='ltr'>ἐχθρόν·</span> 
     </span>
    </p>
   </div>
   <div class='ocr_carea' id='block_1_120' title="bbox 2084 4818 3654 4900">
    <p class='ocr_par' dir='ltr' id='par_1_120' title="bbox 2084 4818 3654 4900">
     <span class='ocr_line' id='line_1_120' title="bbox 2084 4818 3654 4900; baseline -0.011 -12"><span class='ocrx_word' id='word_1_875' title='bbox 2084 4839 2110 4889; x_wconf 82' lang='lat'>6</span> <span class='ocrx_word' id='word_1_876' title='bbox 2143 4835 2198 4886; x_wconf 84' lang='grc' dir='ltr'>δὲ</span> <span class='ocrx_word' id='word_1_877' title='bbox 2227 4828 2492 4900; x_wconf 84' lang='grc' dir='ltr'>πειρατὴς</span> <span class='ocrx_word' id='word_1_878' title='bbox 2519 4828 2618 4896; x_wconf 85' lang='grc' dir='ltr'>οὐχ</span> <span class='ocrx_word' id='word_1_879' title='bbox 2645 4825 3062 4896; x_wconf 83' lang='grc' dir='ltr'>ὡμολογημένον</span> <span class='ocrx_word' id='word_1_880' title='bbox 3103 4823 3201 4892; x_wconf 88' lang='grc' dir='ltr'>τῆς</span> <span class='ocrx_word' id='word_1_881' title='bbox 3239 4821 3538 4880; x_wconf 75' lang='grc' dir='ltr'>ἐπιθέσεως</span> <span class='ocrx_word' id='word_1_882' title='bbox 3563 4818 3654 4870; x_wconf 75' lang='grc' dir='ltr'>τὸν</span> 
     </span>
    </p>
   </div>
   <div class='ocr_carea' id='block_1_121' title="bbox 2086 4905 3653 4990">
    <p class='ocr_par' dir='ltr' id='par_1_121' title="bbox 2086 4905 3653 4990">
     <span class='ocr_line' id='line_1_121' title="bbox 2086 4905 3653 4990; baseline -0.013 -16"><span class='ocrx_word' id='word_1_883' title='bbox 2086 4921 2274 4990; x_wconf 78' lang='grc' dir='ltr'>καιρὸν</span> <span class='ocrx_word' id='word_1_884' title='bbox 2304 4921 2438 4988; x_wconf 69' lang='grc' dir='ltr'>ἔχει,</span> <span class='ocrx_word' id='word_1_885' title='bbox 2475 4915 2608 4968; x_wconf 86' lang='grc' dir='ltr'>ἀλλά</span> <span class='ocrx_word' id='word_1_886' title='bbox 2644 4913 2901 4975; x_wconf 74' lang='grc' dir='ltr'>πολλάκις</span> <span class='ocrx_word' id='word_1_887' title='bbox 2929 4913 3060 4980; x_wconf 87' lang='grc' dir='ltr'>ήμῖν</span> <span class='ocrx_word' id='word_1_888' title='bbox 3093 4912 3184 4962; x_wconf 78' lang='grc' dir='ltr'>καὶ</span> <span class='ocrx_word' id='word_1_889' title='bbox 3209 4907 3528 4960; x_wconf 85' lang='grc' dir='ltr'>καθεύδουσι</span> <span class='ocrx_word' id='word_1_890' title='bbox 3557 4905 3653 4958; x_wconf 79' lang='grc' dir='ltr'>καὶ</span> 
     </span>
    </p>
   </div>
   <div class='ocr_carea' id='block_1_122' title="bbox 2089 4995 3651 5084">
    <p class='ocr_par' dir='ltr' id='par_1_122' title="bbox 2089 4995 3651 5084">
     <span class='ocr_line' id='line_1_122' title="bbox 2089 4995 3651 5084; baseline -0.013 -19"><span class='ocrx_word' id='word_1_891' title='bbox 2089 5009 2420 5084; x_wconf 76' lang='grc' dir='ltr'>ρᾳθυμοῦσιν</span> <span class='ocrx_word' id='word_1_892' title='bbox 2447 5003 2778 5059; x_wconf 83' lang='grc' dir='ltr'>ἐπιτίθεται·</span> <span class='ocrx_word' id='word_1_893' title='bbox 2807 5001 2894 5054; x_wconf 77' lang='grc' dir='ltr'>διὰ</span> <span class='ocrx_word' id='word_1_894' title='bbox 2921 5001 3078 5052; x_wconf 83' lang='grc' dir='ltr'>τοῦτο</span> <span class='ocrx_word' id='word_1_895' title='bbox 3119 5001 3368 5059; x_wconf 75' lang='grc' dir='ltr'>κάκεῖνος</span> <span class='ocrx_word' id='word_1_896' title='bbox 3392 4998 3419 5048; x_wconf 87' lang='lat'>6</span> <span class='ocrx_word' id='word_1_897' title='bbox 3449 4995 3651 5065; x_wconf 83' lang='grc' dir='ltr'>προλη-</span> 
     </span>
    </p>
   </div>
   <div class='ocr_carea' id='block_1_123' title="bbox 2087 5081 3648 5173">
    <p class='ocr_par' dir='ltr' id='par_1_123' title="bbox 2087 5081 3648 5173">
     <span class='ocr_line' id='line_1_123' title="bbox 2087 5081 3648 5173; baseline -0.014 -18"><span class='ocrx_word' id='word_1_898' title='bbox 2087 5081 2238 5173; x_wconf 71' lang='grc' dir='ltr'>φθεὶς</span> <span class='ocrx_word' id='word_1_899' title='bbox 2269 5095 2597 5165; x_wconf 83' lang='grc' dir='ltr'>συγγνώμης</span> <span class='ocrx_word' id='word_1_900' title='bbox 2627 5091 2774 5155; x_wconf 76' lang='grc' dir='ltr'>ἄξιος</span> <span class='ocrx_word' id='word_1_901' title='bbox 2793 5127 2808 5154; x_wconf 92' lang='grc'>,</span> <span class='ocrx_word' id='word_1_902' title='bbox 2837 5087 3022 5158; x_wconf 76' lang='grc' dir='ltr'>ἐπειδὴ</span> <span class='ocrx_word' id='word_1_903' title='bbox 3050 5087 3154 5139; x_wconf 80' lang='grc' dir='ltr'>ὑπὸ</span> <span class='ocrx_word' id='word_1_904' title='bbox 3195 5081 3457 5154; x_wconf 74' lang='grc' dir='ltr'>πειρατοῦ</span> <span class='ocrx_word' id='word_1_905' title='bbox 3489 5081 3648 5136; x_wconf 80' lang='grc' dir='ltr'>ἑάλω.</span> 
     </span>
    </p>
   </div>
   <div class='ocr_carea' id='block_1_124' title="bbox 2087 5170 3645 5256">
    <p class='ocr_par' dir='ltr' id='par_1_124' title="bbox 2087 5170 3645 5256">
     <span class='ocr_line' id='line_1_124' title="bbox 2087 5170 3645 5256; baseline -0.013 -13"><span class='ocrx_word' id='word_1_906' title='bbox 2087 5170 2161 5242; x_wconf 73' lang='grc' dir='ltr'>Οὐ</span> <span class='ocrx_word' id='word_1_907' title='bbox 2195 5187 2301 5256; x_wconf 86' lang='grc' dir='ltr'>γὰρ</span> <span class='ocrx_word' id='word_1_908' title='bbox 2327 5182 2394 5256; x_wconf 86' lang='grc' dir='ltr'>ῆν</span> <span class='ocrx_word' id='word_1_909' title='bbox 2435 5179 2586 5252; x_wconf 77' lang='grc'>[690]</span> <span class='ocrx_word' id='word_1_910' title='bbox 2611 5177 2760 5248; x_wconf 82' lang='grc' dir='ltr'>αὐτῷ</span> <span class='ocrx_word' id='word_1_911' title='bbox 2785 5175 2997 5246; x_wconf 73' lang='grc' dir='ltr'>φανερὰ</span> <span class='ocrx_word' id='word_1_912' title='bbox 3025 5177 3057 5246; x_wconf 80' lang='grc' dir='ltr'>ἡ</span> <span class='ocrx_word' id='word_1_913' title='bbox 3091 5175 3260 5244; x_wconf 84' lang='grc' dir='ltr'>μάχη,</span> <span class='ocrx_word' id='word_1_914' title='bbox 3292 5173 3411 5225; x_wconf 75' lang='grc' dir='ltr'>οὐδὲ</span> <span class='ocrx_word' id='word_1_915' title='bbox 3443 5170 3645 5242; x_wconf 88' lang='grc' dir='ltr'>ώμολο-</span> 
     </span>
    </p>
   </div>
   <div class='ocr_carea' id='block_1_125' title="bbox 2085 5259 3656 5346">
    <p class='ocr_par' dir='ltr' id='par_1_125' title="bbox 2085 5259 3656 5346">
     <span class='ocr_line' id='line_1_125' title="bbox 2085 5259 3656 5346; baseline -0.011 -17"><span class='ocrx_word' id='word_1_916' title='bbox 2085 5277 2321 5346; x_wconf 86' lang='grc' dir='ltr'>γημένος</span> <span class='ocrx_word' id='word_1_917' title='bbox 2353 5275 2381 5324; x_wconf 88' lang='grc' dir='ltr'>ὁ</span> <span class='ocrx_word' id='word_1_918' title='bbox 2406 5269 2592 5342; x_wconf 81' lang='grc' dir='ltr'>καιρὸς</span> <span class='ocrx_word' id='word_1_919' title='bbox 2619 5267 2712 5320; x_wconf 90' lang='grc' dir='ltr'>τοῦ</span> <span class='ocrx_word' id='word_1_920' title='bbox 2749 5264 3005 5333; x_wconf 88' lang='grc' dir='ltr'>πολέμου,</span> <span class='ocrx_word' id='word_1_921' title='bbox 3043 5263 3179 5317; x_wconf 86' lang='grc' dir='ltr'>ἀλλά</span> <span class='ocrx_word' id='word_1_922' title='bbox 3214 5261 3497 5330; x_wconf 79' lang='grc' dir='ltr'>ἀγνοοῦντι</span> <span class='ocrx_word' id='word_1_923' title='bbox 3529 5259 3656 5313; x_wconf 76' lang='grc' dir='ltr'>έπέ-</span> 
     </span>
    </p>
   </div>
   <div class='ocr_carea' id='block_1_126' title="bbox 2089 5349 3654 5426">
    <p class='ocr_par' dir='ltr' id='par_1_126' title="bbox 2089 5349 3654 5426">
     <span class='ocr_line' id='line_1_126' title="bbox 2089 5349 3654 5426; baseline -0.01 -9"><span class='ocrx_word' id='word_1_924' title='bbox 2089 5365 2240 5424; x_wconf 82' lang='grc' dir='ltr'>θετο,</span> <span class='ocrx_word' id='word_1_925' title='bbox 2276 5363 2372 5416; x_wconf 75' lang='grc' dir='ltr'>καὶ</span> <span class='ocrx_word' id='word_1_926' title='bbox 2395 5359 2484 5413; x_wconf 78' lang='grc' dir='ltr'>διὰ</span> <span class='ocrx_word' id='word_1_927' title='bbox 2507 5355 2664 5411; x_wconf 81' lang='grc' dir='ltr'>τοῦτο</span> <span class='ocrx_word' id='word_1_928' title='bbox 2693 5355 3056 5426; x_wconf 86' lang='grc' dir='ltr'>περιεγένετο.</span> <span class='ocrx_word' id='word_1_929' title='bbox 3081 5351 3240 5406; x_wconf 74' lang='grc' dir='ltr'>Οὕτω</span> <span class='ocrx_word' id='word_1_930' title='bbox 3266 5351 3359 5404; x_wconf 76' lang='grc' dir='ltr'>καὶ</span> <span class='ocrx_word' id='word_1_931' title='bbox 3389 5354 3436 5403; x_wconf 79' lang='grc' dir='ltr'>οἰ</span> <span class='ocrx_word' id='word_1_932' title='bbox 3469 5349 3654 5403; x_wconf 79' lang='grc' dir='ltr'>πλέον·-</span> 
     </span>
    </p>
   </div>
   <div class='ocr_carea' id='block_1_127' title="bbox 2087 5435 3656 5520">
    <p class='ocr_par' dir='ltr' id='par_1_127' title="bbox 2087 5435 3656 5520">
     <span class='ocr_line' id='line_1_127' title="bbox 2087 5435 3656 5520; baseline -0.013 -15"><span class='ocrx_word' id='word_1_933' title='bbox 2087 5465 2178 5513; x_wconf 86' lang='grc' dir='ltr'>τες</span> <span class='ocrx_word' id='word_1_934' title='bbox 2207 5450 2305 5520; x_wconf 82' lang='grc' dir='ltr'>τὴν</span> <span class='ocrx_word' id='word_1_935' title='bbox 2340 5445 2607 5500; x_wconf 78' lang='grc' dir='ltr'>θάλατταν</span> <span class='ocrx_word' id='word_1_936' title='bbox 2632 5442 2731 5512; x_wconf 83' lang='grc' dir='ltr'>τὴν</span> <span class='ocrx_word' id='word_1_937' title='bbox 2764 5439 3002 5509; x_wconf 83' lang='grc' dir='ltr'>μεγάλην</span> <span class='ocrx_word' id='word_1_938' title='bbox 3031 5439 3233 5508; x_wconf 85' lang='grc' dir='ltr'>ταύτην</span> <span class='ocrx_word' id='word_1_939' title='bbox 3281 5437 3376 5488; x_wconf 57' lang='grc' dir='ltr'>καὶ</span> <span class='ocrx_word' id='word_1_940' title='bbox 3424 5435 3656 5505; x_wconf 63' lang='grc' dir='ltr'>εὐρύχω-</span> 
     </span>
    </p>
   </div>
   <div class='ocr_carea' id='block_1_128' title="bbox 2092 5521 3652 5610">
    <p class='ocr_par' dir='ltr' id='par_1_128' title="bbox 2092 5521 3652 5610">
     <span class='ocr_line' id='line_1_128' title="bbox 2092 5521 3652 5610; baseline -0.013 -20"><span class='ocrx_word' id='word_1_941' title='bbox 2092 5554 2182 5610; x_wconf 92' lang='grc' dir='ltr'>ρον</span> <span class='ocrx_word' id='word_1_942' title='bbox 2209 5531 2438 5587; x_wconf 87' lang='grc' dir='ltr'>ποιοῦσι.</span> <span class='ocrx_word' id='word_1_943' title='bbox 2455 5530 2573 5584; x_wconf 83' lang='grc' dir='ltr'>Κᾶν</span> <span class='ocrx_word' id='word_1_944' title='bbox 2599 5525 2857 5597; x_wconf 83' lang='grc' dir='ltr'>ἐξουρίων</span> <span class='ocrx_word' id='word_1_945' title='bbox 2880 5525 3061 5586; x_wconf 83' lang='grc' dir='ltr'>αὐτοῖς</span> <span class='ocrx_word' id='word_1_946' title='bbox 3085 5525 3317 5592; x_wconf 82' lang='grc' dir='ltr'>φέρηται</span> <span class='ocrx_word' id='word_1_947' title='bbox 3343 5521 3403 5574; x_wconf 77' lang='grc' dir='ltr'>τὸ</span> <span class='ocrx_word' id='word_1_948' title='bbox 3429 5521 3652 5586; x_wconf 75' lang='grc' dir='ltr'>σκάφος,</span> 
     </span>
    </p>
   </div>
   <div class='ocr_carea' id='block_1_129' title="bbox 2090 5603 3656 5684">
    <p class='ocr_par' dir='ltr' id='par_1_129' title="bbox 2090 5603 3656 5684">
     <span class='ocr_line' id='line_1_129' title="bbox 2090 5603 3656 5684; baseline -0.015 -9"><span class='ocrx_word' id='word_1_949' title='bbox 2090 5603 2192 5676; x_wconf 73' lang='grc' dir='ltr'>κᾶν</span> <span class='ocrx_word' id='word_1_950' title='bbox 2235 5615 2414 5684; x_wconf 83' lang='grc' dir='ltr'>πάσης</span> <span class='ocrx_word' id='word_1_951' title='bbox 2445 5610 2786 5666; x_wconf 83' lang='grc' dir='ltr'>ἀπολαύωσιν</span> <span class='ocrx_word' id='word_1_952' title='bbox 2813 5607 3130 5675; x_wconf 85' lang='grc' dir='ltr'>ἀσφαλείας,</span> <span class='ocrx_word' id='word_1_953' title='bbox 3163 5605 3312 5659; x_wconf 74' lang='grc' dir='ltr'>ἴδωσι</span> <span class='ocrx_word' id='word_1_954' title='bbox 3341 5605 3398 5657; x_wconf 82' lang='grc' dir='ltr'>δὲ</span> <span class='ocrx_word' id='word_1_955' title='bbox 3441 5603 3656 5673; x_wconf 75' lang='grc' dir='ltr'>πόρρω-</span> 
     </span>
    </p>
   </div>
   <div class='ocr_carea' id='block_1_130' title="bbox 2091 5690 3656 5770">
    <p class='ocr_par' dir='ltr' id='par_1_130' title="bbox 2091 5690 3656 5770">
     <span class='ocr_line' id='line_1_130' title="bbox 2091 5690 3656 5770; baseline -0.02 -12"><span class='ocrx_word' id='word_1_956' title='bbox 2091 5705 2182 5760; x_wconf 90' lang='grc' dir='ltr'>θεν</span> <span class='ocrx_word' id='word_1_957' title='bbox 2207 5701 2618 5770; x_wconf 87' lang='grc' dir='ltr'>ναυαγήσαντας</span> <span class='ocrx_word' id='word_1_958' title='bbox 2649 5695 2865 5765; x_wconf 80' lang='grc' dir='ltr'>ἐτέρους</span> <span class='ocrx_word' id='word_1_959' title='bbox 2887 5735 2902 5758; x_wconf 91' lang='grc'>,</span> <span class='ocrx_word' id='word_1_960' title='bbox 2934 5693 2994 5744; x_wconf 82' lang='grc' dir='ltr'>ού</span> <span class='ocrx_word' id='word_1_961' title='bbox 3031 5692 3164 5764; x_wconf 79' lang='grc' dir='ltr'>πρὸς</span> <span class='ocrx_word' id='word_1_962' title='bbox 3191 5693 3288 5764; x_wconf 81' lang='grc' dir='ltr'>τὴν</span> <span class='ocrx_word' id='word_1_963' title='bbox 3332 5692 3538 5745; x_wconf 72' lang='grc' dir='ltr'>οἰκείαν</span> <span class='ocrx_word' id='word_1_964' title='bbox 3569 5690 3656 5742; x_wconf 64' lang='grc' dir='ltr'>εὖ-</span> 
     </span>
    </p>
   </div>
  </div>
