4146 6260
394 359 503 412 4221

406 472 663 527 firment:
697 480 753 526 et
777 471 840 525 iis
865 471 953 540 qui
983 470 1292 535 abfucrunt,
1318 483 1422 522 non
1450 476 1555 521 tam
1580 467 1896 520 damnosum
1922 467 1991 519 sit

400 563 662 628 abfuisse,
682 563 724 617 si
747 572 801 618 et
822 563 950 631 ipsis
976 564 1270 617 innotescat
1297 560 1538 615 doctrina
1561 559 1763 628 pridem
1794 556 1991 611 habita.

411 653 477 707 Et
504 651 745 707 fortassis
783 653 963 707 dicent
991 652 1078 723 qui
1112 668 1323 722 semper
1354 659 1476 705 sunt
1513 658 1805 721 prmsentes
1825 690 1840 713 ,
1871 665 1994 718 pro-

412 753 529 813 pter
557 743 674 798 illos
702 758 870 813 nuper
894 742 1035 798 dicta
1066 759 1170 796 non
1199 756 1321 797 esse
1346 740 1663 796 resumenda
1689 779 1705 805 ,
1743 749 1800 792 ut
1839 739 1871 793 ii
1907 738 1995 807 qui

410 850 529 888 cum
553 835 669 890 aliis
689 836 975 891 convenire
998 843 1454 904 contempserunt,
1477 834 1576 888 hoc
1599 834 1793 887 damno
1814 846 1997 887 emen-

411 924 625 988 dentur,
657 935 709 980 et
738 925 867 980 fiant
896 924 1114 995 posthac
1140 924 1526 995 diligentiores.

483 1017 635 1073 Zelus
671 1016 1023 1087 temperandus
1050 1016 1412 1071 misericordia.
1442 1040 1512 1056 --
1562 1014 1815 1083 Equidem
1873 1014 1990 1067 lau-

412 1106 502 1167 do,
529 1106 669 1175 quod
712 1107 935 1161 fratrum
981 1106 1174 1162 doletis
1215 1107 1500 1175 ignaviam,
1532 1116 1585 1159 et
1614 1104 1852 1158 admiror
1900 1120 1991 1159 ze-

415 1196 522 1249 lum
555 1215 568 1252 :
602 1198 796 1253 vellem
825 1207 1001 1252 autem
1030 1213 1125 1252 vos
1145 1200 1314 1252 zelum
1341 1197 1481 1251 hunc
1512 1205 1811 1266 temperare
1840 1197 2000 1250 mise-

412 1288 663 1343 ricordia.
694 1289 848 1345 Zelus
873 1291 1013 1344 cnim
1054 1291 1261 1345 veniam
1288 1303 1506 1360 negans,
1539 1289 1716 1358 potius
1747 1287 1895 1342 furor
1918 1296 2002 1341 est

413 1392 571 1447 quam
602 1381 767 1444 zelus,
794 1390 851 1435 et
877 1381 1189 1445 admonitio,
1228 1382 1445 1436 leuitate
1483 1380 1731 1434 destituta
1752 1421 1767 1445 ,
1804 1379 2000 1433 invidia

413 1470 654 1537 quaedam
682 1480 782 1526 est.
811 1472 1144 1543 Quapropter
1169 1473 1336 1543 magis
1363 1486 1457 1525 vos
1484 1471 1730 1535 obsecro,
1762 1487 1827 1524 ne
1855 1486 2003 1525 ama-

427 1576 483 1614 re
510 1560 575 1615 de
600 1564 960 1631 proximorum
982 1563 1231 1632 judicelis
1284 1564 1535 1633 peccatis.
1582 1561 1713 1617 Nam
1770 1561 1909 1616 sicut
1957 1562 2001 1617 is

412 1655 501 1721 qui
527 1655 729 1725 absque
770 1657 1233 1711 commiseratione
1254 1656 1470 1710 vulnera
1500 1654 1721 1709 fratrum
1753 1661 1957 1724 spectat
1982 1694 1996 1717 ,

416 1745 615 1798 nnllnm
650 1747 883 1801 inveniet
925 1747 1015 1817 qui
1056 1762 1115 1802 se
1151 1747 1401 1816 dignetur
1426 1746 1602 1808 venia,
1632 1744 1676 1799 si
1704 1744 1918 1813 quando
1946 1753 2001 1797 et

415 1835 528 1904 ipse
548 1838 845 1905 peccaverit
878 1856 890 1890 :
921 1838 989 1891 ita
1034 1838 1121 1906 qui
1169 1852 1291 1891 cum
1336 1834 1699 1891 misericordia
1740 1834 1808 1888 de
1849 1834 2000 1901 lapsu

415 1927 639 1995 proximi
666 1928 888 1997 judicat,
916 1928 960 1983 si
982 1929 1195 1998 quando
1215 1939 1269 1984 et
1290 1930 1403 1998 ipse
1429 1928 1793 1997 supplantatus
1824 1927 1998 1990 fuerit,

414 2018 608 2074 multos
634 2021 828 2074 videbit
857 2036 1070 2075 manum
1104 2021 1456 2089 porrigentes.
1508 2020 1573 2072 Et
1600 2017 1711 2071 [nec
1738 2032 1877 2071 nunc
1916 2016 2001 2072 di-

408 2126 477 2165 co
499 2152 514 2177 ,
546 2128 650 2166 non
674 2113 813 2181 quod
846 2112 1004 2165 velim
1034 2127 1218 2165 eorum
1258 2110 1350 2180 qui
1376 2125 1499 2165 raro
1544 2110 1647 2164 huc
1680 2108 2003 2163 conveniunt

413 2204 787 2272 migligentiam
816 2204 1021 2272 augeri,
1054 2201 1147 2256 sed
1177 2202 1317 2271 quod
1361 2202 1619 2270 majorem
1672 2216 1854 2255 curam
1901 2215 2001 2254 no-

413 2307 576 2348 stram
603 2310 725 2363 erga
757 2295 877 2348 illos
902 2294 1135 2363 cupiam,
1157 2294 1225 2347 ita
1254 2304 1308 2347 ut
1338 2309 1459 2348 cum
1486 2294 1695 2348 ratione
1723 2302 1777 2347 et
1806 2293 2002 2347 amoris

412 2384 606 2439 atii-ctu
633 2394 864 2452 geratur.
922 2384 1168 2453 Aiioquin
1208 2394 1262 2439 et
1306 2399 1404 2438 nos
1425 2385 1787 2453 superioribus
1810 2384 1998 2437 diebus

411 2475 611 2529 multos
636 2484 689 2529 et
721 2475 906 2545 longos
930 2491 1207 2530 sermones
1236 2475 1515 2530 adversum
1541 2476 1656 2529 illos
1687 2476 1997 2546 prennntia-

413 2567 605 2627 vimus,
638 2575 691 2621 et
736 2583 906 2636 neque
938 2566 1204 2621 hominum
1238 2568 1453 2622 nomine
1495 2567 1684 2636 dignos
1725 2567 1952 2621 diximus
1981 2582 1996 2621 :

412 2657 553 2711 sicut
583 2658 901 2712 meministis
929 2657 1003 2730 (α)
1032 2674 1130 2712 nos
1155 2658 1204 2712 in
1238 2659 1337 2713 hoc
1363 2658 1681 2728 produxisse
1714 2658 1998 2729 prophetas

402 2746 544 2801 duos
594 2747 887 2818 praicipuos
932 2758 1119 2804 contra
1172 2749 1290 2803 illos
1321 2768 1335 2802 :
1365 2764 1597 2820 quorum
1646 2765 1783 2803 unus
1829 2749 1997 2805 dicit:

423 2836 546 2891 Veni
570 2879 583 2898 ,
617 2849 662 2891 et
688 2856 789 2892 non
812 2851 919 2893 erat
945 2842 1095 2895 homo
1128 2856 1147 2895 :
1176 2841 1365 2903 vocavi,
1391 2852 1438 2895 et
1469 2857 1570 2894 non
1596 2851 1702 2895 erat
1730 2842 1817 2910 qni
1844 2840 1997 2893 andi-

410 2939 483 2980 ret
512 2927 665 2999 (Isai.
692 2929 781 2984 50.
822 2930 912 2998 9);
944 2931 1079 2983 alius
1118 2940 1294 2985 autem
1336 2932 1568 2993 clamat,
1601 2939 1656 2986 ct
1699 2932 1829 2984 dicit
1858 2948 1870 2984 :
1904 2929 1998 2985 Cui

406 3021 590 3086 loquar
618 3029 667 3073 et
717 3022 1067 3089 testiﬁcabor?
1122 3020 1501 3074 lnrircttmcisaz
1544 3037 1693 3073 aures
1728 3036 1925 3085 eorum,
1952 3029 1998 3072 et

410 3126 510 3163 non
529 3124 736 3179 possunt
763 3113 943 3167 audire
972 3112 1178 3175 (lenti.
1208 3113 1315 3181 10).
1339 3112 1540 3180 Quibus
1563 3113 1738 3168 verbis
1762 3123 1995 3168 mentem

407 3218 594 3256 eorum
623 3205 752 3259 satis
777 3206 979 3260 acriter
1006 3206 1429 3275 perstrinximus.
1474 3205 1623 3260 Nilne
1647 3222 1776 3259 vero
1807 3207 1996 3260 iterum

410 3294 757 3349 obsecramus
787 3313 799 3348 :
842 3297 920 3350 sic
957 3297 1098 3351 enim
1127 3306 1181 3351 et
1220 3297 1414 3350 Paulus
1440 3295 1599 3364 jussit
1633 3314 1644 3348 :
1678 3298 1844 3367 Argue
1865 3338 1878 3361 ,
1914 3297 1995 3350 in-

405 3384 541 3453 quit,
566 3387 792 3454 increpa,
811 3387 1015 3441 obsecra
1050 3388 1124 3458 (2.
1152 3387 1283 3441 Tim.
1310 3389 1363 3442 4.
1399 3388 1479 3458 2).
1512 3387 1694 3458 Neque
1721 3390 1861 3442 enim
1896 3389 1996 3444 hoc

404 3491 622 3545 semper
646 3478 818 3532 solum
858 3494 1018 3548 agere
1042 3489 1274 3548 oportet,
1310 3495 1480 3550 neque
1507 3495 1720 3549 semper
1751 3481 1875 3535 illud
1900 3497 1991 3534 so—

409 3567 513 3620 lum
542 3585 554 3619 :
579 3568 670 3621 sed
694 3579 974 3640 utrumque
998 3570 1218 3625 alternis
1243 3571 1479 3634 vicibus,
1526 3587 1632 3639 quo
1677 3572 1848 3640 major
1874 3573 1994 3629 inde

406 3670 661 3730 sequatur
685 3663 899 3717 utilitas.
938 3664 1069 3718 Nam
1098 3665 1141 3717 si
1168 3679 1381 3733 semper
1409 3679 1783 3732 argueremus,
1816 3664 1994 3733 impu-

405 3752 676 3808 dentiores
718 3755 790 3807 illi
832 3755 1107 3808 tierentzsi
1134 3770 1346 3823 semper
1385 3754 1817 3820 obsecraremus,
1848 3756 1992 3823 igna-

409 3845 583 3900 viores
612 3846 981 3899 rcddercntnr.
1020 3846 1358 3914 Quapropter
1385 3854 1441 3899 et
1471 3846 1663 3899 medici
1694 3862 1797 3899 non
1820 3847 1991 3901 solum

407 3945 610 3997 secant,
643 3936 739 3988 scd
773 3945 825 3989 et
847 3936 1063 3989 vulnera
1091 3935 1322 4003 obligant
1350 3952 1362 3986 :
1397 3950 1569 4002 neque
1604 3952 1815 4004 semper
1841 3950 1991 3989 ama-

404 4042 485 4092 ra,
507 4027 598 4079 sed
624 4044 1021 4096 nonnumquam
1041 4027 1201 4080 etiam
1220 4027 1355 4080 leuia
1372 4029 1652 4096 pharmace
1676 4028 1987 4084 infundunt:

408 4130 465 4172 ut
497 4135 590 4187 per
613 4121 785 4187 priora
815 4121 902 4174 illa
937 4122 1283 4189 purifieenlur
1306 4122 1488 4174 sanies
1513 4131 1567 4176 et
1609 4122 1830 4191 putredo
1849 4165 1864 4190 ,
1897 4139 1992 4192 per

406 4212 699 4279 posteriora
740 4220 920 4267 autem
958 4211 1227 4281 mitigetur
1254 4211 1462 4266 inustus
1485 4212 1553 4266 ab
1581 4212 1682 4265 illis
1717 4212 1888 4266 dolor.
1922 4213 1989 4268 Et

406 4300 604 4356 idcirco
630 4302 751 4356 alibi
772 4317 985 4374 quoque
1008 4302 1177 4372 inquit
1210 4301 1403 4359 Paulus
1435 4319 1449 4355 :
1481 4302 1711 4369 Fratres,
1734 4305 1777 4355 si
1799 4320 1989 4371 prtroc-

403 4404 615 4459 cupatus
645 4393 797 4461 fuerit
822 4394 970 4446 homo
992 4394 1045 4446 in
1074 4393 1246 4460 aliqua
1275 4394 1475 4455 delicto,
1507 4411 1595 4448 vos
1635 4395 1721 4461 qui
1740 4396 1983 4463 spiritua-

403 4480 477 4533 les
497 4482 633 4546 estis,
662 4484 898 4551 corripite
923 4484 1091 4547 illum,
1118 4482 1444 4537 considerans
1466 4485 1821 4554 temetipsum,
1853 4503 1916 4541 ne
1939 4496 1988 4541 et

402 4579 456 4622 tu
478 4574 673 4625 (emeris
694 4572 887 4643 (Gulat.
912 4574 966 4628 6.
1000 4574 1078 4643 1).
1111 4574 1325 4643 Optima
1348 4576 1661 4641 admonitio,
1695 4578 1983 4646 perfectum

402 4661 719 4724 consilium,
744 4662 881 4731 quod
910 4671 1128 4731 paterna
1152 4665 1354 4718 viscera
1381 4664 1615 4719 declarat
1634 4706 1648 4730 ,
1678 4676 1731 4720 et
1759 4669 1876 4735 ejus
1894 4669 1983 4736 qui

403 4767 647 4823 magnam
676 4754 840 4807 nostri
867 4770 1045 4808 curam
1068 4764 1223 4825 gert.
1259 4754 1394 4810 Vere
1422 4757 1612 4825 lingua:
1635 4757 1779 4811 Pauli
1804 4760 1983 4826 verba,

402 4844 612 4899 fratres.
644 4846 784 4900 Satis
813 4847 1011 4900 eximio
1040 4847 1255 4901 nomine
1281 4847 1595 4902 benevolum
1632 4849 1856 4903 reddidit
1888 4866 1983 4904 au-

399 4937 627 4991 ditorem
668 4939 859 5008 :quasi
924 4938 1205 4993 dicturus:
1234 4938 1482 5007 Ejusdem
1531 4940 1666 4993 uteri
1718 4952 1869 5009 partu
1930 4952 1984 4995 et

399 5029 675 5084 doloribus
703 5041 994 5099 prognatus
1018 5046 1097 5094 es,
1116 5030 1361 5085 eumdem
1390 5030 1614 5085 habuisti
1643 5046 1870 5102 patrem,
1891 5035 1983 5089 iis-

398 5119 519 5173 dem
545 5120 812 5175 alimentis
836 5120 1090 5175 educatus
1112 5136 1190 5183 es,
1218 5123 1619 5176 communica.in
1672 5126 1717 5177 ei
1749 5124 1798 5176 in
1830 5135 1983 5193 partu

400 5211 692 5279 spirituali;
725 5213 1093 5281 cognationem
1115 5220 1167 5265 ct
1195 5212 1577 5268 fraternitatem
1603 5214 1736 5268 hanc
1756 5216 1983 5270 etiamin

400 5304 727 5373 corrigendis
752 5305 975 5373 proximi
1005 5305 1194 5358 erratis
1218 5303 1455 5360 declara.
1508 5306 1570 5359 Si
1595 5317 1978 5375 prwoccupatus

401 5395 570 5459 fuerit.
600 5394 714 5448 Non
744 5396 898 5458 dixit,
928 5395 982 5449 Si
1011 5404 1211 5464 peccet,
1241 5396 1333 5449 sed
1354 5395 1419 5449 ad
1436 5412 1603 5465 genus
1631 5396 1829 5465 peccati
1856 5411 1985 5450 con-

404 5485 531 5554 fugit
552 5527 566 5548 ,
590 5486 729 5555 quod
759 5486 1012 5555 majorem
1044 5496 1278 5540 meretur
1302 5487 1533 5543 veniam.
1563 5486 1622 5542 Si
1654 5504 1982 5558 prtcoccupa-

404 5583 481 5625 tus
509 5577 661 5643 fuerit
691 5592 707 5630 :
744 5576 844 5630 hoc
866 5586 970 5643 est,
1003 5578 1045 5631 si
1077 5577 1307 5645 graviter
1336 5586 1567 5631 tentatus
1608 5578 1979 5643 succubuerit,

454 5707 535 5776 _(n)
566 5712 647 5759 ltie
669 5710 865 5760 demtat
882 5724 1157 5776 sermonem
1176 5713 1223 5761 in
1265 5712 1399 5769 illud,
1426 5711 1595 5761 Sardus
1607 5712 1774 5776 adhuc
1795 5711 1985 5776 spirans

395 5773 567 5832 minas,
592 5780 707 5833 etc...
730 5776 811 5834 qui
831 5781 905 5821 cst
925 5775 1105 5835 primus
1126 5773 1189 5822 de
1212 5776 1466 5823 nutatione
1491 5775 1753 5824 nominum.

1606 354 1678 408 *ΙΝ
1719 350 2012 408 GENESIM
2051 352 2280 409 SERMO
2313 352 2400 407 IX.

3586 356 3688 409 ϐἳὲ

2103 468 2147 521 si
2177 467 2451 531 erraverit,
2478 482 2648 538 neque
2668 483 2789 523 eum
2812 472 2900 540 qui
2937 470 3113 525 dedita
3147 485 3306 541 Opera
3341 473 3575 537 peccavit
3600 474 3687 525 di-

2102 560 2193 625 cit,
2221 560 2313 612 sed
2354 574 2475 613 eum
2516 561 2602 630 qui
2653 561 2854 615 studuit
2903 563 3041 617 bene
3089 578 3273 631 agere,
3319 565 3686 631 supptantatns

2105 659 2280 704 tamen
2308 659 2443 704 esta
2476 660 2736 719 potestate
2780 653 3037 707 diabolica
3065 667 3118 709 et
3161 656 3348 708 victus.
3393 655 3522 709 Nam
3566 658 3686 707 talis

2106 754 2213 795 non
2254 750 2361 794 tam
2418 743 2810 797 accusationem
2856 759 3012 813 quam
3065 746 3272 798 veniam
3319 756 3572 800 meretur.
3627 747 3687 800 Si

2107 844 2489 903 praeoccupatus
2515 836 2669 905 fuerit
2717 835 2886 888 homo.
2945 835 3139 890 lterum
3191 836 3256 889 ad
3304 838 3463 890 aliam
3517 839 3684 891 venia:

2104 924 2338 992 speciem
2360 924 2616 995 confugit,
2648 941 2839 994 nempe
2867 936 3068 979 natura:
3098 927 3458 981 infirmiuuem
3482 968 3497 992 ,
3526 943 3687 998 quam

2106 1016 2322 1070 nomine
2344 1014 2577 1071 hominis
2597 1017 2851 1071 insinuat.
2885 1017 3036 1071 Sicut
3071 1018 3228 1087 igitur
3262 1026 3317 1072 et
3342 1033 3563 1087 magnus
3590 1018 3692 1073 Job

2108 1105 2316 1159 veniam
2365 1120 2395 1159 a
2448 1106 2557 1160 Deo
2613 1107 2899 1176 impetrare
2949 1108 3153 1169 volens,
3181 1107 3391 1162 dicebat
3420 1108 3599 1175 {Quid
3617 1119 3691 1162 est

2106 1200 2255 1253 homo
2299 1199 2433 1269 quod
2476 1209 2677 1268 reputas
2722 1217 2871 1263 eum,
2900 1210 2947 1252 et
2993 1201 3323 1254 visitationem
3364 1212 3681 1270 peccatorum

2106 1294 2215 1362 ejus
2244 1292 2405 1361 fecisti
2434 1290 2573 1361 (Job.
2602 1293 2654 1346 7.
2684 1292 2803 1356 i7)?
2835 1292 2909 1345 sic
2938 1299 2993 1346 et
3018 1305 3119 1345 nos
3159 1291 3411 1345 faciamus
3430 1334 3446 1357 ,
3477 1294 3690 1362 quando

2106 1396 2226 1437 cum
2256 1391 2531 1451 peccatore
2557 1382 2734 1450 aliquo
2752 1382 3137 1450 expostulatur,
3152 1382 3404 1436 continue
3423 1382 3713 1441 dicamus.‘

2108 1472 2279 1526 Homo
2299 1480 2379 1526 est
2412 1489 2427 1525 :
2454 1481 2507 1527 et
2538 1480 2742 1525 natura:
2772 1470 3145 1525 recordatione
3177 1471 3242 1524 ad
3272 1471 3692 1525 misericordiam

2106 1562 2470 1632 indignantem
2504 1577 2875 1631 provocemus.
2920 1561 2989 1615 Et
3013 1576 3075 1615 ea
3107 1560 3175 1615 de
3203 1575 3360 1614 causa
3406 1560 3600 1614 Paulus
3627 1560 3692 1614 ad

2106 1664 2346 1710 naturam
2375 1658 2428 1705 et
2452 1653 2569 1722 ejus
2607 1653 2962 1707 infirmitatem
2990 1652 3257 1722 confugit,
3280 1666 3400 1708 cum
3430 1652 3563 1706 dixit
3588 1667 3601 1704 :
3632 1651 3694 1705 Si

2107 1755 2155 1799 et
2203 1755 2588 1815 pratoccnpatus
2630 1745 2781 1815 fuerit
2818 1746 2966 1797 homo
3012 1744 3066 1796 in
3093 1743 3265 1813 aliqua
3312 1742 3519 1796 delicto.
3577 1740 3693 1795 Non

2106 1834 2423 1904 simpliciter
2464 1848 2651 1903 magna
2681 1842 2897 1903 peccata
2929 1832 3088 1896 dicit,
3122 1847 3241 1901 qua:
3283 1831 3485 1901 majora
3533 1846 3693 1901 quam

2108 1936 2165 1983 ut
2205 1929 2410 1982 veniam
2458 1936 2514 1981 et
2562 1925 2982 1980 misericordiam
3028 1924 3221 1979 mereri
3266 1923 3568 1987 videantur,
3596 1923 3691 1977 sed

2108 2035 2266 2089 parva
2295 2028 2350 2073 et
2376 2018 2605 2087 abjeeta.
2670 2016 2768 2071 Vos
2794 2017 2881 2086 qui
2909 2015 3217 2085 spirituales.
3247 2013 3298 2068 is
3338 2014 3429 2084 qui
3470 2021 3653 2083 peccat
3675 2052 3690 2074 ,

2108 2112 2305 2176 homo;
2332 2111 2419 2181 qui
2451 2125 2580 2164 vero
2602 2110 2739 2164 bene
2768 2115 3076 2179 operantur,
3104 2104 3404 2175 spirituales
3424 2103 3692 2159 dicuntur.

2110 2205 2205 2258 llic
2248 2202 2459 2258 virtutis
2498 2201 2813 2256 vocabulum
2854 2199 3062 2271 posuit,
3107 2199 3216 2254 illic
3255 2207 3457 2253 natura:
3500 2182 3694 2252 uomet!

2107 2297 2266 2350 dixit.

2179 2387 2478 2458 Spiritmtlis
2532 2387 2682 2439 homo
2727 2386 2856 2453 quis.
2898 2412 2969 2424 —
3005 2382 3227 2437 Multum
3283 2390 3459 2435 autem
3516 2378 3692 2434 diﬂ'ert

2107 2478 2285 2539 homo,
2318 2488 2371 2532 et
2396 2478 2706 2547 spiritualis.
2747 2475 2846 2529 Vos
2868 2476 2953 2544 qui
2975 2474 3286 2543 spirituum.
3319 2472 3375 2527 Si
3406 2471 3695 2540 spiritualis

2105 2588 2183 2637 es,
2212 2571 2433 2626 ostende
2459 2571 2586 2625 mihi
2611 2572 2856 2624 virtutem
2886 2577 3051 2632 tuam,
3084 2582 3190 2620 non
3213 2582 3241 2619 a
3266 2575 3373 2630 tua,
3406 2564 3500 2619 sed
3523 2578 3552 2617 a
3577 2579 3693 2617 mea

2103 2665 2293 2728 salute,
2326 2664 2419 2718 sed
2443 2679 2470 2715 a
2502 2662 2739 2717 subsidio
2760 2658 2900 2729 quod
2929 2660 3078 2729 lapso
3108 2660 3231 2713 fers.
3261 2656 3373 2712 Hoc
3401 2654 3541 2710 enim
3580 2655 3694 2724 spi-

2104 2758 2311 2814 ritualis
2333 2765 2413 2810 est
2436 2797 2448 2819 ,
2483 2771 2586 2809 non
2608 2755 2884 2824 despicere
2911 2767 3005 2807 sua
3029 2751 3271 2806 membra
3320 2748 3690 2818 periclitantia.

2104 2847 2350 2902 Instruite
2376 2846 2543 2899 talem.
2578 2845 2780 2910 Facite,
2810 2844 2904 2908 ait,
2934 2858 3001 2896 ne
3030 2842 3147 2910 capi
3178 2841 3365 2910 possit,
3386 2855 3453 2894 ne
3475 2847 3692 2894 certan-

2106 2940 2177 2993 do
2205 2939 2544 3005 defatigetur,
2573 2952 2638 2989 ne
2661 2935 2953 3005 pra2liando
2979 2934 3236 2988 adversus
3254 2930 3524 2985 diabolum
3566 2945 3690 2984 suc-

2106 3028 2338 3083 cumbat.
2367 3027 2706 3081 Considerans
2735 3026 3069 3093 temetipsum,
3102 3040 3164 3077 ne
3196 3033 3241 3076 et
3266 3033 3319 3075 tu
3343 3023 3565 3075 tenteris.

2172 3120 2227 3173 2.
2269 3118 2380 3172 lloc
2406 3132 2669 3171 summum
2691 3115 2973 3170 consilium
3003 3122 3106 3180 est,
3123 3123 3175 3167 et
3195 3111 3487 3165 admonitio
3513 3112 3691 3165 maxi-

2104 3227 2188 3266 me
2211 3225 2424 3279 cogens.
2461 3208 2677 3263 Etiamsi
2700 3222 2892 3262 saxeus
2924 3206 3106 3269 fueris,
3137 3215 3191 3260 et
3212 3205 3397 3259 audias
3420 3246 3435 3271 ,
3466 3205 3688 3259 verbum

2104 3301 2205 3356 hoc
2232 3301 2459 3355 sufficiet
2481 3299 2545 3353 ad
2576 3298 2881 3353 terrendum
2908 3339 2923 3361 ,
2949 3308 3003 3352 et
3030 3295 3452 3366 provocandum,
3481 3312 3586 3365 quo
3611 3294 3689 3349 fe-

2102 3408 2191 3447 ras
2218 3394 2472 3446 auxilium
2504 3392 2673 3460 lapso.
2704 3390 2819 3444 Non
2845 3390 2923 3444 vis
2944 3431 2958 3455 ,
2992 3390 3099 3455 ait,
3129 3398 3186 3442 ut
3217 3388 3383 3442 frater
3412 3386 3689 3442 misereri?

2103 3500 2206 3539 non
2232 3485 2310 3539 vis
2340 3493 2395 3536 ut
2421 3482 2725 3537 hominibus
2750 3480 3045 3535 concedere
3082 3479 3334 3534 veniam?
3363 3493 3466 3533 non
3506 3479 3587 3532 vis
3629 3488 3688 3532 ut

2100 3576 2390 3648 Spiritualis
2420 3591 2634 3630 manum
2665 3574 2976 3643 porrigere?
3004 3572 3293 3627 Considera
3324 3570 3684 3626 conditionem

2100 3681 2285 3724 tuam:
2318 3678 2502 3723 etnon
2556 3668 2813 3736 indigebis
2856 3666 3180 3729 consiliario,
3226 3664 3318 3720 sed
3352 3682 3449 3734 per
3496 3672 3686 3718 temet-

2099 3761 2270 3829 ipsum
2299 3763 2563 3826 jacentcm
2585 3758 2811 3826 juvabis,
2843 3766 2896 3809 et
2917 3772 2944 3808 a
2970 3757 3249 3823 temetipso
3287 3753 3680 3807 admoneberis.

2098 3850 2215 3915 Quo
2243 3859 2415 3917 pacto,
2445 3855 2498 3901 ct
2527 3863 2631 3915 quo
2661 3846 2857 3899 modo?
2882 3844 3567 3912 Consideranstemetipsum,
3586 3844 3678 3908 ait,

2098 3959 2161 3996 ne
2187 3952 2232 3994 et
2258 3952 2311 3994 tu
2333 3944 2552 3993 tenteris.
2581 3939 2695 3993 Non
2718 3939 2848 3992 dixit
2873 3955 2885 3990 :
2916 3937 3045 3992 Nam
3075 3937 3293 3990 omnino
3321 3947 3374 3990 et
3401 3947 3455 3990 tu
3488 3951 3680 4007 pecca-

2098 4033 2199 4099 bis,
2232 4049 2298 4089 ne
2328 4032 2599 4086 molestior
2621 4041 2763 4085 esset
2787 4049 2798 4084 :
2824 4030 2917 4084 sed
2937 4028 3201 4098 quomodo
3230 4028 3400 4082 dixit?
3422 4027 3682 4098 Nequan—

2095 4125 2166 4179 do
2190 4136 2235 4179 et
2258 4134 2310 4177 tu
2336 4124 2557 4176 tentet-is.
2606 4122 2743 4176 Fieri
2794 4120 2934 4175 enim
2965 4128 3144 4189 potest
3188 4129 3243 4173 ut
3291 4133 3478 4187 pecces
3512 4134 3525 4171 :
3561 4117 3676 4172 fieri

2094 4217 2256 4271 etiam
2284 4223 2455 4285 potest
2486 4223 2542 4267 ut
2590 4228 2695 4267 non
2724 4228 2928 4283 pecces.
2964 4213 3028 4266 Et
3057 4212 3177 4282 quia
3207 4213 3465 4266 incertum
3489 4221 3570 4266 est
3594 4211 3678 4264 fu-

2096 4318 2291 4367 turum,
2327 4319 2453 4375 para
2502 4305 2592 4359 tibi
2640 4303 3020 4358 miscricordim
3070 4303 3363 4371 sportulas,
3415 4317 3549 4372 quas
3604 4302 3678 4355 illi

2092 4399 2127 4453 d
2153 4415 2283 4464 mes,
2314 4406 2370 4450 ut
2409 4412 2503 4466 per
2529 4397 2617 4451 illa
2645 4411 2763 4465 qua:
2813 4396 3053 4464 proximo
3098 4393 3397 4462 impendis,
3428 4393 3471 4447 si
3519 4403 3573 4446 et
3620 4401 3677 4447 tu

2092 4488 2375 4559 aliquando
2399 4488 2575 4556 lapsus
2596 4486 2760 4541 fueris
2782 4528 2797 4551 ,
2832 4486 3073 4540 invenias
3124 4484 3481 4553 promptuaria
3518 4482 3678 4536 mise-

2093 4583 2299 4636 ratione
2339 4580 2556 4634 referta.
2608 4578 2723 4633 Non
2753 4578 2909 4642 dixit,
2955 4578 3031 4632 Ne
3058 4576 3272 4646 quando
3297 4586 3350 4630 et
3378 4584 3432 4627 tu
3463 4589 3674 4644 pecces,

2093 4689 2161 4728 ne
2188 4672 2399 4743 quando
2425 4683 2473 4725 et
2503 4680 2556 4725 tu
2591 4671 2750 4725 cadas
2780 4687 2793 4722 ε
2827 4669 3085 4723 attendite
3130 4668 3416 4737 diligenter
3452 4665 3517 4718 ad
3565 4664 3675 4719 vim

2093 4764 2378 4819 verborum
2422 4763 2661 4831 ipsorum
2689 4779 2702 4815 :
2728 4760 2820 4815 sed
2844 4802 2858 4827 ,
2914 4759 2966 4813 Ν
2972 4776 2999 4813 e
3051 4759 3263 4829 quando
3293 4768 3338 4811 et
3367 4767 3421 4811 tu
3450 4758 3673 4810 tenteris.

2090 4857 2209 4923 Quo
2240 4856 2396 4909 simul
2444 4854 2742 4919 indicatur,
2772 4867 2870 4908 nos
2902 4853 3099 4907 habere
3135 4851 3405 4905 inimicum
3446 4858 3676 4904 tentato-

2091 4964 2203 5002 rem
2234 4964 2246 4999 :
2279 4956 2330 5000 et
2369 4954 2598 5000 tentatur
2620 4962 2723 4999 non
2751 4951 3004 4999 statutum
3036 4941 3312 4996 insidiandi
3341 4949 3548 5011 tempus
3574 4938 3673 4993 ha-

2092 5040 2216 5101 bet;
2251 5040 2562 5109 plerumquc
2587 5037 2727 5092 enim
2752 5038 2801 5090 in
2835 5051 2932 5089 nos
2962 5034 3291 5089 dormientes
3317 5042 3368 5087 et
3398 5031 3673 5101 negligen-

2095 5141 2172 5185 tes
2202 5132 2453 5199 impetum
2485 5128 2610 5181 facit
2635 5146 2646 5179 :
2671 5137 2725 5180 et
2754 5126 2949 5181 idcirco
2973 5132 3369 5196 prmoccupatus
3398 5122 3484 5176 ille
3506 5121 3674 5188 magis

2091 5222 2279 5291 dignus
2306 5229 2388 5274 est
2407 5261 2419 5280 ,
2445 5220 2528 5273 cui
2561 5218 2894 5271 condonetur
2913 5257 2928 5281 ,
2951 5217 3204 5286 quoniam
3237 5230 3265 5266 a
3299 5221 3558 5265 teutatore
3583 5222 3671 5262 ca-

2093 5321 2214 5381 ptus
2243 5319 2343 5365 est.
2404 5309 2518 5363 Non
2558 5310 2703 5364 enim
2730 5316 2845 5362 erat
2874 5308 2923 5362 ei
2963 5305 3239 5360 manifesta
3264 5316 3468 5372 pusula,
3501 5313 3673 5367 neque

2092 5403 2369 5457 condictus
2397 5401 2512 5455 dies
2541 5399 2700 5465 belli,
2732 5398 2825 5454 sed
2850 5400 2900 5452 iu
2933 5399 3201 5451 incautum
3230 5394 3480 5460 impetum
3506 5388 3631 5442 fecit
3651 5428 3673 5455 ,

2091 5504 2247 5562 atque
2276 5492 2473 5547 idcirco
2501 5491 2790 5560 superavit.
2834 5488 2923 5544 Sic
2969 5495 3145 5541 nauta:
3199 5495 3411 5552 quoque
3451 5479 3672 5542 faciunt,

2090 5600 2210 5641 cum
2244 5601 2336 5655 per
2366 5600 2614 5654 magnum
2643 5592 2697 5637 et
2718 5582 3012 5651 spatiosum
3045 5592 3191 5631 mare
3222 5576 3487 5645 navigant.
3526 5573 3671 5629 Licet

2094 5678 2241 5729 navis
2268 5675 2505 5731 secundo
2527 5684 2687 5728 vento
2714 5672 2949 5735 feratur,
2984 5670 3107 5723 licet
3142 5667 3284 5721 omni
3316 5664 3557 5719 fruantur
3588 5680 3670 5720 se-

2098 5768 2343 5832 curitate,
2371 5779 2491 5819 cum
2520 5773 2695 5819 tamen
2726 5760 2950 5816 viderint
2979 5757 3112 5813 alios
3136 5757 3217 5813 vel
3245 5755 3428 5829 procul
3459 5753 3669 5810 naufra-
