4146 6260
443 333 549 388 69.5

439 444 586 512 giunt
615 443 808 510 lacere,
832 461 956 507 non,
983 459 1132 498 suam
1159 452 1460 510 spectantes
1481 443 1781 509 utilitatem,
1806 445 2016 499 illorum

445 544 794 588 contemnunt
816 535 1166 589 calamitatem
1201 551 1212 587 :
1245 534 1338 588 sed
1358 535 1552 588 sistunt
1581 551 1768 589 navem
1797 575 1814 602 ,
1842 537 2022 590 laxant.

447 627 758 690 ant-horam,
789 627 1076 680 detrahunt
1103 626 1237 690 vela,
1261 625 1477 694 ejiciunt
1509 625 1697 690 funes,
1735 627 2022 696 projiciunt

447 715 682 780 tabulas,
714 725 769 768 ut
797 716 885 768 ille
906 715 993 783 qui
1019 731 1047 767 a
1073 713 1322 769 ﬂuctibus
1365 715 1643 784 mergitur,
1677 715 1813 771 forte
1842 716 2022 785 aliquo

449 802 654 857 illorum
683 815 894 870 arrepto
924 814 1178 874 emergat.
1211 805 1422 860 lmitare
1449 805 1606 875 igitur
1626 815 1681 860 et
1712 816 1766 859 tu
1797 817 1980 862 nautas
2005 847 2021 873 ,

449 893 608 946 homo
631 909 644 944 :
669 909 790 946 nam
806 904 858 947 et
881 903 935 948 tu
959 909 1104 948 mare
1125 895 1339 964 navigas
1369 910 1618 964 magnum
1639 907 1689 949 et
1712 897 2022 966 spatiosmn,

450 1001 639 1054 nempe
669 989 788 1040 vita:
813 989 1124 1056 praesentis,
1159 987 1299 1058 quod
1345 987 1540 1040 multas
1591 987 1755 1042 habet
1797 988 2022 1056 belluas,

447 1077 664 1144 piratas,
693 1087 889 1145 petras,
913 1087 968 1131 et
999 1077 1224 1132 latentes
1257 1077 1506 1146 scopulos
1527 1118 1542 1143 ,
1571 1078 1880 1146 crebrisque
1914 1090 2042 1130 tur-~

449 1169 602 1222 batur
634 1167 897 1235 ﬂuctibus,
923 1178 974 1222 et
1013 1171 1064 1223 in
1110 1181 1175 1224 eo
1224 1169 1598 1238 naufragantur
1623 1169 1856 1238 plurimi.
1879 1167 2012 1222 Cum

451 1260 610 1328 igitur
663 1260 859 1314 videris
905 1261 1260 1329 navigantium
1307 1258 1537 1329 aliquem
1578 1257 1773 1312 diaboli
1824 1259 2028 1312 insidiis

451 1350 698 1404 amittere
725 1349 936 1402 divitias
967 1349 1152 1403 salutis
1173 1390 1185 1413 ,
1219 1358 1403 1403 natare
1442 1349 1492 1401 in
1537 1346 1804 1414 ﬂuctibus,
1836 1359 1888 1402 et
1916 1348 2028 1416 jam

451 1441 742 1510 submergi,
771 1443 902 1494 siste
927 1455 1137 1504 navem,
1171 1448 1224 1494 et
1254 1439 1452 1494 reliCtis
1491 1441 1717 1509 negotiis
1754 1440 1855 1492 tuis
1878 1477 1894 1505 ,
1923 1450 2032 1492 sta-

455 1532 546 1582 tim
572 1531 711 1584 idius
739 1531 957 1599 provide
1001 1531 1179 1584 saluti.
1225 1529 1355 1584 Nam
1397 1545 1598 1584 moram
1631 1545 1734 1584 non
1780 1531 2028 1594 sustinet,

458 1630 628 1688 neque
654 1621 978 1684 dilationem,
1021 1621 1108 1689 qui
1135 1620 1400 1690 submergi
1425 1621 1627 1689 incipit.
1661 1619 1824 1690 Igitur
1850 1619 2031 1674 statim

459 1727 677 1766 accurre
701 1752 716 1776 ,
747 1721 801 1766 et
829 1722 1157 1782 quantocyus
1195 1726 1226 1765 e
1261 1711 1506 1766 ﬂuetibus
1531 1727 1652 1766 eum
1699 1711 1864 1779 eripe,
1901 1709 2030 1765 nihil

461 1819 564 1856 non
595 1818 690 1872 age
719 1812 772 1855 ut
795 1803 965 1871 ipsum
1011 1817 1076 1855 ex
1129 1800 1394 1870 profundo
1441 1799 1690 1855 interitus
1737 1799 2028 1854 extrahas:

463 1896 673 1950 etiamsi
700 1905 750 1948 te
775 1894 997 1962 plurima
1020 1893 1227 1963 negotia
1247 1893 1498 1948 aliorsum
1519 1902 1710 1947 vocent
1726 1902 1780 1946 et
1799 1892 2026 1954 trahant,

467 1984 592 2038 nihil
621 1984 782 2039 ducas
811 1984 978 2053 magis
1012 1987 1370 2038 necessarium
1397 1984 1570 2038 salute
1598 1985 1676 2038 sic
1705 1983 2026 2048 laborantis;

462 2091 584 2130 nam
626 2074 672 2128 si
705 2089 986 2144 parumper
1011 2073 1225 2130 dili‘erre
1249 2075 1498 2139 volueris,
1551 2073 1799 2142 perdetur
1829 2082 2034 2139 tempe-

463 2176 600 2222 state
621 2167 822 2222 rabida.
853 2167 1002 2223 Unde
1021 2168 1074 2221 in
1101 2167 1260 2223 tantis
1289 2152 1541 2236 perieuiis'
1556 2175 1743 2234 magna
1763 2151 2033 2218 accelera-'-

451 2251 599 2312 tione
619 2271 754 2325 opus
781 2263 864 2310 est
889 2262 944 2308 et
974 2253 1168 2308 studio.
1202 2245 1338 2307 Audi
1362 2247 1632 2319 quomodo
1660 2245 1855 2308 Paulus
1875 2292 1890 2306 .
1920 2249 2035 2302 viso

452 2349 668 2404 homine
697 2347 930 2422 quodatn
959 2345 1048 2421 qui
1083 2349 1134 2402 in
1162 2347 1482 2418 profundum
1513 2345 1819 2415 rapiebatur
1843 2383 1860 2404 ,
1891 2339 2037 2396 solli-

449 2450 588 2502 citus
614 2458 668 2503 et
691 2448 884 2503 anxius
910 2455 1024 2500 erat
1043 2485 1058 2508 ,
1085 2453 1137 2498 et
1165 2443 1298 2496 alios
1325 2439 1608 2495 excitabat.
1657 2435 1963 2504 Conﬁrmata
1985 2432 2039 2484 in

459 2541 602 2592 illum
637 2539 919 2600 caritatem,
953 2535 1141 2604 inquit,
1173 2548 1235 2586 ne
1259 2532 1389 2594 forte
1425 2529 1629 2582 tristitia
1675 2525 2042 2578 abundantiore

460 2620 782 2684 absorbeat'ur
807 2629 892 2682 ille
920 2628 994 2697 (9..
1015 2627 1134 2681 (ἔον.
1164 2624 1224 2682 2.
1249 2624 1300 2679 8.
1331 2625 1406 2692 7).
1443 2622 1508 2675 Et
1532 2627 1746 2690 propter
1772 2617 1874 2670 hoc
1891 2615 2044 2706 jubet

461 2721 638 2774 statim
666 2719 902 2788 prtebere
925 2731 1162 2780 manum,
1182 2723 1240 2768 ut
1267 2727 1334 2766 ne
1357 2711 1568 2765 interim
1597 2709 1723 2764 dum
1750 2705 2044 2762 dim-rimas

463 2822 762 2880 ρηυνοιιιυε
793 2810 880 2864 ille
913 2809 1280 2863 absorbeatur.
1333 2805 1529 2859 Curam
1587 2801 1746 2873 igitur
1796 2795 2044 2871 geramus

463 2906 683 2958 fratrum
707 2911 1032 2955 nostrorum.

537 2993 652 3061 Quo
677 2995 819 3063 signo
842 2994 1245 3046 internascuntur
1271 2987 1565 3043 Christiani.
1597 3015 1670 3026 --
1699 2985 1824 3068 llaec
1837 2993 2046 3040 summa

465 3087 588 3142 vitae
623 3097 818 3140 nostrae
847 3094 965 3150 est;
999 3085 1100 3138 hoc
1147 3084 1298 3154 signo
1343 3082 1758 3137 internoscimur
1799 3095 1866 3132 an
1894 3078 2051 3132 Chri-

468 3177 622 3232 stiani
651 3179 818 3232 simus
839 3219 853 3243 ,
882 3191 1002 3229 cum
1041 3190 1144 3228 non
1181 3175 1350 3228 solum
1397 3188 1515 3241 qua:
1548 3180 1728 3224 ucstra
1769 3177 1896 3224 sunt
1922 3159 2049 3238 spe-

467 3279 693 3332 ctamus,
722 3268 814 3322 sed
841 3278 896 3320 et
926 3267 1166 3320 membra
1207 3273 1386 3318 nostra
1434 3277 1682 3331 pertersa
1730 3261 2050 3330 corrigimus

469 3369 525 3414 et
545 3360 874 3413 instruimus.
899 3356 1011 3413 lloc
1037 3356 1328 3408 maximam
1369 3352 1624 3406 indicium
1679 3352 1820 3406 lidei.
1861 3349 1926 3403 In
1957 3350 2052 3429 hoc

471 3451 604 3504 enim
628 3457 924 3519 cognoscent
947 3463 1136 3508 omnes,
1170 3445 1356 3514 inquit,
1383 3445 1517 3513 quod
1537 3443 1774 3512 discipuli
1793 3441 1887 3495 mei
1912 3441 2050 3508 estis,

472 3541 514 3593 si
544 3555 628 3592 vos
653 3537 862 3609 diligitis
883 3548 1052 3591 mutuo
1079 3535 1256 3607 (Jodn.
1281 3536 1364 3589 15.
1399 3535 1510 3604 55).
1561 3534 1850 3587 Caritatem
1875 3537 2055 3586 autem

477 3633 740 3684 sinceram
767 3629 1003 3684 declarat
1031 3644 1138 3681 non
1167 3627 1472 3682 communio
1499 3639 1696 3679 mensa:
1717 3666 1730 3690 ,
1761 3639 1865 3678 non
1896 3621 2057 3679 brevc

475 3723 828 3792 colloquium,
856 3737 961 3774 non
989 3721 1276 3774 verborum
1306 3718 1571 3783 adulatio,
1601 3715 1696 3771 sed
1740 3715 1973 3770 studiqu
2004 3715 2056 3770 in

475 3814 863 3869 considerando
926 3813 1052 3882 quid
1095 3813 1336 3882 proximo
1381 3809 1664 3872 conducat,
1721 3818 1778 3862 ut
1827 3809 2060 3878 erigatur

475 3910 564 3976 qui
591 3906 798 3970 cecidit,
831 3915 886 3960 et
929 3905 1229 3974 porrigatur
1279 3903 1428 3972 lapso
1459 3916 1650 3955 manus
1688 3901 1916 3956 salutem
1957 3915 2057 3954 ne-

477 3998 716 4068 gligenti,
743 4007 798 4050 ut
822 4007 946 4050 ante
982 3996 1118 4049 bona
1147 3993 1390 4063 propria,
1425 3993 1760 4062 inquiruntur
1785 4007 1903 4060 qua:
1933 4005 2059 4060 pro-

479 4091 606 4144 simi
628 4100 770 4144 sunt.
829 4089 952 4142 Ihcc
997 4097 1080 4142 est
1115 4103 1235 4141 vera
1274 4087 1490 4140 caritas.
1537 4085 1667 4138 Nam
1699 4085 1896 4139 caritas
1954 4089 2060 4138 neu

481 4191 684 4250 speetat
710 4198 826 4250 qum
850 4195 944 4233 sua
971 4189 1114 4242 sunt,
1131 4178 1222 4232 sed
1245 4179 1388 4246 prius
1417 4175 1562 4230 videt
1585 4191 1646 4230 ea
1670 4191 1786 4244 qua:
1808 4175 2058 4245 proximi,

481 4287 639 4342 quam
669 4287 787 4341 qtue
817 4287 934 4334 sua,
963 4280 1018 4323 ιιι
1059 4285 1152 4339 per
1193 4283 1256 4324 ea
1286 4267 1463 4322 videat
1516 4282 1634 4337 qua-3
1684 4282 1780 4321 sua
1823 4275 1950 4321 sunt
1983 4267 2058 4336 (1.

486 4365 606 4417 Cor.
642 4359 828 4432 15.5).
865 4361 928 4414 Et
952 4373 1050 4430 ego
1095 4375 1236 4414 nunc
1287 4373 1392 4414 non
1430 4369 1646 4428 propter
1688 4359 2062 4427 ntcmetipsum

489 4465 594 4510 tam
623 4454 794 4522 longis
817 4452 1152 4506 Sci-monibus
1177 4461 1296 4506 utor
1317 4492 1330 4516 ,
1358 4451 1450 4506 sed
1505 4459 1721 4520 propter
1751 4464 1866 4505 vos.
1905 4443 2067 4520 Igitur

487 4551 669 4602 etvos
692 4542 873 4597 audite
895 4585 912 4609 ,
937 4559 1040 4597 non
1071 4553 1289 4612 pr0pter
1314 4542 1665 4610 vosmetipsos
1685 4582 1700 4606 ,
1731 4541 1823 4596 scd
1853 4551 2068 4610 propter

488 4637 623 4692 alios
664 4649 696 4691 a‘
731 4636 883 4690 vobis
935 4634 1276 4692 erudiendos.
1329 4627 1771 4704 Quandoquidem
1818 4635 2068 4690 Ecclesiae

490 4747 686 4803 corpus
719 4747 812 4802 per
847 4733 1208 4787 membrorum
1234 4731 1612 4786 enh'a-rentiam
1641 4730 1892 4782 nutritur.
1923 4730 2070 4783 Sicut

489 4839 621 4894 ergo
674 4825 972 4880 membrum
1029 4824 1172 4893 quod
1216 4822 1358 4893 apud
1399 4822 1636 4891 seipsum
1688 4821 1838 4875 cibos
1882 4835 2071 4874 omnes

493 4927 752 4983 re:ervat,
800 4918 1080 4986 vicinoque
1119 4931 1226 4970 non
1283 4917 1664 4979 communicat,
1723 4923 1779 4966 et
1835 4915 2068 4982 seipsutu

489 5007 714 5063 oliendit
733 5050 746 5072 ,
773 5017 828 5062 et
847 5008 1107 5077 reliqtttun
1137 5022 1333 5076 Corpus
1364 5007 1654 5074 corrumpit
1680 5024 1692 5058 :
1717 5006 2072 5074 quemadmo-

488 5107 615 5158 dum
665 5102 716 5155 in
747 5099 1023 5155 stomacho
1057 5099 1396 5154 videmuszis
1445 5099 1586 5152 cnim
1633 5097 1676 5152 si
1721 5097 1896 5151 cibum
1929 5096 2072 5150 solus

489 5192 842 5254 continuerit,
865 5199 919 5244 et
961 5191 1218 5258 reliquum
1255 5204 1448 5258 corpus
1497 5189 1634 5242 fame
1675 5187 1991 5256 corrumpit,
2021 5195 2074 5240 et

489 5285 566 5338 sei
575 5297 730 5349 psum
748 5298 843 5337 sua
875 5280 1183 5350 ineXpIebili
1213 5280 1552 5348 improbitate
1583 5278 1758 5347 perdit
1783 5295 1795 5329 :
1824 5277 1868 5331 si
1893 5286 2073 5330 autem

491 5377 760 5446 acceperit
781 5383 1036 5444 quantum
1071 5389 1165 5441 pro
1182 5387 1275 5428 sua
1309 5373 1552 5441 portione
1569 5372 1718 5434 satis,
1737 5379 1789 5425 et
1813 5367 2075 5438 reliquum

494 5473 614 5526 aliis
647 5469 900 5524 membris
931 5467 1327 5531 transmiserit,
1359 5475 1413 5520 et
1450 5463 1682 5532 seipsutn
1711 5477 1774 5516 ac
1813 5463 2074 5531 reliquum

496 5577 692 5631 corpus
722 5562 772 5614 in
809 5561 940 5614 bona
970 5559 1272 5613 valetudine
1289 5566 1572 5612 conservat
1603 5572 1615 5608 :
1651 5555 1720 5608 ita
1747 5563 1801 5608 et
1833 5561 1884 5606 tu
1913 5565 2073 5618 nunc,

495 5655 541 5707 si
573 5669 634 5706 ea
674 5665 792 5722 quae
837 5667 865 5704 a
913 5652 1064 5706 nobis
1110 5651 1301 5716 audis,
1351 5647 1646 5704 detinueris
1676 5687 1691 5711 ,
1740 5645 1934 5715 aliique
1977 5657 2081 5696 non

505 5741 1004 5810 communicaveris,
1033 5754 1084 5797 et
1115 5743 1261 5798 illum
1285 5739 1704 5799 inCOuunodabis
1729 5781 1742 5806 ,
1773 5749 1824 5792 et
1857 5737 2080 5807 teipsum

1268 332 1322 386 S.
1365 329 1642 387 JOANMS
1663 329 2133 388 CIIRYSOSTOMI
2176 339 2490 396 Aiililllht'.
2531 344 3061 401 LUASTANTINOP.

3599 341 3700 407 021

2127 451 2236 519 ja’tn
2267 458 2548 524 corrupisti
2583 479 2594 514 :
2625 462 2743 528 quia
2793 463 3012 530 ignavhc
3045 467 3097 516 et
3131 465 3340 518 inﬁdite
3364 469 3706 535 gravissimos

2127 545 2343 600 morbos
2364 548 2528 604 foves.
2571 551 2709 605 Satis
2735 553 2877 608 cuitn
2909 556 2974 607 ad
3031 557 3382 623 perditionem
3426 565 3566 613 tuam
3601 563 3703 615 fue-

2127 637 2216 703 rit,
2247 641 2330 693 vel
2358 640 2426 694 ob
2453 643 2740 709 malitiam,
2772 648 2852 697 vel
2897 647 2966 699 οι)
3014 645 3264 702 iuv'idiam
3285 691 3301 716 ,
3337 651 3415 705 vel
3447 649 3606 706 etiam
3634 653 3703 706 ob

2129 728 2388 796 ignaviam
2417 747 2519 786 non
2549 735 2944 791 cornutunicare
2971 738 3108 792 aliis.
3135 737 3351 806 Contra,
3384 743 3429 796 si
3454 743 3589 796 citra
3619 743 3702 795 in-

2129 821 2322 874 vidiam
2351 832 2404 875 et
2431 821 2496 876 ad
2532 825 2665 878 alios
2716 827 3076 883 transmiseris
3129 830 3459 898 alimoniam,
3517 831 3571 887 et
3612 835 3703 888 tibi

2129 909 2230 978 ipsi
2281 921 2336 966 et
2383 913 2502 967 aliis
2552 914 2862 982 profuturus
2911 933 2988 972 es.
3031 918 3136 974 Sed
3167 920 3236 976 de
3271 921 3335 976 iis
3381 923 3578 978 dictum
3624 933 3705 979 est

2131 1002 2279 1056 satis.

2202 1097 2253 1150 3.
2293 1095 2443 1150 Nunc
2499 1111 2676 1166 Operae
2705 1100 2934 1168 pretium
2976 1099 3171 1168 fuerit,
3229 1101 3414 1158 vcii‘ire
3466 1106 3529 1158 ad
3576 1123 3704 1162 con-

2133 1197 2336 1243 tcxtum
2365 1193 2549 1244 "eorum
2586 1207 2704 1258 qua:
2739 1199 2906 1261 nuper
2945 1191 3085 1249 dicta
3125 1194 3354 1250 ruet-unt.
3386 1199 3514 1262 Qua:
3557 1193 3710 1254 erant

2133 1291 2261 1348 ergo
2300 1279 2429 1332 illa?
2485 1279 2563 1334 De
2606 1280 2766 1334 Saulo
2806 1291 2858 1336 et
2885 1283 3049 1337 Paulo
3097 1287 3222 1339 tunc
3274 1271 3710 1354 eiquireb'amus,

2133 1377 2298 1438 qttare
2327 1369 2610 1440 aliquando
2635 1371 2824 1426 Saulus
2844 1415 2859 1439 ,
2887 1381 2940 1427 et
2963 1375 3246 1443 aliquando
3275 1375 3467 1430 Paulus
3495 1379 3712 1433 vocattis

2135 1461 2202 1514 sit
2229 1461 2308 1530 (α)
2333 1477 2347 1524 ;
2378 1469 2432 1514 et
2459 1461 2580 1514 inde
2599 1461 2820 1531 digressi
2843 1479 3026 1518 sumus
3055 1465 3106 1518 in
3125 1466 3412 1521 multorum
3437 1463 3709 1523 nominum

2136 1549 2430 1603 historiam.
2465 1551 2659 1605 Verum
2691 1554 2813 1622 quia
2841 1555 3007 1608 semel
3037 1555 3158 1610 hinc
3185 1557 3442 1612 solvimus
3461 1599 3474 1618 ,
3509 1575 3610 1612 non
3636 1561 3713 1613 vi-

2136 1639 2292 1695 detur
2319 1641 2532 1712 dignum
2564 1658 2717 1708 esse,
2753 1655 2808 1698 ut
2843 1653 2962 1699 cum
2993 1647 3134 1700 utilis
3161 1648 3334 1704 adhuc
3362 1651 3590 1704 Occurrit
3621 1653 3712 1705 tie-

2137 1730 2380 1800 gotiatio,
2418 1739 2618 1786 temere
2643 1740 2760 1786 eain
2787 1727 3170 1801 praetereantes‘
3197 1737 3539 1808 negligantus.
3581 1740 3710 1793 Nam

2137 1819 2262 1874 licet
2301 1816 2518 1889 propter
2547 1820 2763 1875 Paulum
2795 1823 2846 1874 in
2880 1823 2978 1876 hoc
3026 1833 3392 1894 argumentum
3431 1827 3710 1881 deveneri-

2137 1925 2275 1973 mus,
2309 1910 2652 1966 nihilominus
2676 1923 2728 1966 et
2767 1908 2992 1967 aliorum
3027 1917 3300 1970 ndininum
3337 1919 3568 1972 rationes
3613 1918 3712 1974 hac

2137 2002 2498 2070 negotiatione
2529 2003 2769 2057 invenire
2798 2017 3098 2072 possumus.
3122 2004 3270 2060 Sicut
3294 2017 3346 2061 et
3367 2015 3712 2075 mercatores;

2138 2094 2229 2163 qui
2277 2109 2424 2148 mare
2467 2094 2734 2164 navigant,
2763 2105 2817 2149 et
2869 2107 3089 2164 propter
3125 2097 3324 2152 minuta
3372 2100 3612 2168 quietiam
3659 2101 3714 2162 in

2139 2179 2452 2255 langinquas
2502 2191 2670 2238 terras
2721 2183 3124 2253 proﬁciscuntur
3160 2203 3174 2239 :
3205 2201 3325 2241 cum
3367 2191 3608 2242 venerint
3661 2190 3713 2244 in

2147 2261 2367 2342 petitam
2392 2273 2686 2340 civitatem,
2716 2274 3054 2346 viderintque
3072 2278 3280 2347 capiam
3302 2277 3526 2333 aliarum
3553 2288 3730 2333 rerum

2144 2364 2246 2418 sibi
2279 2363 2695 2420 conducibilium
2713 2405 2727 2430 ,
2755 2369 2947 2435 praeter
2983 2382 3074 2422 eas
3103 2378 3320 2438 propter
3348 2385 3482 2441 quas
3506 2387 3534 2424 a
3565 2371 3731 2441 patria

2146 2457 2409 2524 exierunt,
2439 2457 2604 2514 multo
2626 2458 2778 2528 plura
2803 2475 2960 2528 quam
2987 2459 3372 2529 decreverant,
3406 2473 3730 2518 mercantur.

2147 2546 2302 2614 Quod
2331 2550 2373 2602 si
2405 2549 2525 2618 quis
2548 2565 2642 2604 eos
2671 2549 3046 2619 reprehendat,
3079 2551 3163 2606 his
3192 2568 3252 2608 se
3276 2555 3454 2609 verbis
3476 2564 3687 2609 tuentur
3715 2572 3729 2608 :

2150 2637 2330 2709 Longa
2361 2639 2442 2694 via
2473 2641 2716 2694 vcninms
2736 2681 2750 2704 ,
2780 2642 2976 2696 multas
3003 2650 3368 2713 tempestates,
3401 2645 3568 2699 multa
3591 2645 3735 2716 peri-tt

2151 2731 2267 2785 cula
2297 2731 2611 2800 pertulimus
2635 2771 2650 2798 ,
2683 2731 3089 2788 transmarinam
3131 2735 3465 2805 suscepimus
3503 2735 3740 2806 peregri;

2153 2822 2420 2876 nationem
2455 2822 2620 2892 :qnid
2655 2823 2813 2892 igitur
2853 2833 2998 2878 vetat
3045 2826 3457 2895 negotiationem
3499 2837 3736 2882 nostram

2155 2912 2271 2966 lieri
2317 2913 2670 2982 ampliorem?
2726 2914 2872 2969 Talia
2905 2915 3086 2985 utique
3113 2925 3168 2970 et
3207 2917 3358 2972 nobis
3387 2915 3565 2974 dicere
3597 2919 3736 2973 licet.

2155 3002 2286 3057 Nam
2317 3003 2646 3074 iuquireutcs
2670 3003 2736 3059 de
2767 3005 3069 3062 nominibus
3093 3007 3262 3073 Pauli,
3296 3009 3590 3064 invenimus
3609 3015 3741 3064 eon-

2156 3107 2444 3164 sequenter
2505 3105 2561 3148 ut
2604 3095 3040 3151 nundinationem
3113 3097 3337 3154 aliorum
3397 3101 3668 3155 nominum
3725 3123 3740 3154 ;

2159 3201 2351 3255 nempe
2379 3186 2594 3241 Petrum
2626 3189 2778 3243 antea
2806 3188 3080 3243 Simonem
3105 3190 3305 3244 dictum
3340 3208 3352 3243 :
3377 3201 3431 3246 et
3461 3191 3596 3246 ﬁlios
3638 3192 3745 3246 Ze-

2161 3275 2326 3332 bcdaei
2353 3275 2611 3332 Joannem
2634 3285 2686 3333 et
2710 3277 2963 3333 JaCobu'm
2989 3279 3127 3335 ﬁlios
3159 3265 3372 3335 iouiirui
3393 3283 3742 3351 nuncupatos.

2162 3365 2468 3420 anenimus
2515 3379 2568 3422 et
2607 3369 2657 3422 in
2703 3369 2878 3423 Veteri
2908 3370 3198 3438 Abraham,
3229 3373 3318 3441 qui
3361 3382 3514 3426 antea
3546 3374 3746 3428 Abtam

2161 3466 2378 3512 vocatus
2411 3457 2506 3512 fuit
2536 3477 2550 3512 :
2587 3469 2640 3514 et
2668 3459 2833 3514 Jacob
2873 3460 3122 3517 lsraelem
3153 3465 3514 3527 nominatum;
3543 3475 3596 3519 ct
3621 3467 3749 3520 Sar-

2163 3565 2274 3603 ram
2305 3548 2512 3604 Saram.
2544 3549 2843 3606 Invenimus
2873 3564 3130 3621 prietert-a
3159 3553 3280 3608 aliis
3305 3571 3409 3610 non
3446 3555 3608 3610 fuisse
3631 3571 3751 3608 mu-

2165 3647 2269 3694 tata
2294 3639 2504 3693 nemina
2537 3641 2672 3694 sicut
2698 3641 2832 3708 istis,
2857 3642 2949 3696 sed
2978 3643 3096 3699 illos
3120 3660 3148 3698 a
3177 3646 3438 3716 principio
3453 3646 3554 3700 sibi
3583 3647 3748 3701 indita

2165 3733 2381 3785 nomina
2411 3732 2725 3797 retinuisse,
2760 3733 2898 3787 sicut
2924 3733 3161 3790 Joannes
3205 3735 3460 3805 Baptista,
3506 3736 3650 3790 Isaac
3693 3745 3752 3791 ct

2165 3821 2354 3876 Adam.
2389 3822 2695 3876 Absurdum
2739 3822 2896 3893 igitur
2939 3825 3094 3878 fuerit
3125 3835 3178 3878 et
3205 3835 3464 3880 cruenta:
3492 3826 3748 3890 desidiaa;

2168 3921 2372 3970 tantam
2413 3929 2446 3969 e
2496 3917 2742 3970 manibus
2792 3916 3098 3971 thesatIrum
3136 3918 3389 3988 abjieere.
3439 3913 3576 3973 Nam
3631 3919 3752 3972 ideo

2169 4006 2460 4077 longiorem
2492 4007 2710 4063 facimus
2739 4001 3062 4076 sermonem,
3104 4021 3156 4066 et
3177 4011 3300 4081 quia
3328 4027 3499 4081 nuper
3524 4011 3755 4066 diximus

2169 4099 2235 4155 de
2263 4101 2326 4154 iis
2355 4101 2442 4170 qui
2473 4101 2698 4169 primum
2725 4116 2918 4156 nomen
2950 4103 3316 4168 retinuerunt,
3351 4103 3508 4158 hodie
3535 4104 3600 4158 de
3639 4103 3756 4158 dio-

2171 4193 2367 4262 nymis,
2396 4193 2508 4246 sive
2533 4193 2600 4247 de
2632 4193 2716 4256 iis,
2739 4194 2828 4262 qui
2855 4193 3052 4262 duplici
3081 4205 3204 4249 sunt
3241 4198 3454 4251 nomine
3479 4197 3754 4266 appellati,

2171 4283 2352 4338 dicere
2383 4299 2534 4339 incus
2566 4289 2667 4348 est,
2699 4295 2928 4353 quorum“
2954 4301 3091 4339 unus
3129 4297 3207 4341 est
3243 4286 3531 4341 Abraham.
3585 4286 3754 4342 Adam

2173 4378 2362 4432 eodem
2395 4381 2607 4446 semper
2636 4378 2851 4432 nomine
2896 4385 3112 4434 vocatus
3133 4382 3215 4434 est
3250 4398 3262 4432 :
3296 4379 3440 4434 Isaac
3465 4381 3622 4433 aliam
3663 4395 3760 4448 ap-

2176 4472 2512 4541 pellationem
2537 4486 2640 4525 non
2673 4471 2906 4540 accepit,
2939 4473 3032 4526 sed
3055 4473 3122 4527 ab
3148 4474 3298 4527 initio
3325 4473 3392 4526 ad
3421 4473 3578 4525 tinem
3607 4472 3758 4526 Isaae

2177 4563 2350 4616 dictus
2376 4571 2478 4615 est.
2531 4561 2690 4616 Pater
2717 4572 2893 4616 autem
2927 4561 3071 4616 Isaac
3115 4563 3260 4632 prius
3301 4562 3516 4633 quidem
3559 4563 3759 4616 Abram

2177 4655 2471 4717 dicebatur,
2507 4663 2692 4723 postea
2719 4669 2848 4708 vero
2877 4655 3170 4708 Abraham.
3214 4655 3354 4708 Dixit
3375 4655 3517 4710 enim
3547 4654 3612 4709 ad
3633 4669 3758 4708 eum

2179 4747 2356 4800 Deus:
2389 4744 2506 4799 Non
2539 4747 2632 4798 erit
2673 4746 2811 4799 ultra
2844 4757 3024 4799 nomen
3068 4755 3210 4798 tuum
3235 4746 3440 4810 Abram,
3463 4745 3553 4798 sed
3596 4745 3760 4797 Abra-

2180 4835 2566 4889 Itaniiiocnbitur
2583 4847 2760 4889 nomen
2779 4835 3088 4904 tuumwen.
3115 4836 3202 4890 17.
3223 4837 3301 4904 5).
3327 4835 3536 4890 Etenim
3563 4835 3760 4889 Abram

2182 4928 2472 4982 vocabatur
2503 4927 2651 4997 prius
2678 4945 2692 4981 :
2725 4928 2819 4982 scd
2866 4927 2967 4981 hoc
2997 4939 3190 4982 nomen
3233 4945 3338 4981 non
3365 4939 3446 4982 est
3493 4928 3764 4993 Graecum",

2182 5033 2355 5088 neque
2394 5029 2608 5082 nostra,
2637 5018 2730 5074 sed
2774 5018 3117 5072 llebra-orum
3165 5019 3342 5090 lingua
3387 5020 3464 5072 sic
3517 5031 3762 5072 voratur.

2181 5113 2318 5178 Quid
2351 5113 2507 5181 igitur
2535 5111 2794 5180 signiﬁcat
2821 5110 2922 5164 hoc
2952 5112 3189 5165 nomen?
3216 5111 3492 5164 Trausitor
3515 5111 3608 5182 (ιι).
3633 5109 3766 5164 Nam

2186 5208 2381 5262 Abram
2413 5208 2670 5276 Syrorum
2699 5219 2828 5259 voce
2853 5204 2991 5258 idem
3019 5213 3102 5258 est
3124 5205 3270 5274 quod
3291 5216 3436 5259 trans
3469 5209 3553 5258 vel
3584 5205 3726 5258 ultra
3755 5219 3772 5258 :

2185 5310 2239 5355 et
2277 5300 2451 5355 sciunt
2483 5299 2572 5368 qui
2617 5298 2808 5368 linguze
2833 5296 2949 5366 ejus
2995 5297 3148 5366 periti
3177 5306 3319 5350 sunt.
3353 5295 3536 5364 Magna
3558 5307 3769 5364 qttuqtl'c

2251 5499 2324 5558 (ri)
2357 5499 2472 5546 \‘ide
2495 5496 2740 5546 homiliam
2761 5497 2791 5545 2
2814 5495 2877 5545 de
2907 5499 3163 5545 Mutationc
3187 5495 3453 5548 nominum,
3489 5501 3621 5541 't‘om.
3647 5495 3696 5548 5,
3723 5502 3776 5541 et

2199 5559 2434 5612 Monitutn
2455 5573 2620 5622 supra.
2805 5619 2817 5623 _
3085 5619 3143 5623 Η
3250 5619 3259 5623 _
3601 5614 3612 5623 _
3683 5615 3692 5623 _
3740 5605 3744 5608 _

2253 5625 2324 5681 (υ)
2363 5629 2456 5668 non
2482 5614 2593 5668 esse
2621 5632 2782 5668 veram
2805 5619 2928 5668 hanc
2971 5619 3174 5667 nominis
3215 5619 3381 5681 Abram
3405 5614 3772 5681 “etymologiam

2181 5677 2282 5748 jam
2298 5677 2440 5745 supra
2467 5681 2672 5732 vidimus
2695 5685 2742 5731 in
2767 5681 3268 5730 Itomiliisincenesim
3294 5677 3515 5740 col.3:‘.6',
3539 5679 3619 5726 ubi
3645 5677 3774 5725 videé

2193 5751 2280 5787 Siti.
