4146 6260
421 318 524 374 623

414 437 682 509 πρέπειαν
706 433 1013 504 βλέποντες,
1039 429 1135 500 τῆς
1157 426 1379 481 ἐκείνων
1406 425 1810 496 καταφρονοῦσι
1841 439 1950 492 συμ
1966 449 1980 462 ο

418 530 622 600 φορᾶς⁶
655 526 794 580 ἀλλὰ
840 526 899 578 τὸ
934 524 1112 577 πλοῖον
1145 522 1462 592 στήσαντες,
1491 517 1708 580 καὶτὰς
1740 515 1987 586 ἀγκύρας

420 619 774 690 χαλάσαντες,
805 618 900 670 καὶ
926 615 996 668 τὰ
1027 614 1168 666 ίστία
1223 611 1564 674 καθελόντες,
1589 608 1986 672 ἐξακοντίζουσι

423 711 684 782 σχοίνους,
734 709 828 762 καὶ
877 708 1126 778 ῥίπτουσι
1185 702 1421 766 σανίδας,
1458 699 1598 754 ῶστε
1643 701 1847 752 ἐκεῖνον
1897 697 1987 751 τὸν

422 802 528 854 ὑπὸ
556 800 664 854 τῶν
682 799 940 871 κυμάτων
967 795 1321 868 βαπτίζεσθαι
1354 792 1615 865 μέλλοντα
1639 790 1755 852 ἐνὸς
1785 789 1987 842 τούτων

426 891 940 963 ἐπιλαμϐανόμενον,
969 887 1280 958 διαφεύγειν
1316 887 1378 940 τὸ
1414 885 1694 952 ναυάγιον.
1734 881 1988 950 Μίμησαι

425 984 603 1039 τοίνυν
631 984 723 1037 καὶ
752 984 816 1036 σὺ
863 984 988 1047 τοὺς
1021 981 1220 1045 ναύτας
1245 1021 1261 1046 ,
1301 979 1588 1049 ἀνθρωπε’
1632 976 1726 1029 καὶ
1756 975 1864 1045 γάρ
1895 973 1990 1026 καὶ

429 1077 496 1130 σὺ
524 1077 788 1131 θάλατταν
816 1075 998 1138 πλέεις
1033 1074 1275 1145 μεγάλην
1302 1074 1398 1126 καὶ
1421 1069 1752 1142 εὐρύχωρον,
1784 1068 1844 1120 τὸ
1881 1067 1987 1137 μῆ-

429 1187 523 1233 κος
549 1169 642 1222 τοῦ
672 1169 934 1236 παρόντος
973 1167 1110 1236 βίου,
1145 1164 1411 1218 θάλατταν
1446 1161 1610 1232 θηρία
1635 1159 1863 1229 ἔχουσαν
1897 1159 1990 1211 καί⁹

432 1258 712 1330 πειρατὰς,
751 1257 1020 1310 θάλατταν
1065 1254 1356 1316 σκοπέλους
1403 1252 1630 1320 ἔχουσαν
1662 1249 1755 1301 καὶ
1799 1248 1992 1301 σπιλά-

428 1349 524 1411 δας
547 1387 562 1412 ,
595 1346 858 1400 θάλατταν
892 1345 994 1399 ὑπὸ
1043 1344 1303 1414 κυμάτων
1347 1339 1754 1409 ταραττομένην
1782 1336 1992 1391 πολλῶν

433 1441 527 1493 καὶ
554 1439 852 1511 χειμώνων·
870 1439 963 1491 καὶ
977 1436 1159 1489 πολλοὶ
1183 1433 1440 1494 πολλάκις
1466 1431 1560 1484 καὶ
1586 1433 1642 1482 ἐν
1672 1431 1736 1499 τῇ
1756 1428 1994 1500 θαλάττῃ

431 1531 604 1603 ταύτῃ
647 1529 890 1598 ναυαγίῳ
917 1527 1358 1597 περιπίπτουσιν.
1391 1525 1560 1577 Ὅταν
1592 1515 1684 1575 οῦν
1719 1520 1835 1594 ίδης
1873 1520 1994 1573 τινὰ

433 1622 538 1676 τῶν
588 1622 854 1676 πλεόντων
917 1619 1020 1670 ὑπό
1067 1635 1208 1681 τινος
1261 1617 1632 1686 περιστάσεως
1687 1611 1994 1680 διαϐολικῆς

435 1712 774 1766 ἀπολέσαντα
799 1710 889 1763 τὸν
915 1707 1145 1761 πλοῦτον
1181 1708 1278 1777 τῆς
1313 1706 1614 1778 σωτηρίας,
1664 1705 1759 1758 καὶ
1790 1701 1996 1756 κλυδω-

435 1801 736 1873 νιζόμενον,
779 1801 872 1854 καὶ
905 1799 1161 1871 μέλλοντα
1196 1798 1528 1870 ὑποϐρύχιον
1574 1794 1838 1864 γίνεσθαι,
1877 1791 1999 1859 στῆ·

437 1896 530 1949 σόν
558 1911 650 1947 σου
680 1893 742 1946 τὸ
788 1893 990 1956 πλοῖον,
1022 1890 1125 1944 κᾶν
1153 1888 1378 1958 ἑτέρωθι
1409 1886 1664 1956 σπεύδῃς,
1701 1883 1999 1955 προνόησον

432 1987 532 2057 τῆς
581 1984 788 2037 ἐκείνου
832 1981 1133 2051 σωτηρίας,
1177 1979 1246 2032 τά
1285 1978 1426 2031 κατά
1465 1976 1656 2028 σαυτὸν
1700 1973 1876 2042 ἀφείς.
1925 1972 1998 2024 Οὑ

435 2077 544 2146 γὰρ
569 2074 818 2143 ἀνέχεται
848 2071 1134 2138 ἀναϐολῆς,
1180 2068 1301 2120 οὐδὲ
1332 2065 1660 2136 βραδυτῆτος
1685 2065 1712 2115 6
1738 2060 2001 2131 βαπτίζε-

438 2162 561 2215 σθαι
593 2160 820 2232 μέλλων.
863 2157 1145 2224 Ἐπίστηθι
1171 2155 1347 2207 τοίνυν
1373 2156 1530 2222 ταχὺ,
1571 2152 1876 2224 ἐξάρπασον
1910 2151 2002 2204 αύ-

437 2253 528 2306 τὸν
555 2252 719 2318 ὀξέως
747 2249 838 2302 τοῦ
869 2249 1184 2312 κλυδωνίου,
1220 2248 1396 2299 πάντα
1419 2246 1638 2314 κίνησον
1660 2243 1837 2297 κάλων
1863 2242 2002 2295 ὥστε

440 2345 603 2400 αὐτὸν
647 2340 1016 2414 ἀνιμήσασθαι
1063 2342 1128 2393 ἐκ
1170 2339 1263 2392 τοῦ
1308 2339 1504 2409 βάθους
1549 2339 1648 2408 τῆς
1689 2337 1960 2400 ἀπωλείας
1986 2352 2000 2366 ·

441 2435 544 2488 κᾶν
578 2433 750 2505 μυρία
791 2449 850 2484 σε
881 2431 1015 2503 ἕλκῃ
1050 2429 1347 2500 πράγματα
1367 2469 1380 2492 ,
1412 2428 1574 2499 μηδὲν
1605 2428 1742 2480 ἔστω
1775 2429 1872 2498 τῆς
1900 2445 2005 2479 σω-

438 2527 633 2598 τηρίας
672 2525 766 2577 τοῦ
816 2524 1111 2593 κάμνοντος
1148 2523 1601 2592 ἀναγκαιότερον·
1637 2521 1738 2574 κᾶν
1767 2522 1876 2590 γάρ
1919 2537 2006 2588 μι-

441 2612 572 2682 κρὸν
603 2609 964 2664 ἀναϐαλέσθαι
994 2608 1281 2680 βουληθῇς,
1316 2609 1613 2680 προδώσεις
1641 2610 1800 2661 αὑτὸν
1821 2611 1886 2678 τῇ
1912 2607 2004 2660 τοῦ

441 2701 707 2774 χειμῶνος
729 2701 964 2770 ὀξύτητι.
995 2699 1086 2752 Διὸ
1104 2700 1298 2770 τάχους
1332 2701 1462 2770 ἡμῖν
1495 2703 1552 2753 ἐν
1589 2703 1707 2763 ταῖς
1731 2700 2007 2763 τοιαύταις

445 2795 747 2864 συμφοραῖς
793 2792 908 2859 δεῖ,
958 2792 1156 2861 τάχους
1192 2792 1287 2844 καὶ
1323 2791 1557 2860 σπουδῆς
1590 2791 2004 2861 ἐπιτεταμένης.

447 2887 711 2940 ’Δκουσον
742 2885 857 2946 πῶς
887 2883 1096 2946 Παῦλος
1129 2883 1428 2950 ἐπείγεται,
1464 2885 1559 2936 καὶ
1594 2885 1814 2954 ἐτέρους
1843 2884 2010 2937 διανί-

448 2992 604 3044 στησι
661 2975 920 3038 πολλοὺς,
974 2973 1094 3028 ἰδών
1156 2992 1280 3029 τινα
1356 2975 1638 3046 ἄνθρωπον
1699 2974 2010 3045 βυθίζεσθαι

451 3066 727 3136 μέλλοντα.
764 3064 1078 3133 κυρώσατε
1106 3069 1194 3130 εὶς
1217 3066 1402 3120 αὑτὸν
1431 3065 1691 3135 ἀγάπην,
1739 3067 1890 3134 φησὶ,
1923 3062 2008 3132 μή

447 3173 572 3224 πως
597 3157 670 3225 τῇ
703 3157 1094 3226 περισσοτέρᾳ
1123 3159 1285 3227 λύπῃ
1321 3155 1626 3225 καταποθῇ
1665 3160 1696 3210 ό
1722 3156 2008 3220 τοιοῦτος.

446 3251 544 3302 Διά
589 3249 745 3302 τοῦτο
799 3248 1010 3301 κελεύει
1057 3249 1265 3319 ταχέως
1313 3248 1495 3320 ὀρέξαι
1543 3252 1717 3320 χεῖρα,
1767 3249 1854 3301 ῖνα
1912 3249 2006 3318 μὴ,

450 3337 749 3410 μελλόντων
785 3339 816 3407 ή
827 3336 941 3407 μῶν
989 3339 1083 3389 καὶ
1118 3336 1581 3407 ἀναϐαλλομένων,
1631 3335 1808 3405 φθάσῃ
1846 3350 2012 3386 κατα-

448 3431 675 3501 ποθῆναι
706 3431 932 3493 ἐκεῖνος.
967 3428 1246 3499 Γινώμεθσ
1279 3430 1455 3482 τοίνυν
1504 3427 1844 3498 κηδεμονικοὶ
1883 3424 2010 3496 περὶ

447 3521 574 3582 τοὺς
605 3520 861 3588 ἀδελφοὺς
889 3521 1014 3582 τοὺς
1051 3521 1367 3590 ἡμετέρους.

519 3609 688 3662 Τοῦτο
720 3609 1011 3676 κεφάλαιον
1042 3612 1140 3680 τῆς
1191 3608 1312 3662 καθ’
1356 3610 1506 3680 ἡμᾶς
1558 3608 1826 3670 πολιτείας
1873 3609 2007 3670 ἐστὶ,

450 3697 606 3750 τοῦτο
652 3697 936 3766 γνώρισμα
960 3739 976 3765 ,
1007 3698 1070 3750 τὸ
1104 3701 1178 3768 μὴ
1208 3700 1276 3750 τὰ
1319 3699 1526 3750 ἑαυτῶν
1577 3701 1795 3751 σκοπεῖν
1832 3699 2009 3767 μόνον,

453 3791 588 3844 ἀλλά
621 3793 714 3843 καὶ
743 3791 813 3842 τά
839 3791 973 3861 μέλη
1021 3791 1176 3860 ήμῶν
1217 3790 1621 3861 διεστραμμένα
1645 3790 1885 3859 διορθοῦν
1918 3791 2013 3842 καὶ

453 3881 833 3951 καταρτίζεινο
867 3878 1023 3932 τοῦτο
1064 3879 1261 3949 δεῖγμα
1296 3881 1395 3949 τῆς
1442 3882 1677 3942 πίστεως
1724 3884 1974 3949 μέγιστον
1995 3896 2009 3910 ·

466 3970 569 4025 Ἐν
600 3971 786 4035 τούτῳ
827 3969 937 4038 γὰρ
970 3969 1326 4037 γνώσονται,
1356 3971 1486 4040 φησὶ
1507 4011 1522 4035 ,
1553 3971 1772 4036 πάντες
1793 3971 1880 4023 ὅτι
1904 3988 2015 4040 μα-

455 4063 627 4131 θηταί
642 4079 759 4130 μου
783 4061 942 4125 ἐστε,
971 4063 1078 4116 ἐὰν
1101 4061 1365 4130 ἀγαπᾶτε
1401 4063 1736 4130 ἀλλήλους.
1770 4063 2013 4134 Ἀγάπην

454 4151 513 4205 δὲ
559 4150 794 4204 δείκνυσι
856 4151 1085 4221 γνησίαν
1135 4151 1195 4203 οὑ
1243 4152 1492 4204 κοινωνία
1539 4150 1837 4223 τραπέζης,
1893 4153 2013 4205 οὐδὲ

457 4241 755 4312 πρόσρησις
802 4241 964 4313 ψιλὴ,
1015 4241 1134 4295 οὑδέ
1184 4242 1440 4296 κολακεία
1479 4242 1760 4313 ῥημάτων,
1792 4241 1924 4295 ἀλλά
1955 4242 2017 4294 τὸ

455 4333 738 4406 διορθῶσαι
774 4336 868 4388 καὶ
907 4334 1173 4405 σκοπῆσαι
1219 4335 1279 4386 τὸ
1313 4335 1586 4406 συμφέρον
1623 4335 1714 4386 τοῦ
1767 4335 2011 4404 πλησίον,

455 4424 518 4477 τὸ
549 4425 638 4478 τὸν
663 4426 987 4478 πεπτωκότα
1012 4425 1384 4495 διαναστῆσαι,
1413 4425 1472 4478 τὸ
1495 4425 1573 4496 τῷ
1603 4425 1837 4495 κειμένῳ
1862 4428 2018 4496 χεῖρα

456 4513 640 4584 ὀρέξαι
681 4514 778 4583 τῆς
807 4514 1006 4576 οἰκείας
1039 4512 1369 4585 ἀμελήσαντι
1415 4515 1720 4584 σωτηρίας,
1769 4515 1860 4568 καὶ
1912 4517 2017 4586 πρὸ

457 4599 565 4651 τῶν
589 4598 803 4652 οίκείων
832 4599 1047 4666 ἀγαθῶν
1076 4598 1142 4651 τά
1166 4599 1259 4652 τοῦ
1293 4600 1519 4670 πλησίον
1550 4600 1804 4669 ζητῆσαι.
1849 4601 2018 4656 Τοῦτο

459 4692 678 4761 ἀγάπης
706 4691 952 4758 γνησίας.
993 4692 1055 4744 Ἦ
1088 4691 1195 4762 γὰρ
1216 4693 1404 4762 ἀγάπη
1429 4692 1498 4744 τά
1528 4693 1694 4764 αὑτῆς
1721 4696 1781 4746 οὑ
1808 4695 2016 4764 βλέπει,

459 4783 592 4838 ἀλλά
616 4781 720 4854 πρὸ
742 4783 849 4834 τῶν
873 4785 1040 4854 αὐτῆς
1059 4783 1129 4836 τά
1146 4783 1238 4836 τοῦ
1263 4784 1490 4854 πλησίον
1507 4787 1628 4855 ὁρᾷ,
1667 4787 1753 4839 ἵνα
1783 4787 1850 4839 δι’
1872 4788 2017 4840 ἐκεί-

458 4893 562 4929 νων
598 4877 668 4929 τά
699 4877 864 4947 αὐτῆς
891 4877 995 4947 ἴδῃ.
1012 4876 1164 4929 Ἐπεὶ
1184 4876 1274 4928 καὶ
1305 4875 1413 4944 ἐγὼ
1439 4876 1532 4930 νῦν
1554 4879 1672 4948 οὐχὶ
1695 4878 1760 4930 δι’
1787 4880 2018 4949 ἐμαυτὸν

458 4968 724 5021 ἀποτείνω
784 4967 1068 5030 τοσούτους
1121 4968 1341 5034 λόγους,
1393 4968 1528 5021 ἀλλά
1584 4969 1650 5022 δι’
1701 4971 1862 5039 ὑμᾶς.
1912 4971 2020 5024 Καὶ

459 5061 614 5127 ὑμεῖς
633 5056 781 5129 [691]
801 5059 979 5112 τοίνυν
1002 5059 1074 5128 μὴ
1093 5059 1160 5112 δι’
1187 5060 1409 5121 ἑαυτοὺς
1437 5059 1660 5112 ἀκούετε
1691 5062 1869 5130 μόνον,
1887 5061 2020 5114 ἀλλὰ

459 5151 552 5202 καὶ
579 5149 646 5200 δι’
672 5150 889 5219 ἐτέρους
922 5152 1046 5212 τοὺς
1081 5152 1208 5221 παρ’
1244 5150 1396 5220 ὑμῶν
1425 5150 1770 5204 παιδεύεσθαι
1801 5150 2020 5220 μέλλον-

458 5256 578 5303 τας.
605 5239 760 5292 Κατά
789 5239 898 5310 γὰρ
926 5239 1022 5309 τήν
1046 5241 1362 5294 ἀκολουθίαν
1389 5241 1495 5294 τῶν
1525 5241 1699 5312 μελῶν
1727 5244 1821 5295 καὶ
1844 5242 1905 5294 τὸ
1923 5243 2020 5314 τῆς

471 5329 794 5399 Ἐκκλησίας
825 5329 1081 5400 τρέφεται
1130 5331 1305 5401 σῶμα.
1339 5333 1548 5402 ’Ὠσπερ
1600 5329 1691 5385 οὖν
1728 5334 1788 5385 τὸ
1836 5333 2016 5403 μέλος,

462 5419 556 5473 ἐὰν
594 5419 839 5491 κατάσχῃ
874 5419 1002 5490 παρ’
1035 5419 1210 5490 ἐαυτῷ
1238 5422 1336 5492 τὴν
1364 5423 1566 5493 τροφὴν
1594 5425 1793 5487 πᾶσαν,
1825 5423 1917 5476 καὶ
1945 5425 2020 5494 μὴ

467 5509 677 5582 μεταδῷ
704 5509 781 5580 τῷ
811 5511 1067 5580 πλησίον,
1106 5515 1198 5565 καὶ
1244 5514 1403 5566 ἐαυτὸ
1451 5513 1784 5583 λυμαίνεται,
1832 5515 1924 5568 καὶ
1959 5514 2019 5567 τὸ

465 5599 644 5652 λοιπὸν
685 5600 980 5671 διαφθείρει
1021 5601 1209 5671 σῶμα*
1254 5599 1362 5657 οἷον
1388 5605 1416 5656 6
1458 5605 1756 5674 στόμαχος,
1791 5605 1884 5657 ἐὰν
1921 5605 2019 5677 τὴν

466 5691 670 5764 τροφὴν
710 5691 867 5752 αὑτὸς
904 5692 1146 5764 κατάσχῃ
1183 5695 1337 5762 μόνος
1356 5736 1370 5758 ,
1418 5696 1510 5748 καὶ
1542 5695 1600 5747 τὸ
1641 5695 1822 5749 λοιπὸν
1861 5695 2018 5768 σῶμα

755 5820 1026 5882 Ρηιιοι..
1060 5821 1179 5884 Gn.
1223 5821 1377 5886 LIV.

1574 302 1640 359 IN
1687 295 1984 359 GENESIM
2023 299 2259 356 SERMO
2297 301 2387 356 IX.

3543 295 3650 352 62-!-

2088 421 2166 492 τῷ
2200 421 2342 492 λιμῷ
2383 424 2718 491 κατατήκει,
2765 420 2856 472 καὶ
2888 418 3077 472 ἐαυτὸν
3117 415 3220 471 ὑπδ
3250 410 3348 484 τῆς
3390 413 3657 483 ἀμετρίας

2087 510 2416 580 διαφθείρει’
2449 509 2515 562 ἀν
2539 509 2594 560 δέ
2623 508 2683 558 τὸ
2712 506 2912 576 ἀρκοῦν
2934 505 3112 558 λαϐὼν
3137 504 3277 556 κατά
3297 502 3392 573 τὴν
3420 499 3654 570 φυσικὴν

2087 596 2424 662 ἀκολουθίαν,
2472 597 2534 650 τὸ
2562 596 2744 648 λοιπὸν
2776 597 2885 655 τοῖς
2929 593 3136 664 ἐτέροις
3179 589 3521 660 παραπέμψῃ
3555 587 3654 656 μέ-

2088 686 2222 750 λεσι,
2267 685 2358 739 καὶ
2400 683 2588 738 ἐαυτὸν
2613 683 2708 736 καὶ
2744 682 2805 734 τὸ
2829 681 3012 733 λοιπὸν
3047 678 3204 748 σῶμα
3242 679 3300 729 ἐν
3333 675 3512 743 ὑγιείᾳ
3543 673 3658 726 δια-

2088 774 2275 841 τηρεῖ’
2307 767 2448 822 οὕτω
2478 771 2571 823 καὶ
2610 769 2674 821 σὺ
2719 767 2849 833 νῦν,
2880 765 2945 818 ἂν
2976 765 3213 826 ἀκούσας
3239 762 3305 815 τά
3335 762 3463 831 παρ’
3499 759 3655 828 ἡμῶν

2089 858 2388 927 κατάσχῃς,
2434 857 2605 926 ἑτέρῳ
2632 855 2688 906 δέ
2723 854 2796 924 μὴ
2830 851 3093 923 μεταδῷς,
3139 851 3389 905 κάκεῖνον
3419 845 3654 916 ἐζημιω-

2091 962 2188 1007 σας
2232 944 2324 996 καὶ
2358 943 2580 995 σεαυτὸν
2622 939 2949 1010 διέφθειρας,
2996 934 3350 1008 χαλεπώτατα
3378 933 3658 1001 νοσήματα

2090 1031 2558 1099 ἐπισπασάμενος,
2610 1025 2835 1080 νωθείαν
2890 1023 2983 1076 καὶ
3029 1021 3239 1090 φθόνον.
3307 1019 3375 1070 Ἢ
3418 1017 3525 1085 γάρ
3571 1015 3660 1066 διὰ

2094 1119 2374 1189 πονηρίαν,
2407 1117 2440 1186 ἢ
2467 1115 2533 1168 δι’
2563 1115 2763 1184 ἀργίαν
2792 1111 2885 1164 καὶ
2909 1108 3178 1180 ρᾳθυμίαν
3203 1107 3260 1158 οὑ
3293 1104 3659 1174 μεταδίδωμεν

2094 1208 2318 1278 ἑτέροις.
2361 1205 2650 1273 Ὁπότερον
2679 1201 2736 1253 δέ
2773 1195 2890 1270 ἀνῇ
2929 1195 3154 1257 τούτων,
3185 1193 3366 1273 ἱκανὸν
3400 1190 3660 1243 ἀπολέσαι

2091 1296 2183 1346 τὸν
2214 1292 2424 1361 ἔχοντα.
2463 1290 2560 1341 Ἂν
2588 1287 2644 1340 δέ
2673 1285 2924 1354 ἀφθόνως
2973 1281 3068 1335 καὶ
3111 1283 3189 1343 είς
3222 1279 3441 1348 ἐτέρους
3477 1293 3660 1346 παρα-

2094 1379 2318 1450 πέμψῃς
2345 1377 2444 1448 τὴν
2471 1374 2698 1446 τροφὴν,
2727 1373 2823 1425 καὶ
2859 1369 3049 1423 ἐαυτὸν
3079 1369 3173 1419 καὶ
3207 1369 3410 1417 ἐκεῖνον
3448 1363 3660 1431 ὠφέλη-

2096 1485 2211 1530 σας.
2254 1465 2392 1518 Ἀλλ’
2424 1464 2564 1534 ὑπὲρ
2597 1463 2693 1532 μὲν
2722 1457 2925 1512 τούτων
2957 1457 3115 1509 ίκανά
3147 1453 3215 1504 τὰ
3237 1451 3519 1522 εἰρημένα.

2164 1608 2231 1671 γ’.
2267 1599 2440 1652 Δεῖδέ
2472 1594 2655 1648 λοιπὸν
2698 1593 2791 1645 ἐπί⁵
2829 1591 2926 1661 τὴν
2967 1585 3285 1642 ἀκολουθίαν
3331 1584 3502 1636 ἐλθεῖν
3555 1579 3663 1633 τῶν

2096 1665 2283 1756 πρώην
2311 1683 2626 1754 λεχθέντων.
2661 1679 2794 1732 Τίνα
2832 1673 2925 1729 οῦν
2953 1671 3022 1746 ἦν
3058 1677 3272 1738 ἐκεῖνα;
3303 1669 3440 1741 Περὶ
3462 1665 3663 1720 Σαύλου

2097 1779 2191 1830 καὶ¹
2219 1774 2430 1830 Παύλου
2462 1772 2582 1824 τότε
2618 1766 2938 1838 ἐζητοῦμεν,
2961 1764 3049 1818 διὰ
3073 1764 3124 1815 τί
3147 1761 3275 1814 ποτέ
3309 1759 3407 1830 μὲν
3429 1756 3629 1817 Σαῦλος
3648 1794 3662 1815 ,

2099 1863 2228 1917 ποτέ
2270 1863 2327 1914 δὲ
2355 1858 2566 1922 Παῦλος
2595 1857 2838 1924 ἐλέγετο·
2879 1848 2996 1904 εἶτα
3039 1849 3195 1918 ἐξέϐη
3205 1865 3300 1916 μεν
3328 1849 3391 1899 ἐκ
3419 1845 3516 1914 τῆς
3539 1844 3668 1896 ἀκο-

2099 1951 2315 2013 λουθίας
2354 1948 2556 2017 ταύτης
2601 1947 2681 2008 είς
2711 1943 2986 2013 ὀνομάτων
3025 1938 3263 2008 ἱστορίαν
3295 1934 3516 2002 πολλήν.
3557 1931 3666 1984 Καὶ

2101 2038 2287 2108 ἐπειδὴ
2325 2035 2589 2106 ἐξέϐημεν
2619 2034 2710 2086 ἀπ’
2753 2029 2954 2092 αὐτῶν,
2997 2028 3096 2080 οὑκ
3139 2023 3314 2088 ἔδοξεν
3347 2025 3494 2108 ήμῖνγ
3519 2019 3665 2108 ἀξιον

2102 2120 2238 2178 εἶναι
2268 2105 2644 2193 παραδραμεῖν
2664 2118 2760 2188 τὴν
2792 2115 3060 2187 ἐμπορίαν
3086 2112 3319 2180 ἐκείνην.
3355 2111 3416 2161 EE
3438 2107 3546 2178 γὰρ
3572 2105 3666 2193 καί

2101 2211 2190 2264 διά
2231 2190 2463 2263 Παῦλον-
2489 2207 2722 2279 ήλθομεν
2761 2205 2853 2258 ἐπὶ
2882 2203 2977 2274 τὴν
3009 2200 3261 2254 ὑπόθεσιν
3297 2195 3520 2265 ταύτην,
3549 2190 3665 2247 ἀλλ’

2103 2300 2250 2369 ὅμως
2274 2299 2367 2352 καὶ
2393 2297 2492 2367 τὴν
2513 2296 2620 2348 τῶν
2645 2294 2817 2349 ἄλλων
2849 2291 3128 2362 ὀνομάτων
3161 2287 3373 2357 ε’ύρεσιν
3402 2280 3670 2354 ἐμπορεύ-

2106 2385 2299 2439 σασθαι
2327 2385 2591 2452 ἔγνωμεν.
2620 2379 2778 2433 Οὕτω
2798 2379 2893 2432 καὶ
2911 2380 2959 2430 οἱ
2991 2376 3087 2447 τὴν
3122 2374 3388 2428 θάλατταν
3416 2370 3670 2430 πλέοντες

2105 2475 2222 2528 κατ’
2258 2472 2525 2542 ἐμπορίαν
2563 2469 2776 2522 ποιοῦσι
2806 2465 3088 2530 πολλάκις,
3111 2463 3254 2533 ὑπὲρ
3287 2455 3671 2531 πραγματείας

2103 2563 2297 2631 ὀλίγων
2331 2560 2490 2613 τινῶν
2523 2557 2959 2627 ἐπιδημήσαντες
2979 2570 2992 2583 ·
3025 2551 3244 2606 ἐπειδὰν
3284 2551 3363 2612 εἰς
3386 2551 3484 2619 τὴν
3517 2546 3671 2598 πόλιν

2105 2649 2366 2711 ἐλθόντες,
2398 2648 2476 2709 εἰς
2506 2645 2572 2716 ἣν
2605 2643 2942 2706 ἐστέλλοντο,
2976 2641 3126 2694 Eunt
3156 2639 3251 2691 καὶ
3287 2636 3490 2708 ἐτέρων
3529 2635 3672 2702 ἀγω-

2105 2737 2281 2806 γίμων
2312 2735 2536 2805 ἔχουσαν
2579 2732 2872 2803 ἀφθονίαν,
2905 2727 3086 2798 πολλῷ
3123 2727 3345 2780 πλείονα
3383 2725 3485 2795 τῆς
3531 2740 3674 2795 παρ-

2107 2826 2517 2895 εσκευασμένης
2540 2820 2933 2891 ποιοῦνταιτὴν
2950 2819 3238 2889 ἐμπορίαν.
3263 2815 3379 2868 Κᾶν
3397 2813 3669 2884 ἐγκαλέσῃ

2109 2930 2192 2974 τις
2218 2953 2233 2975 ,
2258 2913 2428 2964 ταῦτα
2461 2911 2678 2978 λέγουσι
2703 2910 2770 2962 τὰ
2809 2908 3032 2980 ῥήματα
3051 2924 3062 2935 ·
3085 2904 3337 2976 Μακράν,
3369 2903 3550 2971 φασὶν,
3579 2901 3673 2971 ἦλ-

2112 3000 2276 3070 θομεν
2303 3001 2439 3063 ὁδὸν,
2473 2999 2700 3061 πολλοὺς
2725 2997 3005 3068 χειμῶνας
3034 2993 3429 3064 ὑπεμείναμεν,
3448 2989 3675 3050 πολλοὺς

2111 3085 2383 3150 κινδύνους
2405 3125 2421 3149 ,
2449 3085 2752 3138 διαπόντιον
2783 3080 3086 3152 ἀποδημίαν
3118 3076 3502 3147 ἐστειλάμεθαο
3530 3075 3582 3126 τί
3609 3075 3673 3144 δὴ

2111 3173 2306 3227 κωλύει
2330 3172 2709 3243 ἀφθονωτέραν
2729 3168 2980 3239 γενέσθαι
3006 3169 3102 3239 τὴν
3130 3163 3505 3234 πραγματείαν
3521 3164 3674 3231 ήμῖν;

2110 3260 2294 3316 Ταῦτα
2323 3260 2514 3332 δήκαὶ
2559 3261 2716 3329 ἡμεῖς
2764 3255 3178 3327 ἀπολογώμεθα.
3225 3253 3334 3306 Καὶ
3380 3251 3489 3320 γάρ
3516 3253 3677 3322 ἡμεῖς

2111 3348 2398 3418 ζητοῦντες
2443 3347 2570 3418 περὶ
2603 3346 2710 3399 τῶν
2756 3344 3032 3415 ὀνομάτων
3062 3340 3155 3395 τοῦ
3184 3339 3418 3402 Παύλου,
3447 3337 3679 3408 εὖρομεν

2110 3437 2175 3488 ἐκ
2206 3437 2304 3507 τῆς
2349 3435 2668 3497 ἀκολουθίας
2707 3434 2798 3487 καὶ
2845 3433 3035 3500 ἐτέραν
3070 3429 3336 3500 ἐμπορίαν
3376 3426 3676 3494 ὀνομάτων,

2111 3517 2221 3576 οἷόν
2269 3542 2320 3576 τι
2364 3525 2392 3575 6
2435 3523 2638 3593 Πέτρος
2667 3521 2848 3591 Σίμων
2891 3517 3134 3572 ἐκαλεῖτο
3186 3515 3292 3587 πρὸ
3332 3513 3542 3576 τούτου,
3584 3512 3678 3564 καὶ

2110 3613 2158 3662 οἱ
2194 3611 2298 3663 υἱοὶ
2335 3609 2617 3664 Ζεϐεδαίου
2659 3607 2912 3670 Ἰάκωϐος
2955 3607 3052 3660 καὶ
3091 3605 3341 3673 Ἰωάννης
3374 3601 3479 3654 υίοὶ
3524 3598 3680 3668 βρον-

2110 3701 2208 3766 τῆς
2245 3697 2658 3766 ὠνομάσθησαν.
2697 3694 2940 3766 Εὖρομεν
2984 3694 3079 3746 καὶ
3125 3694 3182 3744 ἐν
3226 3694 3292 3760 τῇ
3337 3690 3544 3756 Halani.
3591 3688 3679 3740 τὸν

2125 3783 2373 3854 Ἀϐραάμ
2411 3783 2517 3851 πρὸ
2548 3781 2738 3834 τούτου
2776 3782 2873 3851 μὲν
2905 3779 3126 3848 Ἀϐραμ
3161 3776 3510 3846 καλούμενον,
3540 3776 3680 3844 μετά

2113 3868 2168 3919 δὲ
2201 3867 2372 3920 ταῦτα
2407 3867 2695 3938 Ἀϐραάμ,
2739 3867 2834 3919 καὶ
2873 3865 2963 3918 τὸν
3016 3862 3208 3916 Ἰακὼϐ
3253 3863 3469 3933 Ἰσραὴλ
3515 3879 3682 3932 μετα-

2115 3955 2411 4024 κληθέντα,
2459 3957 2552 4008 καὶ
2597 3955 2695 4021 τὴν
2748 3956 2963 4026 Σάρραν
3001 3953 3202 4022 Σάραν.
3258 3950 3500 4020 Εῦρομεν
3545 3949 3679 4020 πρὸς

2114 4043 2340 4107 τούτοις,
2367 4045 2448 4096 ὅτι
2474 4042 2650 4114 ἕτεροί
2671 4059 2814 4106 τινες
2845 4041 2905 4094 οὑ
2943 4038 3459 4112 μετωνομάσθησαν,
3490 4036 3680 4108 ὥσπερ

2114 4124 2278 4194 οῦτοι,
2299 4130 2411 4182 ἀλλ’
2439 4129 2673 4200 ἐξαρχῆς
2705 4128 2892 4182 ἔλαϐον
2911 4129 2979 4182 τά
3007 4127 3264 4197 ὀνόματα,
3291 4126 3478 4194 ὥσπερ
3503 4127 3682 4179 Ἰωάν-

2115 4236 2210 4289 νης
2243 4221 2271 4270 ὁ
2307 4217 2627 4288 βαπτιστὴς,
2657 4219 2732 4280 ὡς
2759 4219 2788 4271 6
2821 4217 3023 4278 Ἰσαὰκ,
3059 4216 3133 4278 ὼς
3157 4217 3185 4266 ὁ
3226 4215 3415 4285 Ἀδάμ.
3450 4217 3681 4267 ’Λτοπον

2115 4306 2291 4358 τοίνυν
2318 4306 2450 4374 ἡμῖν
2478 4304 2651 4369 ἔδοξεν
2684 4302 2820 4358 εἶναι
2853 4305 2948 4358 καὶ
2989 4303 3242 4374 βλακείας
3271 4303 3523 4372 ἐσχάτης,
3553 4318 3681 4355 τοσο

2115 4392 2269 4446 οῦτον
2288 4393 2395 4446 ἀπὸ
2414 4392 2521 4444 τῶν
2538 4392 2731 4462 χειρῶν
2754 4391 2902 4463 ῥῖψαι
2927 4391 3196 4464 θησαυρόν
3211 4389 3360 4462 [692]
3373 4432 3385 4444 .
3411 4391 3506 4443 Διά
3527 4389 3682 4443 τοῦτο

2121 4483 2453 4552 μακρότερον
2479 4482 2811 4551 ἐποιήσαμεν
2838 4481 2927 4534 τὸν
2955 4480 3131 4547 λόγον,
3181 4481 3272 4532 καὶ
3302 4481 3429 4549 περὶ
3463 4479 3570 4532 τῶν
3596 4479 3682 4544 ἐξ-

2118 4573 2289 4640 αρχῆς
2322 4567 2724 4638 ὀνομασθέντων
2758 4566 2948 4638 πρώην
2977 4567 3220 4628 εἰπόντες
3244 4606 3258 4631 ,
3305 4569 3540 4636 σήμερον
3564 4567 3681 4620 δια-

2119 4655 2384 4725 νοούμεθα
2415 4654 2540 4724 περὶ
2578 4654 2685 4705 τῶν
2723 4653 3003 4723 διωνύμων
3033 4655 3234 4714 εἰπεῖν,
3265 4653 3340 4715 ὡς
3369 4649 3447 4716 εἷς
3481 4656 3625 4706 ἐστιν
3652 4655 3682 4705 6

2131 4744 2398 4815 Ἀϐραάμ.
2437 4741 2497 4797 ’0
2525 4741 2622 4812 μὲν
2646 4741 2754 4812 γὰρ
2793 4740 2962 4811 Ἀδάμ
2990 4741 3143 4793 τοῦτο
3169 4741 3369 4812 ἐκλήθη
3397 4742 3684 4804 διαπαντὸς

2119 4833 2181 4885 τὸ
2214 4831 2382 4901 ὄνομα
2403 4871 2416 4892 ,
2453 4831 2545 4882 καὶ
2571 4829 2668 4882 οὑκ
2694 4828 2848 4898 ἔσχεν
2878 4829 3089 4898 ἕτερον·
3138 4829 3231 4881 καὶ
3268 4831 3297 4882 6
3335 4829 3515 4882 Ἰσαάκ
3544 4830 3684 4882 οὑτω

2122 4921 2283 4973 πάλιν
2324 4917 2423 4970 οὑκ
2472 4915 2685 4980 ἐδέξατο
2724 4915 2981 4985 δευτέραν
3030 4917 3416 4988 προσηγορίαν,
3463 4917 3574 4970 ἀλλ’
3624 4917 3686 4981 ἐξ

2122 5007 2296 5075 ἀρχῆς
2322 5005 2482 5074 μέχρι
2513 5003 2697 5066 τέλους
2737 5001 2920 5055 Ἰσαάκ
2949 5002 3164 5070 ἐλέγετο
3184 5021 3199 5034 ·
3227 5005 3255 5056 6
3285 5003 3340 5056 δὲ
3369 5003 3461 5056 τοῦ
3504 5004 3686 5058 Ἰσαάκ

2120 5092 2302 5163 πατὴρ
2352 5092 2573 5162 Ἀϐραμ
2618 5091 2724 5162 πρὸ
2773 5091 2958 5144 τούτου
3011 5092 3110 5161 μὲν
3159 5092 3404 5161 ἐλέγετο·
3454 5092 3589 5162 μετά
3626 5093 3685 5145 δὲ

2119 5179 2296 5233 ταῦτα
2331 5179 2600 5249 Ἀϐραάμ.
2630 5176 2765 5232 Είπε
2794 5179 2901 5249 γάρ
2928 5179 3062 5249 πρὸς
3087 5180 3248 5234 αὑτὸν
3274 5183 3302 5232 6
3325 5181 3475 5242 Θεὸς,
3498 5181 3680 5248 φησὶν,

2124 5267 2331 5324 Οὐκέτι
2361 5268 2530 5320 ἔσται
2551 5268 2616 5320 τὸ
2639 5267 2824 5335 ὄνομὰ
2850 5284 2965 5320 σου
2991 5269 3221 5335 Ἀϐριιμ,
3249 5267 3408 5321 ἀλλὰ
3445 5268 3686 5336 Ἀϐραὰμ

2121 5355 2492 5423 κληθήσεται
2529 5357 2591 5409 τὸ
2624 5354 2811 5422 ὄνομά
2847 5373 2981 5409 σου.
3031 5356 3140 5408 Καὶ
3169 5355 3276 5424 γάρ
3306 5355 3523 5424 Ἀϐραμ
3551 5357 3682 5408 ἐκα-

2121 5443 2265 5496 λεῖτο
2292 5443 2351 5496 τὸ
2382 5444 2676 5513 πρότερον,
2704 5441 2841 5494 ἀλλά
2889 5441 3044 5494 τοῦτο
3083 5442 3145 5493 τὸ
3182 5442 3350 5513 ὄνομα
3399 5443 3496 5494 οὑκ
3536 5441 3682 5498 ἐστιν

2133 5531 2458 5600 Ἑλληνικὸν,
2488 5531 2605 5584 οὐδὲ
2633 5533 2700 5600 τῇ
2744 5531 2987 5601 ήμετέρᾳ
3016 5529 3228 5600 γλώττῃ
3250 5569 3265 5592 ,
3311 5529 3444 5582 ἀλλά
3473 5533 3537 5600 τῇ
3575 5531 3683 5586 τῶν

2133 5618 2396 5688 Ἐϐραίων
2426 5618 2566 5671 οὕτω
2594 5616 2827 5684 λέγεται.
2865 5617 2929 5668 Τί
2957 5613 3050 5669 οὖν
3077 5618 3224 5670 ἐστιν
3252 5619 3682 5689 ἑρμηνευόμενον

2119 5705 2180 5758 τὸ
2210 5705 2380 5775 ὄνομα
2411 5705 2597 5771 τοῦτο;
2647 5703 2913 5772 Περάτης.
2966 5703 3074 5756 Καὶ
3119 5705 3226 5774 γάρ
3272 5704 3334 5756 τὸ
3365 5706 3584 5777 Ἀϐραμ
3614 5710 3678 5776 τῇ

3299 5827 3373 5885 16
