4146 6260
397 250 500 307 625

395 368 583 438 Σύρων
613 369 762 438 φωνῇ
793 367 852 421 τὸ
889 367 1087 444 ,πέραν
1130 364 1364 434 λέγεται,
1398 364 1494 417 καὶ
1521 363 1699 417 ἴσασιν
1727 364 1840 417 ὅσοι
1868 362 1967 432 τῆς

397 453 582 522 φωνῆς
608 449 814 518 ταύτης
855 449 994 503 εἰσίν
1025 447 1296 518 ἔμπειροι.
1343 444 1524 516 Πολλὴ
1571 444 1630 498 δέ
1673 447 1740 516 τῇ
1785 444 1971 515 Σύρων

398 536 549 605 φωνῇ
583 533 716 604 πρὸς
746 532 843 602 τὴν
880 529 986 583 τῶν
1024 527 1288 600 Ἐϐραίων
1315 527 1560 595 γλιῖγτταν
1591 529 1624 597 ἡ
1661 528 1967 596 συγγένεια.

389 617 509 688 ,Καὶ
534 615 620 669 διὰ
641 615 692 667 τί
720 615 964 685 περάτης
983 611 1217 679 ἐλέγετο,
1241 611 1404 681 φησίν
1423 629 1437 676 ;
1455 611 1519 664 Ἦ
1549 611 1778 664 Ἰουδαία
1797 609 1971 681 χώρα,

398 699 694 762 τουτέστιν,
724 698 756 766 ἡ
785 695 1114 764 Παλαιστίνη
1145 695 1316 756 πᾶσα,
1353 697 1387 764 ἡ
1413 693 1524 747 ἀπὸ
1553 696 1652 765 τῆς
1693 691 1971 760 Δίγύπτω

404 783 564 852 μέχρι
589 779 681 832 τοῦ
708 779 1012 850 Εὐφράτου.
1045 779 1164 830 κατ’
1193 777 1419 848 ἀντικρὺ
1468 779 1644 829 κεῖται
1672 778 1770 844 τῆς
1795 777 1972 828 Βαϐυ-

399 864 616 928 λωνίας,
646 862 766 914 ὅθεν
795 857 861 931 ἦν
890 864 918 913 6
957 859 1232 929 Ἀϐραάμ·
1266 859 1360 911 καὶ
1401 857 1564 928 μέσος
1606 860 1692 928 ῥεῖ
1713 859 1780 910 δι’
1807 859 1974 928 ἀμφο-

397 947 616 1017 τέρωνὸ
649 945 893 1013 ποταμὸς
916 983 931 1007 ,
971 941 1146 995 κοινὸν
1183 939 1432 1010 μεθόριον
1473 938 1548 992 ὢν
1577 939 1838 1010 ἑκατέρας
1875 940 1974 1009 τῆς

397 1029 518 1099 γῆς.
538 1029 688 1080 Ἐπεὶ
721 1023 812 1080 οὖν
836 1027 935 1080 οὐκ
962 1025 1070 1078 ἀπὸ
1099 1023 1200 1093 τῆς
1227 1023 1594 1093 Παλαιστίνης
1625 1019 1712 1093 ἦν,
1736 1023 1851 1076 ἀλλ’
1869 1023 1976 1076 ἀπὸ

395 1113 491 1166 τοῦ
525 1112 695 1181 πέραν
726 1109 888 1182 ἦλθεν
917 1110 1023 1162 ἀπὸ
1044 1108 1146 1177 τῆς
1169 1107 1539 1173 Βαϐυλωνίας,
1569 1106 1658 1159 διὰ
1689 1107 1847 1159 τοῦτο
1865 1106 1976 1160 ἀπὸ

397 1195 492 1248 τοῦ
526 1196 689 1247 τόπου
725 1196 818 1248 καὶ
871 1192 964 1248 τοῦ
1007 1191 1331 1263 πράγματος
1363 1190 1424 1242 τὸ
1460 1190 1628 1260 ὄνομα
1670 1189 1846 1252 ἔλαϐε,
1883 1189 1976 1242 καὶ

399 1279 643 1349 περάτης
671 1279 908 1345 ἐλέγετο,
940 1275 1128 1346 ἐπειδὴ
1156 1275 1264 1328 ἀπὸ
1295 1273 1389 1328 τοῦ
1417 1274 1590 1344 πέραν
1621 1269 1772 1346 ἦλθε.
1797 1276 1893 1326 Διά
1925 1273 1976 1324 τί

399 1360 456 1412 δέ
487 1362 597 1413 ἀπὸ
629 1359 722 1412 τοῦ
759 1359 928 1428 πέραν
962 1353 1160 1426 ἦλθεν;
1216 1356 1434 1428 Ἐπειδὴ
1479 1359 1508 1409 6
1543 1355 1676 1418 Θεὸς
1703 1355 1976 1409 ἐκέλευσε.

399 1444 513 1496 Καὶ
541 1443 628 1494 διὰ
656 1442 708 1493 τί
735 1443 762 1492 6
783 1441 916 1501 Θεὸς
942 1441 1258 1506 ἐκέλευσεν;
1285 1441 1400 1494 Ἵνα
1429 1437 1578 1512 δείξῃ
1603 1439 1703 1510 τὴν
1733 1437 1978 1508 ὑπακοὴν

399 1527 495 1578 τοῦ
529 1525 757 1578 δικαίου.
806 1525 916 1577 Καὶ
960 1522 1078 1586 πῶς
1125 1523 1334 1576 ἐδείκνυ
1362 1523 1462 1594 τὴν
1497 1522 1742 1593 ὑπακοὴν
1789 1521 1882 1574 τοῦ
1911 1521 1981 1573 δι-

403 1610 592 1668 καίους
642 1608 764 1661 ’Ὁτι
807 1607 895 1660 διὰ
943 1607 1003 1660 τὸ
1058 1606 1220 1660 αὑτοῦ
1259 1607 1588 1678 πρόσταγμα
1629 1607 1729 1678 τὴν
1773 1605 1979 1658 οἰκείαν

403 1694 592 1762 ἀφεὶς,
631 1693 733 1763 τὴν
778 1690 1064 1760 ἀλλοτρίαν
1094 1692 1214 1746 ιῖιντῖ⁵
1253 1691 1467 1760 ἐκείνης
1509 1689 1794 1760 ἡλλάξατο.
1827 1685 1981 1751 Εἶδες

404 1776 546 1844 πόση
595 1774 852 1826 πλέκεται
881 1773 1040 1845 σειρὰ
1078 1774 1186 1827 ἀπὸ
1222 1773 1318 1846 τῆς
1345 1773 1438 1826 τοῦ
1467 1773 1675 1825 δικαίου
1705 1787 1980 1842 προσηγο-

407 1859 562 1930 ρίας;
610 1857 930 1928 Ὀλόκληρον
971 1859 1103 1928 ἡμῖν
1147 1857 1382 1925 πέλαγος
1429 1855 1670 1927 ἱστορίας
1717 1853 1777 1907 τὸ
1812 1853 1982 1923 ὄνομα

405 1941 580 2010 ἤνοιξε
605 1940 780 1993 τοῦτο.
796 1939 950 1994 Μάθε
975 1941 1153 1993 τοίνυν
1176 1939 1340 1992 αὑτοῦ
1361 1939 1423 1991 τὸ
1443 1938 1616 2008 ὄνομα
1639 1937 1701 1990 τὸ
1727 1936 1981 2000 παλαιὸν,

405 2024 492 2076 ἵνα
519 2025 644 2076 ὅταν
673 2023 788 2095 ἴδῃς
819 2023 980 2076 αὑτὸν
1019 2022 1117 2093 τὴν
1156 2021 1524 2092 Παλαιστίνην
1567 2017 1856 2085 οἰκοῦντα,
1896 2018 1984 2072 διά

405 2107 503 2176 τῆς
535 2107 904 2178 προσηγορίας
951 2105 1114 2160 αὑτοῦ
1161 2107 1297 2177 πρὸς
1344 2107 1440 2176 τὴν
1485 2106 1718 2176 ἀρχαίαν
1749 2103 1984 2171 πατρίδα

405 2190 913 2261 χειραγωγούμενος
935 2231 948 2253 ,
984 2191 1077 2244 καὶ
1121 2189 1406 2262 μανθάνων
1444 2190 1541 2258 τὴν
1571 2188 1770 2248 αἰτίαν,
1818 2186 1884 2239 δι’
1917 2186 1983 2256 ἣν

408 2274 578 2342 αὐτὴν
608 2273 980 2341 ἐγκατέλιπεν,
1015 2274 1206 2343 ἱκανὴν
1239 2272 1374 2342 πρὸς
1400 2271 1490 2326 τὸν
1513 2271 1676 2324 αὐτὸν
1705 2270 1865 2339 ζῆλον
1889 2268 1984 2321 λά-

408 2355 508 2426 ϐῃς
543 2373 618 2408 πα
627 2356 906 2427 ράκλησιν.

483 2439 800 2510 Ἀνθρωπος
832 2441 940 2510 γὰρ
979 2440 1086 2510 πρὸ
1135 2439 1298 2508 νόμου
1323 2436 1418 2492 καὶ
1450 2437 1547 2507 τῆς
1579 2437 1804 2506 ἐννόμου
1835 2435 1986 2487 πολι·

407 2522 559 2584 τείας
591 2521 687 2586 ὣν,
718 2521 817 2593 τὴν
851 2524 908 2574 ἐν
956 2524 1022 2592 τῇ
1067 2521 1252 2592 χάριτι
1299 2519 1617 2589 φιλοσοφίαν
1651 2517 1983 2582 ἐπεδείξατο,

409 2605 506 2657 καὶ
533 2605 668 2676 ὅπερ
691 2605 875 2674 ἐλεγεν
911 2604 1135 2674 ὕστερον
1179 2605 1207 2656 6
1237 2601 1472 2673 Χριστὸς
1501 2604 1614 2663 τοῖς
1637 2601 1951 2663 ἀποστόλοις
1969 2618 1981 2629 ·

425 2688 603 2758 Ἀμὴν
641 2688 794 2758 λέγω
828 2689 1000 2757 ὑμῖν,
1031 2688 1122 2741 ὅτι
1166 2689 1276 2741 οὐκ
1318 2685 1520 2751 ἔστιν,
1551 2684 1719 2750 ὅστις
1751 2682 1987 2753 ἀφῆκεν

412 2773 626 2838 οὶκίαν,
653 2772 690 2840 ἢ
720 2771 1042 2839 ἀδελφοὺς,
1065 2771 1104 2838 ἢ
1132 2769 1420 2838 ἀδελφὰς,
1455 2768 1493 2837 ἣ
1522 2767 1766 2835 πατέρα,
1806 2767 1844 2836 ἣ
1873 2785 1989 2837 μη-

412 2855 582 2922 τέρα,
633 2854 700 2920 ὃς
739 2856 852 2923 οὐχ
896 2852 1494 2906 ἑκατονταπλασίονα
1541 2851 1801 2918 λήψεται
1824 2891 1838 2916 ,
1887 2851 1987 2904 καὶ

416 2935 568 3004 ζωὴν
613 2935 854 2990 αἰώνιον
907 2935 1384 3005 κληρονομήσει·
1441 2934 1596 2987 τοῦτο
1644 2937 1848 2998 ἐκεῖνος
1902 2933 1990 2986 διὰ

414 3020 525 3072 τῶν
567 3020 741 3090 ἔργων
773 3021 878 3092 πρὸ
905 3021 1004 3091 τῆς
1031 3023 1249 3093 χάριτος
1281 3019 1553 3090 ἐποίησεν.
1593 3020 1706 3073 Οὐκ
1738 3019 1844 3071 ἀπὸ
1869 3018 1990 3070 τού-

416 3123 509 3159 του
547 3106 602 3158 δέ
638 3107 796 3176 μόνον
825 3105 921 3176 τὴν
950 3105 1272 3174 φιλοσοφίαν
1301 3104 1447 3156 ἐστιν
1485 3104 1611 3156 ἰδεῖν
1639 3102 1730 3155 τοῦ
1759 3102 1987 3168 δικαίου,

417 3187 555 3241 ἀλλὰ
617 3188 712 3240 καὶ
753 3187 860 3240 άπὸ
904 3187 1004 3257 τῆς
1059 3187 1404 3256 ὑποσχέσεως
1461 3184 1632 3254 αὐτῆς
1679 3183 1772 3235 τοῦ
1834 3183 1988 3236 Θεοῦ.

417 3269 598 3339 Δεῦρο
635 3271 742 3340 γὰρ
765 3313 779 3336 ,
813 3273 998 3340 φησὶν,
1027 3273 1113 3335 εἰς
1145 3269 1260 3338 τὴν
1286 3267 1418 3337 γῆν,
1453 3267 1534 3334 ἢν
1558 3268 1635 3320 ἄν
1668 3282 1765 3320 σοι
1795 3266 1987 3330 δείξω.

421 3353 486 3407 Εἰ
517 3351 622 3423 γὰρ
650 3353 741 3404 καὶ
768 3353 1072 3421 ἀμφότεραι
1113 3351 1368 3420 αἰσθηταὶ
1397 3352 1451 3402 αἱ
1483 3349 1736 3419 πατρίδες
1757 3389 1770 3412 ,
1815 3347 1928 3400 ἀλλ’
1956 3351 1988 3418 ἡ

425 3436 524 3504 μὲν
548 3434 720 3486 οἰκεία
741 3431 828 3503 ἦν,
859 3435 896 3503 ἡ
936 3433 994 3486 δέ
1033 3433 1286 3503 ἀλλοτρία
1307 3450 1318 3463 ·
1361 3433 1454 3484 καὶ
1481 3435 1515 3500 ἡ
1561 3433 1656 3504 μέν
1684 3431 1914 3501 φανερά,
1960 3433 1993 3500 ἡ

422 3516 479 3568 δέ
508 3514 698 3585 ἄδηλος
719 3532 733 3546 °
763 3516 859 3568 καὶ
959 3517 1056 3584 μὲν
1089 3518 1147 3568 ἐν
1179 3517 1364 3586 χερσῖν
1383 3553 1397 3576 ,
1433 3517 1466 3584 ἡ
1493 3514 1548 3568 δὲ
1581 3517 1637 3566 ἐν
1667 3514 1872 3566 ἐλπίσι⁸
1903 3513 1995 3566 καί

425 3601 574 3669 ὅμως
601 3598 670 3651 τὰ
702 3599 910 3670 φανερᾶ
956 3599 1049 3652 καὶ
1091 3599 1229 3669 δῆλα
1284 3599 1376 3652 καὶ
1403 3598 1472 3650 τὰ
1501 3600 1556 3651 ἐν
1587 3597 1772 3668 χερσὶν
1801 3596 1959 3666 ἀφεὶς
1979 3638 1993 3660 ,

428 3681 577 3754 [695]
607 3683 741 3754 πρὸς
771 3683 841 3736 τὰ
861 3683 1047 3752 ἀφανῆ
1081 3683 1174 3736 καὶ
1203 3682 1392 3753 ἄδηλα,
1433 3683 1526 3734 καὶ
1553 3675 1626 3733 ὧν
1657 3681 1756 3733 οὐκ
1791 3676 1858 3751 ἦν
1897 3680 1994 3732 κύ-

431 3783 542 3835 ριος
568 3765 805 3838 ἔτρεχεν,
839 3768 924 3820 ἵνα
959 3783 1018 3818 σε
1049 3767 1212 3838 πείσῃ
1243 3767 1337 3819 καὶ
1359 3765 1643 3836 παιδεύσῃ,
1669 3766 1796 3818 ὅταν
1816 3768 1844 3818 ό
1865 3765 1998 3829 Θεὸς

425 3850 496 3902 τὰ
525 3850 623 3920 μὲν
652 3850 784 3922 δῆλα
815 3851 1032 3919 ἀφεῖναι
1061 3849 1256 3920 κελεύῃ
1283 3891 1296 3913 ,
1331 3849 1468 3920 πρὸς
1495 3849 1552 3901 δέ
1579 3848 1646 3902 τὰ
1675 3848 1841 3920 ἄδηλα
1877 3848 1997 3918 βλέ-

429 3949 585 3999 πειν,
648 3933 722 4005 μὴ
779 3933 1102 4002 ἀντιλέγειν,
1155 3931 1290 4003 μηδέ
1335 3931 1714 4002 ἀμφισϐητεῖν.
1766 3933 1841 3983 Οὑ
1895 3933 1998 4003 γὰρ

429 4016 571 4070 οὓτω
597 4017 734 4086 δῆλά.
763 4019 877 4070 ἐστι
903 4017 970 4070 τά
997 4019 1054 4069 ἐν
1085 4014 1272 4086 χερσὶν
1291 4054 1306 4077 ,
1333 4015 1410 4076 ὼς
1451 4015 1634 4066 ἐκεῖνα
1658 4015 1728 4067 τὰ
1763 4016 1820 4066 ἐν
1847 4015 2000 4066 ἐλπί-

432 4115 518 4152 σιν
538 4115 551 4128 ·
581 4100 678 4169 οὐχ
706 4098 846 4152 οῦτω
871 4098 1003 4169 δὴλη
1033 4099 1180 4152 ἐστὶν
1205 4099 1238 4166 ἡ
1270 4095 1520 4166 παροῦσα
1549 4096 1684 4165 ζωὴ,
1713 4095 1787 4158 ὡς
1820 4097 2000 4166 ἐκείνη

431 4183 468 4251 ἡ
503 4182 790 4252 μέλλουσα.
821 4181 1038 4251 Ταύτην
1061 4182 1162 4250 μὲν
1185 4181 1294 4248 γὰρ
1337 4179 1550 4248 ὁρῶμεν
1579 4181 1690 4241 τοῖς
1719 4179 2002 4248 ἡμετέροις

433 4264 752 4334 ὀφθαλμοῖς,
779 4263 992 4332 ἐκείνην
1018 4262 1234 4334 ὁρῶμεν
1263 4263 1376 4322 τοῖς
1413 4261 1512 4329 τῆς
1539 4257 1774 4323 πίστεώς
1807 4261 2004 4330 ὀφθαλ-

439 4351 560 4418 μοῖς
580 4346 830 4416 ·,ταύτην
857 4345 1075 4416 ὁρῶμεν
1100 4347 1158 4398 ἐν
1185 4347 1306 4407 ταῖς
1351 4341 1648 4414 ἡμετέραις
1692 4345 1846 4415 χερσί
1891 4363 2006 4398 κει-

440 4429 633 4500 μένην,
651 4429 864 4499 ὲκείνην
893 4428 1108 4500 ὁρῶμεν
1131 4428 1224 4480 καὶ
1242 4428 1362 4490 ταῖς
1387 4425 1738 4495 ἐπαγγελίαις
1761 4425 1853 4479 τοῦ
1871 4425 2004 4480 Θεοῦ

439 4513 866 4582 φυλαττομένην.

509 4597 592 4659 δ’..
611 4596 676 4648 Δί
707 4595 760 4648 δὲ
791 4593 1112 4664 ἐπαγγελίαι
1150 4593 1244 4647 τοῦ
1270 4593 1404 4646 Θεοῦ
1431 4592 1610 4662 πολλῷ
1645 4592 2008 4664 δυνατώτεραι

438 4681 549 4734 τῶν
573 4680 851 4750 ἡμετέρων
886 4677 1102 4750 χειρῶν.
1145 4677 1330 4733 Βούλει
1361 4677 1550 4747 μαθεῖν
1588 4675 1704 4740 πῶς
1732 4677 1870 4745 αὓτη
1910 4679 2006 4748 μὲν

441 4767 476 4836 ἡ
508 4764 619 4834 ζωὴ
646 4764 679 4833 ἡ
704 4761 952 4834 παροῦσα
979 4763 1036 4815 ἐν
1072 4761 1253 4832 ἀδήλῳ
1286 4763 1462 4813 κεῖται
1491 4759 1800 4821 διαπαντὸς,
1830 4761 2011 4827 ἐκείνη

442 4847 498 4899 δέ
529 4847 562 4916 ἡ
594 4845 880 4914 μέλλουσα,
918 4845 952 4916 ἡ
985 4843 1216 4898 δοκοῦσα
1244 4844 1438 4916 ἄδηλος
1466 4838 1626 4905 εἶναι,
1665 4841 2014 4913 φανερωτέρα

443 4931 542 4999 τῆς
567 4927 843 5000 παρούσης
867 4930 982 4981 ἐστὶ
1005 4929 1098 4981 καὶ
1122 4928 1440 4998 βεϐαιοτέρα
1463 4927 1556 4979 καὶ
1580 4927 1804 4996 μόνιμος
1827 4941 1842 4988 ;
1873 4923 2018 4989 Ἐξε-

445 5014 718 5082 τάσωμεν,
755 5011 803 5062 εἰ
828 5009 993 5077 δοκεῖ,
1024 5010 1094 5064 τὰ
1135 5011 1366 5082 λαμπρὰ
1409 5011 1509 5079 τῆς
1539 5009 1820 5080 παρούσης
1849 5007 2014 5076 ζωῆς,

444 5097 537 5148 τὸν
573 5094 829 5159 πλοῦτον,
861 5095 960 5164 τὴν
987 5094 1174 5162 δόξαν,
1201 5095 1299 5165 τὴν
1343 5093 1660 5147 δυναστείαν
1683 5131 1697 5156 ,
1725 5092 1822 5154 τὰς
1854 5091 2019 5159 τιμὰς

448 5179 546 5242 τὰς
569 5177 721 5248 παρά
750 5176 1053 5248 ἀνθρώπων
1075 5196 1088 5208 ·
1133 5178 1227 5231 καὶ
1255 5177 1374 5246 ὄψει
1404 5177 1609 5230 τούτων
1641 5175 1794 5228 οὐδὲν
1827 5173 2020 5243 ἀδηλό-

447 5279 625 5334 τερον.
662 5261 726 5314 Τί
763 5261 872 5331 γάρ
899 5261 1252 5332 ἀπιστότερον
1289 5260 1539 5324 πλούτου,
1575 5256 1668 5310 τοῦ
1699 5257 1830 5328 μηδέ
1864 5257 2023 5327 μέχρι

449 5348 547 5418 τῆς
571 5348 807 5417 ἑσπέρας
837 5345 1098 5408 πολλάκις
1123 5347 1255 5415 ἡμῖν
1285 5345 1726 5414 παραμένοντος;
1761 5341 2026 5411 Καθάπερ

451 5431 560 5502 γὰρ
584 5429 858 5500 δραπέτης
893 5428 1162 5498 ἀγνώμων
1191 5428 1297 5480 ἀπὸ
1327 5426 1516 5480 τούτου
1547 5429 1626 5489 εἰς
1665 5428 1870 5478 ἐκεῖνον
1905 5442 2024 5478 συν·

471 5513 596 5584 εχὼς
629 5512 966 5583 μεθίσταται,
1002 5515 1095 5566 καὶ
1133 5513 1294 5566 πάλιν
1331 5512 1438 5566 ἀπὸ
1461 5511 1648 5564 τούτου
1689 5509 1824 5582 πρὸς
1849 5509 2024 5564 ἄλλον.

459 5595 708 5648 Τοιοῦτόν
738 5613 789 5648 τι
812 5599 906 5649 καὶ
931 5600 962 5667 ὴ
988 5597 1112 5664 δόξα
1135 5597 1303 5651 ἐστίν.
1329 5597 1385 5647 '0
1411 5595 1521 5666 γὰρ
1547 5595 1651 5668 πρὸ
1676 5594 1864 5647 τούτου
1893 5595 2029 5665 λαμ-

1084 249 1141 306 S.
1182 247 1468 305 JOANNIS
1505 244 2004 302 CHRYSOSTOMI
2043 243 2364 304 ARCIIIEP.
2401 247 2952 305 CONSTANTINOP.

2071 365 2322 432 γίνεται·
2370 365 2464 418 καὶ
2511 365 2572 418 τὸ
2619 365 2859 418 ἐναντίον
2891 363 3070 418 πάλιν.
3110 364 3221 418 Καὶ
3252 363 3506 439 καθάπερ
3551 371 3648 424 τὸν

2071 446 2262 516 τροχὸν
2291 445 2528 517 συνεχῶς
2559 447 2922 518 στρεφόμενον
2950 448 3050 499 οὐκ
3081 445 3228 500 ἐστιν
3253 449 3388 518 όρᾷν
3425 450 3520 503 ἐπὶ
3553 451 3650 507 τοῦ

2071 530 2236 582 αὑτοῦ
2269 531 2368 602 τῆς
2405 532 2632 599 ἄντυγος
2675 530 2872 600 μέρους
2896 548 2910 561 ⁸
2964 531 3028 601 τῇ
3073 527 3182 600 γὰρ
3223 532 3520 603 πυκνότητι
3548 535 3652 605 τῆς

2073 615 2222 686 δίνης
2244 615 2535 680 διαπαντὸς
2557 617 2624 670 τά
2648 617 2759 671 ἄνω
2788 616 2938 669 κάτω
2965 616 3196 683 γίνεται,
3229 616 3324 668 καὶ
3343 617 3652 675 τούναντίον

2075 699 2266 752 πάλιν·
2303 698 2448 750 οὕτω
2481 699 2572 750 καὶ
2619 699 2654 768 ἡ
2701 697 2808 750 τῶν
2843 699 3184 770 πραγμάτων
3223 699 3330 750 τῶν
3365 700 3654 771 ἡμετέρων

2075 781 2213 852 φορὰ
2240 781 2474 851 συνεχῶς
2507 781 2869 852 στρεφομένη,
2896 781 2962 834 τά
2987 783 3097 835 ἄνω
3125 779 3275 834 κάτω
3297 783 3474 834 ποιεῖ·
3509 783 3653 835 οὕτω

2076 866 2170 917 καὶ
2199 865 2291 917 ἐπὶ
2313 864 2406 916 τοῦ
2441 862 2670 916 πλούτου
2701 864 2793 916 καί¹
2833 863 2926 915 ἐπὶ
2957 864 3056 932 τῆς
3085 863 3399 926 δυναστείας
3435 865 3530 916 καὶ
3559 865 3654 917 ἐπὶ

2074 947 2181 1000 τῶν
2207 947 2380 1000 ἄλλων
2403 948 2673 999 ἁπάντων.
2699 945 2967 1000 Οὐδέποτε
2991 947 3082 998 ἐπὶ
3107 947 3204 1016 τῆς
3229 948 3398 1017 αὐτῆς
3421 949 3656 1016 ἕστηκεν

2075 1031 2255 1101 ἕδρας,
2288 1029 2423 1082 ἀλλά
2450 1030 2517 1082 τὰ
2547 1020 2654 1081 τῗὺν
2681 1029 2941 1098 ποταμῶν
2973 1031 3219 1098 μιμεῖται
3253 1029 3518 1100 ῥεύματα,
3551 1049 3658 1101 μη-

2075 1113 2246 1182 δαμοῦ
2282 1129 2409 1165 ποτε
2439 1111 2724 1182 ἱστάμενα.
2755 1111 2820 1162 Τί
2845 1108 2935 1163 οὖν
2971 1111 3173 1164 τούτων
3203 1111 3398 1178 γένοιτ’
3435 1113 3499 1166 ἂν
3525 1114 3656 1182 ἀδη-

2076 1195 2192 1248 λότε
2201 1213 2311 1266 ρον,
2328 1197 2433 1248 τῶν
2456 1195 2599 1248 οὕτω
2621 1195 2859 1265 συνεχῶς
2885 1193 3393 1265 μεταϐαλλομένων,
3411 1196 3504 1248 καὶ
3525 1197 3660 1267 πρὶν

2077 1280 2110 1350 ἢ
2139 1282 2370 1347 φανῆναι
2401 1280 2816 1348 άφιπταμένων,
2845 1279 2973 1349 πρὶν
3002 1279 3034 1347 ἢ
3083 1277 3490 1348 παραγενέσθαι
3517 1280 3656 1332 ἀπο-

2078 1362 2370 1433 πηδώντων
2399 1379 2413 1428 ;
2449 1361 2547 1414 Διά
2575 1361 2733 1414 τοῦτο
2767 1361 2859 1414 καὶ
2891 1363 2918 1412 6
2952 1362 3236 1430 προφήτης
3285 1361 3413 1430 περὶ
3444 1363 3654 1432 τρυφῆς

2077 1446 2170 1498 καὶ
2192 1445 2422 1498 πλούτου
2449 1446 2542 1498 καὶ
2566 1444 2674 1497 τῶν
2694 1443 2948 1496 τοιούτων
2968 1443 3369 1514 διαλεγόμενος,
3393 1445 3486 1496 καὶ
3515 1443 3656 1498 σκώ-

2079 1546 2228 1581 πτων
2255 1529 2332 1592 εἰς
2364 1532 2490 1593 τοὺς
2529 1527 2666 1600 πρὸς
2699 1527 2838 1579 αὐτὰ
2867 1525 3164 1595 κεχηνότας
3195 1527 3272 1589 ὡς
3313 1527 3654 1598 διαμένοντα,

2081 1612 2274 1681 φησίν·
2322 1612 2430 1676 Ὡςι
2474 1611 2702 1666 ἑστῶτα
2738 1610 3095 1678 ὲλογίσαντο
3135 1610 3326 1664 ταῦτα
3346 1651 3360 1676 ,
3401 1611 3500 1664 καὶ
3541 1614 3656 1682 οὐχ

2079 1698 2160 1760 ὡς
2183 1695 2498 1764 φεύγοντα.
2545 1694 2658 1746 υύκ
2687 1689 2860 1756 εἷπεν,
2910 1693 2969 1745 ού
3021 1693 3441 1764 παρερχόμενα,
3481 1695 3593 1747 ἀλλ’
3625 1693 3656 1747 ὃ

2081 1776 2259 1847 πολλῷ
2291 1777 2474 1847 μεῖζόν
2505 1779 2673 1838 ἐστιν,
2708 1777 2806 1841 Ὧς
2829 1777 3126 1844 φεύγοντα
3145 1791 3157 1806 ⁸
3191 1776 3312 1830 οὐδὲ
3337 1777 3445 1844 γὰρ
3475 1778 3657 1847 ἡρέμα

2081 1863 2374 1934 ἀναχωρεῖ,
2398 1861 2532 1915 ἀλλὰ
2564 1861 2700 1931 μετὰ
2731 1859 2927 1912 πολλοῦ
2959 1858 3052 1912 τοῦ
3075 1859 3294 1929 τάχους.
3335 1859 3474 1912 Ἀλλ’
3507 1862 3604 1930 οὐχ
3628 1861 3658 1913 6

2081 1948 2428 2016 πατριάρχης
2469 1945 2642 2007 οὕτως
2667 1983 2681 2005 ,
2713 1943 2849 1997 ἀλλὰ
2895 1945 3072 1996 πάντα
3103 1943 3278 1996 ταῦτα
3313 1943 3492 2011 ἀφεὶς,
3523 1943 3658 2014 πρὸς

2082 2030 2179 2092 τὰς
2212 2028 2546 2096 ἐπαγγελίας
2590 2027 2690 2088 τὰς
2728 2026 2878 2094 παρά
2916 2024 3012 2077 τοῦ
3055 2023 3192 2078 Θεοῦ
3241 2026 3400 2094 μόνον
3441 2025 3654 2090 ἑδλεπε,

2085 2111 2448 2182 προοδοποιῶν
2495 2111 2624 2180 ἡμῖν
2659 2110 2796 2180 πρὸς
2841 2109 2938 2179 τὴν
2978 2109 3087 2160 τῶν
3125 2107 3424 2178 μελλόντων
3455 2109 3656 2171 πίστιν,

2083 2193 2172 2256 ἵν’,
2209 2193 2337 2246 ὅταν
2367 2191 2772 2261 ἐπαγγέλληται
2807 2208 2890 2244 σοι
2924 2192 2951 2243 ό
3001 2189 3133 2253 Θεὸς
3166 2189 3234 2244 τὰ
3267 2190 3526 2260 μέλλοντα
3567 2191 3661 2243 καὶ

2081 2277 2181 2348 οὐχ
2209 2277 2482 2348 ὁρώμενα,
2512 2275 2584 2346 μὴ
2619 2275 2806 2345 λέγῃς,
2847 2275 2928 2327 ὅτι
2963 2273 3138 2344 ἄδηλά
3171 2275 3318 2326 ἐστιν
3353 2276 3534 2326 ἐκεῖνα
3567 2274 3662 2326 καὶ

2083 2361 2284 2429 ἀφανῆ.
2311 2361 2393 2412 Τὰ
2420 2359 2527 2429 γὰρ
2565 2358 2735 2428 ἄδηλα
2761 2361 2942 2411 ἐκεῖνα
2972 2357 3177 2410 τούτων
3208 2356 3327 2408 ἐστί
3356 2356 3662 2424 σαφέστερα

2083 2443 2191 2496 τῶν
2223 2441 2538 2514 ὁρωμένων,
2564 2441 2656 2494 ἐὰν
2685 2441 2810 2503 τοὺς
2847 2441 2944 2509 τῆς
2971 2438 3202 2501 πίστεως
3232 2437 3444 2508 ἔχωμεν
3465 2437 3661 2506 ὀφθαλ-

2089 2525 2244 2596 μούς.
2277 2525 2340 2576 Εἰ
2369 2525 2477 2594 γὰρ
2507 2525 2598 2576 καὶ
2633 2523 2706 2593 μὴ
2740 2523 3066 2592 ἑωράκαμεν
3111 2521 3272 2584 αὐτὰ,
3320 2519 3434 2572 ἀλλ’
3468 2521 3496 2572 6
3531 2519 3660 2582 Θεὸς

2086 2609 2226 2664 αὐτά
2255 2608 2619 2678 ἐπηγγείλατο
2653 2608 2746 2660 καὶ
2769 2605 3054 2676 ὑπέσχετο.
3083 2606 3249 2658 Ὅταν
3280 2605 3308 2657 ό
3339 2603 3469 2667 Θεὸς
3494 2605 3663 2672 ἐπαγ-

2087 2693 2364 2763 γέλληται,
2395 2691 2618 2761 οὐδεμία
2662 2689 2928 2760 μεταϐολὴ
2973 2687 3082 2742 τῶν
3109 2685 3453 2757 ὑποσχέσεων
3495 2687 3663 2739 ἅπτει

2085 2793 2176 2829 ται
2200 2793 2213 2806 ·
2247 2774 2389 2828 ὥστε
2427 2776 2608 2826 ἐκεῖνα
2646 2773 2877 2844 μάλιστα
2912 2771 3061 2841 μένει
3098 2771 3192 2824 καὶ
3231 2769 3478 2838 πέπηγεν
3509 2771 3566 2822 ἐν
3594 2772 3664 2840 τῇ

2086 2858 2229 2928 χειρὶ
2258 2856 2350 2910 τοῦ
2385 2855 2542 2910 Θεοῦ.
2591 2859 2689 2910 Ἐκ
2723 2856 2832 2924 γάρ
2863 2854 2972 2922 τῆς
3005 2853 3202 2922 χειρὸς
3233 2851 3340 2905 τοῦ
3381 2852 3527 2905 Θεοῦ
3559 2851 3662 2918 dp—

2088 2941 2292 3001 πάζειν
2321 2939 2522 3006 οὐδεὶς
2561 2940 2810 2992 δύναται
2836 2978 2850 3000 ,
2889 2937 3069 3006 φησίν.
3121 2935 3418 3006 Ἀρπάξειν
3463 2935 3526 2987 ἐκ
3567 2933 3665 3004 τῆς

2089 3026 2271 3095 χειρὸς
2297 3021 2391 3076 τοῦ
2427 3023 2638 3091 Πατρός
2663 3039 2761 3092 μου
2799 3020 2972 3082 οὐδεὶς
2999 3019 3237 3071 δύναται.
3274 3018 3425 3070 Ἑπεί
3455 3013 3546 3070 οὖν
3577 3015 3666 3068 οὐ·

2089 3107 2198 3170 δεὶς
2229 3106 2448 3160 δύναται
2477 3105 2737 3176 ἁρπάζειν
2777 3107 2838 3156 ἐκ
2873 3103 2971 3172 τῆς
3001 3102 3181 3173 χειρὸς
3205 3101 3299 3154 τοῦ
3328 3101 3484 3163 Θεοῦ,
3515 3099 3662 3171 [694]

2089 3191 2146 3242 ἐν
2185 3189 2330 3258 δήλῳ
2363 3189 2510 3257 μένει
2551 3187 2808 3258 θησαυρῷ
2845 3187 3155 3248 διαπαντός.
3200 3185 3385 3237 Ταῦτα
3432 3185 3488 3235 δὲ
3534 3201 3666 3236 παν-

2091 3271 2262 3334 τοίαις
2299 3270 2619 3340 μεταϐολαῖς
2665 3270 2947 3321 ὑπόκειται
2977 3268 3072 3320 καὶ
3107 3269 3332 3338 τροπαῖς
3353 3282 3366 3294 ⁸
3397 3265 3485 3318 διὰ
3511 3265 3670 3317 τοῦτο

2093 3354 2352 3416 πολλάκις
2415 3356 2505 3406 τὸν
2558 3354 2654 3424 μὲν
2719 3353 2878 3404 πόνον
2925 3351 3100 3403 αὐτῶν
3156 3350 3516 3419 ὑπομένομεν,
3571 3345 3670 3400 τοῦ

2094 3439 2148 3492 δέ
2179 3438 2370 3500 τέλους
2405 3437 2582 3491 αὐτῶν
2615 3434 3084 3507 ἀποστερούμεθα.
3141 3433 3263 3485 Ἐπὶ
3295 3433 3350 3484 δὲ
3381 3433 3483 3485 τῶν
3522 3431 3673 3483 ἐλπί-

2093 3523 2197 3574 δων
2223 3523 2447 3575 ἐκείνων
2477 3523 2575 3574 οὐκ
2605 3521 2682 3574 ἔνι
2709 3521 2886 3585 τοῦτο,
2913 3519 3049 3572 άλλά
3078 3518 3170 3570 τὸν
3206 3517 3508 3569 πονέσαντα
3535 3516 3672 3568 πάν-

2095 3621 2202 3667 τως
2230 3605 2310 3656 δεῖ
2349 3605 2442 3657 καὶ
2472 3604 2578 3656 τῶν
2617 3604 2893 3670 στεφάνων
2921 3603 3216 3670 ἐπιτυχεῖν.
3248 3599 3312 3653 Ἡ
3351 3599 3459 3669 γὰρ
3494 3599 3673 3662 ἐλπίς

2097 3691 2168 3742 οὐ
2199 3689 2605 3756 καταισχύνει.
2629 3685 2764 3739 Θεοῦ
2795 3686 2903 3756 γάρ
2933 3687 3080 3736 ἐστιν
3110 3683 3423 3751 ὑπόσχεσις,
3460 3680 3554 3732 καὶ
3580 3679 3672 3732 τὸν

2099 3772 2466 3842 ὑποσχόμενον
2527 3773 2772 3841 μιμεῖται
2809 3769 2875 3821 τὰ
2929 3768 3094 3838 δῶρα.
3155 3767 3340 3833 Ἀφεὶς
3385 3763 3560 3816 τοίνυν
3605 3762 3675 3815 τὰ

2097 3855 2297 3926 ἄδηλα,
2334 3855 2529 3925 κάτεχε
2572 3854 2638 3906 τὰ
2678 3853 3007 3922 φαινόμενα·
3044 3850 3111 3903 τὰ
3147 3850 3254 3920 γὰρ
3287 3849 3585 3918 φαινόμενα
3613 3845 3674 3898 οὐ

2098 3938 2169 3990 τά
2199 3938 2438 4009 παρόντα
2472 3937 2640 4001 ἐστὶν,
2685 3937 2821 3989 ἀλλά
2859 3935 2926 3988 τά
2971 3935 3252 4004 μέλλοντα.
3297 3933 3361 3985 Εἰ
3403 3931 3461 3984 δέ
3509 3945 3674 3992 τινες,

2101 4023 2236 4091 πρὸς
2261 4021 2330 4074 τὰ
2377 4023 2620 4092 παρόντα
2653 4019 2999 4089 ἐπτοημένοι,
3030 4017 3140 4070 τῶν
3179 4015 3484 4086 μελλόντων
3509 4014 3680 4080 ὑπερ-

2102 4106 2320 4176 ορῶσιν,
2349 4104 2534 4174 ἐπειδὴ
2556 4101 2934 4172 ἀσθενέστεροί
2961 4102 3066 4153 εἰσι
3095 4099 3191 4152 τοῦ
3216 4099 3384 4168 ὑψους
3405 4098 3503 4167 τῆς
3531 4094 3682 4150 ἐλπί-

2101 4189 2190 4252 δος
2214 4189 2446 4258 ἐκείνης,
2470 4187 2558 4240 διὰ
2582 4187 2741 4238 τοῦτο
2765 4184 3132 4255 ὑπερορῶσιν,
3159 4184 3260 4236 οὐκ
3283 4182 3472 4252 ἐπειδὴ
3495 4181 3677 4249 ἀφανῆ

2103 4271 2274 4326 ταῦτά
2311 4273 2426 4323 ἐστι
2457 4271 2550 4322 καὶ
2583 4267 2772 4336 άδηλα.
2804 4268 3002 4319 Σκόπει
3045 4266 3176 4335 γοῦν
3210 4266 3310 4336 τὴν
3354 4263 3677 4334 φιλοσοφίαν

2104 4356 2197 4409 τοῦ
2238 4354 2466 4408 δικαίου.
2521 4353 2578 4406 ’0
2637 4351 2767 4414 Θεὸς
2824 4351 3188 4421 ἐπηγγείλατο
3237 4348 3387 4420 αὐτῷ
3447 4344 3680 4412 αἰσθητά

2106 4437 2424 4508 πράγματα,
2465 4435 2558 4488 καὶ
2587 4433 2746 4496 αὐτὸς
2777 4433 2944 4504 νοητά
2978 4431 3181 4504 ἐζήτει.
3223 4433 3332 4485 Καὶ
3360 4429 3458 4483 ποῦ
3483 4431 3510 4480 ὁ
3547 4427 3680 4489 Θεὸς

2109 4519 2340 4592 αἰσθητὰ
2371 4517 2517 4589 αύτῷ
2555 4518 2940 4587 ἐπηγγείλατο,
2977 4517 3139 4579 αὐτὸς
3171 4517 3226 4568 δὲ
3265 4514 3428 4585 νοητά
3458 4511 3676 4582 ἡθελεν;

2113 4607 2374 4668 Ἔξελθε,
2405 4603 2588 4673 φησὶν,
2620 4603 2686 4654 ἐκ
2717 4601 2829 4668 τῆς
2862 4599 2975 4670 γῆς
2995 4615 3133 4664 σου,
3167 4601 3264 4652 καί
3295 4599 3364 4652 ἐκ
3399 4597 3508 4664 τῆς
3535 4613 3679 4662 συγ-

2112 4685 2342 4755 γενείας
2374 4699 2510 4742 σου,
2552 4681 2646 4733 καί
2691 4682 2758 4733 ἐκ
2799 4679 2906 4732 τοῦ
2939 4679 3108 4732 οἴκου
3139 4677 3246 4730 τοῦ
3280 4678 3503 4744 πατρός
3542 4687 3680 4732 σου,

2113 4767 2213 4820 καί
2237 4765 2411 4834 δεῦρο
2447 4767 2534 4828 είς
2569 4763 2704 4832 γῆν,
2741 4761 2820 4830 ἢν
2861 4762 2940 4815 ἄν
2970 4778 3068 4816 σοι
3095 4761 3288 4824 δείξω.
3327 4757 3566 4826 Αίσθητὴ
3591 4757 3684 4807 καὶ

2114 4853 2146 4920 ἡ
2179 4849 2418 4919 προτέρα
2449 4850 2542 4917 γῆ,
2573 4847 2668 4898 καὶ
2707 4847 2739 4916 ἡ
2775 4845 3044 4915 μέλλουσα
3072 4843 3306 4896 δίδοσθαι
3348 4842 3593 4912 ὕστερον.
3619 4838 3684 4890 Τί

2116 4930 2209 4986 οὖν
2257 4931 2450 4997 αὐτός;
2502 4929 2717 4983 Μᾶλλον
2754 4929 2808 4980 δὲ
2859 4927 2933 4998 μὴ
2971 4926 3136 4979 αὐτοῦ
3172 4925 3517 4994 ἀκούσωμεν,
3551 4921 3688 4975 ἀλλά

2119 5015 2330 5069 Παύλου
2366 5014 2491 5083 περὶ
2543 5011 2708 5064 αὑτοῦ
2755 5011 3023 5078 λέγοντος,
3073 5009 3162 5061 ἵνα
3193 5008 3452 5080 μάθωμεν
3495 5009 3574 5059 ὅτι
3625 5005 3686 5056 οὐ

2123 5099 2255 5169 πρὸς
2285 5096 2487 5166 ταύτην
2517 5094 2708 5147 ἐϐλεπε
2733 5093 2830 5164 τὴν
2859 5095 2979 5162 γῆν,
3013 5094 3062 5144 εἰ
3090 5093 3182 5144 καὶ
3205 5089 3408 5158 ταύτην
3435 5085 3688 5157 ἐπηγγεί-

2121 5182 2251 5234 λατο
2277 5183 2305 5234 ὁ
2331 5179 2482 5242 Θεὸς,
2513 5179 2646 5231 ἀλλά
2682 5177 2749 5230 τὰ
2781 5175 3020 5245 παρόντα
3061 5174 3239 5242 ἀφεὶς,
3279 5173 3412 5242 πρὸς
3444 5171 3511 5223 τά
3551 5171 3691 5238 μὲλ-

2124 5265 2284 5316 λοντα
2311 5263 2576 5332 ἐκεχήνει.
2608 5262 2671 5312 Τί
2693 5256 2785 5312 οὖν
2813 5262 2842 5312 6
2867 5256 3075 5319 Παῦλός
3102 5272 3264 5326 φησι;
3297 5255 3458 5308 Κατὰ
3487 5254 3694 5305 πίστιν

2125 5345 2427 5401 ἀπέθανον
2453 5341 2614 5400 οὗτοι
2643 5343 2886 5407 πάντες,
2927 5342 3056 5411 περὶ
3095 5337 3344 5410 Ἀϐρααμ
3371 5337 3566 5406 λέγων,
3601 5335 3694 5386 καί

2141 5433 2343 5494 Ἰσαὰκ,
2375 5431 2469 5483 καί¹
2503 5427 2717 5486 Ἰακὼϐ.
2750 5428 2844 5480 καὶ
2876 5425 2982 5478 τῶν
3003 5423 3228 5476 δικαίων
3259 5421 3532 5476 ἁπάντων.
3559 5417 3694 5469 Οὐδὲ

2129 5515 2237 5584 γὰρ
2289 5512 2536 5584 Ἀϐραάμ
2581 5512 2769 5582 μόνος,
2801 5509 2935 5562 ἀλλὰ
2965 5507 3162 5569 πάντες
3203 5505 3302 5573 τῆς
3341 5503 3514 5572 αὐτῆς
3555 5497 3698 5584 ἔἷγσαν

2133 5581 2444 5666 φιλοσοφίας
2468 5581 2727 5648 κοινωνοί.
2759 5592 2918 5647 Κατὰ
2954 5593 3161 5643 πίστιν
3199 5587 3500 5643 ἀπέθανον
3532 5581 3697 5639 οὗτοι

464 5680 599 5752 πρὸς
644 5681 738 5732 καὶ
771 5681 1072 5751 ἐπίσημος,
1105 5682 1296 5750 ἄτιμος
1327 5680 1419 5732 καί
1465 5667 1744 5750 ἀνώνυμος
1776 5677 2032 5750 ἐξαίφνης
2135 5681 2374 5748 πάντες,
2415 5679 2500 5748 μὴ
2548 5675 2928 5748 κομισάμενοι
2971 5673 3079 5740 τὰς
3111 5671 3500 5740 ἐπαγγελίας,
3539 5667 3700 5721 ἀλλὰ
