4146 6260
514 287 617 350 623

505 416 762 488 Syrorum
779 425 898 468 cum
926 406 1149 467 Hebraea
1176 409 1351 480 lingua
1377 404 1622 477 cognatio
1646 410 1748 457 est.
1771 398 1876 455 Sed
1906 398 2040 455 dicis
2059 438 2075 463 ,

506 522 671 579 quare
707 502 983 562 Transitor
1019 501 1346 558 vocabatur?
1394 498 1578 554 Judaaa
1623 496 1800 566 regio,
1830 495 1932 550 hoc
1975 503 2078 559 est,

506 600 786 658 Palaestina
813 600 1005 663 omnis,
1031 613 1150 668 qua:
1179 597 1247 652 ab
1273 594 1505 666 lEgypto
1532 605 1700 661 usque
1720 590 1787 645 ad
1828 588 2079 659 Euphra—

508 704 615 748 tem
646 707 678 747 e
704 691 921 760 regione
936 692 1082 760 jacet
1103 688 1427 759 Babyloniae,
1457 684 1599 739 unde
1620 692 1734 738 erat
1760 680 2026 737 Abraham
2060 698 2075 733 :

505 795 559 842 et
580 785 771 840 ﬂuvius
807 782 1106 838 communis
1128 781 1385 836 terminus
1422 779 1705 847 utriusque
1732 784 1890 830 terrae
1911 815 1925 839 ,
1958 789 2076 828 me-

504 877 625 932 dius
652 886 930 945 utramque
952 883 1116 930 secat.
1148 874 1214 927 Et
1238 874 1358 942 quia
1382 870 1655 926 Abraham
1689 884 1795 923 non
1834 866 2079 921 Palaesti-

504 984 602 1024 nus
626 977 760 1032 erat,
779 966 870 1022 sed
895 966 961 1021 ab
978 966 1214 1023 ulteriori
1230 962 1345 1035 ripa
1372 961 1605 1017 ﬂuminis
1624 968 1863 1025 venerat,
1886 973 2077 1027 nempe

502 1075 533 1114 ι
564 1056 847 1131 Babylonia
875 1078 887 1111 :
920 1059 1040 1113 ideo
1066 1073 1092 1113 a
1121 1059 1237 1111 loco
1267 1065 1319 1111 et
1364 1054 1503 1111 facto
1539 1069 1733 1108 nomen
1761 1052 1997 1121 accepit,
2024 1060 2079 1105 et

502 1150 673 1205 dictus
720 1156 805 1205 est
842 1149 1118 1203 Transitor
1146 1164 1159 1201 :
1188 1147 1308 1217 quia
1339 1162 1368 1200 a
1397 1146 1513 1200 loco
1542 1143 1780 1199 ulteriori
1827 1142 2070 1197 ﬂuminis

504 1243 671 1297 venit.
726 1242 902 1310 Quare
958 1251 1134 1295 autem
1188 1239 1403 1293 ﬂuvium
1464 1237 1716 1293 transiit?
1756 1236 1889 1304 Quia
1933 1235 2076 1290 Deus

495 1336 747 1406 jusserat.
781 1337 847 1390 Et
872 1350 1035 1406 quare
1067 1332 1419 1402 Deusjussit?
1447 1330 1513 1387 Ut
1535 1329 1908 1385 ostenderetur
1946 1327 2072 1382 obc-

499 1427 697 1482 dientia
722 1426 872 1497 justi.
903 1426 970 1481 Et
995 1425 1263 1496 quomodo
1282 1433 1495 1478 ostensa
1524 1422 1618 1477 fuit
1661 1420 1964 1476 obcdientia
1988 1419 2074 1488 ju-

499 1520 567 1573 sti
585 1521 608 1572 ?
633 1520 762 1588 Quia
786 1528 1000 1588 propter
1018 1526 1340 1588 praaceptum
1364 1516 1457 1571 Dei
1488 1515 1711 1585 patriam
1739 1529 1888 1568 suam
1911 1528 2068 1583 quam

497 1609 743 1677 reliquit,
773 1624 865 1677 pro
891 1607 1060 1661 aliena
1096 1606 1457 1661 commutavit.
1476 1604 1636 1660 Vides
1659 1613 1856 1674 quanta
1883 1611 2069 1657 catena

496 1717 671 1755 rerum
701 1701 751 1754 in
779 1699 1129 1769 appellatione
1153 1698 1280 1766 justi
1304 1698 1584 1752 nectatur?
1601 1696 1793 1767 Ingens
1820 1694 2072 1749 historia-

494 1807 611 1846 rum
644 1790 856 1861 pelagus
888 1805 1082 1845 nomen
1126 1788 1228 1843 hoe
1262 1789 1415 1844 nobis
1440 1787 1668 1858 aperuit.
1709 1787 1863 1840 Disce
1909 1785 2071 1855 igitur

490 1882 607 1952 ejus
634 1897 825 1938 nomen
860 1883 1107 1952 primum,
1136 1889 1196 1935 ut
1219 1896 1341 1935 eum
1363 1880 1560 1934 videris
1581 1894 1701 1934 eum
1732 1878 2067 1932 Palaestinam

488 1973 831 2038 incolentem,
858 1972 1213 2042 appellatione
1253 1970 1486 2024 nominis
1515 1969 1567 2023 in
1597 1968 1905 2023 memoriam
1927 1967 2068 2020 anti-

488 2079 607 2130 qua:
634 2063 817 2133 patriae
844 2064 994 2132 ejus,
1028 2070 1081 2117 et
1106 2075 1280 2115 causae
1311 2069 1528 2130 prepter
1579 2074 1736 2130 quam
1788 2074 1905 2113 eam
1946 2059 2068 2113 reli-

489 2156 638 2224 quit,
666 2154 1041 2209 manuduearis
1062 2194 1077 2220 ,
1108 2163 1164 2209 et
1190 2154 1261 2208 ita
1285 2152 1350 2207 ad
1373 2152 1689 2208 imitandum
1730 2167 1852 2206 cum
1880 2151 2063 2206 admo-

490 2262 673 2306 neare.

560 2336 815 2391 Abraham
860 2336 1119 2407 discipulis
1160 2336 1344 2391 Christi
1383 2352 1497 2407 par.
1523 2365 1595 2377 —-
1640 2335 1779 2392 Ecce
1827 2337 1966 2392 enim
2007 2346 2065 2391 ut

488 2428 576 2482 ille
612 2438 735 2484 ante
782 2428 951 2498 legem
990 2436 1045 2483 et
1084 2428 1182 2484 sub
1219 2428 1336 2499 lege
1374 2429 1539 2483 vitam
1577 2443 1776 2498 agens,
1821 2429 2060 2499 philoso-

484 2517 661 2589 phiam
688 2534 898 2589 quoque
929 2527 1165 2588 tempore
1193 2520 1377 2590 gratias
1412 2520 1657 2575 traditam
1696 2521 1931 2590 suscepit
1954 2522 2056 2575 im-

482 2613 729 2684 plendam
749 2653 765 2678 ,
797 2623 849 2668 et
876 2622 998 2669 ante
1028 2622 1233 2683 tempus
1275 2614 1458 2683 gratiae
1497 2613 1661 2682 fecit,
1704 2614 1844 2685 quod
1877 2623 2059 2684 postea

481 2704 752 2774 discipulis
771 2703 1014 2759 Christus
1039 2704 1172 2759 dixit
1200 2722 1214 2759 :
1241 2703 1399 2759 Amen
1422 2705 1533 2759 dico
1552 2704 1707 2772 vobis,
1726 2704 1863 2776 quod
1889 2705 2060 2759 nullus

480 2807 555 2851 est
578 2799 666 2867 qui
699 2798 897 2867 reliquit
926 2796 1168 2865 domum,
1216 2807 1305 2851 aut
1340 2800 1543 2868 fratres,
1586 2807 1673 2850 aut
1708 2815 1925 2863 sorores,
1970 2806 2058 2850 aut

483 2896 676 2953 patrem
697 2928 711 2951 ,
762 2896 848 2938 aut
886 2895 1093 2938 matrem
1114 2927 1128 2951 ,
1174 2887 1260 2955 qui
1289 2903 1387 2940 non
1416 2888 1705 2956 centuplum
1737 2887 1985 2955 accipiet,
2013 2894 2059 2939 et

481 2978 633 3029 vitam
665 2984 903 3030 wternam
922 2977 1187 3045 possidebit
1213 2977 1423 3046 (Matth.
1449 2977 1538 3032 19.
1561 2977 1652 3032 28.
1676 2975 1791 3048 29).
1822 2977 1936 3031 Non
1963 2992 2057 3032 so-

481 3068 593 3124 lum
632 3077 809 3123 autem
865 3068 988 3124 hinc
1036 3078 1289 3139 apparet,
1341 3085 1500 3141 quam
1550 3071 1819 3140 sapienter
1864 3071 2057 3127 vixerit

472 3161 682 3230 justus,
720 3161 814 3216 sed
856 3162 1014 3216 etiam
1046 3162 1136 3216 Dei
1182 3163 1463 3233 promissio
1491 3163 1594 3217 hoc
1631 3162 1889 3218 declarat.
1934 3162 2055 3216 Veni

476 3255 620 3308 enim
646 3296 659 3319 ,
693 3255 860 3325 inquit
885 3297 898 3319 ,
926 3256 979 3308 in
1004 3265 1208 3321 terram,
1240 3273 1390 3326 quam
1418 3265 1757 3309 monstravere
1787 3256 1874 3309 tibi
1900 3255 2052 3326 (Gen.

477 3344 565 3399 12.
598 3347 672 3415 1).
714 3345 845 3400 Nam
874 3346 1082 3401 tametsi
1114 3356 1351 3416 utrasque
1392 3347 1494 3401 illze
1529 3348 1771 3417 regiones
1800 3346 2051 3403 Chaldara

473 3445 529 3490 et
566 3436 842 3492 Palaestina
879 3445 1031 3492 erant
1067 3438 1402 3506 corporales,
1454 3438 1545 3491 illa
1585 3446 1760 3492 tamen
1790 3453 1882 3492 sua
1913 3446 2046 3505 erat,

475 3524 588 3582 haec
616 3527 787 3582 aliena
819 3544 835 3580 :
868 3528 953 3582 illa
980 3539 1145 3591 certa,
1174 3528 1287 3583 haec
1317 3529 1517 3584 incerta
1544 3543 1556 3581 :
1586 3529 1675 3584 illa
1702 3530 1754 3584 in
1780 3530 2047 3597 manibus,

472 3617 589 3674 haec
621 3620 674 3674 in
702 3636 797 3689 spe
826 3638 838 3672 :
871 3621 987 3690 ipse
1030 3630 1205 3675 autem
1250 3621 1448 3675 relictis
1482 3623 1678 3685 certis,
1730 3621 2046 3687 manifestis,

474 3716 528 3761 et
560 3708 623 3763 iis
647 3725 764 3778 qua:
804 3709 859 3763 in
896 3725 1055 3764 manu
1093 3720 1278 3775 erant,
1327 3709 1595 3764 festinavit
1634 3720 1687 3764 et
1732 3713 1943 3765 transiit
1981 3712 2048 3766 ad

472 3800 695 3868 incerta,
722 3800 1010 3869 incognita,
1039 3809 1090 3854 et
1113 3800 1178 3854 ad
1207 3815 1268 3854 ea
1296 3800 1348 3853 in
1376 3800 1567 3868 quibus
1593 3800 1694 3854 sibi
1723 3815 1829 3854 non
1856 3801 2052 3855 licebat

470 3890 767 3956 dominari,
812 3899 869 3945 ut
908 3889 1224 3961 persuadeat
1262 3890 1572 3961 erndiatque
1592 3930 1606 3956 ,
1635 3905 1807 3961 neque
1833 3899 2048 3946 contra-

471 3982 754 4039 dicendum
779 4022 794 4047 ,
836 3998 1009 4053 neque
1037 3982 1391 4037 cunctandum
1412 4022 1427 4048 ,
1475 3982 1687 4053 quando
1718 3983 1857 4038 Deus
1881 3985 2051 4038 mani-

470 4072 602 4130 festa
646 4074 947 4144 relinquere
982 4073 1167 4143 jubet,
1219 4082 1271 4129 et
1295 4073 1361 4127 ad
1397 4088 1458 4129 ea
1499 4089 1617 4146 quae
1658 4089 1761 4128 non
1792 4083 2052 4145 apparent

468 4167 757 4236 respicere.
785 4165 901 4221 Non
930 4166 1073 4221 enim
1101 4176 1205 4219 tam
1226 4175 1370 4220 certa
1390 4181 1508 4236 qua:
1535 4166 1586 4220 in
1604 4167 1869 4234 manibus,
1889 4176 2049 4238 atque

468 4271 532 4313 ea
552 4272 670 4327 qua:
696 4258 748 4311 in
778 4272 872 4326 spe
899 4274 913 4321 ;
946 4272 1050 4311 non
1078 4256 1221 4311 enim
1262 4256 1339 4311 sic
1375 4255 1655 4312 manifesta
1698 4266 1781 4312 est
1810 4272 2048 4328 praesens

469 4348 583 4402 haec
613 4348 720 4402 vita
749 4359 807 4402 ut
848 4347 1021 4403 futura
1062 4348 1171 4401 illa.
1220 4347 1367 4403 Hane
1404 4349 1545 4403 enim
1581 4348 1823 4404 videmus
1850 4351 2046 4405 nostris

466 4442 635 4497 oculis
655 4483 671 4506 ,
715 4442 860 4495 illam
906 4440 1149 4497 videmus
1175 4442 1341 4496 oculis
1366 4439 1488 4498 ﬁdei
1517 4458 1531 4495 :
1566 4441 1702 4497 hanc
1723 4443 1964 4497 videmus
1990 4444 2043 4498 in

465 4532 713 4591 manibus
740 4531 935 4586 nostris
961 4533 1186 4601 positam
1211 4573 1225 4597 ,
1278 4532 1423 4586 illam
1454 4533 1695 4590 videmus
1734 4528 1787 4589 in
1814 4537 2042 4605 promis-

466 4625 705 4680 sionibus
733 4624 825 4679 Dei
854 4624 1195 4679 custoditam.

534 4717 587 4771 4.
620 4715 884 4771 Promissa
922 4715 1016 4769 Dei
1059 4715 1377 4780 certissima;
1418 4734 1497 4771 res
1525 4718 1760 4773 humana:
1785 4736 1936 4789 quam
1961 4721 2042 4775 in-

464 4816 631 4861 csrtw.
665 4838 736 4847 ——
781 4807 1171 4862 Promissiones
1210 4816 1386 4861 autem
1432 4808 1527 4863 Dei
1570 4810 1736 4865 multo
1782 4814 2040 4867 certiores

461 4910 586 4955 sunt
608 4940 621 4965 ,
652 4916 809 4971 quam
836 4916 956 4971 quae
982 4901 1035 4955 in
1062 4900 1258 4955 nostris
1278 4910 1399 4955 sunt
1428 4902 1686 4957 manibus.
1719 4903 1808 4958 Vis
1835 4904 2041 4959 discere

461 4994 732 5062 quomodo
756 4993 871 5048 haec
898 4994 1109 5064 quidem
1143 4994 1249 5048 vita
1279 4995 1329 5049 in
1354 4995 1557 5050 incerto
1578 4998 1675 5050 sita
1702 5008 1784 5052 est
1808 5013 2037 5068 semper,

460 5086 637 5141 futura
661 5095 838 5141 autem
868 5086 976 5153 illa,
1008 5102 1124 5155 qure
1148 5086 1358 5141 videtur
1382 5087 1581 5142 incerta
1606 5103 1747 5153 esse,
1777 5089 1876 5143 hac
1901 5106 2037 5157 pra:-

457 5180 599 5234 senti
624 5180 819 5234 certior
845 5180 914 5233 sit
938 5188 993 5233 et
1019 5178 1238 5233 solidior
1256 5179 1280 5228 ?
1339 5180 1670 5250 Inquiramus
1695 5222 1709 5244 ,
1756 5182 1799 5236 si
1844 5183 2035 5251 placet,

458 5284 576 5339 quae
606 5279 731 5324 sunt
771 5270 859 5324 illa
884 5271 1166 5340 praesentis
1191 5270 1311 5324 vitae
1337 5271 1619 5340 praeclara;
1650 5271 1847 5326 divitia:
1868 5313 1881 5338 ,
1918 5275 2037 5343 glo-

458 5361 534 5414 ria
555 5402 568 5423 ,
602 5363 871 5430 potentia;
905 5377 1149 5432 magnum
1180 5361 1470 5417 existimari
1500 5362 1567 5417 ab
1608 5360 1908 5419 hominibus
1939 5383 1952 5418 :
1985 5373 2039 5419 et

458 5451 666 5507 videbis
696 5452 826 5507 nihil
857 5453 959 5507 illis
982 5467 1099 5508 esse
1129 5453 1401 5508 incertius.
1447 5454 1581 5521 Quid
1611 5456 1750 5509 enim
1775 5456 2037 5513 infidelius

462 5542 674 5610 divitiis,
701 5560 819 5614 quae
844 5560 985 5613 saepe
1008 5559 1105 5600 nec
1134 5560 1299 5615 usque
1330 5544 1396 5600 ad
1426 5561 1708 5618 vesperam
1731 5547 1884 5602 nobis
1911 5564 2034 5617 per-

461 5633 714 5689 manent?
762 5634 911 5689 Sicut
938 5636 1077 5689 enim
1121 5636 1356 5705 ingratus
1398 5637 1703 5707 transfuga,
1734 5637 1803 5692 ab
1840 5637 1942 5694 hoc
1966 5638 2033 5694 ad

460 5723 608 5779 illum
628 5764 643 5793 ,
675 5732 727 5781 et
756 5723 823 5780 ab
849 5724 941 5781 illo
966 5725 1033 5781 ad
1059 5726 1219 5781 alium
1246 5725 1470 5785 subinde
1500 5736 1799 5785 transeunt.
1828 5728 2025 5801 IIujus-

1701 279 1767 339 IN
1794 279 2093 339 GENESIM
2130 279 2357 339 SERMO
2429 284 2517 341 IX.

3647 271 3779 346 ’διδ

2201 399 2343 455 modi
2385 411 2468 457 est
2493 401 2679 473 gloria.
2725 400 3105 474 Saepenumero
3141 404 3227 474 qui
3258 404 3432 459 clarus
3460 412 3654 459 eratet
3683 421 3778 458 ηοε-

2194 490 2316 545 bilis
2341 532 2354 552 .
2387 501 2605 562 repente
2630 502 2967 565 contemptus
2988 504 3041 549 et
3083 494 3333 564 ignobilis
3373 494 3598 551 habetur
3626 536 3640 549 .
3664 505 3719 550 et
3742 511 3775 550 e

2190 581 2400 637 diverso
2442 599 2652 654 quoque
2692 600 2835 655 saepe
2872 586 3086 641 obscuri
3123 587 3298 641 subito
3330 587 3654 644 clarescunt.
3704 586 3773 643 Et

2187 675 2326 729 sicut
2353 676 2521 730 videri
2564 678 2747 747 nequit
2774 678 2824 732 in
2854 688 2969 732 rota
2995 719 3010 745 ,
3057 694 3177 748 qua“:
3216 679 3466 737 continuo
3502 689 3766 744 versatur,

2187 769 2358 838 aliqua
2393 783 2514 838 pars
2543 770 2679 839 ejus,
2709 785 2776 826 eo
2788 771 2939 841 quod
2963 771 3149 826 crebra
3174 770 3599 827 circumferentia
3629 787 3772 828 sem-

2186 875 2283 929 per
2312 876 2517 915 summa
2544 862 2671 916 fiunt
2698 864 2801 916 ima
2822 905 2837 930 ,
2866 872 2920 918 et
2948 864 3052 918 ima
3081 880 3286 919 summa
3320 883 3332 919 :
3364 865 3437 919 ita
3472 872 3528 920 et
3556 874 3769 920 nostra-

2184 970 2301 1008 rum
2328 970 2503 1008 rerum
2534 955 2782 1026 impetus,
2814 956 2938 1010 dum
2970 957 3220 1012 continuo
3242 967 3537 1025 vertuntur,
3556 974 3767 1014 summa

2184 1044 2309 1100 facit
2337 1046 2515 1100 infima
2545 1064 2558 1099 :
2604 1056 2663 1100 ut
2685 1046 2867 1102 videre
2897 1047 3017 1103 licet
3045 1048 3095 1102 in
3123 1048 3321 1106 divitiis
3341 1090 3356 1117 ,
3388 1050 3641 1120 potentiis
3664 1092 3680 1117 ,
3714 1060 3765 1106 et

2184 1139 2319 1191 aliis.
2363 1138 2659 1207 Numquam
2692 1137 2836 1192 enim
2876 1138 2930 1192 in
2970 1139 3159 1193 eodem
3204 1149 3341 1194 statu
3370 1150 3629 1210 manent,
3670 1144 3765 1197 sed

2182 1244 2397 1298 semper
2426 1228 2701 1284 instabiles
2737 1230 3017 1285 ﬂuminum
3062 1230 3235 1285 ﬂuxus
3279 1231 3571 1287 innituntur.
3627 1232 3765 1299 Quid

2181 1322 2338 1392 igitur
2366 1322 2448 1375 his
2478 1322 2729 1376 incertius
2756 1364 2771 1387 ,
2812 1338 2931 1391 quae
2974 1331 3079 1377 tam
3124 1324 3315 1379 crebro
3347 1325 3757 1393 transferuntur,

2179 1414 2564 1484 etpriusquam
2606 1422 2751 1468 recte
2793 1423 3121 1483 appareant,
3171 1415 3420 1481 avolant,
3451 1417 3759 1487 priusquam

2178 1507 2481 1571 adveniant,
2514 1501 2787 1561 resiliunt?
2814 1505 2967 1561 Unde
2990 1506 3248 1577 propheta
3279 1506 3343 1562 de
3368 1506 3573 1563 deliciis
3597 1517 3651 1563 et
3678 1508 3759 1563 di-

2177 1600 2318 1654 vitiis
2344 1600 2515 1669 deque
2539 1600 2697 1655 rebus
2727 1600 2918 1655 talibus
2944 1600 3212 1655 disserens
3231 1642 3246 1665 ,
3277 1606 3331 1654 et
3354 1614 3449 1655 eos
3491 1600 3759 1655 insectans

2176 1693 2263 1763 qui
2290 1692 2394 1747 illis
2423 1693 2571 1763 quasi
2603 1693 3034 1763 permanentibus
3075 1700 3294 1756 vacant,
3332 1692 3498 1747 dicit:
3527 1693 3757 1764 Reputao

2174 1794 2295 1839 runt
2346 1785 2453 1839 haec
2491 1786 2636 1853 quasi
2671 1786 2888 1850 stantia,
2925 1793 2970 1838 et
3010 1800 3111 1839 non
3140 1785 3284 1853 quasi
3311 1785 3555 1856 fugientia
3581 1786 3755 1857 (Amos

2174 1876 2227 1932 6.
2259 1875 2335 1950 5).
2363 1877 2478 1931 Non
2498 1877 2650 1943 dixit,
2672 1877 2821 1948 quasi
2853 1877 3247 1947 prsetereuntia,
3279 1876 3395 1942 sed,
3424 1877 3562 1947 quod
3586 1879 3753 1934 multo

2173 1972 2364 2041 majus,
2395 1971 2554 2038 Quasi
2574 1973 2821 2043 fugientia
2848 1988 2867 2026 :
2894 1988 2999 2028 non
3029 1973 3170 2027 enim
3194 1972 3442 2042 paulatim
3470 1973 3747 2037 recedunt,

2172 2063 2265 2119 sed
2310 2064 2440 2118 mira
2480 2065 2773 2120 celeritate.
2819 2066 2888 2118 At
2929 2064 3228 2133 patriarcha
3274 2064 3363 2120 ille
3389 2079 3495 2120 non
3521 2064 3597 2119 sic
3619 2064 3747 2133 egit,

2170 2154 2265 2209 sed
2295 2155 2492 2209 relictis
2534 2155 2782 2210 omnibus
2827 2154 2932 2209 illis
2956 2194 2971 2219 ,
3024 2163 3229 2209 tantum
3270 2154 3337 2210 ad
3366 2155 3750 2225 promissiones

2173 2246 2264 2301 Dei
2294 2248 2571 2316 spectavit,
2600 2247 2736 2301 viam
2766 2247 2918 2302 nobis
2939 2262 3131 2316 parans
3146 2247 3211 2301 ad
3230 2246 3525 2302 futurorum
3552 2247 3746 2303 fidem:

2168 2346 2226 2391 ut
2250 2352 2368 2391 cum
2394 2338 2695 2405 promiserit
2721 2338 2811 2392 tibi
2843 2338 2985 2393 Deus
3012 2336 3184 2392 futura
3210 2346 3264 2393 et
3288 2353 3405 2408 qute
3434 2353 3538 2393 non
3559 2338 3746 2395 viden.

2168 2437 2274 2494 tur,
2304 2444 2372 2483 ne
2407 2428 2552 2483 dicas
2574 2470 2589 2495 ,
2620 2428 2735 2483 haec
2762 2443 2882 2484 esse
2914 2429 3113 2484 incerta
3157 2438 3211 2484 et
3248 2430 3493 2485 obscura.
3544 2429 3748 2486 Incerta

2166 2521 2307 2575 enim
2336 2520 2424 2574 illa
2453 2522 2682 2575 certiora
2710 2530 2834 2575 sunt
2864 2521 2928 2575 iis
2956 2536 3075 2590 quae
3103 2520 3386 2587 videntur,
3418 2521 3577 2576 modo
3602 2536 3742 2577 ocu-

2165 2613 2244 2667 los
2270 2612 2392 2667 lidei
2421 2612 2727 2666 habeamus.
2761 2611 3012 2678 Quamvis
3038 2610 3182 2666 enim
3210 2612 3295 2666 illa
3314 2627 3419 2667 non
3446 2612 3741 2675 videamus,

2164 2706 2303 2759 Deus
2333 2715 2506 2759 tamen
2547 2719 2607 2758 ea
2641 2704 2920 2773 promisit,
2961 2711 3016 2758 et
3064 2704 3329 2773 pollicitus
3366 2712 3468 2759 est.
3520 2704 3745 2773 Quando

2162 2795 2302 2851 Deus
2332 2796 2627 2865 promittit,
2660 2796 2803 2849 nulla
2832 2794 3054 2849 variatio
3085 2793 3525 2864 promissionibus
3550 2794 3740 2864 adjun-

2160 2886 2332 2954 gitur;
2364 2894 2520 2955 atque
2546 2885 2677 2939 adeo
2705 2885 2791 2939 illa
2821 2885 3052 2939 maxime
3084 2894 3320 2949 manent,
3352 2900 3470 2954 quae
3497 2886 3548 2938 in
3580 2901 3737 2940 mann

2160 2978 2255 3033 Dei
2284 2988 2425 3031 sunt.
2457 2977 2540 3030 Ea:
2574 2993 2724 3030 manu
2753 2976 2895 3032 enim
2937 2974 3064 3041 Dei,
3107 2976 3276 3044 inquit
3302 3015 3316 3038 ,
3364 2974 3534 3029 nullus
3563 2992 3743 3046 rapere

2160 3079 2321 3138 potest
2350 3067 2527 3135 (Joan.
2558 3068 2644 3123 10.
2674 3066 2789 3138 29).
2840 3066 3003 3137 Igitur
3043 3066 3163 3137 quia
3212 3066 3386 3121 nullus
3416 3082 3603 3138 rapere
3640 3082 3741 3136 po-

2160 3173 2263 3217 test
2288 3178 2352 3216 ex
2384 3177 2541 3215 manu
2570 3162 2694 3227 Dei,
2744 3169 2921 3216 certus
2950 3160 3039 3215 ille
3085 3160 3363 3216 thesaurus
3390 3176 3601 3231 semper
3627 3178 3741 3216 ma-

2156 3265 2263 3310 net.
2308 3255 2595 3310 Praesentia
2635 3262 2808 3309 autem
2846 3254 3142 3325 omnigenis
3172 3255 3549 3311 variationibus
3574 3265 3627 3310 et
3657 3256 3738 3309 vi-

2155 3349 2552 3406 cissitudinibus
2566 3356 2692 3403 sunt
2706 3348 2931 3403 obnoxia
2956 3365 2970 3415 ;
2996 3348 3115 3404 ideo
3136 3363 3231 3418 pro
3241 3347 3319 3404 eis
3341 3363 3481 3419 smpe
3499 3349 3734 3404 laborem

2155 3441 2389 3507 ferinms,
2421 3448 2475 3495 et
2502 3440 2603 3495 line
2630 3455 2813 3495 eorum
2840 3438 3176 3495 frustramur.
3227 3440 3285 3494 In
3314 3440 3381 3495 iis
3410 3449 3587 3495 autem
3615 3455 3734 3509 quae

2152 3548 2446 3603 speramus,
2472 3548 2576 3587 non
2606 3532 2675 3587 ita
2700 3540 2802 3599 est,
2830 3532 2925 3587 sed
2949 3533 2992 3586 is
3012 3532 3100 3600 qni
3124 3531 3404 3597 laboravit,
3428 3533 3733 3587 necessario

2152 3642 2378 3681 coronas
2402 3634 2456 3680 et
2478 3626 2695 3694 prtcmia
2722 3626 3083 3694 consequitur.
3132 3624 3264 3679 Nam
3291 3626 3421 3693 Spes
3442 3642 3555 3679 non
3579 3625 3734 3694 pude-

2153 3720 2276 3787 facit
2306 3717 2480 3785 (Rom.
2509 3718 2560 3771 5.
2596 3716 2650 3786 5)
2680 3756 2694 3780 ,
2730 3716 2851 3785 quia
2885 3716 2978 3770 Dei
3027 3724 3109 3769 est
3151 3715 3433 3785 promissio
3466 3734 3480 3768 :
3512 3724 3566 3769 et
3592 3715 3733 3770 dona

2154 3809 2416 3877 promissa
2447 3816 2737 3876 sequuntur
2766 3808 2881 3874 ejus
2912 3816 3175 3872 naturam,
3208 3807 3298 3877 qui
3326 3806 3587 3876 promisit.
3620 3808 3730 3863 Re-

2152 3899 2292 3954 lictis
2329 3898 2486 3969 igitur
2525 3899 2777 3962 incertis,
2824 3896 3165 3967 apprehende
3193 3912 3256 3952 ca
3284 3914 3405 3967 quze
3441 3899 3729 3968 conspicua

2152 4000 2274 4046 sunt
2305 4009 2317 4044 :
2347 3989 2630 4058 conSpicua
2656 3998 2829 4042 autem
2858 3996 3019 4053 sunt,
3049 4003 3156 4043 non
3183 3989 3464 4059 praesentia
3485 4031 3499 4054 ,
3523 3990 3617 4044 sed
3644 3988 3728 4045 fu-

2152 4090 2289 4135 tura.
2346 4079 2463 4135 Jam
2515 4078 2656 4149 quod
2703 4079 2862 4148 aliqui
2905 4078 2971 4133 ad
3022 4080 3304 4149 prazsentia
3348 4090 3629 4149 spectant,
3675 4091 3729 4138 et

2150 4171 2325 4226 futura
2371 4179 2666 4240 respuunt:
2699 4186 2802 4225 non
2835 4170 2954 4225 ideo
2994 4181 3285 4240 respuunt,
3331 4172 3471 4243 quod
3500 4172 3725 4229 obscura

2149 4272 2203 4317 et
2230 4264 2429 4317 incerta
2454 4303 2468 4326 ,
2500 4262 2592 4316 sed
2619 4262 2759 4331 quod
2804 4262 3047 4316 sublimia
3090 4264 3233 4327 sint,
3282 4271 3336 4318 et
3378 4278 3538 4334 supra
3575 4280 3726 4320 suam

2150 4353 2585 4408 imbecillitatem.
2648 4351 2939 4407 Considera
2992 4353 3151 4422 igitur
3197 4362 3391 4423 quanta
3439 4354 3509 4409 sit
3556 4356 3725 4410 virtus

2143 4445 2292 4514 justi.
2344 4446 2666 4499 Promiserat
2692 4446 2739 4499 ei
2772 4444 2913 4499 Deus
2954 4446 3248 4514 corporalia
3272 4488 3285 4510 ,
3325 4455 3379 4500 et
3421 4447 3534 4516 ipse
3564 4449 3727 4518 Spiris

2148 4540 2306 4593 tualia
2333 4539 2623 4609 qurerebat.
2666 4536 2803 4603 Ubi,
2832 4537 2994 4602 dices,
3028 4539 3268 4607 promisit
3287 4539 3334 4591 ei
3367 4538 3503 4593 Deus
3529 4554 3723 4608 corpo-

2147 4631 2275 4684 ralia
2298 4673 2313 4697 ,
2343 4640 2391 4684 et
2423 4632 2532 4697 ipse
2559 4629 2849 4698 spiritualia
2876 4628 3155 4699 quaesivit?
3203 4628 3457 4699 Egredere
3479 4670 3493 4691 ,
3528 4630 3721 4700 inquit,

2147 4722 2208 4775 de
2234 4732 2366 4775 terra
2402 4730 2522 4787 tua,
2568 4729 2614 4774 et
2641 4720 2705 4773 de
2737 4720 3030 4789 cognatione
3059 4729 3145 4772 tua
3169 4762 3183 4785 ,
3224 4730 3267 4772 et
3293 4720 3356 4772 de
3384 4719 3533 4773 domo
3565 4731 3723 4789 patris

2146 4818 2216 4869 tui
2236 4857 2251 4881 ,
2293 4823 2338 4868 et
2363 4816 2471 4867 veni
2496 4816 2548 4869 in
2581 4824 2765 4868 terram
2789 4830 2940 4885 quam
2967 4821 3308 4867 monstravere
3335 4813 3422 4867 tibi
3449 4812 3601 4884 (Gen.
3631 4816 3720 4869 12.

2154 4908 2231 4979 1).
2263 4905 2572 4976 Corporalis
2597 4915 2712 4960 erat
2738 4915 2876 4960 terra
2920 4906 3083 4974 prior,
3113 4913 3173 4959 ut
3196 4913 3250 4961 et
3278 4905 3471 4972 futura,
3499 4922 3619 4977 qua:
3649 4908 3721 4961 illi

2144 5000 2317 5055 danda
2343 5008 2477 5054 erat.
2527 4999 2663 5065 Quid
2704 5013 2832 5067 ergo
2864 4998 2992 5051 ille?
3031 4999 3143 5053 lmo
3172 5013 3276 5053 non
3311 4999 3480 5065 illum,
3512 4999 3605 5054 sed
3627 5014 3722 5053 auo

2143 5093 2349 5146 diamus
2374 5090 2439 5145 de
2469 5091 2558 5145 illo
2589 5091 2850 5145 dicentem
2878 5089 3099 5144 Paulum
3120 5131 3134 5153 ,
3183 5099 3241 5144 ut
3278 5090 3547 5144 discamus
3571 5106 3719 5155 eum,

2144 5184 2267 5238 licet
2297 5183 2437 5237 hanc
2466 5192 2659 5237 terram
2693 5183 3025 5251 promisisset
3064 5183 3206 5236 Deus
3229 5224 3243 5247 ,
3295 5182 3499 5235 relictis
3541 5191 3717 5237 tamen

2144 5274 2526 5347 praesentibus,
2566 5288 2686 5328 eam
2718 5290 2822 5328 non
2861 5273 3163 5342 respexisse
3183 5316 3196 5337 ,
3222 5272 3313 5325 sed
3344 5272 3621 5327 festinasse
3650 5273 3716 5327 ad

2140 5367 2337 5422 futura.
2364 5365 2500 5433 Quid
2531 5364 2688 5435 igitur
2717 5365 2912 5419 Paulus
2937 5364 3102 5419 dicit?
3147 5362 3309 5417 Juxta
3342 5363 3495 5432 ﬁdem
3532 5366 3717 5418 mortui

2140 5468 2257 5513 sunt
2278 5458 2329 5510 lii
2354 5473 2523 5511 omnes
2554 5454 2737 5526 (Hebr.
2768 5457 2855 5510 11.
2886 5455 3014 5524 15),
3064 5453 3131 5508 de
3170 5454 3435 5508 Abraham
3474 5454 3717 5523 loquens,

2140 5550 2286 5604 Isaac
2312 5556 2366 5602 et
2385 5546 2569 5611 Jacob,
2600 5558 2655 5601 et
2679 5546 2834 5616 justis
2862 5546 3130 5600 omnibus.
3156 5543 3340 5614 Neque
3369 5544 3511 5600 enim
3537 5544 3714 5598 Abra-

2140 5640 2263 5695 ham
2310 5638 2491 5701 solus,
2532 5637 2625 5692 sed
2656 5651 2843 5692 omnes
2877 5635 3117 5706 ejusdem
3164 5645 3319 5690 erant
3360 5634 3712 5705 philosophias

2144 5730 2450 5803 participes.
2481 5727 2640 5784 Juxta
2656 5728 2809 5798 ﬁdem
2832 5728 3012 5783 mortui
3033 5738 3147 5782 sunt
3176 5728 3226 5782 hi
3258 5743 3447 5792 omnes,
3481 5743 3593 5781 cum
3614 5741 3715 5780 non
