4146 6260
502 323 610 376 6‘27

506 433 806 499 πόρρωθεν
835 434 1023 498 αὐτὰς
1046 434 1286 496 ἰδόντες.
1321 432 1386 485 Τί
1421 433 1631 500 λέγεις;
1660 434 1758 486 οὐκ
1784 433 2072 501 ἐκομίσατο

503 514 602 577 τὰς
629 517 961 584 ἐπαγγελίας
991 519 1020 569 6
1054 515 1328 587 Ἀϐραάμ,
1363 515 1484 569 οὐδέ
1528 510 1692 585 ἦλθεν
1730 518 1808 577 εἰς
1839 515 1935 587 τὴν
1965 519 2074 570 Πα-

505 597 816 668 λαιστίνην;
853 599 1061 663 Ψεῦδος
1099 595 1191 652 οῦν
1233 599 1300 652 16
1335 597 1632 671 είρημένα;
1681 599 1834 669 Οὐχὶ,
1888 599 2070 668 φησίν.

505 675 675 732 *Ηλθε
711 682 807 751 μὲν
837 683 944 754 γάρ
977 684 1058 745 εἰς
1087 682 1184 752 τὴν
1209 681 1592 752 Παλαιστίνην,
1624 681 1684 734 οὐ
1715 680 1851 750 πρὸς
1874 682 2074 750 ταύτην

505 762 562 814 δὲ
583 763 774 816 ἐϐλεπε
795 764 891 835 τὴν
913 763 1263 833 ἐπαγγελίαν.
1284 763 1396 816 ἀλλ’
1415 764 1604 834 ἐτέρας
1623 764 1882 834 ἐπεθύμει
1899 768 1998 834 τῆς
2018 766 2073 816 ἐν

505 849 782 916 οὐρανοῖς,
823 850 918 902 καὶ
959 848 1068 902 τῶν
1102 847 1384 917 παρόντων
1425 846 1572 911 ξένον
1611 847 1799 900 ἐαυτὸν
1830 848 2074 918 ἐνόμιζεν

506 925 645 982 εἶναι
676 931 946 984 ἁπάντων.
962 931 1138 1000 Ὅπερ
1165 926 1258 984 οὖν
1280 931 1375 983 καὶ
1398 929 1545 1000 αὐτῷ
1568 929 1858 1000 μαρτυρῶν
1879 933 1906 983 6
1929 928 2074 983 Παῦ-

506 1011 594 1073 λος
635 1014 913 1081 ἐπήγαγεο
951 1013 1061 1066 Καὶ
1095 1014 1582 1082 ὁμολογήσαντες
1632 1013 1721 1067 ὅτι
1761 1012 1923 1077 ξένοι
1973 1014 2072 1067 καί

507 1090 902 1159 παρεπίδημοί
921 1094 1063 1148 εισι.
1086 1091 1241 1155 Ξένος
1261 1093 1290 1145 6
1315 1092 1551 1162 πατρίδα
1579 1091 1779 1156 λαϐὼν,
1810 1091 1931 1145 εἰπέ
1961 1108 2071 1162 μοι,

507 1173 600 1224 καὶ
627 1171 807 1242 χώραν
835 1173 1138 1244 τοσαύτην;
1169 1175 1298 1237 N61,
1330 1175 1493 1243 φησίν
1513 1191 1528 1206 ο
1554 1176 1616 1227 οὐ
1646 1175 1751 1246 γὰρ
1779 1175 1914 1244 πρὸς
1941 1174 2073 1228 ταύ-

505 1271 625 1323 την,
654 1255 790 1308 άλλά
821 1257 958 1326 πρὸς
989 1257 1080 1308 τὸν
1110 1257 1338 1328 οὐρανὸν
1384 1257 1628 1310 ἔϐλεπεν.
1654 1261 1717 1312 Ol
1751 1259 1860 1327 γὰρ
1888 1256 2075 1310 ταῦτα

504 1339 787 1406 λέγοντες
827 1340 1272 1408 ἐμφανίζουσιν,
1321 1340 1409 1395 ὅτι
1445 1341 1655 1409 ἑτέραν
1683 1340 1935 1409 πατρίδα
1979 1340 2073 1407 ζη-

505 1420 739 1482 τοῦσιν,
768 1417 844 1490 ἧς
875 1423 1150 1490 τεχνίτης
1176 1424 1272 1476 καί
1301 1423 1657 1492 δημιουργός
1684 1427 1716 1477 ὀ
1746 1423 1907 1488 Θεὸς,
1932 1423 2073 1476 ἐκεί-

505 1522 602 1574 νην
621 1504 719 1574 τὴν
747 1507 1066 1576 ἐπουράνιον
1104 1506 1472 1578 Ἰερουσαλὴμ,
1504 1506 1600 1578 τὴν
1633 1507 1761 1560 ἄνω.
1781 1505 1930 1570 Είδες
1955 1506 2072 1569 πῶς

505 1587 866 1658 ἐπηγγείλατο
897 1590 1042 1660 αὐτῷ
1071 1591 1098 1642 6
1128 1590 1258 1653 Θεὸς
1295 1589 1550 1660 αίσθητά;
1587 1590 1701 1652 πῶς
1730 1592 1933 1652 ἐκεῖνος
1975 1588 2072 1660 τὴν

507 1669 621 1722 ἅνω
665 1669 1016 1742 Ἰερουσαλὴμ
1049 1673 1261 1744 ἐζήτει;
1302 1677 1366 1727 Ol
1402 1672 1513 1744 γὰρ
1549 1674 1732 1728 ταῦτα
1770 1672 2068 1742 λέγοντες,

508 1753 690 1822 φησὶν,
725 1752 1146 1822 ἐμφανίζουσιν
1185 1755 1274 1808 ὅτι
1302 1756 1554 1824 πατρίδα
1585 1755 1842 1822 ζητοῦσι.
1879 1754 1989 1808 Καὶ
2021 1759 2070 1809 εί

501 1837 618 1905 μὲν
646 1839 880 1905 ἐκείνης
901 1837 1254 1908 ἐμέμνηντο,
1274 1840 1373 1909 ἀφ’
1393 1837 1469 1910 ἧς
1493 1839 1774 1907 ἐξῆλθον,
1799 1834 1964 1907 εἶκον
1995 1837 2072 1893 ἂν

503 1922 712 1988 καιρὸν
757 1922 1102 1991 ἀνακάμψαι
1123 1941 1136 1954 ·
1183 1923 1321 1977 νυνί
1370 1923 1438 1976 δὲ
1488 1923 1692 1992 ἐτέρας
1735 1923 2071 1990 κρείττονος

503 2002 826 2072 ὀρέγονται,
855 2005 1186 2067 τουτέστιν,
1211 2008 1592 2074 ἐπουρανίου.
1608 2006 1814 2059 Οὐκοῦν
1840 2007 2069 2077 αἰσθητὴ

507 2085 605 2153 μὲν
641 2088 676 2156 ἡ
707 2086 1016 2156 ὑπόσχεσις,
1055 2089 1219 2159 νοητὴ
1257 2088 1314 2140 δέ
1352 2091 1384 2159 ή
1417 2089 1677 2158 ἐπιθυμία
1707 2089 1800 2142 τοῦ
1840 2090 2067 2153 δικαίου,

505 2168 830 2233 ἀπεναντίας
858 2172 1010 2239 ἡμῖν.
1052 2173 1276 2242 Ἐκείνῳ
1311 2173 1410 2241 μὲν
1435 2172 1541 2243 γὰρ
1573 2173 1935 2243 ἐπηγγείλατο
1972 2174 2070 2244 τὴν

507 2251 889 2321 Παλαιστίνην,
925 2253 953 2305 6
981 2253 1036 2305 δέ
1086 2255 1470 2318 περιεϐλέπετο
1511 2256 1601 2308 τὸν
1645 2257 1869 2327 οὐρανόν
1892 2274 1905 2286 ’
1941 2259 2070 2327 ἡμῖν

505 2332 562 2386 δὲ
585 2335 972 2404 ἐπαγγέλλεται
1000 2337 1092 2390 τὸν
1115 2338 1360 2409 οὐρανὸν,
1389 2340 1482 2392 καὶ
1512 2340 1646 2410 πρὸς
1668 2339 1764 2410 τὴν
1785 2341 1889 2410 γῆν
1905 2344 2066 2412 κεχή-

509 2436 702 2489 ναμεν.

575 2573 640 2630 ε’.
664 2576 849 2632 Ταῦτα
875 2577 966 2630 ἐκε
976 2578 1244 2649 ρδάναμεν
1265 2579 1372 2632 ἀπὸ
1397 2579 1490 2632 τοῦ
1520 2580 1767 2651 Ἀϐραὰμ
1787 2583 2068 2652 ὀνόματος,

510 2657 770 2728 μαθόντες
797 2659 882 2712 616
915 2661 966 2713 τί
996 2662 1238 2732 περάτης
1266 2661 1481 2733 ἐλέχθη,
1511 2663 1604 2716 καὶ
1630 2663 1711 2716 ὅτι
1739 2664 1837 2732 τὴν
1867 2665 2069 2719 οἰκείαν

505 2740 656 2812 [695]
682 2741 842 2811 ἀφεὶς
873 2745 994 2813 γῆν,
1039 2744 1176 2814 πρὸς
1211 2744 1310 2814 τὴν
1355 2744 1636 2816 ἀλλοτρίαν
1679 2747 1930 2817 μετέστη,
1975 2748 2068 2801 καὶ

501 2825 572 2879 16
615 2825 750 2896 δῆλα
785 2827 1175 2898 παραδραμὼν,
1210 2829 1346 2898 πρὸς
1375 2828 1444 2881 16
1470 2829 1638 2900 ἄδηλα
1665 2829 1878 2893 ἕϐλεπε,
1911 2830 1977 2883 τά
2010 2833 2068 2884 ἐν

504 2909 658 2976 χερσὶ
687 2908 865 2978 ῥίψας,
889 2910 1133 2980 ἐκεχήνει
1161 2911 1294 2981 πρὸς
1319 2911 1386 2964 τά
1414 2913 1471 2964 ἐν
1497 2913 1694 2974 ἐλπίσι,
1720 2914 1810 2966 καὶ
1839 2913 2067 2984 αἰσθητά

503 2987 702 3052 λαϐὼν,
732 2990 866 3058 πρὸς
887 2992 954 3044 τά
983 2993 1149 3060 νοητά
1178 2993 1504 3056 άνετείνατο,
1527 2994 1808 3048 καὶταῦτα
1838 2996 1939 3065 πρὸ
1968 2995 2067 3064 τῆς

504 3071 743 3141 χάριτος,
779 3072 885 3142 πρὸ
910 3073 1002 3126 τοῦ
1035 3073 1220 3143 νόμου,
1244 3076 1348 3145 πρὸ
1373 3077 1473 3144 τῆς
1505 3077 1612 3128 ἀπὸ
1640 3076 1748 3129 τῶν
1775 3077 2067 3148 προφητῶν

501 3155 866 3219 διδασκαλίας.
885 3157 1046 3211 ὐθεν
1070 3157 1250 3226 δῆλον,
1274 3160 1347 3221 ὼς
1373 3159 1560 3211 οὐδένα
1583 3159 1706 3230 ἐσχε
1729 3159 2063 3231 καθηγητὴν,

502 3236 619 3292 ἀλλ’
655 3239 884 3307 ἤρκεσεν
918 3239 1066 3310 αὐτῷ
1096 3243 1127 3311 ἠ
1164 3240 1323 3309 φύσις
1365 3243 1490 3304 τοὺς
1525 3242 1619 3294 τοῦ
1652 3244 1949 3307 συνειδότος
1983 3261 2066 3297 κι-

499 3322 707 3392 νήσασα
733 3321 1043 3391 λογισμοὺς,
1077 3323 1170 3377 καὶ
1202 3323 1375 3387 οὕτως
1410 3319 1532 3396 εὗρε
1567 3325 1658 3378 τὸν
1682 3325 1815 3378 Θεὸν
1843 3326 1935 3380 τὸν
1971 3326 2063 3380 τοῦ

499 3405 696 3467 παντὸς
729 3405 1056 3476 δημιουργόν
1076 3423 1089 3436 ·
1128 3405 1216 3459 616
1255 3406 1411 3460 10610
1443 3407 1666 3480 Ἀϐραμ
1695 3408 1936 3477 ἐλέγετο,
1978 3409 2065 3463 διὰ

498 3485 655 3538 τοῦτο
693 3487 786 3538 καὶ
814 3488 860 3539 οἱ
889 3491 1064 3555 γονεῖς
1093 3489 1242 3559 αὐτῷ
1279 3489 1338 3541 τὸ
1377 3491 1546 3560 ὄνομα
1583 3491 1856 3561 ἐπέθηκαν
1885 3491 2060 3546 τοῦτο.

512 3568 670 3620 Ἀλλά
699 3570 838 3639 τάχα
870 3569 998 3634 ἴσως
1039 3573 1182 3625 ετποι
1209 3590 1294 3635 τις
1323 3573 1408 3637 ἂν,
1435 3575 1515 3626 ὅτι
1545 3575 1699 3628 τοῦτο
1730 3575 1940 3644 ψεῦδος.
1973 3575 2064 3647 Μὴ

499 3652 607 3722 γάρ
636 3651 832 3704 δίκαιοι
885 3649 1024 3723 ἦσαν
1067 3656 1115 3707 οἱ
1150 3659 1323 3722 γονεῖς
1361 3656 1454 3708 τοῦ
1510 3658 1790 3728 Ἀϐραάμ;
1830 3657 1904 3728 μὴ
1955 3657 2064 3728 γάρ

500 3735 784 3803 εὐάρεστοι
811 3735 887 3804 τῷ
915 3736 1064 3806 Θεῷ;
1090 3738 1162 3806 μὴ
1195 3739 1303 3808 γάρ
1336 3740 1551 3808 ᾔδεισαν
1580 3739 1646 3792 16
1673 3740 1930 3809 μέλλοντα
1953 3741 2066 3792 ἐσε-

500 3815 660 3879 σθαι;
688 3815 760 3884 μὴ
781 3816 887 3884 γάρ
903 3817 1195 3888 προεώρων
1227 3819 1326 3889 τὴν
1356 3821 1646 3888 ὑπόσχεσιν
1676 3821 1772 3890 τὴν
1800 3821 1949 3890 παρά
1970 3823 2062 3874 τοῦ

499 3896 766 3950 Δεσπότου
789 3899 1082 3968 μέλλουσαν
1095 3901 1448 3972 ρηθήσεσθαι;
1460 3903 1578 3971 οὐχί
1593 3903 1806 3964 ἀσεϐεῖς
1819 3898 1956 3973 ἦσαν
1972 3905 2064 3956 καὶ

499 3979 898 4052 εἰδωλολάτραι,
922 3984 1214 4057 βαρϐάρων
1227 3984 1294 4053 βα
1303 3984 1696 4056 ρϐαρικώτατοι
1709 4001 1723 4049 ;
1738 3979 1866 4037 Οἶδα
1886 3985 2061 4054 κάγὼ,

499 4063 594 4115 καὶ
617 4063 706 4116 διά
727 4063 885 4117 τοῦτο
913 4065 1120 4119 ἐπαινῶ
1151 4067 1241 4120 τὸν
1268 4067 1495 4132 δίκαιον,
1518 4068 1599 4120 ὄτι
1621 4066 1895 4130 τοιούτους
1924 4066 2062 4138 ἔχων

498 4146 762 4216 πατέρας,
795 4147 1032 4212 τοιοῦτος
1064 4149 1222 4213 αὐτὸς
1255 4150 1488 4219 ἐγένετο.
1525 4150 1629 4204 K61
1660 4151 1722 4203 16
1753 4150 2062 4221 θαυμαστὸν

497 4229 591 4282 καὶ
640 4230 940 4301 παράδοξον
983 4231 1137 4284 τοῦτό
1169 4235 1334 4297 ἐστιν,
1367 4235 1447 4286 611
1489 4233 1548 4299 ἐξ
1587 4233 1872 4303 ἀλλοτρίας
1910 4231 2062 4304 ῥίζης

496 4314 589 4364 καὶ
611 4311 809 4383 ἀγρίας
839 4313 1043 4384 ἥμερος
1068 4314 1266 4385 ὴνέχθη
1302 4316 1531 4386 καρπός.
1555 4316 1629 4370 Οὐ
1653 4317 1763 4386 γάρ.
1791 4317 1906 4368 ἐστι
1931 4333 2062 4369 κατ’

494 4393 693 4464 ηγορία
734 4395 935 4450 παίδων
964 4397 1021 4449 ἐν
1067 4397 1319 4469 εὐσεϐείᾳ
1351 4398 1566 4463 ζώντων
1604 4401 1637 4470 ὴ
1670 4400 1779 4451 τῶν
1812 4399 2061 4470 πατέρων

496 4479 683 4539 κακία,
703 4477 813 4530 ἀλλ’
843 4480 890 4530 εἰ
919 4481 1020 4550 χρή
1052 4497 1106 4532 τι
1128 4481 1432 4552 θαυμαστὸν
1458 4485 1650 4549 εἰπεῖν,
1673 4483 1768 4537 καὶ
1789 4482 2060 4554 ἐγκώμιον

501 4561 721 4630 μᾶλλον,
745 4562 827 4614 ὅτι
861 4562 934 4633 μὴ
975 4563 1126 4632 παρὰ
1154 4565 1432 4635 προγόνων
1469 4564 1753 4635 δεξάμενοι
1780 4566 1878 4636 τὴν
1911 4566 2062 4618 εὐσέ-

497 4643 669 4707 ϐειαν,
695 4645 829 4714 μηδὲ
849 4647 971 4708 τοὺς
993 4646 1463 4716 χειραγωγοῦντας
1487 4647 1718 4718 ἔχοντες,
1739 4649 1850 4702 ἀλλ’
1873 4649 2064 4719 ῶσπερ

497 4726 556 4778 ἐν
588 4729 774 4798 ἐρήμῳ
802 4729 895 4781 καὶ
923 4728 1107 4798 ἀϐάτῳ
1137 4729 1428 4794 ὁδεύοντες,
1453 4730 1792 4801 ἠδυνήθησαν
1820 4731 1916 4802 τὴν
1945 4732 2060 4784 ὁδὸν

497 4809 594 4880 τὴν
617 4812 698 4872 είς
717 4810 808 4863 τὸν
842 4811 1066 4882 οὐρανὸν
1098 4810 1368 4881 φέρουσαν
1391 4813 1590 4883 εὑρεῖν.
1619 4815 1692 4866 Οὐ
1725 4813 1901 4866 τοίνυν
1931 4832 2060 4867 κατ-

494 4890 691 4960 ηγορία
724 4890 892 4961 ἀσεϐῆ
920 4891 1130 4962 πατέρα
1154 4891 1318 4960 ἐχειν,
1344 4891 1476 4945 ἀλλά
1507 4890 1788 4963 μιμεῖσθαι
1811 4893 1909 4962 τὴν
1933 4893 2060 4946 ἀσέ-

496 4969 646 5023 ϐειαν
687 4972 780 5025 τοῦ
817 4973 1017 5044 πατρός
1038 4991 1050 5003 ·
1091 4974 1182 5026 καὶ
1212 4975 1460 5046 ἔγκλημα
1497 4975 1766 5045 μέγιστον,
1800 4976 1896 5045 οὐχ
1931 4975 2060 5028 ὅταν

495 5054 728 5121 φαύλους
757 5054 968 5125 ἔχωμεν
997 5059 1194 5123 γονεῖς,
1225 5057 1340 5109 ἀλλ’
1369 5058 1497 5110 ὅταν
1536 5058 1715 5112 αὐτῶν
1755 5059 1828 5129 μὴ
1859 5060 2056 5129 ἐπιμε-

493 5134 734 5207 λώμεθα,
756 5139 850 5190 καὶ
878 5137 945 5191 16
972 5139 1100 5209 παρ’
1131 5140 1336 5194 ἑαυτῶν
1367 5141 1543 5194 πάντα
1563 5142 1902 5212 είσφέρωμεν
1923 5142 2058 5212 πρὸς

493 5217 554 5272 τὸ
596 5220 695 5290 τῆς
727 5220 924 5283 κακίας
972 5222 1168 5286 αὐτοὺς
1204 5223 1508 5287 ἀπαλλάξαι
1547 5223 1769 5294 ταύτης.
1807 5224 1892 5287 Ὡς
1929 5224 2057 5276 ὅταν

492 5303 654 5371 ἡμεῖς
700 5303 801 5372 μὲν
853 5303 1027 5356 πάντα
1081 5304 1475 5376 ἐπιδειξώμεθα
1518 5307 1646 5378 περὶ
1690 5308 1788 5378 τὴν
1833 5308 2056 5360 ἐκείνων

491 5382 691 5454 ψυχὴν,
734 5387 929 5438 ἐκεῖνοι
972 5385 1028 5438 δὲ
1058 5388 1148 5439 ἐπὶ
1181 5388 1280 5456 τῆς
1319 5388 1496 5441 αὐτῶν
1536 5389 1739 5460 μένωσι
1768 5390 2052 5460 πονηρίας,

493 5466 672 5535 πάσης
703 5467 963 5538 μέμψεως
995 5469 1388 5540 ἀπηλλάγμεθα
1412 5473 1506 5525 καὶ
1547 5473 1742 5535 αἰτίας.
1781 5473 1963 5526 Ταῦτα
1995 5473 2054 5527 δὲ

494 5543 664 5612 εἷπον,
695 5549 782 5602 ἴνα
811 5550 885 5621 μὴ
913 5552 1225 5624 αἰσχυνθῇς,
1248 5555 1516 5625 άγαπητὲ,
1543 5557 1669 5610 ὅταν
1692 5557 1949 5628 ἀκούσῃς,
1971 5557 2052 5611 ὅτι

493 5632 705 5701 πατέρα
736 5635 906 5706 ἀσεϐῆ
934 5635 1090 5706 ἔσχεν
1117 5638 1145 5691 6
1171 5638 1436 5710 Ἁϐραάμ.
1463 5641 1571 5693 K61
1597 5639 1705 5711 γὰρ
1735 5643 1763 5694 6
1795 5641 2054 5712 Τιμόθεος

495 5713 666 5786 ἀσεϐῆ
695 5719 905 5790 πατέρα
935 5715 1113 5791 είχενε
1155 5722 1287 5788 Υίὸς
1315 5723 1422 5795 γάρ
1437 5722 1726 5792 Ἰουδαίας
1764 5724 2048 5794 γυναικὸς

1707 313 1772 387 1111
1805 311 2103 369 012111153111
2141 311 2376 371 51311110
2413 315 2502 372 Ix.

3631 320 3738 377 6‘28

2176 429 2274 502 ἧν,
2308 435 2464 504 φησι,
2517 432 2736 500 πιστῆς
2770 432 2990 500 μητρὸς
3010 473 3023 495 ,
3056 431 3276 501 πατρὸς
3321 432 3388 483 δὲ
3421 433 3737 501 Ἕλληνος.

2176 527 2286 578 K61
2326 528 2408 578 611
2453 525 2665 595 ἔμεινεν
2708 524 2764 574 ἐν
2802 522 3025 592 ἀσεϐείᾳ
3067 524 3160 575 καὶ
3208 518 3266 574 οὐ
3318 523 3671 593 μετεϐάλλετο
3711 526 3742 580 ὁ

2175 614 2380 684 πατὴρ,
2416 613 2571 684 δῆλον
2608 613 2816 666 ἐκεῖθεν
2840 628 2854 642 ·
2900 613 3136 666 ἐπαινῶν
3177 613 3285 683 γάρ
3336 613 3428 667 τοῦ
3477 615 3740 684 Τιμοθέου

2174 708 2271 775 τὴν
2301 705 2498 770 πίστιν,
2537 705 2678 759 οὕτω
2710 707 2872 776 φησὶν
2899 707 2928 759 ὁ
2962 704 3169 768 Παῦλος
3190 723 3202 736 ·
3243 707 3409 772 "Huc
3435 706 3741 774 ἐνῴκησεν

2173 798 2242 851 ἑν
2277 796 2351 865 τῇ
2376 797 2582 866 μάμμῃ
2629 815 2745 851 σου
2788 795 2985 861 Κωΐδι,
3019 797 3114 850 καὶ
3158 795 3232 865 τῇ
3267 798 3444 866 μητρί
3488 802 3737 868 Εὐνίκῃ,

2176 889 2498 958 πέπεισμαι
2528 887 2596 941 δὲ
2623 890 2714 942 ὅτι
2744 889 2842 944 καί
2867 889 2936 942 ἐν
2963 889 3082 944 σοί.
3110 889 3218 942 K61
3250 889 3484 960 οὐδαμοῦ
3513 891 3605 944 106
3636 909 3740 946 πα-

2171 981 2298 1050 τρὸς
2330 981 2390 1035 τὸ
2420 980 2609 1050 ὄνομα.
2654 981 2753 1034 Διά
2786 982 2868 1047 τί;
2908 982 3027 1034 ’Ὀτι
3057 984 3114 1034 ἐν
3153 984 3218 1053 τῇ
3251 982 3474 1054 ἀσεϐείᾳ
3504 983 3735 1052 ἔμεινεν,

2173 1076 2272 1127 οὐκ
2312 1069 2379 1143 ἦν
2420 1075 2569 1139 ἄξιος
2609 1074 2962 1147 ἀριθμεῖσθαι
2995 1075 3133 1144 μετὰ
3163 1075 3257 1128 τοῦ
3300 1076 3504 1140 παιδός.
3543 1077 3651 1130 K61
3687 1079 3736 1131 οί

2173 1165 2460 1218 ἀπόστολοι
2487 1165 2544 1218 δὲ
2573 1165 2841 1236 πονηροὺς
2859 1164 3014 1235 ἔσχον
3036 1163 3298 1234 πατέρας,
3316 1165 3411 1218 καὶ
3433 1165 3589 1218 τοῦτο
3615 1166 3738 1236 ἐδή-

2174 1257 2344 1310 λωσεν
2376 1260 2406 1311 6
2433 1257 2665 1327 Χριστὸς
2693 1257 2890 1312 εἰπών·
2921 1259 2990 1311 Εἰ
3019 1256 3136 1325 ἐγὼ
3164 1257 3234 1308 έν
3257 1254 3614 1316 Βεελζεϐοὺλ
3645 1258 3741 1310 έκ-

2173 1345 2371 1399 ϐάλλω
2404 1347 2477 1400 τὰ
2520 1345 2815 1416 δαιμόνια,
2844 1349 2897 1400 οί
2947 1345 3063 1398 υίοὶ
3101 1343 3264 1412 ὑμῶν
3296 1344 3366 1398 ἐν
3407 1346 3523 1398 τίνι
3563 1346 3736 1400 ἐκϐα-

2171 1437 2392 1501 λοῦσι;
2439 1437 2540 1492 Διὰ
2582 1437 2758 1490 τοῦτο
2807 1435 2976 1489 αὐτοὶ
3029 1434 3276 1488 ἔσονται
3330 1435 3516 1502 κριταὶ
3550 1435 3735 1504 ὑμῶν.

2184 1528 2344 1581 Ἀλλά
2381 1529 2453 1598 μή
2490 1545 2548 1581 σε
2588 1528 2888 1600 θορυϐείτω
2927 1527 3107 1592 τοῦτο,
3161 1528 3294 1599 μηδέ
3323 1527 3734 1591 σκανδαλιζέτω.

2170 1620 2280 1673 K61
2312 1619 2420 1690 γάρ
2449 1621 2513 1672 ἐκ
2535 1619 2724 1672 τούτου
2756 1618 3116 1689 μανθάνομεν,
3148 1621 3226 1672 ὅτι
3259 1619 3318 1672 οὐ
3344 1619 3577 1688 φύσεως,
3604 1619 3740 1671 ἀλλά

2172 1711 2540 1782 προαιρέσεως
2583 1711 2616 1782 ὴ
2666 1709 2832 1763 κακία
2873 1710 2966 1762 καὶ
3001 1711 3034 1778 ἡ
3062 1710 3251 1780 ἀρετή.
3287 1711 3348 1762 Εἰ
3384 1710 3491 1781 γὰρ
3525 1710 3738 1779 φύσεως

2167 1798 2256 1872 ἦν,
2299 1805 2515 1866 πάντως
2553 1801 2617 1854 ἂν
2655 1804 2705 1854 οἱ
2753 1801 2979 1872 πονηροὶ
3022 1803 3289 1871 πονηροὺς
3326 1802 3531 1865 ἔτεκον,
3564 1803 3657 1854 καὶ
3689 1804 3740 1858 οἱ

2170 1893 2396 1962 χρηστοὶ
2441 1889 2742 1952 τοιούτους’
2791 1890 3060 1960 ἐπειδὴδέ
3103 1890 3474 1962 προαιρέσεώς
3525 1893 3638 1944 ἐστι
3680 1891 3739 1944 16

2171 1981 2373 2050 φαῦλον
2413 1976 2553 2033 εἶναι
2582 1983 2676 2032 καὶ
2701 1979 3007 2043 σπουδαῖον,
3038 1980 3122 2033 διὰ
3166 1981 3324 2034 τοῦτο
3361 1981 3458 2034 καὶ
3488 1982 3739 2050 πατέρων

2171 2073 2422 2144 πονηρῶν
2448 2072 2633 2136 παῖδες
2655 2072 2903 2140 ἐγένοντο
2929 2073 3178 2142 χρηστοὶ,
3211 2074 3305 2125 x61
3339 2073 3542 2126 παίδων
3576 2073 3740 2144 96061-

2174 2181 2288 2232 μων
2303 2161 2534 2232 πατέρες
2547 2162 2819 2215 σπουδαῖοι
2838 2160 2982 2232 [ίὶθϋ]
3002 2162 3280 2227 πολλάκις,
3298 2163 3380 2215 ἵνα
3394 2164 3466 2233 μὴ
3480 2167 3545 2234 τῇ
3559 2163 3736 2231 φύσει,

2171 2254 2306 2308 ἀλλὰ
2321 2256 2386 2324 τῇ
2410 2253 2601 2324 γνώμῃ
2627 2252 2915 2322 πανταχοῦ·
2931 2252 3102 2306 ταῦτα
3124 2253 3356 2323 ἑκάτερα
3378 2252 3734 2324 λογιζώμεθα.

2186 2346 2481 2415 Ἀλλ*ὃπερ
2529 2343 2734 2412 ἔλεγον,
2767 2343 2847 2395 611
2891 2343 3107 2406 ἀσεϐεῖς
3151 2345 3302 2404 ὅντες
3350 2345 3398 2394 οἱ
3439 2346 3612 2410 γονεῖς
3644 2343 3758 2396 τοῦ-

2184 2433 2448 2504 Ἀϐραάμ,
2485 2432 2602 2494 πῶς
2637 2432 2696 2484 τὸ
2721 2431 2890 2501 ὄνομα
2921 2430 3069 2502 αὐτῷ
3099 2433 3372 2502 ἐπέθηκαν
3401 2431 3593 2498 τοῦτο;
3628 2433 3739 2504 Τῆς

2168 2524 2261 2576 τοῦ
2308 2523 2442 2576 Θεοῦ
2483 2524 2672 2592 σοφίας
2713 2522 2946 2593 μάλιστα
2989 2523 3147 2593 ἔργον
3190 2523 3283 2575 καὶ
3330 2522 3489 2574 τοῦτο
3537 2518 3602 2593 ἦν
3651 2522 3756 2577 διάς

2168 2615 2394 2668 ἀπίστου
2428 2614 2669 2684 γλώττης
2711 2615 3164 2684 οἰκονομήσαντος
3205 2613 3517 2682 ἐπιτεθῆναι
3547 2613 3735 2681 ὄνομα,

2167 2706 2276 2758 τῶν
2321 2707 2619 2776 μελλόντων
2653 2705 2773 2776 ἕχον
2810 2706 2908 2776 τὴν
2940 2705 3200 2776 ἱστορίαν.
3236 2705 3345 2757 K61
3373 2705 3480 2776 γὰρ
3519 2705 3610 2756 τὸν
3637 2704 3738 2760 Βαε

2167 2796 2314 2866 λαὰμ
2333 2797 2609 2866 ἠνάγκασέ
2649 2813 2778 2848 ποτε
2803 2797 2869 2847 16
2901 2795 3158 2865 μέλλοντα
3191 2796 3384 2857 εἰπεῖν,
3408 2795 3506 2864 τὴν
3533 2795 3751 2847 οἰκείαν.

2165 2888 2393 2957 δύναμιν
2422 2887 2880 2956 ἐπιδεικνύμενος,
2911 2888 3005 2939 καὶ
3034 2885 3210 2956 δηλῶν
3248 2887 3327 2938 ὅτι
3373 2885 3494 2955 οὐχὶ
3526 2888 3583 2938 ἐν
3621 2887 3743 2949 τοῖς

2165 2979 2384 3040 οἰκείοις
2415 2978 2594 3048 μόνον,
2634 2976 2772 3030 ἀλλά
2799 2977 2893 3028 x61
2938 2978 2994 3028 ἐν
3033 2978 3146 3039 τοῖς
3175 2975 3473 3046 ἀλλοτρίοις
3516 2978 3744 3046 κρατεῖν.

2165 3070 2402 3123 δύναται.
2437 3069 2544 3122 K61
2574 3068 2660 3121 ἵνα
2689 3067 2887 3138 μάθῃς,
2915 3067 2996 3120 ὅτι
3018 3066 3236 3119 ἐπὶτῶν
3261 3066 3504 3128 δικαίων,
3533 3065 3635 3118 κᾶν
3662 3064 3750 3138 μὴ,

2167 3155 2408 3218 εὐσεϐεῖς
2437 3149 2569 3208 ὦσιν
2595 3157 2644 3208 οἱ
2676 3154 2931 3224 πατέρες,
2966 3153 3225 3216 πολλάκις
3252 3154 3351 3206 οὐκ
3377 3153 3577 3216 ειδότες
3611 3155 3741 3209 ἐ,πι-.

2166 3249 2405 3302 τιθέασιν
2451 3249 2687 3320 ὀνόματα
2741 3247 2939 3318 πολλὴν
2986 3246 3094 3299 τῶν
3142 3247 3441 3317 μελλόντων
3475 3243 3736 3315 δηλοῦντα

2163 3341 2262 3412 τὴν
2314 3340 2654 3410 οἰκονομίαν,
2705 3340 2798 3392 καὶ
2842 3339 2901 3405 ἐξ
2943 3339 3131 3409 ἐτέρου
3174 3355 3254 3390 σοι
3301 3336 3736 3406 παραδείγματος

2164 3435 2320 3487 τοῦτο
2354 3435 2564 3504 ποιήσω
2594 3430 2846 3503 φανερόν.
2881 3431 2937 3482 '0
2977 3430 3167 3500 Λάμεχ
3199 3431 3226 3481 ὁ
3259 3427 3350 3481 τοῦ
3377 3428 3496 3484 Νῶε
3530 3425 3732 3497 πατὴρ,

2163 3527 2256 3580 τοῦ
2295 3526 2418 3578 Νῶε
2448 3525 2679 3588 ἐκείνου,
2703 3523 2787 3592 ἐφ’
2817 3517 2876 3577 06
2901 3524 2928 3575 6
2957 3520 3343 3590 κατακλυσμὸς
3370 3519 3606 3588 ἐγένετο,
3632 3519 3738 3573 οὐκ

2162 3610 2230 3684 ἦν
2254 3615 2481 3676 δίκαιος,
2507 3614 2606 3666 οὐκ
2633 3609 2700 3682 ἦν
2723 3612 3015 3683 εὐάρεστος
3041 3608 3120 3680 τῷ
3145 3609 3283 3680 Θεῷ,
3303 3609 3400 3662 οὐκ
3422 3604 3490 3679 ἦν
3511 3607 3732 3678 δόκιμος

2162 3706 2241 3775 τῷ
2268 3706 2413 3775 Θεῷ·
2451 3707 2499 3756 εί
2527 3705 2636 3773 γὰρ
2665 3701 2733 3774 ἦν
2764 3704 2993 3766 δίκαιος,
3036 3703 3084 3754 εί
3132 3698 3198 3772 ἦν
3228 3701 3540 3771 εὐάρεστος,
3583 3701 3632 3752 εί
3663 3694 3742 3770 ἦν.

2165 3796 2441 3864 εὐδόκιμος
2474 3794 2551 3863 τῷ
2587 3794 2723 3863 Θεῷ,
2755 3795 2854 3846 οὐκ
2895 3793 2959 3846 ἂν
2986 3789 3156 3857 εἶπεν,
3178 3793 3258 3844 ὅτι
3301 3790 3421 3843 Νῶε
3459 3792 3618 3860 μόνος
3642 3793 3732 3844 εὐ-

2168 3885 2296 3956 ρέθη
2320 3885 2518 3947 τέλειος
2549 3885 2607 3936 ἐν
2648 3885 2713 3952 τῇ
2743 3884 2905 3952 γενεᾷ
2947 3881 3112 3934 αὐτοῦ
3131 3897 3146 3910 °
3177 3882 3276 3932 οὐκ
3315 3879 3381 3932 ἂν
3415 3881 3734 3951 παρέδραμε

2165 3978 2256 4031 τοῦ
2282 3976 2487 4029 δικαίου
2530 3974 2621 4029 τὸν
2655 3973 2886 4044 πατέρα,
2916 3975 2964 4026 εί
2999 3973 3204 4035 δίκαιος
3232 3968 3319 4044 ἦν.
3356 3972 3420 4024 Τί
3461 3968 3554 4025 οὐν
3590 3973 3732 4025 ἐκεῖ·

2165 4084 2286 4130 νος;
2327 4067 2623 4137 Ἐπέθηκεν
2649 4065 2819 4136 ὄνομα
2850 4063 2928 4134 τῷ
2959 4063 3174 4133 παιδίῳ,
3211 4061 3410 4134 πολλὴν
3449 4062 3570 4132 ἕχον
3621 4063 3730 4117 τῶν

2166 4161 2466 4232 μελλόντων
2505 4159 2844 4230 πραγμάτων
2881 4157 2977 4229 τὴν
3023 4156 3283 4227 ἱστορίαν,
3315 4157 3409 4208 καὶ
3434 4155 3565 4208 αὐτὸ
3595 4173 3730 4227 1190-

2162 4253 2357 4324 φητεία
2387 4248 2454 4324 ἦν
2486 4253 2520 4323 ή
2562 4250 2899 4322 προσηγορία
2928 4249 3020 4302 τοῦ
3057 4248 3286 4301 δικαίου.
3323 4246 3395 4301 Τὸ
3421 4246 3529 4316 γὰρ
3560 4246 3733 4317 δνομσ.

2161 4344 2316 4397 τοῦτο
2340 4343 2428 4396 τὸν
2461 4343 2722 4414 μέλλοντα
2748 4341 3129 4410 κατακλυσμὸν
3151 4339 3368 4393 ἔσεσθαι
3393 4338 3600 4410 ἐδήλου.
3620 4339 3730 4392 K61

2162 4436 2278 4498 πῶς
2317 4434 2406 4488 τὸν
2453 4434 2713 4504 μέλλοντα
2756 4433 2975 4487 ἔσεσθαι
3024 4431 3407 4500 κατακλυσμὸν
3441 4431 3632 4502 ἐδήλου
3666 4430 3738 4484 τὸ,

2159 4529 2327 4598 ὄνομα
2358 4527 2450 4580 τοῦ
2482 4527 2633 4591 Νῶε;
2664 4526 2758 4588 Τὸ,
2796 4526 2940 4592 Νῶε,
2968 4525 3126 4578 τοῦτο
3159 4525 3218 4576 16
3254 4524 3425 4594 ὄνομα
3465 4523 3734 4595 Ἐϐραῖκῇ

2158 4619 2374 4687 λέγεται
2416 4616 2629 4688 γλώττῃ
2667 4618 2760 4668 καὶ
2800 4615 3178 4686 ἑρμηνεύεται,
3217 4616 3244 4666 6
3287 4613 3599 4666 ἀναπαύων.
3653 4612 3728 4665 Τὸ

2159 4713 2286 4782 γὰρ,
2312 4711 2440 4772 Νία,
2475 4712 2540 4780 τῇ
2575 4709 2762 4780 Σύρων
2789 4711 2962 4776 φωνῇ,
2995 4705 3296 4767 άνάπαυσίς
3326 4705 3492 4758 ἐστιν.
3516 4706 3731 4776 Ὠσπερ

2158 4802 2250 4855 οὐν
2287 4804 2402 4854 ἐκεῖ
2430 4800 2537 4853 ἀπὸ
2572 4798 2664 4852 τοῦ
2704 4800 2899 4868 Ἀϐαρ,
2928 4800 3064 4866 ὅπερ
3103 4797 3217 4849 ἐστὶ
3266 4797 3424 4866 πέρα,
3478 4796 3726 4867 Ἀϐραὰμ

2159 4887 2405 4955 ἐλέγετο,
2450 4886 2539 4938 x61
2576 4886 2682 4938 ἀπὸ
2727 4885 2819 4938 τοῦ
2859 4883 3046 4953 Αίδὲμ,
3082 4885 3216 4954 ὅπερ
3251 4886 3367 4937 ἐστὶ
3407 4885 3510 4955 γῆ,
3552 4885 3724 4956 Ἀδὰμ

2157 4977 2390 5045 ἐλέγετο,
2419 4978 2555 5046 ὅπερ
2582 4977 2696 5028 ἐστὶ
2715 4977 2898 5047 γήϊνος
2915 4993 2928 5006 ·
2956 4975 3095 5027 οὓτω
3125 4976 3216 5027 x61
3249 4975 3480 5028 ἐνταῦθα
3499 4976 3606 5030 ἀπὸ
3623 4977 3723 5030 τοῦ.

2156 5071 2284 5135 Νία,
2314 5070 2450 5139 ὅπερ
2479 5072 2624 5122 ἐστὶν
2656 5070 2981 5131 ἀνάπαυσις,
3011 5067 3133 5120 Νῶε
3163 5068 3386 5140 ἐκλήθη,
3412 5070 3546 5142 ὅπερ
3573 5069 3719 5122 ἐστὶν

2157 5160 2450 5214 ἀναπαύων
2474 5179 2484 5189 ·
2509 5161 2658 5232 δηλοῖ
2680 5160 2736 5213 δὲ
2765 5159 2923 5213 τοῦτο
2955 5162 3046 5214 καὶ
3070 5162 3102 5231 ἡ
3141 5162 3421 5230 ἐπαγωγή.
3464 5160 3717 5214 Ἐκάλεσε

2155 5255 2262 5326 γὰρ
2299 5255 2458 5308 αὐτὸν
2486 5254 2630 5319 Νῶε,
2664 5254 2836 5322 λέγων
2857 5272 2870 5285 ·
2899 5249 3084 5318 Οὗτος
3114 5252 3271 5322 ἡμᾶς
3301 5252 3716 5313 διαναπαύσει,

2155 5350 2462 5402 ἀνάπαυσιν
2509 5347 2598 5399 τὸν
2648 5346 3028 5416 κατακλυσμὸν
3077 5345 3276 5398 καλῶν.
3343 5344 3556 5415 Ἐπειδὴ
3607 5346 3718 5417 γὰρ

2153 5439 2374 5510 ἔμελλεν
2404 5439 2489 5492 ἐπ’
2515 5439 2678 5492 αὐτοῦ
2713 5439 2741 5490 6
2773 5437 3148 5507 κατακλυσμὸς
3175 5435 3434 5506 γίνεσθαι,
3470 5439 3497 5490 6
3527 5438 3583 5490 δὲ
3622 5456 3720 5493 κα·-

2153 5531 2462 5602 τακλυσμὸς
2519 5531 2746 5595 θάνατος
2795 5526 2881 5601 ἦν,
2933 5528 3196 5594 Θάνατος
3248 5528 3316 5581 δὲ
3347 5528 3520 5598 ἀνδρί
3568 5522 3714 5580 ἀνά-

2152 5639 2397 5690 παυσις,
2439 5624 2524 5678 616
2555 5626 2712 5677 τοῦτο
2753 5625 2843 5677 τὸν
2883 5623 3184 5694 ἄνθρωπον,
3221 5623 3304 5690 ἐφ’
3346 5617 3405 5676 06
3439 5622 3714 5693 γέγονευό

2155 5717 2557 5787 κατακλυσμὸς,
2584 5719 2681 5785 τὴν
2710 5716 3050 5770 άναπαύοντα
3075 5715 3316 5770 ἐκάλεσε.
