4146 6260
408 286 515 344 699

461 408 502 456 ς
510 402 545 458 '.
564 403 674 456 Καὶ
693 402 773 456 ὅτι
787 402 846 455 οὐ
875 401 1128 472 βιάζομαι
1147 403 1245 472 τὴν
1268 404 1580 474 ἑρμηνείαν,
1594 405 1688 456 ἀπ’
1698 403 1868 472 αὐτῆς
1879 403 1977 472 τῆς

405 486 631 561 Γραφῆς
658 485 976 556 ἀκούσωμεν
1005 485 1180 537 τοῦτο.
1210 483 1418 553 ’Ἑζησε
1448 485 1649 555 Λάμεχ
1685 486 1790 553 ἐτη
1825 485 1979 538 ὀκτὼ

407 573 508 626 καί
543 567 911 638 ὀγδοήκοντα
949 566 1045 619 καὶ
1079 567 1317 630 ἑκατὸν,
1351 569 1448 621 καί
1471 567 1804 638 ἐγέννησεν
1825 567 1979 634 υἱὸν,

411 653 509 709 καὶ
535 651 790 706 ἐκάλεσε
823 650 888 702 τὸ
925 648 1111 718 ὄνομα
1137 649 1322 704 αὐτοῦ
1351 650 1498 716 Νῶε,
1534 651 1756 720 λέγων’
1795 647 1981 717 Οὗτος

409 735 804 790 διαναπαύσει
830 730 985 800 ἡμᾶς
1003 732 1122 786 ἀπὸ
1149 732 1268 786 τῶν
1288 735 1492 788 πόνων
1513 733 1701 806 ἡμῶν,
1737 733 1835 787 καί
1865 732 1984 792 τῶν

408 816 641 879 ⁸λυπῶν,
671 816 769 869 καὶ
793 814 910 868 τῶν
944 815 1132 884 ἔργων
1153 815 1270 869 τῶν
1289 815 1500 886 χειρῶν
1525 817 1712 886 ἡμῶν,
1734 816 1831 870 καὶ
1865 816 1983 871 ἀπὸ

411 900 520 968 τῆς
552 898 682 968 γῆς,
717 894 791 967 ἧς
836 897 1214 965 κατηράσατο
1244 903 1276 954 ό
1309 901 1470 966 Θεός.
1491 899 1556 952 Τί
1582 899 1779 967 λέγεις,
1823 899 1983 955 Ἁνα-

411 985 630 1040 παύσει
657 981 813 1048 ἡμᾶς
828 998 846 1045 ;
864 982 972 1033 Καὶ
989 981 1076 1034 διὰ
1101 981 1153 1034 τί
1183 981 1255 1052 μὴ
1276 976 1417 1046 εἶπε,
1441 982 1626 1052 φησὶν,
1656 976 1822 1044 Οὗτος
1849 983 1985 1034 ἀπο-

410 1068 591 1121 κτενεῖ
625 1066 793 1135 ημᾶς,
824 1058 976 1128 οὗτος
1024 1065 1240 1136 ποιήσει
1282 1065 1372 1118 τὸν
1398 1065 1784 1136 κατακλυσμὸν
1826 1065 1982 1133 γενέ-

413 1149 568 1202 σθαι·
596 1147 710 1201 ἀλλ’
733 1143 906 1212 εἶπεν,
937 1148 1299 1202 Ἀναπαύσει
1321 1147 1479 1217 ἡμᾶς
1490 1165 1509 1214 ;
1542 1146 1982 1218 Ἀνεοτοιχειώθη

411 1235 447 1303 ἡ
470 1232 646 1294 κτίσις
677 1230 884 1296 ἅπασα,
920 1229 1147 1284 ἄϐυσσοι
1177 1231 1560 1302 ἀνερράγησαν
1589 1229 1850 1294 κάτωθεν,
1881 1247 1983 1284 κα-

411 1315 718 1386 ταρράκται
745 1312 1097 1383 ἀνεῴχθησαν
1138 1313 1364 1379 ἀνωθεν,
1407 1313 1622 1368 ἅπαντα
1654 1313 1887 1381 πέλαγος
1917 1308 1984 1384 ἦν

413 1399 564 1464 ξένον
614 1399 706 1450 καὶ
748 1391 1048 1465 παράδοξον
1103 1399 1196 1450 καὶ
1235 1397 1540 1467 φρικῶδες,
1589 1397 1684 1450 καὶ
1734 1397 1791 1449 ὲν
1829 1395 1985 1466 τάφῳ

413 1481 579 1552 κοινῷ
616 1483 682 1552 τῇ
728 1479 832 1533 ἱλύῖ
877 1480 971 1533 καὶ
1017 1479 1244 1550 σώματα
1290 1481 1592 1552 ἀνθρώπων
1623 1480 1717 1534 καί
1758 1478 1986 1550 σώματα

416 1567 598 1622 ἵππων
618 1565 710 1617 καὶ
731 1563 933 1634 θηρίων
955 1562 1254 1632 ἐκρύπτετο
1274 1579 1286 1592 ’
1318 1564 1413 1618 καὶ
1428 1562 1662 1617 τοσαῦτα
1680 1563 1840 1629 κακὰ,
1864 1562 1984 1614 εἰπέ

422 1666 534 1723 μοι,
566 1648 660 1700 καὶ
681 1646 946 1718 τοσαύτην
970 1647 1249 1717 συμφορὰν
1274 1647 1576 1701 ἀνάπαυσιν
1608 1646 1826 1712 καλεῖςς
1857 1647 1984 1712 Ναὶ,

422 1731 605 1802 φησίν.
645 1730 860 1805 Ἐπειδὴ
885 1731 994 1800 γὰρ
1020 1733 1078 1782 ὲν
1109 1730 1276 1800 κακίᾳ
1306 1729 1442 1794 ἔζων
1474 1730 1523 1782 οἰ
1555 1729 1850 1800 ἄνθρωποι,
1885 1731 1913 1782 ὁ
1933 1730 1990 1782 δὲ

419 1814 803 1885 κατακλυσμὸς
812 1813 910 1884 τὴν
925 1813 1120 1867 κακίαν
1133 1813 1412 1883 ἀνέκοψεν,
1427 1814 1474 1866 0!
1497 1813 1594 1884 τῆς
1613 1813 1809 1876 κακίας
1824 1812 1992 1866 ἀπαλ-

417 1897 676 1966 λαγέντες
706 1897 1038 1951 ἀνέπαυσαν.
1074 1896 1340 1967 Καθάπερ
1370 1895 1478 1968 γὰρ
1508 1894 1789 1968 [697-699]
1833 1896 1990 1967 σῶμα

419 1982 686 2046 ποικίλοις
720 1983 992 2054 νοσήμασι
1023 1982 1403 2052 κατεχόμενον,
1438 1983 1533 2034 καὶ
1578 1983 1818 2053 ἰατρείαν
1845 1982 1992 2034 οὐδε-

423 2065 551 2136 μίαν
578 2066 850 2136 εύρίσκον,
877 2065 970 2118 ἐὰν
1000 2064 1239 2118 ἐπελθὼν
1262 2066 1290 2117 ὀ
1317 2064 1544 2128 θάνατος
1568 2065 1732 2136 λαϐῇ,
1755 2065 1988 2119 ἀνέπαυ-

423 2166 544 2204 σεν·
571 2149 714 2204 οὕτω
735 2150 797 2220 δὴ
829 2151 923 2203 καὶ
953 2149 1050 2220 τὴν
1072 2149 1178 2202 τῶν
1202 2149 1299 2202 ἀνθ
1309 2147 1502 2220 ρώπων
1525 2150 1748 2204 ἐκείνων
1771 2149 1985 2217 γενεὰν,

422 2233 671 2307 καθάπερ
705 2233 864 2303 σῶμα
883 2232 1075 2286 ἀνίατα
1108 2233 1296 2286 νόσουν
1324 2234 1417 2286 καὶ
1450 2233 1663 2296 πολλοῖς
1699 2249 1988 2302 προκατει-

422 2316 698 2388 λημμένον
759 2316 949 2381 δεινοῖς
1007 2315 1358 2388 παραμυθίαν
1421 2317 1673 2387 οὐδεμίαν
1729 2315 1982 2386 ἔχουσιν,

1107 287 1164 342 S.
1203 285 1486 343 JOANNIS
1523 283 2015 343 CHRYSOSTOMI
2053 281 2372 341 ARCHIEP.
2411 280 2949 339 CONSTANTINOP.

3539 285 3644 342 650

2085 399 2328 454 ἐπελθὼν
2352 401 2381 455 ό
2409 399 2786 471 κατακλυσμὸς
2807 400 3081 471 ἐξήρπασε
3111 400 3206 454 καὶ
3232 399 3553 455 ἀνέπαυσεν.
3580 404 3646 458 Εἰ

2085 485 2194 556 γὰρ
2229 483 2490 549 Θάνατος
2511 483 2680 550 ἀνδρὶ
2711 481 3077 550 ἀνάπαυσις,
3099 483 3277 552 πολλῷ
3313 483 3512 552 μᾶλλον
3537 489 3648 550 τοῖς

2084 568 2142 620 ὲν
2164 565 2331 636 κακίᾳ
2352 564 2689 636 ἀδιορθώτως
2713 564 2877 629 ζῶσιν
2899 565 3204 629 ἀνάπαυσις
3228 569 3256 618 ὁ
3275 565 3521 632 θάνατος,
3538 567 3644 622 τῶν

2083 649 2260 703 πόνων
2292 649 2486 712 αὐτοὺς
2514 648 2902 715 ἀπαλλάττων,
2938 649 3034 702 καὶ
3059 649 3158 702 οὑκ
3195 649 3298 703 ἑῶν
3338 650 3646 722 περαιτέρω

2084 733 2181 803 τῆς
2214 732 2478 802 πονηρίας
2513 731 2614 802 τὴν
2649 731 2819 803 νομὴν
2849 731 3148 802 προελθεῖν,
3186 732 3307 786 οὐδὲ
3351 731 3646 804 βαρύτερον

2083 815 2176 869 τοῦ
2219 815 2370 879 ὄντος
2409 815 2661 883 γενέσθαι
2704 815 2812 869 τῶν
2863 815 3270 888 ἁμαρτημάτων
3307 816 3368 869 τὺ
3405 817 3644 887 φορτίον,

2085 899 2250 952 Οὐδὲν
2271 898 2381 968 γὰρ
2403 896 2544 951 οὓτω
2568 897 2705 969 βαρὺ
2731 899 2822 951 καί
2841 897 3263 960 δυσϐάστακτον.
3281 898 3355 962 ὼς
3376 900 3647 970 ἁμαρτίας

2087 986 2250 1056 φύσις
2270 1004 2285 1018 ·
2317 986 2467 1040 οὐδὲν
2493 984 2635 1038 οὓτω
2655 984 2898 1055 κάματον
2925 985 3021 1038 καὶ
3052 985 3210 1038 πόνον
3241 987 3372 1056 ἡμῖν
3396 985 3644 1055 παρέχει,
3675 1019 3683 1043 ς

2085 1071 2161 1133 ὡς
2189 1070 2250 1122 τὸ
2273 1071 2372 1138 τῆς
2401 1069 2662 1140 πονηρίας
2691 1065 2828 1132 εἶδος
2855 1067 2948 1122 καὶ
2967 1069 3036 1122 τά
3063 1067 3528 1138 πλημμελήματα.
3550 1068 3650 1120 Διά
3676 1090 3684 1141 3

2084 1151 2241 1205 τοῦτο
2257 1153 2285 1204 ό
2304 1151 2536 1222 Χριστὸς
2562 1153 2676 1214 τοῖς
2708 1152 2765 1203 ὲν
2781 1151 3074 1222 ἁμαρτίαις
3099 1148 3232 1213 ζῶσι
3259 1149 3438 1217 ἐλεγε-
3472 1150 3650 1204 Δεῦτε

2085 1236 2303 1300 πάντες
2349 1237 2402 1288 οἱ
2442 1233 2763 1297 κοπιῶντες
2811 1233 2910 1286 καὶ
2963 1234 3449 1303 πεφορτισμένοι,
3489 1234 3648 1302 κάγὼ

2086 1319 2415 1374 ἀναπαύσω
2448 1317 2622 1387 ὑμᾶς.
2653 1317 2751 1371 Διά
2770 1317 2926 1370 τοῦτο
2953 1318 3048 1371 καὶ
3074 1319 3102 1370 ὁ
3128 1317 3319 1388 Λάμεχ
3345 1317 3648 1372 ἀνάπαυσιν

2086 1402 2176 1455 τὸν
2210 1401 2591 1472 κατακλυσμὸν
2624 1400 2900 1464 ἐκάλεσεν,
2936 1400 3226 1454 ἐπελθόντα
3259 1401 3354 1453 καὶ
3380 1401 3648 1470 στήσαντα

2085 1485 2184 1555 τὴν
2244 1482 2525 1554 πονηρίαν.
2579 1482 2910 1553 Ἐϐουλόμην
2983 1482 3290 1554 περαιτέρω
3348 1482 3439 1535 τὸν
3493 1482 3646 1550 λόγον

2086 1570 2321 1621 ἐκτεῖναι
2341 1566 2532 1620 τοῦτον
2550 1583 2565 1598 ο
2589 1567 2682 1620 καὶ
2710 1566 2818 1638 γάρ
2841 1566 3007 1620 πολλὰ
3032 1567 3408 1622 ὑπολέλειπται
3426 1567 3530 1620 ἀπὸ
3549 1568 3647 1638 τῆς

2088 1649 2455 1722 προσηγορίας
2486 1649 2579 1703 τοῦ
2619 1649 2740 1702 Νῶε
2762 1668 2775 1680 ·
2809 1650 2945 1703 ἀλλὰ
2974 1651 3113 1714 τέως
3144 1650 3315 1703 ταῦτα
3347 1653 3413 1721 τῇ
3461 1652 3650 1723 μνήμῃ
3681 1714 3686 1718 ,

2085 1735 2183 1804 τῆς
2215 1733 2483 1804 ὑμετέρας
2514 1733 2749 1796 διανοίας
2782 1733 3187 1804 ὲναποθέμενοι,
3222 1735 3316 1787 καὶ
3351 1736 3486 1805 πρὸς
3519 1736 3646 1797 τοὺς

2085 1817 2384 1888 ἡμετέρους
2407 1816 2668 1885 ἀδελφοὺς
2685 1818 2810 1880 τοὺς
2834 1817 3254 1887 ἀπολειφθέντας
3274 1818 3534 1882 εἰπόντες,
3559 1818 3646 1870 ἵνα

2089 1901 2163 1973 μὴ
2193 1901 2356 1955 πάλιν
2383 1899 2816 1971 ἀναγκαζώμεθα
2841 1901 3153 1973 μακρότερα
3180 1904 3354 1954 ποιεῖν
3373 1901 3440 1954 τὰ
3469 1902 3648 1970 προοίτ-

2090 2003 2208 2056 μια,
2225 1985 2332 2040 τῶν
2359 1986 2662 2057 εἰρημένων
2689 1986 2788 2057 τὴν
2811 1985 3130 2040 ἀκολουθίαν
3155 1986 3644 2057 ἀναλαμϐάνοντες,

2089 2073 2168 2134 εἰς
2193 2069 2357 2140 εὐχὰς
2383 2070 2472 2122 τὸν
2499 2069 2654 2138 λόγον
2680 2069 3088 2142 καταλύσωμεν,
3106 2071 3545 2144 εὐχαριστοῦντες
3569 2070 3647 2141 τῷ

2088 2153 2260 2208 ταῦτα
2278 2153 2529 2207 δεδωκότι
2553 2155 2727 2206 εἰπεῖν
2749 2153 2886 2224 Θεῷ,
2913 2156 2994 2209 ὅτι
3014 2155 3164 2228 αὐτῷ
3188 2158 3220 2228 ἡ
3247 2155 3392 2224 δόξα,
3421 2158 3500 2218 εἰς
3522 2157 3650 2218 τοὺς

2090 2243 2290 2306 αἰῶνας
2317 2241 2424 2295 τῶν
2453 2242 2682 2298 αἰώνων.
2725 2243 2916 2315 Ἀμήν.
