4146 6260
467 296 569 358 81
1160 299 1216 355 S.
1252 296 1537 355 JOANNIS
1573 294 2063 354 CIIRYSOSTOMI
2120 293 2434 352 ARCHIEP.
2472 290 3010 349 CONSTANTINOP.
3606 289 3712 347 632

482 417 3675 460 *ΝΜ-*Ψψῶ

1412 496 1532 599 ,ω’
1556 537 1956 600 SERMONES
1997 537 2334 610 QUINQUE
2376 538 2454 597 IN
2501 538 2762 598 ANNAM

537 663 655 729 Quo
688 673 926 733 tempore
948 663 1378 736 Chrysostomus
1406 667 1504 722 bos
1552 665 1846 720 Sermones
1877 665 2147 729 habuerit,
2196 673 2251 718 et
2283 665 2335 717 in
2378 679 2483 733 qua
2536 663 2861 718 concionum
2913 660 3054 715 serie
3099 660 3137 714 ii
3175 658 3384 713 iocandi
3431 657 3561 720 sint,
3593 656 3714 726 ipse

459 753 663 807 indicat
691 756 846 822 paulo
876 764 998 823 post
1020 755 1256 811 initium.
1302 756 1406 809 Vos
1431 757 1589 817 enim,
1623 756 1818 826 inquit,
1845 755 2073 826 fortasse
2101 770 2238 808 nunc
2266 756 2391 809 estis
2421 753 2573 807 obliti
2601 753 2807 823 (Graeca
2857 755 3055 824 quippe
3096 768 3202 806 non
3246 751 3528 807 referenda
3557 751 3713 805 duci-

461 846 626 913 mus),
658 862 751 898 nos
783 847 972 901 mullos
1001 850 1213 902 interim
1243 865 1504 902 sermones
1548 849 1611 902 de
1649 847 1773 902 aliis
1822 847 1972 901 rebus
2017 846 2283 902 habuisse.
2326 845 2468 900 Nam
2512 863 2710 901 reverso
2757 863 2790 899 a
2819 845 3107 916 longinqua
3150 842 3244 898 illa
3296 846 3718 915 peregrinatione

457 934 620 989 Patre
650 947 849 1001 nostra,
883 941 1233 994 necessarium
1263 941 1366 1010 fuit
1397 943 1574 994 omnia
1606 954 2033 1001 commemorare,
2065 955 2182 1008 qua?
2211 940 2263 991 in
2292 939 2548 994 comitatu
2594 938 2914 1000 acciderant.
2946 955 3009 991 ac
3057 938 3240 991 deinde
3272 955 3388 991 cum
3430 937 3712 1008 gentilibus

458 1027 752 1095 disputare,
785 1039 840 1082 ut
869 1031 963 1083 hos
995 1032 1042 1084 vi
1071 1031 1396 1085 calamitatis
1428 1033 1495 1084 ad
1527 1031 1795 1086 meliorem
1843 1031 2049 1100 frugem
2097 1039 2386 1096 revocatos,
2435 1032 2524 1100 qui
2568 1031 2774 1086 deserto
2819 1030 3093 1100 gentilium
3131 1045 3308 1084 errore
3345 1045 3455 1083 sese
3501 1027 3571 1080 ad
3618 1045 3718 1082 nos

459 1120 810 1211 contulerant,
841 1139 939 1191 pro
969 1124 1110 1178 ririli
1142 1125 1597 1193 confirmat-emus,
1644 1140 1706 1177 ac
1750 1123 2076 1188 doceremus,
2123 1123 2334 1193 quantis
2379 1120 2605 1176 tenebris
2649 1121 2862 1176 liberati
2903 1121 2972 1174 ad
3017 1130 3222 1174 tantam
3262 1119 3431 1174 lucem
3476 1118 3718 1172 veritatis

458 1217 834 1271 occurrissent.
875 1217 1001 1272 Post
1033 1219 1128 1272 illa
1157 1235 1340 1272 rursus
1373 1219 1554 1272 multis
1583 1219 1766 1272 diebus
1795 1228 2092 1288 martyrum
2120 1218 2498 1287 festivitatibus
2532 1218 2694 1286 potiti
2729 1233 2936 1283 sumus,
2969 1233 3132 1286 neque
3157 1215 3378 1282 tempori
3407 1215 3717 1268 conveniens

459 1307 666 1372 fuisset,
696 1325 789 1362 nos
825 1313 916 1380 qui
943 1311 1104 1380 juxta
1138 1321 1434 1384 martyrum
1458 1311 1701 1382 sepulcra
1743 1329 2095 1376 versaremur,
2126 1328 2310 1365 earum
2356 1311 2600 1377 laudum,
2644 1326 2762 1382 qua:
2809 1309 3133 1380 martyribus
3170 1308 3446 1372 debentur,
3480 1317 3718 1362 exsortes

460 1402 750 1458 discedere.
784 1404 1050 1460 Successit
1076 1408 1158 1461 Itis
1199 1424 1386 1462 rursus
1415 1409 1714 1462 cohortatio
1766 1410 1835 1460 ad
1891 1408 2260 1461 abstinendum
2311 1425 2344 1462 a
2387 1407 2708 1476 juramentis
2740 1421 2759 1460 :
2817 1422 2934 1460 cum
2973 1407 3125 1458 enim
3170 1413 3336 1458 totam
3395 1402 3716 1455 rusticorum

461 1499 730 1550 nationem
770 1499 825 1552 in
865 1501 1046 1554 urbem
1081 1503 1372 1571 ingressam
1411 1519 1760 1566 cerneremus,
1802 1504 1898 1556 hoc
1940 1503 2063 1556 illos
2101 1503 2390 1558 instructos
2430 1519 2463 1556 a
2502 1502 2650 1558 nobis
2688 1502 2880 1557 uiatico
2920 1503 3218 1554 censuimus
3257 1499 3625 1552 dimittendos.

531 1589 688 1657 Quod
717 1590 795 1645 ait
823 1594 998 1661 primo
1026 1592 1454 1665 Cbrysostomus
1484 1603 1606 1665 post
1637 1595 1868 1649 reditum
1911 1593 2151 1649 Flaviani
2201 1596 2440 1666 episcopi
2472 1611 2532 1651 se
2573 1595 2754 1649 omnia
2787 1610 2903 1663 quae
2934 1594 3036 1664 ipsi
3070 1593 3382 1647 acciderant
3430 1591 3483 1644 in
3533 1590 3714 1645 comi-

464 1693 601 1749 tatu,
636 1684 688 1739 id
719 1695 802 1741 est
830 1687 884 1740 in
917 1687 1039 1740 aula
1071 1687 1440 1759 lmperatoria,
1473 1705 1962 1755 commemorasse;
1989 1688 2141 1753 illud,
2167 1689 2413 1761 inquam,
2441 1687 2665 1760 respicit
2689 1687 2978 1743 llomiliam
3007 1685 3072 1740 21
3106 1685 3172 1741 de
3201 1685 3418 1749 statuis,
3449 1681 3620 1739 Tomo
3640 1679 3715 1746 Il,

462 1792 590 1858 «ante
630 1777 816 1834 habita
865 1779 967 1834 fuit
1013 1790 1136 1849 post
1181 1783 1415 1838 reditum
1463 1781 1731 1846 Flaviani,
1765 1784 1858 1852 qui
1912 1782 2118 1837 reditus
2167 1783 2392 1854 contigit
2433 1783 2487 1837 in
2531 1782 2637 1837 ﬁne
2677 1780 3118 1850 Quadragesimse
3147 1777 3276 1832 anni
3307 1775 3430 1831 387.
3486 1774 3718 1843 Haecque

463 1867 654 1922 concio
683 1869 863 1924 habita
892 1881 975 1924 est
1005 1872 1121 1941 ipso
1149 1873 1236 1928 die
1266 1872 1704 1932 Resurrectionis
1736 1875 1954 1931 Domini
1989 1895 2003 1929 :
2050 1875 2179 1931 illud
2209 1877 2354 1930 enim
2406 1876 2563 1930 initio
2606 1873 3034 1944 Chrysostomus
3080 1871 3350 1941 signiﬁcat
3378 1884 3503 1924 eum
3537 1867 3663 1923 dicit
3695 1885 3713 1923 :

464 1959 779 2014 Benedictus
810 1960 945 2015 Deus
973 1965 1063 2032 qui
1105 1965 1240 2020 lianc
1269 1983 1363 2021 nos
1393 1967 1662 2022 vobiscum
1691 1985 1902 2025 sacram
1931 1969 2319 2023 solemnitatem
2357 1985 2476 2022 cum
2505 1967 2701 2038 gaudio
2741 1976 2790 2019 et
2839 1966 3028 2021 laetitia
3070 1963 3241 2017 multa
3278 1962 3432 2016 hodie
3455 1961 3719 2017 celebrare

461 2054 713 2124 dignatus
739 2069 835 2114 est.
873 2057 1183 2115 Secundum
1217 2064 1359 2117 hanc
1386 2062 1667 2118 homiliam
1720 2065 1787 2119 ad
1834 2065 2060 2135 gentiles
2107 2066 2465 2120 couciouatus
2493 2071 2599 2128 est,
2654 2073 2714 2119 ut
2741 2077 2931 2117 eorum
2975 2061 3241 2132 quosdam
3295 2061 3346 2114 vi
3387 2057 3717 2115 calamitatis

461 2150 758 2214 abductos,
809 2159 864 2206 et
909 2151 1223 2221 religionem
1273 2153 1638 2211 Christianam
1691 2159 1968 2222 amplexos
2016 2158 2410 2211 conﬁrmaret:
2462 2155 2627 2226 hujus
2673 2169 2802 2210 vero
2843 2153 3124 2209 concionis
3183 2159 3278 2205 aut
3326 2153 3598 2222 plurium,
3655 2152 3710 2206 si

463 2244 648 2309 plures
680 2243 748 2298 de
777 2258 836 2297 re
863 2244 1050 2298 eadem
1084 2247 1363 2312 habuerit,
1397 2259 1776 2320 argumentum
1826 2251 1915 2305 ille
1961 2258 2017 2303 et
2046 2250 2315 2319 praecipua
2344 2251 2520 2320 capita
2563 2258 2749 2319 postea
2805 2247 2970 2303 refert
3001 2262 3014 2297 :
3065 2246 3236 2316 liquet
3273 2254 3452 2299 autem
3492 2259 3584 2299 eas
3629 2241 3718 2299 vel

462 2335 662 2406 injuria
694 2347 1000 2408 temporum
1032 2342 1283 2408 periisse,
1316 2345 1398 2398 vel
1430 2343 1694 2399 hactenus
1725 2345 1918 2399 latere.
1948 2343 2073 2398 Dies
2102 2355 2392 2414 sequentes
2415 2386 2431 2411 ,
2461 2345 2591 2416 quia
2643 2343 2780 2398 festa
2811 2349 3113 2412 martyrum
3143 2339 3538 2402 occurrebant,
3568 2336 3710 2392 cele-

463 2428 687 2486 braudis
715 2446 904 2487 eorum
935 2435 1188 2490 laudibus
1218 2438 1510 2507 insumpta:
1541 2450 1688 2504 sunt,
1723 2439 1946 2494 absente
1976 2449 2156 2495 tamen
2198 2440 2269 2495 ob
2299 2441 2668 2496 inﬁrmitatem
2701 2439 3110 2510 Cltrysostomo.
3143 2435 3239 2489 His
3285 2435 3572 2496 successit,
3623 2435 3715 2486 iu-

462 2523 600 2592 quit.
633 2525 946 2584 cohortatio
977 2532 1042 2584 ad
1074 2531 1455 2585 absﬁnendum
1487 2549 1514 2586 a
1542 2533 1888 2601 iuramentis,
1919 2535 1973 2588 in
2017 2536 2244 2602 gratiam
2296 2537 2624 2592 rusticorum
2675 2537 2838 2602 facta,
2887 2536 2977 2606 qui
3023 2552 3224 2606 magno
3270 2546 3498 2585 numero
3538 2532 3588 2583 in
3621 2549 3716 2586 ur-

463 2615 587 2670 bem
619 2617 968 2677 advenerant.
1001 2621 1150 2676 lianc
1180 2638 1307 2677 vero
1351 2624 1781 2680 cohortatiouem
1825 2640 1947 2680 esse
1973 2640 2095 2680 eam
2142 2642 2264 2695 qua:
2311 2627 2521 2681 decima
2553 2642 2698 2681 nona
2743 2625 2917 2680 fertur
2960 2627 3012 2680 in
3066 2626 3313 2680 llomiliis
3354 2625 3419 2678 ad
3459 2623 3714 2694 populum

463 2712 891 2782 Antiochenum,
922 2717 1078 2773 Tom.
1134 2718 1174 2772 ll
1199 2759 1214 2783 ,
1249 2719 1337 2772 vix
1385 2729 1468 2774 est
1510 2721 1651 2790 quod
1684 2721 2013 2776 dubitemus.

2154 2724 2221 2776 lla
2268 2724 2413 2778 enim
2468 2723 2548 2777 sic
2591 2723 2846 2777 orditur:
2893 2722 3354 2792 Κατετρυφήσατε
3405 2720 3509 2772 τῶν
3541 2718 3714 2785 ἁγίων

469 2810 761 2879 μαρτύρων
809 2812 867 2863 ἐν
914 2814 1036 2876 ταῖς
1077 2812 1386 2885 ἔμπροσθεν
1434 2813 1658 2877 ταύταις
1707 2813 1981 2884 ἡμέραις,
2026 2814 2047 2867 1

2154 2816 2212 2870 iis
2265 2827 2566 2870 sanctorum
2613 2824 2909 2886 martyrum
2964 2815 3164 2883 excepti
3205 2813 3329 2866 estis
3362 2811 3439 2865 Itis
3469 2808 3708 2880 prseteri-

466 2903 535 2956 tis
566 2903 769 2966 diebus,
800 2916 1120 2976 posteaque.
1151 2906 1218 2961 de
1247 2908 1477 2962 adventu
1511 2908 1842 2963 rusticorum
1874 2907 2121 2977 pluribus
2149 2910 2280 2979 agit,
2314 2919 2368 2963 et
2395 2908 2461 2962 de
2485 2909 2796 2978 juramenta
2844 2908 3061 2962 vitando
3092 2921 3401 2962 sermonem
3431 2903 3560 2958 texit
3587 2901 3710 2956 lon-

466 2996 695 3066 giorem,
725 3010 889 3066 quam
919 2998 974 3053 in
1005 2999 1214 3053 caeteris
1236 2998 1307 3052 20
1329 2998 1580 3057 Homiliis
1609 3001 1676 3056 ad
1707 3004 1966 3072 p0pulum
1997 3004 2416 3066 Antiochenum,
2452 3003 2501 3055 in
2535 3017 2765 3070 quarum
2819 3016 2953 3071 pene
3003 2999 3230 3070 singulis
3274 2997 3476 3067 aliquid
3525 3006 3712 3051 contra

465 3091 771 3162 juramenta
795 3092 1049 3178 agitatur.
1079 3092 1283 3150 Omnes
1311 3095 1494 3165 itaque
1523 3106 1685 3163 notae,
1717 3113 1838 3168 quae
1870 3097 2060 3172 inhoe
2088 3099 2156 3152 de
2183 3099 2338 3152 Anna
2370 3095 2635 3151 Sermone
2664 3095 2839 3166 primo
2870 3095 3160 3159 habentur,
3186 3094 3238 3147 in
3273 3091 3504 3148 llomilia
3527 3089 3619 3144 illa
3649 3089 3714 3143 19

467 3183 535 3237 ad
566 3184 820 3254 populum
851 3183 1254 3240 Antiochenum
1285 3197 1656 3253 recensentur,
1691 3187 1765 3242 ita
1800 3197 1857 3242 ut
1887 3187 1976 3242 hic
2003 3187 2326 3242 concionum
2359 3186 2492 3240 ordo
2539 3184 2734 3250 fuerit;
2767 3192 2822 3238 et
2860 3182 3031 3254 prima
3082 3183 3307 3238 locanda
3362 3182 3431 3236 sit
3481 3179 3716 3234 llomilia

467 3277 536 3332 de
566 3279 738 3332 reditu
782 3276 1047 3340 Flaviani,
1075 3294 1198 3348 qua:
1225 3294 1368 3335 nunc
1397 3292 1480 3334 εει
1525 3279 1589 3333 21
1642 3282 1706 3334 ad
1757 3281 2013 3351 populum
2057 3281 2499 3346 Antiocheuum;
2549 3277 2788 3334 secundo
2837 3277 3098 3332 adversus
3143 3275 3371 3346 gentiles
3399 3275 3716 3328 concionem

470 3387 634 3428 unum
665 3373 744 3425 vel
779 3371 963 3442 plures
992 3372 1215 3440 habuit;
1250 3373 1409 3428 tertio
1439 3374 1627 3430 laudes
1659 3384 1958 3445 martyrum
1992 3377 2180 3431 multis
2225 3376 2436 3438 diebus,
2483 3375 2684 3437 πολλὰς
2735 3373 2967 3444 ἡμέρας,
2999 3372 3285 3427 celebrata:
3332 3377 3492 3433 sunt;
3525 3379 3720 3439 quarto

471 3480 659 3520 coram
689 3465 912 3520 rusticis
954 3473 1147 3520 contra
1189 3466 1495 3536 juramenta
1542 3467 1756 3523 locutus
1787 3477 1898 3534 est;
1931 3469 2148 3523 demum
2181 3468 2280 3523 bos
2307 3468 2373 3522 de
2401 3467 2556 3520 Anna
2591 3467 2882 3521 Sermones
2933 3464 3116 3533 coepit.
3163 3464 3368 3531 Agmen
3399 3477 3530 3533 ergo
3571 3462 3722 3516 ducit

473 3561 708 3616 llomilia
735 3561 802 3616 de
830 3561 1004 3617 reditu
1035 3559 1299 3617 Flaviani.
1332 3562 1610 3618 Postrema
1642 3574 1824 3619 autem
1856 3563 2103 3632 homilia,
2133 3565 2186 3618 in
2219 3563 2496 3618 Dominica
2538 3562 2636 3633 τῆς
2682 3559 3122 3632 ἐπισωζομένης,
3171 3576 3335 3630 quam
3380 3558 3719 3612 Dominicam

471 3672 594 3710 csse
623 3656 870 3726 quintam
898 3665 1020 3725 post
1047 3654 1256 3712 Pascha
1286 3673 1409 3728 quze
1436 3660 1690 3728 praacedit
1718 3659 2110 3716 Aseensionem
2140 3659 2378 3721 Domini.
2410 3660 2487 3715 ait
2515 3658 2622 3713 Leo
2658 3657 2909 3713 Allatius.
2944 3657 3179 3712 Savilius
3206 3671 3328 3712 esse
3358 3663 3508 3723 putat
3536 3651 3721 3706 Domi-

475 3750 653 3804 nicam
686 3750 739 3802 in
769 3749 963 3814 Albis;
997 3749 1378 3806 Tillemontius
1409 3769 1534 3808 vero
1559 3754 1812 3832 opinatur
1840 3754 2327 3829 essebominicatn
2371 3753 2688 3817 Passionis;
2729 3739 2858 3808 huic
2915 3763 3194 3823 postremo
3240 3768 3338 3821 ego
3390 3749 3716 3818 astipulatus

476 3855 596 3893 sutn
630 3841 682 3893 in
717 3837 1041 3896 Praefatione
1065 3840 1224 3897 Tomi
1256 3841 1318 3897 Il.
1355 3841 1459 3897 Sed
1487 3843 1600 3912 jam
1633 3859 1822 3898 vereor
1849 3853 1908 3898 ut
1951 3842 2066 3899 hsce
2113 3845 2380 3913 quadrare
2429 3843 2662 3912 possint,
2693 3842 3057 3911 libentiusque
3100 3841 3412 3896 accederem
3458 3842 3522 3894 ad
3570 3837 3722 3892 Alla-

473 3935 633 3996 tium,
664 3933 1102 4002 quandoquidem
1130 3934 1316 4005 quinta
1349 3937 1558 3998 concio,
1591 3951 1712 4005 quae
1739 3945 1824 3991 est
1852 3945 2123 4006 postrema
2153 3939 2204 3990 iu
2227 3938 2460 4002 Annam,
2494 3937 2676 3991 habita
2705 3934 2807 3990 fuit
2831 3947 2952 4006 post
2995 3934 3347 3990 Peuteeosten
3375 3951 3390 4000 ;
3437 3949 3561 3987 nam
3608 3947 3714 3988 vox

481 4028 977 4096 μεσοπεντηκοστή,
1009 4042 1131 4096 qua:
1163 4027 1246 4082 bis
1278 4027 1495 4096 irrepsit
1527 4029 1580 4080 in
1611 4036 1839 4092 textum,
1870 4037 1954 4082 est
1984 4029 2332 4083 librariorum
2383 4044 2558 4095 error,
2608 4039 2668 4084 ut
2715 4030 2910 4084 ibidem
2964 4030 3254 4099 probamus
3298 4043 3364 4082 es
3411 4024 3712 4079 Mauuscri-

477 4119 604 4186 ptis.
638 4116 904 4174 Omnibus
936 4121 1118 4189 itaque
1146 4121 1450 4188 perpensis,
1485 4121 1560 4174 ita
1593 4135 1677 4175 res
1704 4121 2082 4177 constituenda
2107 4139 2332 4192 prorsus
2365 4123 2578 4179 videtur
2602 4164 2616 4188 ,
2662 4133 2828 4194 atque
2863 4124 2967 4179 hoc
3017 4123 3181 4179 modo
3219 4123 3465 4178 calculus
3508 4135 3713 4190 ponen-

488 4341 3717 4372 ,_____________________________________________.____..

1065 4450 1295 4508 snnno
1332 4455 1352 4509 ι
1394 4452 1488 4525 (α).

475 4579 624 4646 Quod
643 4592 866 4651 oporteat
887 4593 932 4637 et
959 4585 1010 4638 in
1043 4583 1334 4640 Pentecoste
1361 4597 1406 4641 et
1434 4604 1624 4658 semper
1647 4588 1836 4659 jejunii
1873 4590 2047 4642 memi—

541 4673 700 4738 nisse,
731 4686 776 4727 et
801 4676 936 4747 quod
956 4694 1054 4732 non
1082 4680 1346 4748 presentia
1370 4680 1531 4733 solum
1550 4722 1565 4746 ,
1589 4680 1678 4733 sed
1705 4681 1856 4734 etiam
1880 4697 2047 4734 recor-

541 4768 679 4820 datio
696 4769 880 4838 jejunii
907 4771 972 4824 sit
997 4773 1136 4826 utilis
1155 4788 1175 4826 :
1194 4783 1240 4827 et
1268 4774 1330 4828 de
1354 4773 1449 4827 Dei
1469 4773 1798 4844 providentia,
1818 4775 2049 4844 quodque

543 4876 643 4912 non
669 4861 874 4914 minima
895 4879 1014 4932 pars
1039 4865 1198 4933 ipsius
1223 4865 1284 4918 sit
1311 4875 1490 4933 praeter
1513 4863 1616 4918 alia
1643 4873 1906 4934 parentum
1929 4881 2048 4935 erga

545 4949 724 5002 liberos
765 4967 908 5004 amor
934 4954 1200 5024 :quodque
1238 4970 1338 5008 non
1379 4955 1603 5023 patribus
1631 4954 1827 5022 solum,
1877 4954 1966 5008 sed
2003 4963 2048 5008 et

2154 4447 2394 4504 lectionis
2423 4445 2584 4510 illius,
2616 4457 2798 4498 mensa
2841 4441 3036 4511 posita,
3067 4439 3246 4495 statim
3291 4437 3404 4508 ejus
3441 4451 3503 4490 ac
3530 4436 3729 4489 verbo-

2153 4555 2270 4593 rum
2300 4551 2618 4607 congressus
2645 4533 3006 4598 recordamur,
3037 4547 3099 4586 ac
3139 4531 3302 4585 multa
3341 4545 3460 4584 cutn
3504 4527 3732 4582 caritate

2154 4631 2324 4700 ipsum
2377 4629 2738 4698 requirimus:
2771 4626 2870 4680 hoc
2924 4624 3081 4679 nobis
3131 4638 3255 4692 erga
3291 4621 3550 4692 jejunium
3597 4635 3731 4690 quo-

2151 4737 2257 4792 que
2323 4717 2674 4791 praestandum
2741 4725 2843 4772 est.
2891 4714 3024 4770 Nam
3076 4729 3196 4768 cum
3260 4713 3399 4782 apud
3459 4727 3554 4768 nos
3617 4711 3735 4766 dies

2152 4811 2496 4882 quadraginta
2527 4809 2684 4863 fuerit
2721 4807 3043 4862 diversatum
3069 4847 3083 4870 ,
3111 4804 3334 4859 comiter
3364 4803 3493 4858 illud
3514 4803 3733 4872 excepi-

2152 4920 2272 4959 mus
2311 4918 2374 4956 ac
2401 4902 2698 4956 dimisimus
2727 4918 2740 4954 :
2769 4898 2983 4970 quando
3021 4899 3179 4968 igitur
3205 4911 3389 4951 mensa
3427 4897 3536 4966 jam
3580 4897 3735 4951 nobis

2152 4997 2444 5068 spiritualis
2473 4993 2787 5065 apponenda
2816 5002 2918 5055 est,
2941 4992 3345 5046 reminiscamur
3369 4991 3532 5055 illius,
3562 4989 3736 5044 bono-

541 5041 786 5094 matribus
809 5053 1110 5111 praceptum
1138 5046 1231 5110 sit,
1261 5056 1314 5098 ut
1343 5045 1615 5100 liberorum
1654 5063 1817 5101 mores
1845 5062 2048 5116 compo-

545 5142 704 5199 nant,
725 5144 774 5187 et
801 5133 870 5187 ad
898 5143 1175 5189 extremum
1197 5137 1259 5190 de
1281 5137 1446 5191 Anna.

547 5273 598 5324 1.
637 5268 834 5341 Jejunii
876 5271 1116 5326 memoria
1149 5271 1319 5337 utilis,
1344 5272 1530 5342 jejunii
1569 5271 1699 5326 bona
1741 5282 1948 5340 quanta.
1978 5301 2049 5310 —

474 5365 574 5422 Ubi
603 5367 940 5436 peregrinum
990 5366 1220 5437 aliquem
1267 5365 1405 5435 apud
1453 5379 1551 5419 nos
1590 5365 1947 5428 diversatum,
1982 5363 2048 5417 ad

473 5459 676 5528 aliquot
718 5459 832 5514 dies
872 5461 1098 5514 comiter
1123 5467 1423 5527 exceptum,
1453 5466 1507 5510 et
1543 5456 1788 5526 colloquii
1819 5470 2047 5510 mensa:-

479 5564 581 5615 que
612 5549 922 5619 participem
964 5548 1159 5604 factum
1203 5549 1565 5604 dimiserimus
1597 5565 1609 5600 :
1640 5548 1893 5617 postridie
1922 5561 2044 5616 pro-

477 5681 615 5794 19fias).
645 5681 806 5732 Collati
825 5682 1278 5790 cumCod.Colbert.
1308 5695 1436 5734 num.
1459 5682 1520 5733 19
1563 5687 1615 5731 et
1637 5679 1748 5735 971.
1771 5692 1880 5729 eum
1905 5680 2049 5742 Regio

2153 5104 2374 5158 rumque
2395 5087 2630 5141 omnium
2653 5127 2668 5152 ,
2695 5099 2814 5155 qua:
2839 5083 2993 5137 nobis
3031 5082 3247 5137 invexit.
3270 5081 3385 5136 Non
3416 5081 3558 5135 enim
3600 5095 3737 5148 pra:-

2153 5179 2324 5235 seutia
2380 5185 2580 5230 tantum
2621 5174 2844 5245 jejunii,
2893 5172 2988 5227 sed
3031 5173 3193 5227 etiam
3240 5172 3497 5226 memoria
3546 5170 3734 5240 jejunii

2153 5270 2382 5324 maxime
2409 5268 2552 5323 utilis
2575 5281 2696 5321 esse
2722 5272 2916 5334 potest.
2941 5263 3005 5318 Et
3033 5264 3170 5318 sicut
3198 5264 3272 5316 illi
3301 5278 3436 5332 quos
3462 5275 3727 5324 amamus,

2155 5379 2260 5417 non
2288 5361 2461 5416 solum
2487 5375 2608 5413 eum
2635 5358 2863 5422 adsunt,
2889 5371 3070 5411 verum
3120 5357 3279 5410 etiam
3321 5369 3442 5408 cum
3491 5352 3642 5407 nobis
3681 5351 3735 5406 in

2156 5461 2386 5508 mentem
2414 5451 2651 5515 veniunt,
2677 5448 2840 5503 multa
2868 5462 2964 5502 nos
2989 5447 3257 5516 voluptate
3283 5443 3607 5515 perfundunt
3627 5461 3641 5495 :
3661 5443 3735 5497 ita

2156 5559 2365 5615 quoque
2391 5544 2506 5598 dies
2527 5542 2738 5612 jejunii,
2766 5541 3025 5606 collectae,
3050 5553 3467 5606 communesque
3495 5550 3735 5590 conven-

2160 5649 2245 5692 tus
2269 5645 2322 5690 et
2350 5635 2452 5689 alia
2479 5633 2671 5703 quibus
2695 5633 2810 5702 ejus
2842 5630 3100 5686 beneﬁcio
3126 5629 3434 5684 fruebamur
3463 5628 3620 5690 bona,
3651 5624 3735 5681 vel

2159 5731 2269 5785 sola
2294 5728 2546 5784 memoria
2575 5741 2671 5782 nos
2693 5726 2962 5782 oblectant
2985 5763 3001 5790 ,
3033 5733 3086 5779 et
3112 5722 3224 5779 haec
3252 5723 3429 5779 omnia
3472 5721 3519 5777 si
3544 5721 3596 5775 in
3624 5733 3737 5776 Ino-
