4146 6260
416 338 514 395 68!
1696 335 1783 390 DE
1816 336 2003 392 ΑΝΝΑ

2106 338 2276 395 ΞΒΜΟ
2312 341 2353 395 l.
3523 351 3638 405 632

420 464 3637 508 mw

1833 582 2125 642 MONITU
2135 584 2189 641 Μ
2201 629 2213 641 .

420 703 543 766 dus,
568 704 660 772 qui
692 712 750 757 ut
780 702 1106 772 intelligatur
1132 709 1394 754 attentum
1425 702 1678 755 lectorem
1704 703 1925 756 omnino
1954 705 2212 771 postulat.
2246 701 2303 755 ln
2336 702 2689 757 concionibus
2722 704 2808 758 hic
2850 707 3164 762 memoratis
3211 708 3442 776 primum
3490 711 3633 767 haud

422 801 585 856 dubie
614 800 789 852 locum
816 798 1024 851 obtinet
1052 795 1279 849 Homilia
1310 796 1376 849 de
1405 794 1580 848 reditu
1607 794 1870 859 Flaviani,
1902 810 2022 863 quae
2052 805 2135 848 est
2159 795 2221 847 21
2259 794 2322 846 ad
2354 794 2611 862 populum
2660 794 3056 849 Antiochenum
3085 813 3097 847 :
3147 797 3288 853 hanc
3329 810 3507 855 autem
3540 804 3638 859 ha-

424 898 543 952 buit
570 896 730 950 indie
760 894 999 958 Paschaa,
1023 905 1084 947 ut
1109 908 1271 961 supra
1301 892 1559 945 diximus.
1598 889 1790 945 Postea
1819 905 1950 944 vero
1973 906 2096 945 cum
2142 891 2434 958 gentilibus
2481 890 2797 959 disputavit,
2845 901 2898 947 et
2954 894 3124 946 multa
3171 909 3489 963 prosecutus
3534 910 3645 969 est,

426 1004 656 1057 quorum
684 988 859 1057 capita
892 987 1056 1040 refert
1081 987 1278 1041 ibidem
1313 1002 1326 1038 :
1363 995 1544 1039 utrum
1574 999 1702 1038 vero
1733 984 1846 1037 hac
1869 986 1950 1038 vel
1990 1000 2118 1047 una,
2166 982 2249 1037 vel
2294 981 2541 1051 pluribus
2591 984 2943 1038 concionihus
2982 986 3320 1053 absolverit,-
3351 988 3643 1048 incertum.

425 1078 625 1135 Deinde
654 1079 833 1133 multis
862 1078 1040 1132 diebus
1072 1077 1172 1132 SS.
1207 1088 1503 1146 martyrum
1536 1075 1694 1137 festa,
1723 1091 1843 1145 quae
1872 1076 2250 1139 occurrebant,
2282 1075 2532 1129 laudibus
2561 1075 2831 1130 celebrata
2881 1078 3119 1143 fuerunt,
3150 1088 3261 1133 tum
3299 1092 3561 1150 praesente
3593 1096 3647 1139 et

427 1173 825 1239 circumagente
853 1170 1009 1234 duce,
1034 1169 1225 1239 inquit,
1258 1170 1361 1223 hoc
1388 1177 1493 1233 est,
1525 1166 1785 1221 Flaviano
1807 1168 2061 1238 episcOpo
2092 1185 2105 1220 :
2141 1182 2262 1220 nam
2290 1165 2715 1237 Chrysostomus
2746 1176 2859 1220 tum
2905 1183 3046 1237 aeger
3093 1171 3238 1224 domi
3271 1174 3548 1239 manebat,
3586 1184 3649 1227 ut

430 1263 505 1317 ait
538 1264 654 1332 ipse
680 1262 833 1316 initio
868 1261 1112 1315 Homilia:
1143 1261 1210 1315 l9
1237 1263 1302 1315 ad
1333 1260 1723 1322 Antiochenos,
1760 1274 1924 1328 quam
1958 1270 2146 1314 contra
2190 1258 2497 1327 juramenta
2528 1258 2739 1322 habuit,
2780 1258 2834 1311 in
2875 1260 3103 1328 gratiam
3156 1262 3482 1317 rusticorum
3504 1305 3519 1325 .
3553 1268 3648 1334 qui

429 1353 776 1407 Antiochiam
816 1353 1175 1407 adventarant
1202 1370 1216 1403 :
1243 1351 1359 1405 hac
1391 1364 1520 1404 vero
1547 1351 1760 1413 concio,
1804 1359 1862 1403 ut
1897 1349 2001 1403 fert
2045 1350 2253 1411 titulus,
2295 1348 2435 1403 facta
2485 1350 2537 1403 in
2586 1348 2866 1403 Dominica
2898 1350 2999 1419 τῆς
3045 1352 3470 1423 ὲπισωζομένης,
3504 1370 3649 1408 nunc

430 1455 516 1500 est
535 1445 743 1500 decima
768 1459 909 1498 nona
935 1443 1291 1497 Homiliarum
1319 1442 1382 1496 ad
1414 1443 1672 1510 populum
1702 1440 2121 1497 Antiochenum.
2173 1442 2369 1497 Verum
2412 1452 2603 1497 contra
2645 1443 2793 1497 hunc
2837 1441 3195 1498 Homiliarum
3244 1448 3486 1501 ordinem
3523 1448 3649 1517 qui-

431 1536 557 1591 dam
589 1537 819 1606 insurgit
840 1536 1129 1605 scrupulus
1157 1554 1169 1589 :
1209 1536 1263 1589 in
1293 1534 1525 1588 Homilia
1553 1534 1753 1603 quippe
1789 1534 1999 1588 decima
2030 1549 2173 1589 nona
2205 1535 2280 1588 ait
2302 1534 2743 1605 Chrysostomus.
2788 1550 2867 1597 se,
2897 1535 3025 1589 dum
3056 1547 3352 1607 martyrum
3391 1537 3507 1591 festi
3531 1539 3651 1593 dies

429 1627 850 1691 celebrarentur,
882 1642 1081 1696 aegrum
1107 1625 1249 1679 domi
1284 1624 1592 1677 mansisse:
1626 1631 1683 1676 at
1722 1622 1777 1675 in
1805 1621 2039 1675 Homilia
2074 1622 2245 1690 prima
2288 1621 2339 1674 in
2378 1624 2589 1675 Annam
2626 1622 2770 1675 nulla
2813 1624 2984 1677 morbi
3031 1625 3251 1688 mentio,
3286 1625 3395 1679 imo
3434 1627 3642 1679 videtur

430 1720 849 1790 Chrysostomus
876 1728 1005 1772 tunc
1041 1718 1295 1785 temporis
1332 1718 1414 1770 vel
1456 1717 1521 1770 de
1571 1714 1903 1785 martyribus
1950 1713 2244 1767 conciones
2284 1712 2562 1773 habuisse.
2594 1715 2677 1766 Vel
2722 1714 2909 1767 saltem
2957 1716 3155 1771 habere
3200 1719 3475 1786 potuisse;
3524 1720 3651 1775 licet

430 1812 573 1867 enim
600 1826 706 1865 non
739 1807 881 1861 dicat
905 1819 1160 1875 expresse
1181 1805 1301 1858 illas
1331 1818 1389 1858 se
1418 1803 1713 1858 conciones
1746 1802 2023 1865 habuisse,
2050 1802 2102 1855 id
2136 1802 2278 1856 clare
2306 1802 2458 1867 dicit,
2496 1803 2684 1855 laudes
2710 1818 2902 1871 nempe
2931 1816 3224 1873 martyrum
3266 1809 3653 1879 impedimento

430 1903 618 1966 fuisse,
650 1898 939 1971 quominus
977 1896 1122 1952 aliud
1154 1903 1536 1966 argumentum
1575 1902 1858 1948 tractaret.
1891 1891 2092 1947 Verum
2125 1893 2175 1945 in
2213 1908 2364 1947 more
2393 1901 2477 1947 est
2505 1893 2896 1963 Chrysostomo
2946 1896 2996 1947 in
3031 1896 3339 1965 hnjusmodi
3372 1904 3650 1957 recensio-

430 1997 589 2057 nibus
617 1994 847 2063 plurima
877 1992 1123 2055 reticere,
1151 2004 1271 2060 quae
1292 1988 1566 2055 negotium
1591 1984 1897 2041 facessant:
1928 1988 2145 2043 aliunde
2179 2003 2305 2041 vero
2339 2002 2459 2040 cum
2504 1987 2558 2040 in
2608 1987 2928 2055 praecedenti
2980 1987 3233 2055 Homilia,
3275 1994 3392 2059 qua:
3428 2004 3512 2049 est
3555 1995 3653 2049 de-

429 2090 568 2141 cima
597 2102 734 2140 nona
762 2085 827 2139 ad
865 2084 1249 2145 Antiochenos,
1281 2078 1659 2148 aegritudinem
1698 2094 1854 2156 suam
1899 2088 2398 2142 commemorasset,
2432 2078 2602 2130 noluit
2646 2078 2817 2146 prima
2864 2080 3123 2133 concione
3164 2082 3215 2134 in
3261 2083 3495 2149 Annam,
3530 2102 3651 2155 qua:

430 2186 555 2247 post
590 2177 733 2229 illam
775 2174 956 2228 habita
987 2173 1110 2236 fuit,
1147 2170 1377 2239 idipsum
1419 2179 1675 2238 repetere.
1703 2168 1900 2223 Verum
1945 2185 2010 2223 ex
2042 2169 2250 2224 duobus
2282 2169 2681 2238 impedimentis
2719 2170 3012 2237 quominus
3055 2174 3388 2240 propositum
3419 2178 3523 2230 sibi
3564 2193 3651 2232 ar-

431 2274 749 2337 gumentum
783 2272 1038 2318 tractaret
1064 2264 1291 2317 alterum
1328 2261 1517 2325 tacuit,
1554 2277 1747 2331 nempe
1775 2263 2188 2331 aegritudinem;
2224 2262 2453 2317 alterum
2494 2262 2832 2323 memoravit,
2868 2263 3123 2317 nimirum
3156 2266 3292 2320 festa
3326 2277 3649 2338 martyrum.

431 2356 552 2411 Jam
576 2356 703 2410 hinc
736 2365 950 2410 constat
980 2354 1313 2409 Dominicam
1347 2354 1444 2424 τῆς
1475 2354 1885 2426 ὲπισωζομένης
1935 2370 2043 2408 non
2076 2370 2197 2411 esse
2236 2355 2571 2410 Dominicam
2614 2357 2760 2411 illam
2814 2375 2976 2429 quam
3027 2359 3308 2414 Passionis
3353 2377 3650 2425 vocamus;

433 2462 544 2504 tum
573 2452 699 2520 quia
730 2451 977 2522 plurimis
1018 2459 1142 2504 ante
1167 2450 1311 2503 illam
1338 2448 1529 2503 diebus
1561 2446 1853 2502 Flavianus
1892 2449 2202 2513 advenerat,
2237 2450 2383 2515 quod
2422 2461 2568 2503 certe
2598 2451 2704 2503 dici
2739 2459 2972 2519 nequeat
3020 2452 3085 2505 de
3131 2452 3409 2506 Dominica
3440 2452 3655 2507 Passio-

432 2544 538 2609 nis,
573 2554 683 2597 tum
710 2543 834 2612 quia
860 2557 922 2596 ex
957 2556 1115 2609 supra
1151 2541 1310 2595 dictis
1336 2540 1449 2594 hazc
1469 2539 1661 2594 concio
1690 2539 1780 2591 diu
1812 2547 1934 2607 post
1962 2539 2251 2593 Homiliam
2284 2539 2351 2592 de
2382 2539 2554 2592 reditu
2590 2538 2829 2592 Flaviani
2857 2541 3000 2593 dicta
3040 2540 3157 2602 luit,
3196 2557 3316 2609 qme
3348 2542 3564 2594 humilia
3600 2541 3655 2594 in

430 2648 548 2702 ipso
574 2634 662 2688 die
689 2632 911 2687 Paschae
943 2633 1123 2685 habita
1158 2641 1260 2686 est.
1295 2630 1403 2684 Nec
1426 2640 1603 2699 potest
1629 2645 1750 2684 esse
1787 2629 2069 2684 Dominica
2092 2631 2188 2697 τῆς
2223 2629 2633 2700 ὲπισωζομένης
2673 2648 2756 2693 ea,
2786 2646 2948 2699 quam
2996 2630 3049 2683 in
3078 2631 3232 2685 Albis
3279 2648 3559 2697 vocamus,
3598 2644 3656 2685 ut

430 2727 601 2781 voluit
634 2725 906 2791 Savilius;
936 2740 1030 2780 sex
1062 2724 1206 2779 enim
1235 2724 1311 2777 illi
1338 2724 1454 2778 dies
1483 2724 1577 2792 qui
1619 2723 1756 2777 inter
1789 2722 1996 2777 Pascha
2026 2732 2079 2777 et
2118 2723 2453 2778 Dominicam
2489 2726 2540 2777 in
2584 2723 2737 2777 Albis
2782 2724 3171 2790 intercurrunt,
3206 2741 3309 2777 non
3351 2726 3484 2780 satis
3518 2725 3655 2781 fuis-

431 2828 551 2876 sent
577 2819 642 2872 ad
672 2834 735 2872 ea
762 2818 946 2872 omnia
981 2817 1409 2888 complectenda,
1447 2832 1640 2886 nempe
1664 2815 1995 2870 Concionem
2025 2817 2092 2871 de
2120 2817 2294 2871 reditu
2339 2816 2603 2879 Flaviani,
2635 2818 3057 2886 Disputationem
3090 2827 3184 2872 aut
3221 2817 3647 2884 Disputationes,

430 2912 477 2966 si
507 2911 687 2979 plures
717 2910 939 2973 fuerint,
978 2918 1166 2964 contra
1193 2909 1439 2978 gentiles,
1472 2907 1630 2961 Festa
1671 2917 1967 2977 martyrum
2003 2908 2191 2961 multis
2222 2907 2435 2973 diebus,
2481 2908 2678 2970 πολλὰς
2721 2908 2931 2978 ἡμέρας
2971 2909 3260 2970 celebrata,
3286 2918 3340 2962 et
3373 2908 3655 2977 aegritudi-

437 3017 559 3055 nem
587 3002 997 3070 restitutamque
1025 3002 1388 3056 valetudinem
1414 2999 1808 3070 Chrysostomi.
1838 3000 2223 3066 Quamobrem,
2257 3000 2390 3052 nihil
2434 3002 2685 3054 obstante
2715 3001 2971 3068 scrupulo
3006 2999 3119 3062 illo,
3155 3014 3315 3067 quem
3346 3015 3511 3069 supra
3541 3016 3656 3055 me-

436 3093 789 3156 moravimus,
823 3091 1021 3147 Leonis
1050 3091 1231 3145 Allatii
1260 3093 1582 3146 sententiam
1616 3091 2012 3160 amplectimur,
2049 3090 2279 3145 dicentis
2319 3106 2442 3145 esse
2478 3091 2809 3144 Dominicam
2841 3090 3086 3159 quintam
3120 3100 3241 3159 post
3274 3090 3501 3154 Pascha,
3534 3109 3655 3161 qua:

437 3184 689 3253 praecedit
732 3183 1143 3238 Ascensionem.
1196 3182 1287 3237 Sic
1330 3184 1513 3236 omnia
1561 3182 1940 3252 quadrabunt;
1970 3197 2094 3236 nam
2135 3184 2319 3237 statim
2369 3193 2490 3252 post
2533 3182 2680 3235 illam
2710 3183 2762 3235 in
2789 3181 3015 3252 gratiam
3052 3182 3381 3236 rusticorum
3414 3183 3651 3235 habitam
3732 3192 3735 3193 '

436 3276 751 3330 concionem
782 3275 1015 3343 primum
1045 3276 1099 3329 in
1123 3276 1332 3329 Annam
1364 3288 1668 3330 sermonem
1697 3275 1912 3339 dixerit,
1942 3284 2070 3343 puta
2110 3276 2242 3330 feria
2277 3274 2515 3332 secunda
2548 3283 2675 3330 ante
2719 3275 3107 3330 Ascensionem
3134 3292 3148 3340 ;
3186 3274 3482 3329 secundum
3522 3273 3656 3328 feria

436 3378 586 3422 sexta
616 3378 736 3436 post
766 3369 1185 3435 Ascensionem;
1215 3370 1431 3423 tertium
1464 3367 1596 3423 feria
1622 3370 1858 3424 secunda
1887 3371 2235 3425 hebdomadas
2266 3371 2542 3439 sequentis
2568 3388 2581 3437 ;
2615 3380 2891 3440 quartum,
2919 3371 3012 3440 qui
3045 3371 3221 3440 periit,
3258 3370 3388 3424 feria
3422 3381 3651 3439 quarta;

438 3461 687 3530 quintum
719 3459 852 3515 feria
879 3470 1063 3526 sexta;
1096 3472 1307 3517 sextum
1343 3472 1466 3531 post
1488 3461 1877 3527 Pentecosten;
1918 3479 2025 3517 non
2063 3464 2169 3518 alia
2201 3472 2380 3517 autem
2409 3463 2476 3517 de
2507 3477 2671 3517 causa
2717 3464 2885 3518 hosce
2918 3480 3027 3533 prze
3078 3463 3200 3518 aliis
3246 3464 3361 3519 dies
3410 3463 3657 3530 assigna-

440 3565 585 3615 mus,
611 3566 773 3620 quam
807 3560 866 3605 ut
898 3567 1009 3607 rem
1034 3552 1146 3606 ﬁeri
1177 3554 1421 3622 potuisse
1448 3552 1787 3608 declaremus
1812 3570 1825 3605 :
1859 3568 1983 3607 nam
2020 3553 2253 3608 fatemur
2290 3555 2533 3625 potuisse
2552 3569 2833 3611 sermones
2860 3556 2981 3610 illos
3007 3556 3059 3608 in
3083 3555 3199 3610 dies
3221 3556 3358 3609 alios
3378 3553 3656 3609 incidisse.

508 3644 764 3711 Quartus,
802 3658 860 3700 ut
892 3647 1151 3712 diximus,
1183 3662 1363 3701 sermo
1389 3646 1681 3712 intercidit,
1713 3655 1771 3699 ut
1803 3648 2075 3719 colligitur
2108 3666 2171 3705 ex
2221 3651 2288 3704 iis
2324 3666 2446 3719 qua:
2488 3650 2540 3702 in
2589 3651 2781 3718 quinto
2817 3664 3085 3715 sermone,
3128 3649 3221 3718 qui
3270 3648 3382 3717 jam
3430 3654 3659 3716 quartus

439 3734 532 3785 illo
561 3736 761 3789 amisso
793 3737 1126 3799 inscribitur,
1158 3739 1411 3791 dicuntur
1432 3754 1582 3793 num.
1609 3739 1663 3801 5,
1689 3755 1881 3808 nempe
1907 3742 1960 3794 in
1993 3741 2315 3810 praecedenti
2346 3755 2597 3795 sermone
2643 3741 2909 3808 explicata
2943 3740 3111 3794 fuisse
3163 3741 3275 3793 haec
3320 3738 3477 3791 verba
3514 3737 3658 3790 Can—

441 3826 531 3878 tici
551 3824 737 3891 Annaz,
773 3824 1156 3893 Conﬁrmatum
1184 3834 1259 3877 est
1290 3840 1377 3879 cor
1404 3843 1572 3879 meum
1602 3828 1657 3879 in
1688 3827 1935 3891 Domino,
1967 3838 2095 3894 ctc.,
2127 3844 2358 3897 quorum
2403 3828 2773 3896 interpretatio
2822 3844 2928 3880 non
2964 3828 3189 3880 habetur
3219 3827 3270 3878 in
3300 3842 3366 3878 eo
3392 3826 3483 3892 qui
3515 3839 3660 3878 nunc

442 3918 634 3972 tertius
665 3928 767 3972 est.
804 3916 899 3970 His
930 3916 1067 3971 adde
1094 3932 1215 3987 quae
1236 3917 1592 3970 disseruimus
1623 3917 1674 3969 in
1698 3918 1858 3972 Praef.
1895 3915 1922 3987 §
1953 3916 2066 3969 γιι.

510 4009 677 4065 Primi
706 4011 971 4067 sermonis
995 4012 1361 4081 interpretatio
1399 4020 1481 4064 est
1512 4008 1802 4063 Frontonis
1834 4009 2051 4076 Ducaei;
2089 4010 2313 4065 secundi
2339 4019 2388 4064 et
2419 4010 2561 4064 tertii
2602 4009 2863 4064 Desiderii
2898 4008 3148 4075 Erasmi;
3182 4013 3360 4081 quarti
3392 4020 3445 4065 et
3484 4014 3658 4082 quinti

445 4104 778 4176 Sigismundi
811 4102 1039 4173 Gelenii,
1067 4120 1205 4174 quas
1236 4118 1427 4159 omnes
1465 4101 1940 4172 interpretationes
1980 4113 2235 4159 accurate
2258 4102 2668 4172 castigavimus.

1057 4576 1273 4631 ΛΟΓΟΣ
1310 4581 1383 4634 A'.
2105 4583 2206 4653 τῆς
2247 4585 2551 4649 συνουσίας,
2593 4587 2686 4639 καὶ
2719 4587 2853 4655 μετὰ
2890 4587 3086 4656 πολλῆς
3116 4588 3274 4639 αὑτὸν
3308 4587 3670 4656 ἐπιζητοῦμεν

2105 4667 2205 4736 τῆς
2237 4667 2456 4736 ἀγάπης
2476 4685 2489 4697 ·
2522 4666 2679 4721 τοῦτο
2704 4668 2766 4737 δὴ
2792 4670 2884 4721 καὶ
2923 4669 3013 4719 ἐπὶ
3034 4669 3130 4738 τῆς
3156 4668 3406 4736 νηστείας
3434 4670 3670 4738 ποιήσω-

2108 4765 2226 4817 μεν.
2263 4751 2375 4803 Καὶ
2404 4750 2511 4820 γὰρ
2542 4750 2780 4821 κατήχθη
2815 4750 2949 4820 πρὸς
2980 4752 3126 4820 ἡμᾶς
3161 4750 3373 4820 ἡμέρας
3400 4751 3670 4821 τεσσαρά-

2109 4848 2290 4895 κοντα,
2324 4833 2701 4902 ὑπεδεξάμεθα
2729 4834 2897 4903 αὐτὴν
2930 4832 3283 4903 φιλοφρόνως,
3305 4834 3399 4885 καὶ
3430 4834 3675 4903 ἀπεπέμ-

2102 4915 2284 4985 ψαμεν
2310 4934 2323 4946 ·
2348 4916 2471 4969 ἐπεὶ
2494 4914 2585 4969 οὖν
2616 4917 2875 4987 μέλλομεν
2896 4915 3251 4987 παρατιθέναι
3273 4916 3550 4989 τράπεζαν
3576 4917 3673 4970 νῦν

2107 5000 2505 5072 πνευματικὴν,
2534 4998 2968 5069 ἀναμνησθῶμεν
2998 4999 3184 5070 αὐτῆς,
3215 5001 3308 5054 καὶ
3340 5001 3447 5053 τῶν
3481 5002 3537 5067 ἐξ
3570 5002 3668 5054 αὐ-

2105 5085 2204 5153 τῆς
2228 5084 2479 5136 ἁπάντων
2509 5084 2878 5154 ἐγγενομένων
2923 5084 3051 5153 ἡμῖν
3082 5083 3319 5151 ἀγαθῶν.
3346 5085 3418 5137 Οὐ
3457 5086 3564 5154 γὰρ
3603 5085 3667 5151 δὴ

2110 5166 2376 5236 παρουσία
2404 5167 2654 5237 νηστείας
2700 5166 2877 5235 μόνον,
2905 5166 3039 5219 ἀλλὰ
3077 5169 3173 5221 καὶ
3206 5169 3390 5239 μνήμη
3420 5168 3669 5236 νηστείας

2104 5250 2175 5303 τὰ
2212 5249 2442 5318 μέγιστα
2487 5250 2761 5319 ὠφελῆσαι
2796 5249 2999 5303 δύναιτ’
3043 5251 3129 5304 ἄν.
3177 5252 3287 5303 Καὶ
3326 5250 3575 5320 καθάπερ
3620 5250 3670 5302 οἱ

2109 5333 2417 5404 φιλούμενοι
2470 5334 2597 5401 παρ’
2638 5332 2825 5402 ἡμῶν,
2849 5334 2969 5401 οὐχὶ
3002 5333 3267 5403 παρόντες
3322 5333 3500 5401 μόνον.
3533 5331 3670 5384 ἀλλὰ

440 4716 545 4781 Εἷς
581 4712 802 4793 τὸ’δεῖν
843 4720 939 4773 καὶ
980 4722 1048 4793 ἐν
1087 4720 1161 4789 τῇ
1196 4723 1584 4792 Πεντηκοστῇ
1614 4724 1711 4777 καὶ
1761 4725 1853 4778 ἀεὶ
1897 4725 2004 4793 τῆς

510 4790 792 4864 νηστείας
823 4790 1180 4864 μεμνῆσθαι,
1215 4793 1311 4845 καὶ
1353 4793 1438 4844 ὅτι
1469 4790 1868 4859 οὺῖπιιρουσία
1891 4790 2001 4864 μόἐ

508 4873 637 4930 νον,
686 4860 845 4930 ᾁλλὰ
896 4862 992 4913 καὶ
1035 4862 1238 4929 μνήμη
1285 4866 1568 4929 νηστείας
1618 4864 1860 4930 (b93813?-
1891 4860 1999 4918 ’καὶ

506 4928 640 5000 περὶ
664 4928 774 4997 τῆς
803 4931 909 4984 τοῦ
945 4928 1091 4984 Θεοῦ
1122 4928 1425 4998 προνοίας.
1466 4934 1563 4986 καὶ
1596 4928 1683 4986 ὅτι
1708 4934 1856 5000 μετὰ
1885 4934 2003 4986 τῶν

507 4996 711 5070 ἄλλων
738 5002 808 5053 οὐ
848 5002 1063 5069 μικρὸν
1094 4996 1274 5069 μέρος
1309 4996 1496 5068 αὐτῆς
1542 5003 1578 5067 ἡ
1610 4996 1837 5070 Spw-mi,
1885 5003 2003 5055 τῶν

507 5067 728 5139 γονέων
766 5067 895 5137 περὶ
935 5071 1006 5122 τὰ
1035 5067 1251 5139 eiram
1294 5067 1493 5139 φιλία)
1529 5067 1626 5124 καὶ
1656 5071 1743 5124 ὅτι
1778 5075 1849 5126 οὐ
1894 5090 2003 5126 πα-

507 5138 681 5209 τράσι
702 5141 913 5206 μόνον,
959 5138 1121 5194 ἀλλὰ
1165 5142 1260 5194 καὶ
1298 5138 1601 5209 μητράσιν
1632 5143 2003 5195 ἐπιτέτακται

506 5207 581 5332 {Ad
608 5209 813 5262 παιδία
827 5209 1144 5279 ῥυθμίζειν,
1168 5210 1265 5265 καὶ
1289 5207 1435 5279 ,πρὸς
1457 5209 1534 5275 τῷ
1555 5210 1713 5265 τέλει
1737 5211 1870 5279 περὶ
1893 5212 2003 5281 τῆς

578 5296 748 5332 me.

512 5436 580 5481 α’.
614 5428 860 5482 Ἐπειδὰν
882 5427 1029 5492 ξένον
1047 5429 1167 5482 τινὰ
1182 5429 1520 5500 καταχθέντα
1544 5431 1677 5499 πρὸς
1702 5432 1845 5499 ἡμᾶς
1862 5429 2001 5499 ἡμέε-

447 5528 543 5582 pax;
563 5513 712 5575 τινὰς
746 5511 1126 5581 ὑποδεξάμενοι
1156 5512 1507 5580 φιλοφρόνως,
1545 5513 1637 5565 καὶ
1665 5511 1836 5578 λόγων
1855 5510 2001 5581 αὑτῷ

444 5596 538 5645 καὶ
567 5594 706 5647 ἁλῶν
726 5596 1170 5663 κοινωνήσαντες,
1189 5595 1602 5664 ἀποπέμψωμεν
1619 5612 1631 5624 ο
1657 5597 1723 5665 τῇ
1749 5594 1883 5664 μετὰ
1903 5594 2001 5665 τὴν

444 5678 748 5748 ἀποδημίαν
777 5677 990 5747 ἐκείνην
1033 5678 1232 5750 ἡμέρᾳ,
1267 5679 1543 5749 τραπέζης
1579 5677 1997 5749 παρατεθείσης,

446 5760 647 5826 εὐθέως
689 5762 1205 5835 ἀναμιμνησκόμεθα
1254 5761 1419 5816 αὑτοῦ
1446 5778 1505 5814 τε
1555 5761 1783 5816 καὶτῶν
1826 5760 2000 5830 λόγων

2105 5418 2201 5471 καὶ
2230 5420 2309 5480 είς
2338 5415 2461 5468 νοῦν
2495 5419 2623 5486 ἡμῖν
2652 5417 2952 5486 ἑρχομένοι,
2981 5417 3179 5484 πολλῆς
3202 5416 3349 5485 ἡμᾶς
3379 5414 3672 5485 πληροῦσιν

2107 5499 2323 5570 ἡδονῆς⁸
2348 5498 2487 5553 οὕτω
2513 5499 2606 5551 καὶ
2635 5499 2689 5551 αἱ
2720 5500 2814 5568 τῆς
2839 5498 3090 5567 νηστείας
3114 5498 3337 5569 ἡμέραι,
3366 5499 3457 5551 καὶ
3478 5500 3524 5550 οἱ
3550 5497 3671 5550 σύλ-

2107 5590 2274 5659 λογοι,
2299 5591 2393 5642 καὶ
2420 5592 2475 5642 αἱ
2504 5590 2775 5659 διατριϐαὶ
2801 5592 2854 5641 αἱ
2884 5591 3080 5653 κοιναὶ,
3107 5589 3201 5642 καὶ
3224 5590 3289 5643 τὰ
3316 5589 3449 5643 ἄλλα
3471 5590 3505 5643 ἃ
3536 5594 3668 5658 παρ’

2109 5674 2322 5742 ἐκείνης
2356 5673 2739 5744 ἐκαρπούμεθα
2772 5671 2930 5734 καλὰ,
2961 5673 3055 5724 καὶ
3083 5673 3190 5725 ἀπὸ
3215 5674 3311 5743 τῆς
3345 5674 3561 5745 μνήμης
3586 5675 3670 5726 εὐ·

2108 5758 2339 5826 φραὶνει,
2377 5757 2475 5809 κᾶν
2500 5757 2668 5809 ταῦτα
2694 5755 2904 5808 ἅπαντα
2940 5755 3287 5823 συλλέξαντες
3316 5754 3673 5827 ἀναμνησθῶ-
