4094 6256
467 349 575 405 633
1135 345 1191 399 s.
1231 339 1512 398 JOANNIS
1543 332 2027 394 cnmrsosmm
2063 330 2376 392 ARCHIEP.
2408 333 2944 393 CONSTANTINOP.
3577 324 3694 392 '63.;

470 481 592 536 μεν,
623 464 832 535 μεγάλα
865 463 956 515 καὶ
986 460 1125 514 κατὰ
1150 459 1238 512 τὸν
1258 458 1500 530 παρόντα
1527 457 1714 527 καιρὸν
1736 453 2024 527 κερδανοῦ-

472 511 592 630 ιῗξνί
619 511 1055 622 ἷᾷὲξξδέ-ἆεέῷ
1071 511 1181 606 ..δέ
1217 511 1538 621 ἀναγκάζων
1562 511 1861 620 νηστεύειν,
1890 546 2023 602 ἀλλά
2055 511 2070 559 ⁸

467 647 671 701 πείθων
695 646 767 715 μὴ
790 645 1015 714 τρυφᾷν,
1051 644 1186 713 μηδὲ
1219 642 1360 695 κατά
1389 643 1511 704 τοὺς
1539 640 1764 704 πολλοὺς
1792 639 1899 692 τῶν
1931 639 2020 691 ἀν-

467 737 697 809 θρώπων
724 735 1040 800 διακεῖσθαι,
1057 735 1168 802 εῖγε
1197 733 1514 804 ἀνθρώπους
1533 735 1658 795 τούς
1677 731 1816 784 οὕτω
1843 746 2024 802 μικρο-

463 829 649 898 ψύχως
675 827 1046 896 διακειμένους
1076 825 1180 897 χρὴ
1210 825 1392 879 καλεῖν
1417 837 1464 888 α,
1493 825 1541 878 οἳ
1573 823 1821 893 καθάπερ
1849 824 1913 876 ἐκ
1939 823 2024 875 δε-

466 919 617 989 σμῶν
645 917 955 986 ἀφεθέντες,
983 919 1076 970 καὶ
1107 916 1476 986 δεσμωτηρίου
1505 916 1649 978 τινὸς
1683 911 2042 981 ἀπαλλαγέν-’

461 1027 556 1073 τες
600 1009 864 1080 χαλεποῦ,
902 1009 1038 1080 πρὸς
1084 1007 1344 1078 ἀλλήλους
1389 1007 1632 1076 λέγουσι·
1661 1006 1833 1070 Μόλις
1872 1005 2020 1078 [700]

465 1101 596 1156 ποτέ
619 1103 680 1155 τὸ
712 1101 942 1172 χαλεπὸν
974 1100 1076 1170 τῆς
1109 1098 1360 1170 νηστείας
1389 1097 1714 1170 διηνύσαμεν
1752 1098 2019 1164 πέλαγος·

463 1194 607 1248 ἄλλοι
642 1194 696 1246 δὲ
725 1194 928 1246 τούτων
963 1191 1346 1260 ἀσθενέστερον
1385 1189 1732 1259 διακείμενοι,
1763 1189 1856 1241 καλ⁹
1885 1189 2021 1259 ὑπὲρ

461 1284 560 1353 τῆς
614 1281 910 1352 μελλούσης
941 1281 1206 1335 δεδοίκασι
1239 1280 1706 1351 Τεσσαρακοστῆς.
1750 1277 1917 1331 Τοῦτο
1964 1279 2021 1331 δὲ

459 1375 670 1443 γίνεται
707 1375 770 1426 ἐκ
800 1372 894 1426 τοῦ
932 1373 1023 1426 τὸν
1055 1371 1212 1425 ἀλλον
1243 1371 1456 1425 ᾶπαντα
1492 1371 1680 1440 καιρὸν
1705 1373 1900 1440 τρυφῇ,
1930 1371 2022 1423 καὶ

461 1465 690 1536 ἀσωτίᾳ,
722 1465 814 1518 καὶ
846 1463 982 1534 μέθη
1019 1463 1165 1536 πάσῃ
1196 1463 1314 1533 μεθ’
1343 1463 1646 1533 ὑπερϐολῆς
1679 1463 1905 1524 ἑαυτοὺς
1930 1463 2023 1513 ἐκο

459 1557 678 1610 διδόναι.
720 1556 806 1617 Ὠς
841 1555 954 1622 εἴγε
988 1555 1446 1624 μεμελετήκειμεν
1490 1553 1590 1615 τὰς
1616 1551 1778 1614 ἄλλας
1810 1550 2024 1620 ἡμέρας

461 1645 675 1716 σεμνῶς
707 1646 801 1699 καὶ
846 1645 1101 1707 ἐπιεικῶς
1127 1646 1253 1715 ζῇν,
1294 1645 1388 1696 καὶ
1417 1642 1752 1696 ἀπελθοῦσαν
1795 1642 1861 1694 ἂν
1892 1641 2020 1692 ἐπο-

459 1740 702 1809 θήσαμεν
745 1738 841 1806 τὴν
873 1737 1143 1807 νηστείαν,
1177 1735 1268 1788 καὶ
1299 1733 1690 1802 παραγίνεσθαι
1728 1732 2023 1802 μέλλουσαν

462 1830 597 1900 μετὰ
626 1830 822 1898 πολλῆς
852 1830 916 1882 ἂν
946 1827 1318 1898 ὑπεδεξάμεθα
1337 1827 1437 1896 τῆς
1469 1827 1680 1897 ἡδονῆς.
1705 1827 1770 1878 Τί
1797 1825 1903 1897 γὰρ
1922 1825 2020 1879 οὐκ

458 1920 659 1989 ἀγαθὸν
680 1922 812 1990 ἡμῖν
842 1918 947 1971 ἀπὸ
971 1916 1222 1988 νηστείας
1242 1933 1256 1981 ;
1285 1917 1468 1969 Πάντα
1487 1915 1726 1986 γαλήνης
1745 1915 1901 1984 γέμει
1927 1916 2021 1969 καὶ

455 2011 701 2082 καθαρᾶς
734 2011 931 2072 εὐδίας.
959 2008 1091 2078 Οὐχὶ
1118 2011 1210 2062 καὶ
1235 2009 1402 2061 οίκίαι
1431 2007 1671 2077 θορύϐων
1692 2007 1786 2060 καὶ
1809 2007 2021 2077 δρόμων

453 2104 548 2159 καὶ
579 2102 758 2172 πάσης
790 2101 928 2154 εἰσὶν
961 2099 1398 2171 ἡλευθερωμέναι
1440 2098 1724 2169 ταραχῆς;
1774 2097 1884 2151 Καὶ
1917 2096 2021 2167 πρὸ

451 2195 562 2249 τῶν
603 2193 788 2248 οίκιῶν
833 2194 890 2245 δέ
937 2193 971 2263 ἡ
1023 2191 1127 2244 τῶν
1165 2190 1530 2262 νηστευόντων
1575 2189 1782 2243 διάνοια
1819 2188 2021 2256 ταύτης

451 2285 712 2340 ἀπολαύει
745 2285 844 2353 τῆς
871 2283 1146 2354 [ἡσυχίας·
1199 2282 1352 2345 πόλις
1392 2283 1448 2335 δὲ
1494 2282 1678 2335 ἅπασα
1727 2281 1825 2352 τήν
1863 2282 1920 2332 ἐν
1950 2280 2016 2349 τῇ

449 2379 656 2450 διανοίᾳ
697 2379 791 2430 καὶ
820 2376 918 2446 τὴν
967 2377 1025 2429 ἐν
1068 2377 1187 2438 ταῖς
1225 2374 1422 2437 οίκίαις
1459 2373 1710 2439 εὐταξίαν
1754 2375 2016 2444 μιμεῖται.

451 2469 588 2524 οὐτε
614 2469 723 2539 γὰρ
755 2469 812 2519 ἐν
845 2468 1052 2538 ἑσπέρᾳ
1083 2467 1312 2537 ᾀδόντων
1355 2465 1500 2518 ἔστιν
1531 2465 1778 2526 ἀκοῦσαι,
1811 2463 1932 2516 οὐτε
1961 2463 2019 2515 ἐν

449 2561 634 2630 ἡμέρᾳ
659 2558 1029 2629 θορυϐούντων
1049 2558 1142 2610 καὶ
1162 2557 1484 2626 μεθυόντων,
1518 2554 1579 2608 οὐ
1610 2555 1938 2626 κραζόντων,
1955 2553 2018 2605 οὐ

455 2649 776 2720 μαχομένων
795 2687 810 2711 ,
866 2647 1002 2700 ἀλλά
1055 2646 1250 2714 πολλὴν
1313 2643 1584 2716 πανταχοῦ
1635 2644 1732 2708 τὴν
1790 2643 2018 2713 ἡσυχίαν

451 2740 598 2793 ἐστιν
639 2741 791 2811 όρᾷν.
836 2737 973 2791 Ἀλλ’
1007 2737 1123 2807 οὐχ).
1165 2737 1260 2790 νῦν
1298 2737 1490 2799 οὓτως.
1536 2736 1649 2789 ἀλλ’
1677 2735 1877 2798 εὐθέως
1915 2735 2020 2794 ὑπὸ

448 2826 548 2897 τὴν
577 2824 652 2879 ἐω
682 2826 941 2897 κραυγαὶ,
970 2825 1065 2878 καὶ
1097 2824 1348 2896 θόρυϐοι,
1379 2827 1472 2879 καὶ
1498 2825 1772 2896 μαγείρων
1797 2825 2015 2896 δρόμοι,

449 2920 545 2974 καὶ
578 2920 744 2984 πολὺς
772 2919 870 2990 μὲν
903 2919 960 2971 ἐν
995 2921 1115 2981 ταῖς
1147 2919 1344 2982 οἰκίαις
1364 2959 1378 2983 ,
1422 2921 1585 2982 πολὺς
1613 2919 1668 2972 δὲ
1701 2919 1758 2972 ἐν
1785 2921 1896 2980 τοῖς
1929 2917 2018 2970 λο-

447 3011 666 3079 γισμοῖς
689 3011 718 3062 ό
741 3008 966 3071 καπνὸς,
1000 3007 1107 3061 τῶν
1127 3007 1316 3061 παθῶν
1340 3011 1471 3079 ἡμῖν
1505 3007 1650 3062 ἔνδον
1683 3007 2014 3077 ὑποκαιομέ-

446 3117 574 3167 νων,
597 3098 691 3152 καὶ
712 3098 812 3168 τῆς
834 3098 1028 3168 φλογὸς
1047 3097 1448 3170 διεγειρομένης
1470 3099 1570 3168 τῆς
1591 3101 1649 3152 ἐν
1664 3101 1780 3161 ταῖς
1797 3097 2017 3162 ἀτόποις

446 3188 764 3259 ἐπιθυμίαις
791 3187 895 3241 ὐπὸ
921 3188 1021 3258 τῆς
1053 3189 1281 3258 τρυφῆς.
1317 3189 1413 3241 Διὰ
1435 3187 1609 3242 ταῦτα
1642 3189 1891 3259 ζητῶμεν
1921 3190 2015 3242 καὶ

446 3279 784 3334 ἀπελθοῦσαν
822 3278 919 3348 τὴν
952 3280 1202 3348 νηστείαν
1224 3296 1238 3310 ·
1273 3279 1454 3350 ἐκείνη
1491 3281 1600 3350 γάρ
1632 3279 1804 3334 ταῦτα
1837 3281 2014 3334 πάντα

447 3370 788 3424 κατέστελλε.
822 3369 942 3422 Κάν
979 3370 1068 3422 τὸν
1105 3370 1265 3422 πόνον
1305 3371 1476 3440 αὐτῆς
1514 3369 1846 3440 ἀπεθέμεθα,
1878 3371 2012 3424 ἀλλά

444 3461 538 3513 τὸν
568 3459 732 3513 πόθον
757 3461 927 3530 αὐτῆς
972 3461 1048 3529 μὴ
1079 3459 1487 3530 καταλύσωμεν,
1515 3460 1646 3530 μηδέ
1674 3460 1770 3531 τὴν
1793 3463 2012 3532 μνήμην

449 3550 747 3620 σϐέσωμεν·
785 3550 899 3603 ἀλλ’
938 3552 1065 3603 ὅταν
1102 3552 1400 3622 ἀριστήσας
1431 3551 1525 3603 καὶ
1571 3549 1902 3621 καθευδήσας
1935 3555 2012 3615 είς

445 3643 547 3714 τὴν
571 3643 778 3715 ἀγορὰν
806 3645 1045 3716 ἐμϐάλῃς
1067 3644 1114 3710 δ,
1148 3645 1239 3698 καὶ
1261 3644 1358 3716 τὴν
1377 3645 1588 3716 ἡμέραν
1621 3644 1754 3716 πρὸς
1776 3645 2016 3716 ἑσπέραν

446 3734 548 3805 ῆδη
580 3734 940 3804 ἐπειγομένην
979 3734 1113 3807 ἴδῃς,
1146 3733 1398 3788 εἰσελθὼν
1449 3736 1529 3796 εἰς
1577 3734 1674 3806 τὴν
1720 3733 2010 3805 ἐκκλησίαν

444 3825 649 3896 ταύτην
667 3863 682 3887 ,
711 3825 806 3879 καὶ
839 3824 986 3896 παρά
1011 3826 1073 3878 τὸ
1098 3824 1248 3895 βῆμα
1276 3825 1432 3878 τοῦτο
1470 3824 1658 3890 ἐλθὼν,
1695 3825 2008 3897 ἀναμιμνή-

447 3931 578 3968 σκου
610 3914 704 3968 τοῦ
735 3914 928 3986 καιροῦ
959 3915 1055 3986 τῆς
1085 3915 1355 3986 νηστείας,
1391 3916 1513 3969 καθ’
1539 3917 1597 3969 ὃν
1641 3918 1811 3988 μεστὴ
1845 3917 1940 3988 μὲν
1973 3918 2007 3987 ἡ

443 4007 709 4076 ἐκκλησία
726 4005 818 4060 τοῦ
847 4005 1082 4076 πλήθους
1109 4007 1240 4076 ἡμῖν
1263 4001 1350 4077 ἦν,
1377 4006 1579 4078 σφοδρά
1597 4007 1654 4060 δὲ
1673 4009 1706 4078 ἡ
1725 4009 1824 4078 τῆς
1843 4010 2009 4079 ἀκρο-

443 4100 621 4162 άσεως
645 4097 921 4169 προθυμία
940 4135 955 4161 ,
981 4097 1148 4168 πολλὴ
1179 4097 1236 4149 δέ
1277 4099 1458 4168 ἡδονὴ,
1486 4099 1580 4151 καὶ
1607 4099 2005 4170 διεγηγερμένη

444 4192 660 4245 πάντων
690 4192 724 4260 ἡ
755 4190 962 4243 διάνοια
980 4204 993 4217 ·
1024 4189 1116 4242 καὶ
1152 4190 1326 4242 πάντα
1363 4189 1531 4243 ταῦτα
1558 4191 1843 4258 συλλέγων,
1879 4194 2007 4246 ἀνα-

445 4283 754 4353 μιμνήσκου
786 4279 894 4333 τῶν
915 4278 1175 4334 ποθεινῶν
1212 4279 1430 4350 ἡμερῶν
1457 4281 1698 4336 ἐκείνων.
1727 4283 1845 4336 Κάν
1877 4283 2006 4354 μέλ-

441 4372 538 4442 λῃς
561 4369 954 4440 παρατίθεσθαι
972 4369 1266 4440 τράπεζαν,
1295 4371 1429 4439 μετά
1446 4372 1544 4441 τῆς
1569 4373 1787 4444 μνήμης
1804 4373 2004 4444 ταύτης

443 4461 615 4513 ἅπτου
647 4458 756 4512 τῶν
789 4459 1116 4529 ἐδεσμάτων,
1142 4459 1234 4513 καὶ
1255 4460 1506 4514 οὐδέποτε
1532 4464 1610 4526 είς
1646 4463 1817 4534 μέθην
1835 4463 2004 4530 ἐξολι-

443 4551 638 4622 σθῆσαι
675 4550 898 4622 δυνήσῃ·
929 4549 1045 4604 ἀλλ’
1083 4550 1272 4621 ὥσπερ
1312 4552 1361 4605 οἱ
1402 4556 1634 4621 γυναῖκα
1683 4559 1883 4628 σεμνὴν
1910 4560 2003 4612 καὶ

442 4645 692 4716 σώφρονα
737 4643 832 4698 καὶ
858 4643 1144 4714 ἐλευθέραν
1183 4643 1414 4715 ἔχοντες,
1463 4647 1557 4700 καὶ
1600 4647 1802 4719 σφόδρα
1835 4650 2003 4720 αὐτῆς

439 4735 866 4807 περικαιόμενοι,
896 4735 1015 4788 οὐδὲ
1039 4735 1286 4806 ἀπούσης
1311 4735 1500 4805 αὐτῆς,
1532 4737 1738 4809 πόρνης
1770 4740 1864 4793 καὶ
1891 4741 2000 4794 6:3-

439 4828 755 4900 φθαρμένης
777 4827 1054 4898 ἐρασθεῖεν
1078 4826 1164 4893 ἂν,
1198 4827 1291 4880 τοῦ
1316 4827 1480 4882 πόθου
1511 4829 1607 4883 τοῦ
1638 4831 1765 4902 περὶ
1788 4833 2002 4903 ἐκείνην

438 4917 859 4988 προκατέχοντος
882 4917 979 4988 τὴν
1009 4917 1266 4982 διάνοιαν,
1315 4919 1412 4973 καὶ
1454 4919 1640 4992 ἕτερον
1669 4923 2000 4978 ἐπεισελθεῖν

439 5007 616 5078 ἔρωτα
643 5008 742 5062 οὐκ
780 5008 1004 5072 ἐῶντος·
1041 5009 1185 5064 οὓτω
1226 5009 1290 5080 δή
1332 5012 1427 5064 καὶ
1468 5012 1560 5065 ἐπὶ
1611 5013 1707 5084 τῆς
1751 5016 1998 5085 νηστείας

437 5099 534 5154 καὶ
556 5099 655 5169 τῆς
684 5098 855 5169 μέθης
879 5100 1101 5167 γίνεται.
1125 5102 1222 5155 Ἂν
1237 5101 1416 5155 τοίνυν
1434 5102 1650 5175 ἐκείνης
1664 5105 1762 5175 τῆς
1788 5105 1998 5160 ἐλευθέο

438 5207 540 5262 ρας
566 5191 659 5244 καὶ
682 5188 952 5261 σώφρονος
980 5191 1422 5263 μνημονεύωμεν,
1446 5193 1544 5265 τὴν
1565 5195 1843 5266 πάνδημον
1865 5198 1997 5269 πόρ-

433 5300 534 5354 νην
558 5284 779 5353 ταύτην,
837 5283 930 5336 καὶ
980 5283 1160 5353 πάσης
1190 5283 1570 5358 ἀσχημοσύνης
1621 5289 1854 5360 μητέρα,
1898 5291 1996 5362 τὴν

439 5373 609 5445 μέθην
636 5374 800 5443 λέγω,
839 5372 976 5444 μετά
1006 5373 1205 5445 πολλῆς
1233 5374 1679 5449 διακρουσὼμεθα
1709 5379 1808 5450 τῆς
1839 5382 1993 5436 εὐκο-

434 5465 573 5531 λίας,
605 5465 698 5518 τοῦ
725 5464 886 5518 πόθου
920 5466 1016 5536 τῆς
1047 5466 1319 5537 νηστείας,
1351 5468 1530 5540 πάσης
1562 5471 1742 5544 χειρὸς
1772 5474 1995 5544 σφοδρό⁸

434 5575 608 5628 τερον,
657 5557 996 5622 ἀπωθοῦντος
1039 5559 1148 5632 ξτὴν
1195 5559 1393 5635 ταύτης
1446 5562 1844 5634 ἀναισχυντίαν.
1896 5565 2021 5622 Διά

497 5730 524 5761 ⁸
548 5730 668 5794 Reg.
696 5735 781 5794 χρὴ
807 5733 971 5795 λέγειν.

2129 450 2299 504 ταῦτα
2329 452 2392 522 δὴ
2422 453 2618 516 πάντα,
2651 453 2970 526 παρακαλῶ,
3002 451 3142 506 κατά
3163 452 3287 506 νοῦν
3318 451 3404 506 ἀεὶ
3433 452 3531 516 τάς
3552 454 3693 523 ἡμέ-

2131 551 2230 608 ρας
2260 541 2470 604 ἐκείνας
2496 541 2720 612 ἔχωμεν·
2760 542 2844 595 ἵνα
2866 542 2922 593 δέ
2944 558 2996 594 τι
3016 541 3169 609 κάγὼ
3190 540 3324 612 πρὸς
3345 540 3444 610 τὴν
3472 542 3696 610 μνήμην

2129 627 2341 698 ἐκείνην
2374 628 2752 698 συμϐάλωμαι,
2797 629 2894 698 τὴν
2927 628 3094 698 αὐτὴν
3141 627 3418 689 ὑπόθεσιν,
3457 627 3524 697 ἢν
3564 627 3694 680 τότε

2130 716 2294 766 κινεῖν
2311 715 2812 786 παρεσκευαζόμην,
2834 715 3034 785 ταύτην
3051 714 3143 766 καὶ
3161 713 3254 766 νῦν
3273 716 3350 776 είς
3375 714 3534 782 μέσον
3549 713 3692 780 ἀγα-

2128 803 2246 869 γεῖν
2271 803 2620 873 πειράσομαι,
2651 802 2790 855 ὥστε
2819 802 2915 856 καὶ
2943 805 3010 872 τῇ
3041 801 3179 854 κατὰ
3215 801 3312 872 τὴν
3341 801 3693 854 διδασκαλίαν

2127 888 2404 959 ὁμοιότητι
2449 890 2700 957 γενέσθαι
2743 889 2864 943 τινά
2907 889 3003 942 τοῦ
3040 889 3230 959 καιροῦ
3287 889 3504 959 μνήμην
3557 889 3692 958 ἡμῖν

2129 975 2356 1028 ἐκείνου.
2387 973 2402 1044 Ι
2412 975 2536 1047 701]
2553 976 2737 1046 Ὑμεῖς
2761 977 2859 1047 μὲν
2874 976 2982 1046 γὰρ
3002 977 3131 1039 ῖσως
3151 974 3488 1044 ἐπιλέλησθε,
3513 973 3602 1026 διὰ
3628 973 3690 1026 τὸ

2132 1063 2332 1133 μεταξύ
2365 1063 2563 1127 πολλὰς
2601 1065 2925 1136 γεγενῆσθαι
2961 1065 3222 1131 διαλέξεις
3247 1065 3397 1134 ἡμῖν,
3433 1064 3526 1117 καὶ
3549 1064 3692 1134 ὑπὲρ

2127 1148 2326 1220 ἐτέρων
2345 1155 2701 1220 πραγμάτων.
2718 1152 2827 1203 Καὶ
2847 1151 2954 1222 γὰρ
2980 1149 3221 1214 ἐλθόντος
3243 1149 3337 1203 τοῦ
3360 1149 3566 1220 πατρὸς
3581 1149 3702 1203 ἀπὸ

2126 1234 2227 1304 τῆς
2265 1238 2480 1307 μακρᾶς
2511 1237 2848 1308 ἀποδημίας,
2899 1240 3190 1308 ἀναγκαῖον
3231 1233 3298 1309 ἦν
3335 1237 3404 1290 τά
3447 1237 3592 1290 κατά
3630 1237 3693 1290 τὸ

2129 1323 2484 1392 στρατόπεδον
2502 1326 2779 1396 συμϐάντα
2795 1327 3008 1380 ἅπαντα
3022 1329 3214 1391 εἰπεῖν,
3245 1325 3338 1378 καὶ
3362 1324 3498 1395 μετά
3518 1323 3692 1377 ταῦτα

2128 1408 2262 1478 πρὸς
2288 1407 2552 1480 Ἕλληνας
2581 1412 2979 1476 ἀποτείνεσθαι,
3012 1412 3153 1467 ὥστε
3183 1413 3402 1474 τούτους
3446 1411 3554 1464 ἀπὸ
3590 1411 3690 1480 τῆς

2129 1497 2408 1566 συμφορᾶς
2430 1497 2668 1566 βελτίους
2690 1501 3033 1570 γενομένους,
3057 1501 3151 1554 καὶ
3180 1500 3314 1571 πρὸς
3343 1500 3488 1570 ἡμᾶς
3512 1501 3575 1551 ὲκ
3589 1498 3689 1566 τῆς

2138 1579 2452 1653 Ἑλληνικῆς
2482 1584 2954 1656 αὐτομολήσαντας
2981 1585 3208 1657 πλάνης,
3255 1584 3370 1656 μετ’
3403 1583 3688 1656 ἀκριδείας

2130 1666 2374 1737 ῥιζῶσαι,
2405 1669 2497 1722 καὶ
2540 1670 2766 1739 διδάξαι,
2814 1671 2925 1726 οἴου
2981 1671 3080 1742 μὲν
3125 1671 3514 1741 ἀπηλλάγησαν
3555 1669 3686 1722 σκό-

2125 1769 2272 1817 τους,
2303 1755 2398 1824 οἵῳ
2415 1755 2471 1808 δέ
2499 1757 2869 1829 προσέδραμον
2896 1755 3152 1828 ἀληθείας
3179 1756 3334 1826 φωτί.
3357 1755 3492 1810 Μετ’
3510 1755 3688 1807 ἐκεῖνο

2127 1838 2306 1905 πάλιν,
2329 1841 2525 1905 πολλὰς
2559 1843 2767 1914 ἡμέρας
2796 1847 2894 1914 τῆς
2925 1843 3031 1897 τῶν
3071 1842 3358 1916 μαρτύρων
3387 1840 3690 1894 ἀπελαύσα-

2129 1943 2227 1996 μεν
2250 1928 2624 2000 πανηγύρεως,
2662 1930 2756 1984 καὶ
2778 1930 2997 2002 ἀκαιρον
3015 1925 3081 2002 ἦν
3101 1933 3157 1984 ἐν
3177 1930 3367 2000 τάφοις
3397 1928 3688 2000 μαρτύρων

2125 2012 2489 2084 διατρίϐοντας
2513 2055 2527 2082 ,
2577 2016 2682 2070 τῶν
2712 2021 2822 2080 τοῖς
2873 2018 3104 2090 μάρτυσι
3153 2017 3464 2089 πρεπόντων
3509 2016 3687 2083 ἐγκω-

2130 2101 2266 2170 μίων
2318 2103 2575 2176 ἀμοίρους
2617 2105 2884 2160 ἀπελθεῖν.
2947 2107 3129 2160 Ταῦτα
3168 2106 3235 2160 τά
3279 2103 3526 2174 ἐγκώμια
3576 2103 3687 2155 διε-

2125 2187 2312 2252 δέξατο
2343 2191 2557 2262 πάλινὴ
2591 2193 2716 2263 περὶ
2748 2192 2853 2246 τῶν
2891 2195 3066 2265 ὅρκων
3111 2192 3463 2264 παραίνεσις·
3497 2190 3684 2260 ἐπειδὴ

2124 2275 2232 2346 γάρ
2262 2276 2358 2347 τήν
2383 2278 2663 2349 ἀγροικίαν
2695 2281 2911 2334 ἀπασαν
2934 2280 3032 2350 τῆς
3067 2279 3272 2343 πόλεως
3307 2281 3519 2349 εἴδομεν
3559 2279 3684 2330 ἐπι-

2125 2360 2313 2427 ϐᾶσαν,
2335 2363 2700 2436 ἐϐουλήθημεν
2729 2366 2909 2431 αὐτοῖς
2948 2367 3129 2429 δόντες
3155 2365 3340 2434 ἐφόδια
3362 2365 3554 2428 ταῦτα,
3586 2363 3682 2416 οῦ-

2124 2464 2230 2513 τως
2256 2450 2450 2516 αὐτοὺς
2484 2453 2761 2522 ἐκπέμψαι
2790 2454 2917 2524 παρ’
2940 2453 3094 2524 ἡμῶν
3121 2453 3388 2517 ἅπαντας.

2198 2549 2262 2620 β’.
2303 2552 2459 2623 Ὑμῖν
2486 2555 2582 2624 μὲν
2607 2549 2697 2608 οῦν
2715 2554 2802 2607 διὰ
2829 2554 3001 2608 ταῦτα
3022 2555 3120 2606 οὐκ
3146 2553 3210 2608 ἂν
3234 2554 3318 2623 εῖη
3342 2553 3564 2606 δυνατὸν
3587 2555 3684 2623 ρᾳ-

2123 2637 2249 2702 δίως
2282 2641 2588 2709 ἀνενεγκεῖν
2616 2643 2713 2712 τὴν
2741 2643 2860 2695 τότε
2890 2645 3020 2712 ήμῖν
3054 2641 3351 2711 γενομένην
3392 2640 3526 2710 πρὸς
3555 2640 3684 2692 "E1.-

2125 2729 2286 2800 ληνας
2319 2729 2560 2802 ζήτησιν·
2592 2733 2703 2802 ἐγὼ
2727 2735 2783 2787 δέ
2805 2736 2834 2787 ὁ
2856 2733 2943 2787 διά
2966 2733 3162 2796 παντὸς
3192 2735 3249 2785 ἐν
3273 2732 3477 2795 τούτοις
3525 2733 3685 2800 ἐσχο-

2122 2817 2319 2883 λακὼς,
2349 2820 2444 2873 καὶ⁹
2465 2820 2667 2891 ταύτην
2701 2821 2838 2891 έχων
2889 2821 3135 2892 μελέτην,
3179 2821 3348 2891 ῥᾷστα
3368 2817 3500 2887 πρὸς
3532 2818 3684 2888 ὑμᾶς

2121 2905 2274 2974 ὀλίγα
2293 2909 2400 2962 τῶν
2419 2910 2537 2963 τότε
2567 2911 2869 2981 εἰρημένων
2901 2909 3092 2974 εἰπὼν,
3120 2908 3408 2978 ὁλοκλήρου
3439 2909 3537 2976 τῆς
3567 2907 3678 2959 τῶν

2122 2993 2294 3063 λόγων
2323 2995 2632 3060 ὑποθέσεως
2669 2996 2974 3067 ἀναμνῆσαι
3007 2997 3323 3067 δυνήσομαι.
3356 2994 3450 3058 Τίς
3483 2991 3579 3046 οὖν
3609 2989 3684 3063 ῆν

2122 3083 2308 3154 ἡμῖνὴ
2340 3083 2624 3150 ὑπόθεσις;
2669 3083 2994 3155 Ἐζητοῦμεν
3040 3083 3157 3146 πῶς
3195 3083 3256 3147 ἐξ
3291 3082 3462 3154 ἀρχῆς
3495 3083 3523 3135 ό
3550 3081 3688 3146 Θεὸς

2122 3171 2276 3241 ἡμῶν
2308 3172 2550 3243 προενόει
2592 3171 2685 3226 τοῦ
2717 3171 2924 3241 γένους,
2959 3171 3055 3226 καὶ
3087 3170 3203 3234 πῶς
3236 3171 3306 3225 τὰ
3337 3169 3680 3242 συμφέροντα

2121 3257 2435 3312 ἐπαίδευσεν
2465 3271 2513 3324 ο,
2549 3257 2671 3312 οὐτε
2712 3259 3051 3331 γραμμάτων
3075 3258 3262 3320 όντων,
3292 3256 3417 3310 οὐτε
3449 3258 3679 3328 Γραφῶν

2118 3345 2388 3399 δοθεισῶν·
2417 3347 2508 3400 καὶ
2536 3346 2847 3417 ἐδείκνυμεν
2875 3347 2955 3400 ὅτι
2979 3345 3065 3399 διά
3095 3349 3191 3416 τῆς
3218 3347 3359 3399 κατά
3379 3343 3478 3417 τὴν
3503 3348 3680 3400 κτίσιν

2121 3432 2349 3504 θεωρίας
2383 3433 2519 3505 πρὸς
2549 3433 2648 3504 τὴν
2673 3433 2835 3488 αὐτοῦ
2858 3435 3182 3502 θεογνωσίαν
3204 3434 3638 3505 ἐχειραγώγησεν
3660 3451 3674 3462 ·

2118 3519 2207 3572 ὅτε
2230 3521 2323 3572 καὶ
2363 3520 2655 3591 λαϐόμενος
2683 3521 2835 3590 ὑμῶν
2874 3522 2992 3591 οὐχὶ
3033 3524 3132 3593 τῆς
3176 3521 3385 3593 χειρὸς,
3418 3520 3555 3574 ἀλλά
3582 3521 3677 3589 τῆς

2117 3607 2370 3672 διανοίας,
2407 3606 2680 3678 πανταχοῦ
2709 3609 2806 3678 τῆς
2837 3609 3060 3672 κτίσεως
3080 3611 3438 3680 περιήγαγον,
3466 3609 3678 3671 δεικνὺς

2116 3694 2360 3765 οὐρανὸν,
2399 3695 2493 3750 καὶ¹
2538 3695 2662 3764 γῆν,
2706 3697 2800 3749 καὶ
2827 3694 3092 3751 θάλατταν
3115 3738 3130 3761 ,
3170 3697 3263 3750 καὶ
3311 3696 3532 3766 λίμνας,
3561 3697 3673 3750 καὶ

2118 3782 2316 3854 πηγὰς,
2350 3783 2444 3837 καὶ
2475 3785 2768 3854 ποταμοὺς,
2801 3783 2895 3838 καὶ
2933 3783 3141 3854 πελάγη
3177 3783 3381 3855 μακρά,
3429 3785 3520 3838 καὶ
3564 3784 3673 3839 λει-

2118 3870 2322 3939 μῶνας,
2349 3871 2443 3924 καὶ
2470 3871 2846 3940 παραδείσους,
2883 3872 2977 3925 καὶ
3005 3871 3257 3942 κομῶντα
3291 3871 3360 3924 τὰ
3385 3871 3540 3942 λήῖα,
3580 3874 3672 3926 καὶ

2117 3956 2408 4030 βριθόμενα
2428 3962 2538 4022 τοῖς
2569 3961 2798 4031 καρποῖς
2825 3959 2892 4013 τὰ
2913 3958 3120 4031 δένδρα,
3148 3959 3240 4014 καὶ
3265 3959 3670 4031 καλυπτομένας

2113 4045 2335 4117 δρυμοῖς
2367 4047 2607 4118 κορυφὰς
2633 4048 2796 4119 ὀρῶν·
2823 4049 2910 4102 ὅτε
2931 4049 3024 4103 καὶ
3051 4047 3180 4120 7:591
3203 4049 3543 4119 σπερμάτων,
3574 4049 3668 4103 καὶ

2115 4132 2242 4203 περὶ
2264 4133 2519 4202 βοτανῶν,
2535 4135 2768 4205 καὶπερὶ
2789 4134 3014 4201 ἀνθέων,
3031 4137 3122 4188 καὶ
3139 4138 3265 4208 περὶ
3277 4135 3458 4204 φυτῶν
3479 4137 3664 4206 ἐγκάρ·

2112 4235 2228 4273 πων
2251 4237 2308 4273 τε
2339 4224 2429 4274 καὶ
2452 4223 2736 4293 ἀκάρπων,
2763 4223 2997 4294 καὶπερὶ
3013 4223 3241 4292 ἀλόγων,
3261 4222 3480 4294 ἡμέρων
3495 4241 3550 4276 τε
3571 4224 3662 4276 καὶ

2111 4317 2336 4387 ἀγρίων,
2359 4316 2590 4389 ἐνύδρων
2615 4335 2672 4370 τε
2692 4318 2783 4370 καλ⁵
2806 4318 3092 4389 χερσαίων,
3110 4319 3202 4372 καὶ
3226 4316 3520 4387 ἀμφιϐίων,
3539 4320 3667 4388 περὶ

2110 4403 2217 4456 τῶν
2244 4404 2334 4457 τὸν
2361 4405 2495 4476 ἀέρα
2513 4407 2836 4475 τεμνόντων,
2861 4407 2986 4476 περὶ
3011 4406 3118 4458 τῶν
3142 4404 3307 4476 χαμαὶ
3329 4404 3665 4474 συρομένων,

2112 4489 2204 4543 καὶ
2262 4491 2388 4559 περὶ
2436 4490 2612 4544 αὐτῶν
2653 4491 2761 4544 τῶν
2803 4491 2898 4545 τοῦ
2937 4492 3130 4554 παντὸς
3171 4489 3441 4560 στοιχείων
3492 4489 3666 4544 πολλά

2108 4578 2401 4649 διελέχθην,
2419 4579 2510 4632 καὶ
2533 4579 2650 4633 καθ’
2674 4579 2901 4634 ἕκαστον
2929 4579 3234 4650 ἐπεϐοῶμεν
3263 4580 3413 4648 κοινῇ
3438 4577 3662 4644 πάντες,

2111 4666 2400 4736 ἀτονούσης
2452 4667 2582 4737 ἡμῖν
2619 4667 2754 4738 πρὸς
2789 4667 2880 4721 τὸν
2919 4668 3140 4738 ἄπειρον
3168 4664 3390 4718 πλοῦτον
3407 4665 3518 4734 τῆς
3543 4665 3660 4721 δια-

2109 4753 2286 4818 νοίας,
2343 4755 2434 4807 καὶ
2470 4754 2530 4807 τὸ
2577 4756 2685 4808 πᾶν
2725 4753 3045 4808 καταλαϐεῖν
3082 4753 3156 4826 μὴ
3199 4751 3520 4823 δυναμένης·
3568 4753 3660 4819 Ὦς

2105 4841 2473 4912 ἐμεγαλύνθη
2503 4842 2574 4896 τὰ
2592 4843 2735 4912 ἔργα
2763 4858 2899 4908 σου,
2930 4843 3123 4908 Κύριε·
3163 4840 3361 4895 πάντα
3384 4841 3455 4894 ἑν
3478 4842 3657 4909 σοφίᾳ

2106 4930 2416 4998 ἐποίησας.
2439 4931 2514 4984 Οὐ
2541 4930 2628 4984 διὰ
2664 4930 2726 4983 τὸ
2754 4930 2956 4993 πλῆθος
2994 4929 3049 4982 δὲ
3089 4928 3250 4999 μόνον
3285 4928 3654 5000 ἐθαυμάζομεν

2103 5015 2198 5070 τοῦ
2233 5017 2366 5071 Θεοῦ
2393 5018 2492 5090 τήν
2527 5019 2738 5088 σοφίαν,
2772 5017 2906 5070 ἀλλὰ
2941 5017 3035 5069 καὶ
3067 5015 3134 5068 δι’
3152 5016 3441 5090 ἀμφότερα
3471 5015 3650 5081 ταῦτα,

2105 5099 2186 5153 ὅτι
2215 5100 2307 5154 καὶ
2330 5100 2498 5170 καλὴν
2527 5102 2620 5154 καὶ
2652 5099 2891 5170 μεγάλην
2911 5098 3001 5151 καὶ
3020 5098 3335 5170 θαυμαστὴν
3361 5101 3460 5171 τὴν
3488 5098 3655 5152 κτίσιν

2103 5184 2344 5253 ἐποίησε,
2380 5184 2474 5237 καὶ
2523 5184 2609 5236 ὅτι
2653 5181 2818 5235 πολλά
2845 5180 3006 5236 πάλιν
3032 5180 3134 5250 τῆς
3170 5181 3457 5246 ἀσθενείας
3495 5182 3660 5253 αὐτῆς

2103 5264 2366 5334 δείγματα
2392 5264 2681 5318 ἐναπέθετο
2703 5267 2813 5328 τοῖς
2833 5261 3146 5335 ὁρωμένοις·
3171 5263 3232 5316 τὸ
3269 5265 3389 5335 μὲν,
3420 5264 3507 5316 ἵνα
3532 5264 3663 5316 θαυ-

2103 5349 2338 5420 μάζηται
2395 5349 2485 5402 ἐπὶ
2525 5349 2714 5420 σοφίᾳ,
2762 5347 3017 5418 καὶπρὸς
3053 5347 3153 5418 τὴν
3186 5347 3378 5400 ἐαυτοῦ
3405 5345 3658 5415 λατρείαν

2099 5433 2224 5495 τοὺς
2270 5431 2508 5502 ὁρῶντας
2538 5431 2847 5502 ἐφέλκηται·
2891 5429 2952 5484 τὸ
2997 5429 3075 5498 δὲ,
3119 5430 3206 5484 ἵνα
3252 5431 3325 5501 μή
3364 5428 3452 5482 τὸν
3493 5428 3655 5498 ποιή-

2102 5531 2265 5569 σαντα
2293 5514 2520 5584 ἀφέντες
2543 5517 2589 5568 οί
2618 5513 2944 5586 θεωροῦντες
2979 5513 3158 5570 αὐτῶν
3189 5512 3248 5566 τὸ
3269 5511 3455 5574 κάλλος
3478 5510 3572 5563 καὶ
3592 5511 3658 5564 τὸ

2162 5656 2188 5721 Β
2208 5682 2340 5732 Colb.
2366 5695 2492 5745 unus
2511 5682 2757 5745 ἐμϐάλλῃᾳ

2160 5747 2180 5774 θ
2207 5745 2326 5805 Reg.
2352 5743 2606 5793 ἐπαίδευεν.
