  <div class='ocr_page' id='page_1' title='image "/cluster/home/n/w/nwhite01/storage/ocr_20150623/54/mdp.39015078384420/262.png"; bbox 0 0 4094 6256; ppageno 0'>
   <div class='ocr_carea' id='block_1_1' title="bbox 322 339 425 395">
    <p class='ocr_par' dir='ltr' id='par_1_1' title="bbox 322 339 425 395">
     <span class='ocr_line' id='line_1_1' title="bbox 322 339 425 395; baseline 0 -2"><span class='ocrx_word' id='word_1_1' title='bbox 322 339 425 395; x_wconf 68' lang='lat'><strong>633</strong></span> 
     </span>
    </p>
   </div>
   <div class='ocr_carea' id='block_1_2' title="bbox 319 440 1888 515">
    <p class='ocr_par' dir='ltr' id='par_1_2' title="bbox 319 440 1888 515">
     <span class='ocr_line' id='line_1_2' title="bbox 319 440 1888 515; baseline -0.008 -9"><span class='ocrx_word' id='word_1_2' title='bbox 319 451 541 506; x_wconf 82' lang='lat' dir='ltr'><strong>moriam</strong></span> <span class='ocrx_word' id='word_1_3' title='bbox 586 463 928 515; x_wconf 74' lang='lat' dir='ltr'><strong>revocamus,</strong></span> <span class='ocrx_word' id='word_1_4' title='bbox 954 446 1177 503; x_wconf 82' lang='lat' dir='ltr'><strong>multum</strong></span> <span class='ocrx_word' id='word_1_5' title='bbox 1202 442 1325 500; x_wconf 89' lang='lat' dir='ltr'><strong>inde</strong></span> <span class='ocrx_word' id='word_1_6' title='bbox 1352 443 1556 498; x_wconf 86' lang='lat' dir='ltr'><strong>lucrum</strong></span> <span class='ocrx_word' id='word_1_7' title='bbox 1586 440 1689 496; x_wconf 87' lang='lat' dir='ltr'><strong>hoc</strong></span> <span class='ocrx_word' id='word_1_8' title='bbox 1729 440 1888 495; x_wconf 90' lang='lat' dir='ltr'><strong>etiam</strong></span> 
     </span>
    </p>
   </div>
   <div class='ocr_carea' id='block_1_3' title="bbox 320 533 1889 610">
    <p class='ocr_par' dir='ltr' id='par_1_3' title="bbox 320 533 1889 610">
     <span class='ocr_line' id='line_1_3' title="bbox 320 533 1889 610; baseline -0.005 -16"><span class='ocrx_word' id='word_1_9' title='bbox 320 551 559 610; x_wconf 89' lang='lat' dir='ltr'><strong>tempore</strong></span> <span class='ocrx_word' id='word_1_10' title='bbox 588 541 918 610; x_wconf 83' lang='lat' dir='ltr'><strong>colligemus.</strong></span> <span class='ocrx_word' id='word_1_11' title='bbox 948 538 1071 593; x_wconf 71' lang='lat' dir='ltr'><strong>litec</strong></span> <span class='ocrx_word' id='word_1_12' title='bbox 1095 546 1271 592; x_wconf 89' lang='lat' dir='ltr'><strong>autem</strong></span> <span class='ocrx_word' id='word_1_13' title='bbox 1299 550 1331 589; x_wconf 90' lang='lat' dir='ltr'><strong>a</strong></span> <span class='ocrx_word' id='word_1_14' title='bbox 1356 550 1443 589; x_wconf 91' lang='lat' dir='ltr'><strong>me</strong></span> <span class='ocrx_word' id='word_1_15' title='bbox 1480 548 1587 587; x_wconf 91' lang='lat' dir='ltr'><strong>non</strong></span> <span class='ocrx_word' id='word_1_16' title='bbox 1612 548 1678 589; x_wconf 90' lang='lat' dir='ltr'><strong>eo</strong></span> <span class='ocrx_word' id='word_1_17' title='bbox 1706 533 1889 587; x_wconf 86' lang='lat' dir='ltr'><strong>dicun-</strong></span> 
     </span>
    </p>
   </div>
   <div class='ocr_carea' id='block_1_4' title="bbox 318 622 1891 700">
    <p class='ocr_par' dir='ltr' id='par_1_4' title="bbox 318 622 1891 700">
     <span class='ocr_line' id='line_1_4' title="bbox 318 622 1891 700; baseline -0.006 -14"><span class='ocrx_word' id='word_1_18' title='bbox 318 644 425 697; x_wconf 90' lang='lat' dir='ltr'><strong>tur,</strong></span> <span class='ocrx_word' id='word_1_19' title='bbox 450 631 592 700; x_wconf 89' lang='lat' dir='ltr'><strong>quod</strong></span> <span class='ocrx_word' id='word_1_20' title='bbox 631 645 822 699; x_wconf 79' lang='lat' dir='ltr'><strong>cogere</strong></span> <span class='ocrx_word' id='word_1_21' title='bbox 850 644 944 684; x_wconf 86' lang='lat' dir='ltr'><strong>vos</strong></span> <span class='ocrx_word' id='word_1_22' title='bbox 982 628 1047 681; x_wconf 92' lang='lat' dir='ltr'><strong>ad</strong></span> <span class='ocrx_word' id='word_1_23' title='bbox 1084 625 1429 696; x_wconf 89' lang='lat' dir='ltr'><strong>jejunandum</strong></span> <span class='ocrx_word' id='word_1_24' title='bbox 1472 624 1669 690; x_wconf 88' lang='lat' dir='ltr'><strong>velim,</strong></span> <span class='ocrx_word' id='word_1_25' title='bbox 1699 622 1792 678; x_wconf 89' lang='lat' dir='ltr'><strong>sed</strong></span> <span class='ocrx_word' id='word_1_26' title='bbox 1833 630 1891 677; x_wconf 89' lang='lat' dir='ltr'><strong>ut</strong></span> 
     </span>
    </p>
   </div>
   <div class='ocr_carea' id='block_1_5' title="bbox 318 713 1889 791">
    <p class='ocr_par' dir='ltr' id='par_1_5' title="bbox 318 713 1889 791">
     <span class='ocr_line' id='line_1_5' title="bbox 318 713 1889 791; baseline -0.004 -19"><span class='ocrx_word' id='word_1_27' title='bbox 318 721 475 776; x_wconf 81' lang='lat' dir='ltr'><strong>vobis</strong></span> <span class='ocrx_word' id='word_1_28' title='bbox 506 720 872 791; x_wconf 85' lang='lat' dir='ltr'><strong>persuadeam,</strong></span> <span class='ocrx_word' id='word_1_29' title='bbox 903 728 959 772; x_wconf 91' lang='lat' dir='ltr'><strong>ut</strong></span> <span class='ocrx_word' id='word_1_30' title='bbox 1003 734 1072 772; x_wconf 90' lang='lat' dir='ltr'><strong>ne</strong></span> <span class='ocrx_word' id='word_1_31' title='bbox 1098 717 1253 787; x_wconf 89' lang='lat' dir='ltr'><strong>genio</strong></span> <span class='ocrx_word' id='word_1_32' title='bbox 1284 714 1600 783; x_wconf 76' lang='lat' dir='ltr'><strong>indulgeatis</strong></span> <span class='ocrx_word' id='word_1_33' title='bbox 1619 754 1634 780; x_wconf 93' lang='lat'><strong>,</strong></span> <span class='ocrx_word' id='word_1_34' title='bbox 1660 727 1789 766; x_wconf 87' lang='lat' dir='ltr'><strong>neve</strong></span> <span class='ocrx_word' id='word_1_35' title='bbox 1814 713 1889 766; x_wconf 92' lang='lat' dir='ltr'><strong>sic</strong></span> 
     </span>
    </p>
   </div>
   <div class='ocr_carea' id='block_1_6' title="bbox 316 801 1888 879">
    <p class='ocr_par' dir='ltr' id='par_1_6' title="bbox 316 801 1888 879">
     <span class='ocr_line' id='line_1_6' title="bbox 316 801 1888 879; baseline -0.008 -13"><span class='ocrx_word' id='word_1_36' title='bbox 316 812 664 876; x_wconf 83' lang='lat' dir='ltr'><strong>afﬁciamini,</strong></span> <span class='ocrx_word' id='word_1_37' title='bbox 712 820 768 865; x_wconf 94' lang='lat' dir='ltr'><strong>ut</strong></span> <span class='ocrx_word' id='word_1_38' title='bbox 821 810 1057 879; x_wconf 86' lang='lat' dir='ltr'><strong>plerique</strong></span> <span class='ocrx_word' id='word_1_39' title='bbox 1109 808 1352 861; x_wconf 88' lang='lat' dir='ltr'><strong>homines</strong></span> <span class='ocrx_word' id='word_1_40' title='bbox 1398 805 1601 870; x_wconf 80' lang='lat' dir='ltr'><strong>solent,</strong></span> <span class='ocrx_word' id='word_1_41' title='bbox 1633 801 1888 871; x_wconf 91' lang='lat' dir='ltr'><strong>siquidem</strong></span> 
     </span>
    </p>
   </div>
   <div class='ocr_carea' id='block_1_7' title="bbox 319 894 1887 973">
    <p class='ocr_par' dir='ltr' id='par_1_7' title="bbox 319 894 1887 973">
     <span class='ocr_line' id='line_1_7' title="bbox 319 894 1887 973; baseline -0.007 -16"><span class='ocrx_word' id='word_1_42' title='bbox 319 904 569 959; x_wconf 82' lang='lat' dir='ltr'><strong>homines</strong></span> <span class='ocrx_word' id='word_1_43' title='bbox 596 902 891 973; x_wconf 89' lang='lat' dir='ltr'><strong>appellandi</strong></span> <span class='ocrx_word' id='word_1_44' title='bbox 914 910 1056 967; x_wconf 92' lang='lat' dir='ltr'><strong>sunt,</strong></span> <span class='ocrx_word' id='word_1_45' title='bbox 1084 900 1172 969; x_wconf 90' lang='lat' dir='ltr'><strong>qui</strong></span> <span class='ocrx_word' id='word_1_46' title='bbox 1196 907 1391 952; x_wconf 90' lang='lat' dir='ltr'><strong>tantam</strong></span> <span class='ocrx_word' id='word_1_47' title='bbox 1409 894 1887 966; x_wconf 86' lang='lat' dir='ltr'><strong>pusillanimitatem</strong></span> 
     </span>
    </p>
   </div>
   <div class='ocr_carea' id='block_1_8' title="bbox 322 985 1889 1067">
    <p class='ocr_par' dir='ltr' id='par_1_8' title="bbox 322 985 1889 1067">
     <span class='ocr_line' id='line_1_8' title="bbox 322 985 1889 1067; baseline -0.01 -15"><span class='ocrx_word' id='word_1_48' title='bbox 322 1012 433 1067; x_wconf 67' lang='lat' dir='ltr'><strong>prae</strong></span> <span class='ocrx_word' id='word_1_49' title='bbox 463 1011 520 1051; x_wconf 91' lang='lat' dir='ltr'><strong>se</strong></span> <span class='ocrx_word' id='word_1_50' title='bbox 551 996 748 1062; x_wconf 88' lang='lat' dir='ltr'><strong>ferunt,</strong></span> <span class='ocrx_word' id='word_1_51' title='bbox 780 996 870 1064; x_wconf 91' lang='lat' dir='ltr'><strong>qui</strong></span> <span class='ocrx_word' id='word_1_52' title='bbox 915 1002 1180 1062; x_wconf 85' lang='lat' dir='ltr'><strong>tamquam</strong></span> <span class='ocrx_word' id='word_1_53' title='bbox 1234 1006 1266 1045; x_wconf 89' lang='lat' dir='ltr'><strong>e</strong></span> <span class='ocrx_word' id='word_1_54' title='bbox 1314 987 1541 1043; x_wconf 85' lang='lat' dir='ltr'><strong>vinculis</strong></span> <span class='ocrx_word' id='word_1_55' title='bbox 1590 985 1809 1048; x_wconf 89' lang='lat' dir='ltr'><strong>emissi,</strong></span> <span class='ocrx_word' id='word_1_56' title='bbox 1836 991 1889 1037; x_wconf 90' lang='lat' dir='ltr'><strong>et</strong></span> 
     </span>
    </p>
   </div>
   <div class='ocr_carea' id='block_1_9' title="bbox 319 1080 1887 1156">
    <p class='ocr_par' dir='ltr' id='par_1_9' title="bbox 319 1080 1887 1156">
     <span class='ocr_line' id='line_1_9' title="bbox 319 1080 1887 1156; baseline -0.009 -15"><span class='ocrx_word' id='word_1_57' title='bbox 319 1087 466 1156; x_wconf 82' lang='lat' dir='ltr'><strong>gravi</strong></span> <span class='ocrx_word' id='word_1_58' title='bbox 488 1086 733 1156; x_wconf 89' lang='lat' dir='ltr'><strong>quopiam</strong></span> <span class='ocrx_word' id='word_1_59' title='bbox 759 1099 973 1140; x_wconf 89' lang='lat' dir='ltr'><strong>carcere</strong></span> <span class='ocrx_word' id='word_1_60' title='bbox 995 1082 1197 1136; x_wconf 77' lang='lat' dir='ltr'><strong>liberati</strong></span> <span class='ocrx_word' id='word_1_61' title='bbox 1226 1081 1303 1135; x_wconf 91' lang='lat' dir='ltr'><strong>sic</strong></span> <span class='ocrx_word' id='word_1_62' title='bbox 1328 1080 1661 1147; x_wconf 89' lang='lat' dir='ltr'><strong>alloquuntur</strong></span> <span class='ocrx_word' id='word_1_63' title='bbox 1684 1089 1743 1130; x_wconf 90' lang='lat' dir='ltr'><strong>se</strong></span> <span class='ocrx_word' id='word_1_64' title='bbox 1767 1089 1887 1128; x_wconf 91' lang='lat' dir='ltr'><strong>mu-</strong></span> 
     </span>
    </p>
   </div>
   <div class='ocr_carea' id='block_1_10' title="bbox 325 1163 1889 1239">
    <p class='ocr_par' dir='ltr' id='par_1_10' title="bbox 325 1163 1889 1239">
     <span class='ocr_line' id='line_1_10' title="bbox 325 1163 1889 1239; baseline -0.01 -7"><span class='ocrx_word' id='word_1_65' title='bbox 325 1187 414 1233; x_wconf 92' lang='lat' dir='ltr'><strong>tuo</strong></span> <span class='ocrx_word' id='word_1_66' title='bbox 440 1195 451 1230; x_wconf 91' lang='lat'>:</span> <span class='ocrx_word' id='word_1_67' title='bbox 486 1177 720 1232; x_wconf 84' lang='lat' dir='ltr'><strong>Tandem</strong></span> <span class='ocrx_word' id='word_1_68' title='bbox 750 1176 1031 1229; x_wconf 89' lang='lat' dir='ltr'><strong>molestum</strong></span> <span class='ocrx_word' id='word_1_69' title='bbox 1063 1171 1190 1226; x_wconf 92' lang='lat' dir='ltr'><strong>illud</strong></span> <span class='ocrx_word' id='word_1_70' title='bbox 1223 1169 1410 1239; x_wconf 89' lang='lat' dir='ltr'><strong>jejunii</strong></span> <span class='ocrx_word' id='word_1_71' title='bbox 1440 1167 1653 1237; x_wconf 81' lang='lat' dir='ltr'><strong>pelagus</strong></span> <span class='ocrx_word' id='word_1_72' title='bbox 1687 1163 1889 1219; x_wconf 88' lang='lat' dir='ltr'><strong>emensi</strong></span> 
     </span>
    </p>
   </div>
   <div class='ocr_carea' id='block_1_11' title="bbox 321 1257 1889 1336">
    <p class='ocr_par' dir='ltr' id='par_1_11' title="bbox 321 1257 1889 1336">
     <span class='ocr_line' id='line_1_11' title="bbox 321 1257 1889 1336; baseline -0.012 -9"><span class='ocrx_word' id='word_1_73' title='bbox 321 1283 506 1327; x_wconf 80' lang='lat' dir='ltr'><strong>sumus</strong></span> <span class='ocrx_word' id='word_1_74' title='bbox 534 1286 548 1321; x_wconf 90' lang='lat'><strong>:</strong></span> <span class='ocrx_word' id='word_1_75' title='bbox 576 1268 665 1322; x_wconf 88' lang='lat' dir='ltr'><strong>alii</strong></span> <span class='ocrx_word' id='word_1_76' title='bbox 690 1282 817 1322; x_wconf 92' lang='lat' dir='ltr'><strong>vero</strong></span> <span class='ocrx_word' id='word_1_77' title='bbox 838 1267 926 1336; x_wconf 92' lang='lat' dir='ltr'><strong>qui</strong></span> <span class='ocrx_word' id='word_1_78' title='bbox 953 1265 1117 1319; x_wconf 88' lang='lat' dir='ltr'><strong>multo</strong></span> <span class='ocrx_word' id='word_1_79' title='bbox 1150 1262 1323 1334; x_wconf 86' lang='lat' dir='ltr'><strong>pejus,</strong></span> <span class='ocrx_word' id='word_1_80' title='bbox 1350 1270 1403 1316; x_wconf 91' lang='lat' dir='ltr'><strong>et</strong></span> <span class='ocrx_word' id='word_1_81' title='bbox 1428 1257 1742 1313; x_wconf 89' lang='lat' dir='ltr'><strong>imbecillius</strong></span> <span class='ocrx_word' id='word_1_82' title='bbox 1767 1262 1889 1309; x_wconf 91' lang='lat' dir='ltr'><strong>sunt</strong></span> 
     </span>
    </p>
   </div>
   <div class='ocr_carea' id='block_1_12' title="bbox 321 1349 1887 1427">
    <p class='ocr_par' dir='ltr' id='par_1_12' title="bbox 321 1349 1887 1427">
     <span class='ocr_line' id='line_1_12' title="bbox 321 1349 1887 1427; baseline -0.009 -12"><span class='ocrx_word' id='word_1_83' title='bbox 321 1361 530 1427; x_wconf 73' lang='lat' dir='ltr'><strong>allecti,</strong></span> <span class='ocrx_word' id='word_1_84' title='bbox 562 1362 721 1416; x_wconf 87' lang='lat' dir='ltr'><strong>etiam</strong></span> <span class='ocrx_word' id='word_1_85' title='bbox 768 1359 837 1414; x_wconf 91' lang='lat' dir='ltr'><strong>ob</strong></span> <span class='ocrx_word' id='word_1_86' title='bbox 880 1358 1111 1413; x_wconf 89' lang='lat' dir='ltr'><strong>futuram</strong></span> <span class='ocrx_word' id='word_1_87' title='bbox 1137 1353 1601 1423; x_wconf 86' lang='lat' dir='ltr'><strong>Quadragesimam</strong></span> <span class='ocrx_word' id='word_1_88' title='bbox 1634 1349 1887 1418; x_wconf 89' lang='lat' dir='ltr'><strong>pertime-</strong></span> 
     </span>
    </p>
   </div>
   <div class='ocr_carea' id='block_1_13' title="bbox 322 1442 1889 1519">
    <p class='ocr_par' dir='ltr' id='par_1_13' title="bbox 322 1442 1889 1519">
     <span class='ocr_line' id='line_1_13' title="bbox 322 1442 1889 1519; baseline -0.01 -12"><span class='ocrx_word' id='word_1_89' title='bbox 322 1461 498 1507; x_wconf 90' lang='lat' dir='ltr'><strong>scunt.</strong></span> <span class='ocrx_word' id='word_1_90' title='bbox 534 1452 647 1506; x_wconf 84' lang='lat' dir='ltr'><strong>Hoc</strong></span> <span class='ocrx_word' id='word_1_91' title='bbox 673 1466 800 1507; x_wconf 92' lang='lat' dir='ltr'><strong>vero</strong></span> <span class='ocrx_word' id='word_1_92' title='bbox 846 1459 1146 1519; x_wconf 88' lang='lat' dir='ltr'><strong>propterea,</strong></span> <span class='ocrx_word' id='word_1_93' title='bbox 1173 1444 1316 1518; x_wconf 91' lang='lat' dir='ltr'><strong>quod</strong></span> <span class='ocrx_word' id='word_1_94' title='bbox 1364 1452 1473 1499; x_wconf 91' lang='lat' dir='ltr'><strong>toto</strong></span> <span class='ocrx_word' id='word_1_95' title='bbox 1508 1442 1711 1511; x_wconf 84' lang='lat' dir='ltr'><strong>reliquo</strong></span> <span class='ocrx_word' id='word_1_96' title='bbox 1753 1449 1889 1493; x_wconf 82' lang='lat' dir='ltr'><strong>tent-</strong></span> 
     </span>
    </p>
   </div>
   <div class='ocr_carea' id='block_1_14' title="bbox 322 1530 1888 1612">
    <p class='ocr_par' dir='ltr' id='par_1_14' title="bbox 322 1530 1888 1612">
     <span class='ocr_line' id='line_1_14' title="bbox 322 1530 1888 1612; baseline -0.008 -15"><span class='ocrx_word' id='word_1_97' title='bbox 322 1556 454 1612; x_wconf 90' lang='lat' dir='ltr'><strong>pore</strong></span> <span class='ocrx_word' id='word_1_98' title='bbox 498 1542 736 1609; x_wconf 89' lang='lat' dir='ltr'><strong>deliciis,</strong></span> <span class='ocrx_word' id='word_1_99' title='bbox 779 1540 1029 1605; x_wconf 66' lang='lat' dir='ltr'><strong>luxuriat,</strong></span> <span class='ocrx_word' id='word_1_100' title='bbox 1055 1546 1212 1609; x_wconf 88' lang='lat' dir='ltr'><strong>atque</strong></span> <span class='ocrx_word' id='word_1_101' title='bbox 1237 1534 1476 1592; x_wconf 85' lang='lat' dir='ltr'><strong>ebrietati</strong></span> <span class='ocrx_word' id='word_1_102' title='bbox 1517 1549 1575 1588; x_wconf 90' lang='lat' dir='ltr'><strong>se</strong></span> <span class='ocrx_word' id='word_1_103' title='bbox 1610 1541 1748 1586; x_wconf 84' lang='lat' dir='ltr'><strong>totos</strong></span> <span class='ocrx_word' id='word_1_104' title='bbox 1792 1530 1888 1585; x_wconf 88' lang='lat' dir='ltr'><strong>de-</strong></span> 
     </span>
    </p>
   </div>
   <div class='ocr_carea' id='block_1_15' title="bbox 320 1622 1890 1698">
    <p class='ocr_par' dir='ltr' id='par_1_15' title="bbox 320 1622 1890 1698">
     <span class='ocr_line' id='line_1_15' title="bbox 320 1622 1890 1698; baseline -0.008 -11"><span class='ocrx_word' id='word_1_105' title='bbox 320 1632 470 1687; x_wconf 84' lang='lat' dir='ltr'><strong>dant.</strong></span> <span class='ocrx_word' id='word_1_106' title='bbox 500 1633 652 1698; x_wconf 90' lang='lat' dir='ltr'><strong>Quod</strong></span> <span class='ocrx_word' id='word_1_107' title='bbox 681 1632 727 1686; x_wconf 90' lang='lat' dir='ltr'><strong>si</strong></span> <span class='ocrx_word' id='word_1_108' title='bbox 765 1632 883 1685; x_wconf 90' lang='lat' dir='ltr'><strong>aliis</strong></span> <span class='ocrx_word' id='word_1_109' title='bbox 921 1631 1108 1686; x_wconf 90' lang='lat' dir='ltr'><strong>diebus</strong></span> <span class='ocrx_word' id='word_1_110' title='bbox 1155 1635 1314 1683; x_wconf 68' lang='lat' dir='ltr'><strong>casta:</strong></span> <span class='ocrx_word' id='word_1_111' title='bbox 1355 1624 1718 1692; x_wconf 71' lang='lat' dir='ltr'><strong>modestaeque</strong></span> <span class='ocrx_word' id='word_1_112' title='bbox 1766 1622 1890 1675; x_wconf 55' lang='lat' dir='ltr'><strong>vitae</strong></span> 
     </span>
    </p>
   </div>
   <div class='ocr_carea' id='block_1_16' title="bbox 320 1711 1891 1794">
    <p class='ocr_par' dir='ltr' id='par_1_16' title="bbox 320 1711 1891 1794">
     <span class='ocr_line' id='line_1_16' title="bbox 320 1711 1891 1794; baseline -0.01 -15"><span class='ocrx_word' id='word_1_113' title='bbox 320 1724 542 1794; x_wconf 76' lang='lat' dir='ltr'><strong>agendae</strong></span> <span class='ocrx_word' id='word_1_114' title='bbox 571 1738 670 1779; x_wconf 84' lang='lat' dir='ltr'><strong>nos</strong></span> <span class='ocrx_word' id='word_1_115' title='bbox 692 1722 1168 1786; x_wconf 88' lang='lat' dir='ltr'><strong>assuefaceremus,</strong></span> <span class='ocrx_word' id='word_1_116' title='bbox 1190 1728 1245 1773; x_wconf 89' lang='lat' dir='ltr'><strong>et</strong></span> <span class='ocrx_word' id='word_1_117' title='bbox 1270 1716 1592 1788; x_wconf 67' lang='lat' dir='ltr'><strong>praeteritum</strong></span> <span class='ocrx_word' id='word_1_118' title='bbox 1620 1711 1891 1767; x_wconf 88' lang='lat' dir='ltr'><strong>desidera-</strong></span> 
     </span>
    </p>
   </div>
   <div class='ocr_carea' id='block_1_17' title="bbox 322 1805 1892 1886">
    <p class='ocr_par' dir='ltr' id='par_1_17' title="bbox 322 1805 1892 1886">
     <span class='ocr_line' id='line_1_17' title="bbox 322 1805 1892 1886; baseline -0.009 -14"><span class='ocrx_word' id='word_1_119' title='bbox 322 1831 506 1872; x_wconf 89' lang='lat' dir='ltr'><strong>remus</strong></span> <span class='ocrx_word' id='word_1_120' title='bbox 526 1817 785 1886; x_wconf 85' lang='lat' dir='ltr'><strong>jejunium</strong></span> <span class='ocrx_word' id='word_1_121' title='bbox 809 1857 823 1878; x_wconf 87' lang='lat'><strong>,</strong></span> <span class='ocrx_word' id='word_1_122' title='bbox 854 1824 908 1869; x_wconf 92' lang='lat' dir='ltr'><strong>et</strong></span> <span class='ocrx_word' id='word_1_123' title='bbox 936 1822 1217 1868; x_wconf 91' lang='lat' dir='ltr'><strong>venturum</strong></span> <span class='ocrx_word' id='word_1_124' title='bbox 1259 1809 1423 1863; x_wconf 91' lang='lat' dir='ltr'><strong>multa</strong></span> <span class='ocrx_word' id='word_1_125' title='bbox 1468 1822 1587 1860; x_wconf 89' lang='lat' dir='ltr'><strong>cum</strong></span> <span class='ocrx_word' id='word_1_126' title='bbox 1622 1805 1892 1873; x_wconf 89' lang='lat' dir='ltr'><strong>voluptate</strong></span> 
     </span>
    </p>
   </div>
   <div class='ocr_carea' id='block_1_18' title="bbox 322 1896 1891 1974">
    <p class='ocr_par' dir='ltr' id='par_1_18' title="bbox 322 1896 1891 1974">
     <span class='ocr_line' id='line_1_18' title="bbox 322 1896 1891 1974; baseline -0.01 -12"><span class='ocrx_word' id='word_1_127' title='bbox 322 1907 741 1974; x_wconf 89' lang='lat' dir='ltr'><strong>susciperemus.</strong></span> <span class='ocrx_word' id='word_1_128' title='bbox 767 1904 903 1970; x_wconf 88' lang='lat' dir='ltr'><strong>Quid</strong></span> <span class='ocrx_word' id='word_1_129' title='bbox 952 1904 1094 1957; x_wconf 77' lang='lat' dir='ltr'><strong>enim</strong></span> <span class='ocrx_word' id='word_1_130' title='bbox 1144 1900 1270 1955; x_wconf 90' lang='lat' dir='ltr'><strong>boni</strong></span> <span class='ocrx_word' id='word_1_131' title='bbox 1305 1897 1493 1968; x_wconf 90' lang='lat' dir='ltr'><strong>jejunii</strong></span> <span class='ocrx_word' id='word_1_132' title='bbox 1540 1896 1691 1950; x_wconf 90' lang='lat' dir='ltr'><strong>nobis</strong></span> <span class='ocrx_word' id='word_1_133' title='bbox 1731 1907 1891 1962; x_wconf 85' lang='lat' dir='ltr'><strong>opera</strong></span> 
     </span>
    </p>
   </div>
   <div class='ocr_carea' id='block_1_19' title="bbox 323 1985 1888 2062">
    <p class='ocr_par' dir='ltr' id='par_1_19' title="bbox 323 1985 1888 2062">
     <span class='ocr_line' id='line_1_19' title="bbox 323 1985 1888 2062; baseline -0.008 -10"><span class='ocrx_word' id='word_1_134' title='bbox 323 2014 431 2052; x_wconf 90' lang='lat' dir='ltr'><strong>non</strong></span> <span class='ocrx_word' id='word_1_135' title='bbox 459 1996 718 2052; x_wconf 87' lang='lat' dir='ltr'><strong>obvenit?</strong></span> <span class='ocrx_word' id='word_1_136' title='bbox 743 1995 931 2050; x_wconf 92' lang='lat' dir='ltr'><strong>Omnia</strong></span> <span class='ocrx_word' id='word_1_137' title='bbox 961 1991 1355 2062; x_wconf 85' lang='lat' dir='ltr'><strong>tranquillitatis</strong></span> <span class='ocrx_word' id='word_1_138' title='bbox 1394 2003 1457 2043; x_wconf 91' lang='lat' dir='ltr'><strong>ac</strong></span> <span class='ocrx_word' id='word_1_139' title='bbox 1497 2002 1641 2057; x_wconf 66' lang='lat' dir='ltr'><strong>purae</strong></span> <span class='ocrx_word' id='word_1_140' title='bbox 1685 1985 1888 2040; x_wconf 89' lang='lat' dir='ltr'><strong>sereni-</strong></span> 
     </span>
    </p>
   </div>
   <div class='ocr_carea' id='block_1_20' title="bbox 324 2077 1893 2158">
    <p class='ocr_par' dir='ltr' id='par_1_20' title="bbox 324 2077 1893 2158">
     <span class='ocr_line' id='line_1_20' title="bbox 324 2077 1893 2158; baseline -0.01 -14"><span class='ocrx_word' id='word_1_141' title='bbox 324 2090 448 2144; x_wconf 81' lang='lat' dir='ltr'><strong>tatis</strong></span> <span class='ocrx_word' id='word_1_142' title='bbox 472 2089 624 2158; x_wconf 88' lang='lat' dir='ltr'><strong>plena</strong></span> <span class='ocrx_word' id='word_1_143' title='bbox 643 2095 786 2142; x_wconf 89' lang='lat' dir='ltr'><strong>sunt.</strong></span> <span class='ocrx_word' id='word_1_144' title='bbox 809 2087 997 2141; x_wconf 84' lang='lat' dir='ltr'><strong>Nonne</strong></span> <span class='ocrx_word' id='word_1_145' title='bbox 1022 2083 1210 2138; x_wconf 91' lang='lat' dir='ltr'><strong>domus</strong></span> <span class='ocrx_word' id='word_1_146' title='bbox 1232 2078 1562 2145; x_wconf 86' lang='lat' dir='ltr'><strong>tumultibus,</strong></span> <span class='ocrx_word' id='word_1_147' title='bbox 1590 2077 1893 2132; x_wconf 81' lang='lat' dir='ltr'><strong>eursitatio-</strong></span> 
     </span>
    </p>
   </div>
   <div class='ocr_carea' id='block_1_21' title="bbox 325 2167 1891 2248">
    <p class='ocr_par' dir='ltr' id='par_1_21' title="bbox 325 2167 1891 2248">
     <span class='ocr_line' id='line_1_21' title="bbox 325 2167 1891 2248; baseline -0.01 -13"><span class='ocrx_word' id='word_1_148' title='bbox 325 2182 480 2235; x_wconf 89' lang='lat' dir='ltr'><strong>nibus</strong></span> <span class='ocrx_word' id='word_1_149' title='bbox 500 2221 516 2247; x_wconf 95' lang='lat'><strong>,</strong></span> <span class='ocrx_word' id='word_1_150' title='bbox 540 2180 790 2248; x_wconf 91' lang='lat' dir='ltr'><strong>omnique</strong></span> <span class='ocrx_word' id='word_1_151' title='bbox 829 2175 1229 2246; x_wconf 90' lang='lat' dir='ltr'><strong>perturbatione</strong></span> <span class='ocrx_word' id='word_1_152' title='bbox 1256 2179 1379 2226; x_wconf 87' lang='lat' dir='ltr'><strong>sunt</strong></span> <span class='ocrx_word' id='word_1_153' title='bbox 1417 2168 1696 2224; x_wconf 65' lang='lat' dir='ltr'><strong>liberate?</strong></span> <span class='ocrx_word' id='word_1_154' title='bbox 1724 2167 1891 2233; x_wconf 86' lang='lat' dir='ltr'><strong>Quin-</strong></span> 
     </span>
    </p>
   </div>
   <div class='ocr_carea' id='block_1_22' title="bbox 326 2259 1889 2338">
    <p class='ocr_par' dir='ltr' id='par_1_22' title="bbox 326 2259 1889 2338">
     <span class='ocr_line' id='line_1_22' title="bbox 326 2259 1889 2338; baseline -0.009 -13"><span class='ocrx_word' id='word_1_155' title='bbox 326 2272 486 2325; x_wconf 84' lang='lat' dir='ltr'><strong>etiam</strong></span> <span class='ocrx_word' id='word_1_156' title='bbox 512 2278 634 2323; x_wconf 90' lang='lat' dir='ltr'><strong>ante</strong></span> <span class='ocrx_word' id='word_1_157' title='bbox 660 2269 805 2338; x_wconf 86' lang='lat' dir='ltr'><strong>ipsas</strong></span> <span class='ocrx_word' id='word_1_158' title='bbox 831 2266 1018 2320; x_wconf 90' lang='lat' dir='ltr'><strong>domos</strong></span> <span class='ocrx_word' id='word_1_159' title='bbox 1043 2279 1229 2319; x_wconf 91' lang='lat' dir='ltr'><strong>eorum</strong></span> <span class='ocrx_word' id='word_1_160' title='bbox 1254 2264 1490 2326; x_wconf 90' lang='lat' dir='ltr'><strong>animus,</strong></span> <span class='ocrx_word' id='word_1_161' title='bbox 1514 2261 1603 2331; x_wconf 92' lang='lat' dir='ltr'><strong>qui</strong></span> <span class='ocrx_word' id='word_1_162' title='bbox 1629 2259 1889 2329; x_wconf 75' lang='lat' dir='ltr'><strong>jejunant,</strong></span> 
     </span>
    </p>
   </div>
   <div class='ocr_carea' id='block_1_23' title="bbox 330 2352 1889 2431">
    <p class='ocr_par' dir='ltr' id='par_1_23' title="bbox 330 2352 1889 2431">
     <span class='ocr_line' id='line_1_23' title="bbox 330 2352 1889 2431; baseline -0.008 -15"><span class='ocrx_word' id='word_1_163' title='bbox 330 2362 431 2416; x_wconf 87' lang='lat' dir='ltr'><strong>hac</strong></span> <span class='ocrx_word' id='word_1_164' title='bbox 462 2361 639 2431; x_wconf 90' lang='lat' dir='ltr'><strong>quiete</strong></span> <span class='ocrx_word' id='word_1_165' title='bbox 677 2358 997 2429; x_wconf 79' lang='lat' dir='ltr'><strong>perfruitur;</strong></span> <span class='ocrx_word' id='word_1_166' title='bbox 1026 2358 1209 2412; x_wconf 86' lang='lat' dir='ltr'><strong>civitas</strong></span> <span class='ocrx_word' id='word_1_167' title='bbox 1252 2356 1363 2425; x_wconf 88' lang='lat' dir='ltr'><strong>ipsa</strong></span> <span class='ocrx_word' id='word_1_168' title='bbox 1412 2364 1517 2409; x_wconf 90' lang='lat' dir='ltr'><strong>tota</strong></span> <span class='ocrx_word' id='word_1_169' title='bbox 1558 2352 1889 2417; x_wconf 87' lang='lat' dir='ltr'><strong>modestiam,</strong></span> 
     </span>
    </p>
   </div>
   <div class='ocr_carea' id='block_1_24' title="bbox 329 2444 1892 2523">
    <p class='ocr_par' dir='ltr' id='par_1_24' title="bbox 329 2444 1892 2523">
     <span class='ocr_line' id='line_1_24' title="bbox 329 2444 1892 2523; baseline -0.006 -16"><span class='ocrx_word' id='word_1_170' title='bbox 329 2469 447 2523; x_wconf 72' lang='lat' dir='ltr'><strong>quae</strong></span> <span class='ocrx_word' id='word_1_171' title='bbox 491 2454 547 2508; x_wconf 91' lang='lat' dir='ltr'><strong>in</strong></span> <span class='ocrx_word' id='word_1_172' title='bbox 592 2453 771 2507; x_wconf 88' lang='lat' dir='ltr'><strong>animo</strong></span> <span class='ocrx_word' id='word_1_173' title='bbox 813 2467 876 2507; x_wconf 91' lang='lat' dir='ltr'><strong>ac</strong></span> <span class='ocrx_word' id='word_1_174' title='bbox 912 2450 1155 2506; x_wconf 85' lang='lat' dir='ltr'><strong>domibus</strong></span> <span class='ocrx_word' id='word_1_175' title='bbox 1196 2450 1450 2512; x_wconf 91' lang='lat' dir='ltr'><strong>cernitur,</strong></span> <span class='ocrx_word' id='word_1_176' title='bbox 1478 2446 1733 2501; x_wconf 88' lang='lat' dir='ltr'><strong>imitatur.</strong></span> <span class='ocrx_word' id='word_1_177' title='bbox 1760 2444 1892 2499; x_wconf 88' lang='lat' dir='ltr'><strong>Nam</strong></span> 
     </span>
    </p>
   </div>
   <div class='ocr_carea' id='block_1_25' title="bbox 330 2536 1894 2613">
    <p class='ocr_par' dir='ltr' id='par_1_25' title="bbox 330 2536 1894 2613">
     <span class='ocr_line' id='line_1_25' title="bbox 330 2536 1894 2613; baseline -0.006 -15"><span class='ocrx_word' id='word_1_178' title='bbox 330 2558 501 2613; x_wconf 84' lang='lat' dir='ltr'><strong>neque</strong></span> <span class='ocrx_word' id='word_1_179' title='bbox 545 2543 645 2597; x_wconf 89' lang='lat' dir='ltr'><strong>sub</strong></span> <span class='ocrx_word' id='word_1_180' title='bbox 692 2556 967 2612; x_wconf 83' lang='lat' dir='ltr'><strong>vesperam</strong></span> <span class='ocrx_word' id='word_1_181' title='bbox 1018 2540 1205 2596; x_wconf 90' lang='lat' dir='ltr'><strong>audire</strong></span> <span class='ocrx_word' id='word_1_182' title='bbox 1251 2546 1503 2593; x_wconf 87' lang='lat' dir='ltr'><strong>canentes</strong></span> <span class='ocrx_word' id='word_1_183' title='bbox 1529 2536 1691 2602; x_wconf 89' lang='lat' dir='ltr'><strong>licet,</strong></span> <span class='ocrx_word' id='word_1_184' title='bbox 1722 2549 1894 2604; x_wconf 89' lang='lat' dir='ltr'><strong>neque</strong></span> 
     </span>
    </p>
   </div>
   <div class='ocr_carea' id='block_1_26' title="bbox 328 2630 1893 2697">
    <p class='ocr_par' dir='ltr' id='par_1_26' title="bbox 328 2630 1893 2697">
     <span class='ocr_line' id='line_1_26' title="bbox 328 2630 1893 2697; baseline -0.006 -7"><span class='ocrx_word' id='word_1_185' title='bbox 328 2635 557 2690; x_wconf 84' lang='lat' dir='ltr'><strong>interdiu</strong></span> <span class='ocrx_word' id='word_1_186' title='bbox 581 2634 966 2690; x_wconf 84' lang='lat' dir='ltr'><strong>tumultuantes</strong></span> <span class='ocrx_word' id='word_1_187' title='bbox 990 2641 1045 2689; x_wconf 92' lang='lat' dir='ltr'><strong>et</strong></span> <span class='ocrx_word' id='word_1_188' title='bbox 1066 2632 1245 2687; x_wconf 89' lang='lat' dir='ltr'><strong>ebrios</strong></span> <span class='ocrx_word' id='word_1_189' title='bbox 1265 2671 1281 2697; x_wconf 90' lang='lat'><strong>,</strong></span> <span class='ocrx_word' id='word_1_190' title='bbox 1304 2646 1412 2685; x_wconf 91' lang='lat' dir='ltr'><strong>non</strong></span> <span class='ocrx_word' id='word_1_191' title='bbox 1432 2630 1757 2697; x_wconf 88' lang='lat' dir='ltr'><strong>clamantes,</strong></span> <span class='ocrx_word' id='word_1_192' title='bbox 1786 2642 1893 2681; x_wconf 88' lang='lat' dir='ltr'><strong>non</strong></span> 
     </span>
    </p>
   </div>
   <div class='ocr_carea' id='block_1_27' title="bbox 332 2719 1895 2797">
    <p class='ocr_par' dir='ltr' id='par_1_27' title="bbox 332 2719 1895 2797">
     <span class='ocr_line' id='line_1_27' title="bbox 332 2719 1895 2797; baseline -0.007 -15"><span class='ocrx_word' id='word_1_193' title='bbox 332 2736 629 2797; x_wconf 76' lang='lat' dir='ltr'><strong>pugnantes</strong></span> <span class='ocrx_word' id='word_1_194' title='bbox 651 2767 668 2793; x_wconf 93' lang='lat'><strong>,</strong></span> <span class='ocrx_word' id='word_1_195' title='bbox 699 2724 796 2781; x_wconf 90' lang='lat' dir='ltr'><strong>sed</strong></span> <span class='ocrx_word' id='word_1_196' title='bbox 836 2725 1056 2779; x_wconf 89' lang='lat' dir='ltr'><strong>multam</strong></span> <span class='ocrx_word' id='word_1_197' title='bbox 1084 2722 1277 2792; x_wconf 91' lang='lat' dir='ltr'><strong>ubique</strong></span> <span class='ocrx_word' id='word_1_198' title='bbox 1306 2720 1743 2791; x_wconf 87' lang='lat' dir='ltr'><strong>tranquillitatem</strong></span> <span class='ocrx_word' id='word_1_199' title='bbox 1771 2719 1895 2772; x_wconf 90' lang='lat' dir='ltr'><strong>licet</strong></span> 
     </span>
    </p>
   </div>
   <div class='ocr_carea' id='block_1_28' title="bbox 328 2808 1896 2881">
    <p class='ocr_par' dir='ltr' id='par_1_28' title="bbox 328 2808 1896 2881">
     <span class='ocr_line' id='line_1_28' title="bbox 328 2808 1896 2881; baseline -0.006 -9"><span class='ocrx_word' id='word_1_200' title='bbox 328 2832 568 2873; x_wconf 88' lang='lat' dir='ltr'><strong>cernere.</strong></span> <span class='ocrx_word' id='word_1_201' title='bbox 599 2815 750 2870; x_wconf 87' lang='lat' dir='ltr'><strong>Nunc</strong></span> <span class='ocrx_word' id='word_1_202' title='bbox 772 2823 949 2870; x_wconf 89' lang='lat' dir='ltr'><strong>autem</strong></span> <span class='ocrx_word' id='word_1_203' title='bbox 978 2828 1086 2869; x_wconf 89' lang='lat' dir='ltr'><strong>non</strong></span> <span class='ocrx_word' id='word_1_204' title='bbox 1122 2813 1196 2868; x_wconf 88' lang='lat' dir='ltr'><strong>ita</strong></span> <span class='ocrx_word' id='word_1_205' title='bbox 1222 2819 1343 2877; x_wconf 85' lang='lat' dir='ltr'><strong>est,</strong></span> <span class='ocrx_word' id='word_1_206' title='bbox 1372 2810 1467 2867; x_wconf 89' lang='lat' dir='ltr'><strong>sed</strong></span> <span class='ocrx_word' id='word_1_207' title='bbox 1508 2811 1619 2881; x_wconf 90' lang='lat' dir='ltr'><strong>jam</strong></span> <span class='ocrx_word' id='word_1_208' title='bbox 1661 2809 1783 2864; x_wconf 90' lang='lat' dir='ltr'><strong>inde</strong></span> <span class='ocrx_word' id='word_1_209' title='bbox 1829 2808 1896 2863; x_wconf 90' lang='lat' dir='ltr'><strong>ab</strong></span> 
     </span>
    </p>
   </div>
   <div class='ocr_carea' id='block_1_29' title="bbox 332 2902 1895 2972">
    <p class='ocr_par' dir='ltr' id='par_1_29' title="bbox 332 2902 1895 2972">
     <span class='ocr_line' id='line_1_29' title="bbox 332 2902 1895 2972; baseline -0.006 -8"><span class='ocrx_word' id='word_1_210' title='bbox 332 2917 520 2964; x_wconf 80' lang='lat' dir='ltr'><strong>exortu</strong></span> <span class='ocrx_word' id='word_1_211' title='bbox 561 2907 689 2962; x_wconf 90' lang='lat' dir='ltr'><strong>solis</strong></span> <span class='ocrx_word' id='word_1_212' title='bbox 727 2906 988 2962; x_wconf 88' lang='lat' dir='ltr'><strong>clamores</strong></span> <span class='ocrx_word' id='word_1_213' title='bbox 1029 2919 1092 2959; x_wconf 89' lang='lat' dir='ltr'><strong>ac</strong></span> <span class='ocrx_word' id='word_1_214' title='bbox 1120 2904 1310 2968; x_wconf 83' lang='lat' dir='ltr'><strong>turbae,</strong></span> <span class='ocrx_word' id='word_1_215' title='bbox 1336 2918 1627 2972; x_wconf 88' lang='lat' dir='ltr'><strong>coquorum</strong></span> <span class='ocrx_word' id='word_1_216' title='bbox 1672 2902 1895 2957; x_wconf 90' lang='lat' dir='ltr'><strong>cursita-</strong></span> 
     </span>
    </p>
   </div>
   <div class='ocr_carea' id='block_1_30' title="bbox 333 2992 1895 3061">
    <p class='ocr_par' dir='ltr' id='par_1_30' title="bbox 333 2992 1895 3061">
     <span class='ocr_line' id='line_1_30' title="bbox 333 2992 1895 3061; baseline -0.004 -10"><span class='ocrx_word' id='word_1_217' title='bbox 333 3000 525 3061; x_wconf 85' lang='lat' dir='ltr'><strong>tiones,</strong></span> <span class='ocrx_word' id='word_1_218' title='bbox 556 3012 619 3052; x_wconf 90' lang='lat' dir='ltr'><strong>ac</strong></span> <span class='ocrx_word' id='word_1_219' title='bbox 642 2996 840 3051; x_wconf 86' lang='lat' dir='ltr'><strong>multus</strong></span> <span class='ocrx_word' id='word_1_220' title='bbox 865 2995 919 3049; x_wconf 90' lang='lat' dir='ltr'><strong>in</strong></span> <span class='ocrx_word' id='word_1_221' title='bbox 944 2994 1207 3061; x_wconf 89' lang='lat' dir='ltr'><strong>domibus,</strong></span> <span class='ocrx_word' id='word_1_222' title='bbox 1230 2995 1423 3048; x_wconf 88' lang='lat' dir='ltr'><strong>multus</strong></span> <span class='ocrx_word' id='word_1_223' title='bbox 1448 2994 1501 3048; x_wconf 93' lang='lat' dir='ltr'><strong>in</strong></span> <span class='ocrx_word' id='word_1_224' title='bbox 1525 2992 1787 3048; x_wconf 88' lang='lat' dir='ltr'><strong>mentibus</strong></span> <span class='ocrx_word' id='word_1_225' title='bbox 1812 2992 1895 3046; x_wconf 92' lang='lat' dir='ltr'><strong>fu-</strong></span> 
     </span>
    </p>
   </div>
   <div class='ocr_carea' id='block_1_31' title="bbox 335 3084 1901 3155">
    <p class='ocr_par' dir='ltr' id='par_1_31' title="bbox 335 3084 1901 3155">
     <span class='ocr_line' id='line_1_31' title="bbox 335 3084 1901 3155; baseline -0.004 -11"><span class='ocrx_word' id='word_1_226' title='bbox 335 3103 476 3155; x_wconf 82' lang='lat' dir='ltr'><strong>rnus,</strong></span> <span class='ocrx_word' id='word_1_227' title='bbox 502 3088 626 3143; x_wconf 89' lang='lat' dir='ltr'><strong>dum</strong></span> <span class='ocrx_word' id='word_1_228' title='bbox 672 3088 814 3142; x_wconf 90' lang='lat' dir='ltr'><strong>intus</strong></span> <span class='ocrx_word' id='word_1_229' title='bbox 861 3086 916 3141; x_wconf 92' lang='lat' dir='ltr'><strong>in</strong></span> <span class='ocrx_word' id='word_1_230' title='bbox 944 3085 1097 3140; x_wconf 89' lang='lat' dir='ltr'><strong>nobis</strong></span> <span class='ocrx_word' id='word_1_231' title='bbox 1144 3084 1537 3140; x_wconf 90' lang='lat' dir='ltr'><strong>succenduntur</strong></span> <span class='ocrx_word' id='word_1_232' title='bbox 1563 3084 1810 3147; x_wconf 73' lang='lat' dir='ltr'><strong>allectus,</strong></span> <span class='ocrx_word' id='word_1_233' title='bbox 1847 3091 1901 3137; x_wconf 88' lang='lat' dir='ltr'><strong>et</strong></span> 
     </span>
    </p>
   </div>
   <div class='ocr_carea' id='block_1_32' title="bbox 338 3176 1897 3250">
    <p class='ocr_par' dir='ltr' id='par_1_32' title="bbox 338 3176 1897 3250">
     <span class='ocr_line' id='line_1_32' title="bbox 338 3176 1897 3250; baseline -0.006 -13"><span class='ocrx_word' id='word_1_234' title='bbox 338 3184 549 3237; x_wconf 80' lang='lat' dir='ltr'><strong>flamina</strong></span> <span class='ocrx_word' id='word_1_235' title='bbox 601 3180 832 3250; x_wconf 90' lang='lat' dir='ltr'><strong>turpium</strong></span> <span class='ocrx_word' id='word_1_236' title='bbox 884 3179 1228 3248; x_wconf 90' lang='lat' dir='ltr'><strong>cupiditatum</strong></span> <span class='ocrx_word' id='word_1_237' title='bbox 1284 3193 1317 3232; x_wconf 89' lang='lat' dir='ltr'><strong>a</strong></span> <span class='ocrx_word' id='word_1_238' title='bbox 1368 3177 1571 3233; x_wconf 90' lang='lat' dir='ltr'><strong>deliciis</strong></span> <span class='ocrx_word' id='word_1_239' title='bbox 1619 3176 1897 3231; x_wconf 83' lang='lat' dir='ltr'><strong>excitatur.</strong></span> 
     </span>
    </p>
   </div>
   <div class='ocr_carea' id='block_1_33' title="bbox 335 3268 1899 3344">
    <p class='ocr_par' dir='ltr' id='par_1_33' title="bbox 335 3268 1899 3344">
     <span class='ocr_line' id='line_1_33' title="bbox 335 3268 1899 3344; baseline -0.005 -14"><span class='ocrx_word' id='word_1_240' title='bbox 335 3275 623 3344; x_wconf 79' lang='lat' dir='ltr'><strong>PrOpterea</strong></span> <span class='ocrx_word' id='word_1_241' title='bbox 648 3273 790 3344; x_wconf 91' lang='lat' dir='ltr'><strong>quod</strong></span> <span class='ocrx_word' id='word_1_242' title='bbox 820 3273 1073 3344; x_wconf 68' lang='lat' dir='ltr'><strong>praeteriit</strong></span> <span class='ocrx_word' id='word_1_243' title='bbox 1094 3272 1351 3342; x_wconf 89' lang='lat' dir='ltr'><strong>jejunium</strong></span> <span class='ocrx_word' id='word_1_244' title='bbox 1382 3270 1711 3340; x_wconf 89' lang='lat' dir='ltr'><strong>requiramus</strong></span> <span class='ocrx_word' id='word_1_245' title='bbox 1735 3287 1746 3322; x_wconf 94' lang='lat'><strong>:</strong></span> <span class='ocrx_word' id='word_1_246' title='bbox 1772 3268 1899 3325; x_wconf 91' lang='lat' dir='ltr'><strong>illud</strong></span> 
     </span>
    </p>
   </div>
   <div class='ocr_carea' id='block_1_34' title="bbox 337 3360 1900 3430">
    <p class='ocr_par' dir='ltr' id='par_1_34' title="bbox 337 3360 1900 3430">
     <span class='ocr_line' id='line_1_34' title="bbox 337 3360 1900 3430; baseline -0.002 -12"><span class='ocrx_word' id='word_1_247' title='bbox 337 3365 480 3420; x_wconf 91' lang='lat' dir='ltr'><strong>enim</strong></span> <span class='ocrx_word' id='word_1_248' title='bbox 524 3365 638 3420; x_wconf 56' lang='lat' dir='ltr'><strong>hac</strong></span> <span class='ocrx_word' id='word_1_249' title='bbox 684 3364 862 3419; x_wconf 87' lang='lat' dir='ltr'><strong>omnia</strong></span> <span class='ocrx_word' id='word_1_250' title='bbox 908 3364 1205 3419; x_wconf 89' lang='lat' dir='ltr'><strong>coercebat.</strong></span> <span class='ocrx_word' id='word_1_251' title='bbox 1237 3363 1315 3417; x_wconf 90' lang='lat' dir='ltr'><strong>Ac</strong></span> <span class='ocrx_word' id='word_1_252' title='bbox 1338 3363 1463 3417; x_wconf 90' lang='lat' dir='ltr'><strong>licet</strong></span> <span class='ocrx_word' id='word_1_253' title='bbox 1505 3362 1739 3417; x_wconf 87' lang='lat' dir='ltr'><strong>laborem</strong></span> <span class='ocrx_word' id='word_1_254' title='bbox 1784 3360 1900 3430; x_wconf 83' lang='lat' dir='ltr'><strong>ejus</strong></span> 
     </span>
    </p>
   </div>
   <div class='ocr_carea' id='block_1_35' title="bbox 335 3452 1900 3524">
    <p class='ocr_par' dir='ltr' id='par_1_35' title="bbox 335 3452 1900 3524">
     <span class='ocr_line' id='line_1_35' title="bbox 335 3452 1900 3524; baseline -0.004 -13"><span class='ocrx_word' id='word_1_255' title='bbox 335 3456 723 3511; x_wconf 84' lang='lat' dir='ltr'><strong>excusserimus</strong></span> <span class='ocrx_word' id='word_1_256' title='bbox 740 3497 756 3522; x_wconf 94' lang='lat'><strong>,</strong></span> <span class='ocrx_word' id='word_1_257' title='bbox 784 3455 899 3524; x_wconf 91' lang='lat' dir='ltr'><strong>ejus</strong></span> <span class='ocrx_word' id='word_1_258' title='bbox 922 3464 1097 3509; x_wconf 92' lang='lat' dir='ltr'><strong>tamen</strong></span> <span class='ocrx_word' id='word_1_259' title='bbox 1118 3453 1437 3510; x_wconf 89' lang='lat' dir='ltr'><strong>desiderium</strong></span> <span class='ocrx_word' id='word_1_260' title='bbox 1463 3467 1568 3507; x_wconf 90' lang='lat' dir='ltr'><strong>non</strong></span> <span class='ocrx_word' id='word_1_261' title='bbox 1594 3452 1900 3521; x_wconf 79' lang='lat' dir='ltr'><strong>exstingua-</strong></span> 
     </span>
    </p>
   </div>
   <div class='ocr_carea' id='block_1_36' title="bbox 335 3546 1894 3618">
    <p class='ocr_par' dir='ltr' id='par_1_36' title="bbox 335 3546 1894 3618">
     <span class='ocr_line' id='line_1_36' title="bbox 335 3546 1894 3618; baseline -0.003 -15"><span class='ocrx_word' id='word_1_262' title='bbox 335 3564 475 3614; x_wconf 88' lang='lat' dir='ltr'><strong>mus,</strong></span> <span class='ocrx_word' id='word_1_263' title='bbox 504 3564 674 3618; x_wconf 90' lang='lat' dir='ltr'><strong>neque</strong></span> <span class='ocrx_word' id='word_1_264' title='bbox 704 3548 1016 3603; x_wconf 88' lang='lat' dir='ltr'><strong>memoriam</strong></span> <span class='ocrx_word' id='word_1_265' title='bbox 1044 3546 1372 3617; x_wconf 89' lang='lat' dir='ltr'><strong>deponamus</strong></span> <span class='ocrx_word' id='word_1_266' title='bbox 1404 3564 1418 3599; x_wconf 89' lang='lat'><strong>:</strong></span> <span class='ocrx_word' id='word_1_267' title='bbox 1450 3546 1545 3602; x_wconf 91' lang='lat' dir='ltr'><strong>sed</strong></span> <span class='ocrx_word' id='word_1_268' title='bbox 1582 3560 1702 3601; x_wconf 92' lang='lat' dir='ltr'><strong>cum</strong></span> <span class='ocrx_word' id='word_1_269' title='bbox 1732 3560 1894 3614; x_wconf 86' lang='lat' dir='ltr'><strong>pran-</strong></span> 
     </span>
    </p>
   </div>
   <div class='ocr_carea' id='block_1_37' title="bbox 338 3637 1899 3709">
    <p class='ocr_par' dir='ltr' id='par_1_37' title="bbox 338 3637 1899 3709">
     <span class='ocr_line' id='line_1_37' title="bbox 338 3637 1899 3709; baseline -0.003 -14"><span class='ocrx_word' id='word_1_270' title='bbox 338 3653 430 3695; x_wconf 85' lang='lat' dir='ltr'><strong>sus</strong></span> <span class='ocrx_word' id='word_1_271' title='bbox 451 3647 506 3695; x_wconf 70' lang='lat' dir='ltr'><strong>e‘t</strong></span> <span class='ocrx_word' id='word_1_272' title='bbox 532 3639 931 3709; x_wconf 78' lang='lat' dir='ltr'><strong>expergefactus</strong></span> <span class='ocrx_word' id='word_1_273' title='bbox 969 3642 1022 3694; x_wconf 92' lang='lat' dir='ltr'><strong>in</strong></span> <span class='ocrx_word' id='word_1_274' title='bbox 1069 3639 1243 3694; x_wconf 88' lang='lat' dir='ltr'><strong>forum</strong></span> <span class='ocrx_word' id='word_1_275' title='bbox 1270 3640 1480 3694; x_wconf 90' lang='lat' dir='ltr'><strong>veneris</strong></span> <span class='ocrx_word' id='word_1_276' title='bbox 1499 3680 1516 3706; x_wconf 88' lang='lat'><strong>,</strong></span> <span class='ocrx_word' id='word_1_277' title='bbox 1547 3637 1795 3708; x_wconf 90' lang='lat' dir='ltr'><strong>diemque</strong></span> <span class='ocrx_word' id='word_1_278' title='bbox 1820 3637 1899 3692; x_wconf 88' lang='lat' dir='ltr'><strong>vi-</strong></span> 
     </span>
    </p>
   </div>
   <div class='ocr_carea' id='block_1_38' title="bbox 337 3728 1903 3799">
    <p class='ocr_par' dir='ltr' id='par_1_38' title="bbox 337 3728 1903 3799">
     <span class='ocr_line' id='line_1_38' title="bbox 337 3728 1903 3799; baseline -0.001 -16"><span class='ocrx_word' id='word_1_279' title='bbox 337 3731 482 3785; x_wconf 88' lang='lat' dir='ltr'><strong>deris</strong></span> <span class='ocrx_word' id='word_1_280' title='bbox 508 3737 812 3799; x_wconf 87' lang='lat' dir='ltr'><strong>vergentem</strong></span> <span class='ocrx_word' id='word_1_281' title='bbox 836 3730 903 3783; x_wconf 90' lang='lat' dir='ltr'><strong>ad</strong></span> <span class='ocrx_word' id='word_1_282' title='bbox 924 3744 1198 3799; x_wconf 88' lang='lat' dir='ltr'><strong>vesperam</strong></span> <span class='ocrx_word' id='word_1_283' title='bbox 1218 3770 1232 3794; x_wconf 91' lang='lat'><strong>,</strong></span> <span class='ocrx_word' id='word_1_284' title='bbox 1256 3731 1393 3783; x_wconf 89' lang='lat' dir='ltr'><strong>hanc</strong></span> <span class='ocrx_word' id='word_1_285' title='bbox 1420 3730 1687 3799; x_wconf 91' lang='lat' dir='ltr'><strong>ingressus</strong></span> <span class='ocrx_word' id='word_1_286' title='bbox 1727 3728 1903 3782; x_wconf 82' lang='lat' dir='ltr'><strong>eccle-</strong></span> 
     </span>
    </p>
   </div>
   <div class='ocr_carea' id='block_1_39' title="bbox 338 3816 1904 3888">
    <p class='ocr_par' dir='ltr' id='par_1_39' title="bbox 338 3816 1904 3888">
     <span class='ocr_line' id='line_1_39' title="bbox 338 3816 1904 3888; baseline -0.001 -16"><span class='ocrx_word' id='word_1_287' title='bbox 338 3820 473 3873; x_wconf 83' lang='lat' dir='ltr'><strong>siam</strong></span> <span class='ocrx_word' id='word_1_288' title='bbox 497 3859 514 3886; x_wconf 95' lang='lat'><strong>,</strong></span> <span class='ocrx_word' id='word_1_289' title='bbox 542 3828 596 3873; x_wconf 92' lang='lat' dir='ltr'><strong>et</strong></span> <span class='ocrx_word' id='word_1_290' title='bbox 646 3818 797 3888; x_wconf 81' lang='lat' dir='ltr'><strong>juxta</strong></span> <span class='ocrx_word' id='word_1_291' title='bbox 844 3819 1200 3872; x_wconf 89' lang='lat' dir='ltr'><strong>sanctuarium</strong></span> <span class='ocrx_word' id='word_1_292' title='bbox 1250 3818 1388 3872; x_wconf 81' lang='lat' dir='ltr'><strong>istud</strong></span> <span class='ocrx_word' id='word_1_293' title='bbox 1432 3818 1652 3872; x_wconf 90' lang='lat' dir='ltr'><strong>veniens</strong></span> <span class='ocrx_word' id='word_1_294' title='bbox 1675 3857 1691 3883; x_wconf 95' lang='lat'><strong>,</strong></span> <span class='ocrx_word' id='word_1_295' title='bbox 1715 3816 1904 3886; x_wconf 86' lang='lat' dir='ltr'><strong>jejunii</strong></span> 
     </span>
    </p>
   </div>
   <div class='ocr_carea' id='block_1_40' title="bbox 342 3908 1903 3980">
    <p class='ocr_par' dir='ltr' id='par_1_40' title="bbox 342 3908 1903 3980">
     <span class='ocr_line' id='line_1_40' title="bbox 342 3908 1903 3980; baseline -0.001 -15"><span class='ocrx_word' id='word_1_296' title='bbox 342 3912 595 3980; x_wconf 90' lang='lat' dir='ltr'><strong>temporis</strong></span> <span class='ocrx_word' id='word_1_297' title='bbox 624 3909 909 3965; x_wconf 90' lang='lat' dir='ltr'><strong>recordare</strong></span> <span class='ocrx_word' id='word_1_298' title='bbox 927 3950 942 3975; x_wconf 91' lang='lat'><strong>,</strong></span> <span class='ocrx_word' id='word_1_299' title='bbox 967 3923 1075 3978; x_wconf 91' lang='lat' dir='ltr'><strong>quo</strong></span> <span class='ocrx_word' id='word_1_300' title='bbox 1115 3909 1465 3963; x_wconf 89' lang='lat' dir='ltr'><strong>multitudinis</strong></span> <span class='ocrx_word' id='word_1_301' title='bbox 1495 3910 1703 3977; x_wconf 88' lang='lat' dir='ltr'><strong>plenam</strong></span> <span class='ocrx_word' id='word_1_302' title='bbox 1729 3908 1903 3963; x_wconf 91' lang='lat' dir='ltr'><strong>eccle-</strong></span> 
     </span>
    </p>
   </div>
   <div class='ocr_carea' id='block_1_41' title="bbox 340 3998 1906 4065">
    <p class='ocr_par' dir='ltr' id='par_1_41' title="bbox 340 3998 1906 4065">
     <span class='ocr_line' id='line_1_41' title="bbox 340 3998 1906 4065; baseline -0.002 -9"><span class='ocrx_word' id='word_1_303' title='bbox 340 4002 472 4056; x_wconf 89' lang='lat' dir='ltr'><strong>siam</strong></span> <span class='ocrx_word' id='word_1_304' title='bbox 500 4001 879 4065; x_wconf 88' lang='lat' dir='ltr'><strong>cernebamus,</strong></span> <span class='ocrx_word' id='word_1_305' title='bbox 908 4014 1096 4054; x_wconf 92' lang='lat' dir='ltr'><strong>omnes</strong></span> <span class='ocrx_word' id='word_1_306' title='bbox 1133 4008 1311 4054; x_wconf 88' lang='lat' dir='ltr'><strong>autem</strong></span> <span class='ocrx_word' id='word_1_307' title='bbox 1359 3999 1604 4054; x_wconf 90' lang='lat' dir='ltr'><strong>audiendi</strong></span> <span class='ocrx_word' id='word_1_308' title='bbox 1642 3998 1906 4055; x_wconf 87' lang='lat' dir='ltr'><strong>desiderio</strong></span> 
     </span>
    </p>
   </div>
   <div class='ocr_carea' id='block_1_42' title="bbox 341 4089 1905 4159">
    <p class='ocr_par' dir='ltr' id='par_1_42' title="bbox 341 4089 1905 4159">
     <span class='ocr_line' id='line_1_42' title="bbox 341 4089 1905 4159; baseline -0.001 -14"><span class='ocrx_word' id='word_1_309' title='bbox 341 4091 580 4148; x_wconf 88' lang='lat' dir='ltr'><strong>succensi</strong></span> <span class='ocrx_word' id='word_1_310' title='bbox 609 4098 796 4158; x_wconf 87' lang='lat' dir='ltr'><strong>erant,</strong></span> <span class='ocrx_word' id='word_1_311' title='bbox 833 4090 997 4144; x_wconf 89' lang='lat' dir='ltr'><strong>multa</strong></span> <span class='ocrx_word' id='word_1_312' title='bbox 1036 4089 1229 4159; x_wconf 91' lang='lat' dir='ltr'><strong>ubique</strong></span> <span class='ocrx_word' id='word_1_313' title='bbox 1258 4090 1460 4155; x_wconf 74' lang='lat' dir='ltr'><strong>ltetitia,</strong></span> <span class='ocrx_word' id='word_1_314' title='bbox 1492 4103 1643 4143; x_wconf 91' lang='lat' dir='ltr'><strong>mens</strong></span> <span class='ocrx_word' id='word_1_315' title='bbox 1671 4089 1905 4143; x_wconf 90' lang='lat' dir='ltr'><strong>omnium</strong></span> 
     </span>
    </p>
   </div>
   <div class='ocr_carea' id='block_1_43' title="bbox 341 4181 1907 4252">
    <p class='ocr_par' dir='ltr' id='par_1_43' title="bbox 341 4181 1907 4252">
     <span class='ocr_line' id='line_1_43' title="bbox 341 4181 1907 4252; baseline -0.002 -13"><span class='ocrx_word' id='word_1_316' title='bbox 341 4195 456 4240; x_wconf 86' lang='lat' dir='ltr'><strong>erat</strong></span> <span class='ocrx_word' id='word_1_317' title='bbox 483 4191 659 4238; x_wconf 90' lang='lat' dir='ltr'><strong>erecta</strong></span> <span class='ocrx_word' id='word_1_318' title='bbox 688 4200 701 4236; x_wconf 91' lang='lat'><strong>:</strong></span> <span class='ocrx_word' id='word_1_319' title='bbox 727 4182 841 4237; x_wconf 78' lang='lat' dir='ltr'><strong>haec</strong></span> <span class='ocrx_word' id='word_1_320' title='bbox 887 4182 1062 4238; x_wconf 87' lang='lat' dir='ltr'><strong>omnia</strong></span> <span class='ocrx_word' id='word_1_321' title='bbox 1105 4189 1278 4237; x_wconf 90' lang='lat' dir='ltr'><strong>tecum</strong></span> <span class='ocrx_word' id='word_1_322' title='bbox 1306 4190 1588 4252; x_wconf 87' lang='lat' dir='ltr'><strong>reputans,</strong></span> <span class='ocrx_word' id='word_1_323' title='bbox 1633 4181 1747 4236; x_wconf 88' lang='lat' dir='ltr'><strong>dies</strong></span> <span class='ocrx_word' id='word_1_324' title='bbox 1788 4182 1907 4237; x_wconf 89' lang='lat' dir='ltr'><strong>illos</strong></span> 
     </span>
    </p>
   </div>
   <div class='ocr_carea' id='block_1_44' title="bbox 340 4274 1905 4345">
    <p class='ocr_par' dir='ltr' id='par_1_44' title="bbox 340 4274 1905 4345">
     <span class='ocr_line' id='line_1_44' title="bbox 340 4274 1905 4345; baseline 0 -16"><span class='ocrx_word' id='word_1_325' title='bbox 340 4276 597 4345; x_wconf 88' lang='lat' dir='ltr'><strong>optabiles</strong></span> <span class='ocrx_word' id='word_1_326' title='bbox 623 4276 920 4331; x_wconf 87' lang='lat' dir='ltr'><strong>recordare.</strong></span> <span class='ocrx_word' id='word_1_327' title='bbox 950 4274 1102 4341; x_wconf 87' lang='lat' dir='ltr'><strong>Quod</strong></span> <span class='ocrx_word' id='word_1_328' title='bbox 1129 4276 1174 4330; x_wconf 88' lang='lat' dir='ltr'><strong>si</strong></span> <span class='ocrx_word' id='word_1_329' title='bbox 1194 4289 1391 4329; x_wconf 62' lang='lat' dir='ltr'><strong>mensae</strong></span> <span class='ocrx_word' id='word_1_330' title='bbox 1422 4274 1759 4329; x_wconf 88' lang='lat' dir='ltr'><strong>accubiturus</strong></span> <span class='ocrx_word' id='word_1_331' title='bbox 1789 4275 1864 4329; x_wconf 91' lang='lat' dir='ltr'><strong>sis</strong></span> <span class='ocrx_word' id='word_1_332' title='bbox 1884 4311 1905 4340; x_wconf 80' lang='lat'><strong>,</strong></span> 
     </span>
    </p>
   </div>
   <div class='ocr_carea' id='block_1_45' title="bbox 342 4364 1904 4435">
    <p class='ocr_par' dir='ltr' id='par_1_45' title="bbox 342 4364 1904 4435">
     <span class='ocr_line' id='line_1_45' title="bbox 342 4364 1904 4435; baseline -0.003 -14"><span class='ocrx_word' id='word_1_333' title='bbox 342 4383 461 4421; x_wconf 92' lang='lat' dir='ltr'><strong>cum</strong></span> <span class='ocrx_word' id='word_1_334' title='bbox 487 4367 586 4422; x_wconf 89' lang='lat' dir='ltr'><strong>hac</strong></span> <span class='ocrx_word' id='word_1_335' title='bbox 605 4365 969 4423; x_wconf 89' lang='lat' dir='ltr'><strong>recordatione</strong></span> <span class='ocrx_word' id='word_1_336' title='bbox 996 4366 1145 4421; x_wconf 89' lang='lat' dir='ltr'><strong>cibos</strong></span> <span class='ocrx_word' id='word_1_337' title='bbox 1174 4364 1419 4435; x_wconf 89' lang='lat' dir='ltr'><strong>degusta,</strong></span> <span class='ocrx_word' id='word_1_338' title='bbox 1451 4380 1550 4419; x_wconf 92' lang='lat' dir='ltr'><strong>nec</strong></span> <span class='ocrx_word' id='word_1_339' title='bbox 1570 4379 1817 4433; x_wconf 89' lang='lat' dir='ltr'><strong>umquam</strong></span> <span class='ocrx_word' id='word_1_340' title='bbox 1849 4364 1904 4418; x_wconf 93' lang='lat' dir='ltr'><strong>in</strong></span> 
     </span>
    </p>
   </div>
   <div class='ocr_carea' id='block_1_46' title="bbox 344 4454 1904 4527">
    <p class='ocr_par' dir='ltr' id='par_1_46' title="bbox 344 4454 1904 4527">
     <span class='ocr_line' id='line_1_46' title="bbox 344 4454 1904 4527; baseline -0.002 -16"><span class='ocrx_word' id='word_1_341' title='bbox 344 4457 650 4513; x_wconf 87' lang='lat' dir='ltr'><strong>ebrietatem</strong></span> <span class='ocrx_word' id='word_1_342' title='bbox 706 4457 812 4513; x_wconf 91' lang='lat' dir='ltr'><strong>labi</strong></span> <span class='ocrx_word' id='word_1_343' title='bbox 855 4457 1093 4527; x_wconf 87' lang='lat' dir='ltr'><strong>poteris;</strong></span> <span class='ocrx_word' id='word_1_344' title='bbox 1124 4455 1220 4511; x_wconf 91' lang='lat' dir='ltr'><strong>sed</strong></span> <span class='ocrx_word' id='word_1_345' title='bbox 1262 4455 1400 4510; x_wconf 87' lang='lat' dir='ltr'><strong>sicut</strong></span> <span class='ocrx_word' id='word_1_346' title='bbox 1448 4455 1538 4524; x_wconf 92' lang='lat' dir='ltr'><strong>qui</strong></span> <span class='ocrx_word' id='word_1_347' title='bbox 1589 4454 1863 4510; x_wconf 89' lang='lat' dir='ltr'><strong>honestam</strong></span> <span class='ocrx_word' id='word_1_348' title='bbox 1888 4494 1904 4520; x_wconf 89' lang='lat'><strong>,</strong></span> 
     </span>
    </p>
   </div>
   <div class='ocr_carea' id='block_1_47' title="bbox 346 4544 1907 4619">
    <p class='ocr_par' dir='ltr' id='par_1_47' title="bbox 346 4544 1907 4619">
     <span class='ocr_line' id='line_1_47' title="bbox 346 4544 1907 4619; baseline -0.003 -15"><span class='ocrx_word' id='word_1_349' title='bbox 346 4558 543 4604; x_wconf 82' lang='lat' dir='ltr'><strong>castam</strong></span> <span class='ocrx_word' id='word_1_350' title='bbox 566 4557 623 4604; x_wconf 92' lang='lat' dir='ltr'><strong>et</strong></span> <span class='ocrx_word' id='word_1_351' title='bbox 659 4550 936 4619; x_wconf 88' lang='lat' dir='ltr'><strong>ingenuam</strong></span> <span class='ocrx_word' id='word_1_352' title='bbox 972 4562 1196 4603; x_wconf 81' lang='lat' dir='ltr'><strong>uxorem</strong></span> <span class='ocrx_word' id='word_1_353' title='bbox 1221 4547 1469 4602; x_wconf 79' lang='lat' dir='ltr'><strong>duxerint</strong></span> <span class='ocrx_word' id='word_1_354' title='bbox 1489 4586 1505 4612; x_wconf 95' lang='lat'><strong>,</strong></span> <span class='ocrx_word' id='word_1_355' title='bbox 1522 4554 1578 4601; x_wconf 89' lang='lat' dir='ltr'><strong>et</strong></span> <span class='ocrx_word' id='word_1_356' title='bbox 1601 4545 1716 4615; x_wconf 89' lang='lat' dir='ltr'><strong>ejus</strong></span> <span class='ocrx_word' id='word_1_357' title='bbox 1746 4544 1907 4601; x_wconf 88' lang='lat' dir='ltr'><strong>vehe-</strong></span> 
     </span>
    </p>
   </div>
   <div class='ocr_carea' id='block_1_48' title="bbox 348 4636 1910 4707">
    <p class='ocr_par' dir='ltr' id='par_1_48' title="bbox 348 4636 1910 4707">
     <span class='ocr_line' id='line_1_48' title="bbox 348 4636 1910 4707; baseline -0.004 -10"><span class='ocrx_word' id='word_1_358' title='bbox 348 4644 512 4699; x_wconf 88' lang='lat' dir='ltr'><strong>menti</strong></span> <span class='ocrx_word' id='word_1_359' title='bbox 555 4656 738 4696; x_wconf 88' lang='lat' dir='ltr'><strong>amore</strong></span> <span class='ocrx_word' id='word_1_360' title='bbox 786 4641 892 4694; x_wconf 90' lang='lat' dir='ltr'><strong>sint</strong></span> <span class='ocrx_word' id='word_1_361' title='bbox 933 4639 1242 4694; x_wconf 87' lang='lat' dir='ltr'><strong>inflammati</strong></span> <span class='ocrx_word' id='word_1_362' title='bbox 1265 4680 1282 4707; x_wconf 93' lang='lat'><strong>,</strong></span> <span class='ocrx_word' id='word_1_363' title='bbox 1312 4653 1382 4694; x_wconf 91' lang='lat' dir='ltr'><strong>ne</strong></span> <span class='ocrx_word' id='word_1_364' title='bbox 1421 4638 1640 4693; x_wconf 88' lang='lat' dir='ltr'><strong>absente</strong></span> <span class='ocrx_word' id='word_1_365' title='bbox 1696 4636 1910 4707; x_wconf 89' lang='lat' dir='ltr'><strong>quidem</strong></span> 
     </span>
    </p>
   </div>
   <div class='ocr_carea' id='block_1_49' title="bbox 349 4727 1911 4801">
    <p class='ocr_par' dir='ltr' id='par_1_49' title="bbox 349 4727 1911 4801">
     <span class='ocr_line' id='line_1_49' title="bbox 349 4727 1911 4801; baseline -0.006 -11"><span class='ocrx_word' id='word_1_366' title='bbox 349 4736 475 4801; x_wconf 85' lang='lat' dir='ltr'><strong>illa,</strong></span> <span class='ocrx_word' id='word_1_367' title='bbox 532 4732 864 4790; x_wconf 88' lang='lat' dir='ltr'><strong>meretricem</strong></span> <span class='ocrx_word' id='word_1_368' title='bbox 918 4740 971 4786; x_wconf 90' lang='lat' dir='ltr'><strong>et</strong></span> <span class='ocrx_word' id='word_1_369' title='bbox 1021 4729 1283 4799; x_wconf 89' lang='lat' dir='ltr'><strong>perditam</strong></span> <span class='ocrx_word' id='word_1_370' title='bbox 1335 4729 1611 4784; x_wconf 88' lang='lat' dir='ltr'><strong>mulierem</strong></span> <span class='ocrx_word' id='word_1_371' title='bbox 1663 4727 1911 4781; x_wconf 89' lang='lat' dir='ltr'><strong>adamare</strong></span> 
     </span>
    </p>
   </div>
   <div class='ocr_carea' id='block_1_50' title="bbox 348 4822 1909 4897">
    <p class='ocr_par' dir='ltr' id='par_1_50' title="bbox 348 4822 1909 4897">
     <span class='ocr_line' id='line_1_50' title="bbox 348 4822 1909 4897; baseline -0.008 -14"><span class='ocrx_word' id='word_1_372' title='bbox 348 4833 590 4897; x_wconf 87' lang='lat' dir='ltr'><strong>possunt,</strong></span> <span class='ocrx_word' id='word_1_373' title='bbox 620 4822 767 4893; x_wconf 87' lang='lat' dir='ltr'><strong>quod</strong></span> <span class='ocrx_word' id='word_1_374' title='bbox 792 4822 930 4878; x_wconf 89' lang='lat' dir='ltr'><strong>illius</strong></span> <span class='ocrx_word' id='word_1_375' title='bbox 956 4836 1107 4876; x_wconf 90' lang='lat' dir='ltr'><strong>amor</strong></span> <span class='ocrx_word' id='word_1_376' title='bbox 1141 4835 1325 4875; x_wconf 84' lang='lat' dir='ltr'><strong>eorum</strong></span> <span class='ocrx_word' id='word_1_377' title='bbox 1366 4828 1599 4875; x_wconf 90' lang='lat' dir='ltr'><strong>mentem</strong></span> <span class='ocrx_word' id='word_1_378' title='bbox 1638 4832 1909 4888; x_wconf 59' lang='lat' dir='ltr'><strong>praeoccu-</strong></span> 
     </span>
    </p>
   </div>
   <div class='ocr_carea' id='block_1_51' title="bbox 345 4908 1912 4990">
    <p class='ocr_par' dir='ltr' id='par_1_51' title="bbox 345 4908 1912 4990">
     <span class='ocr_line' id='line_1_51' title="bbox 345 4908 1912 4990; baseline -0.007 -15"><span class='ocrx_word' id='word_1_379' title='bbox 345 4918 574 4990; x_wconf 90' lang='lat' dir='ltr'><strong>paverit,</strong></span> <span class='ocrx_word' id='word_1_380' title='bbox 605 4931 705 4972; x_wconf 90' lang='lat' dir='ltr'><strong>nec</strong></span> <span class='ocrx_word' id='word_1_381' title='bbox 748 4916 911 4970; x_wconf 88' lang='lat' dir='ltr'><strong>alium</strong></span> <span class='ocrx_word' id='word_1_382' title='bbox 952 4928 1189 4970; x_wconf 90' lang='lat' dir='ltr'><strong>amorem</strong></span> <span class='ocrx_word' id='word_1_383' title='bbox 1231 4912 1435 4982; x_wconf 88' lang='lat' dir='ltr'><strong>ingredi</strong></span> <span class='ocrx_word' id='word_1_384' title='bbox 1473 4912 1648 4967; x_wconf 88' lang='lat' dir='ltr'><strong>sinat:</strong></span> <span class='ocrx_word' id='word_1_385' title='bbox 1672 4910 1749 4966; x_wconf 92' lang='lat' dir='ltr'><strong>sic</strong></span> <span class='ocrx_word' id='word_1_386' title='bbox 1773 4918 1829 4965; x_wconf 88' lang='lat' dir='ltr'><strong>et</strong></span> <span class='ocrx_word' id='word_1_387' title='bbox 1856 4908 1912 4964; x_wconf 92' lang='lat' dir='ltr'><strong>in</strong></span> 
     </span>
    </p>
   </div>
   <div class='ocr_carea' id='block_1_52' title="bbox 340 5002 1909 5082">
    <p class='ocr_par' dir='ltr' id='par_1_52' title="bbox 340 5002 1909 5082">
     <span class='ocr_line' id='line_1_52' title="bbox 340 5002 1909 5082; baseline -0.008 -14"><span class='ocrx_word' id='word_1_388' title='bbox 340 5009 550 5082; x_wconf 86' lang='lat' dir='ltr'><strong>jejunio</strong></span> <span class='ocrx_word' id='word_1_389' title='bbox 588 5007 675 5072; x_wconf 85' lang='lat' dir='ltr'><strong>fit,</strong></span> <span class='ocrx_word' id='word_1_390' title='bbox 708 5015 763 5063; x_wconf 90' lang='lat' dir='ltr'><strong>et</strong></span> <span class='ocrx_word' id='word_1_391' title='bbox 806 5007 860 5061; x_wconf 92' lang='lat' dir='ltr'><strong>in</strong></span> <span class='ocrx_word' id='word_1_392' title='bbox 898 5004 1177 5061; x_wconf 86' lang='lat' dir='ltr'><strong>ebrietate.</strong></span> <span class='ocrx_word' id='word_1_393' title='bbox 1210 5004 1354 5074; x_wconf 89' lang='lat' dir='ltr'><strong>Ergo</strong></span> <span class='ocrx_word' id='word_1_394' title='bbox 1392 5003 1437 5058; x_wconf 91' lang='lat' dir='ltr'><strong>si</strong></span> <span class='ocrx_word' id='word_1_395' title='bbox 1485 5002 1623 5058; x_wconf 88' lang='lat' dir='ltr'><strong>illius</strong></span> <span class='ocrx_word' id='word_1_396' title='bbox 1665 5002 1909 5072; x_wconf 72' lang='lat' dir='ltr'><strong>ingenuae</strong></span> 
     </span>
    </p>
   </div>
   <div class='ocr_carea' id='block_1_53' title="bbox 343 5096 1912 5173">
    <p class='ocr_par' dir='ltr' id='par_1_53' title="bbox 343 5096 1912 5173">
     <span class='ocr_line' id='line_1_53' title="bbox 343 5096 1912 5173; baseline -0.006 -14"><span class='ocrx_word' id='word_1_397' title='bbox 343 5112 613 5173; x_wconf 63' lang='lat' dir='ltr'><strong>castaque</strong></span> <span class='ocrx_word' id='word_1_398' title='bbox 632 5099 1031 5156; x_wconf 89' lang='lat' dir='ltr'><strong>meminerimus</strong></span> <span class='ocrx_word' id='word_1_399' title='bbox 1050 5140 1066 5167; x_wconf 93' lang='lat'><strong>,</strong></span> <span class='ocrx_word' id='word_1_400' title='bbox 1092 5098 1356 5167; x_wconf 89' lang='lat' dir='ltr'><strong>publicam</strong></span> <span class='ocrx_word' id='word_1_401' title='bbox 1403 5096 1539 5150; x_wconf 86' lang='lat' dir='ltr'><strong>hanc</strong></span> <span class='ocrx_word' id='word_1_402' title='bbox 1576 5096 1912 5151; x_wconf 89' lang='lat' dir='ltr'><strong>meretricem</strong></span> 
     </span>
    </p>
   </div>
   <div class='ocr_carea' id='block_1_54' title="bbox 345 5184 1911 5264">
    <p class='ocr_par' dir='ltr' id='par_1_54' title="bbox 345 5184 1911 5264">
     <span class='ocr_line' id='line_1_54' title="bbox 345 5184 1911 5264; baseline -0.007 -14"><span class='ocrx_word' id='word_1_403' title='bbox 345 5195 627 5264; x_wconf 83' lang='lat' dir='ltr'><strong>omnisque</strong></span> <span class='ocrx_word' id='word_1_404' title='bbox 672 5189 1011 5259; x_wconf 87' lang='lat' dir='ltr'><strong>turpitudinis</strong></span> <span class='ocrx_word' id='word_1_405' title='bbox 1042 5195 1286 5252; x_wconf 89' lang='lat' dir='ltr'><strong>matrem,</strong></span> <span class='ocrx_word' id='word_1_406' title='bbox 1314 5187 1647 5251; x_wconf 89' lang='lat' dir='ltr'><strong>ebrietatem,</strong></span> <span class='ocrx_word' id='word_1_407' title='bbox 1677 5184 1911 5255; x_wconf 90' lang='lat' dir='ltr'><strong>inquam,</strong></span> 
     </span>
    </p>
   </div>
   <div class='ocr_carea' id='block_1_55' title="bbox 349 5273 1913 5352">
    <p class='ocr_par' dir='ltr' id='par_1_55' title="bbox 349 5273 1913 5352">
     <span class='ocr_line' id='line_1_55' title="bbox 349 5273 1913 5352; baseline -0.006 -13"><span class='ocrx_word' id='word_1_408' title='bbox 349 5284 601 5339; x_wconf 78' lang='lat' dir='ltr'><strong>facillime</strong></span> <span class='ocrx_word' id='word_1_409' title='bbox 624 5281 947 5352; x_wconf 89' lang='lat' dir='ltr'><strong>repellemus</strong></span> <span class='ocrx_word' id='word_1_410' title='bbox 971 5321 988 5348; x_wconf 90' lang='lat'><strong>,</strong></span> <span class='ocrx_word' id='word_1_411' title='bbox 1011 5278 1138 5334; x_wconf 91' lang='lat' dir='ltr'><strong>dum</strong></span> <span class='ocrx_word' id='word_1_412' title='bbox 1167 5291 1317 5333; x_wconf 90' lang='lat' dir='ltr'><strong>amor</strong></span> <span class='ocrx_word' id='word_1_413' title='bbox 1333 5276 1521 5347; x_wconf 90' lang='lat' dir='ltr'><strong>jejunii</strong></span> <span class='ocrx_word' id='word_1_414' title='bbox 1546 5273 1913 5332; x_wconf 89' lang='lat' dir='ltr'><strong>vehementius</strong></span> 
     </span>
    </p>
   </div>
   <div class='ocr_carea' id='block_1_56' title="bbox 351 5369 1914 5445">
    <p class='ocr_par' dir='ltr' id='par_1_56' title="bbox 351 5369 1914 5445">
     <span class='ocr_line' id='line_1_56' title="bbox 351 5369 1914 5445; baseline -0.004 -15"><span class='ocrx_word' id='word_1_415' title='bbox 351 5391 506 5445; x_wconf 87' lang='lat' dir='ltr'><strong>quam</strong></span> <span class='ocrx_word' id='word_1_416' title='bbox 534 5390 725 5431; x_wconf 86' lang='lat' dir='ltr'><strong>manus</strong></span> <span class='ocrx_word' id='word_1_417' title='bbox 748 5374 855 5430; x_wconf 87' lang='lat' dir='ltr'><strong>ulla</strong></span> <span class='ocrx_word' id='word_1_418' title='bbox 882 5371 1260 5442; x_wconf 90' lang='lat' dir='ltr'><strong>impudentiam</strong></span> <span class='ocrx_word' id='word_1_419' title='bbox 1310 5371 1464 5425; x_wconf 89' lang='lat' dir='ltr'><strong>istius</strong></span> <span class='ocrx_word' id='word_1_420' title='bbox 1508 5369 1753 5439; x_wconf 87' lang='lat' dir='ltr'><strong>repellet.</strong></span> <span class='ocrx_word' id='word_1_421' title='bbox 1784 5369 1914 5424; x_wconf 84' lang='lat' dir='ltr'><strong>Pro-</strong></span> 
     </span>
    </p>
   </div>
   <div class='ocr_carea' id='block_1_57' title="bbox 352 5462 1914 5534">
    <p class='ocr_par' dir='ltr' id='par_1_57' title="bbox 352 5462 1914 5534">
     <span class='ocr_line' id='line_1_57' title="bbox 352 5462 1914 5534; baseline -0.003 -15"><span class='ocrx_word' id='word_1_422' title='bbox 352 5473 471 5534; x_wconf 87' lang='lat' dir='ltr'><strong>pter</strong></span> <span class='ocrx_word' id='word_1_423' title='bbox 516 5467 630 5521; x_wconf 69' lang='lat' dir='ltr'><strong>haac</strong></span> <span class='ocrx_word' id='word_1_424' title='bbox 671 5464 850 5521; x_wconf 90' lang='lat' dir='ltr'><strong>omnia</strong></span> <span class='ocrx_word' id='word_1_425' title='bbox 887 5462 1001 5520; x_wconf 88' lang='lat' dir='ltr'><strong>dies</strong></span> <span class='ocrx_word' id='word_1_426' title='bbox 1047 5462 1202 5528; x_wconf 89' lang='lat' dir='ltr'><strong>illos,</strong></span> <span class='ocrx_word' id='word_1_427' title='bbox 1230 5475 1447 5531; x_wconf 82' lang='lat' dir='ltr'><strong>quaeso,</strong></span> <span class='ocrx_word' id='word_1_428' title='bbox 1480 5475 1691 5530; x_wconf 87' lang='lat' dir='ltr'><strong>semper</strong></span> <span class='ocrx_word' id='word_1_429' title='bbox 1737 5468 1914 5515; x_wconf 91' lang='lat' dir='ltr'><strong>mente</strong></span> 
     </span>
    </p>
   </div>
   <div class='ocr_carea' id='block_1_58' title="bbox 356 5552 1913 5627">
    <p class='ocr_par' dir='ltr' id='par_1_58' title="bbox 356 5552 1913 5627">
     <span class='ocr_line' id='line_1_58' title="bbox 356 5552 1913 5627; baseline -0.004 -14"><span class='ocrx_word' id='word_1_430' title='bbox 356 5572 630 5614; x_wconf 88' lang='lat' dir='ltr'><strong>versemus</strong></span> <span class='ocrx_word' id='word_1_431' title='bbox 663 5577 676 5613; x_wconf 91' lang='lat'><strong>:</strong></span> <span class='ocrx_word' id='word_1_432' title='bbox 705 5567 764 5612; x_wconf 90' lang='lat' dir='ltr'><strong>ut</strong></span> <span class='ocrx_word' id='word_1_433' title='bbox 803 5566 980 5614; x_wconf 88' lang='lat' dir='ltr'><strong>autem</strong></span> <span class='ocrx_word' id='word_1_434' title='bbox 1016 5555 1283 5627; x_wconf 90' lang='lat' dir='ltr'><strong>quidpiam</strong></span> <span class='ocrx_word' id='word_1_435' title='bbox 1324 5569 1422 5625; x_wconf 90' lang='lat' dir='ltr'><strong>ego</strong></span> <span class='ocrx_word' id='word_1_436' title='bbox 1450 5568 1661 5624; x_wconf 89' lang='lat' dir='ltr'><strong>quoque</strong></span> <span class='ocrx_word' id='word_1_437' title='bbox 1692 5552 1759 5607; x_wconf 87' lang='lat' dir='ltr'><strong>ad</strong></span> <span class='ocrx_word' id='word_1_438' title='bbox 1798 5567 1913 5608; x_wconf 77' lang='lat' dir='ltr'><strong>me-</strong></span> 
     </span>
    </p>
   </div>
   <div class='ocr_carea' id='block_1_59' title="bbox 355 5645 1915 5717">
    <p class='ocr_par' dir='ltr' id='par_1_59' title="bbox 355 5645 1915 5717">
     <span class='ocr_line' id='line_1_59' title="bbox 355 5645 1915 5717; baseline -0.003 -13"><span class='ocrx_word' id='word_1_439' title='bbox 355 5651 578 5705; x_wconf 83' lang='lat' dir='ltr'><strong>moriam</strong></span> <span class='ocrx_word' id='word_1_440' title='bbox 622 5652 763 5705; x_wconf 89' lang='lat' dir='ltr'><strong>illam</strong></span> <span class='ocrx_word' id='word_1_441' title='bbox 812 5650 1104 5717; x_wconf 88' lang='lat' dir='ltr'><strong>conferam,</strong></span> <span class='ocrx_word' id='word_1_442' title='bbox 1148 5647 1288 5703; x_wconf 91' lang='lat' dir='ltr'><strong>idem</strong></span> <span class='ocrx_word' id='word_1_443' title='bbox 1333 5655 1726 5717; x_wconf 89' lang='lat' dir='ltr'><strong>argumentum,</strong></span> <span class='ocrx_word' id='word_1_444' title='bbox 1773 5645 1915 5715; x_wconf 89' lang='lat' dir='ltr'><strong>quod</strong></span> 
     </span>
    </p>
   </div>
   <div class='ocr_carea' id='block_1_60' title="bbox 359 5737 1915 5813">
    <p class='ocr_par' dir='ltr' id='par_1_60' title="bbox 359 5737 1915 5813">
     <span class='ocr_line' id='line_1_60' title="bbox 359 5737 1915 5813; baseline -0.004 -14"><span class='ocrx_word' id='word_1_445' title='bbox 359 5750 587 5799; x_wconf 83' lang='lat' dir='ltr'><strong>tractare</strong></span> <span class='ocrx_word' id='word_1_446' title='bbox 611 5750 721 5797; x_wconf 89' lang='lat' dir='ltr'><strong>tum</strong></span> <span class='ocrx_word' id='word_1_447' title='bbox 750 5750 962 5813; x_wconf 89' lang='lat' dir='ltr'><strong>paratus</strong></span> <span class='ocrx_word' id='word_1_448' title='bbox 990 5755 1133 5797; x_wconf 89' lang='lat' dir='ltr'><strong>eram</strong></span> <span class='ocrx_word' id='word_1_449' title='bbox 1156 5780 1170 5805; x_wconf 91' lang='lat'><strong>,</strong></span> <span class='ocrx_word' id='word_1_450' title='bbox 1203 5739 1257 5797; x_wconf 89' lang='lat' dir='ltr'><strong>in</strong></span> <span class='ocrx_word' id='word_1_451' title='bbox 1280 5737 1514 5795; x_wconf 84' lang='lat' dir='ltr'><strong>medium</strong></span> <span class='ocrx_word' id='word_1_452' title='bbox 1536 5751 1675 5795; x_wconf 87' lang='lat' dir='ltr'><strong>nunc</strong></span> <span class='ocrx_word' id='word_1_453' title='bbox 1702 5750 1915 5808; x_wconf 76' lang='lat' dir='ltr'><strong>quoque</strong></span> 
     </span>
    </p>
   </div>
   <div class='ocr_carea' id='block_1_61' title="bbox 1638 329 2285 388">
    <p class='ocr_par' dir='ltr' id='par_1_61' title="bbox 1638 329 2285 388">
     <span class='ocr_line' id='line_1_61' title="bbox 1638 329 2285 388; baseline 0.005 -3"><span class='ocrx_word' id='word_1_454' title='bbox 1638 330 1724 386; x_wconf 86' lang='lat' dir='ltr'><strong>DE</strong></span> <span class='ocrx_word' id='word_1_455' title='bbox 1765 329 1947 385; x_wconf 80' lang='lat' dir='ltr'><strong>ANNA</strong></span> <span class='ocrx_word' id='word_1_456' title='bbox 1981 330 2209 387; x_wconf 79' lang='lat' dir='ltr'><strong>SERMO</strong></span> <span class='ocrx_word' id='word_1_457' title='bbox 2246 333 2285 388; x_wconf 81' lang='grc' dir='ltr'><strong>Ι.</strong></span> 
     </span>
    </p>
   </div>
   <div class='ocr_carea' id='block_1_62' title="bbox 1993 441 3552 516">
    <p class='ocr_par' dir='ltr' id='par_1_62' title="bbox 1993 441 3552 516">
     <span class='ocr_line' id='line_1_62' title="bbox 1993 441 3552 516; baseline 0.012 -21"><span class='ocrx_word' id='word_1_458' title='bbox 1993 441 2233 510; x_wconf 84' lang='lat' dir='ltr'><strong>proferre</strong></span> <span class='ocrx_word' id='word_1_459' title='bbox 2257 443 2508 511; x_wconf 88' lang='lat' dir='ltr'><strong>conabor,</strong></span> <span class='ocrx_word' id='word_1_460' title='bbox 2532 454 2592 499; x_wconf 92' lang='lat' dir='ltr'><strong>ut</strong></span> <span class='ocrx_word' id='word_1_461' title='bbox 2632 447 2745 516; x_wconf 88' lang='lat' dir='ltr'><strong>ipsa</strong></span> <span class='ocrx_word' id='word_1_462' title='bbox 2770 450 3057 507; x_wconf 81' lang='lat' dir='ltr'><strong>similitudo</strong></span> <span class='ocrx_word' id='word_1_463' title='bbox 3082 454 3335 510; x_wconf 77' lang='lat' dir='ltr'><strong>doctrinae</strong></span> <span class='ocrx_word' id='word_1_464' title='bbox 3378 472 3552 513; x_wconf 88' lang='lat' dir='ltr'><strong>recor-</strong></span> 
     </span>
    </p>
   </div>
   <div class='ocr_carea' id='block_1_63' title="bbox 1992 531 3557 612">
    <p class='ocr_par' dir='ltr' id='par_1_63' title="bbox 1992 531 3557 612">
     <span class='ocr_line' id='line_1_63' title="bbox 1992 531 3557 612; baseline 0.011 -26"><span class='ocrx_word' id='word_1_465' title='bbox 1992 531 2257 589; x_wconf 89' lang='lat' dir='ltr'><strong>dationem</strong></span> <span class='ocrx_word' id='word_1_466' title='bbox 2277 537 2529 605; x_wconf 89' lang='lat' dir='ltr'><strong>temporis</strong></span> <span class='ocrx_word' id='word_1_467' title='bbox 2546 537 2683 593; x_wconf 92' lang='lat' dir='ltr'><strong>illius</strong></span> <span class='ocrx_word' id='word_1_468' title='bbox 2703 542 2896 595; x_wconf 80' lang='lat' dir='ltr'><strong>excitet</strong></span> <span class='ocrx_word' id='word_1_469' title='bbox 2910 540 3009 612; x_wconf 91' lang='lat' dir='ltr'><strong>(a).</strong></span> <span class='ocrx_word' id='word_1_470' title='bbox 3035 543 3140 599; x_wconf 78' lang='lat' dir='ltr'><strong>Vos</strong></span> <span class='ocrx_word' id='word_1_471' title='bbox 3163 548 3301 600; x_wconf 91' lang='lat' dir='ltr'><strong>enim</strong></span> <span class='ocrx_word' id='word_1_472' title='bbox 3328 546 3557 603; x_wconf 81' lang='lat' dir='ltr'><strong>fortasse</strong></span> 
     </span>
    </p>
   </div>
   <div class='ocr_carea' id='block_1_64' title="bbox 1992 627 3549 694">
    <p class='ocr_par' dir='ltr' id='par_1_64' title="bbox 1992 627 3549 694">
     <span class='ocr_line' id='line_1_64' title="bbox 1992 627 3549 694; baseline 0.007 -15"><span class='ocrx_word' id='word_1_473' title='bbox 1992 640 2133 680; x_wconf 92' lang='lat' dir='ltr'><strong>nunc</strong></span> <span class='ocrx_word' id='word_1_474' title='bbox 2157 627 2286 681; x_wconf 91' lang='lat' dir='ltr'><strong>estis</strong></span> <span class='ocrx_word' id='word_1_475' title='bbox 2330 628 2627 692; x_wconf 89' lang='lat' dir='ltr'><strong>obliti,nos</strong></span> <span class='ocrx_word' id='word_1_476' title='bbox 2664 631 2856 686; x_wconf 91' lang='lat' dir='ltr'><strong>multos</strong></span> <span class='ocrx_word' id='word_1_477' title='bbox 2903 634 3114 688; x_wconf 87' lang='lat' dir='ltr'><strong>interim</strong></span> <span class='ocrx_word' id='word_1_478' title='bbox 3162 650 3435 694; x_wconf 90' lang='lat' dir='ltr'><strong>sermones</strong></span> <span class='ocrx_word' id='word_1_479' title='bbox 3481 639 3549 693; x_wconf 78' lang='lat' dir='ltr'><strong>de</strong></span> 
     </span>
    </p>
   </div>
   <div class='ocr_carea' id='block_1_65' title="bbox 1994 716 3553 799">
    <p class='ocr_par' dir='ltr' id='par_1_65' title="bbox 1994 716 3553 799">
     <span class='ocr_line' id='line_1_65' title="bbox 1994 716 3553 799; baseline 0.008 -31"><span class='ocrx_word' id='word_1_480' title='bbox 1994 716 2112 770; x_wconf 91' lang='lat' dir='ltr'><strong>aliis</strong></span> <span class='ocrx_word' id='word_1_481' title='bbox 2176 718 2337 771; x_wconf 87' lang='lat' dir='ltr'><strong>rebus</strong></span> <span class='ocrx_word' id='word_1_482' title='bbox 2398 718 2666 774; x_wconf 89' lang='lat' dir='ltr'><strong>habuisse.</strong></span> <span class='ocrx_word' id='word_1_483' title='bbox 2726 721 2859 775; x_wconf 85' lang='lat' dir='ltr'><strong>Nam</strong></span> <span class='ocrx_word' id='word_1_484' title='bbox 2930 740 3144 779; x_wconf 89' lang='lat' dir='ltr'><strong>reverso</strong></span> <span class='ocrx_word' id='word_1_485' title='bbox 3196 742 3225 779; x_wconf 89' lang='lat' dir='ltr'><strong>a</strong></span> <span class='ocrx_word' id='word_1_486' title='bbox 3275 729 3553 799; x_wconf 87' lang='lat' dir='ltr'><strong>longinqua</strong></span> 
     </span>
    </p>
   </div>
   <div class='ocr_carea' id='block_1_66' title="bbox 1993 807 3545 879">
    <p class='ocr_par' dir='ltr' id='par_1_66' title="bbox 1993 807 3545 879">
     <span class='ocr_line' id='line_1_66' title="bbox 1993 807 3545 879; baseline 0.008 -18"><span class='ocrx_word' id='word_1_487' title='bbox 1993 807 2081 861; x_wconf 91' lang='lat' dir='ltr'><strong>illa</strong></span> <span class='ocrx_word' id='word_1_488' title='bbox 2129 809 2549 879; x_wconf 82' lang='lat' dir='ltr'><strong>peregrinatione</strong></span> <span class='ocrx_word' id='word_1_489' title='bbox 2588 823 2737 879; x_wconf 86' lang='lat' dir='ltr'><strong>patre</strong></span> <span class='ocrx_word' id='word_1_490' title='bbox 2771 824 2985 879; x_wconf 89' lang='lat' dir='ltr'><strong>nostro,</strong></span> <span class='ocrx_word' id='word_1_491' title='bbox 3042 821 3395 872; x_wconf 83' lang='lat' dir='ltr'><strong>necessarium</strong></span> <span class='ocrx_word' id='word_1_492' title='bbox 3451 822 3545 874; x_wconf 92' lang='lat' dir='ltr'><strong>fuit</strong></span> 
     </span>
    </p>
   </div>
   <div class='ocr_carea' id='block_1_67' title="bbox 1991 898 3552 975">
    <p class='ocr_par' dir='ltr' id='par_1_67' title="bbox 1991 898 3552 975">
     <span class='ocr_line' id='line_1_67' title="bbox 1991 898 3552 975; baseline 0.008 -24"><span class='ocrx_word' id='word_1_493' title='bbox 1991 898 2167 952; x_wconf 89' lang='lat' dir='ltr'><strong>omnia</strong></span> <span class='ocrx_word' id='word_1_494' title='bbox 2190 914 2627 967; x_wconf 84' lang='lat' dir='ltr'><strong>commemorare,</strong></span> <span class='ocrx_word' id='word_1_495' title='bbox 2652 920 2768 973; x_wconf 77' lang='lat' dir='ltr'><strong>quae</strong></span> <span class='ocrx_word' id='word_1_496' title='bbox 2791 906 2842 958; x_wconf 92' lang='lat' dir='ltr'><strong>in</strong></span> <span class='ocrx_word' id='word_1_497' title='bbox 2870 908 3119 961; x_wconf 87' lang='lat' dir='ltr'><strong>comitatu</strong></span> <span class='ocrx_word' id='word_1_498' title='bbox 3145 910 3464 975; x_wconf 89' lang='lat' dir='ltr'><strong>acciderant,</strong></span> <span class='ocrx_word' id='word_1_499' title='bbox 3489 926 3552 965; x_wconf 89' lang='lat' dir='ltr'><strong>ac</strong></span> 
     </span>
    </p>
   </div>
   <div class='ocr_carea' id='block_1_68' title="bbox 1991 987 3555 1062">
    <p class='ocr_par' dir='ltr' id='par_1_68' title="bbox 1991 987 3555 1062">
     <span class='ocr_line' id='line_1_68' title="bbox 1991 987 3555 1062; baseline 0.008 -21"><span class='ocrx_word' id='word_1_500' title='bbox 1991 987 2185 1042; x_wconf 88' lang='lat' dir='ltr'><strong>deinde</strong></span> <span class='ocrx_word' id='word_1_501' title='bbox 2208 1002 2328 1043; x_wconf 82' lang='lat' dir='ltr'><strong>cum</strong></span> <span class='ocrx_word' id='word_1_502' title='bbox 2344 992 2626 1059; x_wconf 86' lang='lat' dir='ltr'><strong>gentilibus</strong></span> <span class='ocrx_word' id='word_1_503' title='bbox 2649 994 2938 1062; x_wconf 88' lang='lat' dir='ltr'><strong>disputare,</strong></span> <span class='ocrx_word' id='word_1_504' title='bbox 2965 1006 3021 1050; x_wconf 92' lang='lat' dir='ltr'><strong>ut</strong></span> <span class='ocrx_word' id='word_1_505' title='bbox 3050 999 3148 1053; x_wconf 89' lang='lat' dir='ltr'><strong>hos</strong></span> <span class='ocrx_word' id='word_1_506' title='bbox 3173 1000 3220 1053; x_wconf 81' lang='lat' dir='ltr'><strong>vi</strong></span> <span class='ocrx_word' id='word_1_507' title='bbox 3241 1001 3555 1055; x_wconf 85' lang='lat' dir='ltr'><strong>calamitatis</strong></span> 
     </span>
    </p>
   </div>
   <div class='ocr_carea' id='block_1_69' title="bbox 1991 1078 3553 1160">
    <p class='ocr_par' dir='ltr' id='par_1_69' title="bbox 1991 1078 3553 1160">
     <span class='ocr_line' id='line_1_69' title="bbox 1991 1078 3553 1160; baseline 0.009 -28"><span class='ocrx_word' id='word_1_508' title='bbox 1991 1078 2059 1133; x_wconf 92' lang='lat' dir='ltr'><strong>ad</strong></span> <span class='ocrx_word' id='word_1_509' title='bbox 2084 1079 2358 1136; x_wconf 88' lang='lat' dir='ltr'><strong>meliorem</strong></span> <span class='ocrx_word' id='word_1_510' title='bbox 2383 1081 2585 1152; x_wconf 79' lang='lat' dir='ltr'><strong>frugem</strong></span> <span class='ocrx_word' id='word_1_511' title='bbox 2611 1095 2905 1151; x_wconf 89' lang='lat' dir='ltr'><strong>revocatos,</strong></span> <span class='ocrx_word' id='word_1_512' title='bbox 2934 1092 3020 1156; x_wconf 86' lang='lat' dir='ltr'><strong>qui</strong></span> <span class='ocrx_word' id='word_1_513' title='bbox 3045 1089 3257 1144; x_wconf 87' lang='lat' dir='ltr'><strong>deserto</strong></span> <span class='ocrx_word' id='word_1_514' title='bbox 3280 1093 3553 1160; x_wconf 89' lang='lat' dir='ltr'><strong>gentilium</strong></span> 
     </span>
    </p>
   </div>
   <div class='ocr_carea' id='block_1_70' title="bbox 1992 1172 3553 1246">
    <p class='ocr_par' dir='ltr' id='par_1_70' title="bbox 1992 1172 3553 1246">
     <span class='ocr_line' id='line_1_70' title="bbox 1992 1172 3553 1246; baseline 0.008 -23"><span class='ocrx_word' id='word_1_515' title='bbox 1992 1184 2174 1225; x_wconf 90' lang='lat' dir='ltr'><strong>errore</strong></span> <span class='ocrx_word' id='word_1_516' title='bbox 2200 1186 2317 1225; x_wconf 91' lang='lat' dir='ltr'><strong>sese</strong></span> <span class='ocrx_word' id='word_1_517' title='bbox 2345 1172 2410 1226; x_wconf 89' lang='lat' dir='ltr'><strong>ad</strong></span> <span class='ocrx_word' id='word_1_518' title='bbox 2456 1188 2552 1227; x_wconf 91' lang='lat' dir='ltr'><strong>nos</strong></span> <span class='ocrx_word' id='word_1_519' title='bbox 2596 1175 2956 1240; x_wconf 86' lang='lat' dir='ltr'><strong>contulerant,</strong></span> <span class='ocrx_word' id='word_1_520' title='bbox 2987 1194 3082 1246; x_wconf 91' lang='lat' dir='ltr'><strong>pro</strong></span> <span class='ocrx_word' id='word_1_521' title='bbox 3103 1180 3237 1233; x_wconf 89' lang='lat' dir='ltr'><strong>virili</strong></span> <span class='ocrx_word' id='word_1_522' title='bbox 3266 1182 3553 1236; x_wconf 88' lang='lat' dir='ltr'><strong>confirma-</strong></span> 
     </span>
    </p>
   </div>
   <div class='ocr_carea' id='block_1_71' title="bbox 1991 1265 3552 1339">
    <p class='ocr_par' dir='ltr' id='par_1_71' title="bbox 1991 1265 3552 1339">
     <span class='ocr_line' id='line_1_71' title="bbox 1991 1265 3552 1339; baseline 0.006 -23"><span class='ocrx_word' id='word_1_523' title='bbox 1991 1277 2191 1328; x_wconf 81' lang='lat' dir='ltr'><strong>retnus,</strong></span> <span class='ocrx_word' id='word_1_524' title='bbox 2220 1278 2282 1318; x_wconf 91' lang='lat' dir='ltr'><strong>ac</strong></span> <span class='ocrx_word' id='word_1_525' title='bbox 2325 1265 2660 1332; x_wconf 81' lang='lat' dir='ltr'><strong>duceremus,</strong></span> <span class='ocrx_word' id='word_1_526' title='bbox 2690 1268 2902 1336; x_wconf 86' lang='lat' dir='ltr'><strong>quantis</strong></span> <span class='ocrx_word' id='word_1_527' title='bbox 2945 1270 3177 1323; x_wconf 89' lang='lat' dir='ltr'><strong>tenebris</strong></span> <span class='ocrx_word' id='word_1_528' title='bbox 3207 1271 3411 1325; x_wconf 90' lang='lat' dir='ltr'><strong>liberati</strong></span> <span class='ocrx_word' id='word_1_529' title='bbox 3442 1314 3457 1339; x_wconf 95' lang='lat'><strong>,</strong></span> <span class='ocrx_word' id='word_1_530' title='bbox 3487 1273 3552 1325; x_wconf 90' lang='lat' dir='ltr'><strong>ad</strong></span> 
     </span>
    </p>
   </div>
   <div class='ocr_carea' id='block_1_72' title="bbox 1993 1354 3555 1417">
    <p class='ocr_par' dir='ltr' id='par_1_72' title="bbox 1993 1354 3555 1417">
     <span class='ocr_line' id='line_1_72' title="bbox 1993 1354 3555 1417; baseline 0.006 -9"><span class='ocrx_word' id='word_1_531' title='bbox 1993 1361 2193 1408; x_wconf 87' lang='lat' dir='ltr'><strong>tantam</strong></span> <span class='ocrx_word' id='word_1_532' title='bbox 2221 1354 2390 1408; x_wconf 90' lang='lat' dir='ltr'><strong>lucem</strong></span> <span class='ocrx_word' id='word_1_533' title='bbox 2420 1357 2655 1411; x_wconf 84' lang='lat' dir='ltr'><strong>veritatis</strong></span> <span class='ocrx_word' id='word_1_534' title='bbox 2680 1359 3053 1412; x_wconf 87' lang='lat' dir='ltr'><strong>accurrissent.</strong></span> <span class='ocrx_word' id='word_1_535' title='bbox 3088 1361 3213 1414; x_wconf 90' lang='lat' dir='ltr'><strong>Post</strong></span> <span class='ocrx_word' id='word_1_536' title='bbox 3255 1362 3344 1416; x_wconf 90' lang='lat' dir='ltr'><strong>illa</strong></span> <span class='ocrx_word' id='word_1_537' title='bbox 3370 1378 3555 1417; x_wconf 92' lang='lat' dir='ltr'><strong>rursus</strong></span> 
     </span>
    </p>
   </div>
   <div class='ocr_carea' id='block_1_73' title="bbox 1993 1447 3556 1521">
    <p class='ocr_par' dir='ltr' id='par_1_73' title="bbox 1993 1447 3556 1521">
     <span class='ocr_line' id='line_1_73' title="bbox 1993 1447 3556 1521; baseline 0.005 -21"><span class='ocrx_word' id='word_1_538' title='bbox 1993 1447 2173 1502; x_wconf 88' lang='lat' dir='ltr'><strong>multis</strong></span> <span class='ocrx_word' id='word_1_539' title='bbox 2199 1447 2385 1502; x_wconf 89' lang='lat' dir='ltr'><strong>diebus</strong></span> <span class='ocrx_word' id='word_1_540' title='bbox 2426 1458 2717 1520; x_wconf 89' lang='lat' dir='ltr'><strong>martyrum</strong></span> <span class='ocrx_word' id='word_1_541' title='bbox 2764 1450 3135 1507; x_wconf 80' lang='lat' dir='ltr'><strong>festivitatibus</strong></span> <span class='ocrx_word' id='word_1_542' title='bbox 3165 1454 3315 1521; x_wconf 86' lang='lat' dir='ltr'><strong>potiti</strong></span> <span class='ocrx_word' id='word_1_543' title='bbox 3353 1468 3556 1519; x_wconf 81' lang='lat' dir='ltr'><strong>sumus,</strong></span> 
     </span>
    </p>
   </div>
   <div class='ocr_carea' id='block_1_74' title="bbox 1994 1539 3555 1613">
    <p class='ocr_par' dir='ltr' id='par_1_74' title="bbox 1994 1539 3555 1613">
     <span class='ocr_line' id='line_1_74' title="bbox 1994 1539 3555 1613; baseline 0.003 -21"><span class='ocrx_word' id='word_1_544' title='bbox 1994 1554 2170 1608; x_wconf 90' lang='lat' dir='ltr'><strong>neque</strong></span> <span class='ocrx_word' id='word_1_545' title='bbox 2198 1539 2424 1608; x_wconf 88' lang='lat' dir='ltr'><strong>tempori</strong></span> <span class='ocrx_word' id='word_1_546' title='bbox 2446 1540 2767 1596; x_wconf 88' lang='lat' dir='ltr'><strong>conveniens</strong></span> <span class='ocrx_word' id='word_1_547' title='bbox 2790 1541 2990 1607; x_wconf 83' lang='lat' dir='ltr'><strong>fuisset,</strong></span> <span class='ocrx_word' id='word_1_548' title='bbox 3010 1557 3106 1598; x_wconf 91' lang='lat' dir='ltr'><strong>nos</strong></span> <span class='ocrx_word' id='word_1_549' title='bbox 3125 1544 3215 1612; x_wconf 90' lang='lat' dir='ltr'><strong>qui</strong></span> <span class='ocrx_word' id='word_1_550' title='bbox 3233 1543 3385 1613; x_wconf 83' lang='lat' dir='ltr'><strong>juxta</strong></span> <span class='ocrx_word' id='word_1_551' title='bbox 3410 1558 3555 1596; x_wconf 81' lang='lat' dir='ltr'><strong>mar-</strong></span> 
     </span>
    </p>
   </div>
   <div class='ocr_carea' id='block_1_75' title="bbox 1994 1632 3557 1703">
    <p class='ocr_par' dir='ltr' id='par_1_75' title="bbox 1994 1632 3557 1703">
     <span class='ocr_line' id='line_1_75' title="bbox 1994 1632 3557 1703; baseline 0.001 -19"><span class='ocrx_word' id='word_1_552' title='bbox 1994 1639 2172 1701; x_wconf 86' lang='lat' dir='ltr'><strong>tyrum</strong></span> <span class='ocrx_word' id='word_1_553' title='bbox 2228 1632 2470 1701; x_wconf 90' lang='lat' dir='ltr'><strong>sepulcra</strong></span> <span class='ocrx_word' id='word_1_554' title='bbox 2524 1648 2881 1700; x_wconf 85' lang='lat' dir='ltr'><strong>versaremur,</strong></span> <span class='ocrx_word' id='word_1_555' title='bbox 2908 1650 3092 1689; x_wconf 89' lang='lat' dir='ltr'><strong>earum</strong></span> <span class='ocrx_word' id='word_1_556' title='bbox 3147 1635 3394 1700; x_wconf 89' lang='lat' dir='ltr'><strong>laudum,</strong></span> <span class='ocrx_word' id='word_1_557' title='bbox 3441 1650 3557 1703; x_wconf 71' lang='lat' dir='ltr'><strong>qua:</strong></span> 
     </span>
    </p>
   </div>
   <div class='ocr_carea' id='block_1_76' title="bbox 1995 1723 3560 1793">
    <p class='ocr_par' dir='ltr' id='par_1_76' title="bbox 1995 1723 3560 1793">
     <span class='ocr_line' id='line_1_76' title="bbox 1995 1723 3560 1793; baseline 0.001 -16"><span class='ocrx_word' id='word_1_558' title='bbox 1995 1723 2313 1793; x_wconf 84' lang='lat' dir='ltr'><strong>martyribus</strong></span> <span class='ocrx_word' id='word_1_559' title='bbox 2329 1723 2605 1789; x_wconf 89' lang='lat' dir='ltr'><strong>debentur,</strong></span> <span class='ocrx_word' id='word_1_560' title='bbox 2621 1734 2860 1780; x_wconf 83' lang='lat' dir='ltr'><strong>exsortes</strong></span> <span class='ocrx_word' id='word_1_561' title='bbox 2878 1725 3173 1781; x_wconf 88' lang='lat' dir='ltr'><strong>discedere.</strong></span> <span class='ocrx_word' id='word_1_562' title='bbox 3190 1726 3452 1781; x_wconf 87' lang='lat' dir='ltr'><strong>Successit</strong></span> <span class='ocrx_word' id='word_1_563' title='bbox 3474 1726 3560 1779; x_wconf 90' lang='lat' dir='ltr'><strong>his</strong></span> 
     </span>
    </p>
   </div>
   <div class='ocr_carea' id='block_1_77' title="bbox 1995 1813 3558 1883">
    <p class='ocr_par' dir='ltr' id='par_1_77' title="bbox 1995 1813 3558 1883">
     <span class='ocr_line' id='line_1_77' title="bbox 1995 1813 3558 1883; baseline 0.002 -17"><span class='ocrx_word' id='word_1_564' title='bbox 1995 1813 2063 1867; x_wconf 89' lang='lat' dir='ltr'><strong>ad</strong></span> <span class='ocrx_word' id='word_1_565' title='bbox 2087 1813 2456 1868; x_wconf 90' lang='lat' dir='ltr'><strong>abstinendum</strong></span> <span class='ocrx_word' id='word_1_566' title='bbox 2492 1830 2524 1868; x_wconf 88' lang='lat' dir='ltr'><strong>a</strong></span> <span class='ocrx_word' id='word_1_567' title='bbox 2556 1815 2872 1883; x_wconf 90' lang='lat' dir='ltr'><strong>juramentis</strong></span> <span class='ocrx_word' id='word_1_568' title='bbox 2901 1816 3193 1870; x_wconf 85' lang='lat' dir='ltr'><strong>cohortatio</strong></span> <span class='ocrx_word' id='word_1_569' title='bbox 3226 1833 3239 1868; x_wconf 90' lang='lat'><strong>:</strong></span> <span class='ocrx_word' id='word_1_570' title='bbox 3269 1831 3387 1870; x_wconf 86' lang='lat' dir='ltr'><strong>cum</strong></span> <span class='ocrx_word' id='word_1_571' title='bbox 3418 1818 3558 1870; x_wconf 91' lang='lat' dir='ltr'><strong>enim</strong></span> 
     </span>
    </p>
   </div>
   <div class='ocr_carea' id='block_1_78' title="bbox 1995 1902 3562 1973">
    <p class='ocr_par' dir='ltr' id='par_1_78' title="bbox 1995 1902 3562 1973">
     <span class='ocr_line' id='line_1_78' title="bbox 1995 1902 3562 1973; baseline 0 -15"><span class='ocrx_word' id='word_1_572' title='bbox 1995 1902 2155 1958; x_wconf 86' lang='lat' dir='ltr'><strong>etiam</strong></span> <span class='ocrx_word' id='word_1_573' title='bbox 2195 1905 2512 1957; x_wconf 91' lang='lat' dir='ltr'><strong>rusticorum</strong></span> <span class='ocrx_word' id='word_1_574' title='bbox 2536 1905 2799 1958; x_wconf 89' lang='lat' dir='ltr'><strong>nationem</strong></span> <span class='ocrx_word' id='word_1_575' title='bbox 2830 1906 2881 1958; x_wconf 92' lang='lat' dir='ltr'><strong>in</strong></span> <span class='ocrx_word' id='word_1_576' title='bbox 2916 1906 3098 1959; x_wconf 90' lang='lat' dir='ltr'><strong>urbem</strong></span> <span class='ocrx_word' id='word_1_577' title='bbox 3125 1906 3414 1973; x_wconf 89' lang='lat' dir='ltr'><strong>ingressam</strong></span> <span class='ocrx_word' id='word_1_578' title='bbox 3441 1920 3562 1958; x_wconf 85' lang='lat' dir='ltr'><strong>cer-</strong></span> 
     </span>
    </p>
   </div>
   <div class='ocr_carea' id='block_1_79' title="bbox 1996 1984 3562 2059">
    <p class='ocr_par' dir='ltr' id='par_1_79' title="bbox 1996 1984 3562 2059">
     <span class='ocr_line' id='line_1_79' title="bbox 1996 1984 3562 2059; baseline 0.001 -12"><span class='ocrx_word' id='word_1_579' title='bbox 1996 1984 2268 2059; x_wconf 86' lang='lat' dir='ltr'><strong>neremus,</strong></span> <span class='ocrx_word' id='word_1_580' title='bbox 2301 1994 2400 2047; x_wconf 92' lang='lat' dir='ltr'><strong>hos</strong></span> <span class='ocrx_word' id='word_1_581' title='bbox 2428 1995 2521 2049; x_wconf 90' lang='lat' dir='ltr'><strong>illo</strong></span> <span class='ocrx_word' id='word_1_582' title='bbox 2563 1996 2849 2050; x_wconf 87' lang='lat' dir='ltr'><strong>instructos</strong></span> <span class='ocrx_word' id='word_1_583' title='bbox 2886 2011 2916 2050; x_wconf 90' lang='lat' dir='ltr'><strong>a</strong></span> <span class='ocrx_word' id='word_1_584' title='bbox 2948 1997 3101 2051; x_wconf 91' lang='lat' dir='ltr'><strong>nobis</strong></span> <span class='ocrx_word' id='word_1_585' title='bbox 3128 1996 3319 2050; x_wconf 89' lang='lat' dir='ltr'><strong>viatico</strong></span> <span class='ocrx_word' id='word_1_586' title='bbox 3356 1996 3562 2050; x_wconf 83' lang='lat' dir='ltr'><strong>censui-</strong></span> 
     </span>
    </p>
   </div>
   <div class='ocr_carea' id='block_1_80' title="bbox 1995 2084 2502 2139">
    <p class='ocr_par' dir='ltr' id='par_1_80' title="bbox 1995 2084 2502 2139">
     <span class='ocr_line' id='line_1_80' title="bbox 1995 2084 2502 2139; baseline -0.002 0"><span class='ocrx_word' id='word_1_587' title='bbox 1995 2099 2114 2139; x_wconf 90' lang='lat' dir='ltr'><strong>mus</strong></span> <span class='ocrx_word' id='word_1_588' title='bbox 2142 2084 2502 2139; x_wconf 77' lang='lat' dir='ltr'><strong>dimittendos.</strong></span> 
     </span>
    </p>
   </div>
   <div class='ocr_carea' id='block_1_81' title="bbox 2064 2175 3558 2247">
    <p class='ocr_par' dir='ltr' id='par_1_81' title="bbox 2064 2175 3558 2247">
     <span class='ocr_line' id='line_1_81' title="bbox 2064 2175 3558 2247; baseline -0.001 -19"><span class='ocrx_word' id='word_1_589' title='bbox 2064 2176 2120 2228; x_wconf 73' lang='lat'><strong>2.</strong></span> <span class='ocrx_word' id='word_1_590' title='bbox 2160 2175 2436 2229; x_wconf 85' lang='lat' dir='ltr'><strong>Homiliam</strong></span> <span class='ocrx_word' id='word_1_591' title='bbox 2460 2184 2631 2229; x_wconf 88' lang='lat' dir='ltr'><strong>contra</strong></span> <span class='ocrx_word' id='word_1_592' title='bbox 2675 2177 2879 2247; x_wconf 78' lang='lat' dir='ltr'><strong>gentiles</strong></span> <span class='ocrx_word' id='word_1_593' title='bbox 2909 2178 3128 2231; x_wconf 82' lang='lat' dir='ltr'><strong>habitam</strong></span> <span class='ocrx_word' id='word_1_594' title='bbox 3142 2176 3558 2236; x_wconf 83' lang='lat' dir='ltr'><strong>resumens,duas</strong></span> 
     </span>
    </p>
   </div>
   <div class='ocr_carea' id='block_1_82' title="bbox 1996 2268 3563 2341">
    <p class='ocr_par' dir='ltr' id='par_1_82' title="bbox 1996 2268 3563 2341">
     <span class='ocr_line' id='line_1_82' title="bbox 1996 2268 3563 2341; baseline -0.001 -19"><span class='ocrx_word' id='word_1_595' title='bbox 1996 2270 2269 2339; x_wconf 78' lang='lat' dir='ltr'><strong>prtesertim</strong></span> <span class='ocrx_word' id='word_1_596' title='bbox 2310 2270 2606 2341; x_wconf 70' lang='lat' dir='ltr'><strong>qumstiones</strong></span> <span class='ocrx_word' id='word_1_597' title='bbox 2628 2270 2791 2333; x_wconf 85' lang='lat' dir='ltr'><strong>solvit,</strong></span> <span class='ocrx_word' id='word_1_598' title='bbox 2822 2270 3046 2324; x_wconf 87' lang='lat' dir='ltr'><strong>videlicet</strong></span> <span class='ocrx_word' id='word_1_599' title='bbox 3068 2285 3198 2339; x_wconf 85' lang='lat' dir='ltr'><strong>:quo</strong></span> <span class='ocrx_word' id='word_1_600' title='bbox 3245 2279 3389 2339; x_wconf 82' lang='lat' dir='ltr'><strong>pacto</strong></span> <span class='ocrx_word' id='word_1_601' title='bbox 3426 2268 3563 2323; x_wconf 82' lang='lat' dir='ltr'><strong>Deus</strong></span> 
     </span>
    </p>
   </div>
   <div class='ocr_carea' id='block_1_83' title="bbox 1997 2361 3561 2433">
    <p class='ocr_par' dir='ltr' id='par_1_83' title="bbox 1997 2361 3561 2433">
     <span class='ocr_line' id='line_1_83' title="bbox 1997 2361 3561 2433; baseline -0.001 -20"><span class='ocrx_word' id='word_1_602' title='bbox 1997 2362 2220 2416; x_wconf 80' lang='lat' dir='ltr'><strong>homines</strong></span> <span class='ocrx_word' id='word_1_603' title='bbox 2258 2361 2509 2430; x_wconf 82' lang='lat' dir='ltr'><strong>quondam</strong></span> <span class='ocrx_word' id='word_1_604' title='bbox 2558 2363 2859 2425; x_wconf 85' lang='lat' dir='ltr'><strong>instrueret;</strong></span> <span class='ocrx_word' id='word_1_605' title='bbox 2886 2371 2932 2415; x_wconf 83' lang='lat' dir='ltr'><strong>et</strong></span> <span class='ocrx_word' id='word_1_606' title='bbox 2973 2378 3157 2433; x_wconf 85' lang='lat' dir='ltr'><strong>quare,</strong></span> <span class='ocrx_word' id='word_1_607' title='bbox 3189 2362 3307 2414; x_wconf 88' lang='lat' dir='ltr'><strong>dum</strong></span> <span class='ocrx_word' id='word_1_608' title='bbox 3349 2376 3561 2430; x_wconf 80' lang='lat' dir='ltr'><strong>corpora</strong></span> 
     </span>
    </p>
   </div>
   <div class='ocr_carea' id='block_1_84' title="bbox 1996 2452 3559 2523">
    <p class='ocr_par' dir='ltr' id='par_1_84' title="bbox 1996 2452 3559 2523">
     <span class='ocr_line' id='line_1_84' title="bbox 1996 2452 3559 2523; baseline -0.003 -16"><span class='ocrx_word' id='word_1_609' title='bbox 1996 2452 2213 2508; x_wconf 72' lang='lat' dir='ltr'><strong>caelestia</strong></span> <span class='ocrx_word' id='word_1_610' title='bbox 2236 2453 2379 2523; x_wconf 85' lang='lat' dir='ltr'><strong>quasi</strong></span> <span class='ocrx_word' id='word_1_611' title='bbox 2406 2454 2675 2506; x_wconf 81' lang='lat' dir='ltr'><strong>immortali</strong></span> <span class='ocrx_word' id='word_1_612' title='bbox 2695 2455 2956 2523; x_wconf 84' lang='lat' dir='ltr'><strong>juventute</strong></span> <span class='ocrx_word' id='word_1_613' title='bbox 2984 2453 3238 2521; x_wconf 76' lang='lat' dir='ltr'><strong>fruantur,</strong></span> <span class='ocrx_word' id='word_1_614' title='bbox 3260 2462 3431 2505; x_wconf 82' lang='lat' dir='ltr'><strong>nostra</strong></span> <span class='ocrx_word' id='word_1_615' title='bbox 3459 2453 3559 2504; x_wconf 82' lang='lat' dir='ltr'><strong>sint</strong></span> 
     </span>
    </p>
   </div>
   <div class='ocr_carea' id='block_1_85' title="bbox 1999 2543 3563 2614">
    <p class='ocr_par' dir='ltr' id='par_1_85' title="bbox 1999 2543 3563 2614">
     <span class='ocr_line' id='line_1_85' title="bbox 1999 2543 3563 2614; baseline -0.003 -14"><span class='ocrx_word' id='word_1_616' title='bbox 1999 2546 2181 2600; x_wconf 81' lang='lat' dir='ltr'><strong>morbis</strong></span> <span class='ocrx_word' id='word_1_617' title='bbox 2212 2558 2257 2600; x_wconf 82' lang='lat' dir='ltr'><strong>et</strong></span> <span class='ocrx_word' id='word_1_618' title='bbox 2300 2547 2607 2614; x_wconf 84' lang='lat' dir='ltr'><strong>corruptioni</strong></span> <span class='ocrx_word' id='word_1_619' title='bbox 2651 2546 2885 2599; x_wconf 77' lang='lat' dir='ltr'><strong>obnoxia.</strong></span> <span class='ocrx_word' id='word_1_620' title='bbox 2912 2574 2983 2584; x_wconf 94' lang='lat'><strong>—</strong></span> <span class='ocrx_word' id='word_1_621' title='bbox 3006 2543 3170 2599; x_wconf 83' lang='lat' dir='ltr'><strong>Vobis</strong></span> <span class='ocrx_word' id='word_1_622' title='bbox 3207 2544 3418 2614; x_wconf 90' lang='lat' dir='ltr'><strong>quidem</strong></span> <span class='ocrx_word' id='word_1_623' title='bbox 3456 2559 3563 2597; x_wconf 86' lang='lat' dir='ltr'><strong>non</strong></span> 
     </span>
    </p>
   </div>
   <div class='ocr_carea' id='block_1_86' title="bbox 1997 2638 3555 2709">
    <p class='ocr_par' dir='ltr' id='par_1_86' title="bbox 1997 2638 3555 2709">
     <span class='ocr_line' id='line_1_86' title="bbox 1997 2638 3555 2709; baseline -0.002 -15"><span class='ocrx_word' id='word_1_624' title='bbox 1997 2640 2149 2696; x_wconf 88' lang='lat' dir='ltr'><strong>facile</strong></span> <span class='ocrx_word' id='word_1_625' title='bbox 2175 2639 2333 2695; x_wconf 90' lang='lat' dir='ltr'><strong>fuerit</strong></span> <span class='ocrx_word' id='word_1_626' title='bbox 2356 2639 2765 2709; x_wconf 89' lang='lat' dir='ltr'><strong>disputationem</strong></span> <span class='ocrx_word' id='word_1_627' title='bbox 2791 2638 3010 2705; x_wconf 89' lang='lat' dir='ltr'><strong>referre,</strong></span> <span class='ocrx_word' id='word_1_628' title='bbox 3042 2654 3197 2707; x_wconf 90' lang='lat' dir='ltr'><strong>quam</strong></span> <span class='ocrx_word' id='word_1_629' title='bbox 3230 2647 3336 2692; x_wconf 87' lang='lat' dir='ltr'><strong>tum</strong></span> <span class='ocrx_word' id='word_1_630' title='bbox 3363 2638 3555 2693; x_wconf 90' lang='lat' dir='ltr'><strong>adver-</strong></span> 
     </span>
    </p>
   </div>
   <div class='ocr_carea' id='block_1_87' title="bbox 1998 2727 3567 2801">
    <p class='ocr_par' dir='ltr' id='par_1_87' title="bbox 1998 2727 3567 2801">
     <span class='ocr_line' id='line_1_87' title="bbox 1998 2727 3567 2801; baseline -0.003 -16"><span class='ocrx_word' id='word_1_631' title='bbox 1998 2745 2088 2786; x_wconf 89' lang='lat' dir='ltr'><strong>sus</strong></span> <span class='ocrx_word' id='word_1_632' title='bbox 2146 2731 2370 2801; x_wconf 90' lang='lat' dir='ltr'><strong>gentiles</strong></span> <span class='ocrx_word' id='word_1_633' title='bbox 2417 2730 2784 2785; x_wconf 89' lang='lat' dir='ltr'><strong>instituimus:</strong></span> <span class='ocrx_word' id='word_1_634' title='bbox 2818 2745 2917 2799; x_wconf 88' lang='lat' dir='ltr'><strong>ego</strong></span> <span class='ocrx_word' id='word_1_635' title='bbox 2969 2744 3097 2784; x_wconf 90' lang='lat' dir='ltr'><strong>vero</strong></span> <span class='ocrx_word' id='word_1_636' title='bbox 3148 2743 3359 2798; x_wconf 88' lang='lat' dir='ltr'><strong>semper</strong></span> <span class='ocrx_word' id='word_1_637' title='bbox 3386 2727 3440 2782; x_wconf 92' lang='lat' dir='ltr'><strong>in</strong></span> <span class='ocrx_word' id='word_1_638' title='bbox 3482 2727 3567 2781; x_wconf 90' lang='lat' dir='ltr'><strong>his</strong></span> 
     </span>
    </p>
   </div>
   <div class='ocr_carea' id='block_1_88' title="bbox 1998 2820 3570 2890">
    <p class='ocr_par' dir='ltr' id='par_1_88' title="bbox 1998 2820 3570 2890">
     <span class='ocr_line' id='line_1_88' title="bbox 1998 2820 3570 2890; baseline -0.003 -13"><span class='ocrx_word' id='word_1_639' title='bbox 1998 2823 2342 2888; x_wconf 81' lang='lat' dir='ltr'><strong>exercitatus,</strong></span> <span class='ocrx_word' id='word_1_640' title='bbox 2365 2830 2419 2877; x_wconf 91' lang='lat' dir='ltr'><strong>et</strong></span> <span class='ocrx_word' id='word_1_641' title='bbox 2443 2821 2566 2875; x_wconf 88' lang='lat' dir='ltr'><strong>huic</strong></span> <span class='ocrx_word' id='word_1_642' title='bbox 2592 2821 2850 2890; x_wconf 65' lang='lat' dir='ltr'><strong>palaastrae</strong></span> <span class='ocrx_word' id='word_1_643' title='bbox 2875 2820 3139 2887; x_wconf 89' lang='lat' dir='ltr'><strong>addictus,</strong></span> <span class='ocrx_word' id='word_1_644' title='bbox 3168 2820 3316 2873; x_wconf 92' lang='lat' dir='ltr'><strong>nullo</strong></span> <span class='ocrx_word' id='word_1_645' title='bbox 3357 2820 3570 2888; x_wconf 87' lang='lat' dir='ltr'><strong>negotio</strong></span> 
     </span>
    </p>
   </div>
   <div class='ocr_carea' id='block_1_89' title="bbox 2002 2910 3561 2983">
    <p class='ocr_par' dir='ltr' id='par_1_89' title="bbox 2002 2910 3561 2983">
     <span class='ocr_line' id='line_1_89' title="bbox 2002 2910 3561 2983; baseline -0.003 -16"><span class='ocrx_word' id='word_1_646' title='bbox 2002 2915 2183 2983; x_wconf 88' lang='lat' dir='ltr'><strong>paucis</strong></span> <span class='ocrx_word' id='word_1_647' title='bbox 2203 2928 2269 2968; x_wconf 86' lang='lat' dir='ltr'><strong>ex</strong></span> <span class='ocrx_word' id='word_1_648' title='bbox 2300 2914 2384 2977; x_wconf 89' lang='lat' dir='ltr'><strong>iis,</strong></span> <span class='ocrx_word' id='word_1_649' title='bbox 2414 2927 2531 2982; x_wconf 69' lang='lat' dir='ltr'><strong>quat</strong></span> <span class='ocrx_word' id='word_1_650' title='bbox 2558 2921 2667 2965; x_wconf 89' lang='lat' dir='ltr'><strong>tum</strong></span> <span class='ocrx_word' id='word_1_651' title='bbox 2696 2912 2947 2977; x_wconf 83' lang='lat' dir='ltr'><strong>diximus,</strong></span> <span class='ocrx_word' id='word_1_652' title='bbox 2974 2910 3232 2979; x_wconf 89' lang='lat' dir='ltr'><strong>repetitis,</strong></span> <span class='ocrx_word' id='word_1_653' title='bbox 3261 2918 3446 2978; x_wconf 90' lang='lat' dir='ltr'><strong>potero</strong></span> <span class='ocrx_word' id='word_1_654' title='bbox 3477 2916 3561 2962; x_wconf 88' lang='lat' dir='ltr'><strong>to-</strong></span> 
     </span>
    </p>
   </div>
   <div class='ocr_carea' id='block_1_90' title="bbox 2004 2999 3564 3074">
    <p class='ocr_par' dir='ltr' id='par_1_90' title="bbox 2004 2999 3564 3074">
     <span class='ocr_line' id='line_1_90' title="bbox 2004 2999 3564 3074; baseline -0.005 -15"><span class='ocrx_word' id='word_1_655' title='bbox 2004 3008 2109 3059; x_wconf 88' lang='lat' dir='ltr'><strong>tius</strong></span> <span class='ocrx_word' id='word_1_656' title='bbox 2135 3005 2389 3059; x_wconf 90' lang='lat' dir='ltr'><strong>orationis</strong></span> <span class='ocrx_word' id='word_1_657' title='bbox 2417 3003 2713 3074; x_wconf 88' lang='lat' dir='ltr'><strong>argumenti</strong></span> <span class='ocrx_word' id='word_1_658' title='bbox 2740 3003 2891 3057; x_wconf 88' lang='lat' dir='ltr'><strong>vobis</strong></span> <span class='ocrx_word' id='word_1_659' title='bbox 2936 3001 3247 3055; x_wconf 89' lang='lat' dir='ltr'><strong>memoriam</strong></span> <span class='ocrx_word' id='word_1_660' title='bbox 3289 2999 3564 3053; x_wconf 91' lang='lat' dir='ltr'><strong>refricare.</strong></span> 
     </span>
    </p>
   </div>
   <div class='ocr_carea' id='block_1_91' title="bbox 1988 3091 3561 3164">
    <p class='ocr_par' dir='ltr' id='par_1_91' title="bbox 1988 3091 3561 3164">
     <span class='ocr_line' id='line_1_91' title="bbox 1988 3091 3561 3164; baseline -0.004 -15"><span class='ocrx_word' id='word_1_661' title='bbox 1988 3095 2276 3163; x_wconf 81' lang='lat' dir='ltr'><strong>Quodnam</strong></span> <span class='ocrx_word' id='word_1_662' title='bbox 2307 3109 2433 3164; x_wconf 87' lang='lat' dir='ltr'><strong>ergo</strong></span> <span class='ocrx_word' id='word_1_663' title='bbox 2458 3095 2554 3148; x_wconf 91' lang='lat' dir='ltr'><strong>fuit</strong></span> <span class='ocrx_word' id='word_1_664' title='bbox 2576 3093 2992 3163; x_wconf 82' lang='lat' dir='ltr'><strong>argumentum?</strong></span> <span class='ocrx_word' id='word_1_665' title='bbox 3039 3091 3415 3157; x_wconf 67' lang='lat' dir='ltr'><strong>Quaarebamus</strong></span> <span class='ocrx_word' id='word_1_666' title='bbox 3454 3103 3561 3158; x_wconf 79' lang='lat' dir='ltr'><strong>quo</strong></span> 
     </span>
    </p>
   </div>
   <div class='ocr_carea' id='block_1_92' title="bbox 2004 3182 3559 3260">
    <p class='ocr_par' dir='ltr' id='par_1_92' title="bbox 2004 3182 3559 3260">
     <span class='ocr_line' id='line_1_92' title="bbox 2004 3182 3559 3260; baseline -0.005 -19"><span class='ocrx_word' id='word_1_667' title='bbox 2004 3198 2159 3260; x_wconf 87' lang='lat' dir='ltr'><strong>pacto</strong></span> <span class='ocrx_word' id='word_1_668' title='bbox 2186 3189 2323 3244; x_wconf 90' lang='lat' dir='ltr'><strong>Deus</strong></span> <span class='ocrx_word' id='word_1_669' title='bbox 2346 3203 2377 3241; x_wconf 90' lang='lat' dir='ltr'><strong>a</strong></span> <span class='ocrx_word' id='word_1_670' title='bbox 2409 3186 2664 3257; x_wconf 89' lang='lat' dir='ltr'><strong>principio</strong></span> <span class='ocrx_word' id='word_1_671' title='bbox 2686 3187 2868 3256; x_wconf 89' lang='lat' dir='ltr'><strong>generi</strong></span> <span class='ocrx_word' id='word_1_672' title='bbox 2907 3185 3136 3239; x_wconf 84' lang='lat' dir='ltr'><strong>humano</strong></span> <span class='ocrx_word' id='word_1_673' title='bbox 3158 3182 3474 3254; x_wconf 89' lang='lat' dir='ltr'><strong>provideret,</strong></span> <span class='ocrx_word' id='word_1_674' title='bbox 3503 3192 3559 3234; x_wconf 92' lang='lat' dir='ltr'><strong>et</strong></span> 
     </span>
    </p>
   </div>
   <div class='ocr_carea' id='block_1_93' title="bbox 2004 3273 3562 3350">
    <p class='ocr_par' dir='ltr' id='par_1_93' title="bbox 2004 3273 3562 3350">
     <span class='ocr_line' id='line_1_93' title="bbox 2004 3273 3562 3350; baseline -0.006 -16"><span class='ocrx_word' id='word_1_675' title='bbox 2004 3295 2110 3350; x_wconf 91' lang='lat' dir='ltr'><strong>quo</strong></span> <span class='ocrx_word' id='word_1_676' title='bbox 2137 3287 2291 3349; x_wconf 90' lang='lat' dir='ltr'><strong>pacto</strong></span> <span class='ocrx_word' id='word_1_677' title='bbox 2314 3293 2434 3348; x_wconf 71' lang='lat' dir='ltr'><strong>quae</strong></span> <span class='ocrx_word' id='word_1_678' title='bbox 2460 3277 2608 3331; x_wconf 90' lang='lat' dir='ltr'><strong>utilia</strong></span> <span class='ocrx_word' id='word_1_679' title='bbox 2634 3276 2810 3332; x_wconf 87' lang='lat' dir='ltr'><strong>forent</strong></span> <span class='ocrx_word' id='word_1_680' title='bbox 2834 3276 3070 3342; x_wconf 88' lang='lat' dir='ltr'><strong>doceret,</strong></span> <span class='ocrx_word' id='word_1_681' title='bbox 3092 3289 3211 3329; x_wconf 90' lang='lat' dir='ltr'><strong>cum</strong></span> <span class='ocrx_word' id='word_1_682' title='bbox 3260 3273 3417 3327; x_wconf 63' lang='lat' dir='ltr'><strong>nulla:</strong></span> <span class='ocrx_word' id='word_1_683' title='bbox 3459 3286 3562 3325; x_wconf 81' lang='lat' dir='ltr'><strong>ex-</strong></span> 
     </span>
    </p>
   </div>
   <div class='ocr_carea' id='block_1_94' title="bbox 2003 3368 3567 3442">
    <p class='ocr_par' dir='ltr' id='par_1_94' title="bbox 2003 3368 3567 3442">
     <span class='ocr_line' id='line_1_94' title="bbox 2003 3368 3567 3442; baseline -0.01 -12"><span class='ocrx_word' id='word_1_684' title='bbox 2003 3381 2205 3430; x_wconf 88' lang='lat' dir='ltr'><strong>starent</strong></span> <span class='ocrx_word' id='word_1_685' title='bbox 2257 3373 2448 3439; x_wconf 64' lang='lat' dir='ltr'><strong>literat,</strong></span> <span class='ocrx_word' id='word_1_686' title='bbox 2500 3387 2673 3442; x_wconf 91' lang='lat' dir='ltr'><strong>neque</strong></span> <span class='ocrx_word' id='word_1_687' title='bbox 2712 3370 2999 3440; x_wconf 66' lang='lat' dir='ltr'><strong>Scriptura:</strong></span> <span class='ocrx_word' id='word_1_688' title='bbox 3046 3368 3183 3421; x_wconf 68' lang='lat' dir='ltr'><strong>data:</strong></span> <span class='ocrx_word' id='word_1_689' title='bbox 3226 3372 3407 3421; x_wconf 88' lang='lat' dir='ltr'><strong>essent</strong></span> <span class='ocrx_word' id='word_1_690' title='bbox 3454 3380 3468 3415; x_wconf 89' lang='lat'><strong>:</strong></span> <span class='ocrx_word' id='word_1_691' title='bbox 3512 3372 3567 3417; x_wconf 87' lang='lat' dir='ltr'><strong>et</strong></span> 
     </span>
    </p>
   </div>
   <div class='ocr_carea' id='block_1_95' title="bbox 2004 3456 3559 3536">
    <p class='ocr_par' dir='ltr' id='par_1_95' title="bbox 2004 3456 3559 3536">
     <span class='ocr_line' id='line_1_95' title="bbox 2004 3456 3559 3536; baseline -0.007 -14"><span class='ocrx_word' id='word_1_692' title='bbox 2004 3467 2332 3523; x_wconf 88' lang='lat' dir='ltr'><strong>ostendimus</strong></span> <span class='ocrx_word' id='word_1_693' title='bbox 2362 3482 2459 3536; x_wconf 89' lang='lat' dir='ltr'><strong>per</strong></span> <span class='ocrx_word' id='word_1_694' title='bbox 2481 3463 2980 3534; x_wconf 89' lang='lat' dir='ltr'><strong>contemplationem</strong></span> <span class='ocrx_word' id='word_1_695' title='bbox 3025 3468 3387 3516; x_wconf 89' lang='lat' dir='ltr'><strong>creaturarum</strong></span> <span class='ocrx_word' id='word_1_696' title='bbox 3429 3456 3559 3511; x_wconf 81' lang='lat' dir='ltr'><strong>illud</strong></span> 
     </span>
    </p>
   </div>
   <div class='ocr_carea' id='block_1_96' title="bbox 2003 3554 3567 3628">
    <p class='ocr_par' dir='ltr' id='par_1_96' title="bbox 2003 3554 3567 3628">
     <span class='ocr_line' id='line_1_96' title="bbox 2003 3554 3567 3628; baseline -0.009 -15"><span class='ocrx_word' id='word_1_697' title='bbox 2003 3559 2069 3613; x_wconf 91' lang='lat' dir='ltr'><strong>ad</strong></span> <span class='ocrx_word' id='word_1_698' title='bbox 2093 3559 2185 3613; x_wconf 89' lang='lat' dir='ltr'><strong>Dei</strong></span> <span class='ocrx_word' id='word_1_699' title='bbox 2208 3556 2559 3628; x_wconf 90' lang='lat' dir='ltr'><strong>cognitionem</strong></span> <span class='ocrx_word' id='word_1_700' title='bbox 2586 3571 2705 3612; x_wconf 89' lang='lat' dir='ltr'><strong>esse</strong></span> <span class='ocrx_word' id='word_1_701' title='bbox 2727 3554 3009 3609; x_wconf 89' lang='lat' dir='ltr'><strong>deductum</strong></span> <span class='ocrx_word' id='word_1_702' title='bbox 3040 3570 3053 3605; x_wconf 91' lang='lat'><strong>:</strong></span> <span class='ocrx_word' id='word_1_703' title='bbox 3080 3566 3184 3621; x_wconf 93' lang='lat' dir='ltr'><strong>quo</strong></span> <span class='ocrx_word' id='word_1_704' title='bbox 3215 3560 3451 3619; x_wconf 90' lang='lat' dir='ltr'><strong>tempore</strong></span> <span class='ocrx_word' id='word_1_705' title='bbox 3472 3562 3567 3601; x_wconf 89' lang='lat' dir='ltr'><strong>vos</strong></span> 
     </span>
    </p>
   </div>
   <div class='ocr_carea' id='block_1_97' title="bbox 2005 3642 3565 3716">
    <p class='ocr_par' dir='ltr' id='par_1_97' title="bbox 2005 3642 3565 3716">
     <span class='ocr_line' id='line_1_97' title="bbox 2005 3642 3565 3716; baseline -0.008 -12"><span class='ocrx_word' id='word_1_706' title='bbox 2005 3664 2110 3704; x_wconf 92' lang='lat' dir='ltr'><strong>non</strong></span> <span class='ocrx_word' id='word_1_707' title='bbox 2134 3664 2291 3703; x_wconf 90' lang='lat' dir='ltr'><strong>manu</strong></span> <span class='ocrx_word' id='word_1_708' title='bbox 2318 3648 2641 3716; x_wconf 87' lang='lat' dir='ltr'><strong>prehensos,</strong></span> <span class='ocrx_word' id='word_1_709' title='bbox 2674 3654 2729 3700; x_wconf 89' lang='lat' dir='ltr'><strong>at</strong></span> <span class='ocrx_word' id='word_1_710' title='bbox 2767 3653 2944 3700; x_wconf 89' lang='lat' dir='ltr'><strong>mente</strong></span> <span class='ocrx_word' id='word_1_711' title='bbox 2974 3659 3067 3712; x_wconf 91' lang='lat' dir='ltr'><strong>per</strong></span> <span class='ocrx_word' id='word_1_712' title='bbox 3090 3642 3387 3696; x_wconf 91' lang='lat' dir='ltr'><strong>universam</strong></span> <span class='ocrx_word' id='word_1_713' title='bbox 3414 3653 3565 3694; x_wconf 84' lang='lat' dir='ltr'><strong>crea-</strong></span> 
     </span>
    </p>
   </div>
   <div class='ocr_carea' id='block_1_98' title="bbox 2005 3732 3570 3799">
    <p class='ocr_par' dir='ltr' id='par_1_98' title="bbox 2005 3732 3570 3799">
     <span class='ocr_line' id='line_1_98' title="bbox 2005 3732 3570 3799; baseline -0.007 -8"><span class='ocrx_word' id='word_1_714' title='bbox 2005 3747 2178 3792; x_wconf 92' lang='lat' dir='ltr'><strong>turam</strong></span> <span class='ocrx_word' id='word_1_715' title='bbox 2208 3737 2535 3791; x_wconf 79' lang='lat' dir='ltr'><strong>circumduxi</strong></span> <span class='ocrx_word' id='word_1_716' title='bbox 2555 3777 2569 3799; x_wconf 95' lang='lat'><strong>,</strong></span> <span class='ocrx_word' id='word_1_717' title='bbox 2593 3736 2779 3789; x_wconf 74' lang='lat' dir='ltr'><strong>etelum</strong></span> <span class='ocrx_word' id='word_1_718' title='bbox 2806 3732 3114 3797; x_wconf 89' lang='lat' dir='ltr'><strong>ostendens,</strong></span> <span class='ocrx_word' id='word_1_719' title='bbox 3140 3741 3355 3796; x_wconf 86' lang='lat' dir='ltr'><strong>terram,</strong></span> <span class='ocrx_word' id='word_1_720' title='bbox 3384 3743 3530 3782; x_wconf 90' lang='lat' dir='ltr'><strong>mare</strong></span> <span class='ocrx_word' id='word_1_721' title='bbox 3555 3770 3570 3789; x_wconf 86' lang='lat'><strong><em>.</em></strong></span> 
     </span>
    </p>
   </div>
   <div class='ocr_carea' id='block_1_99' title="bbox 2007 3824 3569 3892">
    <p class='ocr_par' dir='ltr' id='par_1_99' title="bbox 2007 3824 3569 3892">
     <span class='ocr_line' id='line_1_99' title="bbox 2007 3824 3569 3892; baseline -0.007 -12"><span class='ocrx_word' id='word_1_722' title='bbox 2007 3828 2174 3892; x_wconf 90' lang='lat' dir='ltr'><strong>lacus,</strong></span> <span class='ocrx_word' id='word_1_723' title='bbox 2202 3826 2394 3890; x_wconf 88' lang='lat' dir='ltr'><strong>fontes,</strong></span> <span class='ocrx_word' id='word_1_724' title='bbox 2426 3824 2634 3889; x_wconf 90' lang='lat' dir='ltr'><strong>fluvios,</strong></span> <span class='ocrx_word' id='word_1_725' title='bbox 2658 3838 2869 3890; x_wconf 69' lang='lat' dir='ltr'><strong>aequora</strong></span> <span class='ocrx_word' id='word_1_726' title='bbox 2895 3824 3172 3886; x_wconf 89' lang='lat' dir='ltr'><strong>immensa,</strong></span> <span class='ocrx_word' id='word_1_727' title='bbox 3196 3828 3363 3889; x_wconf 89' lang='lat' dir='ltr'><strong>prata,</strong></span> <span class='ocrx_word' id='word_1_728' title='bbox 3389 3832 3569 3887; x_wconf 89' lang='lat' dir='ltr'><strong>poma-</strong></span> 
     </span>
    </p>
   </div>
   <div class='ocr_carea' id='block_1_100' title="bbox 2006 3908 3571 3983">
    <p class='ocr_par' dir='ltr' id='par_1_100' title="bbox 2006 3908 3571 3983">
     <span class='ocr_line' id='line_1_100' title="bbox 2006 3908 3571 3983; baseline -0.004 -15"><span class='ocrx_word' id='word_1_729' title='bbox 2006 3916 2106 3979; x_wconf 89' lang='lat' dir='ltr'><strong>ria,</strong></span> <span class='ocrx_word' id='word_1_730' title='bbox 2134 3915 2384 3967; x_wconf 87' lang='lat' dir='ltr'><strong>florentes</strong></span> <span class='ocrx_word' id='word_1_731' title='bbox 2412 3922 2637 3983; x_wconf 90' lang='lat' dir='ltr'><strong>segetes,</strong></span> <span class='ocrx_word' id='word_1_732' title='bbox 2668 3911 2925 3965; x_wconf 91' lang='lat' dir='ltr'><strong>fructibus</strong></span> <span class='ocrx_word' id='word_1_733' title='bbox 2953 3919 3171 3968; x_wconf 85' lang='lat' dir='ltr'><strong>onustas</strong></span> <span class='ocrx_word' id='word_1_734' title='bbox 3195 3912 3442 3973; x_wconf 90' lang='lat' dir='ltr'><strong>arbores,</strong></span> <span class='ocrx_word' id='word_1_735' title='bbox 3473 3908 3571 3962; x_wconf 85' lang='lat' dir='ltr'><strong>ob-</strong></span> 
     </span>
    </p>
   </div>
   <div class='ocr_carea' id='block_1_101' title="bbox 2010 3998 3571 4068">
    <p class='ocr_par' dir='ltr' id='par_1_101' title="bbox 2010 3998 3571 4068">
     <span class='ocr_line' id='line_1_101' title="bbox 2010 3998 3571 4068; baseline -0.007 -8"><span class='ocrx_word' id='word_1_736' title='bbox 2010 4013 2148 4061; x_wconf 90' lang='lat' dir='ltr'><strong>tecta</strong></span> <span class='ocrx_word' id='word_1_737' title='bbox 2185 4005 2491 4059; x_wconf 91' lang='lat' dir='ltr'><strong>nemoribus</strong></span> <span class='ocrx_word' id='word_1_738' title='bbox 2539 4003 2798 4056; x_wconf 91' lang='lat' dir='ltr'><strong>montium</strong></span> <span class='ocrx_word' id='word_1_739' title='bbox 2839 4001 3106 4055; x_wconf 91' lang='lat' dir='ltr'><strong>eulmina:</strong></span> <span class='ocrx_word' id='word_1_740' title='bbox 3140 4009 3247 4053; x_wconf 88' lang='lat' dir='ltr'><strong>tum</strong></span> <span class='ocrx_word' id='word_1_741' title='bbox 3269 4012 3479 4068; x_wconf 92' lang='lat' dir='ltr'><strong>quoque</strong></span> <span class='ocrx_word' id='word_1_742' title='bbox 3506 3998 3571 4050; x_wconf 89' lang='lat' dir='ltr'><strong>de</strong></span> 
     </span>
    </p>
   </div>
   <div class='ocr_carea' id='block_1_102' title="bbox 2007 4088 3570 4161">
    <p class='ocr_par' dir='ltr' id='par_1_102' title="bbox 2007 4088 3570 4161">
     <span class='ocr_line' id='line_1_102' title="bbox 2007 4088 3570 4161; baseline -0.007 -9"><span class='ocrx_word' id='word_1_743' title='bbox 2007 4096 2297 4152; x_wconf 88' lang='lat' dir='ltr'><strong>seminibus</strong></span> <span class='ocrx_word' id='word_1_744' title='bbox 2319 4136 2335 4161; x_wconf 95' lang='lat'><strong>,</strong></span> <span class='ocrx_word' id='word_1_745' title='bbox 2366 4094 2435 4149; x_wconf 90' lang='lat' dir='ltr'><strong>de</strong></span> <span class='ocrx_word' id='word_1_746' title='bbox 2462 4093 2718 4157; x_wconf 91' lang='lat' dir='ltr'><strong>oleribus,</strong></span> <span class='ocrx_word' id='word_1_747' title='bbox 2741 4092 2809 4147; x_wconf 90' lang='lat' dir='ltr'><strong>de</strong></span> <span class='ocrx_word' id='word_1_748' title='bbox 2855 4090 3095 4156; x_wconf 88' lang='lat' dir='ltr'><strong>floribus,</strong></span> <span class='ocrx_word' id='word_1_749' title='bbox 3124 4090 3190 4144; x_wconf 93' lang='lat' dir='ltr'><strong>de</strong></span> <span class='ocrx_word' id='word_1_750' title='bbox 3234 4088 3423 4158; x_wconf 88' lang='lat' dir='ltr'><strong>plantis</strong></span> <span class='ocrx_word' id='word_1_751' title='bbox 3465 4097 3570 4142; x_wconf 89' lang='lat' dir='ltr'><strong>tam</strong></span> 
     </span>
    </p>
   </div>
   <div class='ocr_carea' id='block_1_103' title="bbox 2008 4180 3576 4257">
    <p class='ocr_par' dir='ltr' id='par_1_103' title="bbox 2008 4180 3576 4257">
     <span class='ocr_line' id='line_1_103' title="bbox 2008 4180 3576 4257; baseline -0.007 -13"><span class='ocrx_word' id='word_1_752' title='bbox 2008 4189 2294 4244; x_wconf 91' lang='lat' dir='ltr'><strong>fructuosis</strong></span> <span class='ocrx_word' id='word_1_753' title='bbox 2345 4202 2504 4257; x_wconf 89' lang='lat' dir='ltr'><strong>quam</strong></span> <span class='ocrx_word' id='word_1_754' title='bbox 2555 4184 2923 4249; x_wconf 88' lang='lat' dir='ltr'><strong>infructuosis,</strong></span> <span class='ocrx_word' id='word_1_755' title='bbox 2956 4182 3024 4238; x_wconf 89' lang='lat' dir='ltr'><strong>de</strong></span> <span class='ocrx_word' id='word_1_756' title='bbox 3076 4182 3265 4238; x_wconf 89' lang='lat' dir='ltr'><strong>bestiis</strong></span> <span class='ocrx_word' id='word_1_757' title='bbox 3311 4180 3576 4234; x_wconf 88' lang='lat' dir='ltr'><strong>cicuribus</strong></span> 
     </span>
    </p>
   </div>
   <div class='ocr_carea' id='block_1_104' title="bbox 2008 4272 3571 4349">
    <p class='ocr_par' dir='ltr' id='par_1_104' title="bbox 2008 4272 3571 4349">
     <span class='ocr_line' id='line_1_104' title="bbox 2008 4272 3571 4349; baseline -0.008 -13"><span class='ocrx_word' id='word_1_758' title='bbox 2008 4280 2167 4336; x_wconf 89' lang='lat' dir='ltr'><strong>simul</strong></span> <span class='ocrx_word' id='word_1_759' title='bbox 2195 4287 2249 4335; x_wconf 91' lang='lat' dir='ltr'><strong>et</strong></span> <span class='ocrx_word' id='word_1_760' title='bbox 2276 4278 2572 4349; x_wconf 89' lang='lat' dir='ltr'><strong>agrestibus</strong></span> <span class='ocrx_word' id='word_1_761' title='bbox 2592 4317 2607 4345; x_wconf 93' lang='lat'><strong>,</strong></span> <span class='ocrx_word' id='word_1_762' title='bbox 2638 4275 2953 4347; x_wconf 89' lang='lat' dir='ltr'><strong>aquatilibus</strong></span> <span class='ocrx_word' id='word_1_763' title='bbox 2976 4282 3033 4330; x_wconf 93' lang='lat' dir='ltr'><strong>et</strong></span> <span class='ocrx_word' id='word_1_764' title='bbox 3074 4272 3430 4337; x_wconf 84' lang='lat' dir='ltr'><strong>terrestribus,</strong></span> <span class='ocrx_word' id='word_1_765' title='bbox 3452 4287 3571 4342; x_wconf 78' lang='lat' dir='ltr'><strong>quae</strong></span> 
     </span>
    </p>
   </div>
   <div class='ocr_carea' id='block_1_105' title="bbox 2009 4365 3565 4440">
    <p class='ocr_par' dir='ltr' id='par_1_105' title="bbox 2009 4365 3565 4440">
     <span class='ocr_line' id='line_1_105' title="bbox 2009 4365 3565 4440; baseline -0.005 -14"><span class='ocrx_word' id='word_1_766' title='bbox 2009 4371 2265 4440; x_wconf 87' lang='lat' dir='ltr'><strong>ancipites</strong></span> <span class='ocrx_word' id='word_1_767' title='bbox 2306 4369 2359 4424; x_wconf 91' lang='lat' dir='ltr'><strong>in</strong></span> <span class='ocrx_word' id='word_1_768' title='bbox 2395 4378 2617 4438; x_wconf 90' lang='lat' dir='ltr'><strong>utraque</strong></span> <span class='ocrx_word' id='word_1_769' title='bbox 2643 4368 2773 4423; x_wconf 89' lang='lat' dir='ltr'><strong>sede</strong></span> <span class='ocrx_word' id='word_1_770' title='bbox 2811 4368 3029 4431; x_wconf 90' lang='lat' dir='ltr'><strong>vivunt,</strong></span> <span class='ocrx_word' id='word_1_771' title='bbox 3060 4365 3129 4421; x_wconf 92' lang='lat' dir='ltr'><strong>de</strong></span> <span class='ocrx_word' id='word_1_772' title='bbox 3158 4365 3220 4420; x_wconf 90' lang='lat' dir='ltr'><strong>iis</strong></span> <span class='ocrx_word' id='word_1_773' title='bbox 3246 4380 3363 4435; x_wconf 65' lang='lat' dir='ltr'><strong>quae</strong></span> <span class='ocrx_word' id='word_1_774' title='bbox 3388 4378 3565 4419; x_wconf 86' lang='lat' dir='ltr'><strong>aerem</strong></span> 
     </span>
    </p>
   </div>
   <div class='ocr_carea' id='block_1_106' title="bbox 2010 4458 3575 4534">
    <p class='ocr_par' dir='ltr' id='par_1_106' title="bbox 2010 4458 3575 4534">
     <span class='ocr_line' id='line_1_106' title="bbox 2010 4458 3575 4534; baseline -0.004 -15"><span class='ocrx_word' id='word_1_775' title='bbox 2010 4465 2200 4534; x_wconf 91' lang='lat' dir='ltr'><strong>pennis</strong></span> <span class='ocrx_word' id='word_1_776' title='bbox 2251 4471 2472 4527; x_wconf 88' lang='lat' dir='ltr'><strong>secant,</strong></span> <span class='ocrx_word' id='word_1_777' title='bbox 2503 4463 2572 4517; x_wconf 92' lang='lat' dir='ltr'><strong>de</strong></span> <span class='ocrx_word' id='word_1_778' title='bbox 2615 4462 2723 4516; x_wconf 89' lang='lat' dir='ltr'><strong>illis</strong></span> <span class='ocrx_word' id='word_1_779' title='bbox 2770 4476 2887 4529; x_wconf 67' lang='lat' dir='ltr'><strong>quae</strong></span> <span class='ocrx_word' id='word_1_780' title='bbox 2938 4461 3085 4515; x_wconf 91' lang='lat' dir='ltr'><strong>humi</strong></span> <span class='ocrx_word' id='word_1_781' title='bbox 3128 4468 3350 4529; x_wconf 90' lang='lat' dir='ltr'><strong>repunt,</strong></span> <span class='ocrx_word' id='word_1_782' title='bbox 3402 4458 3575 4528; x_wconf 89' lang='lat' dir='ltr'><strong>deque</strong></span> 
     </span>
    </p>
   </div>
   <div class='ocr_carea' id='block_1_107' title="bbox 2012 4548 3571 4624">
    <p class='ocr_par' dir='ltr' id='par_1_107' title="bbox 2012 4548 3571 4624">
     <span class='ocr_line' id='line_1_107' title="bbox 2012 4548 3571 4624; baseline -0.007 -14"><span class='ocrx_word' id='word_1_783' title='bbox 2012 4555 2144 4624; x_wconf 88' lang='lat' dir='ltr'><strong>ipsis</strong></span> <span class='ocrx_word' id='word_1_784' title='bbox 2167 4552 2350 4607; x_wconf 92' lang='lat' dir='ltr'><strong>mundi</strong></span> <span class='ocrx_word' id='word_1_785' title='bbox 2375 4552 2657 4607; x_wconf 90' lang='lat' dir='ltr'><strong>elementis</strong></span> <span class='ocrx_word' id='word_1_786' title='bbox 2683 4551 2847 4605; x_wconf 90' lang='lat' dir='ltr'><strong>multa</strong></span> <span class='ocrx_word' id='word_1_787' title='bbox 2877 4550 3145 4615; x_wconf 91' lang='lat' dir='ltr'><strong>disserui,</strong></span> <span class='ocrx_word' id='word_1_788' title='bbox 3174 4558 3228 4603; x_wconf 91' lang='lat' dir='ltr'><strong>et</strong></span> <span class='ocrx_word' id='word_1_789' title='bbox 3257 4549 3310 4602; x_wconf 91' lang='lat' dir='ltr'><strong>in</strong></span> <span class='ocrx_word' id='word_1_790' title='bbox 3351 4548 3571 4616; x_wconf 91' lang='lat' dir='ltr'><strong>singulis</strong></span> 
     </span>
    </p>
   </div>
   <div class='ocr_carea' id='block_1_108' title="bbox 2012 4641 3576 4706">
    <p class='ocr_par' dir='ltr' id='par_1_108' title="bbox 2012 4641 3576 4706">
     <span class='ocr_line' id='line_1_108' title="bbox 2012 4641 3576 4706; baseline -0.007 -7"><span class='ocrx_word' id='word_1_791' title='bbox 2012 4660 2116 4700; x_wconf 89' lang='lat' dir='ltr'><strong>una</strong></span> <span class='ocrx_word' id='word_1_792' title='bbox 2131 4658 2263 4700; x_wconf 88' lang='lat' dir='ltr'><strong>voce</strong></span> <span class='ocrx_word' id='word_1_793' title='bbox 2273 4643 2425 4699; x_wconf 91' lang='lat' dir='ltr'><strong>simul</strong></span> <span class='ocrx_word' id='word_1_794' title='bbox 2439 4641 2854 4697; x_wconf 88' lang='lat' dir='ltr'><strong>acclamabamus</strong></span> <span class='ocrx_word' id='word_1_795' title='bbox 2871 4654 3077 4706; x_wconf 91' lang='lat' dir='ltr'><strong>omnes,</strong></span> <span class='ocrx_word' id='word_1_796' title='bbox 3096 4653 3217 4692; x_wconf 89' lang='lat' dir='ltr'><strong>cum</strong></span> <span class='ocrx_word' id='word_1_797' title='bbox 3230 4650 3380 4691; x_wconf 90' lang='lat' dir='ltr'><strong>mens</strong></span> <span class='ocrx_word' id='word_1_798' title='bbox 3396 4645 3576 4690; x_wconf 84' lang='lat' dir='ltr'><strong>nostra</strong></span> 
     </span>
    </p>
   </div>
   <div class='ocr_carea' id='block_1_109' title="bbox 2014 4728 3577 4803">
    <p class='ocr_par' dir='ltr' id='par_1_109' title="bbox 2014 4728 3577 4803">
     <span class='ocr_line' id='line_1_109' title="bbox 2014 4728 3577 4803; baseline -0.009 -12"><span class='ocrx_word' id='word_1_799' title='bbox 2014 4744 2093 4791; x_wconf 92' lang='lat' dir='ltr'><strong>tot</strong></span> <span class='ocrx_word' id='word_1_800' title='bbox 2115 4736 2402 4790; x_wconf 89' lang='lat' dir='ltr'><strong>immensas</strong></span> <span class='ocrx_word' id='word_1_801' title='bbox 2416 4748 2545 4803; x_wconf 89' lang='lat' dir='ltr'><strong>opes</strong></span> <span class='ocrx_word' id='word_1_802' title='bbox 2567 4747 2760 4802; x_wconf 90' lang='lat' dir='ltr'><strong>capere</strong></span> <span class='ocrx_word' id='word_1_803' title='bbox 2780 4745 2885 4785; x_wconf 92' lang='lat' dir='ltr'><strong>non</strong></span> <span class='ocrx_word' id='word_1_804' title='bbox 2914 4738 3131 4799; x_wconf 88' lang='lat' dir='ltr'><strong>posset:</strong></span> <span class='ocrx_word' id='word_1_805' title='bbox 3162 4729 3327 4795; x_wconf 80' lang='lat' dir='ltr'><strong>Quam</strong></span> <span class='ocrx_word' id='word_1_806' title='bbox 3354 4728 3577 4797; x_wconf 77' lang='lat' dir='ltr'><strong>magniﬁ-</strong></span> 
     </span>
    </p>
   </div>
   <div class='ocr_carea' id='block_1_110' title="bbox 2014 4816 3562 4895">
    <p class='ocr_par' dir='ltr' id='par_1_110' title="bbox 2014 4816 3562 4895">
     <span class='ocr_line' id='line_1_110' title="bbox 2014 4816 3562 4895; baseline -0.009 -13"><span class='ocrx_word' id='word_1_807' title='bbox 2014 4838 2125 4882; x_wconf 85' lang='lat' dir='ltr'><strong>cata</strong></span> <span class='ocrx_word' id='word_1_808' title='bbox 2147 4835 2261 4882; x_wconf 88' lang='lat' dir='ltr'><strong>sunt</strong></span> <span class='ocrx_word' id='word_1_809' title='bbox 2279 4841 2432 4895; x_wconf 87' lang='lat' dir='ltr'><strong>opera</strong></span> <span class='ocrx_word' id='word_1_810' title='bbox 2451 4834 2558 4890; x_wconf 70' lang='lat' dir='ltr'><strong>tua,</strong></span> <span class='ocrx_word' id='word_1_811' title='bbox 2586 4821 2837 4876; x_wconf 85' lang='lat' dir='ltr'><strong>Domine!</strong></span> <span class='ocrx_word' id='word_1_812' title='bbox 2860 4820 3030 4874; x_wconf 86' lang='lat' dir='ltr'><strong>omnia</strong></span> <span class='ocrx_word' id='word_1_813' title='bbox 3054 4820 3107 4873; x_wconf 90' lang='lat' dir='ltr'><strong>in</strong></span> <span class='ocrx_word' id='word_1_814' title='bbox 3135 4817 3380 4888; x_wconf 82' lang='lat' dir='ltr'><strong>sapientia</strong></span> <span class='ocrx_word' id='word_1_815' title='bbox 3402 4816 3562 4886; x_wconf 72' lang='lat' dir='ltr'><strong>fecisti</strong></span> 
     </span>
    </p>
   </div>
   <div class='ocr_carea' id='block_1_111' title="bbox 2016 4908 3580 4991">
    <p class='ocr_par' dir='ltr' id='par_1_111' title="bbox 2016 4908 3580 4991">
     <span class='ocr_line' id='line_1_111' title="bbox 2016 4908 3580 4991; baseline -0.009 -17"><span class='ocrx_word' id='word_1_816' title='bbox 2016 4918 2187 4991; x_wconf 85' lang='lat' dir='ltr'><strong>(Psal.</strong></span> <span class='ocrx_word' id='word_1_817' title='bbox 2217 4918 2308 4974; x_wconf 84' lang='grc'><strong>91.</strong></span> <span class='ocrx_word' id='word_1_818' title='bbox 2336 4916 2415 4987; x_wconf 87' lang='lat'><strong>6).</strong></span> <span class='ocrx_word' id='word_1_819' title='bbox 2444 4916 2625 4984; x_wconf 87' lang='lat' dir='ltr'><strong>Neque</strong></span> <span class='ocrx_word' id='word_1_820' title='bbox 2651 4928 2775 4969; x_wconf 86' lang='lat' dir='ltr'><strong>vero</strong></span> <span class='ocrx_word' id='word_1_821' title='bbox 2803 4922 3019 4982; x_wconf 90' lang='lat' dir='ltr'><strong>propter</strong></span> <span class='ocrx_word' id='word_1_822' title='bbox 3044 4908 3431 4965; x_wconf 88' lang='lat' dir='ltr'><strong>multitudinem</strong></span> <span class='ocrx_word' id='word_1_823' title='bbox 3458 4916 3580 4961; x_wconf 85' lang='lat' dir='ltr'><strong>tan-</strong></span> 
     </span>
    </p>
   </div>
   <div class='ocr_carea' id='block_1_112' title="bbox 2018 5001 3583 5076">
    <p class='ocr_par' dir='ltr' id='par_1_112' title="bbox 2018 5001 3583 5076">
     <span class='ocr_line' id='line_1_112' title="bbox 2018 5001 3583 5076; baseline -0.008 -12"><span class='ocrx_word' id='word_1_824' title='bbox 2018 5020 2129 5065; x_wconf 90' lang='lat' dir='ltr'><strong>tum</strong></span> <span class='ocrx_word' id='word_1_825' title='bbox 2155 5009 2250 5063; x_wconf 88' lang='lat' dir='ltr'><strong>Dei</strong></span> <span class='ocrx_word' id='word_1_826' title='bbox 2273 5005 2587 5076; x_wconf 89' lang='lat' dir='ltr'><strong>sapientiam</strong></span> <span class='ocrx_word' id='word_1_827' title='bbox 2611 5002 2955 5066; x_wconf 88' lang='lat' dir='ltr'><strong>mirabamur,</strong></span> <span class='ocrx_word' id='word_1_828' title='bbox 2981 5001 3075 5056; x_wconf 91' lang='lat' dir='ltr'><strong>sed</strong></span> <span class='ocrx_word' id='word_1_829' title='bbox 3108 5008 3162 5055; x_wconf 89' lang='lat' dir='ltr'><strong>et</strong></span> <span class='ocrx_word' id='word_1_830' title='bbox 3197 5007 3411 5069; x_wconf 87' lang='lat' dir='ltr'><strong>propter</strong></span> <span class='ocrx_word' id='word_1_831' title='bbox 3438 5006 3583 5052; x_wconf 89' lang='lat' dir='ltr'><strong>utra-</strong></span> 
     </span>
    </p>
   </div>
   <div class='ocr_carea' id='block_1_113' title="bbox 2015 5088 3573 5173">
    <p class='ocr_par' dir='ltr' id='par_1_113' title="bbox 2015 5088 3573 5173">
     <span class='ocr_line' id='line_1_113' title="bbox 2015 5088 3573 5173; baseline -0.011 -16"><span class='ocrx_word' id='word_1_832' title='bbox 2015 5118 2120 5173; x_wconf 91' lang='lat' dir='ltr'><strong>que</strong></span> <span class='ocrx_word' id='word_1_833' title='bbox 2140 5100 2254 5156; x_wconf 84' lang='lat' dir='ltr'><strong>haec</strong></span> <span class='ocrx_word' id='word_1_834' title='bbox 2277 5099 2401 5166; x_wconf 92' lang='lat' dir='ltr'><strong>duo,</strong></span> <span class='ocrx_word' id='word_1_835' title='bbox 2424 5098 2563 5167; x_wconf 90' lang='lat' dir='ltr'><strong>quod</strong></span> <span class='ocrx_word' id='word_1_836' title='bbox 2586 5103 2641 5152; x_wconf 91' lang='lat' dir='ltr'><strong>et</strong></span> <span class='ocrx_word' id='word_1_837' title='bbox 2664 5093 2936 5165; x_wconf 89' lang='lat' dir='ltr'><strong>pulchram</strong></span> <span class='ocrx_word' id='word_1_838' title='bbox 2973 5101 3029 5149; x_wconf 90' lang='lat' dir='ltr'><strong>et</strong></span> <span class='ocrx_word' id='word_1_839' title='bbox 3053 5106 3297 5162; x_wconf 88' lang='lat' dir='ltr'><strong>magnam</strong></span> <span class='ocrx_word' id='word_1_840' title='bbox 3323 5098 3377 5144; x_wconf 90' lang='lat' dir='ltr'><strong>et</strong></span> <span class='ocrx_word' id='word_1_841' title='bbox 3403 5088 3573 5143; x_wconf 90' lang='lat' dir='ltr'><strong>admi-</strong></span> 
     </span>
    </p>
   </div>
   <div class='ocr_carea' id='block_1_114' title="bbox 2018 5180 3577 5255">
    <p class='ocr_par' dir='ltr' id='par_1_114' title="bbox 2018 5180 3577 5255">
     <span class='ocr_line' id='line_1_114' title="bbox 2018 5180 3577 5255; baseline -0.011 -5"><span class='ocrx_word' id='word_1_842' title='bbox 2018 5195 2240 5250; x_wconf 88' lang='lat' dir='ltr'><strong>rabilem</strong></span> <span class='ocrx_word' id='word_1_843' title='bbox 2268 5190 2564 5247; x_wconf 90' lang='lat' dir='ltr'><strong>condiderit</strong></span> <span class='ocrx_word' id='word_1_844' title='bbox 2587 5197 2902 5254; x_wconf 88' lang='lat' dir='ltr'><strong>creaturam,</strong></span> <span class='ocrx_word' id='word_1_845' title='bbox 2942 5193 2997 5241; x_wconf 93' lang='lat' dir='ltr'><strong>et</strong></span> <span class='ocrx_word' id='word_1_846' title='bbox 3032 5183 3173 5255; x_wconf 93' lang='lat' dir='ltr'><strong>quod</strong></span> <span class='ocrx_word' id='word_1_847' title='bbox 3214 5182 3378 5237; x_wconf 87' lang='lat' dir='ltr'><strong>multa</strong></span> <span class='ocrx_word' id='word_1_848' title='bbox 3407 5180 3577 5234; x_wconf 89' lang='lat' dir='ltr'><strong>imbe-</strong></span> 
     </span>
    </p>
   </div>
   <div class='ocr_carea' id='block_1_115' title="bbox 2016 5268 3576 5353">
    <p class='ocr_par' dir='ltr' id='par_1_115' title="bbox 2016 5268 3576 5353">
     <span class='ocr_line' id='line_1_115' title="bbox 2016 5268 3576 5353; baseline -0.014 -11"><span class='ocrx_word' id='word_1_849' title='bbox 2016 5285 2252 5343; x_wconf 87' lang='lat' dir='ltr'><strong>cillitatis</strong></span> <span class='ocrx_word' id='word_1_850' title='bbox 2280 5283 2394 5353; x_wconf 89' lang='lat' dir='ltr'><strong>ejus</strong></span> <span class='ocrx_word' id='word_1_851' title='bbox 2429 5282 2621 5337; x_wconf 89' lang='lat' dir='ltr'><strong>indicia</strong></span> <span class='ocrx_word' id='word_1_852' title='bbox 2650 5280 2809 5335; x_wconf 91' lang='lat' dir='ltr'><strong>rebus</strong></span> <span class='ocrx_word' id='word_1_853' title='bbox 2835 5292 2954 5347; x_wconf 62' lang='lat' dir='ltr'><strong>qua:</strong></span> <span class='ocrx_word' id='word_1_854' title='bbox 2985 5283 3274 5331; x_wconf 90' lang='lat' dir='ltr'><strong>cernuntur</strong></span> <span class='ocrx_word' id='word_1_855' title='bbox 3307 5268 3576 5333; x_wconf 83' lang='lat' dir='ltr'><strong>indiderit,</strong></span> 
     </span>
    </p>
   </div>
   <div class='ocr_carea' id='block_1_116' title="bbox 2016 5363 3574 5445">
    <p class='ocr_par' dir='ltr' id='par_1_116' title="bbox 2016 5363 3574 5445">
     <span class='ocr_line' id='line_1_116' title="bbox 2016 5363 3574 5445; baseline -0.015 -11"><span class='ocrx_word' id='word_1_856' title='bbox 2016 5387 2129 5434; x_wconf 89' lang='lat' dir='ltr'><strong>tum</strong></span> <span class='ocrx_word' id='word_1_857' title='bbox 2148 5384 2208 5433; x_wconf 90' lang='lat' dir='ltr'><strong>ut</strong></span> <span class='ocrx_word' id='word_1_858' title='bbox 2226 5376 2295 5431; x_wconf 91' lang='lat' dir='ltr'><strong>ob</strong></span> <span class='ocrx_word' id='word_1_859' title='bbox 2317 5373 2627 5445; x_wconf 88' lang='lat' dir='ltr'><strong>sapientiam</strong></span> <span class='ocrx_word' id='word_1_860' title='bbox 2644 5371 2903 5435; x_wconf 90' lang='lat' dir='ltr'><strong>laudetur,</strong></span> <span class='ocrx_word' id='word_1_861' title='bbox 2932 5377 3089 5438; x_wconf 90' lang='lat' dir='ltr'><strong>atque</strong></span> <span class='ocrx_word' id='word_1_862' title='bbox 3112 5366 3178 5421; x_wconf 90' lang='lat' dir='ltr'><strong>ad</strong></span> <span class='ocrx_word' id='word_1_863' title='bbox 3200 5363 3397 5418; x_wconf 91' lang='lat' dir='ltr'><strong>cultum</strong></span> <span class='ocrx_word' id='word_1_864' title='bbox 3420 5374 3574 5414; x_wconf 87' lang='lat' dir='ltr'><strong>suurn</strong></span> 
     </span>
    </p>
   </div>
   <div class='ocr_carea' id='block_1_117' title="bbox 2015 5450 3575 5539">
    <p class='ocr_par' dir='ltr' id='par_1_117' title="bbox 2015 5450 3575 5539">
     <span class='ocr_line' id='line_1_117' title="bbox 2015 5450 3575 5539; baseline -0.015 -13"><span class='ocrx_word' id='word_1_865' title='bbox 2015 5485 2110 5526; x_wconf 90' lang='lat' dir='ltr'><strong>eos</strong></span> <span class='ocrx_word' id='word_1_866' title='bbox 2149 5468 2239 5539; x_wconf 92' lang='lat' dir='ltr'><strong>qui</strong></span> <span class='ocrx_word' id='word_1_867' title='bbox 2280 5473 2504 5522; x_wconf 91' lang='lat' dir='ltr'><strong>cernunt</strong></span> <span class='ocrx_word' id='word_1_868' title='bbox 2539 5463 2766 5526; x_wconf 90' lang='lat' dir='ltr'><strong>alliciat;</strong></span> <span class='ocrx_word' id='word_1_869' title='bbox 2799 5469 2909 5515; x_wconf 89' lang='lat' dir='ltr'><strong>tum</strong></span> <span class='ocrx_word' id='word_1_870' title='bbox 2938 5474 3007 5513; x_wconf 91' lang='lat' dir='ltr'><strong>ne</strong></span> <span class='ocrx_word' id='word_1_871' title='bbox 3042 5457 3294 5512; x_wconf 88' lang='lat' dir='ltr'><strong>Creatore</strong></span> <span class='ocrx_word' id='word_1_872' title='bbox 3335 5450 3575 5514; x_wconf 87' lang='lat' dir='ltr'><strong>dimisso,</strong></span> 
     </span>
    </p>
   </div>
   <div class='ocr_carea' id='block_1_118' title="bbox 2017 5544 3575 5635">
    <p class='ocr_par' dir='ltr' id='par_1_118' title="bbox 2017 5544 3575 5635">
     <span class='ocr_line' id='line_1_118' title="bbox 2017 5544 3575 5635; baseline -0.015 -15"><span class='ocrx_word' id='word_1_873' title='bbox 2017 5564 2105 5635; x_wconf 92' lang='lat' dir='ltr'><strong>qui</strong></span> <span class='ocrx_word' id='word_1_874' title='bbox 2134 5558 2573 5634; x_wconf 86' lang='lat' dir='ltr'><strong>pulchritudinem</strong></span> <span class='ocrx_word' id='word_1_875' title='bbox 2601 5570 2664 5610; x_wconf 89' lang='lat' dir='ltr'><strong>ac</strong></span> <span class='ocrx_word' id='word_1_876' title='bbox 2690 5551 3103 5623; x_wconf 89' lang='lat' dir='ltr'><strong>magnitudinem</strong></span> <span class='ocrx_word' id='word_1_877' title='bbox 3134 5547 3342 5603; x_wconf 90' lang='lat' dir='ltr'><strong>illarum</strong></span> <span class='ocrx_word' id='word_1_878' title='bbox 3368 5544 3575 5598; x_wconf 77' lang='lat' dir='ltr'><strong>intuen-</strong></span> 
     </span>
    </p>
   </div>
   <div class='ocr_carea' id='block_1_119' title="bbox 2080 5655 3578 5741">
    <p class='ocr_par' dir='ltr' id='par_1_119' title="bbox 2080 5655 3578 5741">
     <span class='ocr_line' id='line_1_119' title="bbox 2080 5655 3578 5741; baseline -0.017 -13"><span class='ocrx_word' id='word_1_879' title='bbox 2080 5676 2153 5740; x_wconf 93' lang='lat' dir='ltr'><strong>(a)</strong></span> <span class='ocrx_word' id='word_1_880' title='bbox 2178 5673 2309 5732; x_wconf 82' lang='lat' dir='ltr'><strong>Haec,</strong></span> <span class='ocrx_word' id='word_1_881' title='bbox 2327 5683 2441 5741; x_wconf 71' lang='lat' dir='ltr'><strong>quae</strong></span> <span class='ocrx_word' id='word_1_882' title='bbox 2452 5669 2510 5719; x_wconf 88' lang='lat' dir='ltr'><strong>ad</strong></span> <span class='ocrx_word' id='word_1_883' title='bbox 2530 5662 3092 5741; x_wconf 60' lang='lat' dir='ltr'><strong>hujushomilitehabitaa</strong></span> <span class='ocrx_word' id='word_1_884' title='bbox 3107 5666 3301 5721; x_wconf 87' lang='lat' dir='ltr'><strong>tempus</strong></span> <span class='ocrx_word' id='word_1_885' title='bbox 3311 5655 3578 5720; x_wconf 83' lang='lat' dir='ltr'><strong>pertinent,</strong></span> 
     </span>
    </p>
   </div>
   <div class='ocr_carea' id='block_1_120' title="bbox 2018 5735 2996 5806">
    <p class='ocr_par' dir='ltr' id='par_1_120' title="bbox 2018 5735 2996 5806">
     <span class='ocr_line' id='line_1_120' title="bbox 2018 5735 2996 5806; baseline -0.026 -9"><span class='ocrx_word' id='word_1_886' title='bbox 2018 5735 2238 5806; x_wconf 82' lang='lat' dir='ltr'><strong>pluribus</strong></span> <span class='ocrx_word' id='word_1_887' title='bbox 2260 5735 2551 5788; x_wconf 77' lang='lat' dir='ltr'><strong>escussimus</strong></span> <span class='ocrx_word' id='word_1_888' title='bbox 2573 5735 2621 5781; x_wconf 87' lang='lat' dir='ltr'><strong>in</strong></span> <span class='ocrx_word' id='word_1_889' title='bbox 2647 5735 2816 5778; x_wconf 79' lang='lat' dir='ltr'><strong>Montto</strong></span> <span class='ocrx_word' id='word_1_890' title='bbox 2838 5736 2996 5787; x_wconf 84' lang='lat' dir='ltr'><strong>supra.</strong></span> 
     </span>
    </p>
   </div>
  </div>
