4094 6256
528 318 634 374 655

532 442 639 497 tur,
666 443 762 499 pro
782 428 873 483 illo
899 442 983 483 res
1007 426 1174 481 oculis
1194 424 1458 493 subjectas
1484 424 1728 489 adorent,
1755 439 1877 479 cum
1901 438 1962 477 ea
1984 437 2103 493 quae

530 525 585 578 in
620 524 721 578 illis
749 529 969 592 apparet
1000 518 1355 585 imbecillitas,
1385 518 1645 587 ejusmodi
1685 517 1949 586 corrigere
1978 531 2103 585 pos-

530 617 602 671 sit
631 629 889 670 errorem.
932 612 1058 667 item
1098 626 1204 680 quo
1246 620 1400 679 pacto
1429 620 1669 664 creatura
1698 610 1871 663 omnis
1912 624 2104 662 corru-

533 707 701 776 ptioni
726 714 806 759 est
835 703 1082 767 obnoxia,
1113 711 1169 756 et
1196 701 1261 755 ad
1289 702 1560 756 meliorem
1600 701 1832 768 speciem
1877 697 2105 753 transfe-

533 808 702 861 retur,
732 796 918 866 majori
946 796 1113 865 gloria
1145 793 1466 863 perfruetur,
1499 804 1553 849 et
1578 794 1810 863 quando,
1838 802 1893 848 et
1918 808 2102 863 quare,

531 899 586 943 et
612 902 707 943 cur
732 887 961 941 obnoxia
988 886 1317 957 corruptioni
1339 887 1406 939 sit
1430 885 1590 950 edita,
1613 894 1772 953 atque
1794 884 1908 939 haec
1928 884 2106 939 omnia

535 990 645 1033 tum
687 978 826 1048 apud
869 992 965 1032 vos
1007 976 1530 1046 philosophabamur,
1577 977 1776 1045 Deique
1816 976 2103 1045 potentiam

534 1070 661 1125 inde
697 1068 1215 1134 demonstrabamns,
1248 1068 1388 1138 quod
1426 1068 1477 1123 in
1529 1067 1961 1137 corruptibilibus
1988 1080 2109 1123 cor-

534 1161 752 1232 poribus
783 1169 983 1215 tantam
1011 1160 1309 1215 condiderit
1348 1159 1813 1229 pulchritudinem,
1854 1173 2012 1228 quam
2054 1166 2110 1213 et

537 1269 566 1305 a
625 1253 883 1323 principio
910 1251 1049 1305 Deus
1075 1252 1176 1305 illis
1202 1250 1459 1315 attribuit,
1489 1250 1744 1314 siderum,
1786 1250 1900 1304 cali
1938 1258 1992 1304 et
2016 1263 2110 1303 so-

534 1343 620 1400 lis.
646 1343 782 1397 Vere
810 1356 1036 1410 namque
1057 1341 1234 1396 mirari
1264 1356 1566 1410 possumus,
1599 1356 1701 1410 qua
1730 1340 1956 1402 ratione,
1987 1353 2106 1393 cum

534 1442 616 1487 tot
637 1432 761 1487 anni
790 1433 898 1487 sint
925 1432 1111 1501 elapsi,
1144 1432 1271 1485 nihil
1301 1432 1403 1487 tale
1431 1432 1537 1487 sint
1557 1446 1730 1501 passa,
1754 1431 1909 1500 quale
1929 1440 2109 1484 nostra

537 1539 763 1592 corpora
812 1522 1102 1591 patiuntur,
1141 1537 1313 1592 neque
1355 1530 1630 1577 senectute
1670 1520 1877 1576 reddita
1917 1520 2112 1575 fuerint

551 1613 913 1680 imbecilliora,
955 1628 1129 1683 neque
1160 1613 1345 1668 morbo
1372 1614 1455 1667 vel
1483 1612 1792 1683 argritudine
1817 1612 1989 1681 aliqua
2014 1611 2115 1666 de-

538 1704 742 1759 bilitata
772 1705 897 1770 sint,
931 1704 1021 1758 sed
1048 1704 1153 1758 vim
1180 1719 1242 1759 ac
1264 1703 1704 1774 pulchritudinem
1728 1716 1910 1767 suam,
1928 1717 2109 1773 quam,

542 1806 597 1849 ut
622 1804 742 1849 ante
767 1796 895 1860 dixi,
925 1797 1062 1850 Deus
1092 1796 1195 1850 illis
1220 1797 1551 1862 attribuerat,
1580 1809 1863 1863 perennem
1893 1808 2112 1848 conser-

454 1927 458 1935 .
539 1895 686 1948 vent,
717 1895 769 1939 et
790 1900 959 1955 neque
979 1885 1108 1940 solis
1133 1894 1505 1955 consumptum
1526 1885 1596 1940 sit
1618 1884 1818 1948 lumen,
1847 1898 2020 1951 neque
2040 1883 2115 1937 si-

538 1978 724 2031 derum
747 1977 996 2046 splendor
1017 1979 1353 2045 obscuratus,
1378 1992 1548 2046 neque
1567 1978 1683 2031 caeli
1704 1976 1873 2046 fulgor
1893 1974 2113 2029 efﬂuxe-

539 2070 631 2133 rit,
663 2084 768 2124 non
797 2070 961 2124 maris
990 2070 1201 2124 termini
1227 2070 1344 2124 loco
1372 2069 1499 2123 moti
1528 2069 1653 2131 sint,
1686 2082 1790 2122 non
1822 2076 1976 2121 terra:
2001 2066 2112 2120 vir-

541 2169 628 2214 tns
657 2161 723 2215 ad
754 2170 933 2230 partus
957 2177 1162 2216 annuos
1190 2161 1451 2216 fructuum
1480 2158 1715 2215 edendos
1741 2159 1999 2213 exstincta
2022 2156 2111 2212 sit.

545 2253 672 2307 llmc
700 2264 875 2308 autem
908 2255 1085 2307 omnia
1130 2253 1454 2323 corruptioni
1480 2267 1601 2307 esse
1624 2251 1853 2307 obnoxia
1886 2264 2006 2305 cum
2047 2265 2115 2305 ex

540 2346 855 2410 rationibus,
896 2356 1002 2399 tum
1043 2361 1110 2400 ex
1147 2345 1316 2401 sacris
1344 2345 1542 2401 Literis
1566 2342 2050 2398 demonstravimus
2095 2359 2110 2394 :

542 2435 764 2505 pulchra
792 2452 919 2490 vero
948 2437 1034 2490 illa
1060 2450 1181 2491 esse
1217 2450 1281 2491 ac
1307 2436 1582 2505 splendida
1617 2449 1874 2502 suumque
1902 2448 2117 2502 semper

543 2528 805 2597 integrum
853 2528 1085 2596 vigorem
1127 2541 1500 2591 conservaSse,
1549 2526 1886 2595 quotidianus
1931 2540 2115 2579 eorum

544 2620 632 2688 qni
657 2627 882 2672 cernunt
912 2628 1135 2675 testatur
1157 2627 1425 2687 aspectus,
1454 2618 1506 2671 in
1551 2631 1658 2686 quo
1700 2617 1925 2669 maxime
1949 2615 2121 2669 admi-

545 2710 742 2765 randus
770 2720 851 2764 est
881 2711 1038 2775 Deus,
1083 2712 1171 2779 qui
1214 2710 1292 2764 sic
1329 2724 1391 2764 ea
1427 2708 1495 2764 ab
1537 2708 1685 2762 initio
1718 2706 1971 2762 condidit.
2011 2705 2117 2762 Sed

545 2805 816 2871 quoniam,
857 2804 982 2858 dum
1020 2804 1133 2858 Ι]ωο
1160 2818 1189 2856 a
1230 2804 1383 2858 nobis
1421 2802 1744 2866 dicerentur,
1782 2801 2120 2871 refragaban-

548 2904 637 2949 tur
664 2895 902 2949 nonnulli
927 2895 1163 2951 dicentes
1197 2912 1209 2948 :
1239 2896 1398 2965 Igitur
1434 2896 1669 2949 omnium
1698 2910 1815 2964 qua:
1836 2893 1936 2948 sub
1962 2908 2118 2962 aspe-

547 2996 690 3039 ctum
712 2984 924 3053 cadunt,
949 2986 1261 3041 vilissimum
1283 2993 1366 3040 est
1388 2985 1566 3050 homo,
1588 2984 1846 3054 siquidem
1867 2983 1982 3039 caeli
2002 2997 2121 3039 cor-

547 3093 670 3148 pus,
702 3087 877 3143 terraz,
910 3079 1057 3144 solis,
1085 3088 1141 3135 et
1165 3079 1401 3133 omnium
1431 3079 1660 3133 siderum
1706 3086 1852 3132 tanto
1886 3088 2120 3146 tempore

549 3167 776 3233 duravit,
813 3170 897 3223 bic
934 3184 1063 3223 vero
1093 3178 1211 3238 post
1242 3183 1412 3223 annos
1441 3170 1774 3238 septuaginta
1815 3168 2121 3223 dissolvitur

548 3268 707 3329 atque
740 3261 921 3315 interit
952 3279 965 3314 :
999 3262 1225 3329 primum
1262 3262 1471 3330 quidem
1499 3261 1627 3314 illud
1656 3260 1972 3326 dixerimus,
2012 3273 2121 3313 non

549 3360 717 3404 totum
748 3352 941 3405 animal
974 3352 1232 3414 dissolvi,
1257 3354 1350 3406 scd
1387 3353 1701 3421 prtecipuam
1731 3350 2001 3419 magisque
2030 3364 2123 3403 ue-

550 3445 834 3497 cessariam
861 3453 1058 3512 partem
1090 3456 1343 3515 perpetuo
1374 3461 1610 3511 manere,
1642 3446 1869 3499 animam
1902 3446 2122 3498 immor-

551 3534 732 3597 talem,
765 3549 881 3601 qnzn
908 3534 1066 3587 nullis
1096 3535 1354 3602 ejusmodi
1399 3535 1597 3588 morbis
1626 3545 1707 3589 est
1734 3534 1976 3598 obnoxia,
2018 3533 2122 3588 mi-

553 3639 734 3677 norem
766 3633 940 3679 autetn
962 3626 1285 3695 corruptioni
1311 3641 1430 3681 esse
1450 3627 1732 3681 obnoxiam
1762 3643 1774 3679 :
1808 3624 1999 3681 deinde
2022 3625 2121 3681 hoc

552 3716 722 3782 ipsum
771 3716 1025 3783 majorem
1073 3717 1266 3771 cedere
1312 3718 1463 3771 nobis
1515 3718 1566 3771 in
1621 3717 1897 3772 honorem.
1943 3717 2124 3787 Neque

552 3808 692 3860 enim
724 3818 941 3871 temere,
982 3809 1062 3863 vel
1104 3810 1218 3863 sine
1257 3825 1436 3875 causa,
1473 3810 1564 3865 sed
1607 3820 1663 3887 et
1696 3810 1839 3879 juste
1878 3820 2034 3880 atque
2072 3812 2123 3865 in

553 3914 662 3952 rem
692 3909 923 3955 nostram
952 3909 1006 3954 et
1042 3911 1365 3957 senectutem
1396 3911 1449 3956 et
1490 3902 1703 3957 morbos
1732 3902 2053 3957 sustinemus
2094 3918 2111 3958 :

554 3989 689 4051 iuste
716 3992 949 4061 quidem,
979 3993 1116 4062 quod
1150 3994 1199 4046 in
1250 4003 1522 4062 peccatum
1558 3993 1692 4062 lapsi
1729 3992 1980 4049 fuerimus
2010 4010 2023 4047 :
2070 3994 2123 4048 in

552 4097 665 4135 rem
697 4091 930 4136 nostram
956 4093 1154 4149 autem,
1185 4092 1241 4137 ut
1280 4084 1564 4152 ingenitam
1612 4084 1763 4137 nobis
1807 4099 1871 4139 ex
1920 4084 2124 4152 ignavia

552 4172 855 4242 superbiam
886 4190 980 4243 per
1006 4174 1103 4228 hos
1146 4174 1384 4230 defectus
1411 4190 1474 4229 ac
1509 4175 1723 4228 morbos
1762 4176 2124 4230 retundamus.

552 4262 670 4319 Non
715 4264 873 4334 igitur
922 4275 980 4319 ut
1029 4265 1349 4323 contumelia
1402 4280 1499 4319 nos
1550 4263 1818 4329 alliceret,
1872 4264 1974 4320 hoc
2014 4265 2128 4320 fieri

554 4356 802 4423 permisit
841 4356 1001 4411 Deus.
1047 4357 1102 4411 Si
1146 4359 1286 4411 enim
1328 4356 1538 4412 allicere
1576 4358 1893 4412 contumelia
1934 4359 2128 4413 voluis-

556 4457 659 4512 set,
701 4462 805 4502 non
837 4449 1188 4504 immortalem
1218 4466 1337 4506 esse
1365 4449 1593 4504 animam
1624 4461 1857 4504 nostram
1895 4451 2126 4506 sivisset.

556 4538 664 4593 Sed
695 4554 886 4608 neque,
917 4540 1060 4611 quod
1100 4542 1363 4612 impotens
1392 4551 1554 4609 esset,
1598 4543 1701 4597 tale
1737 4552 1975 4597 nostrum
2005 4558 2127 4597 cor-

557 4644 657 4700 pus
697 4629 896 4685 eﬁ‘ecit.
936 4632 1146 4687 Etenim
1187 4635 1232 4687 si
1276 4633 1547 4688 imbecillis
1590 4642 1753 4701 esset,
1804 4648 2129 4704 nequaquam

558 4722 747 4775 caelum
778 4732 834 4777 et
861 4722 1055 4791 sidera,
1083 4733 1138 4779 et
1160 4734 1318 4780 terra:
1343 4740 1536 4796 corpus
1566 4736 1710 4779 tanto
1733 4736 1971 4795 tempore
1996 4727 2131 4780 tueri

558 4812 612 4865 in
648 4827 827 4867 rerum
871 4824 1055 4868 natura
1081 4814 1343 4884 potuisset
1374 4833 1386 4866 :
1414 4816 1508 4869 sed
1536 4824 1592 4868 ut
1616 4829 1713 4869 nos
1738 4815 1983 4870 meliores
2013 4831 2131 4869 mo-

559 4894 959 4972 deratioresque
1006 4904 1253 4960 redderet
1296 4905 1501 4974 sibique
1544 4905 1710 4975 magis
1759 4905 2128 4975 obsequentes,

559 4994 707 5065 quod
731 4996 904 5049 omnis
934 4998 1090 5052 nobis
1135 4998 1320 5052 salutis
1352 4999 1684 5053 occasionem
1722 4998 1962 5068 largitur.
2005 4998 2134 5052 Pro-

559 5097 742 5159 pterea
771 5102 877 5143 non
906 5089 1107 5157 effecit,
1132 5100 1188 5145 ut
1223 5100 1315 5146 aut
1349 5100 1621 5146 senectute
1658 5092 1870 5157 caelum,
1898 5100 1989 5145 aut
2016 5091 2134 5145 aliis

558 5177 880 5247 quibusdam
926 5178 1125 5233 talibus
1168 5180 1366 5234 morbis
1408 5181 1785 5250 corriperetur.
1828 5180 1963 5235 Cum
1990 5180 2133 5235 enim

563 5271 730 5326 libero
769 5270 990 5326 arbitrio
1027 5272 1096 5325 sit
1135 5281 1188 5325 et
1225 5273 1400 5325 anima
1429 5272 1761 5338 destitutum,
1799 5288 1971 5342 neque
2005 5288 2135 5343 peo-

562 5378 707 5422 care.
733 5378 904 5432 neque
931 5374 1075 5417 recte
1099 5377 1258 5433 agere
1281 5372 1455 5431 potest
1479 5382 1492 5418 :
1523 5364 1663 5419 unde
1683 5379 1852 5433 neque
1876 5364 2133 5434 ejusmodi

566 5453 940 5509 emendatione
968 5455 1042 5509 illi
1073 5462 1155 5510 est
1189 5470 1324 5524 opus
1361 5472 1375 5508 :
1407 5454 1560 5510 nobis
1596 5466 1770 5510 autem
1805 5456 1894 5526 qui
1932 5456 2136 5510 ratione

565 5557 748 5597 sumus
788 5554 844 5598 et
878 5545 1052 5599 anima
1083 5546 1346 5610 exornati,
1387 5547 1745 5601 necessarium
1777 5544 1897 5611 fuit,
1939 5554 1999 5600 ut
2041 5561 2137 5615 per

567 5634 665 5687 has
692 5635 1024 5692 inﬁrmitates
1050 5640 1369 5710 morbosque
1396 5638 1655 5695 modestia
1684 5647 1738 5694 et
1766 5637 2033 5693 humilitas
2057 5637 2138 5691 in-

568 5737 931 5796 generaretur,
961 5730 1384 5801 quandoquidem
1417 5745 1445 5785 a
1486 5730 1741 5802 principio
1780 5744 1887 5801 pra:
1929 5728 2138 5785 caeteris

1258 314 1317 369 S.
1354 310 1629 369 JOANNIS
1650 307 2122 367 CHRYSOSTOMI
2158 307 2472 366 ARCHIEP.
2510 309 3037 367 CONSTANTINOP.

3665 312 3794 366 636

2209 424 2459 479 omnibus
2503 425 2706 493 primus
2745 424 2905 479 homo
2932 424 3091 479 fuerit
3134 424 3189 480 in
3237 425 3536 495 superbiam
3585 425 3795 481 elatus.

2210 516 2460 586 Alioquin
2489 517 2533 571 si
2560 516 3005 586 quemadmodum
3036 527 3215 573 nostra
3241 532 3491 590 corpora,
3513 521 3595 577 sic
3617 526 3796 574 etiam

2209 605 2395 659 omium
2439 608 2782 662 constitutum
2829 607 3016 661 fuisset
3058 622 3121 663 ac
3163 613 3421 663 senectuti
3468 611 3794 672 obnoxium,

2211 697 2358 751 multi
2392 697 2732 753 Conditorem
2774 699 3151 755 imbecillitatis
3193 709 3552 764 accusassent,
3595 709 3653 754 ut
3690 703 3798 770 qui

2210 788 2430 844 minime
2455 800 2634 859 posset
2658 806 2820 844 unum
2847 805 3041 863 corpus
3081 792 3132 846 in
3168 793 3361 846 multos
3389 807 3648 847 annorum
3680 794 3799 849 eir-

2210 881 2385 935 cuitus
2422 895 2741 937 conservare
2780 899 2793 934 :
2831 882 2939 951 jam
2979 897 3108 937 vero
3136 884 3352 953 praecisa
3399 891 3481 938 est
3527 885 3631 942 illis
3671 885 3795 940 haec

2212 973 2455 1038 occasio,
2510 987 2629 1026 cum
2679 981 2825 1027 tanto
2876 981 3112 1042 tempore
3152 986 3311 1043 opera
3364 973 3529 1043 ipsius
3570 988 3799 1045 perma—

2212 1071 2392 1118 neant.

2285 1156 2339 1210 5.
2378 1154 2598 1210 Accedit
2619 1154 2683 1210 ad
2710 1169 2771 1209 ea
2797 1169 2915 1225 quae
2938 1155 3186 1221 diximus,
3208 1156 3349 1226 quod
3378 1171 3480 1210 non
3510 1157 3651 1212 intra
3682 1156 3793 1213 hoc

2213 1245 2465 1299 smculntn
2492 1259 2579 1299 res
2600 1255 2796 1300 nostra:
2822 1246 3132 1310 subsistunt,
3167 1246 3259 1300 sed
3294 1258 3570 1317 postquam
3598 1249 3653 1302 in
3689 1249 3799 1305 hac

2213 1336 2318 1389 vita
2358 1336 2519 1406 probe
2558 1335 2814 1391 fuerimus
2849 1337 3111 1406 castigati,
3145 1337 3333 1406 majori
3353 1351 3574 1406 corpora
3602 1349 3803 1394 nostra

2213 1442 2336 1483 cum
2366 1429 2530 1498 gloria
2561 1436 2857 1497 resurgent,
2885 1438 2939 1483 et
2967 1429 3119 1495 caelo,
3148 1430 3261 1483 sole
3283 1443 3346 1483 ac
3378 1431 3585 1484 caeteris
3607 1432 3803 1485 omni-

2214 1520 2312 1576 bus
2337 1519 2693 1588 splendidiora
2723 1529 3028 1585 cernentur,
3074 1529 3127 1575 et
3168 1520 3234 1576 ad
3273 1522 3545 1576 meliorem
3584 1531 3801 1578 sortem

2214 1611 2677 1681 conditionemque
2717 1611 3120 1666 transferentur.
3150 1612 3299 1667 Unus
3335 1628 3464 1683 ergo
3492 1615 3681 1669 modus
3704 1624 3802 1671 est

2215 1702 2530 1772 cognitionis
2555 1703 2685 1767 Dei,
2716 1717 2812 1772 per
2847 1703 3144 1757 universam
3174 1718 3365 1774 nempe
3409 1721 3585 1760 rerum
3629 1718 3806 1762 natu-

2215 1808 2373 1850 ram:
2413 1794 2547 1848 alter
2582 1808 2710 1848 vero
2748 1794 2916 1848 nihilo
2962 1794 3154 1859 minor,
3203 1794 3247 1849 is
3289 1810 3445 1864 quem
3489 1798 3800 1866 suppeditat

2215 1882 2560 1950 conscientia,
2592 1898 2748 1954 quem
2788 1885 2957 1955 ipsum
2989 1890 3115 1939 tunc
3138 1884 3377 1954 pluribus
3406 1887 3579 1942 verbis
3619 1904 3795 1958 expo-

2216 1976 2451 2039 suimus,
2488 1976 2749 2045 simulque
2788 1977 3115 2031 ostendimus
3153 1977 3362 2031 insitam
3401 1993 3518 2032 esse
3562 1980 3714 2035 nobis
3755 1997 3799 2037 δ

2215 2074 2404 2123 natura
2431 2068 2686 2123 bonarum
2713 2069 3075 2139 malarumque
3100 2084 3277 2124 rerum
3308 2071 3684 2138 cognitionem,
3735 2086 3797 2129 et

2216 2160 2593 2214 conscientiam
2627 2159 2778 2216 nobis
2817 2160 3039 2215 interius
3062 2158 3177 2215 haec
3210 2170 3399 2215 cuncta
3426 2160 3643 2217 dictare.
3675 2163 3796 2218 Duo

2217 2251 2412 2320 quippe
2436 2250 2589 2305 nobis
2614 2266 2644 2305 a
2668 2251 2924 2321 principio
2947 2250 3054 2307 dati
3079 2259 3202 2305 sunt
3236 2266 3265 2304 a
3296 2259 3481 2305 natura
3522 2252 3798 2318 doctores.

2217 2350 2481 2406 creatura,
2511 2349 2564 2395 et
2590 2341 2931 2407 conscientia,
2959 2341 3050 2411 qui
3073 2340 3188 2395 sine
3227 2356 3358 2395 voce
3398 2341 3504 2395 ulla
3545 2342 3797 2398 homines

2218 2434 2582 2489 instituebant.
2611 2432 2742 2488 Nam
2768 2443 2823 2488 et
2851 2442 3091 2488 creatura
3128 2441 3415 2503 conspectu
3444 2448 3540 2488 suo
3578 2446 3801 2502 specta-

2221 2535 2388 2582 torem
2413 2524 2856 2595 obstupefaciens,
2886 2525 3031 2580 illum
3052 2532 3238 2579 cuncta
3259 2536 3561 2579 cernentem
3584 2525 3649 2579 ad
3672 2526 3802 2594 ejus

2219 2616 2309 2686 qui
2340 2616 2505 2685 ipsam
2534 2616 2770 2671 condidit
2792 2614 3192 2670 admirationem
3218 2615 3441 2670 traducit
3467 2633 3480 2668 :
3512 2618 3798 2670 conscien-

2220 2709 2292 2763 tia
2329 2723 2476 2771 vero.
2515 2724 2632 2778 quae
2662 2710 2800 2762 intus
2833 2707 3017 2773 dictat,
3049 2708 3226 2761 omnia
3251 2722 3367 2777 quae
3399 2706 3632 2760 facienda
3663 2716 3797 2761 sunt

2220 2799 2471 2869 suggerit,
2512 2798 2731 2868 ejusque
2766 2798 3014 2855 virtutem
3054 2806 3111 2853 et
3134 2797 3386 2867 judicium
3428 2812 3489 2850 ex
3538 2797 3656 2864 ipso
3695 2813 3789 2851 re-

2221 2906 2339 2947 rum
2376 2900 2590 2960 aspectu
2619 2890 3084 2960 deprehendimus.
3118 2889 3248 2943 Dum
3274 2889 3409 2942 enim
3436 2888 3572 2941 intus
3602 2900 3798 2955 pecco.-

2222 2993 2334 3039 tum
2375 2993 2607 3046 accusat,
2646 2984 2848 3038 vultum
2894 2981 3168 3037 confundit
3210 2982 3468 3045 exterius,
3517 2995 3579 3033 ac
3625 2981 3793 3033 multo

2222 3090 2453 3130 moerere
2477 3074 2726 3145 complet.
2753 3074 2960 3129 Rursus
3001 3071 3223 3141 pallidos
3250 3070 3427 3125 reddit
3469 3078 3521 3123 et
3552 3070 3793 3139 pavidos,

2222 3181 2342 3221 cum
2374 3166 2427 3220 in
2470 3180 2531 3221 re
2554 3165 2727 3235 aliqua
2755 3165 2894 3233 turpi
2931 3162 3191 3217 fuerimus
3216 3161 3565 3229 deprehensi;
3608 3174 3789 3213 vocent

2223 3272 2329 3312 non
2359 3257 2621 3322 audimus,
2651 3256 2743 3311 sed
2772 3268 2864 3325 per
2890 3263 3172 3310 externum
3206 3264 3479 3322 aspectum
3512 3254 3792 3323 ingenera-

2224 3356 2331 3401 tam
2363 3348 2502 3401 intus
2523 3347 2935 3417 indignationem
2962 3344 3399 3413 contemplemur.
3430 3343 3564 3397 Cum
3593 3344 3672 3397 his
3696 3358 3790 3396 auo

2225 3448 2334 3494 tem
2358 3437 2562 3492 duobus
2584 3437 2795 3492 tertium
2817 3449 3028 3505 quoque
3051 3435 3321 3490 doctorem
3342 3449 3372 3487 a
3404 3434 3496 3489 Dei
3517 3434 3789 3503 providen—

2226 3530 2297 3584 tia
2326 3529 2487 3583 fuisse
2527 3528 2832 3597 adjunctum
2879 3528 3050 3581 oratio
3088 3525 3506 3590 demonstrabat,
3556 3540 3659 3578 non
3684 3524 3790 3593 jam

2226 3631 2429 3678 mutum
2471 3629 2528 3675 ut
2570 3621 2793 3690 priores,
2835 3618 2931 3674 sed
2968 3619 3054 3689 qui
3095 3630 3366 3683 sermone,
3410 3615 3793 3681 admonitione,

2225 3713 2449 3768 consilio
2472 3713 2704 3766 animum
2734 3717 2972 3765 nostrum
2992 3705 3496 3777 componeret.Quis
3520 3706 3604 3758 ille
3636 3719 3795 3773 porro

2227 3806 2345 3861 est?
2374 3804 2473 3872 Qui
2497 3803 2780 3858 attributas
2802 3810 2882 3857 est
2911 3800 3191 3869 unicuique
3212 3802 3448 3852 nascenti
3478 3808 3644 3867 pater.
3674 3795 3794 3850 Ideo

2228 3914 2455 3970 namque
2481 3897 2606 3953 fecit
2629 3898 2785 3961 Deus,
2820 3904 2873 3949 ut
2912 3911 2940 3947 a
2984 3893 3290 3963 parentibus
3332 3892 3691 3962 diligeretnur,
3737 3896 3795 3942 ut

2229 4005 2582 4064 prmceptores
2618 3991 2825 4046 virtutis
2855 3989 3186 4043 haberemus.
3218 3987 3330 4041 Non
3370 3986 3511 4040 enim
3550 3984 3795 4055 genuisse

2232 4095 2432 4140 tantum
2478 4095 2681 4153 patrem
2723 4082 2906 4149 efﬁcit,
2941 4080 3035 4135 sed
3064 4088 3210 4134 recte
3238 4079 3527 4133 instituisse
3572 4095 3587 4131 :
3628 4090 3797 4144 neque

2232 4176 2499 4246 peperisse
2537 4184 2759 4237 tantum,
2800 4172 2894 4227 sed
2928 4181 3072 4227 recte
3113 4171 3369 4225 educasse
3412 4178 3632 4224 matrem
3676 4167 3796 4220 red-

2230 4269 2327 4323 dit.
2352 4271 2526 4338 Atque
2552 4267 2651 4321 hoc
2677 4278 2861 4319 verum
2891 4278 3026 4328 esse,
3062 4276 3235 4332 neque
3273 4268 3536 4326 naturam,
3567 4258 3660 4313 sed
3689 4257 3799 4311 vir-

2231 4368 2397 4414 tutem
2452 4368 2629 4427 patres
2669 4354 2902 4421 efﬁcere,
2950 4354 3340 4409 conﬁtebuntur
3382 4360 3632 4419 parentes
3676 4349 3804 4418 ipsi.

2232 4449 2371 4504 Sane
2396 4446 2607 4517 quidem
2640 4446 2774 4500 ﬁlios
2804 4458 2931 4499 suos
2969 4458 3112 4513 saepe
3136 4457 3254 4497 cum
3291 4439 3592 4508 depravatis
3636 4438 3804 4492 mori-

2236 4542 2334 4595 bus
2380 4554 2499 4594 esse
2539 4538 2792 4601 viderint,
2844 4545 3003 4607 atque
3048 4536 3103 4589 in
3146 4531 3530 4602 improbitatem
3569 4529 3804 4600 degene-

2236 4646 2404 4698 rasse,
2444 4646 2510 4685 ex
2555 4642 2772 4684 suorum
2798 4628 2916 4683 illos
2939 4635 3283 4697 cognatorum
3312 4635 3534 4677 numero
3558 4621 3797 4690 ejiciunt,

2234 4722 2497 4785 abdicant,
2541 4722 2673 4774 alios
2716 4719 2815 4774 sibi
2861 4717 3115 4787 adoptant
3158 4716 3312 4780 ﬁlios,
3367 4712 3455 4783 qui
3511 4712 3651 4766 nulla
3702 4710 3797 4765 sibi

2236 4822 2388 4868 erant
2412 4811 2803 4882 propinquitate
2821 4808 3108 4879 conjuncti.
3140 4807 3222 4859 An
3246 4819 3374 4860 vero
3394 4803 3677 4873 quidquam
3698 4802 3795 4855 hoc

2239 4906 2350 4961 ﬁeri
2385 4914 2557 4974 potest
2583 4903 2897 4967 mirabilius,
2925 4914 3079 4971 quam
3106 4905 3167 4951 ut
3192 4910 3326 4966 quos
3354 4902 3660 4966 genueram,
3700 4890 3794 4960 eji-

2235 5001 2377 5055 ciant
2409 5016 2420 5051 :
2449 5012 2581 5068 quos
2605 5006 2782 5052 autem
2806 5010 2909 5050 non
2934 4999 3245 5063 genuerunt,
3277 4988 3377 5042 sibi
3405 4983 3726 5044 adsciscam?

2306 5092 2473 5147 Liberi
2515 5092 2707 5145 arbitrii
2751 5089 2916 5157 major
2954 5088 3047 5151 vis,
3092 5099 3244 5153 quam
3281 5088 3510 5148 natura;
3535 5079 3627 5149 ﬁlii
3661 5092 3794 5149 praet

2237 5184 2535 5239 abdicantur
2562 5199 2594 5235 a
2618 5179 2922 5252 parentibus.
2939 5176 3137 5230 -—Non
3164 5174 3281 5228 sine
3307 5186 3467 5227 causa
3512 5171 3653 5226 dicta
3682 5176 3803 5224 sunt

2239 5277 2354 5332 haec
2378 5292 2404 5328 a
2436 5274 2608 5340 nobis,
2650 5271 2744 5327 sed
2787 5278 2843 5324 ut
2883 5269 3019 5324 scias
3060 5266 3317 5333 majorem
3358 5277 3477 5319 esse
3515 5262 3617 5314 vim
3649 5259 3805 5313 liberi

2238 5361 2439 5415 arbitrii
2468 5373 2623 5429 quam
2651 5365 2871 5420 naturae,
2900 5363 3058 5422 atque
3077 5352 3245 5420 ipsam
3271 5348 3444 5419 potius
3472 5355 3627 5414 quam
3658 5342 3804 5397 illam

2240 5462 2416 5521 patres
2459 5450 2674 5505 efﬁcere
2716 5445 3077 5501 consuevisse.
3124 5440 3410 5495 Enimvero
3456 5434 3647 5487 divina:
3700 5431 3807 5486 hoc

2238 5556 2371 5612 opus
2398 5541 2494 5596 fuit
2521 5536 2881 5609 providentiae,
2913 5544 2970 5589 ut
2989 5547 3161 5605 neque
3182 5527 3403 5585 naturali
3426 5522 3615 5579 aﬁ‘ectu
3641 5521 3808 5576 desti-

2242 5644 2381 5691 tutos
2425 5633 2621 5689 liberos
2667 5630 3012 5699 relinqueret,
3055 5640 3230 5695 neque
3279 5630 3444 5677 totum
3493 5629 3684 5671 rursus
3730 5615 3807 5669 illi

2242 5727 2613 5785 committeret.
2650 5723 2705 5778 Si
2730 5722 2873 5778 enim
2916 5718 3060 5775 nulla
3087 5717 3301 5787 penitus
3337 5710 3548 5783 impulsi
3575 5708 3809 5766 necessi-
