4094 6256
310 340 435 395 655

311 449 591 522 μέγεθος,
641 446 754 501 ἀντ’
788 444 996 499 ἐκείνου
1043 442 1457 515 προσκυνήσωσι
1504 435 1574 489 τὰ
1613 433 1887 522 δρώμενα,

304 518 425 604 ⁸τῆς
459 535 515 586 ἐν
545 530 728 593 αὐτοῖς
749 528 1028 590 ἀσθενείας
1047 526 1345 595 δυναμένης
1365 522 1461 592 τήν
1479 520 1731 604 τοιαύτην
1749 518 1891 587 διορ-

308 601 500 669 eam
526 613 675 687 [702]
696 613 921 681 πλάνην.
973 611 1083 664 Καὶ
1113 610 1228 671 πῶς
1253 606 1464 677 φθαρτὴ
1501 603 1830 687 πᾶσάνὲστιν
1857 601 1891 669 ὴ

311 683 810 767 κτίσιςξκαὶνπρὸς
837 694 898 747 τὸ
924 693 1127 764 βέλτιον
1150 691 1541 761 μεταστήσεται
1573 685 1775 754 σχῆμα,
1799 683 1893 767 καί

312 782 573 845 πλείονος
592 764 952 833 ἀπολαύσεται
979 779 1156 849 δόξης,
1179 778 1272 830 καὶ
1297 775 1445 838 πότε,
1478 772 1572 825 καὶ
1592 771 1679 823 διὰ
1697 767 1771 831 τί,
1797 764 1892 818 καί⁵

312 866 474 926 τίνος
501 864 685 916 ’ένεκεν
719 863 929 933 φθαρτή
955 862 1161 931 γέγονε,
1191 862 1284 915 καὶ
1314 858 1484 911 ταῦτα
1517 856 1729 910 ἅπαντα
1757 850 1892 921 πρὸς

319 947 475 1017 ὑμᾶς
500 945 920 1015 ἐφιλοσοφοῦμεν
948 946 1089 1007 τότε,
1121 946 1213 1011 καὶ
1247 941 1340 997 τοῦ
1371 939 1505 993 Θεοῦ
1538 937 1635 1008 τὴν
1664 935 1891 1003 δύναμιν

321 1029 625 1083 κάντεῦθεν
649 1028 980 1098 ἐδείκνυμεν,
1011 1029 1089 1081 ὅτι
1119 1031 1175 1081 ἑν
1194 1028 1447 1097 φθαρτοῖς
1472 1022 1682 1092 σώμασι
1707 1016 1892 1072 τοσοῦ-

317 1131 421 1167 τον
451 1112 740 1182 εἰργάσατο
771 1109 983 1175 κάλλος,
1014 1112 1147 1182 ὅπερ
1180 1111 1274 1163 καὶ
1295 1108 1353 1174 ἐξ
1373 1106 1546 1179 ἀρχῆς
1565 1104 1747 1166 αὐτοῖς
1770 1115 1893 1153 συν-

321 1195 639 1265 εκλήρωσεν
675 1196 702 1246 6
734 1196 885 1258 Θεὸς,
926 1195 987 1246 τὸ
1016 1195 1120 1247 τῶν
1153 1192 1384 1263 ἄστρων,
1418 1190 1479 1241 τὸ
1508 1187 1599 1239 τοῦ
1628 1182 1853 1256 οὐρανοῦ
1874 1221 1889 1246 ,

319 1279 393 1331 τὸ
441 1277 532 1329 τοῦ
583 1278 751 1347 ἡλίου.
800 1278 909 1331 Καὶ
942 1277 1049 1348 7&9
1089 1277 1253 1338 ὅντως
1287 1275 1397 1328 ἑστι
1430 1268 1735 1348 θαυμάσαι,
1776 1265 1892 1329 πῶς

322 1361 468 1413 ἐτῶν
500 1361 869 1431 παρελθόντων
900 1344 1180 1421 τοσούτων,
1213 1358 1362 1412 οὐδὲν
1414 1352 1641 1418 ἔπαθον,
1680 1344 1789 1403 οἷον
1826 1349 1894 1402 τά

322 1444 364 1513 ή
373 1443 499 1513 μέτε
509 1459 575 1514 ρα
610 1442 853 1512 σώματα,
876 1443 995 1495 οὐδὲ
1017 1441 1093 1512 τῷ
1113 1444 1181 1511 γή
1192 1458 1258 1511 ρα
1275 1437 1633 1507 ἀσθενέστερα
1650 1434 1889 1503 γέγονεν,

318 1528 450 1581 οὐδὲ
481 1529 619 1597 νόσῳ
644 1529 736 1580 καὶ
775 1527 1053 1597 ἀρρωστίᾳ
1083 1527 1188 1579 τινὶ
1214 1520 1653 1594 κατεμαλακίσθη
1686 1531 1734 1582 ι,
1759 1517 1893 1571 ἀλλά

320 1613 428 1684 τὴν
470 1613 673 1665 οἰκείαν
702 1610 882 1681 ἀκμὴν
920 1612 1013 1662 καὶ
1055 1610 1114 1662 τὸ
1146 1609 1366 1671 κάλλος,
1398 1609 1552 1676 ὅπερ,
1601 1604 1676 1665 ὡς
1725 1601 1893 1671 ἔφθην

321 1694 522 1756 εἰπὼν,
552 1694 609 1760 ἑξ
642 1695 816 1764 ἀρχῆς
857 1693 1036 1755 αὐτοῖς
1067 1691 1475 1761 συνεκλήρωσεν
1500 1690 1528 1741 6
1557 1686 1708 1749 Θεὸς,
1745 1684 1892 1755 μένει

320 1777 704 1848 διατηροῦντα,
739 1778 831 1830 καὶ
889 1775 1011 1828 οὔτε
1065 1776 1125 1828 τὸ
1171 1774 1393 1845 ἡλιακὸν
1438 1768 1687 1839 ἑξετρίϐη
1746 1766 1890 1835 φῶς,

321 1861 453 1915 οὕτε
477 1862 537 1913 τὸ
568 1861 675 1913 τῶν
710 1859 922 1930 ἄστρων
949 1858 1105 1921 ἄνθος
1135 1856 1505 1927 ἀμαυρότερον
1532 1853 1771 1920 γέγονεν,
1798 1850 1895 1917 οὐχ

324 1946 363 2015 ἡ
387 1942 481 1998 τοῦ
507 1944 733 2014 ούρανοῦ
759 1943 1045 2012 φαιδρότης
1077 1940 1330 2011 ἐξερρύη,
1354 1938 1451 2007 οὐχ
1486 1937 1535 1989 οἰ
1571 1936 1669 2005 τῆς
1699 1934 1895 1988 θαλάτ-

322 2045 429 2097 της
464 2026 791 2097 ἐκινήθησαν
820 2026 955 2095 ὅροι,
982 2025 1079 2093 οὐχ
1104 2025 1136 2092 ή
1162 2022 1260 2090 τῆς
1287 2020 1390 2088 γῆς
1416 2017 1643 2086 ἐσϐέσθη
1670 2015 1894 2085 δύναμις

326 2112 365 2183 ὴ
390 2112 517 2181 περὶ
541 2110 667 2171 τοὺς
687 2109 878 2169 τόκους
907 2107 1016 2158 τῶν
1037 2105 1263 2175 ἐτησίων
1282 2100 1525 2170 καρπῶν.
1552 2101 1660 2152 Καὶ
1687 2099 1766 2151 ὅτι
1798 2098 1895 2166 μὲν

329 2179 546 2261 φθαρτά
570 2190 743 2243 ταῦτά
768 2194 905 2252 ἑστι,
944 2188 1038 2240 καὶ
1071 2186 1177 2239 ἀπὸ
1211 2183 1505 2254 λογισμῶν.
1544 2182 1633 2235 καί¹
1660 2179 1766 2233 ἀπὸ
1790 2180 1895 2231 τῶν

330 2273 492 2326 θείων
510 2271 740 2341 Γραφῶν
769 2270 1143 2339 ἀπεδείξαμεν·
1176 2269 1257 2320 ὅτι
1284 2268 1341 2319 δὲ
1368 2266 1526 2329 καλὰ,
1557 2263 1651 2316 καὶ
1676 2262 1892 2333 φαιδρὰ,

330 2356 428 2407 καὶ
455 2353 515 2406 τὸ
534 2353 689 2416 ἄνθος
717 2354 960 2423 ἀκμάζον
978 2352 1318 2421 διετήρησεν,
1341 2350 1373 2418 ὴ
1396 2345 1733 2417 καθημερινὴ
1760 2361 1897 2414 μαρ·

330 2440 489 2508 τυρεί
514 2436 621 2488 τῶν
652 2435 901 2506 ὁρώντων
932 2434 1072 2504 ὄψις.
1107 2435 1135 2487 ὃ
1169 2432 1231 2503 δὴ
1275 2431 1508 2501 μάλιστα
1546 2431 1658 2484 ἐστι
1690 2426 1896 2508 θαυμά-

332 2506 422 2571 σαι
471 2518 562 2571 τοῦ
616 2521 935 2587 ποιήσαντος
987 2517 1156 2579 οὕτως
1210 2514 1347 2568 αύτά
1398 2514 1457 2577 ἐξ
1509 2512 1681 2582 ἀρχῆς
1738 2506 1890 2561 Θεοῦ.

343 2602 558 2672 Ἐπειδὴ
587 2601 644 2654 δὲ
675 2601 845 2653 ταῦτα
869 2600 1128 2666 λεγόντων
1157 2596 1314 2668 ήμῶν
1340 2596 1459 2648 τότε
1487 2594 1631 2656 τινὲς
1656 2591 1892 2645 ἀντέτει-

327 2700 439 2747 νον,
467 2683 734 2750 λέγοντες’
755 2681 959 2737 Οὐκοῦν
988 2681 1203 2735 πάντων
1231 2679 1337 2733 τῶν
1376 2678 1667 2748 ὁρωμένων
1701 2673 1893 2744 ἀτιμόο

329 2782 486 2834 τερον
510 2766 538 2817 6
566 2765 847 2837 ἄνθρωπος
867 2805 881 2829 ,
912 2764 1023 2830 εἴγε
1051 2760 1282 2834 ούρανοῦ
1308 2761 1404 2828 μὲν
1433 2759 1614 2829 σῶμα,
1642 2756 1735 2810 καὶ
1759 2758 1891 2827 γῆς,

329 2850 425 2901 καὶ
451 2848 621 2917 ἡλίου,
656 2848 749 2899 καὶ
775 2847 833 2899 τὸ
858 2845 962 2899 τῶν
982 2846 1191 2914 ἄστρων
1215 2843 1469 2897 ἁπάντων
1493 2842 1627 2911 πρὸς
1648 2839 1894 2894 τοσοῦτον

329 2931 582 3001 διήρκεσε
610 2931 817 3001 χρόνον,
840 2925 992 2993 οὗτος
1015 2930 1070 2982 δὲ
1108 2929 1248 2999 μετά
1276 2928 1641 2997 ἑϐδομήκοντα
1670 2922 1763 2991 ἔτη
1784 2922 1896 2973 δια-

332 3014 538 3078 λύεται,
572 3016 663 3067 καὶ
702 3014 1012 3066 ἀπόλλυται·
1052 3012 1263 3080 πρῶτον
1292 3011 1389 3080 μὲν
1425 3010 1599 3061 έκεῖνο
1628 3006 1691 3058 ἂν
1724 3006 1895 3057 εἴποι-

337 3113 457 3166 μεν,
487 3096 566 3149 δτι
598 3096 695 3166 οὐχ
723 3095 1010 3165 ὁλόκληρον
1043 3092 1315 3146 διαλύεται
1363 3092 1423 3144 τὸ
1453 3090 1619 3153 ζῶον,
1662 3086 1797 3140 ἀλλά
1839 3086 1898 3138 τὸ

332 3178 662 3249 κυριώτερον
694 3176 856 3230 αὐτοῦ
885 3178 978 3230 καὶ
1007 3175 1452 3245 ἀναγκαιότερον,
1484 3173 1516 3243 ἡ
1544 3169 1715 3241 ψυχὴ,
1747 3169 1897 3240 μένει

330 3262 593 3332 διηνεκῶς
617 3261 910 3324 ἀθάνατος,
955 3260 1126 3312 οὐδενί
1162 3258 1365 3312 τούτων
1404 3257 1620 3321 εῐκουσα
1650 3253 1756 3306 τῶν
1791 3269 1898 3305 πα-

331 3344 462 3409 θῶν,
493 3346 638 3414 καὶή
666 3344 838 3413 φθορά
871 3344 997 3413 περί
1040 3343 1100 3395 τὸ
1134 3343 1354 3395 ἔλαττον
1388 3342 1614 3408 γίνεταιο
1651 3336 1896 3407 δεύτερον

330 3430 413 3481 ὅτι
443 3428 535 3482 καὶ
570 3428 745 3498 τούτῳ
792 3425 939 3496 αὐτῷ
987 3424 1272 3495 τιμώμεθα
1314 3424 1591 3494 μειζόνως.
1629 3420 1761 3473 Οὐδὲ
1790 3418 1897 3487 7&9

333 3510 540 3575 ἁπλῶς,
594 3511 715 3563 οὐδὲ
764 3511 894 3563 ἄνευ
927 3509 1101 3572 αἰτίας
1138 3509 1300 3571 τινὸς,
1340 3506 1472 3559 ἀλλά
1516 3506 1608 3558 καί
1640 3503 1894 3564 δικαίως,

334 3595 426 3647 καὶ
456 3594 549 3646 ἐπὶ
577 3592 849 3664 χρησίμῳ,
877 3594 971 3645 καὶ
998 3594 1171 3661 γῆρας
1200 3593 1293 3645 καὶ
1317 3591 1501 3652 νόσους
1526 3587 1894 3657 ὐπομένομεν”

333 3676 555 3738 δικαίως
594 3676 709 3745 μὲν,
735 3676 816 3727 ὅτι
848 3675 980 3746 πρὸς
1009 3674 1280 3744 ἁμαρτίαν
1322 3671 1722 3740 κατεπέσομεν·
1765 3683 1899 3739 χρη-

338 3760 511 3829 σίμως
537 3760 610 3820 δὲ,
641 3759 727 3810 ἵνα
757 3759 854 3829 τὴν
888 3759 952 3808 ἐκ
978 3758 1077 3824 τῆς
1112 3756 1379 3826 ῥᾳθυμίας
1400 3752 1751 3822 ἐγγινομένην
1768 3753 1900 3820 ἡμῖν

336 3843 591 3896 ἀπόνοιαν
621 3841 707 3893 διὰ
726 3842 823 3908 τῆς
852 3838 1055 3901 ἐνδείας
1086 3838 1284 3907 ταύτης
1313 3837 1406 3889 καὶ
1427 3836 1533 3888 τῶν
1554 3834 1738 3887 παθῶν
1761 3833 1902 3902 διορ-

337 3925 617 3994 θὼσωμεν.
670 3923 747 3977 Οὐ
790 3922 967 3974 τοίνυν
1001 3920 1277 3990 ἀτιμάζων
1308 3920 1455 3989 ἡμᾶς
1499 3920 1529 3969 6
1568 3917 1698 3980 Θεὸς
1746 3915 1903 3967 τοῦτο

338 4005 589 4076 γενέσθαι
616 4006 814 4058 εἴασεν.
850 4005 911 4057 Εἰ
945 4002 1051 4073 γὰρ
1083 4000 1363 4072 ¹ἠτίμαζεν,
1391 4001 1489 4052 οὐκ
1518 3999 1583 4053 ἂν
1608 3999 1705 4068 τὴν
1727 3996 1903 4067 ψυχὴν

338 4093 470 4161 ἡμῖν
494 4088 703 4157 ἀφῆκεν
735 4087 1000 4141 ἀθάνατον
1034 4079 1192 4137 εἶναι.
1236 4083 1377 4135 Ἀλλ’
1408 4082 1527 4135 οὐδὲ
1558 4082 1821 4143 ἀσθενῶν,
1844 4078 1904 4132 τὸ

342 4176 502 4243 σῶμα
522 4173 583 4224 τὸ
604 4171 872 4242 ἡμέτερον
910 4170 1127 4240 ἐποίησε
1158 4168 1412 4222 τοιοῦτον.
1439 4167 1502 4220 Εἰ
1530 4166 1638 4233 γὰρ
1669 4165 1901 4233 ἠσθένει,

340 4257 440 4311 οὐκ
468 4257 532 4310 ἂν
558 4256 646 4309 τὸν
675 4255 931 4325 οὐρανὸν,
963 4256 1057 4307 καὶ
1082 4252 1203 4315 τοὺς
1236 4251 1489 4321 ἀστέρας,
1524 4249 1617 4303 καὶ
1658 4248 1719 4299 τὸ
1748 4247 1904 4315 σῶμα

340 4342 438 4411 τῆς
470 4339 574 4408 γῆς
623 4339 809 4407 ἴσχυσε
864 4336 1113 4391 τοσοῦτον
1144 4334 1501 4407 διακρατῆσαι
1534 4331 1723 4403 χρόνον
1744 4346 1758 4361 ·
1790 4328 1903 4383 ἀλλ’

342 4423 484 4493 ὑπὲρ
508 4421 604 4475 τοῦ
646 4421 885 4491 βελτίους
923 4421 1143 4489 ποιῆσαι
1174 4421 1267 4472 καὶ
1303 4416 1788 4488 σωφρονεστέρους,
1810 4413 1905 4467 καὶ

343 4505 491 4575 αὐτῷ
519 4505 716 4575 μᾶλλον
749 4504 1114 4566 καταπειθεῖς,
1156 4504 1292 4571 ὅπερ
1325 4501 1541 4570 ἀπάσης
1577 4499 1693 4550 ἐστὶ
1732 4514 1906 4567 σωτη-

348 4589 467 4659 ρίας
501 4586 773 4648 ὑπόθεσις.
815 4586 911 4637 Διὰ
936 4585 1105 4638 ταῦτα
1133 4582 1355 4655 οὐρανὸν
1380 4584 1474 4651 μὲν
1510 4582 1609 4634 οὐκ
1653 4579 1904 4649 ἐποίησεν

346 4670 470 4723 οὐτε
507 4670 656 4739 γήρᾳ
687 4667 997 4720 ἁλίσκεσθαι
1024 4668 1181 4730 τέως,
1224 4662 1347 4716 οὔτε
1374 4664 1555 4725 ἄλλαις
1589 4662 1699 4715 τισὶ
1725 4659 1907 4713 τοιαύ-

348 4769 466 4815 ταις
494 4750 842 4822 ἀρῤωστίαις.
874 4749 931 4801 Ὀ
949 4747 1057 4816 7&9
1086 4747 1450 4819 προαιρέσεως
1471 4745 1564 4798 καὶ
1586 4744 1761 4815 ψυχῆς
1778 4744 1910 4796 ἀπ-

352 4833 683 4905 στερημένος
707 4830 831 4883 οὐτε
854 4832 1138 4901 ἁμαρτεῖν,
1174 4828 1296 4881 οὔτε
1338 4828 1671 4898 κατορθῶσαι
1709 4824 1908 4878 δύναιτ’

350 4909 435 4963 ἄν’
462 4915 584 4969 ὅθεν
604 4914 723 4969 οὐδὲ
752 4914 1085 4983 διορθώσεως
1107 4910 1255 4981 αὐτῷ
1281 4912 1435 4981 χρεία
1461 4909 1733 4979 τοιαύτης.
1750 4909 1909 4978 Ἡμῖν

351 4999 504 5072 [703]
530 4999 586 5051 δὲ
606 4999 717 5060 τοῖς
751 4998 893 5066 λόγῳ
919 4999 1010 5050 καὶ
1030 4996 1170 5067 ψυχῇ
1193 4994 1575 5065 τετιμημένοις
1601 4993 1910 5062 ἀναγκαίως

350 5084 573 5150 γέγονεν
606 5083 639 5150 ἡ
671 5080 757 5133 διὰ
786 5080 893 5133 τῶν
922 5078 1106 5131 παθῶν
1125 5078 1328 5131 τούτων
1353 5075 1675 5145 ἐγγενομένη
1706 5091 1912 5143 σωφροο

356 5166 510 5236 σύνη,
535 5165 627 5218 καὶ
641 5163 1127 5234 ταπεινοφροσύνη,
1147 5162 1337 5233 ἐπειδὴ
1352 5162 1444 5213 καὶ
1459 5159 1608 5229 παρὰ
1626 5158 1723 5229 τὴν
1742 5158 1913 5227 ἀρχὴν

354 5248 459 5319 πρὸ
485 5247 593 5300 τῶν
625 5246 796 5300 ἄλλων
829 5247 1078 5299 ἀπάντων
1106 5248 1184 5308 εἰς
1218 5244 1471 5297 ἀπόνοιαν
1513 5241 1913 5310 ἀπεσκίρτησεν

355 5332 383 5381 6
411 5330 624 5401 πρῶτος
655 5330 940 5399 γενόμενος
959 5327 1259 5398 ἄνθρωπος.
1292 5326 1498 5387 ΙἌλλως
1529 5326 1614 5385 δὲ,
1657 5324 1705 5375 εἰ
1749 5321 1915 5375 καθά-

360 5431 463 5481 περ
492 5413 562 5466 τὰ
588 5415 830 5484 ἡμέτερα
867 5410 1117 5481 σώματα,
1139 5408 1279 5462 οὓτω
1306 5408 1399 5460 καὶ
1426 5409 1455 5459 6
1481 5406 1703 5476 οὐρανὸς
1726 5405 1914 5474 ἑμελλε

360 5495 860 5560 κατασκευάζεσθαι
885 5496 978 5546 καὶ
1008 5494 1205 5564 γηρᾷν,
1232 5490 1475 5562 πολλήνὶ)
1504 5490 1570 5544 ἂν
1598 5487 1779 5542 πολλοὶ
1823 5486 1915 5540 τοῦ

421 5598 438 5620 ³
460 5599 590 5649 Colb.
622 5612 746 5647 nnns
770 5604 824 5646 el
844 5598 966 5658 Reg.
992 5597 1081 5644 τινί
1102 5594 1451 5658 κατεμαλάχθη.

427 5662 452 5700 δ
476 5659 739 5710 Colbertiui
760 5662 855 5706 duo
887 5654 945 5706 ei
960 5658 1078 5718 Reg.
1101 5659 1127 5705 6
1149 5654 1410 5719 069M666
1437 5656 1517 5717 μὲν
1536 5654 1735 5717 ἤμελλεν
1753 5654 1916 5714 γηρᾷν,

361 5722 389 5770 6
410 5722 459 5771 δὲ
476 5720 921 5782 κατασκευάζεσθαι,
940 5719 1131 5776 πολλήν.

1550 320 1637 376 DE
1666 317 1855 375 ΔΝΝΑ
1895 314 2124 374 SERMO
2154 313 2193 369 1.

3443 306 3548 369 656

1992 428 2268 490 ποιοῦντος
2308 424 2654 493 κατέγνωσαν
2696 422 2998 487 ἀσθένειαν,
3038 423 3110 487 ὡς
3145 424 3245 477 οὐκ
3276 425 3550 496 ἰσχύοντος

1988 521 2049 574 ἓν
2076 520 2235 590 σῶμα
2285 517 2644 589 διακρατῆσαι
2688 516 2780 568 ἑπὶ
2818 516 3018 577 πολλὰς
3062 514 3196 567 ἐτῶν
3235 516 3545 587 περιόδους·

1990 611 2083 666 νῦν
2109 611 2165 664 δὲ
2201 611 2382 672 αὐτοῖς
2430 609 2525 662 καὶ
2573 605 2711 677 αὕτη
2740 607 2774 677 ἡ
2809 606 3077 677 πρόφασις
3109 606 3402 676 ἀνῄρηται,
3443 605 3553 659 τῶν

1991 700 2165 772 ἔργων
2192 701 2284 754 ἐπὶ
2303 698 2553 752 τοσοῦτον
2577 696 2767 767 χρόνον
2799 696 3087 766 μενόντων.

2060 888 2130 950 7'.
2149 881 2291 950 Πρὸς
2309 879 2365 931 δὲ
2391 877 2504 941 τοῖς
2528 877 2854 948 εἰρημένοις,
2877 875 2995 928 οὐδέ
3020 874 3177 944 μέχρι
3200 872 3387 925 τούτου
3420 870 3548 939 στή-

1992 991 2142 1028 σεται
2168 972 2238 1025 τὰ
2273 971 2537 1041 ἡμέτερα,
2567 967 2679 1022 ἀλλ’
2708 966 2926 1020 ἐπειδάν
2958 965 3035 1035 τῷ
3064 966 3288 1037 παρόντι
3326 962 3422 1033 βίῳ
3448 979 3552 1014 σω-

1992 1062 2362 1135 φρονισθῶμεν
2401 1059 2601 1124 καλῶς,
2640 1058 2777 1129 μετά
2808 1057 3045 1118 πλείονος
3079 1057 3367 1125 ἀναστήσει
3397 1053 3549 1123 δόξης

1989 1158 2058 1213 τὰ
2085 1158 2328 1228 σώματα,
2363 1156 2455 1209 καὶ
2487 1152 2735 1226 οὐρανοῦ,
2768 1153 2860 1205 καὶ
2895 1151 3068 1220 ήλίου,
3108 1151 3200 1202 καὶ
3236 1148 3343 1200 τῶν
3380 1148 3555 1201 ἄλλων

1992 1247 2245 1301 ἀπάντων
2268 1245 2420 1298 ἔσται
2441 1244 2816 1313 λαμπρότερα,
2850 1243 2945 1293 καὶ
2967 1239 3102 1308 πρὸς
3124 1239 3221 1307 τὴν
3252 1238 3363 1290 ἄνω
3389 1253 3553 1306 μετα-

1994 1342 2242 1411 στήσεται
2269 1338 2441 1408 λῆξιν.
2462 1331 2554 1400 Εἷς
2574 1336 2670 1406 μὲν
2695 1330 2786 1388 οὖν
2817 1332 3141 1400 θεογνωσίας
3165 1332 3384 1398 τρόπος,
3417 1329 3444 1379 ὁ
3465 1327 3552 1379 διὰ

1993 1432 2091 1502 τῆς
2118 1431 2345 1493 κτίσεως
2387 1429 2623 1498 ἀπάσης·
2664 1414 2850 1497 ἕτερος
2878 1424 2933 1477 δὲ
2961 1424 3059 1475 οὐκ
3097 1421 3330 1472 ἐλάττων
3351 1461 3364 1482 ,
3403 1421 3431 1469 ὁ
3460 1416 3550 1469 τοῦ

1994 1523 2315 1586 συνειδότος,
2344 1521 2403 1574 ὂν
2440 1520 2536 1574 καὶ
2564 1516 2748 1572 τοῦτον
2786 1518 2998 1572 ἅπαντα
3030 1515 3150 1566 τότε
3181 1510 3267 1564 διὰ
3295 1510 3555 1561 πλειόνων

1993 1614 2284 1684 ἐξεθέμεθα
2310 1612 2501 1680 λόγων,
2531 1608 2831 1669 δεικνύντες
2869 1605 2987 1668 πῶς
3022 1602 3392 1661 αὐτοδίδακτος
3424 1600 3559 1668 ἡμῖν

1995 1707 2141 1757 ἐστιν
2162 1706 2195 1774 ἡ
2218 1703 2325 1757 τῶν
2355 1703 2534 1756 καλῶν
2560 1702 2651 1754 καὶ
2677 1698 2786 1751 τῶν
2828 1698 2888 1751 οὐ
2914 1695 3169 1748 τοιούτων
3198 1690 3416 1759 γνῶσις.
3459 1690 3557 1740 καὶ

1995 1796 2110 1859 πῶς
2139 1794 2346 1848 ἔνδοθεν
2386 1796 2515 1864 ἡμῖν
2545 1793 2603 1845 τὸ
2640 1790 2875 1852 συνειδὸς
2904 1790 3116 1842 ἅπαντα
3147 1786 3328 1853 ἑνηχεῖ
3362 1780 3553 1833 ταῦτα.

1995 1885 2097 1939 Δύο
2128 1886 2235 1955 γάρ
2262 1876 2407 1937 οὗτοι
2434 1881 2737 1935 διδάσκαλοι
2759 1878 3041 1946 γεγόνασιν
3067 1876 3197 1944 ἡμῖν
3228 1870 3484 1941 ἐξαρχῆς,
3518 1871 3554 1938 ἡ

1995 1981 2189 2044 κτίσις,
2220 1980 2313 2033 καὶ
2340 1977 2399 2031 τὸ
2428 1975 2661 2037 συνειδός
2679 1991 2693 2004 ·
2727 1973 2819 2025 καί⁸
2859 1969 3137 2037 οὐδέτερος
3166 1964 3341 2017 αὐτῶν
3373 1960 3557 2030 φωνὴν

1996 2074 2190 2143 ἀφιεὶς,
2244 2071 2365 2139 σιγῇ
2417 2068 2540 2128 τοὺς
2573 2062 2887 2135 ἀνθρώπους
2917 2057 3213 2112 ἐπαίδευον.
3247 2054 3320 2104 "H
3352 2068 3410 2103 τε
3448 2051 3559 2119 γὰρ

1998 2142 2171 2226 κτίσις
2195 2162 2281 2215 διὰ
2306 2163 2403 2231 τῆς
2434 2160 2607 2228 ὅψεως
2638 2155 3008 2224 ἑκπλήττουσα
3034 2149 3123 2202 τὸν
3156 2146 3371 2215 θεατὴν,
3400 2146 3477 2203 εἰς
3497 2142 3559 2194 τὸ

1994 2256 2085 2310 τοῦ
2117 2257 2433 2324 ποιήσαντος
2462 2250 2627 2321 αὐτὴν
2650 2247 2832 2315 Θαῦμα
2862 2240 3215 2313 παραπέμπει
3238 2237 3326 2289 τὸν
3349 2233 3557 2305 ὁρῶντα

1996 2350 2208 2403 ἅπαντα
2230 2364 2242 2376 ·
2296 2346 2356 2398 τό
2381 2361 2440 2397 τε
2476 2339 2708 2402 συνειδὸς
2736 2338 2879 2390 ἔνδον
2907 2332 3149 2405 ἑνηχοῦν,
3192 2330 3403 2383 ἅπαντα
3433 2327 3556 2378 ὐπο-

1996 2436 2153 2491 6άλλε
2183 2434 2251 2487 τά
2279 2431 2548 2504 πρακτέα·
2577 2429 2668 2481 καὶ¹
2700 2426 2796 2495 τὴν
2833 2424 3059 2492 δύναμιν
3089 2416 3283 2478 αὐτοῦ,
3316 2415 3408 2468 καὶ
3455 2414 3556 2482 τῆς

1993 2528 2170 2597 ψήφου
2218 2524 2316 2591 τὴν
2344 2522 2523 2592 κρίσιν
2562 2518 2648 2570 διὰ
2698 2516 2806 2567 τῶν
2848 2515 2944 2582 τῆς
2992 2510 3165 2578 ὂψεως
3217 2504 3557 2574 πραγμάτων

1994 2595 2495 2685 καταλαμϐάνομεν.
2551 2608 2719 2663 Ὅταν
2772 2605 2878 2675 γὰρ
2934 2602 3078 2655 ἑνδον
3133 2598 3409 2668 κατηγορῇ
3458 2595 3557 2663 τῆς

1994 2709 2284 2781 ἁμαρτίας,
2318 2707 2506 2775 συγχεῖ
2535 2703 2633 2774 τὴν
2675 2701 2796 2768 ὄψιν
2828 2695 3045 2762 ἔξωθεν,
3089 2691 3182 2745 καὶ
3229 2688 3427 2757 πολλῆς
3458 2688 3557 2753 τῆς

1994 2778 2230 2872 ἀθυμίας
2255 2800 2467 2869 πληροῖ.
2504 2795 2671 2849 Πάλιν
2703 2790 2913 2860 ὠχροὺς
2953 2783 3242 2856 ἐργάζεται
3277 2778 3370 2832 καὶ
3410 2794 3558 2847 περι-

1994 2897 2151 2957 δεεῖς,
2188 2894 2313 2946 ὅταν
2338 2890 2427 2943 ἐπί
2460 2906 2564 2941 τινι
2589 2885 2694 2938 τῶν
2737 2880 3027 2951 αἰσχίστων
3067 2875 3303 2942 ἁλῶμεν.
3336 2872 3429 2923 καὶ
3459 2870 3557 2936 τῆς

1996 3256 2362 3330 προστεθέντα
2390 3250 2539 3322 παρά
2565 3249 2664 3319 τῆς
2687 3244 2779 3299 τοῦ
2808 3241 2940 3295 Θεοῦ
2983 3236 3302 3308 κηδεμονίας
3329 3233 3355 3283 ὁ
3382 3231 3558 3298 λόγος,

1996 3324 2177 3405 οὐκέτι
2202 3347 2429 3415 ἄφωνον,
2464 3340 2713 3406 καθάπερ
2740 3337 2863 3397 τοὺς
2890 3331 3203 3402 προτέρους,
3236 3326 3367 3379 ἀλλὰ
3394 3324 3556 3415 λόγῳ,

1997 3441 2090 3494 καὶ
2113 3414 2446 3508 παραινέσει,
2474 3433 2567 3485 καὶ
2609 3426 2881 3500 συμϐουλῇ
2922 3420 3247 3493 ρυθμίζοντα
3282 3416 3436 3485 ἡμῶν
3461 3414 3558 3478 τὴν

1997 3505 2239 3603 γνώμην.
2279 3528 2375 3592 Τίς
2412 3526 2471 3579 δὲ
2505 3516 2660 3585 οῦτός
2702 3523 2885 3581 ἐστινς
2942 3518 2998 3568 '0
3041 3505 3559 3579 συγκεκληρωμένος

1999 3594 2212 3691 ἑκάστω
2247 3620 2449 3687 πατήρ.
2496 3615 2589 3667 Διά
2621 3612 2728 3683 γὰρ
2757 3610 2913 3663 τοῦτο
2957 3603 3222 3675 φιλεῖσθαι
3272 3600 3417 3666 παρά
3452 3594 3561 3646 τῶν

1999 3711 2369 3781 γεννησάντων
2392 3708 2540 3775 ἡμᾶς
2569 3700 2968 3756 κατεσκεύασεν
3000 3699 3027 3748 6
3056 3695 3206 3755 Θεὸς,
3237 3692 3323 3743 ἵνα
3344 3687 3561 3740 παιδευ-

2000 3803 2096 3863 τάς
2126 3802 2338 3870 ἔχωμεν
2361 3796 2461 3864 τῆς
2489 3793 2706 3860 ἀρετῆς.
2734 3792 2806 3843 Οὐ
2832 3789 2939 3857 γάρ
2958 3786 3017 3837 τὸ
3044 3785 3262 3851 σπεῖραι
3288 3781 3425 3832 ποιεῖ
3455 3792 3561 3827 πα-

2000 3892 2133 3961 τέρα
2156 3866 2341 3958 ⁷μόνον,
2366 3883 2498 3939 ἀλλὰ
2526 3882 2584 3934 τὸ
2614 3877 2897 3934 παιδεῦσαι
2939 3874 3149 3935 καλῶς’
3180 3871 3297 3923 οὐδὲ
3335 3868 3396 3918 τὸ
3429 3866 3564 3931 κυῆ-

2003 3956 2091 4035 σαί
2127 3956 2333 4050 μητέρα
2379 3973 2664 4046 ἐργάζεται
2688 4010 2703 4035 ,
2749 3968 2885 4023 ἀλλά
2913 3966 2973 4019 τὸ
3006 3963 3198 4033 θρέψαι
3224 3959 3422 4019 καλῶς.
3455 3956 3562 4007 Καὶ

2000 4073 2082 4126 ὅτι
2112 4069 2267 4123 τοῦτό
2299 4070 2443 4121 ἐστιν
2466 4063 2682 4136 ἀληθὲς,
2704 4062 2798 4115 καὶ
2823 4061 2971 4131 οὐχή
2996 4057 3175 4127 φύσις,
3198 4056 3308 4108 ἀλλ’
3332 4058 3363 4125 ή
3394 4053 3563 4123 ἀρετὴ

2003 4164 2146 4217 ποιεῖ
2195 4157 2453 4232 πατέρας,
2496 4156 2649 4211 αὐτοὶ
2698 4150 3184 4223 συνομολογήσαιεν
3238 4150 3303 4204 ἂν
3339 4151 3470 4218 ἡμῖν
3516 4150 3563 4200 οἱ

2001 4256 2196 4324 γονεῖς.
2228 4252 2391 4319 ¹Τοὺς
2445 4249 2574 4319 γοῦν
2624 4249 2773 4311 υἱοὺς
2826 4247 2950 4308 τοὺς
3011 4242 3214 4298 ἑαυτῶν
3268 4238 3564 4305 πολλάκις,

2002 4346 2219 4401 ἐπειδὰν
2249 4344 2485 4414 φαύλους
2514 4342 2663 4396 ῖδωσι
2689 4339 3033 4409 γενομένους,
3073 4335 3166 4389 καὶ
3194 4336 3272 4398 εἰς
3307 4332 3567 4403 πονηρίαν

2004 4439 2529 4509 ἁποσκιρτήσαντας,
2565 4434 2664 4504 τῆς
2702 4430 3019 4501 συγγενείας
3050 4428 3147 4497 τῆς
3181 4427 3384 4480 ἑαυτῶν
3412 4425 3569 4478 ἐκκό-

2005 4547 2259 4592 πτουσιν,
2310 4526 2793 4596 ἀποκηρύττοντες,
2839 4524 3057 4593 ἐτέρους
3102 4518 3377 4580 ποιοῦντες
3423 4517 3569 4577 υἱοὺς

2004 4621 2296 4691 οὐδαμόθεν
2350 4619 2533 4679 αὐτοῖς
2584 4615 2840 4676 πολλάκις
2898 4613 3290 4681 προσήκοντας.
3328 4604 3474 4677 ’Δρά
3516 4620 3568 4657 τι

2005 4714 2193 4789 τούτου
2232 4710 2426 4778 γενοιτ’
2462 4704 3006 4776 ἂν-παραδοξότερον,
3035 4702 3162 4753 ὅταν
3187 4698 3279 4762 οὒς
3304 4698 3398 4766 μὲν
3420 4694 3570 4761 ἐγέν-

2008 4782 2174 4870 νησαν
2230 4796 2398 4869 [706]
2433 4793 2795 4853 ἑκϐἀλλωσιν,
2861 4788 2953 4851 οὓς
3009 4787 3065 4839 δὲ
3119 4785 3218 4838 οὐκ
3276 4782 3570 4851 ἐγέννησαν

2008 4892 2297 4961 εἰσάγωσιν
2317 4908 2330 4951 ;

2083 5070 2196 5138 Οὐχ
2218 5063 2400 5126 ἁπλῶς
2428 5063 2558 5131 ἡμῖν
2596 5058 2769 5111 ταῦτα
2815 5055 3056 5125 εἴρηται,
3103 5050 3333 5104 ἀλλ’ἵνα
3371 5047 3571 5118 μάθῃς,

2014 5161 2093 5212 ὅτι
2118 5136 2432 5228 προαίρεσις
2460 5150 2672 5220 φύσεως
2699 5144 3059 5215 δυνατωτέρα,
3093 5141 3185 5196 καὶ
3212 5140 3348 5207 αὐτη
3376 5136 3573 5208 μᾶλλον

2015 5225 2223 5316 ἐκείνης
2248 5243 2341 5297 καὶ
2358 5242 2504 5303 υίούς
2526 5240 2619 5293 καὶ
2638 5237 2877 5306 πατέρας
2898 5236 3068 5287 ποιεῖν
3092 5230 3267 5284 εῐωθε.
3288 5229 3395 5281 Καὶ
3415 5225 3573 5279 τοῦτο

2014 5339 2071 5392 δὲ
2099 5337 2196 5407 τῆς
2232 5335 2325 5387 τοῦ
2358 5332 2491 5386 Θεοῦ
2521 5328 2842 5400 κηδεμονίας
2881 5327 3037 5397 ἔργον
3062 5324 3296 5391 ἐγένετο,
3336 5320 3396 5372 τὸ
3436 5320 3573 5388 μήτε

2014 5429 2251 5498 γυμνοὺς
2272 5427 2367 5495 τῆς
2390 5423 2623 5493 φυσικῆς
2638 5419 2926 5482 διαθέσεως
2944 5417 3159 5485 ἀφεῖναι
3182 5409 3428 5481 γενέσθαι
3448 5409 3573 5470 τοὺς

2016 5518 2225 5580 παῖδας,
2257 5516 2391 5585 μήτε
2424 5514 2484 5566 τὸ
2513 5513 2618 5565 πᾶν
2640 5508 2924 5581 ἐπιτρέψαι
2957 5506 3117 5560 πάλιν
3141 5503 3339 5573 ἐκείνῃ.
3373 5502 3436 5554 Εἰ
3477 5501 3572 5569 μὲν

2018 5611 2125 5681 γὰρ
2155 5609 2273 5680 μηδ’
2304 5608 2437 5669 ὅλως
2478 5603 2698 5675 ἔμελλον
2737 5599 2907 5668 φιλεῖν
2936 5598 3061 5659 τοὺς
3093 5593 3299 5648 ἑαυτῶν
3348 5593 3494 5653 υίούς
3524 5591 3574 5643 οἰ

2020 5703 2193 5769 γονεῖς
2218 5699 2426 5771 ἀνάγκῃ
2458 5695 2761 5765 κινούμενοι
2788 5692 3012 5761 φυσικῇ,
3044 5687 3159 5742 ἀλλ’
3181 5685 3287 5740 ἀπὸ
3325 5684 3430 5738 τῶν
3449 5681 3573 5754 τρό-
