4094 6256
527 465 667 510 πων,
699 445 793 500 καλ⁴
815 443 920 498 τῶν
943 435 1376 510 κατορθωμάτων
1408 431 1592 505 μόνον,
1618 427 1846 490 πολλοὺς
1874 423 1940 478 ἂν
1961 415 2098 481 εἶδες

528 537 632 601 ἔξω
677 537 774 605 τῆς
819 531 1076 600 πατρῴας
1099 525 1274 586 οἰκίας
1312 519 1629 591 γινομένους
1654 516 1743 571 διά
1771 511 2098 605 τὴιζοίκείαν

527 599 836 695 ὀλιγωρίαν,
861 599 954 672 καί
979 599 1353 683 διασπώμενον
1381 609 1540 680 ἡμῶν
1565 607 1626 661 τὸ
1645 608 1823 676 γένος.
1848 601 2017 695 Πάλιν
2047 599 2098 695 εί

527 716 588 768 τὸ
751 705 1014 777 ἐπέτρεψε
1036 703 1102 773 τῇ
1137 699 1410 771 τυραννίδι
1441 699 1540 767 τῆς
1574 695 1811 766 φύσεως,
1843 693 1936 745 καὶ
1967 689 2100 761 μηδὲ

528 798 794 868 πονηροὺς
822 795 980 854 ὄντας
1009 790 1186 861 μισεῖν
1215 787 1448 855 ἀφῆκεν,
1477 784 1608 838 ἀλλά
1632 782 1725 836 καὶ
1759 779 2098 868 ὑϐριζόμενοι

527 886 620 940 καὶ
645 864 716 954 μυ
727 879 814 954 ρ’ία
833 881 1130 949 πάσχοντες
1154 887 1230 928 πα
1238 875 1283 946 ρ’
1304 873 1484 927 αὐτῶν
1501 873 1551 924 οἱ
1571 868 1806 940 πατέρες
1825 864 2098 954 δε·ινά,διά

525 973 622 1042 τὴν
637 951 738 1040 τῆς
757 969 967 1038 φύσεως
985 965 1228 1032 ἀνάγκην
1243 961 1431 1031 έμενον
1445 957 1836 1029 θεραπεύοντες
1856 951 2100 1024 ὑϐρίζον-

524 1079 622 1123 τας
649 1059 742 1112 καὶ
768 1054 1230 1128 ἐμπαροινοῦντας
1249 1051 1430 1112 αὐτοῖς
1451 1049 1573 1110 τοὺς
1600 1047 1816 1110 παῖδας,
1839 1045 1918 1106 είς
1940 1043 2094 1111 ἔσχα-

523 1161 614 1201 τον
646 1147 712 1200 ἂν
738 1145 934 1206 κακίας
965 1142 1025 1194 τὸ
1053 1141 1208 1208 γένος
1226 1141 1356 1209 ήμῖν
1379 1135 1684 1202 ὲξὼλισθεν.
1707 1135 1770 1186 El
1793 1131 1901 1202 7&9
1924 1129 2016 1183 νῦν
2037 1129 2096 1182 ού

523 1237 586 1291 ’τὸ
602 1237 708 1288 πᾶν
726 1234 938 1304 ἔχοντες
960 1233 1024 1301 τῇ
1047 1229 1204 1297 φύσει
1227 1228 1448 1298 θαρρεῖν
1467 1225 1515 1278 οί
1532 1223 1740 1286 παῖδες,
1765 1221 1876 1275 ἀλλ’
1897 1220 2098 1282 ειδότες

523 1327 602 1379 ὅτι
629 1322 811 1376 πολλοὶ
835 1319 1115 1389 γενόμενοι
1147 1314 1362 1384 φαῦλοι,
1401 1315 1494 1368 καὶ
1519 1315 1617 1384 τῆς
1651 1311 1846 1374 οἰκίας,
1873 1307 1965 1362 καὶ
1999 1310 2099 1372 τῆς

523 1414 710 1475 ούσίας
731 1410 986 1477 ἐξέπεσον
999 1409 1102 1476 ’τῆς
1123 1407 1416 1476 πατρικῆς,
1436 1405 1586 1472 ὅμως
1605 1399 1873 1470 πολλαχοῦ
1893 1398 1970 1469 τῷ
1991 1395 2098 1450 τῶν

523 1500 726 1568 γονέων
755 1498 960 1567 φίλτρῳ
987 1494 1317 1566 θαρροῦντες
1351 1491 1725 1562 ἐνυϐρίζουσιν
1754 1491 1834 1551 είς
1858 1488 1981 1548 τοὺς
2011 1503 2098 1538 τε-

522 1589 720 1649 κόντας
743 1603 756 1616 ·
791 1588 838 1638 εί
875 1584 946 1655 μὴ
993 1583 1370 1653 συνεχώρησεν
1399 1581 1582 1641 αὐτοῖς
1614 1581 1642 1631 ὁ
1680 1577 1812 1640 Θεὸς
1842 1575 1936 1630 καὶ
1963 1576 2099 1643 ἀγα-

521 1676 764 1736 νακτεῖν,
814 1674 906 1725 καὶ
947 1670 1242 1737 ἐπεξιέναι,
1278 1667 1372 1722 καὶ
1415 1667 1620 1728 κακοὺς
1650 1664 1963 1736 γινομένους
2004 1664 2097 1715 έκ-

525 1761 740 1816 6άλλειν
765 1761 890 1822 τοὺς
917 1759 1131 1821 παῖδας,
1173 1755 1275 1808 ποῦ
1303 1753 1567 1824 πονηρίας
1593 1753 1657 1805 ἂν
1690 1752 1963 1818 iamcum;
2001 1748 2098 1802 Διά

525 1847 696 1902 ταῦτα
729 1850 820 1900 καὶ
847 1849 910 1916 τῇ
945 1848 1040 1916 τῆς
1077 1843 1290 1914 φύσεως
1329 1842 1561 1912 ἀνάγκῃ,
1602 1839 1694 1893 καὶ
1725 1838 1803 1908 τῷ
1831 1838 1938 1890 τῶν
1971 1855 2098 1889 παι-

523 1937 652 1990 δίων
698 1935 881 2003 τρόπῳ
925 1932 984 1984 τὺ
1019 1931 1238 2000 φίλτρον
1285 1929 1630 1983 ὲνεπίστευσε
1675 1926 1781 1979 τῶν
1823 1925 2023 1994 γονέων
2072 1926 2099 1977 ὁ

525 2024 677 2086 Θεὸς,
720 2023 806 2075 ἵνα
838 2019 931 2073 καὶ
966 2019 1336 2088 ἁμαρτάνουσι
1371 2016 1660 2086 σύμμετρα
1687 2013 2099 2081 συγγινώσκωσι

523 2113 636 2174 τοῖς
666 2108 843 2171 παισὶ,
892 2109 988 2177 τῆς
1029 2105 1242 2174 φύσεως
1287 2104 1482 2166 αὐτοὺς
1517 2101 1608 2155 ἐπὶ
1655 2101 1810 2154 τοῦτο
1847 2114 2100 2171 παρακα-

526 2195 743 2264 λούσης,
781 2193 874 2246 καὶ
905 2191 1174 2262 πονηροὺς
1201 2189 1518 2259 γινομένους
1543 2190 1635 2241 καὶ
1664 2187 1857 2242 ἀνίατα
1889 2185 2104 2240 νοσοῦν-

527 2299 624 2344 τας
667 2281 740 2352 μὴ
767 2277 1180 2349 παιδοτριϐῶσιν
1207 2277 1298 2330 ἐπὶ
1329 2276 1526 2330 κακίαν
1563 2288 1588 2316 α
1616 2279 1680 2346 τῇ
1723 2273 1973 2346 πονηρίᾳ,
2005 2275 2102 2342 τῆς

528 2370 742 2439 φύσεως
784 2367 944 2420 πάλιν
977 2365 1304 2436 ἐλεγχούσης
1343 2365 1434 2416 καὶ
1468 2363 1768 2434 δυναμένης
1801 2361 2104 2429 ἀναγκάσαι

530 2455 626 2508 καὶ¹
652 2453 884 2522 φαύλους
909 2452 1234 2524 γενομένους
1261 2439 1580 2522 θεραπεύειν
1601 2451 1727 2512 τοὺς
1757 2449 1972 2513 παῖδας.
2003 2449 2106 2501 Πό-

533 2559 633 2610 σης
665 2540 835 2594 ταῦτα
871 2537 1146 2608 προνοίας,
1193 2538 1312 2590 είπέ
1359 2554 1470 2606 μοι,
1517 2536 1612 2589 καὶ
1650 2537 1712 2589 τδ
1751 2535 2004 2590 κελεῦσαι
2049 2535 2106 2588 δὲ

532 2630 725 2696 φιλεῖν,
769 2628 860 2680 καὶ
885 2625 947 2677 τὸ
982 2625 1176 2695 μέτρον
1213 2625 1473 2677 ἐπιθεῖναι
1521 2623 1598 2694 τῷ
1631 2623 1857 2695 φίλτρῳ,
1908 2625 2002 2676 καὶ
2047 2625 2106 2676 τὸ

532 2715 694 2768 πάλιν
721 2713 956 2784 ἀμοιϐὴν
983 2711 1162 2783 ὁρίσαι
1184 2715 1248 2783 τῇ
1281 2711 1419 2782 καλῇ
1446 2712 1830 2784 παιδοτροφίᾳ;
1856 2711 1976 2766 Ὅτι
2000 2712 2107 2784 γὰρ

531 2803 733 2874 ἀμοιϐὴ
768 2804 964 2865 κεῖται,
1010 2801 1105 2854 καὶ
1155 2801 1254 2853 οὐκ
1313 2800 1536 2872 ἀνδράσι
1599 2800 1776 2870 μόνον,
1830 2797 1966 2853 ἀλλά
2018 2799 2109 2850 καὶ

532 2891 797 2960 γυναιξὶν,
819 2891 1048 2944 ἄκουσον
1078 2887 1195 2952 πῶς
1222 2887 1488 2958 πολλαχοῦ
1511 2887 1603 2940 καὶ
1620 2886 1841 2949 ταύταις
1863 2887 1954 2938 καὶ
1982 2885 2110 2956 περὶ

531 2981 737 3033 τούτων
766 2982 799 3049 ή
834 2977 1023 3050 Γραφὴ
1055 2976 1382 3043 διαλέγεται,
1417 2976 1510 3028 καὶ
1547 2976 1642 3045 οὐχ
1668 2971 1828 3048 ἦττον
1861 2973 2104 3037 ταύταις,

531 3070 566 3140 ἢ
600 3073 710 3132 τοῖς
741 3067 1017 3136 ἀνδράσιν.
1058 3065 1242 3119 Εἰπὼν
1283 3064 1388 3134 γὰρ
1418 3065 1444 3114 ὁ
1478 3064 1708 3126 Παῦλος,
1755 3065 1828 3118 Ἢ
1853 3063 1920 3116 δὲ
1952 3061 2108 3132 γυνὴ

531 3153 979 3221 ἐξαπατηθεῖσα
1031 3153 1100 3206 ἐν
1150 3150 1478 3218 παραϐάσει
1530 3151 1794 3220 γέγονεν,
1829 3151 2072 3220 ἐπήγαγε
2093 3164 2107 3178 ο

533 3242 872 3308 Σωθ-ήσεται
916 3240 984 3293 δὲ
1023 3240 1120 3293 διὰ
1151 3238 1258 3308 τῆς
1291 3240 1692 3306 τεκνογονίας.
1733 3241 1797 3291 Ὃ
1845 3239 1900 3290 δὲ
1928 3238 2108 3305 λέγει,

533 3329 770 3383 τοιοῦτόν
794 3329 964 3381 ἐστιν·
988 3324 1210 3394 Ἀλγεῖς,
1251 3327 1414 3394 φησιν
1434 3364 1450 3388 ν
1491 3326 1574 3377 δτι
1604 3342 1660 3376 σε
1693 3326 1724 3394 ἡ
1756 3324 1945 3394 πρώτη
1976 3325 2111 3396 γυνὴ

535 3419 615 3478 εἰς
645 3415 838 3477 ὠδῖνας
883 3414 977 3466 καὶ
1013 3413 1206 3474 πόνους
1251 3411 1470 3464 ὲνέϐαλε
1502 3412 1596 3464 καὶ
1631 3411 1823 3482 κύησιν
1857 3414 2110 3482 μακράν;

548 3503 710 3556 Ἀλλά
753 3502 825 3571 μὴ
851 3500 1206 3571 δυσχεράνῃς·
1233 3501 1291 3552 οὐ
1325 3499 1433 3571 γὰρ
1473 3500 1722 3553 τοσοῦτον
1767 3500 2112 3571 ἐπηρεάσθης

534 3590 644 3644 ἀπὸ
669 3588 776 3641 τῶν
803 3587 1026 3652 ὠδίνων,
1051 3588 1144 3640 καὶ
1166 3585 1274 3638 τῶν
1306 3586 1501 3646 πόνων,
1525 3589 1648 3640 ὅσον
1679 3587 1999 3658 κερδαίνεις,
2019 3587 2112 3640 ἐὰν

535 3679 716 3748 θέλῃς,
749 3677 856 3730 ἀπὸ
891 3679 991 3745 τῆς
1034 3675 1417 3746 παιδοτροφίας
1451 3676 1720 3746 πρόφασιν
1763 3676 2112 3746 λαμϐάνουσα

537 3763 995 3836 κατορθωμάτων.
1023 3763 1104 3817 Τὰ
1129 3763 1236 3832 γὰρ
1263 3763 1448 3816 παιδία
1475 3765 1542 3817 τά
1583 3764 1890 3834 τικτόμενα,
1923 3765 1986 3817 ἂν
2015 3769 2112 3836 τῆς

537 3852 920 3926 προσηκούσης
949 3851 1199 3924 ἀπολαύῃ
1222 3850 1534 3922 θεραπείας,
1565 3853 1659 3904 καὶ
1683 3853 1761 3915 είς
1781 3851 1980 3924 ἀρετὴν
2000 3853 2116 3905 ἐνά-

536 3956 700 4010 γηται
736 3936 886 4008 παρά
919 3936 1016 4004 τῆς
1046 3935 1148 4005 σῆς
1181 3935 1454 4007 προνοίας,
1486 3936 1683 4006 πολλῆς
1724 3953 1807 3988 σοι
1840 3937 2112 4007 σωτηρίας

539 4020 759 4093 ἀφορμὴ
787 4020 880 4072 καὶ
915 4020 1184 4090 πρόφασις
1211 4019 1438 4086 γίνεται,
1465 4019 1558 4071 καὶ
1587 4020 1721 4089 πρὸς
1754 4023 1865 4083 τοῖς
1895 4021 2115 4084 οίκείοις

538 4103 947 4173 κατορθώμασι,
977 4101 1071 4153 καὶ
1097 4101 1195 4170 τῆς
1227 4102 1352 4172 περὶ
1384 4101 1555 4153 ταῦτα
1583 4101 1875 4171 θεραπείας
1914 4103 2112 4174 πολλὴν

541 4187 793 4256 ἀπολήψῃ
816 4185 913 4255 τὴν
948 4183 1199 4254 ἀμοιϐήν.

615 4271 763 4344 [705]
783 4273 843 4324 δ’.
870 4269 980 4322 Καὶ¹
1004 4269 1089 4321 ἵνα
1115 4268 1310 4340 μάθῃς,
1335 4269 1416 4322 ὅτι
1435 4269 1495 4321 ού
1517 4267 1577 4322 τδ
1589 4272 1767 4323 τεκεῖν
1789 4274 1931 4324 ποιεῖ
1951 4275 2114 4344 μητέ-

545 4372 634 4425 ρα,
666 4353 784 4404 οὐδὲ
808 4351 980 4420 τούτῳ
1008 4355 1183 4403 κεῖται
1217 4351 1426 4420 μισθὸς,
1452 4353 1546 4406 καὶ
1582 4352 1814 4422 ἀλλαχοῦ
1844 4355 1942 4424 μὲν
1971 4359 2114 4430 χήρᾳ

542 4435 916 4505 διαλεγόμενος
961 4435 988 4486 ὁ
1035 4433 1245 4497 Παῦλος
1274 4435 1446 4500 οὕτως
1478 4431 1653 4499 εἷπεν,
1680 4441 1750 4491 Εἰ
1776 4439 2115 4508 ἐτεκνοτρό-

543 4535 703 4590 sonas
730 4535 743 4550 ο
795 4518 888 4570 καὶ
941 4518 1040 4570 οὐκ
1093 4513 1264 4582 εἶπεν,
1319 4520 1366 4571 εί
1417 4521 1849 4591 έτεκνοποίησεν,
1897 4523 2012 4576 ἀλλ’
2047 4527 2116 4578 Et

543 4601 1034 4669 ἐτεκνοτρόφησε.
1074 4599 1146 4653 Τὸ
1179 4601 1276 4671 μὲν
1317 4600 1424 4672 γὰρ
1464 4603 1562 4674 τῆς
1587 4603 1820 4670 φύσεως,
1850 4605 1912 4658 τὸ
1933 4605 1990 4660 δὲ
2019 4610 2116 4677 τῆς

543 4683 914 4758 προαιρέσεώς
947 4687 1082 4737 ἐστι.
1115 4685 1220 4736 Καὶ
1245 4683 1330 4738 διά
1362 4686 1516 4740 τοῦτο
1544 4687 1636 4742 καὶ
1661 4689 1892 4742 ινταῢθα
1921 4689 2110 4755 εἰπὼν,

544 4769 881 4835 Σωθήσεται
913 4767 1012 4820 διὰ
1037 4765 1148 4836 τῆς
1189 4769 1602 4838 τεκνογονίας,
1655 4771 1756 4824 οὐκ
1788 4771 1915 4843 έστη
1953 4773 2114 4844 μέχρι

543 4851 754 4914 τούτου,
795 4849 928 4903 ἀλλά
967 4849 1133 4914 δεῖξαι
1177 4849 1514 4920 βουλόμενος,
1565 4853 1646 4906 ὅτι
1681 4854 1743 4906 ού
1773 4854 1834 4908 τὸ
1861 4858 2114 4926 γεννῆσαι

545 4935 731 4996 τέκνα,
755 4934 888 4985 ἀλλά
909 4934 969 4985 τὸ
989 4932 1182 5002 θρέψαι
1211 4935 1378 4987 τέκνα
1408 4933 1609 5000 καλῶς,
1630 4937 1784 4990 τοῦτο
1805 4940 1934 5008 ἡμῖν
1960 4941 2113 5010 φέρει

546 5017 635 5068 τὸν
665 5015 873 5086 μισθὸν,
911 5015 1206 5083 ἐπήγαγεν·
1249 5017 1388 5070 Ἐὰν
1405 5017 1750 5086 ἐπιμείνωσι
1776 5019 1851 5090 τῇ
1879 5025 2076 5076 πίστει
2095 5063 2110 5088 ,

545 5101 644 5155 καὶ
678 5097 752 5167 τῇ
774 5099 996 5168 ἀγάπῃ,
1021 5099 1118 5152 καί
1144 5099 1222 5164 τῷ
1241 5099 1510 5170 ἁγιασμῷ
1525 5102 1674 5171 μετὰ
1695 5108 2110 5174 σωφροσύνης.

551 5187 618 5236 Ὃ.
641 5182 695 5235 δὲ
717 5183 883 5250 λέγει,
909 5181 1068 5234 τοῦτό
1093 5183 1229 5235 ἐστι·
1249 5183 1382 5237 Τότε
1413 5184 1554 5257 λήψῃ
1584 5187 1748 5242 πολὺν
1771 5189 1864 5242 τὸν
1893 5191 2080 5261 μισθὸν
2097 5235 2112 5256 ,

545 5268 637 5320 ἐὰν
670 5267 718 5318 ot
748 5265 1097 5338 γεννηθέντες
1130 5265 1313 5332 παῖδες
1350 5269 1670 5338 ὲπιμείνωσι
1709 5275 1774 5343 τῇ
1809 5275 1986 5328 πίστει
2024 5277 2116 5330 καὶ

544 5353 607 5419 τῇ
653 5349 839 5421 ἀγάπῃ
885 5350 976 5403 καὶ
1019 5348 1097 5420 τῷ
1142 5351 1421 5421 ἁγιασμῷ.
1454 5353 1552 5406 ’Ἂν
1590 5353 1767 5408 τοίνυν
1809 5360 2004 5424 αὐτοὺς
2038 5363 2116 5423 είς

547 5431 716 5487 ταῦτα
744 5433 963 5504 ὲνάγῃς,
1009 5433 1072 5486 ἂν
1116 5434 1457 5506 παρακαλῇς,
1511 5435 1577 5490 ἂν
1617 5437 1852 5511 διδάξῃς,
1883 5443 1948 5496 ἂν
1976 5461 2113 5514 συμ-

617 5653 639 5724 ξ¹
667 5657 804 5724 ξηιιε
829 5660 904 5724 ἐπὶ
927 5661 1087 5724 κακίᾳ.

613 5715 643 5757 δ
676 5720 810 5771 Colb.
833 5721 930 5770 duo
950 5727 1001 5772 et
1027 5715 1148 5785 Reg.
1169 5725 1507 5786 κατεμάνθανεν

1268 321 1334 377 S.
1381 311 1668 375 JOANNIS
1703 295 2198 370 CHRYSOSTOIII
2235 295 2558 355 ARCHIEP.
2587 290 3136 356 CONSTANTINOP.

3659 288 3794 347 653

2197 411 2628 486 ϐουλεύσῃς,τῆς
2655 411 2972 484 ἐπιμελείας
2995 406 3200 478 ταύτης
3231 403 3472 459 κείσεταί
3509 421 3591 458 σοι
3623 407 3792 478 παρὰ

2196 494 2289 549 τοῦ
2317 495 2453 548 Θεοῦ
2487 493 2655 566 πολλὴ
2693 496 2726 565 ή
2761 492 2987 565 ἀμοιϐή.

2266 579 2352 651 Μὴ
2381 581 2555 634 τοίνυν
2601 579 2877 652 ἀλλότριον
2909 576 3088 632 αὐτῶν
3129 573 3270 630 εἷναι
3301 572 3671 646 νομιζέτωσαν
3719 575 3790 628 αἱ

2197 669 2448 736 γυναῖκες
2479 669 2540 720 τὸ
2575 667 2670 720 καὶΙ
2709 665 2938 736 θηλειῶν
2965 664 3058 718 καὶ
3085 663 3330 735 ἀρρένων
3373 661 3784 730 ἐπιμελεῖσθαι.

2197 759 2274 810 Ού
2303 756 2412 827 7&9
2443 756 2708 828 διέκρινεν
2751 753 2982 809 ἐνταῦθα
3023 753 3084 806 τὸ
3131 752 3307 822 γένος,
3351 749 3490 805 ἀλλὰ
3533 751 3630 804 καὶ
3663 753 3790 804 ἐκεῖ

2199 847 2386 910 ἀπλῶς
2412 843 2586 912 εἷπεν,
2611 849 2681 900 El
2712 843 3204 912 ἑτεκνοτρόφησε,
3235 842 3328 895 καὶ
3353 840 3605 904 ἐνταῦθα,
3644 840 3788 894 Ἐὰν

2197 939 2536 1006 ἐπιμείνωσι
2582 938 2652 1008 τῇ
2699 939 2928 1003 πίστει,
2979 935 3076 988 καὶ
3127 931 3204 1002 τῇ
3259 932 3458 1001 ἀγάπῃ
3482 972 3495 994 ,
3543 931 3648 986 καί
3699 923 3796 1002 τῷ,

2197 1028 2483 1099 ἁγιασμῷ.
2519 1029 2679 1082 Ὥστε
2733 1027 3056 1098 ἀμφοτέρων
3097 1026 3224 1096 ήμῖν
3263 1023 3619 1094 ἐπιμελητέον
3672 1023 3780 1075 τῶν

2197 1120 2446 1186 παιδίων,
2495 1121 2588 1174 καὶ
2650 1119 2882 1190 μάλιστα
2920 1119 3040 1179 ταῖς
3104 1114 3370 1184 γυναιξὶν,
3417 1115 3525 1185 ὅσῳ
3570 1113 3671 1168 καὶ
3711 1115 3778 1167 τὰ

2198 1210 2419 1264 πλείονα
2457 1211 2598 1264 οίκοι
2635 1210 2920 1280 κάθηνται.
2968 1205 3106 1270 Τοὺς
3153 1206 3250 1277 μὲν
3297 1205 3406 1277 γὰρ
3450 1205 3651 1275 ἀνδρας
3685 1207 3780 1260 καὶ

2197 1297 2533 1372 ἀποδημίαι,
2583 1300 2677 1353 καὶ
2714 1301 2769 1352 αί
2810 1300 2908 1370 τῆς
2961 1297 3164 1368 ἀγορᾶς
3214 1293 3523 1366 φροντίδες,
3579 1297 3677 1348 καὶ
3711 1297 3787 1349 τὰ

2196 1391 2294 1461 τῆς
2329 1389 2534 1454 πόλεως
2589 1390 2886 1460 πράγματα
2933 1389 3282 1459 περιέλκουσι
3321 1385 3613 1449 πολλάκις·
3653 1389 3686 1458 ή
3719 1387 3786 1440 δὲ

2198 1483 2334 1554 γυνὴ
2388 1483 2569 1553 πάσης
2618 1481 2872 1552 τοιαύτης
2917 1481 3196 1552 φροντίδος
3247 1479 3494 1532 ἀτέλειαν
3547 1479 3782 1549 ἔχουσα,

2199 1577 2558 1648 εὐκολώτερον
2585 1575 2785 1629 δύναιτ’
2808 1577 2874 1630 ἂν
2913 1575 3023 1629 τῶν
3047 1573 3349 1643 τεχθέντων
3379 1571 3783 1642 ἐπιμελεῖσθαι,

2200 1668 2396 1738 πολλῆς
2428 1665 2775 1722 ἀπολαύουσα
2811 1667 2912 1736 τῆς
2969 1664 3186 1734 σχολῆς.
3225 1662 3412 1727 Οὕτως
3449 1665 3506 1716 αἱ
3551 1663 3790 1718 παλαιαὶ

2199 1754 2412 1808 ἐποίουν
2454 1755 2710 1821 γυναῖκες
2729 1769 2742 1781 ·
2773 1752 2834 1805 ού
2881 1751 2991 1822 γάρ
3027 1749 3255 1820 ἀνδράσι
3297 1748 3476 1818 μόνον,
3505 1747 3640 1801 ἀλλὰ
3683 1749 3786 1802 καὶ

2200 1846 2442 1918 γυναιξὶν
2465 1849 2758 1916 ἀναγκαῖον
2791 1845 2947 1900 τοῦτο
2970 1847 3031 1898 τὸ
3050 1843 3186 1916 ΰφλη
3195 1861 3270 1915 μα
3285 1858 3298 1874 ·
3330 1843 3472 1912 λέγω
3496 1843 3552 1896 δὲ
3581 1844 3643 1896 τὸ
3667 1843 3784 1897 τῶν

2202 1939 2412 1992 οἰκείων
2443 1937 2784 2009 προνοεῖσθαι
2819 1923 3046 2002 πάίδων,
3085 1935 3178 1989 καὶ
3212 1936 3293 1998 είς
3327 1933 3642 2003 φιλοσοφίαν
3681 1935 3786 1987 αὐ-

2202 2029 2326 2090 τοὺς
2357 2025 2586 2094 ἐνάγειν.
2633 2025 2742 2080 Καὶ
2774 2027 2854 2079 ὅτι
2892 2025 3049 2078 τοῦτό
3082 2027 3228 2078 ἐστιν
3281 2024 3498 2096 ἀληθὲς,
3543 2023 3783 2096 ἀρχαίαν

2201 2119 2323 2172 τινὰ
2370 2118 2609 2190 ἱστορίαν
2659 2119 2786 2188 ὑμῖν
2832 2119 3180 2189 διηγήσομαι.
3215 2117 3383 2169 Ἄννα.
3427 2133 3513 2178 τις
3559 2116 3786 2184 ἐγένετο

2206 2209 2354 2280 παρὰ
2382 2209 2492 2271 τοῖς
2526 2205 2796 2271 Ἰουδαίοις
2827 2209 2982 2276 γυνή.
3023 2207 3170 2277 Αὕτη
3209 2209 3242 2278 ή
3273 2208 3440 2259 Ἀννα
3475 2205 3640 2258 πολὺν
3667 2205 3788 2259 ὲνὸο

2207 2316 2368 2368 σησεν
2403 2299 2654 2362 ἀπαιδίας
2683 2299 2894 2368 χρόνον,
2926 2298 3020 2352 καὶ
3050 2298 3112 2351 τὸ
3147 2297 3210 2368 δὴ
3254 2297 3653 2370 χαλεπώτερον,
3697 2300 3786 2352 ὅτι

2203 2392 2236 2460 ή
2281 2389 2560 2460 ἀντίζηλος
2605 2390 2775 2460 αὐτῆς
2813 2388 3017 2442 παίδων
3054 2384 3122 2458 ἦν
3156 2393 3337 2460 μήτηρ
3371 2389 3604 2442 πολλῶν.
3636 2392 3786 2443 Ἰστε

2204 2479 2261 2533 δὲ
2287 2480 2363 2542 ὡς
2384 2483 2449 2550 τῇ
2487 2479 2645 2547 φύσει
2686 2479 2778 2532 καὶ
2815 2477 2936 2532 καθ’
2965 2478 3124 2532 ἑαυτὸ
3150 2479 3210 2531 τὸ
3239 2480 3468 2551 πρᾶγμα
3507 2479 3785 2550 ἀφόρητόν

2208 2573 2322 2624 ἐστι
2361 2575 2480 2635 ταῖς
2529 2570 2800 2640 γυναιξίν·
2845 2572 2972 2625 ὅταν
3018 2571 3074 2624 δὲ
3119 2571 3214 2624 καὶ
3267 2571 3548 2640 ἀντίζηλος
3601 2575 3783 2644 προσῇ

2207 2663 2403 2725 παῖδας
2435 2663 2653 2733 ἔχουσα,
2689 2662 2867 2732 πολλῷ
2905 2661 3281 2734 χαλεπώτερον
3309 2649 3542 2728 γίνεται·
3573 2663 3630 2714 ὲν
3667 2663 3785 2734 γάρ

2207 2757 2272 2824 τῇ
2307 2757 2403 2825 τῆς
2433 2756 2688 2821 γυναικὸς
2721 2755 2934 2825 ἐκείνης
2960 2755 3234 2827 εὐπραγίᾳ⁸
3259 2756 3351 2826 τὴν
3387 2757 3590 2809 οίκείαν
3618 2758 3782 2828 ἀκρι-

2209 2845 2460 2915 ϐέστερον
2507 2845 2912 2916 καταμανθάνει
2948 2846 2975 2885 ιι
3029 2847 3336 2918 συμφοράν·
3386 2846 3636 2919 καθάπερ
3683 2843 3780 2904 οὖν

2210 2938 2302 2989 καὶ
2331 2939 2378 2990 οἱ
2410 2937 2568 3008 πενίᾳ
2609 2937 2875 3001 συζῶντες
2912 2938 3135 3008 ἐσχάτῃ,
3179 2937 3300 2991 τότε
3333 2937 3618 3009 ὀδυνῶνται
3665 2957 3786 3010 μει-

2211 3027 2396 3092 ζόνως,
2437 3029 2564 3082 ὅταν
2615 3031 2909 3101 ὲννοήσωσι
2957 3030 3083 3093 τοὺς
3136 3029 3515 3096 πλουτοῦντας.
3566 3035 3676 3086 Καὶ
3720 3035 3784 3088 ού

2209 3119 2365 3172 τοῦτο
2404 3120 2559 3190 μόνον
2606 3115 2674 3192 ἦν
2705 3121 2765 3174 τὸ
2797 3117 2987 3184 δεινὸν,
3017 3119 3098 3173 ὅτι
3143 3122 3336 3185 παῖδας
3365 3121 3504 3193 αὕτη
3541 3125 3637 3193 μὲν
3684 3125 3788 3178 οὐκ

2212 3209 2372 3280 εἶχεν,
2414 3212 2594 3282 εκείνη
2650 3211 2706 3264 δὲ
2765 3206 2932 3282 εἶχεν,
2965 3211 3080 3265 ἀλλ’
3117 3213 3199 3267 ὅτι
3241 3214 3337 3268 καὶ
3381 3215 3664 3284 ἀντίζηλος
3695 3213 3786 3287 ἦν,

2213 3303 2306 3356 καὶ
2337 3303 2434 3372 οὐχ
2459 3303 2540 3356 ὅτι
2567 3302 2847 3375 ἀντίζηλος
2875 3301 2943 3376 ἦν
2975 3306 3152 3376 μόνον,
3185 3305 3299 3359 ἀλλ’
3321 3307 3402 3360 ὅτι
3433 3307 3786 3378 παρώργιζεν

2211 3393 2380 3462 αὐτὴν
2422 3393 2510 3446 διὰ
2553 3393 2614 3446 τὸ
2651 3393 2948 3458 ὲξουθενείν
2981 3397 3172 3467 αὐτήν.
3215 3397 3272 3450 '0
3324 3396 3380 3450 δὲ
3435 3397 3567 3462 Θεὸς
3613 3397 3790 3451 ταῦτα

2213 3484 2390 3538 πάντα
2413 3485 2552 3554 ὁρῶν
2575 3485 2838 3556 ἠνείχετο,
2865 3491 2960 3540 καὶ
2986 3491 3108 3541 Οὐκ
3126 3487 3348 3542 ἔδωκεν
3375 3488 3530 3557 αὐτῇ
3551 3491 3787 3558 Κύριος,

2215 3576 2363 3646 φησὶ,
2403 3576 2638 3629 παιδίον
2669 3577 2821 3631 κατὰ
2853 3581 2968 3646 τὴν
3012 3581 3223 3647 θλίψιν
3249 3579 3461 3647 αὐτῆς,
3495 3581 3592 3636 καὶ
3639 3583 3792 3636 κατὰ

2213 3664 2320 3733 τὴν
2365 3665 2625 3733 ἀθυμίαν
2663 3666 2774 3732 τῆς
2825 3667 3034 3736 ψυχῆς
3065 3669 3274 3736 αὐτῆς.
3315 3669 3380 3722 Τί
3434 3672 3584 3735 ἐστι,
3631 3671 3790 3726 Κατὰ

2212 3755 2326 3818 τὴν
2374 3757 2585 3824 θλίψιν
2630 3757 2860 3826 αὐτῆς;
2907 3760 3019 3812 Οὐκ
3071 3759 3218 3812 ἐστιν
3268 3761 3463 3824 εἰπεῖν,
3497 3763 3678 3832 φησὶν,
3707 3765 3788 3814 ὅτι

2214 3849 2402 3918 πράως
2427 3847 2569 3920 ὁρῶν
2611 3849 2878 3919 φέρουσαν
2907 3851 3005 3922 τὴν
3039 3853 3342 3923 συμφορὰν,
3375 3854 3588 3924 ἐπεῖχεν
3619 3853 3788 3925 αὐτῆς

2213 3940 2310 4010 τήν
2332 3941 2507 4004 τόκον,
2537 3941 2671 3995 ἀλλά
2696 3943 2870 3996 καίτοι
2889 3943 3319 4015 διακοπτομένην
3345 3945 3503 4015 ὁρῶν,
3523 3945 3790 4016 ὀδυνωμέ-

2215 4045 2330 4096 νην,
2359 4029 2700 4100 θλιϐομένην,
2727 4035 2827 4084 οὐκ
2856 4031 3010 4086 ἔλυσε
3036 4033 3132 4104 τήν
3154 4031 3408 4103 ἀθυμίαν,
3439 4033 3788 4106 1706]ἒτερόν

2213 4136 2264 4172 τι
2303 4119 2480 4190 πολλῷ
2531 4120 2714 4191 μεῖζον
2765 4124 3086 4193 οἰκονομῶν.
3139 4126 3322 4178 Ταῦτα
3375 4125 3450 4197 μὴ
3501 4127 3788 4198 παρέργως

2213 4212 2521 4282 ἀκούωμεν,
2570 4211 2705 4266 ἀλλά
2756 4215 2850 4268 καὶ
2902 4215 3149 4270 ἐντεῦθεν
3213 4219 3472 4290 μάθωμεν
3525 4218 3790 4288 μεγίστην

2215 4299 2532 4369 φιλοσοφίαν
2563 4312 2612 4366 ε,
2654 4303 2749 4356 καὶ
2779 4303 2994 4358 ἐπειδάν
3038 4305 3196 4376 δεινῷ
3229 4323 3332 4360 τινι
3382 4306 3784 4378 περιπέσωμεν,

2213 4391 2318 4445 κᾶν
2361 4391 2636 4464 ἀλγῶμεν,
2681 4394 2786 4447 κᾶν
2815 4395 3152 4468 όδυρὼμεθα,
3205 4397 3306 4452 κᾶν
3335 4397 3603 4468 ἀφόρητον
3649 4399 3787 4466 ἡμῖν

2215 4478 2354 4535 εἶναι
2381 4482 2508 4555 δοκῇ
2551 4484 2612 4538 τὸ
2645 4485 2833 4552 κακὸν,
2869 4489 2943 4558 μὴ
2975 4487 3306 4559 σπεύδωμεν,
3347 4489 3481 4559 μηδὲ
3509 4487 3784 4556 ἀλύωμεν,

2215 4575 2330 4629 ἀλλ’
2373 4575 2732 4646 ἀναμένωμεν
2779 4577 2874 4631 τοῦ
2925 4577 3058 4633 Θεοῦ
3095 4579 3192 4650 τὴν
3241 4579 3511 4650 πρόνοιαν.
3551 4579 3788 4642 Ἐκεῖνος

2215 4665 2323 4736 γὰρ
2353 4661 2462 4718 οἵδε
2497 4665 2686 4736 σαφῶς
2729 4667 2859 4722 πότε
2897 4668 2977 4722 δεῖ
3003 4667 3161 4724 λῦσαι
3189 4669 3250 4723 τὸ
3293 4669 3482 4723 ποιοῦν
3515 4669 3614 4738 τὴν
3659 4666 3789 4720 ἀθυ-

2219 4757 2346 4830 μίαν
2373 4760 2536 4830 ήμῖν·
2565 4760 2702 4834 ὅπερ
2723 4755 2817 4814 οὖν
2842 4761 2937 4814 καὶ
2968 4761 3060 4814 ἐπὶ
3098 4761 3304 4832 ταύτης
3333 4761 3549 4830 συνέϐη.
3579 4759 3650 4812 Ού
3681 4759 3789 4827 γὰρ

2220 4849 2393 4920 μισῶν
2427 4851 2617 4923 αὐτὴν,
2646 4851 2767 4906 οὐδὲ
2799 4852 3278 4924 ἀποστρεφόμενος
3313 4854 3342 4905 ὁ
3373 4851 3503 4916 Θεὸς
3545 4850 3786 4904 ἀπέκλει-

2221 4960 2310 4995 σεν
2351 4943 2521 5014 αὐτῆς
2565 4943 2662 5016 τὴν
2713 4945 2946 5016 μήτραν,
2997 4944 3110 4999 ἀλλ’
3159 4945 3244 4997 ἵνα
3288 4947 3417 5016 ήμῖν
3461 4943 3642 5013 ἀνοίξῃ
3689 4941 3785 5004 τὰς

2220 5033 2386 5106 θύρας
2418 5035 2517 5104 τῆς
2566 5037 2880 5104 φιλοσοφίας
2925 5037 3024 5106 τῆς
3069 5037 3126 5089 έν
3160 5039 3227 5107 τῇ
3273 5036 3518 5104 γυναικὶ,
3566 5033 3656 5086 καὶ
3698 5033 3786 5086 τὸν

2218 5127 2446 5182 πλοῦτον
2477 5129 2647 5198 αὐτῆς
2677 5129 2772 5199 τῆς
2810 5130 3044 5194 πίστεως
3082 5130 3406 5199 κατίδωμεν,
3445 5127 3536 5180 καὶ
3575 5125 3788 5194 γνῶμεν

2217 5219 2298 5270 ὅτι
2327 5217 2708 5288 λαμπροτέραν
2741 5220 2910 5288 αὐτὴν
2939 5223 3004 5273 ἐκ
3031 5221 3222 5272 τούτου
3261 5219 3562 5288 εἰργάζετο.
3596 5217 3788 5268 ’Ἄκουε

2215 5306 2272 5358 δὲ
2304 5308 2394 5360 καὶ
2423 5308 2490 5362 τά
2523 5308 2668 5379 ἑξῆς.
2697 5309 2808 5363 Καὶ
2837 5311 3023 5378 οὕτως
3063 5312 3270 5376 ἐποίει,
3298 5311 3480 5380 φησὶν,
3515 5307 3792 5360 ἑνιαυτόν

2238 5395 2365 5447 κατ’
2393 5395 2670 5450 ἐνιαυτὸν
2697 5398 2815 5453 ἀπὸ
2849 5399 3080 5464 ἱκανοῦ,
3109 5402 3178 5454 ἐν
3205 5399 3286 5465 τῷ
3319 5399 3660 5452 ἀναϐαίνειν
3685 5397 3792 5448 αὑ-

2215 5485 2328 5554 τὴν
2369 5491 2455 5554 εἷς
2487 5485 2654 5543 οἷκον
2703 5493 2939 5562 Κυρίου.
2987 5494 3098 5548 Καὶ
3143 5495 3374 5562 ἠθύμει,
3423 5491 3522 5542 καὶ
3565 5487 3788 5552 ἔκλαιε,

2217 5576 2314 5630 καί
2355 5579 2466 5631 οὐκ
2525 5579 2758 5647 ἢσθιεν.
2806 5583 3198 5654 Ἐπιτεταμένη
3248 5585 3280 5654 ή
3333 5580 3514 5649 ὀδύνη,
3553 5578 3684 5632 πολὺ
3731 5579 3792 5632 τὸ

2220 5676 2590 5804 φιὶοὲἓὲέζνθυο
2613 5685 2666 5731 et
2687 5681 2807 5746 Reg.
2835 5684 2936 5731 ἀλλ’
2959 5681 3154 5732 ἐνταῦθα
3195 5681 3524 5745 φιλοσοφῶμεν
3563 5676 3798 5739 μεγίστην
