4094 6256
307 295 424 352 637

308 424 428 471 tate
456 423 659 470 natum
689 414 823 470 filios
846 429 972 472 suos
998 425 1243 488 parentes
1271 418 1518 475 dilecturi
1544 418 1789 487 fuissent,
1809 420 1902 476 sed

306 520 530 562 morum
570 507 834 577 probitate
879 517 1080 564 tantum
1123 518 1177 565 et
1222 520 1369 566 recte
1419 510 1679 566 factorum
1726 512 1902 567 studio

307 596 491 665 ducti,
520 599 717 654 multos
745 601 978 669 paternis
1019 600 1221 658 aedibus
1267 611 1484 659 exactos
1526 602 1595 657 ob
1640 603 1902 673 ignaviam

308 705 497 757 suam,
536 701 811 764 totumque
844 708 1014 764 genus
1045 693 1333 750 humanum
1363 696 1561 764 passim
1591 695 1900 751 distractum

310 797 389 838 ac
408 783 720 853 dissipatum
748 784 992 839 vidisses.
1020 783 1075 840 Si
1100 800 1286 841 rursus
1306 801 1419 841 rem
1447 794 1611 840 totam
1634 786 1900 857 tyrannidi

311 885 526 929 natura:
547 876 919 943 commisisset,
946 886 1000 931 et
1023 893 1089 932 ne
1111 878 1381 948 improbos
1402 877 1615 948 quidem
1636 878 1759 932 odio
1778 891 1901 947 pro-

314 968 475 1038 sequi
505 968 854 1036 permisisset,
898 968 991 1023 sed
1033 969 1101 1022 ab
1139 969 1241 1024 illis
1267 969 1616 1024 contumelias
1651 978 1705 1023 et
1746 970 1901 1022 innu-

315 1074 472 1113 mera
502 1059 636 1114 mala
664 1059 809 1129 passi
857 1070 1035 1129 patres
1072 1070 1274 1113 natura:
1313 1060 1629 1113 necessitate
1668 1058 1899 1113 devincti

316 1150 449 1205 filiis
477 1150 528 1205 in
558 1165 616 1205 se
642 1150 1042 1205 contumeliosis
1083 1165 1146 1205 ac
1186 1144 1633 1205 debacchantibus
1670 1148 1898 1203 blandiri

316 1260 432 1298 non
463 1253 783 1310 cessassent,
815 1243 881 1297 ad
910 1258 1176 1297 summum
1214 1242 1464 1313 nequitiae
1496 1241 1706 1295 culmen
1731 1255 1898 1310 genus

318 1334 615 1390 humanum
642 1344 946 1405 provectum
968 1343 1128 1390 esset.
1149 1334 1281 1389 Nam
1303 1335 1347 1388 si
1374 1348 1516 1388 nunc
1536 1347 1657 1387 cum
1681 1332 1898 1386 omnino

314 1429 592 1486 Confidere
621 1438 821 1483 natura:
847 1444 952 1483 non
978 1429 1185 1499 possint
1213 1428 1327 1493 filii,
1357 1426 1451 1482 sed
1485 1427 1679 1481 multos
1704 1426 1894 1493 sciant,

315 1534 443 1573 cum
470 1520 741 1590 depravati
771 1529 969 1587 essent,
996 1529 1052 1574 et
1082 1519 1240 1575 domo
1269 1527 1321 1574 et
1349 1517 1686 1572 facultatibus
1715 1527 1896 1585 pater—

317 1612 407 1664 nis
436 1612 716 1676 excidisse,
746 1626 888 1681 smpe
918 1620 1093 1665 tamen
1120 1620 1397 1679 parentum
1418 1624 1601 1663 amore
1626 1608 1745 1663 freti
1768 1624 1896 1662 con-

312 1704 557 1757 tumeliis
585 1718 679 1758 eos
708 1702 946 1757 afficiunt
973 1720 987 1756 :
1019 1702 1120 1756 nisi
1146 1700 1476 1771 permisisset
1505 1701 1660 1767 Deus,
1693 1708 1751 1754 ut
1775 1699 1896 1753 illos

315 1797 564 1851 succensi
613 1796 1013 1860 ulciscerentur,
1066 1802 1120 1848 et
1161 1793 1433 1863 improbos
1480 1791 1645 1846 factos
1699 1791 1896 1847 liberos

317 1887 505 1957 procul
531 1886 899 1950 amandarent,
924 1900 1041 1957 quo
1060 1901 1165 1940 non
1196 1899 1253 1939 se
1282 1883 1528 1953 nequitia:
1556 1898 1751 1952 genere
1776 1898 1897 1935 cou-

315 1979 703 2034 taminasseut?
721 1976 846 2032 Ideo
871 1985 925 2031 et
950 1985 1153 2031 natura:
1173 1974 1510 2039 necessitate,
1533 1982 1589 2028 et
1607 1972 1894 2028 liberorum

316 2069 560 2124 moribus
585 2070 678 2123 niti
706 2077 981 2139 parentum
1003 2081 1241 2121 amorem
1262 2065 1427 2120 voluit
1451 2064 1610 2132 Deus,
1633 2072 1692 2118 ut
1710 2072 1764 2118 et
1784 2078 1898 2117 me-

316 2162 574 2217 diocriter
612 2161 954 2231 peccantibus
1002 2160 1204 2224 liberis,
1249 2160 1317 2213 ad
1360 2160 1460 2215 hoc
1498 2174 1591 2214 eos
1638 2160 1895 2214 invitante

320 2264 531 2319 natura,
562 2256 769 2307 veniam
798 2252 1006 2317 darent,
1033 2262 1087 2307 et
1115 2252 1428 2321 depravatos
1462 2262 1619 2321 atque
1646 2252 1891 2307 immedi-

316 2345 481 2400 cabili
511 2346 698 2399 morbo
728 2344 1028 2400 laborantes
1051 2345 1319 2414 punirent,
1358 2360 1425 2400 ne
1461 2345 1528 2399 ad
1564 2344 1749 2399 vitium
1776 2344 1895 2398 illos

320 2436 647 2507 indulgentia
676 2451 770 2491 sua
801 2437 1093 2503 erudirent,
1134 2438 1179 2491 si
1207 2446 1397 2491 natura
1427 2451 1610 2491 rursus
1636 2437 1890 2501 vinceret,

318 2546 520 2600 eosque
548 2531 729 2585 liberis
757 2532 866 2585 suis
892 2530 1117 2585 blandiri
1163 2538 1397 2600 cogeret,
1439 2531 1597 2584 etiam
1638 2545 1757 2585 cum
1789 2530 1892 2583 im-

316 2624 471 2693 probi
488 2632 687 2678 essent.
707 2622 927 2689 Quantae
943 2623 1063 2687 hoc,
1085 2638 1285 2693 quaeso,
1306 2621 1667 2692 providentiae,
1692 2638 1811 2676 cum
1836 2632 1889 2676 et

316 2717 540 2787 diligere
576 2716 761 2786 jubeat
797 2727 851 2771 et
892 2716 1060 2769 amori
1102 2715 1318 2771 modum
1357 2731 1575 2785 ponere,
1615 2726 1671 2771 et
1707 2730 1891 2769 rursus

315 2809 534 2878 optima:
565 2807 850 2861 liberorum
893 2805 1191 2861 educationi
1228 2808 1528 2862 mercedem
1575 2807 1891 2862 constituat?

316 2898 650 2966 Pmpositam
678 2897 819 2951 enim
842 2912 964 2951 esse
983 2898 1281 2952 mercedem
1306 2909 1359 2952 et
1383 2913 1489 2951 non
1512 2898 1639 2951 viris
1663 2906 1888 2965 tantum,

317 2988 415 3043 sed
441 2987 599 3042 etiam
627 2988 838 3041 feminis
867 2997 925 3043 ut
949 2990 1230 3057 intelligas,
1262 2990 1381 3043 audi
1412 3005 1515 3058 quo
1540 2998 1690 3057 pacto
1712 2992 1891 3045 multis

318 3080 374 3132 in
406 3079 536 3133 locis
565 3087 620 3133 et
653 3078 717 3132 ad
765 3079 881 3132 illas
908 3088 962 3134 et
990 3078 1056 3134 de
1092 3079 1199 3133 illis
1227 3078 1497 3149 Scriptura
1524 3080 1684 3133 verba
1713 3080 1887 3147 faciat,

317 3184 491 3238 neque
515 3174 690 3223 minus
711 3168 777 3223 ad
802 3169 917 3223 illas
943 3184 1099 3239 quam
1126 3171 1192 3223 ad
1214 3169 1375 3224 viros.
1404 3170 1533 3224 Cum
1556 3170 1693 3224 enim
1721 3171 1889 3226 dixis-

314 3269 400 3314 set
436 3261 648 3326 Paulus,
695 3259 884 3314 Mulier
926 3270 1090 3313 autem
1138 3260 1339 3314 seducta
1383 3262 1437 3314 in
1484 3262 1891 3330 pratvaricalione

313 3353 432 3420 fuit,
464 3351 678 3420 adjecit,
713 3351 1008 3406 Saluabitur
1038 3361 1205 3405 autem
1234 3369 1323 3421 per
1352 3352 1572 3420 ﬁliorum
1610 3355 1889 3423 generatio-

311 3462 435 3499 nem
465 3444 540 3517 (1.
572 3444 701 3498 Tim.
730 3444 785 3500 2.
818 3445 904 3499 14.
938 3445 1046 3515 15).
1077 3444 1227 3511 Quod
1268 3457 1442 3499 autem
1472 3446 1565 3511 ait,
1598 3450 1731 3500 hanc
1761 3462 1887 3500 sen-

311 3537 530 3591 tentiam
557 3536 717 3592 habet
747 3555 760 3591 :
795 3536 957 3591 Doles
995 3536 1135 3607 quod
1167 3547 1217 3593 te
1244 3540 1433 3592 mulier
1460 3540 1628 3608 prima
1665 3539 1717 3592 in
1763 3554 1886 3608 par-

311 3636 398 3681 tus
426 3627 637 3683 dolores
666 3628 999 3698 laboresque,
1028 3644 1090 3684 ac
1113 3630 1321 3700 longam
1359 3632 1489 3685 uteri
1536 3633 1885 3701 gestationem

312 3718 636 3786 conjecerit?
688 3719 758 3773 At
815 3728 868 3771 tu
926 3720 1035 3773 noli
1082 3735 1399 3775 succensere
1454 3739 1466 3773 :
1523 3739 1693 3791 neque
1744 3724 1884 3776 enim

312 3816 463 3861 tanto
488 3808 682 3862 damno
710 3819 927 3877 propter
950 3809 1162 3863 dolores
1188 3822 1368 3878 partus
1387 3821 1440 3864 et
1464 3811 1673 3865 labores
1699 3812 1887 3866 affecta

312 3912 393 3963 es,
420 3910 674 3968 quantum
702 3906 962 3968 qutestum
1005 3898 1154 3963 facis,
1185 3900 1228 3953 si
1259 3900 1411 3964 velis,
1457 3901 1583 3955 dum
1625 3902 1885 3956 bonorum

312 4004 533 4060 operum
573 3990 909 4046 occasionem
957 4005 1022 4045 ex
1061 3999 1203 4046 recta
1246 3992 1532 4046 liberorum
1572 3993 1887 4049 educatione

313 4085 499 4138 sumis.
542 4083 641 4151 Qui
674 4085 815 4137 enim
861 4082 969 4137 nati
1007 4091 1132 4138 sunt
1180 4083 1351 4148 liberi,
1398 4082 1443 4137 si
1484 4085 1885 4140 convenientem

313 4175 511 4229 fuerint
540 4176 739 4229 cultum
770 4175 930 4240 nacti,
957 4190 1020 4229 ac
1046 4184 1131 4229 tua
1156 4189 1281 4228 cura
1311 4174 1507 4229 fuerint
1530 4175 1597 4229 ad
1639 4176 1884 4232 virtutem

312 4265 598 4330 informati,
631 4267 847 4321 multam
887 4267 979 4321 tibi
1021 4265 1243 4321 offerent
1286 4267 1617 4321 occasionem
1661 4267 1881 4334 salutis;

310 4372 373 4412 ac
398 4368 592 4428 praeter
620 4358 829 4428 propria
857 4359 992 4413 bona
1024 4374 1183 4429 opera
1212 4358 1430 4412 multam
1457 4358 1526 4413 ob
1553 4359 1786 4414 studium
1826 4361 1881 4415 in

310 4450 410 4505 ista
438 4450 687 4505 collatum
727 4450 949 4519 recipies
979 4449 1299 4504 mercedem.

380 4542 432 4595 4.
478 4546 651 4611 Atque
685 4549 743 4594 ut
779 4540 965 4603 discas
995 4556 1100 4594 non
1141 4550 1346 4610 partum
1383 4550 1606 4595 matrem
1645 4542 1878 4611 efficere,

224 4624 229 4625 ί
311 4647 481 4702 neque
508 4632 806 4686 mercedem
836 4632 956 4685 huic
981 4646 1099 4686 esse
1128 4632 1206 4686 rei
1232 4634 1574 4701 propositam,
1602 4634 1725 4689 alibi
1750 4651 1883 4705 quo-

314 4740 418 4789 que
442 4722 650 4777 viduam
676 4723 949 4791 alloquens
978 4723 1172 4777 Paulus
1198 4723 1269 4777 ita
1299 4723 1433 4778 dixit
1459 4742 1474 4778 :
1505 4724 1566 4779 Si
1595 4726 1727 4793 ﬁlios
1754 4727 1880 4779 edu-

302 4815 434 4869 cavit
464 4815 543 4884 (l.
582 4812 710 4866 Tim.
741 4815 795 4869 5.
834 4814 924 4876 l0)
959 4832 972 4867 :
1006 4829 1177 4884 neque
1209 4814 1361 4881 dixit,
1400 4815 1454 4871 Si
1489 4814 1626 4870 filios
1652 4818 1878 4887 peperit,

306 4907 420 4973 sed,
454 4907 517 4961 Si
544 4907 677 4975 ﬁlios
697 4907 941 4960 educavit.
972 4906 1101 4961 Nam
1132 4907 1260 4961 illud
1280 4908 1491 4977 quidem
1522 4920 1745 4977 naturae,
1778 4910 1880 4967 hoc

304 5015 433 5056 vero
453 4999 603 5053 liberi
629 5007 711 5053 est
736 4998 958 5052 arbitrii.
975 4998 1261 5068 Propterea
1286 5013 1404 5053 cum
1425 4999 1510 5055 hic
1534 5002 1693 5056 etiam
1714 5002 1881 5058 dixis-

306 5102 402 5155 set,
452 5090 745 5145 Salvabitur
783 5106 873 5159 per
909 5090 1133 5158 filiorum
1165 5092 1552 5160 generationem,
1584 5108 1752 5162 neque
1791 5094 1880 5149 hic

307 5182 558 5247 substitit,
590 5181 685 5235 sed
714 5196 833 5234 cum
876 5181 1160 5236 ostendere
1199 5182 1361 5237 vellet
1398 5198 1503 5237 non
1549 5184 1743 5239 liberos
1782 5202 1877 5256 ge-

308 5280 507 5341 nuisse,
536 5274 630 5329 sed
662 5285 807 5329 recte
832 5274 1029 5328 liberos
1054 5275 1330 5342 educasse,
1375 5278 1475 5330 hoc
1506 5277 1660 5333 nobis
1686 5279 1876 5335 afferre

308 5366 626 5432 mercedem,
654 5366 845 5435 adjecit
870 5381 885 5418 :
923 5364 983 5420 Si
1024 5368 1386 5435 permanserint
1430 5368 1483 5421 in
1509 5369 1610 5436 ﬁde
1630 5413 1644 5437 ,
1675 5380 1721 5424 et
1750 5371 1878 5425 dile-

306 5460 489 5524 ctione,
510 5469 555 5513 et
579 5460 974 5526 sanctiﬁcatione
996 5476 1109 5511 cum
1134 5460 1399 5514 sobrietate
1423 5462 1496 5529 (1.
1523 5461 1652 5516 Tim.
1676 5463 1731 5517 2.
1760 5465 1872 5535 15).

307 5549 538 5616 Quorum
560 5552 842 5607 verborum
863 5552 950 5607 hic
973 5567 1161 5609 sensus
1180 5562 1262 5609 est
1283 5568 1297 5606 :
1324 5555 1470 5611 Tunc
1491 5557 1708 5611 multam
1729 5574 1873 5614 mer-

305 5643 492 5697 cedem
518 5644 762 5715 accipies,
794 5645 837 5698 si
863 5644 951 5714 qui
981 5645 1241 5713 procreati
1280 5656 1408 5701 sunt
1448 5648 1597 5703 liberi
1629 5664 1874 5719 perman-

305 5736 473 5787 serint.
499 5735 551 5788 in
592 5734 714 5803 fide,
755 5744 807 5790 et
836 5734 1121 5791 dilectione
1149 5745 1202 5791 et
1229 5738 1663 5796 sanctificatione.
1693 5738 1749 5797 Si
1776 5739 1875 5811 igi-

1572 268 1575 273 ’
1628 304 1715 362 nn
1753 305 1938 362 ΑΝΝά
1974 306 2204 365 SERMO
2238 330 2281 365 ι.

3481 329 3585 390 6‘53

2009 428 2096 475 tur
2136 421 2204 477 ad
2231 422 2347 478 lucc
2382 438 2475 480 eos
2513 425 2724 494 iucites,
2764 430 2809 485 si
2844 429 3154 505 admoneas,
3196 438 3241 493 si
3282 438 3496 508 doceas,
3539 445 3585 497 si

2004 515 2228 571 consilio
2249 516 2424 586 juves,
2452 519 2521 575 ob
2546 520 2682 576 hanc
2708 537 2890 580 curam
2916 527 3079 583 multa
3124 529 3219 585 tibi
3248 532 3386 601 apud
3416 534 3582 589 Demn

2005 620 2215 661 merces
2243 608 2345 662 erit
2366 610 2672 666 constituta.

2077 695 2282 751 Mulieri
2303 701 2518 754 maxime
2544 704 2769 757 convenit
2789 706 3016 761 educatio
3049 709 3313 764 liberorum
3328 729 3348 778 ;
3374 714 3581 769 historia

2005 782 2167 838 Anna:
2194 788 2366 840 matris
2410 789 2702 856 Samuelis;
2742 796 2975 849 sterilitas
3011 811 3253 866 quantum
3280 805 3485 858 malum.
3509 835 3581 847 -

2003 874 2082 930 Ne
2104 877 2263 945 igitur
2290 879 2519 935 alienum
2549 898 2577 935 a
2608 899 2666 939 se
2700 887 2952 943 mulieres
2981 890 3321 959 arbitrentur,
3351 896 3394 949 si
3417 905 3473 950 et
3498 896 3579 951 fe-

2004 966 2264 1020 minarum
2306 978 2360 1022 et
2410 972 2636 1026 marium
2676 988 2855 1029 curam
2895 989 3098 1046 gerant.
3145 981 3261 1037 Non
3301 986 3441 1039 enim
3495 986 3582 1040 hic

2003 1070 2189 1109 sexum
2215 1057 2454 1112 distinxit
2489 1066 2647 1128 Deus,
2672 1064 2765 1119 sed
2794 1074 2848 1119 et
2872 1067 2981 1122 illic
3006 1070 3317 1139 simpliciter
3343 1075 3493 1140 dixit,
3516 1076 3578 1130 Si

2004 1147 2137 1215 filios
2168 1150 2426 1215 educavit;
2447 1160 2501 1205 et
2526 1153 2628 1218 hic,
2661 1154 2721 1208 Si
2742 1162 3101 1226 permanserint
3132 1164 3184 1215 in
3225 1166 3347 1232 ﬁde,
3377 1176 3423 1219 et
3453 1168 3578 1223 dile-

2002 1240 2183 1305 ctione,
2216 1251 2263 1293 et
2302 1244 2717 1311 sanctiﬁcatione.
2756 1246 2938 1317 itaque
2981 1253 3253 1323 utriusque
3281 1259 3491 1326 generis
3517 1261 3579 1313 li-

2001 1331 2248 1386 berorum
2280 1334 2613 1403 suscipienda
2654 1339 2808 1393 nobis
2849 1350 2933 1395 est
2958 1358 3103 1409 cura,
3135 1355 3382 1415 tantoque
3410 1353 3579 1419 magis

2001 1424 2331 1491 mulieribus,
2362 1438 2559 1494 quanto
2599 1431 2793 1499 szepius
2824 1432 2966 1486 domi
2995 1437 3248 1491 resident.
3279 1440 3406 1493 Nam
3436 1443 3579 1497 viros

2000 1515 2209 1584 quidem
2244 1518 2715 1587 peregrinationes,
2746 1538 2808 1577 ac
2832 1524 2927 1578 fori
2971 1527 3373 1595 sollicitudines,
3404 1544 3456 1587 et
3483 1549 3577 1588 ne-

1999 1606 2139 1675 gotia
2171 1606 2404 1661 civitatis
2450 1624 2593 1678 saepe
2621 1612 2955 1669 distrahunt:
2983 1618 3170 1672 mulier
3198 1631 3371 1675 autem
3398 1623 3465 1676 ab
3494 1622 3577 1677 his

2000 1697 2141 1751 curis
2168 1697 2553 1755 immunitatem
2584 1704 2769 1758 sortita
2796 1704 2998 1761 facilius
3021 1712 3231 1777 poterit,
3268 1728 3387 1767 cum
3430 1723 3578 1769 tanto

1999 1788 2203 1843 fruatur
2244 1791 2373 1855 otio,
2429 1792 2713 1850 liberorum
2758 1813 2937 1852 curam
2976 1816 3179 1869 gerere.
3214 1804 3287 1857 lta
3317 1805 3579 1863 faciebant

1998 1882 2227 1952 antiqua:
2258 1885 2541 1940 mulieres:
2576 1904 2679 1943 non
2703 1891 2845 1945 enim
2865 1909 2896 1945 a
2919 1894 3046 1948 viris
3076 1898 3267 1961 Solum,
3293 1900 3383 1953 sed
3412 1901 3570 1956 etiam

2001 1988 2032 2027 a
2062 1974 2371 2033 mulieribus
2399 1977 2500 2033 hoc
2528 1981 2841 2047 postulatur,
2874 1992 2931 2037 ut
2949 2001 3094 2049 suos,
3118 1987 3351 2057 inquam,
3381 1990 3578 2047 liberos

1998 2075 2207 2133 curent,
2238 2076 2395 2137 atque
2423 2069 2487 2123 ad
2517 2070 2903 2143 philoSOplllam
2926 2076 3043 2132 illos
3074 2079 3306 2135 incitent.
3338 2082 3486 2148 Quod
3518 2093 3577 2138 ut

2000 2171 2181 2210 verum
2203 2172 2321 2212 esse
2342 2170 2571 2228 constet,
2597 2172 2831 2219 veterem
2854 2166 3005 2222 vobis
3031 2170 3299 2225 historiam
3327 2175 3573 2231 narrabo.

1997 2248 2122 2303 Fuit
2146 2250 2283 2320 apud
2312 2251 2526 2309 Iudaeos
2555 2256 2707 2311 Anna
2745 2259 2936 2314 mulier
2972 2262 3233 2329 quredam.
3266 2265 3390 2319 Hmc
3419 2268 3573 2327 Anna

1997 2343 2165 2397 multo
2194 2352 2433 2414 tempore
2471 2348 2749 2403 sterilitate
2774 2351 3050 2419 laboravit,
3084 2355 3327 2425 quodque
3364 2360 3577 2427 gravius

1996 2431 2115 2499 fuit,
2162 2433 2277 2503 ejus
2326 2437 2515 2491 aemula
2561 2441 2847 2495 multorum
2895 2442 3178 2497 liberorum
3224 2456 3393 2501 mater
3436 2460 3569 2503 erat.

1996 2525 2152 2580 Scitis
2171 2539 2345 2582 autem
2376 2545 2530 2598 quam
2562 2542 2746 2586 natura
2790 2548 2883 2588 sua
2920 2546 2973 2590 et
2999 2552 3093 2605 per
3119 2539 3344 2607 scipsam
3374 2555 3460 2595 res
3486 2541 3572 2596 illa

1994 2616 2303 2673 mulieribus
2328 2620 2399 2674 sit
2427 2621 2804 2677 intolerabilis:
2828 2642 2947 2680 cum
2987 2643 3114 2682 vero
3154 2628 3348 2684 liberos
3373 2630 3575 2687 habens

1994 2710 2197 2762 accedit
2218 2714 2428 2778 aemula,
2463 2715 2630 2769 multo
2654 2716 2713 2769 fit
2738 2716 2981 2785 gravior:
3005 2720 3264 2788 siquidem
3292 2738 3357 2775 ex
3379 2723 3572 2776 mulie-

1994 2798 2069 2852 ris
2100 2799 2236 2854 illius
2266 2805 2616 2871 prosperitate
2647 2807 2837 2861 melius
2862 2807 3213 2863 calamitatem
3240 2826 3389 2864 suam
3416 2812 3573 2867 intel-

1994 2887 2136 2957 ligit;
2181 2891 2315 2945 sicut
2355 2902 2407 2946 et
2435 2894 2525 2963 qui
2552 2904 2793 2949 extrema
2836 2908 3148 2965 premuntur
3176 2910 3427 2968 egestate,
3460 2913 3569 2957 tum

1994 2976 2173 3031 dolent
2212 2980 2405 3046 acrius,
2448 2997 2567 3036 cum
2608 2982 2800 3038 divites
2830 2986 2933 3039 illis
2965 2988 3016 3040 in
3044 2999 3272 3042 mentem
3303 2992 3565 3047 venerint.

1993 3068 2175 3139 Neque
2200 3087 2325 3127 vero
2349 3073 2713 3129 calamitosum
2754 3077 2855 3131 hoc
2898 3087 3100 3134 tantum
3138 3080 3252 3144 fuit,
3286 3085 3421 3152 quod
3455 3084 3570 3140 hrec

1994 3160 2186 3216 liberos
2213 3179 2316 3217 nou
2344 3164 2580 3231 haberet,
2605 3167 2690 3220 illa
2720 3166 2954 3234 haberet,
2990 3171 3082 3224 sed
3111 3172 3253 3242 quod
3274 3176 3458 3229 aemula
3484 3191 3568 3231 es-

1993 3260 2107 3305 set:
2132 3268 2303 3323 neque
2340 3256 2481 3325 quod
2517 3259 2706 3312 aemula
2746 3267 2945 3314 tantum
2988 3273 3149 3327 esset,
3179 3280 3363 3321 verum
3410 3267 3566 3323 etiam

1993 3344 2131 3412 quod
2161 3346 2327 3413 ipsam
2359 3346 2425 3400 ad
2454 3347 2775 3403 iracundiam
2802 3363 3131 3421 provocaret,
3162 3371 3225 3410 eo
3251 3358 3390 3427 quod
3419 3360 3563 3414 illam

1992 3447 2289 3504 sperneret.
2323 3439 2460 3493 Deus
2486 3450 2663 3496 autem
2694 3458 2816 3497 cum
2845 3443 2945 3513 hoc
2992 3458 3253 3515 cerneret,
3287 3452 3563 3519 tolerabat,

1992 3539 2045 3582 et
2074 3527 2196 3582 Non
2224 3530 2361 3584 dedit
2392 3532 2438 3585 ei
2468 3530 2732 3599 Dominus,
2766 3535 2954 3605 inquit,
2979 3539 3142 3604 ﬁlium
3171 3544 3443 3596 secundum
3466 3546 3563 3597 tri-

1992 3622 2291 3674 bulationem
2335 3625 2444 3692 ejus
2478 3634 2524 3677 et
2564 3630 2833 3679 secundum
2866 3628 3116 3683 tristitiam
3146 3634 3328 3687 anima:
3351 3636 3458 3703 eius
3484 3636 3562 3707 (l.

1992 3713 2119 3783 Reg.
2155 3715 2203 3767 1.
2238 3715 2316 3782 6).
2358 3716 2493 3779 Quid
2542 3726 2642 3781 est,
2686 3718 2972 3772 Secundum
3011 3723 3383 3777 tribulationem
3416 3728 3563 3796 ejus!

1990 3803 2103 3855 Dici
2144 3819 2247 3855 non
2295 3814 2490 3871 potest,
2524 3806 2711 3875 inquit,
2753 3824 2874 3861 eum
2914 3812 3176 3867 videntem
3222 3815 3362 3869 illam
3410 3834 3560 3887 atquo

1990 3892 2167 3946 animo
2208 3893 2557 3949 calamitatem
2608 3897 2777 3963 ferre,
2810 3898 3107 3956 cohibuisse
3156 3914 3359 3970 partum
3407 3906 3555 3977 ejus;

1989 3983 2231 4051 quamvis
2255 3998 2370 4037 eam
2401 3986 2643 4052 cruciari,
2671 3987 2872 4054 dolere,
2896 3990 3053 4060 affligi
3088 3993 3310 4060 videret,
3359 4012 3559 4053 maero-

1989 4089 2102 4129 rem
2135 4083 2310 4129 tamen
2338 4078 2453 4145 ejus
2478 4093 2580 4131 non
2607 4078 2873 4147 discussit,
2904 4092 2958 4135 ut
2981 4084 3153 4152 majus
3176 4085 3366 4155 aliquid
3397 4090 3555 4143 moli-

1989 4174 2155 4220 retur.
2178 4165 2305 4221 Haec
2332 4182 2397 4221 ne
2428 4176 2692 4238 tamquam
2720 4171 2860 4226 aliud
2888 4182 3105 4243 agentes
3141 4175 3439 4247 audiamus,
3463 4181 3557 4237 sed

1986 4257 2272 4313 maximam
2302 4258 2687 4330 philosophiam
2710 4262 2832 4317 hinc
2856 4263 3120 4321 discamus
3139 4269 3177 4336 ¹,
3202 4278 3255 4323 et
3273 4270 3319 4326 si
3348 4274 3559 4342 quando

1988 4346 2042 4401 in
2070 4348 2268 4403 malum
2307 4349 2521 4419 aliquod
2570 4352 2932 4421 iuciderimus,
2963 4356 3086 4412 licet
3109 4357 3403 4428 doleamus,
3434 4364 3556 4421 licet

1985 4436 2355 4504 lamentemur,
2384 4439 2508 4495 licet
2534 4440 2864 4500 intolerabile
2890 4447 3041 4502 nobis
3070 4451 3262 4505 malum
3292 4453 3553 4524 videatur,

1985 4544 2054 4583 ne
2080 4544 2447 4599 properemus,
2478 4546 2577 4587 nec
2606 4534 2782 4588 animo
2811 4537 3169 4605 concidamus,
3193 4543 3286 4596 sed
3316 4544 3409 4599 Dei
3434 4562 3557 4616 pro-

1984 4620 2269 4674 videntiam
2316 4632 2707 4692 exspectemus.
2760 4624 2854 4679 Ille
2901 4642 3126 4698 namque
3174 4631 3337 4698 probe
3386 4638 3555 4704 novit,

1984 4710 2194 4780 quando
2223 4710 2349 4765 illud
2390 4711 2778 4768 discutiendum
2807 4716 2897 4781 sit,
2942 4719 3081 4785 quod
3108 4720 3373 4775 tristitiam
3403 4726 3555 4781 nobis

1984 4801 2120 4869 parit
2140 4816 2155 4854 :
2175 4800 2316 4871 quod
2343 4810 2396 4857 et
2419 4802 2505 4857 isti
2524 4804 2761 4873 contigit.
2784 4804 2898 4859 Non
2926 4808 3065 4861 enim
3084 4812 3222 4879 quod
3248 4812 3413 4881 ipsam
3430 4816 3553 4871 odio

1984 4902 2426 4962 prosequeretur,
2476 4904 2568 4949 aut
2615 4908 2989 4967 aversaretur,
3035 4901 3172 4956 Deus
3217 4907 3556 4966 concluserat

1983 4984 2189 5038 vulvam
2212 4984 2344 5054 ejus,
2368 4986 2460 5040 sed
2488 4994 2546 5039 ut
2567 4988 2704 5041 fores
2724 4988 2877 5042 nobis
2902 4990 3245 5062 philosophia:
3266 5011 3551 5067 reseraret,

1981 5092 2085 5145 qua
2116 5076 2334 5145 praedita
2360 5078 2551 5132 mulier
2576 5077 2695 5144 fuit,
2718 5082 2939 5150 ejusque
2967 5082 3086 5138 fidei
3115 5085 3323 5142 divitias
3341 5094 3557 5160 conspi-

1982 5183 2245 5233 ceremus,
2284 5184 2346 5223 ac
2372 5170 2683 5226 nobiliorem
2715 5172 2856 5227 illam
2886 5174 3011 5229 hinc
3040 5177 3107 5231 ab
3132 5193 3199 5233 eo
3226 5178 3387 5236 fuisse
3427 5186 3551 5236 red-

1981 5260 2143 5314 ditam
2169 5276 2629 5331 cognosceremus.
2658 5264 2795 5319 Audi
2833 5283 2961 5321 vero
2987 5270 3143 5322 etiam
3172 5286 3291 5339 quae
3315 5287 3552 5341 sequun-

1981 5360 2085 5406 tur.
2113 5352 2181 5406 Et
2207 5354 2277 5405 sic
2302 5354 2532 5422 faciebat,
2566 5355 2753 5425 inquit,
2785 5358 2993 5428 singulis
3019 5361 3165 5414 annis
3188 5378 3219 5413 a
3244 5364 3400 5415 multo
3421 5375 3548 5418 tem-

1979 5461 2119 5515 pore,
2147 5462 2260 5498 cum
2287 5447 2571 5500 ascenderet
2596 5448 2707 5515 ipsa
2730 5449 2783 5500 in
2812 5449 3016 5502 domum
3036 5452 3258 5504 Domini.
3283 5452 3349 5506 Et
3370 5456 3544 5508 trista-

1977 5534 2142 5605 batur,
2172 5546 2219 5589 et
2266 5538 2511 5606 plorabat,
2555 5546 2601 5591 et
2638 5555 2736 5591 non
2777 5540 3062 5592 comedebat
3100 5542 3177 5611 (1.
3228 5541 3355 5613 Reg.
3390 5546 3442 5600 1.
3466 5546 3542 5616 7).

2041 5692 2059 5722 ι
2093 5690 2220 5764 coll).
2241 5691 2337 5745 duo
2352 5702 2404 5744 et
2420 5700 2557 5756 Reg,
2571 5692 2659 5745 sed
2676 5690 2754 5744 hic
2767 5694 3032 5747 maximam
3050 5660 3428 5762 bldfosophemur
3443 5698 3551 5764 phi-

1978 5750 2251 5816 losophiam.
