4094 6256
500 343 608 403 639

500 459 746 514 intensus
774 453 947 519 dolor,
973 452 1215 506 diuturna
1259 443 1539 516 aegritudo,
1588 456 1696 496 non
1739 439 1847 495 duo
1894 447 2069 493 tresve

503 548 641 615 dies,
670 562 769 601 nec
791 543 994 614 viginti,
1019 554 1117 595 nec
1144 546 1377 600 centum,
1404 549 1504 590 nec
1526 532 1691 598 mille,
1713 545 1814 585 nec
1840 528 1922 584 bis
1952 527 2081 582 toti-

502 641 628 697 dem
648 657 666 695 :
694 638 872 693 multis
892 634 1043 689 annis
1057 631 1269 686 dolebat
1289 629 1497 699 mulier,
1520 634 1572 681 et
1596 622 1957 685 cruciabatur;
1978 621 2083 675 hoc

506 732 648 788 enim
673 740 753 785 est
782 727 929 792 illud,
959 725 1003 778 Α
1028 724 1186 777 multo
1215 732 1435 790 tempore
1460 717 1568 789 (a):
1592 724 1957 771 verumtamen
1978 729 2082 766 non

508 824 847 895 impatienter
874 819 1011 883 tulit,
1051 830 1225 886 neque
1252 811 1506 883 temporis
1535 806 1808 879 longitudo
1845 803 2084 874 philoso-

506 918 685 986 phiam
711 915 825 983 ejus
849 909 1139 980 superavit,
1166 920 1339 975 neque
1358 904 1551 974 probra
1577 909 1628 954 et
1654 897 1890 953 convicia
1921 895 2086 986 ipsius

510 1007 735 1069 multa,
782 1003 874 1058 sed
923 1001 1111 1055 orabat
1156 997 1368 1051 assidue
1415 1009 1477 1047 ac
1522 989 1855 1061 supplicabat
1891 1007 1904 1041 :
1947 985 2087 1055 quod

509 1098 758 1153 omnibus
794 1094 963 1163 majus
992 1101 1096 1156 est,
1140 1090 1361 1159 ejusque
1405 1082 1736 1155 pOtissimum
1767 1096 1890 1151 erga
1924 1080 2086 1133 Deum

511 1202 746 1245 amorem
768 1186 984 1250 indicat,
1012 1197 1121 1237 non
1152 1178 1465 1249 simpliciter
1487 1178 1627 1229 hunc
1654 1176 1822 1243 ipsum
1849 1170 2091 1225 obtinere

510 1283 675 1337 lilium
716 1279 951 1349 Optabat,
996 1273 1089 1329 sed
1120 1274 1229 1327 Deo
1268 1271 1500 1325 fructum
1528 1267 1728 1329 dieare,
1757 1274 1915 1334 atque
1956 1261 2091 1315 uteri

510 1377 591 1431 sui
613 1373 873 1445 primitias
893 1369 1104 1429 offerre,
1136 1381 1199 1420 ac
1227 1363 1496 1436 praeclarae
1535 1359 1688 1414 istius
1727 1354 2093 1427 promissionis

510 1465 813 1522 mercedem
839 1460 1059 1516 referre.
1083 1457 1236 1513 Unde
1259 1454 1308 1509 id
1327 1450 1571 1509 constat?
1598 1450 1676 1503 Ex
1698 1449 1759 1502 iis
1784 1446 1960 1502 verbis
1976 1460 2093 1514 qua:

514 1566 827 1629 sequuntur.
877 1553 1033 1608 Scitis
1088 1550 1269 1619 utique
1310 1560 1502 1601 omnes
1539 1542 1849 1598 mulieribus
1880 1549 2096 1610 propter

513 1653 659 1705 viros
704 1644 1087 1701 intolerandam
1134 1655 1251 1695 esse
1282 1638 1635 1693 sterilitatem.
1664 1634 1799 1689 Sunt
1827 1633 1969 1687 enim
2000 1632 2095 1686 bo-

516 1743 689 1797 mines
720 1739 927 1809 plurimi
954 1746 1057 1791 tam
1089 1734 1370 1798 immanes,
1402 1739 1461 1784 ut
1488 1728 1799 1783 mulieribus
1824 1725 1952 1779 vitio
1974 1740 2094 1779 ver-

516 1845 650 1901 tant,
697 1834 741 1887 si
784 1833 917 1886 forte
960 1845 1063 1883 non
1109 1826 1334 1896 pariant,
1371 1838 1471 1877 nec
1500 1822 1675 1875 sciunt
1715 1819 1819 1873 hoc
1854 1817 2096 1889 pariendi

517 1928 711 1980 donum
739 1924 806 1978 de
832 1921 977 1976 caelis
1002 1928 1164 1988 atque
1191 1934 1219 1971 a
1251 1913 1583 1985 providentia
1629 1912 1808 1966 divina
1838 1911 2096 1981 originem

517 2015 753 2077 trahere,
786 2028 848 2066 ac
874 2025 1046 2078 neque
1077 2018 1317 2062 naturam
1346 2003 1601 2067 mulieris,
1634 2017 1805 2071 neque
1843 2015 2098 2071 congres-

517 2122 657 2168 sum,
700 2120 872 2173 neque
901 2102 1039 2157 aliud
1066 2100 1351 2171 quidquam
1395 2098 1460 2151 ad
1502 2096 1605 2150 hoc
1632 2110 1725 2164 per
1750 2109 1809 2148 se
1833 2091 2101 2151 sufﬁcere.

525 2201 901 2255 Verumtamen
928 2194 1168 2265 quamvis
1201 2193 1373 2247 sciant
1397 2189 1662 2244 immerito
1684 2202 1742 2242 se
1767 2187 1895 2241 vitio
1922 2194 2097 2239 verte-

520 2308 602 2359 re,
630 2290 951 2359 exprobrant
982 2295 1036 2341 et
1061 2292 1373 2340 aversantur
1400 2295 1661 2351 persaepe,
1692 2294 1863 2351 neque
1893 2278 2099 2333 illarum

520 2383 792 2439 consortio
820 2380 1169 2433 delectantur.

594 2475 648 2530 5.
692 2473 979 2527 Videamus
1009 2484 1156 2539 ergo,
1200 2481 1325 2521 num
1372 2462 1496 2520 huic
1537 2462 1747 2518 mulieri
1788 2462 1890 2516 hoc
1931 2461 2102 2530 ipsum

522 2565 795 2622 acciderit.
828 2563 961 2617 Nam
1007 2562 1050 2615 si
1078 2560 1380 2628 despectam
1409 2556 1621 2626 quidem
1654 2556 1817 2619 illam,
1860 2564 2102 2608 contem-

524 2669 668 2729 ptam
687 2666 739 2711 et
758 2654 1091 2710 contumeliis
1108 2648 1347 2706 ali‘ectam
1365 2648 1578 2711 videris,
1597 2662 1766 2716 neque
1782 2645 1947 2717 gratia
1966 2644 2106 2714 apud

526 2750 774 2806 maritum
806 2748 999 2810 valere,
1029 2745 1115 2815 qui
1145 2758 1245 2798 nec
1267 2742 1368 2797 ulla
1396 2741 1561 2810 ipsam
1582 2738 1943 2794 benevolentia
1961 2752 2110 2792 cum-

530 2846 823 2913 pleetatur,
876 2838 1073 2893 idcirco
1116 2835 1258 2889 illam
1304 2833 1468 2888 lilium
1517 2838 1797 2899 exoptasse
1844 2828 2109 2898 conjicere

527 2933 747 3005 poteris,
775 2938 831 2984 ut
858 2930 1022 2983 multa
1054 2926 1241 2981 lidueia
1268 2934 1323 2980 et
1346 2924 1592 2979 libertate
1618 2921 1893 2991 gauderet,
1916 2934 1978 2973 ac
1994 2920 2109 2974 viro

529 3024 732 3093 gratior
775 3022 943 3075 ﬁeret.
973 3018 1067 3073 Sin
1097 3026 1271 3070 autem
1312 3013 1640 3069 contrarium
1667 3011 2107 3080 deprehenderis,

531 3128 755 3181 eamque
799 3110 1084 3180 gratiorem
1114 3107 1201 3160 illa
1250 3104 1432 3171 fuisse,
1480 3118 1599 3174 qua:
1630 3102 1824 3158 liberos
1864 3102 2111 3171 habebat,

531 3204 671 3274 quod
700 3218 817 3257 eam
846 3202 926 3255 vir
952 3216 1079 3254 suus
1114 3198 1299 3266 majori
1332 3195 1699 3250 benevolentia
1730 3194 2113 3262 complectare-

532 3308 639 3361 tur,
671 3295 794 3348 hinc
815 3300 1033 3362 apparet
1054 3304 1156 3342 non
1180 3288 1248 3341 ob
1270 3288 1555 3341 humanum
1582 3285 1810 3355 aliquem
1839 3283 2110 3350 ali'ectum,

533 3403 705 3456 neque
732 3395 787 3438 ut
818 3386 986 3436 virum
1033 3380 1136 3435 sibi
1178 3379 1345 3448 magis
1384 3376 1713 3444 conciliaret,
1759 3391 1875 3430 eam
1904 3385 2116 3445 optasse

536 3478 749 3535 liberos,
800 3474 894 3528 sed
937 3473 1006 3525 ob
1050 3485 1167 3523 eam
1212 3482 1448 3531 causam,
1476 3482 1633 3537 quam
1663 3467 1914 3521 diximus.
1965 3465 2116 3521 Unde

536 3568 693 3637 igitur
723 3566 824 3619 hoc
852 3562 1045 3632 liquet?
1075 3560 1207 3615 Audi
1241 3558 1342 3613 hoc
1366 3558 1629 3613 dicentem
1661 3566 1954 3612 auctorem.
1999 3556 2116 3611 Non

533 3661 677 3715 enim
726 3657 826 3709 hoc
872 3664 1069 3709 temere
1102 3651 1296 3722 posuit,
1345 3649 1438 3704 sed
1484 3657 1542 3702 ut
1587 3647 1823 3704 mulieris
1869 3650 2115 3703 virtutem

538 3764 820 3822 agnoscas.
844 3747 979 3816 Quid
1006 3762 1134 3816 ergo
1157 3744 1323 3814 inquit
1340 3742 1463 3797 ille?
1486 3741 1732 3811 Diligebat
1759 3743 1892 3796 enim
1920 3741 2117 3795 Annam

540 3845 735 3898 Elcana
760 3857 909 3912 super
940 3837 1266 3891 Pltenannam
1289 3834 1363 3905 (1.
1394 3834 1520 3905 Reg.
1555 3833 1606 3888 1.
1634 3833 1711 3903 5).
1736 3832 1933 3888 Deinde
1960 3846 2119 3901 porro

538 3952 659 3991 eum
692 3934 832 3988 illam
863 3930 1067 3985 videret
1094 3944 1196 3983 non
1218 3925 1521 3991 comedere,
1544 3923 1637 3979 sed
1660 3923 1887 3993 plorare,
1915 3923 2115 3993 inquit:

544 4027 679 4094 Quid
708 4037 780 4078 est
809 4023 917 4087 tibi,
948 4022 1067 4091 quia
1097 4017 1305 4088 ploras?
1342 4026 1387 4070 et
1428 4032 1518 4069 cur
1550 4030 1651 4067 non
1676 4013 1930 4067 comedis?
1956 4020 2005 4066 et
2032 4028 2122 4065 cur

539 4116 762 4172 verberat
792 4125 838 4168 te
865 4129 952 4167 cor
975 4110 1155 4165 tuum?
1181 4123 1344 4162 nonne
1368 4106 1525 4159 bonus
1553 4120 1641 4173 ego
1672 4104 1759 4157 tibi
1780 4118 1930 4171 super
1953 4102 2121 4156 decem

541 4209 676 4277 ﬁlios
704 4204 862 4276 (Ibid.
885 4220 934 4256 υ.
957 4201 1051 4271 8)?
1083 4198 1242 4253 Vides
1268 4210 1429 4265 quam
1460 4192 1537 4246 illi
1563 4193 1840 4247 devinctus
1868 4193 2041 4246 esset?
2068 4202 2123 4247 et

541 4302 656 4370 ejus
681 4310 840 4354 causa
867 4294 1045 4365 potius
1071 4291 1305 4357 dolebat,
1354 4303 1461 4342 non
1502 4286 1642 4356 quod
1681 4285 1861 4361 liberis
1889 4295 2119 4351 careret,

546 4390 639 4447 sed
663 4388 803 4459 quod
833 4387 1037 4441 tristem
1066 4383 1210 4437 illam
1236 4392 1290 4436 et
1310 4394 1539 4434 maerore
1565 4376 1860 4432 confectam
1885 4377 2123 4432 videret?

550 4482 665 4537 Non
713 4487 891 4533 tamen
941 4474 1226 4546 persuasit,
1273 4480 1330 4525 ut
1371 4469 1641 4525 tristitiam
1669 4467 1975 4524 discuteret.
2005 4467 2123 4523 Non

549 4575 691 4630 enim
723 4578 937 4640 propter
966 4567 1112 4621 illum
1143 4565 1307 4617 lilium
1339 4562 1631 4632 quaerebat,
1678 4559 1773 4615 sed
1803 4568 1860 4614 ut
1895 4559 2123 4630 aliquem

555 4668 663 4721 Deo
691 4664 916 4721 fructum
949 4658 1244 4715 exhiberet.
1276 4656 1345 4710 Et
1369 4655 1607 4718 surrexit,
1639 4654 1831 4723 inquit,
1864 4664 2125 4725 postquam

548 4759 648 4828 ipsi
675 4755 993 4811 comederunt
1022 4752 1075 4805 in
1105 4749 1327 4815 Selom‘,
1361 4756 1408 4801 ct
1435 4746 1680 4811 biberant,
1709 4754 1756 4800 et
1799 4746 1931 4799 stetit
1956 4761 2125 4799 coram

551 4851 770 4908 Domino
800 4845 958 4917 (Ibid.
989 4862 1040 4899 υ.
1065 4842 1144 4911 9).
1173 4842 1286 4895 Non
1330 4840 1446 4894 sine
1476 4853 1633 4893 causa
1666 4838 1865 4891 dictum
1904 4846 1986 4892 est
2029 4837 2127 4892 huc

551 4955 783 5011 quoque,
808 4936 1082 5004 Postquam
1107 4933 1445 4996 comederunt,
1475 4940 1521 4983 et
1546 4928 1805 4981 biberant:
1834 4927 1927 4983 sed
1958 4937 2013 4981 ut
2046 4929 2127 4980 in-

555 5033 778 5100 tciligas,
809 5027 949 5097 quod
979 5025 1067 5079 alii
1087 5022 1444 5093 voluptatibus
1465 5030 1519 5074 et
1546 5020 1657 5075 otio
1686 5029 1893 5089 tempus
1923 5019 2129 5088 impen-

554 5126 708 5187 dunt,
741 5119 869 5174 illud
918 5132 1035 5172 eam
1078 5117 1322 5184 precibus
1374 5128 1436 5166 ac
1483 5111 1732 5181 lacrymis
1784 5110 2124 5179 impendisse,

555 5215 695 5286 quod
737 5211 912 5267 sobria
942 5208 1224 5279 plurimum
1254 5220 1317 5259 ac
1341 5204 1563 5274 vigilans
1591 5211 1751 5257 esset.
1778 5200 1844 5254 Et
1883 5203 2013 5256 stetit
2039 5219 2126 5255 co-

554 5329 665 5367 ram
691 5308 1012 5363 Domino:et
1046 5300 1160 5355 Heli
1207 5300 1458 5362 sacerdos,
1504 5298 1693 5367 inquit,
1738 5296 1939 5349 sedebat
1980 5312 2129 5366 super

556 5402 732 5457 sellam
760 5400 814 5453 in
838 5394 1089 5452 liminibus
1115 5390 1286 5461 templi
1319 5387 1547 5442 Domini.
1575 5387 1651 5442 Ne
1682 5387 1783 5441 hoc
1810 5386 2021 5456 quidem
2053 5397 2130 5441 te-

559 5511 706 5551 mere
747 5493 974 5564 positum
1016 5496 1119 5552 est,
1153 5484 1273 5539 Heli
1299 5482 1532 5537 sacerdos
1570 5481 1766 5536 sedebat
1794 5481 1847 5535 in
1877 5481 2130 5535 liminibus

622 5668 641 5701 ⁸
675 5665 835 5723 Silam,
860 5670 975 5725 Reg.
1002 5664 1055 5728 et
1072 5657 1206 5708 Colb.
1229 5669 1371 5707 unus.

625 5735 697 5793 (α)
724 5721 854 5791 Haec,
890 5721 1111 5793 u'mutto
1146 5738 1360 5793 tempore
1381 5727 1512 5793 tam;
1554 5725 1601 5779 ἐξ
1629 5722 1808 5784 ἱκανοῦ,
1834 5723 2015 5787 φησιν),
2037 5721 2127 5772 de-

559 5786 704 5842 erant
728 5793 778 5842 in
805 5786 973 5852 Edito;
1016 5791 1103 5841 scd
1125 5786 1401 5843 Coib’ertini'
1426 5786 1627 5837 habent.

1242 338 1299 393 S.
1336 330 1614 391 IOANNIS
1647 320 2115 386 CHRYBOSTOMI
2151 317 2471 379 ARCHIEP.
2510 316 3044 375 CONSTANTINOP.

3666 318 3783 373 610

2188 433 2358 503 templi
2377 428 2615 496 Domini;
2641 431 2735 487 sed
2753 439 2810 486 ut
2827 430 3006 485 fervor
3027 428 3267 486 mulieris
3290 428 3618 485 ostendatur.
3636 429 3781 485 Nam

2184 535 2245 581 ut
2263 540 2405 595 saepe
2428 523 2585 579 vidua
2606 523 2799 579 mulier
2817 524 3013 579 auxilio
3038 523 3286 578 destituta
3315 537 3377 578 ac
3395 522 3627 588 deserta,
3645 539 3788 577 eon-

2187 617 2421 672 tumeliis
2447 630 2511 670 ac
2536 616 2698 671 variis
2726 616 2935 685 injuriis
2972 614 3182 681 affecta,
3211 630 3332 669 eum
3366 615 3507 670 forte
3530 616 3787 670 imminet

2190 706 2532 777 imperatoris
2548 706 2827 772 adventus,
2854 706 3195 774 satellitibus,
3218 706 3476 777 clypeatis
3493 706 3785 774 militibus,

2190 799 2475 869 equitibus,
2507 799 2719 869 alioque
2744 799 2914 853 multo
2940 798 3204 854 famulitio
3233 798 3595 869 praecedente,
3620 799 3790 853 mini-

2192 906 2278 947 me
2304 900 2554 957 terretur,
2585 906 2757 961 neque
2781 900 3005 961 patrono
3035 890 3253 960 indiget,
3286 889 3379 945 sed
3426 905 3618 945 omnes
3661 890 3789 946 illos

2193 996 2542 1053 perrumpens
2569 982 2737 1035 multa
2765 997 2886 1035 cum
2914 980 3103 1035 ﬁducia
3134 981 3511 1050 imperatorem
3552 980 3790 1051 alloqui-

2195 1086 2280 1132 tur
2306 1091 2562 1147 suamque
2586 1077 2939 1131 calamitatem
2965 1076 3226 1145 deplorat,
3252 1075 3319 1129 ad
3344 1074 3460 1145 ejus
3486 1076 3787 1145 alloquium

2193 1172 2260 1225 ab
2288 1170 2398 1241 ipsa
2437 1171 2756 1225 necessitate
2782 1169 3042 1225 deducta:
3075 1170 3152 1223 sic
3195 1169 3444 1223 nimirum
3482 1178 3536 1223 et
3578 1169 3788 1224 mulier

2195 1263 2294 1316 ista
2325 1277 2430 1317 non
2474 1262 2710 1329 erubuit,
2741 1278 2913 1333 neque
2949 1262 3095 1316 illam
3135 1262 3324 1332 puduit
3353 1263 3575 1318 sedente
3603 1277 3793 1317 sacer-

2198 1352 2323 1407 dote
2353 1369 2448 1423 per
2494 1355 2723 1423 seipsam
2772 1363 2976 1422 petere,
3024 1369 3086 1408 ac
3131 1355 3297 1408 multa
3339 1369 3459 1408 eum
3489 1353 3683 1408 ﬁducia
3719 1354 3793 1408 ad

2198 1444 2577 1515 imperatorem
2607 1446 2883 1511 accedere,
2914 1446 3008 1500 sed
3040 1445 3265 1515 impulsa
3303 1446 3589 1511 desiderio,
3622 1457 3795 1517 atque

2199 1540 2251 1591 in
2282 1539 2470 1591 etclam
2500 1546 2678 1592 mente
2708 1539 2978 1600 subvecta,
3011 1547 3277 1607 tamquam
3308 1538 3478 1606 ipsum
3498 1548 3794 1594 contuere-

2203 1637 2289 1682 tur
2310 1628 2498 1696 Deum,
2532 1629 2601 1683 ita
2624 1644 2744 1683 cum
2771 1644 2983 1684 summo
3006 1630 3149 1683 illum
3177 1628 3387 1684 fervore
3406 1631 3790 1700 compellabat.

2200 1719 2335 1787 Quid
2360 1736 2489 1775 vero
2515 1721 2620 1774 ait?
2644 1721 2755 1775 lmo
2782 1737 2908 1776 vero
2935 1721 3137 1775 nullum
3158 1723 3375 1777 verbum
3403 1723 3549 1793 prius
3564 1724 3787 1790 emittit,

2202 1811 2295 1865 sed
2324 1811 2542 1865 ﬂetuum
2574 1812 2847 1881 praemittit
2875 1813 3172 1879 exordium,
3201 1823 3254 1867 et
3282 1813 3484 1867 calidos
3519 1815 3789 1885 lacryma.

2202 1915 2318 1954 rum
2350 1900 2492 1955 rivos
2520 1900 2760 1955 elfundit.
2808 1902 2873 1955 Et
2910 1903 3068 1966 sicut,
3111 1917 3233 1956 cum
3274 1903 3471 1959 imbres
3506 1905 3786 1969 decidunt,

2206 1993 2360 2048 tellus
2386 1994 2499 2064 ipsa
2529 1993 2711 2048 durior
2737 1994 2952 2063 irrigata
2974 2003 3029 2049 et
3055 1995 3289 2049 emollita
3319 1997 3550 2065 seipsam
3578 1996 3788 2052 facilius

2204 2084 2270 2138 ad
2303 2084 2670 2154 producendus
2696 2085 2873 2153 fruges
2902 2086 3117 2154 excitat,
3151 2087 3228 2140 sic
3261 2088 3420 2140 etiam
3457 2087 3507 2140 in
3547 2087 3647 2143 bac
3671 2104 3790 2141 mu-

2204 2176 2335 2231 liere
2364 2178 2605 2247 contigit.
2652 2177 2923 2247 Siquidem
2966 2187 3231 2248 tamquam
3273 2181 3341 2235 ab
3386 2180 3644 2237 imbribus
3668 2186 3785 2253 qui-

2206 2270 2428 2325 busdam
2459 2287 2487 2323 a
2510 2272 2756 2342 lacrymis
2777 2273 3011 2327 emollita
3040 2273 3214 2338 vulva,
3237 2282 3291 2327 et
3310 2274 3496 2329 dolore
3533 2277 3786 2331 calefacta

2206 2363 2368 2432 cmpit
2393 2362 2457 2417 ad
2499 2364 2805 2432 przeciaram
2850 2363 2987 2418 hanc
3030 2364 3317 2419 liberorum
3365 2368 3787 2435 procreationem

2207 2455 2447 2509 excitari.
2480 2455 2774 2510 Audiamus
2800 2463 2978 2510 autem
3015 2456 3127 2525 ipsa
3176 2457 3358 2523 verba,
3406 2459 3790 2528 pulchramque

2208 2547 2361 2601 istam
2390 2548 2847 2617 supplicationem.
2880 2548 3123 2613 Plorans,
3151 2550 3339 2619 inquit,
3364 2551 3596 2622 ploravit,
3628 2563 3675 2606 et
3701 2568 3792 2606 vo-

2211 2650 2316 2694 tum
2340 2642 2468 2695 vovit
2484 2641 2704 2696 Domino
2731 2642 2918 2708 dicens,
2945 2643 3149 2698 Aponi
3165 2658 3357 2698 DOIINE
3381 2644 3512 2699 Ειοῖ
3538 2646 3791 2701 Samon!

2214 2733 2289 2805 (1.
2322 2732 2448 2804 Reg.
2481 2735 2532 2789 1.
2563 2734 2648 2789 10.
2677 2732 2788 2805 11).
2818 2734 3115 2789 Tremenda
3142 2736 3302 2790 verba
3329 2744 3378 2790 et
3408 2736 3643 2791 horroris
3670 2738 3789 2807 ple-

2214 2839 2309 2889 na;
2340 2834 2588 2895 recteque
2618 2826 2813 2880 factum
2842 2835 2925 2880 est
2950 2841 2978 2879 a
3014 2827 3291 2895 scriptore,
3318 2842 3431 2881 cum
3463 2828 3513 2881 in
3544 2839 3782 2882 nostram

2214 2919 2443 2989 linguam
2474 2934 2535 2975 ea
2579 2936 2684 2973 non
2717 2920 3013 2975 transtulit:
3039 2935 3210 2990 neque
3254 2921 3393 2975 enim
3438 2920 3647 2991 propria
3695 2937 3788 2976 re-

2215 3018 2359 3065 tenta
2401 3011 2597 3065 virtute
2634 3011 2686 3064 in
2723 3010 2967 3065 Graecum
3008 3011 3096 3065 illa
3136 3026 3440 3067 sermonem
3478 3020 3795 3069 convertere

2216 3103 2493 3171 potuisset.
2522 3102 2631 3158 Nec
2659 3119 2765 3158 uno
2808 3104 2954 3157 illum
2982 3103 3241 3158 vocabulo
3266 3103 3461 3157 mulier
3485 3103 3791 3173 appellavit,

2216 3194 2310 3248 sed
2344 3195 2582 3264 pluribus
2609 3211 2726 3265 qua:
2756 3194 2833 3249 illi
2870 3195 3187 3259 tribuuntur,
3218 3203 3277 3248 ut
3316 3210 3553 3250 amorem
3580 3210 3701 3265 erga
3725 3195 3796 3249 ii-

2215 3285 2325 3340 ium
2355 3301 2531 3351 suum,
2555 3294 2609 3340 et
2631 3286 2906 3340 ardentem
2933 3284 3176 3340 allectum
3207 3285 3531 3340 ostenderet.
3571 3285 3636 3340 Et
3660 3287 3799 3341 sicut

2217 3378 2305 3447 qui
2340 3377 2550 3432 libellos
2579 3378 2844 3447 supplices
2869 3376 3170 3433 offerendos
3198 3377 3506 3447 Imperatori
3537 3379 3794 3440 scribunt,

2218 3483 2323 3523 non
2356 3483 2515 3522 unum
2546 3470 2783 3523 inserunt
2813 3484 3026 3535 nomen,
3056 3469 3148 3524 sed
3176 3469 3661 3539 Triumphatorem,
3693 3473 3801 3525 Au-

2217 3568 2451 3629 gustum,
2493 3559 2892 3631 imperatorem,
2924 3572 2979 3616 et
3021 3562 3121 3616 alia
3153 3563 3316 3616 multa
3343 3563 3654 3616 sublimiora
3687 3563 3801 3616 istis

2219 3667 2340 3707 cum
2366 3652 2684 3719 addiderint,
2714 3664 2823 3707 tum
2848 3654 3061 3708 demum
3088 3668 3211 3707 suas
3230 3668 3415 3722 preces
3443 3653 3671 3707 olTerunt
3692 3672 3705 3707 :
3723 3655 3801 3708 sic

2219 3758 2273 3805 et
2300 3750 2397 3803 ista
2424 3762 2543 3802 cum
2567 3746 2801 3801 libellum
2823 3745 3105 3816 quemdam
3125 3746 3416 3816 supplicem
3433 3745 3647 3800 oli‘erret
3670 3746 3797 3809 ilco,

2222 3842 2387 3897 multa
2428 3841 2481 3895 in
2528 3840 2746 3894 exordio
2792 3838 3193 3909 supplicationis
3236 3854 3346 3892 suae
3390 3839 3600 3891 nomina
3634 3839 3798 3907 ponit,

2220 3948 2341 3989 cum
2368 3941 2426 3987 ut
2451 3931 2719 3993 affectum,
2753 3941 2810 3985 ut
2836 3939 2959 3985 ante
2987 3930 3117 3997 dixi,
3147 3931 3441 3999 proprimu,
3476 3940 3583 3984 tum
3625 3941 3683 3984 ut
3708 3930 3801 3983 bo-

2223 4041 2408 4082 norem
2456 4025 2673 4090 indicet,
2715 4038 2822 4094 quo
2868 4023 3208 4093 prosequitur
3248 4039 3370 4077 eum
3402 4027 3485 4077 cui
3516 4023 3793 4093 supplicat.

2224 4119 2510 4174 Enimvero
2532 4130 2717 4186 preces
2739 4117 2879 4185 ipsas
2902 4116 2918 4146 ί
2945 4114 3164 4168 dictavit
3183 4113 3338 4168 dolor
3359 4132 3372 4168 :
3396 4124 3721 4186 quapropter
3746 4124 3800 4167 et

2224 4210 2505 4268 confestim
2530 4209 2773 4264 exaudita
2803 4216 2905 4275 est,
2933 4221 3051 4262 cum
3076 4206 3192 4261 illas
3210 4207 3494 4261 admodum
3520 4207 3803 4277 prudenter

2225 4302 2546 4371 scripsisset.
2575 4300 2732 4353 Tales
2758 4300 2954 4368 quippe
2995 4310 3139 4363 sunt,
3185 4312 3303 4367 qua:
3336 4313 3401 4351 ex
3431 4298 3594 4351 animi
3622 4298 3804 4352 dolore

2225 4394 2522 4450 funduntur
2547 4392 2834 4446 orationes.
2863 4389 2996 4445 Nam
3037 4405 3134 4461 pro
3152 4389 3333 4444 charta
3360 4388 3457 4442 fuit
3487 4404 3638 4444 mens
3663 4392 3801 4458 ejus,

2228 4503 2325 4558 pro
2349 4486 2553 4541 calamo
2574 4486 2770 4555 lingua,
2802 4484 3034 4554 lacryma
3066 4498 3160 4552 pro
3186 4491 3514 4535 atramento:
3546 4496 3704 4550 quam
3735 4484 3806 4535 ob

2226 4594 2438 4635 causam
2466 4577 2533 4632 ad
2560 4578 2699 4632 hunc
2727 4592 2891 4646 usque
2920 4576 3061 4631 diem
3088 4576 3201 4647 ejus
3221 4574 3539 4644 supplicatio
3559 4590 3807 4644 permau-
3872 4626 3882 4634 ,

2227 4672 2314 4728 sit.
2349 4668 2661 4726 indelebiles
2688 4669 2883 4739 quippe
2920 4666 3053 4722 ﬁunt
3076 4666 3335 4737 ejusmodi
3358 4667 3546 4733 literae,
3574 4682 3691 4737 quas
3715 4667 3806 4721 illo

2230 4765 2407 4818 tinctas
2440 4761 2637 4816 fuerint
2658 4769 2973 4815 atramento.
3002 4763 3175 4828 Atque
3202 4756 3479 4813 exordium
3508 4757 3719 4825 quidem
3746 4757 3807 4811 Ii.

2228 4855 2351 4911 belli
2375 4854 2626 4924 supplicis
2653 4852 2755 4907 tale
2775 4850 2901 4918 fuit;
2925 4867 3040 4921 qua:
3062 4866 3191 4906 vero
3208 4859 3518 4920 sequuntur,
3539 4852 3809 4920 quaenam?

2231 4948 2293 5003 Si
2335 4948 2602 5018 respiciens
2647 4945 2943 5015 respexeris,
2983 4942 3175 5012 inquit,
3220 4958 3370 5012 super
3414 4942 3808 4996 humiﬁationem

2230 5041 2429 5095 ancilla:
2451 5050 2550 5093 tute
2564 5038 2611 5112 (1
2627 5078 2639 5091 .
2668 5038 2798 5109 Reg.
2818 5037 2871 5091 1.
2895 5034 3005 5106 11).
3026 5033 3263 5089 Necdum
3284 5034 3567 5105 quidquam
3583 5034 3805 5104 accepit,

2230 5144 2286 5189 et
2312 5147 2342 5187 a
2367 5130 2721 5203 promissione
2749 5128 3002 5182 orationis
3026 5126 3177 5180 duxit
3200 5126 3498 5180 exordium.
3538 5125 3809 5181 Remune-

2231 5236 2381 5280 ratur
2422 5225 2610 5291 Deum,
2655 5237 2773 5277 cum
2820 5221 3079 5275 nihildum
3126 5220 3371 5275 manibus
3417 5228 3613 5274 teneat.
3661 5219 3810 5274 Adeo

2232 5315 2490 5382 fervebat,
2520 5323 2575 5370 et
2600 5312 2667 5369 ad
2695 5313 2797 5367 hoc
2838 5312 3014 5380 potius
3054 5326 3211 5381 quam
3252 5310 3318 5366 ad
3364 5310 3491 5364 illud
3520 5311 3810 5380 aspirabat,

2232 5408 2456 5478 ideoque
2484 5406 2584 5461 sibi
2614 5405 2779 5459 ﬁlium
2808 5403 2921 5457 dari
2947 5405 3282 5473 precabatur.
3326 5401 3388 5456 Si
3421 5401 3689 5471 respiciens
3728 5416 3814 5453 re-

2231 5500 2453 5571 spexeris
2478 5512 2629 5568 super
2657 5495 3055 5549 humiliationem
3081 5493 3283 5547 ancillis
3312 5502 3431 5547 tuae.
3466 5492 3665 5561 Duplici
3692 5490 3814 5560 iure

2233 5594 2394 5661 nitor,
2421 5592 2609 5661 inquit,
2640 5588 2928 5655 servitutis,
2950 5598 3005 5643 et
3029 5587 3365 5642 calamitatis.
3400 5585 3465 5640 Et
3482 5586 3550 5641 da
3569 5585 3695 5640 mihi
3721 5601 3813 5640 mt-

2296 5776 2312 5805 ι
2346 5769 2496 5830 Colb.,
2520 5768 2605 5818 has
2623 5778 2805 5831 preces,
2834 5765 2970 5817 etsic
2994 5766 3139 5815 etiam
3171 5770 3286 5825 Reg.
