4094 6256
336 411 511 483 μῖικος
547 407 646 478 τῆς
693 397 890 477 λύπης,
932 407 993 459 ού
1024 401 1117 458 δύο
1169 398 1265 459 καὶ
1309 404 1457 474 τρεῖς
1502 401 1738 474 ἡμέραι,
1782 399 1904 483 οὐδὲ

335 481 505 546 εἴκοσι
531 491 624 544 καὶ
651 491 863 550 ἑκατὸν,
889 490 1008 543 οὐδέ
1037 489 1202 559 χίλιαι
1231 488 1325 541 καὶ
1347 485 1429 548 δὶς
1451 484 1712 538 τοσαῦται
1731 500 1744 513 ο
1769 481 1905 543 ἀλλ’,

347 577 436 643 Ἐξ
482 574 691 639 ίκανοῢ,
732 575 914 644 φησὶν,
947 573 1041 645 ἐτη
1092 571 1261 626 πολλὰ
1305 569 1615 640 λυπουμένη
1658 566 1754 621 καὶ
1795 566 1910 618 ὀδυ-

335 659 549 731 νωμένη
576 654 643 730 ἦν
670 660 703 730 ή
730 658 899 729 γυνή’
928 656 1085 710 τοῦτο
1111 656 1215 728 γάρ
1244 657 1360 709 ἐστι
1390 653 1472 719 τὸ,
1496 653 1631 706 Ἁπύ
1664 650 1905 705 ἱκανοῦ·

336 743 428 797 καὶ
472 743 619 812 ὅμως
663 740 763 794 οὐκ
813 740 1274 811 ἀπεδυσπέτησεν,
1324 737 1445 791 οὐδὲ
1478 734 1705 808 ήλεγξεν
1738 732 1909 803 αὐτῆς

333 825 432 898 τὴν
460 816 775 896 φιλοσοφίαν
808 823 900 877 τοῦ
939 823 1130 894 χρόνου
1156 821 1218 874 τὸ
1259 822 1455 892 μῆκος,
1483 819 1603 872 οὐδὲ
1632 817 1700 871 τὰ
1731 817 1908 887 ὀνείδη

335 910 430 962 καὶ
458 911 512 962 αἱ
547 908 802 981 λοιδορίαι
830 908 930 979 τῆς
968 906 1274 977 ἀντιξήλου,
1302 905 1416 960 ἀλλ’
1441 903 1641 974 ηὒχετο
1675 900 1912 971 συνεχῶς

336 993 430 1046 καὶ
462 992 695 1046 ίκέτευε·
733 993 826 1045 καὶ
871 991 935 1044 τὸ
964 990 1028 1062 δὴ
1060 990 1243 1062 μεῖζον
1279 988 1555 1051 ἁπάντων,
1600 987 1691 1040 καὶ
1727 985 1757 1037 ὃ
1807 984 1913 1055 μά-

335 1076 492 1130 λιστα
526 1075 793 1130 δείκνυσιν
836 1074 1006 1145 αὐτῆς
1049 1074 1139 1128 τὸν
1172 1074 1303 1143 περὶ
1331 1072 1423 1124 τὸν
1450 1071 1582 1124 Θεὸν
1609 1069 1792 1131 πόθον,
1830 1070 1911 1122 ὅτι

335 1161 434 1231 οὐχ
476 1159 658 1224 ἁπλῶς
684 1160 814 1214 αὐτὸ
841 1158 1000 1212 τοῦτο
1026 1159 1087 1211 τὸ
1130 1157 1341 1212 παιδίον
1384 1153 1687 1225 κτήσασθαι
1716 1152 1914 1206 ἐπεθύ-

340 1264 451 1316 μει,
481 1245 615 1299 ἀλλά
643 1244 850 1316 καρπὸν
877 1243 1154 1297 ἀναθεῖναι
1185 1239 1264 1312 τῷ
1289 1238 1429 1310 Θεῷ,
1460 1238 1554 1292 καὶ
1584 1237 1685 1307 τῆς
1708 1237 1912 1300 οἰκείας

336 1330 569 1402 γαστρὸς
599 1328 966 1402 ἀπάρξασθαι,
1000 1328 1092 1381 καὶ
1119 1325 1218 1396 τῆς
1250 1326 1419 1394 καλῆς
1452 1321 1654 1391 ταύτης
1682 1319 1915 1391 ὑποσχέ-

338 1428 476 1477 σεως
508 1411 691 1467 λαϐεῖν
714 1413 803 1465 τὸν
833 1410 1042 1482 μισθόν.
1067 1408 1239 1462 Πόθεν
1276 1406 1432 1461 τοῦτο
1460 1406 1646 1475 δῆλον;
1683 1404 1777 1457 Ἐκ
1804 1403 1915 1470 τῷν

338 1494 476 1565 μετὰ
508 1494 677 1550 ταῦτα
709 1494 984 1566 ῥημάτων.
1012 1495 1157 1546 Ἴστε
1192 1493 1301 1562 γὰρ
1348 1491 1520 1559 δήπου
1573 1488 1792 1551 πάντες,
1832 1489 1914 1540 ὅτι

332 1580 453 1642 ταῖς
486 1577 701 1647 γυναιξὶ
727 1578 814 1631 διὰ
856 1577 979 1640 τοὺς
1024 1576 1223 1645 ἄνδρας
1274 1572 1512 1645 μάλιστα
1563 1572 1836 1642 ἀφόρητον
1881 1572 1914 1640 ή

333 1661 579 1715 ἀπαιδία.
626 1660 819 1714 Πολλοὶ
856 1659 965 1730 γὰρ
994 1657 1101 1711 τῶν
1150 1655 1452 1729 ἀνθρώπων
1495 1655 1668 1720 οὓτως
1706 1653 1914 1722 ἀλόγως

331 1738 650 1809 διάκεινται,
678 1744 751 1807 ὡς
794 1744 912 1807 ταῖς
955 1740 1201 1812 γυναιξὶν
1255 1740 1525 1809 ἐγκαλεῖν,
1579 1737 1799 1792 ἐπειδὰν
1839 1737 1913 1807 μὴ

332 1828 607 1892 τίκτωσιν,
638 1827 738 1881 οὐκ
769 1824 969 1888 εἰδότες
1018 1825 1102 1878 ὅτι
1137 1823 1200 1877 τὸ
1220 1827 1399 1877 τεκεῖν
1428 1821 1635 1877 ἀνωθεν
1667 1820 1780 1892 ἔχει
1816 1820 1917 1890 τὴν

332 1908 528 1983 ἀρχὴν,
556 1910 664 1965 ἀπὸ
693 1912 793 1982 τῆς
822 1909 916 1962 τοῦ
959 1905 1095 1961 Θεοῦ
1129 1903 1405 1979 προνοίας,
1436 1907 1531 1960 καὶ
1574 1903 1698 1959 οὐτε
1728 1906 1917 1973 γυναι-

335 1994 430 2059 κὸς
459 1993 640 2064 φύσις,
667 1992 791 2048 οὔτε
822 1991 1099 2057 συνουσία,
1140 1990 1263 2045 οὔτε
1293 1991 1421 2044 ἀλλο
1450 1989 1602 2043 οὐδὲν
1647 1989 1916 2059 αὐταρκὲς

335 2077 474 2147 πρὸς
502 2077 660 2133 τοῦτό
692 2079 861 2131 ἐστιν.
900 2075 1040 2129 Ἀλλ’
1070 2077 1240 2144 ὅμως,
1274 2073 1451 2126 καίτοι
1489 2089 1553 2141 γε
1599 2070 1798 2135 εἰδότες
1836 2071 1917 2122 ὅτι

336 2159 537 2227 ἀδίκως
579 2158 919 2230 ἐγκαλοῦσιν,
962 2157 1309 2220 ὀνειδίζουσι,
1356 2158 1449 2209 καὶ
1491 2155 1918 2225 ἀποστρέφονται

338 2242 617 2304 πολλάκις,
654 2243 749 2295 καὶ
780 2242 879 2310 οὐχ
909 2239 1080 2310 ἡδέως
1112 2239 1248 2310 πρὸς
1277 2239 1446 2301 αὐτὰς
1472 2238 1705 2308 ἔχουσιν.

407 2330 469 2377 ε’.
497 2325 723 2393 Ἴδωμεν
755 2324 932 2375 τοίνυν
961 2322 1055 2375 καὶ
1093 2323 1184 2374 ἐπὶ
1211 2321 1410 2392 ταύτης
1434 2323 1534 2391 τῆς
1578 2320 1834 2389 γυναικὸς
1871 2321 1918 2371 εἰ

337 2407 495 2460 τοῦτο
535 2405 863 2460 συνέϐαινεν.
891 2406 985 2458 Ἂν
1020 2406 1119 2475 μὲν
1147 2406 1256 2476 γάρ
1291 2404 1404 2475 ἴδῃς
1446 2404 1615 2475 αὐτὴν
1645 2418 1920 2472 καταφρο-

339 2489 628 2563 νουμένην,
677 2488 1105 2559 ἀτιμαζομένην,
1166 2486 1551 2557 ὑϐριζομένην,
1607 2485 1919 2556 παρῥησίαν

336 2572 438 2623 οὐκ
470 2571 697 2642 ἔχουσαν
727 2571 861 2643 πρὸς
888 2571 981 2625 τὸν
1009 2568 1196 2641 ἄνδρα,
1235 2570 1358 2622 οὐδὲ
1395 2568 1594 2638 πολλῆς
1622 2567 1919 2623 ἀπολαύου-

340 2672 437 2709 σαν
468 2656 565 2725 τῆς
595 2655 824 2718 εὐνοίας,
865 2654 1069 2725 δυνήσῃ
1102 2653 1487 2724 στοχάσασθαι,
1512 2654 1613 2729 δτι
1636 2652 1724 2706 διὰ
1760 2650 1917 2706 τοῦτο

338 2743 599 2814 ἐπεθύμει
628 2743 861 2806 παιδίου,
896 2742 983 2796 ἵνα
1012 2743 1323 2814 παρῥησίαν
1351 2741 1451 2815 ἔχῃ
1480 2741 1576 2795 καὶ
1604 2740 1915 2813 ἐλευθερίαν

339 2828 558 2898 πολλὴν,
591 2828 687 2881 καὶ
724 2826 1074 2898 ποθεινοτέρα
1123 2827 1346 2897 γένηται
1395 2824 1472 2897 τῷ
1504 2824 1677 2896 ἀνδρί.
1707 2827 1805 2877 Ἂν
1849 2825 1907 2877 δὲ

340 2911 644 2965 τούναντίον
670 2911 815 2964 ἅπαν
841 2910 1029 2982 εὐρῃς,
1051 2910 1218 2980 αὐτὴν
1250 2911 1348 2980 τῆς
1376 2909 1446 2962 τὰ
1473 2909 1662 2961 παιδία
1689 2907 1917 2978 ἐχούσης

345 2995 545 3066 μᾶλλον
573 2994 965 3065 ἀγαπωμένην,
1006 2995 1101 3046 καὶ
1135 2992 1378 3055 πλείονος
1416 2991 1794 3045 ἀπολαύουσαν
1826 2993 1914 3043 εὐ-

343 3078 512 3140 νοίας,
549 3075 770 3146 εὔδηλον
796 3078 876 3130 ὅτι
910 3078 971 3130 οὐ
1005 3076 1069 3129 δι’
1100 3075 1438 3147 ἀνθρώπινόν
1469 3092 1541 3137 τι,
1570 3074 1678 3127 οὐδ’
1716 3074 1801 3127 ἵνα
1828 3074 1919 3135 τὸν

345 3162 513 3234 ἄνδρα
550 3161 917 3229 ἐπισπάσηται
951 3159 1171 3231 μᾶλλον,
1215 3158 1477 3227 ἐπεθύμει
1521 3158 1753 3216 παιδίου,
1785 3156 1920 3210 ἀλλὰ

343 3247 432 3300 διὰ
468 3246 566 3317 τὴν
597 3238 893 3317 εἰρημένην
942 3245 1145 3298 αἰτίαν.
1192 3242 1363 3296 Πόθεν
1403 3239 1497 3295 οὖν
1531 3241 1688 3295 τοῦτο
1724 3242 1916 3312 δῆλονς

367 3331 492 3403 707]
520 3331 785 3384 ’Ἄκουσον
827 3328 992 3382 αὐτοῦ
1039 3327 1134 3381 τοῦ
1179 3327 1539 3397 συγγραφέως
1577 3327 1708 3389 αὐτὸ
1739 3326 1921 3394 λέγον·

340 3430 459 3479 τος·
493 3414 620 3467 ούδὲ
659 3413 767 3484 γὰρ
816 3411 999 3476 ἁπλῶς
1035 3411 1167 3467 αὐτὸ
1220 3410 1482 3475 τέθεικεν,
1530 3410 1644 3464 ἀλλ’
1688 3411 1775 3463 ἵνα
1819 3410 1919 3479 τῆς

341 3497 597 3569 γυναικὸς
650 3499 827 3569 μάθῃς
858 3495 956 3567 τὴν
1002 3496 1223 3566 ἀρετήν.
1279 3492 1344 3546 Τί
1391 3490 1484 3547 οὖν
1525 3488 1678 3556 οὗτός
1719 3510 1915 3563 φησιν;

355 3581 576 3650 Ὴγτίπα
607 3580 715 3650 γὰρ
744 3583 777 3635 ό
804 3579 1056 3634 Ἐλκανὰ
1080 3577 1196 3646 τὴν
1233 3578 1451 3630 Ἄνναν
1479 3576 1630 3646 ὑπὲρ
1672 3577 1786 3644 τὴν
1810 3579 1918 3629 die-

343 3665 591 3720 νάνναν.
615 3659 748 3717 Εἶτα
781 3663 916 3733 μετά
939 3660 1110 3715 ταῦτα
1146 3659 1268 3713 ἰδὼν
1294 3660 1461 3731 αὐτὴν
1491 3660 1591 3713 οὐκ
1612 3660 1917 3721 ἐσθίουσαν,

344 3746 479 3798 ἀλλά
504 3747 813 3808 κλαίουσαν,
837 3744 975 3816 φησί
984 3762 998 3775 ο
1029 3745 1089 3798 Τί
1108 3743 1244 3796 ἐστι
1270 3759 1390 3804 σοι,
1417 3738 1505 3795 ὅτι
1536 3742 1796 3807 velatae;
1823 3741 1921 3794 καί

344 3828 449 3883 ἵνα,
498 3830 555 3881 τί
599 3830 709 3882 οὐκ
749 3828 1007 3891 ἐσθίειςς
1058 3824 1158 3877 καὶ
1211 3824 1315 3876 ἵνα
1368 3823 1425 3875 τι
1492 3824 1697 3876 τύπτει
1746 3838 1821 3876 σε
1870 3823 1918 3889 ,ἡ

346 3910 557 3982 καρδία
594 3928 744 3973 σους
790 3912 901 3964 οὐκ
934 3906 1155 3977 ἀγαθὸς
1183 3905 1298 3975 ἐγώ
1336 3917 1437 3958 σοι
1470 3903 1624 3973 ὑπὲρ
1651 3902 1800 3958 δέκα
1829 3905 1922 3958 τέ-

347 4011 493 4060 κνα;
529 3995 693 4065 Ὀρᾷς
722 3993 841 4056 πῶς
868 3991 1038 4060 αὐτῆς
1070 3990 1353 4060 ἐξήρτητο,
1397 3987 1489 4040 καὶ
1521 3987 1659 4057 ὑπὲρ
1706 3987 1923 4059 ἐκείνης

346 4079 500 4151 ήλγει
543 4078 724 4142 πλέον,
755 4076 815 4129 οὐ
844 4075 932 4129 διὰ
961 4073 1021 4129 τὸ
1053 4072 1128 4145 μὴ
1158 4073 1302 4142 ἔχειν
1328 4071 1536 4133 παιδία,
1571 4070 1707 4124 ἀλλά
1744 4070 1830 4123 διὰ
1859 4070 1920 4124 τὸ

345 4163 477 4235 ὁρᾷν
508 4160 819 4233 ἀθυμοῦσαν
852 4158 1023 4229 αὐτὴν
1057 4157 1151 4211 καὶ
1178 4154 1490 4227 περιοδυνίᾳ
1516 4153 1916 4225 κατεχομένηνς

359 4244 498 4300 Ἀλλ’
531 4247 677 4317 ὅμως
708 4245 808 4299 οὐκ
832 4243 1047 4297 ἔπεισεν
1093 4240 1262 4311 αὐτὴν
1303 4241 1609 4309 ἀποστῆναι
1644 4239 1747 4308 τῆς
1780 4238 1916 4291 ἀθυ-

352 4332 497 4401 μίας.
526 4330 600 4385 Οὐ
633 4331 741 4403 γάρ
790 4330 857 4382 δι’
881 4327 1042 4382 αὐτὸν
1080 4326 1259 4397 ἐζήτει
1291 4324 1352 4379 τὸ
1401 4324 1628 4387 παιδίον,
1677 4323 1792 4377 ἀλλ’
1830 4323 1918 4375 ἴνα

348 4415 466 4470 τινὰ
498 4415 706 4488 καρπὸν
726 4413 1055 4484 ἐπιδείξηται
1081 4411 1159 4482 τῷ
1181 4409 1320 4479 Θεῷ.
1345 4410 1453 4464 Καί
1485 4408 1734 4476 ἀνέστη,
1762 4410 1915 4477 φησὶ,

343 4502 494 4567 μετά
530 4500 595 4554 τὸ
630 4497 842 4568 φαγεῖν
877 4494 1099 4560 αὐτοὺς
1140 4495 1209 4547 ἑν
1238 4492 1451 4562 Σηλὼμ
1467 4503 1517 4555 α,
1549 4492 1647 4545 καὶ
1672 4490 1823 4561 μετὰ
1851 4491 1917 4544 τὸ

349 4583 529 4648 πιεῖν,
558 4581 657 4636 καί
698 4580 959 4647 κατέστη
1000 4576 1256 4632 ἐνώπιον
1297 4575 1540 4643 Κυρίου.
1582 4575 1694 4644 Οὐχ
1731 4575 1918 4635 ἁπλῶς

350 4665 471 4718 οὐδὲ
508 4662 667 4717 τοῦτο
698 4662 933 4734 εἴρηται,
969 4662 1051 4714 ὅτι
1081 4659 1239 4715 Μετὰ
1268 4657 1335 4711 τὸ
1359 4656 1568 4727 φαγεῖν
1599 4656 1699 4711 καὶ
1729 4657 1912 4711 πιεῖν

352 4747 464 4801 ἀλλ’
509 4746 596 4801 ίνα
629 4746 828 4818 μάθῃς,
876 4745 958 4799 δτι
998 4744 1089 4796 τὸν
1128 4740 1334 4812 καιρὸν,
1374 4740 1432 4793 δν
1478 4739 1711 4804 ἀνέσεως
1740 4742 1917 4811 ἐτεροι

352 4833 446 4886 καὶ
482 4830 664 4896 ἀδείας
716 4825 1026 4889 ποιοῦνται,
1074 4826 1260 4880 τοῦτον
1310 4824 1477 4895 εὐχῆς
1530 4824 1625 4878 καὶ
1669 4825 1917 4896 δακρύων

351 4917 587 4970 ἐποιεῖτο
615 4913 825 4985 καιρὸν,
867 4912 955 4965 διὰ
984 4909 1047 4964 τὸ
1084 4909 1287 4981 σφόδρα
1328 4909 1517 4977 νήφειν
1563 4907 1653 4962 καὶ
1685 4908 1918 4979 ἐγρηγο.

352 5003 527 5073 ρέναι.
552 5000 661 5056 Καὶ
686 4997 960 5065 ηκατέστη
999 4995 1256 5050 ἐνώπιον
1293 4993 1542 5062 Κυρίου’
1573 4993 1670 5047 καὶ
1704 4993 1854 5048 Ἠλεὶ
1888 4997 1921 5047 ὁ

351 5086 563 5155 ἱερεὺς,
594 5084 779 5155 φησὶν,
826 5079 1079 5149 ἐκάθητο
1125 5078 1223 5132 ἐπὶ
1260 5077 1367 5131 τοῦ
1399 5076 1613 5145 δίφρου
1662 5077 1760 5131 ἐπὶ
1804 5077 1922 5131 τῶν

348 5169 542 5239 ξολιῶν
565 5166 983 5233 ναοῦλΚυρίου.
1016 5161 1150 5216 Οὐδὲ
1181 5161 1337 5214 τοῦτο
1362 5159 1546 5224 ἅπλῶς
1574 5161 1805 5232 εἴρηται,
1839 5162 1920 5214 ὅτι

348 5255 376 5306 ό
411 5252 564 5307 Ἠλεὶ
599 5252 632 5305 ὀ
676 5248 867 5316 ἱερεὺς
915 5246 1171 5313 ἐκάθητο
1218 5244 1315 5298 ἐπὶ
1364 5242 1484 5298 τῶν
1531 5243 1724 5313 φλιῶν
1768 5244 1920 5298 ναοῦ

350 5335 604 5403 Κυρίου·
651 5330 764 5387 ἀλλ’
807 5330 945 5401 ὑπὲρ
989 5327 1085 5382 τοῦ
1116 5327 1285 5392 δεῖξαι
1331 5326 1430 5397 τὴν
1480 5324 1786 5397 θερμότητα
1822 5327 1921 5397 τῆς

351 5418 623 5483 γυναικός.
664 5413 932 5483 Καθάπερ
960 5410 1068 5482 γὰρ
1105 5411 1249 5482 χήρα
1292 5408 1548 5473 πολλάκις
1585 5408 1721 5480 γυνὴ
1751 5410 1920 5481 ἀπρο-

353 5501 637 5563 στάτευτος
685 5495 818 5552 οὖσα
871 5497 965 5551 καὶ
1013 5495 1237 5565 ἔρημος,
1282 5492 1714 5564 ὲπηρεαζομένη,
1749 5492 1920 5547 πολλά

417 5720 446 5748 ⁸
468 5715 628 5777 Σιλῶμ
652 5717 777 5779 Reg.
798 5719 851 5765 et
880 5713 1014 5764 Colb.
1038 5725 1181 5761 unus.

875 5821 1149 5882 Ρηιιοι.
1192 5817 1314 5880 (ΞΒ.
1362 5816 1517 5881 ΕΠ.

1569 292 1571 295 '
1641 272 1733 339 DF.
1761 274 1949 339 ANNA
1989 282 2230 342 SEBMO
2265 282 2310 343 1.

3474 288 3581 348 ϐω

2009 402 2359 476 ἀδικουμένη,
2394 400 2655 474 βασιλέως
2706 398 3036 458 εἰσελαύνειν
3086 400 3391 475 μέλλοντος,
3426 407 3585 477 δορυ-

2010 487 2212 558 φόρων,
2250 488 2655 559 ἀσπιδηφόρων,
2705 487 2934 551 ἱππέων,
2965 487 3156 557 ἐτέρας
3192 488 3390 559 πολλῆς
3423 489 3583 559 θεραι

2011 573 2169 637 πείας
2208 572 2662 646 προαπαντὼσης,
2699 572 2761 626 οὐ
2797 572 3252 644 καταπλήττεται,
3283 573 3405 626 οὐδὲ
3447 589 3584 645 προι

2010 656 2205 709 στάτου
2242 657 2433 724 δεῖται,
2460 656 2595 711 ἀλλὰ
2624 656 2833 720 πάντας
2868 656 3062 720 αὐτοὺς
3086 656 3413 728 διατεμοῦσα
3447 657 3587 727 μετὰ

2010 740 2212 811 πολλῆς
2246 743 2562 814 ἐντυγχάνει
2608 742 2687 813 τῷ
2722 741 2931 813 βασιλεῖ
2986 743 3320 814 παρῥησίας,
3373 744 3470 815 τὴν
3502 746 3585 796 oi-

2011 823 2163 876 κείαν
2189 825 2608 896 ἐκτραγῳδούσα
2637 825 2944 896 συμφορὰν,
2991 826 3088 895 τῆς
3130 827 3376 897 ἀνάγκης
3415 825 3586 894 αὐτὴν

2010 909 2484 979 χειραγωγούσης·
2517 909 2660 962 οὕτω
2687 910 2751 979 δὴ
2780 908 2874 964 καὶ
2902 910 3041 982 αὕτη
3084 913 3116 982 ἡ
3150 912 3286 982 γυνή
3326 912 3427 965 οὐκ
3454 913 3588 983 ἠρυδ

2010 987 2252 1063 θρίασεν,
2292 994 2393 1047 οὐκ
2423 993 2687 1065 ᾐσχύνθη,
2733 994 2826 1047 τοῦ
2868 995 3058 1064 ἱερέως
3089 995 3420 1066 καθημένου,
3450 994 3588 1063 αὐτῆ

2010 1073 2077 1126 δι’
2111 1075 2309 1144 ἑαυτῆς
2351 1077 2570 1145 αἰτῆσαι
2612 1077 2706 1130 καὶ
2751 1077 2888 1146 μετά
2916 1078 3114 1148 πολλῆς
3141 1078 3239 1148 τῆς
3280 1078 3590 1149 παρρησίας

2010 1160 2088 1230 τῷ
2125 1159 2331 1228 βασιλεῖ
2366 1160 2682 1232 προσελθεῖν
2703 1178 2716 1191 ·
2759 1161 2872 1214 ἀλλ’
2916 1162 3019 1214 ὐπὸ
3054 1161 3148 1214 τοῦ
3180 1163 3345 1215 πόθου
3377 1178 3589 1234 πτερωθ-

2014 1241 2199 1308 θεῖσα,
2249 1242 2343 1297 καὶ
2381 1244 2516 1314 πρὸς
2565 1245 2658 1297 τὸν
2690 1243 2915 1315 οὐρανὸν
2967 1244 3216 1298 ἀναϐᾶσα
3246 1248 3312 1318 τῇ
3359 1244 3585 1317 διανοίᾳ.

2011 1322 2088 1388 ὡς
2130 1325 2291 1380 αὐτὸν
2332 1327 2514 1399 ὁρῶσα
2546 1328 2639 1383 τὸν
2672 1329 2824 1394 Θεὸν,
2871 1326 3012 1382 οὕτω
3050 1328 3187 1398 μετὰ
3219 1329 3397 1400 πάσης
3442 1328 3591 1399 αὐτῷ

2013 1409 2345 1492 θερμότητος
2372 1411 2659 1481 διελέγετο.
2690 1414 2800 1466 Καὶ
2828 1412 2880 1465 τί
2914 1429 3080 1483 φησι;
3112 1411 3323 1465 Μᾶλλον
3347 1413 3407 1466 δέ
3436 1413 3589 1467 οὐδὲν

2014 1493 2309 1561 φθέγγεται
2357 1496 2641 1566 πρότερον,
2687 1496 2801 1548 ἀλλ’
2846 1495 2936 1549 ἀπ’
2976 1495 3225 1567 ὀδυρμῶν
3259 1499 3490 1549 ποιεῖται
3520 1496 3590 1549 τὰ

2014 1577 2298 1647 προοίμια,
2329 1581 2421 1632 καὶ
2450 1578 2656 1650 θερμάς
2704 1579 2895 1650 ἀφίησι
2946 1580 3128 1649 πηγάς
3159 1579 3427 1651 δακρύων.
3480 1580 3590 1634 Καὶ

2016 1662 2289 1735 καθάπερ,
2332 1664 2551 1735 ὄμϐρων
2597 1665 3076 1734 καταφερομένων,
3132 1665 3225 1716 καὶ
3270 1666 3303 1734 ἡ
3344 1663 3591 1735 σκληροει

2016 1746 2149 1818 τέρα
2175 1747 2247 1817 γῆ
2295 1748 2724 1818 καταϐρεχθεῖσα
2750 1750 2776 1787 δ
2820 1749 2913 1800 καὶ
2958 1747 3460 1818 καταμαλαχθεῖσα,
3493 1750 3590 1819 ῥᾳ-

2015 1828 2140 1895 δίως
2178 1830 2378 1902 ἑαυτὴν
2408 1832 2540 1903 πρὸς
2572 1831 2671 1895 τὰς
2701 1832 2810 1883 τῶν
2852 1831 3077 1902 καρπῶν
3119 1832 3375 1902 διεγείρει
3403 1831 3587 1895 γονάς,

2014 1912 2156 1967 οὕτω
2193 1913 2287 1966 καὶ
2310 1915 2402 1967 ἐπὶ
2427 1915 2525 1983 τῆς
2558 1915 2810 1982 γυναικὸς
2840 1914 3043 1985 ταύτης
3066 1915 3297 1982 ἐγένετο.
3326 1913 3590 1986 Καθάπερ

2015 1997 2125 2068 γὰρ
2146 1997 2236 2050 ὐπ’
2256 1998 2477 2070 δμϐρων
2502 1998 2608 2050 τῶν
2635 1996 2884 2068 δακρύων
2911 2000 2944 2068 ἡ
2974 1998 3155 2069 μήτρα
3187 1997 3590 2067 μαλαττομένη,

2016 2082 2111 2133 καὶ
2149 2080 2238 2134 διὰ
2278 2082 2377 2152 τῆς
2415 2079 2606 2152 ὀδύνης
2634 2081 3151 2152 διαθερμαινομένη,
3187 2081 3323 2151 πρὸς
3358 2080 3456 2148 τὴν
3493 2094 3592 2132 κα-

2017 2165 2114 2236 λὴν
2148 2165 2363 2237 ἐκείνην
2390 2166 2733 2234 τεκνογονίαν
2762 2164 2959 2237 ήρχετο
2994 2163 3373 2234 διεγείρεσθαι.
3411 2161 3594 2216 Ἀκούι

2020 2265 2204 2318 σωμεν
2235 2249 2293 2303 δέ
2320 2252 2416 2302 καὶ
2458 2249 2639 2302 αὐτῶν
2686 2248 2795 2302 τῶν
2829 2248 3110 2319 ῥημάτων,
3141 2248 3235 2302 καὶ
3276 2247 3377 2317 τῆς
3422 2246 3593 2317 καλῆς

2018 2332 2218 2402 ταύτης
2257 2332 2556 2404 ἱκετηρίας.
2608 2332 2920 2385 Κλαίουσα
2957 2331 3241 2392 ἕκλαυσε,
3293 2330 3444 2402 φησι,
3492 2329 3593 2384 καί

2017 2416 2242 2483 ηὔξατο
2271 2415 2465 2485 εὐχὴν
2500 2415 2582 2480 τῷ
2601 2415 2817 2483 Κυρίῳ,
2851 2415 3148 2484 λέγουσα·
3184 2416 3432 2468 ΑΛΩΝΑΙ
3467 2414 3595 2468 κνι-

2016 2505 2128 2557 PIE
2152 2504 2305 2556 ΕΛΩΙ
2335 2503 2615 2557 ΣΑΒΑΩΘ.
2645 2502 2857 2574 Φοϐερά
2882 2502 2953 2556 τὰ
2984 2504 3224 2575 ῥήματα,
3258 2502 3352 2555 καὶ
3391 2502 3595 2573 φρίκης

2017 2592 2284 2660 γέμοντα·
2317 2593 2411 2645 καὶ
2432 2590 2613 2654 καλῶς
2644 2591 2900 2661 ἐποίησεν
2924 2591 2953 2641 ὁ
2978 2593 3331 2659 συγγραφεὺς
3362 2590 3437 2659 μὴ
3464 2605 3596 2659 μετ»-

2017 2678 2255 2749 ἐνεγκὼν
2310 2681 2448 2735 αὐτά
2495 2680 2636 2752 πρὸς
2672 2679 2772 2751 τὴν
2805 2678 3077 2751 ἡμετέραν
3121 2681 3336 2751 φωνήν·
3384 2676 3447 2731 οὐ
3484 2678 3594 2750 γάρ

2018 2768 2206 2838 ἴσχυσε
2258 2768 2395 2837 μετά
2431 2768 2529 2838 τῆς
2572 2766 2780 2830 οἰκείας
2824 2767 2964 2820 αὐτὰ
3016 2767 3221 2837 ἀρετῆς
3284 2765 3596 2835 μεταθεῖναι

2018 2857 2153 2927 πρὸς
2191 2857 2290 2927 τὴν
2328 2852 2553 2909 Ἐλλάδα
2599 2853 2862 2922 γλῶτταν.
2894 2854 3008 2907 Οὐκ
3046 2852 3140 2921 ἀφ’
3181 2849 3299 2918 ἐνὸς
3341 2854 3490 2927 [708]
3537 2854 3595 2908 δὲ

2018 2944 2180 2997 αὐτὸν
2222 2944 2451 2997 ἐκάλεσε
2503 2942 2746 3012 ῥήματος
2782 2945 2816 3011 ή
2855 2942 3020 3012 γυνὴ,
3068 2943 3182 2996 ἀλλ’
3226 2942 3335 2997 ἀπὸ
3382 2943 3595 2998 πολλῶν

2017 3032 2125 3083 τῶν
2154 3031 2462 3101 προσόντων
2500 3028 2666 3099 αὐτῷ,
2703 3029 2793 3083 τὸν
2842 3030 2970 3101 περὶ
3017 3028 3180 3083 αὐτὸν
3223 3030 3384 3084 πόθον
3422 3033 3594 3086 ἐνδει-

2019 3118 2281 3188 κνυμένη,
2319 3119 2415 3172 καί
2447 3117 2546 3191 τὴν
2579 3117 2787 3188 θερμὴν
2817 3117 3079 3172 διάθεσιν.
3109 3119 3220 3172 Καὶ
3265 3117 3515 3188 καθάπερ
3543 3118 3592 3175 oi

2019 3211 2117 3271 τὰς
2147 3208 2359 3280 δεήσεις
2387 3210 2688 3278 γράφοντες
2716 3207 2793 3278 τῷ
2824 3207 3051 3278 βασιλεῖ,
3078 3208 3180 3263 οὐκ
3207 3209 3504 3263 ἐντιθέασιν
3535 3210 3595 3263 ἓν

2018 3298 2186 3366 ὄνομα
2216 3296 2393 3366 μόνον,
2430 3295 2565 3349 άλλά
2593 3294 2685 3349 τὸν
2721 3295 3098 3366 τροπαιοῦχον.
3138 3296 3230 3351 τὸν
3276 3292 3592 3366 αὐγουστον,

2017 3385 2111 3438 τὸν
2145 3385 2540 3456 αὐτοκράτορα,
2568 3386 2661 3438 καὶ
2692 3383 2865 3438 πολλά
2890 3384 3053 3456 ἕτερα
3093 3385 3296 3438 τούτων
3321 3386 3434 3441 ἀνω
3462 3404 3597 3457 προ-

2020 3475 2221 3541 θέντες,
2243 3474 2364 3529 τότε
2392 3475 2668 3529 ποιοῦνται
2696 3475 2793 3546 τὴν
2818 3475 3125 3547 ἱκετηρίανδ
3157 3475 3300 3529 οὕτω
3335 3476 3428 3529 καὶ
3453 3475 3594 3547 αὕτη

2018 3564 2200 3637 δέησίν
2240 3582 2362 3620 τινα
2392 3565 2738 3635 ἀναφέρουσα
2777 3562 2853 3632 τῷ
2879 3562 3017 3633 Θεῷ,
3061 3562 3230 3617 πολλά
3277 3559 3489 3633 τίθησιν
3533 3564 3594 3616 ἐν

2020 3652 2099 3722 τῷ
2131 3651 2398 3721 προοιμίῳ
2439 3652 2538 3721 τῆς
2589 3649 2823 3721 δεήσεως
2867 3650 3126 3720 ὀνόματα,
3157 3652 3257 3721 τήν
3288 3667 3347 3703 τε
3386 3651 3595 3705 οἰκείαν

2021 3738 2256 3792 διάθεσιν
2304 3735 2715 3805 ἐνδεικνυμένη,
2761 3735 3013 3805 καθάπερ
3050 3736 3221 3805 ἔφθην
3266 3736 3455 3800 εἰπὼν,
3500 3741 3595 3792 καὶ

2024 3824 2121 3892 τὴν
2151 3825 2230 3886 είς
2261 3822 2352 3875 τὸν
2388 3821 2870 3892 παρακαλούμενον
2911 3824 3096 3893 τιμήν.
3128 3823 3238 3876 Καὶ
3278 3824 3376 3895 τὴν
3410 3823 3597 3893 δέησιν

2024 3908 2191 3979 αὐτὴν
2230 3919 2254 3946 α
2324 3906 2694 3978 ὑπηγόρευσεν
2752 3910 2785 3977 ή
2843 3905 3037 3977 ὀδύνηο
3095 3903 3173 3962 διὸ
3228 3909 3324 3962 καὶ
3385 3910 3595 3981 ταχέως

2026 3995 2254 4066 ἠκούετο
2285 3992 2422 4065 μετά
2464 3994 2664 4065 πολλῆς
2693 3996 2863 4066 αὐτὴν
2895 3994 3150 4065 γράψασα
3176 3996 3274 4064 τῆς
3304 3996 3591 4060 συνέσεως.

2025 4084 2281 4138 Τοιαῦται
2323 4083 2431 4154 γάρ
2470 4086 2526 4137 αἱ
2565 4082 2626 4148 ἐξ
2655 4081 3056 4157 ὀδύνηςψυχῆς
3099 4082 3375 4153 γινόμεναι
3413 4083 3592 4153 εὐχαί.

2023 4170 2135 4223 Καὶ
2174 4168 2282 4240 γὰρ
2308 4168 2427 4222 ἀντὶ
2460 4168 2660 4239 χάρτου
2692 4167 2790 4237 μὲν
2834 4163 2903 4238 ἦν
2938 4167 3107 4237 αὐτῆς
3141 4162 3174 4238 ή
3220 4166 3447 4231 διάνοια,
3474 4168 3596 4221 ἀντὶ

2023 4253 2270 4324 καλάμου
2302 4253 2358 4308 δέ
2391 4255 2425 4324 ή
2457 4253 2692 4322 γλῶττα,
2727 4253 2797 4307 τὰ
2836 4254 3047 4323 δάκρυα
3072 4254 3129 4307 δὲ
3176 4253 3296 4307 ἀντὶ⁵
3330 4248 3590 4325 μέλανος⁶

2023 4342 2103 4395 διὸ
2127 4343 2219 4396 καὶ
2259 4342 2420 4412 μέχρι
2447 4342 2547 4411 τῆς
2578 4344 2817 4413 σήμερον
2846 4342 3060 4412 ἡμέρας
3083 4345 3116 4412 ή
3146 4340 3328 4413 δέησις
3358 4342 3592 4414 ἔμεινεν.

2036 4430 2419 4495 Ἀνεξάλειπτα
2454 4429 2564 4500 γὰρ
2608 4429 2677 4483 τὰ
2722 4429 2947 4483 τοιαῦτα
2993 4430 3203 4497 γίνεται
3251 4430 3591 4501 γράμματα,

2022 4518 2165 4590 άπερ
2196 4518 2262 4571 ἂν
2286 4517 2479 4589 ἐκείνῳ
2510 4517 2654 4587 βαφῇ
2683 4514 2762 4586 τῷ
2797 4515 3004 4585 μέλανι.
3031 4516 3141 4570 Καὶ
3174 4517 3243 4569 τὰ
3281 4520 3379 4587 μὲν
3412 4519 3595 4589 προοίισ

2026 4625 2124 4677 μια
2161 4607 2262 4677 τῆς
2308 4606 2547 4671 δεήσεως
2585 4603 2844 4658 τοιαῦτα·
2886 4603 2956 4657 τὰ
3001 4603 3059 4655 δὲ
3101 4604 3228 4672 ἑξῆς
3267 4605 3415 4667 τίνα;
3461 4606 3595 4658 Ἐὰν

2020 4695 2357 4750 ἐπιϐλέπων
2385 4692 2737 4760 ἑπιϐλέυψιῃς,
2767 4692 2949 4760 φησιν,
2969 4690 3069 4743 ἐπὶ
3099 4690 3211 4757 τὴν
3233 4693 3596 4745 ταπείνωσιν

2021 4782 2132 4854 τῆς
2167 4782 2393 4849 δούλης
2435 4795 2572 4834 σου.
2617 4777 2772 4834 οοτω
2814 4777 2965 4831 οὐδὲν
3007 4777 3185 4841 ἔλαϐε,
3229 4780 3322 4832 καὶ
3360 4778 3419 4845 ἐξ
3461 4778 3595 4833 ὐπο-

2024 4874 2260 4945 σχέσεως
2288 4871 2386 4942 τὴν
2413 4868 2585 4941 ἀρχὴν
2610 4869 2905 4938 ἐποιήσατο
2928 4865 3031 4938 τῆς
3058 4868 3244 4939 εὐχῆς.
3283 4867 3593 4938 Ἀμείϐεται

2020 4960 2112 5017 τὸν
2133 4962 2263 5015 Θεὸν
2295 4960 2415 5031 ήδη,
2445 4958 2609 5030 μηδὲν
2632 4958 2690 5010 ἐν
2720 4956 2876 5028 χερσὶ
2912 4954 3232 5026 κατέχουσα.
3259 4955 3446 5021 Οὕτως
3473 4956 3592 5020 ἔζεε

2024 5051 2121 5103 καὶ
2145 5047 2299 5101 ὥδινε
2328 5046 2464 5116 πρὸς
2497 5044 2657 5099 τοῦτο
2690 5044 2909 5114 μᾶλλον,
2936 5043 2969 5115 ἢ
3006 5042 3139 5115 πρὸς
3162 5044 3357 5111 ἐκεῖνο,
3386 5044 3479 5098 καὶ
3504 5044 3592 5097 διὰ

2012 5136 2179 5205 τοῦτο
2203 5133 2405 5206 ηὔξατο
2431 5133 2615 5187 λαϐεῖν
2640 5132 2701 5187 τὸ
2723 5132 2952 5188 παιδίον.
2986 5131 3112 5186 Ἐὰν
3144 5131 3451 5186 ἐπιϐλέπων
3475 5134 3594 5185 ἐπι-ι

2023 5222 2223 5294 suam;
2253 5222 2344 5275 ἐπὶ
2380 5220 2479 5293 τὴν
2522 5220 2845 5274 ταπείνωσιν
2882 5223 2976 5291 τῆς
3016 5220 3205 5291 δούλης
3236 5238 3349 5273 σου.
3381 5219 3484 5271 Δύο
3511 5218 3591 5271 δι-

2023 5306 2332 5383 καιώματα,
2361 5308 2545 5382 φησὶν,
2574 5309 2698 5380 ἔχω,
2722 5309 2819 5380 τήν
2845 5309 3107 5373 δουλείαν,
3146 5310 3240 5362 καὶ
3264 5310 3363 5381 τήν
3395 5324 3593 5379 συμφομ

2026 5400 2145 5472 ράν.
2187 5400 2298 5455 Καὶ
2327 5398 2433 5463 δός
2463 5415 2566 5468 μοι
2591 5394 2668 5467 τῇ
2699 5397 2888 5471 δούλῃ
2915 5410 3033 5451 σου
3061 5397 3296 5468 σπέρμα
3339 5396 3589 5472 ἁνδρός⁴

2023 5470 2195 5543 δώσω
2214 5488 2360 5542 αὐτὸ
2387 5484 2644 5541 ἐνώπιόν
2676 5470 3014 5540 «meam.
3035 5483 3098 5538 Τί
3118 5489 3283 5551 ἐστιν,
3312 5470 3593 5549 Ἐνώπιὸν

2083 5643 2113 5683 ιι
2135 5639 2503 5707 Καταϐραχεῖσα
2523 5641 2647 5707 Reg.
2675 5644 2729 5690 et
2755 5633 2900 5707 Coll),
2916 5655 3059 5707 ann}.

2088 5708 2114 5737 ο
2135 5705 2269 5758 Colb.
2299 5704 2458 5760 δέήσιν
2475 5704 2648 5761 ταύτην
2671 5709 2723 5753 ει
2744 5704 2817 5753 sic
2837 5706 2983 5755 etiam
3001 5704 3128 5767 Reg.

3244 5773 3318 5837 1⁸7
