4094 6256
401 338 515 394 πί
1765 338 1852 383 DE
1892 338 1996 384 ANl

404 431 558 484 cilia:
579 438 679 483 tuo
702 444 869 481 semen
892 427 1019 483 viri:
1051 426 1178 477 dabo
1198 424 1329 477 illud
1357 423 1531 476 datum
1559 436 1726 474 coram
1764 430 1831 474 te.
1859 424 1996 490 Quid

404 529 520 586 est,
553 521 734 574 Coram
770 530 817 574 te
859 518 1074 572 datum?
1117 516 1423 570 Dedititium
1468 523 1523 568 et
1560 514 1718 583 plane
1762 528 1998 567 servum.

404 611 574 665 Omni
604 619 862 680 petestate
886 625 970 664 me
994 608 1205 662 abdico.
1235 608 1467 661 Eatenus
1488 607 1629 660 enim
1660 614 1862 660 tantum
1883 605 1998 660 lieri

405 711 589 758 mater
612 703 788 771 cupio,
820 711 1080 771 quatenus
1099 715 1129 753 a
1160 715 1247 754 me
1277 699 1417 752 filius
1441 697 1601 753 ducat
1632 698 1859 767 initium,
1884 708 1995 752 tum

402 794 671 865 deinceps
696 810 816 849 meo
842 795 959 863 jure
989 792 1142 859 cedo,
1174 807 1236 847 ac
1266 806 1449 846 rursus
1474 792 1524 846 ei
1550 791 1818 846 renuntio.

488 889 541 944 6.
582 890 660 944 Ac
688 887 807 943 vide
833 887 1068 942 mulieris
1094 887 1360 956 pietatem.
1387 883 1502 937 Non
1533 883 1684 946 dixit,
1711 882 1766 938 Si
1787 882 1997 938 dederis

404 980 546 1035 mihi
572 991 698 1046 tres,
721 981 853 1036 duos
878 980 969 1036 libi
989 980 1089 1034 do:
1116 980 1196 1034 sin
1223 987 1400 1032 autem
1421 978 1574 1041 duos,
1597 992 1757 1031 unum
1777 977 1845 1030 do
1867 976 1955 1030 tibi
1978 994 1991 1029 :

404 1075 534 1140 scd,
566 1073 622 1129 Si
649 1090 809 1128 unum
832 1073 1003 1128 solum
1030 1072 1262 1138 dederis,
1292 1079 1458 1124 totum
1491 1069 1583 1124 tibi
1606 1069 1832 1124 fructum
1861 1085 1994 1124 con-

406 1182 589 1223 secro.
620 1166 685 1219 Et
713 1167 883 1219 vinum
913 1176 959 1218 et
978 1181 1130 1218 omne
1157 1164 1292 1230 quod
1321 1164 1568 1216 inebriare
1595 1172 1752 1230 potest
1782 1179 1881 1215 non
1917 1161 1994 1215 bi-

397 1259 512 1313 bet.
542 1258 783 1315 Nondum
815 1258 978 1310 ﬁlium
1007 1257 1229 1324 accepit,
1274 1266 1326 1309 et
1349 1256 1458 1323 jam
1491 1254 1797 1323 prOphetam
1828 1254 1993 1307 infor-

406 1360 542 1417 mat,
572 1366 634 1406 ac
657 1351 724 1405 de
751 1350 893 1403 illius
919 1349 1232 1403 educatione
1261 1348 1417 1401 verba
1449 1347 1590 1407 facit,
1621 1355 1673 1400 et
1716 1361 1835 1399 cum
1885 1346 1994 1400 Deo

406 1453 624 1510 pactum
656 1443 770 1497 ittit.
800 1441 844 1496 Ο
869 1441 1240 1497 confidentiam
1271 1440 1534 1494 mulieris!
1582 1440 1716 1507 Quia
1747 1455 1851 1493 non
1880 1450 1990 1492 tum

404 1534 719 1602 persolvere
747 1543 970 1603 poterat,
993 1532 1133 1602 quod
1154 1532 1388 1587 nondum
1410 1533 1722 1601 accepisset,
1746 1547 1774 1584 a
1800 1532 1993 1586 futuris

401 1632 680 1693 sumptum
711 1624 935 1694 pretium
967 1623 1241 1693 persolvit.
1267 1623 1335 1677 Et
1359 1622 1808 1693 quemadmodum
1850 1637 1992 1693 saepe

398 1716 558 1769 multi
584 1717 835 1786 agricolae
877 1730 1083 1771 summa
1128 1715 1300 1785 pressi
1348 1722 1603 1785 egestate,
1630 1729 1753 1768 cum
1786 1721 1990 1768 tantum

400 1807 649 1874 pecunia:
688 1822 795 1861 non
839 1814 1103 1876 suppetat,
1145 1816 1203 1860 ut
1232 1806 1452 1860 vitulum
1489 1806 1806 1875 possintaut
1835 1821 1990 1860 ovem

397 1911 608 1960 emere,
641 1897 737 1952 hac
765 1898 1071 1952 conditione
1100 1912 1129 1951 a
1160 1897 1391 1951 dominis
1416 1912 1477 1952 ea
1499 1898 1764 1965 accipiunt
1789 1898 1992 1952 anima-

398 1988 496 2052 lia,
522 1998 579 2043 ut
602 1989 879 2045 semissem
902 1989 1167 2043 fructuum
1197 1988 1441 2053 reddant,
1474 2003 1637 2056 seque
1665 1989 1893 2058 pretium
1920 2004 1987 2043 ex

398 2078 597 2133 futuris
623 2080 906 2134 deductum
939 2079 1198 2134 fructibus
1238 2079 1600 2147 persoluturos
1630 2080 1943 2148 promittunt
1972 2099 1984 2133 :

398 2172 484 2224 sic
508 2171 666 2224 etiam
690 2172 811 2234 ista.
831 2171 912 2224 vel
943 2172 1116 2238 potius
1138 2169 1306 2238 majus
1322 2169 1571 2238 quiddam
1591 2170 1853 2238 praestitit.
1874 2170 1988 2225 Non

397 2262 548 2314 enim
579 2276 640 2315 ea
671 2261 996 2325 conditione,
1046 2269 1103 2314 ut
1143 2261 1422 2314 semissem
1468 2260 1731 2314 fructuum
1776 2260 1982 2324 reddat,

401 2351 577 2406 filium
607 2354 818 2423 accipit,
858 2353 958 2408 sed
1004 2361 1062 2407 ut
1104 2362 1269 2407 totum
1313 2353 1387 2406 illi
1416 2353 1608 2408 deinde
1638 2355 1899 2420 restituat,
1933 2365 1987 2409 et

395 2441 669 2497 fructuum
699 2443 816 2498 loco
836 2442 929 2497 ﬁlii
949 2443 1315 2499 educationem
1345 2443 1589 2513 accipiat.
1620 2444 1983 2500 Sufﬁcientem

395 2535 545 2590 enim
573 2552 696 2592 esse
724 2537 1023 2592 mercedem
1063 2536 1411 2603 existimavit,
1441 2546 1497 2590 ut
1524 2536 1733 2592 labores
1762 2552 1887 2593 suos
1931 2540 1982 2592 in

396 2631 496 2685 Dei
527 2630 822 2685 sacerdotis
864 2629 1230 2683 educationem
1262 2628 1613 2697 impenderet.
1650 2627 1716 2682 Et
1742 2630 1911 2681 vinum
1935 2638 1982 2680 et

393 2738 546 2776 onme
568 2722 704 2792 quod
727 2722 937 2775 inebriat
973 2738 1073 2775 non
1118 2720 1263 2787 bibet,
1297 2722 1486 2790 inquit.
1517 2720 1632 2775 Non
1656 2720 1729 2774 illi
1757 2722 1901 2776 venit
1928 2722 1981 2775 in

392 2823 633 2871 mentem
664 2814 779 2869 Inec
825 2813 964 2883 apud
993 2828 1052 2868 se
1077 2813 1289 2869 dicere:
1314 2812 1451 2881 Quid
1481 2829 1608 2867 vero
1641 2814 1749 2879 lict,
1778 2812 1825 2867 si
1854 2814 1980 2867 dum

394 2918 551 2962 tener
579 2915 662 2961 est
705 2904 897 2970 infans,
929 2920 1079 2974 aqua:
1106 2913 1234 2974 potu
1265 2904 1378 2973 ejus
1428 2904 1677 2958 valetudo
1718 2904 1980 2959 laniatur?

392 2998 525 3069 quid
566 2999 611 3052 si
641 3002 695 3055 in
724 2998 964 3052 morbum
996 2998 1225 3052 incidat?
1252 2997 1376 3066 quid
1403 2998 1447 3051 si
1474 2996 1621 3067 gravi
1650 2996 1838 3051 morbo
1880 3012 1984 3065 op-

395 3106 617 3163 pressus
662 3092 954 3145 moriatur?
998 3090 1103 3143 Sed
1147 3105 1266 3144 cum
1302 3090 1587 3159 cogitasset
1623 3105 1767 3155 eum,
1805 3105 1834 3143 a
1873 3105 1979 3158 quo

392 3185 573 3239 fuerat
616 3182 792 3247 datus,
823 3196 978 3250 posse
1013 3181 1151 3239 illius
1179 3195 1389 3251 quoque
1418 3180 1629 3234 sanitati
1674 3180 1974 3250 providere,

390 3278 462 3331 ab
491 3277 619 3346 ipsis
646 3275 978 3331 incunabulis
1006 3284 1058 3329 et
1101 3283 1284 3344 partus
1312 3274 1618 3328 secundinis
1644 3274 1695 3328 in
1722 3275 1977 3329 sanctita-

391 3380 502 3424 tem
540 3369 686 3422 illum
736 3368 959 3434 invexit,
1002 3368 1214 3436 Deoque
1261 3382 1374 3421 rem
1407 3375 1570 3420 totam
1601 3366 1889 3435 commisit,
1922 3374 1977 3421 et

386 3470 515 3515 ante
545 3468 751 3528 partum
781 3459 1210 3514 sanetilicabatur
1246 3458 1360 3529 ejus
1402 3467 1585 3513 uterus
1623 3459 1675 3513 in
1704 3474 1810 3529 quo
1848 3474 1972 3528 pro-

388 3552 550 3621 pheta
578 3552 904 3621 gestabatur,
927 3559 981 3606 et
1007 3550 1261 3607 sacerdos
1281 3550 1706 3620 concipiebatur,
1732 3561 1787 3606 et
1806 3552 1973 3606 dona-

387 3643 529 3697 rium
572 3642 864 3706 ferebatur,
910 3641 1208 3707 donarium,
1241 3641 1477 3712 inquam,
1507 3642 1817 3696 animatum.
1848 3641 1972 3697 Ideo

388 3732 589 3787 diutius
626 3747 745 3786 eam
778 3746 1011 3787 [κηποι-θ
1036 3732 1225 3795 confici
1257 3731 1597 3801 permittebat
1644 3733 1804 3798 Deus,
1851 3732 1972 3786 ideo

389 3822 540 3877 tarde
569 3821 755 3883 dabat,
794 3832 849 3876 ut
896 3837 1015 3876 eam
1045 3822 1163 3891 ipso
1192 3837 1386 3891 genere
1415 3830 1599 3891 partus
1627 3822 1969 3876 illustriorem

388 3915 655 3981 redderet,
681 3928 742 3973 ut
772 3914 1161 3985 phil050phiam
1200 3915 1317 3983 ejus
1345 3915 1614 3983 animique
1643 3913 1968 3969 moderatio-

387 4022 510 4062 nem
539 4005 868 4062 ostenderet.
899 4004 1031 4058 Nam
1057 4005 1109 4058 in
1139 4005 1382 4059 oratione
1400 4018 1508 4058 non
1536 4004 1781 4059 meminit
1807 4020 1971 4059 aemu-

384 4099 474 4163 lae,
499 4113 602 4152 non
625 4098 740 4169 ejus
760 4096 998 4152 convicia
1025 4097 1356 4163 memoravit,
1386 4111 1491 4150 non
1514 4096 1566 4149 in
1591 4094 1822 4150 medium
1847 4110 1969 4165 pro-

387 4190 507 4244 tulit
542 4192 659 4259 ejus
686 4189 992 4259 opprobria,
1029 4204 1133 4244 non
1174 4188 1326 4252 dixit,
1355 4187 1626 4244 Ulciscere
1655 4202 1742 4243 me
1770 4187 1838 4243 de
1863 4188 1967 4241 im-

386 4282 550 4350 proba
597 4291 652 4337 et
692 4283 913 4337 scelesta
959 4282 1046 4336 illa
1090 4282 1332 4348 muliere,
1376 4280 1517 4350 quod
1557 4281 1739 4335 multa:
1768 4281 1964 4335 faciunt

384 4373 795 4429 muliercszsed
845 4389 1019 4444 neque
1069 4374 1382 4443 probrorum
1431 4372 1743 4437 recordata,
1788 4372 1856 4427 de
1899 4374 1965 4427 iis

384 4472 587 4520 tantum
613 4481 732 4535 qua)
752 4466 851 4521 sibi
879 4467 1166 4537 proderant
1194 4481 1377 4535 preces
1398 4464 1670 4521 olferebat.
1698 4465 1772 4520 Ita
1800 4465 1881 4521 fac
1908 4475 1963 4521 tn

382 4575 614 4629 quoque,
657 4560 729 4614 mi
771 4560 954 4626 homo,
1000 4574 1227 4628 cumque
1254 4558 1449 4613 videris
1477 4559 1749 4614 inimicum
1778 4559 1963 4614 dolore

383 4653 726 4715 efficientem,
760 4654 811 4706 in
839 4668 959 4706 eum
988 4653 1203 4721 quidem
1232 4653 1432 4706 nullum
1462 4654 1702 4722 asperius
1741 4653 1960 4708 verbum

386 4745 583 4807 mittas,
617 4760 788 4813 neque
825 4745 963 4798 male
1002 4759 1125 4811 erga
1168 4754 1234 4811 te,
1263 4743 1456 4799 affecto
1500 4745 1842 4813 imprcceris:
1867 4744 1958 4798 sed

384 4836 676 4906 ingressus,
707 4850 769 4890 ac
797 4834 947 4889 ﬂexis
971 4835 1211 4905 genibus,
1236 4835 1476 4904 fusisque
1495 4836 1763 4907 lacrymis,
1794 4837 1958 4891 Deum

381 4943 623 5000 precare,
646 4936 703 4981 ut
723 4927 991 4982 tristitiam
1018 4927 1265 4981 discutiat
1284 4927 1626 4997 doloremque
1643 4929 1955 4998 restinguat;

378 5020 523 5090 quod
549 5019 664 5078 bare
691 5034 903 5089 quoque
928 5019 1119 5073 mulier
1150 5019 1289 5082 fecit,
1336 5034 1435 5073 nec
1480 5020 1801 5075 mediocrem
1846 5022 1959 5075 fru-

376 5120 525 5165 ctum
555 5125 618 5167 ex
652 5108 864 5164 inimica
892 5111 1125 5180 collegit.
1180 5111 1268 5164 Illa
1312 5111 1454 5165 enim
1487 5111 1553 5166 ad
1582 5112 1721 5167 hunc
1749 5123 1956 5183 partum

376 5201 601 5256 infantis
629 5201 975 5257 obtinendum
1019 5203 1269 5271 opitulata
1312 5212 1415 5258 est.
1444 5202 1560 5269 Quo
1600 5214 1754 5273 pacto
1796 5204 1846 5258 id
1878 5203 1957 5259 fa-

375 5306 524 5350 ctum
550 5296 640 5356 sit,
669 5310 767 5365 ego
793 5295 984 5349 dicant.
1005 5294 1137 5361 Quia
1167 5295 1447 5365 Opprobria
1475 5295 1720 5364 jactarat,
1745 5296 1956 5351 afﬂixe-

380 5394 488 5451 rat,
509 5386 873 5457 majoremque
900 5385 1142 5442 dolorem
1163 5386 1486 5452 reddiderat,
1506 5402 1533 5439 a
1556 5387 1739 5443 dolore
1760 5389 1955 5445 arden-

386 5480 494 5536 tior
510 5480 606 5535 fuit
644 5480 836 5545 oratio,
882 5480 1048 5536 Deum
1080 5495 1208 5535 vero
1246 5480 1319 5533 illi
1360 5481 1681 5544 conciliavit,
1714 5486 1870 5550 atque
1899 5492 1958 5535 ut

378 5577 690 5645 impetraret
718 5572 913 5638 effecit,
945 5572 1130 5642 sicque
1172 5571 1387 5627 Samuel
1431 5582 1516 5627 est
1557 5582 1713 5641 partu
1755 5572 1949 5628 editus.

382 5668 565 5731 Itaque
590 5667 633 5719 si
661 5665 847 5735 vigiles
873 5666 1059 5731 simus,
1092 5680 1197 5720 non
1244 5664 1404 5719 modo
1443 5664 1573 5719 nihil
1618 5680 1716 5720 nos
1760 5664 1956 5720 lzedere

374 5764 619 5826 poterunt
650 5757 866 5823 inimici,
895 5756 990 5813 sed
1012 5766 1065 5813 et
1092 5757 1376 5827 plurimum
1405 5756 1716 5827 proderunt,
1748 5757 1873 5813 dum
1896 5757 1948 5811 in

1765 324 1852 383 DE
1892 326 2074 384 ANNA
2101 326 2329 383 SEBMO
2367 329 2406 384 I.

3582 333 3687 387 642

2112 422 2362 476 onmibus
2384 437 2481 476 nos
2503 421 2865 491 diligentiores
2891 424 3143 488 efticicnt,
3166 434 3366 477 tantum
3388 441 3455 479 ne
3476 439 3693 496 propter

2107 515 2408 570 molestiam
2433 531 2496 570 ac
2521 516 2784 580 dolorem,
2815 532 2974 587 quem
3004 519 3158 572 nobis
3192 519 3426 584 inurunt,
3459 520 3526 573 ad
3557 536 3687 575 con-

2107 606 2238 661 vicia
2267 607 2567 677 probraque
2595 624 2691 663 nos
2712 609 2881 680 abripi
2911 610 3167 673 sinamus,
3192 610 3282 665 sed
3299 610 3365 664 ad
3385 626 3571 681 preces
3592 627 3688 667 nos

2107 701 2282 770 potius
2310 710 2703 757 convertamus.

2175 793 2259 847 Ea:
2300 796 2500 848 nomine
2528 795 2782 849 Samuelis
2808 796 3118 850 occasionem
3145 798 3323 865 arripit
3349 797 3412 851 de
3430 798 3693 851 educatio-

2103 900 2166 936 ne
2211 883 2479 937 liberorum
2530 883 2782 953 loquendi.
2820 914 2893 925 ——
2931 887 3218 956 Postquam
3261 897 3437 942 autem
3487 889 3691 958 peperit

2103 976 2293 1047 lilium,
2310 977 2518 1031 vocavit
2537 977 2681 1031 illum
2700 978 3017 1042 Samnelem,
3034 979 3140 1034 hoc
3156 989 3255 1045 est,
3279 980 3474 1035 Audiet
3498 980 3685 1035 Deum.

2100 1067 2230 1122 Nam
2259 1069 2509 1137 quoniam
2535 1083 2601 1122 ex
2630 1084 2715 1133 eo,
2744 1069 2885 1139 quod
2913 1071 3155 1124 exaudita
3182 1072 3359 1137 fuerit,
3391 1083 3445 1127 et
3469 1087 3685 1142 precum

2101 1177 2261 1231 opera
2282 1162 2453 1231 ipsum
2473 1162 2696 1229 accepit,
2727 1176 2830 1216 non
2853 1161 3109 1217 beneficio
3137 1173 3356 1229 naturae,
3376 1164 3687 1220 memoriam

2099 1263 2331 1324 qua-stus
2356 1254 2497 1308 illius
2524 1260 2797 1323 tamquam
2838 1254 2888 1307 in
2916 1269 3063 1307 antea
3101 1255 3324 1323 quadam
3362 1257 3607 1311 columna
3634 1256 3687 1310 in

2099 1345 2449 1413 appellatione
2482 1345 2684 1414 pueruli
2706 1345 2871 1399 voluit
2897 1358 3017 1399 esse
3044 1345 3297 1399 detixznn.
3323 1346 3503 1417 Neque
3530 1348 3685 1417 dixit,

2104 1437 2362 1491 Vocemus
2386 1452 2507 1491 eum
2548 1437 2761 1490 nomine
2793 1437 2957 1505 patris
2986 1437 3086 1500 sui,
3122 1436 3203 1491 vel
3235 1438 3403 1504 patrui
3423 1476 3438 1501 ,
3466 1440 3546 1494 vel
3577 1440 3684 1504 avi,

2100 1529 2180 1582 vel
2211 1530 2394 1597 proavi
2422 1547 2433 1580 :
2462 1526 2576 1594 sed,
2607 1528 2700 1582 llle
2730 1528 2863 1597 ipse,
2887 1527 2976 1595 qui
3000 1526 3149 1581 dedit
3177 1542 3319 1592 eum,
3357 1528 3526 1598 inquit
3547 1569 3563 1596 ,
3591 1544 3685 1598 ap-

2097 1621 2382 1690 pellatione
2404 1620 2609 1688 pueruli
2636 1620 2947 1674 honoretur.
2980 1619 3124 1673 Hanc
3146 1619 3464 1673 annulamini
3495 1620 3689 1675 mulie-

2096 1728 2204 1776 res,
2242 1712 2380 1765 hanc
2408 1711 2678 1765 imitemur
2702 1710 2823 1775 viri,
2850 1718 3155 1780 tantamque
3181 1711 3469 1766 liberorum
3500 1727 3684 1766 curam

2096 1819 2364 1873 geramus,
2397 1804 2469 1856 ita
2500 1812 2654 1857 natos
2679 1802 2989 1868 educemus,
3021 1819 3143 1857 cum
3175 1804 3227 1857 in
3254 1804 3372 1861 aliis
3397 1804 3681 1870 omnibus,

2098 1906 2206 1949 tum
2236 1895 2464 1948 maxime
2491 1894 2543 1948 in
2562 1896 2826 1949 castitate.
2857 1893 2999 1948 Nihil
3023 1896 3164 1949 enim
3193 1895 3327 1950 adeo
3352 1897 3679 1952 contenden-

2095 1987 2221 2040 dum
2262 1996 2317 2040 et
2343 1986 2636 2040 curandum
2666 1995 2745 2040 est
2770 2028 2785 2052 ,
2817 2002 2973 2057 quam
3001 1994 3060 2041 ut
3080 1986 3306 2055 juvenes
3332 1990 3463 2043 casti
3494 1989 3601 2043 sint
3628 2000 3684 2045 et

2094 2076 2292 2147 pudici.
2344 2076 2469 2131 Hrcc
2514 2078 2656 2131 enim
2694 2078 2932 2132 maxime
2974 2077 3232 2147 aegritudo
3274 2080 3347 2132 illi
3373 2080 3515 2133 aetati
3559 2096 3681 2134 mo-

2094 2170 2301 2224 lestiam
2346 2169 2559 2224 exhibet
2584 2186 2597 2222 :
2621 2178 2675 2223 et
2701 2169 2842 2239 quod
2887 2169 2938 2222 in
2971 2169 3202 2225 lucernis
3235 2171 3472 2240 agimus,
3505 2170 3606 2227 hoc
3630 2183 3685 2227 et

2092 2278 2214 2333 erga
2243 2264 2437 2317 liberos
2464 2262 2828 2317 observemus.
2861 2261 3018 2317 Certe
3053 2277 3195 2331 srcpe
3221 2263 3466 2317 ancillam
3494 2265 3684 2327 admo-

2092 2372 2299 2423 nemus,
2332 2372 2451 2426 qua:
2481 2356 2751 2410 lucernam
2778 2356 3039 2421 accendit,
3072 2371 3138 2411 ne
3172 2358 3220 2408 in
3249 2371 3371 2409 cum
3402 2356 3575 2411 locum
3604 2357 3687 2411 lu-

2090 2464 2303 2505 cernam
2356 2447 2684 2513 transferat,
2713 2448 2765 2501 in
2796 2462 2901 2515 quo
2945 2447 3137 2515 stipula
3180 2447 3446 2502 ftenumve
3485 2448 3680 2515 fuerit,

2089 2550 2181 2594 aut
2224 2539 2422 2609 aliquid
2448 2539 2785 2608 hujnsmodi,
2821 2554 2888 2593 ne
2914 2538 3051 2595 forte
3080 2540 3236 2593 nobis
3264 2540 3443 2594 insciis
3472 2540 3685 2595 excidat

2089 2633 2320 2688 scintilla
2345 2632 2625 2701 quarpiam,
2648 2640 2702 2686 et
2723 2632 3002 2687 materiam
3029 2632 3172 2687 illam
3202 2634 3494 2704 corripiens
3517 2643 3682 2689 totam

2086 2726 2301 2780 domum
2324 2724 2601 2778 incendat:
2619 2723 2861 2779 eamdem
2884 2739 3093 2794 quoque
3115 2726 3526 2783 sollicitudinem
3551 2744 3678 2799 erga

2086 2819 2283 2874 liberos
2310 2818 2711 2889 impendamus,
2741 2833 2913 2888 neque
2936 2820 3113 2873 vultus
3133 2836 3319 2875 eorum
3351 2824 3474 2879 illuc
3502 2825 3683 2880 tradu-.

2084 2926 2287 2973 camus,
2317 2912 2403 2965 ubi
2434 2912 2644 2966 lascivae.
2670 2922 2795 2966 sunt
2823 2914 3033 2967 famulae
3052 2955 3066 2977 ,
3092 2914 3179 2967 ubi
3210 2915 3494 2971 luxuriosa:
3524 2921 3678 2986 puel-

2087 3005 2152 3058 lze
2175 3044 2190 3069 ,
2223 3005 2308 3057 ubi
2336 3004 2635 3073 petulantes
2664 3004 2871 3058 ancillae
2892 3044 2907 3067 ,
2942 3003 3037 3058 sed
3063 3005 3343 3072 jubeamus
3382 3024 3444 3063 ac
3472 3010 3678 3065 denun-

2084 3098 2280 3152 tiemus
2304 3098 2427 3161 illis,
2456 3097 2504 3151 si
2528 3096 2663 3152 forte
2690 3098 2809 3151 talis
2836 3098 2987 3152 nobis
3009 3100 3076 3152 sit
3108 3099 3322 3163 famula,
3350 3115 3445 3156 seu
3475 3104 3672 3171 vicina,

2084 3188 2194 3242 sive
2216 3188 2415 3257 quaevis
2444 3187 2725 3258 ejusmodi,
2759 3197 2817 3242 ut
2843 3204 3013 3259 neque
3039 3191 3091 3243 in
3119 3202 3482 3261 conspectum,
3504 3209 3675 3264 neque

2080 3278 2134 3334 in
2163 3277 2425 3332 sermonis
2441 3293 2783 3348 congressum
2804 3294 2925 3333 cum
2948 3280 3233 3349 juvenibus
3254 3283 3450 3345 veniat,
3476 3299 3544 3339 ne
3569 3299 3675 3354 qua

2081 3369 2205 3423 inde
2243 3369 2470 3424 Scintilla
2501 3370 2754 3425 excidens
2784 3379 2946 3426 totam
2976 3373 3180 3442 pueruli
3211 3375 3439 3429 animam
3482 3376 3669 3431 incen-

2078 3460 2189 3526 dat,
2210 3471 2262 3515 et
2291 3462 2683 3531 irreparabilem
2709 3463 2783 3517 illi
2803 3464 3160 3519 calamitatem
3192 3465 3460 3535 importet.
3488 3468 3673 3540 Neque

2078 3568 2206 3609 vero
2252 3562 2455 3607 tantum
2486 3569 2514 3607 a
2554 3555 2875 3624 spectaculis
2898 3598 2913 3622 ,
2946 3556 3041 3611 sed
3069 3558 3227 3613 etiam
3271 3574 3301 3612 a
3330 3560 3583 3615 mollibus
3605 3577 3673 3617 ac

2077 3644 2348 3699 dissolutis
2371 3645 2652 3699 cantilenis
2677 3646 3035 3711 abducamus,
3066 3663 3131 3701 ne
3163 3648 3243 3702 his
3271 3665 3457 3704 eorum
3488 3651 3672 3707 anima

2076 3735 2384 3798 fascinetur;
2418 3750 2590 3803 neque
2620 3736 2734 3788 illos
2761 3736 2825 3789 ad
2859 3736 3061 3790 theatra
3094 3737 3437 3804 deducamus,
3468 3756 3569 3795 nec
3597 3743 3668 3797 ad

2076 3824 2317 3878 convivia
2338 3832 2392 3877 et
2418 3825 2854 3893 computationes,
2882 3827 2977 3879 sed
3003 3828 3210 3881 cautius
3238 3844 3396 3897 quam
3427 3832 3667 3888 conclavi

2076 3912 2269 3969 abditte
2297 3914 2526 3984 virgines
2546 3955 2561 3977 ,
2589 3915 2955 3970 custodiantur
2995 3932 3026 3970 a
3071 3919 3224 3973 nobis
3252 3920 3494 3989 juvenes.
3525 3922 3667 3978 Nihil

2076 4011 2283 4058 retatcm
2310 4002 2450 4058 illam
2475 4003 2609 4058 adeo
2630 4004 2767 4059 solet
2784 4018 3045 4062 exornare
3067 4022 3131 4062 ac
3152 4008 3416 4077 pudicitiae
3438 4025 3661 4079 corona,

2076 4107 2129 4152 et
2157 4097 2202 4151 si
2232 4096 2349 4167 quis
2387 4096 2455 4152 ab
2498 4097 2642 4151 omni
2685 4097 2898 4151 lascivia
2945 4113 3110 4168 purus
3136 4100 3201 4154 ad
3232 4101 3534 4172 conjugium
3566 4120 3662 4160 ve-

2074 4191 2202 4243 niat.
2245 4188 2335 4245 Sic
2373 4197 2427 4244 et
2454 4189 2706 4245 mulieres
2734 4189 2839 4243 illis
2885 4190 3013 4246 lient
3038 4192 3324 4256 amabiles,
3358 4210 3480 4249 cum
3507 4205 3665 4251 antea

2074 4281 2215 4336 nulla
2242 4295 2300 4335 se
2339 4279 2691 4336 fornicatione
2729 4283 3066 4347 exercuerit,
3090 4292 3182 4338 aut
3206 4295 3455 4355 corrupta
3501 4287 3662 4343 fuerit

2070 4375 2265 4440 anima,
2293 4388 2413 4427 cum
2437 4388 2557 4426 eam
2584 4374 2751 4427 solam
2780 4374 3055 4429 mulierem
3087 4384 3266 4430 notam
3303 4376 3548 4433 habuerit
3568 4379 3662 4448 ju-

2070 4466 2238 4531 venis,
2272 4480 2393 4533 quaa
2418 4463 2519 4518 sibi
2544 4463 2705 4517 fuerit
2727 4465 2923 4534 mtptiis
2952 4467 3219 4535 copulata.
3249 4467 3338 4523 Sic
3365 4478 3421 4523 et
3463 4471 3659 4525 arden.

2070 4558 2234 4610 tiores
2258 4569 2489 4620 amores,
2516 4564 2571 4609 et
2590 4555 2851 4609 sincerior
2878 4557 3247 4612 benevolentia
3269 4602 3283 4623 ,
3315 4561 3391 4614 sic
3420 4562 3654 4615 amicitia

2070 4638 2129 4701 tit
2152 4646 2519 4702 vehementior
2542 4687 2556 4709 ,
2585 4661 2708 4699 cum
2737 4646 2804 4699 ad
2832 4646 3043 4716 nuptias
3066 4647 3292 4716 juvenes
3340 4665 3461 4703 cum
3512 4661 3657 4707 tanta

2068 4742 2312 4796 cautione
2336 4739 2686 4809 perrexerint.
2712 4738 2841 4793 Nam
2860 4754 3000 4794 nunc
3025 4740 3237 4809 quidem
3266 4757 3382 4810 quae
3398 4753 3659 4811 geruntur

2068 4852 2173 4890 non
2223 4836 2418 4906 nuptiae
2459 4842 2620 4899 sunt,
2650 4832 2744 4888 sed
2786 4848 2933 4887 mera
2964 4834 3251 4903 negotiatio
3294 4834 3530 4904 pecunia:
3556 4877 3572 4902 ,
3601 4847 3658 4891 et

2067 4929 2399 4997 cauponatio.
2425 4927 2554 4983 Cum
2581 4926 2720 4980 enim
2751 4936 2874 4979 ante
2899 4926 3198 4996 conjugintn
3226 4937 3510 4997 corruptus
3536 4928 3655 4984 fue-

2069 5023 2138 5075 rit
2157 5021 2396 5091 juvenis,
2425 5027 2624 5089 etpost
2653 5019 2955 5088 conjugium
2987 5034 3172 5075 rursus
3194 5020 3247 5074 in
3278 5020 3498 5075 alteram
3530 5037 3652 5076 mu-

2068 5113 2251 5167 licrem
2280 5111 2464 5166 oculos
2493 5126 2619 5166 suos
2647 5111 3003 5179 converterit,
3031 5111 3178 5181 quid,
3210 5128 3411 5181 quaeso,
3434 5113 3654 5183 prodest

2066 5204 2539 5275 conjugium?lmo
2582 5213 2691 5259 tum
2732 5202 2903 5274 majus
2945 5203 3259 5275 supplicium
3304 5204 3569 5268 debetur,
3598 5215 3654 5260 et

2068 5299 2340 5368 indignum
2382 5305 2463 5352 est
2490 5296 2642 5353 venia
2677 5305 2951 5366 peccatum
2973 5334 2993 5361 ,
3024 5311 3144 5375 cum
3188 5298 3329 5350 intus
3380 5294 3653 5351 residente

2067 5405 2231 5445 uxore
2281 5391 2512 5459 seipsum
2566 5390 2903 5443 meretricum
2967 5401 3253 5456 congressu
3311 5385 3511 5455 polluat
3542 5430 3557 5452 ,
3597 5399 3652 5442 et

2066 5482 2380 5536 adulterium
2428 5482 2742 5537 committat.
2770 5480 2972 5547 Quippe
3007 5493 3172 5532 uxore
3216 5479 3411 5546 ducta,
3438 5484 3649 5535 tametsi

2066 5572 2314 5626 meretrix
2344 5581 2426 5625 est
2447 5614 2462 5637 ,
2492 5587 2609 5641 qua:
2636 5586 2693 5625 se
2737 5570 2912 5624 mariti
2954 5583 3243 5639 congressu
3286 5570 3649 5624 contaminat.

2064 5663 2385 5717 adulterium
2412 5671 2495 5717 est
2523 5660 2649 5714 illud
2674 5659 2899 5714 facinus.
2922 5658 3047 5713 Hazc
3072 5666 3247 5713 autem
3275 5660 3382 5728 jam
3414 5660 3562 5723 ﬁunt.
3598 5667 3653 5711 ct
3736 5712 3741 5733 μ

2067 5756 2354 5812 contractis
2398 5754 2592 5827 nuptiis
2639 5752 2704 5808 ad
2750 5751 2997 5807 mulieres
3037 5752 3347 5807 meretrices
3391 5757 3648 5821 currunt,
