4094 6256
465 331 570 385 6-53

463 443 714 513 quoniam
741 450 864 492 ante
893 437 1102 504 nuptias
1127 434 1422 487 castitatem
1448 441 1661 483 servare
1688 439 1794 478 non
1841 419 2032 476 didice-

467 543 608 588 runt.
636 532 767 585 llinc
796 543 980 598 pugnae
1004 568 1018 591 ,
1048 523 1326 578 maledicta
1345 561 1360 586 ,
1386 520 1667 573 domorum
1697 514 2003 570 eversiones
2026 552 2040 575 ,

467 635 523 678 et
545 621 847 693 quotidiana
877 618 1010 672 bella
1038 635 1051 670 :
1076 614 1199 669 hinc
1220 613 1276 667 lit
1297 621 1357 666 ut
1384 625 1508 680 erga
1537 621 1756 663 uxorem
1776 619 1926 659 amor
1945 603 2046 656 dif-

471 716 598 769 fluat
635 723 688 767 et
727 717 1054 770 marcescat,
1082 721 1201 760 eum
1245 704 1576 774 lupanarium
1623 697 2046 768 frequentatione

470 807 806 860 dissolvatur.
825 800 976 868 Quod
994 801 1036 852 si
1052 797 1346 851 castitatem
1368 807 1581 849 servare
1599 791 1788 852 discat,
1813 803 1926 856 prae
1946 801 2048 840 cae-

471 901 598 954 teris
625 895 873 951 omnibus
890 889 1238 961 expetendam
1260 901 1480 941 uxorem
1511 898 1662 938 suam
1683 878 2045 941 arbitrabitur,

469 992 630 1044 multa
646 989 785 1041 illam
807 999 928 1039 cum
947 980 1310 1037 benevolentia
1328 975 1685 1039 contuebitur,
1704 983 2050 1040 magnamque

471 1097 591 1136 cum
637 1080 724 1133 illa
768 1076 1104 1131 concordiam
1131 1071 1468 1128 conservabit
1495 1087 1507 1120 :
1537 1068 1581 1121 si
1611 1080 1737 1120 vero
1761 1079 1861 1133 pax
1895 1061 2053 1114 fuerit

470 1184 522 1227 et
543 1169 846 1232 concordia,
873 1167 1051 1221 omnia
1080 1165 1218 1219 bo'na
1243 1162 1294 1216 in
1325 1161 1542 1215 domum
1569 1158 1712 1211 illam
1740 1154 2047 1210 introibant.

474 1264 541 1320 Ut
561 1264 720 1333 igitur
739 1269 794 1315 et
818 1273 904 1312 res
937 1256 1091 1325 hujus
1107 1255 1228 1308 vita:
1252 1259 1397 1307 recte
1421 1268 1449 1302 a
1476 1249 1630 1303 nubis
1657 1249 2049 1315 dispensentur,

472 1367 526 1411 et
573 1370 694 1410 cum
732 1353 833 1406 illis
873 1363 1092 1416 regnum
1139 1335 1392 1399 catlorum
1442 1352 1865 1407 consequamur,
1901 1335 2055 1403 hujus

472 1448 738 1516 pr:ecipue
765 1439 997 1496 mandati
1023 1437 1190 1508 gratia
1219 1443 1275 1490 et
1303 1443 1538 1488 nostrum
1564 1439 1620 1485 et
1647 1429 1930 1482 liberorum
1961 1440 2056 1477 eu-

473 1556 585 1594 ram
604 1549 871 1608 geramus,
897 1549 960 1586 uc
981 1529 1208 1585 sordidis
1227 1524 1558 1582 vestimentis
1579 1521 1743 1576 induti
1775 1520 1825 1572 iu
1850 1517 2059 1585 nuptias

475 1631 596 1683 illas
642 1625 946 1698 Spiritualcs
989 1625 1247 1676 intremus
1272 1659 1287 1683 ,
1314 1615 1407 1672 sed
1437 1629 1558 1669 cum
1590 1609 1779 1665 ﬁducia
1821 1608 2060 1662 fruamur

481 1721 684 1776 honore
708 1760 724 1784 ,
753 1716 846 1788 qui
870 1713 1042 1784 dignis
1067 1720 1149 1767 est
1173 1711 1281 1764 illic
1309 1716 1609 1763 reservatus
1634 1722 1646 1756 :
1675 1717 1833 1772 quem
1861 1700 2059 1753 utinam

479 1825 667 1865 omnes
695 1819 1042 1875 assequamur
1061 1845 1076 1866 ,
1103 1801 1269 1874 gratia
1299 1807 1354 1853 et
1381 1795 1703 1866 benignitate
1733 1789 1938 1845 Domini
1966 1802 2062 1841 no-

479 1903 578 1958 stri
613 1901 736 1956 Jesu
764 1897 995 1960 Christi,
1018 1909 1113 1964 per
1141 1906 1297 1962 quem
1325 1899 1378 1943 et
1401 1903 1521 1942 eum
1550 1899 1654 1955 quo
1687 1883 1827 1938 Patri
1855 1879 2019 1950 gloria
2044 1918 2057 1939 ,

483 1997 652 2049 honor
671 2035 685 2057 ,
715 1989 992 2060 imperium
1015 2027 1030 2052 ,
1061 1999 1164 2039 una
1189 1997 1309 2037 cum
1341 1979 1542 2048 Spiritu
1585 1984 1766 2029 sancto
1787 2014 1802 2041 ,
1844 1985 1986 2026 nunc
2010 1979 2065 2024 et

485 2101 716 2155 semper,
748 2094 802 2137 et
827 2083 878 2135 in
909 2079 1100 2134 saecula
1130 2074 1466 2132 surculorum.
1495 2074 1684 2124 Amen.

1120 2206 1348 2264 SERMO
1379 2205 1442 2259 ll.

487 2330 565 2386 De
584 2330 684 2397 ﬁde
710 2328 883 2387 Annus,
912 2325 1069 2391 deque
1088 2318 1433 2391 philosophia,
1462 2315 1556 2368 hoc
1584 2323 1675 2377 est,
1707 2310 1863 2364 animi
1890 2307 2065 2362 mode-

558 2423 750 2474 ratione
774 2461 788 2481 ,
811 2428 856 2470 et
885 2415 1125 2469 modestia
1160 2412 1320 2482 ipsius
1343 2451 1359 2475 ,
1387 2418 1433 2462 et
1469 2408 1530 2459 de
1573 2406 1758 2458 honore
1800 2401 2068 2473 deferendo

559 2512 918 2574 sacerdotibus;
936 2519 978 2561 et
1005 2505 1137 2576 quod
1159 2514 1263 2558 tum
1287 2504 1340 2555 in
1361 2501 1524 2562 initio,
1545 2509 1650 2551 tum
1673 2499 1726 2550 in
1751 2496 1850 2564 [ine
1869 2492 2070 2564 prandii

564 2605 628 2657 sit
657 2602 927 2656 orandum.

565 2720 616 2771 l.
653 2713 889 2785 Eﬂicacia
919 2709 1162 2766 orationis
1187 2705 1418 2775 exemplo
1449 2705 1608 2756 Amm:
1632 2701 1899 2770 probatur;
1927 2697 2073 2750 Anna

497 2809 645 2864 simul
675 2817 832 2860 mater
857 2815 901 2857 et
929 2812 1086 2872 pater.
1114 2829 1186 2841 —-
1211 2798 1351 2853 Nihil
1385 2793 1670 2866 precationi
1703 2807 1797 2861 par
1842 2797 1956 2853 est,
1987 2802 2074 2842 ca-

502 2901 696 2957 rissimi
722 2939 736 2962 ,
761 2911 932 2966 neque
975 2892 1260 2964 quidquam
1308 2888 1412 2943 fide
1457 2885 1745 2956 potentius.
1782 2881 2076 2950 Utrumque

503 2992 657 3047 nobis
685 3004 855 3058 nuper
877 2985 1168 3042 declaravit
1192 2987 1346 3038 Anna
1371 2997 1388 3036 :
1410 2995 1530 3035 cum
1565 2977 1647 3031 his
1675 2977 1815 3030 enim
1844 2973 2078 3028 muneri-

501 3087 598 3141 bus
641 3081 900 3138 accedeus
937 3079 1004 3133 ad
1041 3078 1207 3132 Deum
1231 3117 1246 3142 ,
1282 3074 1460 3129 omnia
1505 3087 1626 3142 qua:
1671 3069 1840 3124 voluit
1879 3065 2073 3122 effecit.

499 3177 770 3249 Siquidem
810 3184 865 3229 et
908 3181 1154 3226 naturam
1195 3167 1430 3223 sterilem
1480 3163 1758 3228 correxit,
1786 3171 1842 3215 et
1866 3160 2076 3214 vulvam

501 3287 622 3342 qua:
663 3278 780 3324 erat
805 3267 1054 3322 conclusa
1083 3261 1333 3332 aperuit,
1359 3268 1413 3313 et
1453 3258 1704 3327 probrum
1744 3254 1997 3316 sustulit,
2028 3258 2082 3304 et

503 3362 741 3421 convicia
767 3357 972 3416 tantula:
1009 3354 1290 3417 dissolvit,
1322 3367 1483 3421 seque
1521 3349 1688 3418 ipsam
1729 3345 1796 3398 ad
1840 3357 2083 3413 magnam

506 3457 736 3515 restituit
782 3454 1065 3517 fiduciam,
1094 3449 1218 3504 dum
1255 3461 1288 3501 e
1334 3454 1482 3515 petra
1536 3436 1839 3509 infrugifera
1885 3436 2083 3506 spicam

509 3549 731 3606 messuit
753 3552 1074 3600 comantem.
1103 3539 1302 3596 Omnes
1326 3535 1546 3590 audistis
1573 3530 1838 3600 quomodo
1863 3528 2082 3590 ﬂeverit,

507 3637 772 3712 quomodo
817 3643 1026 3704 precata
1072 3630 1179 3694 sit,
1219 3625 1486 3696 quomodo
1528 3622 1694 3676 orarit
1728 3627 1782 3673 et
1819 3618 2086 3673 exorarit:

509 3710 773 3800 concepit,
803 3725 1030 3798 peperit,
1059 3722 1303 3778 educavit
1321 3726 1374 3774 et
1402 3713 1735 3772 consecravit
1761 3710 2085 3766 Samuelem.

515 3797 694 3892 Itaque
723 3834 827 3874 non
852 3813 1109 3872 aberrarit
1133 3852 1150 3876 ,
1178 3811 1266 3880 qui
1296 3809 1435 3863 hanc
1454 3805 1733 3861 mulierem
1759 3800 1908 3871 pueri
1933 3797 2089 3853 simul

510 3925 565 3968 et
591 3889 812 3969 matrem
843 3918 897 3962 et
928 3914 1130 3976 patrem
1155 3900 1453 3972 appellarit.
1485 3898 1812 3964 Quamquam
1838 3892 1980 3947 enim
2011 3889 2092 3943 vir

513 4005 788 4061 addiderat
829 4014 1047 4062 semen,
1077 3997 1232 4064 hujus
1275 4003 1449 4047 tamen
1495 3987 1728 4058 precatio
1765 3986 1869 4039 vim
1914 3982 2094 4038 efﬁca-

513 4099 754 4164 ciamque
777 4090 964 4148 semini
995 4087 1220 4158 praebuit
1239 4122 1254 4150 ,
1283 4083 1562 4150 effecitque
1586 4089 1645 4132 ut
1670 4076 1884 4133 Samuel
1931 4075 2096 4129 hone-

516 4187 770 4242 stioribus
807 4179 1042 4236 exordiis
1081 4184 1408 4232 nasceretur.
1449 4171 1631 4239 Neque
1673 4169 1814 4223 enim
1863 4167 2000 4220 sicut
2043 4166 2093 4218 iu

515 4278 724 4334 exteris
791 4269 1093 4326 hominibus
1147 4280 1365 4336 somnus
1417 4269 1473 4317 et
1529 4273 1846 4329 congressus
1895 4265 2096 4311 tantum

519 4375 791 4438 parentum
816 4403 831 4428 ,
869 4373 1054 4416 verum
1111 4369 1295 4426 preces
1318 4395 1334 4419 ,
1367 4352 1650 4422 laerymae,
1697 4348 1934 4417 fidesque
1987 4346 2102 4400 fue-

518 4467 643 4514 runt
687 4454 843 4524 hujus
870 4448 1224 4522 generationis
1264 4442 1517 4516 principia
1541 4484 1557 4509 ,
1583 4455 1754 4512 eoque
1791 4439 1999 4494 caeteris
2034 4438 2102 4492 il-

521 4549 820 4604 lustriorem
865 4542 1049 4596 habuit
1087 4548 1262 4593 ortum
1321 4535 1576 4605 propheta
1601 4573 1616 4597 ,
1659 4541 1876 4602 propter
1918 4529 2102 4584 matris

523 4641 681 4695 fidem
723 4645 894 4690 natus.
925 4631 1048 4686 Ideo
1090 4628 1156 4683 de
1185 4628 1282 4682 hac
1308 4628 1530 4680 muliere
1564 4625 1684 4692 jure
1714 4622 1831 4692 quis
1866 4620 2058 4674 dixerit
2086 4636 2098 4670 :

526 4732 624 4798 Qui
648 4728 894 4784 seminam
920 4726 972 4778 in
1003 4720 1258 4791 lacrymis,
1285 4719 1339 4771 in
1363 4717 1696 4772 exsultatione
1719 4721 1898 4768 metent
1927 4711 2101 4781 (Psal.

524 4823 648 4878 ηδ.
672 4821 751 4888 5).
781 4819 930 4873 Hanc
965 4814 1278 4870 aemulemur
1314 4810 1434 4873 viri,
1470 4808 1606 4861 hanc
1645 4806 1918 4859 imitentur
1952 4802 2105 4856 femi-

530 4930 652 4968 nae:
685 4925 807 4964 nam
851 4908 1124 4974 utriusque
1165 4916 1324 4956 sexus
1351 4899 1600 4970 magistra
1630 4906 1714 4951 est
1740 4895 1948 4950 mulier.
1979 4893 2107 4959 Qua:

527 5006 741 5062 steriles
783 5011 907 5056 sunt
932 5042 945 5065 ,
982 5014 1050 5053 ne
1096 4997 1416 5066 desperent:
1444 5007 1563 5062 quae
1600 4999 1795 5044 matres
1833 4996 1991 5052 sunt,
2031 4986 2110 5040 sic

529 5100 759 5156 educent
800 5101 952 5147 natos
997 5090 1232 5153 liberas;
1262 5086 1357 5142 sed
1403 5099 1589 5138 omnes
1635 5081 1792 5137 simul
1839 5080 2110 5135 imitemur

528 5187 768 5245 mulieris
782 5180 1189 5255 philoSOphiam,
1208 5193 1364 5247 quam
1380 5177 1561 5231 habuit
1576 5184 1698 5229 ante
1713 5181 1941 5245 partum,
1956 5171 2111 5233 fidem

533 5295 691 5352 quam
746 5273 930 5330 habuit
982 5275 1035 5325 itt
1083 5279 1236 5339 partu
1273 5308 1288 5330 ,
1338 5267 1675 5334 studiumque
1728 5263 1869 5333 quod
1933 5261 2115 5316 habuit

539 5383 658 5445 post
693 5379 921 5440 partum.
949 5361 1087 5431 Quid
1113 5361 1253 5416 enim
1287 5373 1406 5414 esse
1444 5357 1610 5426 possit
1635 5356 1722 5409 illa
1751 5354 1973 5408 muliere
1998 5368 2112 5406 ma-

536 5441 618 5536 gis
680 5457 1101 5530 philosophicum
1127 5494 1143 5519 ,
1192 5464 1311 5521 qua:
1353 5447 1709 5502 calamitatem
1750 5443 1884 5498 adeo
1929 5441 2120 5497 intole-

540 5532 761 5608 rabilem
801 5545 1008 5620 placide
1056 5542 1364 5610 fortiterque
1392 5538 1548 5602 tulit,
1581 5550 1680 5591 nec
1714 5534 1856 5604 prius
1884 5532 2118 5598 destitit,

540 5646 712 5699 donec
749 5655 866 5695 eam
895 5635 1195 5692 molestiam
1223 5630 1493 5693 discussit,
1521 5625 1754 5695 malique
1784 5624 1943 5678 linem
1966 5637 2120 5691 repe-

453 5724 466 5737 ’
543 5736 651 5799 rit,
680 5741 795 5787 tum
843 5725 1244 5790 admirandum,
1287 5732 1399 5777 tum
1451 5716 1854 5780 incredibilem,
1892 5713 2033 5768 nullo
2088 5727 2119 5767 e

1125 320 1180 374 S.
1220 316 1496 374 JOANNIS
1534 308 2004 370 CHRYSOSTOMI
2047 306 2358 362 ARCHIEP.
2389 303 2918 362 CONS‘I’ANTINOP.

3626 301 3730 356 6M

2158 419 2382 472 terrenis
2407 417 2575 472 accito
2601 417 2844 485 adjutore
2872 425 2924 469 et
2951 412 3308 483 opitulatura?
3339 411 3565 466 Noverat
3589 414 3734 466 enim

2153 511 2532 564 humanitatem
2565 508 2790 570 Domini,
2816 519 2986 575 eoque
3013 504 3126 559 sola
3153 503 3302 557 illum
3327 502 3557 569 adiit,-et
3581 505 3735 570 quid-

2154 603 2267 672 quit
2282 603 2445 656 voluit
2460 601 2774 670 impetravit.
2795 598 2976 668 Neque
2990 597 3134 652 enim
3149 595 3438 650 humanum
3455 596 3734 661 auxilium,

2154 694 2249 750 sed
2277 694 2510 748 divinam
2535 693 2757 763 gratiam
2784 689 3086 760 requirebat
3113 688 3254 742 illius
3280 688 3509 742 tristitiae
3547 701 3737 742 corre-

2154 789 2260 842 ctio
2284 805 2296 838 :
2318 801 2379 841 ea
2399 786 2541 841 enim
2572 801 2676 839 non
2708 783 3022 838 nascebatur
3048 796 3112 836 ex
3135 781 3340 850 jactura
3369 780 3738 848 pecuniarum.

2157 875 2211 931 ut
2260 878 2450 947 aliquis
2488 876 2648 929 allato
2689 889 2821 927 auro
2863 873 3090 926 dilueret
3133 885 3387 941 angorem
3416 887 3432 926 :
3457 886 3632 939 neque
3674 886 3742 924 ex

2155 968 2376 1023 adversa
2403 967 2642 1036 corporis
2669 965 2967 1017 valetudine
2989 1005 3001 1028 ,
3031 972 3086 1015 ιιι
3113 961 3299 1016 accitis
3339 961 3558 1015 medicis
3590 975 3742 1014 mor-

2161 1059 2285 1112 bum
2315 1069 2493 1124 posset
2523 1057 2753 1125 abigere.
2788 1054 2983 1108 Natura
3011 1062 3128 1107 erat
3152 1054 3289 1106 male
3317 1051 3505 1106 all'ecta
3529 1094 3546 1118 ,
3576 1053 3743 1106 caele-

2159 1160 2296 1206 stem
2334 1165 2550 1204 manum
2591 1148 2917 1203 desiderans.
2972 1147 3154 1216 quue
3195 1160 3326 1200 sane
3362 1146 3747 1216 praetermissis

2159 1244 2408 1298 omnibus
2428 1243 2676 1307 terrenis,
2708 1241 2773 1295 ad
2805 1249 3009 1294 natura:
3041 1239 3322 1294 Dominum
3345 1237 3608 1308 confugit,
3639 1254 3748 1291 nec

2162 1339 2307 1406 prius
2332 1336 2553 1401 destitit,
2583 1350 2743 1405 quam
2772 1334 2923 1388 illum
2946 1341 3213 1398 exoraret,
3247 1341 3304 1388 ut
3328 1332 3612 1386 orbitatem
3642 1332 3752 1386 to]-

2164 1432 2316 1496 leret,
2345 1445 2408 1484 ac
2425 1430 2640 1484 vulvam
2662 1428 2912 1497 aperiret,
2931 1441 3067 1496 eque
3087 1425 3251 1479 sterili
3275 1424 3473 1481 faceret
3495 1434 3746 1478 matrem.

2164 1523 2344 1592 Itaque
2365 1523 2517 1577 beata
2542 1529 2625 1576 est
2649 1530 2704 1575 et
2731 1520 2799 1575 ob
2827 1519 2947 1586 hoc,
2977 1533 3084 1572 non
3113 1518 3252 1587 quod
3279 1526 3451 1572 mater
3475 1516 3608 1571 facta
3635 1519 3747 1580 sit,

2165 1615 2260 1669 sed
2287 1614 2450 1684 quod,
2473 1628 2594 1668 cum
2620 1627 2724 1666 non
2750 1620 2913 1674 esset,
2938 1610 3071 1665 facta
3099 1612 3186 1664 sit.
3212 1609 3483 1679 Siquidem
3509 1609 3635 1663 illud
3662 1621 3752 1664 est

2167 1715 2369 1760 natura:
2390 1719 2671 1760 commune
2693 1746 2707 1767 ,
2739 1702 2841 1756 hoc
2869 1712 3046 1756 autem
3084 1712 3198 1756 erat
3235 1702 3488 1756 eximium
3534 1700 3751 1756 femine

2167 1799 2435 1853 meritum.
2467 1798 2628 1851 Beata
2656 1795 2869 1865 quidem
2901 1795 3056 1863 igitur
3083 1802 3137 1847 et
3166 1801 3381 1861 propter
3411 1793 3562 1846 nixus
3591 1793 3744 1856 illos,

2169 1889 2513 1943 nihilominus
2539 1896 2714 1942 tamen
2742 1885 2892 1939 beata
2923 1892 3137 1953 pr0pter
3162 1882 3336 1936 omnia
3367 1883 3452 1935 illa
3479 1898 3598 1951 quze
3627 1897 3749 1951 par—

2167 1991 2284 2035 tum
2312 1989 2719 2050 prazeesseruut.
2750 1977 2908 2033 Scitis
2931 1976 3074 2030 enim
3111 1974 3350 2044 profecto
3379 1991 3563 2030 onutes
3586 2018 3600 2035 .
3634 1978 3751 2032 sive

2171 2073 2457 2135 mulieres,
2486 2071 2598 2124 sive
2644 2069 2780 2134 viri,
2807 2067 2937 2124 nihil
2978 2068 3194 2137 gravius
3236 2078 3328 2121 aut
3368 2067 3750 2122 intolerabilius

2171 2164 2414 2219 accidere
2441 2177 2596 2233 posse
2626 2161 2834 2216 femina:
2853 2201 2868 2226 ,
2891 2175 3047 2230 quam
3087 2169 3143 2212 ut
3176 2158 3356 2213 liberis
3378 2167 3590 2222 careat;
3617 2158 3752 2213 adeo

2174 2265 2231 2309 ιιι
2253 2256 2296 2309 si
2323 2254 2469 2309 mille
2491 2252 2928 2323 prosperitatibus
2953 2251 3149 2320 alioqui
3170 2248 3395 2315 fruatur,
3417 2249 3655 2303 dolorem
3681 2264 3752 2302 ex

2175 2349 2278 2402 hoc
2304 2348 2524 2401 vulnere
2551 2355 2730 2400 natum
2760 2359 3046 2414 numquam
3077 2357 3143 2397 ex
3171 2343 3351 2396 animo
3372 2341 3547 2395 valeat
3569 2341 3754 2410 depel-

2177 2439 2306 2493 lere.
2336 2438 2486 2507 Quod
2515 2439 2558 2492 si
2594 2437 2644 2490 id
2673 2450 2812 2490 nunc
2838 2435 2969 2490 adeo
2994 2441 3078 2489 est
3109 2431 3514 2495 intolerandum,
3539 2447 3658 2486 cum
3684 2433 3751 2485 ad

2179 2531 2437 2599 majorem
2463 2529 2848 2599 philosophiam
2874 2526 3047 2580 vocati
3075 2538 3279 2589 sumus,
3309 2539 3534 2592 cumque
3558 2524 3622 2576 ad
3649 2538 3754 2576 cae-

2177 2623 2288 2680 lum
2312 2623 2647 2679 tendentibus
2676 2622 2850 2676 nullus
2879 2629 2962 2675 est
2991 2635 3169 2674 rerum
3205 2618 3540 2688 praesentium
3568 2632 3753 2686 respe-

2177 2732 2318 2781 ctus,
2346 2713 2440 2768 sed
2467 2712 2532 2766 ad
2559 2711 2784 2766 alteram
2807 2710 2974 2765 vitam
2998 2708 3337 2774 adornamur,
3366 2721 3590 2773 eumque
3616 2705 3755 2759 mul-

2181 2806 2249 2862 tis
2291 2804 2536 2859 laudibus
2560 2801 2781 2858 effertur
2810 2800 3084 2872 virginitas
3111 2818 3124 2853 :
3147 2799 3319 2869 cogita
3344 2807 3546 2868 quanta:
3572 2797 3749 2851 infeli-

2181 2897 2360 2954 citatis
2399 2913 2462 2953 ea
2495 2912 2583 2952 res
2622 2896 2733 2950 visa
2774 2904 2883 2948 tum
2931 2892 3109 2956 fuerit,
3142 2907 3264 2946 cum
3289 2890 3580 2945 futurorum
3607 2889 3750 2942 nulla

2167 2998 2326 3045 esset
2349 3003 2496 3060 spes,
2523 3002 2586 3042 ac
2627 3002 2693 3041 ne
2713 2985 2962 3056 cogitatio
2985 2984 3195 3054 quidem
3215 2981 3485 3038 veteribus
3502 2981 3606 3035 illis
3622 3020 3636 3045 ,
3661 2978 3760 3033 sed

2183 3082 2361 3136 omnia
2389 3082 2576 3134 tierent
2603 3093 2780 3132 rerum
2809 3075 3148 3146 praesentium
3174 3075 3344 3143 gratia
3370 3091 3381 3126 :
3407 3087 3527 3126 cum
3549 3070 3603 3126 id
3629 3080 3761 3124 tent-

2186 3173 2331 3244 poris
2369 3171 2605 3226 sterilem
2640 3180 2694 3224 et
2725 3169 2910 3224 orbam
2954 3182 3076 3223 esse
3110 3167 3381 3232 feminam,
3408 3165 3765 3220 damnationis

2188 3277 2369 3324 notam
2395 3265 2577 3321 ferret.
2610 3263 2775 3318 Nemo
2803 3262 2972 3331 possit
2999 3261 3175 3330 eloqui
3201 3301 3216 3324 ,
3245 3273 3346 3314 nec
3376 3258 3489 3313 ullo
3518 3272 3769 3312 sermone

2187 3358 2442 3427 consequi
2463 3355 2662 3412 doloris
2683 3351 3099 3423 magnitudinem
3117 3368 3180 3406 ex
3205 3352 3305 3404 hoc
3320 3350 3539 3405 vulnere
3559 3349 3772 3404 venien-

2193 3452 2280 3506 tis.
2311 3451 2498 3505 Testes
2539 3463 2668 3502 vero
2714 3455 2838 3501 sunt
2887 3445 3100 3500 femina:
3122 3485 3137 3509 ,
3166 3459 3282 3513 quae
3320 3458 3444 3497 cum
3481 3443 3536 3496 in
3563 3441 3772 3496 cmteris

2192 3559 2401 3600 omnem
2422 3539 2760 3595 exhibuerint
2784 3537 3178 3608 philosOphiam
3196 3577 3210 3601 ,
3241 3534 3378 3589 hanc
3408 3533 3774 3588 infelicitatem

2195 3649 2301 3688 non
2349 3633 2702 3704 pertulerunt-
2727 3643 2880 3700 mquo
2918 3628 3138 3691 animo;
3164 3625 3258 3681 sed
3284 3625 3525 3694 quaedam
3568 3623 3774 3677 maritis

2196 3725 2485 3794 indignatae
2516 3729 2669 3787 sunt,
2700 3720 2820 3776 alia:
2845 3718 2948 3774 sibi
2971 3719 3136 3773 vitam
3159 3716 3467 3786 judicarunt
3489 3729 3610 3770 esse
3636 3713 3774 3782 inju-

2195 3815 2445 3872 cundam.
2493 3814 2639 3869 lianc
2675 3827 2804 3868 vero
2842 3811 3096 3866 feminam
3145 3823 3250 3862 non
3281 3807 3520 3864 anxietas
3553 3804 3714 3860 modo
3743 3819 3774 3857 a

2197 3907 2478 3963 sterilitate
2508 3905 2826 3974 proveniens
2844 3945 2859 3968 ,
2882 3918 3070 3957 verum
3095 3910 3150 3956 et
3176 3899 3320 3955 aliud
3347 3896 3598 3968 quiddam
3627 3896 3776 3950 obsi-

2201 3999 2360 4054 debat
2406 3998 2635 4063 malum,
2668 3997 2745 4050 ira
2797 3993 3043 4049 videlicet
3084 4001 3300 4062 propter
3341 3989 3546 4045 aemulae
3587 4001 3777 4057 oppro-

2199 4090 2335 4146 bria.
2364 4090 2431 4144 Et
2467 4089 2606 4143 sicut
2630 4088 2802 4142 ventis
2846 4102 2910 4140 ex
2949 4085 3174 4139 adverso
3220 4085 3360 4138 inter
3404 4096 3523 4137 sese
3559 4095 3778 4136 concur-

2201 4181 2473 4248 rentibus,
2522 4177 2857 4247 mediamque
2901 4176 3185 4247 scapham,
3238 4175 3364 4229 dum
3412 4173 3551 4228 inter
3589 4187 3651 4228 se
3683 4170 3777 4226 de-

2201 4281 2471 4344 pugnant,
2498 4269 2904 4340 corripientibus
2922 4309 2938 4333 ,
2979 4283 3042 4323 ac
3067 4268 3248 4322 multis
3269 4266 3515 4321 ﬂuctibus
3540 4265 3726 4334 partim
3748 4277 3781 4317 a

2207 4381 2400 4436 prora,
2443 4363 2634 4433 partim
2690 4376 2720 4414 a
2774 4361 2933 4430 puppi
2991 4357 3418 4429 insurgentibus,
3461 4355 3784 4425 gubernator

2205 4457 2356 4512 clavo
2386 4453 2626 4508 assidens
2664 4460 2841 4506 servat
2867 4451 3043 4504 navim
3069 4491 3083 4516 ,
3113 4449 3371 4504 undarum
3412 4447 3655 4500 incursus
3683 4461 3784 4515 gu-

2207 4547 2464 4604 bernandi
2511 4544 2788 4615 prudentia
2836 4543 3112 4613 depellens
3158 4559 3171 4595 :
3215 4541 3291 4595 sic
3341 4549 3396 4594 et
3439 4538 3631 4594 mulier
3673 4548 3786 4592 tttm

2209 4641 2321 4708 illa,
2347 4653 2468 4693 cum
2512 4638 2589 4691 ira
2637 4645 2692 4690 et
2733 4650 2897 4704 angor
2937 4651 3033 4688 ceu
3079 4631 3218 4686 κυρηιὶ
3264 4632 3314 4684 in
3351 4629 3586 4684 animum
3626 4629 3776 4698 ipsius

2211 4732 2446 4787 facerent
2467 4731 2742 4798 impetum,
2772 4728 3028 4780 rationem
3067 4725 3207 4778 illitis
3228 4720 3629 4793 perturbantes,
3660 4720 3765 4774 nml

2216 4834 2402 4893 tosque
2449 4823 2638 4876 fluctus
2677 4820 3008 4882 excitarem,
3041 4833 3146 4870 non
3187 4817 3298 4885 jam
3336 4813 3550 4869 biduum
3581 4820 3672 4866 aut
3700 4811 3764 4864 tri

2213 4914 2414 4979 duum,
2457 4922 2548 4967 aut
2593 4911 2708 4966 dies
2751 4911 2978 4979 viginti,
3021 4907 3113 4962 sed
3151 4919 3207 4961 et
3247 4916 3386 4966 totos
3422 4918 3590 4960 annos
3619 4904 3639 4976 (
3672 4917 3786 4956 nan.

2217 5007 2357 5072 hoc,
2407 5015 2468 5059 ut
2512 5004 2587 5058 ait
2623 5002 2894 5071 Scriptura
2920 5041 2934 5064 ,
2981 4999 3150 5054 multo
3195 5007 3438 5068 tempore
3476 4995 3672 5051 factum
3714 5001 3792 5049 est

2221 5097 2295 5170 [l.
2324 5096 2459 5168 Reg.
2508 5097 2561 5150 l.
2613 5093 2692 5165 7])
2739 5094 2946 5148 fortiter
2989 5090 3204 5160 pertulit
3249 5095 3654 5156 tempestatem,
3700 5100 3791 5140 nec

2220 5203 2374 5257 passa
2409 5196 2492 5242 est
2533 5185 2792 5240 rationem
2831 5181 3086 5250 demergi.
3134 5178 3410 5249 Siquidem
3453 5177 3545 5231 Dei
3591 5175 3753 5230 timor
3777 5215 3793 5239 ,

2223 5291 2485 5347 tamquam
2514 5276 2797 5330 nauclerus
2820 5271 3192 5342 gubernaculis
3228 5268 3501 5332 assidens,
3533 5264 3796 5336 persuasit

2223 5387 2340 5427 eam
2370 5376 2740 5440 tempestatem
2782 5379 2974 5434 magno
3009 5364 3190 5417 animo
3229 5359 3600 5432 perferendam
3640 5371 3799 5420 esse;

2227 5476 2325 5515 nec
2376 5459 2522 5529 prius
2563 5457 2766 5512 destitit
2791 5465 3028 5510 mentem
3074 5451 3222 5506 illius
3257 5451 3563 5522 gubernare
3585 5488 3598 5512 ,
3631 5446 3802 5502 donec

2227 5552 2279 5606 iu
2311 5548 2650 5619 tranquillum
2695 5546 2984 5600 adduceret
3019 5553 3234 5613 portum
3273 5556 3460 5596 navem
3497 5556 3661 5597 onere
3688 5539 3802 5609 ple-

2229 5657 2373 5706 nam,
2398 5640 2619 5702 hoccst,
2643 5647 2851 5692 uterum
2872 5635 3102 5705 pretioso
3126 5632 3380 5688 thesauro
3410 5643 3686 5689 onustum.
3704 5627 3804 5684 Ne.

2232 5748 2333 5802 que
2347 5732 2487 5786 enim
2510 5745 2694 5786 aurum
2718 5735 3062 5798 argentumve
3085 5723 3348 5797 portabat,
3370 5723 3468 5779 sed
3499 5719 3808 5794 prophetam
