4094 6256
366 494 459 551 καὶ
505 491 641 562 μετά
674 491 849 561 γάμον
892 492 1027 561 πρὸς
1075 490 1173 553 τὰς
1216 489 1624 561 ὲταιριζομένας
1670 495 1930 559 γυναῖκας

364 577 666 646 τρέχουσιν,
700 575 885 643 ἐπειδὴ
912 574 1017 645 πρὸ
1042 574 1134 626 τοῦ
1158 575 1334 644 γάμου
1365 577 1661 643 σωφρονεῖν
1690 577 1789 628 οὐκ
1812 578 1937 645 ἐμε-

367 660 617 728 λέτησαν.
657 656 929 709 Ἐντεῦθεν
968 656 1156 727 μάχαι,
1198 657 1289 709 καὶ
1316 657 1595 726 λοιδορίαι,
1632 660 1723 712 καὶ
1749 659 1935 711 οἰκιῶν

364 741 687 809 ἀνατροπαὶ,
718 739 810 792 καὶ
830 740 1183 811 καθημερινοὶ
1212 740 1455 811 πόλεμοι⁸
1488 740 1732 794 ἐντεῦθεν
1752 744 1780 794 ὁ
1802 741 1936 811 πρὸς

365 824 464 894 τὴν
488 826 717 890 γυναῖκα
736 824 869 892 ἔρως
893 823 1119 894 ὑπορρεῖ
1145 824 1236 877 καὶ
1260 824 1599 895 μαραίνεται,
1619 824 1719 893 τῆς
1741 826 1796 875 ἐν
1826 827 1937 887 τοῖς

368 906 638 976 πορνείοις
656 907 866 974 ὁμιλίας
894 905 1188 978 ἐκλυούσης
1215 906 1394 961 αὐτόν.
1414 906 1499 968 Ὠς
1525 907 1618 959 ἐάν
1643 909 1938 976 σωφρονεῖν

372 989 537 1059 μάθῃ,
576 988 791 1040 πάντων
822 988 1197 1059 ποθεινοτέραν
1225 988 1323 1059 τὴν
1353 988 1515 1040 αὐτοῦ
1552 991 1780 1056 γυναῖκα
1800 989 1937 1058 ήγή-

370 1088 518 1123 σεται
542 1071 656 1133 ,καὶ
676 1070 812 1141 μετά
832 1071 1029 1139 πολλῆς
1050 1072 1217 1141 αὐτὴν
1244 1071 1428 1139 ὄψεται
1458 1070 1557 1139 τῆς
1588 1070 1818 1135 εὐνοίας,
1844 1072 1938 1124 καὶ

370 1153 569 1224 πολλὴν
591 1154 727 1223 πρὸς
754 1154 919 1223 αὐτὴν
947 1155 1173 1224 τηρήσει
1208 1154 1303 1223 τὴν
1332 1154 1603 1223 ὁμόνοιαν,
1636 1155 1857 1225 εἰρήνης
1882 1154 1938 1207 δὲ

368 1238 534 1308 οὔσης
582 1237 674 1289 καὶ
724 1237 993 1306 ὁμονοίας,
1033 1240 1207 1289 πάντα
1252 1240 1330 1299 είς
1376 1238 1473 1307 τὴν
1512 1237 1689 1289 οίκίαν
1726 1237 1939 1306 ἐκείνην

369 1321 728 1374 εἰσελεύσεται
757 1322 825 1374 τά
852 1321 1048 1390 ἀγαθά.
1074 1322 1171 1373 ”Ιν’
1202 1318 1294 1374 οὖν
1321 1322 1413 1373 καὶ
1439 1320 1503 1373 τὰ
1536 1319 1767 1372 ἐνταῦθα
1791 1318 1873 1390 [71
1891 1319 1937 1391 Ι]

368 1406 500 1474 ἡμῖν
543 1403 723 1467 καλῶς
762 1405 1133 1475 οἰκονομῆσαι,
1169 1406 1261 1456 καὶ
1297 1403 1434 1474 μετὰ
1463 1404 1664 1455 τούτων
1703 1405 1797 1456 καὶ
1838 1403 1938 1471 τῆς

369 1487 646 1556 βασιλείας
677 1488 783 1540 τῶν
806 1486 1047 1558 οὐρανῶν
1068 1488 1432 1557 ὲπιτύχωμεν,
1464 1488 1555 1540 καὶ
1585 1485 1740 1557 ήμῶν
1762 1486 1938 1540 αὐτῶν

368 1570 465 1622 καὶ
488 1570 597 1622 τῶν
628 1571 853 1623 παιδίων
886 1571 1223 1641 προνοῶμεν,
1246 1570 1447 1641 ταύτης
1488 1571 1671 1623 ἕνεκεν
1705 1570 1937 1640 μάλιστα

363 1652 464 1721 τῆς
482 1652 717 1722 ἐντολῆς,
741 1654 887 1717 ὅπως
917 1653 988 1723 μὴ
1025 1654 1240 1723 ῥυπαρά
1269 1653 1599 1723 ἐνδεδυμένοι
1623 1654 1833 1724 ἱμάτια,
1860 1655 1939 1715 εἰς

362 1735 456 1787 τὸν
481 1735 841 1806 πνευματικὸν
864 1737 1066 1788 ἐκεῖνον
1089 1736 1416 1806 εἰσέλθωμεν
1436 1737 1632 1806 γάμον,
1648 1737 1783 1789 ἀλλά
1801 1735 1938 1806 μετά

362 1820 680 1889 παῤῥησίας
717 1818 915 1888 πολλῆς
955 1818 1348 1888 ἀπολαύσωμεν
1391 1818 1490 1888 τῆς
1520 1820 1637 1871 ἐκεῖ
1680 1819 1937 1888 κειμένης

359 1904 478 1965 τοῖς
505 1902 673 1967 ἀξίοις
702 1905 885 1974 τιμῆς·
913 1897 979 1973 ἧς
1002 1904 1209 1970 γένοιτο
1232 1903 1438 1964 πάντας
1465 1904 1611 1972 ἡμᾶς
1640 1904 1936 1972 ἐπιτυχεῖν,

361 1984 546 2057 χάριτι
592 1985 686 2038 καὶ
728 1985 1104 2057 φιλανθρωπίᾳ
1149 1984 1240 2038 τοῦ
1301 1985 1504 2055 Κυρίου
1552 1984 1709 2056 ἡμῶν
1765 1982 1938 2055 Ἰησοῦ

362 2063 626 2137 Χριστοῦ,
660 2069 779 2139 μεθ’
803 2064 864 2122 οὗ
900 2070 1073 2139 Πατρὶ
1116 2069 1261 2132 δόξα,
1292 2068 1446 2138 τιμή,
1484 2070 1703 2138 κράτος,
1742 2069 1837 2120 σὺν
1861 2067 1939 2137 τῷ

360 2151 507 2220 ἁγίῳ
549 2152 842 2221 Πνεύματι.
891 2151 987 2203 νῦν
1034 2152 1125 2204 καὶ
1175 2151 1280 2215 ἀεὶ,
1326 2153 1420 2204 καὶ
1452 2153 1531 2213 εἰς
1568 2151 1693 2214 τους
1738 2151 1939 2213 αἰῶνας

361 2231 475 2287 τῶν
504 2233 734 2287 αἰώνων.
765 2235 957 2304 Ἀμήν.

1002 2380 1218 2433 ΛΟΓΟΣ
1256 2380 1330 2433 B'.

362 2505 475 2569 Εἰς
499 2504 621 2576 ,τὴν
657 2507 865 2576 πίστιν
893 2505 995 2574 τῆς
1032 2507 1279 2575 Ἀννης,
1312 2507 1409 2560 καὶ
1446 2509 1531 2573 εῑς
1560 2508 1673 2575 τὴν
1698 2511 1938 2576 φιλοσο-

432 2575 600 2646 φίαν,
645 2575 744 2628 καὶ
778 2578 872 2646 ,εὶς
910 2576 1022 2642 τὴν
1055 2578 1377 2631 ἐπιείκειαν
1408 2579 1616 2644 αὐτῆς,
1662 2575 1759 2631 καὶ
1804 2580 1935 2646 περὶ

431 2642 547 2710 τῆς
583 2646 669 2715 εἰς
696 2645 836 2710 τοὺς
867 2648 1058 2713 ἱερέας
1092 2646 1287 2715 τιμῆς,
1324 2648 1421 2700 καί
1452 2642 1634 2713 είς-τύ
1676 2648 1803 2701 δεῖν
1836 2642 1934 2701 κὶιὶ

431 2714 808 2783 ἀρχομένους
841 2716 1114 2783 ἀρίστου,
1146 2714 1243 2770 καὶ
1278 2716 1579 2787 λήγοντας
1628 2719 1931 2785 εὔχεσθαι.

433 2879 507 2929 α’.
529 2873 695 2925 Οὐδὲν
731 2874 836 2943 ἄρα
877 2874 988 2926 ἴσον
1021 2874 1209 2944 εὐχῆς,
1227 2878 1520 2947 ἀγαπητοὶ,
1538 2878 1688 2931 οὐδὲν
1707 2879 1937 2943 πίστεως

366 2953 754 3025 δυνατώτερον.
784 2957 840 3006 Ἀ
850 2959 1089 3025 μφὸτερα
1111 2957 1309 3022 ἔδειξεν
1331 2962 1460 3028 ἡμῖν
1480 2964 1513 3030 ἠ
1533 2962 1699 3013 Ἀννα
1726 2961 1935 3031 πρώην’

369 3036 513 3107 μετά
551 3038 656 3107 γάρ
687 3036 889 3089 τούτων
920 3039 1288 3108 προσελθοῦσα
1321 3042 1400 3111 τῷ
1432 3043 1550 3112 Θεῷ
1586 3043 1693 3097 τῶν
1728 3042 1937 3113 δώρων,

366 3121 548 3174 πάντα
587 3121 688 3172 ὅσα
721 3120 979 3189 ἠθέλησεν
1010 3123 1193 3191 ἤνυσε,
1225 3124 1318 3175 καὶ
1348 3124 1507 3191 φύσιν
1538 3126 1939 3197 πεπηρωμένην

363 3201 669 3273 διώρθωσε,
706 3204 800 3256 καὶ
834 3205 1046 3274 μήτραν
1072 3206 1459 3278 κεκλεισμένην
1486 3207 1707 3279 ἀνέῳξε,
1731 3209 1825 3262 καὶ
1850 3211 1937 3262 ai-

364 3286 571 3355 σχύνην
592 3286 787 3349 ἀνεῖλε,
815 3288 908 3339 καὶ
931 3288 997 3341 τὰ
1028 3288 1203 3358 ὀνείδη
1226 3290 1323 3359 τῆς
1347 3290 1630 3364 ἀντιζήλου
1655 3293 1935 3357 κατέλυσε,

364 3366 462 3422 καί⁵
495 3370 629 3440 πρὸς
664 3371 975 3441 παρρησίαν
1006 3373 1203 3444 ἑαυτὴν
1237 3374 1435 3446 πολλὴν
1474 3377 1839 3447 ἐπανήγαγεν,
1874 3380 1940 3430 ἐκ

362 3452 571 3522 πέτρας
602 3452 797 3521 ἀγόνου
830 3455 1028 3524 στάχυν
1057 3456 1307 3526 κομῶντα
1344 3458 1623 3528 θερίσασα.
1658 3462 1769 3514 Καὶ
1799 3461 1936 3514 πάν-

359 3552 457 3597 τες
486 3536 777 3603 ἠκούσατε,
823 3538 938 3601 πῶς
979 3537 1199 3608 ηὔξατο,
1238 3541 1354 3603 πῶς
1387 3542 1577 3613 ᾔτησε,
1626 3545 1719 3596 καὶ⁹
1751 3544 1937 3597 ἔπεισε

366 3621 466 3674 καὶ
486 3618 662 3683 ἔλαϐε,
696 3622 789 3675 καὶ
816 3621 966 3674 ἔτεκε
996 3626 1087 3675 καὶ
1114 3622 1306 3693 ἔθρεψε
1337 3626 1430 3676 καὶ
1456 3626 1686 3697 ἀνέθηκε
1720 3628 1809 3683 τὸν
1830 3629 1935 3679 Σα-

367 3704 562 3771 μουήλ.
602 3702 761 3754 Ὥστε
799 3706 898 3756 οὐκ
936 3706 999 3758 ἄν
1033 3723 1117 3767 τις
1156 3708 1409 3774 ἁμάρτοι,
1444 3709 1651 3778 μητέρα
1677 3710 1810 3777 ὁμοῦ
1845 3713 1937 3763 καὶ

364 3785 581 3853 πατέρα
614 3784 707 3835 τοῦ
736 3786 949 3837 παιδίου
983 3787 1079 3856 τήν
1116 3791 1347 3853 γυναῖκα
1370 3788 1576 3855 ταύτην
1609 3790 1933 3858 προσειπών.

364 3867 433 3921 Εἰ
466 3867 574 3936 γὰρ
610 3868 703 3919 καὶ
742 3869 770 3918 ὁ
799 3869 938 3938 ἀνὴρ
975 3869 1249 3939 ἔσπειρεν,
1275 3870 1407 3920 ἀλλά
1430 3870 1505 3939 τῷ
1536 3870 1808 3939 σπέρματι.
1840 3874 1937 3942 τὴν

360 3950 592 4020 δύναμιν
619 3950 819 4022 ταύτης
846 3952 1115 4023 παρέσχεν
1138 3955 1170 4022 ή
1196 3952 1348 4022 εὐχὴ,
1374 3954 1467 4006 καὶ
1492 3953 1819 4023 σεμνοτέρας
1842 3953 1937 4008 τοῦ

364 4034 621 4105 Σαμουὴλ.
654 4035 750 4097 τάς
783 4035 957 4105 ἀρχὰς
979 4036 1080 4104 τῆς
1103 4038 1405 4106 γεννήσεως
1428 4036 1701 4106 ἐποίησεν.
1730 4037 1805 4089 Οὐ
1830 4036 1937 4109 γὰρ

359 4116 451 4184 δή,
484 4116 733 4187 καθάπερ
758 4118 848 4171 ἐπὶ
880 4118 988 4171 τών
1018 4118 1237 4183 λοιπῶν,
1273 4118 1436 4183 ὕπνος
1466 4119 1559 4172 καὶ
1596 4119 1801 4173 σύνοδοι
1829 4121 1935 4176 τῶν

359 4202 783 4271 γεννησαμένων
840 4203 1017 4272 μόνον,
1068 4202 1177 4255 ἀλλ’
1222 4203 1397 4273 εὐχαὶ,
1442 4202 1536 4255 καὶ
1578 4203 1805 4274 δάκρυα,
1843 4208 1936 4260 καὶ

360 4285 549 4348 πίστις
593 4286 759 4356 ἀρχα).
807 4286 909 4355 τῆς
954 4288 1258 4359 γεννήσεως
1299 4287 1501 4359 ταύτης
1548 4288 1811 4357 ἐγένοντο,
1840 4293 1935 4343 καὶ

361 4369 696 4440 σεμνοτέρας
718 4368 826 4421 τῶν
858 4370 1031 4423 ἄλλων
1054 4371 1176 4440 ἔσχε
1198 4372 1295 4434 τὰς
1324 4371 1487 4438 γονάς
1513 4373 1815 4443 προφήτης,
1847 4373 1934 4427 διὰ

357 4452 465 4521 τὴν
504 4454 682 4505 πίστιν
708 4454 805 4524 τῆς
835 4456 1037 4525 μητρὸς
1058 4453 1315 4522 γεγονώς.
1346 4455 1433 4507 Διὸ
1457 4455 1547 4508 καὶ
1576 4458 1704 4525 περὶ
1733 4456 1933 4527 ταύτης

360 4536 635 4605 εὐκαίρως
670 4535 733 4588 ἄν
770 4554 854 4599 τις
886 4538 1026 4589 εἴποι
1056 4538 1152 4606 τῆς
1175 4538 1446 4605 γυναικός
1492 4542 1554 4591 Ol
1583 4540 1934 4607 σπείροντες

365 4618 441 4672 ἐν
457 4616 768 4685 δάκρυσιν,
791 4619 862 4671 ἐν
888 4619 1239 4688 ἀγαλλιάσει
1274 4620 1559 4687 θεριοῦσι.
1589 4622 1805 4692 Ταύτην
1833 4625 1933 4694 ζη-

367 4700 631 4771 λώσωμεν
659 4700 867 4772 ἄνδρες,
887 4703 1087 4769 ταύτην
1133 4704 1516 4773 μιμησώμεθα,
1534 4709 1807 4774 γυναῖκες·
1841 4709 1932 4760 καὶ

361 4784 477 4855 γάρ
520 4783 776 4855 ἐκατέρου
819 4785 913 4837 τοῦ
948 4786 1135 4853 γένους
1173 4786 1486 4850 διδάσκαλός
1521 4789 1670 4841 ἐστιν
1701 4790 1735 4859 ή
1772 4791 1928 4859 γυνή.

362 4870 529 4921 ’Ὅσαι
572 4872 800 4938 στεῖραι,
850 4870 923 4939 μὴ
959 4871 1466 4941 ἀπαγορευέτωσαν·
1507 4872 1627 4924 ὅσαι
1674 4872 1927 4942 μητέρες,

360 4950 509 5007 οὕτω
552 4952 897 5023 τρεφέτωσαν
941 4953 1199 5023 τεχθέντα
1239 4954 1307 5006 τὰ
1348 4954 1556 5007 παιδίω
1591 4956 1685 5008 καὶ
1732 4956 1929 5019 πάντες

361 5037 693 5108 ζηλώσωμεν
716 5037 816 5107 τῆς
840 5038 1092 5105 γυναικὸς
1114 5039 1211 5109 τὴν
1240 5038 1551 5107 φιλοσοφίαν
1578 5041 1675 5111 τὴν
1706 5040 1812 5112 πρὸ
1832 5042 1927 5094 τοῦ

358 5123 546 5184 τόκου,
582 5120 679 5193 τὴν
714 5122 893 5175 πίστιν
918 5122 1014 5193 τὴν
1050 5124 1105 5175 ἐν
1132 5122 1207 5193 τῷ
1240 5123 1401 5193 τόκῳ,
1435 5124 1533 5194 τὴν
1564 5124 1797 5195 σπουδήν
1830 5126 1928 5195 τὴν

361 5203 506 5275 μετὰ
529 5203 619 5257 τὸν
647 5205 821 5258 τόκον,
846 5204 911 5259 Τί
937 5206 1043 5276 γὰρ
1067 5205 1130 5258 ἂν
1160 5206 1364 5274 γένοιτο
1386 5207 1483 5277 τῆς
1510 5207 1766 5275 γυναικὸς
1788 5208 1931 5261 ὲκεί-

357 5304 462 5357 νης
512 5286 960 5357 φιλοσοφώτερον,
1010 5290 1043 5359 ἢ
1109 5290 1392 5361 συμφορὰν
1442 5289 1613 5353 οῦτως
1656 5292 1927 5363 ἀφόρητον

357 5372 552 5438 πράως
581 5372 778 5442 ήνεγκε
809 5375 901 5426 καὶ
931 5373 1211 5440 γενναίως,
1241 5376 1331 5426 καὶ
1359 5376 1457 5427 οὐκ
1488 5375 1694 5446 ἀπέστη
1728 5378 1923 5447 πρότεο

361 5471 479 5523 ρον,
515 5456 619 5519 ἓως
650 5457 805 5511 ἐλυσε
833 5458 895 5511 τὸ
918 5458 1107 5518 δεινὸν,
1142 5459 1234 5511 καὶ
1262 5457 1356 5510 τοῦ
1399 5458 1568 5512 κακοῦ
1596 5459 1768 5530 πέρας
1799 5455 1924 5531 εὗρε

356 5536 671 5603 θαυμαστὸν
704 5542 798 5593 καὶ
836 5541 1151 5611 παράδοξον,
1189 5541 1375 5596 οὐδένα
1414 5542 1655 5595 κάτωθεν
1686 5542 1924 5596 λαϐοῦσα

358 5617 648 5690 σύμμαχον
677 5624 769 5676 καὶ
803 5625 1023 5695 βοηθόν;
1064 5626 1171 5677 Καὶ
1203 5625 1310 5694 γὰρ
1334 5626 1449 5696 ᾔδει
1474 5625 1571 5697 τήν
1597 5624 1691 5678 τοῦ
1722 5627 1925 5679 Δεσπό-

359 5717 457 5752 του
480 5702 901 5779 φιλανθρωπίαν·
936 5707 1082 5779 [712]
1108 5707 1188 5763 διὸ
1214 5710 1309 5762 καὶ
1339 5708 1475 5778 μόνη
1514 5709 1806 5779 προσῆλθε,
1830 5713 1921 5765 καὶ

361 5784 556 5848 ῆνυσεν
586 5787 720 5849 ὅπερ
740 5789 1018 5857 ἠθέλησεν.
1047 5792 1121 5846 Οὐ
1143 5792 1248 5863 γὰρ
1271 5792 1612 5865 ἀνθρωπίνης
1642 5792 1911 5866 βοηθείας,

1662 375 1747 428 DE
1785 372 1964 429 ANNA
2011 374 2241 431 SERMO
2270 376 2339 431 11.

2023 5742 2099 5788 ἵνα

3496 369 3599 423 644

2036 490 2172 545 ἀλλά
2203 491 2489 563 τῆςθείας
2521 492 2688 543 ἐδεῖτο
2712 490 2929 560 χάριτος
2967 491 2998 559 ή
3032 486 3310 556 διόρθωσις
3344 483 3438 553 τῆς
3467 483 3598 535 ἀθυ-

2036 581 2164 648 μίας
2196 582 2430 652 ἐκείνης·
2470 582 2563 634 καὶ
2592 580 2698 651 γὰρ
2736 581 2835 632 οὐκ
2879 581 2935 637 ἐν
2971 577 3141 648 ζημίᾳ
3186 574 3479 645 χρημάτων
3510 567 3600 642 ἦν.

2032 667 2120 720 ἴνα
2148 685 2229 731 τις
2260 667 2494 735 ἐνεγκὼν
2532 667 2751 738 χρυσίον
2777 666 2913 737 λύσῃ
2961 664 3056 735 τὴν
3096 663 3351 732 ἀθυμίαν’
3399 661 3497 713 οὐκ
3545 662 3602 712 ἐν

2035 756 2281 824 σώματος
2301 756 2599 825 ἀρρωστίᾳ,
2627 755 2711 808 ἵνα
2732 767 2758 794 ει
2784 754 2984 825 ἰατρῶν
3007 749 3362 821 παρακαλέσῃ
3387 750 3601 811 παῖδας,

2034 842 2124 894 καὶ
2153 842 2401 914 ἀπελάσῃ
2428 842 2487 894 τὸ
2520 843 2750 912 νόσημα.
2779 841 2942 903 Φύσις
2976 836 3043 909 ἧν
3088 841 3120 907 ἡ
3157 834 3602 907 ἐπηρεαζομένη,

2032 929 2130 998 τῆς
2164 928 2369 1007 ἀνωθεν
2395 930 2618 999 δεομένη
2650 929 2851 998 χειρός.
2884 928 2974 980 Διὸ
3004 927 3067 997 δὴ
3099 926 3275 979 πάντα
3298 924 3364 976 τά
3390 925 3482 975 ἐπὶ
3504 923 3606 993 γῆς

2032 1019 2250 1085 ἀφεῖσα,
2278 1017 2414 1088 πρὸς
2444 1016 2534 1069 τὸν
2567 1034 2663 1084 της
2700 1017 2911 1082 φύσεως
2953 1015 3152 1084 ἔδραμε
3183 1013 3477 1080 Δεσπότην,
3514 1012 3608 1064 καὶ

2032 1108 2131 1158 οὐκ
2161 1107 2368 1175 ἀπέστη
2402 1106 2681 1175 πρότερον,
2710 1104 2813 1165 ἕως
2839 1102 2904 1155 ἂν
2933 1102 3092 1154 αὐτὸν
3111 1102 3295 1153 ἔπεισε
3324 1099 3483 1151 λῦσαι
3510 1098 3606 1167 τὴν

2034 1193 2308 1256 ἀπαιδίαν,
2344 1194 2437 1246 κάὶ
2470 1192 2564 1261 τὴν
2610 1192 2821 1261 μήτραν
2860 1190 3086 1254 ἀνοῖξαι,
3120 1190 3212 1241 καὶ
3241 1190 3461 1257 ποιῆσαι
3499 1205 3605 1256 μη-

2033 1283 2165 1352 τέρα
2212 1283 2309 1351 τὴν
2337 1285 2575 1352 στεῖραν.
2608 1280 2867 1350 Μακαρία
2900 1280 2996 1349 μὲν
3030 1275 3122 1331 οὖν
3166 1278 3261 1330 καὶ
3300 1277 3388 1330 διὰ
3423 1277 3604 1337 τοῦτο,

2033 1370 2129 1439 οὐχ
2180 1371 2261 1422 ὅτι
2311 1370 2491 1440 μήτηρ
2532 1369 2767 1436 ἐγένετο,
2811 1366 2925 1421 ἀλλ’
2954 1369 3035 1419 ὃτι
3068 1367 3167 1417 οὐκ
3204 1361 3337 1418 οὖσα
3371 1365 3606 1430 ἐγένετο.

2047 1456 2252 1509 Ἐκεῖνο
2290 1454 2388 1524 μὲν
2425 1453 2533 1522 γὰρ
2557 1452 2731 1506 κοινὸν
2760 1453 2859 1521 τῆς
2883 1451 3117 1519 φύσεως,
3146 1448 3302 1501 τοῦτο
3324 1448 3377 1499 δὲ
3405 1448 3609 1517 ἐξαίρε-

2033 1559 2123 1594 τον
2169 1543 2266 1612 τῆς
2301 1540 2557 1609 γυναικὸς
2592 1536 2659 1611 ἦν
2694 1539 3039 1610 κατόρθωμα.
3088 1535 3348 1607 Μακαρία
3390 1535 3483 1604 μὲν
3514 1528 3606 1585 οὖν

2036 1627 2130 1680 καὶ
2163 1627 2249 1679 διὰ
2294 1627 2392 1690 τὰς
2431 1627 2625 1689 ὠδῖνας
2667 1627 2898 1687 ἐκείνας,
2947 1624 3192 1695 μακαρία
3228 1624 3285 1676 δὲ
3313 1624 3410 1691 οὐχ
3447 1617 3607 1692 ἦττον

2035 1717 2127 1768 καὶ
2146 1714 2235 1767 διὰ
2253 1715 2319 1768 τὰ
2351 1715 2455 1787 πρὸ
2476 1714 2583 1768 τῶν
2616 1714 2817 1767 ὠδίνων
2847 1713 3080 1766 ἅπαντα.
3122 1714 3262 1765 Ἱστε
3305 1711 3411 1781 γὰρ
3436 1711 3606 1779 δήπου

2036 1804 2258 1868 πάντες,
2298 1802 2389 1856 καὶ
2416 1804 2690 1870 γυναῖκες,
2724 1802 2814 1852 καὶ
2844 1799 3053 1869 ἄνδρες,
3088 1800 3164 1862 ὡς
3204 1798 3354 1851 οὐδὲν
3399 1799 3608 1867 ἀφορη-

2034 1892 2250 1961 τότερον
2289 1890 2539 1952 ἀπαιδίας
2583 1891 2799 1957 γυναικὶ
2843 1889 3034 1956 γένοιτ’
3072 1887 3157 1940 ἄν·
3189 1886 3324 1939 ἀλλά
3354 1885 3458 1937 κᾶν
3505 1903 3607 1955 μυ-

2039 1978 2215 2047 ριάκις
2248 1977 2274 2016 ι)
2299 1976 2545 2049 ἀπολαύῃ
2567 1975 2664 2044 τῆς
2698 1975 3014 2046 εὐημερίας,
3046 1974 3141 2043 τὴν
3172 1975 3234 2025 ἐκ
3265 1973 3361 2041 τῆς
3398 1966 3608 2042 πληγῆς

2034 2066 2233 2136 ταύτης
2274 2065 2462 2134 ὀδύνην
2494 2065 2846 2134 ἐγγινομένην
2885 2063 3022 2133 αὐτῇ
3069 2062 3167 2114 οὐκ
3206 2061 3271 2114 ἄν
3311 2077 3441 2113 ποτε
3472 2063 3607 2113 ἀπο-

2034 2154 2344 2226 κρούσαιτο.
2398 2153 2460 2205 Εἰ
2516 2152 2572 2206 δὲ
2621 2152 2713 2205 νῦν
2768 2150 2938 2213 οὕτως
2986 2152 3279 2223 ἀφόρητον,
3338 2151 3426 2201 ὅτε
3475 2151 3609 2220 πρὸς

2037 2244 2259 2314 μείζονα
2287 2242 2602 2313 φιλοσοφίαν
2628 2241 2956 2312 ἐκλήθημεν,
2984 2241 3077 2292 καὶ
3104 2239 3235 2311 πρὸς
3264 2237 3354 2289 τὸν
3383 2236 3607 2307 οὐρανὸν

2033 2331 2312 2401 ὁδεύομεν,
2344 2331 2439 2384 καὶ
2466 2330 2621 2397 λόγος
2651 2330 2780 2399 ἡμῖν
2807 2328 2915 2381 τῶν
2942 2328 3220 2398 παρόντων
3247 2326 3442 2387 οὐδεὶς,
3473 2324 3609 2377 ἀλλά

2035 2420 2171 2489 πρὸς
2217 2419 2408 2489 ἑτέραν
2445 2418 2588 2488 ζωὴν
2632 2416 3181 2489 παρασκευαζόμεθα,
3228 2415 3322 2465 καὶ
3364 2413 3496 2464 πολύ
3548 2412 3607 2462 τὸ

2034 2508 2132 2576 τῆς
2158 2506 2453 2576 παρθενίας
2484 2504 2779 2575 ἐγκώμιον,
2805 2504 3053 2572 ἐννόησον
3084 2503 3266 2573 ήλίκον
3298 2501 3416 2552 τότε
3442 2499 3607 2552 κακόν

2032 2594 2094 2647 τὸ
2124 2597 2356 2664 πρᾶγμα
2382 2592 2659 2663 ἐνομίζετο
2699 2588 2857 2657 εἶναι,
2890 2592 2978 2644 ὅτε
3018 2589 3122 2643 τῶν
3174 2588 3475 2659 μελλόντων
3513 2586 3609 2656 μὲν

2033 2683 2257 2751 οὐδεμία
2278 2699 2361 2746 τις
2382 2677 2449 2752 ἦν
2473 2682 2646 2745 ἐλπὶς,
2672 2680 2791 2733 οὐδὲ
2814 2680 2988 2732 ἔννοια
3013 2681 3124 2741 τοῖς
3146 2678 3410 2742 παλαιοῖς,
3432 2675 3608 2730 πάντα

2034 2770 2090 2823 δὲ
2118 2771 2256 2841 ὑπὲρ
2272 2769 2377 2822 τῶν
2398 2770 2678 2839 παρόντων
2701 2767 2965 2839 ἔπραττον
2996 2767 3354 2837 πραγμάτων,
3377 2765 3471 2817 καὶ
3500 2762 3610 2831 ἀρά

2034 2875 2116 2914 τις
2142 2854 2209 2928 ἦν
2233 2858 2327 2909 καί¹
2346 2856 2608 2926 καταδίκη
2636 2856 2697 2907 τὸ
2725 2858 2940 2925 στεῖραν
2969 2850 3108 2906 εἶναι
3136 2854 3228 2906 καὶ
3255 2853 3464 2920 ἄγονον.
3496 2851 3608 2902 Οὐκ

2036 2945 2181 2998 ἐστιν
2212 2946 2408 3007 εἰπεῖν,
2444 2944 2563 2996 οὐδὲ
2591 2946 2939 3015 παραστῆσαι
2970 2941 3048 3011 τῷ
3082 2941 3223 3010 λόγῳ
3258 2940 3355 3009 τὴν
3378 2939 3485 2992 ἀπὸ
3511 2939 3606 3005 τῆς

2038 3031 2248 3101 πληγῆς
2271 3030 2473 3101 ταύτης
2497 3029 2708 3099 ὀδύνην.
2740 3028 3089 3101 Μαρτυροῦσι
3117 3029 3173 3080 δὲ
3196 3029 3468 3095 γυναῖκες,
3488 3027 3607 3077 ὅσαι

2037 3122 2216 3173 πᾶσαν
2262 3119 2361 3189 μὲν
2395 3118 2737 3182 ἐπεδείξαντο
2775 3117 3112 3186 φιλοσοφίαν,
3156 3115 3360 3185 ταύτην
3411 3114 3468 3165 δὲ
3511 3114 3609 3182 τὴν

2034 3206 2369 3275 δυσκληρίαν
2417 3206 2517 3259 οὐκ
2545 3207 2799 3275 ἤνεγκαν
2832 3204 2943 3257 ἀλλ’
2976 3206 3033 3257 αἱ
3070 3205 3167 3273 μὲν
3199 3203 3334 3272 πρὸς
3362 3202 3485 3263 τοὺς
3514 3200 3608 3252 άν-

2034 3295 2165 3366 δρας
2203 3295 2598 3365 ἐδυσχέραινον,
2637 3295 2692 3345 αἱ
2732 3294 2787 3345 δὲ
2814 3294 2904 3345 τὸν
2936 3293 3049 3362 βίον
3073 3292 3303 3344 ἀϋίωτον
3330 3285 3466 3342 εἶναι
3496 3288 3609 3340 ἐνό-

2038 3400 2221 3453 μισαν.
2252 3383 2361 3454 Τὴν
2403 3384 2462 3438 δὲ
2497 3385 2731 3451 γυναῖκα
2766 3381 2967 3451 ταύτην
3008 3382 3107 3435 οὐκ
3143 3379 3349 3449 ἀθυμία
3381 3378 3536 3448 μόνον
3574 3379 3607 3446 ἡ

2033 3474 2120 3529 διὰ
2140 3475 2237 3546 τὴν
2262 3474 2567 3546 στείρωσιν,
2601 3475 2735 3528 ἀλλά
2759 3476 2850 3528 καὶ
2870 3476 2955 3528 ’ἐτε
2966 3492 3053 3545 ρον
3075 3473 3384 3542 ἐπολιόρκει
3415 3469 3605 3531 πάθος,

2035 3567 2205 3637 θυμὸς
2252 3567 2342 3620 διὰ
2385 3567 2455 3619 τὰ
2490 3567 2665 3638 ὀνείδη
2717 3568 2814 3636 τῆς
2844 3566 3150 3633 ἀντιζήλου.
3200 3566 3310 3619 Καὶ
3360 3563 3609 3632 καθάπερ

2034 3661 2249 3729 ἀνέμων
2265 3659 2591 3721 ἀπεναντίας
2606 3659 2851 3729 ἀλλήλοις
2866 3658 3268 3728 ἐμπιπτόντων,
3291 3658 3385 3709 καὶ
3402 3656 3608 3724 σκάφος

2038 3748 2203 3815 μέσον
2232 3748 2289 3798 ἐν
2327 3750 2392 3816 τῇ
2422 3747 2557 3816 πρὸς
2593 3746 2851 3817 ἀλλήλους
2888 3747 3266 3801 ἀπολαϐόντων
3306 3746 3473 3817 Mm,
3514 3747 3610 3799 καὶ

2036 3837 2203 3889 πολλά
2233 3837 2329 3906 μὲν
2354 3837 2460 3889 ἀπὸ
2487 3837 2585 3906 τῆς
2617 3836 2892 3907 πρύμνης,
2926 3837 3095 3890 πολλά
3120 3837 3176 3889 δὲ
3206 3837 3314 3890 ἀπὸ
3336 3840 3435 3907 τῆς
3459 3836 3608 3907 πρώ-

2037 3944 2135 3999 ρας
2169 3928 2486 3997 ἐγειρόντων
2532 3927 2599 3979 τά
2628 3927 2864 3998 κύματα,
2904 3930 2934 3980 ὁ
2980 3928 3319 3998 κυϐερνήτης
3369 3928 3463 3981 ἐπὶ
3496 3927 3607 3980 τῶν

2034 4021 2235 4073 οἰάκων
2270 4019 2573 4090 καθήμενος
2601 4018 2853 4083 διασώζει
2893 4018 2955 4072 τὸ
2986 4019 3211 4087 σκάφος,
3240 4018 3341 4081 τὰς
3381 4019 3488 4072 τῶν
3521 4036 3610 4071 κυ-

2038 4113 2224 4181 μάτων
2250 4112 2480 4182 ἐμὸολάς
2505 4114 2569 4182 τῇ
2589 4112 2690 4182 τῆς
2711 4113 3018 4183 ἐπιστήμης
3052 4113 3214 4182 σοφία
3246 4110 3575 4181 διακρουὸμε
3592 4139 3607 4149 -

2034 4222 2142 4270 νοςο
2168 4205 2309 4259 οὕτω
2334 4207 2427 4259 καὶ
2457 4208 2489 4278 ή
2523 4208 2658 4278 γυνὴ
2688 4207 2808 4260 τότε
2833 4207 3038 4277 ἐκείνη.
3073 4206 3324 4276 καθάπερ
3360 4207 3602 4275 πνευμάη

2032 4314 2139 4351 των
2172 4298 2445 4364 ἐναντίων,
2487 4298 2579 4351 τοῦ
2612 4297 2805 4368 θυμοῦ,
2842 4300 2936 4352 καὶ
2961 4299 3059 4368 τῆς
3090 4298 3344 4370 ἀθυμίας,
3387 4299 3465 4361 εἰς
3508 4297 3606 4368 τὴν

2031 4386 2209 4459 ψυχήν
2245 4389 2414 4460 αὐτῆς
2443 4390 2815 4460 ἐμπεσόντων,
2843 4391 2938 4444 καὶ
2960 4391 3083 4453 τοὺς
3116 4389 3406 4459 λογισμοὺς
3434 4389 3606 4458 αὐτῆς

2031 4481 2447 4547 διακοπτόντων,
2477 4483 2570 4536 καὶ
2591 4482 2760 4537 πολλά
2784 4483 2850 4536 τά
2872 4482 3090 4553 κύματα
3120 4484 3459 4553 ἐγειρόντων,
3485 4482 3605 4551 οὐχὶ

2031 4576 2142 4639 δύο,
2182 4576 2276 4627 καὶ
2302 4577 2469 4645 τρεῖς,
2496 4574 2590 4627 καὶ
2620 4576 2790 4627 εἴκοσι
2823 4576 3056 4645 ἡμέρας,
3080 4573 3194 4625 ἀλλ’
3216 4576 3302 4625 ἐπ’
3326 4575 3604 4636 ἐνιαυτοὺς

2031 4666 2352 4736 ὁλοκλήρους
2380 4664 2494 4735 (καὶ
2514 4665 2623 4734 γὰρ
2652 4664 2710 4731 ἐξ
2739 4665 2921 4718 ἱκανοῦ
2952 4664 3107 4717 τοῦτο
3135 4664 3369 4732 ἐγένετο,
3392 4665 3599 4733 φησίν)·

2031 4757 2228 4827 ήνεγκε
2268 4754 2357 4808 τὸν
2391 4752 2634 4824 χειμῶνα
2660 4754 2939 4823 γενναίως,
2985 4756 3079 4808 καὶ
3107 4755 3600 4826 καταποντισθῆναι

2030 4846 2120 4897 τὸν
2165 4844 2418 4915 λογισμὸν
2464 4845 2565 4897 οὐκ
2608 4842 2809 4900 εἴασεν.
2851 4846 2913 4897 '0
2952 4846 3057 4916 γὰρ
3098 4846 3191 4899 τοῦ
3235 4847 3367 4901 Θεοῦ
3414 4849 3598 4917 φόϐος,

2032 4937 2279 5007 καθάπερ
2329 4937 2666 5008 κυϐερνήτης
2711 4937 2805 4990 ἐπὶ
2859 4937 2964 4990 τῶν
3012 4939 3211 4992 οἰάκων
3271 4941 3597 5013 καθήμενος,

2056 5028 2181 5099 ῊΒῙ
2223 5029 2405 5082 ἔπειθε
2450 5030 2712 5098 γενναίως
2748 5032 2932 5102 φέρειν
2970 5032 3030 5085 τὸ
3069 5032 3352 5088 κλυδώνιον
3401 5038 3595 5088 ἐκείνω

2031 5123 2123 5177 καὶ
2168 5124 2228 5176 οὐ
2256 5124 2519 5196 πρότερον
2547 5125 2755 5194 ἀπέστη
2780 5124 3145 5194 διακυϐερνῶν
3173 5127 3344 5196 αὐτῆς
3376 5127 3474 5198 τὴν
3499 5130 3600 5195 ψυο

2029 5215 2152 5285 χὴν,
2190 5215 2295 5279 ἕως
2331 5218 2409 5279 εἰς
2436 5216 2527 5269 τὸν
2556 5215 2727 5269 εὔδιον
2760 5217 2953 5287 λιμένα
2987 5219 3264 5288 κατήγαγε
3299 5220 3594 5289 πεπληρω-

2030 5309 2196 5379 μένην
2224 5308 2317 5360 τοῦ
2356 5307 2573 5378 φορτίου
2604 5309 2701 5379 τὴν
2733 5308 2883 5370 ναῦν,
2927 5311 3020 5362 καὶ
3057 5310 3349 5379 πολυτίμου
3393 5311 3598 5381 θησαυ-

2031 5396 2122 5467 ροῦ
2153 5396 2246 5466 τὴν
2266 5396 2505 5466 γαστέρα
2526 5396 2815 5468 γέμουσαν.
2839 5398 2913 5449 υύ
2935 5398 3041 5468 γάρ
3072 5400 3313 5470 χρυσίον,
3342 5401 3462 5454 οὐδὲ
3491 5404 3595 5473 ἀρ-

2026 5488 2212 5557 γύριον
2266 5488 2577 5551 ἐϐάσταζεν,
2627 5487 2763 5541 ἁλλά
2818 5491 3098 5559 προφήτην
3150 5492 3240 5544 καὶ
3282 5494 3448 5563 ἱερέα·
3506 5500 3596 5549 καὶ

2089 5680 2113 5707 ⁸
2138 5677 2273 5727 Colb.
2304 5679 2401 5728 duo
2423 5685 2475 5729 et
2515 5679 2638 5745 Reg.
2684 5684 2739 5732 οὐ
2778 5684 2999 5746 σώματος
3034 5685 3275 5751 ἆῤῥωστία
3311 5690 3596 5755 σύμμετρος,

2090 5776 2119 5842 ἶ
2140 5802 2261 5867 Reg.
2288 5805 2375 5851 κάν
2395 5804 2575 5869 μυρίας,
