4094 6256
497 431 605 490 οδε

497 545 718 608 διπλοῦς
768 537 836 614 ἦν
889 539 1056 610 αὐτῆς
1113 539 1197 607 ,ἧς
1243 537 1478 608 γαστρὸς
1517 537 1545 590 6
1579 535 1866 606 ἁγιασμὸς,
1901 535 1984 587 δτι
2007 549 2066 586 τε

495 635 737 688 τοιοῦτον
765 628 832 701 ἦν
861 629 924 682 τὸ
944 626 1237 697 κυούμενον
1264 625 1492 688 παιδίον,
1515 625 1596 678 ὅτι
1621 641 1678 678 τε
1703 623 1762 690 ἐξ
1791 623 1956 694 εὐχῆς
1975 623 2069 675 καὶ

497 723 596 794 τῆς
623 720 823 776 ἄνωθεν
857 719 1078 787 χάριτος
1111 715 1208 785 τὴν
1237 713 1412 784 ἀρχὴν
1439 713 1540 781 τῆς
1575 713 1820 781 κυήσεως
1855 710 2063 767 ἐλαϐεν.

571 811 634 881 β’.
662 810 771 878 Οὐχ
826 809 854 859 6
904 805 1098 878 φόρτος
1138 805 1192 857 δὲ
1224 803 1384 874 μόνον
1403 801 1699 872 παράδοξος
1727 796 1796 871 ἦν
1821 801 1912 852 καὶ
1937 800 2070 852 θαυ-

501 897 724 970 μαστὸς,
750 895 884 948 ἀλλὰ
911 895 1004 946 καὶ
1031 894 1060 945 6
1081 893 1276 963 τρόπος
1298 894 1396 962 τῆς
1425 891 1690 960 ἐμπορίας
1716 889 2069 958 παραδοξότε-

498 1005 590 1060 ρος
617 987 856 1055 γέγονεν’
879 983 997 1036 οὐδέ
1019 981 1126 1053 γὰρ
1151 981 1311 1034 αὐτὸν
1340 979 1646 1048 ἀνθρώποις
1671 979 1916 1041 ἀπέδοτο,
1945 977 2076 1031 οὐδὲ·

495 1077 756 1148 ἐμπόροις
788 1075 897 1126 τισὶ
926 1074 1019 1125 καὶ
1051 1071 1333 1142 καπήλοις,
1363 1069 1477 1122 ἁλῶ]
1497 1069 1696 1131 εὐθέως
1722 1069 1882 1120 αὐτὸν
1911 1067 2074 1120 ἐκϐα-

497 1162 664 1215 λοῦσα
693 1160 785 1212 τοῦ
829 1160 1068 1228 σκάφους
1096 1157 1342 1228 ἐπώλησε
1381 1155 1458 1224 τῷ
1489 1155 1626 1226 Θεῴ-
1667 1157 1764 1208 καὶ
1801 1155 2069 1226 τοσαύτην

499 1250 789 1320 εἰργάσατο
826 1247 926 1318 τῆν
959 1246 1245 1318 ἐμπορίαν,
1283 1245 1413 1316 ὅσην
1439 1243 1582 1306 εἰκὸς
1613 1239 1680 1312 ἦν
1712 1243 1830 1313 Θεῷ
1861 1243 2070 1314 συμϐα-

498 1338 696 1390 λοῦσαν
726 1334 1079 1406 ἐργάσασθαι.
1117 1333 1270 1386 Μετὰ
1295 1331 1402 1401 γὰρ
1431 1331 1492 1383 τὸ
1517 1331 1698 1383 λαϐεῖν
1726 1331 1905 1394 αὐτὸν,
1941 1333 2070 1384 ἀντ·-

501 1427 700 1480 έδωκεν
744 1427 927 1495 ἕτερον
971 1425 1106 1493 αὐτῇ
1147 1423 1353 1474 τέκνον·
1395 1421 1592 1492 μᾶλλον
1623 1423 1678 1474 δὲ
1707 1421 1803 1490 οὐχ
1837 1421 1915 1484 ἐν,
1947 1421 2066 1474 οὐδὲ

495 1515 608 1576 δύο,
649 1513 769 1566 οὐδέ
810 1513 955 1583 τρία,
987 1513 1076 1564 καὶ
1115 1511 1350 1581 τέσσαρα
1378 1510 1555 1580 μόνον,
1587 1509 1720 1562 ἀλλὰ
1761 1510 1854 1563 καὶ
1888 1509 2068 1580 πολλῷ

495 1602 736 1666 πλείονα,
777 1601 906 1654 Ὅτι
972 1599 1194 1668 στεῖρα,
1253 1601 1435 1670 φησὶν,
1487 1599 1694 1651 ἔτεκεν
1733 1598 1902 1660 ἑπτὰ,
1972 1599 2067 1650 καὶ

497 1691 737 1763 ὑπερέϐη
782 1691 840 1744 τὸ
865 1691 1206 1758 κεφάλαιονὸ
1235 1689 1410 1752 τόκος.
1445 1689 1690 1762 Τοιαύτη⁴
1719 1689 1828 1759 γὰρ
1864 1692 1896 1758 ἡ
1930 1687 2068 1760 πρὸς

495 1779 586 1832 τόν
613 1779 742 1832 Θεὸν
771 1779 1137 1848 πραγματεία·
1166 1777 1224 1830 οὐ
1249 1776 1310 1828 τὸ
1331 1775 1618 1829 πολλοστὸν
1641 1775 1734 1828 τοῦ
1752 1777 2064 1845 κεφαλαίου,

497 1870 636 1924 ἀλλὰ
663 1869 725 1921 τὸ
751 1867 1114 1921 πολυπλάσιον
1138 1867 1448 1920 ἀποδίδωσι.
1482 1867 1590 1919 Καὶ
1617 1866 1676 1919 οὐ
1711 1866 1878 1936 θήλεα
1909 1867 2067 1935 μόνον

497 1959 663 2012 ἔδωκε
699 1957 769 2009 τὰ
803 1955 1010 2018 παιδία,
1050 1955 1184 2008 ἀλλὰ
1213 1956 1307 2007 καὶ¹
1334 1953 1394 2018 ἐξ
1422 1955 1688 2025 ἑκατέρας
1727 1953 1824 2024 τῆς
1855 1953 2068 2023 φύσεως

493 2047 584 2100 τὸν
627 2045 783 2099 τόκον
821 2044 990 2114 αὐτῆς
1033 2042 1440 2112 συνεκρότησεν⁶
1481 2040 1621 2094 ὥστε
1656 2041 2080 2112 ἀπηρτισμένην-

494 2136 634 2206 αύτῇ
690 2132 942 2202 γενέσθαι
993 2132 1093 2201 τὴν
1145 2132 1358 2201 ἡδονήν.
1409 2129 1591 2182 Ταῦτα
1632 2129 1795 2198 λέγω,
1841 2131 1938 2198 οὐχ
1981 2131 2068 2182 ἵνα

495 2222 817 2290 ἐπαινέσητε
843 2220 1022 2290 μόνον,
1041 2217 1153 2272 ἀλλ’
1179 2219 1264 2271 ἵνα
1287 2217 1378 2271 καὶ
1395 2217 1670 2288 ζηλὼσητε
1697 2229 1720 2258 ⁸
1747 2219 1844 2289 τὴν
1865 2218 2066 2279 πίστιν,

492 2323 593 2377 την
637 2307 983 2372 ἀνεξικακίαν
1012 2308 1108 2378 τῆς
1149 2307 1426 2374 γυναικὸς,
1473 2307 1538 2375 ἣν
1565 2305 1832 2376 ἠκούσατε
1868 2306 1964 2375 μὲν
2004 2307 2068 2358 ἐκ

497 2397 694 2466 μέρους
725 2395 818 2448 καὶ
847 2391 1058 2463 πρώην·
1095 2393 1235 2446 ὥστε
1271 2394 1328 2446 δὲ
1358 2393 1448 2446 καὶ
1479 2393 1548 2446 τὰ
1588 2393 1813 2462 λείψανα
1839 2393 2068 2446 ἀποδοῦ-

493 2501 602 2546 ναι,
637 2483 750 2534 δότε
781 2499 868 2554 μοι
905 2481 1096 2551 μικρὸν
1125 2479 1481 2549 διηγήσασθαι
1515 2481 1772 2550 περὶτῶν
1809 2481 2069 2551 ῥημάτων

493 2571 602 2623 τῶν
641 2569 776 2640 μετὰ
809 2569 906 2639 τὴν
936 2568 1157 2638 πρώτην
1195 2567 1358 2638 εὐχὴν
1388 2568 1524 2638 πρὸς
1553 2568 1642 2620 τὸν
1677 2569 1827 2640 ἱερέα
1853 2571 1944 2621 καὶ
1977 2569 2068 2622 τὸν

497 2656 661 2710 παῖδα
695 2655 789 2708 τοῦ
833 2657 1022 2726 ίερέως
1066 2658 1392 2724 γενομένων,
1438 2655 1524 2707 ἵνα
1555 2654 1763 2725 μάθητε
1807 2655 1866 2708 τὸ
1895 2659 2068 2726 πρᾶον

497 2742 591 2793 καὶ
626 2742 686 2793 τὸ
713 2741 919 2812 ἥμερον
958 2739 1210 2810 φρόνημα
1244 2739 1342 2808 τῆς
1376 2738 1649 2806 γυναικός.
1673 2737 1781 2790 Καὶ
1809 2739 2064 2808 ἐγένετο,

497 2831 682 2901 φησὶν,
721 2827 820 2881 ὅτε
858 2827 1161 2892 ἐπλήθυνε
1189 2825 1640 2896 προσευχομένη
1671 2825 1924 2880 ἐνώπιον
1949 2829 2070 2880 Κυ-

493 2920 650 2986 ρίου,
710 2915 818 2970 καὶ·
872 2915 1030 2968 Ἠλεί
1089 2916 1121 2966 ό
1165 2913 1356 2982 ἱερεὺς
1405 2914 1732 2981 ἐφύλασσε
1775 2914 1839 2966 τὸ
1875 2916 2068 2983 στόμα

498 3004 704 3074 αὐτῆς.

567 3169 775 3240 Διπλῆν
796 3167 1028 3222 ἐνταῦθα
1054 3170 1082 3220 6
1105 3168 1453 3237 συγγραφεὺς
1479 3168 1682 3240 ἀρετὴν
1716 3171 1982 3239 μαρτυρεῖ
2001 3173 2066 3240 τῇ

498 3258 735 3326 γυναικὶ,
757 3257 851 3310 καὶ
871 3257 969 3326 τὴν
1005 3255 1294 3326 καρτερίαν
1317 3257 1416 3324 τὴν
1441 3257 1498 3306 ἐν
1524 3259 1642 3318 ταῖς
1668 3256 1870 3325 εὐχαῖς,
1895 3261 1986 3310 καὶ
2007 3257 2070 3310 τὸ

498 3347 597 3416 τῆς
645 3344 878 3405 διανοίας
921 3341 1238 3412 ἐγρηγορός·
1287 3342 1348 3394 τὸ
1401 3342 1540 3410 μὲν,
1585 3343 1671 3395 διὰ
1721 3342 1813 3396 τοῦ
1873 3346 2066 3408 εἰπεῖν,

513 3431 863 3498 Ἑπλήθυνεο
909 3430 970 3481 τὸ
1011 3430 1088 3493 δέ,
1133 3429 1222 3484 διὰ
1277 3429 1370 3481 τοῦ
1403 3429 1734 3498 προσθεῖναι,
1789 3429 2070 3487 Ὲνώπιον

499 3519 743 3585 Κυρίου·
796 3517 994 3578 πάντες
1025 3517 1123 3585 μέν
1171 3514 1280 3584 γὰρ
1314 3515 1606 3586 εὐχόμεθα,
1641 3517 1756 3570 ἀλλ’
1783 3519 1842 3570 οὐ
1869 3519 2070 3584 πάντες

500 3607 731 3660 ἐνώπιον
762 3607 856 3658 τοῦ
889 3605 1047 3658 Θεοῦ.
1073 3605 1242 3657 Ὅταν
1277 3604 1387 3674 γὰρ
1421 3604 1798 3675 τοῦσώματος
1833 3607 1928 3660 ἐπὶ
1964 3608 2068 3678 γῆς

501 3694 776 3765 κειμένου,
811 3695 914 3748 καὶ
937 3693 1046 3746 τοῦ.
1071 3693 1336 3762 στόματος
1383 3695 1502 3764 εἰκῆ
1533 3694 1850 3766 ληροῦντος,
1891 3697 2068 3766 ήδιά-

500 3798 618 3834 νοια
648 3781 928 3850 πανταχοῦ¹
951 3781 1050 3850 τῆς
1075 3781 1249 3844 οἰκίας
1281 3783 1376 3834 καὶ
1405 3781 1506 3850 τῆς
1543 3783 1748 3853 ἀγορᾶς
1775 3784 2066 3856 περιέρχῃ-

497 3887 614 3932 ται,
631 3868 747 3932 πῶς
769 3871 797 3922 6
821 3867 1060 3930 τοιοῦτος
1083 3869 1368 3936 δυνήσεται
1391 3871 1582 3932 εἰπεῖν,
1611 3871 1690 3923 ὅτι
1717 3871 1946 3928 ἐνώπιον
1973 3873 2066 3927 τοῦ

500 3957 634 4012 Θεοῦ
661 3957 900 4028 ηὖξατο;
946 3955 1202 4010 Ἑνώπιον
1231 3961 1338 4026 γὰρ
1377 3957 1578 4028 Κυρίου
1608 3957 1824 4029 εὔχεται
1871 3963 1900 4015 ὀ
1933 3963 2068 4016 πάν-

497 4045 654 4098 τοθεν
675 4045 870 4102 ἐαυτοῦ
901 4045 998 4116 τὴν
1039 4045 1214 4116 ψυχὴν
1249 4043 1548 4111 συλλέγων,
1595 4049 1688 4099 καὶ
1719 4049 1896 4117 μηδὲν.
1928 4051 2068 4120 ἔχων

501 4132 678 4188 κοινὸν
709 4133 852 4203 πρὸς
876 4133 973 4200 τὴν
1012 4133 1138 4202 γῆν,
1159 4131 1294 4184 ἀλλὰ
1329 4131 1460 4202 πρὸς
1485 4133 1645 4184 αὐτὸν
1671 4135 1770 4188 τὸν.
1787 4137 2010 4208 οὐρανὸν
2039 4141 2066 4179 δ

503 4219 690 4272 ἑαυτὸν
723 4219 1054 4289 μετοικίσας,
1091 4219 1185 4274 καὶ
1221 4219 1398 4274 πάντα
1438 4221 1775 4292 ἀνθρώπινον
1811 4223 2067 4294 λογισμὸν

499 4307 609 4362 ἀπὸ
643 4307 743 4374 τῆς
783 4306 960 4375 ψυχῆς
994 4305 1238 4358 ἐκϐαλών
1261 4323 1273 4336 ·
1302 4306 1550 4377 καθάπερ
1591 4303 1681 4362 οὖν
1725 4311 1818 4364 καὶ
1865 4310 2002 4382 αῦτη
2033 4314 2066 4382 ή

502 4392 642 4464 γυνὴ
665 4391 885 4462 ἐποίησε
906 4393 1026 4446 τότε
1051 4411 1064 4422 θ
1084 4393 1210 4462 ὃλην
1225 4393 1332 4465 γὰρ
1350 4395 1544 4467 ἐαυτὴν
1563 4397 1863 4466 συναγαγοῦ
1873 4401 2069 4464 σα,,καὶ

504 4479 820 4536 συντείνασα
848 4481 946 4550 τὴν
983 4479 1242 4544 δάνοιαν,
1275 4482 1457 4534 ἐκάλει
1493 4483 1583 4536 τὸν
1617 4483 1746 4537 Θεὸν
1796 4489 1911 4556 μετ’
1951 4487 2069 4540 ὀδυ-

501 4569 746 4640 νωμένης
774 4567 973 4638 ψυχῆς.
1005 4568 1126 4628 Πῶς
1153 4569 1209 4622 δέ
1239 4587 1421 4642 φησιν,
1452 4570 1533 4622 ὅτι
1559 4571 1650 4623 καὶ
1679 4573 1943 4642 ἐπλήθυνε
1977 4573 2068 4642 τὴν

502 4657 700 4727 εὐχὴν;
734 4655 909 4708 καίτοι
957 4673 1020 4724 γε
1057 4655 1228 4728 βραχὺ
1279 4657 1339 4710 τὸ
1395 4658 1592 4730 μέτρον
1637 4661 1732 4730 τῆς
1767 4661 1929 4730 εὐχῆς
1969 4663 2068 4731 τῆς

500 4745 778 4812 γυναικός.
795 4745 869 4798 Οὐ
892 4745 998 4814 γὰρ
1021 4745 1261 4816 μακροὺς
1281 4745 1429 4818 [ΤΗ]
1449 4747 1698 4799 ἀπέτεινε
1720 4747 1930 4815 λόγους,
1948 4750 2068 4802 οὐδὲ

499 4834 579 4894 είς
615 4832 785 4901 μῆκος
817 4833 914 4903 τὴν
957 4833 1234 4903 ἱκετηρίαν
1272 4832 1530 4898 ἐξέτεινεν
1557 4847 1602 4898 υ,
1644 4835 1756 4888 ἀλλ’
1785 4835 1938 4906 ὀλίγα
1973 4839 2069 4890 καὶ

498 4918 630 4988 ψιλὰ
663 4915 781 4970 εἶπε
826 4921 1063 4989 ῥήματα.
1101 4921 1336 4974 Ἄδων-αϊ
1371 4922 1544 4990 Κύριε
1587 4923 1759 4976 Ἔλωῒ
1801 4925 2065 4990 Σαϐαὼθ,

499 5007 608 5060 ἐὰν
632 5005 965 5059 ἐπιϐλέπων
983 5007 1311 5076 ἐπιϐλέψῃς
1338 5009 1436 5062 ἐπὶ
1456 5009 1569 5078 τὴν
1588 5013 1944 5067 ταπείνωσιν
1959 5014 2032 5082 τῆ
2038 5035 2070 5080 ς

499 5098 726 5164 δούλης
749 5111 888 5160 σου,
918 5098 1014 5151 καί
1045 5099 1326 5166 μνησθῇς
1355 5118 1495 5167 μου,
1522 5099 1608 5168 μὴ
1643 5101 1933 5172 ἐπιλάθῃς
1961 5105 2070 5171 τῆς

500 5188 728 5255 δούλης
765 5201 904 5250 σου,
929 5190 1036 5247 ,καὶ
1071 5186 1188 5252 δῷς
1218 5189 1292 5256 τῇ
1335 5191 1522 5259 δούλῃ
1559 5207 1676 5245 σου
1709 5193 1945 5262 σπέρμα
1969 5195 2072 5248 ἁν-

499 5277 659 5345 δρὸς,
691 5276 865 5330 δώσω
895 5277 1042 5329 αὐτὸ
1075 5275 1332 5330 ἐνώπιόν
1359 5293 1476 5332 σου
1500 5280 1680 5334 δοτὸν
1709 5281 1819 5346 ἕως
1850 5284 2070 5352 ἡμέρας

500 5367 758 5421 θανάτου
804 5366 1010 5422 αὑτοῦ.
1065 5366 1172 5421 Καὶ
1201 5367 1366 5420 οἶνον
1411 5369 1506 5422 καὶ
1550 5369 1828 5441 μέθυσμα
1865 5375 1938 5428 οὐ
1981 5373 2068 5443 μὴ

559 5645 584 5714 ξ
612 5645 740 5714 ﬂag.
763 5653 824 5714 _et
845 5647 980 5714 Cplb_.
1003 5649 1101 5698 duo
1115 5649 1822 5714 Αέπαινέσωμεν..ᾈζηλὼσωμεν.

561 5705 921 5776 ζιῖὸῃξούρανὸν
943 5711 1089 5776 dgesl
1113 5711 1163 5776 in
1181 5711 1318 5776 Colb‘.
1344 5705 1463 5776 ét_in
1487 5705 1598 5776 Reg

559 5769 582 5796 ο
609 5767 742 5836 (ἰσιι).
759 5767 865 5836 ἰλίιιρ
887 5779 944 5836 _el
971 5773 1096 5832 Reg.
1125 5771 1363 5836 ἱκετηρίαν
1388 5767 1622 5829 ἐξέτεινῦι.
1646 5775 1794 5826 Savil.
1821 5783 1874 5828 el.
1893 5777 2066 5830 More].

497 5824 734 5888 ἱκετηρίαν
753 5830 979 5884 ἐξέϐαλεν.

1203 423 1259 479 S.
1299 421 1582 478 JOANNIS
1613 419 2109 478 CHRIFSOSTOHI-
2142 419 2459 477 Μιειιιιςιθ.
2499 419 3034 480 CONSTANTINOP.

2169 535 2382 600 πίεται,
2419 535 2516 590 καὶ
2545 535 2794 602 σίδηρος
2825 537 2936 589 οὐκ
2966 533 3330 601 ἀναϐήσεται
3364 537 3461 590 επὶ
3495 538 3609 606 τὴν
3637 557 3732 596 κε-

2167 623 2374 694 φαλὴν
2413 625 2622 680 αὐτοῦ.
2667 625 2826 679 Ποῖον
2874 624 3032 679 τοῦτο
3067 625 3270 695 πλῆθος
3327 628 3619 698 ρημάτωνς
3665 631 3742 684 Τί·

2167 713 2286 766 ποτ’
2327 707 2420 766 οὖν
2455 711 2671 783 ᾐνίξατο
2717 711 2920 778 είπὼν,
2972 711 3334 781 Ἐπλήθυνε;
3371 716 3624 788 Συνεχῶς
3663 720 3736 773 τὰ

2166 799 2304 853 αὐτὰ
2324 799 2642 869 ἐφθέγγετο,
2681 802 2776 852 καὶ
2808 800 2906 852 οὐκ
2953 801 3216 870 ἀφίστατο
3248 802 3416 858 πολὺν
3441 804 3746 864 δαπανῶσα,

2166 889 2354 960 χρόνον
2389 887 2478 942 διὰ
2518 887 2626 941 τῶν
2669 888 2856 946 αὐτῶν·
2887 890 3163 961 ῥημάτιον.
3194 891 3352 946 Οὕτω
3388 892 3519 960 γοῦν
3551 899 3646 949 καὶ
3673 896 3736 949 ἐν

2165 980 2278 1042 τοῖς
2299 978 2650 1047 Εὐαγγελίοις
2670 980 2698 1030 6
2719 981 2948 1051 Χριστὸς
2973 981 3232 1048 ἐπέταξεν
3255 980 3528 1054 εὔχεσθαι.
3547 985 3738 1038 Εἰπὼν

2165 1066 2274 1137 γὰρ
2295 1069 2406 1129 τοῖς
2429 1067 2718 1137 μαθηταῖς,
2757 1067 2830 1138 μὴ
2862 1067 3002 1122 κατὰ
3020 1069 3146 1131 τοὺς
3179 1069 3422 1134 ἐθνικοὺς
3451 1069 3736 1140 εὔχεσθαι.

2167 1157 2260 1208 καὶ
2285 1154 2360 1225 μὴ
2389 1153 2747 1224 βαττολογείν,
2771 1158 2865 1209 καὶ
2897 1156 3092 1228 μέτρον
3123 1159 3270 1228 ἡμᾶς
3302 1160 3464 1230 εὐχῆς
3491 1160 3694 1227 ἐδίδαξε
3717 1179 3734 1193 ·

2165 1243 2380 1310 δεικνὺς,
2401 1243 2482 1296 ὅτι
2509 1245 2608 1298 οὐκ
2641 1245 2700 1296 ἐν
2723 1243 2802 1314 τῷ
2845 1245 3038 1316 πλήθει
3077 1246 3183 1298 τῶν
3219 1248 3498 1317 ῥημάτων,
3523 1249 3638 1302 ἀλλ’
3673 1253 3740 1304 ἐν

2165 1333 2231 1400 τῇ
2276 1331 2436 1400 νήψει
2483 1331 2580 1401 τῆς
2610 1331 2849 1395 διανοίας
2880 1335 3053 1386 κεῖται
3100 1335 3160 1387 τὸ
3206 1335 3559 1407 ἀκουσθῆναι.
3605 1337 3736 1402 Πῶς

2165 1415 2280 1484 οὖν,
2313 1421 2496 1491 φησὶν,
2523 1423 2572 1474 εί
2607 1420 2762 1490 ὀλίγα
2797 1422 2881 1474 δεῖ
2919 1421 3194 1493 εὔχεσθαι,
3223 1426 3536 1497 παραϐολὴν
3579 1423 3742 1480 εἶπεν

2167 1507 2348 1570 αὐτοῖς
2375 1507 2509 1578 πρὸς
2545 1507 2605 1559 τὸ
2643 1507 2752 1562 δεῖν
2787 1509 2874 1562 ἀεὶ
2906 1509 3320 1581 προσεύχεσθαι,
3353 1514 3436 1566 ὅτι
3469 1515 3610 1585 χήρα
3647 1533 3736 1580 τις

2165 1590 2255 1665 ἦν,
2286 1596 2320 1664 ἢ
2347 1598 2413 1666 τῇ
2445 1595 2693 1666 συνεχείᾳ
2723 1597 2821 1666 τῆς
2852 1597 3142 1664 ἐντεύξεως
3175 1600 3322 1670 ὠμὸν
3355 1601 3608 1672 δικαστὴν
3637 1605 3738 1657 καὶ.

2166 1683 2548 1753 ἀπάνθρωπον,
2571 1681 2692 1736 οὐτε
2711 1683 2848 1736 Θεοῦ.
2869 1685 3052 1753 φόϐον,
3071 1685 3192 1738 οὐτε
3218 1687 3516 1761 ἀνθρώπων
3541 1691 3736 1760 ἔχοντα

2167 1769 2320 1834 αἰδῶ,
2361 1773 2427 1840 τῇ
2459 1771 2755 1840 πυκνότητι
2785 1772 2884 1842 τῆς
2919 1775 3177 1844 προσόδου
3218 1777 3570 1846 κατέκαμψες
3607 1779 3736 1842 Πῶς

2165 1857 2221 1912 δὲ
2243 1857 2336 1910 καὶ
2354 1860 2382 1911 6
2401 1859 2608 1921 Παῦλος
2635 1863 2889 1930 παραινεῖ
2906 1860 3098 1928 λέγων,
3125 1861 3204 1932 Τῇ
3221 1865 3532 1935 προσευχῇ
3552 1879 3738 1934 προσ-

2165 1945 2614 2012 καρτεροῦντες,
2653 1947 2746 2000 καὶ
2787 1947 2970 2011 πάλιν,
3017 1949 3432 2017 Ἀδιαλείπτως
3475 1956 3734 2020 προσεύ-

2166 2037 2382 2102 χεσθε;
2419 2033 2484 2086 Εἰ
2527 2035 2638 2104 γὰρ
2675 2033 2756 2085 δεῖ
2798 2035 2872 2105 μὴ
2895 2035 3153 2106 ’μακροὺς
3189 2037 3492 2092 ἀποτείνειν
3519 2039 3730 2109 λόγους,

2167 2121 2262 2173 καὶ
2289 2119 2525 2190 συνεχῶς
2556 2119 2826 2189 εὔχεσθαι,
2858 2122 3100 2175 ἐναντίον
3129 2121 3288 2176 τοῦτο
3323 2125 3555 2181 ἐκείνου.
3592 2127 3732 2180 Ἀλλ’

2166 2207 2266 2262 οὐκ
2311 2208 2454 2261 ἐστιν
2502 2209 2764 2270 ἐναντίον,
2803 2210 2878 2280 μὴ
2927 2210 3171 2277 γένοιτο,
3213 2199 3347 2265 ἀλλὰ
3385 2214 3481 2266 καὶ
3531 2215 3736 2290 σφόδρα.

2169 2313 2233 2348 συ
2241 2296 2480 2365 μϐαῖνον.
2503 2297 2612 2349 Καὶ
2637 2295 2745 2366 γὰρ
2768 2297 2860 2350 καὶ
2883 2300 2911 2350 6
2941 2299 3172 2368 Χριστὸς
3193 2299 3288 2352 καὶ
3311 2303 3340 2354 6
3367 2301 3578 2367 Παῦλος
3603 2305 3736 2376 βρα-

2167 2382 2316 2452 χείας
2343 2383 2436 2435 καὶ
2473 2383 2681 2447 πυκνὰς
2705 2383 2976 2438 ποιεῖσθαι
3025 2386 3123 2448 τὰς
3169 2385 3332 2456 εὐχὰς
3362 2390 3652 2445 ἐκέλευσαν
3673 2395 3736 2458 ἐξ

2165 2469 2358 2538 ὀλίγων
2385 2469 2806 2540 διαλειμμάτων.
2829 2472 2926 2524 Ἂν
2948 2471 3047 2541 μὲν
3080 2472 3188 2544 γὰρ
3213 2475 3292 2536 είς
3325 2477 3498 2545 μῆκος
3519 2481 3750 2558 ἐκτείνει

2166 2557 2255 2610 τὸν
2280 2557 2455 2626 λόγον,
2487 2557 2830 2630 ὀλιγωρήσας
2861 2558 3140 2626 πολλάκις,
3166 2561 3365 2632 πολλὴν
3393 2563 3599 2630 ἔδωκας
3629 2572 3738 2640 τὴν

2166 2643 2346 2696 ἄδειαν
2369 2643 2448 2718 τῷ
2479 2643 2706 2715 διαϐόλῳ
2738 2644 3074 2715 προσελθεῖν,
3101 2647 3192 2700 καὶ
3233 2649 3602 2718 ύποτκελίσαι,
3637 2660 3734 2712 καὶ

2166 2730 2266 2800 τὴν
2295 2729 2528 2786 διάνοιαν
2553 2731 2858 2800 ἀπαγαγεῖν
2889 2733 2998 2788 τῶν
3030 2734 3334 2805 λεγομένων
3355 2755 3369 2768 ·
3409 2741 3476 2792 ἂν
3511 2741 3566 2794 δὲ
3599 2761 3728 2797 συν-

2167 2819 2310 2886 εχεῖς
2343 2817 2436 2869 καὶ
2471 2817 2678 2881 πυκνὰς
2704 2821 2862 2889 ποιῇς
2889 2819 2988 2880 τὰς
3012 2821 3196 2890 εὐχὰς,
3224 2823 3314 2876 τὸν
3335 2827 3518 2896 καιρὸν
3549 2831 3736 2883 ἆπαν-.

2167 2921 2234 2956 τα
2278 2906 2344 2974 τῇ
2381 2905 2682 2975 πυκνότητι,
2717 2906 3094 2976 διαλαμϐάνων
3119 2949 3134 2976 ,
3181 2911 3380 2984 δυνήσῃ
3435 2922 3740 2986 σωφρονεῖν.

2167 2992 2421 3058 εὐκόλως,
2450 2995 2618 3057 αὐτάς
2663 3011 2724 3046 τε
2755 2995 2854 3058 τὰς
2885 2997 3050 3066 εὐχὰς
3101 3001 3240 3068 μετὰ
3281 3003 3478 3074 πολλῆς
3529 3009 3742 3078 ποιήσῃ-

2167 3081 2262 3150 τῆς
2294 3080 2528 3150 νήψεως.
2567 3083 2634 3134 ’⁸0
2657 3081 2720 3152 δὴ
2748 3085 2848 3136 καὶ
2861 3083 2998 3155 αῦτη
3021 3087 3214 3154 ἐποίει,
3241 3089 3302 3141 οὐ
3336 3091 3578 3161 μακροὺς
3601 3095 3746 3147 άπο-.

2165 3169 2416 3221 τείνουσα
2445 3169 2654 3235 λόγους,
2685 3170 2822 3223 ἀλλὰ
2843 3173 3050 3241 συχνῶς
3081 3176 3175 3228 καὶ
3206 3179 3536 3250 πυκνότερον
3569 3199 3738 3254 προσ-

2170 3256 2324 3310 ιοῦσα
2357 3255 2436 3324 τῷ
2479 3257 2616 3326 Θεῷ.
2669 3254 2802 3312 Εἶτα
2843 3259 3029 3330 ἐπειδὴ
3084 3262 3441 3333 ἐπεστόμισεν
3487 3269 3656 3340 αὐτὴν
3707 3274 3741 3325 6

2169 3343 2380 3414 ἱερεύς·
2421 3343 2576 3396 τοῦτο
2621 3344 2730 3414 γάρ
2773 3347 2888 3397 ἐστι
2912 3345 2991 3408 τὸ,
3041 3346 3389 3418 Ἑφύλασσε
3432 3355 3506 3407 τὸ
3546 3359 3750 3427 στόμα

2169 3430 2378 3498 αὐτῆς,
2421 3431 2520 3484 καὶ
2557 3431 2630 3484 τὰ
2680 3432 2852 3500 χείλη
2900 3434 3090 3502 αὐτῆς
3135 3437 3413 3505 ἐκινεῖτο,
3465 3443 3634 3512 φωνὴ
3669 3447 3740 3500 δὲ

2169 3519 2358 3586 αὐτῆς
2399 3519 2510 3572 οὐκ
2541 3519 2826 3585 ἠκούετο·
2879 3523 3131 3576 ἐϐιάσατο
3177 3526 3272 3584 καὶ
3317 3529 3618 3585 ὑπακοῦσαι
3659 3533 3742 3604 τῷ

2171 3605 2324 3674 ἱερεῖ,
2359 3605 2456 3658 καὶ·
2489 3604 2587 3674 τῆς
2633 3605 2797 3677 εὐχῆς
2842 3609 3160 3680 ἀποστῆναι.
3215 3613 3600 3687 Ἐπεστόμιστο
3645 3617 3744 3680 οὖν,

2169 3694 2334 3763 αὐτῆς
2360 3694 2394 3762 ἡ
2423 3691 2596 3763 φωνὴ,
2621 3693 2722 3746 οὐκ
2746 3696 3102 3767 ἐπεστόμιστο
3133 3699 3188 3751 δὲ
3211 3703 3242 3770 ἡ
3278 3705 3579 3774 παρρησία,
3601 3707 3752 3770 ἀλλὰ¹

2173 3779 2430 3850 μειζόνως
2461 3784 2494 3852 ἡ
2527 3783 2723 3854 καρδία
2763 3781 2907 3837 ἔνδον
2949 3783 3099 3838 ἐϐόα.
3134 3787 3304 3841 Τοῦτο
3339 3793 3446 3863 γάρ
3478 3793 3594 3846 ἐστι
3629 3795 3736 3865 μά-

2169 3867 2324 3921 λιστα
2353 3869 2506 3940 εὐχὴ,
2547 3872 2673 3924 ὅταν
2706 3869 2850 3924 ἔνδον
2888 3873 2943 3923 αἱ
2968 3871 3088 3941 βοαὶ
3128 3873 3540 3947 ἁναφέρωνται·
3581 3881 3744 3942 τοῦτο¹

2173 3956 2404 4026 μάλιστα
2427 3958 2603 4028 ψυχῆς
2626 3961 3030 4032 πεπονημένης,
3050 3961 3124 4032 μὴ
3143 3963 3220 4036 τῷ
3245 3965 3382 4038 τόνῳ
3403 3967 3501 4038 τῆς
3527 3971 3732 4041 φωνῆς,

2169 4045 2303 4098 ἀλλὰ
2328 4049 2394 4118 τῇ
2443 4047 2718 4120 προθυμία
2767 4049 2866 4119 τῆς
2905 4050 3140 4116 διανοίας
3186 4053 3284 4130 τὴν
3327 4055 3492 4128 εὐχὴν
3531 4059 3732 4112 ἐπιδεί-

2171 4134 2416 4187 κνυσθαι.

2239 4335 2308 4398 γ’.
2326 4329 2480 4384 Οῦτω
2508 4331 2598 4384 καὶ
2621 4331 2860 4402 Μωῦσῆς
2893 4333 3088 4405 ηὔχετο
3105 4352 3118 4366 ·
3145 4335 3225 4390 διὸ
3252 4341 3343 4392 καὶ
3371 4341 3538 4410 μηδὲν
3571 4345 3744 4397 αὐτοῦ

2171 4416 2560 4486 φθεγγομένου,
2589 4421 2751 4488 φησὶν
2773 4421 2800 4472 6
2827 4420 2978 4486 Θεὸς,
3009 4425 3068 4477 Τί
3097 4423 3253 4491 βοᾷς
3275 4429 3422 4494 πρός
3453 4447 3568 4497 με;
3607 4433 3731 4484 ’Λν-

2171 4503 2375 4574 θρωποι
2404 4504 2499 4573 μὲν
2523 4505 2631 4576 γὰρ
2648 4505 2851 4577 ταύτης
2877 4509 3034 4576 μόνον
3059 4512 3379 4566 ἐπακούουσι
3401 4517 3498 4584 τῆς
3523 4519 3731 4588 φωνῆς.

2169 4593 2197 4642 6
2221 4590 2276 4642 δέ
2305 4590 2432 4654 Θεὸς
2463 4592 2568 4663 ’πρὸ
2591 4594 2794 4665 ταύτης
2817 4596 2924 4650 τῶν
2953 4597 3162 4652 ἔνδοθεν
3187 4601 3494 4671 κραζόντων
3523 4607 3730 4662 ἀκούει,

2173 4677 2323 4748 [715]
2357 4679 2496 4747 ’Λρα
2537 4678 2652 4732 ἔστι
2701 4685 2794 4734 καὶ
2837 4683 2912 4754 μὴ
2952 4685 3252 4756 κράζοντας
3298 4691 3609 4758 ἀκούεσθαι,
3641 4697 3733 4748 καὶ

2171 4766 2256 4818 ἐπ’
2285 4767 2485 4838 ἀγορᾶς
2515 4766 2823 4836 βαδίζοντας
2867 4773 3116 4843 εῦχεσθαι
3165 4777 3303 4830 κατά
3331 4777 3567 4834 διάνοιαν
3597 4785 3734 4852 μετὰ

2171 4853 2369 4922 πολλῆς
2397 4853 2697 4923 ἀκριϐείας,
2721 4859 2814 4908 καὶ
2843 4861 2978 4940 μετά
2999 4861 3166 4930 φίλων
3190 4865 3621 4938 συνεδρεύοντας,
3641 4873 3734 4924 καὶ

2172 4943 2278 4994 πᾶν
2313 4941 2488 4994 ὁτιοῦν
2517 4943 2800 5008 ποιοῦντας
2835 4947 2970 5015 μετὰ
3001 4951 3234 5018 σφοδρᾶς
3273 4953 3372 5022 τῆς
3399 4955 3526 5026 βοῆς
3553 4957 3732 5010 καλεῖν
3839 4989 3844 4992 -

2171 5030 2260 5084 τὸν
2286 5029 2436 5096 Θεὸν,
2465 5031 2561 5100 τῆς
2592 5031 2735 5085 ἔνδον
2761 5032 2920 5102 λέγω,
2958 5037 3050 5088 καὶ
3094 5039 3282 5108 μηδενὶ
3307 5041 3413 5094 τῶν
3455 5047 3732 5115 παρόντων

2173 5117 2470 5188 κατάδηλον
2499 5117 2700 5190 ταύτην
2725 5125 2914 5174 ποιεῖν.
2931 5123 3108 5194 Ὅπερ
3134 5123 3226 5179 οὖν
3255 5129 3348 5180 καὶ
3375 5132 3406 5200 ἡ
3435 5133 3567 5202 γυνὴ
3593 5133 3732 5204 αῦτη

2171 5205 2290 5258 τότε
2319 5207 2562 5276 ἐποίησε.
2585 5206 2755 5273 Φωνὴ
2779 5207 2889 5276 γὰρ
2917 5209 3108 5280 αὐτῆς
3129 5215 3240 5267 οὐκ
3262 5215 3533 5283 ἠκούετο,
3568 5222 3698 5291 φησί
3716 5239 3730 5252 ·

2175 5293 2269 5345 καὶ
2289 5294 2605 5363 εἰσήκουσεν
2633 5293 2798 5364 αὐτῆς
2825 5299 2853 5348 6
2872 5297 3021 5360 Θεός.
3051 5299 3286 5373 Τοιαύτη
3318 5299 3385 5373 ἦν
3407 5307 3570 5376 αὐτῆς
3595 5307 3734 5360 ἐνδο-

2175 5381 2265 5432 θεν
2285 5382 2318 5450 ἡ
2339 5383 2575 5452 κραυγή.
2603 5383 2708 5434 Καὶ
2734 5379 2901 5436 εἶπεν
2929 5385 3083 5453 αὐτῇ
3103 5389 3167 5440 τὸ
3199 5391 3514 5459 παιδάριον
3545 5396 3697 5450 Ἡλεί
3715 5412 3730 5425 ’

2175 5473 2330 5538 Ἕως
2353 5473 2496 5528 πότε
2514 5474 2871 5542 μεθυσθήσῃ
2887 5493 2905 5540 ;
2923 5479 3290 5546 ΙΙεριελοῦσα
3312 5483 3420 5536 τὸν
3437 5481 3604 5538 οἶνόν
3617 5501 3735 5540 σου

2175 5558 2292 5618 ἀπὸ
2322 5559 2458 5624 σοῦ,
2485 5561 2705 5616 ἄπελθε
2737 5563 2804 5616 ἐκ
2839 5564 3160 5632 προσώπου
3191 5571 3432 5637 Κυρίου.
3474 5571 3744 5628 Ἐνταῦθα

2177 5649 2408 5717 μάλιστα
2431 5646 2544 5705 ἔστι
2573 5649 2668 5720 τὴν
2701 5651 3016 5720 φιλοσοφίαν
3035 5655 3130 5722 τῆς
3153 5659 3410 5723 γυναικὸς
3435 5659 3584 5714 ἰδεῖν.
3611 5663 3738 5715 Ἐπὶ

2173 5737 2274 5808 τῆς
2300 5738 2474 5800 οἰκίας
2495 5740 2528 5808 ἡ
2559 5739 2838 5809 ἀντίζηλος
2861 5742 3160 5807 ιὸνείδιξενο
3181 5741 3343 5816 ἦλθεν
3367 5750 3448 5811 είς
3474 5751 3566 5803 τὸν
3583 5749 3734 5814 ναὸν,

2177 5829 2356 5883 καὶτὸ
2397 5827 2676 5900 παιδάριον
2709 5827 2802 5882 τοῦ
2851 5831 3038 5901 ἱερέως
3065 5830 3286 5904 ὕϐρισε,
3335 5835 3430 5890 καὶ
3479 5839 3508 5891 6
3557 5838 3752 5904 ἱερεὺς
