4094 6256
361 372 464 429 045

362 495 415 542 et
436 485 762 540 sacerdotem
779 498 794 547 ;
811 488 1028 550 eratque
1047 479 1256 550 gemina
1277 480 1392 549 ejus
1412 479 1548 535 uteri
1569 480 1934 547 sanctificatio,

361 575 578 644 etquod
603 574 694 628 tali
718 588 880 644 puero
904 586 1184 643 praagnans
1205 580 1368 637 esset,
1397 579 1452 625 et
1477 570 1617 640 quod
1639 571 1944 640 conceptio-

303 653 306 655 ,
363 667 449 722 nis
507 666 712 720 initium
753 680 853 734 per
890 664 1248 734 precationem
1301 676 1363 716 ac
1405 663 1675 716 caelestem
1717 661 1943 730 gratiam

365 759 676 828 accepisset.

436 852 492 906 2.
519 851 664 906 Onus
690 859 866 905 autem
889 848 1014 904 illud
1036 863 1139 902 non
1163 847 1334 903 solum
1366 855 1481 901 erat
1524 846 1850 915 inopinatum
1892 851 1947 898 et

365 943 695 1008 admirabile,
736 958 919 996 verum
945 951 1000 996 et
1034 941 1404 1011 negotiationis
1429 939 1619 994 modus
1653 938 1749 992 fuit
1773 937 1944 991 admi-

369 1037 583 1092 rabilior
611 1055 622 1090 :
651 1051 824 1106 neque
858 1037 1000 1090 enim
1036 1035 1164 1089 illud
1209 1032 1506 1087 hominibus
1552 1031 1673 1085 ullis
1711 1028 1948 1084 vendidit

367 1138 460 1183 aut
502 1128 934 1198 negotiatoribus,
964 1126 1057 1183 sed
1087 1126 1330 1196 protinus
1353 1134 1411 1178 ut
1435 1131 1752 1192 eXposuerat
1778 1136 1808 1176 e
1831 1135 1947 1175 sca-

368 1220 494 1288 pba,
528 1220 634 1274 Deo
676 1218 954 1274 vendidit:
987 1227 1190 1272 tantum
1231 1224 1408 1270 autem
1452 1216 1552 1267 hac
1593 1212 1949 1283 negotiatione

370 1313 575 1367 lucrum
601 1311 738 1372 fecit,
786 1320 1039 1380 quantum
1083 1311 1255 1364 facere
1290 1323 1383 1377 par
1406 1315 1488 1361 est
1515 1321 1652 1369 eam,
1685 1318 1801 1373 quae
1828 1317 1946 1357 cum

371 1403 479 1457 Deo
506 1403 749 1456 habuerit
769 1401 1168 1456 commercium.
1197 1399 1405 1454 Etenim
1453 1407 1796 1468 posteaquam
1828 1409 1949 1448 eum

369 1493 535 1548 fetum
552 1505 829 1563 acceperat
846 1494 1003 1556 Deus,
1025 1492 1255 1546 reddidit
1275 1491 1347 1544 illi
1367 1491 1592 1544 alterum
1612 1487 1774 1541 lilium
1806 1505 1818 1539 :
1845 1487 1951 1540 imo

368 1586 568 1657 potius,
586 1600 690 1640 non
714 1601 894 1647 unum,
914 1598 1085 1653 neque
1104 1583 1256 1646 duos,
1279 1597 1450 1650 neque
1477 1589 1606 1645 tres,
1631 1592 1800 1647 neque
1821 1593 1950 1644 qua-

373 1687 494 1732 tuor
513 1686 734 1741 tantum,
754 1676 846 1732 sed
870 1676 951 1729 his
973 1675 1138 1729 multo
1157 1675 1356 1742 plures,
1379 1673 1511 1739 Quia
1531 1671 1728 1730 sterilis,
1749 1670 1947 1738 inquit,

365 1768 563 1836 peperit
601 1776 788 1836 septem
819 1764 892 1836 (l.
925 1765 1050 1834 Reg.
1083 1764 1136 1820 2.
1169 1764 1245 1832 5),
1277 1771 1331 1816 et
1360 1777 1516 1816 usura
1542 1769 1738 1815 sortem
1769 1774 1954 1812 exces-

362 1859 451 1912 sit.
483 1858 630 1912 Talis
662 1858 804 1912 enim
830 1865 911 1911 est
939 1855 1244 1926 negotiatio,
1272 1868 1388 1922 qua:
1427 1867 1546 1906 cum
1580 1851 1685 1903 Deo
1711 1851 1910 1918 geritur
1936 1865 1948 1899 :

365 1963 471 2002 non
507 1949 594 2003 ille
631 1947 1165 2016 quantulamcumque
1202 1944 1360 1997 sortis
1391 1952 1612 2010 partem,
1640 1939 1731 1993 sed
1776 1937 1954 1991 multis

365 2039 606 2110 partibus
655 2038 1079 2108 conduplicatam
1125 2035 1317 2089 reddit.
1366 2034 1548 2102 Neque
1592 2032 1765 2085 solum
1811 2031 1955 2092 dedit

367 2135 443 2187 illi
476 2133 655 2203 proles
707 2131 981 2192 femineas,
1006 2129 1099 2182 sed
1127 2143 1191 2181 ex
1225 2137 1447 2194 utroque
1487 2139 1616 2178 sexu
1657 2123 1858 2176 lucrum
1887 2122 1948 2174 il-

367 2225 470 2278 lius
514 2224 822 2286 cumulavit,
857 2232 912 2276 ut
936 2220 1012 2274 illi
1059 2221 1168 2288 jam
1206 2217 1496 2287 perfectum
1525 2214 1806 2285 contigerit
1830 2229 1953 2285 gau-

371 2319 543 2373 dium.
593 2318 719 2373 Htec
747 2331 811 2370 eo
840 2327 1220 2378 commemoro,
1252 2327 1354 2365 non
1383 2318 1440 2364 ut
1465 2309 1688 2364 laudetis
1730 2318 1952 2372 tantum,

372 2410 469 2464 sed
497 2418 552 2464 et
577 2408 900 2463 azmulemini
922 2407 938 2438 ¹
971 2405 1128 2475 hujus
1171 2403 1406 2458 mulieris
1447 2403 1603 2458 ﬁdem
1635 2417 1696 2457 ac
1721 2403 1952 2456 toleran-

370 2502 520 2565 tiam,
555 2512 712 2569 quam
745 2514 810 2552 ex
841 2505 988 2566 parte
1028 2496 1241 2566 quidem
1271 2495 1493 2549 audistis
1541 2509 1742 2562 nuper;
1773 2508 1972 2546 verum

369 2599 420 2644 ut
456 2589 706 2658 reliquias
734 2589 1116 2656 persolvamus,
1149 2584 1422 2640 concedite
1451 2584 1581 2638 mihi
1613 2599 1772 2653 pauca
1802 2598 1954 2637 com-

375 2695 679 2735 memorare
698 2681 765 2734 de
795 2680 1128 2734 sermonibus
1172 2688 1290 2747 post
1335 2678 1556 2747 primam
1599 2677 1953 2746 precationem

368 2790 494 2827 cum
521 2773 797 2828 sacerdote
841 2773 1062 2842 ejusque
1109 2772 1353 2826 ministro
1400 2770 1626 2834 habitis,
1659 2777 1716 2822 ut
1754 2769 1956 2838 perspi-

365 2865 523 2920 ciatis
551 2863 737 2919 mitem
769 2878 831 2917 ac
860 2863 1122 2932 placidum
1155 2863 1312 2930 hujus
1339 2861 1574 2914 mulieris
1602 2860 1858 2912 animum.
1889 2857 1955 2910 Et

370 2960 567 3025 factum
607 2963 696 3017 est,
737 2954 924 3022 inquit,
972 2969 1085 3006 cum
1131 2951 1493 3020 multiplicaret
1541 2951 1874 3019 precatione»:
1903 2949 1957 3001 in

370 3053 641 3114 conspectu
685 3043 911 3109 Domini,
963 3041 1083 3096 Heli
1124 3043 1356 3098 sacerdos
1402 3042 1691 3096 observabat
1726 3059 1782 3095 os
1822 3041 1960 3094 illius

377 3137 541 3207 (Ibid.
573 3137 625 3191 t.
650 3136 763 3207 η).

445 3227 716 3299 Duplicem
739 3229 901 3282 Annia
936 3228 1166 3283 virtutem
1206 3226 1402 3280 laudat.
1431 3224 1648 3280 Assidue
1688 3226 1954 3280 orandum.

371 3319 740 3375 —-Geminam
803 3321 1031 3390 scriptor
1075 3319 1160 3374 hic
1211 3319 1461 3374 virtutem
1511 3319 1564 3373 in
1612 3319 1806 3373 femina
1859 3334 1958 3373 suo

374 3412 678 3468 testimonio
704 3412 1068 3484 comprobavit
1097 3429 1109 3465 :
1144 3413 1194 3466 in
1221 3411 1469 3482 precibus
1510 3411 1870 3466 assiduitatem
1908 3420 1961 3466 et

375 3503 540 3558 animi
583 3503 908 3574 vigilantiam
935 3521 947 3556 :
979 3503 1123 3557 illam
1167 3503 1400 3572 quidem,
1428 3519 1548 3558 cum
1577 3504 1669 3570 ait,
1703 3503 1959 3573 Multipli-

372 3595 502 3648 cavit
530 3611 550 3661 ,'
577 3593 732 3661 hanc,
756 3611 876 3650 cum
917 3595 1116 3649 addidit
1135 3637 1149 3660 ,
1184 3594 1247 3648 In
1269 3605 1536 3663 conspectu
1565 3593 1812 3649 Domini:
1837 3611 1960 3649 nam

375 3699 563 3740 ornnes
583 3686 794 3755 quidem
842 3701 1078 3751 oramus,
1108 3686 1200 3740 sed
1229 3702 1334 3740 non
1383 3700 1571 3741 omnes
1597 3688 1646 3738 in
1675 3696 1960 3756 conspectu

377 3775 492 3828 Dei.
543 3775 748 3830 Etenim
787 3791 907 3829 cum
943 3789 1167 3842 corpore
1197 3775 1247 3828 in
1279 3783 1420 3828 terra
1454 3784 1738 3843 prostrato,
1769 3787 1824 3830 et
1869 3791 1962 3830 ore

377 3875 580 3920 temere
623 3866 901 3928 delirante,
941 3879 1090 3919 mens
1117 3865 1308 3933 ubique
1333 3879 1426 3932 per
1454 3865 1670 3919 domum
1699 3881 1761 3920 ac
1791 3865 1960 3920 forum

376 3960 798 4027 circumvagatur
828 3975 840 4010 :
873 3971 977 4026 quo
998 3970 1090 4010 ore
1115 3956 1236 4008 talis
1261 3964 1444 4024 posset
1461 3954 1660 4023 dicere,
1684 3957 1822 4026 quod
1844 3972 1962 4011 ora-

377 4050 515 4103 verit
533 4050 585 4103 in
603 4057 887 4118 conspectu
907 4047 1038 4102 Dei?
1057 4045 1188 4100 Nam
1209 4047 1259 4100 in
1273 4055 1558 4116 conspectu
1582 4047 1788 4101 Domini
1823 4057 1959 4113 orat,

375 4141 471 4209 qui
492 4149 607 4196 orat
633 4140 862 4210 undique
881 4139 1134 4208 colligens
1158 4153 1307 4192 suam
1326 4145 1578 4202 mentem,
1599 4138 1731 4194 nihil
1761 4139 1961 4194 habens

375 4249 500 4287 cum
523 4243 658 4288 terra
687 4232 1013 4297 commercii,
1031 4231 1124 4286 sed
1148 4229 1212 4284 ad
1236 4229 1406 4302 ipsum
1428 4232 1648 4286 celum’
1672 4241 1811 4287 totus
1826 4247 1964 4288 com-

375 4327 632 4397 migrans,
654 4326 795 4381 omni
814 4325 1128 4395 cogitatione
1163 4322 1392 4377 humana
1409 4325 1476 4378 ab
1492 4325 1669 4379 animo
1689 4325 1908 4394 depulsa
1935 4343 1947 4376 :

380 4420 831 4492 quemadmodum
861 4419 911 4473 id
937 4418 1190 4486 temporis
1218 4419 1332 4471 lucc
1362 4417 1484 4472 iecit
1529 4419 1721 4473 mulier
1755 4436 1766 4472 :
1796 4428 1958 4473 totam

378 4517 526 4570 enim
551 4529 669 4570 sese
696 4514 978 4582 collegerat
1007 4524 1068 4564 ac
1097 4518 1329 4563 mentem
1372 4510 1689 4574 intenderat,
1712 4520 1868 4580 atque
1889 4512 1960 4565 ita

380 4608 550 4662 Deum
595 4604 858 4659 invocavit
902 4601 1080 4655 animo
1117 4600 1348 4655 dolente.
1392 4600 1496 4656 Sed
1524 4617 1619 4656 cur
1663 4603 1959 4668 dieit,eam

381 4698 764 4767 multiplicasse
797 4693 1173 4766 precationem,
1191 4692 1400 4760 quando
1426 4696 1645 4763 exiguus
1668 4706 1751 4748 est
1774 4695 1962 4750 modus

381 4789 894 4862 precationis,quam
919 4784 1054 4839 fudit
1079 4783 1302 4836 mulier?
1327 4783 1506 4852 Neque
1529 4786 1579 4838 in
1603 4786 1815 4855 longum
1838 4802 1962 4855 pro-

380 4881 533 4936 duxit
557 4891 879 4945 sermonem,
901 4889 1071 4945 neque
1100 4874 1149 4927 in
1183 4873 1404 4926 multum
1426 4877 1678 4945 temporis
1693 4877 1925 4932 extendit
1941 4878 1962 4908 ³

379 4971 818 5042 supplicationem
839 5011 854 5035 ,
887 4967 981 5022 sed
1009 4978 1172 5034 pauca
1208 4962 1450 5033 nudaque
1465 4965 1623 5021 verba
1652 4967 1962 5037 proloquuta

380 5074 482 5119 est.
513 5064 715 5117 Anomu
746 5075 940 5115 DOMINE
962 5060 1093 5114 ELOI
1137 5069 1395 5125 samem,
1422 5058 1464 5110 si
1489 5058 1758 5127 respiciens
1798 5074 1964 5128 respe-

378 5157 517 5211 xeris
545 5156 613 5208 ad
633 5154 963 5208 humilitatem
1005 5156 1206 5210 ancilla:
1249 5166 1380 5219 tute,
1417 5153 1608 5221 meique
1639 5167 1827 5204 memor
1849 5151 1961 5219 [ue-

381 5250 474 5312 ris,
503 5263 593 5301 nec
608 5247 790 5300 oblitus
809 5245 1009 5300 ancilla:
1034 5256 1152 5312 tute,
1181 5245 1472 5315 dederisque
1496 5243 1696 5296 ancilla:
1714 5252 1812 5295 tua:
1845 5258 1964 5312 pro-

384 5341 484 5396 lem
526 5338 1066 5406 masculam,oﬂ'eram
1107 5339 1250 5392 illam
1278 5338 1410 5391 dono
1448 5337 1499 5390 in
1529 5344 1794 5403 conspectu
1836 5345 1921 5388 tuo
1943 5375 1958 5398 ,

383 5451 539 5505 usque
595 5434 662 5487 ad
700 5433 832 5488 diem
870 5433 1044 5486 mortis
1089 5433 1268 5503 ipsius.
1313 5429 1497 5484 Vinum
1521 5440 1566 5484 et
1606 5429 1846 5498 quidquid
1878 5429 1961 5480 in-

449 5573 468 5600 ι
504 5576 617 5631 tteg.
642 5568 832 5618 eteolb.
857 5570 970 5630 duo,
982 5581 1074 5618 non
1086 5573 1136 5617 ut
1156 5565 1405 5616 laudemus
1425 5570 1623 5627 tantum,
1643 5563 1730 5615 sed
1753 5570 1796 5613 et
1812 5575 1962 5614 temu-

384 5631 559 5687 lemur,
587 5638 679 5680 etc.

450 5694 470 5722 '
507 5700 620 5751 Vox,
648 5691 836 5752 ctelwn,
859 5692 1001 5742 deest
1023 5693 1071 5741 in
1094 5690 1222 5741 Coll).
1252 5698 1303 5740 et
1324 5698 1438 5752 Reg.

451 5753 576 5820 _3_Sic
607 5748 874 5820 'Colh._c_luo
912 5761 962 5802 et.
987 5762 1119 5818 nega,
1147 5753 1320 5803 melius
1354 5748 1496 5815 quam
1517 5749 1654 5802 ’.ξω-λι.
1695 5757 1744 5801 ct
1777 5748 1958 5810 Morel.,

379 5815 463 5870 qui
491 5817 696 5872 habent.
721 5814 904 5875 abjcct't.

1021 5969 1080 5984 Δ-βΐ

1669 364 1752 417 DE
1794 362 1970 417 ΑΝΝΑ
2011 360 2238 418 SERMO
2263 361 2326 418 ll.

3531 365 3632 419 6ίῖ

2051 478 2209 532 ebriat
2234 495 2334 533 non
2359 477 2506 544 bibet,
2537 488 2582 531 et
2607 479 2792 545 ferrum
2815 494 2913 530 non
2940 478 3328 548 ascendetsuper
3352 486 3500 546 caput
3519 478 3632 546 ejus

2051 570 2125 643 (1.
2152 572 2281 642 Reg.
2330 572 2380 625 1.
2417 573 2528 641 11).
2566 571 2694 638 Qua:
2737 581 2819 626 est
2856 569 2941 625 hic
2984 571 3262 626 verborum
3314 567 3634 624 multitudo?

2051 663 2187 731 Quid
2225 665 2384 734 igitur
2431 666 2622 728 innuit,
2652 679 2770 718 cum
2813 665 2906 730 ait,
2936 662 3324 733 Multiplicavit?
3363 663 3484 717 llaec
3530 660 3638 715 fre-

2051 765 2276 825 quenter
2318 755 2547 822 dicebat,
2593 771 2692 811 nec
2717 755 2918 811 destitit
2944 755 3128 811 iisdem
3172 757 3346 809 vei-his
3386 753 3639 808 iterandis

2057 849 2281 902 multum
2323 851 2576 919 temporis
2617 850 2917 904 absumere.
2944 848 3020 902 Ita
3046 858 3099 903 et
3127 839 3376 897 Christus
3397 842 3449 896 in
3466 839 3638 898 Evan-

2053 938 2189 1007 gelio
2215 939 2392 993 docuit
2419 955 2590 994 orare.
2625 939 2757 994 Cum
2790 941 2930 994 enim
2953 940 3199 1009 jussisset
3244 937 3534 1007 discipulis,
3569 951 3636 990 ne

2054 1045 2202 1087 more
2244 1032 2516 1101 gentilium
2561 1043 2794 1097 orarent,
2825 1041 3034 1087 utentes
3082 1031 3429 1101 multiloquio,
3476 1028 3634 1084 etiam

2054 1122 2266 1177 modum
2295 1124 2610 1192 precationis
2631 1123 2806 1177 docuit
2829 1122 3040 1192 (Matth.
3060 1122 3112 1175 6.
3140 1122 3213 1190 7):
3242 1120 3547 1184 ostendens,
3576 1129 3634 1172 ut

2054 1213 2402 1267 exaudiamur
2450 1229 2552 1266 non
2614 1229 2733 1267 esse
2782 1214 2937 1266 sitmn
2981 1213 3030 1265 in
3075 1212 3355 1265 verborum
3403 1209 3638 1264 multitu-

2056 1305 2197 1367 dine,
2249 1303 2341 1358 sed
2363 1303 2414 1357 in
2440 1304 2707 1373 vigilantia
2734 1303 2945 1357 mentis.
2976 1301 3249 1367 Quomodo
3287 1302 3460 1369 igitur,
3494 1299 3640 1353 dixe-

2058 1396 2127 1448 rit
2172 1394 2396 1464 aliquis,
2446 1396 2488 1448 si
2529 1395 2710 1464 paucis
2759 1394 3018 1447 orandum
3059 1401 3169 1455 est,
3218 1392 3518 1461 parabolam
3561 1393 3638 1445 eis

2058 1489 2350 1557 proposuit,
2394 1488 2767 1542 admonentem
2803 1503 3014 1556 semper
3059 1503 3176 1541 esse
3214 1486 3508 1539 orandum?
3540 1487 3628 1538 Vi-

2057 1581 2158 1634 dua
2200 1582 2439 1650 qumdam
2484 1591 2634 1646 crat,
2674 1597 2790 1651 quae
2841 1581 3052 1634 assidue
3105 1579 3418 1649 appellando
3442 1579 3635 1633 crude-

2058 1671 2163 1726 lem
2209 1681 2262 1724 et
2283 1671 2627 1725 inhumanum
2665 1672 2916 1740 judiccm,
2943 1686 3111 1740 neque
3153 1671 3314 1725 Dcmn
3345 1671 3636 1734 timentem,

2059 1779 2229 1832 neque
2270 1762 2514 1816 homines
2537 1772 2888 1825 reverentem,
2925 1762 3226 1831 frequenter
3269 1762 3452 1814 adiens
3491 1761 3633 1814 flexit

2059 1853 2210 1919 (L'uc.
2236 1853 2320 1908 18.
2343 1853 2486 1925 5-5).
2503 1853 2780 1920 Quomodo
2798 1869 2892 1908 nos
2907 1864 2957 1907 et
2977 1853 3166 1906 Paulus
3180 1855 3421 1906 hortatur
3437 1853 3637 1919 dicens,

2062 1946 2348 2001 Precationi
2389 1949 2629 2002 instantes
2657 1947 2835 2015 (Rom.
2872 1946 2952 1998 1'2.
2991 1946 3096 2017 19.).
3123 1961 3184 1998 ac
3213 1960 3412 2008 rursus,
3441 1943 3640 1998 lndesi-

2059 2048 2232 2092 neuter
2255 2050 2394 2092 orate
2415 2040 2490 2106 (1.
2515 2037 2690 2092 Thess.
2717 2038 2769 2092 5.
2798 2035 2881 2107 17)
2905 2039 2924 2088 1'
2945 2034 3076 2089 Nam
3094 2039 3134 2091 si
3168 2035 3324 2091 verba
3339 2035 3575 2106 proferre
3591 2038 3642 2088 in

2063 2132 2276 2199 longum
2307 2145 2410 2184 non
2438 2137 2670 2198 oportet,
2688 2136 2739 2183 et
2763 2137 2937 2181 tamen
2964 2127 3174 2182 assidue
3199 2143 3370 2192 orare,
3397 2127 3496 2182 hoc
3521 2142 3644 2182 cum

2064 2224 2153 2277 illo
2195 2232 2409 2292 pugnat.
2457 2222 2572 2276 Non
2618 2218 2758 2276 inter
2787 2235 2846 2276 se
2891 2229 3125 2291 pugnant
3169 2220 3296 2285 ista;
3342 2221 3516 2275 absit:
3549 2220 3642 2275 sed

2061 2332 2381 2388 magnopere
2425 2317 2563 2371 inter
2593 2331 2652 2371 se
2680 2325 3000 2385 congruunt.
3025 2314 3293 2383 Siquidem
3325 2324 3377 2368 et
3401 2314 3644 2369 Christus

2059 2417 2113 2460 et
2137 2409 2329 2461 Paulus
2349 2407 2508 2476 jussit
2535 2407 2744 2473 breves,
2770 2405 2862 2462 sed
2895 2405 3111 2460 crebras
3155 2405 3268 2460 fieri
3314 2404 3644 2475 precationes

2058 2514 2123 2552 ex
2171 2498 2352 2567 paucis
2394 2497 2702 2552 intervallis.
2749 2495 2882 2551 Nam
2927 2493 2972 2549 si
2998 2498 3046 2549 in
3084 2498 3297 2566 longum
3339 2497 3644 2550 extenderis

2061 2590 2245 2656 verba,
2276 2605 2398 2644 cum
2445 2590 2750 2659 frequenter
2794 2605 2979 2659 parum
3017 2589 3092 2642 sis
3143 2599 3393 2653 attentus,
3424 2591 3645 2646 multam

2059 2681 2330 2734 audaciam
2357 2680 2568 2736 diabolo
2592 2679 2959 2750 suppeditasti,
2985 2692 3034 2734 ut
3066 2681 3285 2735 accedat
3309 2684 3636 2752 supplantet-

2060 2788 2180 2842 que,
2211 2787 2273 2827 ac
2296 2783 2526 2828 mentem
2549 2773 2615 2826 ab
2645 2773 2708 2826 iis
2733 2783 2850 2842 qua:
2871 2772 3117 2826 dicuntur
3163 2783 3351 2826 avocet
3384 2791 3396 2825 :
3427 2773 3566 2842 quod
3595 2777 3636 2827 si

2061 2868 2362 2934 frequenter
2378 2881 2440 2920 ac
2467 2864 2690 2919 subinde
2715 2864 2973 2930 oraveris,
3005 2871 3211 2932 tempus
3257 2879 3414 2919 omne
3443 2865 3644 2920 crebris

2061 2958 2316 3011 dirimens
2343 2954 2651 3022 intervallis,
2683 2955 2833 3010 facile
2868 2957 3067 3024 poteris
3096 2971 3214 3009 esse
3243 2956 3451 3010 sobrius
3477 2971 3538 3010 ac
3565 2959 3642 3010 vi—

2062 3049 2234 3118 gilans
2262 3090 2282 3119 ,j
2316 3057 2373 3102 ut
2411 3049 2769 3117 precationem
2813 3047 2979 3100 multa
3027 3061 3145 3100 cum
3186 3046 3476 3101 attentione
3519 3063 3645 3116 pere

2065 3141 2235 3197 ﬁcias.
2266 3140 2416 3206 Quod
2464 3155 2594 3194 sane
2631 3138 2747 3193 haec
2794 3139 2952 3203 fecit,
3002 3137 3124 3192 dum
3175 3153 3282 3192 non
3329 3137 3486 3208 longo
3528 3154 3646 3193 scr-

2063 3249 2241 3301 mone,
2258 3233 2354 3288 sed
2381 3231 2582 3287 crebris
2603 3245 2666 3285 ac
2686 3230 3048 3300 frequentibus
3074 3231 3317 3300 precibus
3335 3229 3464 3285 adiit
3483 3229 3648 3286 Deum

2063 3325 2139 3398 (1.
2171 3324 2300 3397 Reg.
2333 3325 2384 3378 1.
2414 3323 2503 3378 12.
2535 3323 2648 3392 15).
2683 3321 2884 3377 Deinde
2917 3331 3256 3392 posteaquam
3297 3321 3544 3378 sacerdos
3571 3322 3646 3377 illi

2062 3417 2283 3472 occlusit
2312 3433 2372 3471 os
2404 3434 2416 3470 :
2447 3431 2567 3470 nam
2595 3416 2694 3470 hoc
2710 3423 2791 3470 est
2817 3415 2954 3484 quod
2985 3414 3078 3481 ait,
3112 3412 3414 3467 Obseruabat
3438 3429 3493 3467 os
3516 3415 3644 3486 ejus,

2063 3523 2108 3566 et
2138 3512 2271 3565 labia
2297 3512 2404 3581 ejus
2428 3511 2766 3573 movebantur,
2798 3523 2894 3562 vox
2919 3516 3084 3560 autent
3122 3505 3257 3559 illius
3285 3522 3384 3559 non
3409 3506 3648 3560 audieba-

2065 3613 2146 3656 tur
2178 3610 2401 3656 :coacta
2440 3608 2522 3655 est
2561 3600 2776 3654 obedire
2823 3597 3105 3658 sacerdoti,
3134 3605 3187 3649 et
3216 3597 3282 3649 ab
3325 3597 3525 3651 orando
3554 3598 3648 3652 dc-

2064 3692 2271 3746 sistere.
2300 3689 2366 3742 Et
2389 3704 2494 3742 vox
2534 3689 2747 3757 quidem
2779 3686 2852 3739 illi
2904 3687 3183 3740 interclusa
3226 3694 3326 3749 est,
3354 3696 3407 3739 at
3431 3702 3537 3740 non
3566 3698 3647 3740 est

2064 3781 2274 3835 exclusa
2307 3779 2516 3842 fiducia,
2548 3779 2640 3833 sed
2678 3778 3043 3832 vehementius
3068 3779 3230 3832 etiam
3261 3759 3644 3833 eor'clamabat

2066 3870 2228 3923 intus.
2256 3867 2389 3921 Nam
2415 3867 2500 3920 illa
2528 3867 2860 3936 potissimum
2886 3875 2968 3921 est
2995 3869 3248 3935 precatio,
3283 3883 3403 3921 cum
3428 3869 3495 3922 ab
3522 3871 3645 3922 inti-

2067 3959 2168 4012 mis
2194 3972 2349 4011 voces
2369 3971 2581 4011 sursum
2610 3956 2846 4009 feruntur
2878 3974 2891 4010 :
2924 3955 3025 4010 hoc
3054 3939 3312 4026 praecipue
3348 3958 3540 4012 mentis
3565 3971 3648 4014 est

2067 4049 2387 4115 exercitatae,
2418 4064 2524 4102 non
2553 4047 2845 4103 intentione
2891 4048 3054 4114 vocis,
3088 4048 3180 4103 sed
3233 4050 3394 4102 animi
3435 4050 3646 4107 fervore

2068 4142 2433 4213 precationem
2463 4140 2758 4196 absolvere.

2137 4234 2191 4289 5.
2212 4233 2298 4289 Sic
2323 4234 2492 4287 oravit
2521 4241 2576 4288 et
2603 4233 2774 4287 Moses
2815 4250 2828 4288 :
2859 4234 2946 4302 qui
2975 4247 3097 4288 cum
3120 4232 3247 4287 nihil
3273 4249 3399 4288 voce
3426 4250 3644 4290 resona-

2065 4336 2168 4392 ret,
2199 4325 2338 4379 Deus
2378 4337 2574 4392 tamen,
2616 4323 2773 4391 Quid,
2799 4325 2987 4395 inquit,
3029 4326 3220 4380 clamas
3257 4327 3325 4380 ad
3350 4344 3427 4382 me
3448 4328 3639 4402 (Exod.

2067 4421 2154 4474 14.
2186 4418 2303 4485 15)?
2331 4419 2582 4473 Homines
2621 4417 2832 4488 quidem
2853 4429 3127 4475 externam
3153 4420 3290 4476 hanc
3316 4438 3500 4478 vocem
3532 4434 3646 4478 tan-

2066 4523 2178 4566 tum
2203 4512 2440 4574 audiunt,
2468 4518 2524 4563 at
2551 4511 2688 4565 Deus
2713 4517 2767 4564 et
2791 4521 2913 4566 ante
2953 4514 3088 4566 hanc
3133 4514 3273 4568 intus
3300 4514 3646 4572 inclamantes

2065 4601 2230 4657 audit.
2267 4601 2446 4670 Itaque
2491 4599 2604 4654 fieri
2638 4607 2829 4667 potest,
2863 4608 2920 4653 ut
2962 4602 3121 4654 etiam
3165 4603 3255 4671 qui
3285 4619 3388 4657 non
3414 4606 3642 4662 clamant

2066 4693 2368 4757 audiantur,
2397 4702 2455 4745 ut
2488 4705 2582 4761 per
2629 4690 2801 4745 forum
2827 4690 3106 4746 ambulans
3133 4691 3251 4761 quis
3280 4704 3397 4748 oret
3425 4695 3641 4750 accuraé

2067 4786 2292 4853 tissime,
2319 4795 2373 4840 et
2399 4786 2449 4837 in
2477 4796 2732 4840 consessu
2782 4784 3071 4838 amicorum
3118 4785 3448 4857 aliorumque
3492 4790 3646 4858 quid.

2067 4878 2147 4932 vis
2176 4877 2314 4931 aliud
2342 4891 2502 4946 agens
2528 4875 2822 4929 vehementi
2849 4875 3081 4929 clamore
3106 4875 3315 4931 invocet
3337 4879 3524 4947 Deum,
3544 4881 3644 4935 cla-

2069 4983 2238 5030 more,
2270 4967 2505 5038 inquam,
2536 4967 2761 5031 interno,
2797 4966 3004 5020 etiamsi
3044 4966 3171 5021 nihil
3217 4966 3394 5037 faciat,
3435 4973 3572 5042 quod
3613 4991 3644 5028 a

2066 5074 2329 5130 quequam
2360 5059 2698 5128 prmsentium
2745 5059 3021 5111 sentiatur.
3053 5058 3203 5126 Quod
3233 5075 3361 5115 sane
3389 5069 3500 5116 tum
3533 5063 3645 5118 htec

2068 5153 2192 5206 fecit
2235 5148 2445 5204 mulier.
2511 5147 2637 5211 Vox,
2669 5149 2858 5217 inquit,
2906 5149 3045 5203 illius
3090 5167 3188 5204 non
3233 5151 3566 5216 audiebatur;
3592 5166 3646 5210 et

2067 5247 2340 5302 exaudivit
2382 5245 2525 5299 illam
2577 5244 2719 5298 Deus
2747 5260 2762 5296 :
2795 5253 2971 5298 tantus
3004 5254 3117 5299 erat
3151 5245 3290 5300 illius
3336 5245 3538 5302 clamor
3565 5249 3644 5303 in-

2069 5349 2267 5392 ternus.
2301 5337 2366 5390 Et
2394 5336 2520 5390 dixit
2560 5337 2637 5389 illi
2667 5353 2791 5404 puer
2836 5333 2952 5390 ΠειΙὶ
2975 5353 2993 5389 :
3027 5336 3294 5406 Quousque
3329 5339 3425 5391 eris
3473 5341 3644 5398 ebria?

2070 5431 2273 5484 Discute
2297 5430 2467 5482 vinum
2506 5439 2644 5481 tuum
2683 5429 2770 5480 abs
2793 5438 2856 5492 le,
2892 5437 2938 5480 et
2979 5428 3152 5480 recede
3177 5444 3208 5480 a
3242 5440 3508 5500 conspectu
3540 5432 3644 5490 Do-

2066 5522 2189 5574 mini
2205 5521 2278 5590 (1.
2295 5521 2421 5590 Reg.
2444 5520 2496 5574 1.
2523 5521 2627 5589 14).
2647 5519 2744 5572 llic
2765 5517 3095 5587 potissimum
3121 5517 3245 5572 licet
3273 5519 3428 5590 hujus
3454 5524 3644 5579 mulie-

2067 5615 2140 5668 ris
2159 5612 2540 5684 philosophiam
2564 5611 2879 5681 perspicere.
2899 5609 3048 5663 Domi
3065 5611 3417 5678 exprobrabat
3431 5617 3640 5682 aemula;

2068 5707 2214 5762 venit
2236 5705 2288 5760 in
2309 5705 2586 5774 templum,
2605 5711 2660 5756 ct
2678 5699 2970 5756 sacerdotis
2994 5716 3125 5768 puer
3162 5703 3322 5757 allicit
3345 5704 3485 5766 illam
3510 5723 3641 5768 cono

2068 5793 2306 5863 ltttuclia,
2331 5807 2383 5854 ct
2415 5799 2649 5867 increpat
2690 5795 2804 5865 ipse
2846 5793 3111 5851 sacerdos.
3156 5793 3417 5865 Eli‘ugemt
3459 5800 3642 5853 duiut:-
