4094 6256
463 382 566 436 (οιῖ

458 502 643 551 stic-ant
685 500 1069 562 tempestatem,
1091 491 1233 544 venit
1253 490 1304 542 in
1328 498 1558 558 portum,
1581 496 1636 542 et
1670 500 1853 541 rursus
1889 485 2034 539 inte-

460 587 538 640 nit
559 586 778 639 tinctus:
798 584 939 638 venit
966 589 1243 648 acceptura
1267 579 1616 643 medicamen,
1642 578 1733 633 sed
1762 577 1937 648 addita
1954 585 2037 629 cst

460 677 773 747 probrorum
801 673 972 744 plaga,
996 687 1096 741 qua
1128 671 1317 724 vulnus
1343 678 1628 734 cresceret,
1659 668 1855 723 nedum
1883 681 2036 720 cura-

462 779 629 822 retur.
642 765 795 820 Scitis
811 765 952 818 enim
970 764 1045 833 (η)
1063 762 1327 832 quomodo
1343 761 1502 814 animi
1533 769 1818 814 nttnrentes
1847 758 2035 811 adver-

473 873 563 912 sus
606 855 951 911 contumelias
979 864 1029 908 et
1055 853 1288 907 coovicia
1340 853 1444 906 sint
1486 851 1676 906 allecti.
1709 849 1854 904 Sicut
1892 849 2034 902 enim

461 949 651 1004 acerba
696 947 912 1004 vulnera
939 962 1002 999 ne
1041 946 1212 1005 levem
1258 944 1471 1013 quidem
1514 957 1697 996 manus
1736 949 2034 996 contactum

461 1041 640 1095 ierunt
669 1056 682 1090 :
709 1039 786 1092 sic
811 1047 865 1091 et
890 1037 1099 1092 animus
1125 1035 1459 1104 perturbatus
1483 1048 1544 1086 ac
1575 1047 1817 1085 morosus
1832 1031 1896 1084 ad
1917 1046 2035 1084 om-

463 1131 548 1184 nia
581 1129 881 1196 indignatur
919 1126 1128 1195 levique
1155 1124 1316 1179 verbo
1358 1123 1627 1177 mordetur
1654 1133 1706 1175 et
1733 1121 2034 1175 offenditur.

462 1222 655 1279 \‘erunt
687 1220 787 1275 hoc
810 1235 910 1272 non
938 1217 1128 1272 accidit
1153 1217 1272 1270 huic
1302 1215 1526 1279 mulieri,
1560 1230 1625 1268 ne
1659 1225 1764 1267 tum
1795 1213 2034 1283 quidem,

468 1328 588 1366 cum
615 1328 644 1365 a
689 1328 853 1380 puero
892 1310 1148 1364 conviciis
1193 1318 1473 1378 peteretur.
1525 1307 1654 1361 Nam
1704 1308 1746 1359 si
1793 1306 2040 1360 sacerdos

463 1402 1013 1467 l'uissetconviciatus,
1037 1415 1143 1460 non
1163 1408 1275 1453 erat
1302 1397 1517 1468 perinde
1545 1397 1780 1451 miranda
1807 1397 2040 1452 toleran-

465 1499 541 1551 tia
570 1516 583 1550 :
611 1496 881 1565 dignitatis
916 1494 1111 1564 quippe
1143 1491 1466 1561 magnitudo,
1494 1506 1556 1544 ac
1583 1490 1918 1559 magistratus
1945 1504 2040 1542 au-

463 1589 680 1643 ctoritas
705 1586 789 1640 vel
819 1586 1031 1639 invitam
1070 1585 1212 1638 illam
1246 1579 1585 1650 compulisset
1609 1581 1674 1634 ad
1702 1581 2033 1638 modestiam.

463 1679 614 1733 Nunc
640 1693 766 1732 vero
793 1692 887 1730 nec
907 1675 1160 1730 adversus
1189 1673 1481 1728 sacerdmis
1512 1688 1731 1741 puerum
1775 1671 2039 1740 indignata

464 1779 545 1823 est
574 1787 586 1822 :
617 1782 721 1838 quo
748 1768 912 1835 magis
935 1767 1091 1820 etiam
1123 1765 1223 1818 sibi
1251 1763 1551 1818 conciliavit
1583 1765 1762 1817 Deum.
1796 1763 1882 1817 Sic
1910 1777 2042 1831 quo—

465 1863 566 1915 ties
605 1861 904 1930 opprobriis
945 1861 1194 1929 tnilfeque
1241 1859 1393 1912 malis
1437 1858 1631 1924 allecti,
1680 1858 2042 1912 conviciatttes

465 1970 724 2025 generoso
753 1953 968 2008 ferimus
999 1954 1198 2017 animo,
1221 1951 1474 2021 majorem
1507 1951 1659 2005 nobis
1683 1965 1712 2004 a
1743 1951 1849 2004 Deo
1880 1950 2042 2003 bene-

464 2049 747 2104 volentiam
778 2048 1139 2101 conciliamus.

539 2137 823 2194 Tolerantia
850 2139 1183 2189 conviciorum
1215 2137 1410 2190 occasio
1437 2135 1598 2188 meriti
1629 2131 1832 2186 Davidi.
1865 2165 1934 2172 —
1967 2133 2032 2187 Et

420 2222 426 2230 ’
471 2230 612 2284 unde
639 2229 737 2282 hoc
776 2229 974 2295 liquet?
1004 2228 1077 2282 Ex
1120 2226 1202 2280 his
1243 2243 1360 2296 qua!
1403 2241 1630 2280 evenere
1667 2224 1867 2279 Davidi.
1911 2223 2044 2292 Quid

469 2333 645 2376 autent
678 2321 750 2377 illi
778 2321 994 2375 evenit?
1040 2320 1323 2374 Exsulabat
1366 2317 1647 2388 aliquando
1691 2332 1720 2370 e
1748 2319 1936 2386 patria,
1971 2318 2046 2370 si-

471 2413 582 2467 ntul
607 2413 750 2466 etde
780 2412 1019 2464 libertate
1039 2421 1092 2464 et
1122 2410 1224 2462 vita
1255 2425 1351 2463 sua
1383 2409 1705 2478 periclitans,
1736 2417 1791 2460 et
1816 2408 2046 2461 exercitu

471 2508 725 2560 adversus
763 2506 1199 2573 intemperantem
1229 2503 1374 2556 illum
1399 2502 1646 2569 juvenem
1681 2511 1960 2570 tyrannum
1986 2515 2047 2554 ac

474 2596 787 2667 parricidam
819 2598 1092 2658 instructo,
1120 2594 1330 2648 errabat
1357 2594 1408 2646 in
1429 2593 1654 2647 desertis
1679 2591 1751 2662 (‘2.
1780 2592 1903 2662 ηις.
1931 2592 2044 2657 16);

472 2706 570 2744 nec
614 2698 789 2742 tamen
847 2687 1144 2755 indignatus
1202 2693 1304 2749 est,
1353 2701 1448 2738 nec
1493 2685 1770 2752 despondit
1816 2685 2047 2738 animum

475 2782 616 2852 apttd
647 2781 834 2842 Deum,
868 2795 1037 2849 neque
1057 2779 1189 2832 dixit
1219 2796 1232 2832 :
1265 2778 1399 2846 Quid
1441 2777 1647 2831 tandem
1698 2777 1799 2832 hoc
1827 2778 1902 2831 rei
1932 2777 2050 2831 est?

475 2874 717 2945 permisit
762 2883 814 2925 ut
849 2872 985 2925 lilius
1027 2871 1318 2938 insurgeret
1357 2869 1615 2923 adversus
1653 2868 1833 2934 illum,
1874 2884 1902 2921 a
1947 2883 2051 2936 quo

475 2967 683 3036 genitus
708 2963 939 3032 estzqui
965 2962 1170 3016 etiamsi
1215 2962 1339 3031 quid
1383 2961 1619 3025 haberet,
1667 2960 1734 3014 de
1774 2976 1878 3030 quo
1911 2961 2052 3030 juste

477 3059 626 3128 queri
676 3066 877 3127 posset,
917 3071 1020 3109 non
1060 3053 1294 3122 oportuit
1341 3063 1514 3108 tamen
1570 3053 1620 3106 id
1667 3052 1841 3108 facere
1870 3071 1882 3105 :
1914 3070 2052 3107 nunc

478 3167 603 3212 vero
630 3166 726 3204 nec
755 3151 804 3203 in
833 3164 996 3218 parvo
1025 3164 1123 3202 nec
1151 3151 1201 3201 in
1229 3163 1420 3218 magno
1449 3149 1604 3202 liBSllS
1632 3164 1660 3201 a
1692 3149 1844 3202 nobis
1871 3149 2051 3202 obam-

478 3245 645 3310 bttlat,
669 3243 885 3312 cupiens
910 3241 1147 3295 dextram
1181 3251 1395 3310 paterno
1423 3241 1679 3310 sanguine
1719 3241 1973 3309 polluere,
2001 3251 2055 3294 et

480 3336 620 3390 Deus
641 3335 755 3390 hzec
781 3334 964 3388 videns
991 3333 1202 3400 patitur.
1233 3331 1336 3386 Sed
1367 3331 1497 3384 nihil
1527 3336 1712 3385 horum
1738 3331 1888 3390 dixit.
1916 3333 2052 3397 Quin

480 3427 618 3496 quod
642 3427 878 3497 profecto
907 3424 1074 3492 majus
1103 3435 1184 3477 est
1210 3435 1262 3478 et
1297 3423 1676 3489 admirabilius,
1713 3434 1974 3478 errantem
2002 3434 2056 3478 et

481 3518 714 3586 undique
761 3517 1039 3584 expulsum
1087 3516 1260 3576 Setnei
1314 3515 1525 3584 quidant
1576 3516 1654 3567 vir
1695 3515 1966 3584 improbus
1994 3530 2057 3570 ac

483 3613 738 3667 scelestus
785 3611 1070 3664 insectatus
1098 3619 1199 3671 est,
1253 3607 1538 3662 homicidio
1583 3607 1834 3677 pollutum
1879 3618 1930 3661 et
1959 3609 2056 3661 im-

481 3705 627 3780 pium
676 3703 947 3772 appellans
992 3700 1214 3770 aliisque
1260 3699 1550 3754 innumeris
1593 3699 1844 3753 conviciis
1891 3700 2056 3768 impe-

485 3806 604 3854 tens
627 3811 642 3850 :
669 3803 723 3850 at
750 3808 817 3848 ne
837 3793 914 3848 sic
937 3791 1147 3861 quidem
1176 3791 1273 3845 fuit
1302 3799 1662 3861 exasperatus.
1687 3789 1838 3857 Quod
1868 3790 1912 3844 si
1939 3793 2057 3861 quis

483 3885 712 3947 dixerit:
745 3883 881 3961 Quid
922 3883 1112 3936 mirum
1142 3885 1186 3937 s'I
1223 3898 1329 3935 non
1377 3882 1520 3936 ultus
1544 3892 1645 3946 est,
1693 3897 1810 3935 cum
1843 3892 2057 3950 pr0pter

483 3978 896 4040 imbecillitatem
942 3976 1227 4031 ulciscendi
1275 3983 1590 4044 potestatent
1634 3989 1740 4028 non
1799 3973 2057 4028 haberet?

485 4073 714 4141 primum
746 4070 872 4124 illud
903 4069 1163 4123 dixerim:
1195 4082 1298 4122 non
1335 4066 1551 4135 perinde
1585 4067 1810 4119 mirarer
1838 4082 1980 4127 eum,
2012 4067 2056 4120 si

484 4163 725 4222 diadema
752 4170 964 4231 gestans
989 4170 1043 4214 et
1073 4174 1235 4228 regno
1261 4158 1486 4226 potiens,
1521 4157 1680 4225 inque
1706 4156 1839 4210 solio
1864 4157 2056 4210 sedens

484 4256 867 4310 conviciantem
899 4251 1222 4321 pertulisset,
1254 4259 1311 4302 ut
1354 4263 1490 4302 nunc
1531 4249 1676 4302 illum
1715 4256 1769 4302 et
1796 4248 1974 4318 laudo,
2005 4260 2059 4303 et

485 4345 726 4399 admiror.
763 4353 999 4411 tentpore
1040 4340 1355 4394 calamitatis
1403 4339 1882 4408 philosophantem.
1925 4339 2056 4393 Nam

487 4436 597 4501 illic
625 4446 677 4488 et
705 4435 912 4503 imperii
940 4431 1263 4502 magnitudo,
1296 4442 1350 4484 et
1388 4431 1732 4488 conviciantis
1760 4432 1932 4486 tilitas
1959 4446 2060 4485 sa:-

485 4544 552 4598 pe
582 4526 863 4598 persuasit,
893 4534 949 4579 ut
975 4522 1347 4580 contumeliam
1381 4523 1688 4591 negligeret.
1717 4522 1863 4576 Multi
1905 4538 2058 4591 reges

484 4617 790 4687 frequenter
808 4614 1031 4670 similem
1056 4612 1217 4668 animi
1240 4611 1654 4675 moderationem
1679 4613 2055 4680 pnestiterunt,

484 4711 573 4779 qui
604 4709 863 4778 Insignem
886 4705 1293 4761 conviciantinm
1322 4703 1579 4758 insaniam
1615 4713 1934 4770 acceperunt
1966 4719 2060 4770 pro

487 4801 848 4862 excusatione.
879 4797 1058 4868 Neque
1082 4797 1221 4851 enim
1254 4811 1402 4864 :rquc
1436 4811 1530 4848 nos
1563 4797 1615 4858 in.
1642 4812 1816 4848 rerum
1844 4811 2056 4864 prospe-

486 4893 642 4951 ritate
667 4901 825 4958 atque
867 4889 920 4942 in
955 4889 1190 4942 adversis
1233 4887 1512 4957 opprobria
1554 4885 1799 4940 mordere
1834 4889 2006 4940 solent
2044 4905 2057 4940 :

485 4982 580 5044 sed
607 4981 692 5035 ubi
717 4979 1062 5044 concidimus,
1095 4989 1216 5032 tunc
1245 4980 1412 5048 magis
1448 4985 1686 5048 pungunt
1713 4991 1830 5042 nos,
1855 4977 2057 5031 acrius-

485 5091 590 5145 que
621 5071 868 5128 mordent
892 5070 1148 5128 convicia.
1181 5069 1253 5124 De
1296 5069 1398 5129 hoc
1441 5085 1600 5138 porro
1627 5067 1768 5122 aliud
1809 5067 2058 5137 quiddam

485 5168 610 5231 licet
635 5164 852 5229 addere,
879 5162 1124 5218 videlicet
1149 5161 1290 5230 quod
1328 5162 1400 5215 illi
1447 5160 1612 5220 fuerit
1664 5162 1713 5214 in
1755 5177 1912 5222 manu
1943 5160 2059 5220 tin-

485 5259 682 5321 dictam
713 5270 948 5318 sumere,
983 5268 1081 5306 nec
1107 5253 1413 5321 sumpserit.
1461 5256 1633 5322 Atque
1660 5253 1732 5306 uti
1774 5253 2060 5321 perspicias

484 5367 602 5405 rant
633 5349 796 5406 animi
825 5345 1242 5401 moderationem
1268 5359 1372 5398 non
1399 5343 1559 5398 fuisse
1589 5343 1933 5414 impotentia;
1965 5345 2058 5398 sed

487 5441 773 5511 patientim,
819 5455 938 5493 cum
995 5439 1045 5491 id
1088 5437 1190 5490 dux
1241 5437 1504 5491 exercitus
1545 5445 1762 5504 cuperet
1789 5436 1886 5489 sibi
1917 5451 2061 5490 com-

487 5537 647 5601 mitti,
693 5544 750 5588 ut
791 5533 858 5588 ad
901 5531 1285 5599 conviciantem
1333 5529 1600 5594 transiret,
1648 5528 1865 5598 ejusque
1904 5539 2062 5597 caput

550 5692 624 5752 (a)
654 5697 751 5737 Hoc
772 5689 999 5752 probrum
1032 5687 1251 5752 intulisse
1294 5685 1465 5734 dicitur
1501 5685 1638 5734 matri
1678 5681 1908 5752 Samuelis
1933 5696 2060 5752 puer

489 5745 788 5806 :ivc'servus
809 5750 910 5798 Heli
933 5750 1196 5798 secundum
1221 5755 1324 5795 LXX
1372 5754 1683 5807 tnterpretes.
1712 5753 1766 5792 At
1787 5747 1834 5792 in
1859 5745 2060 5793 Hebraeo

491 5819 540 5872 at
563 5815 614 5865 in
631 5821 652 5857 \
667 5814 826 5874 ulgata
850 5812 953 5871 ipse
971 5809 1072 5859 Heli
1095 5808 1225 5858 solus
1249 5809 1484 5857 inducitur
1511 5818 1686 5856 Annam
1710 5807 1980 5867 increpans.

1181 375 1238 430 S.
1277 372 1552 429 JOANNlS
1587 365 2058 426 CHRYSOSTOMI
2100 365 2412 418 ARCHIEP.
2453 363 2982 421 CONSTANTINOP.

3437 323 3468 342 ν

3597 364 3703 420 ω

2140 489 2459 550 amputaret,
2492 498 2596 537 non
2641 483 2810 537 solum
2859 497 2964 537 non
3017 483 3256 552 permisit
3301 481 3484 552 David,
3535 498 3713 539 verum

2141 574 2298 628 etiam
2353 573 2651 642 indignatus
2695 584 2797 640 est,
2845 575 3065 628 dicens:
3101 575 3235 641 Quid
3273 574 3398 628 mihi
3419 581 3602 637 tecum,
3641 578 3719 642 ﬁli

2142 663 2378 740 Sarviaz?
2417 664 2581 718 Sinite
2624 664 2772 718 illum
2813 667 3121 730 maledicere,
3169 675 3222 718 ut
3270 667 3430 719 videat
3471 665 3721 720 Dominus

2143 755 2475 807 humilitatem
2501 772 2680 821 meam,
2722 768 2768 809 et
2797 755 2974 809 reddat
2998 757 3122 809 mihi
3153 757 3282 810 bona
3323 773 3415 826 pro
3446 758 3723 813 maledictis

2143 846 2291 914 hujus
2332 847 2383 899 in
2418 846 2497 900 die
2533 848 2626 900 hoc
2661 847 2739 917 (2.
2775 846 2903 920 Reg.
2942 849 3027 904 16.
3076 849 3165 914 12)
3195 867 3210 904 :
3242 849 3383 919 quod
3416 849 3633 920 quidem
3665 861 3725 904 et

2150 939 2342 992 evenit.

2211 1032 2263 1084 4.
2296 1030 2427 1084 Vide
2451 1031 2652 1099 justum
2695 1033 3019 1088 intellexisse
3062 1048 3251 1101 magno
3292 1035 3471 1088 animo
3514 1035 3724 1104 perpeti

2143 1125 2400 1188 convicia,
2434 1127 2766 1178 occasionem
2795 1140 2915 1180 esse
2953 1125 3306 1194 adipiscendm
3335 1127 3552 1195 glorise?
3573 1127 3725 1184 Hanc

2143 1215 2210 1268 ob
2236 1230 2447 1268 causam
2495 1214 2708 1270 Saﬁlem
2753 1216 3036 1285 aliquando
3074 1227 3258 1272 nactus
3287 1217 3425 1272 inter
3451 1221 3724 1287 geminum

2147 1309 2421 1375 parietem,
2449 1323 2569 1361 cum
2596 1316 2737 1362 esset
2762 1306 3032 1363 occidendi
3071 1308 3312 1374 facultas,
3344 1312 3600 1379 pepercit,
3643 1312 3727 1364 id-

2143 1415 2266 1466 que,
2295 1415 2415 1452 cum
2459 1400 2680 1453 comites
2723 1400 3079 1464 hortarentur,
3111 1409 3169 1454 ut
3206 1400 3382 1469 gladio
3410 1401 3724 1456 conl’oderet

2145 1491 2223 1558 (l.
2255 1489 2382 1560 Reg.
2412 1490 2523 1559 24).
2556 1491 2661 1545 Sed
2707 1506 2878 1560 neque
2908 1500 3012 1545 tam
3047 1501 3284 1560 prompta
3323 1492 3596 1548 occidendi
3643 1494 3722 1548 fa-

2145 1582 2332 1644 Cultas,
2362 1597 2533 1652 neque
2555 1582 2804 1636 comitum
2831 1583 2916 1652 qui
2943 1583 3164 1637 aderant
3192 1582 3518 1650 provocatio,
3548 1600 3723 1652 neque

2147 1674 2426 1726 multarunt
2481 1672 2812 1740 injuriarum,
2857 1688 2990 1741 quas
3033 1689 3317 1743 perpessus
3354 1674 3548 1739 fuerat,
3606 1691 3723 1729 me-

2147 1756 2336 1822 moria,
2365 1771 2537 1826 neque
2562 1757 2800 1824 graviora
2829 1758 3059 1826 patitndi
3090 1759 3405 1827 periculum,
3451 1758 3514 1812 ad
3559 1761 3719 1812 strin-

2147 1848 2372 1915 gendunt
2401 1849 2627 1916 gladium
2658 1847 2805 1900 illttnt
2837 1848 3114 1916 impellere
3154 1860 3440 1916 potuerunt
3471 1868 3482 1903 :
3517 1851 3721 1903 tametsi

2150 1955 2320 2007 neque
2346 1939 2598 1995 exercitui
2627 1937 2940 1994 manifestus
2973 1938 3238 1994 homicidii
3272 1940 3478 1995 futurus
3515 1951 3648 2003 erat,
3675 1943 3725 1998 si

2149 2030 2346 2083 easdem
2380 2030 2518 2082 illam
2548 2038 2806 2097 pall‘aSSCl
2836 2048 2848 2084 :
2877 2029 3133 2098 siqnidem
3179 2030 3427 2097 spelunca
3467 2040 3600 2090 erat,
3627 2047 3725 2086 nec

2151 2117 2287 2173 ullus
2333 2119 2467 2175 alius
2506 2119 2688 2174 aderat
2727 2119 2825 2189 (ο),
2864 2121 2963 2174 n'si
3006 2121 3116 2190 ipse
3165 2123 3330 2174 solus.
3377 2119 3558 2191 Neque
3595 2121 3725 2177 dixit

2149 2211 2287 2276 quod
2338 2210 2595 2279 quispian
2647 2211 2966 2265 adulterium
3030 2213 3408 2265 commissurus
3457 2213 3664 2267 dicebat
3707 2233 3720 2265 :

2149 2299 2384 2354 Tenebrae
2409 2302 2594 2354 circum
2626 2317 2702 2354 me
2732 2311 2780 2355 et
2800 2303 2950 2365 muri,
2972 2303 3092 2368 quid
3115 2304 3261 2356 timeo
3284 2302 3465 2375 (Eccli.
3497 2303 3588 2358 23.
3606 2302 3726 2370 26)?

2151 2393 2242 2446 sed
2276 2394 2571 2447 insomnem
2601 2393 2810 2446 oculum
2850 2394 3138 2462 spectabat,
3169 2403 3218 2447 et
3261 2396 3464 2449 sciebat
3514 2397 3726 2450 inlinitis

2152 2483 2392 2554 partibus
2432 2484 2817 2554 splendidiores
2859 2499 2976 2538 esse
3017 2483 3127 2538 sole
3172 2486 3377 2538 Domini
3407 2487 3610 2539 oculos.
3641 2487 3727 2539 ld-

2153 2576 2295 2627 circo
2340 2575 2416 2628 sic
2455 2575 2631 2628 omnia
2663 2573 2850 2644 agebat
2878 2582 2931 2628 et
2959 2575 3270 2644 loquebatur
3312 2587 3575 2645 tamquam
3616 2577 3726 2646 ipso

2155 2678 2434 2734 pra-serite,
2460 2676 2512 2722 et
2531 2667 2596 2720 de
2627 2669 2688 2721 iis
2718 2683 2836 2737 quae
2865 2667 3200 2734 dicebantur,
3225 2668 3476 2736 judicium
3501 2670 3726 2727 ferente.

2154 2760 2242 2811 Ait
2263 2775 2407 2828 ergo,
2437 2758 2556 2812 Non
2582 2761 2798 2827 inferam
2836 2776 3039 2812 manum
3073 2775 3231 2813 meam
3260 2761 3310 2812 in
3338 2762 3570 2812 Christum
3613 2761 3724 2814 Do-

2155 2851 2277 2904 mini
2301 2852 2372 2921 (l.
2402 2849 2526 2920 Reg.
2556 2851 2644 2908 9.4.
2678 2849 2754 2923 7).
2789 2851 2905 2905 Non
2934 2851 3162 2919 respicio
3192 2852 3597 2921 improbitatem,
3625 2852 3721 2904 sed

2156 2943 2380 3012 reSpicio
2421 2943 2750 3012 dignitatem.
2797 2941 2978 3012 Neque
3017 2942 3144 2996 mihi
3175 2942 3316 2996 dicat
3353 2942 3540 3010 aliquis
3580 2943 3731 3002 illum

2157 3024 2589 3088 esseviolcntum
2639 3047 2701 3086 ac
2744 3031 3002 3086 nefarium
3035 3051 3047 3083 :
3080 3048 3178 3102 ego
3207 3032 3349 3085 enint
3391 3033 3480 3085 Dei
3528 3032 3731 3086 calculo

2159 3128 2415 3181 honorem
2438 3126 2640 3190 defero,
2669 3126 2907 3195 quamvis
2937 3124 3186 3193 indignus
3212 3125 3310 3177 iste
3331 3124 3590 3177 videatur.
3621 3125 3731 3177 N0n

2157 3221 2298 3270 enim
2329 3233 2503 3271 meum
2531 3227 2612 3271 est
2638 3219 2738 3270 hoc
2763 3217 2986 3279 crimen,
3030 3216 3167 3284 quod
3201 3217 3283 3269 ltic
3309 3215 3516 3272 ltOttore
3557 3217 3732 3271 videa-

2158 3315 2243 3360 tur
2293 3307 2555 3375 indignus.
2615 3305 2848 3360 Audiant
2885 3306 2974 3375 qui
3022 3306 3324 3360 sacerdotes
3361 3317 3730 3375 aspernantur,

2157 3400 2361 3453 discant
2411 3409 2658 3467 quantam
2708 3399 2792 3453 hic
2837 3401 2945 3467 regi
2996 3401 3347 3453 reverentiam
3409 3402 3734 3455 exhibuerit.

2158 3491 2392 3546 Tametsi
2420 3491 2589 3545 multo
2614 3491 2823 3561 dignior
2847 3501 2928 3545 est
2954 3492 3158 3545 honore
3181 3506 3244 3546 ac
3273 3493 3621 3546 veneratione
3647 3511 3733 3544 sa-

2158 3584 2367 3647 cerdos,
2394 3600 2550 3652 quam
2575 3598 2688 3646 rex,
2717 3595 2918 3653 quanto
2945 3582 3009 3636 ad
3040 3585 3298 3651 majorem
3335 3585 3494 3638 etiam
3522 3591 3737 3638 vocatus

2159 3686 2243 3730 est
2272 3675 2643 3745 principatum.
2699 3675 2912 3730 Discant
2958 3691 3062 3730 non
3107 3675 3366 3744 judicare,
3416 3692 3512 3730 nec
3551 3689 3740 3745 poenas

2159 3769 2391 3836 exigere,
2422 3767 2514 3822 sed
2543 3767 2729 3836 subjici
2759 3781 2821 3821 ac
2849 3766 3060 3821 cedere.
3087 3766 3220 3820 Nam
3246 3778 3300 3820 tu
3327 3768 3541 3836 quidem
3573 3769 3732 3820 vitam

2160 3861 2449 3916 sacerdotis
2477 3862 2694 3915 minime
2722 3861 2881 3925 nosti,
2921 3860 3260 3929 quantumvis
3288 3861 3526 3927 abjectus
3555 3859 3645 3914 ille
3668 3861 3736 3914 sit

2161 3971 2220 4008 ac
2243 3955 2358 4008 vilis
2387 3970 2401 4006 :
2436 3954 2520 4006 hic
2547 3969 2672 4008 vero
2696 3963 2885 4008 cuncta
2916 3953 3080 4022 probe
3101 3962 3327 4005 noverat
3351 3969 3466 4022 qua!
3491 3953 3611 4007 Saftl
3641 3971 3733 4023 pa-

2162 4055 2327 4099 trarat
2355 4063 2368 4098 :
2401 4045 2742 4098 nihilominus
2771 4045 2847 4098 sic
2874 4043 3107 4098 delatum
3137 4044 3209 4096 illi
3248 4059 3279 4095 a
3322 4044 3430 4096 Deo
3475 4045 3732 4112 jltlltt’ilm-

2162 4147 2274 4193 tum
2303 4137 2660 4195 rcverebatur.
2715 4135 2866 4204 Quod
2908 4145 3104 4200 autem,
3152 4136 3391 4203 quamvis
3431 4151 3525 4192 cos
3573 4134 3739 4205 probe

2163 4231 2395 4296 noveris,
2424 4229 2574 4282 venia
2623 4239 2794 4282 tamen
2825 4239 2876 4281 et
2906 4227 3247 4281 excusatione
3287 4226 3529 4296 indignus
3571 4229 3663 4290 sis,
3690 4229 3731 4280 si

2162 4322 2499 4390 magistratus
2527 4330 2860 4385 contemnas,
2912 4334 3011 4373 nec
3055 4334 3240 4372 eorum
3279 4319 3433 4372 dictis
3459 4318 3732 4388 obtempe-

2165 4420 2270 4475 res,
2303 4411 2426 4464 audi
2454 4425 2559 4479 quo
2605 4419 2756 4478 pacto
2804 4410 2942 4463 hunc
2971 4410 3122 4463 nobis
3162 4419 3474 4479 praetextum
3528 4427 3621 4479 per
3671 4426 3732 4465 ea

2161 4504 2407 4559 Christus
2431 4501 2700 4570 eripuerit,
2735 4517 2856 4570 qua:
2874 4500 2929 4555 in
2951 4501 3236 4571 Evangelio
3258 4500 3420 4554 dixit:
3455 4500 3620 4568 Super
3645 4520 3730 4552 ca-

2163 4593 2390 4646 thedram
2423 4592 2590 4662 Moysi
2641 4591 2872 4644 sederunt
2919 4593 3094 4642 scriba:
3138 4601 3184 4644 et
3228 4589 3476 4642 Pliariuri
3521 4593 3738 4652 :omnia

2162 4701 2280 4753 ergo
2305 4700 2627 4753 quwcumque
2669 4681 2883 4734 dixerint
2912 4682 3046 4734 robis
3074 4683 3303 4751 facienda
3349 4682 3527 4751 facite;
3555 4697 3732 4735 secun-

2162 4775 2280 4826 dum
2306 4791 2419 4827 vero
2467 4789 2620 4841 opera
2647 4789 2817 4825 eorum
2861 4773 3012 4826 nolite
3043 4775 3205 4842 facere
3231 4769 3438 4832 (Matth.
3464 4767 3554 4828 9.3.
3581 4771 3634 4826 9..
3659 4771 3730 4838 5).

2164 4867 2394 4922 Videsne
2422 4882 2526 4936 quo
2550 4878 2700 4935 pacto
2723 4881 2946 4936 quorum
2987 4866 3120 4922 :deo
3143 4868 3414 4935 depravati
3441 4875 3595 4920 erant
3622 4882 3734 4918 rno—

2164 4975 2268 5024 res,
2303 4969 2358 5011 ut
2387 4958 2528 5028 digni
2565 4970 2762 5020 essent,
2792 4958 2880 5028 qui
2911 4974 2939 5009 a
2976 4958 3249 5026 discipulis
3284 4957 3733 5025 reprehenderen-

2165 5062 2269 5119 tur,
2297 5068 2481 5108 eorum
2506 5062 2679 5105 tamen
2703 5051 3127 5104 adhortationem
3159 5065 3266 5102 non
3293 5059 3606 5117 aspernatus
3634 5059 3734 5113 est,

2164 5160 2335 5215 neque
2363 5144 2656 5198 doctrinam
2687 5142 2900 5210 rejecit?
2931 5141 3053 5196 Ilaec
3073 5155 3178 5196 non
3219 5155 3284 5194 eo
3311 5140 3452 5204 dico,
3484 5139 3624 5210 quod
3649 5154 3702 5192 sa

2164 5236 2408 5291 cerdotes
2437 5235 2595 5289 velint
2641 5249 2891 5288 accusare
2935 5251 2947 5286 :
2986 5232 3151 5298 absit;
3193 5232 3453 5302 siquidem
3493 5247 3587 5286 vos
3614 5246 3733 5285 conc

2165 5328 2478 5384 versationis
2503 5343 2566 5383 ac
2589 5325 2799 5396 pietatis
2820 5341 3004 5379 eorum
3029 5333 3190 5379 testes
3224 5324 3387 5387 estis;
3416 5324 3509 5378 sed
3538 5337 3593 5377 ut
3621 5323 3735 5378 lon-

2165 5439 2230 5492 ge
2254 5422 2508 5490 majorem
2561 5421 2663 5474 illis
2706 5418 3056 5474 reverentiam
3098 5426 3152 5471 et
3194 5417 3450 5469 honorem
3479 5411 3731 5469 exhibea-

2167 5531 2302 5570 mus.
2330 5515 2513 5584 Neque
2543 5515 2684 5568 enint
2725 5512 2858 5568 adeo
2893 5511 2943 5564 in
2976 5511 3113 5572 illos,
3164 5518 3322 5577 atque
3372 5509 3423 5561 in
3474 5524 3571 5560 nos
3599 5508 3734 5575 ipsos

2168 5608 2366 5662 utilitas
2392 5605 2698 5660 dimanabit.
2748 5605 2844 5669 Qui
2871 5604 3043 5669 recipit
3081 5616 3208 5670 ergo
3239 5600 3535 5668 prOphctum
3561 5601 3614 5649 in
3656 5613 3734 5648 no-

2226 5742 2298 5802 (a)
2330 5743 2496 5790 Nescio
2517 5753 2599 5788 cur
2618 5739 2745 5788 dicat
2766 5736 2946 5786 nullum
2965 5735 3107 5802 alium
3131 5734 3369 5793 adfuisse;
3388 5731 3587 5781 aderant
3610 5742 3743 5780 enim

2169 5800 2315 5868 ipsius
2336 5804 2520 5852 Davidis
2541 5801 2734 5862 milites,
2760 5806 2984 5848 narrante
3007 5800 3261 5860 scriptura.
