4094 6256
386 391 486 451 647

386 509 732 580 ἐπετίμησεν.
784 510 991 579 Ἔφυγε
1037 507 1130 562 τὸν
1171 506 1309 561 οἴκοι
1356 503 1631 576 χειμῶνα,
1676 496 1837 571 ἦλθεν
1875 496 1953 558 εἰς

385 600 615 671 λιμένα,
653 599 747 652 καὶ
776 599 997 670 κύματα
1051 597 1214 652 πάλιν
1265 587 1452 666 ε’ύρεν·
1492 587 1625 662 ἦλθε
1666 590 1954 660 φάρμακον

385 688 587 749 λαϐεῖν.
632 691 664 758 ἡ
711 690 768 742 δὲ
804 689 864 742 οὑ
892 688 1049 759 μόνον
1074 689 1174 740 οὐκ
1207 685 1420 746 ἔλαϐεν,
1454 681 1592 734 ἀλλά
1621 681 1715 734 καὶ
1744 677 1956 746 πληγὴν

382 777 471 829 διὰ
513 776 618 828 τῶν
653 775 866 829 ὀνειδῶν
895 775 1326 845 προσεκτήσατο,
1364 770 1545 825 καὶτὸ
1570 769 1725 830 ’έλκος
1759 765 1956 836 μᾶλλον

383 864 447 916 δι’
478 863 654 916 αὑτῶν
685 863 1011 929 ἀνεξαίνετο.
1042 865 1182 916 Ἴστε
1215 860 1324 932 γὰρ
1351 859 1468 922 πῶς
1489 870 1514 898 ει
1541 859 1597 910 αἱ
1627 854 1956 923 ὀδυνώμεναι

383 950 553 1020 ψυχαὶ
578 953 712 1021 πρὸς
744 951 839 1015 τὰς
872 952 1136 1022 λοιδορίας
1162 951 1257 1004 καὶ
1290 949 1390 1012 τὰς
1423 947 1607 1018 ὕϐρεις
1637 945 1952 998 διάκεινται.

384 1036 646 1109 Καθάπερ
675 1039 782 1110 γὰρ
820 1040 889 1094 τά
923 1041 1144 1111 μείζονα
1177 1034 1666 1109 τῶντραυμάτων,
1703 1033 1763 1085 οὐ
1807 1030 1902 1100 τὴν
1927 1030 1954 1068 b

380 1125 650 1195 τυχοῦσαν
687 1128 943 1200 ἐπιϐολὴν
991 1131 1089 1201 τῆς
1142 1129 1323 1200 χειρὸς
1373 1126 1706 1196 ἀνεχόμενα,
1740 1121 1957 1192 χείρονα

384 1213 624 1281 γίνεταιο
662 1214 800 1268 οὑτω
833 1219 926 1270 καὶ
952 1220 985 1288 ή
1013 1217 1157 1288 ψυχὴ
1201 1213 1580 1286 τεταραγμένη
1627 1205 1956 1280 δυσάρεστός

383 1297 447 1352 τὲ
477 1303 611 1365 ἐστι,
637 1304 730 1355 καὶ
772 1304 907 1375 πρὸς
953 1304 1167 1358 ἅπαντα
1196 1302 1557 1374 δυσχεραίνει,
1601 1301 1696 1354 καὶ
1721 1298 1824 1351 ὑπὸ
1862 1296 1954 1349 τοῦ

384 1389 634 1459 τυχόντος
656 1391 905 1446 δάκνεται
931 1394 1192 1464 ῥήματος.
1216 1392 1352 1445 Ἀλλ⁸
1375 1392 1522 1460 ὅμως
1543 1388 1694 1442 οὐδὲν
1719 1385 1955 1440 τοιοῦτον

383 1474 585 1531 ἔπαθεν
613 1480 645 1549 ἡ
670 1479 827 1550 γυνή,
852 1481 943 1532 καὶ
973 1479 1165 1540 ταῦτα.
1195 1478 1288 1532 τοῦ
1311 1477 1498 1541 παιδὸς
1522 1474 1951 1546 λοιδορουμένου.

381 1563 445 1614 Εἰ
473 1566 572 1632 μὲν
598 1561 690 1618 οῦν
715 1569 743 1620 6
767 1567 942 1638 ίερεὺς
965 1563 1032 1638 ἦν
1055 1569 1082 1619 6
1107 1565 1366 1638 ὑϐρικὼς,
1388 1565 1485 1634 οὑχ
1511 1562 1652 1616 οὕτω
1669 1558 1954 1630 θαυμαστὴ

377 1643 446 1716 ἦν
481 1653 514 1721 ἠ
566 1653 919 1721 ἀνεξικακίαο
970 1655 1031 1707 τὸ
1073 1655 1182 1726 γάρ
1215 1653 1442 1725 μέγεθος
1487 1650 1580 1704 τοῦ
1623 1649 1952 1719 ἀξιώματος,

377 1737 476 1790 καὶ
503 1741 531 1791 6
570 1740 668 1810 τῆς
707 1743 882 1812 ἀρχῆς
935 1742 1095 1809 δγκος
1134 1741 1227 1794 καὶ
1273 1739 1509 1793 ἄκουσαν
1553 1737 1720 1808 αὑτὴν
1769 1734 1951 1789 ἔπειθε

377 1831 699 1897 σωφρονεῖν.
718 1829 853 1882 Νυνὶ
878 1829 935 1882 δὲ
964 1829 1082 1882 ούδέ
1108 1829 1243 1900 πρὸς
1263 1827 1323 1880 τὸ
1346 1828 1627 1896 παιδάριον
1649 1825 1741 1877 τοῦ
1767 1824 1953 1894 ἱερέως

375 1911 701 1984 ἐδυσχέρανε
723 1933 736 1947 ·
761 1917 847 1970 διὰ
866 1916 1023 1970 τοῦτο
1043 1917 1136 1970 καὶ
1163 1915 1360 1986 μᾶλλον
1379 1915 1471 1968 τὸν
1486 1913 1618 1967 Θεὸν
1639 1914 1713 1975 είς
1742 1911 1952 1964 εὔνοιαν

371 1999 752 2056 ἐπεσπάσατο.
785 2003 942 2057 Οὕτω
973 2007 1065 2058 καὶ
1090 2006 1252 2076 ἡμεῖς
1277 2003 1341 2057 ἂν
1371 1999 1768 2072 λοιδορηθέντες
1787 2010 1835 2063 ο,
1859 1998 1951 2052 καὶ

375 2088 550 2159 μυρία
594 2090 860 2155 παθόντες
911 2091 1092 2157 δεινά,
1130 2093 1256 2153 τοὺς
1303 2089 1656 2152 ὀνειδίζοντας
1700 2088 1950 2159 φέρωμεν

371 2177 672 2241 γενναίως,
710 2177 931 2248 μείζονα
975 2178 1128 2251 παρὰ
1153 2176 1248 2231 τοῦ
1289 2176 1423 2231 Θεοῦ
1451 2179 1549 2248 τὴν
1591 2175 1800 2228 εὔνοιαν
1832 2176 1951 2226 ἐπι-

377 2263 726 2332 σπασόμεθα.

447 2349 618 2402 Πόθεν
636 2349 793 2405 τοῦτο
819 2352 1007 2423 δῆλον;
1033 2353 1166 2408 Ἀπὸ
1186 2353 1294 2406 τῶν
1321 2351 1399 2422 τῷ
1421 2349 1583 2405 Δαυῖδ
1606 2350 1946 2421 συμϐάντων.

374 2435 441 2487 Τί
471 2436 535 2507 δὴ
563 2434 657 2491 οὖν
674 2432 830 2504 οὗτος
852 2441 1054 2495 ἔπαθεν
1077 2460 1092 2506 ;
1122 2441 1376 2508 Ἐξέπεσέ
1402 2457 1532 2493 ποτε
1551 2439 1648 2509 τῆς
1671 2438 1945 2510 πατρίδος,

371 2527 627 2599 καὶπερὶ
664 2531 763 2600 τῆς
792 2531 1107 2604 ἐλευθερίας
1131 2533 1222 2586 καὶ
1255 2534 1354 2602 τῆς
1387 2530 1566 2600 ψυχῆς
1601 2529 1772 2599 αὐτῆς
1803 2530 1947 2581 ἐκιν-

369 2612 618 2679 δύνευσε,
660 2619 755 2670 καὶ
802 2618 895 2671 τοῦ
946 2619 1308 2690 στρατοπέδου
1349 2618 1486 2688 πρὸς
1521 2617 1614 2669 τὸν
1649 2617 1946 2670 ἀκόλαστον

367 2703 656 2756 νεανίσκον
694 2705 786 2758 τὸν
818 2705 1078 2777 τύραννον
1114 2708 1318 2759 ἐκεῖνον
1348 2707 1441 2760 καὶ
1485 2705 1817 2776 πατραλοίαν
1849 2723 1945 2775 με-

364 2789 766 2860 ταταξαμένου,
811 2794 1082 2847 ἐπλανᾶτο
1125 2795 1266 2848 κατά
1313 2793 1410 2864 τὴν
1443 2792 1667 2864 ἔρημον,
1717 2793 1810 2844 καὶ
1843 2793 1943 2845 οὐκ

365 2875 746 2948 ἐδυσχέρανεν,
779 2882 898 2933 οὐδὲ
929 2881 1342 2950 ἀπεδυσπέτησε
1367 2881 1502 2952 πρὸς
1526 2880 1616 2932 τὸν
1647 2880 1799 2944 Θεὸν,
1825 2880 1943 2932 οὐδὲ

364 2959 492 3022 εἷπε
509 2982 522 2995 ο
555 2965 620 3015 Τί
647 2984 775 3018 ποτε
801 2968 957 3020 τοῦτό
985 2970 1130 3033 ἐστι;
1157 2967 1504 3038 συνεχώρησε
1535 2967 1612 3037 τῷ
1631 2967 1781 3020 παιδὶ
1806 2985 1942 3020 κατ-

366 3047 736 3121 εξαναστῆναι
759 3053 854 3106 105
891 3055 1316 3124 γεγεννηκότος;
1345 3055 1523 3106 καίτοι
1553 3055 1646 3106 καὶ
1671 3056 1718 3105 εί
1759 3055 1942 3106 δίκαια

368 3139 626 3210 ἐγκαλεῖν
656 3137 822 3212 εἶχεν,
859 3144 978 3196 οὐδέ
1007 3143 1149 3196 οὓτω
1191 3142 1349 3196 τοῦτο
1377 3143 1630 3211 γενέσθαι
1654 3143 1760 3195 ἔδει
1781 3161 1794 3173 ·
1826 3143 1942 3196 νυνὶ

363 3227 426 3282 δὲ
467 3227 528 3280 ού
561 3229 776 3300 μικρὸν,
811 3229 870 3283 ού
910 3230 1051 3301 μέγα
1091 3229 1421 3300 ἠδικημένος
1454 3229 1582 3300 παρ’
1619 3230 1795 3300 ἡμῶν,
1840 3247 1940 3282 πε·-

364 3314 644 3386 ριέρχεται
681 3317 780 3387 τὴν
813 3317 992 3382 δεξιὰν
1033 3316 1318 3387 ἐπιθυμῶν
1360 3315 1550 3386 αἵματι
1583 3316 1809 3387 μολῦναι
1839 3335 1942 3371 πα-

361 3399 567 3471 τρικῷ,
595 3402 690 3455 καὶ
719 3405 747 3456 ὁ
775 3403 908 3466 Θεὸς
935 3405 1186 3475 ἀνέχεται
1214 3402 1386 3457 ταῦτα
1415 3403 1576 3474 ὀρῶν.
1623 3402 1761 3456 Ἀλλ’
1790 3403 1939 3457 οὐδὲν

360 3486 569 3542 τούτων
589 3487 732 3543 εἷπε.
776 3491 887 3544 Καὶ
926 3491 988 3544 τὸ
1015 3492 1078 3562 δὴ
1110 3493 1293 3562 μεῖζον
1341 3492 1437 3546 καὶ
1481 3490 1812 3562 θαυμαστὸν,
1855 3492 1937 3544 ὃτι

361 3574 723 3647 πλανωμένῳ,
781 3579 874 3631 καὶ
917 3579 1132 3633 πάντων
1182 3579 1582 3645 ἐκπεπτωκότι,
1624 3579 1817 3648 Σεμεεί
1853 3596 1937 3642 τις

360 3663 651 3736 ἄνθρωπος
682 3668 915 3739 πονηρὸς
944 3670 1038 3722 καὶ
1085 3670 1280 3740 μιαρὸς
1310 3670 1534 3723 ἐπέθετο
1581 3669 1748 3738 αὐτῷ,
1787 3687 1937 3739 μιαι-

362 3749 524 3816 φόνον
545 3751 834 3806 ἀποκαλῶν
852 3755 947 3806 καὶ
963 3755 1158 3824 ἀσεϐῆ,
1190 3756 1283 3807 καὶ
1312 3756 1518 3824 ἑτέροις
1543 3757 1755 3826 μυρίοις
1775 3758 1936 3808 αὑτὸν

361 3836 583 3890 πλύνων
615 3839 867 3892 ὀνείδεσιν
893 3858 906 3872 ο
938 3843 966 3893 ὁ
1003 3841 1058 3893 δὲ
1087 3841 1207 3894 οὑδὲ
1235 3841 1448 3904 οὑτωςά
1484 3842 1761 3912 ἠγρίαινεν.
1791 3843 1851 3894 Εἰ
1879 3843 1936 3897 δέ

358 3922 511 3990 λέγοι
540 3941 654 3989 τις·
685 3927 791 3979 Ναὶ
818 3928 871 3980 τί
905 3928 1240 3997 θαυμαστὸν,
1267 3931 1348 3984 ὅτι
1378 3931 1478 3983 οὑκ
1504 3931 1745 4001 ἠμύνατο
1783 3929 1932 4002 [716]

356 4012 596 4083 ἀσθενὴς
626 4013 719 4079 ῶν,
760 4015 853 4067 καὶ
879 4017 978 4068 οὐκ
1021 4017 1254 4086 ἰσχύωνς
1302 4016 1516 4088 πρῶτον
1547 4019 1646 4088 μὲν
1673 4020 1847 4072 ἐκεῖνο
1867 4019 1934 4073 ἂν

355 4099 595 4170 εἴποιμι,
619 4102 700 4154 ὅτι
718 4105 817 4174 οὑχ
843 4102 1016 4166 οὑτως
1037 4104 1197 4156 αὑτὸν
1221 4104 1504 4175 ἐθαύμασα
1535 4109 1581 4158 εἰ
1613 4106 1674 4160 τὸ
1699 4107 1934 4179 διάδημα

355 4189 459 4240 καὶ
485 4189 584 4260 τὴν
615 4191 895 4262 βασιλείαν
923 4192 1079 4262 ἔχων,
1115 4194 1208 4246 καὶ
1237 4195 1330 4246 ἐπὶ
1353 4193 1446 4247 τοῦ
1480 4195 1667 4266 θρόνου
1693 4195 1934 4266 καθήμε-

353 4292 469 4338 νος,
489 4273 605 4329 εἶτα
627 4277 1032 4350 λοιδορούμενος
1048 4281 1296 4350 ἤνεγκεν,
1324 4280 1398 4345 ὠς
1423 4280 1517 4334 νῦν
1540 4282 1700 4334 αὑτὸν
1724 4282 1932 4336 ἐπαινῶ

352 4364 455 4415 καὶ
489 4365 861 4437 ἐκπλήττομαι
891 4369 948 4419 ἐν
977 4366 1053 4436 τῷ
1085 4367 1263 4438 καιρῷ
1286 4369 1383 4438 τῆς
1409 4370 1694 4440 συμφορᾶς
1715 4370 1929 4438 φιλοσο-

351 4451 624 4523 φήσαντα.
658 4455 790 4507 Τότε
836 4456 933 4524 μέν
962 4454 1072 4526 γὰρ
1106 4458 1134 4508 6
1171 4455 1271 4526 τῆς
1309 4456 1482 4527 ἀρχῆς
1521 4457 1704 4525 δγκος,
1743 4459 1838 4511 καὶ
1870 4459 1930 4512 τὸ

352 4539 574 4603 εὐτελὲς
594 4541 686 4594 τοῦ
715 4543 1027 4612 ὑϐρίζοντος
1055 4544 1465 4612 καταφρονῆσαι
1483 4545 1642 4597 αὑτὸν
1670 4546 1930 4610 πολλάκις

352 4625 562 4688 ἔπειθε.
584 4628 774 4680 Πολλοὶ
796 4629 851 4681 δὲ
874 4630 968 4682 καὶ
990 4629 1137 4682 ἄλλοι
1167 4630 1405 4699 βασιλεῖς
1426 4632 1687 4696 πολλάκις
1704 4634 1927 4688 τοιαῦτα

351 4716 773 4786 ἐφιλοσόφησαν,
791 4716 890 4787 τὴν
917 4717 1222 4788 ὑπερϐολὴν
1241 4720 1341 4789 τῆς
1368 4721 1565 4789 μανίας
1580 4720 1686 4774 τῶν
1716 4721 1929 4792 ὑϐρικό-

349 4819 464 4855 των
513 4805 594 4865 είς
632 4803 930 4871 ἀπολογίαν
960 4803 1235 4866 λαϐόντες.
1269 4807 1344 4858 Οὐ
1390 4806 1499 4877 γάρ
1533 4808 1732 4877 ὁμοίως
1771 4808 1926 4879 ήμῶν

349 4891 659 4962 εὐημερίας
682 4893 1084 4958 ἀπολαυόντων,
1119 4894 1214 4946 καὶ
1244 4895 1619 4965 κακουμένων,
1648 4897 1717 4950 τὰ
1749 4897 1924 4970 ὀνείδη

348 4978 732 5032 καθάπτεσθαι
771 4981 1045 5049 πέφυκεν·
1079 4981 1194 5034 ἀλλ’
1236 4983 1364 5036 ὅταν
1413 4984 1748 5056 πταίσωμεν,
1805 4989 1925 5039 τότε

347 5067 693 5124 καθικνεῖται
726 5059 985 5137 μειζόνως
1013 5070 1191 5141 ἡμῶν,
1213 5071 1308 5123 καὶ
1336 5070 1521 5125 δάκνει
1544 5074 1920 5144 σφοδρότερον.

362 5153 491 5209 Ἐπὶ
518 5154 576 5208 δὲ
608 5155 821 5217 τούτου,
862 5157 956 5208 καὶ
984 5155 1170 5228 ἐτερόν
1207 5173 1260 5208 τι
1296 5157 1431 5227 πρὸς
1463 5160 1575 5221 τοῖς
1609 5161 1925 5229 εἰρημένοις

349 5239 500 5295 ἐστιν
525 5244 723 5308 εἰπεῖν,
762 5245 845 5298 ὃτι
874 5245 966 5298 καὶ
996 5245 1183 5317 κύριος
1215 5241 1283 5317 ἦν
1315 5245 1646 5316 ἀμύνασθαι,
1682 5248 1795 5301 ἀλλ’
1825 5249 1925 5302 οὑκ

413 5411 440 5482 ξ
465 5411 611 5484 C9!b._
644 5413 826 5484 λαϐεῖν,
861 5414 943 5462 καὶ
963 5414 1019 5484 τὸ
1041 5415 1174 5471 ἕλκος
1213 5415 1476 5474 ἀνεδέξατο.
1527 5416 1656 5469 Ἰστε
1681 5421 1770 5484 γὰρ
1802 5423 1920 5478 πῶς.

345 5471 493 5523 Alius
515 5475 647 5522 Cmb.
672 5476 950 5531 άνεξαίνετο.
979 5475 1123 5524 Ἰστε.

414 5533 443 5570 ιι
476 5535 610 5608 Ερίίξ.
632 5536 730 5608 ὁμο
763 5544 814 5586 et
834 5538 957 5600 Reg.
980 5539 1190 5600 καθάπερ
1211 5539 1270 5585 τά
1303 5541 1564 5604 τραχύτερα
1585 5544 1680 5591 τῶν
1711 5547 1921 5608 τραυμά-

344 5610 464 5651 των,
488 5596 595 5643 οὐδὲ
624 5600 725 5654 τήν.

415 5657 440 5684 ⁰
479 5653 829 5732 Ἑξεξπάσατο.
874 5663 971 5732 Καὶ
1013 5663 1102 5726 γάρ
1145 5662 1294 5718 οὕτως
1327 5663 1423 5725 ἔχει
1461 5665 1604 5715 έπειδ⁷
1627 5667 1683 5715 ἂν
1704 5669 1919 5732 λοιδορη-

346 5718 502 5788 θέντες
521 5717 654 5788 Cplh.
681 5721 777 5768 duo
801 5729 853 5788 c_l
873 5723 993 5784 Reg.

416 5778 447 5823 ‹ι
466 5778 598 5834 ιλυιι),
623 5781 718 5830 duo
739 5788 789 5833 cl
812 5778 1038 5843 Regini
1063 5787 1121 5835 τὰ
1148 5786 1286 5844 ιινρία
1309 5786 1433 5837 κακά
1457 5791 1534 5838 καὶ
1559 5791 1665 5841 οὐδέ
1690 5792 1851 5848 οὕτως.

1685 373 1775 434 DE
1810 371 1998 431 ANNA
2035 369 2267 428 SERMO
2315 375 2380 429 ll.

3520 368 3624 423 668

2061 491 2322 561 ἠμύνατο.
2342 494 2452 546 Καὶ
2471 493 2560 546 ἵνα
2577 491 2774 566 μάθῃς,
2787 492 2868 545 ὅτι
2885 491 2985 544 οὐκ
3006 490 3302 555 ἀσθενείας,
3320 488 3432 542 ἀλλ’
3445 487 3625 552 ἀνεξι·

2059 579 2257 642 κακίας
2292 576 2360 650 ἦν
2390 582 2422 651 ἠ
2455 579 2759 649 φιλοσοφία,
2789 579 2884 632 τοῦ
2922 595 3226 650 στρατηγου
3263 578 3384 630 τότε
3419 574 3623 639 ἀξιοῦν·

2059 679 2150 724 τος
2185 665 2550 735 ἐπιτραπῆναι
2593 664 2861 733 διαϐῆναι,
2893 665 2987 716 καὶ
3024 663 3121 732 τὴν
3159 661 3396 731 κεφαλὴν
3421 663 3622 714 ἀποτε-

2064 751 2183 819 μεῖν
2219 751 2318 822 τὴν
2361 752 2593 817 ἐκείνου,
2625 753 2685 804 οὑ
2728 751 2885 823 μόνον
2922 751 3022 804 οὑκ
3050 749 3346 820 ἐπέτρεψεν
3375 749 3402 800 6
3437 746 3618 809 Δαυῒδ,

2058 837 2193 890 ἀλλά
2225 837 2318 891 καὶ
2355 840 2698 912 ἐδυσχέρανε,
2751 839 2952 908 λέγων·
2991 840 3052 892 Τί
3094 837 3222 906 ἐμοὶ
3251 836 3349 890 καί
3376 835 3496 897 σοί,
3529 835 3622 888 υἱὲ

2058 926 2350 994 Σαρουία;
2385 930 2597 996 ’Ἄφετε
2639 928 2826 982 αὐτὸν
2867 926 3254 996 καταρᾶσθαι,
3301 924 3460 989 ὅπως
3505 923 3619 976 ἴδοι

2057 1009 2172 1080 τὴν
2197 1015 2563 1068 ταπείνωσιν
2599 1033 2718 1083 μου
2763 1016 2997 1082 Κύριος,
3038 1015 3135 1068 καὶ
3175 1009 3490 1075 ἀνταποδῷ
3525 1028 3620 1073 μοι

2056 1101 2243 1170 ἀγαθὰ
2274 1101 2406 1155 ἀντὶ
2442 1101 2551 1168 τῆς
2571 1101 2830 1170 κατάρας
2869 1101 3054 1154 αὑτοῦ
3088 1100 3198 1167 τῆς
3229 1100 3300 1153 ἐν
3331 1097 3404 1166 τῇ
3434 1097 3622 1167 ἡμέρᾳ

2056 1188 2241 1254 ταύτῃ
2263 1204 2275 1216 ·
2310 1187 2453 1255 ὅπερ
2479 1188 2590 1241 οὗν
2618 1188 2715 1242 καὶ
2737 1187 2993 1257 ἐγένετο.
3413 1212 3420 1219 κ

2125 1279 2186 1330 δ’.
2204 1279 2366 1348 Ὁρᾷς
2380 1278 2495 1342 πῶς
2511 1274 2650 1330 οἶδεν
2672 1279 2700 1330 ὁ
2718 1277 2942 1340 δίκαιος,
2961 1277 3042 1330 ὅτι
3068 1276 3128 1328 τὸ
3153 1277 3337 1346 φέρειν
3359 1275 3622 1342 γενναίως

2057 1369 2154 1432 τὰς
2186 1369 2471 1440 λοιδορίας,
2519 1369 2739 1440 ἀφορμὴ
2772 1370 3009 1432 πλείονος
3041 1369 3440 1438 εὑδοκιμήσεως
3471 1366 3619 1435 γίνε-

2056 1479 2173 1519 ται;
2199 1461 2295 1514 Διὰ
2315 1461 2471 1514 τοῦτό
2493 1479 2622 1514 ποτε
2647 1461 2736 1514 καὶ
2757 1461 2846 1513 τὸν
2865 1459 3036 1512 Σαοὺλ
3063 1459 3190 1512 εἴσω
3211 1458 3395 1510 διπλοῦ
3419 1457 3619 1527 τειχίου

2055 1548 2254 1613 λαϐὼν,
2301 1550 2394 1603 καὶ
2440 1549 2625 1619 κύριος
2671 1547 2746 1600 ὢν
2790 1546 3133 1616 ἀποσφάξαι,
3187 1544 3476 1614 ἐφείσατο·
3527 1545 3620 1597 καὶ

2055 1639 2246 1701 ταῦτα,
2286 1639 2394 1690 τῶν
2427 1638 2710 1709 παρόντων
2742 1639 3068 1691 κελευόντων
3096 1637 3304 1707 ώθῆσαι
3345 1635 3405 1688 τὸ
3445 1635 3616 1702 ξίφος.

2069 1728 2205 1781 Ἀλλ’
2229 1726 2352 1780 οὗτε
2380 1729 2440 1780 τὸ
2462 1729 2559 1798 τῆς
2587 1729 2830 1794 ἐξουσίας
2857 1729 3095 1794 εὔκολον,
3116 1727 3239 1780 οὑτε
3261 1727 3320 1780 τὸ
3348 1727 3475 1800 παρ’
3505 1727 3620 1779 ἐτέ-

2057 1834 2165 1887 ρων
2195 1815 2616 1887 παροξύνεσθαι,
2647 1814 2769 1868 οὔτε
2804 1816 2865 1868 τὸ
2892 1816 3060 1870 πολλά
3091 1816 3419 1870 πεπονθέναι
3447 1816 3614 1881 δεινὰ,

2053 1905 2176 1959 οὗτε
2204 1906 2265 1958 τὸ
2291 1906 2594 1977 προσδοκᾷν
2622 1906 2900 1959 πείσεσθαι
2916 1906 3292 1976 χαλεπώτερα,
3311 1907 3618 1978 συνεχώρη-

2055 2013 2146 2048 σεν
2171 1995 2394 2050 ἑλκύσαι
2418 1998 2478 2049 τὸ
2506 1997 2657 2066 ξίφος
2675 2014 2689 2027 ·
2713 1997 2888 2050 καίτοι
2918 2013 2981 2064 γε
3016 1997 3134 2050 οὑδέ
3159 1997 3236 2067 τῷ
3271 1999 3617 2068 στρατοπέδῳ

2053 2085 2376 2156 κατάφωρος
2401 2086 2623 2156 ἔμελλεν
2652 2085 2869 2140 ἔσεσθαι
2896 2087 3097 2157 ταύτην
3120 2089 3492 2159 ἐργασάμενος
3515 2089 3613 2161 τὴν

2053 2176 2288 2245 σφαγήν.
2310 2176 2580 2246 Σπήλαιον
2599 2176 2706 2247 γάρ
2731 2173 2818 2248 ἦν,
2847 2178 2939 2230 καὶ
2968 2177 3143 2240 οὐδεὶς
3182 2179 3368 2248 ἔτερος
3413 2183 3614 2251 παρῆν,

2051 2261 2186 2315 ἀλλά
2218 2262 2371 2331 μόνος
2408 2263 2590 2326 αὑτός.
2616 2264 2724 2316 Καὶ
2757 2264 2856 2316 οὑκ
2888 2261 3059 2328 εἶπεν,
3095 2267 3232 2336 ὅπερ
3257 2283 3339 2328 τις
3370 2269 3616 2336 μοιχείαν

2049 2349 2410 2420 ἐργαζόμενος
2443 2350 2615 2418 ἔλεγε,
2646 2351 2866 2417 Σκότος
2892 2353 3096 2417 κύκλῳ
3119 2370 3238 2421 μου
3277 2354 3372 2407 καὶ
3407 2356 3612 2424 τοῖχοι,

2047 2437 2105 2488 τί
2132 2437 2525 2506 εὐλαϐοῦμαι;
2554 2437 2667 2490 ἀλλ’
2700 2439 2846 2511 ἐώρα
2866 2439 2955 2492 τὸν
2983 2439 3280 2511 ἀκοίμητον
3314 2441 3612 2513 ὀφθαλμὸν,

1978 2536 1982 2540 ’
2048 2527 2143 2578 καὶ
2183 2527 2298 2597 ᾔδει
2332 2527 2413 2579 ὅτι
2458 2527 2726 2597 ὀφθαλμοὶ
2759 2527 2966 2599 Κυρίου
3004 2531 3412 2600 μυριοπλασίως
3464 2535 3612 2604 ἡλίου

2047 2614 2442 2686 φωτεινότεροι.
2467 2615 2565 2668 Διὰ
2586 2616 2744 2669 τοῦτο
2771 2616 2948 2670 πάντα
2975 2617 3152 2680 οὑτως
3177 2617 3413 2690 έπραττέ
3437 2638 3495 2672 τε
3520 2623 3612 2674 καὶ

2045 2700 2246 2769 ἔλεγεν,
2274 2701 2348 2764 ὡς
2374 2702 2582 2756 ἐκείνου
2611 2704 2896 2774 παρόντος,
2929 2706 3022 2758 καὶ
3051 2706 3360 2771 δικάζοντος
3383 2711 3496 2772 τοῖς
3523 2708 3612 2762 λε-

2043 2789 2315 2858 γομένοις,
2350 2790 2444 2842 καί
2492 2806 2676 2861 φησιν’
2722 2795 2802 2845 Οὐ
2838 2793 2924 2862 μὴ
2969 2793 3242 2863 ἐπαγάγω
3296 2795 3408 2860 τὴν
3446 2795 3614 2865 χεῖρά

2037 2892 2157 2943 μου
2189 2874 2288 2926 ἐπί
2318 2876 2570 2944 χριστὸν
2601 2878 2847 2944 Κυρίου.
2881 2880 2993 2948 Οὐχ
3032 2880 3144 2950 ὁρῶ
3176 2881 3272 2952 τὴν
3323 2885 3610 2954 πονηρίαν,

2042 2961 2156 3012 ἀλλ’
2177 2960 2287 3032 ὁρῶ
2312 2965 2409 3032 τὴν
2434 2962 2610 3026 ἀξίαν.
2636 2965 2726 3034 Μή
2757 2983 2846 3035 μοι
2869 2965 3073 3032 λεγέτω
3104 2984 3186 3030 τις
3212 2969 3292 3020 ὃτι
3311 2969 3484 3038 βίαιος
3518 2972 3611 3023 καὶ

2047 3047 2238 3117 μιαρὸς
2260 3042 2413 3111 οὗτος
2433 3067 2446 3082 ο
2473 3048 2583 3117 ἐγὼ
2599 3051 2706 3122 γὰρ
2723 3052 2820 3122 τὴν
2843 3052 2936 3104 τοῦ
2962 3053 3095 3104 Θεοῦ
3112 3055 3257 3123 τιμῶ
3277 3056 3478 3126 ψῆφον,
3506 3059 3605 3111 κᾶν

2042 3129 2194 3197 οὗτος
2219 3134 2434 3200 ἀνάξιος
2463 3139 2738 3209 φαίνηται.
2768 3140 2840 3192 Οὐ
2865 3141 2974 3211 γάρ
3001 3143 3147 3196 ἐστιν
3177 3143 3308 3213 ἐμὸν
3333 3145 3607 3215 ἔγκλημα,

2041 3222 2102 3275 τὸ
2131 3222 2316 3277 τοῦτον
2351 3225 2565 3290 ἀνάξιον
2609 3228 2840 3298 φανῆναι
2869 3229 2967 3299 τῆς
3014 3231 3200 3301 τιμῆς.
3242 3233 3610 3288 Ἀκουέτωσαν

2039 3309 2152 3363 ὅσοι
2181 3314 2614 3384 καταφρονοῦσιν
2659 3316 2870 3388 ἱερέων,
2906 3318 3325 3388 μανθανέτωσαν
3355 3323 3485 3392 ὅσην
3514 3323 3608 3375 εὑ-

2039 3398 2260 3454 λάϐειαν
2283 3397 2436 3465 0510;
2466 3404 2594 3474 περὶ
2621 3404 2840 3474 βασιλέα
2865 3407 3193 3473 ἐπεδείξατο.
3229 3409 3381 3482 [717]
3416 3410 3610 3465 Καίτοι

2041 3486 2174 3540 πολὺ
2223 3488 2545 3561 τιμιώτερος
2595 3492 2686 3544 καὶ
2728 3492 3149 3565 αἰδεσιμώτερος
3202 3507 3223 3534 ο
3269 3495 3533 3566 βασιλέως
3579 3501 3609 3551 ό

2041 3573 2238 3644 ἱερεὺς,
2269 3577 2391 3629 ὅσον
2437 3579 2531 3630 καὶ
2556 3579 2647 3631 ἐπὶ
2678 3577 2898 3649 μείζονα
2932 3581 3106 3652 ἀρχὴν
3137 3581 3417 3651 κέκληται.
3463 3585 3612 3638 Μαν-

2037 3660 2346 3715 θανέτωσαν
2381 3663 2455 3734 μὴ
2488 3666 2713 3735 κρίνειν,
2748 3667 2884 3736 μηδὲ
2915 3670 3145 3731 εὐθύνας
3177 3671 3448 3737 ἀπαιτεῖν,
3490 3672 3609 3725 ἀλλ’

2038 3748 2438 3802 ὑποτάσσεσθαι
2465 3753 2560 3803 καὶ
2579 3751 2767 3804 εἴκειν.
2800 3754 2872 3805 Σὺ
2897 3756 2995 3824 μὲν
3027 3756 3135 3825 γάρ
3161 3757 3253 3808 τὸν
3282 3757 3374 3808 τοῦ
3403 3760 3599 3828 ἱερέως

2039 3832 2173 3902 βίον,
2211 3833 2314 3886 κᾶν
2356 3834 2555 3902 φαῦλος
2591 3833 2734 3908 ᾗτις
2775 3841 2867 3892 καὶ
2891 3840 3252 3911 ἠμελημένος,
3286 3845 3386 3896 οὑκ
3419 3841 3600 3909 οἷδας’

2038 3914 2194 3984 0510;
2224 3920 2279 3973 δὲ
2303 3921 2416 3991 ᾔδει
2443 3927 2562 3994 μετ’
2589 3926 2876 3996 ἀκριϐείας
2911 3927 3145 3993 ἅπαντα,
3177 3932 3278 3983 ὅσα
3305 3932 3558 4002 ἐποίησεν
3576 3935 3608 3985 ὁ

2035 4007 2238 4060 Σαούλ·
2271 4008 2386 4062 ἀλλ’
2421 4010 2571 4081 ὅμως
2616 4014 2710 4068 καὶ
2744 4013 2914 4078 οὕτως
2957 4016 3134 4088 ᾐδεῖτο
3164 4017 3263 4088 τήν
3311 4021 3460 4089 παρά
3507 4023 3600 4073 τοῦ

2041 4096 2177 4149 Θεοῦ
2201 4096 2446 4152 δοθεῖσαν
2473 4099 2668 4171 ἀρχήν.
2701 4101 2822 4155 Ὀτι
2853 4103 2908 4157 δὲ
2937 4104 3040 4158 κᾶν
3069 4104 3221 4168 εἰδὼς
3244 4101 3311 4178 ᾗς
3337 4108 3604 4178 ἀκριϐῶς,

2033 4186 2131 4238 οὑκ
2160 4185 2305 4257 ἔχεις
2341 4187 2655 4258 ἀπολογίαν,
2697 4190 2816 4244 οὑδέ
2865 4191 3216 4265 συγγνώμην,
3247 4198 3603 4267 καταφρονῶν

2031 4272 2141 4326 τῶν
2187 4274 2563 4345 προεστώτων,
2620 4279 2714 4332 καὶ
2753 4281 3080 4351 παρακούων
3112 4283 3220 4336 τῶν
3265 4283 3599 4354 λεγομένων,

2031 4359 2263 4415 ἄκουσον
2288 4363 2405 4426 πῶς
2428 4366 2533 4446 καὶ
2553 4365 2756 4437 ταύτην
2791 4369 2947 4438 ήμῶν
2982 4370 3161 4424 ἀνεῖλε
3194 4370 3293 4442 τὴν
3324 4373 3598 4445 πρόφασιν

2029 4450 2058 4500 ὁ
2094 4448 2346 4519 Χριστὸς,
2377 4449 2443 4502 δι’
2476 4444 2551 4504 ὧν
2591 4469 2754 4523 φησιν
2789 4457 2846 4507 ἐν
2875 4455 3248 4525 Εὐαγγελίοις,
3310 4444 3442 4514 Ἐπὶ
3489 4463 3599 4534 τῆς

2031 4535 2319 4604 καθέδρας
2344 4537 2642 4604 Μωϋσέως
2679 4541 2965 4597 ἐκάθισαν
2995 4549 3049 4598 ot
3077 4549 3452 4615 γραμματεῖς,
3499 4552 3596 4602 καὶ

2029 4626 2084 4677 οἱ
2133 4623 2470 4690 Φαρισαῖοι·
2519 4626 2716 4682 πάντα
2763 4624 2876 4683 οὖν
2901 4630 3019 4684 ὅσα
3062 4632 3138 4686 ἂν
3164 4635 3413 4689 εἴπωσιν
3455 4639 3597 4705 ὑμῖν

2030 4709 2244 4777 ποιεῖν,
2271 4713 2509 4767 ποιεῖτεο
2529 4715 2677 4770 κατὰ
2691 4715 2760 4768 δὲ
2774 4720 2846 4770 τὰ
2857 4718 3000 4786 ἔργα
3021 4719 3219 4774 αὐτῶν
3235 4723 3323 4790 μὴ
3352 4725 3590 4781 ποιεῖτε.

2042 4799 2205 4870 Ὁρᾷς
2225 4799 2341 4863 πῶς
2365 4795 2438 4854 ὧν
2463 4802 2491 4852 6
2519 4800 2631 4872 βίος
2658 4801 2800 4856 οὕτω
2818 4804 3208 4876 διεφθαρμένος
3232 4804 3318 4878 ἦν,
3348 4809 3422 4871 ὡς
3445 4809 3594 4874 ἄξιος

2028 4885 2166 4943 εἶναι
2185 4890 2437 4961 διαϐολῆς
2452 4894 2564 4955 τοῖς
2590 4892 3074 4964 μαθητευομένοις,
3093 4896 3299 4951 τούτων
3322 4898 3420 4970 τὴν
3449 4918 3591 4973 παρ-

2028 4976 2234 5034 αίνεσιν
2266 4980 2366 5034 οὑκ
2398 4981 2665 5051 ἠτίμασεν
2704 4982 2748 5046 ί,
2782 4983 2904 5037 οὐδὲ
2945 4985 3043 5056 τὴν
3081 4985 3306 5059 διδαχὴν
3335 4989 3596 5060 ἐξέϐαλες-

2027 5067 2211 5121 Ταῦτα
2236 5068 2295 5121 δέ
2319 5067 2484 5138 λέγω,
2514 5070 2634 5140 οὐχὶ
2676 5070 2782 5124 τῶν
2819 5072 3006 5143 ἱερέων
3047 5079 3370 5148 κατηγορεῖν
3405 5077 3591 5147 βουλό-

2029 5173 2190 5227 μενος
2210 5173 2225 5187 °
2259 5158 2334 5228 μὴ
2358 5158 2563 5227 γένοιτο
2581 5177 2595 5191 ·
2629 5160 2850 5232 καὶγὰρ
2879 5163 3037 5232 ὑμεῖς
3065 5164 3339 5236 μάρτυρες
3364 5161 3463 5234 ἦτε
3489 5167 3592 5235 τῆς

2022 5263 2084 5302 τε
2105 5248 2446 5321 ἀναστροφῆς
2467 5249 2645 5304 αὐτῶν
2663 5253 2758 5306 καὶ
2779 5253 2878 5323 τῆς
2897 5253 3182 5315 εὐλαϐείας
3205 5255 3419 5322 ἀπάσης
3440 5271 3455 5286 ο
3477 5255 3590 5308 ἀλλ’

2025 5339 2112 5392 ἵνα
2153 5341 2219 5391 ἐκ
2263 5337 2462 5408 πολλῆς
2520 5340 2618 5410 τῆς
2674 5343 2986 5408 περιουσίας
3020 5340 3218 5412 πολλὴν
3261 5343 3445 5406 αὑτοῖς
3491 5350 3595 5413 τὴν.

2023 5427 2155 5482 αἰδῶ
2193 5427 2285 5480 καὶ
2309 5427 2406 5497 τὴν
2447 5427 2608 5498 τιμὴν
2635 5429 2980 5500 παρέχωμεν.
3014 5429 3089 5483 Οὑ
3128 5430 3236 5501 γὰρ
3272 5431 3468 5495 αὐτοὺς
3496 5449 3588 5486 τος

2025 5515 2232 5588 σοῦτον,
2261 5516 2382 5588 ὅσον
2405 5517 2549 5584 ἡμᾶς
2577 5517 2770 5588 αὐτοὺς
2795 5517 3163 5587 ὠφελήσομεν.
3187 5519 3251 5570 '0
3269 5518 3595 5588 δεχόμενοθ

2021 5583 2135 5642 οὖν
2172 5583 2482 5656 προφήττῇ
2514 5587 2600 5650 εὶς
2637 5586 2824 5654 ὄνομα
2850 5583 3176 5656 προφήτου,
3199 5583 3423 5658 μισθόῦ
3447 5583 3599 5661 πραὲ
3662 5615 3678 5634 ο

2088 5739 2110 5791 e_
2130 5724 2263 5791 Cplrl}.
2285 5731 2338 5791 ει.
2363 5725 2483 5785 Reg.
2505 5723 2783 5791 τιμιώτερον
2801 5725 2882 5771 καὶ
2904 5726 3285 5791 αἰδεσιμώτερον.

2092 5787 2110 5828 ί
2142 5787 2275 5839 Colb.
2299 5787 2394 5836 duo
2429 5794 2480 5837 cl
2503 5785 2624 5849 Reg.
2646 5786 2900 5845 ἠτίμωσεν.
