4094 6256
473 400 579 455 M9

475 524 671 596 ρήτου
694 518 972 588 λήψεται.
995 517 1058 569 Et
1089 512 1196 582 γὰρ
1220 515 1344 578 τοὺς
1362 513 1604 582 ἀλλήλων
1641 512 1788 596 βίους
1815 513 1914 596 οὐκ
1951 513 2048 564 ἐπ-

475 625 536 662 ιτ
545 607 687 678 ράπη
698 621 794 674 μεν
815 601 1014 673 κρίνειν
1027 612 1074 664 ι,
1095 598 1274 668 πολλῷ
1298 598 1494 668 μᾶλλον
1513 597 1638 661 τοὺς
1653 595 1762 650 τῶν
1776 595 2045 665 πατέρων.

491 690 631 745 Ἀλλ’
653 689 788 756 ὅπερ
815 685 997 752 ελεγον
1023 681 1204 752 (πάλιν
1223 681 1330 751 γὰρ
1355 681 1447 733 ἐπὶ
1476 681 1573 752 τὴν
1593 681 1825 749 γυναῖκα
1849 679 2049 748 ταύτην

479 771 791 829 ἐπανελθεῖν
834 766 1181 836 ἀναγκαῖον),
1217 765 1310 818 καὶ
1349 765 1519 819 ὅτιτὸ
1557 765 1743 836 φέρειν
1790 760 2051 830 γενναίως

475 859 574 922 τὰς
607 853 868 923 λοιδορίας
917 850 1123 905 πολλῶν
1173 851 1300 920 ἡμῖν
1351 847 1568 918 ἀγαθῶν
1603 849 1774 900 αίτιον
1801 846 2010 913 γίνεται
2031 882 2047 907 ,

478 943 636 996 τοῦτο
659 939 752 993 καὶ
793 938 884 989 ἐπὶ
912 935 1005 989 τοῦ
1046 934 1164 987 Ἰὼϐ
1195 933 1412 1003 συνέϐη.
1455 931 1562 985 Καὶ
1589 931 1695 1000 γάρ
1724 931 1926 982 ἐκεῖνον
1955 927 2052 997 οὐχ

478 1026 624 1080 οὕτω
671 1020 933 1091 θαυμάξω
971 1019 1076 1090 πρὸ
1103 1017 1202 1087 τῆς
1229 1015 1599 1086 παραινέσεως
1628 1014 1726 1082 τῆς
1775 1011 2049 1078 γυναικὸς,

479 1109 558 1174 ὡς
593 1107 727 1179 μετά
748 1105 846 1176 τὴν
869 1103 1115 1173 ὀλεθρίαν
1147 1100 1452 1171 συμϐουλὴν
1483 1097 1714 1163 ἐκείνην.
1741 1095 1844 1150 Καὶ
1867 1095 1954 1179 μὴ
1972 1111 2054 1157 τις

482 1177 778 1264 παράδοξον
819 1185 955 1240 εἶναι
1011 1184 1274 1254 νομιζέτω
1325 1182 1385 1236 τὸ
1437 1179 1742 1264 λεγόμενον.
1791 1177 2052 1264 Πολλάκις

481 1260 616 1346 γούν
638 1273 732 1335 οὒς
767 1274 801 1342 ἡ
841 1271 948 1324 τῶν
997 1267 1334 1338 πραγμάτων
1375 1265 1534 1334 φύσις
1565 1264 1662 1332 οὐχ
1699 1260 2052 1322 ὑπεσκέλισε,

486 1343 637 1431 ῥῆμα
671 1357 766 1410 καὶ¹
789 1353 1103 1424 παραίνεσις
1137 1349 1501 1419 διεφθαρμένη
1533 1344 1844 1431 κατέλυσεν.
1878 1343 2055 1431 ’Ἰλπερ

483 1425 576 1496 οὖν
599 1439 692 1494 καὶ
717 1441 745 1492 ὁ
771 1435 1013 1496 διάϐολος
1037 1431 1309 1494 συνειδὼς,
1339 1431 1474 1500 μετά
1503 1428 1598 1498 τὴν
1619 1427 1723 1480 ἀπὺ
1743 1426 1841 1495 τῆς
1862 1425 2054 1494 πείρας

487 1522 721 1594 πληγὴν,
749 1519 844 1573 καὶ
865 1518 962 1589 τὴν
982 1516 1072 1569 διὰ
1095 1515 1202 1568 τῶν
1226 1515 1481 1586 ῥημάτιον
1503 1511 1694 1594 ἐπάγει
1719 1508 2020 1594 προσϐολήν
2035 1524 2050 1538 ·

487 1590 624 1676 ὅπερ
659 1590 754 1657 οὖν
795 1602 1047 1671 ἐποίησεν
1085 1599 1178 1653 καὶ
1214 1599 1304 1650 ἐπὶ
1355 1595 1446 1649 τοῦ
1480 1593 1658 1646 Δαυῖδ.
1700 1590 1912 1662 Ἐπειδὴ
1947 1591 2055 1676 γὰρ

489 1672 626 1744 εἶδεν
660 1687 820 1742 αὐτὸν
841 1684 1102 1755 γενναίως
1131 1681 1420 1750 ἐνεγκόντα
1443 1679 1540 1748 τὴν
1573 1675 1936 1729 ἐπανάστασιν
1961 1672 2054 1724 τοῦ

491 1771 697 1834 παιδὸς,
729 1771 822 1824 καὶ
853 1771 950 1840 τὴν
978 1766 1287 1838 παράνομον
1311 1762 1522 1831 ἐκείνην
1543 1757 1848 1828 τυραννίδα,
1873 1755 2056 1840 βουλό-

495 1873 654 1928 μενος
680 1839 1030 1908 ὑποσκελίσαι
1062 1851 1159 1921 τὴν
1185 1849 1451 1928 διάνοιαν,
1469 1844 1560 1897 καὶ
1585 1845 1764 1894 πεῖσαι
1785 1843 1863 1903 είς
1889 1839 2056 1910 ὀργὴν

489 1925 762 2001 ἐκπεσεῖν,
790 1935 1026 2004 καθῆκεν
1049 1934 1254 1985 ἐκεῖνον
1299 1929 1390 1981 τὸν
1417 1927 1607 1996 Σεμεεὶ
1635 1925 1687 1990 b,
1732 1927 1933 1996 ῥήμασι
1963 1940 2056 1974 πι-

491 2025 641 2094 κροῖς
676 2019 1093 2089 παρασκευάσας
1122 2015 1304 2067 δακεῖν
1337 2010 1498 2064 αὐτοῦ
1531 2010 1630 2079 τὴν
1665 2008 1858 2094 ψυχῆν.
1888 2005 2057 2058 Τοῦτο

489 2087 585 2162 καὶ
613 2105 705 2158 ἐπὶ
727 2087 821 2156 τοῦ
863 2101 981 2154 Ἰὼϐ
1007 2097 1414 2167 ἐκακούργησεν
1433 2133 1446 2145 .
1485 2095 1574 2155 Ὠς
1601 2091 1709 2162 γάρ
1737 2087 1842 2144 εἶδε
1872 2091 2058 2142 κάκεῖ-

489 2207 579 2243 νον
600 2186 1044 2258 καταγελάσαντα
1063 2181 1226 2237 αὑτοῦ
1248 2181 1354 2234 τῶν
1378 2177 1563 2248 βελῶν,
1597 2177 1690 2230 καὶ
1711 2174 1898 2244 ὥσπερ
1941 2174 2062 2226 ἀδαο

495 2275 746 2345 μάντινον
777 2267 1135 2341 πύργονξπρὸς
1158 2265 1333 2319 πάντα
1362 2263 1559 2316 στάντα
1583 2260 1873 2328 γενναίως,
1925 2257 2060 2312 καθ-

492 2342 696 2410 ώπλισε
721 2355 818 2425 τὴν
841 2355 1092 2422 γυναῖκα,
1124 2351 1209 2403 ίνα
1235 2347 1540 2408 ἀνύποπτος
1556 2346 1589 2414 ἡ
1613 2342 1884 2413 συμϐουλὴ
1901 2343 2062 2410 γένη-

491 2458 603 2504 ται,
629 2441 723 2494 καὶ
749 2437 1010 2508 ἐνέκρυψε
1035 2435 1094 2487 τὸ
1121 2431 1437 2503 δηλητήριον
1463 2431 1573 2490 τοῖς
1599 2427 1810 2508 ἐκείνης
1833 2427 2059 2495 ῥήμασι,

495 2525 591 2578 καὶ
641 2521 738 2592 τὴν
784 2507 1064 2590 συμφορὰν
1108 2513 1469 2588 ἐτραγῴδησε.
1519 2511 1583 2563 Τί
1625 2507 1716 2563 οὖν
1747 2511 1775 2561 ὁ
1823 2510 2063 2592 γενναίος

494 2591 703 2670 ἐκεῖνος
725 2616 746 2644 ο
771 2621 785 2668 ;
814 2604 938 2657 Ἵνα
975 2601 1032 2654 τί
1069 2601 1149 2666 ὡς
1171 2599 1280 2668 μία
1308 2596 1426 2649 τῶν
1452 2595 1728 2663 ἀφρόνων
1765 2591 2064 2661 γυναικῶν

494 2688 835 2756 (Elei/Indae;
857 2687 924 2738 El
962 2683 1034 2736 τὰ
1060 2681 1248 2749 ἀγαθὰ
1275 2678 1598 2748 ἐδεξάμεθα
1625 2677 1692 2730 ἐκ
1721 2675 1919 2745 χειρὸς
1949 2678 2065 2728 Κυ-

495 2773 650 2840 ρίου,
677 2769 752 2824 τὰ
783 2769 936 2823 κακὰ
966 2770 1076 2834 οὐχ
1110 2761 1257 2836 [718]
1292 2763 1655 2830 ὐποίσομεν;
1707 2762 1770 2812 Ὃ
1798 2760 1854 2813 δὲ
1896 2758 2062 2826 λέγει,

496 2853 736 2908 τοιοῦτόν
783 2855 957 2904 ἐστιν·
1005 2845 1068 2901 Εἰ
1105 2847 1178 2919 μὴ
1211 2847 1484 2916 Δεσπότης
1513 2841 1600 2915 ἦν,
1639 2843 1770 2916 μηδέ
1816 2843 2064 2897 τοσοῦτον

498 2936 656 3006 ὴμῶν
677 2935 971 3004 ὑπερέχων,
998 2931 1131 2985 ἀλλά
1161 2931 1312 3000 φίλος
1339 2947 1419 2992 τις
1441 2929 1720 2998 ὁμότιμος,
1758 2926 1914 2980 ποίαν
1936 2929 2068 2997 εἴχο-

503 3037 601 3090 μεν
628 3017 940 3086 ἀπολογίαν,
970 3013 1204 3069 τοσαῦτα
1229 3011 1674 3083 εὐεργετηθέντες
1706 3011 1834 3082 παρ’
1868 3009 2029 3064 αὐτοῦ
2049 3050 2065 3077 ,

501 3089 598 3158 καὶ
623 3105 738 3165 τοῖς
763 3101 1022 3163 ἐναντίοις
1045 3099 1204 3153 αὐτὸν
1226 3097 1568 3167 ἀμειϐόμενοι
1588 3113 1602 3161 ;
1626 3089 1778 3156 Εἶδες
1798 3093 1825 3133 ἀ
1845 3093 2067 3164 γνώμην

501 3188 767 3258 φιλόθεον,
792 3185 886 3239 καὶ
909 3184 1025 3248 πῶς
1045 3184 1106 3238 οὐ
1138 3183 1544 3253 μεγαλοφρονεῖ,
1579 3179 1698 3232 οὐδέ
1721 3178 2066 3248 ἐναϐρύνεται

501 3272 596 3325 ἐπὶ
639 3271 716 3340 τῷ
751 3268 1012 3338 γενναίως
1063 3267 1305 3334 ἐνεγκεῖν
1355 3263 1452 3326 τὰς
1479 3262 1618 3334 ὑπὲρ
1653 3261 1812 3331 φύσιν
1858 3262 2067 3324 ἐκείνας

503 3353 735 3425 πληγὰς,
764 3350 885 3404 οὔτε
919 3349 1109 3418 σοφίας
1143 3341 1280 3400 εἶναι
1318 3346 1525 3411 νομίζει
1548 3345 1638 3397 καὶ
1670 3343 2069 3414 μεγαλοψυχίας

502 3437 602 3508 τὴν
629 3433 895 3503 τοσαύτην
925 3430 1220 3500 ὑπομονὴν,
1246 3428 1358 3480 ἀλλ’
1383 3427 1571 3498 ὥσπερ
1595 3428 1886 3508 ἀναγκαῖον
1903 3425 2071 3494 ὄφλη-

508 3507 586 3590 μα
636 3518 878 3577 ἐκτιννὺς
901 3555 914 3578 ,
946 3513 1040 3568 καὶ
1090 3511 1238 3565 οὐδὲν
1279 3509 1502 3572 ἀπεικὸς
1541 3507 1758 3572 παθὼν,
1797 3507 1967 3571 οὕτως
2008 3509 2072 3561 ἐκ

507 3597 820 3670 περιουσίας
844 3597 904 3650 τὸ
927 3595 1142 3664 γύναιον
1171 3593 1490 3662 ἐπεστόμισε
1511 3607 1526 3655 ;
1554 3590 1723 3644 Τοῦτο
1750 3591 1842 3670 καὶ
1862 3592 1952 3643 ἐπὶ
1973 3590 2072 3660 τῆς

507 3669 764 3750 γυναικὸς
797 3679 997 3750 ταύτης
1032 3677 1266 3746 γένονεν.
1318 3675 1534 3746 Ἐπειδὴ
1567 3673 1672 3745 γάρ
1720 3669 1857 3728 εἶδεν
1903 3673 2072 3744 αὐτὴν

506 3764 769 3834 γενναίως
798 3763 1064 3834 φέρουσαν
1089 3761 1186 3830 τὴν
1223 3758 1496 3821 ἀπαιδίαν,
1521 3759 1616 3812 καὶ
1653 3757 1730 3826 τῷ
1756 3755 1874 3826 Θεῷ
1903 3773 2074 3826 προσ-

505 3848 830 3910 πίπτουσαν,
867 3845 1072 3916 καθῆκε
1114 3843 1170 3897 τὸ
1222 3843 1503 3918 παιδάριον
1533 3843 1626 3895 τοῦ
1682 3839 1900 3912 ἱερέως,
1932 3839 2073 3894 ὥστε

510 3931 711 4006 μᾶλλον
734 3929 902 4002 αὐτὴν
934 3931 1188 4002 ἀγριᾶναι
1221 3940 1266 3982 θ.
1307 3926 1444 3980 Ἀλλ’
1473 3927 1622 3980 οὐδὲν
1649 3925 1852 3978 τούτων
1876 3924 2074 3978 ἔπαθεν

507 4019 545 4089 ἡ
580 4017 740 4089 γυνὴ,
775 4015 909 4070 ἀλλά
956 4014 1296 4086 μελετήσασα
1331 4012 1514 4082 φέρειν
1556 4010 1653 4073 τὰς
1685 4008 1946 4080 λοιδορίας
1984 4009 2075 4061 ἐπὶ

507 4101 610 4170 τῆς
653 4099 848 4163 οἰκίας,
897 4099 991 4152 καὶ
1043 4099 1152 4160 τοῖς
1179 4095 1430 4148 ὀνείδεσιν
1471 4091 1931 4162 ἐγγυμνασαμένη
1979 4090 2076 4160 τῆς

509 4183 818 4254 ἀντιζήλου,
849 4181 1016 4242 ἀδεῶς
1039 4179 1222 4232 λοιπὸν
1248 4179 1382 4248 πρὸς
1416 4175 1513 4238 τὰς
1543 4175 1794 4237 τοιαύτας
1819 4173 2079 4228 ἀπεδύετο

511 4265 836 4338 προσϐολάς.
859 4265 950 4316 Διὸ
969 4265 1060 4315 καὶ
1082 4265 1137 4314 ἐν
1165 4261 1242 4331 τῷ
1269 4259 1398 4332 ἱερῷ
1422 4258 1616 4329 πολλὴν
1659 4257 1957 4310 ἐπιείκειαν
1981 4257 2078 4310 ἐπ-

511 4349 799 4409 εδείκνυτο,
817 4349 1073 4420 ἀνδρείως
1107 4345 1248 4415 μάλα
1275 4345 1366 4397 καὶ
1386 4341 1772 4414 μεγαλοψύχως
1794 4339 1863 4394 τὰ
1893 4340 2080 4412 σκώμ-

515 4449 658 4504 ματα
690 4431 947 4500 φέρουσα,
975 4429 1042 4481 τὰ
1069 4428 1160 4480 ἐπὶ
1180 4429 1244 4500 τῇ
1285 4427 1418 4498 μέθῃ
1449 4427 1542 4478 καὶ
1572 4427 1638 4496 τῇ
1675 4425 1944 4496 παροινίᾳ.
1975 4425 2079 4477 Οὑ-

511 4516 600 4570 δέν
630 4514 688 4567 δὲ
710 4507 820 4566 οἷον
848 4513 941 4566 καὶ
969 4511 1147 4565 αὐτῶν
1171 4510 1398 4564 ἀκοῦσαι
1431 4509 1538 4563 τῶν
1567 4508 1844 4580 ῥημάτων.
1888 4507 2079 4560 Εἰπόνο

512 4615 602 4662 τος
623 4597 730 4670 γάρ
751 4597 844 4650 τοῦ
867 4596 1150 4667 παιδαρίου
1171 4613 1184 4627 ·
1209 4594 1490 4663 Περιελοῦ
1513 4595 1617 4647 τὸν
1637 4589 1804 4647 οἶνόν
1821 4607 1936 4646 σου
1960 4592 2076 4646 ἀπὸ

512 4681 652 4745 σοῦ,
676 4680 776 4735 καί
807 4679 1027 4734 ἄπελθε
1051 4680 1116 4732 ἐκ
1146 4679 1464 4748 προσώπου
1507 4677 1759 4746 Κυρίου,
1788 4676 2076 4744 ἀπεκρίθη

514 4768 555 4835 ἡ
594 4767 794 4829 Ἅννα,
825 4764 924 4817 καὶ
973 4760 1162 4830 εἶπεν,
1201 4763 1367 4831 Οὐχὶ,
1407 4763 1590 4830 κύριε.
1628 4760 1730 4812 Τὸν
1781 4759 2077 4830 ὑϐρίσαντα

513 4849 776 4918 δεσπότην
798 4847 1040 4900 ἐκάλεσε.
1068 4849 1174 4900 Καὶ
1199 4847 1297 4899 οὐκ
1316 4843 1464 4899 εἶπεν
1485 4845 1513 4898 ὃ
1539 4845 1718 4898 πολλοὶ
1742 4843 1849 4897 τῶν
1874 4841 2079 4912 ἀνθρώ-

515 4949 636 4986 πων
669 4932 939 4998 λέγουσιν·
965 4929 1098 4983 Εἰπέ
1134 4949 1222 5001 μοι
1248 4930 1420 4982 ταῦτα
1449 4931 1476 4981 ὁ
1512 4929 1718 5000 ἱερεύς;
1747 4926 1916 4982 ταῦτα
1945 4929 1975 4979 ὁ
2003 4925 2080 4977 δι-

515 5017 729 5070 δάσκων
743 5016 868 5078 τοὺς
887 5015 1076 5078 ἀλλους
1098 5017 1176 5077 εἰς
1199 5014 1367 5084 μέθην
1392 5014 1485 5066 καὶ
1501 5012 1779 5084 παροινίαν
1805 5009 2044 5078 ἔσκωψεν
2063 5024 2077 5072 ;

515 5100 631 5157 ἀλλ’
661 5099 962 5168 ἐσκόπησεν
996 5099 1141 5162 ὅπως
1170 5100 1566 5168 ἀποκρούσαιτο
1620 5097 1777 5167 μόνον
1821 5095 1919 5166 τὴν
1951 5095 2082 5147 ὑπό-

516 5200 682 5248 νοιαν,
713 5183 882 5236 καίτοι
915 5199 977 5250 γε
1010 5183 1108 5235 οὐκ
1132 5178 1293 5236 οὖσαν
1325 5181 1518 5252 ἀληθῆ.

587 5265 854 5339 ε’.Ἡμεῖς
884 5266 940 5320 δὲ
975 5265 1250 5333 πολλάκις,
1285 5267 1502 5321 ἐπειδὰν
1523 5265 1937 5338 λοιδορηθῶμεν,
1965 5264 2083 5320 δέον

579 5465 606 5528 f‘
632 5465 770 5528 Cpib.
793 5464 985 5528 ἐρευνᾷν
1003 5477 1090 5528 pro
1114 5463 1302 5528 κρίνειν.

579 5527 607 5566 b
642 5527 780 5581 COIb.
811 5526 943 5574 imus'
953 5526 1106 5587 Σεμεί.

583 5591 607 5618 ε
637 5588 772 5641 Colb.
795 5590 823 5636 ὁ
846 5583 1072 5650 μακάριος
1092 5587 1282 5643 ἐκεῖνος.
1305 5583 1388 5635 Sic
1409 5590 1464 5636 et
1479 5585 1602 5648 Reg.
1622 5585 1706 5646 qui
1729 5585 1863 5636 addit
1881 5584 1961 5632 καὶ
1981 5599 2084 5646 γεν-

521 5648 910 5711 να¹ίος,1ιθω(ιιιει
929 5648 1064 5711 Cdl_b.
1091 5650 1234 5698 alius.
1313 5709 1378 5711 __
1501 5707 1512 5711 Α
1621 5708 1632 5711 _
1725 5709 1734 5711 _
1889 5679 1891 5682 ⁴

585 5710 608 5747 d
636 5711 768 5761 Colb.
795 5707 986 5772 ἀξιοῖ-ει
1006 5709 1128 5772 Reg.
1159 5711 1238 5758 καὶ
1277 5709 1338 5758 τὰ
1361 5707 1545 5772 ἐναντία
1586 5708 1641 5757 οὐ
1679 5709 1908 5772 φέροντες.
1932 5707 2080 5772 Εἶδες.

523 5771 676 5824 Paulo
699 5779 812 5833 post
832 5770 966 5821 Colb.
983 5769 1186 5833 unu§_eL
1201 5771 1324 5832 Reg.
1341 5771 1448 5819 οὔτε
1471 5769 1748 5833 φιλοσοφίας
1763 5769 2078 5830 εἷναινομίζει.

589 5847 610 5872 ε
631 5831 768 5884 Colb.
793 5833 1086 5894 ἐξαγριῶσαι.
1111 5831 1236 5882 Infra
1258 5831 1388 5883 iam
1415 5831 1832 5893 ἐγγεγυμνασμένη.

1217 398 1274 452 S.
1317 396 1602 452 JOANNIS
1641 391 2132 451 CIIRYSOSTOMI
2161 393 2481 454 ARCﬂlEP.
2522 396 3070 456 CONSTANTINOP.

3607 401 3720 454 650

2149 513 2585 590 ἀπολογήσασθαι
2613 521 2706 574 καὶ
2735 518 3130 588 ἀπαλλαγῆναι,
3162 516 3462 588 ἐξάπτομεν
3489 518 3550 572 τὸ
3581 521 3716 592 πῦρ,

2150 605 2246 659 καὶ
2276 607 2524 678 καθάπερ
2548 608 2709 678 θηρία
2754 610 2863 670 τοῖς
2895 605 3174 677 ὑϐρικόσιν
3207 606 3575 677 ἐπιπηδῶμεν,
3617 611 3721 676 ἄγ-

2149 714 2356 766 χοντες,
2387 699 2654 762 ἕλκοντες,
2687 698 2914 762 εὐθύνας
2951 698 3307 762 ἀπαιτοῦντες
3348 699 3456 751 τῶν
3494 700 3722 770 εἰρημέ-

2149 806 2276 853 νων,
2299 791 2391 843 κα¹ι
2416 789 2624 854 τούτοις
2651 790 2853 854 αὐτοῖς,
2877 785 2957 853 οἷς
2982 789 3260 859 ποιοῦμεν,
3291 789 3386 860 τὴν
3411 789 3534 844 καθ’
3561 793 3722 862 ήμῶν

2154 876 2495 946 βεϐαιοῦντες
2521 878 2792 946 ὑπόνοιαν.
2825 878 2888 930 Ei
2909 877 3016 948 γὰρ
3043 877 3220 947 βούλει
3243 877 3407 944 δεῖξαι
3435 881 3548 942 τοῖς
3572 878 3725 950 ὑϐρι-

2153 970 2325 1034 κόσιν,
2359 969 2434 1033 ὡς
2461 971 2520 1023 οὐ
2555 969 2792 1044 μεθύεις,
2811 969 2980 1035 δεῖξον
2999 969 3085 1022 διά
3113 969 3410 1040 πραότητος
3437 973 3528 1025 καὶ
3544 972 3726 1026 ἐπιει-

2155 1063 2327 1127 κείας,
2362 1061 2436 1133 μὴ
2483 1061 2551 1116 δι’
2585 1061 2822 1132 ὕϐρεως,
2870 1061 3002 1133 μηδὲ
3033 1061 3119 1115 διὰ
3159 1061 3441 1134 λοιδορίας.
3485 1065 3580 1118 Ἂν
3622 1065 3730 1135 μὲν

2155 1151 2262 1222 γὰρ
2309 1152 2586 1222 τυπτήσῃς
2623 1151 2712 1204 τὸν
2752 1151 3046 1222 ὑϐρικότα,
3104 1151 3271 1222 μέθην
3304 1169 3395 1206 σου
3447 1152 3732 1222 καταγνώ-

2158 1257 2338 1295 σονται
2376 1243 2602 1305 πάντες·
2639 1241 2706 1296 ἂν
2726 1243 2782 1296 δέ
2814 1243 3072 1311 γενναίως
3100 1245 3326 1314 ἐνέγκῃς
3351 1285 3366 1306 ,
3399 1245 3731 1314 ἀπεκρούσω

2154 1335 2240 1391 διὰ
2268 1338 2374 1390 τῶν
2394 1337 2568 1408 ἔργων
2597 1337 2693 1408 τὴν
2728 1337 2968 1408 πονηρὰν
2991 1337 3224 1406 ὑποψίαν
3247 1353 3259 1367 ο
3295 1339 3430 1408 ὅπερ
3452 1333 3543 1390 οὖν
3569 1339 3664 1391 καὶ
3692 1339 3730 1408 ἡ

2154 1429 2289 1500 γυνὴ
2312 1431 2432 1482 τότε
2463 1428 2704 1498 ἐποίησε,
2729 1429 2822 1481 καὶ
2853 1428 3101 1488 εἰποῦσα.
3137 1430 3310 1496 Οὐχὶ,
3330 1430 3516 1497 κύριε,
3538 1430 3604 1482 δι’
3625 1429 3732 1482 αὑ-
3809 1421 3820 1432 ’

2156 1521 2262 1574 τῶν
2289 1521 2397 1574 τῶν
2432 1521 2767 1591 πραγμάτων
2800 1521 3008 1573 ἐδείκνυ
3030 1559 3045 1584 ,
3087 1521 3167 1573 ὅτι
3197 1521 3395 1592 ψευδὴς
3434 1517 3501 1591 ἦν
3543 1523 3574 1591 ἡ
3617 1523 3730 1574 ὐπ-

2157 1614 2304 1683 οψία.
2337 1613 2504 1666 Πόθεν
2533 1613 2588 1665 δὲ
2617 1612 2750 1674 ὅλως
2771 1613 2864 1665 καὶ
2897 1610 3250 1665 ὑπώπτευσεν
3276 1614 3304 1664 ὁ
3331 1613 3508 1682 ἱερεὺς
3535 1612 3726 1678 τοῦτο;

2161 1703 2234 1774 μὴ
2265 1702 2372 1774 γὰρ
2405 1701 2648 1769 γελῶσαν
2681 1699 2818 1768 εἶδες
2856 1701 2930 1773 μὴ
2961 1701 3068 1771 γάρ
3108 1699 3472 1771 χορεύουσαν;
3511 1702 3582 1772 μὴ
3617 1701 3730 1772 γὰρ

2157 1797 2592 1868 περιφερομένην
2619 1797 2711 1850 καὶ
2741 1795 3222 1861 καταπίπτουσαν;
3264 1796 3340 1866 μὴ
3367 1795 3476 1865 γὰρ
3503 1795 3730 1866 αἰσχρόν

2155 1909 2208 1944 τι
2251 1891 2344 1943 καὶ
2389 1889 2736 1960 ἀνελεύθερον
2785 1888 3160 1958 φθεγγομένην
3205 1887 3388 1958 ρῆμα;
3427 1887 3600 1941 Πόθεν
3633 1883 3730 1941 οὖν

2156 1989 2355 2060 ταύτην
2380 1990 2503 2058 ἐσχε
2531 1987 2627 2059 τὴν
2644 1987 2897 2040 ὑπόνοιαν
2918 2003 2932 2052 ;
2955 1986 3066 2056 Οὐχ
3079 1985 3286 2049 ἁπλῶς,
3309 1985 3430 2038 οὐδέ
3446 1985 3522 2048 ὡς
3541 1985 3730 2055 ἔτυχεν

2157 2083 2382 2146 ἐκεῖνος,
2413 2080 2526 2134 ἀλλ’
2553 2081 2661 2133 ἀπὸ
2677 2079 2770 2134 τοῦ
2801 2077 2992 2150 καιροῦ
3013 2079 3113 2150 τῆς
3133 2077 3344 2148 ἡμέρας
3368 2095 3382 2108 ·
3416 2077 3512 2130 καὶ
3534 2078 3641 2148 γὰρ
3658 2072 3730 2148 ἦν

2157 2173 2217 2225 τὸ
2241 2171 2626 2244 μεσημϐρινὸν,
2651 2173 2742 2225 ὅτε
2768 2170 2869 2241 τὴν
2897 2169 3060 2242 εὐχὴν
3085 2171 3337 2223 ἐποιεῖτο.
3378 2168 3548 2222 Πόθεν
3571 2167 3734 2222 τοῦτο

2159 2265 2348 2334 δῆλον;
2400 2264 2518 2316 Ἀπ’
2543 2261 2718 2316 αὐτῶν
2747 2261 2853 2314 τῶν
2880 2262 3084 2316 ἄνωθεν
3112 2261 3436 2333 εἰρημένων.
3485 2261 3732 2329 Ἀνέστη

2161 2367 2289 2436 γὰρ,
2325 2363 2506 2433 φησὶν,
2542 2365 2720 2418 Ἅννα
2760 2363 2908 2432 μετὰ
2955 2363 3024 2416 τὸ
3071 2360 3284 2432 φαγεῖν
3329 2360 3552 2428 αὐτοὺς
3581 2359 3730 2432 [³719]

2161 2463 2230 2516 ἐν
2249 2462 2482 2531 Σηλὼμ,
2506 2461 2603 2515 καί
2621 2459 2770 2531 μετά
2789 2459 2854 2513 τὸ
2875 2459 3050 2526 πιεῖν,
3075 2459 3174 2513 καὶ
3195 2459 3454 2526 κατέστη
3478 2456 3733 2511 ἐνώπιον

2162 2564 2400 2631 Κυρίου.
2441 2562 2599 2632 Ὁρᾷς
2620 2577 2634 2624 ;
2665 2561 2761 2614 Ὃν
2782 2559 3016 2622 ἀνέσεως
3037 2557 3228 2630 καιρὸν
3254 2556 3530 2610 ποιοῦνται
3555 2555 3732 2610 ἀπαν-

2163 2673 2274 2720 τες.
2307 2655 2492 2710 τοῦτον
2534 2656 2698 2725 εὐχῆς
2741 2655 2976 2707 ἐποιεῖτο
3022 2652 3160 2724 αὕτη
3199 2649 3408 2722 καιρὸν,
3457 2649 3548 2702 καὶ
3590 2647 3734 2717 μετὰ

2164 2747 2436 2818 τράπεζαν
2465 2746 2598 2817 πρὸς
2625 2745 2904 2818 ἱκετηρίαν
2930 2745 3187 2816 ἀνέτρεχε
3209 2783 3224 2809 ,
3256 2742 3350 2796 καὶ
3374 2739 3554 2810 πηγὰς
3577 2738 3730 2808 ἠφίει

2165 2843 2436 2914 δακρύων,
2465 2843 2557 2896 καὶ
2582 2843 2815 2896 διάνοιαν
2845 2842 3071 2912 παρεῖχε
3111 2835 3484 2908 σωφρονοῦσαν
3509 2833 3601 2887 καὶ
3623 2833 3724 2900 νή-

2167 2949 2390 3003 φουσαν,
2415 2933 2506 2985 καὶ
2525 2931 2660 3002 μετὰ
2685 2930 2958 3002 τράπεζαν
2975 2927 3146 2992 οὓτως
3168 2925 3399 2988 ἐκτενῶς
3419 2921 3631 2994 ηὔξατο,
3651 2919 3730 2982 ὡς

2165 3025 2335 3096 δῶρον
2361 3023 2499 3095 ὑπέρ
2538 3021 2697 3092 φύσιν
2746 3021 2952 3085 λαϐεῖν,
2977 3021 3072 3075 καὶ
3110 3016 3268 3072 λῦσαι
3297 3017 3579 3088 στείρωσιν
3599 3054 3620 3081 ,
3640 3013 3736 3065 καλ⁵

2169 3114 2329 3186 φύσιν
2357 3113 2727 3183 ἀσθενήσασαν
2752 3111 3063 3183 διορθῶσαι.
3085 3107 3270 3162 Ταῦτα
3301 3107 3478 3161 τοίνυν
3503 3105 3610 3158 άπὸ
3635 3103 3736 3172 τῆς

2168 3203 2426 3272 γυναικὸς
2443 3201 2835 3273 ἐκερδάναμεν,
2863 3198 3002 3252 ὥστε
3035 3197 3232 3252 εἰδέναι
3255 3197 3372 3268 μετ’
3396 3191 3628 3262 εὐωχίαν
3648 3189 3738 3243 εὑ-

2168 3292 2380 3364 χεσθαι.
2420 3293 2476 3346 ὐ
2503 3292 2612 3363 γὰρ
2642 3292 2780 3364 πρὸς
2811 3290 2968 3345 τοῦτο
3007 3285 3546 3361 παρεσκευασμένος,
3585 3283 3738 3336 οὐδέ-

2171 3402 2302 3438 ποτε
2341 3387 2419 3448 εἰς
2453 3384 2622 3456 μέθην
2665 3387 2760 3438 καὶ
2799 3383 3084 3455 παροινίαν
3113 3382 3446 3442 ἐκπεσεῖται,
3483 3375 3740 3431 οὐδέποτε

2173 3486 2280 3539 ὑπὸ
2302 3484 2637 3556 ἀδδηφαγίας
2655 3483 3105 3556 διαρραγήσεται,
3131 3478 3270 3535 ἀλλά
3289 3477 3385 3550 τὴν
3407 3476 3738 3548 προσδοκίαν

2171 3577 2272 3646 τῆς
2310 3576 2476 3646 εὐχῆς
2501 3575 2621 3629 ἀντὶ
2663 3573 2881 3644 χαλινοῦ
2923 3575 3036 3637 τοῖς
3068 3571 3344 3640 λογισμοῖς
3385 3567 3739 3638 ἐπικειμένην

2173 3675 2331 3747 έχων,
2371 3675 2508 3746 μετά
2524 3674 2616 3728 τοῦ
2643 3674 3010 3745 προσήκοντος
3039 3673 3237 3743 μέτρου
3257 3669 3366 3723 τῶν
3398 3665 3742 3741 παρακειμέ-

2174 3785 2280 3822 νων
2304 3766 2498 3836 Ξιψεται
2521 3766 2758 3832 πάντων,
2793 3766 2888 3819 καὶ
2911 3764 3109 3834 πολλῆς
3133 3763 3230 3834 μὲν
3254 3763 3352 3831 τὴν
3379 3761 3578 3830 ψυχὴν,
3611 3758 3742 3811 πολ-

2174 3867 2273 3938 λῆς
2305 3867 2360 3920 δέ
2399 3867 2459 3920 τὸ
2501 3867 2661 3937 σῶμα
2706 3865 2978 3937 ἐμπλήσει
3023 3865 3124 3934 τῆς
3171 3862 3443 3930 εὐλογίας.
3480 3858 3740 3931 Τράπεζα

2176 3968 2286 4040 γὰρ
2311 3968 2418 4021 ἀπὸ
2435 3967 2600 4038 εὐχῆς
2617 3965 2914 4037 ἀρχομένη,
2935 3965 3028 4018 καὶ
3049 3966 3129 4029 είς
3151 3963 3313 4034 εὐχὴν
3337 3961 3738 4030 καταλήγουσα,

2177 4059 2428 4112 οὐδέποτε
2469 4056 2916 4128 ὑστερηθήσεται,
2966 4053 3100 4107 ἀλλά
3137 4053 3318 4124 πηγῆς
3362 4051 3740 4121 δαψιλέστερον

2179 4151 2391 4206 ἅπαντα
2421 4153 2551 4221 ἡμῖν
2580 4151 2711 4202 οἴσει
2744 4147 2811 4200 τὰ
2839 4147 3037 4215 ἀγαθά.
3072 4145 3162 4216 Μὴ
3191 4145 3256 4216 δὴ
3301 4143 3551 4198 τοσοῦτον
3595 4159 3737 4210 παρέ

2179 4239 2391 4311 ορῶμεν
2409 4239 2614 4310 κέρδος.
2632 4237 2742 4290 Καὶ¹
2763 4237 2870 4307 γάρ
2888 4234 3085 4288 ἄτοπον
3104 4235 3231 4297 τοὺς
3253 4233 3350 4304 μὲν
3371 4232 3589 4294 οἰκέτας
3613 4229 3738 4292 τούς

2179 4330 2504 4402 ἡμετέρους,
2555 4329 2610 4380 εί
2658 4329 2788 4381 ποτέ
2821 4344 2874 4380 τι
2908 4327 3014 4379 τῶν
3067 4323 3488 4397 παρακειμένων
3526 4319 3740 4375 λάϐοιεν

2181 4421 2311 4493 παρ’
2348 4420 2503 4492 ἡμῶν
2539 4421 2719 4490 μέρος,
2751 4419 3091 4490 εὐχαριστεῖν
3121 4433 3181 4469 τε
3203 4417 3332 4487 ἡμῖν
3369 4413 3464 4467 καὶ
3497 4413 3615 4482 μετ’
3647 4413 3740 4464 εὐ-

2181 4515 2390 4585 φημίας
2422 4515 2752 4585 ἀναχωρεῖν·
2785 4513 2932 4583 ἡμᾶς
2972 4511 3030 4565 δὲ
3071 4509 3335 4563 τοσούτων
3372 4503 3744 4566 ἀπολαύοντας

2181 4608 2404 4678 ἀγαθῶν
2437 4607 2570 4679 μηδὲ
2590 4605 2858 4674 τοσαύτην
2875 4602 3180 4658 ἀποδιδόναι
3204 4599 3281 4672 τῷ
3298 4597 3416 4670 Θεῷ
3430 4598 3529 4668 τὴν
3552 4595 3739 4666 τιμὴν,

2181 4702 2275 4759 καὶ
2299 4699 2489 4764 ταῦτα,
2511 4697 2800 4769 μέλλοντας
2824 4695 3021 4764 πολλῆς
3042 4691 3442 4747 ἀπολαύσεσθαι
3457 4690 3554 4759 τῆς
3573 4689 3744 4756 ἀσφα-

2182 4793 2352 4855 λείας.
2397 4793 2567 4844 Ὅπου
2600 4789 2707 4859 γὰρ
2735 4787 2868 4861 εὐχὴ
2896 4787 2990 4840 καὶ
3022 4785 3364 4856 εὐχαριστία,
3396 4783 3550 4852 ἁγίου
3577 4779 3744 4834 Πνεύ-

2185 4899 2352 4953 ματος
2371 4881 2730 4953 παραγίνεται
2746 4879 2924 4950 χάρις,
2949 4878 3045 4930 καὶ
3067 4875 3454 4946 φυγαδεύονται
3469 4873 3742 4943 δαίμονες,

2183 4975 2276 5028 καὶ
2311 4976 2464 5027 πᾶσα
2499 4971 2848 5041 ἀντικειμένη
2893 4969 3120 5041 δύναμις
3151 4965 3472 5038 δραπετεύει
3517 4967 3608 5019 καὶ
3636 4965 3744 5032 ἁφ-

2185 5069 2419 5121 ίσταται.
2453 5065 2511 5118 Ὀ
2537 5064 2746 5136 μέλλων
2763 5065 2844 5126 εἰς
2855 5063 3018 5133 εὐχὴν
3039 5059 3358 5132 τρέπεσθαι,
3385 5058 3534 5112 οὐδὲν
3549 5059 3743 5112 ἄτοπον

2188 5161 2358 5232 τολμᾷ
2382 5157 2736 5228 φθέγξασθαι,
2765 5155 2884 5209 οὐδὲ
2905 5157 2961 5208 ἐν
2985 5155 3126 5226 μέσῃ
3153 5154 3398 5224 τραπέζῃ
3418 5167 3434 5182 ο
3462 5150 3562 5204 κᾶν
3584 5147 3744 5218 φθέγ-

2185 5252 2363 5323 ξηται,
2424 5248 2820 5322 μεταγινώσκει
2853 5245 3083 5320 ταχέως.
3131 5243 3222 5297 Διὸ
3255 5243 3361 5315 χρὴ
3391 5234 3746 5313 καὶάρχομέ-

2183 5362 2308 5408 νους
2329 5344 2426 5400 καὶ
2447 5343 2711 5414 λήγοντας
2739 5340 3080 5410 εὐχαριστεῖν
3105 5337 3183 5407 τῷ
3203 5336 3320 5406 Θεῷ
3343 5351 3356 5364 ·
3387 5334 3624 5404 μάλιστα
3649 5331 3745 5400 μὲν

2184 5437 2292 5509 γὰρ
2333 5437 2454 5490 οὑδὲ
2497 5438 2578 5500 είς
2612 5433 2784 5504 μέθην
2809 5430 3196 5503 ἐμπεσούμεθα
3239 5429 3452 5499 ῥαδίως,
3498 5424 3746 5492 καθάπερ

2184 5538 2354 5609 ἔφθην
2393 5535 2594 5601 εἰπὼν,
2623 5537 2670 5589 εί
2699 5534 3141 5604 καταστήσαιμεν
3169 5532 3250 5592 εἰς
3281 5527 3485 5599 ταύτην
3519 5525 3746 5586 ἑαυτοὺς

2183 5640 2281 5711 τὴν
2331 5639 2638 5709 συνήθειαν.
2679 5637 2840 5688 ’Ὠστε
2889 5635 2992 5690 κᾶν
3029 5631 3346 5704 κραιπαλῶν
3395 5629 3497 5683 κᾶν
3535 5625 3746 5699 μεθύων

2186 5731 2316 5784 ποτέ
2356 5731 2615 5799 ἀναστῇς,
2661 5727 2794 5798 μηδέ
2828 5725 2968 5779 οὕτω
2999 5723 3308 5794 καταλύσῃς
3348 5721 3408 5774 τὸ
3438 5719 3578 5783 ἔθος,
3612 5716 3766 5770 ἀλλά-

2189 5823 2290 5878 xiv
2325 5818 2746 5888 καρηϐαρῶμεν,
2777 5816 2878 5872 κᾶν
2921 5814 3348 5884 περιφερώμεθα
3391 5811 3482 5866 καὶ
3511 5807 3747 5866 καταπί-
