4094 6256
339 425 456 483 819

340 544 485 597 utine
521 538 797 609 prophetat,
839 535 1124 593 mercedem
1168 528 1426 599 prapheta:
1469 524 1677 594 accipiet
1704 522 1917 597 (Matth.

339 633 435 688 £0.
476 632 589 700 41).
631 629 687 685 Si
733 627 875 682 enim
916 635 985 679 de
1028 632 1207 678 nostra
1250 622 1476 675 invicem
1520 618 1627 671 vita
1665 616 1924 686 judicium

339 723 486 778 ferre
515 718 874 789 prohibemur,
905 714 1070 770 multo
1097 711 1264 781 magis
1304 710 1375 766 de
1408 718 1620 780 patrum
1664 708 1789 762 vita.
1817 706 1924 762 Sed

338 809 488 882 quod
512 810 689 864 dicere
713 809 1045 862 institueram
1067 803 1273 874 (rursus
1301 800 1444 855 enim
1473 799 1539 852 ad
1579 798 1713 853 hanc
1749 796 1925 852 redire

342 901 627 955 mulierem
674 894 945 965 oportet),
991 893 1426 960 quotiescumque
1451 889 1689 944 convicia
1714 886 1925 941 excelso

341 990 567 1046 ferimus
602 989 800 1049 animo,
832 986 1119 1039 multorum
1149 981 1301 1037 nobis
1347 982 1607 1035 bonorum
1632 993 1844 1032 causam
1873 976 1924 1029 id

340 1083 488 1149 fieri,
531 1094 813 1150 possumus
858 1087 912 1132 et
951 1077 1047 1145 ipsi
1093 1075 1194 1131 Job
1220 1088 1440 1129 cernere
1479 1071 1780 1140 contigisse.
1825 1068 1931 1123 Ne—

338 1190 454 1245 que
487 1174 630 1228 enim
670 1172 817 1225 illum
864 1168 1080 1239 perinde
1114 1170 1298 1229 miror,
1345 1163 1654 1233 priusquam
1696 1170 1836 1215 esset
1860 1158 1928 1212 ab

346 1281 520 1322 uxore
570 1266 871 1333 instigatus,
920 1271 979 1315 ut
1026 1270 1143 1329 post
1183 1259 1307 1312 illud
1358 1256 1710 1325 perniciosum
1746 1252 1930 1306 consi-

348 1361 501 1415 lium.
525 1359 720 1413 Verum
743 1372 809 1409 ne
838 1356 923 1409 cui
953 1353 1192 1406 videatur
1226 1348 1531 1403 incredibile
1565 1345 1703 1416 quod
1731 1358 1887 1397 uarro
1912 1360 1925 1395 :

349 1451 661 1519 frequenter
702 1461 835 1516 quos
880 1446 991 1513 ipsa
1036 1457 1214 1497 rerum
1266 1449 1451 1493 natura
1498 1452 1603 1491 non
1646 1433 1925 1499 subvertit,

350 1541 577 1594 verbum
593 1549 945 1607 corruptaque
961 1532 1259 1587 exhortatio
1279 1530 1489 1584 devicit.
1509 1527 1658 1595 Quod
1683 1540 1803 1579 cum
1825 1539 1928 1577 non

353 1633 626 1701 ignoraret
653 1628 910 1692 diabolus,
951 1634 1071 1695 post
1107 1623 1362 1677 indictum
1390 1621 1603 1683 vulnus,
1636 1628 1691 1672 ut
1719 1617 1929 1687 experi—

353 1731 525 1786 retur,
556 1722 714 1776 etiam
743 1734 837 1789 per
860 1731 1133 1771 sermones
1160 1713 1281 1768 fecit
1300 1711 1583 1772 insultum;
1609 1707 1933 1777 quodetiam

354 1814 488 1869 fecit
516 1812 568 1866 in
608 1810 824 1865 Davide.
859 1809 1205 1876 Posteaquam
1236 1804 1379 1858 enim
1412 1800 1543 1855 vidit
1588 1799 1735 1852 illum
1767 1812 1933 1867 gene-

352 1920 482 1959 rose
520 1905 701 1958 tulisse
741 1903 832 1955 filii
864 1900 1225 1964 rebellionem,
1254 1904 1307 1949 et
1330 1895 1541 1964 impiam
1568 1893 1712 1946 illam
1752 1901 1934 1961 tyran-

357 1996 558 2058 nidem,
583 1994 765 2047 volens
794 1991 1132 2059 supplantare
1160 1985 1373 2040 Davidis
1401 1992 1654 2048 mentem,
1683 1991 1841 2048 atque
1868 1978 1933 2032 ad

357 2084 686 2140 iracundiam
716 2097 951 2143 movere,
976 2092 1259 2148 aggressus
1282 2084 1367 2129 est
1398 2074 1545 2127 illum
1589 2070 1935 2126 amarulentis

359 2174 541 2230 Semei
563 2173 761 2237 verbis,
796 2172 895 2224 hoc
921 2183 1107 2237 agens,
1141 2176 1199 2220 ut
1224 2164 1493 2219 morderet
1513 2163 1748 2216 animum
1774 2160 1932 2214 illius.

361 2266 479 2319 Hoc
508 2265 680 2332 ipsum
707 2272 759 2315 et
804 2261 854 2314 in
899 2260 1110 2313 beatum
1154 2256 1253 2310 Job
1297 2264 1417 2309 astu
1464 2254 1680 2308 molitus
1722 2258 1824 2307 est.
1868 2250 1939 2306 Ut

360 2358 510 2413 enim
555 2352 823 2424 perspexit
851 2362 903 2406 et
951 2351 1099 2404 illum
1128 2364 1221 2402 sua
1249 2346 1494 2403 deridere
1529 2344 1724 2414 jacula,
1765 2358 1939 2413 neque

362 2462 525 2503 secus
549 2456 708 2515 atque
735 2444 920 2498 turrim
948 2440 1231 2511 quamdam
1270 2438 1660 2491 adamantiuam
1684 2435 1939 2489 adversus

362 2540 544 2594 omnia
575 2537 781 2591 fortiter
812 2538 1125 2597 consistere,
1152 2532 1443 2586 obarmavit
1471 2532 1521 2583 in
1548 2544 1667 2582 eum
1698 2541 1936 2593 uxorem,

360 2647 471 2700 quo
504 2630 747 2685 videlicet
774 2645 877 2681 non
920 2637 1064 2681 esset
1096 2633 1400 2694 suspectum
1427 2622 1732 2687 consilium,
1762 2630 1814 2675 et
1842 2634 1938 2673 ve-

366 2737 571 2777 nenum
600 2720 777 2773 verbis
803 2718 1012 2772 femina:
1034 2716 1182 2779 texit,
1205 2715 1563 2768 calamitatem
1594 2725 1935 2781 exaggerans.

361 2814 511 2881 Quid
539 2812 695 2881 igitur
733 2812 821 2865 ille
846 2808 1249 2879 magnanimus?
1280 2806 1379 2861 Cur
1403 2806 1608 2875 loquuta
1646 2821 1717 2869 es,
1746 2803 1937 2872 inquit,

363 2906 496 2961 sicut
522 2919 622 2954 una
649 2902 711 2953 de
734 2900 899 2954 stultis
928 2899 1217 2952 mulieribus
1237 2899 1262 2951 ?
1305 2896 1367 2953 Si
1396 2897 1526 2950 bona
1568 2897 1849 2966 accepimus
1878 2894 1940 2949 de

364 3012 523 3047 manu
548 2994 772 3057 Domini,
790 2994 927 3045 mala
953 3009 1053 3045 non
1076 2993 1375 3061 excipiemus
1396 2991 1512 3061 (Job
1532 2991 1587 3043 2.
1617 2989 1745 3060 10)?
1788 2988 1942 3055 Quod

366 3095 545 3140 autem
573 3086 657 3139 hic
682 3086 827 3151 dicit,
852 3085 989 3139 hunc
1013 3098 1226 3138 sensum
1249 3082 1407 3136 habet
1435 3100 1447 3133 :
1470 3083 1525 3135 Si
1549 3096 1651 3134 non
1673 3090 1831 3145 esset,
1863 3081 1943 3133 in-

367 3177 502 3245 quit,
530 3177 802 3239 Dominus,
842 3190 1012 3244 neque
1050 3181 1194 3227 tanto
1237 3173 1389 3226 nobis
1435 3172 1803 3235 excellentior,
1847 3172 1942 3225 sed

367 3268 571 3325 amicus
599 3268 786 3336 aliquis
811 3267 921 3337 pari
952 3266 1255 3320 conditione
1281 3282 1293 3315 :
1322 3279 1477 3332 quam
1506 3263 1822 3317 haberemus
1844 3279 1941 3317 ex-

368 3359 715 3421 cusationem,
761 3359 803 3411 si
855 3367 930 3410 tot
960 3356 1222 3424 tantisque
1250 3354 1418 3408 allecti
1450 3354 1741 3418 beneficiis,
1784 3355 1941 3406 etiam

367 3449 649 3503 contrariis
697 3464 815 3502 eum
862 3460 1325 3502 remunerarcmur
1346 3448 1369 3497 Υ
1394 3444 1556 3499 Vides
1585 3452 1639 3497 nt
1666 3445 1747 3498 vir
1776 3444 1939 3498 Deum

367 3538 614 3608 diligens,
636 3554 734 3593 nec
760 3538 977 3594 ell‘ertur
998 3538 1197 3602 animo,
1222 3550 1318 3591 nec
1344 3536 1620 3606 gloriatur,
1662 3536 1800 3604 quod
1833 3535 1943 3604 pla-

367 3647 463 3700 gas
480 3632 592 3684 illas
614 3632 892 3685 humanam
914 3642 1152 3684 naturam
1168 3628 1490 3683 excedentes
1510 3626 1716 3682 fortiter
1732 3629 1938 3693 toleret,

370 3736 545 3789 neque
582 3736 690 3774 sua:
730 3721 1000 3789 sapientia:
1043 3721 1124 3773 vel
1152 3719 1562 3786 magnanimitati
1595 3718 1803 3771 tribuit‘
1834 3726 1939 3770 tam

371 3811 630 3879 insignem
662 3810 1011 3872 tolerantiam,
1038 3810 1132 3862 sed
1164 3808 1313 3875 quasi
1342 3807 1574 3860 debitum
1606 3809 1937 3871 exsolvisset,

372 3901 606 3971 nihilque
637 3911 826 3967 praeter
849 3915 1055 3968 :equum
1081 3898 1372 3955 accidisset.
1403 3898 1471 3951 ita
1497 3906 1710 3949 strenue
1736 3897 1941 3951 mulieri

369 4008 433 4046 os
459 3992 709 4047 occlusit?
734 3991 876 4045 Idem
904 3989 1098 4043 factum
1124 3997 1205 4043 est
1234 3989 1283 4041 in
1313 3988 1413 4042 hac
1438 3987 1678 4040 muliere.
1711 3987 1841 4041 Nam
1868 3988 1941 4041 si-

369 4084 482 4137 mul
510 4092 564 4137 ut
587 4092 797 4137 satanas
824 4081 1090 4152 perspexit
1118 4095 1233 4136 eam
1258 4094 1447 4149 magno
1468 4078 1645 4133 animo
1675 4080 1809 4133 ferre
1834 4088 1942 4134 ste-

367 4175 639 4242 rilitatem,
666 4175 886 4229 immisit
907 4173 1193 4228 sacerdotis
1221 4188 1465 4243 puerum,
1488 4171 1578 4241 qui
1611 4173 1775 4243 magis
1798 4173 1938 4227 illam

368 4268 735 4324 exacerbaret.
754 4269 821 4322 At
836 4267 961 4321 nihil
984 4266 1168 4320 horum
1191 4266 1379 4321 accidit
1404 4265 1608 4321 mulieri
1632 4283 1646 4319 :
1674 4266 1767 4321 sed
1792 4266 1935 4320 domi

366 4368 552 4428 parata
580 4360 646 4413 ad
678 4358 986 4429 perferenda
1017 4358 1313 4424 maledicta,
1356 4358 1662 4427 aemulataque
1687 4358 1939 4412 conviciis

367 4452 681 4517 exercitata,
719 4450 981 4521 intrepide
1020 4452 1274 4504 adversus
1304 4449 1561 4518 ejusmodi
1590 4451 1821 4504 assultus
1865 4450 1939 4505 fe~

366 4543 563 4597 rendos
603 4558 661 4598 se
693 4544 1020 4612 accingebat.
1058 4544 1387 4611 Quapropter
1415 4545 1464 4595 in
1493 4544 1688 4612 templo
1721 4544 1936 4597 multam

368 4634 613 4702 przestitit
657 4633 1037 4688 humanitatem
1071 4675 1085 4699 ,
1138 4634 1362 4686 viriliter
1420 4642 1473 4687 et
1529 4647 1719 4703 magno
1762 4634 1938 4689 animo

364 4733 653 4778 scommata
673 4722 965 4793 perferens,
991 4723 1114 4776 dum
1144 4736 1361 4777 vocatur
1380 4725 1664 4779 temulenta
1700 4740 1761 4779 ac
1790 4728 1939 4779 vino-

365 4816 526 4871 lenta.
557 4816 698 4871 Nihil
719 4824 892 4869 autem
916 4825 1054 4869 vetat
1076 4826 1130 4869 et
1155 4817 1269 4884 ipsa
1288 4816 1519 4869 mulieris
1547 4815 1727 4869 audire
1752 4816 1934 4869 verba.

362 4905 494 4960 Cum
521 4907 665 4961 enim
691 4922 825 4975 puer
862 4907 1101 4973 dixisset,
1130 4905 1312 4975 Digere
1352 4908 1520 4958 vinum
1563 4917 1703 4959 tuum
1741 4907 1828 4959 abs
1869 4917 1933 4973 te,

362 5008 410 5050 et
434 4999 607 5051 recede
624 5014 656 5050 a
675 5007 940 5068 conspectu
968 4995 1173 5050 Domini
1193 5014 1211 5049 :
1228 4998 1481 5064 respondit
1506 4997 1676 5063 Anna,
1701 5005 1749 5049 et
1772 4997 1898 5049 dixit
1918 5013 1938 5050 :

366 5085 721 5156 Nequaquam,
760 5086 960 5140 domine
995 5086 1071 5156 (1.
1104 5086 1229 5155 Reg.
1263 5086 1321 5139 1.
1359 5086 1444 5140 14.
1470 5087 1582 5155 15).
1614 5086 1714 5152 Qui
1748 5094 1937 5139 contu-

365 5178 583 5231 meliose
609 5177 856 5246 loquutus
881 5176 1069 5242 fuerat,
1101 5192 1221 5230 eum
1249 5177 1479 5246 appellat
1501 5176 1791 5230 dominum.
1820 5175 1935 5230 Non

365 5268 497 5322 dixit
522 5267 663 5337 quod
694 5268 937 5337 plerique
959 5269 1132 5322 solent
1158 5269 1425 5338 homines,
1447 5266 1618 5321 lstane
1646 5267 1937 5322 sacerdos?

363 5358 463 5410 ista
490 5358 578 5427 qui
602 5358 731 5413 alios
760 5358 934 5423 docet,
967 5359 1324 5411 tetnulentiam
1351 5374 1412 5413 ac
1435 5356 1775 5413 vinolentiam
1804 5358 1934 5412 mihi

364 5447 686 5515 exprobrat?
711 5448 801 5501 sed
825 5447 950 5501 illud
977 5449 1266 5517 spectabat,
1293 5450 1556 5519 quomodo
1581 5450 1936 5519 suspicionem

365 5536 670 5603 depelleret,
695 5537 813 5591 licet
838 5538 1046 5592 falsam.

435 5626 489 5681 5.
524 5627 783 5694 Quomodo
810 5629 1034 5699 ferenda:
1058 5630 1391 5685 contumelia.
1429 5630 1665 5687 Precatio
1692 5631 1760 5686 ad
1795 5650 1934 5691 men-

348 5804 383 5865 δ’
419 5828 475 5905 ,κ
498 5828 632 5885 C011)-
658 5845 788 5888 unus
806 5831 1177 5894 cillegqneque
1196 5830 1505 5894 pliilosoohicc
1524 5828 1703 5882 tribuit.

1635 408 1725 464 DE
1762 404 1949 463 ANNA
1985 402 2215 461 SEBMO
2253 403 2321 459 li.

3498 397 3610 454 650

2034 518 2345 575 sam—Nos
2362 525 2567 582 contra,
2584 516 2640 573 si
2654 516 2865 587 quando
2879 515 3131 572 conviciis
3148 516 3464 586 appetimur,
3483 532 3604 571 cum

2027 619 2303 681 Oporteret
2330 623 2589 665 excusare
2629 617 2685 663 et
2724 609 2777 663 in
2813 607 3032 676 gratiam
3076 607 3270 675 redire,
3313 607 3606 662 excitamus

2030 700 2353 768 incendium,
2376 715 2438 755 ac
2466 702 2697 755 ferarum
2735 700 2788 753 in
2826 714 3029 753 morem
3056 697 3314 753 insilimus
3338 697 3391 752 in
3420 700 3605 753 convi-

2028 792 2275 857 ciatores,
2297 797 2665 861 praeroeantes,
2680 790 3083 858 trahentes,pro
3104 788 3263 843 dictis
3289 803 3499 858 pinnam
3523 804 3608 843 re-

2033 892 2333 952 poscentes,
2361 891 2520 952 atque
2542 882 2622 937 bis
2655 884 2784 952 ipsis
2808 881 2960 937 factis
2979 881 3331 951 suspicionem
3360 881 3426 935 de
3454 881 3609 935 nobis

2030 972 2428 1029 confirmamus.
2453 973 2583 1027 Nam
2608 976 2652 1028 si
2682 975 2831 1043 cupis
2860 973 3296 1042 exprobrantibus
3326 973 3609 1029 ostendere

2033 1075 2084 1120 te
2114 1080 2220 1119 non
2261 1080 2382 1121 esse
2428 1066 2773 1119 temulentum
2799 1106 2815 1130 ,
2858 1064 3081 1120 ostende
3126 1081 3220 1135 per
3249 1066 3610 1121 mansuetudi-

2033 1175 2175 1222 nem,
2205 1158 2427 1214 ostende
2449 1174 2542 1226 per
2568 1158 2970 1223 humanitatem,
2998 1172 3103 1211 non
3143 1173 3237 1227 per
3262 1159 3612 1213 contumelias

2034 1262 2088 1307 et
2137 1252 2393 1307 convicia.
2442 1250 2573 1303 Nam
2621 1250 2665 1304 si
2715 1248 3041 1318 percusseris
3078 1263 3199 1303 eum
3238 1250 3326 1319 qui
3368 1259 3421 1305 te
3449 1250 3612 1305 allicit

2033 1344 2307 1409 conviciis,
2338 1343 2697 1397 temulentiam
2733 1351 2877 1395 tuam
2904 1340 3302 1395 condemnaturi
3333 1352 3455 1396 sunt
3498 1359 3614 1397 Olli-

2036 1452 2164 1500 nes;
2193 1436 2276 1490 sin
2316 1450 2507 1504 magno
2533 1433 2824 1503 pertuleris
2863 1432 3040 1486 animo
3059 1473 3077 1497 ,
3111 1432 3263 1487 factis
3292 1434 3417 1500 ipsis
3445 1434 3612 1503 depu-

2036 1525 2162 1580 leris
2192 1525 2383 1579 malam
2414 1525 2482 1579 de
2503 1534 2553 1578 te
2577 1525 2929 1594 suspicionem
2962 1543 2975 1578 :
3001 1524 3050 1576 id
3084 1524 3221 1591 quod
3254 1532 3364 1577 tum
3393 1524 3506 1578 lucc
3532 1524 3612 1578 fc-

2037 1620 2110 1671 cit
2139 1618 2345 1671 mulier.
2376 1613 2506 1670 Cum
2547 1618 2685 1671 enim
2725 1616 2943 1681 diceret,
2987 1617 3337 1685 Nequaquam,
3374 1616 3616 1672 domine:

2036 1730 2095 1768 re
2137 1715 2249 1783 ipsa
2293 1713 2610 1777 declaravit,
2658 1712 2843 1765 falsam
2889 1727 3008 1765 esse
3055 1712 3195 1765 illius
3237 1712 3612 1780 suspicionem.

2040 1807 2191 1863 Unde
2220 1817 2394 1864 autem
2426 1806 2526 1860 hoc
2551 1807 2634 1859 vel
2682 1804 2936 1874 suspicari
2974 1805 3140 1873 potuit
3168 1804 3461 1858 sacerdos?
3487 1819 3612 1857 num

2039 1897 2299 1952 ridentem
2343 1896 2507 1949 vidit?
2548 1911 2672 1948 num
2711 1894 3028 1948 saltantem?
3055 1910 3179 1947 num
3220 1894 3531 1947 titubantem
3562 1902 3617 1948 et

2040 1990 2443 2045 concidentem?
2472 2004 2596 2042 num
2632 1987 2829 2041 audivit
2870 1987 3086 2041 verbum
3134 1986 3441 2040 obscoenum
3466 2025 3479 2049 ,
3526 1994 3618 2039 aut

2041 2080 2337 2135 illiberale?
2377 2079 2524 2135 Unde
2567 2080 2727 2149 igitur
2767 2078 3009 2146 concepit
3044 2077 3181 2131 hanc
3222 2077 3616 2145 suspicionem?

2042 2172 2192 2226 Haud
2221 2172 2313 2225 ille
2340 2171 2551 2241 quidem
2582 2180 2800 2232 temere,
2834 2169 3077 2237 nullaque
3104 2167 3172 2222 de
3200 2182 3358 2220 causa
3382 2184 3395 2233 ;
3428 2166 3521 2220 sed
3546 2182 3611 2221 ex

2041 2262 2147 2316 diei
2190 2269 2428 2330 tempore
2464 2272 2623 2315 :erat
2666 2260 2806 2313 enim
2852 2259 3100 2313 meridies
3144 2273 3263 2312 cum
3313 2267 3618 2327 precaretur

2043 2353 2159 2408 illa.
2184 2351 2337 2407 Unde
2372 2352 2474 2405 hoc
2502 2351 2701 2420 liquet?
2726 2351 2804 2403 Ex
2831 2350 2894 2403 iis
2923 2365 3039 2418 qua:
3083 2349 3257 2402 locum
3300 2348 3438 2402 hunc
3479 2363 3617 2418 pra:-

2042 2447 2256 2501 cedunt.
2300 2446 2550 2507 Surrexit,
2588 2446 2774 2515 inquit,
2804 2433 2969 2511 Anna,
3002 2454 3263 2513 postquam
3289 2443 3369 2496 illi
3403 2443 3619 2496 comede-

2043 2548 2159 2591 rant
2197 2548 2243 2592 et
2284 2539 2504 2591 biberant
2532 2539 2585 2590 in
2626 2536 2817 2602 Selom,
2861 2544 2906 2589 et
2954 2544 3065 2603 post
3104 2545 3273 2605 potum
3312 2536 3527 2587 constitit
3565 2535 3618 2587 in

2043 2641 2306 2697 conspectu
2344 2628 2545 2683 Domini
2572 2630 2656 2697 (1.
2679 2626 2803 2697 Reg.
2836 2628 2888 2681 l.
2912 2626 2989 2695 9).
3015 2625 3233 2680 Viden"!
3261 2624 3408 2692 Quod
3433 2640 3619 2680 omnes

2043 2720 2242 2775 faciunt
2270 2730 2472 2789 tempus
2501 2718 2860 2781 relaxationis,
2905 2718 2989 2770 illa
3034 2714 3159 2771 fecit
3202 2725 3410 2786 tempus
3438 2730 3618 2784 preca-

2045 2811 2203 2865 tionis
2234 2828 2248 2863 :
2283 2822 2400 2881 post
2426 2811 2726 2864 convivium
2751 2822 3036 2863 accurrens
3062 2807 3129 2861 ad
3156 2808 3615 2877 supplicationem,

2045 2903 2216 2955 fontes
2255 2904 2605 2971 lacrymarum
2653 2899 2846 2961 emisit,
2888 2906 3228 2967 mentemque
3267 2913 3374 2966 pra:
3408 2912 3469 2951 se
3504 2898 3621 2951 tulit

2045 2992 2275 3045 Sobriam
2303 3006 2365 3045 ac
2402 2991 2705 3060 vigilantem
2736 3007 2749 3041 :
2783 3003 2845 3042 ac
2880 2997 2998 3057 post
3034 2989 3218 3057 epulas
3256 2986 3388 3041 adeo
3419 2987 3619 3043 intente

2046 3084 2237 3148 oravit,
2269 3094 2325 3136 ut
2351 3082 2548 3136 donum
2571 3081 2835 3149 acciperet
2864 3094 3019 3148 supra
3055 3087 3317 3143 naturam,
3363 3078 3615 3132 solveret-

2046 3190 2149 3245 que
2177 3172 2532 3239 sterilitatem,
2564 3186 2626 3225 ac
2646 3181 2845 3224 natura:
2874 3168 3284 3223 imbecillitatem
3308 3168 3615 3238 corrigeret.

2049 3268 2159 3320 lloc
2188 3266 2344 3335 igitur
2366 3279 2393 3317 a
2426 3265 2616 3319 femina
2654 3262 2787 3317 lucri
2816 3261 3125 3331 consequuti
3153 3275 3355 3326 sumus,
3395 3272 3451 3314 ut
3484 3262 3619 3316 scia-

2046 3372 2164 3413 mus
2190 3366 2244 3412 et
2268 3367 2384 3427 post
2413 3356 2716 3411 convivium
2742 3339 2916 3410 crare.
2964 3354 3211 3424 Quisquis
3237 3354 3376 3409 enim
3411 3355 3476 3409 ad
3519 3355 3618 3411 hoc

2045 3459 2371 3521 prmparatus
2401 3450 2573 3514 fuerit,
2599 3464 2886 3519 numquam
2913 3449 2963 3502 in
2993 3447 3310 3503 ebrietatem
3346 3458 3436 3502 aut
3463 3449 3617 3503 vino-

2046 3541 2261 3595 lentiam
2289 3541 2503 3605 incidet,
2535 3556 2818 3609 numquam
2845 3538 3055 3608 crapula
3085 3539 3441 3607 disrumpetur
3476 3556 3488 3592 :
3520 3541 3615 3595 sed

2045 3633 2291 3702 quoniam
2317 3632 2765 3700 exspectationem
2796 3631 3111 3699 precationis
3153 3629 3311 3683 habet
3338 3644 3432 3698 pro
3469 3630 3619 3686 freno

2046 3725 2343 3793 impositam
2385 3724 2584 3787 animo,
2627 3723 2978 3775 conveniente
3026 3736 3272 3774 mensura
3299 3722 3519 3789 attinget
3552 3738 3617 3775 ex

2045 3816 2289 3874 omnibus
2316 3830 2433 3882 qua:
2459 3814 2651 3867 luerint
2677 3812 2935 3880 apposita,
2960 3812 3227 3879 multaque
3250 3812 3617 3867 benedictione

2046 3916 2155 3960 tum
2185 3907 2440 3971 animum,
2475 3912 2583 3958 tum
2614 3919 2807 3973 corpus
2842 3905 3096 3972 implebit.
3128 3904 3436 3959 Convivium
3474 3909 3614 3961 enim

2045 3997 2183 4066 quod
2210 4011 2240 4050 a
2287 3997 2588 4065 precatione
2630 4002 2860 4064 emptum
2907 3994 2961 4047 in
3010 3994 3361 4062 precationem
3404 3997 3617 4064 desinit,

2045 4105 2331 4159 numquam
2377 4089 2605 4154 deficiet,
2653 4088 2745 4141 sed
2796 4087 2981 4156 quinis
3024 4085 3168 4141 fonte
3213 4087 3427 4140 uberius
3465 4089 3618 4144 nobis

2044 4182 2219 4233 omnia
2240 4178 2442 4235 adferet
2472 4179 2626 4232 bona.
2655 4178 2731 4233 Ne
2767 4178 2924 4247 igitur
2959 4187 3155 4231 tantum
3184 4178 3508 4247 uegligamus
3534 4181 3616 4234 lu-

2044 4286 2210 4325 crum.
2236 4272 2536 4327 Absurdum
2562 4272 2700 4325 enim
2730 4269 2907 4333 fuerit,
2933 4275 2975 4323 si
2996 4285 3115 4324 cum
3146 4269 3323 4323 famuli
3354 4273 3541 4339 n05tri,
3571 4273 3615 4327 si

2043 4363 2254 4433 quando
2292 4372 2493 4433 partem
2533 4362 2761 4431 aliquam
2803 4376 2986 4415 eorum
3025 4375 3141 4429 quo
3186 4360 3336 4415 nobis
3377 4364 3614 4431 apposita

2045 4464 2167 4509 sunt
2204 4455 2523 4522 acceperint,
2558 4453 2711 4507 nobis
2749 4454 2945 4522 gratias
2987 4460 3164 4522 agant,
3193 4450 3431 4523 beneque
3463 4454 3616 4509 nobis

2046 4555 2322 4617 precantes
2352 4545 2543 4598 abeant
2584 4562 2596 4597 :
2631 4560 2747 4607 nos,
2793 4559 2911 4597 cum
2957 4552 3034 4596 tot
3078 4545 3340 4613 tantisque
3380 4538 3618 4600 fruamur

2046 4637 2219 4701 bonis,
2251 4650 2317 4688 ne
2344 4635 2441 4689 hoc
2470 4633 2678 4703 quidem
2708 4632 2924 4686 honoris
2948 4633 3054 4685 Deo
3083 4635 3462 4702 perSoIvamus,
3494 4636 3615 4689 licet

2045 4728 2167 4782 hinc
2198 4728 2410 4780 multam
2439 4726 2603 4779 simus
2619 4723 2949 4792 assequuturi
2968 4724 3326 4777 securitatem.
3352 4721 3451 4778 Ubi
3472 4729 3610 4779 enim

2046 4820 2279 4890 precatio
2309 4828 2361 4872 et
2390 4817 2675 4887 gratiarum
2723 4815 2880 4880 actio,
2911 4829 2977 4868 eo
3005 4816 3168 4867 sancti
3196 4814 3424 4883 Spiritus
3455 4817 3615 4872 adve-

2047 4914 2123 4968 nit
2151 4913 2337 4983 gratia,
2366 4910 2646 4980 abiguntur
2674 4907 2961 4971 daemones,
3008 4916 3061 4961 et
3102 4908 3275 4961 omnis
3315 4907 3615 4964 adversaria

2043 5012 2281 5074 potestas
2306 4999 2513 5069 diffugit
2539 5015 2598 5053 ac
2626 4997 2869 5052 discedat.
2918 4997 3018 5065 Qui
3055 5012 3112 5052 se
3142 5012 3493 5053 conversurus
3533 5012 3615 5055 est

2041 5096 2107 5151 ad
2130 5093 2406 5156 orandum,
2435 5108 2541 5147 non
2580 5092 2734 5146 audet
2766 5092 3049 5161 quidquam
3085 5093 3311 5148 absurde
3350 5095 3509 5162 loqui,
3541 5112 3607 5149 ne

2042 5190 2094 5243 in
2121 5187 2293 5242 medio
2318 5184 2526 5255 quidem
2551 5184 2822 5238 convivio:
2845 5192 2934 5237 aut
2955 5185 2997 5238 si
3025 5184 3269 5255 loquutus
3290 5184 3462 5249 fuerit,
3486 5202 3608 5242 mox

2045 5278 2328 5348 resipiscit.
2358 5275 2586 5330 Proinde
2614 5283 2825 5344 Oportet
2865 5283 2975 5328 tum
3008 5275 3057 5329 in
3088 5276 3256 5341 initio,
3286 5285 3392 5328 tum
3423 5276 3471 5330 in
3504 5276 3609 5333 line

2042 5369 2266 5425 convivii
2295 5371 2491 5437 gratias
2514 5382 2667 5435 agere
2696 5367 2804 5421 Deo
2834 5365 2902 5421 ob
2931 5367 3064 5420 hanc
3090 5367 3351 5435 pra-cipue
3374 5382 3609 5436 causam,

2041 5461 2179 5532 quod
2208 5469 2262 5512 ut
2282 5458 2456 5512 dicere
2485 5473 2772 5527 cu'peram,
2804 5456 2941 5509 haud
2984 5457 3133 5510 facile
3172 5456 3512 5525 prolabcmur
3553 5459 3613 5513 in

2041 5552 2373 5613 ebrietatem,
2401 5549 2443 5601 si
2472 5564 2569 5601 nos
2596 5549 2739 5616 ipsos
2770 5547 2819 5599 in
2849 5547 2982 5599 hanc
3015 5544 3451 5601 consuetudinem
3481 5563 3611 5603 con-

2042 5640 2388 5697 stituerimus.
2413 5638 2548 5706 Quin
2587 5638 2632 5691 si
2657 5638 2865 5707 quando
2894 5636 3189 5691 surrexeris
3218 5639 3429 5708 crapula
3457 5649 3611 5709 potu-

2042 5748 2146 5802 que
2169 5741 2437 5801 gravatus,
2466 5743 2532 5783 ne
2556 5728 2633 5783 sic
2656 5726 2865 5797 quidem
2892 5726 3108 5795 abjicias
3132 5727 3565 5784 consuetudinem
3588 5744 3616 5789 ζ

2045 5822 2136 5879 sed
2162 5822 2400 5895 quamvis
2426 5820 2713 5877 habeamus
2738 5827 3004 5890 gravatum
3026 5828 3199 5892 caput,
3231 5820 3471 5892 quamvis
3494 5835 3612 5877 ver-

2573 5978 2612 5987 υ..
