4094 6256
477 394 578 450 651

479 510 646 579 tigine
665 505 1113 566 circumferamur,
1133 510 1187 557 et
1205 501 1568 565 concidamus,
1592 499 1757 564 nihilo
1783 499 1954 554 secius
1977 506 2056 550 ta-

481 615 605 653 men
629 611 860 659 oremus,
891 610 988 648 nec
1023 593 1329 648 aboleatnus
1363 589 1818 646 consuetudinem.
1846 587 2055 642 Etenim

480 690 525 742 si
557 687 872 757 praecedenti
898 685 984 740 die
1008 685 1072 738 ad
1101 684 1243 738 hunc
1273 682 1509 736 oraveris
1536 681 1771 745 modum,
1805 677 2058 748 postridie

481 778 718 846 eorriges
746 776 976 829 dedecus
1019 773 1189 843 pridie
1231 772 1595 828 commissum.
1638 770 1858 837 Quoties
1901 768 2058 836 igitur

481 869 875 938 prandebimus,
906 868 1306 922 meminerimus
1345 866 1500 935 hujus
1526 864 1777 923 mulieris.
1824 873 1876 917 et
1916 862 2058 916 illius

482 962 856 1030 lacrymarum,
895 974 995 1013 nec
1037 975 1143 1012 non
1172 957 1436 1028 praeclarae
1460 956 1574 1024 ejus
1602 955 1888 1010 ebrietatis.
1922 952 2054 1006 Nam

480 1051 624 1106 ebria
649 1061 761 1104 erat
788 1050 998 1115 mulier,
1027 1065 1132 1102 non
1158 1063 1188 1102 e
1212 1049 1352 1111 vino,
1381 1047 1473 1101 sed
1503 1062 1566 1101 ex
1594 1046 1912 1100 abundantia
1942 1045 2054 1113 pie-

481 1143 623 1197 tatis.
655 1142 866 1196 Etenim
890 1141 936 1195 si
975 1149 1094 1210 post
1130 1138 1403 1209 prandium
1449 1137 1566 1191 talis
1610 1135 1725 1203 luit,
1753 1135 1924 1206 qualis
1943 1141 2058 1190 erat

480 1235 580 1288 sub
606 1233 888 1287 auroram?
920 1232 964 1286 si
992 1241 1096 1286 tam
1143 1232 1402 1285 instanter
1436 1228 1606 1284 oravit
1648 1237 1768 1298 post
1794 1227 1968 1282 cibum
2002 1236 2057 1282 et

483 1334 684 1395 putum,
713 1324 880 1393 qualis
902 1334 1012 1377 erat
1029 1322 1207 1392 jejuna
1224 1322 1248 1375 ?

555 1415 609 1469 6.
657 1414 959 1468 Redeamus
997 1413 1152 1481 igitur
1179 1412 1354 1465 denuo
1383 1411 1447 1464 ad
1477 1410 1634 1465 verba
1683 1409 1855 1474 illius,
1894 1409 2052 1465 verba

482 1506 663 1559 multa:
693 1505 846 1574 plena
873 1503 1218 1572 philosophiae
1239 1547 1253 1566 ,
1281 1503 1548 1570 multaque
1586 1500 1775 1555 referta
1805 1515 2054 1556 mansue-

485 1594 685 1649 tudine.
725 1590 856 1647 Cum
901 1594 1038 1648 enim
1087 1592 1347 1648 dixisset:
1381 1590 1745 1661 Nequaquam,
1812 1590 2050 1658 domine,

484 1683 746 1752 subjecit:
781 1681 967 1734 Mulier
995 1683 1047 1734 in
1076 1681 1202 1733 duro
1231 1683 1313 1735 die
1336 1698 1446 1734 sum
1469 1697 1560 1752 ego
1578 1722 1593 1745 ,
1624 1681 1792 1732 vinum
1834 1681 2055 1750 etquod

483 1776 694 1830 inebriat
721 1791 821 1828 non
861 1774 959 1827 bibi
1002 1774 1077 1842 (1.
1119 1774 1244 1842 Reg.
1290 1773 1482 1844 1.15).
1511 1773 1744 1827 Observa
1786 1771 2053 1842 quomodo

486 1883 582 1921 nec
611 1867 694 1920 hic
732 1874 1111 1920 commemorat
1135 1867 1338 1920 aemulae
1363 1866 1601 1921 convicia
1626 1908 1640 1932 ,
1675 1881 1845 1935 neque
1874 1865 2055 1920 tradu-

485 1960 558 2013 cit
614 1958 754 2012 illius
795 1958 1082 2022 malitiam,
1139 1973 1237 2012 nec
1299 1958 1644 2013 domesticam
1700 1959 2052 2015 calamitatem

481 2055 761 2118 exaggerat
784 2044 1074 2118 evulgaus?
1104 2048 1196 2102 sed
1222 2048 1476 2103 hactenus
1505 2047 1674 2118 aperit
1693 2063 1840 2104 suam
1867 2050 2051 2104 anxie-

482 2150 676 2204 tatem,
732 2148 784 2207 u‘t
819 2148 1020 2193 tantum
1068 2154 1186 2194 sese
1225 2139 1358 2208 apud
1402 2138 1730 2194 sacerdotem
1781 2149 2049 2209 purgaret.

487 2230 670 2283 Mulier
695 2230 746 2283 in
773 2231 900 2283 duro
926 2231 1006 2283 die
1030 2247 1119 2300 ego
1145 2246 1256 2282 sum
1286 2244 1304 2282 :
1334 2231 1501 2283 vinum
1524 2230 1822 2299 etqttidquid
1842 2231 2052 2285 inebriat

482 2339 580 2374 non
609 2321 727 2386 bibi,
755 2321 842 2374 sed
876 2319 1079 2387 cﬂ'undo
1107 2321 1328 2374 animam
1369 2337 1530 2374 meam
1552 2323 1568 2351 ί
1603 2337 1772 2374 coram
1811 2320 2050 2376 Domino.

481 2412 595 2468 Νοη
623 2413 725 2474 ait,
751 2413 1014 2481 Deprecor
1039 2411 1355 2476 Dominum,
1380 2411 1617 2481 supplico
1645 2411 1868 2467 Domino
1888 2453 1902 2476 ,
1925 2412 2018 2467 sed
2034 2453 2048 2478 ,

483 2505 710 2571 Eﬂ‘undo
740 2507 961 2558 animam
989 2522 1150 2560 meam
1177 2523 1348 2559 coram
1382 2505 1599 2558 Domino
1628 2522 1646 2559 :
1669 2505 1770 2560 hoc
1789 2514 1904 2570 est,
1943 2505 2053 2561 Me-

483 2596 649 2666 ipsam
678 2604 838 2648 totam
865 2599 1100 2649 converti
1137 2594 1204 2649 ad
1250 2596 1561 2661 Dominum,
1608 2605 1837 2651 mentem
1878 2611 2052 2652 meam

482 2687 736 2740 evacuavi
783 2685 919 2755 apud
967 2686 1146 2752 illum,
1188 2693 1298 2739 toto
1339 2687 1549 2750 animo,
1600 2695 1811 2756 totaque
1862 2689 2053 2744 virtute

482 2777 841 2850 precationem
899 2791 1072 2830 meam
1129 2777 1342 2846 peregi,
1401 2777 1510 2832 Deo
1575 2778 1780 2832 narravi
1831 2779 2050 2833 calami-

483 2877 642 2922 tatem
679 2881 886 2932 meam,
938 2865 1144 2920 ostendi
1194 2868 1418 2933 vulnus;
1465 2868 1550 2922 ille
1592 2877 1764 2937 potest
1796 2868 1924 2925 dare
1963 2886 2052 2926 re-

480 2959 733 3014 medium.
777 2957 860 3014 Ne
895 2963 981 3013 des
1021 2959 1261 3013 ancillam
1305 2961 1359 3013 in
1397 2960 1610 3031 faciem,
1652 2961 1704 3014 in
1755 2961 1916 3030 ﬁliam
1967 2979 2054 3032 pe-

479 3051 724 3106 stilentem
757 3051 833 3118 (l.
879 3050 1006 3120 Reg.
1049 3051 1101 3104 1.
1142 3051 1253 3120 16).
1301 3051 1502 3106 Rursus
1532 3053 1772 3123 ancillam
1823 3055 2051 3123 appellat

479 3143 743 3208 seipsam,
797 3143 1012 3197 multam
1063 3143 1320 3200 adhibens
1356 3161 1568 3209 curam,
1611 3161 1677 3200 ne
1719 3161 1747 3200 a
1778 3148 2052 3203 sacerdote

481 3234 675 3288 malam
705 3235 897 3288 referat
919 3237 1110 3288 famam
1137 3253 1151 3289 :
1183 3250 1280 3290 nec
1304 3236 1439 3304 apud
1464 3251 1523 3290 se
1564 3236 1732 3291 dixit:
1761 3238 1894 3303 Quid
1923 3240 2050 3294 mihi

479 3342 621 3379 curm
673 3335 754 3390 est
793 3327 942 3380 istius
981 3328 1285 3380 calumnia?
1321 3330 1622 3397 iguoranter
1649 3345 1712 3384 ac
1740 3340 1940 3387 temere
1963 3347 2052 3388 ac-

481 3425 630 3470 cusat
647 3457 663 3480 ,
685 3416 984 3485 suSpit-atur
1011 3417 1097 3470 ubi
1122 3417 1250 3471 nihil
1279 3428 1395 3473 erat
1418 3434 1579 3489 opus;
1600 3437 1713 3476 mea
1731 3423 2050 3479 conscientia

482 3523 613 3577 pura
636 3518 750 3570 esto
768 3549 784 3573 ,
812 3518 865 3562 ct
890 3524 1075 3564 omnes
1105 3525 1190 3578 me
1221 3511 1499 3567 traducant
1526 3531 1539 3566 :
1581 3514 1675 3568 sed
1705 3517 2048 3583 apostolicam

483 3598 627 3651 illam
682 3598 918 3668 implevit
942 3599 1148 3669 legem,
1197 3617 1314 3670 qua:
1343 3603 1580 3673 praecipit
1601 3613 1658 3658 ut
1683 3607 2051 3674 provideamus

480 3688 620 3743 bona
647 3703 750 3742 non
780 3699 978 3744 tantum
1005 3707 1182 3745 coram
1224 3692 1480 3759 Domino,
1533 3695 1626 3749 sed
1674 3696 1833 3751 etiam
1870 3713 2050 3754 coram

481 3779 782 3834 hominibus
811 3780 989 3847 (Rom.
1021 3781 1106 3836 l2.
1140 3783 1249 3852 17).
1295 3784 1466 3852 Atque
1493 3786 1637 3840 omni
1667 3787 1825 3842 modo
1876 3791 2050 3858 suspi-

479 3869 688 3924 cionem
709 3871 939 3940 depulit,
968 3888 1085 3925 cmn
1105 3874 1178 3926 ait
1197 3915 1211 3939 ,
1248 3873 1330 3926 Ne
1349 3874 1435 3929 des
1463 3878 1700 3931 ancillam
1726 3889 1863 3933 luant
1891 3883 1945 3934 in
1965 3887 2048 3953 fa-

479 3963 622 4027 cient,
646 3965 697 4017 in
718 3965 877 4032 ﬁliam
898 3965 1222 4033 pestilentem.
1248 3967 1382 4033 Quid
1405 3977 1580 4023 autem
1612 3979 1714 4036 est,
1742 3971 1808 4026 In
1830 3977 2050 4044 facient?

477 4055 555 4110 Ne
581 4072 667 4111 me
695 4057 964 4112 existimes
992 4057 1267 4111 ellrontem
1307 4069 1359 4112 et
1385 4060 1742 4129 impudentem
1773 4079 1911 4119 esse.
1936 4067 2047 4120 Λη-

478 4148 622 4221 goris
640 4190 654 4212 ,
686 4163 788 4202 non
813 4149 1109 4203 vinolentia:
1131 4159 1211 4203 est
1239 4151 1351 4204 haec
1375 4151 1621 4206 audacia:
1651 4158 1917 4222 mteroi'is,
1943 4174 2044 4212 non

479 4238 769 4296 ebrietatis.
821 4238 955 4304 Quid
987 4240 1143 4308 igitur
1170 4240 1456 4293 sacerdos?
1487 4241 1776 4298 Considera
1815 4255 1869 4300 et
1909 4248 2049 4303 illius

480 4328 812 4396 prudentiam
839 4347 851 4381 :
881 4345 984 4382 non
1027 4329 1296 4397 inquisivit
1325 4330 1533 4386 curiose
1577 4332 1644 4387 de
1671 4349 1865 4402 genere
1902 4339 2045 4392 cala-

479 4417 709 4482 mitatis,
743 4432 846 4470 non
877 4419 1115 4472 exactius
1143 4428 1406 4475 scrutatus
1445 4431 1526 4476 est
1551 4425 1762 4494 angoris
1789 4441 2001 4483 causam
2029 4449 2042 4484 :

478 4507 572 4562 sed
611 4507 736 4576 quid
762 4508 872 4561 ait?
910 4507 1048 4561 Vade
1071 4511 1121 4562 in
1163 4527 1319 4578 pace;
1365 4512 1446 4565 det
1492 4515 1582 4567 tibi
1626 4515 1871 4574 Dominus
1911 4521 2047 4577 Deus

479 4597 646 4652 Israel
670 4613 864 4652 omnem
892 4601 1206 4669 petitionem,
1247 4618 1399 4671 quam
1425 4605 1486 4658 ab
1512 4622 1569 4660 eo
1603 4610 1771 4678 petisti
1813 4612 1890 4680 (1.
1915 4612 2044 4685 Reg.

479 4692 533 4744 1.
562 4691 674 4760 17).
697 4691 881 4746 Mulier
905 4708 974 4747 ex
1003 4704 1307 4750 accusatore
1335 4697 1460 4751 fecit
1489 4709 1785 4768 patronum.
1819 4703 2042 4761 Tantum

476 4780 672 4836 bonum
704 4793 785 4836 est
812 4781 1112 4839 humanitas
1141 4801 1203 4840 ac
1231 4789 1602 4844 mansuetudo.
1645 4791 1748 4846 Pro
1772 4803 2044 4852 contumeo

468 4874 540 4930 lia
571 4876 787 4943 copioso
830 4886 1048 4946 accepto
1073 4878 1263 4933 viatico
1289 4879 1563 4949 discessit,
1616 4900 1842 4955 eumque
1889 4899 2040 4944 nacta

475 4974 558 5019 est
584 4976 1000 5035 propugnantem
1038 4977 1092 5023 et
1118 4970 1554 5038 intercessorem,
1586 4991 1741 5045 quem
1785 4978 2043 5036 habuerat

473 5053 886 5123 ohjurgatorem.
929 5058 1007 5112 Ae
1033 5074 1098 5113 ne
1124 5061 1200 5115 sic
1225 5063 1438 5132 quidem
1465 5065 1698 5132 destitit,
1727 5070 1821 5125 sed
1857 5087 2041 5129 rursus

472 5146 547 5200 ait
574 5163 588 5198 :
616 5145 846 5202 Inveniat
873 5150 1060 5203 ancilla
1094 5161 1179 5205 tua
1215 5156 1432 5224 gratiam
1469 5157 1523 5210 in
1551 5159 1712 5214 oculis
1742 5162 1838 5215 tuis
1873 5163 2036 5232 (Ibid.

469 5251 518 5290 υ.
544 5235 632 5308 18)
653 5255 665 5290 :
694 5236 796 5293 hoc
812 5248 893 5294 est
921 5257 935 5294 :
960 5239 1168 5295 Utinam
1186 5259 1217 5297 e
1244 5244 1347 5299 line
1366 5260 1650 5317 rerumque
1672 5251 1817 5305 exitu
1840 5252 2036 5322 discas,

470 5342 559 5382 me
586 5327 720 5384 hanc
747 5331 1100 5400 precationem
1128 5333 1658 5407 obsecrationemque
1685 5341 1900 5409 fecisse,
1931 5361 2035 5400 non

466 5432 532 5472 ex
559 5418 876 5488 vinolentia,
908 5422 1002 5477 sed
1031 5437 1097 5478 ex
1124 5438 1322 5494 angore
1349 5444 1361 5479 :
1395 5425 1463 5480 Et
1490 5445 1604 5482 cum
1629 5432 1777 5498 abiit,
1831 5434 2032 5505 inquit,

463 5523 570 5562 non
611 5511 835 5580 amplius
859 5513 1097 5566 concidit.
1125 5514 1286 5571 Vides
1338 5520 1573 5574 mulieris
1615 5522 1809 5579 fidem?
1850 5527 2035 5584 Prius-

466 5616 623 5670 quam
655 5606 917 5674 acciperet
944 5610 1087 5678 quod
1115 5615 1433 5681 postularat,
1465 5617 1684 5686 perinde
1704 5624 1903 5689 conlisa
1928 5635 2030 5694 est,

458 5713 546 5826 “et
580 5710 710 5762 Oolb.
728 5714 844 5778 duo,
853 5721 976 5770 sicut
1000 5727 1052 5772 et
1073 5728 1209 5786 Item.
1231 5728 1552 5788 precationem
1565 5743 1751 5798 meam;
1774 5738 1932 5793 minus
1952 5756 2032 5794 re-

1222 385 1277 440 S.
1320 382 1594 440 JOANNIS
1630 376 2099 437 CHRYSOSTOMI
2138 376 2450 432 ARCHIEP.
2492 379 3017 436 CONSTANTINOP.

3630 390 3736 447 651

2167 499 2315 565 quasi
2361 498 2472 568 jam
2521 501 2832 570 accepisset.
2885 503 2941 557 ln
2970 518 3128 558 causa
3178 517 3328 566 erat.
3367 509 3509 577 quod
3561 524 3739 569 oraret

2165 587 2331 643 multo
2355 604 2475 644 cum
2502 591 2709 647 fervore
2726 632 2744 658 ,
2773 593 3044 662 multoque
3065 595 3241 650 studio
3274 597 3403 652 citra
3426 598 3592 655 ullam
3617 604 3735 657 hae-

2162 678 2501 734 sitationem-
2526 681 2674 736 Hanc
2696 683 2766 738 ob
2793 699 2906 737 rem
2931 685 3060 738 abiit
3083 686 3234 755 quasi
3258 696 3422 744 totum
3449 690 3736 761 impetras-

2162 778 2258 822 set.
2309 768 2444 836 Quin
2484 771 2700 842 insuper
2745 773 2883 829 Deus
2928 774 3037 843 jam
3083 786 3244 832 totam
3290 781 3611 837 anxietatem
3661 785 3738 840 illi

2161 862 2395 934 excussit
2421 878 2486 918 ex
2511 865 2689 919 animo
2706 906 2724 931 ,
2745 864 3028 936 largiturus
3051 867 3246 923 donum
3276 874 3414 939 quod
3437 875 3674 942 petebat.

2233 951 2445 1010 Moralis
2477 956 2722 1026 epilogus.
2751 987 2820 996 —
2870 958 3017 1013 llanc
3063 958 3310 1016 feminam
3360 964 3630 1021 imitemur
3682 978 3738 1022 et

2162 1059 2292 1112 nos,
2322 1057 2378 1102 et
2425 1048 2478 1102 in
2522 1053 2767 1114 omnibus
2804 1054 3177 1112 afflictionibus
3221 1059 3288 1113 ad
3329 1060 3493 1115 Deum
3543 1064 3738 1117 conlu-

2157 1135 2382 1204 giamus.
2413 1139 2481 1200 Et
2505 1142 2549 1196 si
2576 1143 2729 1200 nobis
2749 1161 2859 1202 non
2896 1148 3091 1204 fuerint
3115 1151 3302 1218 liberi,
3333 1155 3402 1208 ab
3427 1155 3517 1209 illo
3543 1166 3738 1226 postu-

2159 1228 2360 1297 lemus;
2383 1247 2516 1302 quos
2539 1235 2584 1289 si
2627 1241 3008 1308 acceperimus,
3048 1244 3211 1298 multa
3238 1260 3364 1300 cura
3392 1246 3692 1304 educemus
3725 1269 3738 1303 :

2158 1318 2522 1378 adolescentes
2573 1340 2692 1379 cum
2745 1328 2814 1382 ab
2863 1331 3007 1385 omni
3052 1333 3180 1387 vitio
3234 1349 3574 1400 sevocemus,
3619 1349 3738 1392 tum

2161 1412 2421 1480 praecipue
2442 1427 2471 1465 a
2502 1415 2738 1483 lascivia,
2759 1419 2900 1487 quod
2928 1421 3030 1476 hoc
3053 1422 3266 1480 difficile
3289 1426 3361 1479 sit
3387 1426 3602 1494 bellum,
3631 1444 3736 1486 nec

2157 1500 2258 1554 alia
2300 1517 2388 1556 res
2421 1505 2695 1561 molestior
2721 1510 2792 1564 sit
2839 1511 2914 1565 illi
2959 1514 3129 1578 aetati,
3177 1531 3334 1584 quam
3366 1517 3452 1572 hic
3490 1519 3732 1576 morbus.

2165 1591 2404 1664 Undique
2431 1596 2589 1666 igitur
2614 1600 3071 1660 eireumvallemus
3100 1606 3218 1662 illos
3242 1609 3480 1664 consiliis
3497 1651 3510 1672 ,
3539 1611 3735 1665 adhor-

2157 1685 2443 1742 tationibus
2462 1730 2476 1754 ,
2513 1691 2824 1759 terroribus,
2852 1694 3028 1749 minis.
3059 1695 3116 1750 Si
3143 1696 3278 1753 hanc
3305 1699 3600 1756 deviceriut
3636 1721 3734 1758 cu-

2158 1776 2386 1844 pidinem
2413 1821 2429 1846 ,
2465 1794 2566 1835 nec
2602 1781 2671 1835 ab
2707 1784 2825 1840 aliis
2849 1784 3006 1842 facile
3049 1792 3507 1861 expugnabuntur,
3551 1797 3644 1851 sed
3677 1808 3732 1853 et

2156 1870 2396 1936 pecuniis
2421 1881 2576 1925 erunt
2611 1876 2932 1943 superiores,
2983 1888 3037 1934 et
3077 1882 3435 1937 temulentiam
3482 1887 3728 1944 vinolen-

2158 1960 2390 2030 tiamque
2443 1966 2800 2033 superabunt,
2848 1977 2903 2024 et
2950 1971 3217 2040 improbos
3263 1978 3538 2030 convictus
3582 1985 3728 2035 omni

2156 2050 2331 2106 studio
2359 2053 2676 2120 discutient,
2709 2065 2764 2112 et
2787 2059 3126 2116 amabiliores
3143 2073 3298 2117 erunt
3320 2068 3646 2141 parentibus,
3673 2081 3731 2127 et

2157 2143 2404 2197 omnibus
2432 2143 2737 2201 hominibus
2763 2152 2930 2218 magis
2959 2153 3257 2208 reverendi.
3298 2155 3427 2221 Quis
3452 2160 3592 2213 enim
3617 2177 3728 2217 non

2157 2243 2459 2289 revereatur
2491 2235 2737 2304 juvenem
2767 2249 2913 2295 caste
2951 2243 3232 2314 sobrieque
3259 2247 3563 2305 viventem?
3607 2254 3728 2322 quis

2159 2339 2260 2377 non
2285 2325 2650 2394 amplectatur,
2682 2333 3120 2404 exosculeturque
3143 2351 3263 2391 eum
3289 2341 3379 2408 qui
3423 2343 3726 2412 cupiditati-

2157 2414 2254 2468 bus
2276 2413 2482 2470 frenum
2514 2419 2797 2486 imposuit?
2825 2424 2944 2492 quis
2968 2440 3072 2480 non
3102 2429 3184 2482 vel
3209 2444 3240 2482 e
3267 2445 3490 2488 numero
3530 2437 3727 2503 praedi-

2155 2506 2319 2561 vitum
2360 2510 2520 2563 multa
2545 2526 2664 2565 cum
2693 2517 2859 2582 gratia
2884 2518 3026 2572 volet
3045 2519 3121 2573 illi
3148 2521 3323 2576 locare
3351 2523 3513 2580 filiam
3537 2541 3686 2582 suam
3704 2569 3724 2597 ,

2156 2596 2362 2652 etiamsi
2391 2599 2549 2655 fuerit
2571 2603 2808 2658 omnium
2840 2611 3246 2676 pauperrimus?
3273 2614 3420 2670 Sicut
3443 2633 3472 2671 e
3511 2596 3726 2675 diverso

2159 2687 2428 2746 luxuriose
2470 2692 2766 2760 viventem,
2795 2701 3002 2752 etiamsi
3044 2700 3202 2756 fuerit
3228 2707 3458 2763 omnium
3500 2713 3723 2779 opulen-

2156 2776 2418 2846 tissimus,
2468 2797 2623 2838 nemo
2665 2794 2768 2840 tam
2815 2787 2978 2843 miser
3005 2800 3116 2854 est,
3149 2809 3306 2849 nemo
3354 2808 3452 2853 tam
3496 2801 3716 2870 abjecta:

2155 2867 2412 2936 fortunae,
2442 2883 2499 2927 ut
2538 2875 2638 2930 sibi
2686 2891 2940 2947 generum
2988 2883 3114 2937 velit
3147 2886 3482 2944 adsciscere:
3531 2867 3717 2948 contra

2155 2959 2330 3016 nullus
2372 2961 2507 3018 adeo
2555 2966 2748 3022 stultus
2788 2979 2906 3034 est,
2942 2979 2998 3025 ut
3019 2973 3253 3030 sobrium
3277 2993 3340 3032 ac
3369 2981 3610 3048 pudicum
3635 2999 3725 3038 re-

2150 3049 2318 3118 jiciat,
2347 3067 2410 3107 ac
2425 3053 2684 3112 dedecore
2711 3058 2927 3115 alliciat.
2957 3061 3022 3118 Ut
3041 3065 3197 3134 igitur
3227 3068 3318 3124 lilii
3347 3081 3402 3125 et
3422 3072 3726 3131 hominibus

2155 3147 2431 3201 reverendi
2458 3148 2604 3217 fiant,
2627 3159 2681 3206 et
2716 3152 2826 3208 Deo
2852 3157 3124 3226 amabiles,
3157 3177 3476 3221 exornemus
3515 3168 3726 3222 illorum

2154 3238 2380 3304 animos,
2400 3256 2623 3312 cumque
2653 3245 2899 3314 pudicitia
2925 3249 2991 3304 ad
3019 3253 3318 3322 conjugium
3354 3257 3721 3323 perducamus.

2154 3329 2242 3386 Sic
2262 3333 2401 3386 enim
2433 3334 2534 3389 illis
2560 3337 2701 3391 velut
2719 3355 2749 3393 e
2777 3341 2916 3395 fonte
2930 3346 3448 3415 prOvenientomnia,
3477 3363 3531 3406 et
3557 3353 3728 3408 Deum

2157 3421 2382 3478 habituri
2401 3435 2522 3479 sunt
2552 3429 2856 3498 propitium,
2884 3447 2946 3486 ac
2976 3437 3250 3504 praeSentis
3279 3425 3572 3512 futurzeque
3602 3445 3733 3500 vita}

2153 3512 2319 3580 gloria
2367 3515 2706 3584 perfruentur
2735 3537 2747 3574 :
2781 3538 2936 3592 quam
2985 3528 3193 3597 assequi
3248 3533 3521 3603 contingat
3569 3536 3728 3592 nobis

2153 3606 2418 3674 omnibus,
2435 3611 2600 3676 gratia
2621 3618 2674 3665 et
2698 3611 2928 3669 bonitate
2949 3616 3154 3677 Domini
3185 3623 3486 3680 nostriJesu
3497 3626 3718 3694 Christi,

2154 3709 2272 3749 cum
2297 3712 2403 3766 quo
2443 3699 2584 3754 Patri
2611 3702 2798 3772 gloria,
2851 3706 3043 3776 honor,
3090 3711 3390 3782 imperium,
3417 3719 3571 3772 simul
3601 3734 3725 3774 cum

2155 3797 2336 3842 saneto
2361 3789 2556 3860 Spiritu
2583 3835 2598 3861 ,
2629 3811 2767 3850 nunc
2793 3806 2848 3852 et
2891 3814 3124 3870 semper,
3156 3814 3210 3859 et
3239 3806 3292 3860 iu
3341 3811 3528 3865 sarcula
3555 3826 3723 3868 saecu-

2156 3876 2349 3936 lorum.
2377 3882 2564 3937 Amen.

2759 3956 2986 4016 SERMO
3034 3962 3118 4016 Ill.

2152 4035 2233 4091 De
2262 4041 2442 4108 Anna,
2470 4045 2629 4114 deque
2671 4046 2923 4104 Samuelis
2963 4055 3287 4122 educatione,
3329 4069 3375 4112 et
3408 4061 3542 4129 quod
3581 4063 3724 4117 utilis

2223 4131 2286 4183 sit
2323 4132 2375 4184 in
2405 4137 2644 4202 pariendo
2671 4140 2905 4208 tarditas,
2937 4151 2984 4196 et
3009 4149 3138 4210 quod
3179 4150 3516 4217 periculosum
3555 4153 3622 4205 sit
3651 4153 3721 4206 li—

2225 4223 2364 4276 beros
2391 4224 2699 4296 negligenter
2725 4229 2929 4286 habere.

2224 4333 2274 4385 1.
2307 4332 2482 4388 Oratio
2518 4337 2679 4392 Anna:
2717 4355 2868 4408 quam
2897 4355 3043 4413 grata
3092 4345 3224 4405 Deo.
3253 4349 3510 4419 Lacryma:
3553 4355 3722 4424 rigant

2152 4422 2376 4491 plantam
2420 4428 2679 4484 orationis.
2727 4431 2829 4487 Iies
2879 4437 3163 4504 spirituales
3207 4442 3355 4494 variis
3384 4422 3723 4499 indesinenter

2152 4515 2325 4582 formis
2359 4516 2598 4572 adornari
2634 4533 2864 4591 possunt.
2912 4527 3058 4580 Anna
3101 4530 3364 4584 liberorum
3407 4533 3722 4588 educationis

2150 4605 2503 4675 magistra.—-
2539 4609 2652 4666 Nisi
2676 4614 2860 4670 videor
2899 4618 3162 4687 aliquibus
3212 4621 3420 4677 fastidio
3469 4633 3525 4678 et
3568 4628 3719 4681 oneri

2149 4711 2290 4765 esse,
2323 4701 2442 4756 volo
2471 4702 2607 4758 idem
2654 4721 3022 4777 argumentum
3070 4728 3280 4768 rursum
3313 4717 3603 4788 attingere,
3649 4719 3717 4775 de

2148 4803 2252 4858 quo
2281 4791 2427 4846 vobis
2451 4808 2618 4864 nuper
2657 4796 2882 4854 disserui
2909 4817 2924 4853 :
2949 4817 3146 4872 vosque
3187 4804 3255 4859 ad
3309 4807 3516 4861 Annam
3550 4809 3716 4863 intro.

2148 4881 2340 4938 ducere
2387 4893 2546 4956 atque
2593 4888 2648 4943 in
2689 4900 2898 4959 pratum
2951 4894 3202 4950 virtutum
3267 4897 3409 4954 illius
3469 4899 3724 4958 inducere

2146 4988 2490 5030 sermonem:
2557 4989 2797 5048 pratum,
2857 4984 3105 5054 inquam,
3159 5003 3266 5042 non
3317 4989 3460 5059 quod
3516 4993 3718 5048 rosaria

2147 5068 2375 5133 profert,
2415 5078 2506 5123 aut
2530 5069 2688 5127 flores
2733 5075 2822 5144 qui
2865 5087 3229 5147 marcescunt,
3275 5081 3369 5135 sed
3411 5083 3550 5152 quod
3597 5099 3721 5152 pte-

2145 5157 2405 5212 eationem
2467 5175 2530 5215 ac
2583 5161 2772 5224 ﬁdem,
2827 5179 3176 5237 magnamque
3223 5169 3573 5227 tolerantiam.
3626 5174 3711 5228 Si-

2143 5247 2357 5316 quidem
2388 5248 2501 5304 harc
2526 5252 2703 5306 vernis
2729 5252 2948 5310 floribus
2975 5259 3129 5329 longe
3159 5272 3409 5329 pra-stant
3433 5265 3597 5318 odore
3615 5305 3630 5330 ,
3657 5273 3714 5318 ut

2142 5353 2261 5407 quae
2299 5356 2408 5396 non
2428 5356 2680 5412 aquarum
2710 5344 2976 5414 fontibus,
3006 5349 3100 5404 sed
3147 5352 3498 5424 lacrymarum
3540 5355 3714 5411 imbre

2144 5429 2398 5499 rigantur.
2431 5433 2611 5504 Neque
2642 5435 2784 5490 enim
2814 5439 3033 5508 perinde
3051 5443 3284 5498 amnium
3306 5446 3475 5500 fontes
3496 5445 3720 5502 ﬂoridos

2143 5520 2368 5576 reddunt
2394 5523 2574 5580 hortos
2597 5568 2612 5593 ,
2643 5535 2702 5580 ut
2722 5528 2952 5596 plantam
2984 5534 3300 5599 precationis
3339 5534 3509 5592 fontes
3534 5537 3706 5611 lacrya

2142 5625 2346 5666 marum
2370 5614 2646 5685 irrigantes
2674 5617 2725 5672 in
2751 5633 3010 5674 summam
3036 5622 3366 5680 altitudinem
3395 5627 3664 5683 deducunt
3691 5646 3706 5684 :

2141 5704 2281 5772 quod
2307 5704 2430 5760 huic
2457 5708 2674 5777 contigit
2700 5711 2927 5767 mulieri.
2957 5711 3123 5768 Simul
3150 5717 3290 5771 enim
3306 5719 3596 5788 utloquuta
3613 5728 3713 5778 est.

2143 5797 2436 5856 subvolavit
2454 5800 2507 5857 in
2533 5800 2720 5859 catlum
2749 5801 2863 5874 ejus
2883 5803 3187 5876 deprecatio
3205 5850 3224 5878 ,
3252 5824 3316 5867 ae
3350 5809 3576 5869 fructum
3609 5811 3724 5888 ipsi.
