4094 6256
374 275 466 328 651
1666 270 1756 326 DE
1793 270 1980 323 ANNA
2021 269 2252 324 SERMU
2285 270 2372 328 Ill.

375 400 615 454 πτωμεν,
642 385 732 437 καὶ
754 386 922 449 οὕτως
943 385 1250 456 εὑξὼμεθα,
1269 386 1360 438 καὶ
1379 384 1452 455 μὴ
1477 383 1816 453 διαλύσωμεν
1831 381 1927 452 τὴν

373 480 678 549 συνήθειαν.
717 481 812 532 Ἂν
850 481 957 552 γάρ
983 484 1046 552 τῇ
1082 481 1321 552 προτέρᾳ
1360 470 1542 551 ἡμέρᾳ
1571 478 1742 543 οὑτως
1776 477 1927 549 εὔξῃ,

371 566 436 634 τῇ
469 563 694 634 δευτέρα
734 564 996 635 διορθὼσῃ
1031 565 1127 636 τὴν
1156 566 1213 617 ἐν
1246 567 1313 635 τῇ
1353 562 1594 634 προτέρᾳ
1632 561 1929 633 γενομένην

373 659 753 730 ἀσχημοσύνην
781 660 980 731 ήμέρα.
1009 661 1176 714 Ὅταν
1215 659 1390 713 τοίνυν
1434 656 1926 729 ἀριστοποιώμεθα,

375 755 798 826 μνημονεύωμεν
822 756 1024 827 ταύτης
1044 757 1140 824 τῆς
1163 755 1440 824 γυναικὸς,
1477 755 1571 806 καὶ
1597 753 1703 807 τῶν
1727 751 1930 822 ταύτης

371 848 637 919 δακρύων,
674 851 890 920 καὶτῆς
918 851 1085 921 μέθης
1107 855 1206 924 τῆς
1241 851 1411 922 καλῆς
1437 850 1658 920 ταύτης.
1700 848 1928 918 Ἐμέθυε

371 944 479 1013 γάρ
505 945 595 996 καὶ
627 945 657 1014 ή
686 946 842 1015 γυνὴ,
880 947 978 998 οὑκ
1021 945 1129 999 ἀπὸ
1160 946 1326 1009 οἴνου,
1377 945 1491 999 ἀλλ’
1525 946 1618 997 ἀπ’
1648 943 1929 1004 εὐλαϐείας

373 1040 590 1109 πολλῆς.
620 1042 682 1093 Εἰ
706 1040 814 1111 γάρ
843 1044 959 1111 μετ’
983 1041 1201 1112 ἄριστον
1223 1040 1444 1111 τοιαύτη
1462 1037 1550 1111 ἧν,
1577 1039 1705 1092 ποία
1731 1034 1798 1109 ἦν
1825 1037 1930 1090 ὑπὸ

375 1136 468 1206 τὴν
499 1134 600 1201 ἓως
633 1137 681 1187 εί
711 1135 847 1206 μετά
885 1136 947 1188 τὸ
978 1139 1168 1205 φαγεῖν
1199 1136 1293 1190 καὶ
1328 1139 1468 1189 πιεῖν
1499 1134 1669 1197 οὕτως
1699 1131 1929 1193 ἐκτενῶς

374 1231 731 1300 προσηύχετο,
761 1232 918 1284 ὁποία
946 1232 1157 1302 ὑπῆρχε
1194 1233 1380 1300 νῆστις
1405 1227 1538 1283 οῦσα
1561 1248 1578 1296 ;

428 1333 501 1385 ς’.
522 1327 929 1397 Ἐπανέλθωμεν
945 1328 1120 1380 τοίνυν
1143 1328 1301 1381 πάλιν
1317 1329 1406 1380 ἐπὶ
1420 1328 1488 1381 τά
1506 1329 1722 1398 ῥήματα
1736 1325 1926 1390 αὐτῆς,

371 1409 440 1460 τά
475 1408 786 1477 φιλοσοφίας
826 1409 1061 1480 γέμοντα
1102 1411 1298 1481 πολλῆς
1343 1411 1436 1463 καὶ
1471 1409 1784 1480 πραότητος.
1832 1408 1924 1458 Εἰ-

373 1491 548 1544 ποῦσα
563 1492 689 1562 γὰρ,
711 1494 879 1560 Οὐχὶ,
910 1494 1094 1558 κύριε,
1114 1495 1358 1562 ἐπήγαγε
1378 1510 1390 1521 ·
1413 1491 1580 1560 Γυνὴ
1609 1492 1678 1543 ἐν
1695 1487 1931 1557 σκληρᾷ

371 1573 560 1641 ἡμέρᾳ
575 1574 687 1643 ἐγώ
709 1578 844 1643 εἰμι,
864 1575 960 1627 καὶ
981 1572 1146 1627 οἶνον
1164 1576 1260 1628 καὶ
1273 1574 1551 1644 μέθυσμα
1573 1577 1644 1628 οὺ
1667 1573 1926 1628 πέπωκα.

372 1657 767 1727 Παρατήρησον
800 1657 915 1718 πῶς
947 1659 1066 1710 οὑδέ
1092 1659 1323 1712 ἐνταῦθα
1362 1659 1507 1728 λέγει
1538 1658 1604 1712 τά
1632 1657 1807 1727 ὀνείδη
1833 1660 1930 1723 τῆς

371 1737 676 1809 ἁντιζήλου,
717 1740 836 1792 οὑδὲ
875 1741 1214 1809 ἐκπομπεύει
1256 1742 1354 1812 τὴν
1396 1741 1657 1811 πονηρίαν
1694 1740 1928 1810 ἐκείνης,

373 1820 528 1892 ΠΞΞΟΙ
561 1823 677 1874 οὑδέ
728 1823 1058 1892 ἐκτραγῳδεῖ
1102 1823 1199 1895 τὴν
1255 1825 1539 1895 συμφορὰν
1574 1825 1670 1894 τὴν
1703 1823 1927 1887 οἰκείαν,

368 1903 504 1956 ἀλλά
550 1905 799 1956 τοσοῦτον
854 1906 1227 1959 ἀποκαλύπτει
1269 1909 1368 1977 τὴν
1413 1908 1608 1975 ἑαυτῆς
1664 1906 1927 1976 ἀθυμίαν,

366 1987 492 2038 ὅσον
522 1987 957 2056 ἀπολογήσασθαι
986 1990 1120 2056 πρὸς
1146 1989 1236 2041 τὸν
1276 1989 1425 2059 ἱερέα
1456 1988 1631 2057 μόνον.
1669 1988 1837 2055 Γυνὴ
1865 1987 1934 2039 ἐν

367 2069 609 2136 σκληρᾷ
636 2069 844 2137 ἡμέρᾳ,
882 2072 1062 2139 φησὶν,
1094 2070 1206 2140 ἐγώ
1228 2074 1341 2138 εἰμι
1361 2088 1374 2101 ·
1405 2071 1502 2124 καὶ
1528 2067 1694 2124 οἶνον
1715 2071 1812 2122 καὶ
1831 2071 1934 2138 μέο

349 2146 573 2218 ’θυσμα
610 2153 682 2204 οὐ
711 2150 976 2212 πέπωκα,
1014 2152 1113 2204 καὶ
1145 2151 1332 2221 ἐκχέω
1362 2153 1476 2221 τὴν
1502 2152 1714 2222 ψυχήν
1746 2170 1864 2221 μου
1905 2165 1930 2192 ει

355 2230 626 2297 ,ἐνώπιον
655 2233 894 2300 Κυρίου.
923 2232 1038 2287 Οὑκ
1073 2229 1245 2298 εἶπεν,
1275 2234 1518 2305 Εῦχομαι
1551 2235 1628 2304 τῷ
1651 2235 1789 2304 Θεῷ,
1819 2238 1932 2286 ἰκε-

371 2312 514 2364 τεύω
534 2313 623 2366 τὸν
648 2313 799 2374 Θεὸν,
825 2313 937 2368 ἀλλ’
965 2315 1182 2384 Ἑκχέω
1202 2317 1316 2384 τὴν
1330 2318 1539 2386 ψυχήν
1549 2335 1666 2385 μου
1680 2317 1935 2370 ἐνώπιον

375 2398 612 2465 Κυρίου·
639 2399 933 2464 τουτέστιν,
953 2400 1077 2470 ὅλην
1107 2401 1346 2472 ἐμαυτὴν
1370 2403 1672 2472 μετέστησα
1689 2401 1822 2472 πρὸς
1842 2400 1933 2453 τὸν

373 2481 527 2544 Θεὸν,
573 2481 670 2552 τὴν
703 2482 940 2557 διάνοιάν
974 2500 1074 2552 μου
1121 2483 1421 2547 ἐξεκένωσα
1459 2483 1594 2552 πρὸς
1627 2483 1809 2548 αὑτὸν,
1837 2483 1933 2553 ὅλῃ

369 2563 516 2634 ψυχῇ
550 2565 642 2617 καὶ
685 2565 910 2635 δυνάμει
936 2567 1224 2637 τὴν-εὐχήν
1260 2584 1361 2636 μου
1390 2568 1754 2637 ἐποιησάμην,
1780 2561 1932 2620 εἷπον

369 2646 450 2714 τῷ
480 2644 596 2715 Θεῷ
640 2647 738 2714 τὴν
779 2647 1062 2722 συμφορὰν
1097 2649 1195 2718 τὴν
1241 2649 1401 2719 ἐμὴν,
1441 2649 1615 2713 ἔδειξα
1643 2651 1702 2701 τὸ
1748 2648 1929 2711 ἕλκος·

371 2731 580 2790 ἐκεῖνος
613 2728 673 2781 τὸ
721 2731 1005 2800 φάρμακον
1044 2731 1216 2784 θεῖναι
1255 2732 1492 2789 δύναται.
1529 2733 1623 2801 Μὴ
1654 2731 1770 2799 δῷς
1819 2733 1934 2801 τὴν

371 2811 607 2879 δούλην
627 2827 742 2866 σου
767 2816 854 2878 είς
887 2814 1229 2881 πρόσωπον,
1261 2818 1347 2882 εὶς
1377 2815 1665 2886 θυγατέρα
1692 2817 1929 2886 loquir.

371 2893 546 2946 Πάλιν
595 2894 786 2964 δούλην
831 2896 1025 2964 ἑαυτὴν
1075 2898 1258 2963 καλεῖ,
1306 2899 1402 2951 καὶ
1443 2899 1643 2968 πολλὴν
1701 2903 1933 2952 ποιεῖται

375 2975 635 3045 σπουδὴν,
669 2974 807 3027 ὥστε
844 2975 917 3046 μὴ
950 2978 1191 3047 πονηράν
1212 2979 1367 3043 δόξαν
1401 2981 1550 3050 παρὰ
1575 2981 1651 3048 τῷ
1683 2983 1816 3050 ἱερεῖ
1839 2981 1934 3032 λα-

374 3059 515 3113 ϐεῖν.
543 3058 649 3111 Καὶ
675 3059 772 3111 οὑκ
795 3057 913 3112 εἷπε
943 3059 1077 3129 πρὸς
1096 3063 1322 3132 ἑαυτήν·
1356 3063 1420 3114 Τί
1449 3063 1506 3114 δέ
1536 3081 1625 3132 μοι
1663 3064 1811 3133 μέλει
1835 3065 1934 3132 τῆς

379 3141 570 3194 τούτου
602 3140 880 3210 διαϐολῆςς
914 3143 1100 3204 ἁπλῶς
1129 3145 1222 3196 κα)⁵
1250 3146 1372 3214 είκῆ
1410 3146 1807 3215 κατηγόρησεν,
1839 3147 1935 3198 ὑπ-

375 3223 658 3278 ώπτευσεν
703 3225 782 3287 είς
827 3224 975 3277 οὐδὲν
1012 3225 1126 3278 δέον
1147 3242 1160 3255 ·
1192 3227 1253 3279 τὸ
1288 3228 1523 3290 συνειδός
1569 3246 1668 3297 μου
1698 3229 1935 3300 καθαρὸν

377 3308 541 3372 ἔστω,
564 3309 654 3361 καὶ
671 3307 872 3370 πάντες
892 3325 956 3377 με
975 3307 1423 3363 διαϐαλλέτωσαψ
1448 3311 1580 3364 ἀλλά
1603 3312 1692 3364 τὸν
1713 3314 1936 3367 ἀποστο-

375 3390 529 3444 λικὸν
559 3393 762 3444 ἐκεῖνον
785 3393 1021 3464 ἐπλήρου
1053 3393 1234 3463 νόμον,
1261 3393 1350 3445 τὸν
1379 3394 1667 3447 κελεύοντα
1689 3397 1935 3464 προνοεῖ-

381 3476 507 3528 σθαι
521 3475 660 3528 καλά
685 3474 760 3546 μὴ
789 3477 945 3546 μόνον
964 3476 1191 3530 ἐνώπιον
1213 3476 1436 3548 Κυρίου,
1450 3477 1585 3532 ἀλλά
1601 3479 1694 3531 κά).
1709 3477 1935 3531 ἐνώπιον

377 3558 703 3629 ἀνθρώπων.
725 3561 832 3612 Καὶ
853 3561 1013 3612 παντὶ
1039 3561 1223 3630 τρόπῳ
1242 3560 1338 3630 τὴν
1356 3559 1588 3629 ὑποψίαν
1604 3561 1936 3632 ἀπεκρούετο

380 3642 634 3708 λέγουσα’
666 3642 764 3708 Μὴ
791 3641 907 3707 δῷς
939 3644 1053 3708 τὴν
1077 3643 1309 3710 δούλην
1332 3657 1448 3696 σου
1480 3646 1567 3709 εἰς
1592 3644 1934 3712 πρόσωπον,

378 3725 468 3786 εις
497 3723 788 3790 θυγατέρα
817 3724 1052 3790 λοιμήν.
1081 3725 1146 3775 Τί
1173 3723 1229 3774 δέ
1261 3727 1426 3786 ἐστιν,
1451 3726 1552 3790 Εἰς
1577 3727 1936 3790 πρόσωπονς

381 3803 476 3872 Μὴ
497 3805 742 3874 νομίσῃς,
769 3804 1117 3872 ἀναίσχυντον
1146 3801 1280 3856 εἷναί
1307 3822 1372 3873 με
1396 3806 1489 3857 καὶ
1515 3806 1732 3874 ίταμήν.
1781 3807 1939 3858 Ἀθυ-

384 3886 536 3956 μίας,
558 3886 619 3937 οὑ
651 3886 954 3957 παροινίας,
982 3886 1126 3937 ἐστὶν
1157 3883 1292 3955 αῦτη
1323 3887 1356 3955 ή
1383 3887 1663 3954 παρρησία
1684 3903 1697 3916 ο
1726 3887 1937 3957 ὀδύνης,

383 3969 508 4039 οὐχὶ
538 3969 727 4040 μέθης.
758 3970 821 4021 Τί
845 3967 938 4021 οῦν
959 3970 986 4020 ό
1017 3967 1221 4038 ἱερεύς;
1249 3968 1390 4039 Ὅρα
1419 3968 1671 4021 κάκείνου
1695 3970 1793 4039 τὴν
1818 3971 1938 4024 σύν-

380 4071 502 4107 εσιν
520 4070 532 4082 ·
560 4056 620 4107 οὑ
652 4053 1073 4124 περιειργάσατο
1096 4051 1194 4123 τήν
1220 4051 1524 4122 συμφορὰν,
1547 4051 1646 4104 οὑκ
1665 4051 1938 4124 ἠϐουλήθη

379 4133 906 4202 πολυπραγμονῆσαι
954 4133 1053 4203 τὴν
1090 4130 1292 4193 αἰτίαν,
1341 4131 1476 4183 ἀλλά
1522 4131 1575 4183 τί
1611 4148 1778 4201 φησι;
1825 4136 1941 4186 Πο-

376 4217 564 4280 ρεύου
603 4215 673 4267 ἐν
719 4212 957 4283 εἰρήνῃ·
997 4211 1118 4282 δῴη
1159 4227 1256 4266 σοι
1299 4214 1518 4280 Κύριος
1563 4217 1596 4267 ό
1644 4214 1786 4280 Θεὸς
1835 4214 1941 4268 τοῦ

394 4295 649 4366 Ἰσραὴλ
689 4297 812 4354 πᾶν
848 4298 1087 4367 αἴτημα,
1121 4297 1153 4351 ὃ
1190 4297 1394 4364 ᾐτήσω
1427 4293 1564 4366 παρ’
1598 4299 1802 4353 αὐτοῦ.
1841 4299 1943 4351 Τὸν

383 4385 690 4455 κατήγορον
733 4385 1027 4453 συνήγορον
1064 4383 1355 4452 εἰργάσατο
1408 4383 1441 4451 ή
1487 4383 1648 4452 γυνή.
1681 4381 1942 4436 Τοσοῦτόν

383 4469 538 4522 ἐστιν
563 4464 826 4519 ἐπιείκεια
859 4468 954 4519 καὶ
977 4467 1219 4535 πραότης
1249 4463 1428 4518 καλόν.
1453 4466 1562 4518 Καὶ
1592 4465 1712 4518 ἀντὶ
1736 4465 1943 4535 ὕϐρεως

386 4550 583 4619 ἐφόδια
619 4548 777 4601 ἱκανά
816 4547 1051 4600 λαϐοῦσα
1079 4547 1310 4616 ἀπῆλθε,
1341 4549 1432 4599 καὶ
1471 4549 1778 4618 προστάτην
1819 4547 1944 4616 έσχε

382 4632 488 4703 ,καὶ
525 4629 864 4701 πρεσϐευτὴν
891 4629 982 4681 τὸν
1013 4630 1432 4700 ἐπιτιμήσαντα.
1472 4630 1581 4683 Καὶ
1611 4630 1730 4681 οὑδέ
1775 4628 1944 4692 οὕτως

391 4715 709 4782 ἀφίσταται,
744 4713 877 4765 ἀλλὰ
913 4712 1073 4764 πάλιν
1107 4713 1269 4782 φησίν
1290 4728 1302 4743 ·
1329 4713 1504 4780 Εὗροι
1537 4713 1575 4779 ἢ
1611 4713 1798 4778 δούλη
1831 4728 1944 4765 σου

392 4797 571 4867 χάριν
601 4811 669 4850 εν
695 4796 1020 4866 ὀφθαλμοῖς
1056 4810 1201 4849 σου·
1230 4795 1492 4858 τουτέστι,
1514 4795 1715 4857 Μάθοις
1743 4795 1828 4846 διά
1853 4795 1943 4846 τοῦ

389 4884 579 4944 τέλους
626 4880 811 4944 αὑτοῦ,
847 4880 938 4933 καὶ
978 4879 1076 4948 τῆς
1121 4879 1228 4932 τῶν
1270 4878 1608 4948 πραγμάτων
1649 4878 1943 4941 ἐκϐάσεως,

391 4967 470 5030 ὡς
513 4966 613 5018 οὑκ
666 4964 775 5018 ἀπὸ
831 4963 1133 5034 παροινίας,
1172 4961 1285 5014 ἀλλ’
1336 4960 1396 5024 ἐξ
1433 4960 1623 5029 ὀδύνης
1683 4961 1949 5030 τοσαύτης

392 5047 737 5118 ἐποιησάμην
791 5046 1068 5118 ἱκετηρίαν
1110 5045 1204 5098 καὶ
1249 5045 1348 5113 τὴν
1373 5044 1575 5112 δέησιν.
1617 5043 1724 5096 Καὶ
1753 5043 1936 5095 ἀπελο

388 5135 584 5190 θοῦσα
607 5171 622 5195 ,
674 5133 857 5200 φησὶν,
911 5131 1109 5184 οὐκέτι
1161 5127 1518 5182 συνέπεσεν.
1567 5121 1719 5188 Εἶδες
1767 5126 1948 5178 πίστιν

387 5215 681 5284 γυναικός;
707 5215 839 5285 Πρὶν
866 5212 1008 5283 λάϐῃ
1027 5213 1162 5281 ὅπερ
1179 5211 1398 5281 ᾔτησεν,
1430 5209 1727 5280 ἐθάρσησεν
1755 5210 1830 5270 ὡς
1851 5208 1946 5260 λα-

390 5300 586 5352 ϐοῦσα.
630 5298 701 5350 Τὸ
734 5297 791 5350 δὲ
832 5297 1022 5365 αἴτιον,
1063 5296 1144 5347 ὅτι
1181 5295 1320 5363 μετά
1374 5292 1576 5361 πολλῆς
1604 5290 1804 5362 ηὔξατο
1849 5291 1948 5360 τῆς

394 5382 775 5451 σφοδρότητος,
819 5379 954 5450 μετά
988 5378 1220 5446 σπουδῆς
1265 5375 1599 5446 ἀδιακρίτου.
1633 5375 1732 5426 Διά
1770 5375 1947 5437 τοῦτο,

393 5466 471 5528 ὡς
501 5464 561 5517 τὸ
588 5466 693 5517 πᾶν
716 5463 982 5534 εἰληφυῖα,
1013 5459 1295 5530 κατῆλθεν.
1329 5458 1532 5522 Ἀλλως
1555 5457 1629 5521 δὲ,
1657 5457 1747 5511 καὶ
1765 5457 1793 5508 ό
1821 5456 1950 5519 Θεὸς

463 5679 490 5708 ⁸
531 5675 663 5730 Colb.
682 5677 778 5726 duo
795 5676 880 5732 τὴν
900 5673 1058 5732 δέησίν
1075 5688 1178 5732 μου.
1207 5670 1287 5721 Sic
1308 5668 1454 5718 etiam
1482 5667 1600 5728 Reg.

3485 267 3588 319 οδε

2047 381 2229 434 λοιπὸν
2249 382 2414 450 αὑτῆς
2434 381 2530 450 τὴν
2555 380 2789 450 ἀθυμίαν
2816 375 3053 444 ἐξέϐαλε,
3093 377 3295 449 μέλλων
3318 375 3514 429 διδόναι
3535 376 3593 429 τὸ

2039 475 2229 546 δῶρον.

2110 577 2325 647 Ταύτην
2353 576 2678 648 ζηλώσωμεν
2701 577 2794 630 καὶ
2822 576 3001 645 ἡμεῖς,
3032 575 3124 628 καὶ
3141 575 3198 626 ἐν
3212 573 3448 634 ἀπάσαις
3475 574 3594 634 ταῖς

2041 677 2345 744 συμφοραῖς
2388 675 2524 744 πρὸς
2569 673 2659 726 τὸν
2697 673 2829 725 Θεὸν
2874 673 3318 740 καταφεύγωμεν.
3355 670 3471 722 Κᾶν
3520 669 3592 739 μὴ

2039 767 2250 836 ἔχωμεν
2280 769 2486 832 παιδία,
2515 769 2645 838 παρ’
2671 768 2876 820 ἐκείνου
2902 767 3144 836 αἰτῶμεν
3161 783 3174 796 ·
3199 764 3300 818 κᾶν
3319 764 3588 834 λάϐωμεν,

2042 862 2179 933 μετὰ
2227 863 2425 933 πολλῆς
2459 864 2846 935 ἀνατρέφωμεν
2886 863 3024 916 αὑτά
3064 864 3161 933 τῆς
3203 861 3458 930 σπουδῆς,
3501 863 3595 914 καὶ

2038 959 2218 1030 πάσης
2244 959 2343 1029 ρέν
2377 961 2573 1023 κακίας
2601 961 2900 1029 ἀπάγωμεν
2929 962 3051 1023 τοὺς
3082 959 3255 1022 νέους,
3289 958 3520 1029 μάλιστα
3540 957 3594 1010 δὲ

2038 1056 2350 1123 ἀσελγείας·
2391 1056 2624 1124 χαλεπὸς
2654 1056 2762 1126 γὰρ
2795 1049 2949 1119 οὗτος
2981 1059 3010 1108 ὁ
3037 1056 3290 1125 πόλεμος,
3322 1055 3413 1107 καὶ
3443 1053 3596 1105 οὑδέν

2037 1137 2211 1201 οὑτως
2245 1139 2450 1210 ἐνοχλεῖ
2477 1139 2573 1207 τὴν
2606 1139 2823 1207 ἡλικίαν
2861 1139 3093 1207 ἐκείνην,
3126 1139 3200 1200 ὡς
3228 1138 3382 1190 τοῦτο
3412 1137 3471 1189 τὸ
3493 1137 3598 1189 πά-

2040 1223 2150 1285 θος.
2184 1221 2526 1291 Πανταχόθεν
2565 1222 2740 1274 τοίνυν
2784 1220 2979 1283 αὑτοὺς
3011 1221 3330 1289 τειχίζωμεν
3364 1219 3596 1289 συμϐου-

2038 1313 2174 1377 λαῖς,
2210 1313 2358 1385 [721]
2381 1311 3251 1384 παραινέσεσι,φόϐοις,ἀπειλαῖς.
3286 1309 3596 1377 Ἂνταύτης

2037 1405 2424 1473 περιγένωνται
2451 1405 2549 1473 τῆς
2578 1403 2887 1472 ἐπιθυμίας,
2910 1401 3025 1454 οὐδὲ
3051 1402 3210 1470 ἑτέρᾳ
3228 1401 3430 1470 ταχέως
3459 1399 3597 1453 ἁλώ-

2040 1514 2240 1559 σονται,
2291 1495 2423 1549 ἀλλά
2459 1496 2549 1548 καὶ
2581 1495 2874 1566 χρημάτων
2914 1493 3119 1545 ἔσονται
3153 1493 3447 1562 κρείττους,
3498 1490 3592 1542 καὶ

2043 1579 2210 1648 μέθης
2237 1581 2586 1648 κρατήσουσι,
2623 1580 2716 1630 καὶ
2747 1577 2844 1639 τάς
2878 1575 3160 1645 παροινίας
3193 1573 3405 1635 καὶτὰς
3432 1589 3596 1642 πονη-

2043 1661 2141 1729 ράς
2177 1661 2459 1722 συνουσίας
2497 1662 2646 1732 πάσῃ
2682 1660 2881 1729 σπουδῇ
2910 1657 3334 1728 διακρούσονται,
3370 1655 3461 1706 καὶ
3498 1671 3596 1707 πο·

2041 1744 2330 1814 θεινότεροι
2359 1745 2456 1815 μὲν
2485 1745 2698 1797 ἐσονται
2737 1746 2846 1806 τοῖς
2880 1741 3276 1809 γεγεννηκόσιν.
3307 1737 3595 1808 αίδεσιμώο

2038 1843 2186 1898 τεροι
2221 1828 2276 1880 δὲ
2306 1830 2468 1880 πᾶσιν
2492 1826 2816 1898 ἀνθρώποις.
2844 1826 2939 1887 Τίς
2974 1826 3080 1893 γὰρ
3104 1825 3200 1877 οὑκ
3226 1823 3596 1892 αἰδεσθήσεται

2042 1909 2420 1979 σωφρονοῦντα
2443 1910 2592 1972 νέον;
2623 1908 2707 1970 τίς
2737 1908 2793 1960 δὲ
2813 1907 2911 1959 οὑκ
2941 1907 3244 1958 ἀσπάσεται
3271 1904 3363 1958 καὶ
3385 1904 3597 1973 φιλήσει

2039 1996 2129 2048 τὸν
2165 1995 2533 2066 χαλινώσαντα
2560 1997 2657 2057 τὰς
2683 1995 2914 2055 ἀτόπους
2944 1993 3268 2062 ἐπιθυμίας;
3301 1993 3382 2055 τίς
3415 1991 3469 2043 δὲ
3497 1991 3598 2060 οὑχ

2041 2085 2324 2155 αἱρήσεται
2352 2084 2380 2122 b
2407 2083 2500 2135 καὶ
2525 2082 2632 2134 τῶν
2663 2081 2866 2150 σφόδρα
2888 2079 3278 2150 εὐπορωτάτων
3311 2078 3445 2148 μετὰ
3472 2077 3599 2130 πολο

2039 2171 2136 2241 λῆς
2167 2171 2312 2241 αὐτῷ
2346 2170 2444 2240 τῆς
2485 2170 2704 2242 χάριτος
2750 2169 2994 2222 ἐκδοῦναι
3036 2169 3097 2222 τὸ
3135 2167 3444 2237 θυγάτριον,
3494 2166 3599 2218 κᾶν

2041 2253 2289 2307 ἁπάντων
2323 2254 2526 2316 ἐκεῖνος
2571 2252 2888 2324 πενέστερος
3027 2251 3233 2320 ’Ὠσπερ
3273 2250 3381 2318 γὰρ
3408 2251 3498 2301 τὸν
3537 2251 3595 2300 ἐν

2042 2336 2247 2406 ἀσωτία
2265 2335 2460 2399 ζῶντα,
2479 2337 2572 2388 καὶ
2597 2337 2820 2406 πόρναις
2836 2334 3189 2405 προσέχοντα,
3218 2333 3319 2386 κᾶν
3347 2335 3598 2386 ἁπάντων

2041 2420 2410 2490 εὐπορώτερος
2434 2415 2490 2489 ᾗ,
2516 2418 2688 2480 οὐδεὶς
2716 2417 2887 2478 οὕτως
2913 2416 3094 2478 ἄθλιος
3120 2417 3214 2469 καὶ
3233 2415 3596 2484 ταλαίπωρος,

2039 2503 2114 2564 ὡς
2155 2501 2378 2569 θελῆσαι
2424 2500 2686 2569 κηδεστὴν
2723 2511 2745 2537 ο
2778 2499 2960 2552 λαϐεῖν
2984 2513 2997 2526 ⁸
3027 2499 3166 2551 οὕτω
3209 2499 3302 2551 τὸν
3351 2496 3595 2565 σώφρονα

2041 2585 2134 2638 καὶ
2155 2584 2349 2653 σεμνὸν
2384 2583 2557 2645 οὐδεὶς
2593 2581 2764 2644 οὑτως
2786 2583 3031 2650 ἀνόητος,
3063 2581 3136 2645 ὡς
3159 2579 3599 2648 ἀποκρούσασθαι

2041 2671 2134 2724 καὶ
2161 2670 2444 2739 ἀτιμάσαι.
2476 2666 2694 2722 ’Ίν’·οὗν
2734 2670 2827 2721 καὶ
2855 2669 3158 2737 ἀνθρώποις
3187 2668 3470 2738 αἰδέσιμοι,
3503 2669 3599 2720 καὶ

2040 2755 2118 2824 τῷ
2149 2754 2267 2824 Θεῷ
2291 2754 2525 2806 ποθεινοὶ
2553 2755 2602 2806 οἱ
2632 2754 2816 2815 παῖδες
2855 2754 3137 2820 γένωνται,
3166 2751 3599 2821 κατακοσμῶμεν

2044 2836 2220 2890 αὐτῶν
2240 2835 2338 2898 τάς
2362 2835 2558 2904 ψυχὰς,
2587 2837 2680 2886 καὶ
2709 2835 2844 2904 μετά
2874 2835 3221 2906 σωφροσύνης
3251 2835 3341 2886 ἐπὶ
3353 2835 3474 2895 τοὺς
3497 2834 3596 2900 γά-

2047 2935 2176 2988 μους
2211 2919 2450 2987 ἄγωμεν.
2496 2916 2650 2969 Οῦτω
2697 2916 2804 2986 γάρ
2854 2919 2948 2970 καὶ
2991 2918 3060 2970 τά
3110 2917 3351 2986 παρόντα
3391 2917 3594 2978 αὑτοῖς,

2041 3010 2227 3079 ῶσπερ
2249 3010 2312 3060 ἐκ
2333 3007 2541 3076 πηγῶν,
2572 3007 2786 3060 ἅπαντα
2811 3006 2948 3075 ἥξει,
2984 3009 3076 3059 καὶ
3109 3007 3198 3058 τὸν
3230 3005 3359 3058 Θεὸν
3387 3006 3596 3070 ἕξουσιν

2045 3092 2220 3151 ἵλεων,
2251 3090 2463 3159 καὶτῆς
2488 3089 2786 3159 παρούσης,
2809 3091 2901 3142 καὶ
2923 3089 3020 3158 τῆς
3051 3088 3346 3157 μελλούσης
3362 3087 3599 3140 ἀπολαύ-

2045 3191 2224 3226 σονται
2251 3173 2405 3242 δόξης
2425 3190 2438 3203 ·
2470 3168 2538 3243 ἦς
2566 3173 2774 3240 γένοιτο
2803 3172 3008 3233 πάντας
3026 3172 3172 3240 ἡμᾶς
3192 3172 3484 3240 ἐπιτυχεῖν,
3501 3170 3599 3239 χά-

2046 3273 2153 3326 ριτι
2175 3256 2268 3308 καὶ
2298 3254 2675 3324 φιλανθρωπία
2715 3254 2806 3306 τοῦ
2839 3255 3042 3324 Κυρίου
3072 3252 3226 3323 ἡμῶν
3264 3252 3436 3324 Ἰησοῦ
3467 3254 3599 3321 Χρι-

2046 3339 2192 3402 στοῦ,
2237 3338 2350 3409 μεθ’
2377 3333 2436 3392 οὗ
2464 3339 2636 3410 Πατρὶ
2653 3337 2798 3402 δόξα,
2821 3338 2970 3407 τιμὴ,
2995 3337 3210 3407 κράτος,
3244 3337 3338 3388 σὺν
3361 3335 3434 3403 τῷ
3459 3334 3598 3403 ἁγίῳ

2045 3425 2336 3494 Πνεύματι,
2358 3421 2452 3475 νῦν
2479 3424 2570 3475 καὶ
2602 3423 2708 3485 ἀεὶ,
2739 3423 2834 3475 καὶ
2860 3423 2939 3485 είς
2960 3423 3083 3485 τοὺς
3109 3420 3309 3482 αἰῶνας
3337 3420 3446 3472 τῶν
3472 3418 3599 3471 αἰῶ-

2042 3525 2168 3564 νων.
2215 3507 2270 3570 Ἀ
2280 3509 2404 3576 μήν.

2639 3629 2882 3683 UMIAIA
2920 3629 2993 3682 Γ’.

2048 3780 2150 3841 Εἰς
2176 3775 2290 3840 τὴν
2324 3776 2569 3834 Ἀνναν,
2602 3774 2696 3826 καὶ
2717 3777 2804 3837 είς
2839 3774 2951 3839 τὴν
2975 3774 3079 3825 τοῦ
3111 3772 3395 3840 Σαμουὴλ
3417 3775 3600 3839 γαλα-

2117 3846 2496 3910 κτοτροςρίαν·
2521 3843 2616 3895 καὶ
2640 3842 2726 3894 ὅτι
2747 3844 3036 3910 χρήσιμος
3065 3843 3102 3907 η
3131 3841 3262 3908 περὶ
3286 3842 3390 3893 τὸν
3420 3843 3600 3910 τόκον

2109 3909 2435 3980 βραδύτης,
2459 3913 2554 3964 καὶ
2579 3911 2665 3963 ὅτι
2686 3909 3070 3965 ἐπικίνδυνον
3087 3911 3182 3963 καὶ
3204 3909 3509 3979 σφαλερὸν
3533 3911 3598 3962 τὸ

2118 3981 2236 4034 τῶν
2268 3982 2494 4034 παίδων
2524 3981 2784 4050 ἀμελεῖν.

2117 4097 2184 4152 a'.
2202 4101 2264 4152 EE
2297 4099 2371 4169 μὴ
2389 4099 2527 4152 δοκῶ
2549 4099 2857 4169 προσκορής
2884 4114 3024 4150 τισιν
3055 4094 3189 4150 εἶναι
3217 4097 3309 4149 καὶ
3329 4095 3600 4166 φορτικὸς,

2053 4182 2311 4252 βούλομαι
2343 4183 2440 4253 τῆς
2468 4184 2638 4253 αὑτῆς
2660 4182 2964 4244 ὑποθέσεως
2988 4179 3224 4249 amcam
3253 4179 3436 4243 πάλιν,
3466 4179 3603 4249 ὑπὲρ

2049 4263 2117 4338 ἦς
2147 4268 2240 4319 καὶ
2265 4265 2454 4337 πρώην
2481 4266 2608 4336 ὑμῖν
2633 4265 2930 4335 διελέχθην,
2966 4264 3059 4317 καὶ
3094 4264 3228 4334 πρὸς
3264 4265 3361 4333 τὴν
3405 4264 3602 4314 Ἅνναν

2050 4350 2195 4420 ὑμᾶς
2225 4349 2654 4420 χειραγωγῆσαι,
2681 4352 2774 4402 καὶ
2804 4350 2882 4412 είς
2905 4348 2996 4400 τὸν
3024 4347 3260 4418 λειμῶνα
3279 4347 3386 4400 τῶν
3407 4363 3606 4416 κατορ-

2052 4433 2127 4486 θω
2135 4434 2316 4503 μάτων
2341 4434 2437 4502 τῆς
2456 4433 2710 4498 γυναικὸς
2726 4434 3038 4499 εἰσαγαγεῖν
3052 4434 3141 4484 τὸν
3158 4431 3310 4500 λόγον
3327 4447 3342 4464 ο
3371 4431 3605 4500 λειμῶνα

2051 4516 2170 4584 οὐχὶ
2201 4513 2458 4584 ῥοδωνιὰν
2494 4513 2702 4583 έχοντα,
2734 4514 2854 4565 οὑδέ
2893 4513 3025 4582 ἄνθη
3061 4514 3450 4583 μαραινόμενα,
3490 4514 3605 4566 ἀλλ’

2052 4599 2214 4667 εὐχὴν
2247 4599 2341 4649 καὶ
2369 4597 2549 4648 πίστιν
2576 4596 2671 4648 καὶ
2703 4597 3047 4660 ἀνεξικακίαν
3085 4597 3303 4666 πολλήν.
3333 4598 3472 4648 Πολὺ
3497 4598 3606 4664 γάρ

2051 4680 2225 4732 ταῦτα
2263 4678 2370 4732 τῶν
2407 4678 2610 4748 ήρινῶν
2639 4678 2840 4731 ἀνθέων
2868 4678 3217 4746 εὑωδέστερα,
3252 4679 3371 4747 οὑχὶ
3404 4682 3607 4746 πηγαῖς

2054 4762 2281 4826 ὑδάτων,
2321 4760 2434 4814 ἀλλ’
2475 4759 2699 4832 ὄμϐροις
2743 4759 2990 4830 δακρύων
3040 4760 3326 4829 ἀρδόμενα.
3374 4761 3446 4813 Οὑ
3499 4760 3606 4830 γάρ

2053 4845 2196 4898 οὑτω
2216 4847 2342 4908 τοὺς
2369 4845 2577 4912 κήπους
2608 4845 2664 4896 ai
2686 4843 2860 4911 πηγαὶ
2887 4842 2996 4894 τῶν
3017 4843 3273 4910 ναμάτων
3299 4841 3609 4896 εὐθαλεστέ-

2057 4945 2182 4998 ρους
2209 4927 2469 4985 ποιοῦσιν,
2497 4926 2574 4988 ὼς
2606 4925 2666 4977 τὸ
2695 4923 2857 4991 φυτὸν
2887 4927 2984 4993 τῆς
3015 4925 3180 4992 εὐχῆς
3210 4926 3264 4976 αἱ
3297 4925 3470 4994 πηγαὶ
3499 4924 3606 4977 τῶν

2053 5010 2298 5080 δακρύων
2318 5007 2649 5072 ποτίζουσαι,
2691 5006 2825 5076 πρὸς
2855 5005 2984 5074 ὕψος
3012 5007 3263 5076 μέγιστον
3293 5007 3608 5077 ἀνατρέχειν

2058 5092 2569 5165 παρασκευάζουσιν
2585 5110 2598 5122 ο
2619 5091 2752 5159 ὅπερ
2768 5085 2858 5143 οὖν
2875 5091 2968 5143 καὶ
2986 5090 3077 5143 ἐπὶ
3091 5091 3189 5160 τῆς
3205 5091 3460 5157 γυναικὸς
3478 5090 3609 5143 ταύ-

2055 5196 2153 5248 της
2169 5179 2402 5245 ἐγένετο.
2437 5175 2603 5243 Ὁμοῦ
2619 5176 2726 5245 γὰρ
2743 5173 3057 5242 ἐφθέγξατο,
3077 5176 3166 5227 καὶ
3187 5175 3319 5244 πρὸς
3333 5175 3422 5226 τὸν
3445 5175 3608 5244 οὐρα-

2056 5262 2143 5313 νὸν
2171 5259 2470 5330 ἀνέδραμεν
2509 5260 2542 5326 ή
2571 5257 2721 5327 εὐχὴ,
2773 5258 2865 5310 καὶ
2901 5257 3112 5327 καρπὸν
3145 5258 3370 5324 ἤνεγκεν
3401 5254 3610 5324 ὦριμον

2057 5346 2216 5415 αὑτῇ,
2239 5343 2330 5396 τὸν
2353 5344 2508 5410 ἀγιον
2536 5341 2807 5412 Σαμουὴλ.
2829 5341 2918 5410 Μὴ
2946 5341 3009 5410 δὴ
3034 5340 3418 5409 δυσχεράνητε,
3436 5342 3485 5392 εὶ
3508 5339 3609 5409 τῆς

2057 5429 2224 5498 αὐτῆς
2257 5426 2564 5487 ὑποθέσεως
2603 5423 2882 5494 ἀρχόμεθα
2927 5423 3106 5476 πάλιν.
3139 5423 3212 5474 Οὑ
3251 5421 3359 5493 γὰρ
3385 5421 3453 5475 τά
3473 5423 3608 5477 αὑτά

2120 5596 2148 5633 δ
2189 5598 2306 5657 Reg.
2333 5596 2419 5643 οὑκ
2437 5597 2677 5657 ἀρήσεται.

2119 5661 2141 5690 ο
2166 5659 2287 5719 Reg.
2312 5659 2554 5714 κηδευτην.
