4094 6256
487 311 592 369 655

486 430 612 502 ἐροῦ
621 430 878 502 μεν,ιάλλ’
902 431 1064 502 ἕτερά
1085 447 1204 484 τινα
1232 432 1325 485 νέα
1351 432 1444 483 καὶ
1475 431 1780 501 πρόσφατα.
1808 431 1920 483 Kal
1941 429 2049 502 γὰρ

488 518 581 569 ἐπὶ
609 519 706 586 τῆς
731 517 992 588 αἰσθητῆς
1012 513 1289 584 τραπέζης
1311 515 1368 581 ἐξ
1389 516 1504 579 ἐνὸς
1532 515 1664 584 ὕψου
1689 515 1858 568 πολλά
1889 516 1952 570 ἄν
1970 532 2054 578 τις

490 600 760 671 ἐδέσματα
805 599 1250 653 κατασκευάσειε.
1299 599 1410 652 Kal
1455 599 1582 660 τοὺς
1627 599 1951 668 χρυσοχόους
1996 597 2054 650 δὲ

489 683 704 752 ὁρῶμεν
733 681 840 735 ἀπὸ
884 683 1012 752 μιᾶς
1044 681 1221 751 μάζης
1259 680 1484 750 χρυσίου
1514 681 1608 734 καὶ
1657 680 1806 752 [722]
1841 679 2050 748 ψέλλια,

490 767 585 817 καὶ
616 765 986 837 περιδέρῤαια,
1016 765 1110 817 καὶ
1134 764 1296 834 ἕτερα
1321 763 1489 816 πολλὰ
1520 763 1807 826 ποιοῦντας
1832 763 2050 834 χρυσία.

490 850 552 900 Εἰ
584 849 689 917 γὰρ
717 848 812 900 καὶ
842 848 1118 918 μονοειδὴς
1143 849 1175 917 ἡ
1203 847 1325 916 ὕλη,
1360 847 1496 902 ἀλλὰ
1521 847 1761 900 ποικίλον
1797 849 1830 916 ή
1865 845 2050 916 τέχνη,

489 933 579 985 καὶ
602 932 660 984 οὐ
681 933 1088 1001 στενοχωρεῖται
1116 930 1192 1000 τῷ
1221 931 1535 1001 μονοτρόπῳ
1565 931 1664 999 τῆς
1690 931 2054 998 ὑποκειμένης

487 1015 674 1077 οὐσίας
706 1016 1027 1085 εὐπόριστος
1057 1009 1192 1067 οῦσα
1231 1015 1322 1065 καὶ
1357 1013 1757 1084 πολυμήχανος.
1798 1015 1861 1066 Ei
1893 1013 1949 1065 δὲ
1985 1012 2055 1065 τὰ

488 1099 720 1152 ἐνταῦθα
748 1097 994 1164 τοιαῦτα,
1021 1098 1200 1168 πολλῷ
1227 1097 1424 1168 μᾶλλον
1445 1100 1477 1168 ἡ
1503 1098 1594 1150 τοῦ
1619 1097 1757 1150 Πνεύ
1767 1115 1935 1168 ματος
1957 1097 2055 1166 χά-

491 1203 592 1254 ρις.
637 1186 758 1236 Ὅτι
787 1184 894 1254 γὰρ
922 1183 1143 1252 ποικίλη
1173 1181 1375 1250 ταύτης
1400 1184 1432 1252 ἡ
1467 1183 1736 1252 τράπεζα,
1766 1183 1862 1236 καὶ
1892 1181 2054 1234 πολύυ

486 1288 707 1340 τροπος,
739 1269 831 1322 καὶ
858 1268 1159 1338 πολυειδὴς,
1179 1269 1406 1320 ἄκουσον
1423 1268 1514 1319 τοῦ
1549 1268 1762 1320 Παύλου
1785 1268 2051 1336 λέγοντος·

487 1346 562 1422 τῼ
593 1353 710 1421 μὲν
736 1351 832 1404 διὰ
856 1351 960 1405 τοῦ
985 1353 1330 1419 ΙΙνεύματος
1347 1349 1571 1403 δίδοται
1600 1353 1781 1420 λόγος
1813 1351 2052 1418 σοφίας,

488 1435 654 1502 ἄλλῳ
679 1434 747 1487 δὲ
768 1439 950 1503 λόγος
978 1434 1274 1501 γνώσεως,
1306 1434 1484 1500 ἑτέρῳ
1512 1434 1580 1486 δὲ
1619 1435 1844 1499 πίστις,
1889 1433 2057 1497 ἄλλῳ

489 1519 557 1571 δὲ
578 1521 916 1588 χαρίσματα
940 1519 1218 1586 ἰαμάτων,
1240 1517 1614 1586 ἀντιλήψεις,
1643 1515 2052 1585 κυϐερνήσεις,

490 1601 632 1670 γένη
659 1600 975 1670 γλωσσῶν.
1009 1601 1197 1654 Ταῦτα
1220 1601 1288 1654 δὲ
1313 1599 1509 1654 πάντα
1523 1600 1756 1669 ἐνεργεῖ
1777 1600 1843 1653 τὸ
1865 1599 1936 1653 ἓν
1957 1599 2056 1653 καὶ

488 1684 555 1735 τὸ
602 1683 749 1737 αὐτὸ
793 1683 1064 1752 Πνεῦμα,
1113 1683 1378 1751 διαιροῦν
1427 1685 1544 1750 ὶδιᾳ
1585 1683 1818 1748 ἑκάστῳ
1863 1684 2056 1747 καθὼς

481 1767 794 1830 βούλεται.
838 1767 999 1837 Ὁρᾷς
1031 1767 1147 1830 πῶς
1187 1767 1439 1836 ποικίλη;
1484 1768 1546 1819 Ol
1587 1768 1820 1837 ποταμοὶ
1847 1766 2051 1828 πολλοὶ,

487 1849 623 1903 ἀλλὰ
681 1851 799 1920 μία,
854 1853 1036 1919 φησὶν,
1067 1853 1100 1921 ή
1144 1852 1329 1921 πηγή’
1381 1850 1613 1920 διάφορα
1659 1849 1731 1902 τά
1761 1849 2052 1919 ἐδέσματα,

486 1935 600 1988 ἀλλ’
631 1929 710 1998 είς
737 1937 764 1988 ό
811 1937 1098 2006 ἑστιάτωρ.
1142 1937 1292 1988 Ἐπεὶ
1321 1931 1416 1988 οὖν
1440 1935 1674 2006 τοσαύτη
1707 1937 1739 2004 ή
1766 1934 1860 1987 τοῦ
1889 1933 2058 1986 Πνεύ-

488 2033 658 2089 ματος
695 2019 874 2089 χάρις,
927 2019 1001 2090 μὴ
1054 2020 1449 2090 ἀποκάμωμεν.
1501 2020 1727 2090 Είδομεν
1777 2019 1834 2072 δὲ
1887 2019 2056 2087 αὐτὴν

488 2105 706 2174 στεῖραν
735 2101 919 2170 οὖσαν,
949 2104 1165 2174 εἴδομεν
1197 2105 1370 2175 αὐτὴν
1403 2105 1615 2175 μητέρα
1637 2103 1953 2173 γενομένην,
1980 2102 2058 2153 εί-

485 2185 647 2256 δομεν
681 2186 1044 2258 δακρύουσαν,
1090 2187 1300 2257 εἴδομεν
1354 2186 1680 2257 χαίρουσαψ
1726 2183 2058 2254 συνηλγήσα-

489 2287 585 2340 μεν
611 2271 752 2334 τότε,
791 2271 1146 2341 συνησθῶμεν
1186 2273 1446 2342 σήμερον.
1488 2269 1644 2322 Οὖτω
1677 2269 1818 2322 καὶὸ
1848 2268 2058 2330 Παῦλος

485 2351 759 2416 ἐκέλευσε,
812 2355 1052 2421 Χαίρειν
1087 2354 1238 2423 μετὰ
1285 2355 1634 2422 χαιρόντων,
1681 2353 1779 2405 καὶ
1825 2353 2058 2405 κλαίειν

481 2437 629 2504 μετὰ
649 2439 1000 2491 κλαιόντων,
1029 2437 1200 2489 Τοῦτο
1223 2437 1278 2489 δὲ
1303 2437 1404 2489 οὐκ
1434 2438 1526 2489 ἐπὶ
1551 2436 1658 2488 τῶν
1680 2436 2060 2506 συνακμασάν-

485 2536 593 2571 των
618 2522 749 2590 ήμῖν
777 2518 1079 2589 ἀνθρώπων
1111 2521 1294 2588 μόνον,
1334 2519 1469 2572 ἀλλὰ
1495 2519 1588 2571 καὶ
1613 2519 1706 2570 ἐπὶ
1749 2519 1858 2570 τῶν
1892 2518 2058 2572 πάλαι

485 2602 867 2672 γεγενημένων
893 2604 1064 2655 ποιεῖν
1087 2604 1214 2672 χρή.
1252 2603 1360 2655 Kal
1387 2604 1458 2672 μή
1487 2619 1574 2671 μοι
1592 2601 1795 2668 λεγέτω
1811 2619 1894 2665 τις
1913 2617 1926 2631 ο
1951 2601 2057 2655 Nal

485 2686 539 2737 τί
575 2703 663 2756 μοι
697 2686 884 2756 κέρδος
917 2686 1026 2738 ἀπὸ
1054 2689 1151 2757 τῆς
1178 2687 1376 2754 Ἀννης
1405 2685 1577 2746 ἔσται,
1609 2685 1828 2738 καὶτῶν
1858 2683 2058 2755 ταύτης

486 2768 868 2839 διηγημάτωνς
899 2769 972 2820 Αἰ
996 2786 1056 2820 τε
1092 2769 1202 2837 γὰρ
1239 2771 1450 2838 στεῖραι
1483 2767 1804 2837 δυνήσονται
1845 2767 2054 2837 μαθεῖν,

488 2851 606 2914 πῶς
634 2851 699 2904 ἂν
729 2852 968 2920 γένοιντο
1013 2852 1280 2923 μητέρες’
1313 2853 1407 2905 καὶ
1448 2853 1505 2903 αἱ
1544 2851 1780 2921 μητέρες
1819 2850 2054 2904 εἴσονται

488 2939 672 3002 πάλιν,
703 2943 852 3002 ποῖος
870 2939 1254 3010 παιδοτροφίας
1277 2940 1497 3010 ἄριστος
1518 2939 1583 2992 ἂν
1602 2938 1811 3007 γένοιτο
1832 2938 2051 3008 τρόπος.

487 3027 562 3079 Οὐ
592 3029 846 3094 γυναῖκες
877 3027 934 3079 δὲ
962 3027 1142 3096 μόνον,
1176 3026 1312 3079 ἀλλά
1344 3026 1438 3078 καὶ
1475 3024 1666 3096 ἄνδρες
1696 3027 1926 3095 μέγιστα
1947 3025 2055 3078 ἀπὸ

489 3112 587 3180 τῆς
617 3111 854 3179 ἱστορίας
871 3109 1072 3180 ταύτης
1088 3109 1492 3179 καρπώσονται,
1516 3108 1892 3173 παιδευθέντες
1919 3109 2054 3180 ήμέ-

489 3212 599 3264 ρως
626 3194 763 3266 πρὸς
793 3193 891 3256 τὰς
913 3193 1092 3245 αὐτῶν
1119 3193 1420 3246 διακεῖσθαι
1449 3195 1736 3260 γυναῖκας,
1757 3192 1858 3246 κᾶν
1893 3194 2056 3246 άπαι-

485 3279 603 3331 δίαν
644 3277 860 3341 νοσῶσι,
908 3277 1159 3346 καθάπερ
1196 3279 1224 3329 ὁ
1281 3274 1510 3328 Ἐλκανά
1547 3275 1685 3346 πρὸς
1712 3275 1810 3345 τὴν
1857 3277 2056 3329 Ἀνναν

486 3363 735 3415 διέκειτο.
767 3362 840 3414 Οὐ
871 3361 1028 3412 τοῦτο
1055 3360 1111 3411 δὲ
1149 3361 1328 3430 μόνον,
1357 3358 1494 3412 ἀλλά
1530 3359 1623 3411 καὶ
1653 3359 1838 3428 ἕτερον
1862 3359 2054 3412 τούτου

491 3447 676 3517 μεῖζον
699 3463 758 3497 κε
767 3443 1039 3514 ρδανοῦσι,
1063 3443 1324 3514 μαθόντες
1353 3444 1434 3496 ὄτι
1458 3443 1537 3495 δεῖ
1549 3445 1674 3506 τοὺς
1689 3447 1864 3512 γονεῖς
1882 3446 2057 3498 ἄπαν-

487 3546 586 3592 τας
614 3529 692 3596 τῷ
720 3528 837 3598 Θεῷ
864 3528 933 3580 τά
962 3526 1219 3596 τεχθέντα
1245 3525 1466 3596 τρέφειν
1493 3526 1700 3579 παιδία.
1735 3527 1824 3598 Μὴ
1848 3527 2051 3591 τοίνυν,

487 3611 676 3680 ἐπειδὴ
721 3612 975 3681 χρήματα
1021 3610 1113 3662 καὶ
1139 3609 1400 3680 ἀργύριον
1427 3611 1525 3662 οὐκ
1568 3609 1684 3663 ἐστι
1732 3610 1916 3664 λαϐεῖν
1947 3611 2056 3664 ἀπὸ

487 3694 580 3749 τοῦ
623 3694 977 3765 διηγήματος,
1029 3694 1284 3763 ἀνόνητον
1317 3693 1448 3763 ἡμῖν
1477 3689 1616 3746 εἶναι
1655 3693 1756 3764 τὴν
1795 3694 2058 3764 ἀκρόασιν

488 3779 814 3850 νομίζωμεν,
850 3776 985 3830 ἀλλά
1012 3777 1078 3830 δι’
1118 3777 1251 3830 αὐτὸ
1303 3778 1401 3848 μὲν
1433 3773 1526 3830 οῦν
1563 3777 1723 3831 τοῦτο
1762 3778 2056 3850 κερδαλέαν

488 3865 581 3917 καὶ
605 3862 900 3934 ώτέλιμον,
929 3861 1115 3932 ἐπειδὴ
1137 3862 1198 3915 οὐ
1229 3860 1450 3932 χρυσίον
1483 3862 1578 3916 καὶ
1611 3861 1898 3935 ἀργύριον,
1931 3863 2047 3917 ἀλλ’

486 3947 514 3999 ὃ
541 3945 718 4017 πολλῷ
753 3947 938 4017 μεῖζον
973 3947 1179 4000 τούτων
1237 3947 1374 4009 ἐστὶ,
1413 3945 1592 4017 ψυχῆς
1623 3945 1928 4012 εὐλάϐειαν,
1963 3948 2058 4001 καὶ

483 4031 612 4093 τοὺς
640 4030 698 4084 ἐν
721 4033 832 4092 τοῖς
855 4031 1101 4102 οὐρανοῖς
1135 4031 1266 4100 ἡμῖν
1303 4029 1539 4082 δείκνυσι
1581 4028 1885 4100 θησαυροὺς
1911 4073 1926 4094 ,
1963 4033 2058 4083 καὶ

485 4111 726 4166 διδάσκει
757 4114 873 4176 πῶς
905 4113 1120 4166 ἅπαντα
1151 4111 1581 4182 διακρουσόμεθα
1611 4112 1872 4166 κίνδυνον.
1910 4111 2057 4184 Χρή-

489 4211 635 4266 ματα
656 4196 754 4265 μὲν
773 4196 883 4266 γὰρ
907 4197 1207 4266 παρασχεῖν
1233 4195 1326 4247 καὶ
1343 4193 1646 4265 ἀνθρώποις
1681 4195 1861 4265 ῥᾴδιον
1878 4210 1890 4224 ⁸
1914 4195 2058 4263 διορ-

488 4279 658 4331 θῶσαι
705 4279 760 4331 δέ
801 4279 980 4348 φύσιν,
1029 4279 1121 4332 καὶ
1151 4279 1389 4348 ἀθυμίαν
1426 4277 1583 4330 λῦσαι
1631 4278 1908 4348 τοιαύτην,
1961 4280 2057 4333 καὶ

486 4361 679 4432 ὀδύνην
723 4363 930 4415 ἀνελεῖν
956 4401 972 4424 ,
1012 4363 1105 4414 καὶ
1152 4360 1326 4430 ψυχὴν
1358 4360 1658 4431 ἀναστῆσαι
1696 4361 2055 4415 καταπίπτειν

490 4445 804 4516 μέλλουσαν,
829 4443 1099 4516 ἀνθρώπῳ
1132 4445 1228 4514 μὲν
1258 4456 1284 4484 ⁸
1324 4445 1518 4508 οὐδενὶ,
1541 4445 1619 4516 τῷ
1639 4445 1695 4498 δὲ
1725 4446 1825 4517 τῆς
1843 4446 2056 4516 φύσεως

483 4531 726 4602 Δεσπότῃ
763 4530 908 4600 μόνῳ
936 4529 1177 4586 δυνατόν.
1214 4529 1285 4580 Σὺ
1324 4529 1401 4594 δὲ,
1437 4531 1485 4581 εί
1533 4530 1632 4600 μὲν
1663 4532 1876 4602 νόσημα
1906 4531 2057 4584 ἀνία-

483 4635 575 4671 τον
603 4616 821 4686 ἔχουσα,
853 4616 945 4668 καὶ
972 4615 1068 4685 τήν
1099 4613 1251 4667 πόλιν
1291 4613 1650 4684 περιελθοῦσα
1684 4616 1933 4682 ἅπασαν,
1962 4620 2055 4671 καὶ

485 4701 742 4771 χρήματα
767 4699 1144 4768 δαπανήσασα,
1195 4698 1288 4750 καὶ
1340 4699 1542 4768 ἰατροῖς
1569 4698 1886 4769 χρησαμένη
1923 4699 2054 4752 πολ-

484 4785 616 4846 λοῖς,
657 4782 751 4835 καὶ
793 4780 1059 4852 μηδεμίαν
1110 4781 1343 4852 εὑροῦσα
1385 4781 1755 4852 παραμυθίαν,
1807 4781 2056 4852 ἐνέτυχες

483 4869 700 4940 γυναικὶ
727 4869 786 4920 τὸ
808 4868 940 4922 αὐτὸ
962 4867 1206 4942 παθούσῃ
1234 4867 1405 4932 πάθος
1428 4869 1521 4922 καὶ
1539 4869 1934 4940 ἀπαλλαγείσῃ,
1956 4872 2056 4923 οὐκ

484 4954 552 5007 ἂν
585 4952 826 5021 ἀπέστης
855 4951 1189 5013 ἱκετεύουσα,
1218 4951 1632 5023 παρακαλοῦσα,
1651 4951 1898 5023 δεομένη,
1916 4951 2055 5006 ὥστε

484 5040 668 5091 πεῖσαι
696 5036 786 5088 τὸν
812 5035 1195 5101 ἀπαλλάξαντα
1215 5036 1384 5100 δεῖξαι
1405 5054 1419 5067 ο
1447 5037 1564 5089 νυνὶ
1587 5037 1642 5090 δὲ
1661 5037 1842 5109 όρῶσα
1857 5038 2055 5092 Ἀνναν

484 5119 729 5176 ἑστῶσαν
761 5119 820 5172 ἐν
856 5118 935 5188 τῷ
960 5120 1130 5189 μέσῳ,
1159 5119 1251 5173 καὶ
1277 5119 1339 5171 τὸ
1367 5120 1538 5182 πάθος
1560 5120 1729 5188 αὐτῆς
1757 5119 2056 5190 ἐξηγουμέο

483 5223 602 5277 νην,
633 5205 726 5257 καὶ
748 5202 810 5256 τὸ
838 5203 1127 5273 φάρμακον
1154 5203 1435 5270 λέγουσαν,
1467 5205 1559 5258 καὶ
1585 5205 1677 5256 τὸν
1701 5204 1881 5274 ἰατρὸν
1901 5201 2051 5275 [725]

485 5288 831 5342 δεικνύουσαν
849 5285 1015 5357 χωρὶς
1039 5286 1335 5357 ἱκετηρίας,
1355 5288 1521 5358 χωρὶς
1554 5287 1972 5358 παρακλήσεως,
1993 5287 2054 5338 οὐ

487 5371 824 5444 προσελεύσῃ
849 5371 944 5426 καὶ
968 5369 1113 5442 λήψῃ
1131 5369 1193 5422 τὸ
1217 5369 1527 5440 φάρμακον,
1565 5371 1685 5424 οὐδὲ
1721 5369 1930 5442 ἀκούσῃ
1960 5369 2056 5441 τῆς

488 5455 727 5529 ἱστορίας
759 5455 876 5526 μετ’
915 5453 1198 5526 ἀκριϐείας
1238 5454 1488 5525 ἀπάσης;
1521 5453 1626 5508 Kal
1669 5455 1811 5519 τίνος
1853 5455 2056 5526 δυνήσῃ

485 5542 616 5596 ποτὲ
652 5543 929 5612 ἐπιτυχεῖν
951 5539 1190 5610 ἀγαθοῦ;
1223 5539 1363 5593 Ἀλλ’
1392 5540 1566 5611 ἕτεροι
1590 5540 1688 5611 μὲν
1719 5541 1810 5593 καὶ
1845 5539 2053 5609 πελάγη

547 5768 573 5796 ⁸
597 5764 732 5817 Colb.
757 5779 883 5816 unus
903 5773 955 5817 et
979 5765 1103 5829 Reg.
1123 5766 1378 5828 ἀνθρώπων
1399 5765 1498 5826 μέν.

1191 313 1248 369 S.
1287 312 1571 368 JOANNIS
1602 309 2090 369 CIIRYSOSTOMI
2131 311 2451 373 ARCHIEP.
2492 317 3039 376 CONSTANTINOP.

3619 312 3726 374 εει

2157 434 2401 492 διέϐαλον
2435 439 2464 479 δ
2501 440 2686 510 μακρά
2712 439 2990 505 πολλάκις,
3047 437 3141 493 καὶ
3193 437 3392 511 πολλὴν
3419 439 3728 510 ἀποδημίαν

2155 529 2482 592 ἐστείλαντο,
2502 533 2593 586 καὶ
2609 535 2868 604 χρήματα
2887 533 3124 604 ὲδαπάνη
3135 550 3255 596 σαν,
3299 534 3393 587 καὶ
3427 533 3588 585 πόνον
3620 537 3726 586 ὑπο

2155 619 2394 689 έμειναν,
2415 622 2498 674 ἵνα
2529 623 2621 674 τὸν
2649 623 2741 676 ἐπὶ
2765 627 2864 693 τῆς
2895 623 3176 693 ἀλλοτρίας
3208 623 3512 694 μηνυθέντα
3545 624 3728 694 largi”

2157 712 2329 776 ῖδωσι,
2366 713 2460 766 καὶ
2490 714 2665 767 ταῦτα
2688 714 2748 766 οὐ
2792 713 2995 785 σφόδρα
3030 713 3377 783 θαρροῦντες,
3405 715 3487 767 ὅτι
3509 716 3730 778 πάντως

2157 802 2627 873 ἀπαλλαγήσονται
2649 802 2739 856 τοῦ
2764 807 3067 874 νοσήματος
3091 822 3104 835 ·
3159 805 3220 856 σὺ
3251 805 3325 868 δὲ,
3359 799 3403 857 ὦ
3433 805 3628 872 γύναι,
3665 806 3728 858 οὐ

2156 889 2462 944 διαπόντιον
2483 893 2788 964 ἀποδημίαν
2819 893 3130 946 στέλλεσθαι
3173 892 3460 962 μέλλουσα,
3488 894 3609 946 οὐδέ
3648 897 3732 958 είς

2155 983 2254 1053 τὴν
2278 984 2570 1055 ὑπερορίαν
2595 985 3014 1054 μετοικίζεσθαι,
3031 983 3150 1037 οὐδὲ
3172 983 3331 1037 πόνον
3345 984 3466 1037 τινά
3489 985 3733 1037 τοιοῦτον

2157 1078 2472 1148 ὑπομένειν·
2509 1077 2601 1130 καὶ
2631 1077 2684 1131 τί
2734 1077 2875 1146 λέγω
2905 1078 3006 1147 τὴν
3035 1077 3363 1148 ὐπερορίανς
3414 1077 3532 1130 οὐδέ
3564 1077 3735 1131 αὐτὸν

2160 1169 2256 1242 μὲν
2271 1166 2362 1222 οῦν
2377 1170 2468 1223 τὸν
2483 1171 2634 1223 οὐδὸν
2651 1171 3061 1242 ἀναγκαζομένη
3077 1173 3176 1234 τῆς
3194 1173 3370 1234 οἰκίας
3401 1171 3732 1242 ὑπερϐῆναι,

2155 1259 2292 1312 ἀλλά
2311 1260 2404 1313 καὶ
2427 1263 2483 1314 ἐν
2514 1259 2662 1330 αὐτῷ
2689 1261 2957 1331 δυναμένη
2989 1259 3066 1330 τῷ
3096 1260 3321 1330 θάλαμῳ
3371 1261 3734 1329 συγγενέσθαι

2155 1352 2234 1421 τῷ
2271 1351 2459 1422 ίατρῴ,
2483 1353 2576 1404 καὶ
2602 1352 2768 1422 χωρὶς
2798 1352 3015 1421 μεσίτου
3044 1350 3187 1414 τινὸς
3209 1351 3356 1420 αὐτῷ
3381 1351 3733 1422 διαλεχθῆναι

2159 1439 2287 1508 περὶ
2315 1439 2530 1494 πάντων
2551 1434 2624 1493 ὧν
2645 1440 2710 1492 ἂν
2727 1439 2918 1512 ἐθέλῃς
2943 1440 3109 1508 (Θεὸς
3126 1440 3254 1510 γάρ,
3279 1441 3461 1510 φησὶν,
3486 1439 3735 1510 ἐγγίζων

2155 1527 2268 1597 ἐγώ
2293 1530 2439 1596 ειμι,
2487 1527 2584 1580 καὶ
2613 1529 2684 1581 οὐ
2732 1528 2875 1593 Θεὸς
2922 1528 3284 1599 πόρρωθεν),
3330 1527 3600 1598 ἀναϐάλλῃ
3634 1529 3733 1581 καὶ

2156 1622 2368 1686 όκνεῖς;
2405 1621 2514 1674 Kal
2549 1620 2707 1673 ποίαν
2735 1620 2876 1684 ἕξεις
2901 1621 3230 1689 ἀπολογίαν;
3274 1621 3419 1684 τίνος
3443 1620 3728 1694 ἀπολαύσῃ

2159 1709 2507 1780 συγγνώμης,
2539 1710 2663 1763 ὅταν
2689 1710 2781 1762 καὶ
2809 1708 3029 1762 εὔκολον
3050 1709 3145 1762 καὶ
3171 1709 3504 1779 πανταχόθεν
3535 1710 3729 1781 ῥᾳδίαν

2157 1797 2264 1850 τῶν
2291 1799 2653 1868 ἐπικειμένων
2681 1799 2866 1852 κακῶν
2893 1798 3213 1870 ἀπαλλαγὴν
3233 1800 3413 1870 εὐρεῖν
3433 1800 3724 1871 δυναμένη,

2160 1885 2426 1957 ρᾳθυμῇς,
2450 1887 2542 1939 καὶ
2569 1885 2668 1956 τὴν
2696 1887 2896 1956 σαυτῆς
2918 1887 3190 1957 σωτηρίαν
3213 1886 3503 1958 προδιδῷς;
3532 1889 3606 1940 Οὐ
3618 1887 3728 1959 γὰρ

2157 1978 2221 2048 δὴ
2257 1978 2415 2047 μόνον
2456 1978 2739 2046 στείρωσιν
2769 1980 2798 2030 ὁ
2841 1978 3022 2048 ἰατρὸς
3063 1971 3216 2041 οὗτος
3239 2020 3254 2043 ,
3309 1978 3445 2032 ἀλλά
3498 1979 3592 2034 καὶ
3619 1983 3730 2034 πᾶν

2157 2065 2334 2118 ὁτιοῦν
2365 2066 2575 2135 νόσημα
2619 2065 2714 2118 καὶ
2750 2065 2928 2135 ψυχῆς
2967 2067 3060 2118 καὶ
3100 2064 3349 2136 σώματος
3391 2065 3728 2140 θεραπεῦσαι

2157 2154 2394 2217 δύναται,
2429 2155 2658 2225 θελήσας
2684 2155 2861 2225 μόνον.
2896 2157 3005 2209 Kal
3029 2157 3091 2208 οὐ
3119 2155 3277 2209 τοῦτο
3309 2157 3468 2227 μόνον
3506 2159 3623 2211 ἐστὶ
3665 2159 3730 2212 τὺ

2160 2242 2491 2311 θαυμαστὸν,
2515 2244 2596 2295 ὃτι
2621 2243 2790 2312 χωρίς
2819 2243 3004 2303 πόνου,
3033 2244 3126 2296 καὶ
3161 2245 3487 2315 ἀποδημίας,
3519 2247 3614 2299 καὶ
3635 2246 3729 2300 δα-

2158 2330 2354 2400 πάνης,
2384 2331 2478 2383 καὶ
2497 2331 2750 2401 μεσιτῶν.
2778 2330 2890 2383 ἀλλ’
2915 2333 2996 2384 ὃτι
3026 2333 3118 2384 καὶ
3140 2333 3307 2404 χωρὶς
3327 2334 3617 2403 ἀλγηδόνος
3633 2336 3731 2407 τὴν

2161 2422 2403 2492 ἰατρείαν
2433 2425 2683 2477 ποιεῖται.
2721 2423 2796 2476 υύ
2825 2424 2932 2494 γὰρ
2965 2424 3167 2494 σιδήρῳ
3210 2426 3304 2478 καὶ
3339 2427 3472 2492 πυρὶ
3501 2429 3633 2499 πρὸς
3669 2429 3731 2482 τὸ

2157 2509 2326 2573 πάθος
2355 2511 2587 2572 ἵσταται,
2619 2509 2867 2582 καθάπερ
2883 2513 2932 2563 οί
2961 2511 3068 2564 τῶν
3103 2512 3299 2582 ἰατρῶν
3331 2515 3517 2578 παῖδες
3548 2518 3733 2570 ποιοῦ-

2161 2617 2272 2654 σιν”
2305 2601 2417 2653 ἀλλ’
2446 2603 2606 2670 ἀρκεῖ
2629 2599 2817 2654 νεῦσαι
2842 2601 3022 2670 μόνον,
3059 2601 3153 2654 καὶ
3191 2603 3338 2655 πᾶσα
3363 2603 3461 2673 μὲν
3490 2604 3726 2675 ἀθυμία,

2157 2693 2305 2744 πᾶσα
2337 2691 2393 2744 δὲ
2427 2691 2605 2762 ὀδύνη,
2637 2691 2732 2746 καὶ
2767 2692 2938 2756 πάθος
2973 2691 3116 2746 ἆπαν
3150 2693 3467 2764 δραπετεύει
3498 2697 3591 2750 καὶ
3619 2714 3728 2766 φυ-

2156 2783 2461 2853 γαδεύεται.

2229 2896 2292 2966 β’.
2322 2897 2413 2966 Μὴ
2437 2896 2616 2951 τοίνυν
2645 2895 2961 2969 ἀμελῶμεν,
2989 2898 3121 2969 μηδὲ
3145 2896 3586 2968 ἀναϐαλλώμεθα,
3613 2898 3723 2952 κᾶν

2157 2989 2386 3059 πένητες
2417 2982 2568 3059 ὦμεν
2591 2989 2684 3042 καὶ
2717 2991 2796 3052 είς
2841 2989 3076 3059 ἐσχάτην
3119 2990 3606 3054 καταπεπτωκότες
3637 2989 3729 3042 ἓν·

2155 3081 2322 3135 δειαν.
2357 3081 2491 3134 Οὐδὲ
2515 3081 2622 3152 γὰρ
2645 3082 2749 3153 χρή
2758 3081 2904 3153 ματὰ
2928 3083 3044 3134 ἐστι
3065 3081 3410 3147 καταϐαλεῖν,
3433 3084 3520 3136 ἴνα
3541 3083 3730 3136 πενίαν

2158 3174 2607 3246 προϐαλλώμεθα.
2662 3175 2738 3229 Οὐ
2791 3175 2898 3246 γάρ
2939 3175 3202 3246 ἀργύριον
3257 3171 3411 3239 οὗτος
3468 3178 3498 3228 ό
3549 3177 3731 3245 ἰατρὸς

2157 3272 2378 3324 ἀπαιτεῖ
2421 3271 2514 3324 τὸν
2564 3270 2789 3342 μισθὸν,
2841 3269 2978 3324 ἀλλά
3005 3269 3242 3340 δάκρυα,
3286 3270 3383 3323 καὶ
3415 3269 3602 3340 εὐχάς,
3636 3270 3734 3323 καὶ

2157 3363 2358 3419 πίστιν.
2420 3363 2540 3416 Κᾶν
2588 3362 2759 3416 ταῦτα
2793 3361 2931 3433 ἔχων
2965 3363 3102 3436 πρὸς
3149 3363 3310 3417 αὐτὸν
3357 3362 3550 3434 ἔλθῃς,
3584 3362 3734 3434 λήψῃ

2157 3455 2394 3519 πάντως,
2427 3457 2562 3526 ὅπερ
2610 3455 2676 3509 ἀν
2706 3457 2954 3527 αἰτήσῃς,
3002 3457 3095 3510 καὶ
3128 3456 3404 3528 ἀπελεύσῃ
3434 3456 3571 3526 μετά
3604 3455 3734 3509 πολ-

2158 3547 2256 3615 λῆς
2289 3549 2386 3617 τῆς
2414 3547 2770 3618 εὐφροσύνης.
2801 3549 2910 3600 Kal
2933 3547 3090 3601 τοῦτο
3126 3549 3225 3619 μὲν
3260 3548 3586 3618 πολλαχόθεν
3643 3547 3733 3612 ἐξ·

2157 3657 2274 3692 εστι
2303 3639 2515 3711 μαθεῖν,
2533 3641 2630 3711 οὐχ
2652 3642 2852 3712 ἥκιστα
2867 3642 2923 3694 δὲ
2945 3641 3039 3695 καὶ
3063 3640 3172 3694 ἀπὸ
3199 3639 3300 3710 τῆς
3324 3641 3580 3708 γυναικὸς
3601 3640 3734 3693 ταύ-

2156 3749 2286 3805 της’
2329 3733 2388 3787 οὐ
2428 3733 2536 3803 γάρ
2568 3734 2790 3804 χρυσίον
2838 3733 2934 3787 καὶ
2990 3733 3253 3805 ἀργύριον
3311 3733 3728 3798 καταϐαλοῦσα,

2156 3827 2270 3881 ἀλλ’
2300 3826 2464 3899 εὐχὴν
2491 3826 2586 3879 καὶ
2639 3826 2822 3880 πίστιν
2862 3825 2959 3880 καὶ
3001 3825 3230 3897 δάκρυα,
3262 3827 3398 3899 ὅπερ
3431 3827 3598 3899 ⁴ᾔτησε
3636 3827 3733 3880 λα-

2157 3914 2348 3978 ϐοῦσα,
2376 3915 2548 3979 οὕτως
2576 3915 2805 3986 ἀπῆλθε.
2836 3914 2928 3985 Μὴ
2961 3916 3140 3969 τοίνυν
3167 3915 3477 3988 νομίζωμεν
3502 3917 3733 3989 ἀκερδὲς

2158 4009 2288 4078 ἡμῖν
2321 4002 2461 4060 εἶναι
2494 4009 2556 4060 τὸ
2583 4008 2861 4079 διήγημα⁹
2893 4007 3088 4062 Ταῦτα
3113 4009 3222 4079 γὰρ
3269 4009 3531 4079 ἐγράφη,
3574 4011 3730 4080 φησὶ,

2158 4100 2306 4168 πρὸς
2330 4101 2655 4154 νουθεσίαν
2693 4100 2881 4169 ἡμῶν,
2915 4103 3000 4166 εὶς
3027 4101 3134 4166 οὓς
3166 4101 3238 4156 τὰ
3266 4102 3410 4171 τέλη
3454 4103 3570 4157 τῶν
3597 4102 3734 4155 αιώ-

2157 4210 2278 4246 νων
2302 4192 2680 4260 κατήντησεν
2699 4209 2712 4222 ο
2745 4191 2880 4244 ἀλλὰ
2901 4193 3285 4265 προσέλθωμεν
3312 4195 3471 4266 αὐτῇ,
3508 4197 3601 4248 καὶ
3621 4194 3730 4266 μά-

2158 4282 2359 4351 θωμεν,
2393 4282 2507 4344 πῶς
2532 4281 2694 4352 ἐλύθη
2719 4282 2780 4335 τὸ
2812 4281 3043 4354 νόσημα,
3062 4284 3156 4337 καὶ
3181 4285 3232 4337 τί
3258 4287 3397 4355 μετὰ
3416 4286 3476 4338 τὸ
3503 4285 3731 4356 λυθῆναι

2157 4373 2317 4427 πάλιν
2356 4374 2602 4445 ἐποίησε,
2634 4375 2728 4428 καὶ
2769 4374 2885 4439 πῶς
2917 4377 3186 4448 ἐχρήσατο
3222 4378 3300 4448 τῷ
3332 4377 3534 4432 δοθέντι
3574 4379 3730 4454 δώρῳ

2157 4467 2308 4538 παρά
2336 4467 2427 4521 τοῦ
2456 4467 2610 4523 Θεοῦ.
2669 4469 2960 4533 Ἐκάθισε,
3003 4469 3155 4540 φησὶ,
3209 4471 3308 4524 καὶ
3329 4469 3588 4539 ἑθήλασε
3619 4472 3731 4526 τὸν

2155 4555 2457 4625 Σαμουήλ.

2228 4690 2368 4762 Ὅρα
2397 4690 2513 4754 πῶς
2563 4690 2710 4763 ἐώρα
2753 4693 2815 4744 τὸ
2846 4692 3054 4746 παιδίον
3093 4695 3266 4748 ἐκεῖνο
3304 4694 3486 4748 λοιπὸν
3513 4693 3610 4764 οὐχ
3652 4693 3727 4756 ὡς

2156 4783 2365 4836 παιδίον
2401 4785 2582 4854 μόνον,
2615 4785 2750 4838 ἀλλά
2799 4787 2888 4838 καὶ
2933 4786 3008 4848 ὡς
3043 4786 3326 4856 ἀνάθημα·
3380 4788 3472 4839 καὶ
3509 4784 3727 4839 διπλοῦν

2156 4877 2293 4947 αὐτῇ
2327 4877 2387 4929 τὸ
2416 4876 2633 4949 φίλτρον
2663 4878 2888 4945 ἐγίνετο,
2923 4879 2983 4931 τὸ
3017 4879 3114 4947 μὲν
3143 4880 3249 4932 ἀπὸ
3277 4879 3376 4948 τῆς
3407 4879 3637 4948 φύσεως,
3665 4878 3725 4930 τὸ

2155 4969 2211 5022 δὲ
2239 4971 2348 5024 ἀπὸ
2369 4969 2522 5042 [724]
2552 4970 2653 5040 τῆς
2682 4971 2921 5042 χάριτος.
2982 4971 3135 5039 Ἐμοὶ
3165 4972 3220 5024 δὲ
3249 4971 3396 5024 δοκεῖ
3437 4973 3531 5024 καὶ
3561 4970 3724 5024 αἰδεῖ-
3761 4970 3771 5025 i

2158 5063 2282 5116 σθαι
2313 5063 2373 5115 τὸ
2405 5063 2618 5116 παιδίον
2645 5064 2706 5115 τὸ
2733 5064 2930 5131 ἑαυτῆς
2949 5078 2962 5092 ⁸
2991 5063 3087 5116 καὶ
3109 5065 3348 5127 εἰκότως.
3375 5063 3438 5116 El
3467 5064 3576 5132 γὰρ
3600 5064 3724 5132 φιάο

2155 5152 2252 5216 λας
2273 5153 2366 5207 καὶ
2394 5154 2627 5224 ποτήρια
2655 5155 2833 5224 χρυσᾶ
2852 5153 3133 5223 μέλλοντάς
3151 5172 3293 5217 τινες
3321 5154 3631 5208 ἀνατιθέναι
3649 5152 3724 5223 τῷ

2155 5246 2292 5318 Θεῷ,
2327 5247 2543 5301 ἐπειδὰν
2569 5248 3076 5302 κατασκευασθέντα
3097 5247 3322 5314 λάϐωσι,
3355 5249 3450 5303 καὶ
3487 5249 3591 5318 πρὸ
3627 5247 3723 5317 τῆς

2157 5343 2365 5413 ἡμέρας
2391 5341 2699 5396 ἀποθῶνται
2742 5342 2897 5408 οίκοι,
2919 5342 3019 5412 οὐχ
3037 5342 3112 5406 ὼς
3144 5340 3298 5396 κοινά
3347 5341 3532 5396 λοιπὸν
3557 5340 3722 5413 ὁρῶσι

2159 5435 2346 5506 σκεύη,
2382 5434 2494 5487 ἀλλ’
2521 5434 2596 5498 ὼς
2623 5434 2791 5506 άναθή
2799 5451 2961 5505 ματα,
2987 5437 3080 5488 καὶ
3099 5435 3220 5488 οὐδὲ
3252 5434 3519 5505 τολμῶσιν
3540 5433 3722 5497 ἁπλῶς

2159 5529 2250 5582 καὶ
2278 5529 2398 5598 εἰκῆ
2428 5527 2630 5580 τούτων
2661 5525 2920 5597 ἅψασθαι,
2959 5525 3207 5600 καθάπερ
3245 5527 3338 5580 καὶ
3363 5525 3470 5582 τῶν
3500 5525 3718 5580 λοιπῶν·

2219 5759 2247 5800 δ
2268 5759 2350 5809 Sic
2367 5760 2646 5809 restitutum
2666 5771 2695 5808 ε
2718 5757 2886 5808 Morel.
2909 5762 2960 5808 et
2980 5757 3128 5810 Savil.
3141 5770 3156 5819 ;
3184 5755 3350 5808 Montf.
3376 5757 3605 5804 διέλαϐον.
3631 5753 3720 5804 En.
