4094 6256
357 309 457 362 6ὺῦ

369 416 614 485 produxit
644 415 1042 487 tempestivum,
1071 423 1312 469 sanctum
1339 412 1583 467 videlicet
1613 411 1934 466 Samuelem.

364 506 539 561 Nolite
564 506 720 576 igitur
744 506 968 559 moleste
998 504 1136 558 ferre
1157 545 1170 567 ,
1202 504 1245 558 si
1286 517 1470 557 rursus
1498 501 1637 555 idem
1663 516 1943 569 argumen-

366 607 476 650 tum
502 605 731 650 tractare
758 596 1055 664 incipimus.
1084 594 1265 664 Neque
1291 595 1431 648 enim
1460 591 1645 646 eadem
1681 590 1941 657 dicemus,

364 686 459 741 sed
478 700 611 739 nova
636 685 873 755 quaedam
895 699 956 739 ac
976 686 1227 740 recentia.
1254 684 1383 738 Nam
1412 685 1462 737 in
1488 683 1728 737 convivio
1748 697 1939 751 corpo-

363 777 480 839 rali,
510 792 575 830 ex
591 777 776 831 eodem
796 778 1016 832 obsonio
1039 778 1202 829 multa
1222 776 1519 829 eduliorum
1548 789 1739 843 genera
1759 784 1940 843 posset

364 870 554 937 aliquis
568 868 849 923 conﬁcere.
881 868 1015 935 Quin
1042 878 1096 922 et
1121 869 1367 921 anriﬁces
1397 866 1634 921 videmus
1660 882 1723 920 ex
1751 865 1937 920 eadem

363 960 478 1013 auri
523 974 695 1013 massa
719 969 772 1014 et
796 959 1049 1023 armillas,
1076 970 1129 1012 et
1178 968 1421 1026 torques,
1474 957 1705 1023 aliasque
1746 955 1939 1008 multas

318 1047 320 1050 ’
364 1067 450 1106 res
480 1066 667 1104 aureas
696 1050 913 1120 ﬁngere.
944 1051 1271 1119 Quamquam
1301 1049 1441 1102 enim
1472 1047 1709 1117 ejusdem
1728 1048 1938 1116 generis

364 1151 447 1197 est
472 1141 711 1205 materia,
744 1156 830 1195 ars
851 1151 1023 1195 tamen
1049 1148 1132 1193 est
1177 1138 1319 1192 varia
1341 1180 1356 1204 ,
1401 1152 1499 1192 nec
1546 1145 1844 1191 eoarctatur
1869 1137 1939 1190 si-

363 1230 659 1284 militudine
704 1230 938 1284 materia:
964 1229 1214 1298 subjectze
1233 1270 1247 1289 ,
1276 1227 1415 1297 quod
1442 1229 1552 1295 ipsa
1582 1227 1649 1281 sit
1676 1228 1887 1295 copiosa
1914 1268 1932 1295 ,

363 1321 599 1390 variique
648 1320 875 1376 artiﬁcii.
933 1320 1081 1387 Quod
1112 1321 1155 1373 si
1186 1335 1274 1375 res
1305 1321 1453 1373 istius
1478 1320 1599 1373 vitae
1642 1328 1767 1373 sunt
1795 1318 1936 1388 ejus-

362 1412 506 1466 modi
530 1455 542 1476 ,
576 1412 743 1465 multo
794 1427 918 1465 vero
946 1412 1113 1481 magis
1145 1411 1371 1479 Spiritus
1424 1415 1609 1478 gratia.
1636 1408 1768 1463 Nam
1795 1409 1933 1478 quod

360 1504 544 1573 gratiae
566 1518 747 1557 mensa
777 1505 845 1558 sit
873 1505 1011 1557 varia
1031 1545 1044 1569 ,
1077 1501 1433 1566 multiformis,
1465 1510 1519 1555 et
1546 1502 1780 1570 opipara,
1808 1500 1932 1555 audi

360 1594 583 1647 Paulum
625 1593 884 1648 dicentem
935 1611 951 1647 :
990 1592 1091 1646 Alii
1141 1592 1345 1663 quidem
1377 1607 1467 1660 per
1502 1591 1749 1661 Spiritum
1787 1592 1935 1644 datur

357 1701 522 1738 sermo
548 1686 828 1756 sapientiae,
874 1686 964 1739 alii
989 1701 1102 1738 vero
1131 1700 1299 1739 sermo
1336 1686 1597 1745 scientiw,
1638 1682 1727 1734 alii
1761 1697 1935 1734 rursus

356 1779 507 1846 ﬁdes,
530 1780 620 1833 alii
651 1795 764 1832 vero
783 1778 914 1832 dona
929 1778 1275 1841 sanationum,
1294 1775 1670 1845 subventiones,
1690 1774 1935 1843 guberna-

357 1870 540 1935 tiones,
565 1887 746 1941 genera
772 1870 1077 1939 linguarum.
1100 1867 1227 1922 Haec
1255 1876 1429 1921 autem
1456 1878 1703 1930 operatur
1734 1881 1864 1917 unus
1890 1872 1935 1917 et

352 1962 489 2016 idem
523 1961 763 2031 Spiritus,
786 1960 1009 2014 dividens
1033 1976 1268 2015 seorsum
1295 1961 1480 2027 cuique
1504 1967 1557 2009 ut
1582 1956 1684 2009 vult
1712 1956 1786 2025 (1.
1814 1955 1931 2010 Cor.

355 2054 443 2105 12.
504 2052 680 2124 8-H).
717 2051 876 2106 Vides
925 2066 1082 2120 quam
1136 2048 1281 2102 varia
1319 2047 1428 2100 sit?
1478 2046 1670 2111 Multa,
1731 2046 1930 2115 inquit,

355 2141 571 2196 flamma
593 2184 610 2210 ,
641 2142 732 2197 sed
784 2157 919 2195 unus
948 2151 1029 2195 est
1060 2140 1208 2201 fons;
1236 2138 1380 2191 varia
1420 2146 1544 2192 sunt
1587 2137 1789 2200 edulia,
1840 2139 1932 2191 sed

356 2250 497 2287 unus
526 2243 606 2287 est
631 2235 956 2286 convi‘rator.
1002 2231 1143 2301 Ergo
1164 2246 1282 2285 eum
1316 2239 1421 2284 tam
1450 2246 1635 2299 magna
1660 2273 1673 2291 ,
1725 2240 1934 2299 tamque

353 2323 634 2392 multiplex
666 2324 733 2377 sit
762 2324 986 2391 Spiritus
1005 2323 1191 2391 gratia,
1213 2337 1281 2377 ne
1297 2320 1666 2391 defatigemur.
1698 2321 1933 2374 Vidimus

352 2431 477 2470 eam
500 2416 731 2469 sterilem
751 2456 766 2480 ,
799 2414 1026 2468 vidimus
1046 2429 1159 2468 eam
1187 2413 1373 2467 factam
1412 2421 1634 2466 matrem
1670 2430 1682 2464 :
1711 2411 1932 2465 vidimus

350 2508 772 2578 lacrymantem,
809 2506 1034 2559 vidimus
1070 2505 1421 2574 gaudentem;
1456 2515 1566 2559 tum
1611 2504 1767 2557 simul
1811 2519 1931 2558 cum

350 2599 448 2653 illa
482 2598 801 2652 iudoluimus
836 2616 848 2651 :
878 2597 1033 2651 simul
1066 2612 1184 2651 cum
1215 2597 1299 2652 illa
1329 2597 1521 2667 gaudio
1560 2595 1856 2650 afﬁciamur
1880 2604 1933 2649 et

349 2691 535 2744 hodie.
566 2690 654 2746 Sic
680 2700 732 2743 et
760 2691 951 2745 Paulus
975 2690 1143 2757 jubet,
1174 2690 1404 2744 Gaudere
1440 2707 1550 2742 cum
1576 2690 1927 2759 gaudentibus,

347 2782 478 2851 ﬂere
498 2798 606 2834 cum
629 2782 859 2850 ﬂentibus
901 2781 1081 2850 (Rom.
1107 2780 1194 2836 12.
1227 2782 1338 2849 15).
1374 2780 1426 2834 Id
1460 2797 1584 2834 vero
1631 2780 1930 2835 faciendum

350 2882 439 2929 est
469 2888 570 2927 non
595 2875 767 2926 solum
805 2888 962 2940 super
990 2873 1052 2925 iis
1073 2874 1161 2941 qui
1190 2872 1466 2926 nobiscum
1492 2872 1710 2935 vivunt,
1755 2871 1847 2925 sed
1879 2879 1933 2925 et

344 2980 517 3034 super
538 2965 601 3017 iis
625 2964 711 3032 qui
733 2964 859 3015 olim
882 2964 988 3015 nati
1022 2962 1236 3016 fuerint.
1271 2964 1343 3016 Ac
1375 2978 1441 3016 ne
1468 2963 1583 3030 quis
1610 2962 1738 3015 mihi
1767 2961 1927 3025 dicat,

347 3054 483 3124 quid
510 3052 710 3106 fructus
737 3052 941 3120 capiam
966 3051 1031 3104 ab
1062 3054 1211 3105 Anna
1235 3093 1250 3115 ,
1283 3060 1332 3105 ct
1364 3052 1429 3104 ah
1448 3053 1585 3104 illius
1606 3065 1928 3117 commemo-

346 3145 598 3201 ratione?
624 3143 753 3198 Nam
779 3154 833 3197 et
874 3143 1017 3196 orbae
1056 3141 1180 3196 hinc
1222 3149 1471 3211 poterunt
1510 3141 1715 3194 discere
1741 3182 1754 3204 ,
1801 3154 1932 3208 quo-

346 3235 515 3290 modo
545 3234 743 3303 pOssint
769 3233 881 3286 ﬁeri
906 3242 1100 3286 matres
1132 3249 1144 3283 :
1170 3247 1350 3285 rursus
1375 3243 1572 3284 matres
1601 3232 1791 3294 scient,
1813 3246 1929 3299 quae

346 3330 419 3382 sit
450 3328 645 3395 optima
677 3326 810 3379 ratio
853 3325 1049 3377 liberos
1076 3323 1354 3377 educandi.
1401 3323 1509 3376 Nec
1552 3322 1761 3376 femineo
1808 3334 1927 3375 tan-

348 3430 467 3473 tum
490 3461 505 3486 ,
534 3420 625 3474 sed
654 3427 708 3473 et
736 3418 833 3471 viri
876 3419 1161 3486 plurimum
1210 3420 1277 3471 ab
1328 3416 1429 3471 hac
1466 3416 1684 3471 historia
1730 3415 1929 3469 fructus

345 3508 625 3572 auferent,
670 3510 714 3563 si
759 3508 881 3563 hinc
928 3508 1213 3563 didicerint
1282 3506 1489 3577 placido
1541 3507 1758 3575 mitique
1804 3521 1926 3574 erga

346 3615 551 3654 uxores
580 3614 700 3654 esse
720 3600 896 3653 animo
919 3639 933 3663 ,
962 3599 1167 3653 etiamsi
1195 3598 1485 3652 sterilitatis
1510 3598 1637 3651 vitio
1667 3596 1924 3661 laborent,

345 3701 413 3744 ut
439 3692 632 3745 Eleana
653 3707 775 3760 erga
808 3695 1016 3745 Annam
1046 3691 1142 3744 fuit
1167 3691 1405 3744 affectus.
1428 3690 1536 3744 Nec
1563 3704 1690 3743 vero
1713 3689 1814 3741 hoc
1841 3703 1928 3741 so-

346 3781 503 3844 lum,
532 3780 624 3834 sed
662 3790 714 3834 et
741 3780 881 3833 aliud
925 3796 991 3833 eo
1034 3780 1205 3848 majus
1230 3780 1594 3843 lucrifacient,
1634 3794 1755 3831 cum
1795 3778 1929 3831 didi-

344 3871 527 3924 cerint
551 3880 727 3939 patres
753 3885 936 3924 omnes
959 3879 1204 3943 Oportere
1231 3869 1442 3931 liberos,
1464 3868 1551 3936 qui
1577 3869 1683 3921 nati
1714 3868 1924 3932 fuerint,

342 3962 586 4016 educare
608 3961 735 4014 Deo.
758 3960 834 4014 Ne
858 3961 1012 4030 igitur
1032 3959 1279 4029 quoniam
1300 3959 1551 4029 pecunias
1579 3967 1632 4013 et
1656 3966 1929 4027 argentum

342 4053 600 4121 accipere
646 4068 707 4106 ex
766 4052 864 4105 hac
904 4051 1202 4104 narratione
1242 4066 1347 4103 non
1386 4049 1537 4113 licet,
1569 4049 1928 4104 existimemus

342 4158 657 4198 sermonem
687 4142 839 4196 nobis
869 4141 1231 4211 iufrugiferum
1271 4155 1428 4195 esse:
1461 4140 1553 4194 sed
1593 4140 1660 4194 ob
1700 4139 1925 4208 tdipsum

340 4234 675 4289 arbitremur
704 4234 969 4288 lucrosum
990 4243 1044 4288 et
1063 4235 1242 4287 utilem
1264 4274 1277 4299 ,
1310 4233 1450 4302 quod
1485 4248 1589 4287 non
1612 4248 1798 4287 aurum
1839 4249 1926 4287 ar-

340 4337 657 4397 gentumve,
690 4326 781 4382 sed
810 4325 951 4396 quod
989 4326 1051 4380 iis
1078 4326 1232 4395 longe
1256 4327 1424 4391 majus
1451 4335 1552 4389 est,
1576 4326 1735 4379 animi
1764 4326 1927 4394 pieta-

342 4430 488 4481 tem,
537 4418 882 4486 crclestesque
912 4416 1187 4471 thesauros
1232 4417 1383 4470 nobis
1431 4416 1691 4481 ostendit,
1724 4416 1921 4471 docens

343 4524 463 4580 quo
508 4518 661 4577 pacto
709 4509 1004 4577 periculum
1064 4524 1222 4562 omne
1267 4508 1611 4577 depellamus.
1660 4508 1928 4578 Siquidem

342 4598 535 4667 largiri
585 4599 865 4667 pecuniam
894 4598 1194 4651 hominibus
1222 4599 1271 4651 in
1325 4599 1542 4666 proclivi
1574 4606 1655 4652 est
1684 4616 1697 4652 :
1729 4608 1783 4652 at
1809 4614 1929 4653 cor-

343 4694 532 4761 rigere
570 4698 839 4755 naturam,
870 4703 932 4743 ac
958 4689 1116 4742 talem
1145 4703 1426 4743 maerorem
1450 4698 1704 4744 excutere
1723 4731 1739 4756 ,
1770 4690 1929 4745 talem

345 4784 521 4839 animi
544 4781 832 4836 cruciatum
861 4780 1070 4845 tollere,
1091 4780 1318 4833 animam
1340 4780 1553 4849 jamjam
1579 4781 1929 4851 collapsuram

343 4876 569 4945 erigere
589 4915 604 4939 ,
630 4873 759 4928 nulli
779 4873 991 4942 quidem
1014 4873 1285 4926 hominum
1305 4913 1319 4937 ,
1343 4872 1436 4926 sed
1469 4872 1565 4927 soli
1592 4882 1791 4927 naturae
1822 4873 1928 4927 Do-

347 4967 507 5021 mino
537 4966 589 5019 in
630 4979 787 5018 manu
812 4973 913 5019 est.
940 4963 1018 5017 Tu
1044 4976 1172 5018 vero
1200 4963 1244 5015 si
1290 4978 1408 5017 cum
1450 4964 1636 5017 morbo
1691 4964 1931 5018 'aborans

345 5055 679 5121 insanabili,
712 5069 957 5123 percursa
988 5061 1094 5107 tota
1127 5052 1337 5108 civitate
1362 5054 1614 5123 pecunias
1644 5054 1931 5124 impendis-

346 5162 471 5212 ses,
493 5146 727 5215 pluribus
746 5156 900 5200 utens
930 5143 1169 5210 medicis,
1201 5158 1300 5198 nec
1331 5143 1499 5197 ullum
1531 5143 1653 5198 mali
1683 5144 1929 5199 solatium

346 5238 651 5308 reperisses
669 5279 685 5299 ,
722 5246 905 5307 postea
934 5236 1195 5292 incideres
1231 5237 1282 5290 in
1326 5236 1602 5292 mulierem
1624 5276 1640 5300 ,
1666 5252 1783 5305 quae
1810 5252 1929 5291 cum

350 5330 555 5386 eodem
581 5330 769 5383 morbo
805 5338 1097 5393 teneretur,
1129 5328 1346 5382 liberata
1376 5328 1466 5393 sit,
1507 5342 1612 5381 non
1666 5328 1933 5383 desineres

348 5422 647 5475 obsecrare
665 5462 682 5488 ,
709 5436 912 5490 rogare,
964 5419 1231 5473 exhortari
1256 5460 1271 5485 ,
1296 5429 1351 5473 ut
1389 5434 1511 5473 eum
1540 5418 1632 5473 tibi
1659 5433 1933 5473 common-

349 5519 583 5578 straret,
610 5512 760 5581 cujus
796 5526 955 5580 opera
992 5509 1181 5565 fuisset
1226 5516 1445 5563 sanata:
1477 5524 1618 5563 nunc
1659 5523 1787 5587 vero
1813 5523 1932 5563 cum

352 5602 549 5656 videas
574 5604 776 5655 Annam
816 5605 868 5656 in
898 5601 1072 5656 medio
1100 5609 1324 5655 stantem
1350 5644 1364 5667 ,
1391 5615 1652 5669 suumque
1691 5598 1933 5654 morbum

354 5702 721 5757 euarrantem,
741 5701 791 5747 et
812 5691 1050 5763 ejusdem
1081 5690 1369 5747 remedium
1401 5699 1927 5759 commemorantem,

1628 296 1716 351 DE
1754 294 1936 350 ANNA
1976 295 2205 353 SERMG
2245 298 2330 353 ΙΙΙ.

3517 310 3625 367 654

2055 427 2119 467 ac
2145 413 2404 468 medicum
2444 424 2976 481 commonstrantem,
3030 414 3188 472 nullis
3235 418 3620 477 obsecrationi-

2046 506 2175 569 bus,
2225 505 2383 561 nullis
2446 508 2688 577 precibus
2736 508 3050 576 adductam,
3106 525 3211 565 non
3255 509 3476 567 accedes
3532 527 3623 569 ac-

2045 606 2263 665 ceptura
2307 598 2598 653 remedium
2625 640 2640 665 ,
2670 614 2766 653 nec
2811 598 2993 654 audies
3041 609 3147 655 tota
3175 616 3293 656 cum
3320 604 3616 660 attentione

2045 686 2357 741 historiam?
2403 690 2469 743 Et
2520 690 2645 759 quid
2700 708 2947 761 umquam
2996 693 3117 747 boni
3166 696 3366 762 poteris
3424 711 3617 752 conse-

2044 776 2172 844 qui?
2217 781 2287 830 At
2319 778 2405 831 alii
2449 778 2749 849 frequenter
2788 798 2972 851 magna
3020 784 3181 837 etiam
3241 786 3442 840 emensi
3494 796 3617 840 sunt

2045 868 2206 919 maria
2233 909 2246 933 ,
2279 869 2588 937 longinquas
2616 875 3065 942 peregrinationes
3096 885 3480 944 susceperunt,
3528 894 3619 945 pe-

2042 958 2226 1012 cunias
2272 959 2673 1028 impenderunt,
2724 965 2931 1019 labores
2976 968 3210 1035 perpessi
3245 977 3398 1031 sunt,
3433 978 3488 1022 ut
3514 985 3616 1023 me.

2042 1048 2216 1103 dicum
2262 1060 2737 1106 commonstratum
2770 1054 2818 1106 in
2850 1057 3126 1124 peregrina
3161 1058 3374 1127 regione
3400 1061 3615 1128 conspi-

2040 1148 2243 1203 cerent,
2273 1142 2431 1211 idque
2455 1157 2577 1196 cum
2599 1160 2702 1197 non
2732 1145 3016 1199 admodum
3041 1157 3183 1203 certa
3210 1160 3350 1204 esset
3382 1150 3574 1205 ﬁducia
3599 1194 3614 1215 ,

2041 1242 2100 1284 ut
2124 1246 2339 1300 prorsus
2365 1233 2551 1287 morbo
2587 1234 2940 1289 liberarentur
2967 1252 2981 1289 :
3014 1246 3065 1291 at
3090 1246 3165 1303 tu,
3194 1254 3225 1292 ο
3248 1241 3459 1307 mulier,
3492 1256 3614 1296 cum

2041 1336 2145 1375 non
2174 1322 2247 1375 sis
2275 1322 2465 1377 initura
2488 1324 2865 1392 profectionem
2891 1330 3290 1383 transmarinam
3319 1374 3331 1395 ,
3357 1349 3454 1387 nec
3477 1334 3614 1387 ultra

2039 1413 2221 1480 patria:
2254 1412 2385 1468 ﬁnes
2412 1414 2790 1484 demigratura,
2822 1433 2919 1470 nec
2949 1419 3181 1473 laborem
3227 1422 3455 1475 similem
3488 1439 3610 1492 per-

2038 1520 2287 1573 pessura:
2318 1518 2370 1561 et
2406 1507 2531 1577 quid
2564 1508 2703 1571 dixi,
2735 1510 2871 1563 ultra
2930 1512 3109 1578 patriae
3154 1512 3318 1565 lines?
3352 1528 3472 1566 cum
3517 1529 3613 1569 nec

2038 1596 2207 1664 ipsum
2235 1598 2423 1651 domus
2455 1599 2615 1653 limen
2644 1602 2867 1655 transire
2913 1604 3138 1672 cogaris,
3188 1604 3281 1659 sed
3307 1606 3385 1659 vel
3417 1606 3468 1659 in
3497 1607 3613 1674 ipso

2040 1686 2268 1739 thalamo
2305 1687 2475 1757 possis
2501 1691 2783 1745 convenire
2804 1691 3063 1746 medicum
3094 1734 3108 1759 ,
3149 1694 3383 1762 citraque
3405 1695 3609 1750 media-

2041 1786 2210 1831 torem
2237 1793 2355 1832 cum
2388 1779 2477 1832 illo
2526 1780 2753 1851 colloqui
2802 1782 2868 1836 de
2918 1784 3335 1855 quibuscumque
3378 1788 3611 1841 volueris

2039 1868 2198 1939 (Deus
2215 1870 2356 1923 enim
2377 1912 2391 1933 ,
2421 1871 2620 1939 inquit,
2674 1875 3085 1944 appropinquans
3122 1892 3211 1945 ego
3248 1893 3359 1929 sum
3381 1919 3395 1942 ,
3425 1888 3471 1930 et
3510 1894 3611 1931 non

2035 1958 2174 2013 Deus
2204 1960 2380 2029 procul
2427 1960 2558 2029 (Jer.
2585 1961 2674 2014 25.
2703 1962 2829 2033 25),
2881 1963 3061 2018 differs
3107 1974 3160 2018 et
3196 1966 3501 2021 cunctaris?
3544 1967 3611 2035 Et

2036 2064 2190 2117 quam
2236 2049 2483 2104 habitura
2524 2066 2583 2105 es
2615 2054 3047 2107 excusationem?
3071 2070 3227 2123 quam
3266 2058 3613 2125 consequeris

2035 2140 2273 2203 veniam,
2326 2141 2371 2193 si
2398 2156 2516 2195 cum
2562 2142 2849 2210 proclivem
2870 2153 2924 2197 et
2953 2144 3187 2213 undique
3236 2145 3441 2199 facilem
3470 2146 3609 2199 viam

2037 2232 2278 2286 invenire
2314 2233 2521 2301 possis,
2566 2250 2666 2302 qua
2696 2234 2761 2286 ah
2789 2235 3099 2303 urgentibus
3138 2235 3290 2288 malis
3332 2234 3601 2302 libereris,

2037 2337 2130 2390 per
2156 2323 2450 2376 socordiam
2490 2332 2633 2377 tuam
2666 2324 2829 2392 ipsius
2882 2326 3105 2381 salutem
3138 2325 3471 2394 prodideris?
3514 2326 3610 2381 llic

2035 2414 2175 2468 enim
2205 2416 2439 2469 medicus
2471 2432 2579 2470 non
2620 2418 2950 2472 sterilitatem
3000 2418 3195 2483 solum,
3246 2418 3337 2472 sed
3369 2427 3419 2472 ct
3451 2434 3608 2473 omne.

2034 2506 2339 2561 morborum
2386 2523 2551 2578 genus
2603 2519 2709 2562 tum
2761 2509 3164 2577 corporis,tum
3206 2509 3366 2564 animi
3417 2525 3607 2564 sanare

2033 2607 2247 2667 potest,
2282 2600 2326 2653 si
2360 2600 2485 2654 velit
2516 2609 2736 2659 tantum.
2784 2600 2965 2670 Neque
3003 2601 3053 2655 id
3083 2601 3254 2655 Solum
3299 2601 3604 2655 mirandum

2033 2698 2113 2743 est
2136 2731 2149 2753 ,
2180 2690 2320 2760 quod
2359 2690 2487 2745 citra
2514 2691 2780 2757 laborem,
2812 2692 2925 2745 sine
2974 2692 3394 2761 peregrinatione
3419 2733 3434 2757 ,
3483 2691 3601 2746 sine

2032 2782 2332 2851 impendiis,
2366 2785 2565 2853 absque
2604 2784 3043 2838 intercessoribus
3079 2786 3404 2838 curationem
3451 2783 3607 2837 adhi-

2032 2873 2155 2939 bet,
2188 2890 2372 2928 verum
2413 2876 2571 2929 etiam
2603 2875 2740 2944 quod
2785 2876 2913 2929 citra
2939 2875 3201 2929 dolorem.
3235 2876 3416 2945 Neque
3463 2876 3603 2930 enim

2033 2961 2175 3017 ferro
2205 2964 2377 3033 iguive
2406 2976 2558 3017 curat
2588 2965 2818 3027 malum,
2850 2975 2905 3017 ut
2930 2967 3106 3018 cmteri
3140 2967 3328 3019 medici
3358 2964 3557 3019 faciunt
3586 2983 3601 3020 :

2033 3052 2225 3107 sufﬁcit
2265 3055 2345 3107 vel
2374 3054 2593 3121 simplex
2622 3064 2780 3107 nutus
2805 3095 2819 3119 ,
2852 3070 2913 3107 ac
2942 3055 3178 3123 protinus
3213 3057 3385 3108 omnis
3413 3071 3597 3124 angor,

2032 3144 2203 3196 omnis
2223 3142 2392 3209 dolor,
2416 3158 2571 3197 omne
2589 3144 2782 3197 malum
2801 3143 2946 3213 fugit,
2967 3155 3123 3213 atque
3148 3146 3439 3199 exsulatum
3469 3146 3599 3200 abit.

2101 3236 2155 3290 2.
2196 3237 2272 3290 Ne
2292 3246 2600 3290 cunctemur
2621 3238 2794 3305 igitur,
2820 3250 2951 3291 neve
2983 3239 3447 3306 procrastinemus,
3475 3237 3603 3291 licet

2036 3344 2293 3399 pauperes
2317 3331 2500 3395 sinms,
2538 3339 2591 3383 et
2620 3330 2683 3382 ad
2711 3340 3000 3383 extremam
3049 3328 3246 3383 redacti
3292 3339 3599 3398 egestatem.

2029 3420 2212 3490 Neque
2240 3421 2380 3475 enim
2412 3420 2498 3474 hic
2524 3420 2845 3475 numeranda
2876 3430 2957 3475 est
3009 3421 3247 3490 pecunia,
3290 3428 3348 3473 ut
3370 3420 3600 3489 inopiam

2029 3512 2292 3582 possimus
2335 3511 2642 3566 obtendere.
2685 3510 2781 3565 llic
2828 3511 3075 3564 nimirum
3105 3510 3340 3565 medicus
3363 3525 3469 3564 non
3508 3525 3601 3565 ar-

2029 3613 2244 3673 gentum
2278 3618 2372 3671 pro
2400 3603 2645 3657 mercede
2684 3602 2834 3671 petit,
2880 3602 2970 3655 sed
2999 3602 3276 3671 lacrymas,
3318 3615 3501 3669 preces
3538 3614 3602 3654 ac

2031 3696 2207 3748 tidem.
2236 3693 2362 3746 llzec
2386 3694 2429 3746 si
2470 3702 2688 3761 portans
2716 3692 2780 3745 ad
2813 3693 2959 3744 illum
2991 3694 3301 3756 accesseris,
3343 3690 3599 3758 quidquid

2029 3784 2247 3836 omnino
2266 3783 2543 3849 postularis
2559 3782 2805 3849 accipies,
2837 3782 3103 3848 multoque
3128 3795 3248 3833 cum
3270 3780 3459 3848 gaudio
3479 3779 3592 3841 dis-

2030 3871 2205 3924 cedes.
2240 3870 2294 3923 ld
2321 3884 2450 3924 sane
2476 3884 2597 3923 cum
2628 3869 2805 3921 multis
2828 3884 2896 3921 ex
2923 3868 3079 3921 rebus
3100 3882 3419 3937 cognoscere
3450 3868 3593 3933 licet,

2033 3969 2141 4014 tum
2168 3975 2295 4014 vero
2323 3959 2585 4029 prwcipue
2605 3974 2670 4012 ex
2697 3958 2796 4012 hac
2823 3958 3064 4025 muliere,
3087 3973 3206 4028 qua:
3232 3972 3337 4011 non
3363 3973 3547 4011 aurum
3579 3998 3597 4023 ,

2032 4067 2134 4105 non
2163 4059 2433 4120 argentum
2450 4049 2707 4113 exhibuit,
2737 4048 2829 4103 sed
2855 4062 3060 4118 preces,
3090 4048 3244 4103 ﬁdem
3268 4056 3321 4101 et
3342 4044 3600 4117 lacrymas

2030 4142 2242 4207 obtulit,
2274 4153 2431 4211 atque
2457 4142 2528 4195 ita
2558 4140 2808 4211 quidquid
2837 4142 3316 4210 petiitcousequuta
3335 4138 3597 4193 discessit.

2032 4232 2256 4287 Proinde
2281 4248 2347 4287 ne
2378 4240 2623 4301 putemus
2651 4232 2787 4287 hanc
2825 4231 3177 4297 narrationem
3202 4230 3354 4285 nobis
3374 4228 3599 4300 infregi-

2031 4322 2195 4378 feram
2221 4338 2340 4378 esse
2358 4364 2373 4387 ,
2401 4322 2823 4393 quandoquidem
2868 4322 2992 4376 Πιεε
3016 4323 3205 4391 scripta
3233 4330 3349 4376 sunt
3388 4321 3455 4373 ad
3488 4337 3601 4374 cor-

2029 4414 2303 4484 reptionem
2330 4424 2573 4481 nostram,
2605 4416 2658 4467 in
2682 4431 2805 4481 quos
2827 4415 2957 4482 lines
2974 4415 3272 4468 saeculorum
3298 4415 3598 4468 devenerunt

2032 4506 2107 4577 (1.
2140 4505 2256 4559 Cor.
2286 4505 2372 4558 10.
2394 4505 2519 4575 11);
2551 4506 2645 4559 sed
2677 4506 2928 4560 adeamus
2962 4521 3079 4559 eam
3099 4549 3115 4573 ,
3161 4506 3427 4562 discamus
3463 4521 3598 4575 quo-

2031 4595 2189 4650 modo
2214 4595 2432 4648 liberata
2452 4595 2519 4648 sit
2546 4611 2576 4648 a
2616 4595 2777 4659 malo,
2801 4596 2992 4665 etquid
3022 4598 3187 4665 egerit
3207 4598 3594 4661 morbolevata,

2032 4696 2211 4756 etquo
2232 4697 2383 4755 pacto
2410 4685 2563 4739 fuerit
2586 4700 2677 4738 usa
2706 4701 2923 4739 munere
2950 4700 2977 4737 a
3010 4686 3118 4739 Deo
3147 4684 3289 4737 dato.
3321 4684 3483 4750 Sedit,
3519 4685 3600 4738 in-

2032 4780 2163 4849 quit,
2186 4788 2232 4831 et
2262 4779 2461 4830 lactavit
2484 4777 2771 4831 Samuelem
2802 4779 2884 4844 (1.
2918 4776 3024 4845 Reg
3077 4778 3129 4831 1.
3166 4776 3281 4847 25).

2107 4870 2307 4936 Quanta
2340 4869 2515 4936 pietate
2571 4884 2778 4938 puerum
2821 4867 3036 4921 Domino
3076 4869 3301 4922 educavit
3325 4868 3595 4935 obtulitque

2034 4961 2409 5015 Anna.——Vide
2427 4960 2692 5031 quomodo
2707 4960 3062 5029 conspiciebat
3080 4960 3328 5030 deinceps
3346 4961 3598 5015 infantem

2034 5052 2200 5117 illum,
2214 5067 2318 5105 non
2342 5060 2541 5105 tantum
2556 5058 2614 5105 ut
2630 5050 2901 5118 infantem,
2919 5051 3266 5105 verumetiam
3284 5058 3341 5106 ut
3360 5066 3470 5105 rem
3489 5052 3600 5106 Deo

2035 5150 2394 5197 consecratam
2429 5156 2641 5211 :eoque
2667 5142 2820 5196 matri
2854 5142 3096 5212 geminus
3124 5142 3320 5197 amoris
3360 5142 3603 5195 stimulus

2036 5234 2225 5287 insitus
2248 5243 2348 5296 est,
2372 5233 2505 5288 alter
2530 5248 2559 5286 a
2590 5242 2799 5299 natura,
2820 5234 2956 5287 alter
2975 5248 3001 5285 a
3027 5234 3217 5304 gratia.
3249 5234 3325 5286 Ac
3352 5248 3468 5286 mea
3484 5233 3602 5301 qui-

2038 5324 2155 5378 dem
2188 5325 2468 5388 sententia,
2506 5325 2665 5378 etiam
2695 5324 3037 5379 reverebatur
3065 5338 3285 5392 puerum
3314 5336 3464 5376 suum
3484 5362 3499 5386 ,
3549 5330 3603 5377 et

2036 5416 2245 5470 merito.
2298 5415 2502 5469 Etenim
2542 5415 2588 5470 si
2631 5416 2719 5485 qui
2759 5414 2962 5483 phialas
3003 5413 3254 5483 poculave
3295 5427 3457 5467 aurea
3496 5412 3604 5466 Deo

2038 5505 2259 5560 dicaturi
2285 5515 2428 5571 sunt,
2458 5512 2798 5574 posteaquam
2823 5519 2884 5559 ea
2907 5504 3015 5572 jam
3028 5502 3265 5557 confecta
3281 5504 3599 5571 acceperint,

2040 5598 2284 5666 domique
2310 5597 2661 5665 reposuerint,
2692 5609 2797 5649 non
2839 5609 2903 5650 ea
2940 5594 3088 5665 quasi
3119 5594 3337 5663 profana
3366 5608 3489 5649 vasa
3518 5593 3601 5648 in-

2042 5696 2282 5754 tuentur,
2313 5686 2404 5743 sed
2429 5696 2694 5758 tamquam
2724 5686 2830 5742 Deo
2855 5699 3024 5754 sacra,
3076 5698 3174 5741 nec
3212 5688 3403 5741 audent
3431 5697 3493 5739 ea
3525 5693 3599 5738 te-
