4094 6256
493 292 598 349 655

496 414 645 456 tuere
667 399 905 470 citraque
925 410 1137 453 causam
1167 397 1445 466 attingere,
1474 395 1608 449 sicut
1635 401 1826 448 caetera
1853 407 1866 443 :
1907 388 2075 443 multo

497 498 668 562 magis
697 491 810 547 haec
833 491 1022 546 mulier
1036 489 1192 544 simili
1213 489 1392 542 animo
1411 485 1719 541 attendebat
1743 484 1811 540 ad
1833 498 2074 554 puerum,

500 588 662 639 etiam
692 585 994 654 priusquam
1023 583 1169 635 illum
1201 581 1252 634 in
1282 581 1533 650 templum
1566 579 1841 633 induceret
1869 595 1880 631 :
1913 587 1965 632 et
1994 577 2079 632 di-

499 677 696 747 ligebat
723 677 1008 746 impensius
1031 675 1218 739 ﬁlium,
1247 685 1298 729 et
1317 674 1534 728 curabat
1566 681 1834 742 tamquam
1861 673 1971 726 Deo
1995 672 2080 726 ili-

496 780 692 830 catum.
713 769 1018 824 existimans
1033 785 1090 825 se
1103 785 1197 839 per
1214 768 1356 823 illum
1372 767 1753 824 sanctificatum
1767 765 1850 832 iri,
1869 765 2080 836 quando

499 863 688 918 domus
706 864 870 934 ipsius
881 864 992 934 jam
1014 873 1128 918 erat
1152 861 1292 917 facta
1320 863 1594 931 templum,
1624 874 1678 916 ut
1703 878 1821 933 quae
1845 861 2078 934 prophe-

501 964 609 1006 tam
635 967 696 1008 ac
718 953 1046 1007 sacerdotem
1075 953 1212 1007 intra
1235 968 1292 1006 se
1314 954 1630 1007 contineret.
1656 952 1773 1006 Non
1795 953 1964 1006 solum
1982 967 2080 1006 au-

499 1056 604 1098 tem
633 1058 698 1098 ex
727 1059 792 1098 eo
819 1045 958 1114 quod
993 1046 1136 1097 illum
1166 1044 1273 1098 Deo
1305 1044 1608 1112 spopondit,
1635 1044 1982 1098 verumetiatn
2010 1059 2079 1098 ex

500 1135 601 1188 hoc
615 1136 753 1204 quod
773 1151 877 1189 non
893 1152 1017 1188 ausa
1033 1135 1099 1188 sit
1119 1135 1410 1189 ascendere
1427 1135 1478 1188 in
1498 1135 1755 1204 templum
1777 1135 2080 1205 priusquam

501 1225 824 1280 ablactasset
867 1226 1140 1288 infantem,
1183 1226 1297 1294 ejus
1325 1225 1574 1294 pietatem
1606 1227 1729 1280 licet
1756 1227 2075 1296 perspicere.

501 1319 588 1372 Ait
607 1321 739 1372 enim
762 1321 867 1372 viro
887 1337 978 1374 suo
1003 1336 1023 1374 :
1056 1318 1179 1373 Non
1205 1321 1476 1373 ascendam
1505 1319 1670 1374 donec
1691 1322 1929 1374 ascendat
1955 1339 2082 1390 puer

501 1430 735 1466 mecum:
759 1429 872 1464 cum
898 1423 1064 1466 autem
1086 1413 1401 1467 ablactavero
1423 1413 1592 1479 illum,
1628 1413 1870 1480 olferetur
1890 1415 1940 1467 in
1959 1431 2081 1468 con-

501 1515 672 1575 specta
699 1503 923 1566 Domini,
958 1514 1002 1556 et
1026 1504 1212 1558 sedebit
1235 1504 1339 1558 illic
1367 1505 1420 1558 in
1439 1522 1598 1560 aevum
1625 1507 1702 1576 (1.
1728 1505 1854 1576 Reg.
1881 1506 1935 1560 1.
1966 1504 2080 1576 22).

513 1595 741 1648 Viden"!
768 1594 882 1647 Νυιι
915 1594 1249 1649 existimabat
1269 1609 1388 1650 esse
1415 1605 1584 1650 tutum
1609 1596 1699 1649 illo
1721 1596 1866 1649 domi
1895 1597 2081 1651 relicto

504 1686 796 1739 ascendere
821 1687 870 1739 in
909 1687 1194 1756 templum,
1225 1687 1366 1757 quod
1394 1702 1512 1741 cum
1541 1689 1833 1757 accepisset
1860 1689 2079 1756 donum,

507 1792 612 1829 non
631 1777 918 1831 sustineret
944 1778 1145 1847 absque
1171 1777 1313 1832 dono
1334 1793 1666 1848 comparere.
1690 1780 1893 1835 Rursus
1911 1782 2082 1836 addu—

505 1876 591 1920 cto
617 1867 724 1926 illo.
758 1883 818 1921 ac
848 1885 968 1922 mox
1000 1879 1231 1939 recepto,
1256 1871 1581 1927 descendere
1610 1875 1894 1928 verebatur
1921 1891 1935 1928 :
1965 1875 2086 1932 ideo

506 1965 654 2011 tanto
683 1969 918 2026 tempore
945 1961 1232 2025 remansit,
1282 1971 1340 2015 ut
1382 1977 1502 2017 cum
1545 1963 1687 2017 dono
1730 1977 2083 2035 compareret.

509 2048 742 2102 Adduxit
765 2063 911 2118 ergo,
954 2064 1016 2103 ac
1042 2051 1272 2119 reliquit,
1311 2068 1408 2107 nec
1437 2068 1568 2122 puer
1599 2069 1629 2106 a
1661 2070 1887 2108 mamma
1918 2056 2089 2111 divul-

507 2157 600 2198 sus
626 2143 851 2198 moleste
879 2144 1016 2208 tulit,
1047 2145 1169 2199 licet
1194 2147 1373 2201 sciatis
1411 2162 1570 2217 quam
1595 2149 1802 2203 soleant
1828 2150 2088 2220 indignari

508 2237 658 2306 pueri
678 2238 883 2308 quoties
903 2254 931 2291 a
959 2239 1094 2293 lacte
1117 2238 1456 2309 depelluntur
1483 2241 1555 2310 (a)
1586 2258 1599 2295 :
1627 2256 1809 2295 verum
1849 2257 1949 2296 nec
1977 2243 2090 2311 ipse

509 2345 642 2398 puer
671 2343 812 2396 aegre
840 2328 956 2382 tulit
1001 2343 1032 2382 a
1075 2337 1248 2385 matre
1288 2329 1546 2394 divulsus,
1592 2334 1683 2388 sed
1715 2333 1783 2390 ad
1807 2331 2088 2386 Dominum

512 2419 764 2488 respexit,
796 2420 882 2489 qui
911 2420 1079 2489 ipsam
1105 2430 1330 2475 matrem
1359 2421 1589 2488 fecerat;
1627 2437 1726 2478 nec
1775 2425 1892 2493 ipsa
1920 2433 2092 2479 mater

513 2511 680 2564 doluit
700 2527 728 2564 a
757 2527 923 2581 puero
953 2512 1214 2582 sejuncta,
1242 2514 1364 2583 quia
1386 2514 1679 2568 naturalem
1707 2514 1952 2570 allectum
1967 2517 2094 2572 vicit

515 2602 874 2657 interveniens
898 2604 1084 2674 gratia,
1109 2614 1164 2658 et
1194 2614 1416 2675 uterque
1445 2618 1505 2659 se
1532 2621 1652 2659 cum
1702 2606 1872 2660 altero
1917 2609 2094 2663 vivere

515 2693 875 2747 existimabat.
909 2694 1367 2762 Quemadmodum
1397 2696 1582 2752 eodem
1614 2697 1664 2751 in
1690 2697 1808 2753 loco
1841 2696 1942 2753 lixa
1971 2700 2094 2756 vitis

518 2785 569 2838 in
593 2784 806 2853 longum
835 2786 1078 2855 producit
1109 2787 1352 2856 palmites
1376 2828 1391 2849 .
1423 2797 1477 2843 et
1499 2805 1595 2843 uva
1621 2791 1788 2845 multo
1816 2793 2095 2847 intervallo

517 2875 774 2944 pendens,
807 2877 970 2931 radici
1001 2877 1169 2933 haeret
1199 2896 1212 2931 :
1245 2879 1425 2935 itidem
1465 2891 1520 2936 et
1549 2881 1602 2936 in
1635 2883 1735 2937 hac
1777 2884 1973 2939 accidit
2020 2885 2098 2939 fe-

518 2967 681 3032 mina,
710 2983 828 3037 qute
858 2969 910 3022 in
937 2969 1071 3024 urbe
1093 2986 1317 3026 manens
1344 2987 1513 3042 usque
1537 2974 1605 3028 ad
1626 2976 1882 3043 templum
1908 2985 2096 3032 exten—

519 3057 596 3112 dit
618 3074 770 3114 suum
793 3062 1085 3130 palmitem,
1115 3073 1274 3134 atque
1299 3065 1408 3121 illic
1432 3083 1587 3121 uvam
1615 3070 1893 3138 suspendit
1922 3081 2096 3126 matu-

521 3168 635 3207 ram
667 3171 680 3206 :
715 3169 813 3209 nec
837 3155 1172 3211 intervallum
1201 3157 1328 3212 illud
1359 3159 1525 3213 ullum
1553 3161 2098 3232 attulitimpcdimen-

521 3252 632 3298 tum
661 3287 675 3311 ,
709 3259 827 3299 cum
856 3247 1052 3301 caritas
1078 3263 1197 3318 qua:
1232 3251 1523 3305 secundum
1553 3251 1721 3307 Deum
1742 3262 1847 3319 est,
1879 3271 2099 3324 puerum

522 3339 674 3393 matri
691 3340 985 3410 copularet.
999 3341 1330 3416 Quamquam
1348 3346 1488 3403 enim
1512 3357 1642 3404 tetas
1658 3357 1773 3404 erat
1798 3350 2098 3417 immatura,

521 3429 689 3483 virtus
741 3441 916 3488 tamen
966 3435 1150 3491 aderat
1197 3447 1446 3494 matura:
1486 3441 2002 3515 ascetidentibusque
2048 3444 2100 3498 in

524 3523 779 3593 templum
810 3527 1058 3584 omnibus
1103 3531 1284 3586 multae
1331 3533 1604 3604 religionis
1641 3538 1890 3608 magister
1931 3539 2102 3595 factus

523 3625 625 3670 est.
649 3616 782 3672 Nam
825 3619 899 3673 illi
925 3620 1050 3675 dum
1096 3623 1425 3692 inquirerent
1467 3626 1840 3700 discerentque
1884 3633 2099 3687 modum

525 3710 778 3764 natalium
809 3711 970 3778 illius,
995 3715 1205 3771 abunde
1229 3732 1478 3788 magnum
1504 3721 1750 3776 solatium
1773 3725 2104 3795 accipiebant

523 3800 637 3869 spei
658 3816 775 3870 quae
801 3811 1022 3875 esterga
1043 3806 1232 3862 Deum.
1257 3808 1438 3880 Neque
1457 3811 1756 3882 quisquam,
1779 3815 1898 3870 viso
1913 3830 2099 3886 puero,

523 3895 714 3950 tacitus
751 3897 1131 3970 descendebat,
1176 3903 1270 3958 sed
1295 3921 1482 3962 omnes
1506 3908 1876 3978 gloriﬁcabant
1905 3911 2053 3968 illum
2085 3956 2100 3981 ,

524 4003 554 4041 a
581 4003 687 4058 quo
717 3999 914 4059 praeter
938 4007 1086 4062 spem
1112 3995 1268 4052 datus
1286 4009 1425 4054 erat.
1456 4000 1605 4057 Hanc
1629 4003 1700 4058 ob
1728 4019 1943 4061 causam
1964 4007 2104 4063 Deus

524 4081 733 4136 distulit
760 4094 993 4152 partum,
1022 4095 1081 4141 ut
1102 4087 1238 4143 hanc
1267 4101 1485 4162 augeret
1525 4095 1871 4164 voluptatem,
1899 4107 1956 4153 ut
1983 4115 2103 4153 mu-

528 4171 713 4227 lierem
734 4174 986 4230 redderet
1011 4178 1375 4236 illustriorem.
1398 4182 1530 4238 Nam
1557 4185 1877 4256 quicumque
1896 4190 2104 4245 calami-

526 4272 689 4318 tatem
723 4265 838 4335 ejus
888 4280 1166 4338 noverant,
1219 4273 1255 4327 ii
1298 4282 1464 4330 testes
1493 4276 1614 4331 facti
1657 4281 1838 4349 gratia:
1892 4284 2024 4339 Dei:
2052 4296 2106 4341 et

526 4356 668 4426 quod
696 4357 855 4427 longo
885 4368 1122 4430 tempore
1151 4366 1344 4419 mansit
1368 4367 1419 4420 in
1445 4369 1692 4439 orbitate,
1716 4373 1910 4444 eﬂ‘ecit,
1955 4384 2013 4432 ut
2053 4391 2105 4436 et

523 4449 640 4520 ipsa
675 4449 854 4503 multis
883 4461 1023 4506 esset
1053 4453 1244 4520 notior,
1259 4465 1319 4510 et
1345 4459 1412 4512 ab
1441 4463 1686 4518 omnibus
1714 4465 1867 4522 beata
1916 4472 2106 4541 prdidi-

528 4547 766 4631 caretur,
789 4550 1038 4612 essetque
1083 4544 1136 4600 in
1169 4546 1556 4608 admiratione:
1586 4553 1814 4628 hincque
1861 4560 2058 4620 factum
2087 4608 2101 4631 ,

529 4637 589 4682 ut
615 4644 711 4698 per
739 4630 880 4686 illam
907 4632 1014 4687 Deo
1038 4637 1234 4705 gratias
1259 4651 1479 4709 agerent
1511 4659 1668 4714 quam
1697 4648 1928 4718 plurimi.
1981 4630 2106 4712 Haec

531 4719 650 4776 ideo
680 4721 888 4792 loquor,
929 4734 987 4780 ut
1011 4728 1220 4784 etiamsi
1245 4747 1343 4786 nos
1387 4732 1612 4791 feminas
1655 4753 1866 4797 sanctas
1895 4749 2106 4802 noveri-

532 4828 651 4867 mus
675 4813 726 4868 in
755 4815 981 4873 orbitate
1007 4830 1095 4873 aut
1129 4821 1179 4875 in
1208 4823 1309 4877 alia
1329 4839 1565 4881 mrumna
1592 4830 1866 4900 degentes,
1903 4854 1969 4892 ne
1988 4855 2104 4894 mo-

495 4911 664 4984 ,leste
685 4909 940 4976 feramus,
971 4927 1104 4968 neve
1144 4915 1497 4987 indignemur,
1547 4937 1646 4978 nec
1685 4924 1923 4983 dicamus
1965 4933 2104 5001 apud

532 4998 826 5092 uosipsos;
851 5000 1026 5068 Quare
1054 5004 1194 5060 Deus
1223 5006 1465 5078 despexit
1509 5013 1785 5070 mulierem
1817 5027 1958 5075 tanta
1991 4998 2105 5092 pie-

533 5100 641 5144 tatc
664 5090 962 5159 praeditam,
995 5109 1094 5149 nec
1136 5097 1282 5152 dedit
1326 5102 1568 5168 prolem?
1607 5104 1787 5178 Neque
1817 5112 1958 5167 enim
1991 5090 2104 5170 ista

529 5195 654 5239 sunt
682 5184 1016 5256 negligentis,
1049 5189 1141 5242 sed
1167 5189 1267 5246 hoc
1285 5193 1438 5248 nobis
1462 5199 1712 5266 expedire
1727 5203 1917 5258 melius
1933 5207 2104 5262 scien-

533 5278 599 5331 tis
628 5291 786 5346 quam
810 5277 1008 5346 nosipsi
1039 5281 1256 5334 scimus.
1286 5287 1538 5342 Ascendit
1569 5290 1726 5360 igitur
1747 5294 1798 5348 in
1822 5299 2100 5367 templum,

529 5377 582 5422 et
607 5382 803 5437 agnum
832 5370 1036 5425 induxit
1067 5371 1118 5426 in
1143 5374 1282 5428 ovile
1303 5389 1365 5429 ac
1394 5377 1615 5435 vitulum
1641 5385 1888 5450 perdunt
1919 5389 1985 5442 ad
2013 5405 2102 5444 ar-

530 5469 787 5525 mentum,
811 5471 864 5516 et
893 5463 944 5516 in
973 5473 1181 5532 pratum
1196 5464 1600 5526 deduxitrosam
1619 5488 1646 5527 a
1665 5475 1830 5545 spinis
1859 5480 2101 5549 liberam,

532 5568 731 5623 rosam,
755 5555 992 5627 inquam,
1015 5574 1131 5630 qua:
1157 5576 1447 5632 numquam
1473 5572 1773 5638 marcescit,
1830 5575 1922 5630 sed
1949 5575 2103 5633 ﬂoret

533 5687 782 5810 mmgttic
808 5693 954 5744 multa
986 5696 1219 5758 deerant,
1260 5715 1370 5765 quae
1392 5703 1648 5772 desumpta
1667 5725 1780 5766 sunt
1805 5731 1866 5768 ex
1890 5715 2100 5770 eolbert,

1234 284 1290 342 S.
1331 282 1604 340 JOANNIS
1625 272 2094 335 CIIRYSOSTOMI
2135 274 2454 334 ARCHIEP.
2495 280 3021 342 CONSTANTINOP.

3653 290 3761 352 (156

2181 404 2460 465 perpetuo,
2490 411 2713 466 qumque
2741 399 2905 466 possit
2944 400 3012 454 ad
3051 407 3227 470 ipsum
3255 416 3422 473 usque
3446 404 3638 460 calum
3663 421 3759 461 ex-

2184 486 2351 551 tendi,
2376 489 2527 556 cujus
2556 487 2844 559 fragrantia
2867 491 2919 545 in
2946 490 3265 548 hodiernum
3293 510 3462 565 usque
3487 496 3634 551 diem
3657 513 3756 566 po-

2185 580 2386 633 tiuntur
2409 594 2598 635 omnes
2631 583 2721 652 qui
2769 591 3028 638 terrarum
3057 585 3294 640 incolunt
3326 585 3534 642 orbem.
3559 588 3764 645 Tantus

2183 684 2443 726 annorum
2463 688 2717 729 numerus
2743 675 3020 743 praeteriit,
3067 686 3121 731 et
3173 685 3354 732 tamen
3380 681 3592 734 virtutis
3620 681 3767 736 illius

2184 761 2470 834 fragrantia
2498 779 2710 837 semper
2733 769 2990 838 augescit,
3017 783 3115 824 nec
3163 778 3306 825 tanta
3347 774 3604 842 temporis
3644 790 3762 829 ma-

2185 855 2462 926 gnitudine
2485 855 2622 911 facta
2649 865 2734 912 est
2758 857 3074 930 languidior.
3106 859 3248 916 Talis
3276 862 3420 917 enim
3451 874 3534 919 est
3578 879 3762 922 rerum

2185 947 2543 1016 spiritualium
2571 957 2783 1008 natura.

2257 1041 2308 1095 5.
2334 1039 2667 1110 Comparatur
2693 1043 2854 1096 Annae
2878 1043 3184 1112 sacriﬁcium
3207 1062 3321 1100 cum
3333 1047 3584 1116 sacriﬁcio
3599 1066 3770 1103 sacer-

2186 1131 2316 1186 dotis
2336 1141 2383 1186 et
2401 1133 2651 1202 sacriﬁcio
2671 1133 2906 1188 Abralue.
2941 1137 3102 1190 Anule
3125 1138 3369 1192 modestia
3399 1148 3446 1193 et
3464 1149 3642 1208 gratus
3657 1144 3776 1195 ani-

2186 1241 2318 1279 mus.
2336 1256 2406 1266 ——
2419 1226 2674 1282 Ascendit
2696 1227 2853 1296 igitur
2867 1229 3180 1298 prmclarum
3209 1229 3336 1284 illud
3354 1245 3566 1300 germen
3583 1242 3772 1288 trans-

2189 1325 2452 1393 plantans,
2472 1323 2980 1394 etqnemadmodnm
3006 1323 3250 1377 industrii
3271 1324 3517 1393 agricola)
3537 1327 3774 1395 primum

2188 1432 2369 1472 semen
2399 1419 2449 1470 in
2483 1429 2678 1471 terram
2709 1415 2998 1485 deponunt,
3021 1417 3280 1484 cupressi,
3303 1426 3394 1471 aut
3417 1418 3643 1473 aliarum
3677 1435 3774 1473 ar~

2189 1509 2378 1564 borum
2403 1509 2678 1573 similium,
2709 1507 2920 1575 deinde,
2953 1507 3039 1562 tibi
3062 1519 3454 1576 conspexerunt
3493 1525 3523 1562 a
3563 1513 3775 1566 semine

2191 1601 2383 1657 factam
2409 1601 2679 1668 arborem,
2713 1617 2820 1655 non
2863 1601 3168 1670 relinquunt
3192 1601 3244 1654 in
3273 1601 3462 1656 eadem
3492 1611 3652 1668 terra,
3674 1583 3774 1659 sed

2191 1695 2314 1750 inde
2341 1695 2604 1749 revulsam
2626 1695 2677 1748 in
2707 1694 2847 1748 aliud
2875 1693 3204 1749 transferunt
3223 1694 3420 1761 solum,
3455 1703 3514 1750 ut
3537 1705 3678 1751 terra
3711 1699 3764 1751 in

2190 1801 2378 1842 recens
2408 1788 2612 1857 gremio
2635 1801 2733 1841 suo
2757 1795 3033 1854 exceptam
3056 1787 3193 1843 illius
3223 1787 3478 1853 radicem,
3511 1804 3700 1858 puram
3717 1799 3774 1844 et

2191 1880 2453 1950 integram
2481 1881 2591 1934 vim
2619 1894 2771 1934 suam
2800 1879 3032 1949 proferat
3058 1880 3125 1934 ad
3155 1895 3275 1936 eam
3300 1881 3546 1937 alendam
3578 1900 3592 1936 :
3620 1884 3696 1938 sic
3719 1894 3773 1938 et

2192 1973 2308 2027 haec
2333 1973 2458 2028 fecit
2482 1973 2693 2038 mulier,
2716 1989 2836 2043 quae
2859 1990 3087 2042 puerum
3113 1985 3307 2043 prmter
3331 1990 3483 2044 spem
3508 1976 3773 2045 prosemi-

2190 2075 2378 2121 natum
2405 2065 2457 2120 in
2487 2075 2640 2120 utero
2681 2080 2711 2119 a
2755 2063 2914 2121 domo
2962 2067 3248 2133 transtulit,
3309 2078 3364 2123 et
3414 2071 3470 2123 in
3517 2071 3772 2138 templum

2195 2159 2628 2230 tranSplantavit,
2669 2157 2759 2214 ubi
2803 2166 3072 2229 perpetua:
3097 2168 3222 2213 sunt
3264 2159 3489 2214 fontium
3515 2161 3773 2214 scatebras

2193 2260 2248 2305 et
2273 2251 2605 2320 irrigationes
2657 2251 2994 2320 spirituales,
3051 2261 3108 2306 ut
3155 2251 3336 2306 videre
3391 2253 3599 2306 licuerit
3644 2253 3771 2306 illml

2195 2344 2565 2414 propheticum
2593 2345 2646 2400 in
2673 2345 2777 2400 illis
2802 2345 3027 2416 impleri,
3055 2345 3195 2415 quod
3225 2345 3390 2400 David
3417 2346 3571 2414 dixit,
3603 2347 3669 2400 ita
3687 2362 3776 2400 ca-

2195 2450 2331 2490 nens
2358 2451 2371 2487 :
2402 2434 2590 2489 Beatus
2609 2438 2684 2489 vir
2707 2438 2795 2506 qui
2821 2454 2924 2492 non
2969 2437 3240 2491 ambulavit
3266 2438 3321 2491 in
3360 2438 3574 2492 consilio
3601 2439 3777 2509 impio-

2195 2545 2330 2594 rum,
2359 2533 2473 2585 etin
2498 2530 2579 2583 nia
2599 2540 2912 2600 peccatorum
2937 2547 3037 2585 non
3053 2532 3206 2595 stetit,
3228 2539 3274 2585 et
3299 2547 3452 2600 super
3475 2533 3774 2586 cathedram

2200 2623 2497 2692 pestilentia:
2521 2639 2622 2675 non
2645 2623 2812 2676 sedit:
2839 2622 2928 2676 sed
2946 2624 2998 2676 in
3026 2623 3133 2694 lege
3155 2621 3364 2676 Domini
3389 2624 3617 2678 voluntas
3639 2625 3774 2692 ejus,

2199 2725 2246 2768 et
2274 2715 2328 2768 in
2354 2713 2460 2784 lege
2479 2715 2588 2785 ejus
2626 2709 2966 2764 meditabitur
2999 2711 3085 2764 die
3118 2727 3180 2764 ac
3217 2725 3366 2768 nocte
3404 2731 3422 2768 :
3449 2725 3498 2768 et
3518 2716 3613 2768 erit
3635 2725 3774 2767 tam-

2199 2824 2351 2878 quam
2385 2810 2577 2879 lignum
2601 2807 2738 2878 quod
2757 2807 3039 2878 plantatum
3064 2815 3136 2861 est
3169 2823 3310 2861 secus
3338 2807 3568 2861 decursus
3609 2822 3776 2874 aqua-

2199 2918 2336 2961 rum,
2369 2899 2503 2970 quod
2533 2902 2754 2970 fructum
2773 2915 2920 2953 suum
2937 2899 3076 2951 dabit
3093 2900 3148 2952 in
3175 2909 3396 2967 tempore
3417 2915 3504 2954 suo
3527 2897 3694 2970 (Psal.
3714 2899 3741 2952 1
3756 2937 3772 2950 .

2204 2994 2231 3047 1
2266 3024 2294 3034 -
2319 2993 2396 3063 '5).
2436 2992 2617 3062 Neque
2664 2991 2808 3046 enim
2849 3001 2966 3059 post
2994 2991 3208 3044 malitia:
3228 2991 3606 3059 experientiam
3634 2989 3781 3041 venit

2204 3084 2272 3139 ad
2301 3084 2516 3139 malitiae
2546 3083 2921 3137 remissionem
2942 3083 3064 3148 ,sed
3080 3083 3146 3138 ad
3163 3083 3295 3152 ipsis
3310 3081 3597 3136 cunabulis
3617 3082 3782 3132 virtu-

2206 3185 2317 3232 tem
2342 3178 2504 3247 elegit
2527 3194 2542 3242 ;
2590 3193 2696 3231 non
2728 3175 2914 3230 habuit
2941 3175 3271 3228 consortium
3293 3188 3415 3227 cum
3443 3172 3782 3228 consessibns

2206 3269 2472 3338 iniquitati
2495 3269 2759 3334 obnoxiis,
2793 3280 2966 3336 neque
2986 3259 3424 3320 communionem
3448 3262 3632 3317 habuit
3661 3277 3786 3316 cum

2206 3359 2591 3415 conventiculis
2612 3359 2881 3428 impietate
2905 3357 3074 3427 plenis
3098 3374 3112 3410 :
3143 3356 3236 3412 sed
3253 3357 3422 3426 prima
3451 3355 3630 3410 statim
3658 3369 3787 3423 pue-

2208 3451 2331 3504 ritia
2357 3467 2386 3504 a
2408 3466 2635 3504 mamma
2661 3451 2845 3504 matris
2867 3450 3012 3506 venit
3035 3451 3101 3504 ad
3127 3463 3409 3503 mammam
3432 3448 3784 3518 spiritualem.

2209 3542 2278 3597 Et
2305 3541 2751 3615 quemadmodum
2781 3541 2941 3597 arbor
2966 3551 3218 3612 perpetua
3249 3540 3560 3610 irrigatione
3587 3540 3639 3593 in
3674 3553 3788 3591 ma-

2207 3657 2363 3710 gnam
2421 3644 2680 3695 excrescit
2730 3637 3103 3696 altitudinem:
3135 3637 3211 3690 sic
3254 3644 3308 3691 et
3357 3635 3446 3689 hic
3485 3635 3788 3689 divinorum

2209 3733 2539 3803 eloquiornm
2589 3733 2829 3787 doctrina
2877 3731 3090 3787 assidue
3133 3727 3418 3804 irrigatus,
3465 3727 3530 3784 ad
3577 3725 3789 3783 virtutis

2209 3824 2477 3895 fastigium
2523 3825 2785 3894 pervenit.
2842 3826 2956 3895 Age
2999 3824 3275 3878 videamus
3321 3821 3589 3893 quomodo
3641 3822 3785 3876 illum

2212 3920 2456 3988 plantarit
2478 3936 2492 3982 ;
2521 3928 2785 3974 sectemur
2798 3919 3092 3981 mulierem,
3111 3918 3267 3972 simul
3283 3932 3404 3970 cum
3426 3916 3512 3971 illa
3531 3917 3786 3985 templum

2211 4011 2850 4081 ingrcdiamur.Ascendit,
2876 4009 3065 4080 inquit,
3094 4027 3206 4063 cum
3226 4010 3314 4063 illo
3342 4010 3395 4063 in
3413 4008 3620 4064 Selom1
3645 4009 3695 4062 in
3716 4009 3790 4063 vi.

2212 4104 2316 4157 tulo
2332 4105 2513 4158 trienni
2529 4102 2738 4175 (Lch.
2756 4106 2777 4157 1
2793 4103 2937 4175 λι).
2953 4102 3067 4158 Jatu
3085 4102 3352 4173 geminum
3370 4100 3785 4157 fitsacrificium:

2212 4209 2266 4251 et
2291 4209 2405 4251 erat
2432 4197 2624 4250 vitulus
2655 4196 2741 4250 hic
2769 4195 3112 4260 irrationalis,
3147 4195 3232 4250 illc
3263 4194 3572 4259 rationalis;
3621 4204 3678 4248 et
3720 4194 3786 4248 il-

2214 4290 2318 4343 lum
2347 4289 2558 4358 quidem
2587 4288 2836 4343 sacerdos
2867 4289 3180 4355 immolavit,
3213 4288 3355 4344 hunc
3385 4303 3511 4344 vero
3527 4288 3790 4344 dedicavit

2212 4381 2432 4447 mulier;
2461 4389 2678 4451 eratque
2705 4382 2940 4436 mulieris
2964 4382 3176 4435 victima
3205 4381 3394 4436 melior
3412 4396 3567 4450 quam
3593 4380 3787 4448 hostia,

2211 4489 2369 4544 quam
2397 4474 2589 4528 obtulit
2629 4473 2902 4532 sacerdos.
2933 4473 3058 4529 Haec
3087 4490 3306 4529 suorum
3337 4474 3599 4530 viscerum
3646 4473 3790 4528 facta

2212 4575 2296 4621 est
2314 4565 2668 4621 sacerdotissa
2694 4582 2709 4631 ;
2741 4566 2944 4620 imitata
2970 4576 3053 4621 est
3082 4566 3438 4636 patriarcham
3468 4564 3737 4620 Abraham
3772 4607 3788 4630 ,

2211 4672 2438 4727 cumque
2463 4657 2555 4711 illo
2582 4667 2852 4712 certamen
2881 4659 3134 4728 suscepit.
3161 4656 3267 4713 Sed
3293 4657 3381 4711 illc
3397 4657 3610 4727 quidem
3625 4657 3788 4711 lilium

2213 4758 2482 4817 receptum
2513 4747 2724 4803 reduxit
2777 4748 2844 4804 de
2899 4757 3113 4815 monte;
3144 4745 3261 4804 lucc
3309 4765 3438 4804 vero
3485 4749 3697 4819 reliquit
3737 4749 3788 4802 in

2215 4842 2434 4912 templo,
2489 4852 2546 4896 ut
2595 4843 2701 4896 illic
2725 4853 2981 4912 perpetuo
3010 4851 3269 4898 maneret.
3319 4842 3465 4910 Quin
3489 4843 3663 4913 potius
3704 4842 3791 4895 illc

2212 4948 2420 5004 quoque
2439 4941 2604 4988 totum
2620 4932 2883 4989 dedicavit
2906 4949 2920 4988 :
2947 4949 3077 4991 cave
3095 4935 3235 4990 enim
3254 4935 3381 4990 illud
3403 4943 3629 5006 spectes,
3649 4933 3788 5003 quod

2214 5042 2315 5080 non
2344 5026 2558 5094 occidit,
2586 5027 2679 5083 sed
2711 5027 2852 5098 quod
2897 5028 3074 5083 animo
3114 5037 3281 5082 totum
3328 5029 3554 5099 peregit.
3605 5027 3788 5083 Vidisti

2215 5115 2463 5171 feminam
2489 5132 2608 5172 cum
2639 5119 2757 5173 viro
2785 5118 3184 5174 decertantem?
3206 5119 3384 5176 vidisti
3416 5120 3547 5175 nihil
3589 5135 3618 5174 a
3657 5136 3788 5175 sexu

2212 5211 2461 5275 vetitam,
2513 5215 2796 5281 quominus
2839 5213 3180 5269 aemularetur
3229 5214 3628 5284 patriarcham?
3685 5212 3789 5269 Sed

2213 5302 2505 5371 videamus,
2542 5305 2808 5375 quomodo
2833 5302 2980 5360 illum
3025 5307 3368 5361 consecrarit.
3408 5309 3569 5374 Adiit,
3621 5309 3788 5378 inquit

2211 5393 2483 5463 Scriptura
2506 5434 2521 5459 ,
2568 5397 2908 5462 sacerdotem,
2956 5414 3016 5452 ac
3041 5396 3168 5452 dixit
3205 5399 3327 5454 illi:
3354 5397 3422 5453 In
3446 5417 3544 5466 me,
3591 5401 3788 5464 domino

2213 5483 2371 5558 (Ibid.
2390 5504 2436 5541 υ.
2457 5487 2573 5557 26).
2593 5488 2728 5557 Quid
2754 5489 2967 5546 tandem
2997 5501 3079 5547 est
3102 5491 3252 5557 illud,
3276 5490 3342 5546 In
3367 5493 3487 5547 me?
3512 5493 3785 5557 Ausculta.

2213 5579 2400 5650 inquit,
2443 5580 2726 5653 diligenter
2751 5599 2868 5654 quae
2894 5585 3099 5655 loquar.
3117 5586 3379 5654 Quoniam
3403 5590 3624 5643 multum
3645 5597 3782 5643 tem-

2214 5675 2355 5742 poris
2378 5675 2485 5744 jam
2518 5675 2913 5744 intercesserat,
2944 5679 3122 5734 studet
3161 5677 3252 5734 illa
3287 5695 3406 5751 qua:
3451 5680 3598 5751 prius
3645 5680 3788 5737 dicta

2278 5792 2294 5821 ¹
2328 5789 2457 5839 Coib.
2483 5802 2628 5852 unus,
2649 5791 2810 5854 sitam,
2836 5800 2889 5845 et
2908 5796 2977 5846 sic
3000 5797 3142 5846 etiam
3165 5809 3324 5852 supra.
