4094 6256
388 233 499 298 0'55”

380 623 552 664 πευεν
575 611 651 672 ὡς
674 611 952 682 ἀνάθημα,
974 609 1293 679 ἀγιάζεσθαι
1317 615 1383 668 δι’
1408 618 1615 669 ἐκείνου
1646 619 1960 688 νομίζουσα·

381 695 483 746 καὶ
511 695 675 764 γὰρὴ
725 694 870 747 οἰκία
900 697 1068 766 αὐτῆς
1104 696 1228 760 ναὸς
1285 698 1519 764 ἐγένετο,
1553 701 1644 753 τὸν
1678 704 1962 773 προφήτην

380 775 534 829 ἔνδον
564 776 761 845 ἔχουσα
793 778 1002 830 καὶτὸν
1034 779 1201 848 ἱερέα.
1256 781 1369 833 Οὐκ
1415 781 1476 845 ἐξ
1501 776 1574 834 ὧν
1611 785 1874 852 ὑπέσχετο
1905 785 1962 837 δὲ

384 859 551 927 μόνον
581 858 761 922 αὐτὸν,
797 858 931 912 ἀλλά
955 857 1050 913 καὶ
1085 861 1145 925 ἐξ
1165 856 1238 914 ὧν
1257 864 1358 916 οὐκ
1378 863 1672 933 ἐτόλμησεν
1701 866 1958 934 ἐπιϐῆναι

377 940 480 991 τοῦ
521 939 646 991 ναοῦ
670 981 684 1002 ,
735 943 862 1011 πρὶν
907 941 939 1011 ἢ
986 944 1087 1014 τῆς
1140 944 1607 1015 γαλακτοτροφίας
1656 947 1959 1014 ἀπαγαγεῖν

379 1022 569 1083 αὐτὸν,
587 1021 683 1092 τὴν
713 1024 996 1076 εὐλάϐειαν
1036 1026 1205 1095 αὐτῆς
1236 1027 1382 1080 ἐστιν
1429 1028 1575 1080 ἰδεῖν.
1623 1023 1771 1082 Εἴπε
1802 1031 1954 1099 γὰρ,

378 1106 538 1174 φησί,
572 1104 650 1169 τῷ
679 1107 847 1173 ἀνὸρί
873 1107 1062 1176 αὐτῆς
1086 1127 1098 1139 ο
1121 1111 1242 1162 Οὐκ
1270 1109 1663 1178 ἀναϐήσομαι.
1703 1111 1813 1177 ἕως
1851 1113 1957 1168 τοῦ

377 1185 675 1252 ἀναϐῆναι
701 1189 762 1240 τὸ
791 1189 1102 1256 παιδάριον
1124 1191 1250 1259 μετ’
1272 1192 1418 1260 ἐμοῦ
1440 1210 1452 1222 ·
1482 1191 1627 1245 ὅταν
1643 1193 1709 1246 δὲ
1733 1195 1956 1263 ἀπογα-

375 1269 666 1336 λακτήσω
700 1272 865 1336 αὐτὸ,
897 1272 1222 1340 ὀφθήσεται
1267 1275 1346 1340 τῷ
1383 1275 1678 1342 προσώπῳ
1715 1279 1953 1344 Καρίου,

377 1352 481 1405 καὶ
509 1353 811 1406 καθίσεται
837 1356 965 1409 ἐκεῖ
982 1356 1091 1422 ἕως
1105 1357 1338 1424 αἰῶνος.
1375 1359 1566 1430 Ὁρᾷς;
1603 1360 1842 1428 Ἀφεῖναι
1866 1363 1956 1414 ἐπὶ

373 1435 480 1505 τῆς
512 1437 708 1502 οίκίας,
741 1440 834 1492 καὶ
861 1440 1124 1504 ἀνελθεῖν,
1163 1442 1263 1494 ούκ
1308 1443 1554 1512 ἐνόμιζεν
1597 1439 1735 1496 εἶναι
1778 1446 1952 1514 ἀσφα-

373 1516 505 1580 λές·
544 1520 682 1589 μετά
725 1522 832 1592 γὰρ
863 1523 962 1594 τὴν
1013 1523 1105 1577 τοῦ
1140 1524 1309 1595 δώρου
1360 1526 1526 1591 δόσιν,
1568 1529 1667 1580 οὐκ
1717 1528 1956 1598 ἠνείχετο

371 1602 548 1671 χωρὶς
575 1603 668 1656 τοῦ
701 1604 872 1676 δώρου
896 1607 1164 1676 φανῆναι·
1190 1610 1544 1678 ἀναγαγοῦσα
1571 1612 1627 1665 δὲ
1660 1613 1841 1677 πάλιν,
1861 1615 1953 1668 καί

371 1682 617 1738 λαϐοῦσα
649 1687 798 1750 αὐτὸ,
835 1689 1112 1742 κατελθεῖν
1139 1689 1410 1747 ἐδεδοίκει.
1443 1693 1541 1747 Διά
1568 1696 1725 1749 τοῦτο
1770 1696 1952 1768 ἔμεινε

371 1769 568 1836 χρόνον
591 1770 861 1835 τοσοῦτον,
887 1771 1027 1825 ὥστε
1056 1773 1193 1842 μετά
1212 1775 1303 1827 τοῦ
1343 1775 1515 1846 δώρου
1552 1779 1805 1849 φανῆναι.
1842 1781 1952 1834 Καὶ

368 1850 648 1918 ἀνήγαγεν
700 1849 792 1906 οὖν
819 1893 832 1917 ,
871 1855 964 1906 καὶ
1009 1857 1263 1910 κατέλιπε
1285 1898 1299 1922 ,
1335 1861 1428 1911 καὶ
1459 1858 1582 1912 οὔτε
1616 1863 1820 1926 ἐκεῖνος
1846 1857 1952 1933 ’τῆς

367 1929 544 2016 θηλῆς
566 1934 945 2016 ,ἀποσπασθεὶς
970 1938 1325 2008 ἐδυσχέρανεν
1347 1958 1359 1970 ·
1398 1943 1509 1996 ίστε
1527 1943 1583 1996 δὲ
1614 1944 1728 2007 πῶς
1749 1929 1952 2016 ἀσχάλ-

366 2009 484 2096 λειν
520 2015 676 2070 εἴωθε
695 2020 762 2071 τὰ
786 2019 974 2073 παιδία
995 2021 1090 2091 τῆς
1120 2022 1585 2093 γαλακτοτροφίας
1606 2009 1947 2096 ἀπαγόμενα·

524 2098 646 2150 οὒτε
677 2100 880 2163 ἐκεῖνος
905 2102 1137 2170 ἤσχαλλε
1167 2106 1266 2172 τῆς
1294 2106 1500 2174 μητρὸς
1529 2094 1948 2180 ἀποσπώμενος,

364 2177 508 2231 ἀλλά
528 2180 662 2251 πρὸς
685 2183 777 2234 τὸν
794 2184 1068 2254 Δεσπότην
1091 2185 1306 2250 έϐλεπε,
1329 2186 1419 2240 τὸν
1449 2189 1541 2241 καὶ
1564 2177 1780 2262 ἐκείνην
1796 2193 1951 2263 ποιή-

365 2277 547 2316 σαντα
612 2264 843 2334 μητέρα,
881 2263 1003 2318 οὗτε
1035 2267 1170 2338 αὕτη
1205 2269 1358 2340 ἤλγει
1392 2272 1485 2324 τοῦ
1525 2273 1734 2327 παιδίου
1779 2294 1946 2346 χωρι-

363 2341 609 2430 ζομένη·
641 2347 884 2430 τὴνγγὰρ
916 2349 1024 2401 ἀπὸ
1049 2351 1152 2420 τῆς
1183 2353 1397 2421 φύσεως
1432 2341 1950 2430 συμπάθειαννμεσι-

363 2426 603 2480 τεύουσα
641 2429 674 2498 ἡ
701 2429 860 2499 χάρις
883 2431 1122 2502 ἐνίκησε,
1155 2435 1249 2488 καὶ
1282 2440 1517 2490 συνεῖναι
1552 2426 1810 2510 ἀλλήλοις
1838 2443 1948 2494 €66-

362 2527 518 2562 κουν.
552 2512 660 2563 Καὶ
686 2511 938 2584 καθάπερ
963 2515 1206 2585 ἄμπελος
1228 2519 1286 2571 ἐν
1312 2518 1392 2571 ἐνὶ
1428 2521 1684 2591 ἱδρυμένη
1741 2525 1944 2595 χωρίῳ,

365 2595 535 2664 μέχρι
563 2595 758 2648 πολλοῦ
787 2598 1017 2666 προάγει
1045 2599 1111 2651 τὰ
1136 2601 1410 2670 κλήματα,
1437 2604 1530 2656 καὶ
1552 2607 1617 2657 ἐκ
1641 2605 1834 2659 πολλοῦ
1854 2609 1946 2660 τοῦ

357 2676 736 2760 διαστήματος
772 2680 1117 2749 κρεμάμενος
1149 2684 1178 2735 ό
1202 2681 1394 2752 βότρυς
1424 2688 1490 2756 τῇ
1534 2686 1659 2760 ῥίζῃ
1699 2691 1948 2758 συγγίνε-

359 2774 456 2810 ται
476 2773 490 2786 ·
521 2757 662 2812 οὕτω
689 2759 754 2830 δὴ
787 2763 882 2814 καὶ
914 2763 1008 2815 ἐπὶ
1046 2763 1250 2834 ταύτης
1283 2765 1499 2833 ἐγένετο
1539 2757 1642 2839 τῆς
1651 2757 1943 2838 γυναικός.

359 2839 622 2924 Μένουσα
650 2843 757 2911 γάρ
784 2845 876 2896 ἐπὶ
895 2844 993 2914 τῆς
1016 2845 1242 2910 πόλεως,
1266 2847 1328 2900 τὸ
1354 2849 1540 2920 κλῆμα
1557 2853 1728 2924 αὐτῆς
1755 2854 1948 2920 ἐξέτει-

358 2940 457 2975 νεν
481 2922 584 2986 ἕως
617 2925 712 2976 τοῦ
754 2924 900 2987 ναοῦ,
926 2928 1100 3008 κάκεῖ
1128 2928 1218 2981 τὸν
1253 2929 1445 3001 βότρυν
1471 2922 1778 3004 ἐκρέμασεν
1810 2939 1945 3008 ῶρι-

363 3020 472 3073 μον
489 3019 505 3090 μ·
531 3007 624 3090 καί
652 3006 803 3059 οὐδὲν
826 3008 888 3060 τὸ
916 3007 1186 3079 διάστημα
1213 3011 1306 3064 τοῦ
1332 3013 1494 3067 τόπου
1517 3015 1830 3084 διεκώλυσε,
1846 3006 1948 3090 τῆς

361 3088 512 3142 κατὰ
538 3089 667 3143 Θεὸν
697 3091 917 3162 ἀγάπης
943 3094 1319 3163 συναπτούσης
1344 3101 1408 3168 τῇ
1437 3102 1604 3171 μητρί
1621 3102 1681 3154 τὸ
1710 3088 1943 3160 παιδίον.

360 3171 426 3224 Εἰ
459 3173 570 3242 γὰρ
603 3175 695 3260 καὶ
717 3177 893 3245 ἄωρος
927 3178 958 3246 ἡ
999 3177 1204 3247 ἡλικία,
1231 3179 1345 3233 ἀλλ’
1379 3181 1588 3254 ὥριμος
1632 3182 1700 3257 ἦν
1730 3189 1879 3259 αὐτῷ
1909 3192 1942 3260 ἡ

361 3257 558 3326 ἀρετὴ,
584 3258 677 3311 καὶ
708 3262 819 3322 τοῖς
847 3261 1228 3316 ἀναϐαίνουσιν
1250 3265 1330 3327 είς
1353 3265 1444 3320 τὸν
1477 3269 1603 3322 ναὸν
1628 3257 1948 3336 διδάσκαλος

363 3342 535 3426 τάσιν
564 3341 771 3409 ἐγίνετο
811 3342 1122 3408 θεοσεϐείας
1172 3347 1392 3418 πολλῆς.
1448 3353 1944 3426 Περιεργαζόμενοι

361 3425 475 3493 γὰρ
507 3426 600 3478 καὶ
627 3425 985 3512 μανθάνοντες
1015 3431 1114 3502 τῆς
1153 3436 1454 3504 γεννήσεως
1490 3437 1654 3490 αὐτοῦ
1687 3439 1778 3492 τὸν
1798 3425 1943 3512 ίτρό-

363 3526 492 3592 πον,
542 3510 817 3579 ἀρκοῦσαν
849 3513 1153 3583 ἐλάμϐανον
1193 3517 1558 3589 παράκλησιν,
1612 3523 1709 3592 τὴν
1747 3525 1826 3585 εἰς
1851 3510 1943 3577 τὸν

359 3591 498 3678 θιδν
541 3593 732 3648 ἐλπίδα
755 3595 826 3648 b.
866 3598 972 3648 Καὶ
1027 3598 1200 3662 οὐδεὶς
1241 3602 1383 3671 ὁρῶν
1429 3603 1491 3656 τὸ
1543 3591 1770 3669 παιδίον,
1815 3609 1939 3678 σιγῇ

362 3675 578 3746 κατῄει,
612 3677 745 3730 ἀλλὰ
773 3681 972 3742 πάντες
993 3680 1242 3745 ἐδόξαζον
1276 3683 1367 3736 τὸν
1402 3687 1532 3754 παρ’
1567 3687 1790 3750 ἐλπίδας
1811 3675 1941 3742 αὑτδ

361 3755 653 3812 δεδωκότα.
695 3760 793 3811 Διά
830 3760 1002 3812 ταῦτα
1066 3764 1094 3813 ὀ
1127 3763 1258 3825 Θεὸς
1296 3764 1586 3817 ἀνεϐάλετο
1617 3768 1708 3821 τὸν
1761 3770 1938 3836 τόκον,

362 3839 513 3894 ὥστε⁴
537 3843 800 3894 ἐπιτεῖναι
827 3843 1030 3913 ταύτην
1064 3843 1163 3913 τὴν
1211 3844 1424 3914 ἡδονὴν,
1473 3847 1613 3900 ὥστε
1650 3866 1942 3920 περιφανε-

364 3924 564 3995 στέραν
601 3926 700 3995 τὴν
721 3929 955 3993 γυναῖκα
993 3926 1236 3996 ποιῆσαι.
1284 3930 1346 3979 υί
1386 3930 1493 4000 γὰρ
1532 3930 1627 4002 τὴν
1657 3934 1940 4005 συμφοράν

359 4006 533 4076 αὐτῆς
560 4009 931 4077 ἐπιστάμενοι,
961 4010 1236 4081 μάρτυρες
1283 4010 1521 4078 ἐγίνοντο
1546 4017 1643 4084 τῆς
1678 4016 1770 4068 τοῦ
1806 4017 1939 4070 Θεοῦ

358 4089 586 4161 χάριτος
605 4107 618 4120 ·
656 4091 796 4144 ὥστε
818 4091 877 4144 τὸ
905 4091 1067 4145 πολὺν
1086 4093 1257 4163 αὐτὴν
1282 4095 1340 4145 ἐν
1366 4095 1589 4168 ἀπαιδίᾳ
1617 4101 1797 4169 μεῖναι
1823 4102 1941 4171 χρό-

355 4191 452 4226 νον
481 4176 908 4247 γνωριμωτέραν
933 4193 991 4228 τε
1014 4177 1179 4230 πᾶσιν
1209 4177 1454 4249 ἐποίησε,
1499 4182 1591 4234 καί
1620 4183 1769 4254 παρά
1799 4186 1938 4237 πάν-

352 4272 470 4310 των
503 4260 673 4328 αὐτὴν
698 4259 1094 4330 μακαρίζεσθαι
1145 4261 1238 4313 καὶ
1271 4262 1665 4333 θαυμάζεσθαι,
1724 4267 1817 4320 καὶ
1847 4269 1938 4321 τὸν

354 4337 514 4414 [ἸΞΞ]
546 4342 679 4394 Θεὸν
713 4342 1152 4414 εὐχαριστεῖσθαι
1181 4344 1247 4396 δι’
1305 4347 1482 4416 αὐτῆς
1533 4350 1934 4420 παρεσκεύασε.

353 4423 543 4479 Ταῦτα
572 4427 628 4479 δὲ
659 4426 822 4495 λέγω,
848 4427 930 4480 ἵνα
955 4427 1058 4480 κᾶν
1078 4429 1236 4498 ἡμεῖς
1270 4428 1465 4500 ἴδωμεν
1488 4431 1651 4499 ἁγίας
1673 4437 1937 4501 γυναῖκας

351 4506 415 4560 ἐν
447 4509 671 4580 ἀπαιδίᾳ
694 4508 879 4574 οὔσας,
911 4509 942 4580 ἢ
979 4512 1035 4563 ἐν
1074 4511 1216 4580 ἄλλῳ
1253 4513 1358 4567 τινὶ
1393 4513 1550 4584 δεινῷ
1578 4517 1822 4586 τοιούτῳ,
1861 4520 1935 4594 μὴ

352 4589 800 4674 δυσχεραίνωμεν
827 4632 840 4653 ,
879 4594 1013 4662 μηδὲ
1062 4594 1438 4664 ἀσχάλλωμεν,
1503 4601 1636 4669 μηδὲ
1689 4589 1936 4674 λέγωμεν

356 4673 498 4743 ’πρὸς
516 4674 736 4758 ἑαυτούς
756 4691 770 4704 ·
792 4677 855 4728 Τί
881 4674 1079 4746 δήποτε
1098 4679 1364 4746 περιεῖδεν
1387 4680 1415 4730 ὁ
1443 4680 1574 4745 Θεὸς
1597 4686 1713 4752 μετ’
1736 4673 1937 4758 ἀρετῆς

357 4755 628 4826 τοσαύτης
656 4755 836 4819 ζῶσαν
865 4760 1118 4825 γυναῖκα,
1148 4760 1239 4811 καὶ
1268 4762 1482 4815 παιδίον
1513 4765 1650 4834 αὐτῇ
1678 4755 1784 4820 οὐκ
1806 4755 1936 4822 ἑδω-

359 4854 486 4905 κεν;
516 4839 590 4890 Οὐ
631 4839 740 4910 γὰρ
768 4840 1129 4911 περιορῶντος
1160 4843 1334 4898 ταῦτά
1367 4847 1536 4913 ἐστιν,
1581 4848 1694 4902 ἀλλ’
1735 4851 1934 4916 εἰδότος

354 4919 883 5006 σιδΑσυμφὲρονὴμῖν
904 4924 1064 4994 ἡμῶν
1098 4925 1278 4979 αὐτῶν
1301 4928 1708 5003 ἀκριϐέστερον.
1754 4935 1934 5006 Ἀνῄει

355 5003 537 5058 τοίνυν
581 5007 662 5068 εἰς
694 5005 786 5059 τὸν
815 5007 962 5066 ναὸν.
997 5009 1090 5062 καὶ
1126 5009 1187 5062 τὸ
1210 5011 1393 5080 ἀρνίον
1419 5015 1500 5076 εἰς
1534 5016 1634 5084 τὴν
1673 5003 1930 5090 ποίμνην,

357 5089 451 5142 καὶ
478 5088 567 5142 τὸν
597 5090 794 5160 μόσχον
822 5091 902 5153 εἰς
928 5092 1026 5162 την
1048 5091 1250 5164 ἀγέλην
1280 5096 1562 5168 εἰσήγαγε,
1601 5100 1695 5153 καὶ
1726 5103 1805 5162 εἰς
1841 5088 1932 5156 τὸν

355 5168 598 5256 λειμῶνα
628 5174 690 5226 τὸ
719 5174 870 5245 ῥόδον
899 5176 961 5229 τὸ
1009 5177 1262 5230 ἀκανθῶν
1307 5180 1747 5254 ἀπηλλαγμένον,
1781 5187 1931 5256 ῥόδον

353 5255 613 5310 οὐδέποτε
646 5258 1062 5330 μαραινόμενον,
1091 5261 1228 5315 ἀλλά
1275 5263 1540 5333 διηνεκῶς
1589 5255 1803 5334 ἀνθοῦν,
1839 5273 1932 5324 καὶ

357 5338 494 5407 πρὸς
513 5339 688 5420 ριὺτὸν
720 5340 1014 5411 δυνάμενον
1057 5344 1388 5417 ἀναδραμεῖν
1444 5348 1534 5402 τὸν
1570 5351 1816 5420 οὐρανὸν,
1867 5347 1930 5406 οὗ

355 5425 454 5492 τῆς
493 5406 719 5488 εῦωδίας
750 5427 986 5490 ἅπαντες
1014 5429 1062 5480 οἱ
1115 5430 1256 5484 κατά
1308 5431 1405 5502 τὴν
1437 5435 1760 5508 οἰκουμένην
1789 5439 1931 5492 ἀντι-

417 5565 442 5635 ξ
471 5565 591 5635 [ξος.
628 5572 682 5635 et_
712 5566 846 5635 Golb.
875 5582 1002 5635 u_nus
1012 5572 1278 5635 προσεῖχεν.

416 5623 445 5664 ιι
470 5623 736 5677 cuibeuiui
759 5637 842 5686 τῆς
875 5632 940 5686 εἰς
975 5623 1062 5680 τὸν·
1079 5623 1424 5699 emax-:6”,
1448 5645 1500 5687 el
1530 5640 1601 5689 sic
1627 5642 1773 5691 etiam
1798 5643 1918 5705 Reg.

646 5730 915 5791 ΡΑτιιοι..
963 5735 1081 5794 Gn.
1131 5737 1283 5798 LH’.

1668 251 1754 310 DE
1793 254 1976 312 ANNA
2019 250 2250 318 διςηιιο
2290 254 2378 319 HI.

382 359 570 430 πολλῷ
607 361 857 432 μᾶλλονή
889 345 1025 434 γυνὴ
1057 363 1193 434 μετά
1225 365 1481 437 τοιαύτης
1506 369 1580 438 τῷ
1611 371 1806 442 παιδίῳ
1829 370 1968 441 γνώ-

385 464 500 518 μης
538 446 881 516 προσέχουσα
907 459 956 510 ι,
993 448 1087 501 καὶ
1135 449 1266 519 πρὶν
1310 451 1388 514 εἰς
1433 452 1526 504 τὸν
1575 455 1700 508 ναὸν
1745 458 1968 524 εἰσαγα-

380 531 524 595 γεῖν,
558 529 651 581 καὶ
680 529 850 597 ἐφίλει
887 530 1147 600 μειζόνως
1183 533 1214 602 ἢ
1252 533 1327 596 ὡς
1372 533 1600 602 παιδίον,
1650 539 1743 588 καὶ
1769 537 1964 608 ἐθερά-

3533 279 3636 328 ϋῖιῧ

2070 375 2432 444 λαμϐάνονται
2463 381 2622 451 μέχρι
2651 382 2906 451 τήμερον.
2928 376 3189 446 Τοσοῦτος
3210 376 3302 438 οὖν
3337 385 3470 436 ἐτῶν
3506 405 3638 471 παρ-

2069 473 2230 543 ῆλθεν
2260 476 2509 548 ἀριθμὸς,
2541 480 2633 532 καί
2657 481 2723 533 τά
2747 481 2846 549 τῆς
2875 482 3071 552 ἀρετῆς
3091 482 3187 551 τῆς
3217 483 3357 537 κατὰ
3379 484 3476 552 τὴν
3501 485 3636 536 εὕω-

2065 571 2183 624 δίαν
2211 573 2411 645 ταύτην
2437 576 2784 639 ἐπιτείνεται,
2816 578 2908 630 καὶ
2933 579 2993 630 ού
3017 579 3236 647 γέγονεν
3273 579 3635 651 ἀσθενεστέρα

2064 665 2141 734 τῷ
2177 668 2366 738 πλήθει
2397 669 2490 722 τοῦ
2522 670 2713 743 χρόνου
2772 673 3004 746 Τοιαύτη
3040 674 3148 745 γάρ
3177 675 3286 727 τῶν
3337 694 3633 745 πνευματιε

2064 753 2175 805 κῶν
2201 757 2233 825 ἡ
2270 755 2449 822 φύσις.

2109 865 2176 925 γ’.
2196 859 2417 928 Ἀνῆλθε
2437 861 2612 914 τοίνυν
2631 863 2692 915 τὸ
2709 861 2867 916 καλὸν
2889 865 3040 934 ἔρνος
3053 864 3211 918 τοῦτο
3231 883 3328 936 μετ
3337 867 3636 935 αφυτεύου-

2061 971 2149 1021 σα,
2185 958 2277 1009 καὶ
2334 959 2582 1030 καθάπερ
2635 965 2682 1014 οἰ
2717 962 2993 1030 φιλόπονοι
3023 966 3131 1018 τῶν
3157 966 3406 1034 γηπόνων
3441 965 3635 1034 πρότεο

2062 1068 2151 1121 ρον
2181 1055 2472 1125 σπέρματα
2497 1061 2576 1120 εἰς
2611 1059 2709 1127 τὴν
2733 1060 2835 1128 γῆν
2864 1061 3258 1115 καταϐάλλουσι
3285 1062 3632 1132 κυπαρίττων

2058 1150 2151 1201 καὶ
2183 1150 2383 1220 ἐτέρων
2418 1152 2692 1215 τοιούτων,
2720 1151 2858 1218 εἶτα,
2888 1155 3106 1209 ἐπειδὰν
3143 1156 3290 1210 ἴδωσι
3323 1158 3384 1210 τὸ
3411 1157 3630 1230 σπέρμα

2056 1244 2267 1315 δένδρον
2291 1247 2580 1318 γενόμενον
2600 1290 2613 1313 ,
2664 1252 2764 1303 οὐκ
2806 1251 3026 1318 ἀφιᾶσιν
3056 1253 3148 1304 ἐπὶ
3175 1257 3274 1322 τῆς
3306 1255 3474 1318 αὐτῆς
3505 1257 3629 1323 γῆς.

2057 1341 2170 1393 ἀλλ’
2203 1343 2614 1406 ἀνασπάσαντες
2645 1344 2871 1406 ἐκεῖθεν,
2913 1344 2998 1412 ἐφ’
3027 1345 3220 1414 ἑτέραν
3253 1345 3630 1416 μεταμοσχεύ--

2055 1443 2173 1479 ουσι
2204 1439 2227 1466 ο
2265 1428 2468 1499 χώραν,
2499 1430 2639 1482 ὥστε
2667 1430 3003 1502 νεαρώτερον
3053 1431 3165 1492 τοῖς
3198 1431 3416 1494 κόλποις
3441 1433 3631 1485 ὑποδε-

2055 1513 2292 1585 ξαμένην
2321 1517 2418 1587 τὴν
2433 1517 2553 1587 γῆν,
2572 1518 2844 1588 ἀκραιφνῆ
2871 1519 2963 1571 καὶ
2991 1517 3280 1587 ὀλόκληρον
3305 1517 3404 1586 τὴν
3431 1519 3628 1588 ἑαυτῆς

2054 1610 2283 1682 δύναμιν
2333 1615 2414 1675 εἰς
2460 1613 2558 1684 τὴν
2587 1613 2894 1683 ἀνατροφὴν
2950 1613 3164 1683 ἐκείνης
3215 1613 3477 1678 ἐπιδεῖξαι
3529 1611 3628 1682 τῆς

2057 1695 2212 1766 ῥίζης
2231 1712 2244 1725 ο
2273 1695 2416 1749 οὕτω
2437 1697 2530 1749 καὶ
2561 1698 2593 1766 ή
2621 1696 2757 1767 γυνὴ
2785 1697 3038 1767 ἐποίησεν
3067 1695 3225 1766 αὓτη.
3254 1696 3326 1747 Τὸ
3357 1695 3464 1766 γάρ
3501 1711 3628 1746 παι·

2053 1782 2162 1834 δίον
2205 1783 2265 1834 τὸ
2322 1783 2450 1852 παρ’
2478 1783 2697 1846 ἐλπίδας
2752 1785 2959 1853 σπαρέν
2987 1785 3044 1835 ἐν
3069 1787 3132 1853 τῇ
3172 1783 3368 1853 γαστρὶ
3413 1782 3624 1851 ἐκείνῃ,

2058 1877 2357 1947 μετέθηκεν
2379 1875 2483 1930 ἀπὸ
2506 1876 2602 1946 τῆς
2627 1877 2820 1941 οἰκίας,
2840 1877 2932 1929 καὶ
2959 1878 3037 1938 εἰς
3060 1877 3148 1928 τὸν
3165 1878 3286 1929 ναὸν
3310 1876 3623 1944 ἐφύτευσεν,

2054 1963 2181 2016 ἔνθα
2204 1964 2378 2032 πηγαὶ
2408 1965 2501 2016 καὶ
2538 1963 2746 2035 ἀρδεῖαι
2797 1965 3163 2034 πνευματικαὶ
3214 1964 3306 2015 καὶ
3338 1963 3621 2031 διηνεκεῖς.

2052 2047 2162 2098 Καὶ
2193 2043 2260 2116 ἧν
2294 2048 2419 2101 ἰδεῖν
2452 2050 2625 2101 ἐκεῖνο
2652 2048 2713 2100 τὸ
2751 2047 3082 2118 προφητικὸν
3136 2047 3225 2099 ἐπ’
3259 2047 3454 2109 αὐτοὺς
3485 2046 3622 2115 πλη-

2053 2135 2334 2204 ρούμενον,
2361 2137 2497 2208 ὅπερ
2531 2137 2559 2188 ὁ
2586 2135 2748 2189 Δαυῖδ
2781 2136 2964 2204 έλεγεν
3003 2136 3143 2207 ᾄδων
3186 2135 3357 2198 οὕτως
3377 2152 3390 2162 ·
3423 2134 3627 2188 Μακά-

2042 2238 2176 2288 ριος
2211 2222 2387 2288 ἀνὴρ,
2421 2222 2488 2288 ὃς
2537 2225 2648 2277 οὐκ
2689 2223 2982 2290 ἐπορεύθη
3015 2224 3084 2276 ἐν
3129 2220 3336 2289 ,ϐουλῇ
3366 2219 3622 2281 ἀσεϐῶν,

2049 2309 2147 2362 καί
2172 2310 2242 2362 ἐν
2260 2308 2378 2374 ὀδῷ
2401 2310 2758 2378 ἁμαρτωλῶν
2773 2312 2884 2364 οὐκ
2909 2310 3079 2377 ἔστη,
3098 2310 3194 2364 καί
3214 2309 3311 2362 ἐπὶ
3333 2308 3626 2375 καθέδραν

2045 2395 2271 2466 λοιμῶν
2293 2399 2403 2450 οὐκ
2430 2396 2712 2451 ἐκάθισεν
2732 2413 2745 2426 ·
2778 2398 2917 2450 ἀλλ’
2946 2397 2985 2465 ἣ
3019 2397 3088 2450 ἐν
3116 2396 3196 2461 τῷ
3221 2398 3381 2463 νόμῳ
3403 2395 3624 2462 Κυρίου

2047 2484 2112 2536 τὸ
2148 2485 2378 2554 θέλημα
2399 2485 2606 2549 αὑτοῦ,
2634 2484 2730 2538 καὶ
2768 2484 2836 2536 ἐν
2857 2483 2936 2548 τῷ
2957 2485 3122 2551 νόμῳ
3151 2483 3338 2537 αὐτοῦ
3373 2481 3624 2552 μελετή-

2046 2585 2142 2624 σει
2174 2572 2398 2640 ἡμέρας
2436 2576 2533 2626 καὶ
2564 2573 2816 2637 νυκτός·
2851 2571 2951 2625 καί
3009 2572 3178 2625 ἕσται
3206 2572 3284 2636 ὡς
3323 2571 3388 2624 τὸ
3435 2569 3625 2633 ξύλον

2045 2659 2113 2711 τὸ
2133 2659 2587 2729 πεφυτευμένον
2602 2664 2761 2727 παρὰ
2777 2659 2883 2726 τὰς
2903 2659 3212 2724 διεξόδους
3231 2657 3347 2711 τῶν
3372 2657 3621 2720 ὑδάτων,

2046 2746 2078 2799 ὃ
2112 2747 2219 2799 τὸν
2255 2749 2488 2814 καρπὸν
2523 2748 2708 2801 αὑτοῦ
2748 2747 2925 2800 δώσει
2956 2748 3026 2799 ἐν
3083 2745 3264 2813 καιρῷ
3305 2744 3512 2799 αὑτοῦ.
3545 2744 3621 2797 Οὐ

2045 2829 2153 2899 γὰρ
2185 2831 2321 2899 μετὰ
2347 2830 2445 2901 τὴν
2475 2832 2670 2901 πεῖραν
2706 2831 2806 2900 τῆς
2840 2831 3036 2892 κακίας
3062 2831 3153 2882 ἐπὶ
3173 2829 3271 2900 τὴν
3302 2828 3621 2896 ἀπαλλαγὴν

2047 2915 2146 2984 τῆς
2197 2916 2394 2978 κακίας
2431 2911 2617 2985 ἦλθεν,
2655 2916 2769 2969 ἀλλ’
2818 2914 2877 2981 ἐξ
2917 2916 3096 2969 αὐτῶν
3137 2915 3244 2968 τῶν
3294 2915 3621 2984 σπαργάνων

2046 3001 2142 3072 τὴν
2159 3001 2355 3072 ἀρετὴν
2376 3002 2547 3055 εἵλετο
2565 3021 2577 3032 ·
2609 3003 2670 3055 ού
2705 3002 2932 3071 μετέσχε
2963 3001 3251 3072 συνεδρίων
3276 3001 3622 3072 παρανομίαν

2046 3090 2297 3160 ἑχόντων,
2327 3089 2447 3143 οὐδὲ
2475 3088 2797 3157 ἐκοινώνησε
2826 3089 3096 3157 συλλόγων
3129 3088 3382 3152 ἀσεϐείας
3411 3087 3620 3158 πεπλη-

2049 3178 2325 3250 ρωμένων,
2357 3178 2472 3230 ἀλλ’
2500 3181 2563 3231 ἐκ
2591 3177 2813 3250 πρώτης
2842 3178 3056 3248 ἡλικίας
3081 3177 3186 3230 ἀπὸ
3214 3177 3305 3230 τοῦ
3334 3175 3505 3247 μαζοῦ
3522 3180 3622 3246 τῆς

2050 3267 2252 3337 μητρὸς
2289 3267 2372 3335 ἐφ’
2406 3267 2592 3338 ἕτερον
2648 3263 2779 3337 ἦλθε
2840 3265 3010 3336 μαζὸν
3065 3265 3453 3335 πνευματικόν.
3511 3267 3622 3318 Καὶ

2044 3348 2232 3420 ῶσπερ
2280 3350 2495 3420 δένδρον
2549 3348 2832 3419 διηνεκοῦς
2882 3347 3155 3401 ἀπολαῦον
3192 3347 3434 3419 ἀρδείας,
3483 3346 3621 3418 πρὸς

2045 3435 2177 3505 ὕψος
2204 3436 2490 3508 ἀνατρέχει
2529 3436 2670 3506 μέγα
2691 3452 2704 3467 ·
2727 3435 2870 3489 οὕτω
2899 3435 2963 3506 δὴ
2993 3437 3085 3488 καὶ
3111 3427 3266 3498 οὗτος
3294 3435 3430 3506 πρὸς
3452 3435 3620 3505 ἄκρον

2043 3523 2276 3592 ἔφθασεν
2328 3525 2546 3595 ἀρετῆς,
2596 3525 2662 3594 τῇ
2713 3522 2820 3576 τῶν
2857 3523 3015 3576 θείων
3044 3522 3239 3590 λογίων
3271 3521 3620 3592 ποτιζόμενος

2043 3611 2302 3680 ἀκροάσει
2329 3611 2612 3678 διηνεκῶς.
2650 3611 2789 3662 Ἀλλ’
2813 3611 3012 3681 ἴδωμεν
3049 3610 3166 3673 πῶς
3201 3609 3363 3663 αὑτὸν
3391 3610 3620 3678 ἐφύτευ-

2045 3716 2136 3750 σεν
2157 3716 2169 3728 ο
2205 3699 2653 3767 ἀκολουθήσωμεν
2679 3701 2746 3767 τῇ
2782 3699 3022 3764 γυναικὶ,
3060 3698 3385 3765 εἰσέλθωμεν
3422 3701 3501 3761 εἰς
3529 3700 3619 3752 τὸν

2043 3785 2167 3836 ναὸν
2200 3784 2318 3850 μετ’
2348 3784 2536 3854 αὐτῆς.
2580 3783 2802 3846 Ἀνέϐη,
2832 3787 2986 3853 φησὶ,
3013 3788 3142 3851 μετ’
3172 3785 3358 3836 αὐτοῦ
3391 3786 3478 3848 είς
3505 3788 3614 3849 Ση-

2041 3870 2171 3938 ,ὶὼμ
2198 3869 2225 3909 ά
2255 3871 2326 3922 ἐν
2342 3870 2554 3938 μόσχῳ
2591 3869 2946 3936 τριετίζοντι.
2989 3870 3160 3939 Διπλῆ
3187 3871 3370 3923 λοιπὸν
3401 3874 3432 3940 ἡ
3459 3871 3618 3924 θυσία

2041 3957 2249 4024 ἐγίνετο
2270 3973 2284 3988 ·
2307 3957 2402 4010 καὶ
2437 3951 2505 4026 ἦν
2534 3956 2753 4025 μόσχος,
2781 3960 2810 4010 ὁ
2835 3957 2934 4026 μὲν
2962 3957 3174 4024 ἄλογος,
3212 3955 3364 4027 [7'26]
3392 3961 3419 4010 ὁ
3443 3957 3500 4009 δὲ
3531 3957 3617 4009 λο-

2040 4044 2222 4110 γικός*
2247 4044 2440 4096 καὶτὸν
2457 4043 2554 4113 μὲν
2585 4045 2614 4094 ό
2637 4043 2812 4112 ἱερεὺς
2837 4042 3122 4109 κατέθυσε,
3147 4042 3334 4096 τοῦτον
3354 4042 3409 4095 δὲ
3429 4045 3461 4112 ἡ
3479 4043 3615 4113 γυνὴ

2040 4133 2270 4202 ἀνέθηκε
2295 4149 2308 4161 ’
2337 4132 2535 4202 μᾶλλον
2561 4131 2618 4184 δὲ
2645 4135 2742 4202 τῆς
2769 4133 3024 4200 γυναικὸς
3051 4127 3117 4202 ἧν
3143 4131 3364 4201 βελτίων
3393 4134 3424 4201 ἡ
3457 4131 3616 4185 θυσία

2040 4224 2138 4292 τῆς
2171 4221 2380 4285 θυσίας,
2439 4223 2502 4292 ἣν
2549 4223 2578 4274 ό
2633 4221 2810 4292 ἱερεὺς
2856 4222 3163 4292 ἀνήνεγκε·
3218 4223 3310 4274 καί
3333 4222 3440 4291 γάρ
3475 4221 3611 4287 αὕτη

2042 4309 2213 4379 ἱέρεια
2244 4309 2352 4362 τῶν
2385 4309 2600 4362 οἰκείων
2629 4309 2952 4379 σπλάγχνων
2984 4309 3215 4378 ἐγίνετο,
3261 4310 3356 4363 καὶ
3390 4311 3482 4362 τὸν
3509 4326 3614 4360 πα-

2038 4397 2306 4468 τριάρχην
2333 4395 2587 4467 Ἀϐραὰμ
2612 4399 2941 4467 ἐμιμήσατο,
2991 4398 3081 4451 καὶ
3115 4399 3249 4469 πρὸς
3278 4399 3481 4451 ἐκεῖνον
3513 4397 3613 4466 τὴν

2039 4485 2269 4555 ἅμιλλαν
2301 4483 2471 4537 ἔθετο.
2536 4484 2678 4536 Ἀλλ’
2727 4487 2931 4546 ἐκεῖνος
2986 4486 3086 4554 μὲν
3120 4485 3298 4538 λαϐὼν
3332 4487 3422 4538 τὸν
3475 4485 3608 4548 υίὸν,

2038 4573 2378 4643 κατήγαγεν·
2415 4571 2553 4642 αὕτη
2584 4572 2639 4624 δὲ
2668 4573 2879 4643 ἀφῆκεν
2906 4574 2964 4624 ἐν
2994 4573 3071 4643 τῷ
3095 4573 3206 4642 ναῷ
3233 4576 3413 4642 μένειν
3438 4575 3613 4641 διηνε..

2039 4661 2148 4724 κῶς
2169 4677 2183 4690 °
2223 4660 2420 4730 μᾶλλον
2452 4661 2508 4713 δὲ
2531 4660 2778 4722 κάκεῖνος
2812 4660 3045 4730 ἀνέθηκε
3086 4661 3332 4712 καθόλου.
3388 4660 3479 4730 Μὴ
3505 4659 3612 4730 γὰρ

2037 4747 2100 4818 δὴ
2130 4745 2289 4800 τοῦτο
2328 4746 2464 4818 ἴδῃς,
2490 4745 2570 4797 ὅτι
2604 4747 2703 4799 οὐκ
2757 4746 3010 4815 ἔσφαξεν,
3049 4747 3161 4798 ἀλλ’
3193 4748 3273 4798 ὅτι
3310 4749 3371 4816 τῇ
3419 4747 3613 4820 γνώμῃ

2037 4834 2098 4887 τὸ
2128 4838 2233 4890 πᾶν
2265 4835 2585 4906 ἀπήρτισεν.
2629 4829 2778 4898 Εἶδες
2813 4836 3046 4902 γυναῖκα
3079 4835 3213 4904 πρὸς
3251 4833 3419 4904 ἄνδρα
3460 4835 3613 4902 ἀμιλ-

2036 4924 2318 4994 λωμένην;
2351 4920 2487 4988 εἶδες
2519 4923 2674 4978 οὐδὲν
2709 4923 2860 4994 παρά
2886 4924 2986 4992 τῆς
3019 4924 3230 4991 φύσεως
3269 4923 3612 4994 ἐμποδιτοεῖ-

2037 5029 2136 5066 σαν
2176 5011 2416 5084 ζηλῶσαι
2443 5012 2534 5065 τὸν
2569 5012 2947 5082 πατριάρχην;
2987 5010 3124 5064 Ἀλλ’
3153 5011 3350 5081 ἴδωμεν
3372 5010 3486 5074 πῶς
3517 5010 3610 5062 αὐ-

2033 5102 2125 5154 τὸν
2149 5100 2456 5170 ἀνατίθησι.
2479 5093 2912 5168 Προσελθοῦσα
2940 5098 3018 5165 τῷ
3037 5099 3196 5168 ἱερεῖ,
3217 5096 3386 5152 εἶπεν
3413 5095 3572 5162 αὺτῷ
3590 5109 3605 5124 ⁸

2047 5193 2149 5246 Ἐν
2195 5191 2343 5260 ἐμοὶ,
2391 5191 2577 5257 κύριε.
2634 5189 2700 5242 Τί
2738 5189 2868 5243 ποτέ
2897 5191 3064 5250 ἐστιν.
3121 5191 3224 5243 Ἐν
3275 5183 3438 5256 ἐμοί;
3473 5184 3606 5240 Μετ’

2031 5279 2316 5351 ἀκριϐείας
2347 5280 2580 5350 πρόσεχε
2624 5281 2736 5342 τοῖς
2766 5277 3100 5348 λεγομένοις,
3155 5276 3338 5344 φησίν.
3387 5269 3605 5342 Ἐπειδὴ

2032 5371 2138 5440 γὰρ
2161 5369 2350 5440 χρόνος
2383 5366 2625 5439 παρῆλθε
2657 5367 2843 5433 πολὺς,
2875 5367 3180 5436 ἀναμνῆσαι
3218 5363 3459 5417 Βούλεται
3500 5360 3605 5413 πά‹

2091 5525 2114 5555 ε
2138 5522 2524 5586 Μεταμοσχεύειν
2563 5521 2809 5586 Hesychia
2830 5527 2910 5586 es}
2951 5517 3324 5576 transmanmw,
3347 5529 3491 5578 quam
3528 5518 3601 5564 in-

2032 5583 2435 5645 terpretationem
2465 5584 2544 5633 hic
2563 5583 2811 5632 conﬁrmat
2841 5584 3228 5642 (Thrysmtomus.

2094 5648 2119 5686 ἀ
2146 5645 2281 5697 Colb.
2308 5659 2433 5693 unus
2455 5645 2629 5691 Σιλώιι.

3194 5763 3268 5824 18
