4094 6256
377 240 493 297 ϐῗὶῖ

377 358 599 413 fuerant
618 356 672 411 lu
703 353 1013 411 memoriam
1034 365 1307 417 revocare,
1337 351 1561 420 ideoque
1585 349 1750 405 dicit:
1780 348 1845 402 In
1868 363 1967 412 me,

375 448 759 514 dominenivit
786 446 957 500 anima
977 454 1063 498 tua
1092 460 1110 498 :
1144 458 1234 513 ego
1262 458 1372 497 sum
1403 440 1583 495 mulier
1614 456 1727 511 qua!
1769 441 1971 494 constiti

375 542 438 596 in
463 552 733 613 conspectu
774 551 859 594 tuo
898 541 1170 608 deprecans
1213 537 1484 591 Dominum
1527 551 1617 603 pro
1659 550 1813 603 puero
1852 534 1965 586 hoc.

378 632 570 699 E/fudi
614 648 783 702 preces
829 631 897 683 ad
936 630 1229 693 Dominum,
1281 638 1326 681 et
1356 628 1444 680 ille
1488 626 1626 680 dedit
1674 626 1799 677 mihi
1844 625 1967 690 peti-

378 722 597 785 tionem,
651 737 803 791 quam
848 718 1073 789 petebam
1128 718 1191 771 ab
1219 734 1295 771 eo.
1316 716 1383 768 Et
1414 733 1504 787 ego
1539 716 1798 769 commodo
1824 716 1965 768 illum

378 808 610 864 Domino
636 850 655 876 ,
712 818 769 861 ut
815 809 998 864 serviat
1054 806 1268 860 Domino
1302 848 1315 869 ,
1374 805 1604 860 omnibus
1652 804 1826 857 diebus
1854 809 1968 856 vita

376 916 497 953 sua:
539 898 614 970 (1.
643 898 764 969 Reg.
792 902 844 952 1.
894 899 984 951 27.
1027 898 1140 965 ’28).
1203 897 1316 950 Non
1365 896 1531 962 dixit,
1584 896 1697 965 Ego
1730 911 1846 948 sum
1880 894 1965 947 illa

380 990 603 1054 mulier,
630 991 713 1043 cui
739 998 790 1041 tu
817 989 1168 1057 exprobrasti,
1193 1002 1347 1056 quam
1373 985 1666 1039 maledictis
1690 985 1962 1053 impetisti,

378 1095 550 1149 quam
580 1080 725 1134 velut
742 1064 1084 1134 temulentam
1110 1087 1164 1133 et
1186 1078 1386 1131 ebriam
1405 1076 1633 1131 derisisti
1656 1091 1670 1140 ;
1695 1073 1813 1128 ideo
1828 1074 1967 1126 Deus

382 1171 488 1224 tibi
520 1169 811 1225 declarabit
837 1184 925 1224 me
951 1184 1052 1222 non
1081 1184 1200 1223 esse
1220 1168 1564 1233 vinolentam,
1596 1176 1647 1221 te
1686 1181 1815 1221 vero
1857 1163 1965 1218 cri-

379 1276 513 1315 men
542 1261 642 1315 hoc
671 1269 869 1315 temere
891 1259 1017 1314 mihi
1047 1259 1349 1330 impegisse.
1368 1258 1505 1312 Nihil
1531 1257 1830 1327 hujusmodi
1849 1272 1967 1310 ver-

379 1352 578 1406 borum
608 1367 916 1420 asperorum
948 1351 1098 1417 dixit,
1128 1351 1218 1404 sed
1238 1349 1399 1404 multa
1421 1364 1540 1404 cum
1564 1349 1965 1404 mansuetudine

379 1441 660 1512 loquitur:
689 1443 817 1496 licet
843 1442 1061 1495 haberet
1106 1456 1281 1496 rerum
1328 1447 1576 1495 eventum
1608 1439 1704 1493 sibi
1735 1439 1963 1506 patroci-

381 1544 631 1597 nantem,
658 1546 721 1585 ac
742 1532 861 1600 jure
887 1539 1066 1600 posset
1095 1529 1425 1599 exprobrare
1451 1528 1736 1592 sacerdoti,
1753 1527 1892 1598 quod
1912 1526 1964 1581 id

384 1623 652 1691 temporis
678 1622 843 1691 ipsam
877 1631 1078 1676 temere
1107 1622 1238 1675 citra
1265 1635 1480 1675 causam
1524 1620 1820 1674 incusasset
1841 1635 1855 1673 :
1880 1619 1962 1673 ni-

380 1714 462 1768 hil
487 1715 673 1769 horum
704 1714 848 1779 facit,
871 1714 965 1768 sed
997 1721 1201 1767 tantum
1232 1714 1613 1767 commemorat
1638 1712 1735 1766 Dei
1759 1725 1881 1780 erga
1904 1723 1964 1763 se

376 1805 812 1860 beneficentiam.
860 1794 1150 1859 Considera
1178 1818 1306 1858 vero
1329 1812 1538 1873 gratum
1564 1817 1625 1856 ac
1649 1801 1961 1871 prudentem

375 1898 593 1951 ancilla:
622 1897 879 1951 animum.
911 1894 1042 1950 Cum
1067 1893 1415 1962 afﬂigeretur,
1440 1893 1635 1947 nemini
1667 1906 1816 1946 suam
1838 1905 1962 1959 ape-

375 1991 490 2043 ruit
516 1988 894 2052 calamitatem,
923 2000 1020 2041 nec
1043 1983 1305 2041 sacerdoti
1328 1983 1491 2038 dixit:
1512 1982 1772 2036 {Emulam
1792 1980 1963 2035 habeo

378 2082 696 2146 mulierem,
725 2094 844 2150 qua:
868 2077 1004 2133 mihi
1032 2076 1363 2146 exprobrans
1381 2072 1799 2142 conviciansque
1821 2071 1955 2125 cho-

376 2188 501 2226 rum
532 2171 691 2225 habet
718 2171 1010 2225 libcrorum
1040 2184 1055 2222 :
1083 2182 1182 2237 ego
1207 2182 1335 2221 vero
1360 2181 1479 2236 quae
1500 2164 1960 2220 mansuetudinem

373 2262 525 2324 colo,
555 2261 621 2314 ad
652 2260 793 2315 hunc
814 2273 979 2328 usque
1000 2257 1139 2312 diem
1166 2256 1399 2311 nondum
1426 2256 1573 2327 potui
1606 2255 1719 2310 fieri
1748 2263 1917 2309 mater
1942 2270 1956 2317 ;

373 2352 478 2407 sed
514 2353 653 2407 Deus
690 2350 948 2405 conclusit
982 2350 1192 2404 vulvam
1238 2362 1446 2413 meam,
1493 2361 1718 2415 cumque
1759 2345 1962 2398 videret

372 2442 725 2498 al‘tiictionem
754 2457 948 2510 meam,
995 2456 1099 2495 non
1142 2449 1224 2495 est
1266 2440 1534 2495 misertus.
1579 2439 1720 2493 Nihil
1772 2438 1958 2491 horum

372 2535 518 2589 dixit
543 2549 557 2588 :
586 2534 680 2588 sed
706 2547 999 2603 suppresso
1024 2532 1338 2586 calamitatis
1363 2545 1597 2601 genere,
1648 2538 1849 2583 tantum
1882 2529 1959 2580 iu-

369 2625 580 2679 dicavit
610 2640 668 2678 se
688 2624 868 2677 animo
893 2622 1017 2691 angi
1043 2622 1253 2685 dicens,
1303 2620 1488 2673 Mulier
1513 2620 1565 2672 in
1604 2619 1734 2671 duro
1760 2618 1839 2671 die
1868 2634 1958 2686 ego

370 2730 493 2769 sum
524 2712 699 2781 (Ibid.
733 2729 780 2765 υ.
814 2713 939 2781 15),
964 2728 1032 2766 ne
1058 2711 1187 2765 illud
1215 2712 1428 2781 quidem
1468 2710 1691 2773 dictura,
1726 2710 1828 2762 nisi
1872 2724 1958 2761 sa-

371 2805 571 2860 cerdos
600 2804 701 2859 huc
721 2802 1087 2872 compulisset,
1119 2802 1395 2869 suspicans
1416 2816 1532 2856 eam
1558 2814 1678 2855 esse
1697 2799 1956 2853 temulen-

370 2909 513 2952 tam.
543 2898 613 2951 At
641 2904 986 2965 posteaquam
1031 2893 1086 2949 id
1124 2894 1313 2948 vulnus
1358 2893 1605 2955 sustulit,
1652 2892 1757 2945 Deo
1796 2890 1958 2943 dante

372 2987 523 3058 quod
551 2987 867 3057 postularat,
900 2994 1008 3039 tum
1031 2984 1245 3039 demum
1278 2984 1371 3036 Dei
1396 2983 1803 3037 beneficentiam
1832 2994 1957 3049 ape-

376 3081 452 3133 rit
475 3077 763 3139 sacerdoti,
794 3076 1019 3145 cupiens
1046 3074 1193 3127 illum
1227 3073 1278 3126 in
1307 3072 1525 3143 agendis
1548 3072 1729 3141 gratiis
1759 3070 1956 3125 habere

370 3180 708 3235 consortem,
740 3166 1192 3238 quemadmodum
1234 3165 1379 3234 prius
1424 3163 1683 3218 habuerat
1733 3163 1783 3217 iu
1834 3177 1955 3231 pre~

368 3262 582 3324 cando;
611 3261 789 3329 aitque
821 3275 840 3310 :
872 3257 977 3312 Pro
998 3273 1151 3329 puero
1174 3263 1267 3310 ltoc
1292 3255 1552 3325 precabar,
1577 3255 1809 3321 deditque
1835 3253 1958 3306 mihi

369 3353 626 3407 Dominus
656 3352 942 3421 petitionem
995 3365 1187 3415 meam,
1220 3364 1370 3418 quam
1405 3346 1630 3418 petebam
1677 3346 1739 3397 ab
1778 3361 1855 3399 eo.
1888 3331 1955 3397 Et

371 3463 510 3500 nunc
532 3444 796 3499 cammodo
822 3460 933 3497 eum
962 3441 1199 3496 Domino.
1233 3441 1366 3496 Vide
1393 3456 1550 3510 quam
1577 3440 1647 3493 sit
1690 3438 1952 3493 modesta.

369 3538 452 3592 Ne
475 3549 649 3606 putes,
680 3536 875 3605 inquit,
904 3549 989 3590 me
1018 3549 1261 3603 magnam
1303 3548 1413 3587 rem
1456 3542 1547 3587 aut
1590 3530 1952 3585 admirandam

371 3629 572 3693 facere,
602 3628 745 3698 quod
777 3626 1033 3681 infantem
1063 3625 1255 3680 dedico
1285 3640 1300 3679 :
1333 3640 1438 3678 non
1482 3638 1583 3693 ego
1625 3623 1784 3690 hujus
1826 3621 1953 3676 boni

370 3720 555 3787 operis
578 3732 697 3773 sum
724 3727 931 3779 auctor,
965 3715 1060 3769 sed
1087 3715 1330 3783 persolvo
1354 3714 1612 3768 debitum.
1649 3712 1951 3779 Depositum

371 3811 515 3863 enim
538 3810 739 3877 accepi,
769 3817 824 3863 et
871 3808 972 3861 hoc
1000 3807 1049 3860 ei
1078 3807 1298 3860 restituo
1328 3803 1419 3873 qui
1442 3804 1608 3857 dedit.
1636 3804 1811 3872 Atque
1840 3800 1955 3855 llch

372 3901 501 3955 dum
530 3901 784 3969 loquitur,
819 3898 1050 3966 seipsam
1071 3910 1283 3965 quoque
1307 3893 1569 3948 dedicavit
1593 3907 1712 3946 cmn
1741 3904 1906 3959 puero
1935 3928 1950 3953 ,

371 3995 525 4065 quasi
562 4001 751 4047 catena
780 3989 1006 4060 quadam
1036 3996 1239 4041 natura:
1268 3984 1459 4039 affectu
1500 3983 1727 4053 seipsam
1755 3980 1954 4049 templo

372 4089 618 4160 alligans.

446 4181 502 4236 4.
544 4177 753 4233 Etenim
783 4175 828 4230 si
855 4173 942 4228 ubi
966 4182 1047 4228 est
1079 4171 1360 4226 thesaurus
1386 4167 1635 4231 hominis,
1664 4165 1774 4220 illic
1799 4173 1881 4221 est
1901 4171 1956 4219 et

372 4285 469 4326 cor
489 4270 604 4339 ejus
633 4266 845 4334 (Matth.
876 4264 927 4321 6.
953 4265 1045 4319 21.
1078 4262 1204 4316 Luc.
1230 4261 1315 4315 12.
1344 4260 1459 4325 51),
1481 4259 1647 4312 multo
1676 4256 1843 4326 magis
1865 4254 1952 4310 ubi

373 4376 510 4432 puer
548 4358 806 4420 mulieris,
849 4355 920 4411 ibi
963 4363 1017 4408 et
1059 4368 1210 4408 mens
1238 4350 1379 4405 illius
1407 4357 1541 4414 erat,
1582 4356 1741 4416 atque
1773 4356 1952 4399 uterus

373 4453 519 4507 illius
539 4465 752 4505 rursum
782 4446 1100 4515 implebatur
1126 4441 1513 4497 benedictione.
1540 4438 1668 4492 Nam
1696 4436 1953 4491 simulat—

372 4559 478 4613 que
499 4542 728 4603 dixerat,
756 4547 1124 4605 oraveratque,
1151 4534 1271 4589 audi
1294 4533 1419 4603 quid
1440 4532 1685 4600 loquatur
1707 4531 1954 4583 sacerdos

375 4632 591 4687 Elcauae
611 4647 627 4684 :
656 4628 854 4684 Reddat
875 4627 963 4679 tibi
982 4620 1230 4679 Dominus
1245 4639 1409 4676 semen
1437 4621 1650 4675 alterum
1667 4635 1730 4672 ea:
1750 4619 1957 4677 muliere

374 4725 491 4787 ista,
543 4737 636 4791 pro
673 4718 1008 4781 commodata,
1055 4715 1192 4785 quod
1236 4715 1454 4768 Domino
1501 4712 1827 4766 commodasti
1873 4711 1951 4779 (1.

379 4817 505 4887 Reg.
535 4814 589 4869 2.
615 4813 729 4883 20).
759 4811 910 4865 Initio
929 4824 1034 4863 non
1051 4808 1278 4873 dixerat,
1299 4805 1502 4859 Reddat
1525 4804 1612 4857 tibi
1635 4823 1649 4856 :
1676 4802 1769 4857 sed
1784 4800 1909 4871 quid
1932 4800 1955 4853 ?

378 4895 593 4966 Dct'tibi
620 4905 865 4959 Dominus
907 4899 1147 4971 quidquid
1192 4895 1461 4967 postularis
1506 4893 1686 4963 (Ibid.
1735 4895 1785 4947 1.
1818 4889 1953 4959 17).

377 5001 575 5057 Verum
596 5004 938 5068 posteaquam
966 4992 1053 5046 illa
1084 4990 1248 5044 Deum
1278 4987 1473 5043 fecerat
1502 4986 1817 5049 debitorem,
1848 4984 1955 5037 ait:

380 5094 584 5149 Reddat
610 5091 723 5155 tibi,
757 5089 948 5143 bonam
970 5084 1037 5139 de
1061 5082 1251 5139 futuris
1277 5094 1427 5149 spem
1458 5077 1721 5149 praebens.
1744 5074 1955 5129 Etenim

378 5188 422 5239 si
458 5183 605 5238 dedit
629 5195 751 5237 cum
794 5177 924 5234 nihil
970 5175 1210 5237 deberet,
1258 5170 1424 5227 multo
1453 5168 1620 5236 magis
1655 5165 1958 5222 redditurus

380 5286 463 5331 cst
505 5283 784 5345 postquam
822 5268 1046 5337 accepit.
1077 5267 1142 5320 Et
1167 5265 1251 5321 hic
1276 5278 1404 5333 ergo
1436 5261 1637 5331 primus
1665 5274 1731 5313 ex
1773 5271 1961 5328 preca-

386 5371 561 5429 tione,
590 5374 644 5419 et
672 5371 793 5433 post
819 5361 958 5415 hunc
984 5357 1162 5413 caueri
1192 5373 1258 5410 ex
1302 5352 1669 5409 benedictione
1695 5349 1961 5404 duxerunt

395 5459 663 5528 )rigiuem,
689 5462 828 5508 totus
860 5460 1037 5506 autem
1080 5447 1320 5503 mulieris
1360 5445 1561 5499 fructus
1598 5442 1958 5498 sanctificatus

386 5560 489 5606 est.
541 5551 710 5619 Atque
749 5546 836 5599 hic
875 5542 1255 5614 primogenitus
1284 5538 1494 5593 femina:
1523 5534 1703 5590 virtuti
1733 5532 1961 5587 debeba-

388 5648 476 5695 tur
501 5659 515 5700 τ
538 5641 671 5700 alter
687 5653 811 5695 vero
840 5635 1075 5693 mulieris
1101 5651 1163 5691 ac
1189 5629 1480 5691 sacerdotis
1504 5635 1618 5684 erat
1640 5622 1959 5683 communis.

1614 229 1700 288 DE
1740 230 1923 288 ANNA
1963 228 2188 286 SERMO
2262 233 2344 287 lli.

3553 246 3652 298 ('5'?

2080 347 2147 402 Et
2188 351 2323 405 sicut
2354 360 2492 406 terra
2530 353 2733 425 pinguis
2770 370 2832 413 ac
2869 357 3076 427 fertilis,
3122 367 3401 431 postquam
3442 376 3649 432 accepit

2075 440 2300 504 semina,
2328 444 2557 496 ostendit
2584 444 2739 499 nobis
2760 457 3042 503 vernantes
3067 458 3273 519 segetes
3303 466 3316 501 τ
3350 451 3426 503 sic
3446 461 3498 505 et
3524 467 3645 504 mu-

2076 532 2172 586 lier
2197 533 2328 595 hinc.
2357 536 2606 605 quoniam
2637 551 2756 591 cum
2786 537 2890 592 fide
2914 541 3127 610 excepit
3149 542 3306 595 verba
3334 542 3644 606 sacerdotis,

2073 623 2203 677 alias
2231 625 2383 679 nobis
2413 626 2559 680 lanas
2589 629 2764 696 spicas
2795 630 3063 698 produxit,
3095 639 3436 701 veteremque
3481 633 3646 685 male-

2073 715 2360 770 dictioncm
2391 717 2517 770 Eva:
2538 720 2777 783 mutavit,
2809 722 3015 787 pariens
3044 738 3107 777 ex
3137 724 3442 791 precatione
3462 739 3525 778 ac
3549 724 3647 779 be-

2074 807 2390 862 nedictione.
2434 810 2496 862 Et
2527 820 2579 862 tu
2611 810 2786 879 igitur,
2815 826 2848 864 ο
2887 813 3095 877 mulier,
3121 814 3256 867 hanc
3291 815 3563 880 :emularc,
3595 824 3650 868 ct

2074 894 2115 946 si
2138 896 2331 949 sterilis
2362 896 2543 960 fueris,
2579 900 2736 952 talem
2789 902 3141 968 precationem
3170 903 3380 965 exhibe,
3408 903 3647 956 sacerdo-

2074 993 2179 1038 tem
2214 1000 2446 1052 accerse,
2492 998 2551 1041 ut
2581 996 2752 1043 tecum
2793 992 3044 1059 suscipiat
3063 993 3201 1061 apud
3236 993 3399 1047 Deum
3427 992 3647 1063 legatio-

2074 1090 2216 1129 nem.
2263 1076 2491 1131 Omniuo
2539 1079 2732 1133 sicum
2777 1080 2879 1133 fide
2908 1082 3063 1135 verba
3094 1083 3367 1152 exceperis
3392 1123 3405 1147 ,
3438 1092 3647 1151 patrum

2073 1164 2370 1219 benedictio
2398 1167 2450 1220 in
2494 1166 2720 1227 fructum
2750 1170 2912 1223 exibit
2948 1171 3253 1238 prmclarum
3275 1188 3337 1227 ac
3360 1182 3644 1227 maturum.

2070 1256 2223 1321 Quod
2252 1258 2294 1310 si
2327 1266 2498 1313 mater
2535 1258 2719 1324 fueris,
2761 1260 2826 1312 ad
2859 1260 3011 1328 hujus
3036 1263 3335 1329 exemplum
3390 1276 3643 1317 consecro

2073 1347 2233 1401 lilium
2264 1357 2410 1404 tuum
2442 1350 2570 1404 Deo.
2600 1349 2689 1406 illa
2714 1350 2765 1403 in
2795 1351 3045 1420 templum
3076 1351 3311 1417 adduxit,
3337 1361 3392 1406 tu
3424 1353 3642 1422 teipsam

2079 1441 2280 1511 regium
2314 1443 2563 1510 templum
2593 1442 2775 1497 redde.
2797 1441 3045 1507 Menibra,
3074 1444 3261 1511 inquit,
3290 1453 3449 1496 vestra
3465 1459 3647 1510 corpus

2070 1533 2257 1586 Christi
2282 1543 2422 1599 sunt,
2450 1550 2509 1586 ac
2539 1535 2777 1603 templum
2805 1536 2968 1588 sancti
2994 1534 3240 1603 Spiritus,
3272 1534 3356 1600 qui
3380 1542 3452 1585 est
3473 1534 3523 1585 in
3553 1549 3643 1585 vo-

2070 1625 2142 1676 bis
2170 1624 2247 1693 (1.
2269 1624 2386 1679 Cor.
2418 1626 2470 1680 6.
2502 1625 2615 1695 19).
2653 1628 2731 1681 Ac
2767 1642 2949 1682 rursus
2984 1646 2995 1679 :
3024 1624 3345 1689 lnltabitabo,
3378 1624 3565 1693 inquit,
3592 1625 3645 1675 in

2068 1715 2222 1777 vobis,
2254 1725 2301 1768 et
2328 1714 2647 1769 inambulabo
2669 1716 2744 1786 (2.
2772 1717 2888 1769 Cor.
2917 1717 2968 1770 6.
3000 1715 3108 1785 16).
3143 1717 3333 1768 Auuou
3357 1713 3643 1767 absurdum

2067 1816 2148 1860 est
2175 1823 2270 1859 nos
2299 1806 2515 1862 domum
2547 1817 2807 1870 veterem,
2840 1808 3047 1860 ruinam
3078 1806 3408 1860 minitantem
3438 1804 3642 1867 fulcire,

2072 1900 2319 1967 pecunias
2360 1900 2744 1967 impendentes,
2784 1900 2959 1953 fabros
3000 1907 3355 1962 accersentes,
3412 1906 3465 1951 et
3513 1895 3643 1949 nihil

2069 2006 2172 2043 non
2200 1989 2478 2055 facientes,
2511 1989 2725 2044 domum
2770 1999 2946 2043 autem
2995 1988 3087 2043 Dci
3126 1994 3271 2057 (nam
3322 1985 3412 2042 Dei
3455 1986 3645 2040 domus

2067 2095 2185 2134 csse
2206 2080 2362 2134 debet
2387 2079 2741 2134 adolescentis
2767 2077 2965 2147 anima)
2994 2094 3060 2133 ne
3088 2077 3290 2147 vulgari
3320 2076 3533 2145 quidem
3557 2075 3640 2129 di-

2066 2171 2213 2239 gnari
2245 2186 2369 2224 cura
2395 2170 2418 2222 ’ἲ
2450 2170 2581 2224 Vide
2612 2186 2678 2226 ne
2705 2170 2844 2224 idem
2870 2170 3073 2234 audias,
3102 2169 3243 2239 quod
3273 2169 3400 2223 olim
3426 2166 3643 2220 audiere

2065 2261 2252 2316 Judzei.
2284 2261 2415 2316 Nam
2448 2262 2519 2314 illi
2545 2270 2886 2331 posteaquam
2915 2277 2942 2313 a
2966 2260 3267 2330 captivitate
3293 2258 3487 2313 reversi
3512 2267 3644 2311 tem-

2067 2353 2209 2419 plum
2253 2352 2525 2407 materiale
2569 2353 2865 2421 neglectum
2913 2350 3179 2416 viderunt,
3220 2359 3274 2404 et
3322 2348 3463 2402 mdes
3517 2362 3639 2399 suas

2065 2453 2411 2509 exornarunt,
2452 2445 2587 2499 adeo
2617 2445 2779 2500 Deum
2813 2452 3217 2513 exasperarunt,
3249 2451 3305 2494 ut
3335 2457 3439 2494 non
3470 2439 3640 2493 solum

2026 2540 2027 2543 “
2064 2537 2298 2590 mitteret
2321 2535 2399 2589 eis
2426 2533 2758 2603 prophetam,
2804 2535 2890 2603 qui
2923 2533 3113 2587 famem
3145 2532 3498 2591 minitaretur,
3530 2543 3641 2579 ma-

2061 2642 2323 2696 gnamque
2349 2640 2524 2680 rerum
2546 2626 2963 2680 necessariarum
2987 2622 3260 2692 penuriam
3286 2663 3301 2688 ,
3356 2620 3447 2674 sed
3508 2617 3643 2671 hanc

2061 2720 2221 2772 etiam
2268 2718 2700 2770 comminationis
2728 2732 2945 2771 causam
2973 2716 3312 2784 eloqueretur
3342 2735 3355 2767 :
3396 2711 3495 2765 Vos
3524 2711 3640 2780 qui-

2062 2814 2175 2862 dem
2204 2808 2435 2861 habitatis
2459 2808 2509 2860 in
2531 2808 2761 2860 domibus
2793 2806 3036 2875 laqueatis
3066 2821 3083 2857 :
3120 2805 3297 2857 domus
3324 2811 3491 2857 autem
3530 2817 3641 2853 mea

2062 2902 2257 2955 deserta
2280 2911 2350 2952 est
2376 2898 2526 2967 (Agg.
2559 2900 2607 2951 1.
2639 2898 2720 2967 4).
2747 2898 2898 2963 Quod
2929 2897 2972 2950 si
2996 2897 3134 2949 illius
3166 2896 3344 2963 templi
3369 2894 3639 2963 neglectus

2064 3002 2261 3045 tantam
2307 2989 2555 3044 excitavit
2599 2990 2731 3042 iram
2765 2986 3027 3050 Numinis,
3063 2985 3231 3040 multo
3268 2983 3437 3053 magis
3483 2982 3639 3051 hujus

2064 3080 2243 3150 templi
2272 3078 2542 3149 neglectus
2562 3078 2627 3132 ad
2645 3076 2968 3132 iracundiam
2985 3073 3288 3143 provocabit
3312 3071 3590 3127 Dominum
3620 3088 3635 3122 :

2062 3173 2322 3243 siquidem
2374 3170 2476 3225 hoc
2528 3170 2781 3239 templum
2834 3177 2982 3223 tanto
3024 3176 3106 3222 est
3158 3166 3250 3220 illo
3304 3163 3636 3223 honoratius,

2059 3274 2260 3334 quanto
2297 3265 2452 3332 plura
2498 3263 2656 3316 habet
2683 3259 3047 3314 sanctimonia:
3071 3256 3329 3328 symbola.
3360 3254 3506 3308 Cave
3536 3253 3635 3322 igi-

2060 3358 2218 3425 gitur,
2247 3370 2312 3408 ne
2341 3353 2594 3422 templum
2626 3351 2721 3406 Dei
2749 3351 2837 3405 ﬁat
2860 3350 3113 3419 Spelunca
3142 3347 3406 3401 latronum
3439 3385 3451 3405 ,
3486 3358 3554 3397 ne
3581 3351 3637 3397 et

2058 3448 2281 3500 alteram
2306 3443 2490 3511 audias
2519 3440 2967 3514 objurgatiouem,
2997 3454 3100 3509 qua
3131 3436 3371 3493 Christus
3392 3433 3638 3502 objurga-

2060 3538 2134 3590 vit
2156 3536 2390 3597 Iudaeos,
2431 3533 2615 3589 dicens
2640 3550 2652 3585 :
2680 3531 2876 3584 Domus
2904 3526 3075 3583 Patris
3106 3528 3222 3592 mei,
3256 3526 3434 3579 damus
3460 3539 3638 3591 preca-

2058 3630 2206 3682 tionis
2231 3636 2303 3679 est
2332 3642 2351 3678 :
2377 3642 2462 3678 vos
2484 3634 2655 3677 autem
2691 3623 2876 3691 fecistis
2903 3637 3012 3673 eam
3053 3619 3344 3689 speluncam
3380 3618 3634 3670 latronum

2061 3716 2275 3785 (Matth.
2301 3716 2393 3768 21.
2423 3715 2511 3767 15.
2553 3712 2677 3763 Luc.
2709 3710 2797 3764 19.
2840 3710 2953 3775 46).
2984 3709 3088 3762 Sed
3120 3705 3384 3775 quomodo
3415 3705 3470 3756 ﬁt
3514 3717 3637 3771 spe-

2061 3809 2211 3859 luuca
2239 3804 2500 3857 latronum
2527 3801 2550 3850 ?
2575 3799 2704 3852 Cum
2736 3800 2966 3866 patimur
3005 3796 3290 3849 illiberales
3324 3808 3389 3846 ac
3418 3791 3638 3845 serviles

2060 3892 2515 3964 concupiscentias
2546 3890 2925 3958 libidinemque
2976 3888 3194 3951 intrare,
3244 3884 3534 3952 sedemque
3571 3882 3633 3934 fi-

2058 4004 2186 4059 gere
2214 3988 2268 4041 in
2307 3980 2822 4038 adolescentulorum
2850 3978 3058 4032 animis.
3089 3977 3243 4030 Tales
3270 3975 3411 4029 enim
3438 3973 3637 4042 cogita-

2061 4081 2234 4133 tiones
2257 4074 2665 4146 perniciosiores
2693 4080 2818 4126 sunt
2845 4069 3159 4135 latronibus,
3196 4081 3315 4137 quae
3342 4079 3632 4135 puerorum

2061 4171 2438 4242 ingenuitatem
2470 4174 2681 4221 vertunt
2721 4165 2773 4219 iu
2823 4162 3155 4227 servitutem,
3184 4161 3436 4229 ipsosque
3464 4156 3635 4211 brutis

2059 4261 2434 4332 cupiditatibus
2471 4258 2671 4313 dedunt
2709 4254 2966 4325 captivos,
2996 4251 3227 4322 undique
3267 4246 3635 4304 confodientes

2062 4356 2200 4420 illos,
2233 4368 2296 4408 ac
2313 4358 2545 4406 mentem
2567 4348 2780 4402 illorum
2798 4343 2977 4400 multis
3002 4342 3283 4411 implentes
3305 4335 3634 4393 vulneribus.

2060 4449 2395 4515 Quapropter
2434 4441 2549 4495 hmo
2586 4439 2821 4508 quotidie
2860 4435 3219 4503 dispiciamus,
3251 4440 3305 4485 et
3335 4429 3509 4484 verbis
3538 4442 3637 4497 pro

2061 4539 2257 4593 scutica
2288 4542 2516 4597 utentes,
2545 4546 2732 4584 omnes
2771 4530 2822 4583 id
2858 4541 3026 4596 genus
3069 4525 3289 4578 allectus
3329 4521 3397 4574 ah
3427 4520 3636 4573 illorum

2063 4628 2254 4683 animis
2298 4624 2647 4693 depellamus,
2676 4635 2783 4690 quo
2810 4618 3059 4672 videlicet
3091 4616 3182 4669 filii
3223 4614 3495 4668 nobiscum
3535 4626 3639 4663 οξε-

2062 4722 2211 4778 lestis
2238 4718 2465 4775 civitatis
2504 4715 2714 4769 valeant
2740 4727 2866 4783 esse
2895 4708 3196 4779 participes,
3239 4714 3293 4759 et
3331 4703 3637 4758 universum

2064 4813 2262 4868 cultum
2293 4810 2379 4879 qui
2424 4807 2724 4862 celebratur
2755 4804 2862 4857 illic
2902 4802 3003 4855 rite
3032 4812 3305 4868 peragere.
3341 4796 3529 4848 Annon
3562 4792 3655 4867 vi-v

2064 4906 2200 4961 detis
2250 4903 2578 4971 frequenter,
2629 4896 2771 4967 quod
2821 4894 2994 4964 quiin
3045 4890 3265 4944 urbibus
3312 4894 3590 4941 versantur
3620 4924 3635 4947 ,

2067 5010 2259 5068 pueros
2284 5009 2453 5063 nuper
2477 5007 2507 5045 a
2537 4990 2674 5044 lacte
2703 4985 2953 5055 depulsos
2981 4979 3363 5057 thallophoros,
3391 4986 3483 5030 aut
3511 4988 3641 5043 ago-

2065 5088 2333 5151 nothetas,
2352 5094 2441 5139 aut
2463 5080 2809 5138 certaminum
2837 5074 3114 5147 prmfectos
3144 5074 3188 5138 ί,
3209 5079 3299 5124 aut
3319 5069 3638 5126 chorearum

2066 5179 2348 5247 magistros
2384 5173 2625 5229 iaciunt?
2665 5170 2809 5224 Idem
2849 5176 2903 5223 et
2941 5179 3040 5220 nos
3082 5164 3352 5225 faciamus,
3399 5173 3427 5210 a
3459 5157 3643 5227 primis

2069 5270 2247 5326 statim
2279 5267 2433 5321 annis
2460 5263 2770 5319 inducamus
2796 5274 2889 5316 eos
2905 5258 2971 5313 ad
2992 5254 3324 5324 disciplinam
3352 5248 3641 5303 caelestem.

2072 5360 2345 5431 Siquidem
2372 5356 2487 5411 haec
2513 5365 2743 5416 terrena,
2793 5366 2913 5405 cum
2941 5347 3263 5417 impendium
3294 5336 3644 5400 adferat,fru-

2071 5460 2215 5507 ctum
2249 5458 2422 5504 tamen
2452 5445 2650 5500 nullum
2682 5442 2857 5496 habet.

2135 5569 2151 5599 ι
2177 5556 2452 5614 Colbertinf
2492 5552 2693 5614 addunt,
2716 5536 3200 5614 et__gyntnastarcltos
3211 5529 3651 5614 ἐνδεᾶ-Εμῖξῖιὲξ-

2072 5595 2735 5693 7.055;"sié'EiiIm'iiEgl'id
2751 5595 2932 5657 Μ’ὁῖθι.
2956 5610 3009 5650 et
3030 5599 3178 5649 Savil.
3211 5598 3317 5645 haec
3340 5607 3430 5642 vox
3456 5595 3645 5641 deerat.
