4094 6256
436 271 534 325 θὸτι

511 389 563 442 5.
607 381 893 450 Disciplina
944 376 1127 433 calcati
1171 370 1427 427 imbuendi
1474 370 1705 436 juvenes.
1756 391 1825 401 ——
1866 357 2018 418 Nam,

440 494 622 549 qna-so
636 487 708 542 te,
727 476 844 545 quis
858 473 1057 527 fructus
1080 480 1198 522 esse
1212 461 1380 533 possit
1404 476 1435 515 e
1464 457 1700 527 populari
1720 452 1978 523 applausu
2002 449 2026 501 ?

440 543 611 628 Simul
632 579 687 624 ut
715 543 934 634 vespera
961 575 1057 615 nos
1084 555 1376 625 occuparit,
1414 550 1559 606 illico
1580 549 1794 617 plausus
1822 543 1912 597 ille
1938 549 2021 594 to-

443 674 632 729 tusque
675 655 927 712 tumultus
973 645 1286 705 emarcescit
1323 660 1336 696 :
1384 655 1447 695 ac
1476 640 1607 694 festo
1643 642 1877 706 peracto,
1909 645 2028 699 per.

446 722 570 807 inde
615 747 765 818 quasi
796 746 845 798 in
888 738 1110 796 somniis
1139 735 1333 790 fuerint
1361 728 1592 786 dcliciati
1614 768 1629 791 ,
1658 727 1728 779 ita
1758 722 1903 778 omni
1928 734 2023 774 vo-

447 843 643 911 luptate
668 833 908 891 destituti
934 830 1271 890 consistunt;
1306 838 1403 878 nec
1428 837 1458 875 a
1487 832 1707 881 corona,
1732 828 1832 869 nec
1857 828 1885 865 a
1915 827 2028 865 ma—

446 909 632 1000 gniﬁca
662 935 829 988 veste,
862 937 960 977 nec
984 937 1013 975 a
1036 919 1243 987 reliquo
1272 915 1408 969 fastu
1436 911 1686 965 universo
1713 909 2025 970 conceptam

446 991 791 1088 voluptatem,
819 1015 863 1069 si
903 1019 1165 1081 quaerant,
1190 1003 1432 1060 invenire
1451 999 1650 1059 valent,
1673 994 1813 1065 quod
1848 991 2026 1045 omnia

449 1112 534 1165 illa
557 1108 744 1179 quovis
760 1112 921 1159 vento
942 1100 1171 1157 celerius
1199 1098 1631 1165 praetercurrant.

520 1177 763 1257 Felicitas
803 1198 917 1251 vita
960 1193 1188 1248 caelestis.
1221 1185 1575 1257 Abnegationis
1619 1181 1757 1234 modi
1784 1177 1928 1232 varii.
1957 1206 2028 1216 —

447 1293 713 1347 Cmterum
754 1289 807 1343 in
838 1283 1035 1340 caelesti
1066 1282 1173 1336 vita
1203 1276 1382 1332 omnia
1420 1286 1574 1329 secus
1612 1270 1811 1324 habent
1842 1286 1857 1321 :
1897 1267 2028 1319 citra

451 1386 747 1452 impensam
783 1380 989 1433 lucrum
1036 1372 1279 1427 adferunt
1308 1378 1361 1423 et
1398 1366 1674 1434 copiosum
1720 1370 1778 1415 et
1815 1357 2026 1413 stabile.

451 1445 583 1529 Nam
612 1472 720 1526 illic
748 1484 851 1523 non
884 1466 1122 1520 homines
1150 1460 1284 1516 ebrii
1305 1500 1317 1521 ,
1346 1455 1439 1511 sed
1471 1452 1781 1523 angelorum
1806 1445 2031 1518 p0pulus

452 1565 644 1636 iugiter
680 1558 947 1629 applaudit
977 1570 1091 1609 rem
1118 1550 1340 1622 gerenti.
1364 1546 1471 1602 Sed
1494 1542 1619 1614 quid
1643 1540 1776 1606 dixi,
1792 1536 2021 1636 angelo-

454 1630 572 1712 rum
615 1651 884 1724 populus?
925 1649 1041 1717 Ipse
1066 1644 1371 1715 angelorum
1405 1638 1660 1692 Dominus
1685 1630 1941 1692 laudabit,
1977 1636 2033 1681 et

454 1745 820 1817 comprobabit
850 1738 1131 1806 illum.Qui
1157 1751 1285 1791 vero
1309 1750 1337 1787 a
1368 1734 1476 1787 Deo
1507 1728 1770 1791 laudatur,
1798 1738 1904 1777 non
1928 1735 2033 1775 uno

456 1842 689 1895 alterove
726 1836 832 1901 die,
874 1840 968 1887 aut
1012 1830 1167 1885 tertio
1188 1871 1204 1896 ,
1236 1826 1329 1882 sed
1360 1827 1412 1879 in
1453 1831 1715 1877 aeternum
1746 1817 2035 1886 triumphat

457 1932 562 1986 illic
587 1940 801 1999 gestans
829 1937 1103 1984 coronam,
1135 1934 1233 1974 nec
1264 1930 1513 1992 umquam
1542 1918 1701 1979 caput
1736 1906 1862 1962 illud
1889 1905 2036 1961 vide—

457 2024 538 2078 bis
652 2019 903 2075 nudatum
932 2014 1096 2086 gloria
1128 2030 1140 2065 :
1171 2024 1341 2079 neque
1371 2006 1516 2062 enim
1541 1996 2033 2057 illius/celebritatis

458 2126 665 2183 tempus
704 2111 866 2166 certis
904 2107 1091 2162 diebus
1121 2098 1585 2167 circumscriptum
1612 2103 1714 2157 est,
1745 2090 1837 2145 sed
1868 2102 2035 2157 usque

455 2205 522 2259 ad
570 2178 735 2257 luturi
780 2198 960 2254 saeculi
1013 2191 1468 2249 immortalitatem
1515 2182 1843 2240 extenditur.
1905 2178 2037 2232 Huic

455 2296 617 2351 cultui
642 2305 929 2360 numquam
955 2294 1235 2356 paupertas
1272 2296 1390 2337 esse
1436 2276 1607 2347 possit
1636 2271 2033 2341 impedimento,

456 2399 643 2439 verum
682 2390 735 2437 et
780 2376 999 2451 pauperi
1050 2377 1175 2429 licet
1222 2372 1323 2425 hoc
1364 2367 1641 2423 celebrare
1683 2362 1897 2423 festum,
1931 2360 2037 2443 imo

460 2475 679 2546 pauperi
721 2440 970 2530 maxime,
1019 2465 1212 2537 quippe
1251 2462 1341 2532 qui
1391 2460 1457 2514 ab
1487 2455 1633 2512 omni
1678 2452 1857 2507 mundi
1901 2440 2036 2504 fastu

459 2543 790 2635 strepituque
818 2560 886 2613 sit
931 2557 1066 2611 liber
1098 2573 1113 2608 :
1142 2567 1317 2622 neque
1347 2551 1489 2605 enim
1514 2561 1649 2615 opus
1676 2553 1758 2599 est
1790 2543 2038 2612 pecunia-

460 2673 580 2713 rum
605 2653 885 2725 impendiis
902 2659 955 2705 et
982 2647 1275 2717 opulentia,
1295 2642 1387 2695 sed
1410 2642 1587 2694 animo
1604 2652 1760 2707 puro,
1784 2651 1847 2689 ac
1860 2642 2038 2689 mente

459 2747 657 2803 sobria.
684 2745 808 2800 Haec
833 2744 974 2798 enim
1001 2749 1083 2794 est
1108 2754 1226 2808 quae
1257 2735 1393 2789 illius
1424 2732 1543 2785 vitae
1571 2737 1747 2785 vestes
1771 2727 1899 2781 texit
1924 2725 2037 2779 ani-

460 2855 582 2903 mm,
614 2840 727 2891 hmc
763 2850 881 2904 quze
910 2845 1136 2886 coronas
1167 2826 1332 2882 nectit
1361 2840 1372 2877 :
1403 2838 1521 2892 quae
1550 2822 1650 2875 nisi
1677 2818 1885 2872 virtutis
1914 2816 2036 2871 ofli-

463 2929 561 2983 ciis
586 2926 745 2981 fuerit
773 2932 1049 2984 exornata,
1074 2919 1199 2973 nulli
1226 2916 1341 2971 usui
1366 2914 1468 2969 erit
1494 2912 1608 2966 auri
1636 2923 1826 2979 magna
1851 2906 2035 2976 copia:

458 3021 596 3075 sicut
625 3034 655 3073 e
679 3017 890 3071 diverso
921 3028 1019 3068 nec
1057 3011 1255 3066 damno
1284 3007 1387 3061 erit
1418 3010 1724 3073 paupertas,
1752 3000 1797 3053 si
1823 2996 2035 3052 divitias

458 3113 601 3167 intus
633 3107 821 3160 habeat
852 3103 1134 3173 repositas.
1168 3098 1316 3152 llanc
1343 3094 1706 3149 celebritatem
1733 3104 1838 3143 non
1879 3085 2038 3141 modo

450 3194 681 3253 masculi
719 3197 893 3259 liberi,
927 3193 1019 3250 sed
1059 3202 1111 3247 et
1146 3190 1264 3243 filiae
1309 3187 1463 3242 nobis
1492 3184 1766 3239 celebrent
1811 3196 1826 3234 :
1866 3193 2038 3247 neque

458 3293 621 3357 enim,
650 3286 1097 3361 quemadmodum
1140 3283 1193 3337 in
1221 3291 1440 3335 externa
1468 3273 1928 3331 administratione
1954 3270 2036 3322 vi-

458 3386 531 3439 ris
574 3393 775 3437 tantum
817 3382 1136 3448 imperatum
1170 3384 1249 3429 est
1280 3374 1382 3427 hoc
1415 3371 1609 3424 festum
1642 3382 1818 3438 agere,
1850 3379 2035 3419 verum

456 3484 509 3529 et
540 3474 763 3527 feminas
808 3469 934 3524 illud
961 3467 1149 3535 recipit
1173 3465 1439 3520 theatrum
1462 3502 1477 3526 ,
1503 3470 1555 3514 et
1579 3474 1735 3514 senes
1760 3500 1775 3523 ,
1808 3466 1862 3512 et
1881 3456 2034 3523 juve-

458 3579 572 3626 nes,
602 3572 655 3617 ct
681 3576 864 3617 servos
886 3568 940 3612 et
970 3560 1246 3627 ingenuos.
1276 3554 1376 3610 Ubi
1400 3554 1543 3607 enim
1570 3550 1730 3604 animi
1752 3556 2034 3618 spectacu-

459 3659 568 3711 lum
594 3664 677 3709 est
698 3696 714 3719 ,
744 3654 814 3708 ibi
842 3668 947 3707 non
978 3665 1156 3712 sexus,
1189 3663 1291 3701 non
1315 3657 1463 3710 celas,
1498 3659 1599 3697 non
1626 3642 1853 3711 dignitas
1877 3639 2036 3706 hujus

457 3747 658 3810 surculi,
690 3759 795 3797 non
829 3742 968 3796 aliud
1002 3739 1291 3809 quidquam
1323 3734 1580 3804 impedire
1625 3739 1817 3801 potest.
1854 3728 2036 3797 quue

456 3854 551 3892 vos
579 3852 766 3891 omnes
791 3834 1078 3899 exhortor,
1110 3838 1167 3885 ut
1207 3846 1235 3882 a
1265 3830 1462 3882 teneris
1500 3824 1679 3879 statim
1712 3821 1866 3875 annis
1898 3826 1953 3872 et
1978 3818 2037 3871 fio

455 3931 556 3983 lius
584 3937 639 3982 et
670 3928 805 3981 filias
842 3922 1144 3993 huiusmodi
1190 3918 1550 3975 functionibus
1575 3914 1801 3977 dedatis,
1833 3921 1888 3967 et
1916 3910 2037 3965 huic

455 4021 574 4073 vine
615 4019 856 4071 instituto
902 4021 1261 4083 congruentes
1299 4009 1511 4064 divitias
1553 4007 1631 4061 eis
1676 4003 1904 4067 addatis,
1928 4017 2037 4056 non

456 4124 643 4162 aurum
676 4108 1028 4170 defodicntes,
1068 4119 1173 4157 non
1202 4109 1476 4170 argentum
1504 4104 1905 4166 congregantes,
1940 4092 2034 4147 sed

459 4198 795 4263 modestiam,
837 4194 1201 4259 sobrietatem,
1238 4206 1299 4246 ac
1332 4189 1632 4260 pudicitiam
1658 4227 1671 4250 ,
1703 4187 2037 4253 reliquasque

456 4288 677 4340 virtutes
691 4301 876 4339 omnes
903 4287 952 4338 in
973 4284 1164 4337 animis
1185 4296 1368 4336 eorum
1394 4288 1736 4347 reponentes.
1764 4275 1872 4330 llos
1894 4276 2035 4329 enim

457 4386 701 4448 sumptus
722 4376 885 4445 exigit
916 4375 1003 4428 illa
1034 4374 1250 4426 functio.
1276 4370 1331 4425 Si
1362 4370 1498 4423 hanc
1525 4368 1681 4437 igitur
1707 4366 2031 4435 opulentiam

459 4480 571 4522 tum
602 4466 776 4528 nobis,
809 4476 918 4518 tum
945 4463 1065 4519 filiis
1089 4461 1483 4531 collegerimus,
1506 4470 1561 4513 et
1590 4459 1639 4511 in
1662 4457 1911 4527 praesenti
1932 4455 2035 4509 vita

458 4558 686 4611 multum
719 4556 1019 4625 splendoris
1065 4566 1474 4622 consequemur,
1508 4560 1562 4605 et
1608 4549 1660 4603 in
1706 4549 1878 4602 futura
1929 4550 2035 4600 vita

458 4649 670 4702 beatam
711 4646 854 4700 illam
905 4659 1092 4700 vocem
1132 4642 1430 4705 audiemus,
1477 4655 1573 4710 per
1597 4653 1755 4709 quam
1793 4637 2037 4693 Christus

461 4751 649 4792 omnes
678 4737 764 4807 qui
803 4737 973 4806 ipsum
1011 4734 1238 4791 confessi
1280 4731 1497 4795 fuerint,
1537 4744 1635 4785 suo
1654 4738 1814 4784 ornat
1832 4744 2038 4798 praeco-

466 4827 572 4883 nio.
597 4826 873 4882 Confessio
890 4835 1064 4881 autem
1090 4841 1194 4880 non
1212 4833 1414 4878 tantum
1434 4822 1493 4876 ﬁt
1512 4837 1607 4890 per
1623 4820 1802 4887 ﬁdem,
1848 4834 2035 4875 verum

462 4921 624 4974 etiam
670 4932 765 4987 per
808 4933 969 4987 opera
996 4959 1011 4984 ,
1042 4917 1175 4973 adeo
1204 4926 1262 4971 ut
1288 4914 1335 4971 si
1364 4916 1477 4969 haec
1505 4913 1717 4978 absint,
1763 4913 2037 4968 veniamus

459 5012 511 5064 in
539 5008 830 5078 periculum
854 5050 869 5072 ,
902 5022 969 5061 ne
994 5023 1113 5061 cum
1155 5004 1536 5076 abnegantibus
1577 5019 1760 5073 poenas
1806 5004 2032 5057 luamus.

456 5101 637 5170 Neque
664 5097 804 5153 enim
837 5113 973 5152 unus
998 5106 1079 5152 est
1103 5097 1396 5168 abnegandi
1424 5096 1611 5151 modus
1636 5137 1651 5161 ,
1680 5094 1773 5148 sed
1803 5094 1953 5149 multi
1980 5102 2036 5147 et

451 5194 610 5261 varii,
657 5204 791 5259 quos
835 5189 1026 5243 Paulus
1069 5189 1224 5243 nobis
1254 5188 1582 5252 describens,
1634 5188 1705 5240 ita
1753 5186 2029 5255 loquitur:

460 5286 772 5355 I’rofitentur
813 5300 866 5338 se
906 5298 1050 5335 nosse
1101 5281 1281 5345 Deum,
1308 5280 1396 5335 sed
1434 5281 1579 5347 factis
1620 5287 1803 5348 negant
1833 5276 1955 5346 (Tit.
1979 5278 2030 5331 Ι.

458 5381 569 5451 l6);
598 5386 653 5432 et
686 5389 892 5440 rursus,
925 5375 987 5427 Si
1011 5375 1122 5442 quis
1150 5389 1378 5440 suorum,
1417 5382 1466 5426 et
1492 5372 1709 5425 maxime
1735 5370 2035 5424 domestico-

453 5486 567 5521 rum
596 5485 771 5521 curam
814 5483 915 5521 non
954 5467 1118 5529 habet,
1159 5464 1311 5533 ﬁdem
1354 5464 1636 5533 abnegavit,
1667 5470 1714 5515 et
1736 5471 1808 5515 est
1835 5460 2033 5529 inﬁdeli

454 5552 671 5615 deterior
695 5560 775 5626 (l.
818 5557 949 5611 Tim.
994 5558 1046 5613 5.
1079 5555 1158 5626 ἓ).
1186 5555 1255 5610 Et
1279 5557 1491 5619 iterum,
1521 5552 1709 5623 Fugite
1744 5553 2027 5616 avaritiam,

453 5667 570 5721 qua
615 5658 688 5704 est
714 5649 963 5703 idolorum
990 5650 1154 5705 cultus
1178 5645 1389 5717 (Coloss.
1416 5647 1468 5701 5.
1499 5646 1571 5716 5).
1605 5644 1737 5700 Cum
1767 5644 1923 5714 igitur
1954 5651 2031 5698 tot

1111 262 1169 318 S.
1210 256 1485 317 JOANNIS
1512 243 1979 311 CHRYSOSTOMI
2020 243 2333 300 ARCIIIEP.
2374 236 2905 303 CONSTANTINOP.

3605 240 3713 295 660

2136 356 2245 410 sint
2287 356 2584 427 abnegandi
2622 355 2766 410 modi
2795 397 2809 422 ,
2837 349 3179 407 manifestum
3215 356 3295 405 est
3330 348 3548 405 totidem
3591 365 3712 404 esse

2131 449 2438 515 ennﬂtendi,
2470 464 2533 504 ac
2574 448 2743 502 multo
2778 446 2937 501 etiam
2971 444 3189 514 plures;
3240 442 3433 513 quibus
3464 442 3715 497 omnibus

2131 540 2370 594 confiteri
2401 539 2731 605 studeamus,
2752 547 2810 592 ut
2838 548 2891 592 et
2918 537 3016 606 ipsi
3048 536 3099 589 in
3127 534 3275 589 caelis
3302 534 3565 588 honorem
3585 548 3715 589 con-

2131 646 2455 699 sequamur,
2503 629 2670 699 gratia
2724 636 2779 683 et
2819 627 3058 682 bonitate
3109 625 3321 678 Domini
3375 626 3542 681 nostri
3587 624 3712 679 Jesu

2130 722 2350 787 Christi,
2382 738 2476 789 per
2501 736 2657 791 quem
2680 729 2733 775 et
2762 734 2880 774 cum
2906 734 3012 786 quo
3033 717 3175 771 Patri
3201 716 3389 784 gloria,
3419 716 3575 771 simul
3593 732 3716 770 cum

2133 824 2318 868 sancto
2338 814 2559 883 Spiritu,
2590 826 2732 867 nunc
2761 820 2814 865 et
2843 824 3078 878 semper,
3109 818 3163 862 et
3190 807 3244 860 in
3270 808 3463 861 stccula
3491 808 3720 863 saeculo-

2133 921 2268 960 rum.
2303 907 2495 959 Amen.

2747 1031 2976 1090 SERMO
3013 1029 3101 1087 IV.
3124 1062 3133 1068 -

2133 1152 2213 1205 Ad
2249 1166 2333 1204 eos
2376 1150 2462 1213 qui
2506 1149 2715 1203 collecta
2758 1147 2933 1200 relicta
2976 1144 3044 1197 ad
3086 1143 3282 1196 theatra
3320 1142 3643 1196 ascendunt:
3672 1151 3722 1196 et

2203 1242 2338 1312 quod
2364 1258 2465 1296 non
2491 1242 2656 1295 solum
2693 1238 2869 1293 utilius
2896 1238 2963 1295 sit
2990 1238 3043 1290 in
3077 1235 3289 1290 ecclesia
3316 1236 3503 1289 uersari
3525 1276 3540 1300 ,
3568 1252 3722 1306 quam

2207 1337 2257 1387 in
2280 1333 2509 1396 theatris,
2535 1332 2625 1386 sed
2657 1332 2805 1384 etiam
2820 1326 3101 1399 jucundius
3122 1341 3140 1378 :
3168 1333 3215 1379 et
3242 1325 3305 1379 de
3328 1325 3548 1379 secunda
3577 1337 3723 1394 parte

2205 1429 2509 1501 precationis
2532 1428 2693 1482 Amne
2720 1443 2739 1481 :
2764 1425 2994 1498 quodque
3027 1422 3363 1476 indesinenter
3405 1430 3450 1473 et
3490 1420 3544 1474 in
3581 1419 3720 1473 enini

2205 1523 2315 1575 loco
2342 1519 2537 1592 precari
2563 1526 2788 1589 oporteat
2805 1558 2821 1584 ,
2853 1517 2929 1570 vel
2961 1516 3015 1569 in
3042 1515 3175 1585 foro,
3204 1513 3281 1568 vel
3313 1512 3367 1566 in
3394 1511 3475 1565 via
3502 1552 3517 1577 ,
3558 1511 3633 1564 vel
3666 1510 3721 1563 in

2206 1612 2355 1667 lecto.

2211 1724 2259 1778 l.
2301 1721 2453 1777 Haud
2493 1721 2637 1784 scio,
2683 1718 2876 1791 quibus
2918 1716 3096 1772 verbis
3142 1715 3365 1770 debeam
3415 1712 3489 1767 uti
3538 1712 3717 1768 hodie.

2137 1814 2270 1868 Cum
2301 1813 2441 1867 enim
2471 1812 2675 1866 videam
2706 1810 2958 1864 collectas
2987 1822 3173 1878 parum
3220 1804 3566 1874 frequentari,
3596 1818 3718 1873 pro-

2139 1904 2328 1975 phetas
2356 1903 2494 1957 affici
2541 1900 2860 1957 contumelia
2886 1940 2901 1965 ,
2947 1898 3217 1968 apostolus
3260 1896 3502 1966 despici,
3547 1906 3722 1965 panes

2138 1996 2428 2060 contemni,
2466 2007 2691 2062 eamque
2717 1990 3092 2046 contumeliam
3113 2029 3128 2053 ,
3161 2002 3261 2057 qua
3287 1987 3429 2041 servi
3458 1994 3719 2056 appetun-

2140 2097 2263 2151 tur,
2297 2086 2363 2139 ad
2411 2084 2584 2155 ipsum
2626 2097 2812 2137 eorum
2862 2079 3140 2134 Dominum
3186 2075 3549 2146 pet-transire,
3594 2075 3725 2130 libet

2140 2179 2351 2248 quidem
2382 2189 2656 2239 accusare,
2687 2173 2782 2228 sed
2810 2187 2903 2226 eos
2929 2170 3019 2240 qui
3044 2167 3435 2224 accusationem
3465 2167 3601 2223 hanc
3627 2182 3724 2221 au-

2143 2269 2262 2324 dire
2291 2269 2550 2323 deberent
2579 2281 2682 2321 non
2713 2265 2801 2319 hic
2825 2263 2981 2318 video
3010 2279 3025 2316 :
3050 2275 3143 2316 vos
3167 2260 3265 2315 soli
3288 2259 3506 2323 adestis,
3534 2258 3724 2328 quibus

2142 2362 2242 2417 hac
2269 2360 2631 2415 admonitione
2673 2357 2805 2412 nihil
2844 2370 2977 2425 opus
3010 2362 3109 2408 est.
3144 2352 3524 2408 Verumtamen
3556 2364 3622 2405 ne
3646 2351 3727 2404 sic

2140 2453 2355 2523 quidem
2387 2451 2647 2505 silendum
2678 2459 2758 2503 est
2788 2447 2941 2502 nobis
2978 2462 2990 2498 :
3030 2460 3155 2499 nam
3186 2453 3239 2498 et
3282 2443 3725 2513 indignationem,

2141 2559 2299 2614 quam
2343 2543 2498 2597 nobis
2542 2548 2865 2603 moverunt,
2910 2536 3310 2606 mitigabimus,
3350 2535 3561 2603 unaque
3602 2549 3727 2588 etim

2134 2630 2316 2689 [verbis
2346 2634 2619 2702 ejiciemus
2645 2648 2659 2685 :
2690 2639 2745 2686 et
2784 2630 2903 2683 illos
2943 2628 3088 2697 ipsos
3112 2625 3178 2680 ad
3209 2625 3461 2680 ruborem
3486 2639 3548 2678 ac
3574 2638 3728 2678 vere-

2140 2724 2387 2780 cundiam
2416 2722 2825 2792 compellemus,
2859 2729 2935 2773 tot
2974 2719 3027 2773 in
3065 2731 3161 2773 eos
3199 2715 3597 2770 accusatoribus
3626 2717 3727 2769 im-

2141 2816 2337 2879 missis,
2363 2824 2489 2883 quot
2511 2826 2652 2867 nunc
2689 2811 2960 2865 auditores
2992 2798 3147 2863 estis.
3176 2806 3231 2861 Si
3260 2808 3404 2861 enim
3432 2806 3722 2870 venissent,

2141 2916 2351 2963 uestras
2377 2905 2550 2960 solum
2575 2902 2971 2973 obiurgationes
3000 2899 3245 2954 audirent
3274 2915 3287 2952 :
3318 2911 3460 2951 nunc
3493 2896 3722 2966 fugitan-

2143 3008 2222 3053 tes
2249 3005 2488 3052 nostram
2516 2996 2954 3062 increpationem,
2993 2988 3180 3044 eadem
3209 2988 3323 3043 haec
3346 3003 3375 3042 a
3400 2987 3552 3042 vobis
3574 2987 3728 3041 audi-

2143 3090 2244 3144 turi
2272 3097 2397 3144 sunt
2425 3086 2620 3141 omnia.
2650 3084 2738 3139 Sic
2764 3091 2818 3139 et
2844 3082 2998 3136 amici
3037 3080 3238 3135 faciunt
3264 3099 3279 3134 :
3311 3090 3589 3150 postquam
3618 3094 3727 3134 non

2144 3181 2464 3235 invenerunt
2489 3177 2802 3247 quibuscum
2851 3173 3191 3242 expostulare
3215 3171 3485 3238 volebant,
3515 3171 3726 3225 illorum

2144 3272 2345 3324 amicos
2371 3268 2563 3322 adeunt
2589 3308 2604 3332 ,
2632 3266 2722 3335 qui
2750 3263 2889 3318 dicta
2919 3276 3012 3316 sua
3040 3261 3107 3315 ad
3135 3261 3253 3316 illos
3294 3259 3547 3315 referant.
3579 3260 3727 3315 Idem

2141 3362 2301 3415 etiam
2329 3360 2469 3413 Deus
2496 3358 2619 3412 fecit
2646 3372 2657 3408 :
2687 3355 2903 3410 omissis
2943 3353 3009 3408 iis
3053 3352 3144 3421 qui
3188 3352 3238 3405 in
3271 3367 3329 3406 se
3355 3361 3725 3421 peccaverant,

2142 3457 2404 3510 insontem
2445 3451 2729 3507 Jeremiam
2778 3447 3047 3517 appellat,
3087 3446 3272 3500 dicens
3316 3462 3329 3498 :
3378 3444 3552 3498 Viden‘
3590 3444 3716 3513 quid

2141 3548 2265 3601 mihi
2294 3547 2464 3617 fecerit
2489 3544 2731 3610 insipiens
2760 3542 2870 3610 ﬁlia
2893 3539 3035 3593 Iuda
3065 3537 3210 3609 (Jer.
3240 3539 3293 3592 5.
3323 3537 3386 3606 6)
3411 3538 3434 3589 ?
3461 3538 3570 3591 llac
3593 3551 3728 3591 sane

2141 3638 2207 3693 de
2231 3652 2386 3692 causa
2412 3649 2509 3690 nos
2543 3648 2752 3704 quoque
2776 3632 2894 3685 illos
2916 3630 3234 3693 accusando,
3260 3645 3354 3682 vos
3379 3624 3722 3697 aﬂoquimur,

2142 3738 2198 3785 ut
2242 3730 2369 3784 hinc
2413 3726 2635 3800 profecti
2677 3740 2772 3780 eos
2808 3724 3108 3793 cor-rigatis.
3158 3721 3293 3789 Quis
3334 3721 3477 3776 enim
3521 3730 3724 3775 tantum

2139 3823 2437 3892 neglectum
2460 3818 2634 3874 ferat?
2663 3816 2842 3873 Semel
2861 3817 2914 3871 in
2944 3813 3271 3869 hebdomade
3296 3813 3381 3867 hic
3400 3813 3720 3883 colligimur,

2141 3923 2197 3969 et
2237 3929 2306 3968 ne
2348 3912 2447 3967 hac
2488 3910 2702 3985 quidem
2741 3909 2829 3963 die
2871 3907 3156 3962 sarcularcs
3201 3920 3358 3960 curas
3401 3904 3727 3976 posthabere

2140 4006 2444 4060 sustinent:
2472 4012 2527 4059 et
2553 4003 2597 4057 si
2642 4002 2763 4072 quis
2806 3999 2861 4054 id
2889 3999 3105 4069 obiiciat
3127 4038 3143 4065 ,
3185 3998 3328 4052 Illico
3356 4006 3724 4067 paupertatem

2139 4102 2460 4165 praetexunt,
2487 4108 2549 4148 ac
2573 4093 2744 4147 victus
2772 4089 2987 4161 parandi
3021 4090 3414 4156 necessitatem,
3442 4096 3722 4156 urgentes.

2139 4203 2243 4255 que
2295 4187 2671 4255 occupationes
2703 4224 2717 4247 ,
2768 4183 3130 4238 defensionem
3193 4181 3493 4236 adferentes
3536 4182 3723 4250 quavis

2139 4281 2477 4332 accusatione
2504 4276 2827 4346 graviorem.
2869 4272 3003 4339 Quid
3032 4273 3171 4326 enim
3216 4273 3317 4327 hoc
3355 4273 3470 4342 ipso
3497 4274 3723 4328 crimine

2141 4370 2291 4440 pejus
2320 4385 2440 4425 esse
2461 4377 2654 4438 potest,
2686 4382 2806 4422 cum
2838 4365 3037 4435 aliquid
3066 4364 3207 4419 aliud
3236 4379 3393 4434 quam
3419 4364 3601 4419 divina
3628 4380 3722 4419 ne-

2137 4462 2281 4533 gotia
2311 4460 2477 4529 magis
2512 4473 2705 4529 urgens
2731 4457 2884 4512 nobis
2909 4457 3139 4523 videtur,
3170 4457 3442 4527 magisque
3468 4470 3717 4511 necessa-

2140 4552 2321 4609 rium?
2360 4550 2499 4606 Sane
2524 4549 2730 4604 etiamsi
2771 4547 2999 4603 maxime
3038 4562 3219 4601 verum
3262 4548 3363 4600 hoc
3399 4556 3572 4612 esset,
3606 4546 3721 4601 haec

2142 4646 2251 4714 ipsa
2278 4643 2518 4698 defensio
2543 4649 2687 4697 esset
2711 4640 3001 4705 accusatio,
3031 4649 3088 4693 ut
3113 4638 3220 4692 dixi
3253 4656 3266 4692 :
3299 4646 3356 4691 ut
3383 4647 3560 4691 autem
3587 4638 3721 4692 scia-

2141 4740 2207 4793 tis
2229 4738 2382 4791 istam
2409 4737 2767 4791 causationem
2791 4748 2911 4788 esse
2930 4747 2992 4787 ac
3014 4739 3325 4802 praetextum
3351 4731 3415 4785 ad
3442 4732 3717 4800 segnitiem

2143 4829 2455 4900 tegendam,
2484 4827 2571 4881 vel
2607 4841 2692 4880 me
2723 4832 2930 4879 tacente
2961 4824 3148 4877 tertius
3174 4821 3368 4876 abhinc
3392 4822 3507 4876 dies
3535 4836 3721 4876 omnes

2142 4924 2263 4977 talia
2310 4919 2659 4976 obtendentes
2710 4915 3031 4985 redarguet,
3078 4929 3202 4968 cum
3245 4913 3431 4967 civitas
3476 4914 3721 4967 universa

2140 5014 2447 5086 migraverit
2475 5012 2540 5066 ad
2567 5010 2798 5073 Circum,
2835 5017 2889 5065 et
2920 5007 3110 5061 domus
3136 5021 3198 5062 ac
3224 5007 3339 5060 fora
3366 5005 3552 5060 nefarii
3581 5005 3718 5059 illius

2140 5107 2431 5178 spectaculi
2454 5105 2625 5175 gratia
2645 5110 2895 5158 evacuata
2924 5098 3140 5152 fuerint.
3165 5098 3229 5151 Et
3255 5096 3339 5150 hic
3360 5112 3427 5151 ne
3453 5097 3718 5166 prazeipua

2140 5200 2354 5272 quidem
2399 5196 2639 5252 ecclesia:
2680 5195 2793 5247 loca
2837 5190 2909 5260 (α)
2939 5188 3192 5258 compleri
3219 5186 3459 5241 videmus
3489 5205 3505 5243 :
3532 5197 3583 5241 at
3615 5187 3719 5241 illis

2141 5305 2246 5345 non
2276 5288 2436 5343 modo
2457 5286 2668 5347 Circus,
2692 5281 2784 5336 sed
2806 5289 2860 5335 et
2882 5279 3158 5334 cmnacula
3182 5286 3237 5332 et
3263 5276 3456 5330 domus
3481 5286 3535 5331 et
3560 5287 3714 5341 tecm,

2140 5389 2193 5435 et
2217 5380 2438 5448 abrupta
2468 5377 2584 5431 loca
2616 5375 2866 5444 pleraque
2894 5377 3222 5439 occupantur
3252 5385 3266 5419 :
3297 5376 3351 5421 at
3378 5382 3554 5437 neque
3587 5382 3717 5437 pau-

2141 5482 2351 5543 pertas,
2392 5483 2565 5539 neque
2604 5464 2881 5535 occupatio
2906 5504 2920 5527 ,
2965 5475 3135 5531 neque
3171 5458 3420 5514 debilitas
3452 5459 3717 5528 corporis.

2202 5582 2563 5697 (αξωιῖξείρυα
2610 5579 2716 5630 loca
2751 5574 2968 5629 ecclesia:
3006 5581 3143 5625 vocat
3186 5579 3351 5634 partes
3386 5565 3722 5619 sacerdotibus

2142 5661 2265 5713 prox
