4094 6256
369 423 471 479 639

427 548 489 598 τ’.
520 542 675 597 Ποῖον
700 543 807 615 7&9
837 545 902 599 ἂν
930 543 1137 614 γένοιτο
1169 544 1356 614 κέρδος
1382 546 1445 598 ἐκ
1482 547 1578 618 τῆς
1608 550 1713 602 τῶν
1746 552 1933 621 δήμων

360 623 671 695 εὐφημίας;
707 628 828 680 εἰπέ
851 645 961 697 μοι.
995 628 1104 699 Τῆς
1122 628 1361 697 ἑσπέρας
1392 629 1501 699 γάρ
1525 633 1935 703 καταλαὸούσης

361 705 563 769 εὐθέως
579 710 606 760 6
629 708 821 779 κρότος
847 711 1052 773 ἐκεῖνος
1082 711 1175 763 καὶ
1195 712 1223 762 6
1254 709 1483 784 θόρυϐος
1504 712 1649 777 άπας
1678 717 1934 785 μαραίνε-

358 805 468 850 ται,
502 790 597 840 καὶ
630 790 1002 861 παρελθούσης
1032 793 1130 862 τῆς
1154 793 1532 865 πανηγύρεως,
1563 794 1751 867 ὥσπερ
1794 796 1929 866 ὄναρ

356 871 759 940 τρυφήσαντες,
791 872 964 936 οὕτως
997 873 1193 945 ἔρημοι
1223 875 1403 944 πάσης
1455 877 1807 931 καθίστανται
1842 880 1931 931 εὐ-

356 952 655 1021 φροσύνης,
679 956 772 1006 καὶ
791 953 915 1007 οὐτε
947 957 1047 1026 τὴν
1088 957 1195 1009 ἀπὸ
1230 958 1324 1009 τοῦ
1355 958 1643 1026 στεφάνου,
1680 959 1801 1012 οὐτε
1832 959 1929 1028 τὴν

358 1035 467 1087 ἀπὸ
496 1036 596 1104 τῆς
622 1038 814 1109 στολῆς
841 1039 942 1106 τῆς
971 1039 1228 1110 λαμπρᾶς
1260 1040 1353 1093 καὶ
1390 1041 1490 1111 τῆς
1525 1042 1692 1113 ἄλλης
1721 1059 1927 1111 φαντα-

361 1116 481 1181 σίας
508 1119 723 1189 ἀπάσης
753 1121 1016 1190 εὐθυμίαν
1046 1122 1401 1193 ἐγγινομένην
1434 1123 1616 1187 αὐτοῖς
1640 1123 1927 1196 ζητοῦντες

358 1201 534 1270 εὐρεῖν
571 1200 803 1255 δύναιντ’
840 1203 926 1267 ἂν,
959 1204 1160 1273 ἀνέμου
1194 1204 1391 1269 παντὸς
1425 1204 1721 1276 ταχύτερον
1746 1222 1925 1277 παρα-

356 1279 671 1352 δραμόντων
702 1284 897 1348 αὐτοὺς
930 1286 1206 1340 ἁπάντων.

437 1428 500 1482 Ἦ
547 1430 606 1483 δὲ
656 1430 765 1485 τῶν
806 1433 1055 1503 οὐρανῶν
1101 1437 1348 1488 πολιτεία
1377 1435 1684 1490 τούναντίον
1730 1437 1875 1491 ἀπαν
1907 1453 1923 1469 ο

354 1515 524 1583 χωρὶς
556 1515 800 1585 δαπάνης
830 1516 965 1570 πολὺ
1014 1517 1171 1588 φέρει
1202 1518 1263 1570 τὸ
1291 1517 1481 1589 κέρδος
1508 1520 1640 1590 ἡμῖν
1684 1520 1779 1575 καὶ
1827 1522 1925 1591 μό-

352 1614 531 1667 νιμον.
588 1599 661 1650 Οὐ
722 1597 832 1669 γάρ
881 1599 1161 1670 ἄνθρωποι
1223 1601 1557 1671 μεθύοντες,
1624 1603 1762 1660 ἀλλὰ
1814 1605 1924 1659 τῶν

352 1679 598 1748 ἀγγέλων
640 1682 668 1733 6
705 1680 876 1751 δῆμος
928 1682 1018 1735 τὸν
1059 1685 1177 1736 ἐκεῖ
1217 1683 1632 1754 πολιτευόμενον
1670 1685 1924 1756 κροτοῦσι

348 1763 633 1837 διηνεκῶς.
691 1765 802 1820 Καὶ
849 1765 901 1819 τί
931 1763 1076 1833 λέγω
1128 1765 1237 1819 τῶν
1297 1766 1543 1834 ἀγγέλων
1587 1766 1680 1821 τὸν
1717 1768 1923 1838 δῆμονς

349 1848 521 1911 Αὐτὸς
550 1848 712 1902 αὐτὸν
745 1851 773 1901 6
802 1847 908 1902 τῶν
957 1848 1203 1918 ἀγγέλων
1229 1849 1506 1919 Δεσπότης
1529 1850 1804 1904 ἐπαινέσει
1832 1852 1924 1904 καὶ

349 1931 687 1997 ἀποδέξεται.
726 1931 783 1984 Ὀ
808 1931 863 1984 δέ
910 1932 1062 2003 παρά
1096 1930 1191 1985 τοῦ
1236 1930 1371 1985 Θεοῦ
1401 1931 1813 2000 ἐπαινούμενος,
1859 1933 1922 1985 οὐ

351 2014 504 2085 μίαν,
531 2016 652 2068 οὐδὲ
698 2014 814 2079 δύο,
849 2017 945 2069 καὶ
987 2018 1139 2085 τρεῖς
1169 2015 1406 2086 ἡμέρας,
1442 2014 1577 2067 άλλά
1605 2013 1692 2068 διὰ
1722 2014 1924 2078 παντὸς

345 2097 443 2150 τοῦ
473 2098 667 2161 αἰῶνος
696 2098 967 2169 πομπεύει
998 2098 1443 2167 στεφανηφορῶν,
1468 2097 1563 2150 καὶ
1590 2097 1803 2166 γυμνὴν
1823 2098 1924 2150 οὐκ

346 2182 412 2236 ἄν
448 2199 579 2234 ποτε
614 2182 744 2244 ίδοις
788 2182 887 2251 τῆς
922 2178 1081 2250 δόξης
1127 2180 1346 2249 ἐκείνης
1398 2179 1498 2249 τὴν
1540 2178 1635 2233 τοῦ
1680 2178 1921 2234 τοιούτου

344 2264 626 2334 κεφαλήν·
657 2264 718 2316 οὐ
781 2265 891 2333 γάρ
924 2262 1258 2333 ὡρισμέναις
1290 2263 1529 2334 ἡμέραις
1570 2264 1599 2316 6
1639 2262 1736 2333 τῆς
1784 2279 1922 2316 παν-

345 2347 598 2419 ηγύρεως
648 2346 851 2417 ταύτης
875 2346 1314 2416 περιγέγραπται
1367 2346 1579 2416 χρόνος,
1618 2345 1753 2399 ἀλλά
1787 2345 1923 2416 πρὸς

343 2431 444 2501 τὴν
474 2427 771 2482 ἀθανασίαν
816 2427 923 2479 τῶν
974 2427 1277 2497 μελλόντων
1331 2429 1656 2481 ἐκτείνεται.
1704 2427 1922 2497 Ταύτης

341 2511 440 2579 τῆς
470 2509 808 2580 λειτουργίας
832 2510 931 2561 οὐκ
958 2509 1022 2563 άν
1061 2527 1191 2562 ποτε
1220 2508 1430 2577 γένοιτο
1464 2508 1624 2562 πενία
1671 2508 1918 2579 κώλυμα,

340 2593 479 2646 ἀλλὰ
514 2592 737 2646 δυνατὸν
767 2593 862 2645 καὶ
913 2592 1005 2644 τὸν
1038 2591 1245 2661 πένητα
1288 2591 1673 2662 λειτουργῆσαι
1719 2592 1921 2660 ταύτην

339 2679 441 2746 τὴν
469 2672 832 2745 λειτουργίαν,
860 2674 954 2727 καὶ
988 2674 1222 2743 μάλιστα
1244 2672 1337 2725 τὸν
1358 2674 1586 2743 πένητα,
1618 2675 1712 2727 ἀτε
1739 2674 1920 2744 πάσης

340 2757 761 2828 ἀπηλλαγμένον
794 2755 1093 2824 φαντασίας
1118 2756 1376 2826 βιωτικῆς
1399 2772 1413 2786 ·
1448 2756 1510 2809 οὐ
1547 2756 1657 2826 γὰρ
1674 2756 1919 2825 δαπάνης

338 2841 643 2911 χρημάτων
684 2840 777 2892 καὶ
807 2840 1147 2910 περιουσίας,
1176 2840 1312 2893 ἀλλά
1350 2840 1529 2909 ψυχῆς
1559 2839 1639 2893 δεῖ
1673 2840 1919 2910 καθαρᾶς

339 2927 433 2978 καὶ
450 2922 832 2994 σωφρονούσης
860 2923 1116 2986 διανοίας.
1144 2922 1276 2975 Ἀπὸ
1300 2925 1502 2994 ταύτης
1525 2923 1620 2976 καὶ
1646 2924 1713 2976 τά
1731 2923 1920 2992 ἱμάτια

338 3010 438 3077 τῆς
473 3006 747 3068 πολιτείας
777 3004 989 3076 ἐκείνης
1017 3005 1298 3073 ὑφαίνεται
1328 3008 1393 3075 τῇ
1433 3002 1602 3075 ψυχῇ,
1627 3005 1764 3057 καὶὸ
1798 3003 1919 3057 στέ-

339 3105 511 3158 φανος
527 3086 679 3159 [79.9]
700 3086 980 3139 πλέκεταιο
997 3086 1138 3139 ὥστε
1155 3087 1220 3139 ἂν
1237 3088 1311 3157 μὴ
1325 3090 1435 3148 τοῖς
1451 3087 1548 3155 τῆς
1564 3082 1808 3159 ἀρετῆς
1823 3102 1916 3138 κε-

338 3170 663 3242 κοσμημένη
682 3169 1124 3241 κατορθώμασιν,
1147 3170 1298 3222 οὐδὲν
1314 3170 1503 3238 ὄφελος
1528 3170 1663 3239 αὐτῇ
1694 3169 1917 3241 χρυσίου

338 3255 539 3309 πολλοῦ
560 3272 573 3285 ·
604 3253 792 3322 ὥσπερ
824 3249 917 3305 οῦν
957 3252 1080 3306 οὐδέ
1110 3252 1309 3323 βλάϐος
1355 3252 1508 3305 ἔσται
1561 3253 1784 3317 πενίας,
1821 3252 1918 3306 ἐὰν

338 3340 433 3391 τὸν
458 3336 667 3390 ἔνδοθεν
696 3336 793 3406 ἐχῃ
828 3334 1058 3388 πλοῦτον
1086 3335 1534 3405 ἐναποκείμενον.
1573 3334 1791 3405 Ταύτην
1819 3336 1918 3406 τὴν

337 3421 680 3492 λειτουργίαν
705 3420 778 3491 μὴ
811 3421 971 3491 μόνον
1001 3419 1227 3491 ἄρρενες
1254 3419 1460 3482 παῖδες,
1479 3419 1617 3472 άλλά
1642 3419 1737 3472 καὶ
1758 3418 1919 3488 θυγα-

337 3505 497 3576 τέρες
538 3505 667 3574 ἡμῖν
690 3502 1175 3573 λειτουργείτωσαν
1195 3518 1208 3531 ·
1240 3502 1299 3554 οὐ
1334 3501 1443 3572 γὰρ
1473 3501 1661 3574 ῶσπερ
1694 3503 1786 3555 ἐπὶ
1818 3502 1917 3572 τῆς

337 3585 539 3650 ἔξωθεν
571 3585 846 3647 πολιτείας
875 3584 1099 3656 ἀνδράσι
1153 3585 1312 3655 μόνον
1355 3585 1529 3637 ταῦτα
1579 3584 1915 3656 λειτουργεῖν

337 3668 713 3731 ἐπιτέτακται,
748 3666 883 3720 ἀλλά
912 3669 1006 3720 καὶ
1057 3670 1320 3734 γυναῖκας
1366 3669 1543 3720 ἐκεῖνο
1586 3666 1646 3720 τὸ
1692 3667 1916 3736 θέατρον

338 3750 580 3819 δέχεται,
610 3750 705 3801 καὶ
733 3750 1017 3818 γέροντας,
1065 3750 1160 3801 καὶ
1204 3749 1379 3811 νέους,
1423 3750 1517 3800 καὶ
1552 3748 1790 3809 δούλους,
1824 3748 1917 3799 καὶ

338 3831 679 3900 ἐλευθέρους.
727 3830 902 3882 Ὅπου
946 3829 1056 3899 7&9
1093 3829 1272 3898 ψυχῆς
1303 3832 1453 3881 ἐστιν
1482 3831 1515 3897 ἡ
1544 3829 1823 3894 ἐπίδειξις.
1856 3829 1915 3881 οὐ

339 3912 528 3983 φύσις,
559 3913 659 3982 οὐχ
705 3909 917 3979 ἡλικία,
964 3912 1062 3963 οὐκ
1092 3909 1310 3979 ἀξίωμα
1339 3910 1616 3979 βιωτικὸν,
1647 3911 1749 3963 οὐκ
1792 3910 1921 3963 ἀλλο

336 3996 493 4050 οὐδὲν
523 3994 834 4066 ἐμποδίζειν
866 3992 1102 4062 πέφυκε.
1157 3992 1256 4044 Διά
1300 3992 1364 4063 δὴ
1393 3990 1573 4053 τοῦτο,
1612 3992 1920 4063 παρακαλῶ

336 4081 549 4142 πάντας
578 4078 746 4147 ὑμᾶς,
769 4079 833 4129 ἐκ
862 4076 1085 4147 πρώτης
1116 4074 1327 4146 ἡλικίας
1355 4074 1625 4128 ἐκδιδόναι
1651 4076 1746 4130 καὶ
1771 4077 1920 4140 υἱοὺς

338 4163 439 4217 καὶ
473 4162 780 4231 θυγατέρας
814 4162 934 4223 ταῖς
979 4159 1261 4222 τοιαύταις
1290 4158 1677 4230 λειτουργίαις,
1705 4160 1799 4214 καὶ
1827 4159 1920 4213 τὸν

336 4248 406 4317 τῇ
424 4244 649 4319 τοιαύτῃ
666 4243 910 4315 πολιτείᾳ
942 4242 1253 4314 ἁρμόζοντα
1270 4242 1730 4314 προαποτίθεσθαι
1754 4243 1919 4296 πλοῦο

334 4344 432 4383 τον
468 4329 672 4393 αὐτοῖς,
707 4326 769 4379 οὐ
790 4327 1010 4397 χρυσίον
1031 4324 1481 4395 κατορύττοντας,
1513 4326 1635 4379 οὐδὲ
1661 4326 1920 4398 ἀργύριον

340 4410 723 4478 συλλέγοντας,
759 4408 875 4462 ἀλλ’
902 4408 1229 4468 ἐπιείκειαν.
1269 4407 1624 4478 σωφροσύνην
1648 4446 1663 4471 ,
1722 4407 1921 4478 σεμνό-

335 4510 502 4561 τητα,
532 4493 631 4561 τὴν
662 4491 829 4562 ἀλλην
858 4491 1076 4545 ἅπασαν
1104 4491 1303 4561 ἀρετὴν
1318 4489 1804 4560 ἐναποτιθεμένους
1826 4491 1922 4544 αύ-

336 4574 451 4628 τῶν
482 4578 548 4645 τῇ
580 4574 746 4643 ψυχῇ.
771 4573 989 4644 Ταύτης
1015 4573 1123 4641 γάρ
1148 4575 1320 4628 δεῖται
1341 4573 1440 4642 τῆς
1461 4571 1704 4642 δαπάνης
1736 4573 1919 4644 ἐκείνη

338 4660 375 4728 ἡ
411 4656 739 4726 λειτουργία.
782 4657 878 4708 Ἂν
921 4655 1124 4725 ταύτην
1162 4652 1255 4709 οὖν
1287 4655 1382 4707 καὶ
1418 4654 1630 4716 ἑαυτοῖς
1670 4655 1763 4706 καὶ
1808 4656 1922 4717 τοῖς

340 4739 579 4801 παιδίοις
638 4738 980 4807 συλλέξωμεν
1036 4737 1128 4809 τὴν
1160 4738 1444 4808 εὐπορίαν,
1499 4737 1595 4790 καὶ
1640 4736 1784 4790 κατά
1830 4737 1922 4791 τὸν

340 4822 593 4891 παρόντα
633 4820 747 4891 βίον
796 4820 995 4891 πολλῆς
1025 4818 1445 4890 ἀπολαυσόμεθα
1474 4819 1571 4889 τῆς
1604 4819 1922 4891 λαμπρότη-

338 4922 457 4966 τος,
494 4904 589 4957 καὶ
635 4903 777 4955 κατά
827 4902 925 4973 τὴν
975 4902 1271 4972 μέλλουσαν
1311 4900 1455 4972 ζωὴν
1502 4902 1602 4968 τῆς
1647 4903 1922 4974 μακαρίας

341 4988 561 5057 ἐκείνης
592 4987 937 5057 ἀκουσόμεθα
965 4988 1166 5055 φωνῆς,
1184 4986 1249 5039 δι’
1268 4988 1334 5056 ἢν
1369 4986 1614 5048 ἅπαντας
1645 4988 1769 5049 τοὺς
1794 4989 1923 5055 όμο-

341 5071 683 5141 λογήσαντας
700 5071 864 5137 αὐτὸν
898 5073 926 5124 6
958 5072 1191 5141 Χριστὸς
1208 5071 1594 5140 ἀνακηρύττει.
1632 5070 1921 5140 Ὀμολογία

339 5156 401 5209 δὲ
427 5156 527 5224 οὐχ
554 5157 586 5224 ἡ
628 5153 716 5207 διά
748 5155 847 5223 τῆς
889 5155 1124 5213 πίστεως
1157 5153 1316 5224 μόνον
1363 5154 1512 5206 ἐστὶν
1532 5194 1547 5215 ,
1598 5153 1733 5206 άλλά
1758 5156 1851 5206 καὶ
1887 5156 1920 5225 ἡ

342 5238 434 5292 διά
463 5238 571 5290 τῶν
610 5237 808 5308 ἔργων,
848 5237 925 5301 ὠς
951 5238 1047 5291 ἐὰν
1081 5238 1155 5308 μὴ
1209 5238 1302 5291 καὶ
1352 5238 1489 5308 αὐτὴ
1535 5241 1705 5308 παρῇ,
1741 5238 1920 5290 κινδυ-

342 5320 577 5389 νεύομεν
622 5320 761 5389 μετά
788 5319 898 5373 τῶν
927 5321 1277 5391 ἀρνουμένων
1316 5320 1658 5383 κολάζεσθαι.
1699 5322 1772 5373 Οὐ
1811 5321 1921 5393 γάρ

340 5399 425 5465 εἷς
445 5402 725 5473 ἀρνήσεώς
758 5404 872 5456 ἐστι
894 5402 1113 5473 τρόπος,
1142 5403 1278 5456 ἀλλά
1316 5403 1502 5456 πολλοὶ
1528 5406 1621 5456 καὶ
1645 5404 1917 5473 διάφοροι,

341 5486 438 5548 οὓς
469 5487 497 5537 6
524 5485 735 5548 Παῦλος
765 5487 897 5556 ἡμῖν
940 5487 1272 5557 ὑπογράφων
1319 5486 1491 5550 οὕτως
1538 5487 1721 5553 ἔλεγε·
1773 5486 1922 5540 Θεὸν

343 5568 753 5637 ὁμολογοῦσιν
774 5570 1015 5633 ειδέναι,
1062 5569 1185 5635 τοῖς
1221 5569 1289 5621 δὲ
1329 5569 1522 5639 ἔργοις
1557 5568 1879 5637 ἀρνοῦνται
1902 5587 1915 5601 ⁸

344 5653 442 5703 καὶ
467 5651 645 5704 πάλιν⁸
681 5656 748 5707 El
769 5652 836 5707 δέ
862 5670 950 5720 τις
994 5651 1112 5706 τῶν
1152 5652 1337 5716 ἰδίων,
1376 5646 1497 5706 καῖ
1509 5652 1774 5722 μάλιστα
1804 5652 1920 5706 τῶν

341 5735 584 5788 οἰκείων
607 5738 678 5789 οὺ
701 5737 957 5804 προνοεῖ,
982 5736 1095 5804 τὴν
1114 5738 1320 5790 πίστιν
1338 5737 1609 5805 ἤρνηται,
1628 5738 1725 5791 καί
1747 5738 1919 5791 ἔστιν

346 5819 609 5874 ἀπίστου
654 5819 886 5885 χείρων·
918 5819 1008 5872 καὶ
1044 5820 1220 5873 πάλιν·
1257 5820 1507 5889 Φεύγετε
1549 5819 1661 5889 τὴν
1703 5825 1918 5875 πλεον-

1629 430 1713 484 DE
1757 431 1929 486 ΑΝΝᾹ
1980 433 2213 488 SEHMO
2251 434 2331 490 IV.

3499 448 3603 502 δυο

2033 553 2225 616 sti/ar,
2241 550 2372 617 ἣτις
2382 551 2552 604 ἐστὶν
2566 550 3036 619 εἰδωλολατρειά.
3056 554 3206 606 Ἐπεὶ
3219 550 3309 608 οὖν
3325 555 3603 625 ἀρνήσεως

2026 633 2274 686 τοσοῦτοι
2298 632 2511 697 τρόποι,
2544 632 2764 706 εὔδηλον
2795 635 2875 687 ὅτι
2900 636 2993 687 καὶ
3024 637 3310 705 ὁμολογίας
3332 639 3598 703 τοσοῦτοι,

2029 715 2123 769 καὶ
2147 714 2325 784 πολλῷ
2342 716 2558 778 πλείους
2573 732 2586 746 ⁶
2604 715 2699 779 οὓς
2721 716 2786 787 δὴ
2806 717 3012 779 πάντας
3030 718 3356 788 ὁμολογῆσαι
3376 723 3603 774 σπουδά-

2030 813 2232 866 σωμεν,
2291 798 2378 851 ἵνα
2420 798 2515 851 καὶ
2563 798 2716 851 αὐτοὶ
2753 800 2852 868 τῆς
2898 800 2956 851 ἐν
2997 804 3111 863 τοῖς
3153 802 3401 872 οὐρανοῖς
3434 806 3601 876 τιμῆς

2026 879 2460 949 ἀπολαύσωμεν,
2508 881 2692 951 χάριτι
2728 881 2822 933 καὶ
2851 880 3229 954 φιλανθρωπίᾳ
3262 885 3355 936 τοῦ
3391 888 3596 957 Κυρίου

2026 962 2183 1032 ἡμῶν
2220 964 2395 1031 Ἰησοῦ
2426 965 2688 1034 Χριστοῦ,
2716 965 2781 1017 δι’
2810 958 2871 1017 οὗ
2891 1002 2905 1027 ,
2949 970 3045 1018 καὶ
3084 967 3202 1036 μεθ’
3230 960 3291 1020 οῦ
3317 969 3396 1040 τῷ
3423 970 3598 1039 Harp!

2026 1046 2058 1114 ἡ
2091 1045 2238 1110 δόξα,
2267 1046 2383 1115 ἅμα
2401 1045 2480 1115 τῷ
2504 1046 2644 1113 ἀγίῳ
2673 1045 2968 1115 Πνεύματι,
3000 1047 3093 1100 νῦν
3125 1052 3217 1103 καὶ
3248 1051 3356 1115 ἀεὶ,
3398 1053 3491 1105 καὶ
3517 1055 3596 1116 είς

2023 1126 2148 1190 τοὺς
2179 1127 2384 1188 αἰῶνας
2405 1128 2512 1181 τῶν
2534 1126 2764 1181 αἰώνων.
2812 1130 3003 1201 Ἀμὴν.

2656 1315 2874 1369 ΛΟΓΟΣ
2899 1318 2972 1372 Δ’.

2021 1417 2179 1485 Πρὸς
2233 1417 2390 1490 τοὺς
2424 1417 2530 1483 τὰς
2560 1418 2848 1490 οξυνάξεις
2884 1421 3463 1490 καταλιμπάνοντας,
3498 1426 3597 1481 καὶ
3670 1430 3681 1442 '

2093 1490 2180 1553 είς
2231 1488 2303 1540 τὰ
2328 1489 2543 1572 θέατρα
2566 1488 3023 1572 ἀναᾷαἱζοῖτας,
3058 1488 3171 1572 καὶ
3190 1491 3278 1544 ὅτι
3306 1488 3598 1572 οὺημό-νογ

2092 1556 2505 1631 χρησιμωτέρα
2542 1556 2668 1631 ’τῆςΔ
2692 1557 2764 1631 ἐκ
2785 1557 3105 1631 θεάτροιςξ
3136 1556 3430 1631 διαγωγῆξν
3461 1566 3498 1631 ἠ
3527 1565 3597 1617 ἐν

2089 1626 2706 1697 ἐκκλησίᾳ-διατριβὴ,
2734 1627 2893 1697 ἀλλὰ
2916 1629 3013 1680 καὶ
3039 1626 3252 1696 ήδίωνί
3285 1626 3388 1684 καί
3410 1626 3504 1697 ξιξ
3534 1651 3596 1687 τε

2090 1694 2207 1769 τῂν
2242 1694 2530 1769 δειξτέραν
2545 1695 2735 1769 ῥῆσίν
2752 1696 2863 1769 τῆς
2888 1694 3076 1764 εὐχῆς
3108 1698 3218 1767 τῆς
3240 1694 3593 1769 Ἄννηςξκαί

2088 1766 2177 1828 εἷς
2219 1764 2285 1818 τὸ
2314 1763 2443 1816 δεῖν
2476 1763 3117 1833 συνεχῶςμεῦχεσθαι,
3160 1763 3259 1821 καὶ
3303 1770 3373 1823 ἐν
3404 1763 3594 1824 ’παντί

2092 1835 2269 1956 τῇσέῳ,
2304 1832 2422 1886 κᾶν
2446 1835 2517 1888 ἐν
2541 1829 2725 1903 ἀγορᾷ
2745 1829 2921 1903 ὧμείἕ,
2954 1836 3069 1889 κᾶν
3094 1837 3164 1889 ἐν
3186 1838 3320 1904 ὁδῷ,
3352 1839 3468 1895 κᾶν
3497 1841 3595 1894 ἐπὶ

2092 1920 2127 1956 κ
2200 1921 2329 1956 νηο.

2091 1920 2329 1967 κλίνης.

2085 2011 2154 2058 α’.
2182 2005 2296 2058 Οὐκ
2321 2000 2437 2059 οἶδα
2468 2005 2641 2069 ποίοις
2672 2007 2944 2077 χρήσομαι
2982 2008 3159 2076 λόγοις
3191 2010 3451 2082 σήμερον.
3484 2012 3595 2065 Καὶ

2018 2096 2126 2169 γάρ
2146 2093 2288 2167 ὁρῶν
2318 2096 2415 2160 τάς
2436 2097 2684 2161 συνάξεις
2713 2097 3129 2168 ἐλαττουμένας,
3149 2102 3429 2171 προφήτας
3450 2103 3597 2174 ὑϐρι-

2018 2179 2637 2249 ζομένους,ἀποστόλους
2668 2180 3140 2252 ύπερορωμένους,
3171 2185 3414 2256 πατέρας
3436 2202 3596 2238 κατα-

2018 2262 2436 2333 φρονουμένους,
2470 2261 2558 2315 διά
2589 2262 2698 2315 τῶν
2730 2262 2932 2316 δούλων
2954 2265 3032 2327 είς
3064 2265 3155 2318 τὸν
3185 2266 3461 2337 Δεσπότην
3480 2268 3596 2321 61a-

2017 2342 2310 2396 ϐαίνουσαν
2344 2343 2443 2413 τὴν
2475 2342 2651 2414 ὕϐριν,
2696 2345 2955 2414 βούλομαι
2989 2348 3087 2416 μὲν
3121 2348 3437 2414 ἐγκαλέσαι,
3470 2351 3595 2407 τοὺς

2017 2422 2165 2496 [750]
2196 2426 2251 2479 δὲ
2279 2427 2591 2495 ὀφείλοντας
2624 2427 2975 2498 ἀκοῦσαιτῆς
3003 2431 3339 2499 κατηγορίας
3367 2432 3464 2502 οὐχ
3485 2432 3596 2501 ὁρῶ

2018 2510 2312 2580 παρόντας,
2331 2509 2443 2561 ἀλλ’
2467 2510 2611 2580 ὑμᾶς
2626 2511 2752 2571 τοὺς
2777 2510 2928 2564 οὐδὲν
2955 2511 3245 2581 δεομένους
3274 2515 3373 2581 τῆς
3394 2530 3595 2584 παραι-

2015 2592 2215 2655 νέσεως
2230 2591 2434 2662 ταύτης
2452 2593 2659 2662 καὶτῆς
2677 2593 2978 2656 νουθεσίας.
2994 2595 3141 2665 Πλὴν
3158 2595 3270 2648 ἀλλ’
3284 2597 3403 2649 οὐδέ
3424 2596 3595 2658 οὕτως

2017 2675 2270 2744 σιγητέον
2310 2678 2471 2747 ἡμῖν·
2510 2678 2610 2746 τήν
2637 2694 2695 2728 τε
2734 2676 2842 2747 γὰρ
2871 2676 3064 2747 ὀδύνην
3108 2679 3206 2749 τὴν
3243 2679 3330 2731 ἐπ’
3363 2680 3595 2741 ἐκείνοις

2014 2756 2334 2810 διαπνεῦσαι
2381 2759 2576 2828 μικρὸν
2606 2760 3098 2830 παρασκευάσομεν
3126 2761 3206 2823 είς
3235 2760 3301 2813 τὰ
3349 2760 3475 2826 ἔξω,
3506 2761 3594 2814 διὰ

2014 2839 2121 2890 τῶν
2152 2841 2217 2909 ρη
2229 2839 2410 2909 μάτων
2433 2840 2784 2905 ἐκϐάλλοντες
2813 2841 3001 2912 αὐτὴν,
3035 2841 3228 2904 αὐτούς
3266 2858 3325 2893 τε
3351 2843 3594 2903 ἐκείνους

2015 2920 2359 2990 αἰσχύνεσθαι
2381 2923 2474 2974 καὶ
2494 2922 2749 2993 ἐρυθριᾷν
2766 2925 3079 2994 ποιήσομεν,
3104 2923 3386 2986 τοσούτους
3411 2926 3595 2983 αὐτοῖς

2015 3002 2313 3071 ἐπαφέντες
2327 3002 2685 3073 κατηγόρους,
2700 3005 2823 3068 τοὺς
2842 3004 3134 3068 ἀκούοντας
3156 3006 3400 3067 ἅπαντας
3426 3008 3590 3075 ὑμᾶς.

2014 3085 2078 3138 Et
2110 3084 2207 3155 μὲν
2227 3085 2334 3155 γὰρ
2361 3084 2595 3138 ἐνταῦθα
2629 3087 3009 3157 παρεγένοντο,
3040 3087 3195 3157 ἡμῶν
3233 3088 3391 3157 μόνον
3421 3090 3593 3140 ἐπιτι-

2018 3167 2241 3236 μώντων
2260 3167 2497 3237 ἡκουσαν
2529 3167 2593 3220 ἄν
2610 3184 2622 3197 ·
2648 3168 2743 3221 νῦν
2768 3168 2824 3219 δὲ
2849 3168 3138 3237 φεύγοντες
3160 3170 3258 3239 τὴν
3287 3172 3415 3240 παρ’
3433 3169 3592 3240 ἡμῶν

2013 3249 2351 3319 ἐπιτίμησιν,
2406 3251 2535 3321 παρ’
2589 3249 2742 3320 ὑμῶν
2793 3252 2963 3304 ταῦτα
3019 3251 3339 3305 ἀκούσονται
3393 3252 3590 3306 πάντα.

2013 3330 2169 3386 Οῦτω
2196 3332 2289 3385 καὶ
2307 3332 2448 3399 φίλοι
2473 3332 2717 3386 ποιοῦσιν
2734 3349 2745 3360 '
2772 3333 2988 3388 ἐπειδὰν
3008 3335 3135 3398 τοὺς
3162 3333 3494 3396 ὑπευθύνους
3519 3334 3594 3404 μὴ

2012 3414 2235 3485 εὖρωσι,
2286 3417 2397 3477 τοῖς
2455 3415 2678 3468 ἐκείνων
2730 3417 3118 3485 ἐντυγχάνουσι
3181 3416 3351 3487 φίλοις
3383 3457 3396 3478 ,
3450 3417 3592 3470 ὥστε

2012 3496 2341 3559 ἀπελθόντας
2393 3497 2566 3550 εἰπεῖν
2612 3496 2679 3550 τά
2711 3498 2999 3568 εἰρημένα.
3044 3499 3215 3553 Τοῦτο
3250 3500 3344 3554 καὶ
3389 3502 3418 3553 6
3461 3500 3593 3563 Θεὸς

2012 3578 2234 3650 ἐποίησε
2253 3593 2267 3607 '
2299 3580 2429 3641 τοὺς
2459 3579 2565 3650 γὰρ
2596 3580 2673 3642 είς
2699 3581 2859 3633 αὐτὸν
2890 3582 3280 3651 ἡμαρτηκότας
3318 3583 3496 3652 ἀφείς,
3514 3584 3593 3653 τῷ

2016 3661 2180 3730 μηδὲν
2207 3661 2486 3730 ἠδικηκότι
2520 3662 2938 3731 κατεντυγχάνει
2967 3662 3045 3733 τῷ
3089 3662 3349 3735 Ἱερεμίᾳ,
3383 3665 3555 3733 λέγων
3575 3682 3590 3697 ·

2006 3738 2177 3806 Εἶδες
2211 3743 2264 3793 τί
2290 3742 2541 3807 ἐποίησέ
2554 3760 2655 3810 μοι
2678 3744 2717 3809 ἡ
2745 3744 3042 3809 ἀσύνετος
3067 3744 3329 3813 θυγάτηρ
3359 3746 3591 3810 Ἰούδα;

2014 3823 2111 3874 Διά
2139 3822 2203 3890 δὴ
2236 3821 2388 3875 τοῦτο
2417 3823 2510 3873 καὶ
2536 3825 2695 3891 ἡμεῖς
2729 3825 2857 3892 ὐμῖν
2897 3826 3433 3897 ὐπερεντυγχάνομεν
3472 3831 3593 3881 κατ’

2013 3903 2254 3965 ἐκείνων,
2303 3903 2388 3955 ἵνα
2412 3903 2735 3966 ἀπελθόντες
2762 3904 3093 3976 διορθώσητε
3115 3907 3331 3971 αὐτούς.
3362 3910 3455 3972 Τίς
3487 3911 3592 3981 γάρ

2014 3984 2079 4036 ἂν
2125 3985 2321 4056 ἐνέγκῃ
2350 3985 2449 4057 τὴν
2494 3984 2787 4054 ὀλιγωρίαν
2816 3986 2913 4057 τὴν
2945 3990 3255 4059 τοσαύτην;
3286 3988 3469 4055 Ἀπαξ
3496 3992 3595 4062 τῆς

2014 4067 2305 4137 ἑϐδομάδος
2359 4066 2591 4121 ἐνταῦθα
2646 4068 3052 4140 συλλεγόμεθα,
3098 4072 3193 4124 καὶ
3236 4073 3355 4125 οὐδέ
3390 4077 3594 4143 ταύτην

2015 4148 2294 4219 ἀνέχονται
2310 4149 2405 4221 τὴν
2435 4150 2646 4221 ἡμέραν
2672 4151 2779 4204 τῶν
2802 4152 3069 4221 βιωτικῶν
3086 4155 3361 4226 ὑπερορᾷν
3380 4156 3596 4227 φροντί-

2013 4232 2117 4284 δων
2140 4247 2154 4261 ο
2185 4231 2288 4285 κᾶν
2317 4233 2521 4305 ἐγκαλῇ
2572 4250 2677 4299 τις,
2730 4234 2931 4299 εὐθέως
2961 4237 3151 4290 πενίαν
3181 4239 3593 4311 προϐάλλονται,

2016 4317 2110 4366 καὶ
2134 4311 2234 4384 τὴν
2256 4314 2558 4383 ἀναγκαίαν
2591 4317 2815 4388 τροφὴν,
2847 4319 2942 4371 καὶ
2964 4318 3218 4390 ἀσχολίας
3239 4322 3596 4391 κατεπειγού-

2017 4412 2135 4459 σας,
2188 4396 2484 4464 ἀπολογίαν
2540 4400 2871 4470 κατηγορίας
2922 4401 3142 4473 ἀπάσης
3205 4404 3597 4477 χαλεπωτέραν

2019 4478 2432 4548 μελετήσαντες.
2469 4480 2534 4532 Τί
2564 4480 2672 4552 γάρ
2701 4480 2767 4535 ἂν
2786 4481 2989 4552 ταύτης
3014 4484 3114 4553 τῆς
3146 4486 3477 4557 κατηγορίας
3505 4487 3597 4554 γέ-

2017 4560 2144 4613 von.“
2181 4559 2247 4613 ἂν
2268 4563 2466 4631 χεῖρον,
2488 4561 2602 4614 ἀλλ’
2629 4562 2661 4633 ἢ
2683 4563 2810 4615 ὅταν
2831 4563 2939 4615 τῶν
2965 4564 3059 4616 τοῦ
3089 4564 3224 4618 Θεοῦ
3261 4569 3597 4637 πραγμάτων

2016 4641 2201 4713 ἕτερον
2230 4642 2652 4713 ἀναγκαιότερον
2685 4645 2813 4713 ὑμῖν
2844 4661 2896 4696 τι
2924 4646 3181 4713 φαίνηται
3209 4649 3302 4699 καὶ
3340 4652 3592 4701 κατεπεῖ-

2015 4741 2112 4792 γον
2141 4724 2338 4793 μᾶλλον
2359 4742 2373 4791 ;
2396 4725 2649 4779 Μάλιστα
2680 4726 2779 4796 μὲν
2804 4721 2897 4780 οὖν
2924 4727 2974 4779 εί
2990 4727 3084 4780 καὶ
3104 4727 3261 4780 τοῦτο
3278 4724 3346 4799 ἦν
3368 4728 3592 4799 ἀληθὲς,

2018 4808 2320 4879 κατηγορία
2360 4810 2392 4879 ἡ
2424 4808 2689 4877 ἀπολογία
2728 4804 2817 4879 ἦν,
2856 4808 3047 4879 ῶσπερ
3072 4808 3227 4877 ἔφην.
3255 4810 3375 4863 Ἵνα
3398 4811 3456 4863 δέ
3490 4811 3594 4880 μά-

2018 4891 2168 4960 θητε,
2185 4893 2268 4944 ὅτι
2285 4890 2562 4945 καὶταῦτα
2578 4891 2777 4962 σκῆψις
2800 4891 2896 4945 καί¹
2915 4892 3182 4963 πρόφασις
3202 4893 3297 4944 καὶ
3319 4892 3594 4964 ῥᾳθυμίας

2017 4973 2133 5025 ἐστὶ
2184 4973 2682 5044 παραπετάσματα,
2716 4974 2866 5028 οὐδὲν
2911 4974 3045 5043 ἐμοῦ
3088 4973 3357 5042 λέγοντος,
3394 4976 3426 5044 ἡ
3458 4976 3593 5045 μετά

2015 5054 2115 5126 τὴν
2148 5054 2333 5126 αὔριον
2376 5056 2574 5119 αὐτοὺς
2614 5055 2821 5125 ἐλέγξει
2869 5056 3074 5118 πάντας
3117 5056 3303 5127 ἡμέρα
3349 5059 3475 5120 τοὺς
3521 5058 3594 5111 τὰ

2016 5137 2242 5191 τοιαῦτα
2282 5137 2800 5209 προφασιζομένους,
2829 5138 2955 5192 ὅταν
2982 5140 3130 5191 πᾶσα
3199 5142 3231 5209 ἡ
3276 5140 3426 5201 πόλις
3456 5140 3592 5209 πρὸς

2016 5223 2107 5275 τὸν
2162 5223 2492 5293 ἱππόδρομον
2523 5226 2785 5294 μεταστῇ,
2818 5225 2917 5276 καὶ
2943 5223 3132 5290 οίκίαι,
3168 5223 3261 5275 καὶ
3291 5224 3486 5291 ἀγοραὶ
3512 5226 3593 5285 είς

2017 5306 2115 5376 τὴν
2164 5308 2477 5377 παράνομον
2534 5308 2765 5378 θεωρίαν
2814 5306 3123 5359 κενωθῶσιν
3183 5306 3417 5374 ἐκείνην.
3481 5306 3590 5357 Καὶ

2018 5388 2250 5443 ἐνταῦθα
2281 5389 2380 5459 μὲν
2430 5391 2550 5443 οὐδέ
2608 5391 2698 5443 τὸν
2739 5390 2925 5458 κύριον
2969 5389 3069 5457 τῆς
3103 5387 3397 5458 ἐκκλησίας
3425 5387 3591 5439 τόπον

2019 5469 2390 5541 πληρούμενον
2423 5472 2569 5525 ἐστιν
2602 5473 2729 5525 ίδεῖν
2757 5487 2770 5500 ·
2798 5474 2912 5523 ἐκεῖ
2942 5470 2997 5522 δὲ
3026 5470 3087 5522 οὐ
3114 5469 3205 5521 τὸν
3255 5468 3588 5537 ἱππόδρομον

2021 5554 2200 5623 μόνον,
2248 5553 2384 5606 ἀλλά
2417 5556 2510 5607 καὶ
2548 5553 2795 5623 ὑπερῷα,
2846 5552 2940 5605 καὶ
2987 5551 3185 5614 οἰκίας,
3222 5551 3315 5603 καὶ
3340 5548 3586 5619 δώματα,

2018 5637 2109 5688 καὶ
2138 5637 2431 5705 κρημνοὺς,
2464 5636 2554 5688 καὶ
2579 5636 2800 5705 μυρίους
2822 5634 3039 5703 ἐτέρους
3073 5631 3277 5689 ἄνωθεν
3308 5631 3590 5701 καταλαμ-

2088 5825 2110 5850 δ
2136 5823 2255 5886 Reg.
2282 5825 2344 5879 εἰς
2363 5824 2546 5887 θέατρα.
