4094 6256
477 415 574 466 661

481 529 701 579 ϐᾶνουσι
729 523 950 582 ’τό-ποκ’
985 516 1230 572 καὶοῦτε
1261 514 1418 570 πενία
1442 554 1457 578 ,
1489 511 1611 566 οῦτε
1641 510 1888 584 ἀσχολία,
1925 509 2049 564 οὔτε

482 608 736 662 ἀσθένεια
795 603 1064 671 σώματος,
1117 602 1178 653 ού
1228 599 1405 651 ποδῶν
1451 595 1753 667 ἀρρωστία,
1795 595 1896 647 οὑκ
1925 593 2052 647 ἄλλο

484 690 634 744 οὐδὲν
661 686 768 739 τῶν
803 683 1055 736 τοιούτων
1105 680 1293 750 ἐπέχει
1333 681 1432 750 τὴν
1465 679 1766 733 ἀκάθεκτον
1821 676 2048 746 μανίαν·

485 773 597 826 ἀλλ’
619 770 896 839 ἄνθρωποι
931 764 1298 836 γεγηρακότες
1347 764 1484 816 νέων
1527 761 1888 832 ἀκμαζόντων
1923 775 2054 827 σφο-

483 855 730 924 δρότερον
765 851 880 902 ἐκεῖ
928 848 1197 918 τρέχουσι,
1232 846 1330 914 τὴν
1357 845 1544 898 πολιὰν
1580 841 2053 911 καταισχύνοντες.

483 923 579 1005 τὴν
629 932 842 1004 ἡλικίαν
891 927 1478 1000 παραδειγματίζοντες
1506 965 1520 986 ,
1587 926 1648 978 τὸ
1700 926 1874 996 γῆρας
1925 923 2057 974 αὐτὸ

485 1017 894 1086 καταγέλαστον
917 1013 1213 1075 ποιοῦντες.
1242 1012 1355 1063 Καὶ
1375 1008 1608 1062 ἐνταῦθα
1646 1009 1743 1078 μὲν
1777 1007 2056 1066 εἰσιόντες,

488 1100 808 1162 ναυτιῶντες
847 1097 1034 1167 ὥσπερ
1066 1096 1160 1148 καί¹
1216 1092 1546 1162 ἐνοχλεῖσθαι
1604 1091 1903 1160 νομίζουσι,
1966 1087 2058 1140 καὶ

488 1182 946 1241 ἀναπεπτώκασιν
998 1182 1055 1232 ἐν
1087 1181 1153 1249 τῇ
1182 1178 1289 1229 τῶν
1320 1175 1480 1227 θείων
1515 1175 1689 1241 λόγων
1715 1185 1740 1212 ιι
1775 1171 2055 1241 ἀκροάσει,

491 1267 874 1337 στενοχωρίαν,
917 1264 1012 1316 καὶ
1057 1261 1312 1328 πνιγμὸν,
1350 1259 1443 1311 καὶ
1467 1256 1538 1309 τὰ
1564 1254 1792 1309 τοιαῦτα
1823 1251 2059 1326 προϐαλ-

405 1423 417 1433 _
491 1353 736 1421 λόμενοι’
796 1349 912 1400 ἐκεῖ
941 1345 1124 1433 δέ-καὶ
1162 1343 1312 1412 ἥλιον
1350 1341 1529 1410 γυμνῇ
1563 1339 1841 1408 δεχόμενοι
1866 1339 1932 1407 τῇ
1967 1352 2062 1388 κε-

493 1435 658 1503 φαλῇ,
712 1433 806 1484 καὶ
859 1427 1208 1498 πατούμενοι,
1267 1425 1362 1478 καὶ
1407 1423 1724 1492 ὠθούμενοι,
1780 1421 1874 1472 καὶ¹
1927 1419 2065 1488 μετά

495 1517 696 1584 πολλῆς
723 1513 1028 1582 πιεζόμενοι
1058 1512 1155 1579 τῆς
1178 1507 1553 1577 σφοδρότητος,
1579 1505 1672 1558 καὶ
1707 1504 1874 1575 μυρία
1901 1504 2064 1584 ἐτερα

496 1583 796 1668 πάσχοντες
845 1593 1011 1657 δεινά,
1064 1591 1314 1656 καθάπερ
1363 1591 1422 1642 ἐν
1453 1586 1677 1657 λειμῶνι
1728 1583 2062 1656 τρυφῶντες,

497 1665 644 1736 οὕτω
689 1679 1001 1732 διάκεινται.
1035 1674 1131 1728 Διά
1177 1671 1334 1724 τοῦτο
1365 1673 1496 1742 ήμῖν
1519 1670 1576 1722 αἱ
1611 1667 1791 1730 πόλεις
1823 1667 1929 1719 είσὶ
1989 1665 2068 1718 δι·-

499 1763 836 1834 εφθαρμέναι
871 1757 1044 1832 [751],
1077 1757 1158 1810 ὅτι
1195 1755 1420 1826 πονηροί¹
1451 1752 1550 1821 τῆς
1572 1751 1818 1821 νεότητός
1857 1751 1961 1802 εἰσι
1991 1748 2068 1802 δι-

499 1830 780 1900 δάσκαλοι.
811 1830 932 1904 Πῶς
962 1841 1070 1909 γάρ
1093 1838 1297 1909 δυνήσῃ
1323 1837 1412 1888 τὸν
1438 1834 1554 1886 νέον
1569 1835 1806 1903 ἄκοσμον
1827 1831 1952 1884 ὄντα
1975 1830 2069 1883 καὶ

499 1927 888 1995 ἀσελγαίνοντα
938 1920 1289 1991 σωφρονίσαι,
1337 1917 1498 1980 αὐτὸς
1550 1918 1608 1968 ἐν
1645 1916 1806 1985 πολιᾷ
1841 1913 2068 1966 τοιαῦτα

503 1993 849 2081 μετεωρίζων
870 2047 883 2070 ,
924 2005 1084 2066 αὐτὸς
1121 2003 1257 2073 μετά
1284 1999 1537 2054 τοσοῦτον
1563 1998 1750 2070 χρόνον
1784 1997 1943 2066 κόρον
1997 1993 2071 2065 μὴ

501 2079 802 2162 λαϐὼνήτῆς
833 2089 1244 2161 ἀτερπεστάτης
1279 2085 1404 2147 θέας
1448 2083 1697 2152 ἐκείνης;
1731 2079 1848 2141 πῶς
1865 2079 2074 2148 δυνήσῃ

503 2177 768 2250 ῥυθμίσαι
804 2175 896 2228 τὸν
925 2173 1060 2238 υἱὸν,
1104 2169 1221 2233 πῶς
1261 2167 1486 2250 κολάσαι
1531 2165 1621 2218 τὸν
1648 2164 1866 2232 οἰκέτην
1896 2163 2075 2230 ἀμαρ-

503 2261 752 2318 τάνοντα,
798 2257 916 2320 πῶς
950 2255 1121 2325 ἐτέρῳ
1173 2247 1573 2317 συμϐουλεῦσαι
1600 2245 1671 2299 τά
1701 2245 1890 2298 δέοντα
1933 2245 2074 2313 ἀμε-

502 2343 704 2402 λοῦντι,
731 2339 953 2393 τοιαῦτα
986 2336 1147 2398 αὐτὸς
1177 2336 1234 2386 ἐν
1280 2332 1490 2402 ἐσχάτῳ
1522 2332 1671 2400 γήρα
1703 2326 2026 2398 ἀσχημονῶν
2059 2341 2074 2390 ;

504 2425 624 2480 Κᾶν
663 2425 763 2494 μὲν
789 2423 989 2494 ὑϐρίσῃ
1027 2421 1145 2482 νέος
1173 2417 1266 2469 τὸν
1300 2413 1652 2485 γεγηρακότα
1673 2451 1687 2475 ,
1735 2413 1834 2481 τὴν
1861 2407 2078 2480 ἡλικίαν

507 2508 709 2570 εὐθέως
748 2505 1133 2575 προϐάλλεται,
1182 2501 1275 2552 καὶ
1315 2497 1540 2568 μυρίους
1571 2495 1684 2564 ἔχει
1733 2508 2080 2560 συναγανακ·

507 2590 737 2652 τοῦντας
753 2606 764 2618 ·
789 2590 918 2641 ὅταν
943 2585 999 2638 δέ
1018 2581 1370 2654 σωφρονίζειν
1383 2581 1478 2650 δέῃ
1503 2580 1592 2631 τὸν
1609 2580 1748 2640 νέον,
1773 2577 1866 2628 καὶ
1885 2575 2082 2628 κανόνα

509 2672 634 2725 τινὰ
673 2670 874 2741 ἀρετῆς
924 2667 1087 2722 αὑτὸν
1121 2665 1399 2734 γίνεσθαι,
1434 2659 1673 2730 οὐδαμοῦ
1717 2661 1817 2729 τῆς
1866 2657 2084 2730 ἡλικίας

512 2755 694 2816 αὐτοῖς
717 2739 901 2820 λόγος,
931 2749 1047 2804 ἀλλ’
1073 2750 1098 2789 δ
1129 2745 1310 2800 αὐτῶν
1339 2745 1564 2798 ἐκείνων
1589 2741 1958 2814 μανικώτερον
1992 2739 2085 2792 ἐπὶ

522 2837 612 2907 ..ὴν
657 2835 972 2907 παράνομον
1014 2830 1288 2902 βαδίζουσι
1331 2828 1580 2901 θεωρίαν.
1618 2825 1805 2880 Ταῦτα
1833 2825 1889 2878 δέ
1923 2824 2084 2892 λέγω,

515 2922 609 2975 καὶ
637 2919 744 2973 τῶν
767 2918 1157 2989 γεγηρακότων
1195 2913 1548 2982 καθάπτομαι
1569 2953 1583 2977 ,
1623 2911 1742 2979 οὐχὶ
1775 2912 1903 2973 τοὺς
1937 2907 2089 2971 νέους

513 3005 869 3059 ἀπαλλάττων
889 2998 1218 3078 κατηγορίας
1242 2999 1334 3050 καὶ
1351 2995 1621 3065 διαϐολῆς,
1638 2994 1774 3048 άλλά
1787 2994 1855 3046 δι’
1869 2991 2090 3046 ἐκείνων

515 3089 739 3150 τούτους
782 3073 1228 3155 ἀσφαλιζόμενος.
1281 3080 1342 3134 Εἰ
1389 3079 1493 3148 γὰρ
1527 3080 1618 3132 τὸν
1653 3073 2002 3148 γεγηρακότα
2028 3076 2090 3127 οὑ

517 3174 618 3239 δεῖ,
647 3169 826 3239 πολλῷ
873 3168 1073 3238 μᾶλλον
1105 3166 1197 3218 τὸν
1219 3165 1362 3218 νέον.
1412 3164 1558 3216 Ἐκεῖ
1597 3163 1696 3233 μὲν
1721 3161 1832 3232 γὰρ
1875 3162 2040 3222 πολὺς
2066 3159 2096 3210 ὁ

518 3258 713 3326 γέλως,
759 3256 852 3307 καὶ
893 3251 1094 3322 μείζων
1125 3252 1158 3319 ή
1190 3246 1546 3318 ἀσχημοσύνη
1569 3262 1582 3276 ·
1624 3244 1858 3298 ἐνταῦθα
1897 3245 1954 3297 δέ
1997 3261 2095 3314 χα-

519 3337 828 3408 λεπώτερος
862 3337 890 3387 ὁ
927 3333 1169 3402 ὄλεθρος,
1215 3330 1349 3400 βαθὺ
1385 3329 1446 3380 τὸ
1499 3327 1800 3398 βάραθρον,
1849 3329 1958 3396 ὅσῳ
2004 3327 2097 3379 καὶ

521 3421 867 3491 ἀκμαιότερα
895 3415 1097 3487 μᾶλλον
1123 3413 1193 3466 τά
1223 3413 1325 3481 τῆς
1359 3409 1658 3479 ἐπιθυμίας
1684 3411 1796 3471 τοῖς
1825 3409 2098 3470 νέοις,καὶ

529 3502 865 3572 σφοδροτέρα
904 3500 1088 3562 αὐτοῖς
1126 3499 1158 3568 ἡ
1201 3495 1354 3566 φλὸξ,
1392 3493 1494 3547 κᾶν
1537 3494 1740 3562 μικρᾶς
1773 3493 2100 3563 ἐπιλάϐηται

529 3587 694 3656 μόνον
737 3584 935 3650 ἔξωθεν
984 3581 1137 3650 ὕλης,
1177 3579 1244 3632 τά
1279 3577 1457 3631 πάντα
1485 3576 1816 3648 ἐμπίπρησι.
1847 3577 1954 3629 Καὶ
1993 3575 2101 3645 γὰρ

528 3669 665 3739 πρὸς
694 3667 864 3738 θυμὸν
897 3664 1149 3734 καὶπρὸς
1182 3657 1480 3730 ἐπιθυμίας
1515 3657 1863 3728 εὑέμπτωτος
1903 3657 2102 3728 μᾶλλον

528 3757 676 3806 ἐστιν
701 3753 730 3804 ό
753 3751 872 3813 νέος
899 3765 912 3779 ’
965 3746 1045 3800 διὸ
1080 3745 1174 3798 καὶ
1219 3743 1465 3812 πλείονος
1505 3741 1678 3796 δεῖται
1708 3741 1806 3810 τῆς
1835 3739 2101 3810 φυλακῆς,

532 3835 891 3908 σφοδροτέρου
943 3831 1037 3884 τοῦ
1067 3827 1310 3900 χαλινοῦ,
1343 3825 1750 3898 ἀσφαλεστέρου
1781 3823 1874 3877 τοῦ
1901 3821 2103 3893 τειχίου

531 3924 624 3976 καὶ
651 3919 743 3973 τοῦ
773 3916 1113 3986 κωλύματος.

609 4039 672 4110 β’.
701 4040 792 4108 Μὴ
831 4038 940 4106 γάρ
971 4051 1060 4104 μοι
1095 4030 1253 4084 τοῦτο
1286 4029 1464 4098 είπῃς,
1493 4026 1768 4110 ἄνθρωπε,
1803 4025 1885 4076 ὅτι
1913 4023 2110 4092 ἡδονὴν

537 4103 650 4194 ἔχει
684 4125 717 4193 ή
746 4103 948 4190 θεωρία
965 4103 980 4148 ’⁷
1001 4116 1115 4169 ἀλλ’
1153 4117 1202 4167 εἰ
1237 4114 1312 4183 μὴ
1347 4111 1485 4194 μετά
1509 4107 1832 4194 τῆςΑήδονῆς
1863 4107 1958 4194 καὶ
1990 4103 2112 4171 βλά-

536 4185 636 4278 οῆν
687 4185 820 4276 εχει,
856 4185 1011 4254 τοῦτό
1053 4214 1120 4268 με
1149 4194 1383 4278 δίδαξον.
1433 4191 1546 4243 Καὶ
1577 4189 1630 4242 τι
1676 4188 1819 4255 λέγω
1863 4185 2109 4256 βλάϐην;

538 4269 666 4346 ’ότι
821 4286 943 4339 οὐδὲ
974 4281 1166 4353 ήδονὴν
1187 4277 1248 4332 τὸ
1274 4277 1508 4348 πρᾶγμα
1532 4273 1667 4358 ἐχει,
1709 4269 1960 4358 ἐντεῦθεν
1991 4270 2113 4342 εἴσῃ

539 4351 780 4440 sagi-3%.—
822 4369 918 4424 Ἐκ
970 4351 1067 4434 τῆς
1107 4358 1469 4431 ἱπποδρομίας
1525 4352 1824 4440 ἀναχωρῶν
1876 4351 2110 4422 ἐκείνης,

537 4434 850 4523 ἀπάντησον
891 4450 1003 4511 τοῖς
1041 4449 1104 4498 ἐκ
1144 4443 1244 4514 τῆς
1293 4440 1584 4510 ἐκκλησίας
1613 4434 1976 4506 ἀναχωροῦσι,
2021 4436 2114 4488 καὶ

540 4517 828 4607 κατάμαθε
863 4530 1002 4604 μετά
1023 4527 1330 4601 ἀκριϐείας,
1364 4524 1448 4587 τίς
1469 4524 1628 4607 ἐστιν
1649 4521 1706 4573 ἐν
1741 4519 1900 4607 ηδονῇ
1930 4517 2114 4589 μείζο-

539 4641 614 4683 νι,
743 4599 1038 4688 προφητῶν
1072 4599 1347 4672 ἀκούσας,
1397 4605 1492 4659 καὶ
1531 4601 1815 4688 μετασχὼν
1845 4599 2112 4668 εὐλογίας,

543 4682 637 4760 καὶ
665 4682 1015 4760 διδασκαλίας
1039 4693 1378 4756 ἀπολαύσας,
1408 4689 1506 4744 καὶ
1525 4688 1616 4740 τὸν
1643 4685 1775 4739 Θεὸν
1805 4682 2118 4754 παρακαλέ-

546 4805 642 4850 σας
679 4786 820 4856 ὑπὲρ
840 4782 946 4836 τῶν
975 4779 1192 4832 οίκείων
1213 4771 1647 4846 ἁμαρτημάτων,
1669 4768 1764 4820 καὶ
1795 4765 2120 4836 κουφότερον

545 4848 874 4939 ποιήσας-τὸ
908 4863 1162 4926 συνειδὸς,
1200 4862 1296 4914 καὶ
1328 4857 1494 4930 μηδὲν
1542 4851 1720 4922 ἐαυτῷ
1762 4848 2124 4916 κατεγνωκὼς
2157 4893 2160 4896 .

547 4952 759 5010 τοιοῦτο
776 4968 788 4981 ·
808 4950 842 5020 ἢ
869 4949 934 5004 σὺ
956 4950 984 5000 ὁ
1001 4942 1314 5000 καταλιπὼν
1329 4941 1428 5012 τὴν
1459 4936 1692 5009 μητέρα,
1711 4933 1806 4987 καὶ
1837 4933 1967 4994 τοὺς
1991 4947 2126 5000 προ-

552 5041 730 5108 φήτας
758 5015 1050 5102 ἀτιμάσας,
1083 5030 1178 5089 καὶ
1227 5028 1306 5088 εἰς
1343 5024 1450 5108 τὸν
1503 5021 1634 5074 Θεὸν
1685 5017 1996 5088 ἐξυϐρίσας,
2032 5015 2126 5066 καὶ

749 5099 866 5174 τοῦ-
898 5112 1144 5167 διαϐόλου
1195 5107 1482 5193 χορεύσας,
1536 5104 1630 5158 καὶ
1664 5099 2127 5172 βλασφημούντων

551 5179 791 5262 ἀκούσας
821 5197 916 5251 καὶ
935 5179 1382 5264 λοιδορουμένων,
1403 5188 1498 5241 καὶ
1525 5186 1615 5239 τὸν
1636 5183 1827 5255 καιρὸν
1843 5179 2128 5242 ἀναλώσας

554 5287 678 5356 εἰκῆ
719 5285 813 5340 καὶ
855 5280 1054 5352 μάτην,
1081 5277 1176 5335 καὶ
1210 5273 1374 5345 μηδὲν
1417 5270 1600 5356 οίκαδε
1621 5269 1758 5339 ἔχων
1777 5264 2129 5356 ἀπενεγκεῖν,

559 5345 694 5441 μήτέ
721 5345 1050 5436 σωματικὸν,
1089 5360 1226 5431 μήτε
1252 5348 1861 5441 πνευματικὸν-κέρδος
1903 5345 2130 5402 ἐκεῖθεν.

558 5427 722 5505 ὁΩ’στε
759 5427 952 5518 ἡδονῆς
980 5427 1168 5498 ἕνεκεν
1194 5439 1431 5511 μάλιστα
1473 5433 1710 5488 ἐνταῦθα
1737 5429 1984 5499 ἀπαντᾷν
2007 5427 2132 5499 χρὴ.

571 5535 718 5590 Ἐκεῖ
749 5509 848 5601 μὲν
879 5509 986 5596 γ’ἀρ
1013 5509 1216 5586 εὐθέως
1257 5519 1604 5588 κατάγνωσις
1624 5555 1638 5580 ,
1686 5511 1988 5583 κατηγορία
2043 5509 2138 5566 τοῦ

630 5775 652 5802 ⁸
686 5773 858 5821 Morel.
881 5774 974 5818 τῶν
999 5771 1132 5818 θείων
1153 5769 1364 5830 Γραφῶν..

625 5833 654 5874 b
679 5833 812 5882 L'mb.
839 5833 936 5879 duo
969 5837 1018 5879 el
1041 5831 1160 5890 Reg.
1189 5823 1372 5885 ἦὶίκίας
1399 5829 1424 5874 ὁ
1445 5826 1598 5886 ὄγκος,
1623 5823 1742 5872 6033.

1149 404 1204 457 S.
1246 401 1528 458 JOANNIS
1565 395 2056 454 CHRYSOSTOMI
2093 396 2416 454 ARCHIEP.
2456 389 3002 452 CONSTANTINOP.

3621 376 3726 432 669

2155 511 2475 573 συνειδότος,
2505 508 2758 580 μετάνοια
2778 503 2871 555 ἐπὶ
2905 501 3017 562 τοῖς
3037 491 3442 564 γεγενημένοις,
3475 491 3730 562 αἰσχύνη,

2153 607 2250 661 καὶ
2269 606 2488 669 ὄνειδος,
2519 606 2612 658 καὶ
2631 601 2692 654 τὸ
2713 593 3192 668 ἀπαρρησιάστους
3209 587 3366 658 ἐχειν
3389 585 3515 648 τοὺς
3539 585 3728 654 ὀφθαλ-

2159 704 2320 774 μούς·
2355 700 2586 755 ἐνταῦθα
2614 699 2670 752 δέ
2690 692 2992 750 τούναντίον
3021 689 3186 751 ἅπαν,
3210 682 3513 754 παρρησία,
3545 681 3638 733 καὶ
3669 681 3730 732 τὸ

2159 797 2654 876 ἐλευθεροστομεῖν,
2691 790 2788 846 καὶ
2810 788 2871 842 τὸ
2905 783 3044 858 μετὰ
3069 780 3252 842 ἀδείας
3283 779 3455 832 ἀπασι
3483 775 3730 841 διαλέγε-

2161 896 2286 950 σθαι
2313 895 2442 964 περὶ
2472 868 2580 945 τῶν
2613 886 2844 942 ἐνταῦθα
2874 879 3234 950 ἀκουσμάτων
3255 876 3531 930 ἁπάντων.
3561 868 3734 924 Ὅταν

2160 992 2340 1045 τοίνυν
2371 990 2451 1052 εἰς
2479 987 2684 1055 ἀγοράν
2711 979 2976 1053 ἐμϐάλῃς,
3011 977 3107 1030 καὶ
3133 974 3342 1034 πάντας
3370 971 3485 1042 ίδῃς
3512 970 3605 1022 ἐπὶ
3631 967 3736 1037 τὴν

2161 1085 2314 1160 [752]
2348 1083 2580 1154 θεωρίαν
2613 1080 2904 1150 τρέχοντας
2945 1072 3182 1144 ἐκείνην,
3213 1070 3497 1138 κατάφυγε
3541 1066 3606 1118 σὺ
3639 1065 3738 1116 ἐπὶ

2162 1184 2259 1254 τὴν
2277 1180 2574 1250 ’ἐκκλησίαν
2598 1175 2818 1237 εὐθέως,
2833 1172 2928 1225 καὶ
2949 1167 3140 1240 μικρὸν
3157 1166 3503 1238 καρτερήσας
3519 1161 3736 1233 χρόνον,

2165 1281 2345 1353 τρύφα
2393 1274 2656 1346 διηνεκῶς
2694 1272 2802 1324 τῶν
2840 1267 2998 1321 θείων
3033 1264 3314 1336 ῥημάτων.
3348 1262 3445 1314 Ἀν
3481 1259 3577 1329 μὲν
3626 1257 3738 1328 γάρ

2167 1351 2503 1447 παρασυρε“ις
2537 1367 2676 1440 μετά
2707 1365 2816 1419 τῶν
2847 1361 3058 1417 πολλῶν
3107 1357 3348 1429 ἀπέλθῃς
3377 1357 3512 1417 ἐκεῖ,
3545 1351 3740 1424 μικρὸν

2165 1467 2606 1542 ψυχαγωγηθεὶς,
2634 1462 2722 1516 διὰ
2747 1461 2928 1529 πάσης
2949 1459 3049 1528 τῆς
3071 1455 3288 1528 ἡμέρας
3321 1451 3602 1522 ἀλγήσέις,
3638 1447 3742 1519 τῆς

2165 1583 2227 1620 τε
2281 1561 2562 1630 ἐπιούσης,
2613 1559 2710 1612 καὶ
2754 1553 2966 1609 πολλῶν
3013 1552 3214 1622 ἐτέρων
3237 1590 3254 1616 ,
3315 1544 3742 1613 καταγινώσκων

2171 1659 2370 1716 σαυτοῦ
2390 1676 2405 1690 ·
2437 1657 2504 1710 ἂν
2531 1655 2587 1708 δέ
2617 1651 2810 1724 μικρὸν
2841 1649 3074 1718 ἐπίσχῃς
3095 1643 3309 1708 σαυτὸν,
3337 1641 3424 1695 διά
3445 1639 3624 1710 πάσης
3641 1637 3742 1708 τῆς

2171 1759 2386 1830 ἡμέρας
2405 1753 2547 1817 ἕξεις
2572 1750 2804 1822 τρυφᾷν.
2825 1747 2899 1800 Οὐ
2919 1746 3027 1818 γάρ
3049 1745 3142 1798 ἐπὶ
3175 1741 3366 1796 τούτου
3403 1739 3582 1810 μόνον,
3603 1734 3742 1789 ἀλλά

2175 1828 2270 1908 καὶ
2295 1848 2515 1904 ἐπὶτῶν
2535 1844 2706 1900 ἀλλων
2739 1841 2991 1897 ἁπάντων
3020 1837 3162 1891 οὕτω
3191 1834 3506 1902 συμϐαίνειν
3529 1828 3742 1884 εἴωθεν.

2186 1951 2250 2003 Ἦ
2293 1949 2390 2018 μὲν
2423 1943 2531 2015 γὰρ
2561 1941 2726 1996 κακία
2755 1935 3088 2010 πρόσκαιρόν
3113 1949 3238 1988 τινα
3260 1931 3374 2002 ἔχει
3397 1929 3497 2000 τὴν
3529 1923 3745 1998 ήδονην,

2175 2042 2399 2116 διηνεκῆ
2429 2040 2487 2094 δέ
2520 2037 2620 2110 τὴν
2653 2035 2875 2106 ὀδύνηνο
2905 2035 2939 2103 ἡ
2979 2031 3036 2085 δέ
3067 2028 3258 2100 ἀρετὴ,
3291 2026 3498 2098 βραχὺν
3526 2023 3622 2093 μὲν
3653 2021 3748 2073 τὸν

2177 2141 2360 2204 πόνον,
2399 2133 2646 2206 διηνεκὲς
2671 2131 2728 2184 δὲ
2755 2130 2816 2182 τὸ
2847 2127 3040 2200 κέρδος
3077 2124 3217 2196 μετά
3257 2123 3356 2192 τῆς
3388 2116 3748 2191 εὐφροσύνης.

2179 2232 2305 2292 Οἷον
2327 2276 2342 2302 ,
2381 2229 2586 2306 ηὔξατό
2615 2243 2704 2290 τις
2747 2225 2883 2295 πρὸς
2921 2222 3086 2288 Θεὸν,
3135 2220 3460 2290 ἐδάκρυσεν,
3514 2213 3754 2285 ῆλγησεν

2181 2334 2358 2401 ὀλίγον
2381 2328 2572 2400 χρόνον
2604 2321 2748 2378 κατά
2774 2321 2870 2391 τὴν
2897 2319 3060 2389 εὐχήν
3080 2334 3093 2348 ·
3127 2319 3312 2390 ἐτερος
3337 2311 3426 2367 διὰ
3448 2313 3624 2380 πάσης
3651 2307 3755 2376 τῆς

2182 2430 2396 2502 ἡμέρας
2435 2421 2664 2496 ἐτρύφα,
2693 2413 2813 2472 εἷτα
2839 2413 3210 2486 ἐλεημοσύνην
3243 2411 3464 2474 ἔδωκεν,
3497 2407 3757 2474 ἐνήστευ-

2187 2499 2298 2588 σεν,
2329 2521 2456 2577 ἀλλο
2477 2537 2531 2572 τι
2553 2517 2663 2570 τῶν
2686 2513 2906 2585 ἀγαθῶν
2936 2511 3254 2583 εἰργάσατο,
3289 2505 3323 2576 ῆ
3353 2501 3628 2575 ὑϐρισθεὶς
3653 2499 3760 2551 οὑκ

2185 2617 2624 2688 ἀντελοιδόρησεν
2638 2631 2652 2644 ·
2673 2615 2730 2666 ἐν
2751 2613 2851 2683 μιᾷ
2865 2609 2994 2680 γοῦν
3017 2605 3212 2680 καιροῦ
3247 2603 3386 2673 ῥοπῇ
3411 2598 3762 2671 καρτερήσας

2187 2717 2282 2772 καὶ
2309 2709 2594 2781 κατασχὼν
2626 2710 2718 2762 τὸν
2745 2707 2935 2778 θυμὸν,
2965 2704 3053 2758 διά
3087 2701 3287 2763 παντὸς
3357 2697 3616 2766 γάννυται
3663 2691 3764 2745 καὶ

2189 2813 2557 2887 εὐφραίνεται,
2577 2809 2690 2864 τῶν
2719 2803 3159 2876 κατορθωμάτων
3187 2796 3616 2866 ἀναμιμνήσκων
3637 2792 3766 2842 ἐαυ-

2189 2883 2280 2966 τὸν
2300 2883 2552 2964 ἐκείνων.
2585 2904 2708 2959 Ἐπὶ
2732 2903 2789 2956 δὲ
2820 2901 2920 2971 τῆς
2960 2899 3155 2959 κακίας
3181 2891 3492 2948 τούναντίον
3515 2905 3530 2918 ·
3572 2883 3768 2956 ὕϐρισε

2191 3026 2296 3076 τις,
2354 3003 2796 3074 ἀντελοιδόρησε·
2846 2996 2981 3069 μετά
3035 2992 3209 3048 ταῦτα
3263 2989 3402 3043 οίκοι
3454 2983 3768 3054 γενόμενος,

2194 3106 2384 3162 ἑαυτὸν
2415 3099 2712 3164 κατεσθίει,
2742 3097 2812 3152 τά
2833 3097 3052 3167 ῥήματα
3084 3085 3558 3156 ἀναλογιζόμενος,
3583 3079 3619 3134 ἃ
3639 3078 3772 3131 πολ·
3873 3146 3882 3152 .

2196 3203 2354 3265 λάκις
2389 3198 2588 3268 πολλὴν
2627 3197 2824 3267 ἧνεγκε
2862 3190 3087 3263 βλάϐην.
3115 3189 3276 3240 Ὥστε
3311 3184 3359 3235 εί
3397 3180 3610 3234 διώκεις
3645 3174 3772 3246 ἡδο-

2199 3300 2316 3368 νὴν,
2333 3297 2520 3366 Φεῦγε
2535 3293 2640 3359 τὰς
2655 3287 3004 3356 νεωτερικὰς
3024 3281 3357 3351 ἐπιθυμίας,
3377 3279 3472 3332 καὶ
3493 3271 3776 3344 σωφροσύ-

2201 3413 2298 3465 νης
2328 3389 2588 3462 ἐπιμελοῦ
2607 3429 2620 3452 ,
2667 3387 2763 3440 καὶ
2810 3384 3069 3454 ἀκροάσει
3105 3379 3266 3433 θείων
3293 3374 3527 3446 πρόσεχε
3555 3368 3773 3438 λογίων.

2201 3463 2387 3544 Ταῦτα
2408 3485 2544 3558 πρὸς
2573 3483 2714 3554 ὑμᾶς
2743 3479 2994 3549 λέγομεν,
3047 3475 3136 3528 ἵνα
3174 3472 3332 3543 ὑμεῖς
3364 3469 3502 3537 πρὸς
3536 3463 3778 3524 ἐκείνους

2204 3588 2472 3656 λέγοντες,
2502 3581 2596 3636 καὶ
2630 3576 2866 3647 συνεχῶς
2891 3575 3100 3635 τούτοις
3148 3567 3345 3630 αὑτοὺς
3391 3559 3783 3620 ἐπαντλοῦντες

2205 3689 2318 3748 τοῖς
2368 3683 2627 3754 ῥήμασιν,
2656 3675 2930 3745 ἀφέλκητε
2961 3672 3140 3741 πάσης
3189 3665 3432 3738 πονηρᾶς
3471 3659 3784 3730 συνηθείας,

2207 3783 2300 3838 καὶ
2331 3779 2554 3848 πείθητε
2579 3771 2826 3842 λογισμῷ
2861 3768 3038 3823 πάντα
3095 3765 3270 3820 ποιεῖν
3313 3759 3391 3830 τῷ
3431 3756 3782 3828 προσήκοντι.

2208 3877 2330 3932 Τῶν
2357 3873 2466 3942 γὰρ
2495 3868 2748 3924 τοιούτων
2785 3864 2880 3920 καὶ
2932 3861 3117 3924 ἁπλῶς
3161 3859 3256 3912 καὶ
3301 3855 3424 3926 εικῆ
3467 3847 3786 3922 φερομένων

2209 3973 2330 4030 οὐδὲ
2356 3969 2454 4040 τὴν
2489 3964 2720 4035 σπουδὴν
2746 3959 3032 4029 ἐπαινετὴν
3061 3957 3213 4028 ε’ύροι
3259 3970 3344 4016 τις
3371 3949 3438 4004 ἂν
3465 3943 3657 4002 οὖσαν·
3691 3943 3788 3997 καὶ

2211 4070 2368 4124 τοῦτο
2393 4064 2502 4119 ἀπὸ
2541 4061 2638 4132 τῆς
2668 4055 2928 4126 ἐπιούσης
2980 4049 3251 4115 συνάξεως
3279 4047 3436 4117 δῆλον
3463 4041 3784 4114 καθίστημι.

2214 4163 2327 4235 Τῆς
2350 4161 2458 4230 γὰρ
2477 4156 2637 4225 ἁγίας
2671 4155 2801 4224 ἡμῖν
2822 4148 3152 4218 τελουμένης
3173 4139 3576 4211 Πεντήκοστῆς,
3601 4132 3787 4189 τοσοῦ-

2215 4230 2305 4314 τον
2348 4255 2632 4327 δραμεῖται
2681 4247 2906 4317 πλῆθος,
2939 4245 3013 4308 ὡς
3045 4243 3263 4296 ᾶπαντα
3296 4240 3426 4308 ἡμῖν
3464 4235 3532 4289 τὰ
3558 4230 3793 4288 ἐνταῦθα

2220 4345 2688 4420 στενοχωρεῖσθαι.
2727 4341 2863 4396 Ἀλλ’
2892 4341 3040 4410 ὅμως
3075 4336 3196 4390 οὑδέ
3225 4333 3426 4401 ταύτην
3459 4328 3794 4398 ἀποδέχομαι

2217 4449 2317 4519 τὴν
2352 4442 2644 4512 συλλογήν·
2673 4436 2960 4508 συνηθείας
3003 4434 3110 4505 γάρ
3145 4433 3312 4494 ἐστιν,
3355 4427 3454 4481 οὑκ
3485 4421 3792 4483 εὐλαϐείας.

2220 4545 2287 4598 Τί
2318 4542 2498 4595 τοίνυν
2525 4535 2724 4606 γένοιτ’
2747 4535 2812 4588 ἂν
2841 4531 3063 4585 ἐκείνων
3091 4526 3439 4595 ἀθλιώτερον,
3467 4524 3594 4576 ὃταν
3631 4520 3724 4573 καὶ
3756 4519 3794 4588 ἡ

2225 4637 2464 4711 ῥᾳθυμία
2495 4632 2672 4688 αὐτῶν
2717 4628 2986 4682 τοσούτων
3030 4621 3393 4694 ἐγκλημάτων
3435 4619 3604 4691 γέμῃ,
3635 4615 3726 4669 καὶ
3755 4615 3794 4684 ὴ

2223 4710 2456 4789 δοκοῦσα
2504 4726 2643 4783 εἶναι
2679 4725 2884 4794 σπουδὴ
2927 4720 3218 4791 ἐγκωμίων
3301 4717 3506 4788 ἕρημος
3527 4732 3540 4778 ;
3564 4713 3666 4765 Τὸν
3689 4710 3798 4782 γὰρ

2227 4831 2372 4901 ζήλῳ
2400 4827 2495 4886 καὶ
2515 4823 2664 4894 πόθῳ
2681 4821 2776 4878 καὶ
2795 4820 3032 4891 σώφρονι
3051 4813 3296 4885 λογισμῷ
3321 4812 3414 4864 τοῦ
3443 4811 3586 4864 θείου
3611 4807 3799 4860 τούτου

2231 4929 2524 4999 μετέχοντα
2586 4919 2866 4986 συλλόγου,
2922 4912 3186 4985 διηνεκῶς
3237 4908 3407 4962 ταῦτα
3459 4907 3630 4958 ποιεῖν
3675 4899 3800 4972 χρὴ,

2230 4997 2341 5080 ἀλλ’
2367 5021 2488 5091 ούχὶ
2522 5017 2659 5088 μετά
2687 5015 2794 5069 τῶν
2827 5016 2885 5068 ἐν
2911 5013 3072 5081 ἑορτῇ
3099 5007 3260 5078 μόνον
3289 5001 3650 5074 φαινομένων,
3685 4997 3803 5065 μετ’

2233 5089 2464 5174 ἐκείνων
2481 5111 2809 5184 ἀφίστασθαι
2846 5107 3027 5172 πάλιν,
3063 5102 3396 5176 θρεμμάτων
3444 5098 3600 5165 δίκην
3623 5089 3808 5150 ἁπλῶς

2233 5201 2518 5270 ἀγόμενον.

2305 5311 2374 5374 γ’.
2393 5301 2700 5370 Ἦδυνάμην
2723 5296 2820 5366 μὲν
2835 5287 2926 5347 οὖν
2942 5293 3036 5346 καὶ
3055 5289 3189 5362 πρὸς
3211 5284 3557 5374 πλέον-μῆκος
3576 5281 3808 5374 ἐκτεῖναι

2236 5389 2298 5442 τὸ
2319 5360 2608 5458 ’προοίμιον
2635 5360 2734 5433 τοῦ
2757 5378 2916 5445 λόγου
2939 5393 2951 5406 ·
2977 5360 3312 5441 ἀλλ’-ἐπειδὴ
3341 5363 3458 5458 οἶδα
3491 5363 3696 5430 σαφῶς,
3725 5360 3809 5412 ὅτι

2239 5472 2333 5524 καὶ
2373 5446 2502 5539 ’πρὸ
2519 5466 2618 5535 τῆς
2655 5461 2930 5532 ἡμετέρας
2972 5453 3346 5526 παραινέσεως
3373 5447 3442 5539 τά
3471 5446 3811 5515 προσήκοντα

2241 5555 2368 5623 ὑμῖν
2412 5551 2594 5611 αὐτοῖς
2621 5543 2924 5608 ποιοῦντες,
2965 5541 3060 5595 καὶ
3105 5537 3326 5590 πλείονα
3367 5531 3477 5586 τῶν
3509 5527 3816 5600 εἰρημένων

2243 5609 2439 5706 ἐρεῖτε,
2474 5609 2614 5685 ὥστε
2649 5629 2722 5700 μὴ
2751 5627 2900 5692 δόξαι
2923 5621 3276 5692 παρενοχλεῖν
3300 5620 3358 5669 ἐν
3385 5615 3506 5676 ταῖς
3533 5613 3652 5666 κατ’
3671 5609 3816 5662 ἐκεί-

2245 5691 2350 5772 νων
2377 5691 2748 5785 ἐπιτιμήσέσί,
2787 5691 2855 5764 τά
2893 5691 3189 5776 λειπόμενα
3229 5702 3442 5756 ἅπαντα
3475 5698 3610 5766 ὑμῖν
3633 5691 3814 5762 ἀφεὶς,

2249 5803 2344 5874 τῆς
2373 5777 2625 5862 εἰωθυίας
2675 5793 2880 5864 ἅψομαι
2914 5786 3279 5852 διδασκαλίας,
3319 5784 3411 5838 ἐπὶ
3439 5781 3536 5852 τὴν
3557 5779 3656 5850 τῆς
3689 5777 3816 5828 ’Λν-
