4094 6256
406 381 503 439 661

404 510 509 546 non
541 492 730 561 pedum
760 489 1055 553 inﬁrmitas,
1082 508 1183 545 non
1210 491 1349 545 aliud
1373 490 1657 560 quidquam
1684 489 1784 541 tale
1814 503 1979 541 remo.

404 594 554 638 tatur
591 586 880 649 insaniam,
914 585 1055 637 nulla
1088 584 1373 637 retinacula
1403 598 1506 635 non
1535 582 1937 649 abrumpentem
1963 598 1975 633 :

403 674 497 727 sed
529 672 774 726 homines
801 676 949 727 senio
976 672 1200 728 confecti
1226 714 1241 740 ,
1269 671 1555 741 juvenibus
1598 685 1659 725 ac
1687 670 1981 738 vigentibus

404 762 611 815 avidius
634 762 757 816 illuc
776 773 1116 827 concurrunt,
1135 763 1380 817 canitiem
1403 777 1552 815 suam
1569 760 1975 815 dedecorantes:

403 863 614 907 a-tatem
656 863 959 921 provectam
993 855 1361 916 traducentes,
1394 862 1446 908 et
1482 862 1807 908 senectutem
1841 867 1979 921 pra:-

404 946 593 1000 bentcs
624 946 988 1001 deridendam.
1031 948 1095 1002 Et
1135 947 1235 1001 huc
1262 948 1471 1016 quidem
1509 947 1815 1009 venientes,
1856 961 1978 999 cum

405 1036 617 1091 fastidio
646 1053 709 1090 ac
751 1039 991 1092 molestia
1024 1054 1299 1094 sermones
1328 1040 1536 1093 divinos
1562 1041 1578 1071 ί
1610 1039 1846 1104 audiunt,
1879 1054 1976 1093 an-

403 1125 603 1196 gustias
624 1168 637 1189 ,
667 1137 888 1191 mstum,
921 1139 973 1183 et
999 1129 1397 1184 suﬂ‘ocationem
1437 1130 1732 1196 similiaque
1758 1145 1979 1184 causan-

405 1228 488 1272 tes
517 1236 531 1272 :
557 1227 610 1273 at
652 1220 759 1274 illic
784 1220 908 1274 dum
938 1231 991 1275 et
1027 1222 1191 1276 Solem
1232 1222 1372 1276 nudo
1396 1222 1569 1288 capite
1594 1222 1883 1291 excipiunt,
1926 1230 1980 1275 et

406 1309 803 1375 proculcantur,
828 1311 1227 1380 protruduntur,
1252 1327 1435 1379 magna
1461 1312 1508 1365 vi
1532 1311 1975 1380 comprimuntur,

404 1408 459 1451 et
486 1397 683 1452 inﬁnita
706 1399 805 1453 alia
834 1400 1099 1469 patiuntur
1122 1402 1469 1465 incommoda.
1500 1417 1604 1456 non
1633 1418 1787 1457 secus
1814 1418 1972 1472 quam

406 1489 459 1539 in
492 1480 702 1543 animae
744 1499 898 1557 prato
919 1491 1165 1547 deliciari
1202 1493 1298 1545 sibi
1347 1491 1610 1546 videntur.
1659 1492 1782 1547 Ideo
1827 1494 1978 1549 nobis

404 1579 648 1632 civitates
672 1590 935 1648 corrupta:
963 1590 1085 1635 sum
1108 1622 1122 1645 ,
1151 1583 1271 1651 quia
1316 1583 1541 1651 improbi
1567 1584 1857 1652 juventutis
1884 1585 1977 1641 doc

403 1681 603 1725 ctores.
636 1670 750 1737 Quo
774 1673 913 1727 enim
944 1682 1098 1741 pacto
1124 1675 1323 1742 poteris
1349 1674 1759 1742 adolescentem,
1786 1676 1979 1732 lascive

403 1777 470 1815 ac
496 1772 687 1830 pmter
709 1762 959 1818 decorum
992 1778 1051 1819 se
1086 1773 1377 1834 gerentem,
1406 1764 1471 1819 ad
1497 1767 1812 1821 modestiam
1856 1774 1980 1829 red-

402 1853 583 1920 igere,
628 1868 747 1908 cum
788 1855 900 1923 ipse
938 1855 990 1908 in
1012 1856 1201 1910 canitie
1230 1864 1336 1910 tam
1377 1856 1679 1924 juveniliter
1708 1866 1756 1912 te
1782 1872 1974 1927 geras;

399 1957 526 1996 cum
554 1944 664 2011 ipse
693 1953 815 2012 post
860 1953 938 2000 tot
969 1954 1267 2015 temporum
1307 1946 1568 2000 curricula
1613 1946 1858 2002 satietate
1894 1949 1976 2001 in-

400 2033 699 2087 suavissimi
739 2033 880 2089 illius
919 2036 1203 2104 spectaculi
1248 2037 1482 2089 nondum
1529 2038 1797 2105 capiaris?
1841 2053 1976 2107 quo-

402 2125 565 2179 modo
608 2127 807 2194 poteris
839 2127 929 2181 filii
961 2142 1135 2182 mores
1164 2142 1503 2198 componere,
1552 2130 1818 2198 quomodo
1861 2147 1972 2184 ser-

397 2230 525 2267 vum
568 2225 872 2283 peccantem
917 2218 1194 2287 castigare,
1241 2218 1505 2287 quomodo
1548 2221 1769 2273 alterum
1815 2220 1978 2289 negli-

399 2314 613 2371 gentem
642 2320 863 2361 monere
884 2349 896 2371 ,
924 2321 1042 2362 cum
1073 2309 1185 2377 ipse
1228 2309 1306 2363 sic
1345 2310 1395 2363 in
1428 2318 1661 2363 extrema
1703 2321 1977 2366 senectute

399 2396 673 2463 ineptias?
720 2396 785 2449 Et
810 2397 854 2450 si
885 2398 1097 2466 quidem
1128 2413 1156 2450 a
1181 2398 1374 2467 juvene
1400 2416 1561 2454 senex
1603 2402 1973 2455 contumeliam

399 2486 648 2554 patiatur,
682 2486 823 2541 illico
852 2494 1061 2541 tetatem
1088 2489 1134 2542 ci
1172 2489 1371 2558 objicit,
1401 2500 1453 2544 et
1479 2501 1758 2545 sexcentos
1779 2494 1976 2560 reperit

398 2577 490 2644 qui
518 2593 616 2629 una
643 2578 1080 2632 stomachentur:
1112 2588 1163 2633 at
1190 2580 1400 2649 quando
1445 2596 1577 2649 opus
1606 2592 1685 2636 est
1721 2582 1970 2651 juvenem

395 2668 467 2721 ad
494 2667 806 2736 probitatem
835 2669 1119 2736 reducere,
1148 2686 1309 2741 seque
1336 2672 1410 2726 illi
1440 2674 1646 2728 virtutis
1684 2689 1781 2729 ceu
1821 2690 1975 2745 regu-

396 2758 504 2812 lam
544 2758 796 2814 exhibere
821 2803 834 2824 ,
883 2768 990 2815 tum
1037 2762 1175 2815 nulla
1217 2763 1386 2818 inlatis
1425 2765 1559 2818 ratio
1585 2807 1597 2828 ,
1640 2765 1730 2820 sed
1772 2767 1972 2834 majore

395 2864 556 2916 quam
583 2850 680 2917 ipsi
709 2850 910 2904 insania
934 2851 999 2906 ad
1040 2852 1217 2907 illicita
1259 2854 1346 2907 ilia
1374 2856 1671 2923 spectacula
1710 2855 1967 2909 feruntur.

398 2939 526 2993 llaec
552 2948 726 2994 autem
755 2940 892 3005 dico,
922 2957 1186 3011 senesque
1213 2954 1389 3014 tango,
1421 2961 1524 2999 non
1560 2946 1700 3015 quod
1733 2947 1971 3015 juniores

395 3046 425 3081 a
468 3043 604 3082 noxa
644 3028 914 3083 absolvam
954 3042 1007 3086 et
1047 3032 1268 3088 crimine
1292 3074 1306 3094 .
1350 3035 1444 3089 sed
1486 3043 1542 3088 ut
1582 3035 1680 3090 hos
1720 3051 1815 3106 per
1853 3038 1970 3093 illos

394 3118 751 3172 commonitos
793 3119 1033 3174 habeam.
1074 3121 1205 3176 Nam
1246 3124 1290 3178 si
1331 3140 1484 3179 senes
1525 3126 1623 3180 hoc
1662 3127 1837 3183 facere
1864 3143 1967 3182 non

392 3209 611 3275 debent,
641 3209 807 3263 multo
842 3212 1008 3280 magis
1048 3228 1115 3267 ne
1147 3214 1373 3282 juvenes
1411 3216 1646 3285 quidem.
1678 3219 1787 3273 Illic
1826 3220 1966 3274 enim

392 3298 565 3365 major
590 3298 788 3352 derisio
814 3314 877 3355 ac
915 3302 1184 3369 turpitudo
1209 3320 1222 3369 ;
1265 3305 1350 3359 hic
1383 3317 1557 3361 autem
1588 3316 1735 3362 tanto
1757 3311 1969 3379 gravior

393 3390 678 3459 pernicies,
706 3392 1120 3465 profundiusque
1152 3397 1517 3466 praecipitium,
1547 3410 1744 3469 quanto
1773 3418 1966 3457 cOncu-

390 3481 663 3548 piscentiae
696 3484 865 3551 major
891 3485 970 3538 vis
995 3486 1046 3539 in
1080 3486 1392 3555 juvenibus,
1426 3500 1727 3561 quantoque
1755 3492 1962 3547 flamma

392 3572 531 3627 inest
558 3573 943 3643 vehementior,
973 3592 1090 3644 qua:
1134 3579 1366 3635 incendit
1392 3584 1588 3649 omnia,
1620 3586 1663 3637 si
1694 3586 1775 3639 vel
1809 3586 1962 3639 mini-

392 3678 533 3716 mum
563 3664 631 3718 sit
662 3673 812 3719 nacta
841 3665 1098 3723 fomitem.
1142 3670 1437 3725 Proclivior
1474 3675 1615 3726 enim
1657 3675 1722 3727 ad
1761 3691 1958 3729 concu-

390 3753 675 3821 piscentias
701 3767 782 3811 est
812 3758 1082 3826 juventus.
1106 3761 1287 3828 eisque
1310 3764 1463 3832 longe
1494 3764 1698 3817 facilius
1720 3768 1955 3833 capitur;

388 3845 507 3898 idco
532 3846 733 3915 majore
760 3862 893 3917 opus
936 3849 1094 3904 habet
1132 3853 1388 3917 custodia,
1434 3855 1639 3909 acriore
1678 3855 1845 3921 freno,
1874 3867 1957 3910 tu-

388 3935 521 3989 tiore
548 3937 840 3992 munitione
868 3948 1026 4009 atque
1052 3940 1346 3997 obstaculo.

452 4028 504 4081 2.
552 4027 912 4083 Detrimentum
955 4033 1093 4099 quod
1134 4050 1161 4086 e
1202 4037 1497 4104 spectaculis
1541 4040 1701 4092 oritur
1746 4043 1957 4095 multum

380 4121 570 4173 excedit
612 4123 917 4192 voluptatem
969 4125 1087 4179 inde
1126 4138 1399 4199 acceptam.
1449 4131 1614 4198 Quam
1656 4135 1850 4188 diversa
1891 4137 1956 4189 sit

382 4213 581 4264 virtutis
611 4222 656 4265 et
680 4214 785 4266 vitii
806 4215 1051 4284 voluptas.
1075 4248 1143 4256 -
1171 4219 1276 4273 Nec
1306 4220 1434 4275 mihi
1475 4222 1600 4277 illud
1638 4224 1877 4293 objicias,
1920 4243 1953 4281 ο

380 4304 535 4368 bone,
573 4302 712 4373 quod
740 4305 1059 4375 voluptatem
1090 4309 1279 4365 habeat
1306 4311 1404 4366 hoc
1433 4316 1789 4382 spectaculum
1815 4334 1828 4381 ;
1858 4318 1950 4372 sed

381 4391 481 4445 hoc
522 4396 692 4461 potius
726 4394 879 4461 doce,
922 4413 987 4451 an
1024 4399 1224 4452 nullum
1267 4400 1380 4455 lucc
1415 4404 1658 4473 voluptas
1699 4405 1948 4461 damnum

375 4480 579 4536 all'erat.
627 4482 777 4550 Quod
817 4487 957 4540 enim
1000 4504 1066 4542 ne
1110 4504 1230 4543 cum
1268 4491 1535 4561 voluptate
1578 4496 1788 4563 quidem
1837 4498 1950 4553 haec

375 4584 461 4622 res
499 4572 777 4639 conjuncta
806 4577 893 4637 sit,
939 4575 1060 4630 hinc
1087 4579 1177 4632 tibi
1221 4582 1551 4650 perspicuum
1591 4600 1709 4640 esse
1749 4598 1943 4655 potest.

373 4663 504 4716 Cum
535 4680 562 4715 a
590 4663 917 4721 circensibus
956 4672 1236 4725 reverteris
1256 4714 1269 4738 ,
1297 4689 1513 4730 occurre
1544 4677 1620 4731 eis
1649 4680 1735 4745 qui
1762 4679 1829 4735 ab
1853 4696 1945 4735 cc-

371 4753 530 4806 clesia
557 4754 801 4821 redeunt,
836 4768 889 4811 et
924 4761 1199 4816 Considera
1240 4763 1551 4833 diligenter,
1588 4780 1705 4822 Uter
1732 4770 1943 4824 tandem

371 4844 570 4913 majore
607 4846 874 4915 voluptate
915 4849 1251 4916 perfruatur:
1282 4855 1396 4908 isne
1420 4856 1507 4925 qui
1551 4858 1820 4926 prophetis
1850 4877 1944 4914 au-

367 4935 513 5003 ditis,
557 4945 609 4991 ct
639 4938 1009 4995 benedictione
1032 4983 1047 5006 ,
1088 4959 1151 4996 ac
1188 4944 1441 4999 doctrina:
1470 4947 1640 5003 fructu
1669 4963 1938 5020 percepto,

366 5029 629 5098 simulque
656 5030 821 5083 Deum
851 5047 945 5099 pro
969 5034 1079 5086 suis
1102 5038 1332 5104 peccatis
1368 5037 1700 5105 deprecatus,
1740 5052 1791 5096 et
1815 5057 1942 5096 con-

366 5122 583 5175 scientia
614 5122 937 5192 aliquantum
968 5137 1257 5182 exonerata
1281 5169 1294 5191 ,
1343 5143 1441 5182 nec
1466 5130 1618 5199 culpa
1648 5132 1753 5185 ulla
1781 5133 1938 5187 simili

366 5210 465 5264 sibi
488 5213 733 5267 conscius
758 5230 770 5264 :
795 5230 860 5268 an
886 5224 939 5269 tu
961 5217 1049 5285 qui
1076 5228 1299 5273 matrem
1321 5219 1622 5285 deseruisti,
1649 5225 1936 5291 prephetas

365 5303 752 5370 contempsisti,
780 5305 943 5359 Deum
971 5307 1189 5362 ail‘ecisti
1217 5312 1557 5375 contumelia,
1582 5328 1700 5366 cum
1726 5315 1936 5371 diabolo

363 5390 587 5445 choreas
626 5392 855 5458 duxisti,
899 5398 1338 5453 maledicentibus
1380 5401 1517 5454 inter
1555 5417 1613 5457 se
1656 5419 1719 5458 ac
1755 5408 1935 5460 convi-

362 5480 621 5535 eiautibus
644 5498 800 5537 aures
828 5486 1120 5553 praebuisti,
1145 5491 1399 5558 temporis
1424 5490 1652 5562 denique
1674 5495 1930 5564 jacturam

362 5570 569 5638 fecisti;
615 5590 710 5630 nec
755 5579 1025 5647 spirituale
1072 5583 1151 5636 vel
1196 5584 1449 5639 Str-colare
1504 5587 1667 5642 ullum
1726 5590 1928 5646 lucrum

423 5751 439 5781 ο
474 5752 543 5799 sic
565 5751 692 5802 Colb.
720 5768 872 5818 unus;
900 5758 1058 5809 Morel.
1087 5768 1264 5822 autem,
1291 5759 1478 5814 ditium
1499 5762 1784 5827 scripturas.

1650 375 1736 429 DE
1779 373 1958 428 ANNA
2001 370 2230 427 SERMU
2270 373 2355 427 IV.

3558 385 3662 439 66?.

2091 489 2213 544 inde
2262 490 2473 545 domum
2514 503 2771 563 reportes.
2829 498 3010 567 Itaque
3052 500 3131 553 vel
3171 498 3453 567 voluptatis
3494 506 3660 571 gratia

2088 578 2173 633 hic
2198 581 2384 636 adesse
2410 593 2639 651 Oportet.
2674 584 2784 639 lllic
2825 588 2964 641 enim
3014 589 3262 642 continuo
3304 590 3541 659 sequitur
3570 594 3664 645 da-

2089 674 2287 726 mnatio
2309 672 2449 739 facti,
2482 676 2804 731 conscientia
2829 680 3146 745 accusatrix,
3179 682 3485 749 paenitentia
3506 684 3576 737 ob
3598 700 3659 738 ea

2088 782 2206 834 qua:
2232 768 2584 835 contigerunt,
2621 769 2850 825 dedecus
2872 780 2924 825 et
2949 772 3312 841 opprobrium,
3348 785 3405 828 ut
3425 777 3508 829 vix
3533 792 3661 832 ocu-

2088 861 2168 913 los
2193 863 2433 916 attollere
2476 865 2674 919 andeas
2703 884 2716 920 :
2760 866 2845 920 hic
2875 866 2989 921 vice
3015 882 3164 922 versa
3192 869 3366 922 omnia
3394 873 3661 924 contrario

2088 952 2246 1006 modo
2285 968 2343 1007 se
2377 954 2591 1018 habent,
2621 956 2806 1012 ﬁducia
2830 966 2883 1012 et
2911 961 3018 1014 oris
3046 960 3284 1027 libertas,
3324 972 3377 1016 et
3404 977 3524 1016 eum
3548 980 3662 1017 om—

2088 1041 2241 1097 nibus
2270 1046 2512 1115 loquendi
2556 1048 2774 1103 facultas
2813 1049 2881 1103 de
2917 1052 3163 1107 omnibus
3201 1068 3319 1123 qua:
3358 1052 3443 1107 hic
3484 1054 3658 1108 audita

2087 1143 2227 1187 sunt.
2259 1135 2481 1202 Quando
2512 1138 2669 1207 igitur
2694 1140 2744 1192 in
2774 1140 2942 1193 forum
2971 1151 3020 1196 te
3049 1144 3355 1207 contuleris,
3384 1152 3438 1198 et
3462 1144 3660 1199 videris

2087 1225 2274 1280 omnes
2294 1227 2358 1281 ad
2383 1228 2727 1296 spectandum
2760 1244 3097 1297 concurrere,
3126 1242 3180 1285 tu
3205 1233 3269 1286 ad
3304 1234 3580 1289 ecclesiam
3607 1245 3659 1288 te

2087 1319 2365 1374 confestim
2404 1320 2644 1390 recipito,
2690 1330 2745 1376 et
2788 1324 2837 1376 in
2880 1338 2940 1378 ea
2981 1324 3247 1392 paulislier
3278 1336 3655 1392 commoratus,

2088 1418 2337 1480 perpetua
2368 1412 2526 1466 divini
2552 1412 2693 1466 verbi
2723 1412 2991 1482 voluptate
3017 1410 3211 1467 fruere.
3242 1413 3296 1468 Si
3321 1415 3460 1469 enim
3487 1415 3659 1469 turba:

2088 1506 2286 1574 impetu
2336 1505 2635 1561 abstractus
2678 1507 2804 1561 illuc
2851 1508 3155 1576 perveneris
3199 1505 3345 1560 brevi
3395 1507 3659 1575 voluptate

2087 1598 2336 1653 deliuitus
2360 1639 2375 1663 ,
2421 1598 2559 1652 male
2590 1596 2807 1652 habebis
2852 1613 2945 1666 per
2991 1608 3152 1650 tctam
3182 1604 3489 1666 sequentem
3516 1596 3655 1650 diem

2086 1697 2246 1758 atque
2272 1689 2431 1743 etiam
2459 1689 2637 1758 plures
2657 1689 2928 1758 deinceps,
2958 1698 3102 1743 tuum
3140 1691 3301 1758 ipsius
3338 1691 3529 1742 factum
3558 1690 3657 1741 da—

2088 1795 2315 1835 mnans:
2347 1779 2486 1848 quod
2513 1780 2556 1834 si
2589 1780 2854 1849 paulisper
2893 1787 2944 1833 te
2970 1778 3303 1844 cohibueris,‘
3323 1779 3576 1847 integram
3606 1790 3663 1833 et

2085 1888 2323 1928 securam
2376 1872 2430 1926 in
2478 1871 2735 1941 reliquum
2793 1870 2899 1925 diei
2945 1872 3267 1939 voluptatem
3316 1870 3552 1924 habebis.
3603 1870 3656 1924 Id

2085 1966 2227 2019 enim
2255 1979 2360 2018 non
2386 1963 2472 2016 hic
2514 1971 2739 2027 tantum,
2780 1961 2873 2017 sed
2911 1962 3071 2016 etiam
3113 1964 3163 2015 in
3204 1961 3321 2014 aliis
3361 1960 3521 2015 rebus
3561 1975 3657 2014 usu

2086 2057 2267 2110 venire
2306 2055 2482 2108 solet:
2513 2052 2695 2107 vitium
2735 2052 2876 2106 enim
2916 2060 3337 2106 momentaneam
3381 2050 3539 2102 habet
3566 2066 3656 2099 vo-

2086 2148 2375 2216 IUptatcm,
2418 2146 2659 2200 dolorem
2698 2159 2826 2200 vero
2868 2155 3219 2213 perpetuum;
3266 2148 3432 2197 virtus
3472 2151 3654 2196 contra

2084 2240 2318 2294 laborem
2349 2238 2585 2303 brevem,
2619 2236 2846 2291 fructum
2872 2251 2999 2290 vero
3039 2251 3155 2289 cum
3199 2234 3463 2287 hilaritate
3504 2234 3655 2286 inde-

2083 2333 2361 2386 sinentcm.
2394 2331 2551 2385 Verbi
2581 2333 2747 2400 gratia
2772 2372 2785 2395 ,
2828 2339 3069 2399 precatus
3109 2340 3193 2384 est
3233 2329 3423 2397 aliquis
3465 2328 3653 2391 Deum,

2083 2426 2345 2495 lacrymas
2385 2423 2540 2489 fudit,
2572 2425 2781 2479 modico
2820 2432 3057 2491 tempore
3098 2423 3234 2475 inter
3273 2420 3527 2474 orandum
3555 2420 3654 2473 do-

2082 2516 2178 2570 luit
2201 2533 2215 2581 ;
2244 2516 2380 2570 alius
2404 2525 2509 2570 tota
2533 2515 2617 2570 die
2646 2531 2703 2569 se
2725 2516 3026 2577 oblectavit,
3051 2512 3241 2567 deinde
3261 2512 3651 2581 elcemosynam

2080 2607 2245 2673 dedit,
2274 2608 2551 2677 jejunavit,
2581 2606 2723 2660 aliud
2763 2606 2958 2677 aliquid
2998 2605 3119 2659 boni
3160 2604 3304 2668 fecit,
3347 2610 3435 2655 aut
3465 2610 3651 2655 contu-

2082 2700 2294 2755 meliam
2335 2715 2522 2769 passus
2561 2715 2664 2753 non
2704 2698 2927 2768 regessit
2965 2696 3202 2751 convicia
3243 2712 3255 2746 :
3292 2694 3334 2747 is
3374 2703 3651 2762 postquam

2082 2794 2238 2847 unico
2276 2794 2529 2862 temporis
2576 2800 2846 2846 momento
2884 2788 3190 2859 perduravit
3237 2795 3292 2841 et
3332 2786 3461 2839 iram
3503 2800 3651 2839 com-

2081 2884 2294 2951 pressit.
2335 2884 2592 2937 memoria
2631 2892 2775 2937 recte
2814 2880 3070 2937 factorum
3113 2878 3323 2933 assidue
3360 2876 3554 2946 gaudet
3592 2892 3653 2929 ac

2080 2975 2306 3027 laetatur.
2339 2976 2407 3027 At
2441 2975 2490 3028 in
2516 2973 2655 3027 vitiis
2691 2972 3013 3026 contrarium
3041 2969 3267 3024 accidit:
3292 2968 3467 3021 intulit
3503 2969 3650 3033 quis-

2080 3066 2219 3134 piam
2248 3065 2492 3133 injuriam
2529 3073 2620 3117 aut.
2659 3064 2840 3118 retulit
2874 3080 2885 3115 :
2926 3061 3120 3117 deinde
3160 3061 3374 3115 domum
3404 3066 3653 3113 reversus
3711 3087 3715 3091 -

2076 3159 2278 3213 arrodit
2310 3173 2403 3213 cor
2425 3173 2602 3222 suum,
2627 3158 2752 3212 dum
2779 3155 2935 3211 verba
2975 3171 3068 3210 sua
3095 3161 3322 3223 reputat,
3351 3148 3467 3221 Quae
3496 3151 3649 3205 toties

2075 3268 2235 3322 grave
2274 3252 2500 3306 attulere
2538 3250 2810 3304 damnum.
2866 3250 3200 3316 Quapropter
3238 3246 3282 3299 si
3326 3244 3647 3313 voluptatem

2076 3345 2331 3410 sectaris,
2374 3343 2561 3415 Fugite
2600 3342 2851 3416 juvenile:
2900 3340 3326 3409 concupiscentia;
3369 3338 3467 3407 (2.
3514 3338 3644 3393 Tim.

2072 3439 2126 3491 2.
2169 3437 2275 3509 22)
2302 3481 2316 3505 ,
2358 3447 2411 3493 et
2455 3437 2857 3508 temperantiam
2904 3446 3151 3490 exerceto
3176 3477 3190 3501 ,
3232 3433 3425 3487 divinis
3472 3432 3648 3487 verbis

2071 3540 2303 3585 attentus
2326 3540 2460 3585 esto.
2504 3530 2627 3585 Haec
2654 3530 2774 3584 ideo
2795 3528 2944 3582 vobis
2983 3528 3227 3591 dicimus,
3252 3535 3309 3580 ut
3332 3540 3425 3579 vos
3457 3524 3644 3579 eadem

2072 3622 2174 3676 illis
2210 3622 2458 3686 dicendo,
2500 3631 2554 3676 et
2595 3622 2785 3677 talibus
2824 3620 2998 3675 verbis
3036 3618 3395 3683 obtundendo,
3434 3618 3641 3671 abstra.

2070 3712 2207 3766 batis
2241 3727 2334 3766 eos
2370 3712 2439 3765 ab
2476 3712 2621 3765 omni
2660 3712 2797 3766 mala
2834 3711 3234 3774 consuetudine,
3282 3720 3443 3778 utque
3469 3710 3642 3762 omnia

2069 3803 2292 3855 rationis
2333 3803 2507 3870 potius
2544 3803 2705 3855 ductu
2736 3812 2891 3870 agant
2932 3801 3313 3868 persuadeatis.
3357 3801 3640 3853 Hominum

2069 3897 2209 3947 enim
2254 3893 2343 3961 qui
2388 3902 2588 3945 temere
2626 3901 2680 3945 et
2721 3893 2837 3944 sine
2884 3892 3087 3944 ratione
3133 3890 3374 3944 feruntur
3414 3906 3481 3944 ne
3518 3890 3641 3944 dili-

2066 3988 2242 4056 gentia
2269 3985 2482 4057 quidem
2512 3984 2781 4053 probanda
2806 3992 2885 4037 est
2922 4002 2934 4037 :
2979 3983 3029 4037 id
3061 3983 3201 4052 quod
3230 3982 3311 4036 vel
3339 3998 3404 4038 ex
3434 4000 3494 4038 ea
3523 4000 3641 4053 qua:

2068 4083 2228 4136 instat
2272 4081 2491 4135 collecta
2537 4079 2665 4132 satis
2708 4076 3002 4146 apparebit.
3054 4076 3185 4130 Dum
3225 4077 3365 4132 enim
3403 4087 3638 4134 sanctam

2066 4179 2407 4234 Pentecostes
2445 4172 2805 4228 celebritatem
2860 4155 3112 4241 agemus,
3158 4178 3301 4224 tanta
3358 4183 3641 4226 concurret

2064 4270 2363 4335 multitudo,
2389 4279 2445 4324 ut
2464 4284 2652 4339 magna
2692 4268 2776 4322 hic
2814 4268 3049 4322 locorum
3071 4267 3311 4336 angustia
3344 4265 3634 4321 laboretur.

2062 4363 2169 4417 Nec
2218 4371 2394 4417 tamen
2439 4360 2578 4415 hunc
2625 4368 2944 4414 conventum
2990 4356 3166 4427 magni
3213 4358 3368 4421 facio,
3400 4356 3638 4425 quando-

2060 4453 2276 4523 quidem
2323 4452 2489 4520 magis
2539 4466 2601 4505 ex
2647 4467 2797 4506 more
2844 4452 2937 4517 fit,
2968 4467 3137 4521 quam
3174 4451 3445 4520 religionis
3485 4466 3632 4520 ergo.

2061 4543 2197 4612 Quid
2230 4542 2388 4613 igitur
2417 4542 2523 4596 illis
2549 4543 2797 4597 miserius
2821 4581 2836 4606 ,
2867 4558 3091 4610 quorum
3121 4550 3175 4595 et
3201 4544 3519 4612 negligentia
3554 4552 3631 4597 tot

2058 4636 2253 4690 referta
2300 4642 2381 4689 est
2422 4634 2764 4697 criminibus,
2810 4641 2863 4687 et
2890 4632 3159 4703 diligentia
3192 4635 3390 4687 nullam
3420 4634 3631 4688 laudem

2056 4726 2431 4797 promeretur?
2477 4725 2726 4793 Quisquis
2771 4724 2911 4778 enim
2954 4724 3069 4776 zelo
3123 4722 3332 4788 pietatis
3377 4721 3443 4775 ad
3492 4724 3633 4778 hunc

2055 4830 2251 4875 emtum
2292 4814 2467 4873 sobrie
2500 4818 2793 4886 cupideque
2831 4816 3056 4882 accedit,
3088 4815 3204 4870 sine
3232 4814 3625 4871 intermissione

2055 4914 2156 4969 hoc
2187 4913 2360 4967 facere
2403 4912 2581 4977 debet,
2613 4921 2666 4967 et
2694 4927 2799 4965 non
2833 4926 2952 4966 cum
2982 4909 3106 4975 illis,
3140 4908 3229 4977 qui
3275 4909 3326 4962 in
3356 4906 3490 4961 festo
3523 4917 3630 4960 tau-

2054 5014 2163 5059 tum
2197 5004 2500 5071 conﬂuunt,
2545 5005 2798 5059 accedere
2822 5044 2835 5066 ,
2865 5011 2919 5058 et
2954 5017 3072 5056 cum
3120 5001 3222 5056 illis
3251 5001 3499 5057 recedere
3521 5042 3535 5066 ,
3571 5009 3629 5055 ut

2049 5097 2138 5166 qui
2172 5107 2371 5150 temere
2403 5095 2620 5164 pecudis
2652 5096 2705 5148 in
2737 5109 2940 5149 morem
2971 5093 3281 5146 abducatur.

2120 5190 2174 5243 5.
2218 5188 2477 5257 Equidem
2512 5195 2746 5257 poteram
2777 5187 2877 5241 hoc
2905 5187 3179 5241 exordium
3220 5187 3482 5241 sermonis
3510 5186 3625 5240 diu-

2050 5280 2153 5334 tius
2191 5280 2517 5344 extcnderc;
2558 5295 2739 5334 verum
2770 5280 3015 5349 quoniam
3054 5280 3165 5332 scio
3213 5293 3308 5333 vos
3347 5278 3475 5332 citra
3521 5294 3621 5331 no—

2046 5382 2208 5427 stram
2257 5373 2623 5435 munitionem,
2669 5382 2727 5426 ut
2769 5373 2916 5427 vobis
2964 5371 3177 5439 dignmn
3225 5380 3300 5423 est
3346 5369 3617 5434 facientes,

2045 5465 2194 5534 plura
2223 5466 2382 5517 etiam
2412 5464 2679 5527 dicturos,
2714 5479 2869 5533 quam
2900 5465 3039 5517 dicta
3068 5474 3212 5529 sunt,
3258 5478 3325 5515 ne
3367 5464 3619 5518 molestus

2042 5555 2141 5608 sim
2169 5555 2373 5608 illorum
2396 5555 2846 5621 objurgationibus
2870 5553 3217 5616 immorando,
3243 5554 3441 5623 reliqua
3467 5556 3619 5612 vobis

2041 5649 2215 5700 omnia
2236 5649 2683 5712 eonnnittens,ad
2704 5647 2911 5700 solitam
2942 5645 3236 5700 doctrinam
3269 5656 3323 5701 et
3349 5647 3412 5701 ad
3445 5646 3611 5702 histo-

2045 5740 2174 5791 riam
2206 5742 2270 5792 de
2294 5741 2442 5791 Anna
2475 5748 2728 5792 rexertor.
2759 5737 2939 5807 Neque
2968 5738 3259 5805 miremini,
3277 5740 3412 5809 quod
3438 5740 3613 5797 adhuc
