4094 6256
463 385 566 441 685

441 495 497 550 in
540 496 730 550 eodem
758 503 1069 566 argumento
1099 494 1410 549 haereamus.
1461 490 1576 546 Non
1618 490 1780 544 enim
1805 499 2019 556 possum

445 588 722 642 mulierem
755 587 888 640 hanc
916 602 978 639 ex
1011 585 1188 638 animo
1214 597 1334 638 meo
1379 583 1635 644 eximere,
1682 593 1848 648 usque
1888 577 2023 630 adeo

446 680 670 733 formam
693 677 883 731 anima:
909 677 1022 745 ejus
1046 691 1109 730 ac
1135 673 1578 744 pulchritudinem
1605 670 1856 724 admiror.
1885 670 2020 722 Amo

439 771 583 825 enim
614 769 797 822 oculos
843 782 1128 836 numquam
1161 781 1266 819 non
1313 765 1451 818 inter
1492 759 1813 832 precandum
1843 759 2016 829 lacry-

446 873 675 926 mantes,
706 869 758 914 et
784 875 845 913 os
871 860 1111 929 labiaque
1137 873 1242 912 non
1270 855 1538 912 accersitis
1569 853 1700 908 fucis
1730 850 2019 921 rubricata,

443 952 536 1006 sed
565 953 751 1021 gratiis
784 953 892 1006 Deo
921 952 1142 1022 agendis
1169 962 1352 1005 ornata
1373 993 1388 1016 ,
1420 949 1593 1019 qualia
1622 958 1771 1002 erant
1800 945 2020 1014 hujusce

443 1043 685 1096 mulieris
717 1083 731 1107 ,
782 1043 932 1112 cujus
980 1041 1372 1111 phi1050phiam
1422 1049 1694 1106 tantopere
1739 1037 2016 1090 admiror:

441 1135 678 1189 admiror
705 1144 879 1187 autem
919 1135 1125 1203 magis,
1166 1131 1306 1202 quod
1340 1133 1528 1184 mulier
1571 1146 1689 1184 cum
1733 1136 1912 1191 esset,
1952 1125 2017 1179 ad

443 1227 583 1280 hunc
611 1227 826 1282 modum
858 1225 1228 1296 philosophata
1256 1235 1336 1278 est
1360 1243 1372 1287 ;
1406 1223 1617 1287 mulier,
1641 1223 1874 1292 inquam,
1903 1233 2020 1289 qua}

442 1317 665 1370 multum
712 1325 766 1371 et
812 1332 840 1370 a
885 1317 1064 1370 multis
1107 1317 1244 1370 male
1283 1315 1449 1368 audit.
1481 1316 1522 1366 A
1549 1312 1786 1377 muliere,
1829 1311 2017 1380 inquit,

384 1407 386 1410 ’
441 1408 641 1461 initium
688 1408 877 1475 peccati
898 1448 910 1467 ,
945 1425 1034 1478 per
1073 1425 1184 1461 eam
1224 1425 1393 1462 omnes
1433 1407 1580 1460 morti
1610 1405 1811 1459 obnoxii
1848 1419 2021 1458 sumus

449 1497 633 1570 (Eccli.
659 1500 748 1555 25.
777 1499 867 1571 55)
897 1519 910 1555 :
939 1511 989 1554 et
1020 1501 1206 1555 iterum
1233 1519 1245 1554 :
1274 1499 1440 1554 Parva
1462 1510 1532 1554 εει
1557 1499 1782 1570 ᾳυωιὶὁει
1807 1497 2017 1561 malitia,

443 1591 487 1642 si
515 1589 582 1642 ad
613 1590 833 1643 mulieris
861 1589 1105 1643 malitiam
1145 1594 1434 1660 conferatur
1471 1589 1646 1661 (Ibid.
1676 1607 1723 1642 v.
1780 1587 1848 1641 26
1871 1587 1912 1657 ).
1955 1585 2021 1640 Et

445 1681 640 1736 Paulus
666 1681 812 1746 dicit,
844 1683 1006 1735 Adam
1035 1683 1166 1736 enim
1195 1700 1294 1737 non
1320 1694 1391 1737 est
1417 1683 1671 1753 deceptus,
1714 1682 1894 1735 mulier
1921 1697 2018 1733 au-

447 1780 547 1824 tem
573 1771 781 1837 decepta
818 1773 1086 1825 constituta
1124 1781 1197 1826 est
1235 1773 1286 1825 in
1331 1773 1740 1841 prwvaricatione
1767 1770 1786 1842 (
1810 1771 1858 1824 1.
1886 1770 2016 1823 Tim.

444 1861 499 1916 ἓ.
531 1863 642 1932 14).
671 1862 784 1917 Hoc
802 1871 884 1917 est
904 1877 999 1918 cur
1023 1863 1167 1917 illam
1191 1863 1421 1919 maxime
1441 1863 1692 1928 admirer,
1717 1860 1857 1932 quod
1885 1861 2021 1916 hanc

448 1951 871 2006 criminationem
900 1952 1147 2019 diluerit,
1177 1954 1318 2024 quod
1349 1954 1484 2008 hanc
1508 1953 1899 2010 accusationem
1929 1966 2019 2006 re-

443 2041 654 2111 jecerit,
684 2043 824 2114 quod
854 2060 973 2098 cum
1013 2054 1159 2099 esset
1186 2061 1252 2100 ex
1280 2045 1526 2102 incusato
1555 2059 1707 2109 sexu,
1739 2043 2019 2113 opprobria

446 2133 544 2188 ista
569 2135 748 2188 omnia
785 2133 1118 2202 discusserit,
1148 2151 1318 2206 reque
1337 2137 1450 2205 ipsa
1479 2135 1739 2197 docuerit,
1772 2135 1888 2188 illas
1915 2148 2020 2188 non

446 2221 578 2276 tales
602 2233 787 2278 natura
814 2223 998 2294 fuisse,
1023 2227 1116 2281 sed
1139 2227 1405 2280 voluntate
1431 2227 1745 2295 prepriaque
1772 2225 2017 2295 segnitie,

445 2320 500 2364 et
531 2311 652 2368 huic
679 2330 890 2385 quoque
918 2317 1068 2370 sexui
1097 2315 1163 2370 ad
1186 2315 1394 2370 virtutis
1421 2315 1682 2386 fastigium
1711 2316 1872 2369 licere
1901 2329 2021 2382 per-

446 2405 670 2475 tingere.
704 2407 1105 2462 Contentiosum
1151 2408 1292 2462 enim
1323 2416 1405 2462 est
1447 2407 1548 2462 hoc
1586 2407 1781 2460 animal
1810 2415 1864 2460 et
1893 2420 2018 2475 pro-

447 2503 686 2559 tervum,
715 2506 768 2549 et
795 2497 837 2549 si
870 2495 935 2549 ad
963 2496 1216 2550 malitiam
1247 2496 1508 2561 declinet,
1541 2510 1730 2565 magna
1761 2497 1894 2548 mala
1930 2511 2022 2564 pa-

447 2592 592 2652 trat;
636 2587 679 2638 si
707 2585 774 2640 ad
805 2587 1051 2642 virtutem
1097 2603 1155 2642 se
1196 2589 1460 2657 applicet,
1492 2588 1666 2642 anima
1708 2588 1862 2642 citius
1902 2603 2020 2642 eam

445 2673 731 2741 destituat,
764 2691 923 2745 quam
956 2677 1284 2746 propositum
1310 2685 1496 2732 mutet.

515 2762 803 2836 Exponitur
839 2766 999 2822 Anna:
1037 2768 1404 2822 cratim—lla
1444 2769 1601 2838 igitur
1649 2771 1764 2824 haec
1807 2784 2018 2842 quoque

443 2861 685 2908 naturam
726 2870 877 2909 suam
919 2857 1207 2926 superavit,
1251 2859 1619 2913 necessitatem
1667 2861 1925 2929 pervicit,
1967 2867 2022 2915 et

443 2944 753 3000 assiduitate
792 2948 1042 3016 precandi
1085 2949 1254 3004 vulvae
1283 2951 1450 3006 sterili
1495 2952 1659 3007 lilium
1696 2954 2014 3023 impetravit.

443 3038 779 3105 Quapropter
814 3052 1024 3101 rursum
1069 3040 1135 3094 ad
1178 3056 1364 3109 preces
1405 3042 1678 3112 confugit,
1711 3044 1869 3098 etiam
1902 3051 2022 3114 post

447 3128 785 3200 impetratam
813 3133 1036 3201 gratiam
1067 3134 1132 3188 ad
1170 3134 1309 3189 hunc
1350 3136 1564 3190 modem
1596 3136 1818 3206 loquens
1844 3155 1857 3189 :
1881 3136 2018 3192 Con-

444 3221 701 3286 ﬁrmalum
725 3231 796 3275 est
821 3239 908 3276 cor
932 3241 1098 3276 meum
1126 3227 1176 3277 in
1203 3225 1440 3292 Domino,
1464 3228 1736 3280 exaltatum
1763 3237 1836 3282 est
1863 3245 2020 3282 cornu

445 3327 608 3363 meum
636 3311 688 3363 in
721 3312 827 3366 Deo
854 3330 980 3366 meo.
1027 3315 1166 3381 Quid
1202 3317 1498 3386 significent
1523 3317 1637 3373 hate
1665 3319 1824 3374 verba
1843 3361 1857 3384 ,
1885 3319 2019 3373 Con-

447 3400 703 3469 ﬁrmatimt
749 3413 820 3454 est
861 3420 945 3455 cor
982 3421 1144 3456 meum
1185 3406 1236 3458 in
1271 3405 1508 3470 Domino,
1551 3425 1720 3478 'utper
1758 3425 1844 3465 me
1882 3410 2021 3481 apud

446 3490 720 3544 raritatem
745 3504 971 3547 vestram
996 3494 1307 3550 disseruisse
1334 3498 1479 3551 scitis
1501 3497 1598 3567 (a):
1618 3487 1859 3569 superest
1883 3516 2023 3556 nunc

447 3588 508 3632 ut
533 3596 593 3633 ea
620 3597 736 3649 qua:
773 3581 1026 3652 deinceps
1060 3598 1384 3654 sequuntur,
1431 3589 1858 3659 interpretemur.
1889 3593 2022 3648 Cum

447 3669 587 3724 enim
616 3669 838 3726 dixisset
865 3712 880 3725 .
905 3673 1268 3742 Con/irritatum
1296 3688 1367 3732 est
1396 3695 1481 3732 cor
1505 3697 1665 3734 meum
1691 3683 1742 3735 iu
1768 3680 1986 3737 Domino
2003 3725 2020 3750 ,

447 3777 570 3817 mox
601 3762 871 3832 subjunxit
895 3783 906 3817 :
929 3763 1224 3823 Exultatum
1245 3778 1315 3821 est
1341 3787 1493 3822 cornu
1515 3787 1676 3825 nteant
1696 3773 1747 3824 iu
1767 3771 1871 3826 Deo
1913 3789 2025 3828 meo

452 3852 526 3921 (Ι.
571 3853 697 3925 Reg.
728 3855 782 3908 2.
817 3857 888 3926 Ι).
918 3856 1050 3924 Quid
1081 3868 1183 3923 est,
1214 3859 1380 3914 Cornu
1411 3863 1612 3916 meum?
1640 3863 1846 3918 Etenim
1875 3864 2022 3921 Scri-

449 3953 599 4011 ptura
632 3945 730 3998 hac
760 3945 992 4002 dictione
1017 3963 1158 4018 saepe
1186 3960 1255 4003 υιι
1286 3952 1455 4016 solet;
1490 3952 1624 4006 sicut
1646 3955 1854 4023 quando
1875 3955 2021 4024 dicit,

454 4033 744 4088 Exaltatum
775 4046 847 4090 est
871 4053 1027 4090 cornu
1048 4039 1154 4108 ejus
1171 4039 1340 4109 (I’sal.
1361 4042 1445 4096 74.
1478 4044 1586 4112 Η),
1613 4055 1664 4097 et
1690 4063 1702 4098 :
1730 4045 2023 4099 Exaltatum

452 4134 526 4179 est
554 4142 710 4179 cornu
737 4128 912 4180 clariin
943 4131 1051 4198 ejus
1081 4131 1155 4198 (1.
1187 4131 1310 4201 Reg.
1339 4133 1392 4184 2.
1428 4134 1534 4200 i0).
1565 4136 1698 4201 Quid
1725 4138 1884 4204 igitur
1910 4149 2026 4192 tan-

450 4220 570 4274 dem
599 4236 764 4274 Cornu
796 4223 1070 4277 nominat?
1095 4223 1412 4289 Potentiam,
1435 4227 1675 4294 gloriam,
1706 4228 2022 4298 claritatem,

449 4326 478 4359 a
532 4310 699 4362 brutis
744 4312 1100 4366 animantibus
1140 4311 1276 4367 hanc
1315 4315 1674 4384 metaphoram
1719 4327 2022 4376 mutuatus:

453 4413 576 4452 nam
601 4399 741 4452 Deus
772 4402 1066 4455 ornamenti
1097 4417 1158 4457 ac
1186 4405 1274 4459 teli
1306 4406 1420 4460 vice
1443 4422 1639 4461 cornua
1670 4410 1772 4464 illis
1801 4411 2024 4481 addidit,

452 4489 644 4557 quibus
687 4491 895 4545 amissis
929 4495 1248 4563 prmcipuam
1281 4497 1468 4552 virium
1507 4509 1712 4569 partem
1741 4504 2022 4558 amittunt:

453 4588 508 4635 et
537 4582 675 4635 sicut
704 4583 922 4639 inermis
949 4585 1102 4641 miles
1122 4629 1134 4650 ,
1168 4589 1237 4642 ita
1267 4598 1319 4644 et
1353 4599 1531 4646 taurus
1558 4592 1755 4664 absque
1780 4597 2028 4653 cornibus

457 4671 706 4742 perfacile
731 4675 954 4744 capitur.
989 4675 1129 4731 Nihil
1159 4679 1314 4748 igitur
1341 4681 1483 4735 aliud
1509 4683 1637 4737 dicit
1665 4684 1780 4740 hare
1807 4687 2025 4753 mulier,

454 4772 631 4832 Quam,
662 4765 898 4820 Exaltata
921 4777 1001 4822 est
1019 4768 1186 4837 gloria
1219 4786 1351 4825 mea.
1379 4771 1444 4826 Et
1469 4775 1735 4842 quomodo
1758 4777 2030 4830 exaltata?

460 4854 524 4912 In
554 4855 664 4910 Deo
691 4872 831 4922 meo,
876 4858 1066 4928 inquit.
1099 4860 1221 4915 Ideo
1265 4864 1316 4916 iu
1347 4871 1456 4916 tuto
1482 4875 1563 4918 est
1594 4865 1707 4920 haec
1735 4867 2028 4934 celsitudo,

457 4956 520 5001 ut
539 4962 656 5016 qum
707 4947 911 5002 firmam
956 4960 1113 5020 atque
1160 4953 1486 5010 immobilem
1533 4956 1766 5013 radicem
1818 4959 2029 5014 habeat.

456 5036 635 5092 Gloria
679 5038 820 5092 enim
863 5054 979 5109 quae
1025 5051 1108 5096 est
1149 5043 1217 5098 ab
1257 5044 1581 5111 hominibus,
1628 5049 2031 5120 glorificantium

456 5129 710 5183 vilitatem
744 5130 978 5185 imitatur
999 5173 1014 5196 ,
1060 5135 1200 5190 unde
1231 5135 1289 5190 lit
1317 5147 1374 5192 ut
1405 5140 1556 5195 facile
1583 5142 1948 5207 subvertatur;
1980 5153 2034 5200 at

458 5237 564 5274 non
587 5221 664 5276 sic
686 5220 776 5276 Dei
800 5222 986 5291 gloria,
1002 5224 1096 5279 sed
1118 5226 1404 5282 immobilis
1425 5242 1604 5286 manet
1626 5233 1674 5286 in
1697 5245 2032 5304 perpetuum.

457 5315 632 5381 Atque
662 5312 776 5367 huic
807 5321 1029 5384 utraque
1075 5318 1333 5386 prOpheta
1379 5320 1692 5390 declarans,
1743 5333 1849 5379 tam
1897 5325 2037 5382 illius

459 5404 814 5470 debilitatem,
863 5421 1021 5475 quam
1070 5408 1223 5477 hujus
1271 5409 1596 5478 firmitatem,
1644 5415 1720 5468 sic
1767 5415 2033 5485 loquitur:

463 5493 642 5549 Omnis
666 5511 784 5549 caro
811 5499 999 5567 fartum
1021 5538 1036 5560 ,
1077 5509 1123 5551 et
1152 5501 1314 5553 clunis
1339 5500 1502 5570 gloria
1533 5503 1746 5558 hominis
1781 5514 2036 5572 tamquam

461 5585 554 5651 ﬂos
583 5584 722 5652 fani.
750 5583 964 5641 Emit
991 5590 1196 5656 frenum,
1232 5599 1276 5642 et
1300 5590 1396 5657 [los
1425 5591 1535 5660 ejus
1558 5591 1740 5646 decidit
1769 5593 1918 5663 (lsai.
1941 5595 2033 5650 40.

523 5715 886 5791 (arsermolillt
930 5720 979 5768 in
1015 5733 1111 5784 quo
1151 5720 1251 5772 1m:
1296 5721 1676 5786 explicabantur,
1717 5724 1799 5789 qui
1842 5736 2039 5791 quartus

466 5785 587 5838 erat,
611 5777 865 5830 intercidit.

1183 381 1238 436 S.
1277 378 1550 435 JOANNlS
1577 368 2044 432 CHRYSOSTOMI
2085 369 2398 427 ARCUIEP.
2437 373 2965 432 CONSTANTINOP.

3596 381 3702 437 ϐω

2129 482 2180 536 6.
2211 485 2285 554 7).
2321 485 2395 541 De
2438 486 2530 542 Dei
2577 499 2756 544 autem
2797 489 2962 560 gloria
3005 503 3112 543 non
3163 490 3262 557 sic,
3301 499 3357 544 at
3391 493 3698 561 quomodo?

2138 573 2348 630 Verbum
2366 589 2529 632 autem
2549 579 2646 633 Dei
2669 582 2721 634 in
2740 591 2979 636 (sternam
3005 589 3170 634 manet
3187 578 3235 653 (1
3243 582 3338 635 sai.
3386 582 3477 638 40.
3512 583 3588 653 8).
3643 585 3698 638 id

2125 669 2264 739 quod
2283 670 2366 724 vel
2391 671 2443 724 in
2467 671 2565 726 hac
2585 673 2806 729 muliere
2837 683 3000 743 patet.
3032 673 3202 743 Reges
3223 673 3364 728 enim
3386 685 3436 729 et
3458 675 3616 730 duces
3646 687 3697 731 c:

2124 760 2384 831 dynastai,
2407 764 2495 832 qui
2523 763 2656 818 nihil
2681 779 2784 818 non
2813 774 3100 830 tentarunt,
3126 774 3182 820 ut
3205 767 3556 820 immortalem
3579 779 3699 836 post

2123 865 2182 905 se
2213 852 2576 920 relinquerent
2621 855 2931 910 memoriam
2957 896 2972 923 ,
3017 856 3260 926 sepulcra
3289 856 3389 910 sibi
3419 858 3696 926 splendida

2124 941 2624 1009 exaediticaveruut,
2681 955 2734 999 et
2784 954 2984 1000 statuas
3039 955 3197 1016 atque
3247 945 3450 1016 effigies
3505 950 3700 1003 multas

2127 1034 2305 1088 multis
2334 1034 2385 1087 in
2414 1036 2546 1090 locis
2576 1047 2886 1106 posuerunt,
2919 1046 2973 1093 et
3003 1054 3176 1092 rerum
3206 1050 3475 1108 gestarum
3507 1055 3698 1095 monu-

2125 1132 2305 1177 menta
2351 1125 2628 1178 innumera
2674 1126 3042 1193 reliquerunt,
3090 1143 3230 1180 nunc
3279 1137 3519 1182 tacentur
3548 1141 3700 1185 etne

2123 1216 2338 1270 nomine
2361 1217 2573 1284 quidem
2605 1219 2713 1272 noti
2757 1227 2918 1272 sunt:
2944 1219 3056 1273 lucc
3083 1231 3257 1275 autem
3287 1223 3475 1276 mulier
3506 1223 3700 1292 ubique

2122 1308 2355 1375 gentium
2383 1324 2520 1362 nunc
2545 1310 2869 1375 celebratur;
2898 1323 2951 1366 et
2980 1313 3091 1366 sive
3138 1314 3189 1366 in
3233 1311 3503 1384 Scythiam
3537 1317 3698 1384 proti-

2123 1399 2342 1454 ciscaris
2365 1440 2380 1464 ,
2411 1402 2524 1456 sive
2551 1402 2602 1455 in
2634 1402 2920 1474 Egyptum
2946 1446 2963 1470 ,
3010 1406 3122 1459 sive
3151 1405 3204 1459 in
3231 1405 3455 1472 Indiam,
3486 1407 3598 1462 sive
3627 1407 3696 1462 ad

2125 1487 2269 1557 ipsos
2294 1490 2440 1543 orbis
2465 1490 2741 1554 terminos,
2760 1507 2945 1546 omnes
2973 1493 3156 1546 audies
3181 1503 3324 1562 gesta
3353 1495 3467 1562 ejus
3496 1495 3693 1549 decan-

2125 1589 2295 1635 tantes
2321 1599 2334 1635 :
2357 1582 2584 1650 denique
2610 1594 2864 1652 quantum
2893 1594 3149 1638 terrarum
3177 1601 3206 1640 a
3234 1587 3347 1642 sole
3376 1588 3689 1654 illustratur,

2125 1679 2292 1726 totum
2343 1672 2442 1726 hoc
2487 1673 2639 1726 Anna
2668 1689 2760 1728 sua
2790 1675 2952 1744 gloria
2983 1685 3227 1746 occupat.
3256 1677 3365 1732 Nec
3392 1678 3493 1731 hoc
3521 1680 3691 1732 solum

2123 1762 2473 1818 admiratione
2498 1763 2715 1834 dignum
2741 1776 2822 1820 est
2841 1806 2856 1832 ,
2896 1768 3034 1836 quod
3068 1769 3262 1838 ubique
3293 1779 3552 1824 terrarum
3580 1770 3692 1826 haec

2125 1853 2320 1906 mulier
2345 1854 2585 1920 canitur;
2634 1855 2726 1910 sed
2772 1857 2911 1926 quod
2945 1858 3253 1926 sapientiam
3283 1860 3397 1928 ejus
3421 1873 3483 1915 ac
3513 1860 3693 1929 longa-

2125 1942 2416 1996 nimitatem
2449 1952 2501 1998 et
2530 1944 2859 1999 tolerantiam
2890 1961 3077 2002 omnes
3106 1957 3335 2012 norunt,
3368 1949 3418 2002 in
3445 1950 3648 2018 oppidis
3669 1989 3687 2014 ,

2123 2032 2175 2086 in
2200 2035 2366 2102 agris,
2397 2034 2447 2088 in
2475 2035 2741 2102 domibus,
2769 2036 2821 2091 in
2849 2041 3057 2102 castris,
3087 2039 3138 2093 in
3171 2040 3411 2104 navibus,
3441 2042 3493 2094 in
3518 2040 3687 2096 cilici-

2123 2123 2226 2187 nis,
2255 2123 2482 2194 denique
2526 2139 2781 2196 nusquam
2827 2143 2934 2182 non
2962 2129 3148 2186 laudes
3172 2130 3288 2200 ejus
3315 2131 3514 2186 audies.
3545 2132 3686 2200 Quo-

2125 2214 2220 2268 ties
2259 2214 2400 2268 enim
2445 2217 2645 2271 clarum
2693 2218 2920 2288 aliquem
2967 2220 3194 2277 reddere
3241 2222 3351 2276 Deo
3398 2224 3685 2294 placuerit,

2123 2307 2330 2361 etiamsi
2377 2322 2521 2361 mors
2569 2310 2905 2377 interveniat,
2928 2321 3019 2366 aut
3066 2312 3336 2382 longitudo
3372 2323 3687 2382 temporum,

2123 2409 2212 2454 aut
2237 2399 2444 2469 quidvis
2470 2400 2610 2454 aliud
2636 2443 2652 2467 ,
2682 2410 2858 2457 manet
2883 2411 3056 2458 tamen
3085 2404 3250 2473 gloria
3277 2404 3416 2459 illius
3439 2415 3691 2475 perpetuo

2124 2488 2321 2544 florens
2345 2532 2358 2554 ,
2406 2501 2460 2546 et
2506 2491 2797 2547 claritatem
2825 2493 2940 2563 ejus
2981 2494 3264 2550 obscurare
3294 2498 3485 2565 poterit
3513 2513 3686 2552 nemo.

2125 2581 2270 2636 Hauc
2295 2583 2362 2637 ob
2386 2599 2497 2638 rem
2526 2593 2580 2636 et
2608 2585 2720 2653 ipsa
2746 2585 2996 2640 erudiens
3021 2587 3310 2656 auditores,
3334 2589 3471 2656 quod
3493 2603 3596 2642 non
3621 2589 3689 2642 sit

2123 2674 2530 2744 confugiendum
2569 2677 2635 2731 ad
2663 2675 2777 2731 base
2813 2676 2951 2732 ﬂuxa
2972 2719 2987 2744 ,
3033 2680 3124 2733 sed
3152 2680 3217 2734 ad
3244 2697 3365 2735 eum
3391 2696 3419 2731 a
3447 2696 3552 2750 quo
3574 2695 3683 2736 cer-

2125 2767 2327 2821 tissima
2359 2767 2495 2822 bona
2521 2782 2829 2837 speramus,
2859 2779 3132 2824 auctorem
3162 2770 3319 2839 hujus
3347 2771 3528 2840 glori:e
3558 2769 3692 2824 iudi-

2123 2866 2231 2913 cat.
2260 2855 2391 2914 Clm
2431 2858 2572 2913 enim
2603 2859 2852 2924 dixisset,
2885 2859 3247 2929 Con/innatum
3280 2871 3352 2914 εει
3403 2877 3489 2914 cor
3529 2877 3690 2913 meum

2122 2950 2176 3003 in
2202 2947 2454 3014 Domino,
2486 2948 2791 3018 subiunxit,
2825 2948 3212 3008 Exaltatumest
3237 2967 3393 3004 cornu
3431 2966 3596 3004 meum
3631 2955 3688 3006 in

2124 3039 2233 3096 Deo
2261 3041 2640 3112 meo:duplieia
2673 3041 2826 3096 nobis
2857 3042 2938 3097 his
2966 3042 3139 3097 verbis
3167 3042 3509 3097 subiudicans
3533 3041 3690 3105 bona,

2123 3151 2242 3204 qua:
2267 3151 2372 3189 non
2403 3145 2604 3190 temere
2631 3134 2787 3189 simul
2819 3135 2911 3190 uni
2937 3135 3266 3204 contingunt.
3297 3133 3427 3188 Nam
3454 3141 3510 3188 et
3531 3149 3560 3186 a
3590 3131 3691 3186 llu-

2125 3226 2376 3290 minibus,
2410 3226 2613 3296 inquit,
2644 3225 2864 3281 liberata
2894 3241 3034 3292 sum,
3068 3225 3406 3295 ignominiam
3437 3224 3690 3293 deposui,

2125 3318 2466 3372 securitatem
2519 3325 2675 3387 atque
2722 3318 2978 3371 honorem
3025 3325 3348 3384 consequuta
3392 3331 3526 3370 sum.
3571 3313 3694 3367 Hmc

2124 3415 2300 3462 autem
2326 3416 2550 3477 utraque
2572 3424 2676 3460 non
2704 3407 2855 3461 facile
2877 3406 3112 3461 invenias
3130 3405 3180 3458 in
3203 3421 3365 3459 unum
3386 3403 3692 3460 convenire.

2125 3497 2272 3552 Multi
2304 3499 2444 3552 enim
2474 3513 2501 3550 a
2531 3497 2782 3566 periculis
2826 3497 3141 3562 liberantur,
3189 3496 3470 3564 gloriosam
3519 3506 3695 3548 tamen

2126 3588 2286 3641 vitam
2316 3602 2420 3641 non
2467 3588 2661 3641 habent
2691 3605 2704 3640 :
2731 3587 2818 3641 alii
2867 3597 3048 3641 contra
3075 3587 3240 3656 gloria
3266 3584 3478 3655 quidem
3506 3595 3557 3638 et
3583 3584 3696 3644 cla-

2126 3679 2283 3731 ritate
2311 3677 2575 3738 fruuntur,
2611 3679 2854 3746 periculis
2881 3687 3056 3732 tamen
3083 3677 3151 3730 ob
3183 3681 3316 3730 hanc
3342 3676 3560 3745 gloriam
3589 3691 3694 3728 non

2126 3780 2328 3825 carent.
2357 3769 2513 3825 Verbi
2541 3770 2729 3840 gratia,
2754 3771 2904 3824 multi
2927 3785 3066 3840 smpe
3083 3770 3132 3822 in
3155 3783 3424 3822 carcerem
3445 3767 3694 3835 conjecd,

2127 3862 2346 3915 adulteri
2369 3903 2383 3926 ,
2412 3862 2627 3916 venefici
2649 3904 2662 3928 ,
2692 3863 3050 3931 sepulcrorum
3079 3860 3406 3929 perfossores
3425 3901 3439 3925 ,
3473 3859 3697 3928 aliisque

2129 3953 2388 4007 similibus
2423 3954 2730 4007 criminibus
2771 3953 3018 4019 obnoxii,
3057 3952 3248 4006 deinde
3289 3951 3508 4021 iubente
3552 3950 3697 4018 regia

2128 4043 2406 4097 clementia
2435 4044 2634 4098 dimissi
2667 4053 2788 4098 sunt
2818 4044 2975 4098 inde:
3002 4043 3053 4097 hi
3079 4060 3108 4098 a
3137 4059 3293 4114 ptena
3320 4044 3530 4114 quidem
3561 4042 3696 4095 libe-

2129 4137 2224 4186 rati
2253 4147 2370 4187 sunt
2395 4177 2408 4198 ,
2439 4147 2686 4190 cancrum
2735 4136 2925 4204 probra
2963 4152 3055 4189 sua
3096 4151 3199 4188 non
3229 4136 3605 4200 alu'ileverunt,
3642 4143 3698 4188 et

2129 4222 2360 4279 dedecus
2383 4239 2476 4280 eos
2503 4241 2785 4294 numquam
2813 4241 2920 4281 non
2951 4227 3309 4297 consequitur.
3342 4226 3442 4279 Alii
3475 4225 3569 4278 viri
3601 4225 3700 4277 mi-

2130 4315 2311 4370 litares
2359 4331 2422 4370 ac
2475 4317 2758 4385 generosi,
2815 4318 3151 4388 conspicuam
3206 4327 3360 4386 atque
3413 4315 3696 4386 gloriosam

2129 4406 2336 4460 vivendi
2365 4406 2622 4461 rationem
2649 4408 2896 4476 amplexi,
2916 4409 3117 4464 bellicis
3145 4407 3390 4476 periculis
3419 4420 3535 4460 sese
3560 4404 3700 4474 obji—

2129 4499 2361 4562 cientes,
2404 4498 2562 4551 multa
2606 4514 2748 4567 saepe
2778 4499 2991 4554 vulnera
3022 4498 3322 4566 accipiunt,
3353 4505 3407 4551 et
3433 4505 3700 4566 postremo

2133 4589 2411 4640 immatura
2463 4598 2631 4643 morte
2673 4589 3239 4657 absumunturzatque
3269 4587 3320 4640 hi
3367 4600 3472 4655 prae
3513 4584 3697 4655 gloria:

2131 4694 2313 4733 amore
2340 4680 2621 4734 securitate
2651 4695 2709 4734 se
2739 4681 2836 4750 ipsi
2870 4682 3159 4749 privarunt.

2202 4773 2256 4828 4.
2287 4771 2423 4827 Huic
2450 4787 2575 4825 vero
2620 4773 2823 4826 mulieri
2870 4772 2984 4825 hanc
3012 4781 3233 4840 utraque
3260 4769 3614 4838 contigerunt,
3646 4772 3705 4819 ut

2134 4879 2251 4932 qua:
2275 4871 2331 4916 et
2357 4861 2638 4916 securitate
2673 4862 2827 4916 simul
2874 4873 2928 4916 et
2954 4862 3119 4931 gloria
3153 4861 3312 4930 potita
3343 4869 3441 4914 est.
3473 4858 3612 4912 Idem
3651 4864 3705 4908 et

2137 4954 2304 5007 tribus
2335 4953 2437 5006 illis
2460 4953 2635 5022 pueris
2661 4953 2848 5006 actidit
2873 4951 3030 5022 (Dan.
3063 4953 3119 5020 5)
3152 4973 3164 5006 :
3194 4965 3315 5004 nam
3340 4960 3395 5004 et
3416 4947 3704 5016 periculum

2137 5057 2419 5103 evaserunt
2447 5062 2478 5101 e
2500 5062 2627 5117 rogo
2656 5047 2881 5111 liberati,
2913 5056 2965 5099 et
2992 5045 3221 5099 illustres
3249 5051 3372 5096 sunt
3396 5042 3539 5106 facti,
3567 5039 3705 5108 quod

2137 5138 2522 5208 sopernaturali
2545 5137 2702 5192 modo
2728 5137 2882 5206 hujus
2909 5136 3156 5192 elementi
3187 5135 3472 5204 potentiam
3493 5145 3710 5202 Supera-

2137 5234 2356 5285 vissent.
2378 5231 2458 5285 Ad
2480 5231 2620 5286 hunc
2635 5246 2764 5298 sane
2788 5231 3000 5284 modum
3019 5230 3108 5283 Dei
3129 5229 3381 5284 beneficia
3401 5244 3458 5282 se
3480 5227 3702 5280 habent:

2141 5323 2296 5378 simul
2326 5325 2465 5376 enim
2494 5331 2547 5376 et
2569 5333 2730 5375 tutam
2756 5332 2808 5376 et
2835 5322 3094 5376 illustrem
3125 5322 3343 5390 largitur
3369 5321 3551 5382 vitam,
3572 5315 3709 5386 quod

2141 5413 2352 5482 quidem
2380 5421 2664 5482 utrumque
2694 5413 2806 5466 hinc
2829 5412 2939 5480 ipsa
2979 5412 3204 5465 innitens
3231 5410 3440 5465 dicebat
3471 5427 3484 5462 :
3511 5407 3716 5475 Conﬁr-

2142 5515 2333 5558 matum
2362 5515 2434 5557 est
2463 5521 2550 5557 cor
2592 5521 2757 5557 meum
2781 5505 2834 5556 in
2864 5501 3101 5564 Domino,
3144 5503 3418 5557 exaltatum
3460 5511 3530 5554 εει
3559 5515 3713 5552 cornu

2143 5613 2308 5650 meum
2349 5595 2401 5648 in
2427 5594 2535 5649 Deo
2561 5611 2688 5648 meo.
2717 5594 2823 5648 Nec
2848 5595 3157 5664 simpliciter
3185 5592 3335 5654 dixit,
3361 5588 3426 5644 In
3453 5585 3576 5649 Deo,
3604 5585 3722 5646 scd,

2147 5685 2213 5739 In
2243 5686 2346 5738 Deo
2376 5702 2502 5749 nico,
2553 5685 2653 5738 sibi
2699 5685 2798 5753 ipsi
2828 5699 3088 5753 usurpans
3131 5699 3273 5746 eum,
3319 5683 3407 5752 qui
3462 5680 3554 5736 toti
3600 5678 3717 5731 orbi

2144 5787 2413 5839 terrarum
2454 5777 2748 5834 cominuuis
2795 5784 2894 5832 est.
2929 5775 3042 5832 Hoc
3077 5782 3252 5830 autem
3297 5771 3421 5829 fecit
3446 5783 3551 5824 non
3574 5765 3724 5822 illius
