4094 6256
321 358 433 417 665

321 493 421 545 ντες
459 467 701 542 ἱστορίαν
738 472 1100 543 ἐπαναγαγὼν
1129 476 1219 531 τὸν
1243 475 1421 544 λόγον.
1455 474 1564 528 Καὶ
1595 473 1671 545 μὴ
1695 472 1905 542 θαυμά-

321 573 481 627 σητε,
515 556 566 606 ει
603 554 825 624 μηδέπω
868 558 968 626 τῆς
993 558 1301 622 ὑποθέσεως
1345 557 1548 629 ταύτης
1585 556 1905 628 ἀπηλλάγη-

321 658 448 712 μεν.
487 639 600 691 Kal
637 638 745 708 γὰρ
778 640 836 691 ού
880 639 1113 710 δύναμαι
1161 641 1260 712 τὴν
1291 645 1528 710 γυναῖκα
1557 640 1762 708 ταύτην
1791 642 1900 694 ἀπὸ

316 720 420 792 τῆς
438 720 676 783 διανοίας
693 721 940 776 ἐκϐαλεῖν
955 723 1055 792 τῆς
1071 724 1207 794 ἐμῆς
1223 741 1236 754 ·
1255 722 1428 788 οὕτως
1448 725 1617 794 αὐτῆς
1637 723 1903 794 θαυμάζω

317 804 421 873 τὴν
451 803 755 872 εὐμορφίαν
773 805 868 873 τῆς
883 805 1079 876 ψυχῆς,
1094 807 1186 860 καὶ
1208 807 1267 860 τὸ
1291 806 1484 871 κάλλος
1513 807 1612 876 τῆς
1639 807 1899 870 διανοίας.

317 884 476 959 [755]
503 884 642 938 Φιλῶ
667 885 774 957 γάρ
795 887 1105 958 ὀφθαλμοὺς
1131 889 1463 960 δακρύοντας
1488 891 1547 942 ἐν
1578 890 1784 959 εὐχαῖς,
1813 889 1901 942 διὰ

317 969 529 1031 παντὸς
553 969 910 1039 μελετῶντας.
930 973 1021 1024 καὶ
1041 991 1099 1042 χε
1109 973 1212 1045 ίλη,
1228 974 1321 1026 καὶ
1339 974 1512 1042 στόμα
1527 975 1626 1026 οὐκ
1642 973 1826 1042 ἐπιτρί
1833 991 1899 1042 μ-

321 1052 461 1122 μασί
490 1069 632 1104 τισιν
661 1053 1129 1124 ἐρυθραινόμενον,
1159 1057 1272 1108 ἀλλ’
1313 1055 1630 1127 εὐχαριστίᾳ
1665 1059 1732 1125 τῇ
1765 1055 1900 1125 πρὸς

318 1138 413 1190 τὸν
466 1137 598 1188 Θεὸν
641 1136 1144 1208 καλλωπιζόμενον,
1195 1135 1305 1192 οἷον
1354 1135 1422 1208 ἦν
1468 1140 1526 1192 τὺ
1558 1139 1795 1208 ταύτης’
1831 1140 1899 1209 ῆν

321 1218 592 1290 θαυμάζω
625 1221 722 1288 μὲν
735 1220 1208 1290 ὄτιέφιλοσόφησε,
1237 1221 1502 1291 θαυμάζω
1531 1222 1588 1275 δέ
1615 1221 1898 1291 μειζόνως,

319 1301 406 1354 ὅτι
425 1301 563 1372 γυνὴ
585 1296 719 1354 οῦσα
739 1301 1118 1374 ἐφιλοσόφησε,
1138 1303 1296 1373 γυνὴ,
1317 1301 1386 1377 ἦς
1419 1303 1604 1357 πολλοὶ
1637 1303 1899 1368 πολλάκις

319 1385 731 1454 κατηγόρησαν.
752 1385 883 1438 Ἀπὸ
908 1383 1013 1455 γάρ
1033 1387 1334 1455 γυναικὸς,
1349 1385 1532 1457 φησὶν,
1548 1385 1703 1455 ἀρχὴ
1724 1387 1903 1454 ἁμαρι

318 1467 476 1532 τίας,
502 1466 598 1519 καί
618 1466 691 1519 δι’
712 1466 908 1534 αὐτὴν
925 1467 1388 1538 ἀποθνήσκομεν
1405 1467 1623 1534 πάντες
1643 1485 1655 1500 ·
1681 1469 1774 1522 καὶ
1794 1471 1902 1524 πά-

317 1541 404 1602 λιν
425 1567 440 1581 ο
480 1549 669 1617 Μικρὰ
687 1549 852 1603 πᾶσα
871 1553 1048 1604 κακία
1068 1551 1217 1619 πρὸς
1237 1553 1452 1604 κακίαν
1468 1553 1754 1620 γυναικός
1770 1569 1785 1584 ο
1806 1552 1901 1606 καὶ

315 1635 346 1688 6
367 1632 582 1697 Παῦλος
597 1651 608 1664 ·
649 1633 819 1702 Ἀδὰμ
837 1633 948 1702 τὰρ
968 1636 1078 1687 οὐκ
1097 1634 1394 1702 ἠπατήθη,
1429 1637 1467 1703 ἠ
1488 1635 1556 1688 δὲ
1573 1635 1726 1704 γυνὴ
1748 1636 1901 1690 ἀπα-

314 1718 570 1783 τηθεῖσα
605 1718 676 1770 ἐν
709 1717 1038 1784 παραϐάσει
1073 1717 1296 1788 γέγονε.
1339 1719 1436 1772 Διά
1473 1717 1629 1771 τοῦτο
1667 1719 1901 1789 μάλιστα

314 1799 489 1870 αὐτὴν
511 1798 793 1870 θαυμάζω,
814 1802 892 1853 ὅτι
916 1801 984 1854 τά
1005 1800 1319 1872 ἐγκλήματα
1339 1800 1510 1854 ταῦτα
1527 1800 1897 1872 διεκρούσατο,

311 1881 404 1954 ὅτι,
417 1883 518 1954 τὴν
539 1877 872 1953 κατηγορίαν
895 1882 1144 1945 ἀπέθετο,
1164 1885 1244 1936 ὅτι
1267 1883 1356 1936 τοῦ
1378 1883 1794 1954 διαϐαλλομένου
1816 1887 1903 1954 γέ-

310 1953 439 2027 νοῦς
473 1953 608 2018 οῦσα
643 1965 737 2017 καὶ
775 1965 1271 2036 κατηγορουμένου,
1293 1965 1360 2018 τά
1380 1965 1553 2036 ὀνείδη
1579 1953 1758 2020 πάντα
1795 1953 1900 2021 ἀπ-

311 2046 592 2116 ετρίψατο,
614 2047 702 2100 διὰ
735 2047 845 2100 τῶν
883 2047 1060 2118 έργων
1098 2047 1446 2109 παιδεύουσα,
1470 2049 1551 2100 ὅτι
1571 2050 1817 2102 κάκεῖναι
1837 2053 1896 2103 ού

311 2130 467 2200 παρά
504 2130 604 2202 τὴν
643 2131 806 2200 φύσιν
841 2131 1086 2183 τοιαῦται
1123 2131 1588 2198 γεγόνασιν,άλλά
1629 2132 1779 2202 παρὰ
1798 2135 1898 2205 τὴν

310 2215 636 2284 προαίρεσιν
671 2215 766 2268 καί⁸
799 2213 899 2284 τὴν
937 2213 1140 2268 οἰκείαν
1177 2215 1484 2284 ὀλιγωρίαν,
1507 2216 1698 2269 κα“ιότι
1730 2219 1787 2269 ἐν
1817 2216 1899 2287 τῷ

309 2294 462 2362 γένει
484 2294 658 2366 τούτῳ
677 2297 899 2349 δυνατὸν
919 2295 988 2348 άκ
998 2313 1095 2364 ρας
1114 2297 1312 2367 ἀρετῆς
1333 2297 1704 2352 ἐπιλαϐέσθαι.
1744 2301 1898 2353 Φιλό-

309 2395 495 2431 νεικον
515 2379 625 2449 γάρ
645 2381 761 2432 ἐστι
782 2379 842 2432 τὸ
863 2379 1000 2444 ζῶον
1019 2380 1176 2433 τοῦτο
1194 2381 1288 2434 καὶ
1307 2380 1542 2442 εύτονον,
1566 2382 1666 2436 κᾶν
1701 2385 1780 2447 εἰς
1801 2401 1898 2436 πο-

309 2460 509 2531 νηρίαν
546 2462 832 2536 ἀποκλίνῃ,
859 2461 1068 2531 μεγάλα
1106 2461 1396 2532 ἐργάζεται
1430 2463 1606 2517 κακά·
1630 2465 1734 2519 κᾶν
1767 2467 1896 2536 ἀρε-

309 2541 449 2603 τῆςιι
490 2543 836 2612 ἐπιλάϐηται,
857 2545 958 2614 τὴν
993 2544 1167 2616 ψυχὴν
1209 2548 1503 2617 προήσεται
1540 2548 1822 2622 πρότερον,
1861 2547 1893 2618 ἧ

306 2624 408 2694 τῆς
432 2624 747 2696 προθέσεως
765 2627 1146 2696 ἀποστήσεται.

377 2705 541 2759 Οὕτω
578 2706 707 2774 γοῦν
743 2709 838 2760 καὶ
874 2707 1012 2778 αὕτη
1051 2709 1149 2779 τὴν
1187 2707 1348 2778 φύσιν
1384 2710 1624 2782 ἐνίκησε,
1665 2713 1760 2766 καὶ
1794 2713 1894 2784 τὴν

300 2786 563 2858 ἀνάγκην
600 2788 878 2850 ἐϐιάσατο,
899 2790 994 2841 καὶ
1032 2792 1096 2859 τῇ
1137 2790 1432 2862 προσεδρίᾳ
1467 2795 1569 2864 τῆς
1601 2795 1766 2865 εὐχῆς
1787 2797 1895 2850 ἀπὸ

305 2870 416 2940 μήτ
436 2887 534 2941 ρας
547 2871 952 2941 πεπηρωμένης
965 2871 1153 2924 τέκνον
1174 2872 1471 2944 βλαστῆσαι
1492 2878 1892 2946 παρεσκεύασε,

301 2953 406 3007 Διά
447 2954 605 3008 τοῦτο
644 2955 802 3007 πάλιν
839 2955 933 3007 ἐπὶ
960 2955 1058 3025 τὴν
1078 2954 1240 3025 εὐχὴν
1260 2956 1616 3025 καταφεύγει,
1639 2959 1734 3013 καὶ
1758 2963 1896 3031 μετά

302 3036 365 3089 τὸ
404 3036 598 3090 λαϐεῖν
630 3035 772 3089 οὕτω
807 3036 1070 3104 λέγουσα·
1106 3037 1462 3106 Ἐστερεώθη
1481 3038 1520 3104 ἠ
1542 3040 1753 3108 καρδία
1775 3061 1894 3111 μου

302 3119 376 3172 ἐν
411 3122 630 3188 Κυρίῳ,
651 3119 861 3188 ὑψώθη
897 3117 1074 3186 κέρας
1103 3135 1222 3187 μου
1255 3119 1326 3172 ἐν
1359 3119 1479 3185 Θεῷ
1503 3124 1773 3189 μου.”οτι
1796 3127 1894 3195 μὲν

261 3257 266 3261 _
303 3198 428 3267 οὖν,
449 3204 504 3256 τί
523 3204 702 3268 ἐστιν,
738 3200 1089 3268 Ἐστερεὼθη
1123 3203 1162 3270 ἡ
1197 3202 1408 3270 καρδία
1436 3221 1556 3272 μου
1589 3205 1892 3277 ὲνΚυρίφ,

306 3286 506 3357 πρώην
524 3281 678 3340 εἷπον
700 3285 838 3357 πρὸς
858 3285 957 3355 τὴν
978 3285 1248 3356 ὑμετέραν
1275 3285 1516 3356 ἀγάπην,
1541 3287 1694 3359 δῆλον
1731 3292 1888 3363 ὑμῖν·

305 3372 428 3424 νυνὶ
447 3370 503 3424 δέ
522 3371 816 3438 ἀναγκαῖον
835 3369 935 3439 τὴν
954 3367 1082 3438 ἐξῆς
1102 3369 1339 3440 ἐρμηνεῦ
1348 3387 1435 3425 σαι
1457 3371 1635 3442 ῥῆσιν.
1651 3375 1892 3432 Εἰποῦσα

311 3453 452 3527 γάρ’
490 3451 850 3522 Ἐστερεώθη
887 3453 926 3519 ἠ
965 3451 1178 3521 καρδία
1208 3470 1325 3521 μου
1345 3453 1654 3524 ὲνΚυρίῳν
1682 3460 1892 3532 ἐπήγα-

312 3550 434 3602 γεν·
473 3534 708 3605 Ὑψώθη
730 3537 906 3606 κέρας
922 3554 1040 3605 μου
1057 3536 1126 3588 ἐν
1149 3534 1269 3601 Θεῷ
1281 3554 1422 3606 μου.
1445 3537 1510 3589 Τί
1545 3540 1680 3602 ἐστι,
1703 3543 1892 3610 Κέρας

303 3638 457 3690 μου;
495 3621 606 3674 Καὶ
639 3620 748 3692 γάρ
786 3619 1021 3689 συνεχῶς
1060 3619 1230 3692 ταύτῃ
1274 3620 1538 3690 κέχρηται
1573 3626 1638 3694 τῇ
1675 3623 1816 3689 λέξει
1854 3629 1888 3699 ἡ

308 3705 524 3776 Γραφὴ,
563 3705 637 3768 ὼς
671 3706 800 3758 ὅταν
835 3704 1003 3776 λέγῃ’
1039 3702 1274 3770 Ὑψώθη
1314 3703 1493 3771 κέρας
1526 3705 1731 3769 αὐτοῦ,
1774 3709 1890 3778 καὶ,

322 3785 560 3856 ’Υψώθη
581 3787 759 3854 κέρας
775 3787 1026 3855 χριστοῦ
1049 3786 1256 3841 αὐτοῦ.
1281 3785 1344 3837 Τί
1367 3786 1483 3838 ποτ’
1505 3782 1597 3838 οὖν
1617 3786 1766 3854 λέγει
1785 3789 1890 3841 κέ-

310 3886 452 3940 ρας;
493 3870 603 3939 Τὴν
642 3867 1010 3939 δύναμιν,τὴν
1047 3867 1226 3934 δόξαν,
1248 3866 1346 3936 τὴν
1387 3868 1760 3936 περιφάνειαν,
1783 3871 1890 3923 ἀπὸ

311 3953 626 4023 μεταφορᾶς
660 3950 769 4004 τῶν
805 3950 1014 4016 ἀλόγων
1051 3947 1204 4012 ζώων
1237 3949 1370 4000 αὐτὸ
1403 3948 1646 4012 τιθείςιν
1669 3951 1761 4003 καὶ
1781 3951 1889 4023 γὰρ

306 4035 540 4098 ἐκείνοις
575 4035 695 4087 ἀντὶ
717 4033 872 4104 δόξης
891 4033 984 4086 καὶ
1003 4033 1166 4086 ὅπλου
1187 4031 1247 4084 τὸ
1267 4031 1442 4101 κέρας,
1457 4032 1616 4102 μόνον
1634 4033 1890 4104 ἐνέθηκεν

305 4116 335 4168 6
357 4119 513 4184 Θεὸς,
534 4119 638 4173 κᾶν
658 4118 969 4172 ἀποϐάλωσι
989 4116 1165 4182 τοῦτο,
1189 4116 1250 4169 τὸ
1287 4115 1448 4168 πλέον
1487 4115 1756 4170 ἀπέϐαλον
1790 4119 1890 4188 τῆς

305 4201 588 4274 δυνάμεως
608 4220 621 4233 ’
659 4202 750 4255 καὶ
771 4200 1018 4270 καθάπερ
1037 4199 1234 4262 ἄοπλος
1256 4195 1613 4268 στρατιώτης,
1635 4198 1776 4252 οὕτω
1796 4202 1889 4254 καὶ

306 4286 509 4358 ταῦρος
544 4288 712 4357 χωρὶς
748 4285 994 4355 κεράτων
1033 4283 1228 4354 ῥᾳδίως
1266 4281 1564 4334 ἁλίσκεται.
1598 4283 1763 4336 Οὐδὲν
1796 4281 1888 4339 οῦν

305 4365 398 4419 διὰ
414 4368 600 4422 τούτου
621 4368 747 4422 ἄλλο
768 4367 929 4438 φησὶν
952 4368 984 4436 ἡ
1004 4366 1162 4434 γυνὴ,
1185 4364 1299 4416 ἀλλ’
1317 4363 1372 4434 ἢ,
1393 4358 1743 4434 ὅτιὙψώθηὴ
1762 4367 1888 4432 δόξα

312 4467 436 4519 μου.
459 4452 568 4504 Καὶ
589 4462 610 4490 ε
639 4450 753 4514 πῶς
774 4448 991 4518 ύιζρόιθη;
1029 4450 1122 4500 Ἐν
1145 4446 1264 4511 Θεῷ
1279 4465 1416 4516 μου,
1441 4447 1591 4516 φησί.
1617 4449 1714 4502 Διὰ
1732 4451 1889 4505 τοῦτο

309 4537 407 4590 καὶ
444 4535 679 4603 ἀσφαλὲς
715 4533 774 4586 τὸ
811 4532 941 4600 ὕψος
970 4531 1107 4592 ἐστὶ,
1133 4529 1354 4600 βεϐαίαν
1377 4531 1470 4582 καὶ
1491 4531 1744 4601 ἀκίνητον
1763 4533 1885 4603 ἔχον

306 4619 406 4691 τὴν
428 4620 599 4690 ῥίζαν.
616 4620 681 4686 Ἥ
723 4619 817 4689 μὲν
854 4617 958 4686 γάρ
999 4615 1144 4686 παρά
1161 4615 1268 4668 τῶν
1288 4613 1384 4667 ἀνθ
1394 4613 1589 4686 ρώπων
1611 4615 1756 4682 δόξα,
1779 4618 1887 4671 τῶν

305 4701 636 4768 δοξαζόντων
675 4703 920 4771 μιμεῖται
957 4698 1055 4770 τὴν
1091 4697 1383 4759 εὐτέλειαν,
1406 4697 1526 4750 ὅθεν
1546 4700 1638 4749 καὶ
1661 4700 1888 4768 μεταπί-

308 4805 431 4841 πτει
453 4787 650 4860 ῥαδίως
670 4803 682 4815 ·
707 4786 739 4855 ἡ
779 4783 834 4836 δὲ
867 4783 960 4836 τοῦ
989 4781 1122 4834 Θεοῦ
1147 4783 1243 4850 οὐχ
1261 4779 1450 4843 οὕτως,
1477 4781 1611 4833 ἀλλά
1631 4783 1886 4852 ἀκίνητος

313 4871 461 4941 μένει
497 4870 586 4922 διὰ
622 4866 837 4929 παντός.
862 4866 969 4918 Καὶ
995 4863 1166 4917 ταῦτα
1186 4863 1469 4932 ἀμφότερα
1505 4862 1680 4931 δηλῶν
1700 4867 1728 4917 ό
1749 4883 1882 4937 προ-

308 4957 500 5026 φήτης.
526 4953 783 5021 κάκείνης
801 4949 862 5002 τὺ
881 4948 1317 5018 εὐμετάπτωτον,
1339 4947 1434 4998 καὶ
1453 4947 1657 5018 ταύτης
1695 4949 1755 5001 τὺ
1791 4951 1884 5018 μό-

305 5054 480 5107 νιμον,
502 5035 676 5098 οὕτως
707 5034 890 5101 ἔλεγε·
920 5029 1092 5084 Πᾶσα
1130 5028 1287 5095 σὰρξ
1325 5030 1558 5096 χόρτος.
1581 5031 1680 5083 καί
1717 5031 1885 5086 πᾶσα

307 5121 454 5192 [754]
466 5120 614 5184 δόξα
625 5117 940 5185 ἀνθρώπου
954 5115 1034 5179 ὠς
1049 5113 1231 5177 ἄνθος
1250 5113 1487 5179 χόρτου.
1507 5112 1832 5182 Ἑξηράνθη
1850 5117 1883 5168 ό

305 5205 536 5270 χόρτος,
558 5202 654 5255 καὶ
677 5200 743 5252 τὸ
761 5199 942 5262 ἄνθος
968 5196 1238 5259 ἐξέπεσε.
1282 5195 1356 5246 Πε
1365 5194 1418 5264 pl
1437 5193 1495 5247 δὲ
1513 5195 1610 5264 τῆς
1628 5194 1722 5248 τοῦ
1747 5196 1881 5248 Θεοῦ

304 5289 402 5356 οὐχ
432 5287 622 5350 οὕτως,
647 5282 782 5338 ἀλλά
801 5282 951 5346 πῶς;
987 5280 1058 5335 Τὸ
1076 5278 1146 5332 δὲ
1154 5278 1322 5347 ῥῆμα
1360 5277 1467 5330 τοῦ
1497 5279 1644 5333 Θεοῦ
1666 5282 1753 5344 εἰς
1776 5281 1882 5333 τὸν

304 5350 488 5425 αὶώγα
499 5370 687 5440 μένει.
712 5368 818 5420 Καὶ
836 5366 993 5435 δῆλον
1011 5364 1169 5418 τοῦτο
1187 5364 1280 5415 καὶ
1301 5361 1408 5415 ἀπὸ
1428 5361 1629 5431 ταύτης
1657 5365 1754 5433 τῆς
1786 5379 1879 5431 γυ-

303 5455 506 5520 ναικός.
538 5455 779 5515 Βασιλεῖς
811 5452 909 5522 μὲν
934 5450 1042 5522 γὰρ
1061 5450 1154 5504 καὶ
1175 5449 1469 5519 στρατηγοὶ
1488 5447 1580 5503 καὶ
1601 5447 1876 5511 δυνάσται,

363 5665 391 5726 _‘
413 5664 546 5715 Colh.
575 5669 626 5712 el
651 5664 989 5726 Reg._i&perﬁv.

369 5719 394 5755 h
414 5726 550 5775 Colb.
581 5727 676 5773 duo
698 5719 751 5771 ei
774 5719 894 5784 Βόα.
920 5724 1193 5783 μετατιθείς.

366 5790 392 5822 ⁸
417 5789 498 5837 Sic
517 5787 632 5836 Coib
675 5785 770 5834 duo
792 5779 986 5845 ειιιειε.
1015 5785 1127 5833 ΗίΡῦ
1165 5781 1326 5831 ιίιὶιιῐιει
1349 5787 1486 5831 cram
1527 5782 1577 5830 in
1611 5779 1774 5830 Edilo.

1583 353 1672 409 DE
1708 350 1894 408 ANNA
1937 350 2171 408 SERMO
2213 353 2302 410 IV.

3465 372 3572 428 σοι

2009 470 2180 525 πολλά
2222 473 2778 556 πραγματευσάμενοι
2799 474 3079 544 πολλάκις,
3098 475 3238 533 ὥστε
3258 480 3440 536 αὐτῶν
3459 484 3593 556 ἀλη-

2011 568 2134 635 στον
2153 553 2408 622 γενέσθαι
2427 555 2525 626 τὴν
2548 559 2793 628 μνήμην,
2813 560 2907 613 καὶ
2925 558 3128 629 τάφους
3148 561 3431 635 λαμπροὺς
3449 553 3593 621 οἰκο-

2008 634 2397 708 δομησάμενοι,
2419 641 2512 693 καὶ
2530 641 2852 713 ἀνδριάντας
2887 634 3313 715 ἀναστήσαντες,
3333 649 3424 700 καὶ
3444 651 3590 704 εἰκό-

2010 736 2106 781 νας
2126 719 2324 802 πολλάς
2344 722 2635 794 πολλαχοῦ,
2649 725 2742 777 καὶ
2761 725 3201 797 κατορθωμάτων
3223 729 3592 802 ὑπομνήματα

2011 801 2183 870 μυρία
2202 803 2610 871 καταλιπόντες,
2637 807 2973 877 σεσίγηνται,
2996 810 3090 862 καί
3128 811 3246 865 οὐδέ
3282 812 3391 865 ἀπὸ
3429 814 3592 884 ψιλῆς

2015 885 2386 966 προσηγορίας
2406 888 2512 940 εἰσί
2537 905 2641 940 τινι
2667 889 2951 962 γνώριμοι·
2980 890 3117 962 αῦτη
3145 893 3200 945 δέ
3225 896 3256 964 ἡ
3285 894 3420 966 γυνὴ
3448 912 3590 951 παν-

2008 965 2172 1036 ταχοῦ
2215 969 2314 1036 τῆς
2362 970 2684 1042 οἰκουμένης
2735 972 2917 1042 ᾄδεται
2955 973 3068 1026 νῦν-
3106 976 3209 1028 κᾶν
3247 979 3326 1040 εἰς
3355 965 3589 1034 Σκυθίαν

2008 1049 2272 1120 ἀπέλθῃς,
2302 1051 2403 1104 κᾶν
2428 1054 2507 1115 εἰς
2541 1053 2835 1122 Αἴγυπτον,
2876 1055 2977 1108 κᾶν
3007 1059 3086 1120 εἰς
3137 1059 3346 1124 Ἰνδοὺς,
3377 1061 3478 1115 κᾶν
3508 1064 3590 1124 εἰς

2008 1130 2148 1184 αύτά
2173 1132 2243 1218 τά
2264 1132 2599 1218 πέραταντῆς
2646 1137 2990 1208 οἰκουμένης,
3023 1140 3240 1193 πάντων
3273 1142 3481 1218 ἀκούσῃ
3519 1145 3588 1198 τὰ

2007 1213 2406 1285 κατορθώματα
2434 1216 2531 1286 τῆς
2547 1219 2806 1285 γυναικὸς
2843 1220 3045 1290 ταύτης
3078 1221 3332 1292 ᾀδόντων,
3365 1213 3587 1281 καῖ’πᾶ-

2009 1311 2106 1348 σαν
2142 1295 2348 1381 ἀπλώς,
2369 1297 2501 1367 ὅσην
2539 1298 2688 1381 ᾕλιος
2719 1301 2890 1372 ἐφορᾷ
2906 1301 3030 1372 γῆν,
3055 1306 3088 1375 ὴ
3119 1304 3242 1368 δόξα
3265 1309 3364 1376 τῆς
3388 1309 3588 1381 Ἀννης

2007 1378 2429 1450 καταλαμϐάνει.
2453 1380 2562 1434 Καὶ
2577 1382 2636 1434 ού
2667 1381 2823 1435 τοῦτο
2847 1382 3007 1452 μόνον
3028 1385 3145 1437 ἐστί
3172 1386 3232 1438 τὸ
3251 1378 3582 1458 θαυμαστὸν,

2006 1460 2088 1516 ὅτι
2120 1461 2394 1532 πανταχοῦ
2425 1463 2524 1533 τῆς
2557 1465 2880 1537 οἰκουμένης
2897 1466 3078 1536 ᾅδεται
3109 1470 3142 1538 ή
3171 1470 3330 1539 γυνὴ,
3359 1471 3473 1524 ἀλλ’
3503 1473 3587 1527 ὅτι

2003 1543 2260 1597 τοσούτου
2294 1545 2656 1616 παρελθόντος
2684 1547 2898 1618 χρόνου,
2933 1549 2994 1601 ού
3033 1549 3191 1620 μόνον
3216 1552 3314 1603 οὑκ
3352 1551 3586 1625 ἐσϐέσθη

2003 1625 2072 1678 τά
2109 1626 2209 1696 τῆς
2239 1627 2515 1698 εὐφημίας
2545 1629 2734 1700 αὐτῆς,
2769 1629 2904 1682 ἀλλά
2936 1630 3029 1683 καὶ
3062 1631 3282 1695 αὔξεται
3329 1635 3424 1686 καί¹
3467 1635 3588 1688 ἐπι-

2004 1707 2239 1761 τείνεται
2280 1710 2456 1780 πολλῷ
2482 1711 2663 1774 πλέον,
2694 1714 2787 1766 καὶ
2827 1713 2926 1783 τὴν
2949 1715 3260 1784 φιλοσοφίαν
3298 1717 3467 1788 αὐτῆς
3490 1721 3584 1772 καὶ

2003 1791 2102 1860 τὴν
2125 1790 2399 1862 ὑπομονὴν
2427 1795 2518 1846 καὶ
2531 1796 2629 1865 τὴν
2649 1795 2940 1865 καρτερίαν
2958 1795 3195 1872 ἅπαντες
3224 1799 3388 1861 ίσασι,
3413 1801 3506 1853 καὶ
3526 1803 3583 1855 ἐν

2006 1872 2192 1926 πόλεσι
2225 1875 2317 1927 καὶ
2347 1877 2404 1927 ἐν
2434 1877 2646 1948 ἀγροῖς,
2673 1878 2769 1930 καὶ
2812 1880 2867 1930 ἐν
2897 1879 3112 1942 οἰκίαις,
3141 1881 3232 1932 καί
3264 1884 3321 1934 ἐν
3357 1899 3582 1954 στρατο-

2004 1955 2202 2020 πέδοις,
2233 1957 2327 2010 καὶ
2362 1960 2418 2010 ἐν
2453 1959 2678 2023 πλοίοις,
2706 1961 2800 2013 καὶ
2827 1963 2885 2014 ἐν
2916 1961 3314 2033 ἐργαστηρίοις,
3340 1967 3434 2017 καὶ
3451 1983 3585 2018 παν-

2003 2039 2168 2108 ταχοῦ
2201 2041 2301 2110 τῆς
2329 2042 2585 2110 γυναικὸς
2616 2044 3101 2115 ἐγκωμιαζομένης
3126 2046 3334 2120 ἀκούσῃ
3357 2046 3580 2118 ταύτης.

2006 2121 2173 2175 Ὅταν
2201 2123 2309 2194 γάρ
2339 2124 2513 2189 όΘεός
2543 2143 2665 2178 τινα
2682 2125 2900 2189 δοξάσαι
2935 2126 3188 2198 βουληθῇ,
3223 2128 3326 2182 κᾶν
3357 2128 3585 2195 θάνατος

2003 2207 2344 2276 ἐπιγένηται,
2380 2207 2482 2261 κᾶν
2512 2208 2703 2278 χρόνου
2729 2209 2952 2279 πλῆθος,
2984 2209 3083 2262 κᾶν
3114 2210 3241 2263 ἄλλο
3263 2211 3463 2273 ὁτιοῦν,
3489 2213 3584 2283 μέ-

2002 2305 2080 2340 νει
2111 2288 2178 2344 τά
2213 2288 2311 2358 τῆς
2330 2288 2488 2360 δόξης
2521 2289 2736 2359 ἐκείνης
2765 2289 3031 2344 ἀνθοῦντα
3055 2291 3340 2362 διηνεκῶς,
3365 2295 3458 2346 καὶ
3492 2296 3584 2348 ού-

2000 2366 2111 2434 δεὶς
2136 2371 2494 2442 ἐπισκοτῆσαι
2545 2371 2573 2408 ει
2614 2375 2679 2443 τῇ
2722 2374 3048 2444 περιφανείᾳ
3075 2375 3244 2446 ταύτῃ
3276 2374 3580 2448 δυνήσεται.

2001 2453 2098 2506 Διά
2127 2453 2283 2508 τοῦτο
2311 2454 2406 2508 καὶ
2427 2454 2564 2526 αὐτὴ
2593 2457 2923 2508 παιδεύουσα
2951 2457 3076 2520 τοὺς
3097 2456 3392 2521 ἀκούοντας
3413 2459 3584 2513 ἀπαν-

2000 2554 2116 2600 τας,
2167 2536 2333 2590 ὅτιού
2381 2537 2486 2608 χρὴ
2548 2537 2913 2607 καταφεύγειν
2944 2542 3054 2603 τοῖς
3102 2542 3406 2612 ἐπικήροις,
3466 2545 3582 2597 ἀλλ’

1999 2619 2120 2673 ὅθεν
2153 2619 2343 2690 βέϐαια
2373 2621 2469 2673 καὶ
2497 2621 2727 2691 ἀκίνητα
2752 2623 2883 2692 ἡμῖν
2919 2622 3070 2691 μένει
3109 2623 3176 2677 τὰ
3230 2625 3430 2692 ἀγαθὰ,
3459 2623 3580 2680 εἷπε

1997 2702 2088 2755 τὸν
2113 2702 2214 2770 τῆς
2253 2702 2412 2774 δόξης
2438 2704 2626 2756 αἰτιον.
2661 2703 2902 2757 Είποῦσα
2953 2704 3078 2777 γάρ,
3108 2706 3187 2759 ὅτι
3230 2708 3579 2778 Ἐστερεώθη

1999 2786 2037 2853 ἡ
2063 2784 2273 2853 καρδία
2292 2803 2412 2853 μου
2450 2786 2519 2838 ἐν
2550 2785 2766 2854 Κυρίῳ,
2805 2788 3102 2858 ἐπήγαγεν,
3142 2788 3380 2858 ’Υψώθη
3403 2793 3582 2860 κέρας

1993 2885 2112 2936 μου
2140 2868 2210 2921 ἐν
2235 2867 2356 2932 Θεῷ
2391 2885 2527 2934 μου,
2559 2867 2737 2930 ,διπλᾶ
2782 2869 3014 2922 ἐνταῦθα
3065 2872 3199 2940 ἡμῖν
3239 2874 3582 2946 αἰνιττομένη

1999 2949 2066 3002 τὰ
2080 2949 2281 3016 ἀγαθὰ,
2304 2950 2448 3020 ἆπερ
2475 2948 2731 3002 δύσκολον
2750 2950 3068 3020 συμϐαίνειν
3091 2954 3318 3022 ταχέως.
3349 2957 3456 3008 Καὶ
3472 2957 3581 3026 γὰρ

1997 3030 2090 3084 τοῦ
2117 3032 2302 3097 σάλου,
2320 3032 2504 3102 φησὶν,
2529 3032 2871 3104 ἀπηλλάγην,
2889 3033 2983 3085 καὶ
3014 3034 3114 3104 τὴν
3140 3036 3363 3105 ἀτιμίαν
3383 3038 3582 3092 ἀπεθέ-

2001 3131 2128 3183 μην,
2162 3116 2256 3168 καὶ
2305 3114 2604 3182 ἀσφαλείας
2647 3115 2950 3177 ἀπέλαυσα,
2988 3117 3080 3168 καί¹
3111 3115 3268 3188 δόξης
3298 3120 3578 3192 μετέσχον.

1998 3196 2183 3250 Ταῦτα
2209 3197 2266 3250 δὲ
2309 3197 2595 3268 ἀμφότερα
2624 3199 2725 3251 οὐκ
2757 3197 2822 3250 ἀν
2859 3215 2941 3262 τις
2970 3199 3070 3252 ίδοι
3097 3201 3298 3270 ῥαδίως
3333 3202 3581 3274 ἀλλήλοις

1998 3296 2125 3333 συντ
2135 3279 2375 3350 ρέχοντα.
2403 3281 2594 3334 Πολλοὶ
2611 3280 2719 3352 γὰρ
2735 3279 2993 3335 κινδύνων
3013 3280 3110 3352 μὲν
3126 3282 3578 3349 ἀπαλλάττονται,

1996 3362 2239 3427 ἐπίδοξον
2271 3365 2327 3417 δέ
2355 3365 2454 3418 οὐκ
2484 3365 2667 3436 ἔχουσι
2716 3363 2850 3434 βίον·
2882 3365 3058 3436 ἕτεροι
3107 3365 3265 3419 πάλιν
3294 3365 3450 3440 δόξης
3481 3369 3579 3438 μὲν

1994 3447 2324 3500 ἀπολαύουσι
2355 3448 2450 3501 καὶ
2475 3447 2854 3518 περιφανείας,
2895 3447 3227 3501 κινδυνεύειν
3257 3447 3314 3500 δέ
3341 3451 3581 3517 ἀναγκά-

1994 3531 2174 3598 ζονται
2203 3531 2292 3585 διὰ
2323 3531 2421 3603 τὴν
2466 3531 2622 3598 δόξαν
2675 3530 2896 3602 ταύτην.
2932 3525 3055 3585 υἷόν
3092 3548 3143 3584 τι
3197 3531 3358 3600 λέγω·
3395 3534 3580 3589 πολλοὶ

1993 3615 2252 3677 πολλάκις
2268 3615 2327 3667 τὸ
2355 3615 2724 3685 δεσμωτήριον
2753 3616 3092 3684 οἰκήσαντες,
3123 3617 3299 3684 μοιχοὶ
3329 3617 3422 3669 καὶ
3447 3619 3578 3689 γόη-

1991 3715 2083 3761 τες
2099 3698 2193 3750 καῖ
2208 3696 2578 3766 τυμϐωρύχοι,
2611 3697 2705 3748 καὶ
2734 3699 2780 3748 οἰ
2806 3697 2969 3766 ἕτερά
2995 3713 3114 3748 τινα
3140 3697 3363 3750 τοιαῦτα
3399 3700 3576 3771 ἡμαρ-

1993 3779 2244 3847 τηκότες,
2297 3773 2415 3828 εἷτα
2463 3777 2570 3829 ἀπό
2633 3795 2779 3838 τινος
2831 3777 3240 3847 φιλανθρωπίας
3295 3777 3577 3850 βασιλικῆς

1994 3859 2274 3928 ἀφέθησαν
2327 3857 2420 3909 τοῦ
2473 3859 2790 3927 οἰκήματοςο
2841 3852 2988 3910 οῦτοι
3031 3860 3131 3928 τῆς
3163 3859 3436 3923 κολάσεως
3477 3863 3576 3931 μὲν

1993 3941 2411 4012 ἀπηλλάγησαν,
2442 3939 2512 3992 τὰ
2538 3941 2594 3992 δέ
2645 3941 2822 4007 ὀνείδη
2874 3942 2973 3994 ούκ
3021 3943 3409 4014 ἀπετρίψαντο,
3459 3946 3575 3998 ἀλλ’

1993 4024 2173 4093 έχουσι
2208 4024 2304 4094 τὴν
2333 4021 2595 4093 αἰσχύνην
2638 4024 2913 4094 ἑπομένην
2964 4024 3166 4087 αὐτοῖς.
3202 4024 3382 4077 Ἀλλοι
3409 4043 3575 4096 στρα-

1991 4105 2180 4158 τιῶεαι
2206 4107 2441 4173 γενναῖοι
2476 4106 2566 4158 τὸν
2593 4104 2838 4170 ἐπίδοξον
2878 4107 2972 4159 καὶ
3001 4111 3270 4178 περιφανῆ
3311 4108 3421 4178 βίον
3447 4109 3573 4162 διώ-

1993 4207 2179 4252 κοντες
2219 4200 2264 4250 θ,
2297 4188 2684 4259 ῥιψοκινδύνως
2709 4189 2934 4252 ἑαυτοὺς
2963 4192 3074 4252 τοῖς
3105 4190 3380 4260 πολεμίοις
3397 4192 3574 4245 ἐνδόν-

1992 4290 2101 4335 τες.
2139 4272 2307 4325 πολλὰ
2359 4272 2616 4336 πολλάκις
2661 4271 2852 4326 ἔλαϐον
2886 4273 3195 4344 τραύματα,
3226 4275 3320 4327 καὶ
3349 4274 3574 4345 ἔσχατον

1990 4355 2166 4424 ἄωρον
2197 4355 2508 4423 ὑπέστησαν
2544 4354 2804 4408 θάνατον’
2835 4353 2979 4410 οὗτοι
3008 4356 3164 4428 δόξης
3195 4355 3572 4429 ἐπιθυμήσαν-

1991 4455 2098 4501 τες,
2128 4436 2421 4504 ἀσφαλείας
2453 4436 2724 4500 ἐξέπεσον.

2058 4519 2119 4573 δ’.
2140 4521 2261 4572 Ἐπὶ
2276 4521 2329 4572 δὲ
2351 4522 2447 4588 τῆς
2465 4521 2722 4587 γυναικὸς
2739 4520 3021 4591 ἀμφότερα
3042 4521 3214 4574 ταῦτα
3243 4523 3459 4592 συνέϐη,
3481 4525 3574 4578 καὶ

1991 4601 2287 4670 ἀσφαλείας
2316 4602 2590 4654 ἀπέλαυσε
2621 4603 2714 4654 καί
2759 4602 2918 4671 δόξης
2965 4606 3241 4672 ἐπέτυχεν.
3273 4604 3430 4656 Οὕτω
3482 4609 3572 4658 καὶ

1989 4685 2207 4737 ἐπὶτῶν
2223 4684 2390 4756 τριῶν
2411 4685 2618 4736 παίδων
2644 4683 2877 4751 ἐγένετο·
2900 4686 2990 4736 καὶ
3005 4683 3114 4754 γὰρ
3143 4684 3401 4736 κινδύνων
3421 4685 3572 4758 [7531

1988 4767 2380 4839 ἀπηλλάγησαν
2426 4767 2778 4836 διαφυγόντες
2828 4767 2890 4818 τὸ
2923 4765 3054 4835 πῦρ,
3113 4766 3207 4818 καὶ
3254 4771 3571 4835 περιφανεῖς

1989 4851 2253 4917 ἐγένοντο,
2290 4851 2428 4922 ὑπὲρ
2464 4850 2623 4918 φύσιν
2671 4851 2766 4902 τοῦ
2799 4850 3060 4919 στοιχείου
3104 4850 3426 4918 νικήσαντες
3471 4852 3570 4921 τὴν

1987 4934 2234 5004 δύναμιν.
2281 4935 2516 4986 Τοιαῦτα
2564 4934 2657 4986 τοῦ
2711 4932 2846 4986 Θεοῦ
2879 4933 2948 4984 τά
2985 4930 3398 5002 κατορθώματα·
3432 4931 3569 5003 ὁμοῦ

1987 5017 2094 5088 γὰρ
2120 5017 2368 5087 λαμπρὸν
2399 5018 2492 5070 καὶ
2526 5016 2744 5086 ἀσφαλῆ
2796 5015 3077 5086 χαρίζεται
3103 5015 3237 5084 βίον.
3269 5015 3448 5085 ’Ἀπερ
3476 5012 3568 5068 οὖν

1985 5099 2267 5169 ἀμφότερα
2296 5100 2388 5152 καὶ
2421 5100 2557 5170 αῦτη
2588 5098 2930 5168 αἰνιττομένη
2959 5097 3160 5164 ἔλεγεν.
3208 5099 3566 5168 Ἐστερεώθη

1987 5183 2024 5250 ἡ
2059 5182 2272 5250 καρδία
2293 5202 2412 5252 μου
2435 5185 2504 5237 ἐν
2529 5183 2740 5250 Κιξρίφ,
2763 5181 2972 5250 ὑψώθη
3001 5181 3178 5247 κέρας
3195 5198 3314 5249 μου
3352 5180 3420 5230 ἐν
3446 5180 3569 5245 Θεῷ

1980 5281 2119 5332 μου.
2157 5267 2267 5337 θύχ
2295 5266 2478 5329 ἁπλῶς
2507 5261 2800 5330 εἴπεν,Ἐν⁵
2831 5263 2972 5328 Θεῷ,
3003 5263 3137 5326 ἀλλ’,
3156 5264 3251 5314 Ἐν
3281 5260 3401 5325 Θεῴ
3423 5279 3563 5328 μου,

1983 5348 2074 5398 τὸν
2097 5348 2275 5402 κοινὸν
2303 5349 2400 5418 τῆς
2429 5349 2749 5419 οἰκουμένης
2787 5349 3060 5416 Δεσπότην
3086 5345 3404 5414 ἀρπάζουσα
3431 5343 3564 5414 πρὸς

1984 5431 2200 5492 ἑαυτήν.
2227 5431 2397 5486 Τοῦτο
2435 5432 2491 5487 δὲ
2525 5433 2798 5502 ἐποίησεν.
2819 5431 2918 5482 οὐκ
2947 5426 3243 5481 ἐλαττοῦσα
3273 5426 3435 5480 αὐτοῦ
3465 5427 3565 5499 τὴν

2045 5706 2070 5746 ἀ
2099 5711 2218 5770 Reg.
2248 5710 2564 5758 ἐπισκοτίσαι.
2672 5765 2711 5770 Α,
2866 5767 2876 5770 _
2953 5765 2966 5770 _
3103 5765 3112 5770 _
3163 5739 3179 5770 ,ί

2050 5780 2071 5808 θ
2099 5765 2218 5835 Rei.
2243 5771 2342 5832 βίον
2375 5771 2640 5820 αἰδούμενοι
2665 5765 2808 5830 (forte
2833 5765 3120 5824 airoﬁpwon
3154 5765 3251 5829 ῥιψ.
