4094 6256
350 385 474 446 ’665

352 501 664 558 dominium
707 500 977 561 minuens,
1007 491 1100 547 sed
1144 505 1296 545 suum
1343 502 1579 544 amorem
1611 487 1848 541 indicans
1882 499 1944 537 ac

355 596 577 651 fovens.
604 592 691 648 Sic
735 589 878 661 enim
916 596 1178 640 amatores
1222 583 1438 637 solent:
1473 594 1577 633 non
1626 578 1800 633 ferunt
1844 589 1948 629 una

358 702 491 741 cum
524 683 705 739 multis
733 692 932 744 amare,
979 676 1071 730 sed
1097 675 1346 728 eximium
1387 669 1667 740 quemdam
1694 682 1757 721 ac
1786 681 1949 735 pecu-

358 777 558 832 liarem
607 786 841 827 amorem
888 783 997 839 prae
1039 782 1097 821 se
1139 766 1280 819 ferre
1306 763 1510 817 volunt.
1557 759 1648 814 Sic
1688 767 1742 811 et
1784 755 1946 809 David

357 869 599 933 dicebat,
630 864 787 927 Deus,
816 861 952 915 Deus
980 875 1138 921 meus,
1166 857 1233 908 ad
1257 866 1302 908 te
1324 870 1468 906 mane
1487 852 1635 920 vigilo
1660 848 1827 919 (Psal.
1856 845 1943 899 62.

358 959 445 1029 1).
481 956 763 1012 Noniinata
790 951 933 1007 enim
959 946 1225 1003 communi
1253 945 1369 1013 ejus
1389 941 1768 1002 dominatione,
1797 935 1947 990 addi-

357 1026 444 1106 dit
471 1062 590 1102 eam
628 1060 731 1114 qua
776 1040 1113 1111 peculiariter
1137 1046 1441 1090 sanctorum
1470 1031 1724 1085 Dominus
1753 1036 1851 1081 est.
1880 1026 1948 1078 Et

360 1154 603 1201 rursum,
639 1135 771 1189 Deus
796 1149 955 1190 meus.
1002 1128 1200 1183 intende
1229 1128 1417 1188 inme;
1446 1138 1602 1192 quare
1642 1116 1947 1187 dereliquisti

358 1249 450 1284 me
472 1229 644 1301 (Psal.
674 1227 765 1280 2|.
804 1223 900 1296 l)?
930 1223 995 1276 Et
1020 1234 1252 1285 rursum,
1281 1215 1461 1269 Dicam
1504 1212 1631 1275 Deo,
1683 1210 1947 1264 Protector

358 1336 511 1373 meus
534 1335 585 1372 es
615 1314 784 1387 (Psal.
809 1313 896 1367 90.
916 1311 974 1380 2)
1001 1332 1013 1365 :
1036 1311 1225 1363 anima:
1245 1308 1387 1361 enim
1414 1303 1666 1358 ferventis
1684 1312 1948 1387 accensu-

360 1426 475 1480 que
520 1378 785 1462 desiderio
812 1412 935 1457 sunt
959 1378 1093 1455 haec
1136 1399 1316 1454 verba.
1349 1395 1493 1450 Idem
1520 1401 1575 1448 et
1615 1391 1730 1445 haec
1758 1378 1948 1443 mtilicr

362 1499 518 1554 fecit.
543 1494 805 1551 C:eterum
833 1492 1074 1547 homines
1103 1489 1175 1543 ita
1204 1488 1373 1541 facere
1402 1482 1534 1545 nihil
1560 1482 1787 1536 mirum:
1825 1492 1947 1533 cum

362 1604 500 1645 vero
542 1589 708 1642 Deum
754 1586 855 1638 hoc
903 1584 1074 1651 ipsum
1122 1578 1294 1633 facere
1343 1574 1557 1638 videris,
1610 1582 1719 1626 tum
1760 1569 1948 1623 merito

362 1676 717 1747 ohstupeﬁas.
747 1669 1201 1741 Quemadmodum
1225 1668 1365 1721 enim
1387 1665 1442 1720 hi
1467 1666 1646 1718 nonin
1667 1674 1948 1715 commune

364 1769 520 1822 illum
569 1767 836 1828 invocant,
880 1760 1149 1831 proprium
1209 1755 1469 1820 faciendo,
1499 1768 1655 1807 suum
1680 1766 1801 1806 eum
1829 1764 1949 1804 esse

363 1862 558 1916 volunt
592 1880 605 1914 :
635 1860 706 1912 ita
733 1866 787 1911 et
833 1856 944 1925 ipse
984 1867 1089 1907 non
1117 1852 1289 1906 solum
1316 1846 1668 1902 communiter
1696 1858 1796 1896 una
1826 1857 1947 1896 cum

363 1951 491 2005 aliis
514 1964 699 2005 eorum
744 1946 905 2001 etiam
951 1944 1119 1997 Deum
1146 1955 1205 1995 se
1246 1938 1541 2007 proﬁtetur,
1581 1933 1677 1989 sed
1704 1932 1949 2002 privatim

365 2044 626 2112 ipsorum.
656 2039 987 2107 QuaprOptcr
1014 2033 1244 2096 dicebat,
1271 2030 1381 2101 Ego
1405 2045 1515 2083 sum
1536 2026 1672 2080 Deus
1696 2025 1950 2077 Abraham

366 2146 417 2190 et
450 2133 603 2189 Isaac
624 2142 669 2186 et
697 2131 858 2185 .lacob
888 2128 1079 2197 (Exod.
1102 2127 1155 2179 5.
1183 2122 1237 2194 6)
1272 2141 1284 2177 :
1318 2137 1422 2176 non
1452 2119 1771 2176 contrahens
1794 2132 1950 2171 suum

369 2225 682 2295 imperium,
715 2221 808 2275 sed
834 2218 1124 2273 extendens
1153 2214 1361 2284 potius;
1391 2227 1498 2266 non
1524 2211 1664 2265 enim
1685 2218 1792 2262 tam
1810 2208 1949 2261 mul-

370 2316 602 2370 titudine
649 2311 999 2372 subditorum,
1037 2321 1193 2376 quam
1238 2319 1421 2359 eorum
1450 2303 1644 2355 virtute
1693 2305 1952 2353 monstrat

370 2406 657 2477 imperium
700 2419 892 2466 suum;
944 2414 1113 2469 neque
1152 2407 1351 2452 tantum
1398 2395 1538 2449 Deus
1579 2391 1715 2453 cazli,
1757 2399 1949 2454 terrm,

363 2498 539 2552 maris
564 2506 617 2551 et
657 2509 841 2549 eorum
869 2506 988 2559 qua:
1029 2491 1080 2544 in
1129 2488 1207 2542 eis
1250 2494 1372 2540 sunt
1418 2481 1670 2553 appellari
1716 2478 1907 2549 gaudet
1934 2517 1948 2543 ,

362 2596 626 2656 quantum
658 2584 703 2638 si
727 2585 865 2637 Deus
892 2580 1158 2635 Abraham
1189 2588 1242 2632 et
1270 2575 1414 2629 lsaac
1443 2582 1498 2629 et
1523 2571 1687 2627 Jacob
1713 2578 1947 2624 vocetur.

362 2678 434 2732 Et
471 2675 611 2746 quod
650 2675 703 2728 in
735 2672 1036 2727 hominibus
1074 2684 1177 2722 non
1223 2667 1475 2731 solemus,
1525 2662 1576 2716 in
1619 2662 1727 2715 Deo
1772 2659 1951 2713 videre

365 2769 522 2822 licet.
559 2764 795 2833 Exempli
827 2777 983 2817 causa
1015 2782 1028 2816 :
1060 2759 1195 2829 apud
1226 2757 1467 2811 homines
1491 2770 1519 2808 a
1550 2752 1780 2808 dominis
1812 2750 1951 2805 servi

365 2856 789 2926 appellationem
816 2862 1050 2914 sumunt,
1100 2861 1151 2905 et
1180 2851 1248 2902 ita
1279 2862 1466 2902 omnes
1512 2861 1577 2900 ex
1603 2858 1750 2897 more
1777 2841 1951 2910 loqui-

367 2964 500 3003 mur
532 2968 545 3001 :
579 2945 670 2999 llle
699 2944 784 2999 vel
828 2945 914 2997 ille
956 2950 1265 3012 procurator
1292 2946 1385 2992 aut
1412 2937 1746 3004 dispensator
1774 2932 1949 2997 illius,

371 3037 464 3091 vel
495 3035 633 3089 illius
660 3032 810 3087 ducis
828 3042 881 3087 et
908 3030 1139 3100 prmfecti
1170 3043 1182 3077 :
1218 3042 1373 3081 nemo
1398 3034 1575 3079 autem
1599 3023 1675 3075 sic
1700 3021 1948 3089 loquitur,

375 3130 477 3184 Ille
507 3127 588 3181 vel
613 3126 701 3180 ille
718 3123 1005 3193 praefectus
1024 3124 1168 3178 illius
1186 3114 1542 3189 procuratoris
1568 3124 1657 3169 aut
1677 3114 1954 3181 dispensa-

375 3221 512 3273 toris
543 3239 556 3272 :
584 3216 677 3271 sed
707 3216 943 3269 minores
984 3229 1013 3264 a
1044 3209 1333 3279 majoribus
1362 3221 1573 3275 semper
1608 3202 1951 3258 denominare

375 3307 772 3363 consuevimus.
806 3304 883 3358 De
922 3303 1030 3356 Deo
1055 3310 1233 3355 autem
1271 3307 1452 3353 contra
1498 3296 1556 3349 ﬁt
1590 3316 1602 3348 :
1630 3308 1738 3347 non
1782 3289 1951 3344 solum

379 3402 527 3457 enim
558 3398 822 3454 Abraham
866 3395 958 3449 Dei
988 3409 1127 3457 esse,
1176 3391 1268 3445 sed
1297 3390 1437 3444 Deus
1479 3388 1636 3443 etiam
1668 3379 1953 3438 Abrahami

380 3492 606 3555 dicitur,
636 3496 794 3558 atque
826 3488 893 3541 ita
932 3485 1185 3540 Dominus
1222 3498 1251 3535 a
1295 3495 1448 3536 servo
1493 3477 1809 3534 nominatur.
1845 3473 1955 3528 lloc

383 3583 523 3637 idem
568 3581 725 3651 igitur
771 3588 825 3634 et
866 3579 1060 3634 Paulus
1105 3590 1223 3629 cum
1268 3572 1649 3632 admiraretur,
1697 3565 1951 3621 dicebat:

384 3675 717 3739 Quamobrem
757 3689 858 3725 non
907 3670 1147 3724 erubescit
1200 3665 1336 3719 Deus
1378 3664 1542 3718 vocari
1568 3661 1703 3714 Deus
1732 3661 1954 3727 ipsorum

384 3766 571 3837 (Hebr.
617 3766 703 3818 11.
748 3761 859 3831 16).
908 3761 1023 3814 Non
1068 3757 1352 3819 erubescit,
1399 3752 1585 3821 inquit,
1637 3750 1887 3802 Dominus
1925 3759 1955 3798 a

384 3856 556 3910 servis
581 3854 992 3924 appellationem
1023 3862 1253 3903 sumere.
1298 3844 1471 3909 Quare
1520 3855 1624 3893 non
1654 3834 1957 3891 erubescit?

384 3946 470 3999 die
498 3944 777 3999 rationem.
810 3940 1065 3994 Nimirum
1095 3946 1151 3990 ut
1176 3944 1230 3989 et
1253 3948 1348 3987 nos
1375 3947 1497 3985 cum
1518 3930 1799 3982 imitemur.
1828 3925 1959 3989 Quia

385 4034 605 4102 hospites
630 4040 789 4094 erant,
824 4028 1010 4098 inquit,
1041 4037 1086 4080 et
1129 4027 1332 4079 advena:
1360 4020 1516 4094 (Ibid.
1550 4036 1596 4073 υ.
1647 4018 1759 4086 15).
1803 4014 1959 4083 Atqui

385 4125 468 4178 vel
499 4124 568 4177 ob
591 4124 693 4177 hoc
715 4123 884 4191 ipsum
910 4120 1226 4173 erubescere
1252 4112 1527 4183 oportebat
1561 4129 1573 4164 :
1603 4110 1793 4177 hospes
1818 4106 1958 4160 enim

386 4216 507 4270 vilis
536 4225 590 4270 et
614 4212 1035 4268 contemnendus
1063 4224 1182 4264 esse
1213 4207 1436 4261 videtur.
1456 4204 1527 4258 At
1552 4202 1629 4255 illi
1660 4198 1825 4255 sancti
1853 4210 1958 4250 non

385 4322 453 4361 eo
478 4305 637 4360 modo
685 4302 924 4372 hospites
950 4310 1121 4367 erant,
1150 4313 1255 4369 quo
1303 4312 1400 4351 nos
1441 4303 1706 4365 putamus,
1735 4289 1828 4343 sed
1858 4287 1962 4340 alio

386 4396 618 4466 quodam
662 4394 879 4448 minime
906 4391 1127 4461 vulgari.
1157 4389 1264 4443 Nos
1306 4386 1542 4455 hospites
1568 4396 1661 4438 eos
1694 4378 1964 4449 appellare

391 4485 648 4548 solemus,
680 4484 767 4551 qui
797 4482 983 4535 relicta
1013 4494 1103 4533 sua
1135 4478 1300 4547 patria
1332 4475 1384 4529 in
1429 4474 1654 4529 alienam
1696 4470 1963 4538 regionem

394 4575 709 4644 perveniunt
732 4595 744 4628 :
769 4573 842 4627 illi
866 4588 995 4627 vero
1022 4586 1126 4625 non
1156 4571 1224 4623 ita
1252 4577 1403 4622 erant
1430 4566 1683 4634 hospites,
1713 4561 1803 4615 sed
1825 4557 1966 4629 quod

393 4664 577 4718 orbem
621 4662 932 4716 universum
975 4660 1331 4729 despicerent,
1375 4665 1430 4711 et
1475 4668 1690 4723 parvam
1725 4654 1969 4720 putarent

393 4769 511 4809 esse
541 4761 758 4814 terram,
781 4751 846 4805 ad
861 4750 1127 4804 caelestem
1150 4749 1290 4803 illam
1308 4747 1573 4803 civitatem
1592 4742 1966 4811 respiciebant,

394 4858 499 4897 non
528 4843 849 4912 arrogantia,
892 4841 985 4897 sed
1011 4838 1443 4909 magnanimitate
1467 4853 1482 4902 ;
1510 4851 1615 4891 non
1649 4832 1928 4888 insolentia
1948 4871 1965 4898 ,

394 4939 490 4990 sed
528 4946 746 5006 propter
770 4935 1044 5003 sapientia:
1068 4932 1322 4988 studium.
1352 4931 1636 4998 Postquam
1668 4927 1807 4981 enim
1838 4938 1969 4978 con-

397 5026 633 5096 templati
663 5034 785 5079 sunt
828 5035 1036 5078 terrena
1066 5024 1344 5087 universa,
1388 5030 1443 5075 et
1484 5019 1971 5074 animadverterunt

399 5117 538 5172 fluxa
565 5132 684 5172 esse
709 5125 764 5171 et
787 5115 1053 5179 mortalia,
1083 5129 1184 5169 nec
1210 5112 1493 5183 quidquam
1527 5110 1617 5164 hic
1638 5111 1843 5163 firmum
1882 5115 1974 5161 aut

399 5210 607 5273 stabile,
653 5223 757 5262 non
801 5207 1040 5272 divitias,
1073 5220 1176 5260 non
1219 5204 1505 5275 potentiam
1528 5244 1543 5268 ,
1574 5216 1678 5254 non
1710 5200 1927 5269 gloriam
1952 5239 1969 5265 ,

400 5317 504 5354 non
536 5301 696 5352 vitam
742 5300 930 5366 ipsam,
957 5298 1049 5351 sed
1091 5296 1295 5365 singula
1344 5295 1501 5347 ﬁnem
1552 5292 1767 5355 habere,
1813 5299 1865 5343 et
1906 5288 1972 5343 ad

401 5405 553 5445 suum
596 5388 841 5458 quodque
882 5402 1166 5456 properare
1209 5387 1492 5440 terminum
1530 5383 1801 5438 :cmlestia
1848 5395 1974 5434 vero

401 5497 508 5536 non
529 5482 672 5547 talia,
692 5481 785 5535 sed
808 5480 1008 5534 inﬁnita
1032 5479 1469 5547 immortaliaque,
1486 5476 1787 5531 maluerunt
1804 5474 1976 5540 hospi-

402 5579 487 5628 tes
512 5585 631 5624 esse
674 5570 727 5624 in
756 5570 917 5625 rebus
945 5569 1098 5624 ﬂuxis
1128 5576 1183 5624 et
1220 5564 1737 5638 praeterlabentibus,
1770 5572 1827 5617 ut
1855 5578 1976 5631 per-

402 5670 681 5717 manentes
708 5662 825 5715 illas
854 5661 1063 5730 assequi
1084 5668 1320 5730 possent.
1350 5656 1599 5725 Hospites
1626 5656 1782 5725 igitur
1803 5662 1975 5719 erant,

410 5765 514 5807 non
551 5749 689 5822 quod
718 5750 935 5820 patriam
967 5767 1069 5806 non
1099 5749 1377 5817 haberent,
1408 5746 1499 5804 sed
1527 5745 1667 5818 quod
1692 5745 1973 5815 sempiter-

1647 375 1733 429 DE
1771 371 1950 427 ANNA
1980 369 2208 427 SERMO
2248 372 2330 425 lY.

3527 382 3630 437 666

2055 501 2177 540 nam
2203 487 2344 540 illam
2368 489 2589 557 patriam
2611 489 2993 548 desiderarent.
3024 492 3174 559 Quod
3195 494 3410 565 quidem
3433 508 3487 552 et
3515 504 3626 567 ipse

2051 577 2395 643 significando
2436 578 2643 633 dicebat
2676 597 2688 633 :
2726 582 2824 646 Qui
2859 592 3021 637 autem
3063 584 3184 638 (alia
3212 587 3501 654 loquuntur,
3531 607 3623 657 pa-

2055 665 2202 717 triam
2229 682 2282 718 se
2304 668 2554 737 requirere
2576 671 2839 724 ostendunt
2871 670 3050 741 (Hebr.
3086 675 3172 728 11.
3221 675 3429 747 14-16).
3456 676 3622 742 Quam

2056 756 2299 823 patriam,
2326 758 2593 813 obsecro?
2621 776 2745 813 num
2784 762 3012 830 priorem
3041 764 3180 819 illam
3212 782 3368 835 quam
3400 768 3601 837 relique

2056 848 2221 947 runt?
2248 849 2478 947 Minime,
2506 851 2674 919 inquit
2704 873 2716 907 :
2751 854 2811 907 Si
2854 856 2984 907 enim
3027 857 3164 911 illius
3198 858 3585 913 recordabantur
3605 900 3622 926 ,

2054 938 2305 1005 integrum
2330 938 2400 990 eis
2423 950 2530 991 erat
2559 941 2646 993 illo
2671 944 2832 995 redire
2860 957 2880 997 :
2906 961 3038 998 nunc
3066 956 3230 999 autem
3256 948 3506 1000 meliorem
3535 950 3624 1001 de~

2052 1025 2295 1091 siderant,
2322 1026 2415 1079 hoc
2440 1037 2510 1081 est
2533 1029 2791 1094 mlestem,
2819 1035 2961 1103 cujus
2985 1035 3155 1104 opifex
3184 1045 3229 1089 et
3258 1047 3450 1090 creator
3486 1035 3626 1089 Deus

2056 1125 2145 1173 est.
2176 1116 2298 1170 Ideo
2322 1135 2421 1171 non
2440 1120 2677 1173 erubescit
2697 1119 2835 1175 Deus
2855 1125 3021 1177 uocari
3052 1124 3189 1179 Deus
3213 1127 3439 1196 ipsorum
3465 1126 3622 1197 (Ibid.

2055 1223 2103 1261 υ.
2135 1208 2247 1277 ιο).
2354 1272 2355 1275 γ

2126 1300 2180 1354 5.
2210 1299 2419 1355 Assidue
2446 1303 2640 1371 precari
2678 1302 2926 1370 debemus,
2952 1313 2998 1358 et
3035 1307 3282 1361 orationes
3306 1309 3502 1363 crebras
3531 1326 3621 1363 ns-

2054 1392 2200 1462 gotiis
2248 1392 2597 1463 interponere:
2622 1396 2715 1447 hoc
2754 1397 3082 1463 conﬁrmatur
3120 1401 3358 1468 exemplis
3399 1410 3443 1453 et
3491 1418 3627 1455 cont-

2057 1484 2399 1553 parationibus
2442 1502 2556 1538 cum
2596 1502 2657 1539 ea:
2683 1486 2895 1554 prandio
2938 1498 3042 1541 tum
3070 1504 3097 1541 e
3123 1487 3381 1555 fabrorum
3408 1491 3624 1557 artiﬁcio

2057 1575 2325 1636 deductis;
2386 1573 2594 1641 affectus
2644 1577 2899 1646 prwcipua
2957 1594 3074 1646 pars
3123 1578 3378 1633 orationis.
3408 1606 3480 1619 --
3518 1579 3626 1633 Hos

2056 1667 2217 1736 igitur
2270 1680 2369 1721 nos
2436 1681 2646 1737 quoque
2717 1666 3020 1735 imitemur;
3072 1669 3423 1739 despiciamus
3486 1683 3624 1737 pra:-

2057 1758 2250 1823 sentia,
2296 1758 2732 1828 concupiscamus
2769 1758 2944 1813 futura
2976 1780 2988 1814 :
3020 1768 3227 1813 utamur
3273 1759 3373 1814 hac
3407 1759 3629 1813 muliere

2058 1848 2325 1917 magistra,
2360 1858 2411 1901 et
2440 1847 2506 1901 ad
2537 1847 2703 1901 Deum
2744 1862 2953 1916 semper
2990 1847 3373 1917 confugiamus,
3421 1849 3488 1902 ab
3513 1849 3626 1903 illo-

2058 1953 2162 2008 que
2182 1937 2357 1994 omnia
2380 1938 2747 2008 deposcamus.
2770 1938 2907 1993 Nihil
2929 1939 3070 1994 enim
3093 1939 3380 2009 precationi
3404 1939 3625 2008 aequale:

2059 2047 2121 2086 ea
2151 2032 2348 2101 quippe
2377 2039 2461 2087 est
2487 2047 2607 2100 qua:
2650 2047 2717 2087 ex
2746 2031 3156 2100 impossibilibus
3188 2031 3456 2100 possibilia
3482 2030 3628 2095 facit,

2065 2138 2131 2178 ex
2156 2121 2459 2181 difficilibus
2485 2122 2678 2188 facilia,
2707 2132 2758 2177 et
2781 2138 2844 2177 ex
2876 2122 3124 2177 tortuosis
3152 2129 3315 2176 recta.
3338 2121 3485 2175 Hanc
3504 2120 3631 2174 bea—

2062 2223 2146 2268 tus
2174 2228 2384 2282 quoque
2424 2213 2590 2267 David
2621 2213 2905 2268 adhibebat
2932 2230 2951 2278 ;
2983 2214 3204 2282 ideoque
3231 2212 3438 2266 dicebat
3476 2230 3490 2264 :
3532 2212 3630 2264 Se-

2061 2305 2185 2375 pties
2208 2306 2260 2359 in
2279 2304 2361 2357 die
2383 2304 2585 2359 laudavi
2607 2315 2652 2357 te
2671 2313 2872 2374 propter
2882 2304 3078 2373 judicia
3092 2304 3304 2372 justitia:
3328 2310 3426 2355 ture
3459 2299 3627 2370 (Psal.

2064 2396 2184 2450 118.
2227 2395 2372 2465 164).
2415 2394 2565 2463 Quod
2591 2396 2635 2449 si
2667 2410 2782 2460 rex,
2825 2394 3043 2448 inﬁnitis
3067 2394 3209 2447 curis
3249 2394 3546 2458 immersus,
3577 2400 3630 2445 et

2062 2488 2115 2542 in
2144 2495 2252 2542 tam
2271 2489 2412 2541 varia
2427 2487 2727 2551 distractus,
2748 2487 2903 2540 toties
2927 2486 2978 2538 in
3000 2485 3087 2539 die
3101 2483 3408 2553 precabatur
3429 2482 3625 2535 Deum:

2063 2592 2221 2647 quam
2247 2577 2612 2632 defensionem
2638 2587 2730 2630 aut
2756 2577 2962 2631 veniam
2987 2575 3181 2629 habere
3206 2572 3493 2642 poterimus
3509 2584 3627 2635 nos,

2062 2669 2151 2738 qui
2200 2668 2251 2722 in
2282 2676 2429 2722 tanto
2465 2669 2577 2723 otio
2612 2666 2872 2736 degimus,
2900 2680 3000 2720 nec
3029 2674 3200 2719 tamen
3232 2664 3379 2717 illum
3421 2661 3632 2715 assidue

2062 2773 2296 2825 oramus,
2327 2758 2484 2827 idque
2508 2773 2632 2812 cum
2660 2756 2783 2811 inde
2815 2765 2989 2810 tantus
3017 2754 3219 2809 fructus
3241 2755 3307 2807 sit
3333 2753 3484 2805 nobis
3507 2765 3632 2820 pro-

2063 2848 2358 2903 venturus?
2383 2847 2710 2915 lmpossihile
2730 2847 2891 2911 enim,
2922 2843 3243 2912 impossibile
3269 2850 3369 2904 est,
3394 2841 3627 2909 inquam,

2063 2938 2333 2995 hominem
2360 2952 2462 3007 qua
2488 2936 2641 2990 decet
2667 2936 2939 2989 alacritate
2969 2942 3292 3002 precantem,
3326 2940 3380 2984 et
3417 2928 3630 2983 assidue

2064 3030 2232 3084 Deum
2275 3034 2537 3091 orantem,
2570 3041 2816 3095 umquam
2865 3026 2915 3076 in
2962 3031 3232 3091 peccatum
3281 3019 3531 3072 incidere.
3572 3016 3628 3070 ld

2062 3135 2164 3190 qua
2191 3118 2397 3173 ratione
2420 3116 2528 3179 ﬁat,
2553 3116 2663 3185 jam
2682 3115 2919 3169 dicturus
2944 3129 3081 3169 sum.
3105 3112 3202 3177 Qui
3226 3118 3458 3164 mentem
3478 3120 3625 3160 suam

2061 3210 2324 3275 accendit,
2348 3218 2402 3263 et
2426 3209 2657 3262 animam
2679 3206 2849 3261 erexit
2872 3214 3028 3274 atque
3051 3202 3117 3257 ad
3145 3200 3374 3256 caelestia
3399 3206 3630 3253 transtu-

2064 3303 2143 3367 lit,
2177 3310 2231 3356 et
2271 3303 2340 3356 ita
2370 3300 2654 3355 Dominum
2695 3314 2850 3353 suum
2886 3297 3167 3359 invocavit,
3200 3292 3534 3363 peccatisque
3574 3288 3627 3341 in

2063 3398 2376 3451 memoriam
2400 3392 2651 3458 reductis,
2696 3391 2764 3447 dc
2806 3405 2991 3445 eorum
3032 3387 3341 3443 remissione
3381 3397 3500 3436 cum
3539 3379 3629 3432 illo

2064 3488 2397 3556 colloquutus
2423 3493 2524 3548 est,
2563 3483 2850 3538 obsecrans
2893 3490 2949 3535 ut
2996 3481 3231 3549 placatus
3273 3490 3335 3529 ac
3373 3472 3630 3544 propitius

2063 3580 2162 3634 sibi
2186 3593 2305 3633 esse
2330 3577 2595 3647 dignetur,
2618 3575 2665 3629 is
2684 3582 2805 3645 post
2831 3573 2963 3627 tales
2978 3572 3243 3626 orationes
3264 3581 3476 3623 omnem
3498 3576 3630 3632 prte-

2067 3668 2233 3724 sentis
2261 3667 2384 3721 vitae
2408 3682 2589 3721 curam
2615 3666 2815 3733 abjicit,
2841 3679 2935 3732 spe
2974 3661 3209 3730 erigitur,
3235 3673 3298 3712 ac
3327 3670 3483 3724 supra
3510 3669 3628 3707 om-

2066 3774 2162 3814 nes
2199 3758 2457 3811 humanas
2481 3756 2786 3810 affectiones
2810 3753 3115 3815 extollitur;
3141 3760 3193 3804 ct
3222 3748 3333 3801 sive
3362 3745 3628 3799 inimicum

2068 3859 2190 3920 post
2217 3848 2575 3918 precationem
2618 3845 2828 3908 viderit,
2867 3844 2975 3911 jam
3016 3857 3119 3895 non
3149 3851 3414 3906 tamquam
3460 3836 3634 3888 inimi-

2069 3956 2188 3994 cum
2217 3937 2439 4007 aspiciet
2467 3958 2480 3993 :
2512 3936 2624 3990 sive
2649 3935 2923 3987 mulierem
2947 3932 3253 3995 formosam,
3281 3929 3397 3997 ejus
3420 3938 3634 3994 aspectu

2070 4045 2178 4084 non
2207 4028 2496 4098 frangetur,
2523 4027 2745 4080 durante
2787 4022 2960 4075 adhuc
3001 4021 3119 4090 igne
3160 4033 3254 4087 per
3279 4016 3634 4087 precationem

2071 4124 2214 4178 intus
2241 4133 2469 4176 accenso
2502 4125 2556 4172 et
2576 4130 2791 4171 onmem
2820 4111 3103 4167 absurdam
3141 4110 3512 4179 cogitationem
3538 4105 3635 4160 dc-

2070 4218 2322 4288 pellente.
2353 4213 2458 4270 Sed
2485 4213 2732 4283 quoniam
2761 4210 3002 4267 homines
3027 4222 3151 4263 cum
3179 4205 3362 4265 simus,
3396 4199 3547 4254 facile
3571 4198 3639 4251 ad

2073 4307 2348 4378 segnitiem
2377 4305 2681 4367 relahimur,
2730 4308 2913 4357 exacta
2961 4312 3065 4352 una
3094 4295 3324 4349 alterave
3352 4299 3441 4345 aut
3484 4288 3639 4343 tertia

2074 4408 2196 4470 post
2221 4397 2581 4468 precationem
2614 4393 2764 4458 hora,
2797 4391 2884 4445 ubi
2913 4388 3142 4444 senseris
3172 4383 3450 4454 pristinum
3498 4379 3642 4433 illum

2076 4489 2339 4544 fervorem
2383 4484 2633 4554 paulatim
2662 4483 2963 4551 frigescere,
2997 4492 3212 4533 recurre
3236 4471 3548 4544 quantocius
3576 4468 3640 4521 ad

2078 4593 2283 4650 preces,
2315 4577 2791 4646 frigescentemque
2827 4579 3059 4624 mentem
3091 4579 3275 4621 rursus
3307 4560 3557 4616 accende.
3590 4557 3643 4610 id

2075 4675 2120 4729 si
2154 4688 2247 4742 per
2274 4678 2435 4724 totam
2470 4668 2609 4721 diem
2635 4663 2847 4725 feceris,
2874 4675 2971 4730 per
2994 4655 3262 4713 intervalla
3295 4651 3494 4706 crebris
3523 4664 3642 4716 pri:-

2077 4741 2371 4821 cationibus
2401 4769 2451 4814 te
2473 4759 2646 4828 ipsum
2671 4753 2986 4815 accendens,
3011 4764 3113 4803 non
3142 4746 3291 4800 dabis
3311 4741 3643 4797 occasionem

2078 4855 2289 4911 diabolo
2332 4859 2422 4905 aut
2466 4848 2628 4903 ullum
2658 4845 2724 4899 ad
2776 4851 2892 4897 tuas
2933 4837 3281 4909 cogitationes
3328 4832 3545 4885 aditum.
3580 4828 3646 4882 Et

2078 4940 2522 5015 quemadmodum
2548 4940 2599 4991 in
2620 4932 2925 5004 apparando
2948 4927 3188 4999 prandio,
3211 4939 3331 4978 cum
3357 4929 3482 4991 potu
3505 4933 3639 4986 opus

2080 5012 2181 5102 est,
2208 5036 2253 5089 si
2278 5047 2410 5101 aqua
2442 5029 2613 5084 calida
2660 5026 2927 5094 frigescat,
2961 5020 3025 5073 ad
3054 5018 3226 5073 focum
3253 5012 3518 5067 admotam
3559 5023 3647 5061 ca-

2080 5130 2354 5186 lcfacimus
2377 5124 2455 5195 (a)
2479 5123 2581 5178 :ita
2600 5128 2655 5174 et
2684 5118 2769 5171 hic
2796 5112 3090 5169 faciendum
3112 5118 3213 5173 est,
3250 5113 3305 5161 et
3323 5118 3383 5157 os
3409 5110 3647 5156 nostrum

2080 5221 2145 5275 ad
2175 5215 2509 5287 precationes
2537 5210 2685 5280 quasi
2714 5207 2779 5261 ad
2803 5219 2997 5276 prunas
3027 5194 3434 5256 admovendum,
3461 5200 3517 5244 ut
3546 5189 3647 5242 hoc

2082 5278 2235 5381 pacto
2268 5320 2417 5361 mens
2458 5302 2523 5356 ad
2556 5278 2803 5371 pietatem
2833 5307 3040 5367 rursum
3089 5283 3422 5341 accendatur.
3471 5278 3648 5333 Imite-

2082 5366 2201 5457 ruur
2246 5397 2403 5453 etiam
2452 5393 2629 5447 fabros
2675 5383 3041 5443 carmentarios
3089 5396 3102 5430 :
3154 5374 3205 5427 hi
3253 5371 3392 5427 enim
3442 5366 3651 5435 quoties

2084 5489 2345 5547 lateritins
2392 5485 2565 5554 paries
2603 5472 3012 5535 exzediﬁcandus
3054 5474 3157 5531 est,
3199 5463 3269 5517 ob
3316 5458 3650 5527 fragilitatem

2147 5623 2218 5685 (a)
2250 5628 2317 5668 De
2360 5623 2474 5678 potu
2516 5622 2651 5675 aquae
2682 5604 2849 5657 calidae
2884 5605 2933 5651 in
3202 5591 3501 5641 mentionem
3543 5583 3657 5653 facit

2376 5679 2385 5685 ‘
2422 5677 2432 5685 '
2635 5666 2883 5685 m—"rmn
2909 5677 2938 5685 -ι
3092 5670 3104 5682 ο
3164 5670 3204 5685 ιι·
3228 5661 3386 5685 mnam
3407 5650 3471 5685 ria.
3489 5654 3654 5685 nllnll—

2082 5650 2317 5736 Judliliuuso
2492 5650 2895 5731 cii‘r‘ii'i-Eph'dne’
2909 5677 2956 5726 p.
2980 5660 3104 5719 9&6;
3129 5657 3205 5706 hic
3227 5661 3387 5703 autem
3407 5650 3471 5698 de
3489 5650 3654 5711 quoli-

2086 5749 2225 5799 diana
2243 5755 2331 5792 usu
2356 5740 2527 5801 agitur.
