4094 6256
474 380 580 438 667

473 489 715 549 materia:
757 504 879 544 eum
910 483 1079 553 longis
1113 480 1268 550 lignis
1298 480 1583 546 stringunt,
1619 473 1777 541 idque
1806 486 1911 524 non
1956 482 2054 537 per

474 582 632 651 longa
659 577 957 639 interstitio,
990 572 1080 626 sed
1107 586 1205 641 per
1246 567 1473 631 modica,
1505 574 1561 618 ut
1598 573 1880 630 compages
1919 559 2053 612 late-

477 648 599 728 rum
645 668 808 725 tutior
835 667 905 719 sit
943 663 1014 717 ob
1052 664 1315 732 lignorum
1361 654 1734 725 frequentiam.
1763 650 1905 704 idem
1936 648 2051 718 ipse

475 776 687 834 quoque
716 759 894 822 facito,
924 762 980 809 et
1008 754 1143 808 sicut
1165 751 1238 804 illi
1262 745 1600 817 iigaminibus
1626 740 1817 812 ligneis
1847 738 1946 811 (a),
1980 739 2048 791 ita

476 832 531 909 tu
560 849 904 907 saecularibus
944 845 1171 917 negotiis
1198 841 1532 913 precationes
1556 836 1771 891 crebras
1809 832 2051 900 interpo-

476 957 631 1009 nens,
658 942 821 995 vitam
854 949 998 993 tuam
1021 937 1123 990 hoc
1149 944 1309 1005 pacto
1336 930 1562 984 munias.
1589 924 1741 993 Quod
1770 923 1813 977 si
1834 921 2047 985 feceris,

475 1035 683 1092 etiamsi
711 1032 953 1102 plurima:
987 1027 1232 1098 procella:
1259 1025 1526 1093 ingruant,
1557 1018 1669 1072 sive
1697 1014 2011 1071 tentationes
2030 1052 2045 1076 ,

485 1131 597 1185 sive
619 1126 906 1188 moestitiae,
935 1124 1047 1177 sive
1069 1117 1413 1188 cogitationes
1433 1113 1695 1175 molestae,
1717 1108 1828 1163 sive
1845 1104 2052 1175 quidvis

478 1220 644 1285 aliud,
674 1216 805 1272 nihil
832 1215 1065 1284 dejicere
1108 1209 1302 1280 poterit
1326 1206 1542 1260 domum
1569 1210 1675 1255 tam
1701 1197 1902 1279 crebris
1929 1209 2051 1264 pre-

481 1284 786 1367 cationibus
827 1306 1044 1376 ligatam
1073 1311 1231 1369 atque
1264 1295 1543 1352 munitam.
1590 1291 1763 1354 Dices,
1792 1287 1894 1353 Qui
1937 1284 2052 1340 fieri

477 1410 653 1473 potest
682 1408 741 1453 ut
768 1398 928 1452 homo
952 1391 1242 1454 saecularis,
1270 1385 1568 1442 forensibus
1588 1381 1814 1451 negotiis
1837 1377 2047 1441 afﬁxus,

478 1468 649 1548 tribus
677 1489 823 1543 horis
849 1486 953 1542 diei
1001 1490 1269 1553 precetur,
1309 1488 1364 1534 et
1408 1476 1473 1531 ad
1517 1474 1796 1530 ecclesiam
1838 1468 2053 1524 currat?

484 1584 684 1647 Potest,
718 1588 771 1634 et
800 1578 951 1632 facile
979 1583 1062 1632 est
1093 1592 1107 1640 ;
1137 1574 1257 1628 licet
1277 1573 1417 1626 enim
1441 1568 1505 1623 ad
1527 1566 1809 1622 ecclesiam
1837 1576 2053 1617 currere

482 1688 589 1727 non
620 1673 687 1725 sit
730 1668 1090 1730 commodum,
1140 1672 1312 1733 potest
1359 1660 1483 1714 inibi
1533 1658 1583 1712 in
1631 1655 1746 1710 foro
1789 1654 2055 1721 curichue

481 1763 746 1819 vestibulo
794 1760 1001 1814 hmrens
1032 1753 1373 1811 nihilominus
1403 1751 1605 1819 precari
1637 1769 1648 1802 :
1676 1745 1744 1801 ad
1786 1746 1888 1799 hoc
1913 1744 2055 1797 enim

481 1862 660 1912 'mente
688 1854 853 1923 magis
882 1864 1013 1921 opus
1040 1858 1121 1902 est
1148 1860 1305 1917 quam
1335 1856 1485 1907 voce,
1509 1839 1670 1895 animi
1714 1835 2055 1892 contentione

480 1948 647 2016 magis
690 1959 845 2015 quam
891 1954 1143 1996 manuum
1189 1934 1545 1992 extensione:
1593 1944 1692 1985 nec
1742 1938 1847 1981 tam
1894 1925 2056 1980 refert

481 2014 591 2107 quo
613 2034 851 2106 corpOris
876 2030 1057 2086 habitu
1089 2027 1140 2083 id
1169 2026 1353 2092 facias,
1380 2037 1537 2093 quam
1578 2035 1683 2091 quo
1708 2019 1897 2073 animae
1922 2014 2054 2070 affe-

478 2139 566 2182 ctu
600 2145 615 2179 :
646 2123 1071 2194 quandoquidem
1114 2127 1167 2175 et
1211 2119 1323 2187 ipsa
1368 2118 1520 2170 Anna
1550 2128 1655 2167 non
1685 2110 1755 2167 ob
1790 2110 2055 2163 intensam

479 2216 936 2279 vociferationem,
982 2214 1074 2269 sed
1122 2212 1191 2268 ob
1236 2212 1503 2265 internum
1552 2204 1727 2260 cordis
1768 2201 2053 2256 clamorem

480 2310 723 2365 exaudita
753 2314 851 2363 est.
887 2306 1023 2360 Dicit
1050 2303 1190 2358 enim
1221 2300 1511 2367 Scriptura,
1566 2294 1674 2348 Vox
1697 2293 1805 2362 ejus
1838 2306 1937 2343 non
1963 2304 2055 2341 au-

482 2400 730 2460 diebatur,
771 2408 818 2450 et
850 2395 1099 2448 Dominus
1138 2390 1388 2445 exaudivit
1440 2402 1552 2439 eain
1596 2386 1674 2453 (i.
1717 2380 1842 2450 Reg.
1879 2381 1930 2433 l.
1964 2378 2051 2431 i5.

482 2490 608 2559 19).
662 2487 772 2542 Hoc
799 2494 855 2540 et
902 2484 992 2538 alii
1042 2482 1192 2536 multi
1240 2494 1382 2547 stupe
1427 2479 1683 2536 fecerunt,
1712 2480 1767 2526 et
1793 2471 2055 2523 clamante

483 2556 625 2633 intus
654 2577 985 2646 magistratu,
1032 2573 1286 2631 minante,
1318 2574 1653 2633 exasperato,
1684 2562 1908 2623 furente,
1955 2556 2053 2625 ipsi

480 2684 579 2741 pro
609 2668 807 2723 foribus
850 2666 1011 2720 curiae
1053 2670 1274 2723 stantes,
1309 2664 1588 2728 postquam
1616 2668 1675 2708 se
1717 2664 1869 2705 sacro
1897 2649 2049 2718 signo

488 2738 804 2821 inunissent,
836 2764 890 2810 et
918 2767 1082 2824 pauca
1122 2751 1173 2805 in
1204 2750 1380 2803 animo
1409 2745 1626 2816 precati,
1657 2741 1961 2809 introgressi
1988 2738 2053 2792 ad

483 2862 605 2906 eum
637 2855 969 2903 mutaverunt
997 2844 1289 2905 hominem,
1320 2854 1382 2894 ac
1407 2838 1795 2906 mitigaverunt,
1823 2841 1875 2885 et
1908 2844 2056 2884 man-

483 2950 692 2997 suetum
720 2954 783 2994 ex
813 2952 1001 3007 aspero
1032 2934 1375 2990 reddiderunt
1404 2947 1417 2983 :
1444 2942 1615 2998 neque
1642 2926 1743 2980 illis
1771 2932 1859 2978 aut
1885 2923 2051 2989 locus,

482 3040 574 3086 aut
599 3039 827 3101 tempus,
853 3036 943 3083 aut
966 3026 1233 3082 silentium
1263 3021 1331 3078 ad
1363 3017 1681 3093 precandum
1707 3014 1800 3069 fuit
1831 3011 2054 3082 impedi-

483 3133 685 3179 mento.

552 3214 604 3269 6.
637 3214 748 3266 line
776 3211 934 3265 etiam
966 3219 1020 3263 tu
1068 3207 1226 3263 facito
1255 3228 1269 3262 :
1299 3201 1584 3274 ingemisce
1624 3213 1824 3263 amare,
1854 3198 1908 3253 iu
1938 3211 2051 3251 me-

482 3304 703 3358 moriam
755 3316 946 3357 revoca
992 3309 1077 3353 tua
1111 3306 1344 3366 peccata,
1389 3294 1599 3362 suspice
1647 3292 1699 3345 in
1729 3289 1940 3354 caelum,
1970 3287 2057 3342 dic

483 3391 539 3447 in
565 3401 763 3453 mente,
798 3389 1038 3443 Miserere
1070 3389 1186 3449 mei,
1224 3386 1382 3448 Deus,
1413 3393 1467 3438 et
1494 3382 1763 3437 absolvisti
1793 3379 2054 3449 precatio-

482 3496 627 3536 nem.
655 3480 754 3546 Qui
779 3480 921 3534 enim
943 3477 1091 3544 dicit,
1121 3474 1380 3537 Miserere,
1407 3472 1789 3527 confessionem
1810 3469 1982 3534 oﬂ'ert,
2004 3477 2059 3523 et

488 3580 762 3641 peccatum
790 3585 941 3623 suum
973 3567 1210 3638 agnoscit
1244 3587 1256 3621 :
1289 3566 1552 3633 lapsorum
1578 3561 1719 3617 enim
1747 3569 1829 3616 est
1850 3560 2058 3614 miseri-

482 3660 716 3717 cordiam
746 3661 1036 3729 requirere.
1068 3658 1168 3726 Qui
1194 3657 1343 3720 dicit,
1379 3656 1619 3709 Miserere
1639 3654 1757 3719 mei,
1779 3652 2053 3707 remissio-

487 3766 609 3806 nem
654 3749 965 3805 delictorum
1011 3749 1218 3818 accepit
1264 3769 1277 3805 :
1321 3747 1409 3817 qui
1458 3746 1599 3800 enim
1642 3742 2057 3799 misericordiam

483 3850 839 3913 consequutus
861 3851 962 3907 est,
993 3858 1098 3896 non
1125 3842 1359 3911 punitur.
1387 3838 1486 3907 Qui
1506 3838 1652 3901 dicit,
1681 3836 1919 3890 Miserere
1936 3835 2056 3901 mei,

483 3950 703 4007 regnum
750 3935 1000 3991 caelorum
1051 3935 1278 3989 obtinuit
1311 3954 1324 3988 :
1353 3946 1513 4003 quem
1543 3931 1683 3985 enim
1730 3929 1864 3983 Deus
1895 3928 2057 3983 mise-

482 4040 652 4095 ratur,
674 4042 779 4082 non
808 4042 836 4080 a
866 4042 1019 4098 poena
1040 4027 1209 4082 solum
1236 4026 1438 4091 liberat,
1467 4024 1560 4078 sed
1585 4023 1878 4076 futurorum
1898 4020 2058 4075 etiam

487 4119 747 4173 bonorum
774 4119 1110 4187 possessione
1138 4116 1402 4185 dignatur.

557 4206 746 4261 Procul
769 4224 800 4258 a
829 4207 1011 4274 templo
1038 4206 1261 4258 habitare
1289 4221 1353 4258 an
1381 4210 1575 4257 excuset
1605 4217 1703 4254 non
1728 4199 2014 4254 accedentes
2035 4215 2056 4264 ;

486 4299 671 4368 ubique
697 4312 844 4349 orare
865 4312 1146 4364 possumus.
1162 4324 1231 4335 —
1246 4294 1322 4348 Ne
1344 4294 1501 4363 igitur
1521 4291 1889 4346 excusationes
1912 4304 2061 4359 qua:-

490 4402 672 4442 ramus
717 4384 942 4455 dicendo
996 4399 1100 4437 non
1154 4398 1273 4439 esse
1341 4383 1688 4453 prepinquam
1743 4378 2062 4450 precationis

488 4476 655 4531 mdem
689 4497 701 4531 :
730 4490 827 4530 nos
872 4476 1011 4530 enim
1058 4476 1219 4545 ipsos,
1259 4477 1304 4529 si
1345 4475 1507 4529 sobrii
1553 4474 1829 4537 fuerimus,
1866 4473 2061 4542 templa

490 4566 585 4620 Dei
633 4564 758 4619 facit
807 4566 972 4635 gratia
1016 4566 1263 4635 Spiritus,
1294 4575 1351 4619 ut
1400 4578 1588 4635 magna
1634 4563 1862 4632 undique
1913 4563 2063 4618 nobis

492 4658 743 4727 precandi
774 4657 991 4715 facultas
1039 4657 1194 4713 adsit.
1237 4657 1419 4727 Neque
1465 4658 1604 4710 enim
1636 4655 1755 4709 talis
1796 4663 1880 4709 est
1922 4654 2065 4725 apud

492 4764 592 4803 nos
619 4748 828 4803 divinus
853 4750 1048 4814 cultus,
1075 4750 1246 4819 qualis
1272 4749 1536 4818 quondam
1562 4746 1700 4818 apud
1720 4746 1930 4801 Judseos
1951 4755 2065 4801 erat

496 4842 718 4895 multum
747 4840 945 4895 habens
974 4842 1300 4896 sensibilium
1328 4840 1768 4903 ceremoniarum,
1799 4838 2065 4906 multaque

492 4932 802 4999 Operatione
848 4931 1107 5001 indigens.
1154 4932 1266 4987 Illic
1300 4942 1632 5001 precaturum
1684 4929 1960 4997 Oportebat
2000 4928 2065 4983 ad

492 5020 745 5089 templum
772 5022 1077 5088 ascendere,
1108 5030 1364 5076 turturem
1396 5037 1597 5085 emere,
1627 5021 1765 5089 ligna
1809 5029 1862 5074 et
1892 5019 2065 5087 ignem

495 5111 561 5165 ad
591 5125 777 5164 manus
806 5111 1018 5174 habere,
1048 5124 1257 5180 arrepto
1279 5114 1450 5165 cultro
1470 5111 1622 5164 altari
1644 5111 1911 5171 assistere,
1940 5108 2068 5163 alia-

491 5221 596 5275 que
637 5205 796 5258 multa
843 5212 1103 5273 praecepta
1158 5205 1409 5273 perficere
1445 5224 1455 5258 :
1486 5205 1571 5259 hic
1616 5203 1745 5257 nihil
1791 5203 1913 5265 tale,
1962 5202 2057 5257 sed

496 5297 819 5366 ubicumque
850 5294 1033 5363 fueris,
1065 5305 1258 5366 praesto
1285 5294 1377 5349 tibi
1398 5304 1474 5349 est
1501 5303 1555 5349 et
1584 5294 1768 5359 altare,
1798 5303 1852 5347 et
1876 5293 2065 5357 culter,

558 5472 630 5543 (ri)
665 5480 776 5543 nge
808 5473 906 5543 sint
936 5469 1292 5543 illa__figamina,
1319 5467 1885 5543 multisexplanavimus,
1908 5473 1954 5514 et
1975 5478 2070 5543 pen

496 5528 775 5604 testiiitptiio
810 5540 992 5604 tantum
1018 5528 1303 5604 Hieronymi,
1336 5528 1596 5604 sedeligunt
1615 5534 1840 5604 esetnpto
1864 5528 2069 5604 quodam

497 5605 559 5655 ex
585 5593 841 5643 ruderibus
856 5595 1009 5655 petito
1028 5588 1408 5655 confirmavimus
1432 5595 1478 5641 in
1503 5592 1623 5639 libro
1646 5588 1957 5655 éntiqujtatis
1980 5600 2069 5634 ex-

500 5651 706 5725 ;ialnatm
748 5664 833 5725 _et_
858 5650 1187 5725 schematibus
1208 5654 1472 5713 illustratse,
1496 5660 1626 5701 Tom.
1652 5651 1700 5709 3,
1737 5664 1782 5712 p.
1808 5650 1917 5707 340,
1941 5661 2069 5709 quae.

499 5718 549 5765 ni
572 5715 730 5775 fallor,
748 5716 874 5763 lectu
889 5715 1033 5777 digna
1050 5724 1177 5764 sunt.

1250 367 1306 421 S.
1345 359 1621 420 JOANNH
1657 348 2131 413 CilRYSOSTOMi
2170 348 2484 409 ARClliEP.
2526 348 3054 409 CONSTANTINOP.

3633 346 3741 401 868

2165 476 2219 522 et
2248 468 2456 522 victima
2491 487 2505 520 :
2537 479 2590 522 tu
2622 468 2736 536 ipse
2764 476 2817 521 et
2857 467 3043 531 altare,
3073 472 3125 517 ct
3150 461 3419 523 sacerdos.
3445 470 3499 517 et
3525 464 3739 519 victima

2160 576 2237 616 es.
2273 561 2600 631 Ubicumque
2628 562 2767 614 enim
2799 559 2983 623 fueris,
3033 564 3183 625 potes
3227 556 3433 625 erigere
3473 555 3659 620 altare,
3689 555 3739 611 si

2159 654 2391 706 sobriam
2437 653 2596 706 modo
2638 652 2959 705 voluntatem
3009 648 3221 709 afferas,
3250 661 3349 700 nec
3374 655 3428 700 te
3470 655 3561 699 aut
3590 646 3740 700 locus

2158 757 2250 800 aut
2279 754 2491 815 tempus
2536 744 2773 813 impedit,
2817 741 2909 797 sed
2938 738 3145 796 etiamsi
3174 753 3273 793 nec
3313 752 3488 809 genua
3512 737 3694 792 flectas
3719 779 3735 803 ,

2157 853 2259 891 nec
2304 846 2486 906 pectus
2516 836 2726 901 tnndas,
2764 849 2863 889 nec
2892 845 3082 887 manus
3122 831 3187 885 ad
3216 830 3404 885 omium
3451 828 3661 895 tentias,
3692 830 3741 882 si

2156 938 2389 984 mentem
2432 928 2602 983 solum
2632 926 2830 980 afferas
2874 924 3145 983 fervidam,
3179 921 3309 975 nihil
3335 921 3428 975 tibi
3453 921 3518 973 ad
3548 935 3739 990 preca—

2159 1022 2356 1076 tionem
2385 1020 2574 1075 deerit.
2622 1018 2769 1072 Licet
2799 1017 2956 1071 etiam
2988 1013 3194 1068 mulieri
3219 1012 3391 1067 colum
3420 1010 3620 1065 tenenti
3645 1021 3741 1065 aut

2156 1110 2316 1165 telam
2346 1110 2542 1163 texenti
2588 1117 2768 1163 mente
2808 1105 3077 1174 suspicere
3108 1103 3159 1157 in
3210 1102 3419 1166 czelum,
3447 1111 3501 1155 et
3527 1099 3738 1154 ardenti

2156 1208 2372 1270 pectore
2400 1200 2566 1253 Deum
2597 1199 2843 1251 invocare
2875 1212 2889 1251 :
2921 1194 3042 1249 licet
3068 1192 3226 1247 etiam
3258 1192 3370 1245 viro
3397 1192 3450 1245 in
3477 1190 3592 1245 foro
3617 1205 3743 1244 ver-

2155 1291 2294 1346 santi
2332 1298 2423 1344 aut
2466 1290 2568 1345 iter
2594 1288 2806 1343 facienti
2846 1294 3045 1340 attente
3072 1282 3277 1354 precari
3309 1298 3324 1335 :
3352 1282 3508 1336 alteri
3551 1281 3738 1336 itidem

2158 1381 2208 1435 in
2237 1381 2445 1436 officina
2473 1379 2678 1435 sedenti
2722 1393 2785 1433 ac
2809 1376 2953 1431 coria
2996 1373 3168 1429 suenti
3199 1372 3428 1426 animam
3458 1371 3523 1425 ad
3548 1371 3735 1425 Domi-

2156 1491 2284 1530 num
2316 1474 2519 1543 erigere
2549 1490 2560 1524 :
2592 1472 2714 1526 licet
2741 1485 2896 1524 servo
2922 1466 3220 1529 obsonanti,
3252 1480 3314 1519 ac
3340 1479 3550 1519 sursum
3577 1463 3738 1517 deor-

2157 1584 2274 1624 sum
2308 1566 2605 1629 cursitanti,
2635 1564 2716 1617 vel
2747 1563 2798 1616 in
2829 1561 3002 1615 culina
3028 1556 3367 1622 ministranti,
3397 1557 3443 1610 si
3472 1571 3576 1610 non
3608 1555 3736 1610 licet

2157 1659 2302 1712 adire
2328 1656 2629 1720 ecclesiam,
2651 1653 3010 1723 precationem
3034 1651 3285 1703 intentam
3307 1662 3368 1702 ex
3392 1648 3498 1701 imo
3520 1655 3735 1716 pectore

2157 1752 2315 1805 ciere.
2362 1748 2472 1802 Non
2524 1747 2686 1816 pudet
2733 1744 2831 1799 loci
2875 1744 3039 1797 Deum
3068 1783 3082 1797 .
3114 1757 3275 1797 anum
3307 1741 3555 1809 postulat,
3583 1754 3737 1793 meno

2158 1850 2261 1894 tem
2292 1840 2581 1893 ferventem
2603 1835 2938 1903 animamque
2962 1831 3273 1887 modestam.
3305 1831 3370 1884 Et
3390 1839 3447 1883 ut
3468 1830 3605 1884 scias
3624 1844 3733 1884 non

2162 1931 2340 1984 habitu
2372 1935 2464 1981 aut
2506 1927 2740 1981 iocorum
2787 1933 3153 1993 temporumve
3198 1920 3585 1989 opportunitate
3612 1934 3734 1973 esse

2158 2035 2310 2089 opus,
2344 2017 2437 2073 sed
2481 2017 2661 2071 animo
2709 2014 2877 2085 probo
2913 2029 2976 2066 ac
3007 2012 3169 2081 vigili,
3215 2011 3408 2066 Paulus
3435 2011 3651 2079 supinus
3677 2010 3732 2065 in

2156 2126 2370 2168 carcere
2394 2111 2596 2179 iacens,
2624 2122 2728 2161 non
2759 2115 2969 2161 erectus
2994 2113 3142 2159 stans
3170 2103 3191 2174 (
3217 2117 3388 2171 neque
3410 2102 3550 2155 enim
3579 2116 3731 2154 com-

2157 2220 2250 2274 pes
2293 2204 2464 2272 lignea
2511 2197 2894 2269 permittebat),
2938 2194 3185 2263 quoniam
3229 2208 3417 2263 magna
3466 2192 3733 2247 alacritate

2157 2290 2469 2362 precabatur
2493 2290 2694 2359 jacens,
2726 2299 2993 2340 carcerem
3036 2283 3319 2348 concussit,
3363 2281 3579 2350 ejusque
3608 2280 3734 2334 fun-

2156 2385 2400 2439 damenta
2430 2380 2735 2444 commovit,
2765 2388 2820 2434 et
2860 2375 3130 2433 custodem
3177 2374 3381 2438 terruit,
3409 2388 3472 2428 ac
3498 2388 3619 2427 mox
3646 2374 3735 2426 in-

2158 2478 2363 2532 itiatum
2392 2475 2457 2530 ad
2484 2474 2732 2545 mysteria
2761 2485 2907 2526 sacra
2934 2468 3177 2539 perduxit
3200 2467 3332 2538 (Act.
3365 2467 3472 2533 l6).
3504 2465 3732 2518 Rursum

2158 2566 2412 2621 Ezechias
2439 2566 2527 2619 ille
2548 2579 2653 2618 non
2684 2572 2894 2618 erectus
2921 2571 3067 2615 stans
3093 2573 3263 2628 neque
3289 2557 3509 2627 genibus
3537 2556 3686 2610 ﬂexis
3713 2596 3730 2617 ,

2161 2659 2257 2715 sed
2285 2657 2506 2727 supinus
2534 2658 2587 2710 in
2614 2656 2750 2710 lecto
2770 2653 2969 2708 cubans
2988 2651 3056 2705 ob
3086 2648 3464 2711 infirmitatem,
3492 2662 3640 2701 versa
3665 2647 3732 2699 ad

2156 2753 2412 2822 parietem
2435 2749 2585 2811 facie,
2606 2748 2853 2818 quoniam
2882 2742 3132 2797 ardenter
3149 2750 3202 2793 et
3219 2737 3529 2807 temperanti
3554 2738 3734 2792 animo

2159 2845 2321 2899 Deum
2350 2840 2630 2904 invocavit,
2662 2837 2980 2893 sententiam
3009 2833 3266 2887 adversus
3294 2844 3354 2884 se
3384 2830 3545 2882 latam
3571 2843 3732 2882 revo-

2158 2935 2316 3001 cavit,
2342 2947 2583 3001 magnam
2604 2930 2701 2983 sibi
2725 2927 2945 2998 gratiam
2967 2922 3285 2986 conciliavit,
3312 2930 3363 2974 et
3387 2920 3437 2974 in
3456 2919 3731 2988 pristinam

2157 3024 2433 3080 restitutus
2456 3030 2537 3077 est
2561 3020 2839 3075 sanitatem
2865 3017 2944 3086 (4.
2994 3013 3119 3081 Reg.
3155 3012 3269 3082 20).
3295 3009 3404 3065 Nec
3421 3010 3590 3064 solum
3616 3024 3733 3062 ma-

2158 3115 2275 3187 gnis
2310 3123 2363 3168 et
2402 3111 2598 3167 sanctis
2634 3109 2762 3162 viris
2790 3108 2890 3160 hoc
2915 3103 3199 3172 contigisse
3225 3101 3402 3155 videas
3420 3141 3433 3164 ,
3461 3098 3552 3153 sed
3580 3098 3733 3152 malis

2158 3208 2338 3263 etiam.
2366 3202 2496 3257 Nam
2525 3210 2579 3257 et
2620 3201 2753 3254 latro
2782 3198 2891 3262 ille,
2941 3211 3046 3251 non
3090 3204 3237 3249 stans
3263 3194 3317 3247 in
3358 3191 3611 3256 oratorio,
3642 3201 3735 3244 aut

2157 3311 2327 3367 genua
2354 3293 2592 3358 flectens,
2620 3290 2711 3344 sed
2744 3289 2795 3343 in
2837 3300 2995 3341 cruce
3022 3284 3308 3347 distensus,
3354 3281 3532 3349 paucis
3558 3278 3734 3333 verbis

2165 3402 2384 3458 regnum
2412 3384 2662 3439 cmiorum
2693 3377 2998 3449 impetravit
3026 3374 3175 3446 (Luc.
3204 3374 3292 3427 25.
3330 3372 3420 3426 42.
3448 3370 3535 3441 45)
3563 3390 3573 3424 :
3597 3372 3735 3424 alius

2159 3481 2212 3534 lu
2244 3479 2413 3533 lacum
2441 3486 2712 3530 caenosum
2757 3470 3051 3537 coniectus,
3079 3465 3211 3520 alius
3240 3465 3291 3517 in
3321 3461 3523 3515 foveam
3550 3459 3735 3514 bestiis

2159 3571 2437 3640 objectus,
2486 3567 2621 3620 alius
2669 3563 2769 3618 ceti
2819 3561 2939 3615 alvo
2988 3557 3291 3622 conclusus,
3342 3555 3582 3608 invocato
3623 3552 3735 3607 Deo

2160 3664 2298 3718 mala
2330 3659 2576 3715 instantia
2624 3656 3005 3718 discusserunt,
3050 3648 3387 3716 divinamque
3414 3646 3513 3700 sibi
3554 3645 3736 3698 conci-

2159 3757 2357 3811 iiarunt
2380 3749 2823 3809 benevolentiam.
2859 3746 2972 3800 Hoc
2999 3757 3247 3798 sermone
3271 3740 3457 3795 hortor
3482 3747 3539 3793 ut
3562 3737 3734 3792 conti-

2161 3862 2264 3902 nue
2288 3842 2633 3913 frequentetis
2654 3837 2927 3902 ecclesias,
2950 3844 3003 3890 et
3029 3833 3175 3889 domi
3201 3846 3321 3887 cum
3344 3844 3532 3900 magna
3558 3828 3737 3897 quiete

2162 3931 2449 4005 precemini
2480 3947 2572 4002 per
2598 3930 2786 3993 otium,
2814 3940 2981 3997 genua
3009 3924 3301 3987 flectentes,
3331 3934 3623 3987 manusque
3650 3924 3729 3971 at.

2162 4027 2408 4081 tollentes
2425 4041 2440 4079 :
2462 4021 2605 4092 quod
2626 4021 2669 4073 si
2693 4028 2901 4086 tempus
2926 4024 3015 4069 aut
3038 4014 3190 4068 locus
3209 4025 3307 4066 nos
3335 4010 3386 4064 in
3404 4007 3737 4063 multitudine

2162 4116 2435 4171 hominum
2480 4108 2875 4179 deprehendat,
2907 4120 3013 4159 non
3060 4110 3144 4159 est
3171 4099 3241 4155 ob
3275 4101 3377 4155 hoc
3400 4114 3430 4152 a
3469 4097 3737 4151 consuetis

2164 4205 2495 4263 orationibus
2522 4200 2858 4263 cessandum,
2888 4196 2981 4252 sed
3012 4196 3081 4251 ita
3112 4204 3169 4249 ut
3196 4202 3422 4248 vestram
3461 4191 3735 4245 caritatem

2165 4297 2367 4356 monui,
2391 4290 2677 4363 precamini
2696 4298 2749 4345 et
2770 4290 3011 4342 iuvocate
3035 4287 3223 4350 Deum,
3244 4284 3374 4338 certi
3398 4281 3740 4335 nihilominus

2169 4390 2255 4444 tali
2285 4385 2591 4459 precatione
2612 4389 2787 4451 optata
2814 4394 2908 4433 vos
2930 4378 3322 4446 impetraturos.
3348 4372 3461 4427 Non
3485 4371 3600 4425 iure
3619 4369 3740 4425 ideo

2170 4482 2275 4537 dixi
2304 4490 2362 4534 ut
2385 4474 2714 4546 applaudatis
2742 4480 2792 4528 et
2835 4469 3079 4530 laudetis,
3107 4464 3199 4521 sed
3243 4472 3293 4518 et
3321 4478 3482 4532 opere
3509 4476 3568 4515 ea
3600 4476 3739 4530 prae-

2170 4573 2342 4639 stetis,
2372 4578 2536 4638 utque
2564 4575 2669 4621 tam
2699 4570 3013 4619 nocturnum
3042 4572 3199 4627 quam
3237 4554 3481 4608 diurnum
3530 4562 3584 4606 et
3608 4565 3738 4619 ope-

2169 4626 2554 4727 randi'tempus
2581 4655 2718 4711 votis
2746 4669 2810 4708 ac
2851 4626 3245 4721 precationibus
3270 4643 3559 4713 occupetis.
3589 4638 3738 4705 Quod
3775 4626 3815 4681 ἕ

2168 4751 2211 4806 si
2243 4764 2330 4806 res
2355 4758 2565 4803 nostras
2591 4746 2669 4799 sic
2695 4740 3134 4812 disposuerimus,
3162 4744 3218 4790 et
3240 4741 3555 4803 praesentem
3581 4729 3740 4782 vitam

2171 4850 2280 4895 tuto
2308 4838 2660 4907 transigemus
2683 4874 2697 4897 ,
2744 4841 2797 4887 et
2839 4830 3049 4885 czeleste
3094 4839 3314 4895 regnum
3353 4833 3740 4888 assequemur:

2169 4948 2275 5003 quo
2322 4931 2474 4984 nobis
2502 4926 2745 4981 omnibus
2779 4921 3054 4992 pervenire
3083 4918 3254 4979 detur,
3298 4911 3463 4981 gratia
3508 4917 3561 4961 et
3593 4908 3746 4963 beni-

2171 5026 2367 5093 gnitate
2394 5018 2600 5075 Domini
2645 5014 2810 5071 nostri
2841 5013 2964 5067 .lesu
2990 5007 3209 5072 Christi,
3242 5020 3335 5074 per
3359 5016 3518 5072 quem
3545 5010 3599 5052 et
3621 5016 3749 5055 cum

2172 5130 2276 5185 quo
2307 5112 2445 5166 Patri
2476 5110 2663 5181 gloria,
2693 5104 2845 5160 simul
2888 5115 3008 5155 cum
3051 5105 3236 5152 sancto
3280 5093 3499 5162 Spiritu,
3528 5104 3674 5147 nunc
3690 5097 3747 5146 et

2174 5218 2405 5274 semper,
2427 5211 2480 5256 et
2506 5201 2558 5254 in
2585 5197 2773 5252 smcula
2804 5192 3140 5247 saaculorum.
3170 5187 3363 5241 Amen.
