4094 6256
333 222 456 276 687

1636 236 1722 291 DE
1762 234 1949 289 ANNA
1984 234 2216 297 SERMO
2256 241 2340 301 IV.

3458 310 3459 313 η
3534 258 3640 321 668

332 349 518 446 ’Ξικάς
568 350 798 422 πράξεις
852 352 1091 446 ἁπάσας,
1136 350 1421 446 καθ-άπερ-
1448 352 1779 446 ίμανῄτώσεσί
1820 369 1949 446 ’τισι
2060 370 2206 446 νοιαν
2235 359 2291 413 δὲ
2321 362 2483 431 μόνον
2509 367 2780 443 ἐπιδείξῃς
2817 369 3047 442 θερμὴν,
3087 370 3148 423 τὸ
3178 372 3285 425 πᾶν
3328 373 3637 446 ἀπήρτισας

336 433 558 532 ξύλων,
585 442 650 511 τῇ
684 440 933 512 συνεχείᾳ
977 438 1085 532 τῶν
1113 439 1292 532 εὐχῶν
1319 440 1722 511 διαλαμϐάνων,
1760 442 1951 495 πάντοο
2055 441 2153 511 τῆς
2182 446 2367 518 εὐχῆς.
2408 452 2624 519 Ἔξεστι
2665 433 3338 529 κ-αῖγυνανῖκαὴλακάτην
3370 433 3634 532 κατέχου;

334 520 439 580 θέν
471 547 577 584 σου
608 532 947 604 περίφραξον
974 531 1071 602 τὴν
1102 531 1265 603 ζωήν.
1289 534 1386 586 Ἂν
1411 532 1590 585 τοίνυν
1607 533 1747 586 οὕτω
1766 537 1946 604 ποιῇς,

332 620 454 675 κᾶν
498 622 1011 694 μυρίοιπνεύσωσιν
1040 624 1231 695 ἄνεμοι
1256 624 1462 687 λοιπὸν,
1495 625 1596 678 κᾶν
1626 627 1941 695 πειρασμοὶ,

332 710 452 764 κᾶν
491 714 749 785 ἀθυμίαι,
777 714 877 768 κᾶν
912 715 1160 786 λογισμοί
1200 732 1343 779 τινες
1389 716 1591 784 ἀηδεῖς,
1627 716 1731 769 κᾶν
1766 718 1945 771 ὁτιοῦν

332 799 561 875 ἐπέλθῃ
620 805 811 868 δεινὸν,
842 805 902 858 οὐ
935 806 1221 875 δυνήσεται
1269 804 1595 858 καταϐαλεῖν
1624 804 1722 876 τὴν
1767 807 1943 861 οίκίαν

331 892 576 964 ἐκείνην
593 897 822 958 πυκναῖς
849 895 1020 959 οὕτως
1045 896 1230 965 εὐχαῖς
1254 894 1660 965 συνδεδεμένην,
1692 894 1793 948 Καὶ
1826 897 1942 962 πῶς

331 982 605 1051 δυνατὸν,
673 986 856 1056 φησὶν,
917 986 1202 1057 ἄνθρωπον
1266 986 1554 1055 βιωτικὸν,
1605 987 1941 1059 δικαστηρίῳ

332 1076 799 1146 προσηλωμένον,
820 1077 961 1131 κατά
975 1079 1122 1147 τρεῖς
1141 1077 1287 1148 ὥρας
1313 1075 1566 1147 εὔχεσθαι
1581 1078 1678 1148 τῆς
1704 1079 1936 1149 ἡμέρας,

333 1165 441 1218 καὶ
488 1167 574 1229 είς
603 1166 896 1236 ἐκκλησίαν
934 1167 1248 1239 ἐκτρέχειν;
1296 1167 1552 1232 Δυνατὸν,
1603 1168 1697 1220 καὶ
1732 1168 1937 1237 σφόδρα

329 1256 597 1311 εὔκολον·
640 1259 746 1312 κᾶν
776 1259 884 1329 γὰρ
918 1261 999 1321 εἰς
1027 1258 1323 1327 ἐκκλησίαν
1368 1258 1595 1328 δραμεῖν
1625 1258 1698 1330 μὴ
1734 1258 1933 1329 ῥᾴδιον,

329 1348 569 1402 ἑστῶτα
612 1351 726 1402 ἐκεῖ
767 1348 873 1420 πρὸ
922 1349 1030 1401 τῶν
1077 1348 1279 1420 θυρῶν,
1326 1350 1419 1402 καὶ
1468 1347 1546 1418 τῷ
1602 1348 1936 1419 δικαστηρίῳ

330 1440 778 1511 προσηλωμένον
807 1439 1066 1506 εὔξασθαι
1083 1440 1324 1494 δυνατόν’
1354 1440 1473 1493 οὐδὲ
1509 1439 1619 1510 γάρ
1648 1438 1790 1494 οὓτω
1817 1458 1932 1510 φω-

327 1536 442 1603 νῆς
506 1535 687 1604 χρεία,
722 1535 798 1597 ὡς
825 1533 1081 1596 διανοίας,
1126 1534 1245 1588 οὐδὲ
1288 1532 1562 1595 ἐκτάσεως
1604 1531 1822 1603 χειρῶν,
1857 1532 1933 1596 ὡς

329 1625 756 1694 συντεταμένης
785 1624 983 1694 ψυχῆς,
1009 1623 1129 1677 οὐδὲ
1165 1624 1463 1695 σχήματος,
1495 1621 1631 1675 ἀλλά
1652 1624 1820 1693 φρονή
1830 1638 1932 1692 μα-

326 1733 453 1779 τοςο
490 1716 616 1769 ἐπεὶ
648 1716 742 1769 καὶ
771 1717 805 1787 ἡ
836 1716 1002 1769 Ἀννα
1028 1712 1189 1785 αὐτη,
1212 1714 1312 1768 οὐκ
1346 1712 1532 1783 ἐπειδὴ
1557 1712 1814 1783 λαμπράν
1835 1711 1929 1764 καὶ

328 1807 595 1877 μεγάλην
643 1805 825 1876 ἀφῆκε
872 1797 1059 1876 ἱρωνὴν
1088 1816 1137 1867 ι,
1192 1803 1279 1863 διὰ
1336 1802 1493 1857 τοῦτο
1532 1803 1780 1873 ἠκούετο,
1813 1802 1928 1856 ἀλλ’

324 1899 533 1970 ἐπειδὴ
559 1898 773 1969 μεγάλα
802 1897 948 1952 ἔνδον
974 1896 1115 1951 κατά
1141 1896 1240 1968 τὴν
1267 1895 1496 1967 καρδίαν
1526 1894 1675 1949 ἐϐόα.
1721 1894 1783 1949 Ἠ
1810 1912 1927 1964 ςρω-

322 1988 410 2057 νὴ
443 1990 563 2059 γὰρ
593 1988 785 2056 αὐτῆς
812 1990 923 2043 οὐκ
963 1987 1235 2055 ἠκούετο,
1269 1986 1421 2056 φησὶ,
1468 1983 1567 2038 καὶ
1603 1985 1928 2053 είσήκουεν

323 2080 536 2148 αὐτῆς
587 2082 621 2133 ὁ
669 2079 834 2145 Θεός.
878 2077 1052 2131 Τοῦτο
1106 2077 1202 2130 καὶ
1247 2073 1400 2129 ἄλλοι
1448 2074 1632 2128 πολλοὶ
1668 2075 1925 2142 πολλάκις

324 2173 630 2243 ἐποίησαν,
662 2171 756 2222 καὶ
803 2168 1033 2238 βοῶντος
1074 2167 1169 2220 τοῦ
1205 2166 1461 2237 ἄρχοντος
1510 2165 1740 2230 ἔνδοθεν,
1768 2168 1924 2221 ἀπει-

321 2261 582 2326 λοῦντος,
624 2257 1046 2328 διατεινομένου,
1085 2256 1443 2327 μαινομένου,
1470 2255 1576 2327 πρὸ
1592 2255 1699 2310 τῶν
1743 2256 1923 2328 θυρῶν

322 2352 577 2416 ἑστῶτες
643 2349 1100 2422 σφραγισάμενοι,
1151 2348 1245 2401 καὶ
1292 2347 1449 2416 ὀλίγα
1514 2350 1735 2419 ῥήματα
1779 2349 1922 2405 κατά

320 2444 579 2498 διάνοιαν
608 2441 915 2511 εὐξάμενοι,
948 2439 1280 2502 εἰσελθόντες
1304 2438 1599 2509 μετέϐαλον
1631 2439 1795 2493 αὐτὸν
1827 2440 1919 2494 καὶ

320 2535 639 2605 ἐπράῦναν,
671 2533 764 2586 καὶ
785 2532 993 2602 ἦμερον
1020 2530 1076 2596 ἐξ
1103 2528 1294 2600 ἀγρίου
1319 2529 1677 2606 κατέστησαν·
1711 2532 1798 2585 καὶ
1828 2533 1919 2585 οὐ-

321 2628 418 2680 δέν
446 2625 576 2679 οὐτε
622 2624 729 2677 ἀπὸ
767 2623 861 2676 τοῦ
894 2623 1082 2685 τόπου,
1128 2620 1251 2675 οὐτε
1284 2620 1391 2675 ἀπὸ
1419 2620 1512 2675 τοῦ
1553 2621 1771 2692 καιροῦ,
1794 2622 1915 2678 οὐτε

322 2717 438 2771 ἀπὺ
460 2716 564 2787 τῆς
593 2715 749 2785 σιγῆς
774 2712 911 2786 πρὸς
937 2711 1033 2784 τὴν
1054 2712 1221 2783 εὐχὴν
1240 2711 1442 2781 ταύτην
1472 2713 1913 2785 ἐνεποδίσθησαν.

376 2816 419 2864 ς
430 2815 464 2865 ’.
480 2807 656 2862 Τοῦτο
684 2806 747 2877 δὴ
768 2807 861 2859 καὶ
884 2806 947 2859 σὺ
970 2804 1212 2876 ποίησον·
1246 2804 1496 2870 στέναξον
1519 2805 1752 2876 πικρῶς,
1783 2808 1915 2861 ἀνα-

324 2897 609 2971 μνήσθητι
632 2893 739 2948 τῶν
765 2893 1175 2965 ἁμαρτημάτων
1194 2892 1302 2946 τῶν
1326 2893 1453 2959 σῶν,
1497 2894 1794 2965 ἀνάϐλεψον
1835 2898 1915 2961 είς

318 2990 418 3044 τὸν
436 2989 500 3041 οὐ
512 2986 689 3056 ρανὸν,
715 2984 834 3037 εἰπὲ
849 2982 990 3037 κατά
1008 2983 1264 3035 διάνοιανο
1282 2982 1571 3049 Ἐλέησόν
1577 3000 1678 3052 με,
1694 2988 1726 3038 ὁ
1748 2985 1912 3052 Θεὸς,

321 3079 425 3134 καὶ
457 3073 793 3148 ἀπήρτισται
818 3090 908 3126 σου
932 3075 965 3142 ἠ
1002 3072 1155 3142 εὐχή.
1172 3071 1232 3124 '0
1257 3070 1365 3141 γὰρ
1390 3070 1579 3135 εἰπὼν,
1597 3073 1911 3140 Ἐλέησον,

320 3169 722 3241 ἐξομολόγησιν
740 3162 1072 3227 ἐπεδείξατο,
1097 3162 1190 3216 καὶ
1209 3161 1316 3215 τῶν
1339 3162 1553 3215 οἰκείων
1576 3163 1913 3235 ἁμαρτημά-

319 3281 436 3317 των
483 3258 635 3329 [758]
672 3257 885 3325 ἐπέγνω
906 3256 956 3296 ὶιο
1002 3253 1111 3307 τῶν
1142 3253 1250 3326 γάρ
1289 3254 1687 3325 ἡμαρτηκότων
1710 3255 1825 3308 ἐστὶ
1851 3256 1912 3309 τὸ

320 3353 618 3411 ἐλεεῖσθαι.
637 3352 694 3404 '0
728 3348 919 3412 εἰπὼν,
963 3345 1257 3413 Ἐλέησόν
1265 3363 1362 3414 με,
1392 3346 1738 3417 συγχώρησιν
1752 3346 1910 3401 ἔλαϐε

319 3444 436 3505 τῶν
475 3440 839 3511 πεπλημμελη
850 3438 1042 3507 μένων·
1067 3435 1216 3507 ὁγὰρ
1249 3435 1490 3505 ἐλεηθεὶς
1518 3437 1577 3489 οὐ
1600 3436 1905 3501 κολάζεται.

334 3537 397 3588 ’0
432 3532 625 3605 εἰπὼν,
663 3531 949 3598 Ἐλέησόν
974 3545 1071 3598 με,
1125 3527 1397 3598 βασιλείας
1428 3527 1617 3599 ἔτυχεν
1641 3529 1905 3600 οὐρανῶν·

319 3626 382 3680 ὃν
413 3625 523 3694 γὰρ
550 3626 579 3676 ὁ
602 3622 733 3684 Θεὸς
772 3619 1005 3690 ἐλεήσει,
1043 3617 1105 3671 οὐ
1142 3616 1417 3679 κολάσεως
1458 3618 1785 3673 ἀπαλλάττει
1814 3618 1909 3689 μό-

320 3734 439 3779 νον,
468 3713 603 3768 am
629 3713 723 3766 καὶ
747 3710 856 3764 τῶν
886 3709 1185 3779 μελλόντων
1217 3707 1435 3774 ἀγαθῶν
1462 3705 1621 3773 ἀξιοῖ.

396 3816 490 3887 Μὴ
522 3815 699 3868 τοίνυν
726 3808 1191 3881 προφασιζώμεθα
1241 3808 1508 3875 λέγοντες,
1531 3808 1606 3871 ὡς
1649 3809 1747 3861 οὐκ
1791 3810 1905 3864 ἔστι

321 3907 552 3978 πλησίον
574 3905 857 3973 εὐκτήριος
887 3897 1052 3961 οἴκοςο
1072 3900 1219 3968 ἡμᾶς
1242 3897 1348 3968 γὰρ
1370 3898 1585 3961 αὐτοὺς,
1612 3898 1707 3951 ἐὰν
1726 3900 1905 3970 νήφω-

324 4017 450 4073 μεν,
487 3997 647 4058 ναοὸς
670 3993 892 4062 ἐποίησε
920 3990 1014 4044 τοῦ
1037 3988 1172 4042 Θεοῦ
1200 3986 1291 4041 τοῦ
1317 3986 1630 4059 Πνεύματος
1660 3990 1692 4060 ή
1722 3990 1901 4062 χάρις,

320 4094 466 4148 ὥστε
500 4089 668 4160 πολλὴ
715 4085 977 4141 πάντοθεν
1020 4086 1150 4155 ἡμῖν
1184 4086 1217 4156 ἡ
1271 4082 1511 4137 εὐκολία.
1552 4085 1662 4137 Καὶ
1704 4085 1812 4155 γὰρ
1840 4087 1900 4139 οὐ

315 4181 548 4250 τοιαύτη
578 4176 734 4252 ήμῶν
760 4178 793 4248 ἠ
823 4174 1067 4246 λατρεία,
1099 4172 1186 4226 οῖα
1218 4172 1654 4243 παράΊουδαίοις
1682 4174 1741 4227 τὸ
1770 4175 1903 4245 πρό-

318 4289 481 4344 τερον
500 4266 590 4343 ἦν,
608 4267 740 4322 πολύ
763 4266 823 4320 τὸ
844 4264 1099 4333 αἰσθητὸν
1114 4263 1329 4335 ἔχουσα,
1348 4263 1441 4315 καὶ
1455 4263 1655 4334 πολλῆς
1672 4265 1899 4335 δεομένη

318 4360 723 4436 πραγματείας.
750 4358 897 4411 Ἐκεῖ
926 4356 1025 4427 μὲν
1046 4354 1153 4425 γὰρ
1185 4353 1275 4407 τὸν
1300 4353 1592 4431 εὐχόμενον
1618 4357 1711 4409 καὶ
1735 4357 1815 4419 είς
1839 4356 1901 4409 τὸ

321 4452 470 4524 ῑερὸν
493 4450 758 4520 ἀναϐῆναι
788 4447 914 4511 ἔδει,
939 4444 1035 4500 καὶ
1066 4444 1302 4516 τρυγόνα
1333 4443 1614 4515 πρίασθαι,
1643 4446 1736 4500 καὶ
1769 4445 1899 4511 ξύλα

323 4544 422 4601 καὶ
450 4542 562 4614 πῦρ
589 4539 985 4612 μεταχειρίσαι,
1021 4536 1117 4590 καὶ
1148 4535 1431 4607 ¹μάχαιραν
1466 4535 1675 4600 λαϐεῖν,
1702 4538 1797 4591 καὶ
1820 4537 1899 4610 τῷ

320 4636 493 4711 βωμῷ
520 4631 887 4705 παραστῆναι,
919 4630 1013 4684 καὶ
1043 4627 1214 4682 πολλά
1249 4627 1411 4699 ἕτερα
1437 4627 1686 4683 διανύσαι
1717 4631 1899 4684 ἐπιτά-

314 4743 523 4800 γματαο
551 4720 783 4777 ἐνταῦθα
812 4720 867 4773 δὲ
896 4719 1052 4773 οὐδὲν
1090 4716 1352 4779 τοιοῦτον,
1382 4717 1497 4770 ἀλλ’
1531 4719 1776 4791 ὅπουπερ
1830 4720 1898 4775 ἂν

316 4820 415 4896 ᾖς,
442 4820 503 4875 τὸ
542 4816 924 4884 θυσιαστήριον
956 4811 1099 4883 ἔχεις
1137 4811 1273 4881 μετά
1302 4811 1519 4875 σαυτοῦ,
1550 4813 1643 4864 καὶ
1664 4812 1763 4883 τὴν
1795 4814 1898 4884 μά-

314 4927 534 4984 χαιραν,
567 4907 663 4962 καὶ
701 4905 763 4959 τὸ
798 4905 1013 4976 ἱερεῖον,
1044 4900 1207 4963 αὐτὸς
1237 4900 1312 4953 ὣν
1347 4902 1410 4953 σὺ
1442 4901 1535 4955 καὶ
1565 4902 1767 4973 ἱερεὺς,
1799 4904 1897 4958 καὶ

317 5001 721 5071 θυσιαστήριον,
747 4996 842 5049 καὶ
883 4995 1096 5065 ἱερεῖον.
1127 4992 1301 5045 Ὅπου
1324 4991 1434 5063 γάρ
1460 4992 1527 5045 ἂν
1553 4990 1640 5064 ᾖς,
1668 4993 1895 5049 δύνασαι

316 5097 511 5166 στῆσαι
534 5091 628 5145 τὸν
652 5088 854 5160 βωμὸν,
884 5084 1204 5158 προαίρεσιν
1240 5084 1514 5152 νήφουσαν
1554 5084 1898 5155 ἐπιδειξάμε-

314 5204 403 5249 νος
439 5185 632 5256 μόνον,
667 5180 763 5234 καὶ
794 5177 945 5232 οὐδὲν
977 5175 1178 5231 κωλύει
1217 5174 1410 5238 τόπος,
1452 5174 1574 5228 οὐδέ
1614 5174 1894 5245 ἐμποδίζει

314 5276 524 5347 καιρὸς,
560 5272 697 5328 ἀλλά
724 5269 830 5325 κᾶν
862 5267 1067 5337 γόνατα
1110 5266 1186 5337 μὴ
1216 5264 1424 5337 κλίνης,
1456 5264 1564 5319 κᾶν
1593 5264 1669 5337 μὴ
1699 5264 1895 5334 στῆθος

312 5368 477 5439 τύψῃ,
504 5365 598 5420 καὶ
636 5363 734 5426 τὰς
757 5363 947 5432 χεῖρας
968 5360 1048 5421 είς
1076 5357 1168 5411 τὸν
1189 5355 1415 5429 οὐρανὸν
1441 5357 1752 5429 ἀνατείνῃς,
1778 5356 1895 5410 διά-

373 5608 401 5669 f
435 5602 702 5654 Colberlini
728 5605 781 5669 εξ
798 5599 922 5669 ῌρε.
947 5595 1153 5659 μεγάλην
1167 5594 1272 5669 ,εἶχε
1305 5596 1478 5657 φωνήν-

374 5667 403 5709 δ
433 5669 538 5728 Reg
579 5677 722 5721 unus,
746 5659 1037 5712 Colb.‘unus
1061 5659 1288 5718 κατέγνω,

2057 544 2177 622 σαν,
2211 535 2305 622 καὶ
2341 538 2732 611 ίστουργοῦσαν
2755 544 3060 614 ἀναϐλέψαι
3083 548 3163 610 είς
3189 548 3281 600 τὸν
3309 548 3536 619 οὐρανὸν
3563 553 3631 622 τῇ

2053 616 2277 691 διανοίᾳ,
2315 627 2411 678 καὶ
2438 628 2661 683 καλέσαι
2694 632 2831 701 μετὰ
2861 633 3193 704 θερμότητος
3224 634 3316 689 τὸν
3354 616 3516 690 Θεόν·
3548 616 3633 702 ea:

2053 720 2167 758 εστι
2190 710 2282 761 καὶ
2315 711 2601 783 ἄνθρωπον
2632 719 2711 781 είς
2754 718 2963 789 άγοράν
2994 720 3352 789 ἐμϐάλλοντα,
3385 724 3479 776 καὶ
3509 725 3633 777 καθ’

2052 791 2240 847 ἐαυτὸν
2260 796 2539 864 βαδίζοντα
2561 803 2725 872 εὐχὰς
2749 805 3016 860 ποιεῖσθαι
3040 809 3277 872 ἐκτενεῖς
3293 827 3305 839 ·
3335 813 3430 863 καὶ
3445 811 3529 865 ἐτε
3539 829 3630 883 ρον

2049 883 2137 934 ἐπ’
2179 886 2543 962 ἐργαστηρίου
2579 895 2885 966 καθήμενον
2923 899 3017 951 καὶ
3055 898 3299 970 δέρματα
3331 902 3624 969 ράπτοντα,

2046 974 2146 1046 τὴν
2171 976 2346 1049 ψυχὴν
2375 982 2653 1038 ἀναθεῖναι
2686 988 2823 1057 πρὸς
2853 988 2943 1040 τὸν
2977 990 3281 1061 Δεσπότην·
3320 991 3528 1057 ἔξεστιν
3552 995 3624 1047 οἱ·

2046 1065 2203 1139 κέτῃ,
2238 1072 2332 1124 καὶ
2361 1073 2673 1147 ὠνουμένῳ,
2710 1079 2803 1131 καὶ
2844 1077 3189 1135 ἀναϐαίνοντι
3228 1084 3323 1137 καὶ
3361 1084 3623 1138 καταϐαί-

2045 1174 2209 1223 νοντι,
2235 1162 2327 1214 καὶ
2354 1168 2653 1237 μαγειρείῳ
2684 1169 3016 1239 παρεστῶτι,
3042 1172 3168 1225 ὅταν
3199 1172 3274 1244 μὴ
3302 1174 3521 1229 δυνατὸν
3543 1178 3623 1240 είς

2044 1250 2341 1321 ἐκκλησίαν
2372 1255 2566 1321 ἐλθεῖν,
2600 1258 2766 1329 εὐχὴν
2801 1260 3071 1313 ποιεῖσθαι
3097 1263 3291 1333 ἐκτενῆ
3317 1265 3411 1317 καὶ
3438 1265 3622 1335 διεγη-

2042 1344 2338 1414 γερμένην.
2366 1348 2479 1400 Οὐκ
2517 1350 2905 1421 ἐπαισχύνεται
2934 1351 3097 1406 τόπον
3126 1354 3154 1404 ὁ
3181 1353 3313 1417 Θεός
3334 1371 3346 1384 ·
3376 1354 3433 1408 ἐν
3468 1355 3622 1427 ζητεῖ

2044 1435 2205 1504 μόνον
2228 1477 2245 1504 ,
2284 1436 2523 1493 διάνοιαν
2566 1439 2809 1512 θερμὴν,
2859 1442 2953 1495 καὶ
2999 1442 3177 1513 ψυχὴν
3211 1446 3616 1516 σωφρονοῦσαν.

2041 1521 2145 1576 Καὶ
2195 1525 2281 1578 ἵνα
2327 1526 2526 1599 μάθῃς,
2566 1528 2647 1581 ὅτι
2687 1531 2748 1582 οὐ
2780 1531 3061 1601 σχήματος
3095 1532 3255 1602 χρεία
3307 1535 3401 1586 καὶ
3438 1536 3618 1589 τόπων

2040 1614 2256 1679 πάντως
2298 1620 2392 1670 καὶ
2424 1619 2653 1689 καιρῶν,
2692 1620 2828 1674 ἀλλά
2851 1622 3198 1693 φρονήματος
3235 1625 3483 1691 γενναίου
3521 1630 3617 1680 καὶ

2036 1706 2479 1779 διεγηγερμένου,
2501 1710 2754 1776 ὁΠαῦλος
2783 1712 2970 1777 ὕπτιος
2998 1716 3091 1767 ἐπὶ
3120 1714 3213 1769 τοῦ
3242 1717 3616 1790 δεσμωτηρίου

2037 1800 2311 1868 κείμενος,
2332 1801 2425 1853 καὶ
2445 1802 2545 1855 οὐκ
2568 1802 2726 1871 ὀρθὸς
2752 1802 2920 1866 ἑστὼς
2944 1806 3028 1873 (οὐ
3051 1805 3158 1876 γάρ
3179 1807 3328 1875 ἠφίει
3350 1808 3412 1861 τὸ
3436 1808 3613 1876 ξύλον,

2034 1884 2079 1959 ᾧ
2115 1894 2241 1956 τούς
2280 1893 2447 1959 πόδας
2480 1894 2742 1965 ἐδέδετο),
2780 1896 2968 1968 ἐπειδὴ
3001 1896 3141 1967 μετά
3176 1899 3484 1969 προθυμίας
3515 1901 3615 1970 ηὐο

2036 1982 2164 2048 ξατο
2195 1985 2469 2056 κείμενος,
2503 1986 2565 2039 τὸ
2596 1986 2971 2059 δεσμωτήριον
3003 1987 3205 2053 ἔσεισε,
3234 1990 3328 2043 καὶ
3355 1991 3425 2044 τὰ
3457 1990 3615 2060 θεμέρ

2031 2076 2120 2129 λια
2153 2077 2468 2131 διεσάλευσε
2506 2089 2555 2144 ε,
2588 2078 2681 2132 καὶ
2713 2078 2805 2131 τὸν
2849 2079 3235 2149 δεσμοφύλακα
3280 2081 3469 2151 ἔδησε,
3516 2082 3613 2135 καὶ

2031 2167 2169 2237 πρὸς
2192 2168 2292 2238 τὴν
2329 2168 2481 2239 ίεράν
2513 2169 2652 2240 μετὰ
2695 2169 2868 2223 ταῦτα
2898 2169 3287 2240 μυσταγωγίαν
3319 2170 3611 2242 ἐχειραγώ-

2028 2277 2184 2330 γησε.
2212 2260 2379 2315 Πάλιν
2405 2264 2433 2316 δ
2459 2263 2707 2328 Ἐζεκίας
2725 2264 2826 2318 οὐκ
2854 2264 3013 2335 ὀρθὸς
3045 2264 3237 2331 ἑστὼς,
3268 2266 3387 2320 οὐδὲ
3407 2266 3608 2335 γόνατα

2029 2351 2233 2415 κλίνας,
2262 2352 2377 2406 ἀλλ’
2413 2352 2604 2418 ὕπτιος
2640 2355 2733 2407 ἐπὶ
2759 2356 2856 2427 τῆς
2890 2358 3080 2427 κλίνης
3109 2356 3363 2427 κείμενος
3383 2358 3470 2411 διὰ
3506 2360 3611 2430 τὴν

2027 2441 2339 2512 ἀρρωστίαν
2359 2485 2372 2509 ,
2407 2444 2644 2514 στρέψας
2674 2446 2865 2499 ἐαυτὸν
2904 2447 2997 2500 ἐπὶ
3029 2446 3120 2500 τὸν
3152 2449 3332 2518 τοῖχον
3351 2487 3364 2511 ,
3417 2450 3606 2520 ἐπειδὴ

2025 2530 2116 2583 τὸν
2149 2531 2281 2586 Θεὸν
2316 2532 2534 2604 θερμῶς
2582 2533 2807 2587 ἐκάλεσε
2857 2536 2953 2587 καὶ
2990 2534 3129 2605 μετά
3170 2535 3349 2606 ψυχῆς
3392 2553 3605 2609 σωφρο-

2025 2621 2242 2692 νούσης,
2270 2624 2362 2677 καὶ
2393 2625 2665 2693 ἀπόφασιν
2696 2624 3067 2696 ἐξενεχθεῖσαν
3094 2628 3476 2694 ἀνεκαλέσατο,
3510 2630 3605 2683 καὶ

2025 2713 2228 2783 πολλὴν
2265 2715 2613 2769 ἐπεσπάσατο
2645 2715 2746 2786 τήν
2777 2714 3013 2782 εὔνοιαν,
3051 2719 3147 2771 καὶ
3176 2720 3313 2789 πρὸς
3345 2720 3440 2792 τὴν
3467 2738 3602 2791 προ-

2021 2807 2186 2877 τέραν
2211 2806 2479 2877 ἐπανῆλθε
2513 2806 2722 2874 ὐγείαν.
2765 2808 2878 2861 Οὐκ
2903 2809 2990 2860 ἐπ’
3007 2810 3215 2880 ἀνδρῶν
3237 2811 3293 2864 δὲ
3308 2812 3479 2879 ἀγίων
3507 2812 3603 2866 καὶ

2026 2899 2277 2968 μεγάλων
2309 2898 2491 2965 μόνον,
2519 2898 2656 2950 ἀλλά
2689 2898 2785 2951 καὶ
2813 2900 2905 2951 ἐπὶ
2936 2900 3188 2970 πονηρῶν
3214 2901 3372 2955 τοῦτο
3392 2904 3490 2957 ἴδοι
3516 2923 3603 2968 τις

2023 2989 2089 3043 ἂν
2127 2990 2442 3058 συμϐαῖνον.
2472 2990 2582 3042 Καὶ
2609 2990 2718 3060 γὰρ
2747 2992 2776 3042 ό
2809 2990 3041 3062 λῃστὴς,
3083 2992 3182 3045 οὐκ
3211 2994 3268 3045 ἐν
3306 2995 3439 3063 οἴκῳ
3467 2998 3600 3061 στάς

2021 3082 2315 3151 εὐκτηρίῳ,
2356 3080 2476 3133 οὐδέ
2506 3080 2708 3147 γόνατα
2735 3081 2942 3145 κλίνας,
2971 3072 3084 3135 ἀλλ’
3107 3083 3200 3134 ἐπὶ
3234 3082 3326 3136 τοῦ
3362 3088 3600 3157 σταυροῦ

2019 3172 2331 3243 τεταμένος,
2366 3173 2473 3226 ἀπὸ
2515 3172 2774 3244 ῥημάτων
2817 3172 3012 3241 ὀλίγων
3044 3172 3146 3243 τῆς
3183 3175 3460 3244 βασιλείας
3488 3179 3599 3233 τῶν

2017 3265 2261 3335 οὐρανῶν
2300 3266 2596 3336 ἐπέτυχεν
2632 3266 2791 3329 ἀλλος
2837 3265 2895 3318 ἐν
2943 3264 3187 3338 βορϐόρῳ
3235 3269 3327 3321 καὶ
3374 3269 3596 3342 λάκκῳ,

2016 3358 2174 3421 ἄλλος
2203 3356 2353 3428 [759]
2381 3359 2437 3409 ἐν
2468 3356 2656 3425 λάκκῳ
2679 3358 2773 3408 καὶ
2799 3355 3228 3428 θηρίοις,ἓτερος
3247 3359 3305 3411 ἐν
3336 3359 3473 3432 αὐτῇ
3499 3362 3593 3415 τοῦ

2016 3451 2215 3518 κήτους
2232 3448 2301 3519 τῆ
2322 3446 2494 3517 νηδύϊ,
2521 3446 2611 3500 τὸν
2628 3446 2759 3499 Θεὸν
2781 3447 3278 3517 παρακαλέσαντες,
3299 3448 3369 3502 τὰ
3388 3451 3596 3504 ἐπικεί-

2018 3558 2157 3611 μενα
2187 3540 2402 3594 ἅπαντα
2438 3538 2710 3602 διέλυσαν,
2740 3540 2835 3592 καὶ
2870 3538 2968 3608 τὴν
3005 3539 3211 3593 ἄνωθεν
3244 3539 3458 3596 εὔνοιαν
3494 3545 3597 3595 ἐπε

2014 3631 2343 3685 εσπάσαντο.
2363 3630 2476 3682 Καὶ
2498 3629 2670 3684 ταῦτα
2707 3629 2805 3700 μὲν
2844 3628 3033 3697 λέγων,
3069 3631 3321 3700 παραινῶ
3354 3634 3591 3702 συνεχῶς

2011 3723 2134 3781 ταῖς
2178 3718 2498 3787 ἐκκλησίαις
2542 3717 2964 3788 ἐπιχωριάζειν,
3009 3720 3103 3772 καὶ
3149 3721 3208 3772 ἐν
3252 3720 3398 3790 οἰκίᾳ
3452 3721 3597 3789 μετὰ,

2012 3809 2216 3877 πολλῆς
2254 3808 2488 3877 ἡσυχίας
2524 3806 2802 3877 εΰχεσθαι,
2833 3808 2931 3861 καὶ
2978 3806 3119 3860 κατά
3164 3809 3361 3878 σχολὴν
3388 3810 3595 3875 γόνατα

2012 3894 2316 3959 κλίνοντας,
2349 3896 2444 3948 καὶ
2478 3893 2577 3958 τὰς
2606 3896 2798 3964 χεῖρας
2832 3893 3212 3958 ἀνατείνοντας
3231 3913 3245 3927 ·
3271 3898 3321 3949 εἰ
3351 3898 3407 3950 δέ
3436 3900 3468 3968 ἢ
3500 3901 3591 3956 διὰ

2011 3985 2223 4057 καιρὸν,
2254 3986 2287 4057 ἢ
2328 3985 2418 4039 διά
2448 3985 2613 4038 τόπον
2654 3984 3103 4057 ἀποληφθείημεν
3143 3988 3345 4057 μεταξὺ
3375 3989 3589 4044 πολλῶν

2011 4073 2231 4142 ἐτέρων,
2267 4074 2340 4145 μὴ
2368 4073 2457 4126 διὰ
2483 4071 2642 4127 τοῦτο
2669 4074 2767 4137 τὰς
2797 4074 3048 4144 συνήθεις
3073 4076 3474 4145 ἀπολιμπάνειν
3496 4081 3590 4132 εὐ-

2008 4162 2129 4232 χὰς,
2158 4163 2293 4218 ἀλλά
2323 4162 2515 4218 τοῦτον
2548 4165 2642 4219 τὸν
2672 4165 2895 4235 τρόπον,
2923 4166 3093 4237 ὅνπερ
3129 4163 3284 4221 εἷπον
3313 4169 3450 4238 πρὸς
3485 4171 3591 4240 τὴν

2008 4253 2281 4323 ὑμετέραν
2297 4255 2542 4324 ἀγάπην,
2566 4254 2790 4327 εὔχεσθε
2814 4256 2909 4310 καὶ⁵
2930 4258 3295 4328 παρακαλεῖτε
3313 4259 3404 4314 τὸν
3427 4260 3583 4327 Θεὸν,

2005 4342 2082 4406 ὡς
2116 4342 2269 4396 οὐδὲν
2310 4344 2532 4398 ἔλαττον
2568 4345 2722 4416 παρά
2752 4346 2959 4418 ταύτην
2996 4346 3212 4412 ἕξοντες
3257 4350 3357 4421 τὴν
3397 4350 3584 4422 εὐχήν.

2007 4432 2193 4488 Ταῦτα
2224 4431 2411 4498 εἶπον,
2464 4436 2564 4505 οὐχ
2594 4436 2681 4489 ἵνα
2736 4438 3041 4507 κροτήσητε
3085 4439 3178 4492 καὶ
3230 4439 3589 4511 θαυμάσητε,

2005 4526 2120 4582 ἀλλ’
2147 4526 2233 4579 ῐνα
2270 4526 2361 4579 διά
2403 4526 2511 4580 τῶν
2552 4527 2728 4599 ἔργων
2772 4528 2912 4580 αὐτά
2953 4530 3313 4601 ἐπιδείξησθε,
3354 4533 3447 4585 καὶ
3493 4534 3585 4587 τὸν

2006 4617 2197 4688 καιρὸν
2223 4617 2313 4671 τὸν
2337 4620 2436 4690 τῆς
2469 4618 2661 4682 νυκτὸς
2697 4618 2789 4672 καὶ
2827 4619 2920 4671 τὸν
2946 4620 3048 4686 τῆς
3074 4620 3317 4689 ἡμέρας,
3357 4623 3449 4674 καὶ
3492 4623 3587 4675 τὸν

2004 4711 2113 4782 τῆς
2137 4710 2399 4783 ἐργασίας
2416 4711 2442 4750 ἀ
2465 4710 2654 4781 καιρὸν
2676 4711 2734 4763 ἐν
2759 4711 2946 4781 εὐχαῖς
2981 4711 3077 4765 καὶ
3108 4711 3324 4782 δεήσεσι
3348 4712 3581 4783 διαλαμ-

2005 4802 2277 4868 ϐάνοντες.
2296 4802 2393 4856 Ἂν
2415 4801 2557 4857 οὕτω
2582 4802 2650 4857 τά
2674 4801 2797 4855 καθ’
2825 4803 3051 4866 ἑαυτοὺς
3076 4803 3465 4876 οίκονομῶμεν,
3487 4806 3583 4859 καὶ

2003 4894 2095 4949 τὸν
2129 4894 2372 4963 παρόντα
2406 4893 2543 4964 μετά
2596 4893 2896 4961 ἀσφαλείας
2930 4893 3254 4963 διανύσομεν
3298 4893 3443 4965 βίον,
3483 4896 3581 4949 καὶ

2003 4994 2102 5064 τῆς
2126 4992 2404 5063 βασιλείας
2428 4992 2537 5059 τῶν
2559 4990 2802 5060 οὐρανῶν
2826 4986 3222 5058 ἐπιτευξόμεθα
3240 5005 3257 5021 ο
3280 4984 3348 5059 ἧς
3370 4989 3583 5057 γένοιτο

2004 5083 2211 5146 πάντας
2238 5082 2384 5152 ἡμᾶς
2412 5082 2708 5151 ἐπιτυχεῖν,
2741 5078 2922 5149 χάριτι
2954 5079 3051 5131 καὶ
3078 5078 3454 5150 φιλανθρωπίᾳ
3483 5077 3582 5132 τοῦ

2004 5174 2208 5245 Κυρίου
2248 5173 2403 5243 ἡμῶν
2441 5171 2615 5241 Ἰησοῦ
2646 5170 2903 5240 Χριστοῦ,
2933 5170 2999 5223 δι’
3030 5161 3091 5223 οὐ
3121 5171 3217 5223 καὶ
3246 5169 3365 5238 μεθ’
3395 5164 3455 5223 οὐ
3499 5169 3582 5239 τῷ

2004 5264 2181 5334 Harp).
2216 5264 2250 5333 η
2282 5262 2426 5328 δόξα,
2458 5262 2574 5332 ἅμα
2600 5261 2679 5332 τῷ
2702 5261 2841 5332 ἁγίῳ
2868 5260 3167 5332 Πνεύματι,
3201 5259 3304 5314 νῦν
3330 5260 3423 5313 καὶ
3465 5258 3578 5324 ἀεὶ,

2004 5356 2098 5410 καὶ
2119 5356 2199 5418 είς
2227 5354 2353 5417 τοὺς
2384 5353 2588 5416 αἰῶνας
2604 5352 2712 5408 τῶν
2741 5351 2972 5406 αἰώνων.
3009 5353 3202 5421 Ἀμήν.

2068 5591 2090 5649 εἶ
2114 5588 2233 5649 Reg.
2259 5587 2504 5649 ἐσάλευσε.
2746 5646 2756 5649 Α
2962 5646 2982 5649 _
3018 5630 3023 5633 Α

2067 5648 2093 5687 ἀ
2119 5645 2240 5711 Ηεξ.
2265 5653 2319 5697 et
2347 5647 2485 5699 Colb.
2514 5660 2642 5697 unus
2662 5646 2840 5707 ἡμέρας
2857 5646 3007 5693 ποιεῖν
3042 5645 3275 5705 ἐργασίας.
