4094 6256
509 219 622 282 ϐιεθ

1140 367 1356 420 ΛΟΓΟΣ
1393 364 1469 418 E'.

511 533 672 604 Πρὸς
691 532 832 604 τοὺς
845 532 916 584 ἐν
932 527 1162 604 ἑορταῖς
1179 528 1371 604 μόνον
1403 522 1873 604 συναγομένους,
1905 518 2000 599 καὶ
2033 519 2088 570 τί

588 593 731 656 ποτέ
757 593 926 654 ἑὰτιν
951 593 1121 665 ἑορτή
1139 615 1152 628 ·
1180 593 1286 650 ’καὶ
1319 594 1470 665 πρὸς
1505 593 1648 657 τοὺς
1678 593 2089 665 ἐγκαλοῦητας

587 671 664 737 τῇ
700 673 803 724 τοῦ
834 669 978 722 Θεοῦ
1009 657 1300 737 ’προτοίφ
1323 657 1420 716 δὶά
1447 657 1897 737 τὸ-πλουσίους
1937 657 2088 710 εἶναι

587 727 686 794 κᾶί
711 739 972 803 πένητας
999 727 1179 800 ἐν’τῷ
1212 727 1359 799 ,ϐίῳο
1385 733 1480 785 καὶ
1523 732 1610 784 ὅτι
1638 727 2090 803 χρησιμώτατον

585 813 626 877 ἡ
664 796 986 877 πενιάἶνκάί
1015 806 1101 877 ὅτι
1131 796 1397 877 iacti-tau
1420 796 1670 877 πλείονα
1701 797 1932 877 ἠδονῂν
1964 796 2088 863 ἔχει

585 869 890 946 πανταχοῦ
925 877 1023 928 καὶ
1047 873 1416 942 ἀσφάλειαν·
1449 871 1548 923 καὶ
1589 872 1676 934 εὶς
1704 869 1820 935 τὴν
1849 869 2085 920 Ἅνναν.

582 1035 651 1080 α’.
669 1028 882 1096 Μάτην,
903 1027 975 1087 ὼς
993 1023 1158 1086 ἔοικε,
1184 1024 1309 1083 τούς
1323 1023 1386 1091 τῇ
1413 1017 1647 1090 προτέρᾳ
1677 1013 1891 1078 συνάξει
1911 1029 2090 1085 παρα-

515 1114 840 1186 γενομένους
884 1115 1014 1182 ήμῖν
1059 1109 1548 1180 παρεκαλέσαμεν,
1584 1101 1861 1165 πείθοντες
1911 1104 2090 1172 μένειν

513 1205 608 1256 ἐπὶ
645 1203 743 1273 τῆς
781 1201 959 1262 οἰκίας
993 1199 1092 1268 τῆς
1130 1195 1422 1266 πατρῴας,
1474 1196 1570 1247 καὶ
1617 1195 1691 1263 μὴ
1727 1191 1864 1260 μετὰ
1898 1191 2006 1243 τῶν
2034 1191 2091 1241 ἑν

514 1291 675 1360 ἑορτῇ
710 1288 868 1358 μόνον
920 1287 1050 1354 ἡμῖν
1099 1283 1436 1353 φαινομένων
1483 1279 1805 1350 ἐφίστασθαι
1850 1281 1943 1332 καὶ
1985 1278 2090 1346 ἀφ-

517 1375 766 1428 ίστασθαι
795 1373 957 1426 πάλιν
978 1388 992 1400 ’
1026 1370 1224 1440 μᾶλλον
1253 1369 1310 1421 δέ
1329 1369 1389 1420 οὐ
1421 1368 1614 1437 μάτην.
1637 1367 1700 1418 Εἰ
1729 1367 1836 1434 γὰρ
1861 1365 1959 1417 καὶ
1991 1380 2094 1432 μη-

515 1465 624 1527 δεὶς
662 1463 868 1517 τούτων
915 1459 1137 1530 ἐπείσθη
1170 1461 1282 1521 τοῖς
1329 1457 1674 1527 λεγομένοις,
1725 1453 1840 1508 ἀλλ’
1881 1455 2012 1523 ἡμῖν
2063 1452 2092 1503 0

519 1550 712 1622 μισθὸς
742 1549 1099 1617 ἀπήρτισται,
1141 1546 1235 1598 καὶ
1261 1544 1330 1597 τὰ
1364 1544 1458 1613 τῆς
1489 1541 1626 1612 πρὸς
1656 1541 1745 1594 τὸν
1789 1538 1922 1592 Θεὸν
1954 1540 2092 1592 ἀπο-

518 1638 700 1706 λογίας
723 1635 1096 1707 πεπλήρωται.
1124 1633 1323 1702 Διόπερ
1349 1631 1440 1684 τδν
1460 1631 1702 1696 λέγοντα,
1728 1627 1828 1680 κᾶν
1851 1625 2094 1698 προσέχῃ

517 1743 622 1790 τις,
645 1723 746 1778 κᾶν
770 1723 842 1794 μὴ
876 1721 1136 1794 προσέχῃ,
1167 1719 1237 1772 τά
1266 1719 1555 1789 σπέρματα
1582 1715 1688 1787 χρὴ
1714 1713 2091 1777 καταϐάλλειν,

519 1811 614 1866 καὶ
642 1813 701 1864 τὸ
729 1808 992 1881 ἀργύριον
1015 1805 1384 1868 κατατιθέναι,
1410 1805 1495 1857 ἵνα
1521 1803 1718 1874 μηκέτι
1747 1801 1884 1872 πρὸς
1911 1799 2092 1864 αὐτὸν,

519 1898 654 1951 ἀλλά
685 1897 820 1967 πρὸς
846 1897 972 1958 τοὺς
1002 1892 1336 1964 τραπεζίτας
1369 1893 1396 1944 0
1423 1891 1578 1958 λόγος
1673 1889 1750 1960 τῷ
1771 1888 1909 1958 Θεῷ.
1937 1889 2002 1940 Ὃ
2029 1885 2094 1956 δὴ

519 1993 612 2040 καὶ
654 1987 814 2056 ἡμεῖς
862 1983 1228 2053 ἐποιήσαμεν,
1257 1979 1594 2048 ὲλέγξαντες,
1635 1979 2092 2048 ἐπιτιμήσαντες,

521 2071 1019 2142 παρακαλέσαντες,
1075 2067 1518 2139 νουθετήσαντες.
1551 2063 1656 2118 Καὶ
1705 2065 1814 2135 γάρ
1849 2063 1944 2116 τοῦ
1997 2062 2096 2132 τὴν

517 2159 701 2214 οὐσίαν
726 2156 1138 2228 κατεδηδοκότος
1159 2154 1295 2219 υἱοῦ,
1313 2154 1407 2208 καὶ
1432 2152 1566 2225 πρὸς
1593 2151 1692 2222 τὴν
1725 2149 1998 2221 πατρικὴν
2021 2151 2099 2203 οῖ·

519 2245 641 2298 κίαν
688 2243 1080 2306 ἐπανελθόντος
1116 2242 1520 2318 ἀνεμνήσαμεν,
1557 2238 1651 2291 καὶ
1689 2237 1790 2308 τὴν
1825 2235 2099 2290 ταλαιπω-

517 2333 642 2402 ρίαν
665 2333 900 2392 ἀπασαν,
921 2329 1014 2384 καὶ
1043 2329 1134 2382 τὸν
1159 2327 1336 2396 λιμὸν,
1359 2327 1454 2380 καὶ
1473 2325 1572 2396 τὴν
1601 2324 1884 2396 αἰσχύνην,
1915 2323 2009 2376 καὶ
2030 2321 2101 2374 τά

521 2419 694 2489 ὀνείδη
728 2419 822 2471 καῖ⁸
851 2417 919 2469 τὰ
953 2416 1106 2480 ἀλλα,
1129 2415 1229 2469 ὃσα
1257 2414 1348 2466 ἐπὶ
1373 2415 1469 2484 τῆς
1504 2411 1789 2484 ἀλλοτρίας
1820 2411 2098 2481 ὑπέμεινε,

523 2504 965 2576 προσεθήκαμεν,
999 2501 1078 2572 τῷ
1110 2500 1512 2571 παραδείγματι
1538 2499 1714 2569 τούτῳ
1741 2497 2102 2569 σωφρονεστέ-

524 2607 650 2662 ρους
681 2589 905 2660 ποιῆσαι
936 2587 1266 2657 βουλόμενοι·
1304 2587 1398 2639 καὶ¹
1421 2585 1541 2638 ούδέ
1567 2584 1802 2638 ἐνταῦθα
1829 2585 1917 2636 τὸν
1945 2583 2102 2652 λόγον

523 2679 860 2748 ἐστήσαμεν,
905 2674 1040 2728 ἀλλά
1068 2674 1165 2726 καὶ
1207 2673 1304 2742 τὴν
1337 2671 1430 2724 τοῦ
1465 2671 1670 2742 πατρὸς
1717 2670 2102 2742 φιλοστοργίαν

525 2766 654 2836 περὶ
679 2765 877 2826 αὐτοὺς
907 2760 1322 2832 ἐπεδειξάμεθα,
1356 2759 1456 2812 οὐκ
1476 2759 1880 2828 άπαιτήσαντες
1907 2759 2103 2821 αὐτοὺς

525 2853 624 2922 τῆς
646 2851 917 2924 ῥᾳθυμίας
937 2847 1189 2913 εὐθύνας,
1208 2846 1321 2899 ἀλλ’
1342 2845 1559 2909 ὑπτίαις
1578 2845 1799 2908 τούτους
1822 2845 2104 2914 δεξάμενοι

525 2937 678 3012 [740]
717 2940 838 3001 ταῖς
881 2937 1036 3008 χερσὶ
1061 2974 1076 2999 ,
1119 2935 1214 2988 καὶ
1248 2931 1580 3003 συγγνώμην
1613 2932 1794 2995 δόντες
1825 2932 1964 3002 ὑπὲρ
1997 2931 2104 2985 τῶν

525 3023 1115 3097 πεπλημμελημὲνων,
1166 3023 1260 3075 καὶ
1294 3022 1392 3092 τὴν
1421 3021 1597 3074 οίκίαν
1642 3020 1978 3086 ἀνοίξαντες,
2011 3019 2106 3072 καὶ

526 3117 626 3187 τὴν
653 3115 934 3188 τράπεζαν
965 3110 1324 3182 παραθέντες,
1353 3109 1448 3162 καὶ
1487 3109 1677 3179 στολὴν
1713 3108 1908 3169 αὐτοὺς
1945 3123 2102 3178 περι-

525 3205 780 3268 ϐαλόντες
823 3203 922 3273 τὴν
966 3200 1073 3253 ἀπὸ
1104 3199 1204 3268 τῆς
1239 3197 1618 3261 διδασκαλίας,
1663 3195 1758 3249 καὶ
1789 3194 1888 3265 τὴν
1939 3193 2106 3264 ἀλλην

526 3293 745 3345 ἃπασαν
779 3286 1152 3360 παρασχόντες
1197 3284 1380 3346 αὐτοῖς
1414 3283 1730 3354 θεραπείαν.
1784 3281 2016 3334 Ἐκεῖνοι
2052 3281 2108 3334 δέ

527 3379 620 3432 τδν
643 3379 754 3432 υἰδν
777 3377 986 3430 ἐκεῖνον
1007 3373 1108 3425 οὐκ
1124 3363 1481 3441 ἐμιμήσαντο,
1499 3369 1620 3421 οὐδὲ
1641 3367 1993 3436 κατέγνωσαν
2010 3368 2106 3439 τῆς

530 3464 841 3536 ἔμπροσθεν
871 3460 1306 3530 ἀναχωρήσεως,
1341 3456 1460 3509 οὐδέ
1495 3455 1714 3525 ἔμειναν
1743 3455 1836 3507 ἐπὶ
1875 3455 1974 3526 τῆς
2002 3472 2108 3509 πα-

527 3551 710 3622 τρῴας
733 3549 931 3612 οἰκίας,
957 3547 1069 3600 ἀλλ’
1097 3543 1456 3614 ἀπεπήδησαν
1483 3541 1662 3594 πάλιν.
1694 3539 1990 3611 ’Υμέτερον
2013 3541 2110 3611 μὲν

529 3639 624 3698 οὖν
653 3639 761 3709 εἴη,
779 3635 934 3707 ὐμῶν
955 3633 1064 3687 τῶν
1084 3633 1171 3686 ἀεὶ
1201 3631 1318 3701 μεθ’
1350 3631 1383 3701 ή
1391 3628 1505 3695 μῶν
1531 3627 1719 3692 ὄντων,
1745 3627 2110 3695 ἐπαναγαγεῖν

529 3729 746 3790 αὐτοὺς,
775 3723 870 3778 καὶ
901 3723 1085 3774 πεῖσαι
1120 3717 1400 3772 κοινωνεῖν
1425 3715 1560 3785 ἡμῖν
1592 3714 1691 3784 τῆς
1723 3711 1846 3768 καθ’
1873 3714 2112 3785 ἑκάστην

532 3811 752 3879 σύναξιν
785 3809 1000 3880 ἑορτῆς.
1020 3807 1084 3858 Εἰ
1113 3803 1222 3875 γάρ
1249 3802 1345 3856 καὶ
1373 3802 1407 3872 ἡ
1437 3800 1788 3871 Πεντηκοστὴ
1809 3799 2109 3871 παρῆλθεν,

531 3903 646 3958 ἀλλ’
675 3903 708 3972 ή
741 3896 903 3968 ἑορτή
933 3895 994 3947 οὐ
1037 3889 1282 3962 παρῆλθε
1308 3905 1322 3918 ·
1359 3889 1510 3941 πᾶσα
1541 3887 1652 3958 γὰρ
1687 3886 1902 3950 σύνοδος
1929 3888 2110 3959 ἑορτή.

531 3991 700 4047 Πόθεν
747 3983 904 4055 δῆλον
956 3977 1148 4043 τοῦτος
1206 3975 1324 4029 Ἀπ’
1357 3975 1536 4029 αὐτῶν
1583 3973 1693 4026 τῶν
1737 3972 1830 4026 τοῦ
1879 3972 2112 4045 Χριστοῦ

535 4077 816 4151 ῥημάτων,
839 4071 906 4124 δι’
946 4065 1020 4122 ὧν
1051 4081 1216 4135 φησιν
1234 4080 1248 4094 ·
1281 4063 1469 4116 Ὅπου
1499 4061 1576 4115 ἂν
1607 4055 1720 4114 ὦσι
1743 4059 1854 4113 δύο
1883 4060 1922 4127 ἢ
1957 4060 2114 4128 τρεῖς

532 4147 902 4232 οινορηγμέτὊι
929 4159 1014 4222 εἰς
1041 4157 1107 4208 τὸ
1143 4153 1290 4222 ἐμὸν
1322 4151 1528 4218 ὄνομα,
1549 4147 1691 4232 ὲκεῖῗ
1701 4149 1818 4216 ειμι
1844 4147 1914 4200 ἐν
1945 4149 2115 4216 μέσῳ

532 4231 753 4308 αὐτῶν.
777 4248 944 4301 Ὅταν
975 4243 1030 4296 δέ
1063 4242 1092 4293 0
1127 4238 1359 4310 Χριστὸς
1387 4238 1445 4288 ὲν
1483 4233 1632 4304 μέσῳ
1727 4233 1836 4286 τῶν
1877 4235 2114 4288 συνειλε-

535 4341 772 4410 γμένων,
793 4333 954 4389 ποίαν
979 4331 1171 4402 ἑτέραν
1195 4328 1378 4398 ζητεῖς
1406 4323 1681 4390 ἀπόδειξιν
1703 4324 1898 4394 ἑορτῆς
1913 4325 2116 4395 ταύτης

539 4426 764 4498 μείζονα
783 4437 798 4486 ;
837 4455 840 4460 -

609 4595 786 4647 Ὅπου
813 4584 1132 4643 διδασκαλία
1170 4581 1264 4636 καὶ
1295 4578 1472 4650 εὐχαὶ,
1502 4577 1636 4630 ὃπου
1681 4575 1933 4648 πατέρων
1959 4574 2114 4628 εὐλο-

538 4683 652 4754 γίαι
679 4679 774 4734 καὶ¹
817 4676 976 4732 θείων
1007 4673 1188 4743 νόμων
1227 4667 1512 4738 ἀκρόασις,
1539 4666 1673 4718 ὅπου
1711 4663 1925 4726 σύνοδος
1967 4662 2117 4716 ἀδελ-

538 4749 652 4840 ιρῶν
681 4768 776 4822 καὶ
803 4763 1033 4834 γνησίας
1063 4759 1285 4828 ἀγάπης
1314 4755 1628 4824 σύνδεσμος,
1651 4753 1785 4840 ϐπου
1814 4751 1952 4840 πρὸς
1984 4749 2116 4804 Θεὸν

538 4836 740 4927 όμιλία,
779 4853 871 4907 καὶ
899 4847 1035 4904 Θεοῦ
1068 4845 1203 4918 πρὸς
1233 4841 1552 4927 ἀνθρώπους
1583 4837 1838 4927 διάλεξις,
1878 4836 1993 4927 πῶς
2018 4837 2118 4927 οὐκ

539 4921 606 4998 ἀν
634 4943 718 5010 είη
741 4937 900 5010 ἑορτὴ
933 4937 1026 4990 καὶ¹
1059 4933 1403 5002 πανήγυρις;
1449 4925 1563 4991 Τάς
1602 4925 1709 4996 γάρ
1741 4923 1934 4996 ἑορτάς
1967 4924 2028 4976 οὐ
2058 4921 2118 5010 1:0

541 5009 763 5099 πλῆθος,
799 5009 912 5079 ἀλλ’
956 5025 990 5092 ή
1034 5019 1204 5090 ἀρετὴ
1243 5015 1351 5070 τῶν
1389 5011 1801 5082 συλλεγομένων
1833 5011 2004 5064 ποιεῖν
2043 5009 2121 5062 εῖ-

539 5096 706 5174 ωθεν·
743 5115 841 5184 οὐχ
870 5113 903 5181 ή
932 5107 1247 5163 πολυτέλεια
1283 5104 1392 5156 τῶν
1434 5101 1682 5172 ἱματίων,
1715 5097 1827 5151 ἀλλ’
1849 5100 1878 5151 ὁ
1912 5097 2010 5167 τῆς
2038 5096 2122 5150 εὐ-

541 5205 761 5266 λαϐείας
791 5195 1174 5266 καλλωπισμός
1193 5213 1207 5225 ·
1233 5193 1332 5261 οὐχ
1353 5192 1386 5260 ή
1416 5189 1666 5258 δαψίλεια
1689 5189 1789 5258 τῆς
1815 5185 2118 5257 τραπέζης,

543 5295 656 5350 ἀλλ’
687 5295 722 5363 ή
745 5291 843 5361 τῆς
869 5285 1050 5358 ψυχῆς
1073 5281 1317 5352 πρόνοια.
1347 5276 1540 5346 Ἐορτὴ
1572 5273 1959 5363 γάρᾷμεγίστη,
1997 5289 2122 5363 συγ-

544 5383 682 5446 ειδδς
710 5359 932 5449 ἀγαθόν.
957 5375 1065 5428 Καὶ
1086 5368 1339 5438 καθάπερ
1371 5363 1466 5417 ἐπὶ
1490 5363 1599 5416 τῶν
1638 5359 2120 5449 ἑξωθενᾷπανηγύ-

550 5489 709 5546 ρεων,
731 5447 769 5522 ὁ-
807 5465 909 5538 μὲν
940 5463 1075 5534 μήτε
1125 5455 1339 5529 ἱμάτιον
1368 5447 1936 5546 ἔχων-περιϐαλέσθαι
1979 5447 2121 5546 λαμ.-

547 5534 706 5631 πρδν,
740 5534 874 5626 μήτε
911 5545 1298 5620 δαψιλεστέρας
1329 5537 1634 5631 ἀπολαῦσαι
1661 5535 1962 5609 τραπέζης,
2003 5534 2122 5588 ἀλλ’

551 5623 610 5700 ἐν
643 5623 810 5712 πενία
827 5639 920 5694 καὶ
945 5635 1087 5708 λιμῷ
1112 5631 1216 5700 ζῶν
1245 5631 1338 5687 καὶ
1363 5629 1474 5691 τοῖς
1495 5624 1744 5696 ἐσχάτοις
1779 5625 1988 5692 κακοῖς,
2021 5623 2118 5676 οὐκ

1272 219 1330 275 S.
1371 215 1654 274 JOANNIS
1693 210 2182 270 CHRYSOSTOMI
2221 209 2544 266 ARCIIIEP.
2586 207 3136 266 CONSTANTINOP.

3651 203 3768 260 οτο

2197 318 2512 372 αἰσθάνεται
2555 317 2649 371 τοῦ
2687 316 2880 389 καιροῦ
2911 317 3006 388 τῆς
3059 312 3269 384 ἑορτῆς,
3315 311 3418 368 κάν
3455 313 3638 368 πᾶσαν
3670 313 3774 382 τὴν

2197 405 2350 458 πόλιν
2385 405 2466 474 ἴδῃ
2501 404 2854 476 χορεύουσαν,
2872 403 3006 457 ἀλλὰ
3033 401 3274 470 τοσούτῳ
3295 400 3494 471 μᾶλλον
3517 400 3774 452 ὀδυνᾶται

2196 492 2289 543 καὶ
2317 490 2590 554 δάκνεται,
2622 491 2730 558 ὅσῳ
2761 490 2856 542 καὶ
2891 489 3016 550 τούς
3050 487 3148 557 μὲν
3183 486 3376 548 ἄλλους
3412 487 3516 556 όρᾷ
3543 487 3600 536 ἑν
3639 487 3774 538 ἀπο-

2194 570 2402 635 λαύσει,
2442 573 2632 624 ἑαυτὸν
2663 571 2716 624 δὲ
2750 573 2806 623 ἐν
2846 569 3049 640 ἀπορίᾳ
3073 587 3085 599 ·
3119 571 3148 622 ὁ
3171 568 3228 620 δέ
3259 566 3506 619 πλουτῶν
3525 565 3621 619 καὶ
3644 583 3776 635 τρι.)⁴

2197 657 2333 726 φῶν,
2375 659 2469 711 καὶ
2512 658 2701 720 στολάς
2740 655 2862 710 καθ’
2894 656 3134 724 ἑκάστην
3179 652 3430 724 ἀμείϐειν
3477 652 3638 720 ἔχων,
3676 653 3778 704 καὶ

2197 743 2397 813 πολλῆς
2443 743 2731 798 ἀπολαύων
2763 741 3060 813 εὐημερίας
3083 781 3097 805 ,
3131 740 3236 792 κάν
3270 741 3344 809 μὴ
3385 741 3537 807 παρῇ
3586 739 3775 807 καιρὸς

2197 829 2422 899 ἑορτῆς,
2468 829 2746 901 ἑορτάζειν
2792 827 3031 897 νομίζει·
3076 823 3219 878 οὐτω
3266 825 3332 894 δὴ
3385 825 3478 876 καὶ
3525 823 3620 874 ἐπὶ
3663 821 3778 873 τῶν

2197 911 2583 982 πνευματικῶν
2625 911 2988 982 πραγμάτων,
3022 910 3050 962 0
3097 907 3194 977 μὲν
3229 907 3286 959 ἐν
3319 903 3633 972 δικαιοσύνῃ
3667 903 3778 966 ζῶν

2197 1000 2292 1051 καὶ
2324 997 2732 1068 κατορθώμασι,
2765 996 2868 1049 κᾶν
2907 997 2981 1067 μή
3013 993 3296 1064 παρούσης
3335 991 3552 1062 ἑορτῆς,
3583 991 3779 1060 ἑορτὴν

2197 1085 2340 1151 ἄγει,
2369 1084 2468 1154 τὴν
2491 1083 2738 1156 καθαρὰν
2765 1081 2959 1152 ἡδονὴν
2997 1079 3376 1150 καρπούμενος
3413 1079 3512 1148 τήν
3543 1079 3653 1130 ἀπο
3680 1075 3782 1128 τοῦ

2201 1171 2528 1232 συνειδότος·
2561 1174 2589 1223 0
2613 1171 2671 1222 δὲ
2701 1171 2758 1221 ἐν
2784 1167 3032 1238 ἁμαρτίᾳ
3055 1168 3148 1218 καὶ
3181 1165 3418 1234 πονηρίᾳ
3455 1164 3552 1216 καὶ
3579 1161 3782 1232 τρεφό-

2201 1274 2378 1328 μενος,
2411 1258 2504 1310 καὶ
2537 1256 2708 1309 πολλὰ
2744 1255 2891 1309 κακὰ
2929 1253 3184 1316 συνειδὼς
3215 1252 3416 1321 ἐαυτῷ,
3445 1251 3542 1302 καὶ
3570 1246 3784 1318 παεούο

2200 1361 2300 1415 σης
2336 1345 2550 1414 ἑορτῆς,
2593 1343 2851 1413 ἀνέορτος
2891 1341 3125 1412 μάλιστα
3163 1341 3382 1392 πάντων
3414 1337 3586 1389 ἐστίν.
3613 1336 3784 1386 Ὥστε

2199 1430 2409 1494 ἔξεστιν
2455 1432 2618 1500 ἡμῖν,
2665 1428 2733 1483 ἂν
2775 1427 3088 1498 ἐθέλωμεν,
3127 1425 3246 1477 καθ’
3278 1424 3519 1492 ἑκάστην
3565 1421 3784 1492 ἡμέραν

2201 1518 2391 1590 ἑορτὴν
2421 1519 2596 1586 ἄγειν,
2629 1517 2695 1572 ἀν
2733 1517 2936 1588 ἀρετῆς
2986 1513 3400 1585 ἐπιμελώμεθα,
3438 1513 3532 1566 καὶ
3559 1515 3620 1564 τὸ
3651 1527 3784 1562 συν-

2201 1607 2340 1668 ειδὸς
2385 1605 2546 1675 ήμῶν
2593 1604 3032 1675 ἐκκαθαίρωμεν.
3075 1601 3141 1655 Τί
3187 1601 3297 1671 γὰρ
3345 1603 3380 1671 ή
3431 1597 3784 1669 παρελθοῦσα

2204 1693 2424 1759 σύναξις
2449 1693 2550 1763 τῆς
2579 1691 2860 1762 παρούσης
2891 1691 3236 1754 πλεονεκτεί;
3259 1688 3291 1757 ἢ
3316 1688 3436 1758 οὐχὶ
3462 1688 3540 1757 τῷ
3567 1686 3784 1757 θορύϐῳ

2202 1782 2296 1833 καὶ
2319 1783 2384 1851 τῇ
2415 1783 2626 1850 ταραχῇ
2663 1783 2844 1850 μόνον,
2871 1777 3018 1848 ἄλλῳ
3035 1777 3094 1830 δὲ
3119 1776 3328 1840 οὐδενί;
3354 1775 3524 1827 Ὅταν
3551 1772 3661 1844 γὰρ
3689 1774 3785 1824 καὶ

2204 1869 2238 1938 ή
2263 1867 2371 1920 τῶν
2398 1867 2570 1934 ἀγίων
2600 1865 2912 1935 μυστηρίων
2937 1862 3256 1926 ἀπόλαυσις,
3290 1861 3383 1916 καὶ
3417 1862 3450 1930 ἡ
3477 1859 3584 1912 τῶν
3605 1859 3784 1912 ἄλλων

2203 1955 2312 2008 τῶν
2340 1953 2725 2025 πνευματικῶν
2772 1949 3024 2005 κοινωνία
3047 1991 3062 2016 ,
3104 1943 3216 2001 οἷον
3249 1948 3414 2018 εὐχῆς
3463 1946 3605 2015 λέγω
3625 1985 3638 2010 ,
3685 1947 3788 1999 καὶ

2205 2043 2540 2114 ἀκροάσεως,
2563 2041 2658 2096 καὶ
2682 2039 2964 2108 εὐλογιῶν,
2987 2037 3082 2091 καὶ
3101 2037 3344 2106 ἀγάπης,
3363 2036 3458 2088 καὶ
3479 2035 3584 2088 τῶν
3605 2033 3786 2086 ἀλλων

2205 2131 2478 2196 ἀπάντων,
2499 2132 2533 2200 ἡ
2565 2129 2703 2200 αὑτὴ
2729 2129 2822 2182 καὶ
2845 2128 3082 2200 σήμερον
3111 2119 3168 2198 ᾖ,
3191 2123 3342 2176 οὐδὲν
3367 2122 3518 2174 ἔσται
3545 2121 3788 2174 ἐλάττων

2206 2219 2420 2288 ἐκείνης
2450 2216 2588 2287 αὐτη
2615 2220 2648 2288 ἡ
2692 2218 2899 2286 ἡμέρα,
2931 2214 3055 2267 οὐτε
3080 2214 3230 2283 ὑμῖν,
3276 2209 3398 2263 οὔτε
3432 2211 3556 2280 ἐμοὶ
3585 2209 3664 2280 τῷ
3689 2208 3788 2260 λέ-

2207 2321 2376 2372 γοντι.
2412 2305 2473 2356 Οἱ
2505 2305 2614 2375 γὰρ
2645 2303 2768 2354 τότε
2803 2301 2957 2371 ήμῶν
3001 2299 3357 2364 ἀκούσαντες,
3391 2293 3534 2350 οὗτοι
3567 2297 3660 2349 καὶ
3688 2295 3790 2350 νῦν

2208 2393 2558 2445 ἀκούσονται·
2600 2393 2650 2442 οἱ
2681 2391 2738 2442 δὲ
2767 2391 2842 2460 μὴ
2888 2387 3156 2458 παρόντες
3185 2384 3303 2450 νῦν,
3335 2385 3456 2438 οὐδέ
3487 2385 3608 2438 τότε
3645 2401 3794 2453 παρ-

2208 2479 2366 2550 ῆσαν,
2395 2480 2443 2531 εἰ
2467 2477 2562 2530 καὶ
2590 2477 2804 2531 ἐδόκουν
2835 2478 3088 2545 παρεῖναι
3109 2472 3187 2543 τῷ
3223 2471 3436 2542 σώματι
3457 2489 3472 2501 ’
3500 2473 3598 2524 οὐκ
3618 2472 3792 2524 ἀκούο

2209 2585 2326 2620 ουσι
2355 2567 2448 2619 νῦν
2469 2582 2483 2595 ο
2518 2564 2717 2635 μᾶλλον
2733 2615 2740 2620 ,.
2755 2563 2811 2616 δέ
2855 2562 2977 2616 οὐδέ
3014 2563 3136 2615 τότε
3166 2561 3390 2632 ἢκουον·
3425 2561 3485 2612 οὐ
3531 2562 3688 2630 μόνον
3726 2560 3792 2612 δὲ

2210 2657 2308 2708 οὐκ
2335 2655 2553 2724 ἤκουον,
2585 2651 2721 2704 ἀλλά
2749 2651 2844 2702 καὶ
2866 2652 2975 2712 τοῖς
2995 2648 3152 2720 [7M]
3181 2647 3468 2700 ἀκούουσιν
3490 2647 3790 2716 ἠνώχλουν,

2212 2741 2437 2813 θόρυϐον
2465 2739 2560 2792 καὶ
2581 2737 2823 2808 ταραχὴν
2857 2735 3230 2806 ἐμποιοῦντες.
3259 2735 3422 2788 ’Ὥστε
3447 2733 3558 2784 ἴσον
3581 2735 3704 2802 ἐμοὶ
3725 2731 3797 2784 τὸ

2213 2829 2436 2899 θέατρον
2471 2827 2564 2878 κα)⁸
2597 2827 2718 2878 τότε
2752 2823 2844 2876 καὶ
2878 2823 2993 2887 νῦν,
3031 2822 3126 2873 καὶ
3156 2823 3183 2872 ὁ
3215 2819 3322 2872 τῶν
3351 2819 3632 2890 ἀκροατῶν
3665 2819 3800 2870 σύλ-

2213 2915 2388 2982 λογος,
2411 2914 2438 2965 0
2458 2911 2641 2976 αὐτὸς,
2664 2911 2758 2963 καὶ
2782 2909 2934 2962 οὐδὲν
2951 2905 3102 2970 οὗτος
3123 2907 3360 2961 ἐλάττων
3377 2908 3608 2961 ἐκείνου.
3625 2906 3795 2974 ’Δλλ’,

2214 3005 2262 3054 εἰ
2294 3001 2374 3053 δεῖ
2408 3017 2461 3052 τι
2499 2999 2594 3052 καὶ
2640 2995 2949 3065 θαυμαστὸν
2980 2997 3174 3060 εἰπεῖν,
3205 2993 3318 3064 ἔχει
3358 3011 3410 3046 τι
3440 2993 3598 3046 πλέον
3633 2989 3796 3058 οὗτος

2215 3091 2444 3153 ἐκείνου,
2466 3090 2575 3158 ὅσῳ
2613 3088 2705 3140 καὶ
2739 3088 3012 3155 ἀτάραχος
3042 3086 3075 3154 ή
3114 3081 3368 3148 διάλεξις,
3405 3084 3496 3136 καὶ
3529 3082 3798 3153 ἀθόρυϐος

2216 3181 2248 3248 ἡ
2271 3176 2605 3238 διδασκαλία,
2621 3175 2714 3226 καὶ
2738 3173 2875 3244 μετά
2895 3171 3146 3248 πλείονος
3161 3171 3426 3233 συνέσεως
3451 3171 3484 3239 ή
3508 3171 3796 3239 ἀκρόασις,

2216 3243 2425 3328 οὐδενὸς
2457 3265 2612 3334 ἡμῶν
2647 3243 2935 3334 τὴνάκοὴν
2965 3243 3308 3332 ἐνοχλοῦντος
3343 3259 3593 3330 θορύϐου.

2293 3356 2356 3424 β’.
2375 3352 2560 3405 Ταῦτα
2579 3351 2806 3418 δὲλέγω,
2831 3349 2929 3401 οὐκ
2957 3348 3236 3419 ἀτιμάζων
3254 3347 3315 3399 τὸ
3329 3347 3530 3417 πλῆθος
3543 3345 3652 3400 τῶν
3673 3347 3800 3402 τότε

2219 3441 2621 3506 συλλεγέντων,
2671 3435 2806 3490 ἀλλά
2861 3433 3065 3488 πείθων
3115 3435 3260 3504 ὑμᾶς
3317 3433 3391 3504 μὴ
3445 3435 3798 3502 πυγνάζειν,

2221 3529 2354 3600 μηδὲ
2380 3525 2652 3596 κατηφιᾷν
2681 3522 2770 3576 διὰ
2799 3521 2896 3594 τὴν
2929 3521 3216 3592 ὀλιγότητα
3253 3523 3358 3573 τῶν
3385 3519 3479 3573 νῦν
3508 3521 3798 3590 συλλεγένο

2217 3635 2323 3670 των
2357 3613 2612 3668 ἐνταῦθα.
2645 3612 2718 3664 Οὐ
2746 3610 2854 3682 γὰρ
2875 3609 2938 3680 δὴ
2965 3609 3232 3679 σωμάτων
3263 3609 3464 3679 πλῆθος
3491 3611 3800 3681 βουλόμεθα

2219 3706 2310 3758 ἐπὶ
2331 3703 2428 3774 τῆς
2446 3701 2740 3770 ἐκκλησίας
2761 3700 2913 3769 όρᾷν,
2934 3697 3070 3750 ἀλλά
3095 3696 3378 3768 ἀκροατῶν
3403 3697 3624 3768 πλῆθος.
3643 3700 3805 3756 Ἐπεὶ

2219 3789 2310 3846 οὖν
2341 3793 2390 3842 οἱ
2421 3789 2574 3843 αὐτοὶ
2602 3785 2921 3857 δαιτυμόνες
2953 3783 3046 3836 καὶ
3075 3783 3196 3835 τότε
3238 3784 3332 3836 καὶ
3359 3782 3454 3836 νῦν
3483 3787 3616 3854 ἡμῖν
3657 3787 3800 3856 πάρ-

2220 3895 2346 3945 εισι,
2387 3876 2524 3948 μετά
2557 3875 2660 3943 τῆς
2701 3873 2869 3944 αὐτῆς
2903 3870 3210 3942 προθυμίας
3269 3871 3363 3923 καὶ
3415 3873 3656 3942 σήμερον
3697 3874 3800 3943 τὴν

2221 3966 2462 4020 ἑστίασιν
2497 3964 2623 4034 ὑμῖν
2653 3960 3062 4032 παραθήσομαι,
3092 3959 3183 4012 ἐπὶ
3212 3957 3310 4028 τὴν
3343 3959 3597 4011 ὑπόθεσιν
3629 3961 3800 4012 ἐπαν-

2221 4053 2425 4118 ελθὼν,
2467 4055 2531 4122 ἢν
2573 4052 2602 4102 ό
2645 4051 2742 4120 τῆς
2781 4048 2974 4120 ἑορτῆς
3021 4045 3209 4115 καιρὸς
3271 4045 3536 4113 διέκοψεν.
3586 4045 3800 4118 Ὥσπερ

2221 4143 2328 4214 γὰρ
2351 4141 2448 4211 τῆς
2475 4135 2854 4207 Πεντηκοστῆς
2881 4133 3184 4206 παρούσης,
3205 4133 3433 4202 ἄκαιρον
3452 4129 3538 4202 ἦν,
3561 4135 3800 4202 ἀφέντας

2221 4219 2399 4301 λέγειν
2425 4229 2555 4300 περὶ
2579 4228 2684 4280 τῶν
2711 4223 2972 4278 δοθέντων
3003 4225 3133 4294 ἡμῖν
3166 4225 3284 4276 κατ’
3315 4226 3520 4276 ἐκεῖνον
3555 4224 3647 4276 τὸν
3681 4241 3804 4276 και-

2225 4321 2318 4392 ρὸν
2347 4316 2586 4386 ἀγαθῶν,
2619 4315 2717 4384 τῆς
2747 4311 3067 4373 ἀκολουθίας
3095 4311 3197 4380 τῆς
3244 4311 3508 4381 προτέρας
3543 4309 3761 4380 ἔχεσθαι
3781 4329 3798 4342 ο

2223 4408 2364 4462 οὕτω
2397 4405 2492 4458 νῦν
2518 4405 2617 4473 τῆς
2645 4399 3028 4473 Πεντηκοστῆς
3057 4397 3454 4470 παρελθούσης,
3488 4400 3566 4460 εἰς
3609 4400 3802 4469 καιρὸν

2223 4500 2324 4571 τὴν
2353 4495 2673 4550 ἀκολουθίαν
2708 4493 2806 4564 τῆς
2843 4493 3084 4564 ἱστορίας
3125 4491 3544 4562 ἀναληψόμεθα,
3578 4491 3669 4542 ἐπὶ
3699 4491 3804 4558 τῆς

2225 4586 2370 4642 κατά
2397 4587 2493 4657 τὴν
2525 4585 2723 4638 Ἅνναν
2755 4581 3078 4658 ὑποθέσεως.
3105 4579 3352 4648 ἐχόμενοι
3370 4589 3417 4630 ι.
3453 4577 3588 4630 Οὐδὲ
3617 4575 3723 4646 γάρ
3753 4580 3807 4630 εί

2227 4677 2400 4734 πολλά
2423 4677 2490 4730 τά
2511 4667 2775 4748 εἰρημένα
2805 4672 2912 4744 χρὴ
2946 4671 3188 4734 σκοπεῖν,
3221 4667 3316 4720 καὶ
3335 4669 3393 4722 ἐν
3423 4666 3646 4728 πολλαῖς
3667 4669 3806 4736 ήμέ-

2230 4785 2374 4842 ραις,
2399 4767 2513 4821 ἀλλ⁹
2546 4767 2593 4818 εί
2617 4764 2753 4834 πρὸς
2781 4765 2842 4814 τὸ
2881 4761 3034 4823 τέλος
3073 4758 3310 4830 ήλθομεν
3333 4757 3432 4828 τῆς
3472 4756 3804 4819 ὑποθέσεως.

2227 4859 2338 4914 Καὶ
2363 4857 2470 4928 γὰρ
2507 4857 2554 4908 οί
2592 4851 2864 4924 θησαυρὸν
2898 4849 3169 4920 εὑρόντες,
3207 4847 3312 4902 κάν
3361 4847 3530 4916 μυρία
3569 4843 3809 4898 λάϐωσιν

2227 4953 2435 5006 ἐκεῖθεν
2460 4951 2564 5021 χρή
2573 4963 2737 5018 ματα,
2769 4946 2830 4997 οὐ
2855 4943 3118 5015 πρότερον
3148 4941 3489 5009 ἀφίστανται,
3525 4937 3628 5001 ἕως
3653 4935 3718 4989 ἀν
3743 4935 3810 4987 τὸ

2229 5043 2338 5095 πᾶν
2371 5037 2768 5106 ἐξαντλήσωσιν
2787 5050 2802 5064 ·
2839 5033 2899 5085 οὐ
2935 5030 3042 5100 γὰρ
3070 5029 3131 5082 τὸ
3159 5027 3329 5081 πολλὰ
3355 5029 3556 5094 λαϐεῖν,
3587 5029 3720 5081 ἀλλά
3745 5030 3808 5081 τὺ

2233 5131 2398 5202 μηδὲν
2443 5129 2688 5197 ἀφεῖναι,
2730 5122 2886 5176 τοῦτο
2937 5119 3172 5191 μάλιστα
3223 5118 3418 5181 αὐτοὺς
3469 5119 3809 5173 ἀνακτᾶσθαι

2231 5219 2495 5288 πέφυκεν.
2515 5213 2684 5288 Εἰ,δέ
2716 5212 2775 5288 οί-
2794 5209 2919 5288 περὶ
2951 5207 3021 5262 τὰ
3045 5207 3652 5288 χρήματαιμαινόμενοι
3681 5221 3811 5257 τοσ-

2231 5277 2372 5359 αύτῃ
2410 5287 2537 5357 περὶ
2563 5284 2630 5338 τά
2653 5277 2998 5348 ἀπολλύμενα
3045 5277 3140 5332 καὶ
3165 5277 3239 5349 μὴ
3265 5278 3493 5347 μένοντα
3517 5281 3810 5348 κέχρηνται

2297 5561 2323 5590 ⁸
2349 5557 2620 5610 Colberlini
2652 5555 2914 5618 ἐρχόμενοι.
2942 5553 3070 5604 Infra
3092 5551 3243 5604 Savil.
3280 5558 3324 5604 οἱ
3361 5553 3594 5616 θησαυρὸν
3613 5550 3816 5616 ἀνορύτ-

2231 5637 2388 5678 τοντες
2411 5622 2456 5670 έν
2473 5623 2542 5686 τῷ
2553 5618 2739 5681 κόσμῳ.
