4094 6256
318 249 430 307 1169

974 362 1201 422 SERMO
1243 364 1306 418 V.

316 478 589 533 Adversus
625 493 707 531 eos
730 478 815 546 qui
838 486 1033 531 tantum
1072 478 1127 530 in
1155 478 1292 547 festis
1321 477 1638 542 conveniunt,
1667 489 1715 531 et
1760 479 1914 548 quid-

399 585 529 622 nam
557 572 621 624 sit
646 572 860 640 festum;
889 570 1007 622 item
1028 569 1270 623 adversus
1293 586 1376 623 eos
1402 570 1489 639 qui
1525 570 1757 623 incusant
1783 572 1915 624 divi-

398 676 528 712 nam
554 661 918 730 providentiam
938 699 954 724 ,
995 676 1052 713 eo
1093 662 1228 728 quod
1254 661 1307 712 in
1336 661 1430 713 hac
1459 662 1560 713 vita
1582 662 1787 728 quidam
1814 664 1914 716 sint

392 748 604 813 divites,
636 751 839 819 quidam
871 766 1116 817 pauperes
1141 765 1159 802 :
1188 750 1322 817 quod
1351 759 1620 819 paupertas
1647 752 1913 804 utilissima

392 839 484 902 sit,
514 850 564 892 et
593 841 729 906 quod
757 849 1030 907 paupertas
1056 841 1168 907 plus
1213 840 1484 907 voluptatis
1529 857 1589 893 ac
1632 842 1915 895 securitatis

393 930 587 998 ubique
614 930 823 995 habeat,
850 946 1001 999 quam
1031 931 1253 994 divitia;
1281 933 1499 998 itemque
1534 934 1596 985 de
1636 935 1800 987 Anna.

398 1060 455 1117 1.
480 1058 725 1131 Frustra,
748 1073 807 1119 ut
829 1063 1055 1126 videtur,
1079 1081 1169 1119 eos
1186 1066 1271 1134 qui
1295 1065 1609 1134 praecedenti
1632 1065 1905 1119 adfuerunt

314 1152 602 1218 collectae,
633 1155 827 1209 hortati
851 1170 1032 1209 sumus
1053 1197 1067 1223 ,
1097 1164 1153 1208 ut
1188 1156 1236 1209 in
1262 1163 1479 1225 paterna
1505 1156 1662 1208 domo
1699 1172 1911 1225 perma-

316 1250 544 1307 nerent,
566 1251 620 1297 et
645 1258 749 1296 non
779 1258 880 1297 una
910 1258 1029 1297 cum
1076 1245 1137 1297 iis
1160 1286 1171 1308 ,
1220 1246 1306 1313 qui
1337 1243 1486 1298 festis
1524 1244 1709 1297 diebus
1738 1246 1907 1298 solum

321 1327 417 1384 hic
443 1345 507 1387 se
534 1334 746 1397 sistunt,
777 1333 1093 1388 accederent
1120 1333 1183 1386 ad
1217 1349 1312 1387 nos
1331 1376 1344 1398 ,
1372 1348 1434 1387 ac
1453 1346 1660 1387 rurSum
1683 1334 1908 1388 decede-

316 1428 444 1474 rent
473 1438 488 1474 :
526 1423 634 1476 imo
657 1434 783 1477 vero
824 1438 926 1476 non
961 1423 1173 1476 frustra.
1216 1421 1348 1475 Nam
1390 1423 1486 1476 etsi
1517 1422 1711 1476 nemini
1740 1440 1804 1476 ex
1832 1423 1909 1477 eis

316 1523 646 1581 persuasum
670 1524 812 1569 esset
831 1515 1069 1569 oratione
1092 1524 1269 1568 nostra
1288 1556 1301 1579 ,
1324 1513 1477 1568 nobis
1499 1522 1675 1567 tamen
1698 1529 1904 1568 merces

312 1602 533 1675 integra
574 1614 784 1671 manet,
811 1606 1125 1675 plenamque
1169 1604 1421 1658 habemus
1449 1603 1587 1672 apud
1617 1603 1780 1658 Deum
1809 1603 1906 1658 de-

314 1692 648 1750 fensionem.
665 1694 1020 1760 Quamobrem
1040 1696 1706 1763 Oportetconcionatorem,
1722 1695 1908 1749 etiam-

313 1785 361 1838 si
410 1801 579 1841 nemo
608 1788 878 1854 attendat,
914 1788 1115 1842 semina
1139 1786 1337 1856 jacere,
1366 1795 1420 1841 et
1448 1787 1721 1855 pecuniam
1742 1787 1907 1855 depo-

313 1890 452 1932 nere
476 1919 493 1944 ,
539 1884 594 1933 ut
624 1887 806 1948 postea
850 1878 990 1933 Deus
1022 1894 1123 1932 non
1153 1878 1220 1932 ab
1252 1878 1366 1942 illo,
1400 1877 1493 1932 sed
1534 1894 1563 1931 a
1598 1878 1906 1933 numulariis

314 1967 587 2022 rationem
628 1977 892 2039 reposcat.
937 1967 1088 2033 Quod
1135 1982 1263 2022 sane
1303 1968 1460 2021 etiam
1506 1982 1603 2021 nos
1646 1967 1901 2033 fecimus,

314 2059 623 2129 arguendo,
654 2059 977 2126 increpando
1002 2099 1015 2119 ,
1044 2056 1394 2120 obsecrando,
1440 2055 1802 2109 admonendo.
1846 2057 1903 2111 In

315 2147 424 2202 hoc
450 2149 598 2202 enim
627 2148 778 2201 vobis
803 2146 1334 2201 commemoravimus
1360 2145 1521 2199 filium
1549 2146 1697 2199 illum
1728 2154 1905 2214 pater-

313 2251 514 2290 narum
535 2237 836 2291 facultatum
853 2238 1271 2305 absumptorem,
1293 2235 1500 2289 tandem
1531 2234 1596 2288 ad
1631 2244 1901 2304 paternam

313 2328 545 2382 domum
594 2327 918 2396 postliminio
969 2341 1280 2388 reversum,
1332 2325 1740 2395 nniversamque
1789 2326 1903 2393 ejus

311 2417 618 2479 miseriam,
649 2415 863 2481 famem,
906 2416 1155 2481 dedecus,
1202 2413 1481 2484 opprobria
1511 2455 1525 2478 ,
1571 2423 1622 2468 et
1648 2413 1899 2484 quidquid

311 2507 459 2577 apud
482 2517 697 2562 exteros
724 2508 956 2576 pertulit,
987 2506 1303 2559 adduximus
1330 2506 1382 2559 in
1413 2505 1669 2571 medium,
1700 2514 1757 2558 ut
1801 2505 1902 2558 hoc

310 2598 569 2666 exemplo
590 2597 655 2650 ad
692 2597 1035 2651 sobrietatem
1064 2611 1159 2651 vos
1188 2595 1549 2665 redigeremus
1576 2612 1589 2649 τ
1620 2610 1790 2665 neque
1819 2595 1903 2651 hic

312 2701 626 2740 sermonem
661 2686 946 2751 ﬂnivimus,
974 2700 1155 2740 verum
1176 2686 1333 2739 etiam
1358 2694 1630 2754 paternam
1656 2700 1778 2755 erga
1809 2699 1903 2739 eos

312 2779 573 2847 pietatem
603 2777 961 2841 exhibuimus,
988 2792 1092 2831 non
1124 2776 1456 2846 negligentia:
1480 2790 1661 2845 poenas
1688 2777 1902 2845 exigen-

309 2880 417 2935 tes,
451 2869 547 2923 sed
578 2869 779 2937 supinis
805 2869 1047 2922 manibus
1077 2883 1171 2922 eos
1196 2868 1546 2935 excipientes,
1568 2867 1774 2921 veniam
1805 2867 1892 2922 de-

234 3024 239 3028 ,
308 2960 566 3014 lictorum
610 2958 985 3023 concedentes,
1032 2967 1212 3026 aperta
1251 2957 1409 3011 domo
1451 2973 1686 3011 mensam
1734 2974 1901 3026 appo-

309 3058 532 3111 nentes,
562 3048 817 3103 doctrina:
839 3048 1035 3101 amictu
1059 3062 1152 3100 eos
1177 3047 1484 3101 amicientes
1500 3086 1514 3111 ,
1547 3058 1901 3116 casteramque

310 3153 536 3192 omnem
578 3152 759 3192 curam
811 3136 941 3206 ipsis
984 3136 1318 3189 adhibentes.
1372 3138 1451 3191 Illi
1502 3147 1677 3190 autem
1736 3136 1898 3190 filium

310 3230 467 3283 illum
502 3242 605 3282 non
652 3234 775 3281 sunt
816 3227 1039 3293 imitati,
1072 3240 1171 3281 nec
1204 3242 1298 3280 eos
1325 3227 1493 3280 relicti
1534 3237 1703 3281 emtas
1733 3229 1904 3296 poeni—

313 3319 442 3385 tuit,
484 3332 657 3389 neque
696 3318 748 3372 in
780 3326 998 3386 paterna
1038 3316 1196 3371 domo
1225 3326 1555 3381 manserunt,
1604 3316 1697 3371 sed
1728 3318 1900 3372 denuo

313 3408 715 3463 abscesserunt.
735 3406 977 3461 Vestrum
1007 3407 1164 3477 igitur
1191 3415 1353 3471 esset,
1377 3416 1633 3474 vestrum,
1665 3408 1896 3477 inquam,

314 3499 408 3567 qui
438 3512 651 3567 semper
675 3496 949 3551 nobiscum
965 3497 1112 3563 estis,
1147 3496 1403 3552 reducere
1427 3497 1588 3568 ipsos,
1614 3500 1900 3567 persuade-

316 3604 488 3659 reque
517 3599 574 3643 ut
600 3590 878 3643 nobiscum
921 3604 1015 3658 per
1046 3590 1281 3659 singulas
1309 3591 1558 3645 collectas
1587 3591 1751 3645 velint
1780 3591 1896 3646 festi

314 3696 440 3736 esse
464 3685 764 3751 participes.
812 3681 1063 3748 Quamvis
1093 3682 1235 3735 enim
1278 3681 1594 3736 Pentecoste
1621 3683 1895 3751 praeteriit,

316 3772 512 3825 festum
550 3781 731 3826 tamen
756 3787 860 3825 non
906 3773 1191 3840 praeteriit;
1220 3773 1393 3825 omnis
1421 3774 1563 3825 enim
1603 3785 1898 3827 conventus

318 3861 512 3916 festum
543 3872 644 3916 est.
689 3862 842 3917 Unde
870 3863 970 3915 hoc
990 3862 1166 3928 patet?
1196 3862 1271 3913 Ex
1304 3862 1431 3931 ipsis
1474 3863 1669 3916 Christi
1700 3864 1896 3929 verbis,

316 3952 583 4007 dicentis:
617 3952 924 4022 Ubicumque
948 3952 1132 4019 fuerint
1162 3952 1261 4003 duo
1292 3952 1368 4004 vel
1397 3963 1495 4005 tres
1519 3956 1809 4023 congregati
1846 3955 1898 4007 in

316 4057 431 4095 meo
456 4045 675 4106 nomine,
706 4041 774 4094 ibi
794 4058 904 4095 sum
935 4042 989 4095 in
1028 4041 1192 4094 medio
1218 4057 1391 4095 eorum
1416 4042 1625 4106 (Matth.
1657 4045 1743 4099 i8.
1779 4046 1893 4114 20).

314 4132 537 4199 Quoties
566 4141 740 4187 autem
753 4130 995 4186 Christus
1021 4132 1239 4186 interest
1269 4132 1321 4186 in
1345 4133 1521 4189 medio
1541 4146 1731 4200 coetus,
1756 4136 1894 4207 quod

316 4223 493 4293 majus
517 4224 710 4293 quaeris
742 4224 857 4278 festi
880 4224 1283 4294 argumentum?

390 4354 660 4411 Fastorum
702 4365 911 4411 ornatus
956 4358 1171 4412 veri.—
1197 4356 1298 4412 Ubi
1346 4372 1497 4412 sacra
1546 4357 1786 4414 doctrina
1839 4370 1894 4416 et

316 4460 526 4514 preces,
556 4447 646 4501 ubi
667 4458 875 4516 patrum
905 4447 1304 4502 benedictiones
1323 4458 1376 4501 et
1405 4447 1598 4502 divina:
1624 4449 1757 4519 legis
1796 4465 1894 4503 au-

318 4538 592 4604 ditorium,
616 4539 702 4593 ubi
730 4547 1021 4593 conventus
1046 4538 1675 4610 fratrum,german:eqne
1698 4542 1893 4597 earita-

318 4629 391 4683 tis
433 4630 721 4695 vinculum,
752 4630 841 4684 ubi
884 4644 1004 4685 cum
1036 4631 1147 4685 Deo
1183 4631 1525 4701 colloquium,
1554 4644 1608 4687 et
1638 4635 1730 4689 Dei
1771 4650 1893 4689 cum

323 4719 631 4774 hominibus
659 4734 858 4784 sermo,
890 4721 980 4790 qui
1007 4718 1119 4776 ﬁeri
1146 4729 1319 4789 potest
1344 4730 1401 4775 ut
1426 4722 1498 4777 ibi
1538 4739 1643 4777 non
1674 4726 1742 4779 sit
1763 4725 1894 4779 festa

317 4809 631 4863 celebritas?
670 4809 827 4863 Festa
852 4810 995 4864 enim
1020 4825 1126 4864 non
1157 4811 1437 4865 multitudo
1466 4815 1890 4871 convenientium

320 4899 495 4956 facere
517 4901 671 4965 solet,
700 4901 794 4956 sed
819 4901 1019 4965 virtus;
1050 4916 1156 4956 non
1172 4910 1513 4971 sumptuosus
1535 4906 1777 4969 vestitus,
1799 4908 1893 4962 sed

318 4991 528 5060 pietatis
546 5001 798 5056 ornatus;
827 5010 932 5050 non
962 5008 1162 5049 mensae
1181 4994 1402 5061 lautitia,
1420 4996 1512 5051 sed
1535 5012 1658 5052 cura
1680 5001 1891 5057 animm.

318 5079 607 5135 Maximum
636 5084 778 5138 enim
810 5082 1003 5138 festum
1026 5092 1109 5139 est
1131 5084 1453 5140 conscientia
1482 5086 1637 5142 bona.
1672 5090 1742 5144 Et
1761 5093 1895 5148 sicut

318 5171 373 5227 in
412 5175 646 5228 externis
682 5176 1080 5231 celebritatibus
1109 5177 1152 5231 is
1191 5177 1281 5247 qui
1322 5192 1423 5234 nec
1452 5189 1652 5234 vestem
1693 5182 1891 5253 habet,

319 5281 421 5332 qua
450 5266 718 5333 induatur,
747 5268 1101 5338 splendidam,
1127 5284 1228 5324 nec
1250 5284 1511 5337 mensam,
1538 5287 1639 5341 qua
1666 5272 1891 5343 fruatur,

315 5355 535 5423 lautam,
569 5359 662 5413 sed
702 5359 831 5415 vivit
860 5359 913 5413 in
955 5368 1299 5429 paupertate,
1342 5360 1504 5429 fame,
1554 5374 1895 5437 extremaque

321 5447 574 5514 miseria,
606 5465 710 5505 non
753 5450 985 5506 afficitur
1014 5451 1148 5507 festo
1191 5451 1299 5517 die,
1344 5454 1552 5510 etiamsi
1594 5457 1893 5515 universam

321 5538 504 5593 urbem
528 5541 751 5599 choreas
777 5559 936 5614 agere
964 5544 1162 5613 videat,
1193 5546 1287 5601 sed
1312 5562 1380 5603 eo
1406 5551 1572 5619 magis
1598 5552 1808 5621 angitur
1830 5570 1893 5610 ac

321 5626 465 5684 dolet
489 5631 628 5700 quod
653 5633 784 5688 alios
813 5634 866 5690 iu
894 5635 1099 5692 deliciis
1115 5636 1311 5707 videat,
1336 5638 1462 5695 dum
1494 5641 1612 5709 ipse
1637 5642 1886 5702 omnibus

1554 254 1641 310 DE
1680 253 1863 309 ANNA
1901 250 2126 308 SERMO
2168 253 2229 311 V.

3498 265 3530 318 6
3542 264 3602 319 70

2026 372 2179 429 eget;
2211 362 2358 418 dives
2380 378 2505 418 vero
2534 366 2807 427 delicatus.
2843 372 3135 426 mutatoriis
3166 374 3397 429 vestibus
3425 378 3595 431 abun-

2021 449 2182 515 dans,
2213 460 2268 506 et
2306 454 2356 506 in
2387 470 2592 509 summa
2621 460 2969 531 prosperitate
3009 463 3189 518 vivens
3208 506 3221 531 ,
3252 466 3410 520 etiam
3445 480 3594 522 extra

2021 539 2150 593 festa
2181 550 2419 610 tempora
2445 543 2631 598 festum
2657 561 2813 615 agere
2833 549 2930 603 sibi
2958 550 3166 605 videtur
3193 572 3204 605 :
3236 554 3302 608 ita
3329 565 3382 610 et
3404 557 3453 610 in
3475 560 3599 625 Spi-

2022 631 2298 686 ritualibus
2323 633 2481 688 rebus
2514 638 2793 689 usuvenit:
2829 639 2917 706 qui
2946 639 3071 693 vivit
3096 642 3147 694 in
3169 643 3369 711 justitia
3390 655 3443 700 et
3462 663 3592 716 ope-

2021 718 2167 772 ribus
2197 721 2368 787 bonis,
2404 724 2486 777 vel
2513 725 2720 793 absque
2752 727 2885 781 festo
2916 728 3106 783 festum
3145 733 3289 800 agit,
3330 736 3591 791 sinceram

2020 810 2341 877 voluptatem
2368 828 2432 866 ex
2458 813 2592 868 bona
2616 817 2938 871 conscientia
2968 822 3263 889 percipiens
3296 839 3309 875 :
3350 826 3440 893 qui
3466 841 3593 881 vero

2020 896 2073 949 in
2105 910 2322 966 peceato
2360 909 2411 954 et
2438 903 2635 957 malitia
2680 905 2820 974 degit
2843 946 2857 970 ,
2890 908 3175 963 multorum
3205 912 3462 967 malorum
3491 916 3591 967 sibi

2018 989 2282 1055 conscius,
2314 990 2472 1045 etiam
2503 1010 2620 1047 cum
2647 994 2833 1050 festum
2858 1009 2959 1064 est,
2985 1010 3087 1053 tam
3113 1003 3248 1056 festo
3267 1015 3411 1059 caret
3435 1021 3591 1075 quam

2016 1080 2103 1148 qui
2131 1084 2375 1136 maxime.
2407 1084 2738 1154 Quapropter
2770 1089 2894 1144 licet
2922 1093 3073 1146 nobis
3093 1134 3107 1157 ,
3140 1095 3184 1148 si
3209 1096 3452 1163 velimus,
3493 1115 3586 1167 per

2018 1171 2257 1240 singulos
2283 1174 2395 1228 dies
2416 1173 2606 1230 festum
2635 1177 2849 1243 habere,
2873 1182 2916 1233 si
2947 1183 3194 1237 virtutem
3222 1201 3586 1255 exerceamus,

2015 1272 2070 1316 et
2096 1266 2476 1320 Conscientiam
2520 1267 2877 1338 purificemus.
2920 1272 3029 1338 Qua
3055 1277 3198 1328 enim
3240 1293 3297 1331 re
3326 1281 3589 1346 prmterita

2015 1351 2237 1406 collecta
2269 1354 2367 1408 hac
2398 1358 2643 1422 praesenti
2674 1365 2755 1411 est
2783 1362 2992 1427 potior?
3016 1378 3193 1417 annon
3222 1367 3443 1421 tumultu
3474 1378 3591 1421 tan-

2021 1449 2129 1493 tum
2180 1451 2235 1495 et
2280 1446 2532 1512 strepitu,
2581 1447 2828 1515 nullaque
2870 1465 2927 1504 re
2957 1453 3096 1504 alia?
3124 1453 3342 1519 Quando
3367 1458 3509 1512 enim
3536 1467 3591 1512 et

2014 1541 2318 1585 sanctorum
2347 1536 2723 1604 mysteriorum
2748 1541 3039 1609 perceptio,
3085 1553 3140 1596 et
3183 1546 3407 1601 aliarum
3433 1551 3589 1616 Spiri-

2015 1619 2237 1674 tualium
2267 1638 2456 1683 rerum,
2476 1628 2779 1681 communio
2799 1669 2814 1693 ,
2864 1640 2987 1699 puta
3036 1636 3396 1701 precationum
3414 1677 3432 1702 ,
3458 1653 3589 1692 con-

2012 1711 2204 1779 cionis,
2238 1712 2699 1783 benedictionum,
2728 1721 2963 1775 caritatis
2981 1761 2999 1788 ,
3030 1734 3448 1797 creterorumque
3476 1745 3591 1783 om-

2012 1802 2159 1856 nium
2187 1804 2374 1858 eadem
2400 1816 2481 1860 est
2510 1808 2669 1861 etiam
2712 1809 2891 1874 hodie,
2938 1813 3079 1866 nulla
3126 1816 3177 1869 in
3220 1832 3279 1871 re
3320 1818 3432 1872 haec
3472 1820 3590 1874 dies

2010 1905 2289 1963 superatur
2327 1896 2394 1949 ab
2446 1897 2532 1950 illa
2556 1938 2571 1962 ,
2605 1908 2861 1967 quantum
2892 1903 2975 1956 vel
3017 1903 3083 1957 ad
3124 1919 3220 1960 vos
3271 1908 3357 1962 vel
3407 1909 3474 1963 ad
3503 1925 3591 1964 me

2010 1988 2416 2042 cont-innantem
2444 1990 2653 2044 attinet.
2691 1990 2824 2044 Nam
2848 1995 2935 2061 qui
2975 2004 3099 2049 tunc
3129 2012 3225 2050 nos
3263 1999 3585 2068 audiebant,

2011 2074 2063 2127 hi
2091 2091 2230 2131 nunc
2252 2094 2464 2147 quoque
2492 2080 2718 2134 audituri
2741 2093 2900 2147 sunt;
2930 2094 2982 2138 et
3010 2087 3096 2154 qui
3125 2102 3264 2141 nunc
3287 2090 3495 2155 absunt,
3522 2107 3588 2145 ne

2012 2172 2136 2221 tunc
2170 2169 2383 2237 quidem
2409 2170 2672 2237 aderant,
2723 2173 2930 2229 etiamsi
2961 2190 3183 2244 corpore
3227 2178 3415 2235 adesse
3446 2182 3589 2236 vide-

2009 2265 2195 2312 rentur
2213 2278 2224 2311 ;
2243 2275 2346 2312 non
2368 2261 2590 2315 audiunt
2609 2278 2781 2328 nunc;
2804 2264 2908 2318 imo
2929 2273 3054 2321 tunc
3073 2269 3246 2322 minus
3269 2272 3585 2336 audiebant;

2013 2362 2113 2403 nec
2140 2350 2311 2403 solum
2341 2367 2447 2405 non
2475 2352 2791 2416 audiebant,
2820 2356 2912 2408 sed
2939 2358 3100 2411 etiam
3128 2359 3460 2416 audientibus
3488 2364 3587 2417 oh-

2009 2439 2296 2506 strependo
2324 2440 2537 2494 molesti
2565 2450 2739 2496 erant.
2771 2444 3108 2513 Quapropter
3132 2459 3185 2501 et
3212 2458 3334 2504 tunc
3372 2462 3423 2505 et
3448 2468 3587 2507 nunc

2006 2528 2210 2597 aequale
2236 2530 2363 2582 mihi
2396 2539 2478 2584 est
2512 2531 2778 2586 theatrum
2799 2573 2811 2597 ,
2846 2534 3093 2605 idemque
3126 2539 3428 2594 auditorum
3454 2557 3583 2596 eon-

2012 2627 2225 2685 ventus,
2255 2636 2353 2675 nec
2382 2622 2487 2675 ulla
2518 2623 2568 2676 in
2598 2639 2656 2677 re
2682 2624 2849 2678 altero
2874 2627 2958 2679 hic
2987 2627 3221 2682 inferior.
3258 2630 3387 2696 lmo,
3420 2634 3461 2687 si
3484 2636 3587 2688 mi-

2008 2724 2125 2764 rum
2140 2711 2338 2780 aliquid
2365 2712 2543 2775 dicere
2567 2716 2893 2783 permittitis,
2915 2717 2998 2771 hic
3020 2719 3111 2773 illo
3132 2730 3212 2774 est
3235 2728 3583 2790 pra‘stantior;

2006 2800 2146 2868 quod
2173 2802 2291 2856 sine
2321 2805 2539 2871 strepitu
2570 2806 2637 2858 sit
2656 2821 2853 2871 sermo,
2874 2818 2926 2862 et
2941 2811 3056 2863 sine
3075 2813 3297 2866 tumultu
3326 2815 3584 2880 doctrina,

2007 2898 2060 2943 et
2096 2905 2218 2944 cum
2247 2892 2455 2959 majore
2506 2894 2779 2949 intellectu
2809 2899 3156 2965 auscultatio,
3190 2903 3332 2958 nullo
3362 2907 3585 2963 tumulti.

2012 2980 2248 3033 auditum
2279 2992 2517 3036 nostrum
2540 2984 2976 3054 interrumpente.

2078 3072 2131 3124 2.
2181 3072 2426 3127 Paucitas
2450 3075 2737 3128 auditorum
2765 3094 2826 3130 ne
2850 3080 3124 3133 contristet.
3154 3112 3224 3121 —
3248 3083 3373 3138 llaec
3405 3095 3583 3142 autem

2008 3162 2147 3227 dico,
2178 3179 2281 3218 non
2307 3166 2447 3233 quod
2493 3176 2831 3223 contemnam
2868 3172 3259 3229 multitudinem
3287 3176 3430 3232 illius
3451 3192 3583 3234 oon-

2006 3261 2214 3316 ventus,
2270 3254 2362 3307 sed
2403 3261 2461 3307 ut
2501 3256 2653 3310 vobis
2677 3259 3025 3325 persuadeam
3056 3278 3121 3317 ne
3148 3263 3369 3321 deleatis
3392 3307 3407 3332 ,
3450 3284 3584 3324 neve

2003 3345 2388 3399 contristemiui
2418 3347 2487 3401 ob
2519 3349 2836 3416 paucitatem
2882 3366 3107 3418 eorum,
3159 3356 3248 3424 qui
3298 3373 3439 3412 nunc
3480 3358 3584 3414 huc

2006 3446 2392 3490 convenerunt.
2444 3436 2557 3492 Non
2606 3442 2747 3493 enim
2787 3456 3069 3511 corporum
3093 3486 3108 3510 ,
3151 3448 3243 3501 sed
3284 3450 3583 3508 auditorum

2005 3525 2399 3581 multitudinem
2427 3528 2477 3581 in
2506 3529 2729 3584 ecclesia
2758 3534 3097 3600 requirimus.
3144 3538 3581 3613 Quandoquidem

2006 3616 2164 3686 igitur
2206 3617 2366 3672 iidem
2409 3621 2645 3674 conviva:
2686 3623 2776 3691 qui
2827 3634 2989 3691 tunc,
3036 3628 3196 3683 etiam
3242 3646 3383 3688 nunc
3428 3639 3583 3691 nobis

2003 3708 2214 3770 adsunt,
2254 3710 2364 3776 pari
2391 3709 2663 3766 alacritate
2689 3712 2847 3768 hodie
2875 3731 3084 3786 quoque
3107 3724 3407 3778 convivium
3432 3728 3582 3781 vobis

2002 3796 2286 3859 exhibebo,
2317 3796 2383 3850 ad
2411 3809 2783 3865 argumentum
2814 3819 3081 3869 reversus,
3113 3812 3255 3877 quod
3302 3815 3456 3869 nobis
3497 3817 3575 3871 fe-

2002 3883 2248 3936 stivitatis
2275 3893 2482 3953 tempus
2518 3887 2819 3957 interrupit.
2854 3890 3310 3957 Quemadmodum
3352 3903 3495 3957 enim
3524 3906 3575 3958 iu

2005 3974 2348 4034 Pentecoste‘.
2370 3976 2795 4046 intempestivum
2822 3993 2958 4049 erat,
2982 3986 3177 4040 omissa
3204 3990 3579 4050 beneﬁciorum

2002 4079 2099 4133 per
2128 4063 2179 4117 id
2213 4073 2422 4135 tempus
2466 4067 2516 4121 in
2561 4084 2660 4123 nos
2694 4071 3007 4128 collatorum
3035 4072 3539 4138 commemoratione
3559 4126 3575 4149 ,

2002 4152 2272 4224 inceptum
2310 4164 2468 4211 antea
2522 4168 2826 4215 contextum
2851 4165 3201 4220 continuare:
3233 4170 3302 4222 ita
3328 4185 3468 4225 nunc
3487 4187 3577 4226 ex-

2002 4254 2118 4301 acta
2135 4245 2469 4316 Pentecoste,
2488 4261 2786 4319 Opportune
2803 4253 3076 4310 historiam
3100 4257 3152 4311 in
3174 4274 3363 4315 manus
3376 4276 3578 4316 resum-

2002 4346 2143 4405 ptam
2171 4353 2586 4408 prosequemur,
2620 4344 2901 4413 pristimnn
2926 4347 2995 4402 de
3028 4349 3181 4404 Anna
3208 4363 3575 4422 argumentum

2004 4428 2296 4482 tractaturi.
2344 4430 2457 4484 Non
2506 4433 2645 4485 enim
2691 4436 3034 4503 spectandum
3077 4456 3231 4509 quam
3267 4445 3429 4499 multa
3467 4445 3575 4513 jam

2002 4516 2141 4569 dicta
2167 4517 2292 4581 sint,
2321 4518 2414 4572 sed
2443 4528 2614 4573 utrum
2643 4522 2709 4577 ad
2730 4523 2888 4579 linem
2921 4527 3077 4596 hujus
3120 4536 3417 4599 argumenti
3466 4552 3575 4603 per-

2000 4607 2326 4660 venerimus.
2355 4606 2488 4659 Nam
2520 4617 2575 4662 et
2600 4611 2689 4677 qui
2715 4611 3023 4669 thesaurum
3056 4618 3411 4688 invenerunt,
3450 4624 3573 4680 licet

2001 4697 2258 4767 plurimas
2301 4697 2423 4751 inde
2464 4698 2678 4767 capiant
2719 4700 2932 4756 divitias
2962 4745 2978 4770 ,
3006 4720 3110 4759 non
3141 4709 3283 4774 prius
3317 4711 3577 4768 absistunt

2001 4803 2158 4857 quam
2179 4796 2346 4842 totum
2369 4788 2733 4857 exhauserint,
2761 4800 2819 4845 ut
2842 4808 2975 4861 quos
2998 4805 3221 4850 nontam
3245 4798 3574 4867 juvatmulta

2000 4880 2303 4948 accepisse,
2340 4895 2496 4949 quam
2526 4880 2659 4934 nihil
2702 4881 2965 4952 reliquum
2998 4883 3207 4941 fecisse.
3254 4888 3405 4956 Quod
3452 4894 3494 4947 si
3540 4896 3573 4948 ii

2066 4992 2082 5061 ξ
2249 4988 2345 5038 duo
2356 4996 2407 5061 et.
2423 4996 2559 5061 neg.,
2579 4997 2862 5061 pentecoste.
2878 4994 2948 5061 sic
2964 4993 3084 5043 infra
3110 4998 3253 5061 etiam
3269 4998 3467 5061 legitur.
3484 5010 3575 5051 Mo~

1999 5049 2115 5109 rel.,
2149 5049 2552 5115 Mcsopentecoste,
2588 5054 2638 5100 in
2671 5062 2878 5113 utroque
2916 5053 3039 5104 loco.
3080 5065 3177 5115 qua
3197 5049 3349 5110 ducti“
3362 5049 3574 5115 omnium

2000 5117 2106 5175 less.
2132 5110 2414 5175 auctoritate
2440 5110 2696 5175 lectionem
2719 5110 3022 5175 mutavimus,
3046 5110 3283 5169 suadente
3307 5123 3450 5170 etiam
3468 5110 3575 5173 hic};

2000 5170 2235 5245 illosupra
2252 5170 2393 5243 paulo
2415 5179 2522 5245 post
2555 5174 2760 5245 initium,
2783 5175 3001 5245 Quamvis
3010 5170 3149 5245 enim
3169 5170 3578 5245 Pentecosteprte;

2000 5232 2267 5305 teriit,quo
2300 5233 2538 5305 innuititr_
2561 5233 2639 5282 hic
2672 5232 2932 5305 legendum
2968 5250 3079 5288 esse
3106 5240 3156 5288 in
3191 5243 3401 5305 secundo
3437 5232 3570 5305 lbeo,

1999 5299 2172 5366 exacta
2196 5299 2488 5366 Pentecoste.
2504 5301 2914 5366 Mesopentecoste
2937 5308 3099 5366 autem
3126 5309 3231 5349 erat
3253 5302 3372 5350 feria
3405 5299 3571 5366 quarta

1999 5352 2313 5423 hebdomadis
2355 5361 2539 5423 quartae
2712 5358 2908 5423 Pascha;
2940 5361 3013 5408 sic
3041 5361 3194 5419 dicta,
3220 5365 3331 5423 quia
3362 5352 3572 5414 medium

1998 5416 2203 5476 Spatium
2238 5415 2499 5476 occupabat
2543 5415 2714 5465 Pascha
2757 5415 2964 5469 inter'et
3009 5415 3341 5471 Pentecosten.
3380 5431 3446 5474 De
3493 5426 3571 5475 illa

2000 5429 2203 5523 spatium
2238 5429 2499 5476 occupabat
2543 5429 2714 5465 Pascna
2757 5429 2886 5466 mter
2914 5429 2964 5469 et
3009 5429 3341 5471 Pentecosten.
3380 5431 3446 5474 De
3493 5429 3571 5475 illa

2000 5488 2034 5547 p_
2052 5487 2136 5546 ora
2157 5477 2360 5547 Cangius
2391 5477 2440 5523 in
2465 5476 2699 5547 Glossario
2946 5477 3163 5547 lateriori
3199 5495 3302 5547 tero
3344 5484 3571 5547 frequen-

2001 5535 2186 5603 tissime
2209 5535 2312 5584 haec
2334 5548 2424 5585 vox
2450 5540 2669 5586 occurrit.
2697 5537 2876 5603 Aliquis
2914 5552 3032 5603 ergo
3062 5543 3315 5603 imperitus
3351 5535 3573 5597 librarius

2001 5597 2079 5646 hic
2104 5604 2545 5665 {tesopenteeosten
2572 5604 2760 5649 temere
2784 5597 2993 5649 induxit:
3016 5597 3143 5650 Adde
3163 5617 3272 5665 qua:
3294 5606 3502 5657 dixitms
3525 5610 3573 5662 in

2003 5656 2135 5707 Praef.
2161 5659 2290 5707 Tomi
2314 5658 2473 5720 hujus,
2497 5658 2520 5721 ς
2544 5672 2636 5709 vm.
