4094 6256
534 231 641 294 67f

541 353 633 422 qui
654 367 709 405 ιη
731 348 981 420 pecunias
1001 344 1443 408 insaniunt,tanto
1460 356 1635 396 rerum
1654 340 2003 411 periturarnm
2025 350 2124 390 nec

544 456 913 498 mansnrarum
932 447 1176 494 tenentur
1193 433 1387 492 studio.
1402 432 1568 486 multo
1584 433 1750 501 magis
1762 430 1862 485 hoc
1877 445 1974 485 nos
1990 431 2041 485 in
2055 429 2129 484 di-

543 535 683 588 vinis
701 532 873 586 facere
889 525 1151 582 thesauris
1167 532 1398 592 oportet,
1424 535 1521 575 nec
1534 521 1679 590 prius
1702 520 1958 574 absistere
1969 534 2126 589 quam

546 634 723 680 totum
740 623 842 676 hoc
855 617 993 688 quod
1013 617 1082 669 ibi
1101 614 1338 669 videmus
1355 615 1778 667 exhauserimus.
1794 610 1912 663 Dixi
1928 617 2124 672 autem,

548 715 690 787 quod
724 714 793 766 ibi
821 711 1081 771 videmus,
1107 707 1229 776 quia
1261 706 1562 758 universum
1587 703 1869 756 exhaurire
1896 717 2000 755 non
2031 701 2128 755 da-

557 816 662 860 tur.
696 802 838 855 Fons
866 801 1007 854 enim
1041 808 1120 851 est
1144 795 1446 865 perenniter
1470 807 1690 847 manans
1731 793 2024 846 divinarum
2051 791 2131 844 vis

548 892 933 947 sententiarum
961 928 974 950 ,
1024 899 1309 953 numquam
1350 882 1600 937 deﬁciens
1626 923 1641 947 ,
1680 896 1964 950 numquam
2006 896 2132 934 eva-

547 982 775 1038 cuanda.
825 981 1006 1048 Itaque
1028 992 1095 1031 ne
1121 975 1511 1043 defatigemur:
1543 987 1648 1024 non
1681 974 1822 1025 enim
1855 971 1919 1023 de
1947 970 2129 1038 vulga-

545 1074 698 1127 ribus
726 1071 886 1125 rebus
916 1068 1069 1121 nobis
1100 1074 1184 1119 est
1221 1065 1400 1119 oratio
1419 1102 1433 1127 ,
1464 1061 1558 1115 sed
1584 1061 1649 1113 de
1670 1060 1994 1129 precatione,
2037 1072 2132 1125 spe

548 1170 730 1216 nostra
750 1176 765 1225 ;
788 1157 1096 1230 precatione
1125 1169 1219 1223 per
1244 1167 1402 1222 quam
1431 1149 1627 1203 sterilis
1666 1156 1835 1202 mater
1861 1155 1941 1201 est
1970 1146 2127 1211 facta,

546 1263 601 1308 et
626 1265 927 1306 numerosa:
950 1246 1117 1318 prolis
1144 1258 1335 1313 parens
1363 1256 1480 1309 qua:
1512 1240 1633 1293 ﬁliis
1677 1238 1928 1303 carebat,
1959 1245 2013 1290 et
2060 1250 2126 1290 ex

551 1352 814 1402 mmrente
842 1342 997 1406 laeta;
1027 1353 1121 1407 per
1152 1350 1308 1405 quam
1331 1334 1517 1386 vitiosa
1546 1329 1894 1399 reparabatur
1922 1336 2129 1390 natura,

557 1438 846 1503 clausaque
876 1428 1218 1485 rescrabatur
1240 1423 1453 1486 matrix,
1484 1429 1540 1475 et
1564 1418 1903 1489 impossibilia
1940 1417 2133 1471 ﬁebant

553 1524 849 1599 possibilia.
868 1523 1206 1591 Quapropter
1230 1516 1405 1570 omnia
1444 1514 1695 1584 paulatim
1718 1519 2130 1580 perscrutemur,

553 1618 790 1688 singulas
816 1614 1148 1684 explicantes
1164 1610 1445 1669 dictiones,
1464 1616 1601 1660 utne
1621 1604 1896 1659 minimum
1923 1602 2133 1674 quidem

551 1722 672 1772 nos,
696 1712 955 1776 quantum
977 1702 1089 1757 ﬁeri
1112 1707 1303 1769 potest,
1329 1697 1561 1767 effugiat.
1584 1695 1855 1765 Siquidem
1884 1701 2132 1763 propter-

551 1814 613 1852 ea
644 1798 776 1851 duas
802 1797 1031 1864 integras
1055 1790 1453 1846 dissertationes
1498 1788 1550 1842 in
1578 1787 1685 1841 duo
1710 1786 1822 1840 sola
1850 1786 1965 1854 ejus
1994 1784 2135 1840 dicta

555 1888 936 1956 insumpsimus
974 1900 988 1935 :
1020 1882 1284 1953 primum,
1331 1879 1698 1946 Conﬁrmatum
1739 1886 1815 1931 est
1852 1892 1937 1931 cor
1972 1892 2137 1930 meum

552 1978 607 2031 in
634 1976 875 2040 Domino,
902 1982 955 2027 et
980 1972 1121 2044 quod
1143 1986 1266 2025 mox
1288 1969 1545 2038 sequitur,
1570 1967 1864 2020 Exaltatum
1890 1974 1962 2020 est
1980 1982 2138 2020 cornu

553 2085 720 2122 meum
760 2068 812 2120 in
840 2066 949 2118 Deo
977 2080 1088 2120 meo
1119 2064 1193 2134 (1.
1226 2062 1349 2132 Reg.
1379 2060 1432 2113 2.
1466 2059 1541 2126 1).
1592 2060 1936 2128 Consequens
1981 2058 2138 2127 igitur

553 2168 637 2212 est
666 2156 823 2211 hodie
847 2156 913 2209 ad
943 2155 1158 2209 tertium
1188 2152 1398 2208 venire.
1421 2149 1573 2217 Quod
1606 2163 1737 2204 vero
1758 2147 1860 2203 hoc
1887 2149 2005 2203 est?
2045 2147 2139 2200 Di-

553 2249 767 2302 latatum
791 2258 863 2301 est
891 2262 947 2301 os
972 2261 1135 2301 meum
1162 2259 1312 2299 super
1338 2242 1568 2295 inimicos
1596 2254 1730 2294 meos
1757 2254 1777 2294 :
1817 2240 1987 2294 la'tata
2027 2253 2139 2293 sum

553 2343 610 2396 in
647 2343 811 2395 salute
849 2350 954 2394 tua.
1002 2336 1418 2393 Antmadvertite
1451 2342 1752 2388 accuratam
1795 2331 2089 2385 orationem
2122 2347 2136 2382 :

559 2449 667 2488 non
712 2432 881 2497 dixit,
924 2432 1215 2485 Exacutum
1253 2436 1332 2482 est
1376 2441 1437 2481 os
1466 2439 1643 2478 meum
1684 2438 1845 2492 super
1898 2420 2140 2475 inimicos

559 2539 708 2578 meos
737 2541 748 2574 :
784 2538 886 2576 non
918 2521 1060 2576 enim
1096 2519 1163 2574 ad
1184 2517 1423 2573 convicia
1450 2524 1503 2569 et
1538 2513 1756 2568 dicteria
1788 2519 2140 2581 praeparatum

559 2626 695 2674 erat,
728 2630 832 2668 non
860 2613 926 2667 ad
957 2611 1240 2680 opprobria
1266 2617 1320 2663 et
1351 2605 1741 2661 accusationem
1759 2644 1776 2669 ,
1818 2602 1911 2657 sed
1934 2600 1999 2654 ad
2026 2616 2141 2654 mo-

558 2706 818 2760 nitionem
848 2713 901 2757 et
940 2701 1240 2765 consilium,
1265 2696 1329 2752 ad
1354 2696 1736 2753 correctionem
1760 2702 1813 2747 et
1836 2691 2140 2746 instructio-

564 2812 710 2850 nem.
743 2794 1030 2862 Propterea
1073 2804 1181 2844 non
1214 2788 1382 2851 dixit,
1426 2785 1661 2838 Exacula
1700 2791 1782 2838 est
1822 2782 1995 2851 lingua
2027 2795 2143 2835 mea

562 2900 724 2954 super
754 2884 994 2937 inimicos
1020 2894 1187 2946 meos,
1234 2876 1358 2943 sed,
1391 2874 1675 2927 Dilatatum
1712 2882 1784 2926 est
1812 2888 1887 2925 οε.
1921 2871 2145 2925 Belaxa-

564 2977 730 3041 tione,
759 2973 947 3043 inquit,
975 2971 1154 3025 fruor:
1187 2968 1355 3023 libere
1373 2964 1512 3034 loqui
1542 2978 1759 3034 possum
1784 2962 1920 3031 :jam
1944 2960 2146 3031 pudore

562 3067 807 3121 discusso
831 3064 897 3119 ad
930 3064 1227 3119 libertatem
1252 3058 1403 3113 redii.
1437 3060 1514 3112 Ac
1534 3072 1603 3114 ne
1629 3071 1768 3110 nunc
1789 3054 2000 3124 quidem
2022 3068 2144 3107 mu-

564 3156 752 3211 lierem
781 3155 1025 3209 aemulam
1060 3150 1371 3213 nominavit,
1403 3148 1497 3202 sed
1522 3147 1832 3217 simpliciter
1873 3144 2146 3199 indeﬁnita

566 3247 956 3315 nuncupatione
982 3282 997 3309 ,
1039 3243 1187 3312 quasi
1231 3240 1456 3310 quadam
1496 3239 1671 3300 larva,
1719 3246 1878 3291 tanta:
1920 3236 2147 3290 tristitia:

565 3350 781 3391 causam
826 3332 1125 3387 abscondit.
1179 3330 1293 3383 Non
1333 3328 1506 3394 dixit,
1551 3327 1691 3396 quod
1739 3327 1918 3379 multae
1965 3326 2148 3380 dicunt

565 3425 863 3480 mulieres:
909 3420 1155 3476 Confudit
1181 3435 1299 3474 eam
1328 3420 1498 3482 Deus,
1542 3418 1816 3485 dissipavit
1856 3425 1911 3471 et
1953 3417 2147 3486 dcjecit

567 3516 851 3571 scelestam
877 3524 930 3568 et
955 3520 1287 3581 arrogantem
1329 3518 1384 3564 et
1420 3508 1851 3579 magniloquam:
1893 3508 1985 3563 sed
2016 3509 2148 3562 sim-

574 3605 783 3674 pliciter
804 3643 821 3669 ,
852 3601 1137 3656 Dilatatum
1165 3609 1234 3655 est
1263 3616 1319 3654 os
1345 3614 1510 3654 meum
1532 3615 1685 3669 super
1710 3598 1940 3652 inimicos
1978 3614 2149 3663 meos;

573 3694 751 3748 uelata
777 3710 889 3748 sum
913 3693 965 3744 in
988 3690 1154 3745 salute
1170 3700 1277 3743 tua.

644 3784 713 3837 lu
755 3783 969 3838 salutari
1007 3781 1103 3836 Dei
1137 3781 1299 3835 laturi
1340 3780 1463 3848 quid
1497 3780 1579 3834 sit.
1609 3809 1679 3825 -ν-
1707 3778 1843 3834 Vide
1878 3779 2148 3849 quomodo

571 3874 814 3929 eamdem
842 3873 1011 3942 legem
1042 3887 1137 3941 per
1165 3880 1331 3925 totam
1358 3871 1715 3939 precationem
1764 3878 1960 3923 servat.
2002 3869 2153 3924 Sicut

574 3968 717 4021 enim
749 3968 801 4019 in
841 3964 1101 4035 principio
1125 3963 1350 4026 dicebat,
1386 3962 1749 4030 Con/innatum
1775 3971 1847 4014 est
1875 3976 1963 4013 cor
1988 3977 2152 4014 meum

573 4058 628 4110 in
658 4056 892 4120 Domino,
929 4054 1208 4108 exaltatum
1230 4064 1302 4105 est
1323 4067 1480 4104 cornu
1505 4067 1669 4103 meum
1696 4054 1748 4103 in
1775 4048 1883 4103 Deo
1909 4067 2039 4116 meo,
2067 4051 2150 4104 di-

575 4147 791 4198 latatam
815 4152 889 4197 est
912 4159 969 4196 os
1012 4158 1180 4196 meum
1219 4157 1370 4208 super
1396 4140 1624 4192 inimicos
1654 4156 1786 4193 meos
1813 4155 1832 4192 :
1860 4144 1927 4193 ita
1964 4150 2017 4194 et
2046 4140 2151 4204 hic,

576 4234 771 4287 Laetam
796 4248 908 4285 sum
938 4233 993 4284 in
1019 4230 1185 4284 salute
1209 4239 1314 4281 tua.
1347 4229 1459 4283 Non
1500 4229 1829 4297 simpliciter,
1870 4229 1922 4282 In
1963 4231 2152 4295 salute,

577 4323 697 4387 sed,
731 4322 795 4373 In
832 4321 996 4373 salute
1022 4329 1129 4373 tua.
1158 4319 1271 4373 Non
1314 4320 1456 4372 enim
1486 4320 1736 4387 quoniam
1768 4328 1975 4373 servata
2014 4334 2153 4386 sum,

578 4413 673 4467 sed
704 4411 952 4480 quoniam
980 4426 1074 4479 per
1102 4418 1155 4464 te
1177 4418 1383 4464 servata
1425 4424 1562 4473 sum,
1610 4418 1887 4478 prepterea
1927 4411 2078 4463 laetor
2103 4420 2156 4465 et

580 4504 809 4559 exsulto.
834 4502 986 4557 Tales
1012 4504 1206 4572 quippe
1231 4510 1353 4555 sunt
1377 4510 1678 4555 sanctorum
1702 4501 1925 4568 animae;
1955 4502 2021 4558 de
2050 4503 2159 4558 Deo

580 4599 752 4667 magis
795 4597 1042 4651 laetantur
1092 4603 1313 4650 auctore
1359 4610 1658 4661 munerum,
1715 4611 1871 4664 quam
1917 4596 1984 4650 de
2031 4596 2158 4665 ipsis

581 4689 894 4742 muneribus
926 4706 939 4742 :
972 4703 1075 4741 non
1106 4687 1247 4742 enim
1276 4694 1491 4756 propter
1512 4687 1649 4741 dona
1679 4687 1872 4755 ipsum,
1902 4691 1995 4743 sed
2021 4689 2158 4743 dona

581 4790 798 4848 propter
829 4780 973 4833 illum
1000 4780 1247 4849 diligunt.
1282 4778 1395 4832 Hoc
1430 4793 1613 4832 servos
1642 4788 1827 4847 gratos
1851 4779 2025 4845 decet,
2059 4779 2159 4835 hoc

583 4870 812 4923 famulos
832 4870 1072 4924 beneficii
1098 4882 1384 4934 memores,
1406 4868 1656 4923 videlicet
1677 4868 1837 4923 rebus
1856 4870 1964 4924 suis
1988 4871 2161 4925 omni-

583 4960 684 5015 bus
714 4973 1025 5028 praeponere
1054 4959 1355 5013 Dominum.
1398 4956 1485 5013 Sic
1527 4959 1685 5013 etiam
1727 4973 1826 5013 nos
1862 4959 2036 5014 affecti
2083 4962 2159 5014 si-

583 5068 743 5108 mus:
774 5069 895 5108 cum
922 5056 1336 5123 peccaverimns,
1386 5069 1491 5109 non
1527 5054 1804 5109 doleamus
1843 5056 1966 5124 quia
2006 5056 2161 5124 puni-

585 5162 725 5211 mur,
752 5146 848 5202 sed
868 5146 989 5216 quia
1013 5147 1292 5201 Dominum
1323 5146 1641 5202 offendimus
1667 5164 1680 5200 :
1712 5157 1767 5202 et
1792 5149 1837 5202 si
1860 5148 2001 5219 quod
2027 5164 2160 5218 opus

585 5238 784 5295 bonum
813 5248 1054 5293 nostrum
1095 5245 1197 5303 est,
1244 5251 1351 5291 non
1397 5235 1720 5304 gaudeamus
1752 5248 1969 5306 propter
1998 5253 2159 5308 regna

583 5331 859 5394 calorum,
899 5328 990 5383 sed
1018 5329 1140 5399 quia
1178 5342 1293 5383 rem
1329 5328 1581 5382 calorum
1626 5328 1755 5398 Rtxi
1798 5337 2003 5399 gratam
2030 5330 2152 5385 feci-

584 5436 721 5476 mus.
745 5421 842 5489 Qui
870 5420 1010 5475 enim
1041 5435 1185 5475 sana:
1220 5419 1414 5473 mentis
1440 5427 1541 5485 est,
1571 5418 1829 5474 offensam
1868 5419 1961 5475 Dei
1992 5421 2159 5491 magis

584 5510 755 5574 timet,
783 5525 940 5578 quam
991 5509 1149 5563 ullam
1178 5508 1495 5578 gehennam,
1531 5517 1586 5564 et
1611 5509 1822 5578 placere
1858 5510 1968 5565 Deo
1995 5511 2158 5580 pluris

584 5603 830 5669 assumat,
858 5618 1015 5674 quam
1063 5604 1226 5657 ullum
1263 5616 1503 5674 regnum.
1537 5600 1646 5658 Nec
1687 5602 1898 5657 mireris
1937 5603 1983 5659 si
2025 5618 2151 5674 erga

1256 232 1313 289 S.
1352 229 1627 287 JOANNIS
1660 222 2131 284 CIIRYSOSTOMI
2170 223 2489 281 ARCIIIEP.
2529 220 3059 281 CONSTANTINOP.

3712 222 3824 279 672

2240 336 2405 390 Deum
2444 352 2562 391 esse
2589 338 2665 392 sic
2699 336 2946 391 affectum
2974 347 3206 408 oportet,
3250 354 3371 394 cum
3398 355 3525 410 erga
3567 340 3822 394 homines

2233 430 2383 483 multi
2411 430 2490 484 sic
2533 429 2706 484 affecti
2737 431 2861 484 sint.
2893 430 3046 500 Szepe
3070 434 3214 486 enim
3243 434 3333 503 qui
3362 448 3650 503 germanos
3678 432 3819 487 libe-

2234 534 2324 573 ros
2371 520 2646 583 habemus,
2688 521 2731 573 si
2771 524 2853 575 vel
2896 522 3044 575 inviti
3081 539 3176 576 eos
3223 524 3539 590 lmserimus,
3584 541 3616 579 ε
3662 528 3819 581 nobis

2236 609 2363 677 ipsis
2392 625 2575 679 pmnas
2607 612 2934 679 reposcimus
2964 628 2977 663 :
3007 621 3061 665 et
3094 626 3219 681 erga
3241 615 3442 668 amicos
3469 615 3613 669 idem
3642 616 3819 670 facere

2234 699 2490 753 solemus.
2521 698 2672 765 Quod
2711 701 2756 753 si
2803 700 3005 755 amicos
3033 709 3123 755 aut
3160 701 3298 756 ﬁlios
3339 703 3614 758 offendere
3645 706 3817 757 multo

2235 791 2450 857 gravius
2491 801 2736 857 putamus
2778 806 2936 859 quam
2985 806 3170 860 pinnas
3217 793 3388 857 luere,
3440 795 3609 849 multo
3649 796 3819 862 magis

2235 892 2357 946 erga
2387 879 2551 933 Deum
2593 880 2671 933 sic
2694 879 2831 933 afﬁci
2859 881 3031 946 decet,
3061 891 3113 936 et
3154 883 3297 936 omni
3326 883 3567 953 gehenna
3600 886 3820 952 gravius

2239 970 2529 1036 putandum
2575 980 2679 1037 est,
2725 972 2922 1041 aliquid
2962 972 3153 1028 fecisse
3198 975 3339 1044 quod
3389 976 3463 1029 illi
3513 975 3813 1045 displiceat.

2238 1059 2379 1114 Talis
2424 1069 2538 1114 erat
2568 1060 2753 1116 beatus
2794 1063 2988 1117 Paulus
3017 1084 3029 1117 :
3055 1075 3333 1135 propterea
3376 1064 3607 1131 dicebat,
3639 1069 3816 1121 Certus

2237 1167 2346 1203 sum
2376 1154 2509 1220 quod
2532 1170 2697 1221 neque
2739 1157 2924 1224 angeli,
2971 1174 3127 1224 neque
3162 1159 3494 1228 principatus,
3538 1177 3695 1228 neque
3725 1177 3816 1229 po-

2237 1248 2457 1305 testates,
2486 1258 2642 1310 neque
2662 1244 2949 1312 prementia,
2984 1262 3142 1313 neque
3173 1248 3365 1316 futura,
3394 1265 3550 1313 neque
3575 1250 3811 1314 altitudo,

2237 1348 2391 1401 neque
2433 1335 2757 1403 profundum,
2795 1352 2884 1387 nec
2928 1338 3031 1389 alia
3069 1348 3297 1390 creatura
3323 1341 3503 1407 poterit
3532 1357 3624 1392 nos
3661 1357 3813 1409 sepa-

2236 1438 2352 1475 rare
2394 1440 2423 1474 a
2453 1426 2659 1476 caritate
2686 1423 2802 1490 Dei,
2851 1441 2963 1494 quia
3001 1437 3073 1479 est
3102 1428 3155 1479 in
3185 1426 3380 1481 Christo
3425 1428 3552 1482 Jesu
3594 1429 3815 1483 Domino

2238 1521 2405 1565 nostra
2437 1513 2607 1583 (Rom.
2651 1514 2703 1568 8.
2739 1514 2827 1569 39.
2866 1516 2975 1584 40).
3021 1518 3155 1583 Quin
3204 1529 3257 1572 et
3304 1533 3513 1575 sanctos
3556 1532 3818 1592 martyres

2240 1618 2360 1656 cum
2390 1604 2575 1657 beatos
2624 1620 2894 1671 vocamus,
2939 1608 3007 1661 ob
3038 1610 3252 1662 vulnera
3299 1610 3529 1678 primum
3556 1614 3816 1680 prmdica-

2240 1708 2377 1759 mus,
2410 1712 2529 1749 rnox
2572 1696 2641 1749 ob
2668 1698 2917 1765 prtumia;
2948 1700 3094 1769 prius
3142 1701 3210 1755 ob
3253 1702 3450 1771 plagas,
3495 1715 3549 1758 et
3579 1712 3688 1757 tum
3715 1705 3817 1758 dc-

2240 1800 2383 1838 mum
2428 1785 2495 1837 ob
2541 1800 2768 1839 coronas
2822 1788 3100 1854 repositas.
3146 1788 3369 1844 Prmmia
3416 1793 3557 1845 enim
3599 1805 3816 1862 propter

2239 1877 2454 1929 vulnera
2495 1876 2825 1945 contingunt,
2867 1885 2920 1929 et
2948 1892 3050 1930 non
3081 1878 3296 1931 vulnera
3329 1890 3547 1949 propter
3577 1874 3813 1949 praemia.

2311 1964 2363 2017 5.
2406 1962 2679 2017 xErumnaz
2717 1982 2807 2032 pro
2834 1964 3031 2018 Christo
3074 1970 3318 2033 toleratae,
3362 1980 3475 2021 sunt
3519 1973 3701 2042 gratia,
3731 1988 3811 2024 co-

2241 2070 2387 2120 rona,
2417 2071 2621 2107 merces.
2646 2084 2718 2093 —
2745 2053 2818 2109 lla
2846 2057 3029 2109 beatus
3060 2073 3270 2127 quoque
3316 2059 3506 2113 Paulus
3553 2077 3657 2115 non
3709 2072 3817 2115 tam

2242 2147 2489 2215 repositis
2516 2147 2613 2200 sibi
2643 2147 2817 2210 bonis,
2842 2163 2995 2216 quam
3026 2150 3281 2204 molestiis
3308 2160 3522 2220 propter
3547 2153 3816 2208 Christum

2242 2237 2570 2306 perferendis
2595 2238 2876 2308 gaudebat,
2900 2240 3263 2310 clamabatque
3288 2242 3492 2308 dicens,
3528 2243 3735 2298 Gaudeo
3765 2246 3815 2300 in

2243 2330 2555 2398 passionibus
2604 2347 2694 2398 pro
2729 2331 2864 2383 vobis
2914 2330 3045 2400 (Col.
3094 2332 3145 2385 1.
3176 2332 3265 2403 24)
3294 2350 3307 2385 :
3340 2341 3393 2387 et
3431 2336 3643 2401 iterum,
3699 2335 3821 2389 Non

2244 2424 2407 2475 solum
2449 2432 2636 2486 autent,
2695 2438 2865 2476 verum
2916 2432 2961 2476 et
3003 2425 3280 2494 gloriamur
3319 2427 3371 2479 in
3417 2428 3819 2482 tribulationibus

2246 2513 2422 2581 (Rom.
2454 2512 2507 2567 5.
2530 2514 2584 2582 5)
2614 2530 2627 2565 :
2658 2521 2712 2566 et
2740 2528 2969 2578 rursum,
3002 2513 3255 2580 Quoniam
3305 2516 3447 2569 nobis
3477 2517 3717 2570 donatum
3747 2533 3824 2571 εει

2245 2618 2276 2653 a
2307 2601 2431 2667 Deo,
2465 2611 2517 2654 ut
2554 2618 2655 2655 non
2683 2603 2846 2655 solum
2874 2603 2927 2657 in
2970 2620 3083 2656 eum
3110 2603 3394 2669 credamus,
3423 2606 3513 2658 sed
3550 2609 3696 2659 etiam
3726 2624 3822 2675 pro

2245 2707 2302 2742 eo
2337 2692 2589 2759 patiamur
2632 2688 2885 2759 (Philipp.
2924 2691 2976 2745 1.
3019 2690 3135 2760 29).
3184 2691 3278 2747 Est
3316 2693 3456 2747 enim
3494 2697 3660 2762 gratia
3705 2704 3833 2745 vere

2247 2782 2496 2846 maxima,
2541 2780 2756 2849 dignum
2807 2782 3015 2836 censeri
3060 2794 3272 2852 propter
3314 2782 3580 2839 Christum
3620 2787 3823 2856 aliquid

2250 2872 2377 2939 pati,
2411 2882 2463 2925 ct
2484 2886 2678 2925 corona
2706 2886 2832 2925 vere
2864 2871 3117 2941 perfecta,
3149 2884 3202 2928 et
3226 2890 3429 2930 merces
3455 2875 3630 2929 futura
3660 2880 3823 2931 retri-

2250 2958 2468 3013 butione
2506 2975 2610 3012 non
2655 2961 2869 3014 minor:
2900 2970 2949 3015 et
3004 2961 3105 3016 hoc
3148 2974 3344 3018 norunt
3368 2967 3455 3034 qni
3485 2967 3717 3035 legitime
3756 2982 3825 3022 ac

2250 3049 2517 3103 ferventer
2543 3049 2811 3104 Christum
2833 3050 3056 3123 diligere
3092 3055 3283 3109 sciunt.
3316 3054 3459 3110 Talis
3488 3067 3601 3111 erat
3625 3068 3678 3112 et
3707 3056 3826 3112 hanc

2250 3141 2459 3207 mulier,
2498 3140 2923 3197 ardentissimum
2969 3145 3167 3200 habens
3206 3147 3257 3199 in
3288 3147 3451 3202 Deum
3477 3148 3825 3216 desiderium,

2249 3244 2300 3285 et
2332 3234 2549 3301 ignitum
2594 3248 2868 3289 amorem:
2903 3245 3181 3304 propterea
3220 3237 3448 3303 diccbat,
3489 3239 3683 3293 Lwtata
3710 3256 3825 3294 sum

2250 3321 2302 3373 in
2330 3323 2541 3375 salutari
2589 3334 2694 3377 tuo.
2724 3324 2865 3379 Nihil
2892 3327 3032 3379 enim
3063 3327 3161 3395 ipsi
3206 3327 3300 3380 fuit
3333 3344 3454 3383 cum
3496 3340 3632 3384 terra
3672 3345 3824 3383 com-

2250 3427 2429 3478 mune,
2456 3412 2549 3467 sed
2592 3430 2750 3469 omne
2779 3412 3065 3469 humanum
3096 3418 3356 3472 auxilium
3390 3419 3736 3489 deSpiciebat,
3769 3431 3826 3475 et

2252 3513 2369 3557 erat
2387 3503 2619 3573 Spiritus
2642 3507 2805 3575 gratia
2830 3507 3089 3572 sublimis,
3121 3508 3171 3560 in
3194 3508 3542 3579 omnibusque
3563 3510 3627 3563 ad
3659 3511 3824 3564 Deum

2256 3593 2594 3665 reSpiciebat,
2625 3604 2680 3649 et
2712 3596 2778 3650 ab
2809 3599 3116 3665 urgentibus
3141 3600 3394 3653 molestiis
3440 3601 3583 3654 illinc
3611 3602 3826 3655 liberari

2254 3685 2492 3754 rogabat.
2521 3685 2750 3741 Noverat
2778 3688 2942 3753 enim,
2988 3689 3143 3758 plane
3173 3700 3410 3756 noverat,
3452 3691 3678 3747 humana
3710 3693 3830 3763 qni-

2254 3775 2396 3843 dem,
2427 3779 2830 3850 qualiacumque
2867 3780 2995 3847 sint,
3027 3781 3262 3835 dantium
3295 3782 3489 3838 imitari
3534 3800 3775 3839 naturam
3804 3804 3818 3837 :

2256 3870 2408 3924 nobis
2433 3879 2609 3925 autem
2636 3870 2814 3925 divino
2835 3886 3045 3939 semper
3073 3887 3205 3941 Opus
3233 3888 3350 3928 esse
3377 3876 3593 3940 auxilio,
3619 3878 3660 3929 si
3696 3876 3821 3928 veli-

2256 3974 2373 4013 mus
2403 3974 2653 4014 ancoram
2694 3962 2744 4014 in
2777 3970 2887 4015 tuto
2930 3961 3162 4016 ﬁrmare.
3193 3963 3526 4033 Quapropter
3556 3965 3625 4020 ad
3656 3966 3825 4035 Deum

2256 4065 2467 4120 semper
2510 4050 2878 4122 confugiebat;
2921 4062 2973 4106 et
3019 4063 3233 4123 accepta
3273 4056 3463 4123 gratia,
3504 4056 3647 4126 quod
3689 4058 3828 4114 Deus

2256 4141 2372 4209 ejus
2405 4152 2588 4195 auctor
2630 4153 2788 4206 esset,
2834 4143 3001 4211 magis
3039 4144 3319 4212 gaudebat,
3350 4154 3403 4199 et
3432 4147 3627 4215 gratias
3664 4161 3829 4215 agens

2223 4280 2231 4289 ,
2258 4230 2466 4284 dicebat
2497 4248 2510 4284 :
2540 4229 2659 4283 Non
2698 4240 2768 4284 est
2793 4242 3016 4298 sanctus,
3051 4242 3102 4285 ut
3144 4243 3214 4286 εει
3240 4233 3500 4300 Dominus,
3549 4246 3595 4289 et
3630 4253 3725 4289 non
3751 4245 3826 4289 est

2249 4320 2420 4388 justus
2445 4320 2575 4373 sicut
2610 4319 2748 4374 Deus
2776 4332 2961 4389 noster,
2998 4331 3042 4376 et
3083 4339 3183 4377 non
3223 4334 3294 4377 est
3345 4335 3547 4379 sanctus
3576 4339 3752 4396 prwtcr
3782 4338 3820 4381 t.

2262 4411 2339 4477 (1.
2364 4409 2490 4480 Reg.
2520 4409 2574 4463 2.
2601 4409 2680 4480 2).
2707 4410 2917 4465 Etenim
2956 4413 3439 4483 irreprehensibile,
3474 4416 3662 4485 inquit,
3682 4417 3816 4485 judi~

2261 4501 2398 4554 cium
2431 4503 2566 4567 ejus,
2594 4510 2649 4555 et
2682 4501 2987 4571 incorrupta
3028 4503 3424 4574 infallibilisque
3450 4508 3734 4561 sententia.

2333 4592 2487 4646 Ratio
2515 4593 2853 4661 beneﬁcentia:
2890 4610 2923 4647 a
2956 4592 3061 4648 Deo
3092 4612 3192 4649 non
3221 4599 3567 4667 reposcenda;
3610 4616 3798 4670 pauper

2263 4692 2340 4737 tas
2365 4694 2497 4737 artes
2524 4684 2731 4737 invenit.
2753 4714 2824 4726 —
2848 4685 3037 4741 Vidisti
3082 4698 3245 4757 gratae
3271 4689 3465 4744 anima:
3507 4693 3789 4761 cogitatum
3813 4734 3820 4743 .

2261 4773 2376 4828 Non
2406 4774 2539 4829 dixit
2566 4776 2702 4830 intra
2728 4791 2824 4831 se:
2856 4776 2990 4844 Quid
3020 4792 3289 4847 magnum,
3317 4791 3408 4834 aut
3435 4782 3557 4852 quid
3580 4799 3688 4853 pm
3713 4782 3809 4837 alia

2261 4867 2443 4936 accepi
2463 4868 2486 4920 ἰ
2506 4866 2657 4933 Quod
2684 4867 2891 4922 aemulae
2929 4883 3062 4923 mea:
3096 4870 3205 4938 jam
3231 4870 3429 4926 dudum
3460 4875 3673 4942 copiose
3700 4887 3798 4926 con

2265 4958 2402 5028 tigit,
2435 4958 2485 5013 id
2515 4974 2614 5029 ego
2650 4959 2736 5014 vix
2767 4960 2980 5015 tandem
3008 4977 3201 5033 magno
3240 4973 3417 5017 conati
3443 5005 3458 5032 ,
3485 4973 3538 5019 et
3566 4966 3827 5036 lacuymis,

2262 5057 2319 5103 et
2345 5048 2614 5118 precibus,
2660 5061 2715 5105 et
2744 5052 3216 5119 supplicationibus
3244 5054 3541 5123 impetravi.
3570 5055 3673 5111 Sed
3699 5070 3831 5125 quo-

2264 5139 2406 5192 niam
2446 5140 2583 5195 bene
2636 5141 2900 5196 sentiebat
2948 5140 3017 5196 de
3060 5142 3153 5197 Dei
3181 5144 3532 5213 providentia,
3577 5148 3833 5200 rationem

2263 5230 2626 5288 beneﬁcentiae
2667 5248 2773 5288 non
2813 5233 3044 5301 reposcit
3064 5248 3095 5287 a
3124 5236 3371 5302 Domino,
3403 5237 3544 5307 quod
3574 5238 3721 5292 multi
3750 5236 3829 5291 t'a-

2262 5324 2433 5389 ciunt,
2475 5325 2711 5394 quotidie
2743 5325 2912 5380 Deum
2956 5326 3011 5380 in
3053 5327 3141 5396 jus
3187 5337 3458 5382 vocantes.
3505 5329 3562 5383 Si
3608 5328 3832 5383 viderint

2264 5417 2405 5473 hunc
2432 5417 2671 5484 divitem,
2695 5418 2858 5473 alium
2882 5419 3116 5489 inopem,
3148 5434 3250 5475 non
3277 5420 3528 5475 desinunt
3551 5422 3830 5475 adversum

2262 5511 2381 5576 ejus
2404 5510 2789 5579 providentiam
2825 5509 3063 5579 obloqui.
3087 5510 3223 5579 Quid
3263 5511 3411 5577 facis,
3460 5526 3495 5564 ο
3535 5512 3729 5566 homo?
3759 5510 3831 5564 De

2264 5614 2523 5658 conservo
2548 5611 2601 5658 te
2622 5600 2865 5671 judicare
2895 5616 2999 5658 non
3040 5603 3165 5658 sinit
3201 5602 3393 5660 Paulus
3420 5603 3629 5671 dicens,
3660 5603 3835 5661 Nolite
