4094 6256
383 387 489 442 671

383 507 456 575 τῇ
483 503 712 574 σπουδῇ,
737 505 917 576 πολλῴ
938 507 1135 576 μᾶλλον
1167 509 1311 578 ἡμᾶς
1335 508 1427 561 ἐπὶ
1453 509 1562 562 τῶν
1582 510 1742 565 θείων
1768 511 1967 582 θησαυ-

385 587 508 655 ρῶν
535 587 696 646 τοῦτο
728 590 899 640 ποιεῖν
931 590 1056 659 χρὴ,
1087 589 1181 642 καὶ
1218 592 1290 660 μὴ
1324 593 1584 660 πρότερον
1619 594 1967 660 ἀφίστασθαι,

381 669 498 730 ἕως
535 669 682 721 ἅπαν
711 669 771 720 τὸ
808 671 1124 738 φαινόμενον
1157 671 1588 741 ἐξαντλήσωμεν.
1614 674 1686 726 Τὸ
1707 675 1971 743 ,φαινόμε-

381 765 481 801 νον
534 751 592 803 δέ
639 745 792 803 εἷπον
818 791 831 812 ,
863 753 1048 823 ἐπειδὴ
1082 755 1259 807 πάντα
1303 755 1623 825 ἐξαντλῆσαι
1669 758 1967 827 ἀμήχανον.

384 833 558 903 Πηγὴ
585 835 690 903 γάρ
713 834 829 886 ἐστι
855 835 1115 903 διηνεκῶς
1147 836 1412 904 βλύζουσα
1433 838 1542 890 τῶν
1575 838 1732 892 θείων
1763 842 1969 910 νοημά-

381 931 502 968 των
539 919 574 986 ἡ
608 917 854 986 δύναμις,
889 919 1140 972 οὐδέποτε
1173 920 1548 984 ἐπιλείπουσα,
1583 916 1700 974 οὐδέ
1725 919 1968 976 δαπανω-

388 999 562 1067 μένη.
598 999 685 1070 Μὴ
733 1001 912 1052 τοίνυν
954 1002 1326 1072 ἀποκάμωμεν
1347 1021 1359 1033 ο
1385 1004 1504 1056 οὐδὲ
1536 1004 1643 1074 γὰρ
1686 1005 1823 1073 ὑπὲρ
1859 1005 1967 1057 τῶν

383 1083 666 1150 τυχόντων
687 1073 818 1151 ἡμῖν
850 1085 879 1135 ὁ
900 1083 1075 1150 λόγος,
1109 1084 1245 1136 ἀλλά
1269 1086 1398 1155 περὶ
1421 1073 1734 1154 εὐχῆς,ίτῆς
1757 1086 1966 1149 ἐλπίδος

382 1162 490 1229 τῆς
514 1165 787 1233 ἡμετέρας
811 1179 824 1192 ·
855 1165 1019 1233 εὺχῆς
1043 1166 1118 1228 δὲ,
1145 1166 1211 1218 δι’
1226 1160 1343 1236 ἦςή
1373 1170 1556 1236 στεῖρα
1585 1168 1764 1236 μήτηρ
1789 1167 1966 1234 ἐγένε-

383 1261 471 1306 το,
517 1245 612 1297 καὶ
656 1245 920 1310 πολύπαις
944 1250 978 1317 ἡ
1009 1247 1194 1309 ἄπαις,
1225 1247 1318 1301 καὶ
1349 1250 1382 1316 ἡ
1413 1247 1707 1309 κατώδννος
1731 1251 1787 1300 ἐν
1808 1249 1965 1302 εὐθυ-

385 1325 513 1396 μίᾳθ
533 1327 600 1378 δι’
623 1327 690 1397 ἢν
716 1330 749 1397 ἡ
772 1329 1142 1400 πεπηρωμένη
1159 1329 1449 1399 διωρθοῦτο
1469 1328 1648 1398 φύσις,
1666 1326 1758 1382 καὶ
1783 1333 1962 1401 μήτρα

382 1407 866 1481 ἀποκεκλεισμένη
899 1411 1235 1481 ἀνεῴγνυτο,
1272 1412 1364 1462 καὶ
1396 1412 1462 1464 τά
1499 1411 1731 1466 ἀδύνατα
1766 1415 1960 1469 δυνατὰ

383 1488 575 1544 πάντα
629 1492 857 1559 ἐγίνετο.
909 1494 999 1547 Διὸ
1029 1495 1093 1564 δὴ
1138 1495 1278 1548 κατὰ
1327 1494 1518 1564 μικρὸν
1563 1496 1962 1567 διερευνώμεθα

382 1573 602 1638 πάντα,
636 1575 756 1628 καθ’
804 1575 1038 1644 ἑκάστην
1083 1576 1239 1645 ῥῆσιν
1289 1578 1686 1642 ἀναπτύξαντες
1710 1592 1770 1642 ιι,
1819 1581 1959 1634 ὥστε

384 1653 529 1722 μηδὲ
558 1655 618 1707 τὸ
646 1656 967 1726 μικρότατον
1000 1659 1170 1726 ἡμᾶς,
1201 1658 1275 1720 ῶς
1303 1654 1412 1711 οἷόν
1441 1676 1520 1720 τε,
1560 1661 1955 1731 παραδραμεῖν.

376 1737 486 1789 Διὰ
505 1738 571 1808 δὴ
600 1736 757 1791 τοῦτο
784 1739 875 1791 δύο
901 1739 1159 1802 διαλέξεις
1191 1741 1514 1812 ὁλοκλήρους
1544 1744 1623 1806 είς
1658 1743 1750 1794 δύο
1775 1746 1958 1813 ῥήσεις

376 1821 746 1891 ἀνηλώσαμεν
771 1821 957 1890 μόνας,
989 1823 1068 1884 εἴς
1095 1839 1152 1874 τε
1182 1822 1278 1892 τὴν
1302 1825 1522 1893 πρώτην
1549 1825 1645 1894 τὴν
1672 1825 1954 1893 λέγουσαν,

388 1897 751 1972 Ἒστερεώθη
768 1907 806 1972 ἡ
823 1903 1033 1971 καρδία
1041 1923 1159 1973 μου
1175 1905 1243 1957 ἐν
1258 1910 1309 1959 Κ
1310 1907 1726 1978 υρίφ,[742]καὶ
1739 1910 1896 1979 τὴνδε
1905 1929 1958 1962 υ-

373 1989 552 2058 τέραν
575 1988 671 2058 τὴν
700 1987 816 2057 μετ’
857 1987 1093 2056 ἐκείνην,
1126 1987 1361 2055 ’Υψώθη
1393 1990 1570 2056 κέρας
1592 2008 1710 2057 μου
1734 1993 1802 2043 ἐν
1835 1993 1956 2058 Θεῷ

369 2088 519 2135 μου.
560 2070 873 2130 Ἀκόλουοον
899 2069 962 2139 δὴ
1007 2070 1245 2140 σήμερον
1276 2071 1370 2122 ἐπὶ
1411 2072 1509 2141 τὴν
1547 2072 1734 2142 τρίτην
1759 2073 1948 2130 ἐλθεῖν.

375 2153 478 2213 Τίς
525 2152 584 2204 δέ
632 2154 777 2204 ἐστιν
836 2151 1012 2218 αῦτη;
1063 2153 1435 2219 Ἑπλατύνθη
1477 2155 1668 2222 στόμα
1707 2173 1826 2224 μου
1861 2159 1970 2229 ἐπ’.

372 2235 638 2300 ἐχθρούς
663 2252 804 2303 μου.
842 2233 1000 2303 φησίν
1021 2250 1033 2262 ·
1071 2233 1411 2302 εὐφράνθην
1440 2236 1508 2289 ἐν
1529 2239 1788 2308 σωτηρίᾳ
1815 2257 1948 2295 σου.

373 2315 687 2384 Προσέχετε
710 2319 772 2386 τῇ
803 2315 1057 2386 ἀκριϐείᾳ
1083 2317 1180 2384 τῆς
1211 2315 1424 2380 λέξεως.
1445 2319 1558 2371 Οὐκ
1589 2315 1762 2373 εἶπεν·
1797 2321 1951 2376 Ἠκο-

372 2397 518 2465 νήθη
553 2396 726 2466 στόμα
770 2415 872 2467 μου
899 2397 986 2449 ἐπ’
1027 2397 1253 2465 ἐχθρούς
1287 2414 1414 2465 μου·
1451 2399 1509 2450 οὐ
1544 2400 1650 2470 γὰρ
1678 2401 1812 2472 πρὸς
1840 2403 1949 2456 λοι-

374 2477 567 2549 δορίας
605 2482 696 2532 καὶ
715 2481 1032 2550 σκώμματα
1057 2481 1486 2550 παρεσκεύαστο,
1517 2484 1574 2534 οὐ
1612 2485 1745 2554 πρὸς
1774 2486 1948 2558 ὀνείδη

380 2562 483 2615 καὶ
531 2563 898 2631 κατηγορίαν,
933 2562 1065 2616 ἀλλὰ
1113 2563 1247 2633 πρὸς
1295 2565 1613 2633 παραίνεσιν
1661 2568 1754 2618 καὶ
1813 2585 1950 2637 συμ-

370 2643 614 2713 ϐουλὴν,
668 2645 803 2713 πρὸς
846 2644 1126 2714 διόρθωσιν
1175 2647 1267 2696 καὶ
1316 2645 1612 2699 νουθεσίαν.
1650 2648 1748 2700 Διὰ
1793 2649 1948 2720 τοῦτο

367 2727 473 2778 οὐκ
535 2723 706 2788 εἶπεν,
759 2725 1025 2796 Ἠκονήθη
1079 2727 1111 2796 ἡ
1160 2727 1381 2794 γλῶσσά
1432 2745 1532 2796 μου
1585 2730 1671 2782 ἐπ’
1721 2733 1947 2803 ἐχθρούς

369 2825 504 2876 μου,
544 2807 680 2870 ἀλλ’,
716 2809 1110 2881 Ἔπλατύνθη.
1147 2810 1406 2873 Ἀνέσεως
1428 2811 1735 2879 ἀπέλαυσα,
1760 2819 1943 2885 φησὶν,

371 2889 848 2961 ἐλευθεροστομεῖν
901 2890 1152 2962 δύναμαι.
1197 2893 1309 2944 Νῦν
1359 2895 1786 2968 ἁπεκρουσάμην
1847 2900 1946 2970 τὴν

367 2972 679 3041 αίσχύνην,
742 2973 876 3042 πρὸς
937 2976 1248 3046 παρρησίαν
1309 2979 1626 3048 ἐπανῆλθον.
1675 2985 1782 3036 Καὶ
1825 2985 1947 3038 οὐδὲ

369 3054 612 3138 ἐνταῦθα
641 3053 792 3108 εἶπεν
819 3057 1083 3138 ,ὀνομαστὶ
1120 3059 1217 3128 τὴν
1247 3063 1478 3126 γυναῖκα
1506 3062 1604 3133 τὴν
1637 3067 1941 3138 ἀντίζηλον,

367 3137 516 3190 ἀλλά
547 3138 732 3200 ἁπλῶς
760 3137 961 3222 τῷπῆς
983 3142 1349 3213 προσηγορίας
1370 3145 1674 3216 ἀδιορίστῳ,
1697 3149 1945 3222 καθάπερ

368 3222 703 3292 προσωπείῳ
735 3215 1045 3293 κατέκρυψε
1072 3223 1169 3294 τὴν
1202 3225 1434 3280 τοσαῦτα
1463 3215 1796 3300 λυπήσασαν.
1831 3215 1944 3289 Οὐκ

367 3302 546 3389 εἶπεν,
571 3305 598 3356 ὂ
625 3305 813 3389 πολλαῖ
837 3301 1052 3389 λέγουσι
1079 3311 1330 3375 γυναῖκες
1350 3325 1364 3339 °
1397 3310 1744 3383 Κατῄσχυνεν
1777 3317 1942 3389 αὐτὴν

365 3387 396 3437 ό
422 3385 578 3450 Θεὸς,
605 3387 906 3461 κατέρῤαξε
933 3391 1024 3443 καὶ
1052 3391 1314 3444 κατέϐαλε
1334 3391 1432 3463 τὴν
1463 3397 1664 3464 μιαρὰν
1688 3398 1781 3451 καὶ
1806 3385 1940 3454 ἀλοι-

368 3469 502 3532 ζόνα
549 3473 642 3525 καὶ
685 3472 1059 3543 μεγαλήγορον
1081 3487 1094 3501 ·
1136 3473 1251 3527 ἀλλ’
1298 3477 1515 3540 ἅπλῶς,
1573 3480 1939 3552 Ἐπλατύνθη

367 3553 567 3620 στόμα
591 3571 709 3622 μου
746 3555 837 3607 ἐπ’
877 3557 1126 3624 ἐχθρούς
1157 3575 1307 3626 μου”
1352 3560 1694 3632 εὐφράνθην
1721 3565 1792 3618 ἐν
1825 3582 1940 3620 σω-

367 3637 543 3702 τηρίᾳ
577 3653 714 3692 σου.

444 3718 584 3788 Ὅρα
608 3719 726 3782 πῶς
753 3720 843 3772 τὸν
871 3719 1035 3774 αὐτὸν
1063 3720 1308 3792 διατηρεῖ
1339 3724 1502 3794 νόμον
1532 3727 1619 3779 διά
1638 3729 1737 3797 τῆς
1770 3730 1937 3800 εὐχῆς

367 3801 608 3871 ἁπάσης.
634 3803 842 3870 ’Ὠσπερ
873 3803 980 3873 γὰρ
1015 3805 1072 3856 ἐν
1099 3801 1239 3875 ἀρχῇ
1271 3805 1471 3873 ἔλεγεν,
1508 3809 1862 3877 Ἐστερεώθη
1897 3816 1935 3880 ἡ

368 3882 583 3952 καρδία
610 3900 727 3952 μου
765 3883 834 3934 ἐν
883 3884 1095 3952 Κυρίῳ,
1119 3886 1328 3953 ὑψώθη
1367 3887 1541 3955 κέρας
1559 3908 1676 3958 μου
1707 3893 1775 3944 ἐν
1818 3895 1936 3959 Θεῷ

361 3982 503 4034 μου,
529 3965 870 4031 ἐπλατύνθη
898 3967 1090 4034 στόμα
1102 3982 1220 4035 μου
1240 3968 1329 4020 ἐπ’
1352 3970 1601 4037 ἐχθρούς
1618 3990 1737 4041 μου
1755 3987 1766 4002 ⁸
1795 3973 1935 4028 οὕτω

367 4049 464 4100 καὶ
505 4047 769 4113 ἐνταῦθα,
811 4047 1171 4117 Εὑφρὰνθην
1208 4051 1279 4102 ἐν
1323 4055 1588 4120 σωτηρίᾳ
1641 4071 1777 4108 σου.
1824 4058 1933 4128 Οὐχ

363 4131 575 4194 ἁπλῶς,
605 4133 662 4182 ἐν
691 4131 952 4202 σωτηρία,
979 4128 1112 4196 ἀλλ’,
1150 4134 1244 4184 Ἑν
1267 4139 1532 4202 σωτηρίᾳ
1558 4154 1693 4191 σου·
1721 4139 1795 4191 Οὐ
1827 4140 1933 4210 γὰρ

364 4214 554 4283 ἐπειδὴ
595 4211 835 4282 ἐσώθην,
867 4213 1058 4283 φησὶν,
1103 4213 1216 4267 ἀλλ’
1246 4216 1430 4287 ἐπειδὴ
1470 4217 1553 4270 διὰ
1586 4218 1677 4271 σοῦ
1702 4220 1929 4290 ἐσώθην,

361 4296 453 4349 διὰ
482 4295 638 4350 τοῦτο
669 4296 841 4366 χαίρω
878 4296 971 4348 καί⁸
997 4297 1317 4368 ἀγάλλομαι.
1347 4300 1600 4354 Τοιαῦται
1627 4303 1735 4356 τῶν
1763 4305 1930 4370 ἁγίων

363 4379 420 4432 αἱ
449 4377 650 4447 ψυχαίο
688 4378 796 4432 τῶν
834 4378 1022 4448 δώρων
1058 4381 1257 4449 μᾶλλον
1289 4383 1569 4452 χαίρουσιν
1602 4385 1694 4436 ἐπὶ
1737 4386 1814 4456 τῷ
1845 4388 1930 4439 δε-

360 4460 558 4513 δωκότι
596 4460 740 4531 Θεῷ·
787 4463 846 4514 οὐ
879 4462 986 4532 γὰρ
1024 4463 1186 4516 αὑτὸν
1223 4465 1310 4517 διὰ
1354 4467 1420 4518 τὰ
1464 4467 1628 4520 αὐτοῦ
1663 4468 1926 4536 φιλοῦσιν,

362 4541 479 4596 ἀλλ’
513 4545 692 4596 ἐκεῖνα
734 4544 799 4595 δι’
847 4545 1026 4596 αὐτόν.
1073 4544 1241 4598 Τοῦτο
1278 4548 1508 4620 οἰκετῶν
1548 4551 1922 4620 εὐγνωμόνων,

360 4624 520 4677 τοῦτο
565 4625 764 4677 δούλων
807 4624 1168 4696 εύχαρίστων,
1209 4631 1422 4682 πάντων
1461 4617 1568 4682 τῶν
1601 4633 1806 4684 ἑαυτῶν
1837 4634 1926 4686 τὸν

363 4708 641 4776 Δεσπότην
671 4707 761 4758 τὸν
795 4707 1001 4758 ἑαυτῶν
1031 4710 1358 4778 προτιθέναι.
1395 4711 1568 4773 Οῦτω,
1604 4715 1923 4782 παρακαλῶ,

362 4792 456 4843 καὶ
477 4793 634 4859 ἡμεῖς
659 4789 1026 4860 διακεώμεθα·
1055 4792 1156 4844 κᾶν
1176 4793 1529 4864 ἀμάρτωμεν,
1555 4796 1627 4865 μὴ
1651 4797 1922 4867 ἀλγῶμεν,

361 4873 550 4943 ἐπειδὴ
603 4872 962 4941 κολαζόμεθα,
1011 4874 1125 4926 ἀλλ’
1175 4877 1358 4948 ἐπειδὴ
1395 4878 1788 4950 παρωξύναμεν
1836 4881 1925 4934 τὸν

359 4958 664 5024 Δεσπότην’
698 4955 802 5007 κᾶν
831 4955 1279 5026 κατορθώσωμεν,
1315 4962 1387 5027 μὴ
1417 4961 1692 5030 χαίρωμεν
1716 4962 1800 5016 διὰ
1829 4963 1924 5034 τὴν

361 5040 638 5110 βασιλείαν
685 5037 794 5090 τῶν
826 5038 1067 5108 οὐρανῶν
1093 5079 1108 5103 ,
1146 5039 1259 5092 ἀλλ’
1292 5041 1475 5112 ἐπειδὴ
1523 5044 1800 5115 ἡρέσαμεν
1847 5047 1925 5116 τῷ

361 5123 570 5192 βασιλεῖ
606 5121 714 5174 τῶν
746 5120 1008 5191 οὐρανῶν.
1054 5121 1144 5193 Τῷ
1189 5123 1298 5194 γὰρ
1344 5125 1465 5178 νοῦν
1493 5125 1664 5195 ἔχοντι
1705 5129 1926 5198 γεέννης

359 5207 577 5274 ἁπάσης
601 5204 971 5275 φοϐερώτερον
989 5205 1050 5257 τὸ
1073 5205 1443 5276 προσκροῦσαι
1463 5208 1602 5278 Θεῷ,
1627 5208 1812 5282 ὥσπερ
1832 5214 1924 5264 καὶ

359 5288 633 5359 βασιλείας
670 5287 887 5357 ἁπάσης
922 5288 1289 5357 ποθεινότερον
1317 5289 1378 5341 τὸ
1416 5291 1606 5358 ἀρέσαι
1641 5291 1774 5362 Θεῷ.
1819 5295 1925 5350 Καὶ

358 5372 434 5439 μὴ
459 5369 746 5442 θαυμάσῃς
785 5371 834 5421 εἰ
869 5370 961 5421 ἐπὶ
1000 5369 1093 5422 τοῦ
1119 5371 1254 5423 Θεοῦ
1290 5370 1430 5424 οὕτω
1471 5372 1767 5427 διακεῖσθαι
1797 5377 1920 5447 χρὴ,

356 5453 488 5504 ὅπου
529 5469 592 5520 γε
637 5451 730 5505 καὶ⁵
766 5450 850 5504 ἐπ’
886 5451 1184 5522 ἀνθρώπιον
1207 5452 1346 5505 οὔτω
1390 5454 1572 5508 πολλοὶ
1606 5457 1919 5511 διάκεινται.

358 5531 519 5597 Υἱούς
550 5533 680 5604 γοῦν
717 5533 910 5604 ἔχομεν
945 5534 1200 5598 πολλάκις
1233 5538 1517 5605 γνησίους⁸
1557 5528 1660 5593 κᾶν
1702 5541 1922 5603 ἄκοντες

360 5618 553 5680 αὐτοὺς
579 5617 847 5688 διαθῶμέν
875 5636 927 5671 τι
953 5619 1140 5682 κακὸν,
1167 5619 1392 5682 ἑαυτοὺς
1421 5623 1805 5692 τιμωρούμεθα
1832 5625 1921 5677 καὶ

423 5789 450 5818 ⁸
471 5788 592 5850 Reg.
617 5788 1008 5848 ἀναπτύσσοντες,
1028 5794 1080 5836 ει
1098 5790 1166 5837 sic
1188 5789 1334 5838 etiam
1359 5790 1495 5840 Colb.
1531 5806 1673 5841 unus.

679 5895 944 5954 Pnnon.
998 5894 1112 5954 Gn.
1161 5896 1319 5955 LIV.

1632 397 1722 452 DE
1759 398 1945 452 ANNA
1989 385 2219 459 Sumo
2257 404 2318 459 v-.

3539 409 3644 470 67'}.

2081 518 2379 590 κολάζομεν
2398 536 2410 550 '
2447 523 2542 576 καὶ
2574 524 2664 576 ἐπὶ
2711 524 2876 592 φίλων
2906 525 2962 578 δὲ
2994 523 3150 577 τοῦτο
3183 520 3460 590 ποιοῦμεν.
3492 522 3555 574 EE
3587 521 3644 574 δὲ

2078 604 2171 658 ἐπὶ
2202 605 2368 673 φίλων
2394 610 2484 662 καὶ
2511 611 2642 663 υἱῶν
2665 611 2758 663 τοῦ
2795 610 3124 679 κολασθῆναι
3156 608 3218 661 τὸ
3235 608 3478 678 λυπῆσαι
3501 607 3646 660 ὲκεί-

2078 706 2200 754 νους
2253 694 2432 764 πολλῷ
2475 696 2852 768 χαλεπώτερον
2899 693 3040 750 εἶναι
3092 695 3412 766 νομίζομεν,
3465 693 3645 761 πολλῷ

2080 779 2279 847 μᾶλλον
2308 783 2399 834 ἐπὶ
2428 783 2520 835 τοῦ
2552 784 2685 836 Θεοῦ
2714 785 2853 838 οὕτω
2891 776 3192 837 διακεῖσθαι
3223 781 3348 852 χρὴ,
3383 781 3476 834 καὶ
3500 780 3644 847 γεέν-

2076 873 2170 935 νης
2209 866 2427 936 ἁπάσης
2466 871 2841 942 χαλεπώτερον
2882 868 3020 924 εἶναι
3061 868 3298 938 νομίζειν
3337 867 3396 919 τὸ
3424 866 3641 934 ποιῆσαί

2073 968 2128 1003 τι
2152 951 2259 1005 τῶν
2291 954 2366 1024 μὴ
2395 956 2688 1010 δοκούντων
2717 956 2882 1026 αὐτῷ.
2912 954 3163 1018 Τοιοῦτος
3193 950 3259 1025 ἦν
3302 955 3330 1006 ὁ
3373 951 3639 1022 μακάριος

2074 1036 2283 1101 Παῦλος
2303 1056 2318 1070 ο
2353 1039 2438 1093 διὰ
2466 1041 2622 1094 τοῦτο
2649 1042 2799 1110 ἔλεγε
2821 1061 2832 1072 ·
2867 1043 3195 1110 Πέπεισμαι
3247 1039 3332 1092 ὅτι
3370 1039 3504 1091 αὔτε
3531 1037 3634 1106 ἅγ-

2074 1128 2255 1193 γελοι,
2283 1127 2420 1181 οὔτε
2443 1129 2638 1197 ἀρχαὶ,
2669 1131 2805 1183 οὔτε
2834 1120 3132 1198 δυνάμεις,
3159 1129 3296 1181 οὔτε
3316 1124 3631 1185 ἐνεστῶτα,

2072 1214 2210 1266 οὔτε
2237 1215 2559 1282 μέλλοντα,
2581 1210 2718 1270 οὔτε
2738 1218 2974 1287 ὕψωμα,
2994 1219 3130 1270 οὔτε
3146 1215 3355 1280 βάθος,
3384 1214 3520 1267 οὔτε
3546 1228 3634 1277 τις

2072 1300 2269 1364 κτίσις
2314 1303 2484 1370 ἑτέρα
2523 1303 2849 1369 δυνήσεται
2889 1303 3047 1372 ἡμᾶς
3088 1302 3331 1370 χωρίσαι
3367 1298 3485 1353 ἀπὸ
3529 1295 3634 1363 τῆς

2070 1386 2307 1454 ἀγάπης
2333 1390 2439 1444 τοῦ
2472 1391 2636 1452 Θεοῦ,
2664 1390 2772 1459 τῆς
2785 1392 2852 1444 ἐν
2869 1388 3094 1459 Χριστῷ
3121 1386 3322 1453 Ἰησοῦ
3344 1384 3420 1449 τῷ
3441 1383 3486 1437 Κ
3491 1385 3634 1452 υμίῳ

2069 1474 2253 1541 ἡμῶν.
2278 1474 2425 1548 [745]
2445 1468 2551 1530 Καὶ
2571 1479 2726 1548 ἡμεῖς
2757 1479 2812 1530 δὲ
2839 1467 2960 1540 τούς
2989 1478 3174 1545 ἁγίους
3205 1474 3480 1543 μάρτυρας
3505 1471 3631 1523 ὅταν

2071 1564 2478 1636 μακαρίξωμεν.
2519 1567 2625 1619 ἀπὸ
2657 1567 2765 1619 τῶν
2794 1566 3120 1637 τραυμάτων
3162 1563 3422 1632 πρότερον
3454 1574 3630 1627 μακα-

2071 1648 2309 1718 ρίζομεν,
2335 1653 2426 1710 καλ¹
2453 1653 2572 1705 τότε
2609 1653 2716 1705 ἀπὸ
2744 1653 2849 1705 τῶν
2879 1652 3146 1723 βραϐείων
3164 1667 3176 1679 ·
3206 1647 3313 1702 ἀπὸ
3359 1645 3464 1697 τῶν
3493 1643 3629 1711 πλη-

2066 1736 2197 1801 γῶν,
2225 1739 2318 1790 καὶ
2348 1740 2467 1793 τότε
2498 1740 2605 1793 ἀπὸ
2636 1740 2739 1793 τῶν
2767 1738 3141 1807 ἀποκειμένων
3170 1735 3463 1801 στεφάνων.
3500 1729 3628 1781 Ἀπὸ

2063 1825 2171 1892 γὰρ
2202 1826 2310 1879 τῶν
2341 1828 2666 1897 τραυμάτων
2702 1828 2772 1880 τὰ
2807 1827 3049 1897 βραϐεἰα,
3083 1825 3181 1878 οὐκ
3220 1823 3325 1875 ἀπὸ
3362 1821 3468 1872 τῶν
3501 1819 3626 1888 βρα-

2065 1912 2224 1965 ϐείων
2276 1914 2344 1967 τά
2386 1915 2672 1985 τραύματα
2709 1917 2806 1986 τὴν
2864 1913 3036 1986 ἀρχὴν
3075 1911 3339 1981 λαμϐάνει
3379 1909 3474 1962 καὶ
3529 1905 3626 1977 τὴν

2066 1999 2338 2054 ὑπόθεσιν.

2114 2110 2179 2170 γ’.
2201 2105 2352 2157 Οὕτω
2368 2107 2462 2158 καὶ
2476 2109 2502 2158 ὁ
2519 2105 2782 2176 μακάριος
2797 2105 3003 2167 Παῦλος
3019 2105 3126 2173 πρὸ
3139 2102 3245 2155 τῶν
3255 2099 3626 2168 ἀποκειμένων

2062 2190 2280 2257 ἀγαθῶν
2307 2193 2397 2244 ἐπὶ
2425 2196 2535 2256 τοῖς
2563 2194 2945 2263 συμϐαίνουσιν
2970 2190 3117 2261 αὐτῷ
3151 2189 3238 2242 διὰ
3272 2188 3362 2241 τὸν
3391 2186 3622 2254 Χριστὸν

2060 2276 2321 2350 λυπηροῖς
2349 2279 2553 2352 ἔχαιρε,
2603 2281 2697 2334 καὶ
2739 2280 2868 2333 ἐϐόα
2905 2280 3077 2346 λέγων
3099 2317 3113 2338 ,
3164 2276 3354 2343 Χαίρω
3395 2274 3462 2325 ἐν
3499 2271 3623 2334 τοῖς

2059 2366 2408 2434 παθήμασιν
2435 2368 2584 2436 ὑπὲρ
2627 2367 2823 2437 ὑμῶν·
2859 2367 2952 2420 καὶ
2987 2366 3166 2425 πάλιν,
3194 2365 3276 2416 Οὐ
3309 2363 3500 2430 μόνον
3530 2358 3621 2422 δὲ,

2057 2449 2218 2502 ἀλλὰ
2249 2451 2345 2503 καὶ
2380 2452 2727 2520 καυχώμεθα
2754 2452 2823 2504 ἐν
2847 2451 2975 2516 ταῖς
3008 2449 3247 2516 θλίψεσι
3268 2463 3281 2476 ·
3319 2445 3412 2498 καὶ
3440 2442 3619 2505 πάλιν,

2061 2536 2190 2589 ’Ὁτι
2241 2538 2382 2604 ἡμῖν
2407 2539 2696 2606 ἐχαρίσθη
2728 2537 2846 2592 ἀπὸ
2875 2536 2978 2590 τοῦ
3023 2534 3187 2594 Θεοῦ,
3229 2533 3300 2585 οὐ
3333 2531 3524 2598 μόνον
3552 2528 3620 2582 τὸ

2057 2625 2144 2687 εις
2185 2625 2372 2678 αὐτὸν
2415 2625 2755 2687 πιστεύειν,
2797 2623 2958 2678 ἀλλὰ
3001 2620 3097 2674 καί
3141 2619 3207 2672 τὸ
3240 2617 3390 2684 ὑπὲρ
3433 2614 3618 2668 αὐτοῦ

2056 2710 2334 2780 πάσχειν.
2387 2714 2493 2765 Καὶ
2543 2713 2650 2784 γὰρ
2680 2713 2845 2774 δντως
2872 2708 3036 2780 ’χάρις
3081 2704 3345 2777 μεγίστη,
3388 2705 3448 2756 τὸ
3490 2719 3620 2756 κατ-

2055 2797 2351 2870 αξιωθῆναι
2395 2800 2479 2852 διὰ
2525 2799 2753 2872 Χριστόν
2800 2811 2851 2851 τι
2892 2797 3100 2858 παθεῖν,
3132 2797 3224 2847 καὶ
3272 2793 3529 2860 στέφανος
3560 2790 3618 2842 δὲ

2055 2887 2480 2958 ἀπηρτισμένως,
2510 2891 2602 2939 καὶ
2634 2886 2832 2957 ἀμοιϐὴ
2861 2887 2957 2956 τῆς
2984 2883 3275 2954 μελλούσης
3305 2879 3618 2939 ἀντιδόσεως

2054 2976 2152 3026 οὐκ
2203 2975 2472 3029 ἐλάττων·
2524 2977 2614 3028 καὶ
2664 2974 2818 3027 τοῦτο
2868 2976 3042 3025 ἴσασιν
3090 2971 3200 3022 ὅσοι
3246 2968 3481 3035 γνησίως
3525 2968 3618 3020 καὶ

2055 3062 2273 3133 θερμῶς
2296 3063 2468 3131 φιλεῖν
2491 3064 2632 3115 ἴσασι
2663 3063 2751 3115 τὸν
2786 3060 3036 3132 Χριστόν.
3067 3055 3299 3123 Τοιαύτη
3329 3072 3406 3116 τις
3435 3051 3501 3123 ἦν
3523 3056 3616 3107 καὶ

2052 3151 2084 3220 ή
2114 3150 2249 3220 γυνὴ
2294 3146 2430 3219 αὕτη
2453 3189 2466 3211 ,
2512 3147 2711 3220 θερμὸν
2752 3146 2948 3217 ἔχουσα
2981 3145 3107 3215 περὶ
3138 3144 3226 3195 τὸν
3264 3142 3394 3194 Θεὸν
3423 3142 3584 3192 πόθον

2052 3239 2145 3291 καὶ
2170 3225 2386 3309 φίλτρον
2411 3239 2631 3300 διακαὲς
2651 3255 2664 3268 ·
2709 3236 2796 3289 διὰ
2825 3235 2980 3289 τοῦτο
3017 3234 3219 3300 ἔλεγεν,
3256 3230 3616 3298 Εὐφράνθητ-

2049 3327 2117 3378 ἐνν
2149 3326 2412 3394 σωτηρίᾳ
2444 3342 2581 3380 σου.
2615 3325 2781 3378 Οὐδὲν
2820 3324 2927 3394 γὰρ
2965 3312 3140 3374 κοινὸν
3174 3321 3307 3388 αὐτῇ
3351 3319 3484 3387 πρὸς
3516 3317 3612 3386 τὴν

2048 3415 2150 3484 γῆν
2173 3409 2260 3484 ἦν,
2285 3414 2395 3466 ἀλλ’
2426 3415 2713 3484 ὑπερεώρα
2743 3411 3081 3483 ἀνθρωπίνης
3105 3409 3352 3478 βοηθείας
3374 3405 3609 3475 ἀπάσης,

2049 3505 2139 3556 καὶ
2173 3504 2446 3574 ἐπτέρωτο
2475 3507 2540 3574 τῇ
2585 3501 2678 3556 τοῦ
2712 3497 3027 3570 Πνεύματος
3059 3497 3262 3568 χάριτι,
3291 3496 3383 3548 καὶ
3414 3495 3612 3564 μετάρ-

2049 3607 2161 3654 σιος
2179 3587 2265 3661 ἦν,
2288 3593 2382 3643 καὶ
2407 3592 2539 3661 πρὸς
2568 3591 2656 3642 τὸν
2678 3589 2811 3642 Θεὸν
2837 3590 2893 3641 ἐν
2913 3582 3112 3642 ἅπασιν
3138 3584 3352 3641 ἐϐλεπε,
3386 3584 3480 3636 καὶ
3504 3582 3610 3634 τῶν

2046 3677 2409 3744 ἐπικειμένων
2455 3678 2642 3730 δεινῶν
2668 3678 2767 3745 τὴν
2801 3675 2952 3728 λύσιν
2983 3673 3192 3726 ἐκεῖθεν
3228 3669 3428 3740 ἐζήτει.
3457 3669 3608 3739 ᾜδει

2045 3762 2172 3831 γὰρ,
2205 3762 2318 3831 ᾔδει
2344 3762 2549 3830 σαφῶς,
2581 3765 2662 3813 ὅτι
2701 3761 2770 3813 τὰ
2818 3760 2917 3829 μὲν
2960 3757 3295 3827 ἀνθρώπινα,
3326 3752 3414 3835 οἶα
3449 3757 3512 3807 ἂν
3550 3751 3606 3827 ᾖ,

2048 3849 2294 3916 μιμεῖται
2318 3847 2416 3916 τὴν
2443 3848 2602 3915 φύσιν
2631 3847 2738 3899 τῶν
2771 3844 3075 3900 δεδωκότων
3095 3859 3108 3872 ⁸
3137 3843 3216 3894 δεῖ
3252 3843 3308 3893 δὲ
3334 3841 3606 3910 πανταχοῦ

2043 3933 2144 4002 τῆς
2165 3932 2369 3986 ἀνωθεν
2401 3935 2528 4001 ἡμῖν
2553 3933 2746 4002 ῥοπῆς,
2775 3931 2887 3998 εἴγε
2911 3929 3198 3999 μέλλοιμεν
3222 3928 3307 3978 ἐπ’
3334 3926 3607 3994 ἀσφαλοῦς

2042 4021 2228 4089 ὁρμεῖν
2252 4019 2280 4057 ι)
2307 4020 2403 4089 τῆς
2435 4018 2699 4088 ἀγκύρας.
2733 4019 2829 4070 Διά
2859 4015 3017 4070 τοῦτο
3049 4018 3144 4068 καὶ
3187 4014 3322 4083 πρὸς
3361 4011 3522 4065 αὐτὸν
3549 4014 3607 4064 ἐν

2043 4107 2214 4158 ἅπασι
2265 4107 2602 4174 κατέφευγε,
2633 4105 2726 4158 καὶ
2776 4103 3014 4157 λαϐοῦσα
3045 4102 3142 4173 τὴν
3181 4103 3359 4172 χάριν,
3404 4098 3496 4150 ἐπὶ
3528 4097 3607 4166 τῷ

2038 4193 2290 4245 δεδωκότι
2323 4193 2520 4262 μᾶλλον
2566 4193 2748 4264 ἔχαιρε
2769 4233 2782 4258 ,
2817 4193 2911 4244 καὶ
2956 4189 3348 4262 εὐχαριστοῦσα
3385 4186 3603 4254 ἔλεγεν·

2043 4285 2162 4335 Οὐκ
2201 4282 2373 4336 ἐστιν
2407 4283 2589 4352 ἅγιος,
2618 4284 2696 4348 ὠς
2735 4285 2768 4336 ό
2795 4282 3027 4349 Κύριος,
3066 4277 3163 4333 καὶ
3200 4279 3310 4331 οὐκ
3340 4275 3473 4329 ἐστι
3520 4275 3606 4327 δί-

2039 4388 2221 4436 καιος,
2247 4372 2325 4436 ὡς
2359 4375 2392 4425 d
2416 4371 2559 4437 Θεὸς
2588 4370 2774 4440 ἡμῶν,
2799 4369 2898 4424 καὶ
2923 4371 3033 4424 οὐκ
3058 4367 3228 4421 ἐστιν
3251 4365 3414 4434 ἅγιος
3439 4362 3606 4429 πλὴν

2037 4458 2455 4526 σοῦ.”Αληπτος
2481 4459 2588 4527 γὰρ
2614 4461 2647 4528 ὴ
2671 4460 2850 4528 κρίσις
2881 4455 3068 4522 αὐτοῦ,
3093 4454 3244 4526 φησὶ,
3267 4451 3482 4524 καθαρά
3509 4453 3604 4506 καὶ

2037 4545 2468 4613 ἀπαραλόγιστος
2495 4547 2528 4614 ἡ
2557 4543 2756 4613 ψῆφος.

2108 4660 2255 4724 Εἶδες
2281 4663 2456 4731 ψυχῆς
2483 4660 2821 4730 εὐγνώμονος
2841 4659 3076 4723 ἑννοιανς
3102 4659 3175 4710 υύ
3197 4657 3304 4726 γὰρ
3326 4654 3444 4708 εἷπε
3466 4656 3602 4725 πρὸς

2037 4751 2231 4819 ἑαυτήν
2251 4767 2264 4778 ·
2295 4750 2358 4800 Ὶ’ί
2383 4750 2487 4818 γάρ
2517 4765 2608 4817 μοι
2657 4747 2798 4816 μέγα
2829 4746 3054 4812 γέγονε;
3106 4743 3159 4794 τί
3186 4743 3245 4796 δὲ
3290 4742 3450 4794 πλέον
3492 4742 3602 4793 τῶν

2033 4838 2240 4901 mm;
2265 4838 2440 4905 Ὅπερ
2466 4838 2498 4904 ἡ
2528 4834 2808 4904 ἀντίςηλος
2833 4833 2997 4885 πάλαι
3017 4829 3175 4883 ἔλαϐε
3200 4828 3292 4882 καὶ
3319 4831 3455 4898 μετὰ
3481 4828 3600 4880 πολ-

2034 4925 2130 4993 λῆς
2145 4925 2242 4994 τῆς
2263 4924 2564 4993 δαψιλείας,
2581 4923 2736 4974 τοῦτο
2756 4920 2894 4990 μετὰ
2919 4919 3083 4974 πολὺν
3106 4917 3294 4987 χρόνον
3314 4914 3442 4984 ἐγὼ,
3462 4916 3598 4983 μετὰ

2037 5007 2304 5077 καμάτου,
2348 5009 2442 5061 καὶ
2472 5005 2742 5072 δακρύων,
2775 5004 2868 5056 καὶ⁹
2895 5001 3192 5072 ἱκετηρίας,
3224 5001 3316 5054 καλ⁵
3332 5000 3597 5069 δεήσεως,

2034 5091 2128 5144 καὶ
2156 5092 2315 5144 πόνου
2335 5089 2548 5143 πολλοῦ.
2585 5088 2722 5140 Ἀλλ’
2747 5087 2931 5157 ἐπειδὴ
2962 5086 3141 5147 καλῶς
3156 5083 3443 5137 ἐπέπειστο
3472 5081 3600 5150 περὶ

2031 5179 2128 5246 τῆς
2141 5173 2235 5228 τοῦ
2252 5173 2384 5228 Θεοῦ
2405 5174 2684 5248 προνοίας,
2698 5172 2798 5224 οὐκ
2812 5171 3034 5224 ἀπαιτεῖ
3043 5169 3134 5222 τὸν
3151 5167 3428 5235 Δεσπότην
3448 5164 3601 5217 εὐθύ-

2033 5280 2125 5326 νας
2155 5261 2262 5315 τῶν
2278 5259 2596 5330 γινομένων,
2618 5259 2647 5311 δ
2674 5258 2857 5311 πολλόι
2887 5257 2996 5310 τῶν
3031 5255 3331 5326 ἀνθρώπων
3361 5250 3595 5311 ποιοῦσι,

2033 5349 2152 5402 καθ’
2183 5348 2417 5416 ἑκάστην
2449 5348 2662 5416 ἡμέραν
2686 5345 2766 5415 τῷ
2798 5343 2916 5415 Θεῷ
2947 5343 3274 5406 δικάζοντες.
3303 5337 3417 5390 Κᾶν
3447 5336 3597 5389 ίδωσι

2033 5437 2124 5490 τὸν
2156 5436 2255 5507 μὲν
2285 5435 2636 5500 πλουτοῦντα,
2657 5435 2748 5486 τὸν
2777 5433 2833 5486 δὲ
2865 5431 3175 5501 πενόμενον,
3199 5427 3423 5498 μυρίους
3456 5424 3596 5476 κατά

2031 5525 2130 5595 τῆς
2164 5523 2417 5594 προνοίας
2469 5521 2632 5575 αὑτοῦ
2667 5520 2875 5574 κινοῦσι
2918 5519 3129 5586 λόγους.
3175 5516 3242 5570 Τί
3282 5519 3471 5578 ποιεῖς,
3504 5514 3597 5566 ἅν-

2034 5612 2216 5683 θρωπε
2239 5629 2252 5678 ;
2278 5611 2366 5681 Τῷ
2400 5611 2665 5680 συνδούλῳ
2691 5609 2928 5673 δικάζειν
2969 5625 3027 5660 σε
3054 5608 3152 5660 οὐκ
3179 5607 3354 5677 ἀφῆκε
3389 5605 3595 5667 Παῦλος

2096 5805 2122 5844 b
2151 5802 2284 5853 Colb.
2313 5809 2361 5852 el
2388 5804 2508 5866 Reg.
2538 5806 2700 5866 ὁρμᾷν.

3196 5902 3259 5960 19
