4094 6256
485 394 591 450 675

484 507 629 564 οὕτω
659 508 832 577 λέγων
855 525 865 536 ·
893 508 1072 564 Ὥστε
1095 504 1181 574 μὴ
1215 505 1327 573 πρὸ
1349 503 1554 572 καιροῦ
1582 518 1638 555 τι
1661 501 1913 570 κρίνετε,
1942 496 2051 562 ἕως

487 593 565 647 ἂν
581 593 727 659 ἔλθη
748 593 781 644 δ
796 592 1008 659 Κύριος
1024 607 1036 620 ο
1069 588 1162 642 καὶ
1188 588 1279 642 τὸν
1304 587 1580 656 Δεσπότην
1605 587 1684 647 είς
1710 583 2054 652 δικαστήριον

487 678 690 740 ἐλκεις,
713 677 806 730 καὶ
832 674 987 742 λόγον
1008 673 1258 735 ἀπαιτεῖς
1277 671 1386 724 τῶν
1408 668 1832 741 πεπραγμένων,
1867 667 1960 718 καί
1993 665 2052 717 ού

489 761 752 832 φρίττεις,
773 757 894 812 οὑδὲ
911 756 1152 820 δέδοικας
1171 774 1186 821 ;
1209 755 1317 808 Καὶ
1339 755 1498 818 ποίας
1525 752 1686 824 τεύξῃ
1705 747 2052 818 συγγνώμης,

489 844 646 906 ποίας
681 843 740 894 66
759 840 1076 908 ἀπολογίας,
1098 840 1218 893 είπέ
1253 856 1364 910 μοι,
1388 836 1654 899 τοσαύτας
1675 836 1770 906 μέν
1803 835 1899 903 τῆς
1923 850 2057 902 προσ

488 928 636 989 νοίας
651 924 817 979 αὑτοῦ
845 923 970 976 καθ’
989 922 1226 993 ἑκάστην
1253 921 1464 992 ἡμέραν
1482 921 1579 972 καὶ
1593 919 1740 990 ὥραν
1759 915 2056 979 ἀποδείξεις

487 1007 800 1078 λαμϐάνων,
818 1005 932 1058 ἀπὸ
960 1005 1018 1058 δὲ
1037 1005 1136 1074 τῆς
1159 1005 1301 1057 κατά
1324 1004 1416 1056 τὸν
1446 1002 1672 1054 πλοῦτον
1702 1001 1795 1052 καὶ
1821 998 1918 1068 τὴν
1957 1015 2056 1049 πε-

487 1089 604 1143 νίαν
619 1088 876 1156 δοκούσης
892 1086 1202 1157 ἀνωμαλίας
1213 1083 1351 1140 εἶναι
1367 1083 1872 1153 καταψηφιζόμενος
1889 1081 1984 1150 τῆς
1998 1081 2052 1131 ἐν

487 1176 689 1228 ἅπασιν
705 1171 977 1236 εὐταξίας,
993 1169 1272 1223 καὶταῦτα
1292 1171 1490 1232 ἀδίκως
1510 1168 1690 1241 ςυμι
1709 1169 1768 1219 Εἰ
1788 1167 1894 1237 γὰρ
1917 1165 2053 1235 μετά

487 1259 585 1326 τῆς
607 1252 988 1324 προσηκούσης
1013 1252 1260 1322 γνώμης,
1293 1254 1386 1305 καὶ
1413 1252 1794 1320 πεπονημένης
1822 1249 2055 1312 διανοίας

487 1337 774 1398 καὶταῦτα
800 1334 1072 1399 ἐξετάζειν
1100 1335 1309 1405 ἡθελες,
1335 1338 1381 1389 εί
1407 1336 1501 1390 καὶ
1523 1335 1686 1406 μηδὲν
1706 1334 1891 1404 ἕτερον
1907 1329 1973 1402 ἦν
1993 1331 2056 1384 τὸ

491 1419 755 1474 συνιστῶν
781 1419 879 1488 τὴν
928 1417 1023 1470 τοῦ
1068 1416 1201 1471 Θεοῦ
1232 1419 1518 1490 πρόνοιαν,
1549 1420 1576 1471 6
1609 1415 1835 1479 πλοῦτος
1880 1415 1974 1468 καὶ
2019 1416 2052 1484 ἡ

489 1503 650 1556 πενία
677 1499 880 1569 ταύτην
910 1498 976 1553 ἀν
1013 1499 1247 1570 μάλιστα
1281 1501 1466 1568 σαφῶς
1496 1498 1792 1564 ἀπέδειξεν.
1820 1499 1918 1550 Ἂν
1945 1497 2053 1568 γὰρ

490 1585 684 1658 ἀνέλῃς
716 1583 812 1654 τὴν
844 1582 1052 1644 πενίαν,
1106 1582 1201 1635 τοῦ
1240 1582 1353 1652 βίου
1396 1581 1494 1652 τὴν
1551 1581 1808 1634 σύστασιν
1847 1579 2055 1641 ἀνεῖλες

493 1671 742 1730 ἃπασαν,
783 1667 875 1718 καὶ
909 1664 1218 1734 διέφθειρας
1255 1665 1409 1735 ἡμῶν
1445 1665 1543 1734 τὴν
1581 1664 1725 1734 ζωήν
1749 1681 1764 1695 ο
1805 1664 1898 1716 καὶ
1933 1661 2054 1715 οὔτε

490 1744 713 1818 νάύτης,
747 1747 867 1800 οὑτε
896 1747 1253 1818 κυϐερνήτης,
1272 1746 1332 1799 οὑ
1355 1747 1616 1818 γεωργὸς,
1635 1747 1735 1800 οὐκ
1756 1746 2051 1816 οἰκοδόμος,

489 1835 588 1904 οὐχ
621 1834 881 1901 ὑφάντης,
907 1831 1003 1900 οὑχ
1034 1830 1582 1901 ὑποδηματορράφος,
1616 1830 1676 1883 οὐ
1722 1830 1954 1892 τέκτων,
1994 1829 2055 1882 οὐ

490 1914 842 1987 χαλκοτύπος,
857 1913 916 1965 ού
943 1911 1362 1982 σκυτοτόμος,ού
1387 1913 1784 1976 σιτοποιὸς,οὑκ
1799 1911 1954 1974 ἀλλος
1973 1928 2058 1973 τις

487 1999 594 2050 τῶν
614 1995 957 2067 δημιουργῶν
988 1994 1140 2047 ἔσται
1170 1995 1374 2048 τούτων
1394 2011 1408 2025 ⁶
1434 1995 1639 2048 τούτων
1661 1996 1718 2048 δὲ
1739 1996 1840 2049 οὑκ
1864 1995 2054 2059 ὅντων,

489 2082 712 2150 πάντανὴ
723 2083 811 2150 μῖν
826 2079 1123 2149 οἰχήσεται.
1143 2077 1258 2131 Νῦν
1279 2079 1376 2148 μὲν
1391 2077 1520 2148 γὰρ,
1539 2077 1789 2150 καθάπερ
1808 2077 2059 2132 διδάσκα-

488 2164 576 2228 λός
600 2180 684 2226 τις
709 2163 928 2234 ἀρίστη,
943 2160 1157 2231 ἑκάστῳ
1170 2160 1373 2215 τούτων
1395 2159 1771 2232 ἐπικαθημένη
1795 2160 1942 2231 ἡτῆς
1963 2177 2060 2212 πε-

488 2248 607 2309 νίας
631 2246 866 2315 ἀνάγκη,
881 2245 1018 2315 πρὸς
1043 2242 1112 2295 τά
1131 2243 1268 2314 ἔργα
1287 2244 1383 2296 καὶ
1406 2243 1635 2306 ἄκοντας
1656 2242 1883 2296 συνωθεῖ
1898 2239 1982 2295 σἐί
2002 2242 2058 2295 δὲ

489 2329 726 2391 ἅπαντες
754 2327 974 2398 ἔμελλον
999 2325 1267 2390 πλουτεῖν,
1300 2326 1534 2389 ἀπαντες
1557 2324 1779 2395 ἔμελλον
1809 2327 1866 2378 ἐν
1890 2325 2059 2396 ἀργίᾳ

490 2412 588 2484 ζῇν
607 2430 620 2442 '
649 2411 744 2464 καὶ
773 2409 911 2462 οὕτω
937 2409 1114 2462 πάντα
1136 2409 1200 2462 ἂν
1226 2407 1474 2462 ἀπώλετο
1503 2409 1596 2460 καὶ
1623 2407 1904 2480 διεφθάρη.
1938 2408 2059 2460 Χω-

493 2498 576 2566 ρὶς
601 2495 657 2548 δὲ
687 2495 792 2546 τῶν
823 2492 1126 2564 εἰρημένων
1153 2493 1246 2546 καὶ
1275 2493 1474 2562 ἑτέρως
1510 2492 1707 2565 αὐτοὺς
1736 2491 1831 2544 ἀπ’
1859 2491 2056 2553 αὑτῶν,

491 2573 566 2631 ὧν
591 2575 896 2644 ἐγκαλοῦσι,
930 2575 1090 2627 πάλιν
1124 2575 1471 2644 ἐπιστομίσαι
1508 2573 1704 2644 ῥᾴδιον.
1761 2573 1916 2636 Τίνος
1951 2573 2060 2643 γὰρ

491 2663 696 2721 ἕνεκεν,
739 2658 858 2710 είπέ
885 2676 992 2727 μοι,
1029 2661 1354 2728 κατηγορεῖς
1378 2657 1479 2725 τῆς
1494 2655 1594 2727 ⁸τοῦ
1620 2656 1754 2709 Θεοῦ
1776 2657 2058 2727 προνοίας;

493 2743 680 2814 ἐπειδὴ
699 2745 727 2796 6
751 2744 848 2810 μὲν
887 2741 1076 2807 πλείω,
1093 2743 1130 2794 -6
1153 2741 1211 2794 δὲ
1240 2741 1446 2795 ἐλάττω
1479 2740 1739 2810 κέκτηται
1768 2741 2060 2811 χρήματα;

492 2830 555 2881 Τί
577 2823 668 2882 οὖν
685 2846 699 2894 ;
719 2826 783 2880 ἂν
806 2827 862 2878 ἐν
885 2827 994 2890 τοῖς
1018 2823 1485 2893 ἀναγκαιοτάτοις,
1503 2824 1598 2876 καὶ
1626 2823 1805 2894 πολλῷ
1831 2824 2060 2893 μείζοσι,

493 2913 586 2965 καὶ
618 2910 927 2979 συνέχουσιν
959 2908 1117 2978 ἡμῶν
1145 2907 1243 2978 τὴν
1270 2906 1434 2976 ζωὴν,
1456 2905 1720 2976 δείξωμεν
1765 2908 2063 2978 ἰσομοιρίαν

490 2991 654 3048 οὖσαν
682 2995 847 3046 πᾶσιν
874 2989 1201 3062 ἀνθρώποις,
1223 2989 1398 3061 ψηφιῇ
1433 2993 1502 3061 τῇ
1532 2989 1628 3043 τοῦ
1652 2990 1786 3044 Θεοῦ
1804 2991 2062 3062 προνοίᾳ;

504 3077 739 3145 Ἀνάγκη
779 3077 944 3129 πᾶσα.
990 3073 1052 3127 Εἰ
1078 3073 1186 3144 γὰρ
1227 3073 1288 3126 τὸ
1315 3075 1388 3143 μὴ
1418 3076 1626 3136 πάντας
1654 3073 1846 3143 ἐπίσης
1865 3086 1890 3113 ει
1932 3073 2064 3126 ἀπο-

490 3159 673 3212 λαύειν
710 3158 828 3221 ἐνὸς
878 3160 1217 3228 πράγματος,
1253 3157 1552 3227 χρημάτων
1595 3155 1758 3222 λέγω,
1792 3155 2063 3220 ἀπόδειξιν

491 3244 618 3310 ποιῇ
651 3241 744 3294 τοῦ
773 3241 1043 3311 μηδεμίαν
1065 3236 1202 3293 εἶναι
1225 3240 1504 3310 πρόνοιαν,
1526 3239 1592 3292 ἂν
1611 3238 1851 3306 φανῶσιν
1879 3237 2062 3306 ἐξίσης

495 3324 733 3387 ἅπαντες
791 3323 1178 3387 ἀπολαύοντες,
1245 3323 1344 3392 οὑχ
1383 3321 1500 3384 ἐνὸς
1542 3322 1898 3392 πράγματος,
1946 3320 2065 3372 ούδέ

494 3407 666 3472 οὕτως
705 3405 976 3469 εὐτελοῦς,
1012 3405 1147 3459 ἀλλά
1173 3405 1433 3458 πλειόνων
1477 3405 1570 3458 καὶ
1598 3403 1732 3455 πολὺ
1781 3401 2062 3472 μειζόνων,

493 3489 712 3558 εῦδηλον
741 3489 822 3541 ὃτι
851 3489 942 3540 καὶ
969 3488 1116 3542 ἄκων
1141 3487 1351 3540 ἐκεῖθεν
1379 3485 1870 3557 συναναγκασθὴσῃ
1896 3483 2066 3554 ψηφί-

496 3571 694 3624 σασθαι
712 3574 778 3640 τῇ
812 3569 906 3622 τοῦ
932 3569 1066 3623 Θεοῦ
1094 3569 1340 3641 προνοίᾳ.

550 3655 719 3726 Δεῦρο
735 3650 827 3707 οὖν
845 3654 937 3706 ἐπὶ
956 3653 1023 3707 τὰ
1045 3654 1336 3723 συνέχοντα
1354 3652 1452 3724 τὴν
1469 3650 1612 3722 ζωὴν
1627 3650 1784 3721 ἡμῶν
1805 3650 1972 3720 ἴωμεν
1987 3649 2065 3718 τῷ

492 3739 656 3808 λόγῳ,
681 3738 776 3790 καὶ
811 3734 1282 3808 διερευνησώμεθα
1312 3735 1450 3790 αὐτὰ
1482 3734 1618 3804 μετά
1639 3733 1946 3804 ἀκριϐείας,
1972 3735 2065 3786 καὶ

495 3821 692 3891 ίδωμεν
705 3821 755 3874 εί
778 3821 1089 3873 πλεονεκτεῖ
1101 3819 1191 3872 τὸν
1208 3819 1415 3890 πένητα
1431 3821 1460 3871 6
1474 3818 1724 3880 πλούσιος
1739 3819 1797 3871 ἐν
1813 3817 2062 3879 ἐκείνοις.

491 3898 640 3968 Οἷον,
665 3906 695 3957 6
724 3902 977 3966 πλούσιος
1014 3903 1127 3973 ἔχει
1185 3902 1405 3967 Θάσιον,
1445 3903 1538 3957 καὶ
1562 3902 1725 3973 ἕτερα
1755 3900 1925 3954 πολλά
1957 3917 2066 3953 τοι·

492 3987 632 4042 αῦτα
657 3987 877 4058 πόματα
900 3987 1426 4058 πεφαρμακευμένα,
1446 3985 1539 4040 καὶ⁷
1560 3985 1698 4056 μετά
1717 3984 1916 4055 πολλῆς
1933 4002 2065 4038 κατ-

491 4071 866 4140 εσκευασμένα
909 4071 1009 4140 τῆς
1056 4071 1383 4140 καρυκείαςο
1431 4069 1546 4122 ἀλλ’
1592 4071 1646 4122 αἱ
1693 4068 1802 4122 τῶν
1855 4068 2063 4121 ὑδάτων

490 4155 666 4224 πηγαὶ
719 4155 873 4223 κοινῇ
911 4154 1046 4207 πᾶσι
1097 4153 1446 4223 πρόκεινται,
1481 4152 1573 4204 καὶ
1619 4151 1922 4212 πλουσίοιςὲ,
1971 4151 2064 4203 καὶ

492 4236 709 4306 πένησι.
741 4236 894 4305 Τάχα
927 4235 1192 4302 ἐγέλασας
1220 4233 1433 4288 ἀκούων
1457 4232 1556 4302 τῆν
1586 4233 1805 4302 ἰσότητα
1835 4232 2058 4302 ταύτην.

493 4319 701 4372 Οὐκοῦν
730 4318 890 4388 μάθε,
925 4317 1075 4386 πόσῳ
1096 4315 1419 4388 τιμιώτερον
1453 4314 1594 4368 οἴνου
1623 4316 1842 4379 παντὸς,
1876 4317 2064 4381 ῦδατος

494 4402 678 4470 φύσις,
695 4401 796 4452 καὶ
821 4398 1240 4468 ἀναγκαιότερον
1258 4397 1350 4450 καὶ
1369 4396 1778 4468 χρησιμώτερον
1797 4415 1810 4428 ε
1832 4399 1926 4452 καὶ
1943 4399 2062 4452 τότε

494 4482 690 4536 σαυτοῦ
713 4481 1059 4555 καταγνώσῃ,
1083 4482 1176 4533 καὶ
1203 4479 1292 4533 16v
1317 4479 1491 4551 ἀληθῆ
1519 4481 1626 4534 τῶν
1656 4483 1903 4553 πενήτων
1941 4482 2061 4554 εἴσῃ

493 4565 742 4620 πλοῦτον.
776 4566 931 4618 Οίνου
964 4565 1062 4635 μὲν
1094 4563 1201 4634 γάρ
1226 4563 1622 4635 ἀναιρεθέντος,
1661 4565 1720 4617 ού
1779 4564 1946 4636 πολλή
1977 4576 2062 4630 τις

489 4647 558 4701 ἀν
591 4649 801 4716 γένοιτο
831 4646 1004 4717 βλάϐη
1027 4647 1154 4712 τινὶ,
1185 4647 1319 4718 πλὴν
1343 4650 1455 4710 τοῖς
1485 4647 1734 4701 ἀσθενέσι
1765 4649 1973 4719 μόνοις’
1993 4649 2060 4702 ἂν

488 4730 544 4784 δέ
567 4748 650 4794 τις
676 4731 844 4803 σὸέσῃ
866 4730 966 4793 τὰς
991 4729 1084 4784 τοῦ
1115 4729 1306 4789 ὕδατος
1337 4730 1518 4800 πηγὰς
1563 4732 1658 4784 καὶ
1689 4731 1749 4784 16
1797 4732 2060 4801 στοιχεῖον

489 4813 673 4884 ἀνέλῃ,
699 4813 789 4866 τὸν
821 4813 933 4882 βίον
959 4813 1117 4883 ἡμῶν
1157 4812 1449 4883 ἀνέτρεψεν
1481 4812 1715 4880 ἅπαντα,
1752 4815 1846 4866 καὶ
1880 4813 2061 4876 πάσας

487 4897 586 4958 τὰς
614 4897 806 4965 τέχνας
833 4896 1064 4966 ἠφάνισε
1082 4912 1096 4926 ·
1125 4897 1220 4949 καὶ
1243 4896 1364 4949 οὕτε
1401 4895 1494 4949 δύο
1525 4896 1866 4966 δυνησόμεθα
1902 4896 2060 4966 μόνον

485 4977 775 5047 διαρκέσαι
803 4979 1035 5048 ἡμέρας,
1057 4979 1174 5032 ἀλλ’
1197 4978 1400 5042 εὐθέως
1421 4978 1844 5050 ἀποθανούμεθα
1862 4980 2061 5043 πάντες

487 5061 717 5114 θάνατον
747 5061 979 5114 ἐλεεινόν
1000 5079 1119 5115 τινα
1144 5063 1238 5115 καὶ
1266 5061 1665 5132 χαλεπώτατον.

556 5145 618 5198 δ’.
630 5145 789 5197 Ὥστε
811 5146 870 5198 ἐν
887 5147 996 5208 τοῖς
1013 5146 1459 5212 ἀναγκαιοτάτοις
1476 5147 1570 5199 καὶ
1584 5146 2058 5218 ωνέχουσινὴμῶν

485 5230 585 5299 τὴν
605 5228 749 5300 ζωὴν
773 5231 802 5282 6
825 5229 994 5299 πένης
1011 5229 1164 5280 οὐδὲν
1188 5228 1611 5296 πλεονεκτεῖται,
1640 5231 1776 5293 ἀλλ’,
1811 5233 1863 5286 εί
1896 5231 1978 5283 δεῖ
2007 5247 2058 5282 τι

487 5314 580 5366 καὶ
597 5313 911 5382 θαυμαστὸν
927 5315 1120 5372 εἰπεῖν,
1138 5312 1233 5364 καὶ
1248 5312 1558 5366 πλεονεκτεῖ
1571 5312 1663 5365 τοῦ
1682 5312 2053 5375 πλουτοῦντος.

485 5395 776 5458 Πλουσίους
805 5397 902 5466 μὲν
937 5398 1046 5468 γάρ
1080 5397 1307 5460 πολλοὺς
1340 5397 1484 5449 ἔστιν
1529 5397 1653 5450 ἰδεῖν
1679 5397 1782 5448 ὑπὸ
1829 5396 1929 5466 τῆς
1961 5395 2055 5448 τοῦ

489 5476 740 5548 σώματος
767 5481 1076 5550 ἀρρωστίας
1107 5482 1202 5551 τῆς
1229 5479 1318 5534 διὰ
1338 5480 1436 5552 τὴν
1466 5479 1673 5551 τρυφὴν
1703 5479 2057 5549 ἐγγινομένης

487 5569 666 5631 αὑτοῖς
684 5570 750 5622 τά
785 5571 954 5623 πολλά
985 5572 1310 5642 ὑδροποσίας
1336 5571 1704 5642 ἀπεχομένους
1724 5589 1738 5602 ο
1755 5573 1782 5624 6
1804 5571 1860 5623 66
1890 5572 2055 5640 πένης

547 5756 574 5786 ⁸
597 5754 728 5805 Cnlb.
755 5762 806 5803 el
833 5756 950 5819 Πῦρ.
974 5759 1020 5813 ἐξ
1036 5758 1157 5816 ἴσης.

1209 389 1265 443 8.
1305 382 1587 443 JOANNIS
1613 374 2105 439 CHRYSOSTOMI
2143 373 2460 433 ARCHIEP.
2500 376 3051 434 CONSTANTINOP.

2168 492 2254 546 διὰ
2285 495 2378 548 τοῦ
2417 495 2531 565 βίου
2553 495 2752 559 παντὸς
2789 494 2957 558 ἀδεῶς
3013 489 3273 546 ἀπολαύει
3308 490 3416 544 τῶν
3467 507 3723 562 ναμάτων

2158 576 2379 642 τούτων,
2395 579 2470 641 ὡς
2485 567 2576 632 ἐπὶ
2597 578 2778 648 πηγὰς
2792 577 3026 648 μέλιτος,
3041 573 3192 647 [745]
3208 574 3378 638 οὑτως
3395 575 3486 627 ἐπὶ
3506 574 3607 639 τὰς
3616 576 3725 628 τῶν

2159 657 2366 712 ὑδάτων
2417 661 2627 734 τρέχων
2663 661 2866 732 πηγὰς,
2918 660 3012 713 καὶ
3043 658 3307 727 εἰλικρινῆ
3339 657 3434 709 καὶ
3475 656 3724 728 καθαρὰν

2159 742 2369 796 ἐκεῖθεν
2391 743 2769 814 καρπούμενος
2799 743 2894 814 τὴν
2920 743 3131 814 ἡδονήν.
3171 741 3237 793 Τί
3269 741 3326 794 δέ
3358 743 3390 810 ἡ
3432 739 3527 792 τοῦ
3553 741 3726 810 πυρὸς

2159 824 2320 893 φύσις
2336 845 2350 892 ;
2369 828 2489 897 ούχὶ
2509 828 2718 899 μυρίων
2733 825 3135 895 ἀναγκαιοτέρα
3151 823 3438 896 θησαυρῶν
3454 825 3548 877 καὶ
3571 823 3728 877 πλού-

2157 925 2251 960 του
2302 911 2503 972 παντὸς
2545 910 2912 982 ἀνθρωπίνου;
2953 909 3062 961 Καὶ
3108 901 3263 969 οὗτος
3307 906 3466 958 πάλιν
3505 905 3563 970 ἐξ
3604 905 3728 975 ῐσης

2159 991 2397 1062 πλουσίῳ
2419 993 2512 1044 καὶ
2537 993 2727 1063 πένητι
2757 992 3036 1060 πρόκειται
3057 992 3155 1060 τῆς
3175 989 3364 1060 χρείας
3383 991 3411 1040 6
3431 988 3602 1058 θησαυ

2168 1074 2232 1126 Ἦ
2248 1073 2302 1126 δὲ
2333 1075 2481 1144 παρὰ
2515 1075 2606 1127 τοῦ
2647 1075 2806 1144 ἀέρος
2825 1074 3084 1142 γινομένη
3125 1074 3237 1133 τοῖς
3283 1071 3530 1140 σώμασιν
3565 1071 3728 1141 ἡμῶν

2157 1155 2412 1224 ὠφέλεια,
2447 1157 2538 1209 καὶ
2566 1157 2626 1208 τὸ
2653 1156 2766 1224 φῶς
2788 1157 2885 1226 τῆς
2908 1151 3270 1228 ἀκτῖνος.ἆρα
3297 1157 3408 1216 τοῖς
3439 1154 3538 1224 μὲν
3563 1155 3730 1208 εὐπό-

2162 1256 2271 1308 ροις
2310 1239 2490 1302 πλέον,
2517 1243 2627 1302 τοῖς
2653 1239 2710 1292 δὲ
2735 1239 2957 1308 πένησιν
2980 1239 3198 1292 ἔλαττον
3222 1238 3600 1307 παραγίνεται,
3628 1241 3730 1291 κάι

2159 1325 2325 1373 κεῖνοι
2364 1322 2462 1392 μὲν
2510 1323 2784 1393 τέτρασιν,
2825 1318 2968 1376 οὗτοι
2997 1323 3052 1376 δὲ
3080 1322 3172 1375 δύο
3222 1323 3382 1392 μόνον
3418 1322 3728 1393 καθορῶσιν

2159 1403 2290 1456 αὐτὸ
2318 1405 2640 1474 ὀφθαλμοῖς;
2672 1405 2808 1458 Ἀλλ’
2837 1405 2956 1458 οὐδὲ
2984 1404 3140 1458 τοῦτο
3169 1405 3236 1458 ἂν
3263 1403 3375 1475 ἔχοι
3402 1421 3487 1467 τις
3518 1408 3723 1459 εἰπεῖν’

2158 1487 2252 1541 καὶ
2285 1488 2392 1558 γὰρ
2423 1490 2516 1542 καὶ
2545 1490 2818 1552 πλουσίοις
2848 1491 2941 1543 καὶ¹
2964 1490 3188 1561 πένησιν
3224 1491 3335 1543 ἴσον
3355 1490 3454 1560 τῆς
3487 1491 3729 1545 ἀπολαύ-

2163 1587 2297 1632 σεως
2334 1570 2559 1640 ὥρισται
2603 1572 2820 1643 μέτρον,
2859 1571 3058 1642 μᾶλλον
3089 1573 3145 1626 δέ
3185 1573 3278 1626 καὶ
3319 1570 3549 1627 ἐνταῦθα
3596 1576 3728 1638 τοὺς

2159 1652 2396 1724 πένητας
2420 1654 2528 1706 τῶν
2549 1654 2917 1709 πλουτούντων
2941 1656 3388 1718 πλεονεκτοῦντας
3419 1657 3515 1710 ῐδοι
3535 1675 3619 1721 τις
3635 1657 3722 1724 ἂν,

2157 1737 2266 1807 ὅσῳ
2295 1739 2390 1791 καὶ
2416 1741 2742 1810 τρανοτέρας
2777 1740 2874 1805 τὰς
2918 1742 3218 1813 αίσθὴσεις,
3254 1743 3344 1797 καὶ
3383 1743 3634 1814 ὀξύτερον
3663 1745 3727 1796 16

2158 1819 2331 1889 δμμα,
2363 1822 2457 1874 καὶ
2487 1823 2881 1894 ἀκριϐεστέρας
2907 1824 3087 1894 ἔχουσι
3122 1825 3220 1889 τάς
3250 1826 3560 1897 ἀντιλήψεις
3584 1829 3727 1882 ἀπάν

2163 1921 2281 1967 σας.
2300 1905 2391 1957 Διὸ
2419 1907 2513 1958 καὶ
2530 1908 2896 1977 γνησιωτέραν
2921 1908 3257 1980 καρποῦνται
3271 1912 3369 1980 τὴν
3399 1911 3608 1982 ἡδονὴν,
3632 1915 3725 1966 καὶ

2163 1987 2362 2056 μᾶλλον
2388 1989 2691 2060 ἐντρυφῶσι
2711 1993 2804 2044 καὶ
2823 1992 3148 2046 ἀπολαύουσι
3177 1997 3242 2064 τῇ
3270 1994 3470 2066 θεωρίᾳ
3491 1997 3588 2068 τῆς
3616 1998 3726 2048 κτί-

2161 2089 2317 2136 σεως.
2351 2073 2464 2126 Οὐκ
2496 2074 2588 2125 ἐπὶ
2621 2075 2728 2128 τῶν
2759 2077 3033 2146 στοιχείων
3057 2075 3114 2129 δὲ
3147 2077 3305 2147 μόνον
3331 2078 3554 2142 τούτων,
3588 2080 3726 2134 ἀλλά

2161 2157 2255 2209 καί⁵
2272 2157 2364 2209 ἐπὶ
2383 2156 2489 2209 τῶν
2527 2157 2700 2212 ἀλλων
2729 2157 2836 2211 τῶν
2861 2161 3011 2230 παρά
3027 2161 3124 2232 τῆς
3148 2161 3364 2230 φύσεως
3391 2163 3724 2233 εἰσενεχθέν-

2159 2256 2267 2292 των
2303 2242 2454 2310 ἡμῖν,
2493 2240 2692 2311 πολλὴν
2729 2241 2847 2311 ὄψει
2891 2243 2988 2311 τὴν
3033 2243 3274 2314 ίσότητα,
3317 2245 3515 2315 μᾶλλον
3548 2247 3602 2299 δὲ
3626 2249 3724 2317 τὴν

2161 2322 2472 2389 πλεονεξίαν
2501 2324 2653 2394 παρά
2679 2326 2787 2387 τοῖς
2816 2324 3038 2396 πένησιν
3064 2321 3248 2380 οὖσαν.
3273 2325 3374 2380 Καὶ
3405 2327 3512 2398 γάρ
3539 2327 3724 2392 ὕπνος,

2161 2406 2189 2457 6
2216 2406 2394 2475 πάσης
2421 2407 2632 2476 τρυφῆς
2657 2407 2817 2478 ἡδίων
2845 2407 2938 2462 καὶ
2958 2408 3394 2480 ἀναγκαιότερος,
3412 2411 3504 2463 καὶ¹
3525 2412 3730 2482 τροφῆς

2164 2488 2380 2558 ἀπάσης
2404 2490 2834 2562 χρησιμώτερος,
2869 2491 3230 2564 εὑκολώτερος
3258 2495 3373 2556 τοῖς
3407 2494 3651 2564 πένησιν,
3691 2494 3724 2564 ἢ

2161 2574 2273 2636 τοῖς
2305 2572 2579 2638 πλουσίοις
2608 2574 2775 2627 ἐστίν’
2801 2575 2900 2628 ούκ
2927 2575 3287 2646 εὑκολώτερος
3305 2576 3361 2647 δὲ
3388 2577 3565 2647 μόνον,
3591 2579 3726 2632 ἀλλά

2162 2655 2257 2708 καὶ
2283 2655 2750 2727 εἰλικρινέστερος.
2779 2657 3035 2722 Ἐκείνοις
3053 2659 3151 2730 μὲν
3165 2644 3273 2730 γάρ
3342 2644 3510 2732 πολλὴ
3525 2661 3722 2733 τρυφὴ,

2162 2737 2333 2790 καὶτὸ
2355 2738 2491 2808 μήτε
2514 2738 2810 2802 πεινῶντας
2834 2739 3051 2806 ἐσθίειν,
3083 2741 3217 2811 μήτε
3245 2741 3510 2810 διψῶντας
3529 2743 3726 2806 πίνειν,

2167 2821 2303 2890 μήτε
2341 2819 2620 2874 καθεύδειν
2664 2819 3039 2887 νυστάζοντας,
3074 2823 3172 2893 τὴν
3211 2823 3268 2877 ἐν
3305 2824 3506 2878 ἅπασιν
3537 2826 3728 2896 ἡδονὴν

2163 2901 2374 2956 ἐκλύειν
2400 2903 2588 2956 είωθεν
2605 2920 2620 2935 ο
2654 2904 2713 2956 οὑ
2733 2903 2840 2976 γάρ
2873 2903 3044 2968 οὕτως
3070 2907 3103 2977 ἡ
3130 2905 3238 2960 τῶν
3267 2907 3602 2978 πραγμάτων
3629 2908 3729 2976 φύ-

2166 3001 2270 3049 σις,
2292 2985 2368 3048 ῶς
2385 2985 2446 3038 16
2459 2985 2557 3056 τῆς
2577 2985 2763 3056 χρείας
2783 2988 3074 3056 ἀναγκαῖον
3101 2989 3326 3044 ἕκαστον
3364 2993 3496 3061 ἡμῖν
3523 2992 3729 3045 τούτοιν

2164 3067 2261 3137 ἡδὺ
2295 3068 2632 3139 καθίστησιν.
2667 3069 2778 3140 Οὐχ
2806 3069 2946 3124 οὕτω
2979 3071 3108 3139 γοῦν
3139 3072 3200 3125 16
3228 3073 3400 3127 πίνειν
3430 3069 3570 3130 οἶνον
3597 3075 3728 3145 ἡδὶν

2165 3156 2258 3208 καὶ
2275 3155 2593 3225 ἀνθοσμίαν,
2619 3157 2694 3221 ὡς
2710 3157 2771 3210 16
2787 3157 3053 3228 διψῶντας
3069 3160 3241 3214 πίνειν
3257 3160 3402 3232 ὕδωρ
3422 3163 3727 3234 εὐφραίνειν

2165 3237 2351 3290 εἴωθεν
2367 3253 2378 3265 ·
2412 3241 2508 3309 οὑχ
2529 3240 2668 3293 οὑτω
2684 3240 2743 3294 16
2764 3241 3096 3307 πλακοῦντας
3118 3245 3147 3284 ιι
3173 3245 3391 3310 ἐσθίειν,
3421 3247 3496 3311 ῶς
3527 3246 3588 3300 τὸ
3609 3265 3728 3300 πει-

2166 3320 2370 3385 νῶντας
2391 3322 2589 3376 ἐσθίειν
2608 3339 2620 3353 ο
2657 3324 2752 3393 οὐχ
2779 3324 2918 3378 οὕτω
2946 3326 3005 3379 τὸ
3029 3327 3306 3381 καθεύδειν
3331 3329 3422 3382 ἐπὶ
3447 3332 3729 3402 στρωμνῆς

2169 3403 2399 3474 ἁπαλῆς.
2426 3405 2502 3468 ώς
2533 3406 2592 3457 τὸ
2619 3407 2975 3472 νυστάζοντας
3004 3410 3283 3465 καθεύδειν
3305 3429 3320 3443 ο
3345 3412 3488 3484 άπερ
3519 3413 3730 3468 ἅπαντα

2169 3505 2243 3539 πα
2250 3487 2318 3557 ρά
2334 3490 2446 3550 τοῖς
2463 3487 2655 3558 πένησι
2675 3490 2872 3559 μᾶλλόν
2886 3493 3050 3560 ἐστιν,
3072 3494 3105 3565 ἡ
3127 3497 3276 3565 παρὰ
3285 3498 3398 3558 τοῖς
3423 3496 3722 3551 πλουτοῦσι.

2167 3569 2248 3621 Τὰ
2273 3569 2330 3621 δὲ
2344 3569 2442 3638 τῆς
2465 3570 2674 3639 ὑγιείας
2699 3572 2792 3624 τοῦ
2811 3572 3063 3642 σώματος
3101 3576 3196 3628 καὶ
3221 3577 3322 3647 τῆς
3343 3577 3506 3649 άλλης
3519 3579 3730 3645 εὐεξίας

2166 3650 2382 3721 ἀπάσης
2408 3652 2467 3704 ού
2499 3653 2652 3707 κοινά
2668 3655 2760 3708 καὶ
2779 3655 3049 3720 πλουσίοις
3071 3659 3164 3711 καὶ
3187 3659 3382 3730 πένησι
3412 3663 3688 3734 πρόκειται
3707 3681 3722 3729 ;

2164 3736 2258 3806 Μὴ
2283 3736 2503 3820 δύναταί
2529 3756 2612 3803 τις
2636 3741 2808 3793 εἰπεῖν
2830 3741 3066 3811 ἢδεῖξαι,
3089 3745 3172 3798 ὅτι
3192 3746 3421 3818 πένητες
3438 3749 3536 3818 μὲν
3557 3750 3730 3821 ἀρρω-

2167 3823 2348 3906 στοῦσι
2387 3823 2565 3895 μόνον,
2599 3826 2917 3881 πλούσιοιδέ
2945 3829 3033 3882 διὰ
3065 3831 3264 3895 παντὸς
3291 3833 3348 3885 ἐν
3377 3834 3587 3906 καθαρᾷ
3613 3836 3729 3890 δια-

2168 3904 2418 3975 μένουσιν
2441 3908 2650 3980 ὑγιείᾳ;
2677 3911 2990 3965 Τούναντίον
3012 3913 3109 3983 μὲν
3125 3909 3213 3969 οῦν
3230 3914 3372 3967 ἐστιν
3400 3904 3543 3982 ίδεῖν,
3563 3904 3729 3989 πένη-

2164 4005 2263 4052 τας
2294 3990 2392 4060 μέν
2425 3992 2484 4046 ού
2521 3992 2716 4063 ῥᾳδίως
2745 3993 3128 4064 ἁλισκομένους
3163 3999 3273 4061 τοῖς
3303 3999 3542 4064 ἀνιάτοις
3572 4005 3728 4074 νοσή-

2169 4089 2319 4142 μασι,
2349 4075 2622 4148 πανταχοῦ
2657 4077 2714 4130 66
2753 4077 2810 4129 ἐν
2842 4079 2953 4141 τοῖς
2985 4077 3091 4131 τῶν
3116 4079 3484 4143 πλουτούντων
3515 4083 3726 4155 σώμασι

2164 4156 2332 4209 ταῦτα
2361 4157 2741 4226 βλαστάνοντα.
2763 4160 3055 4228 Ποδαλγίαι
3080 4162 3229 4230 γοῦν,
3261 4164 3354 4216 καὶ
3375 4166 3725 4238 καρηϐαρίαι,

2164 4240 2258 4292 καὶ
2275 4257 2350 4294 πα
2358 4240 2652 4310 ρέσεις,καὶ
2664 4242 2867 4313 νεύρων
2879 4245 3163 4314 ἀνήκεστοι
3178 4245 3517 4316 διαστροφαὶ,
3531 4250 3624 4302 καὶ
3640 4268 3730 4303 πο-

2163 4322 2301 4393 νηρά
2331 4323 2425 4376 καὶ
2440 4322 2806 4394 διεφθαρμένα
2836 4325 3080 4396 ῥεύματα
3103 4328 3433 4396 παντοδαπὰ,
3457 4333 3728 4398 κάκείνοις

2167 4408 2401 4478 μάλιστα
2425 4409 2660 4480 ἐνοχλεῖν
2715 4409 2868 4465 εἴωθε
2919 4415 3030 4478 τοῖς
3083 4415 3347 4484 τρυφῶσι,
3379 4419 3488 4482 τοῖς
3543 4418 3728 4490 μύρων

2163 4495 2395 4559 ὖζουσιν,
2427 4496 2486 4548 ού
2518 4498 2628 4558 τοῖς
2671 4497 2890 4551 πονοῦσι
2923 4500 3016 4552 καὶ
3058 4499 3604 4573 ταλαιπωρουμένοις,
3634 4506 3726 4558 καὶ

2163 4582 2227 4633 ἐκ
2255 4581 2353 4651 τῆς
2379 4581 2501 4635 καθ’
2523 4583 2758 4654 ἑκάστην
2786 4584 2996 4655 ἡμέραν
3024 4586 3282 4658 ἐργασίας
3305 4587 3406 4659 τῆν
3429 4589 3724 4659 ἀναγκαίαν

2164 4665 2368 4734 τροφὴν
2389 4663 2692 4736 πορίζουσι.

2233 4752 2293 4799 ε’.
2327 4747 2426 4800 Διὰ
2446 4747 2602 4801 τοῦτο
2622 4749 2716 4802 καὶ
2745 4749 2852 4802 τῶν
2883 4752 3189 4822 προσαιτῶν
3206 4755 3253 4808 oi
3269 4758 3444 4827 τρυφῇ
3465 4755 3725 4821 συζῶντες

2161 4827 2479 4900 ἀθλιώτεροι
2506 4832 2702 4895 πάντες
2720 4849 2736 4866 ο
2765 4833 2859 4886 καὶ
2887 4834 3045 4888 τοῦτο
3082 4836 3190 4889 οὐδ’
3231 4837 3297 4891 ἂν
3329 4840 3482 4894 αὐτοὶ
3509 4841 3559 4892 οί
3597 4858 3722 4912 τρυ-

2163 4912 2369 4980 φῶντες
2389 4913 2710 4968 ἀντείποιεν.
2736 4915 2998 4978 Πολλάκις
3012 4917 3142 4985 γοῦν
3166 4919 3415 4984 πλούσιος
3439 4923 3532 4975 ἐπὶ
3555 4939 3724 4994 στρω-

2163 4995 2299 5065 μνῆς
2321 4997 2714 5066 κατακείμενος
2729 4999 2963 5070 ἀπαλῆς,
2981 5001 3205 5055 οίκετῶν
3224 5004 3317 5056 καὶ
3337 5004 3724 5075 θεραπαινίδων

2159 5080 2461 5150 παρόντων,
2487 5081 2684 5150 πολλῆς
2702 5082 2995 5152 θεραπείας
3011 5086 3295 5140 ἀπολαύων
3319 5089 3468 5161 παρὰ
3491 5090 3723 5156 πάντων,

2163 5163 2389 5233 πένητος
2407 5163 2496 5216 διά
2510 5164 2602 5217 τοῦ
2635 5167 2908 5219 στενωποῦ
2930 5168 3166 5232 ἀκούσας
3193 5169 3440 5239 βοῶντος,
3465 5174 3627 5243 ἄρτον
3644 5176 3726 5226 αἰ-

2159 5245 2392 5309 τοῦντος,
2416 5246 2698 5317 ἐδάκρυσε,
2728 5247 2876 5321 [746]
2891 5253 2983 5304 καὶ
3003 5252 3274 5319 ἐστέναξε,
3300 5255 3394 5308 καὶ
3417 5255 3615 5325 ηὔξατο
3639 5275 3727 5324 γε·

2159 5327 2341 5380 νέσθαι
2360 5329 2596 5391 τοιοῦτος
2629 5331 2766 5400 μετὰ
2796 5331 2892 5402 τῆς
2913 5333 3138 5402 ὑγιείας,
3163 5334 3194 5405 ἡ
3224 5338 3362 5406 μετὰ
3387 5339 3481 5392 τοῦ
3501 5339 3724 5393 πλούτου

2159 5410 2590 5494 τὴνάρρωστίαν
2632 5414 2794 5484 ἔχειν.
2827 5418 2939 5469 Οὑκ
2964 5418 3056 5471 ἐπὶ
3087 5419 3184 5488 τῆς
3214 5420 3423 5488 ὑγιείας
3455 5422 3510 5475 δὲ
3547 5424 3724 5494 μόνον,

2158 5492 2290 5545 ἀλλά
2320 5495 2412 5546 καὶ
2444 5498 2536 5548 ἐπὶ
2565 5497 2662 5565 τῆς
2690 5499 3032 5564 παιδοποιίας
3059 5501 3219 5555 πάλιν
3243 5503 3393 5557 οὐδὲν
3429 5492 3617 5574 ὄψεταί
3645 5524 3726 5570 τις

2157 5576 2247 5628 16v
2270 5576 2518 5630 πλούσιον
2541 5579 2633 5632 τοῦ
2658 5582 2883 5652 πένητος
2914 5584 3332 5640 πλεονεκτοῦντα
3353 5603 3366 5617 °
3396 5588 3509 5641 ἀλλ’
3528 5589 3726 5658 ὁμοίας

2161 5659 2252 5710 καὶ
2288 5661 2435 5730 παρά
2461 5662 2690 5726 τούτοις,
2721 5667 2812 5719 καὶ
2852 5670 2978 5736 παρ’
3008 5670 3237 5733 ἐκείνοις
3260 5674 3352 5724 καὶ
3383 5673 3726 5726 πολυπαιδίαι

2225 5759 2250 5796 b
2280 5760 2396 5820 Heg.
2424 5763 2478 5809 π)
2489 5761 2732 5819 ακοῦνδας.
