4094 6256
337 427 443 482 675

338 555 459 599 ante
484 552 679 617 tempus
694 545 948 618 judicare,
980 561 1137 600 aonec
1161 549 1324 602 veniat
1363 547 1612 601 Dominus
1636 546 1913 617 (1.00mi.

336 636 398 703 5)
426 653 440 688 :
474 644 530 689 et
559 645 616 690 tu
660 636 943 691 Dominum
983 639 1034 691 in
1058 638 1320 705 judicium
1350 638 1542 702 trahis,
1572 648 1628 694 et
1653 638 1913 695 factorum

336 726 601 781 rationem
623 727 690 781 ab
715 742 781 781 eo
814 729 1006 797 exigis,
1037 744 1135 783 nec
1160 730 1421 785 exhorres
1454 738 1546 785 aut
1568 732 1916 799 expavescis?

338 814 404 866 Et
433 829 592 883 quam
633 818 976 885 consequeris
1014 818 1244 883 veniam,
1293 818 1539 885 obsecro,
1572 836 1730 889 quam
1756 835 1916 876 excu-

335 904 604 958 sationem
636 903 873 971 habebis,
893 922 1011 960 cum
1040 908 1258 977 singulis
1281 908 1487 973 diebus,
1517 910 1625 963 imo
1652 926 1779 965 vero
1808 912 1917 965 sin-

333 994 475 1062 gulis
504 994 653 1050 horis
670 999 1091 1066 experimentum
1120 1001 1467 1069 providentia:
1485 1002 1603 1071 ejus
1621 1004 1827 1072 capias;
1861 1015 1915 1060 et

337 1094 518 1139 tamen
543 1087 616 1141 ob
641 1087 1074 1158 inaequalitatem,
1104 1108 1222 1160 quae
1251 1092 1390 1147 inter
1418 1093 1610 1149 divites
1634 1106 1691 1150 ct.
1717 1110 1916 1166 paupe-

336 1190 426 1229 res
482 1177 724 1243 videtur,
770 1182 1007 1234 omnium
1054 1197 1233 1236 rerum
1280 1184 1475 1238 bonam
1524 1185 1913 1241 ordinationem

332 1266 577 1332 damnes,
606 1269 764 1339 idque
792 1272 1020 1340 injuste?
1048 1272 1104 1327 Si
1135 1275 1277 1328 enim
1317 1275 1386 1328 ita
1416 1283 1477 1329 ut
1506 1275 1749 1340 decebat,
1788 1292 1909 1330 cum

334 1373 526 1428 magna
576 1364 765 1417 mentis
818 1366 1111 1420 attentione
1165 1367 1278 1422 haec
1325 1370 1550 1422 scrutari
1600 1369 1903 1437 voluisses,

332 1451 546 1506 etiamsi
587 1454 786 1508 nullum
832 1456 972 1511 aliud
1002 1458 1194 1513 divinae
1238 1459 1582 1528 providentiae
1625 1476 1909 1531 argumen-

334 1547 450 1594 tum
502 1543 797 1611 habuisses,
829 1557 975 1602 ccrte
1012 1564 1079 1602 ex
1119 1549 1317 1603 divitiis
1358 1560 1411 1603 et
1451 1561 1761 1620 paupertate
1792 1568 1908 1606 eam

333 1629 745 1699 deprehendere
794 1637 1074 1705 potuisses.
1126 1639 1445 1706 Paupertate
1497 1643 1637 1695 enim
1682 1644 1907 1705 sublata,

331 1719 459 1774 vitae
502 1724 666 1777 totius
708 1726 1017 1780 constitutio
1058 1728 1350 1792 tolleretur,
1397 1738 1453 1783 et
1488 1731 1662 1784 omnis
1705 1733 1911 1787 vivendi

330 1814 473 1865 ratio
502 1814 903 1880 perturbarctur
935 1834 948 1869 :
975 1830 1146 1886 neque
1175 1825 1332 1872 nauta
1359 1819 1465 1873 erit
1502 1834 1673 1889 neque
1713 1822 1911 1889 guber-

330 1910 510 1967 nator,
544 1918 649 1957 non
681 1906 934 1974 agricola,
990 1922 1094 1961 non
1138 1910 1532 1975 caementarius,
1566 1926 1670 1964 non
1718 1921 1908 1979 textor,

330 2006 437 2045 non
482 2002 652 2060 sutor,
694 2011 797 2049 non
836 1996 1003 2063 faber,
1048 2013 1152 2052 non
1189 2000 1429 2062 aerarius,
1477 2016 1583 2053 non
1626 2004 1906 2071 coriarins,

332 2081 591 2151 pistorve,
624 2101 723 2140 nec
764 2087 899 2142 alius
928 2089 1065 2142 ullus
1094 2088 1272 2158 opifex
1305 2108 1316 2143 :
1344 2090 1533 2158 quibus
1565 2106 1669 2147 non
1699 2104 1912 2149 exstan-

328 2171 497 2239 tibus,
535 2176 711 2229 omnia
741 2185 953 2245 pessum
986 2178 1155 2232 ibunt.
1196 2179 1345 2234 Nunc
1373 2183 1534 2248 enim,
1563 2186 1714 2252 quasi
1744 2188 1911 2256 magi-

329 2270 440 2316 stra
481 2265 723 2332 quaedam
762 2270 978 2337 Optima,
1012 2272 1299 2325 necessitas
1328 2277 1648 2343 paupertatis
1676 2278 1911 2348 singulos

328 2350 397 2403 ad
424 2367 586 2421 opera
617 2356 701 2409 vel
733 2356 925 2413 invitos
952 2372 1099 2429 urget
1131 2377 1145 2413 :
1173 2362 1313 2431 quod
1337 2364 1383 2418 si
1405 2379 1591 2420 omnes
1615 2379 1798 2422 essent
1824 2371 1905 2425 di~

328 2444 487 2510 vites,
517 2461 703 2503 omnes
728 2450 887 2504 etiam
931 2451 983 2505 in
1020 2453 1130 2507 otio
1156 2455 1410 2523 viverent,
1442 2466 1600 2527 atque
1629 2460 1698 2513 ita
1728 2462 1905 2515 omnia

328 2549 548 2602 pessum
593 2537 750 2606 irent,
799 2550 854 2597 et
902 2542 1031 2597 nihil
1076 2559 1180 2599 non
1228 2547 1443 2615 periret.
1487 2548 1750 2605 Praeterea
1795 2553 1907 2608 suis

327 2624 566 2692 ipsorum
592 2628 763 2684 verbis
782 2633 1019 2688 convinci
1050 2644 1292 2704 possunt,
1323 2645 1376 2691 et
1394 2638 1460 2692 ad
1489 2639 1753 2695 silentium
1782 2643 1907 2698 red-

327 2713 418 2784 igi.
467 2714 576 2772 Cur
611 2719 786 2781 enim.
831 2722 1048 2790 quaeso,
1088 2725 1180 2780 Dei
1224 2728 1605 2796 providentiam
1652 2734 1907 2788 accusas?

326 2818 523 2874 nempe
561 2809 701 2877 quod
728 2810 861 2866 alius
885 2812 1023 2881 plus,
1053 2816 1187 2871 alius
1207 2818 1380 2874 minus
1409 2822 1746 2889 pecuniarum
1776 2839 1901 2895 pos-

325 2894 484 2950 sidet.
528 2896 664 2961 Quid
710 2902 857 2955 tum?
900 2903 944 2956 si
986 2904 1039 2958 in
1078 2907 1366 2976 majoribus
1404 2912 1583 2977 rebus,
1632 2922 1686 2968 et
1712 2894 1904 2983 quibus

324 2986 432 3038 vita
462 2997 643 3041 nostra
669 3000 893 3057 constat,
929 3008 1080 3062 pares
1104 3010 1223 3052 esse
1242 3013 1426 3054 omnes
1456 3001 1700 3057 homines
1727 3014 1904 3060 osten-

324 3077 474 3139 dam,
522 3094 742 3135 necesse
786 3083 889 3137 erit
928 3094 986 3139 ut
1016 3101 1109 3155 per
1147 3089 1320 3142 omnia
1363 3090 1593 3146 divinam
1627 3096 1904 3163 providen-

326 3168 454 3222 tiam
488 3172 769 3239 approbes.
794 3172 924 3228 Nam
953 3177 997 3231 si
1025 3176 1148 3232 inde
1175 3179 1380 3249 colligis
1407 3183 1603 3237 nullam
1628 3199 1749 3240 esse
1781 3203 1904 3257 pro-

326 3258 634 3327 videntiam,
663 3264 801 3332 quod
828 3266 1011 3323 unain
1031 3282 1091 3323 re
1116 3270 1290 3338 potior
1312 3271 1382 3325 sit
1405 3272 1624 3327 divitum
1647 3278 1899 3343 conditio,

323 3350 570 3406 videlicet
597 3356 864 3422 pecuniis;
897 3357 940 3411 si
965 3369 1291 3428 compertum
1322 3361 1475 3417 fuerit
1502 3378 1686 3421 omnes
1718 3384 1899 3438 mqua-

324 3442 447 3498 liter
485 3446 663 3513 potiri,
689 3462 795 3501 non
824 3464 925 3504 una
953 3464 1033 3517 re,
1062 3466 1232 3522 neque
1264 3461 1368 3507 tam
1394 3454 1503 3520 vili,
1541 3456 1634 3511 sed
1662 3459 1899 3527 pluribus

323 3544 379 3587 et
404 3537 572 3590 multo
606 3539 915 3607 majoribus,
944 3545 1279 3612 perspicuum
1306 3556 1389 3600 est
1417 3556 1467 3601 te
1496 3548 1618 3603 inde
1649 3551 1729 3606 vel
1763 3553 1896 3606 inviâ€”

326 3634 435 3680 tum
464 3629 577 3697 cogi
604 3630 694 3683 Dei
726 3633 1067 3699 providentia:
1097 3635 1425 3706 adstipulari.

394 3717 475 3770 An
503 3720 615 3787 plus
643 3738 861 3791 paupere
898 3724 1031 3778 dives
1056 3725 1268 3789 habeat;
1289 3744 1493 3782 somnus
1536 3732 1737 3784 suavior
1764 3748 1897 3798 pau-

323 3808 464 3875 peri;
504 3808 737 3862 valetudo
768 3830 1009 3882 prospera
1037 3830 1177 3883 teque
1214 3817 1444 3871 divitibus
1484 3829 1530 3871 et
1558 3823 1898 3890 pauperibus;

328 3901 509 3967 funera
551 3900 760 3953 divitum
803 3910 849 3954 et
888 3921 1188 3973 pauperum.
1217 3936 1290 3946 â€”
1325 3908 1457 3976 Age,
1504 3910 1569 3964 ad
1605 3926 1664 3965 ea
1707 3912 1898 3982 quibus

322 3998 505 4043 nostra
539 3993 641 4045 vita
690 4002 917 4059 constat,
967 4009 1213 4051 sermone
1262 3998 1681 4068 progrediamur,
1728 4017 1898 4073 eaque

321 4080 602 4151 diligenter
643 4082 985 4153 inquiramus,
1032 4095 1083 4139 et
1129 4085 1401 4142 videamus
1446 4103 1512 4143 an
1554 4090 1606 4144 in
1650 4091 1753 4145 illis
1780 4094 1898 4163 plus

322 4188 554 4241 paupere
583 4174 729 4230 dives
757 4175 964 4230 habeat.
993 4178 1141 4245 Puta,
1168 4179 1317 4234 dives
1348 4182 1505 4236 habet
1525 4182 1775 4239 Thasium
1794 4185 1893 4257 (a),

321 4272 377 4316 ct
406 4264 539 4318 alios
572 4267 765 4321 multos
787 4275 899 4321 arte
920 4269 1190 4324 confectos
1216 4280 1370 4340 potus
1400 4279 1454 4327 et
1478 4273 1543 4327 ad
1571 4275 1893 4344 voluptatem

320 4355 564 4410 conditos
589 4375 602 4413 :
631 4367 686 4410 at
714 4357 885 4413 fontes
910 4374 1163 4427 aquarum
1182 4362 1427 4418 omnibus
1459 4374 1584 4420 sunt
1609 4368 1888 4436 propositi,

323 4454 427 4498 tam
455 4448 775 4517 pauperibus
801 4464 958 4518 quam
988 4449 1256 4505 divitibus.
1288 4451 1468 4506 Risisti
1503 4453 1644 4510 forte
1672 4456 1893 4512 audiens

322 4535 458 4590 hanc
482 4538 858 4606 aequalitatem.
886 4539 1021 4592 Audi
1053 4540 1212 4608 igitur
1240 4551 1434 4610 quanto
1464 4548 1800 4612 praestantior
1826 4549 1895 4602 sit

320 4628 510 4695 quovis
554 4628 680 4681 vino
727 4643 877 4695 aqua:
918 4639 1126 4696 natura,
1178 4632 1451 4702 magisque
1487 4636 1789 4690 necessaria
1840 4646 1894 4691 et

320 4718 503 4784 utilis;
532 4727 585 4774 et
616 4718 890 4773 revocabis
915 4729 1059 4774 tuam
1088 4722 1427 4789 sententiam,
1462 4738 1720 4794 verasque
1761 4740 1893 4795 pau-

319 4825 504 4879 perum
544 4810 753 4864 divitias
781 4810 1063 4878 intelliges.
1092 4809 1225 4865 Nam
1260 4812 1383 4866 vino
1410 4812 1621 4882 quidem
1661 4814 1889 4879 sublato,

321 4917 427 4956 non
454 4917 701 4972 magnum
724 4901 883 4956 fuerit
900 4901 1271 4956 detrimentum
1298 4911 1648 4973 praeterquam
1671 4905 1892 4960 infirmis

318 4994 445 5047 solis
470 5011 482 5046 :
504 4994 550 5048 si
579 4995 695 5063 quis
724 5002 902 5049 autem
929 4992 1097 5046 fontes
1121 4994 1396 5048 sustulerit
1421 5002 1475 5048 et
1500 5009 1756 5064 aquarum
1782 4996 1891 5052 ele-

319 5099 577 5155 mentum,
601 5089 760 5142 vitam
778 5104 989 5144 omnem
1012 5097 1247 5142 nostram
1272 5086 1608 5151 subvenerit,
1632 5095 1686 5143 et
1704 5103 1890 5145 omnes

322 5179 608 5246 perdiderit
636 5189 813 5234 artes:
845 5196 908 5235 ac
939 5196 1006 5235 ne
1032 5179 1246 5235 biduum
1277 5178 1488 5249 quidem
1518 5179 1711 5234 durare
1739 5189 1890 5249 pote-

321 5270 504 5335 rimus,
546 5270 641 5325 sed
689 5271 864 5325 statim
907 5286 1092 5326 omnes
1138 5270 1425 5326 moriemur
1460 5277 1632 5329 morte
1660 5270 1885 5340 quadam

324 5363 606 5417 miserabili
633 5374 792 5432 atque
820 5364 1147 5432 gravissima.

388 5457 440 5506 4.
480 5453 535 5508 lu
567 5454 881 5509 necessariis
907 5455 1082 5523 itaque
1116 5454 1277 5508 rebus
1301 5453 1492 5521 quibus
1521 5454 1628 5508 vita
1655 5463 1883 5522 constat,

315 5557 514 5614 panper
542 5560 645 5601 non
672 5555 755 5601 est
797 5545 1033 5610 inferior,
1063 5543 1191 5609 imo,
1235 5544 1280 5596 si
1310 5544 1502 5599 mirum
1528 5544 1776 5614 quiddam
1805 5546 1886 5601 di-

315 5636 539 5691 cendum
567 5644 672 5705 est,
711 5644 926 5707 superat
951 5636 1113 5691 etiam
1150 5634 1386 5691 divitem.
1420 5635 1611 5692 Multos
1639 5638 1781 5693 enim
1803 5637 1883 5692 di-

377 5769 447 5832 (a)
479 5770 861 5834 celeberrimum
884 5779 989 5821 erat
1009 5771 1231 5834 Thasium
1266 5771 1446 5832 vinum,
1471 5776 1525 5822 ut
1562 5770 1732 5823 videas
1755 5772 1881 5834 apud

313 5831 699 5891 Anstophanem,
724 5833 954 5894 Plautum,
980 5841 1031 5884 et
1052 5833 1186 5883 alios.

1614 432 1698 486 DE
1737 430 1919 485 ANNA
1956 430 2188 489 SERMO
2226 432 2290 486 V.

3499 457 3604 514 674

2022 546 2160 603 vites
2212 548 2485 605 cernimus
2540 562 2755 622 propter
2811 555 3029 613 delicias
3067 560 3496 634 valetudinarios,
3542 576 3605 620 ut

2022 636 2307 705 plurimum
2351 656 2501 710 aqua:
2544 652 2667 711 potu
2705 645 2971 702 abstinere
3004 665 3017 702 :
3049 661 3245 718 pauper
3282 666 3459 713 autem
3506 675 3607 730 per

2021 734 2184 782 totam
2231 730 2387 784 vitam
2432 732 2513 786 bis
2554 733 2766 789 fluentis
2794 737 2958 792 libere
2996 738 3205 806 fruitur,
3238 753 3504 815 tamquam
3535 750 3607 804 ad
3676 790 3685 795 -

2023 817 2197 871 mellis
2228 819 2421 885 fontes,
2451 823 2515 875 ad
2557 838 2812 892 aquarum
2837 843 3057 884 currens
3083 829 3303 891 rivulos.
3334 836 3601 893 sinceram

2024 907 2148 961 inde
2191 918 2243 963 et
2275 926 2457 977 puram
2493 925 2838 981 percepturus
2870 919 3210 987 voluptatem.
3242 924 3376 990 Quid
3419 939 3596 981 autem
3625 961 3633 999 á½·

2022 997 2157 1067 ignis
2184 1003 2414 1054 natura?
2443 1018 2617 1058 nonne
2650 1004 2909 1060 thesauris
2933 1010 3221 1068 innumeris
3263 1016 3459 1080 utilior,
3492 1017 3592 1071 hu-

2022 1088 2297 1157 manisque
2320 1089 2516 1145 divitiis
2550 1094 2829 1148 omnibus?
2859 1096 2925 1150 Et
2954 1098 3040 1154 hic
3077 1117 3287 1172 quoque
3316 1106 3594 1162 thesaurus

2019 1193 2083 1232 ex
2114 1194 2267 1249 (equo
2290 1180 2436 1234 diviti
2465 1183 2663 1251 pariter
2681 1201 2743 1239 ac
2773 1191 2987 1255 pauperi
3016 1196 3320 1263 propositus
3339 1208 3437 1252 est.
3464 1199 3594 1269 Qua;

2018 1282 2144 1321 vero
2172 1271 2404 1323 nascitur
2433 1273 2499 1327 ab
2534 1287 2659 1327 aere
2703 1277 3013 1344 corporibus
3044 1284 3234 1338 nostris
3280 1287 3495 1353 utilitas,
3537 1296 3595 1345 et
3662 1358 3665 1359 Î½

2017 1359 2105 1413 lux
2134 1361 2343 1426 solaris,
2376 1365 2630 1433 numquid
2673 1365 2923 1423 divitibus
2964 1374 3133 1443 magis
3159 1390 3313 1443 quam
3344 1382 3590 1448 pauperie

2016 1448 2116 1504 bus
2141 1450 2440 1517 exhibetur,
2473 1463 2525 1506 et
2554 1471 2669 1509 eam
2694 1456 2767 1523 illi
2798 1469 3039 1527 quatuor,
3073 1463 3122 1516 hi
3156 1465 3357 1520 duobus
3385 1478 3588 1525 tantum

2020 1540 2187 1593 oculis
2209 1542 2423 1595 vident?
2448 1542 2549 1597 Sed
2570 1560 2741 1612 neque
2762 1547 2861 1601 hoc
2884 1550 3159 1619 quisquam
3184 1554 3361 1611 dicere
3383 1569 3584 1626 potest:

2017 1632 2223 1700 utrique
2247 1635 2386 1687 enim
2419 1638 2528 1702 pari
2559 1652 2804 1693 mensura
2827 1654 2886 1694 ea
2912 1642 3250 1709 perfruuntur
3282 1664 3296 1699 :
3326 1649 3431 1702 imo
3459 1666 3587 1707 vero

2015 1732 2069 1776 et
2099 1722 2186 1777 hic
2211 1740 2496 1793 pauperum
2528 1736 2702 1795 partes
2738 1739 2857 1783 sunt
2884 1733 3136 1799 potiores,
3160 1747 3354 1805 quanto
3378 1750 3433 1794 et
3458 1757 3585 1796 seu-

2014 1828 2104 1867 sus
2132 1814 2326 1869 habent
2355 1818 2671 1885 vegetiores,
2721 1830 2774 1873 ct
2803 1823 3092 1879 acutiorem
3122 1831 3352 1896 oculum,
3396 1841 3450 1886 et
3481 1836 3583 1888 vim

2015 1906 2337 1975 percipiendi
2383 1912 2823 1976 prmstantiorem.
2867 1912 3198 1984 Quapropter
3236 1932 3289 1973 et
3326 1925 3582 1979 veriorem

2015 1994 2262 2050 hauriunt
2287 1998 2632 2066 voluptatem,
2675 2008 2728 2055 et
2754 2011 3115 2058 creaturarum
3144 2015 3586 2082 contemplatione

2013 2085 2181 2152 magis
2202 2086 2546 2142 delectantur.
2576 2090 2689 2144 Non
2718 2091 2769 2145 in
2800 2094 2927 2147 solis
2960 2106 3136 2152 autem
3164 2102 3459 2170 elementis,
3488 2109 3581 2162 sed

2013 2175 2065 2229 in
2105 2178 2350 2231 omnibus
2389 2178 2504 2235 aliis
2532 2189 2734 2235 naturae
2764 2185 3088 2249 muneribus,
3136 2191 3353 2245 multam
3380 2196 3584 2253 videbis

2013 2269 2394 2337 aequalitatem,
2447 2272 2554 2325 imo
2606 2275 3004 2343 prmrogativam
3057 2280 3213 2333 etiam
3268 2297 3578 2353 pauperum.

2010 2357 2142 2412 Nam
2183 2374 2400 2413 somnus
2430 2361 2676 2415 omnibus
2705 2363 2911 2420 deliciis
2936 2368 3150 2421 suavior
3188 2374 3455 2443 magisque
3483 2394 3580 2432 nc-

2011 2452 2294 2517 cessarius,
2342 2452 2593 2521 omnique
2645 2454 2826 2508 utilior
2870 2458 3211 2523 nutrimento,
3263 2466 3579 2531 pauperibus

2009 2548 2091 2592 est
2116 2554 2272 2609 quam
2303 2540 2553 2595 divitibus
2595 2541 2801 2597 facilior
2832 2562 2844 2597 :
2874 2560 3047 2614 neque
3074 2562 3199 2602 vero
3233 2550 3435 2605 facilior
3463 2562 3582 2608 tun-

2012 2639 2142 2694 tum,
2175 2630 2266 2684 sed
2297 2632 2456 2685 etiam
2485 2631 2761 2687 sincerior.
2789 2633 2868 2688 illi
2901 2636 3063 2702 enim,
3088 2646 3143 2692 ut
3168 2640 3254 2707 qui
3283 2641 3335 2694 in
3375 2642 3578 2700 deliciis

2008 2718 2225 2788 degunt,
2268 2720 2388 2775 cibo
2427 2720 2643 2790 famem,
2686 2731 2813 2792 potu
2855 2725 3019 2792 sitim,
3065 2742 3253 2784 somno
3281 2729 3574 2789 dormiendi

2008 2812 2375 2867 necessitatem
2412 2814 2761 2882 przeveniunt,
2792 2823 2949 2885 atque
2990 2817 3062 2870 ita
3090 2832 3301 2873 omnem
3331 2823 3573 2893 volupta-

2007 2912 2113 2957 tem
2162 2904 2261 2958 sibi
2299 2905 2674 2973 intercipiunt:
2709 2920 2813 2960 non
2859 2907 3000 2960 enim
3042 2909 3261 2976 perinde
3292 2910 3343 2965 in
3390 2923 3573 2970 natura

2009 2993 2253 3057 istorum,
2282 3004 2440 3062 atque
2467 2994 2517 3047 in
2559 3009 2656 3048 usu
2687 2997 3010 3062 necessario,
3043 2997 3283 3068 voluptas
3312 3004 3570 3059 coosisdt.

2004 3081 2121 3136 Non
2155 3082 2225 3136 ita
2250 3082 2480 3137 delectat
2508 3084 2683 3137 vinum
2713 3084 2988 3155 ipsumque
3013 3100 3173 3140 suave
3200 3090 3346 3143 olens
3368 3102 3572 3159 potare,

2006 3183 2064 3229 ut
2105 3175 2368 3229 sitientem
2408 3174 2589 3231 bibere
2616 3191 2841 3245 aquam;
2873 3192 2977 3231 non
3022 3178 3092 3233 ita
3120 3180 3387 3248 placentas
3415 3184 3574 3241 edere

1999 3267 2168 3335 juvat.
2200 3274 2258 3319 ut
2285 3265 2566 3320 esuriendo
2594 3266 2833 3336 quemvis
2862 3266 3035 3322 cibum
3076 3283 3320 3337 sumere;
3349 3288 3455 3328 non
3497 3276 3570 3329 ita

2004 3358 2147 3411 molli
2172 3357 2368 3412 cubare
2390 3364 2574 3421 strato,
2600 3367 2654 3411 ut
2671 3372 2982 3427 oppressum
3008 3373 3195 3417 somno
3213 3363 3393 3430 jacere
3418 3382 3431 3418 :
3454 3381 3571 3435 quae

2002 3447 2178 3502 omnia
2203 3448 2371 3518 magis
2394 3447 2530 3516 apud
2557 3462 2815 3517 pauperes
2840 3456 2982 3514 sunt,
3012 3464 3169 3519 quam
3194 3452 3330 3522 apud
3355 3453 3569 3511 divites.

2002 3539 2130 3606 Quae
2178 3553 2305 3593 vero
2356 3538 2623 3607 pertinent
2675 3537 2743 3592 ad
2797 3539 3037 3609 corporis
3087 3540 3459 3610 valetudinem,
3516 3554 3575 3601 et

1999 3642 2211 3683 omnem
2241 3628 2398 3682 aliam
2428 3628 2620 3683 bonam
2649 3627 3035 3698 habitudinem,
3060 3645 3235 3686 nonne
3268 3636 3566 3689 communia

2000 3729 2126 3776 sunt
2152 3720 2403 3775 divitibus
2421 3734 2571 3789 aeque
2590 3728 2748 3788 atque
2776 3722 3129 3788 pauperibus?
3150 3724 3229 3775 An
3253 3740 3375 3777 vero
3396 3726 3571 3781 dicere

2002 3812 2259 3881 quispiam
2301 3819 2474 3879 potest
2500 3810 2628 3863 illud
2671 3817 2760 3861 aut
2801 3809 3103 3874 ostendere,
3146 3813 3282 3879 quod
3313 3829 3567 3880 pauperes

2000 3915 2211 3967 semper
2250 3908 2523 3967 mgrotent,
2567 3898 2759 3951 divites
2798 3912 3009 3966 seraper
3054 3915 3303 3968 prospera
3355 3912 3568 3960 utantur

2003 3990 2346 4045 valetudine?
2392 3987 2727 4044 Contrarium
2755 3988 2967 4055 quidem
2993 3989 3171 4043 videre
3199 3990 3341 4054 licet,
3381 4008 3568 4063 paupe-

2000 4098 2087 4139 res
2115 4098 2218 4136 non
2246 4081 2402 4137 facile
2431 4080 2815 4135 insanabilibus
2842 4080 3042 4135 morbis
3068 4082 3205 4150 capi,
3228 4083 3320 4137 sed
3352 4087 3566 4142 morbos

1999 4174 2194 4243 passim
2212 4173 2263 4228 in
2280 4172 2503 4227 divitum
2523 4170 2835 4241 corporibus
2852 4173 3101 4242 grassari.
3126 4171 3279 4228 Certe
3301 4177 3566 4246 podagrae,

1996 4264 2330 4335 gravedines,
2357 4262 2733 4319 dissolutiones
2763 4277 3069 4329 nervorum,
3110 4272 3202 4318 aut
3238 4268 3563 4322 contractio-

1998 4373 2110 4419 nes,
2158 4357 2284 4411 varii
2330 4354 2504 4410 ï¬‚uxus
2538 4353 2711 4409 vitiosi
2752 4369 2815 4409 ac
2849 4356 3105 4424 corrupti;
3148 4354 3403 4413 delicatos
3445 4360 3566 4415 illos

1996 4448 2163 4516 magis
2190 4446 2455 4507 infestant,
2497 4459 2590 4499 eos
2610 4444 2698 4513 qui
2724 4454 2991 4512 unguenta
3025 4444 3190 4506 olent,
3223 4463 3325 4500 non
3354 4463 3447 4502 eos
3472 4453 3561 4520 qui

1997 4539 2237 4592 laborant
2265 4543 2319 4590 et
2359 4542 2691 4599 exercentur,
2734 4545 2789 4588 et
2816 4534 3121 4604 quotidiana
3154 4550 3311 4604 opera
3358 4539 3561 4594 victum

1995 4629 2097 4683 sibi
2126 4636 2330 4698 parant.

2064 4721 2118 4775 5.
2158 4718 2491 4787 Quapropter
2537 4714 2794 4771 mendicis
2849 4715 3007 4769 etiam
3058 4714 3361 4768 miseriores
3404 4721 3561 4777 sunt,

1994 4817 2255 4882 quotquot
2278 4810 2331 4863 in
2355 4807 2557 4863 deliciis
2584 4806 2801 4871 vivunt;
2828 4805 2879 4859 id
2909 4804 3047 4873 quod
3091 4819 3185 4858 nec
3214 4805 3310 4871 ipsi
3341 4803 3563 4859 inficiari

1994 4912 2231 4975 possunt.
2278 4900 2611 4970 Frequenter
2649 4898 2843 4967 quippe
2881 4897 3031 4950 dives
3071 4896 3211 4949 molli
3243 4896 3432 4951 lectulo
3472 4911 3563 4950 cu-

1992 4997 2146 5060 bans,
2170 4996 2309 5049 inter
2332 4987 2635 5047 omnimoda
2684 5002 2959 5042 servorum
2991 5002 3052 5041 ac
3076 4986 3384 5039 ancillarum
3414 4987 3565 5040 obsev

1992 5089 2135 5158 quia,
2164 5084 2342 5141 audito
2380 5081 2625 5138 mendico
2652 5094 2746 5149 per
2782 5080 2953 5132 vicum
2996 5078 3227 5132 clamore
3257 5093 3444 5146 panem
3474 5091 3563 5144 pe-

1994 5190 2136 5236 tente
2162 5176 2438 5246 ingemuit,
2465 5184 2519 5230 et
2542 5188 2662 5227 cum
2690 5170 2937 5241 lacrymis
2961 5177 3205 5237 precatus
3233 5176 3332 5229 est,
3358 5175 3408 5219 ut
3445 5166 3561 5218 talis

1993 5272 2163 5338 ï¬eret,
2194 5266 2483 5323 dummodo
2521 5279 2702 5328 sanus,
2730 5262 2906 5332 potius
2947 5275 3103 5329 quam
3136 5260 3185 5312 in
3225 5256 3427 5311 deliciis
3462 5254 3560 5311 ad-

1993 5379 2149 5420 versa
2188 5362 2453 5416 laboraret
2497 5357 2818 5413 valetudine.
2862 5353 2973 5408 Nec
3018 5361 3217 5405 tantum
3253 5349 3555 5404 valetudine

1989 5458 2149 5522 bona,
2179 5453 2271 5509 sed
2298 5451 2463 5523 prolis
2486 5452 2643 5504 etiam
2674 5447 2944 5528 felicitate,
2977 5442 3165 5497 divites
3194 5439 3360 5493 nihilo
3388 5439 3549 5507 potio-

1988 5562 2075 5604 res
2100 5544 2301 5609 videas,
2332 5557 2491 5613 quam
2515 5553 2805 5611 pauperes;
2834 5534 2927 5590 sed
2953 5533 3233 5602 utrobique
3254 5528 3557 5584 indiï¬‚'eren-

1989 5651 2069 5696 ter
2095 5646 2187 5695 aut
2210 5637 2409 5692 nullam
2434 5643 2528 5688 aut
2551 5643 2887 5686 numerosam
2920 5625 3156 5680 sobolem
3187 5641 3196 5672 :
3229 5622 3355 5693 quin
3378 5621 3557 5693 potius

1986 5743 2041 5787 et
2073 5731 2170 5785 hac
2201 5737 2351 5799 parte
2379 5725 2595 5780 divitem
2624 5721 2805 5774 videas
2832 5717 3154 5771 inferiorem.
3189 5713 3392 5781 Pauper
3408 5712 3553 5767 enim

1988 5824 2111 5879 licet
2143 5832 2289 5892 pater
2331 5835 2432 5873 non
2478 5814 2587 5876 fiat,
2638 5808 3040 5892 haud-multum
3079 5803 3237 5861 sentit
3266 5805 3508 5861 dolorem
