4094 6256
500 406 608 463 G75

507 526 655 581 dives
685 528 863 579 aniem
892 527 1091 592 quanto
1133 517 1302 586 magis
1345 524 1553 570 auctam
1581 527 1697 569 rem
1737 512 1904 580 videt,
1934 518 2087 566 tanto

506 615 677 686 magis
700 613 928 669 orbitate
961 610 1189 679 angitur,
1226 622 1333 678 prae
1358 605 1572 662 heredis
1593 604 1860 660 desiderio
1889 604 2089 659 nullam

506 706 742 759 sentiens
766 702 1110 770 voluptatem.
1159 698 1221 751 Et
1263 695 1512 766 pauperis
1539 695 1752 765 quidem
1800 692 2086 759 hereditas,

510 796 632 850 licet
656 792 771 846 sine
798 791 981 845 liberis
1007 787 1253 851 decedat,
1276 802 1397 842 cum
1421 793 1641 855 propter
1667 784 1957 838 exilitatem
1984 798 2090 836 non

505 887 574 941 sit
595 885 936 939 contentione
965 883 1144 949 digna,
1176 879 1240 933 ad
1273 880 1472 932 amicos
1496 877 1684 931 transit
1710 885 1868 945 atque
1897 889 2092 945 cogna-

507 988 591 1030 tos
621 993 634 1029 :
665 974 846 1029 divitis
887 983 1086 1036 autem,
1129 986 1193 1025 eo
1219 969 1357 1038 quod
1391 969 1675 1022 multorum
1703 968 1767 1020 ad
1813 982 1870 1020 se
1898 964 2093 1020 alliciat

505 1067 710 1132 oculos,
752 1081 857 1121 non
886 1080 1007 1119 raro
1036 1064 1099 1118 ad
1137 1062 1381 1116 inimicos
1406 1059 1639 1115 defuncti
1665 1059 1880 1114 devenit
1911 1077 1925 1112 :
1949 1058 2091 1128 quod

504 1175 626 1213 cum
654 1159 744 1214 ille
770 1159 953 1212 vivens
981 1157 1032 1210 in
1061 1155 1179 1209 aliis
1204 1153 1316 1208 ﬁeri
1341 1152 1539 1219 videat,
1563 1151 1723 1205 vitam
1750 1151 1895 1220 degit
1919 1158 2092 1205 morte

509 1249 899 1314 molestiorem,
929 1247 984 1300 in
1020 1261 1079 1299 sc
1108 1257 1319 1315 quoque
1349 1250 1664 1311 exspectans
1710 1241 1849 1296 idem
1897 1240 2091 1295 factum

508 1340 594 1395 iri.
623 1339 778 1408 Quod
809 1346 983 1393 autem
1012 1336 1079 1391 ad
1111 1344 1341 1391 mortem
1370 1335 1579 1399 attinet,
1613 1347 1792 1388 nonne
1812 1342 1866 1387 et
1886 1332 1977 1386 hic
2003 1346 2093 1386 ea-

504 1432 624 1487 dem
656 1430 963 1500 :DQllalilaS?
991 1444 1169 1485 nonne
1215 1436 1323 1483 tam
1354 1427 1607 1483 divitibus
1649 1442 1810 1497 quam
1838 1427 2088 1496 pauperi-

506 1523 606 1574 hus
650 1521 948 1573 immaturae
990 1526 1191 1573 mortes
1231 1516 1517 1572 accidunt?
1559 1526 1718 1587 atque
1764 1517 1923 1571 etiam
1973 1524 2092 1586 post

508 1622 735 1666 mortem
781 1624 888 1664 non
944 1619 1049 1664 tam
1086 1609 1167 1662 his
1215 1621 1376 1678 quam
1412 1608 1516 1661 illis
1562 1606 1811 1662 omnibus
1848 1606 2092 1661 similiter

508 1717 701 1770 corpus
730 1699 1060 1763 dissolvitur,
1098 1697 1381 1766 favillaque
1412 1696 1469 1750 lit
1493 1704 1547 1751 et
1578 1696 1769 1765 pulvis,
1801 1705 1855 1752 et
1880 1710 2091 1751 vermes

507 1792 714 1862 gignit?
741 1793 810 1845 At
834 1790 1087 1845 funeralia
1116 1802 1450 1858 nequaquam
1476 1788 1691 1842 similia.
1722 1787 1829 1842 Sed
1853 1802 1970 1857 qua:
1991 1786 2091 1841 uti-

509 1883 810 1939 litas?Cum
832 1884 973 1937 enim
992 1880 1243 1937 defuncto
1266 1880 1489 1935 multam
1516 1881 1868 1949 substraveris
1889 1888 2087 1933 vestem

509 1978 796 2046 pretiosam
826 1984 879 2030 et
916 1986 1177 2039 auratam,
1209 1973 1338 2027 nihil
1370 1972 1513 2027 aliud
1548 1972 1651 2027 nisi
1678 1973 1932 2041 majorem
1964 1972 2091 2025 invi-

504 2068 645 2122 diam
676 2076 730 2122 et
770 2065 1198 2121 criminationem
1229 2064 1491 2128 attuleris,
1541 2071 1595 2118 et
1621 2062 1876 2118 adversus
1903 2061 2092 2116 defun-

504 2168 646 2211 ctum
674 2156 913 2211 omnimn
939 2170 1031 2210 ora
1058 2154 1350 2224 aperueris,
1383 2161 1437 2208 et
1466 2154 1769 2207 innumeras
1793 2154 1840 2207 ei
1870 2167 2092 2222 parave-

504 2248 579 2300 ris
633 2246 1051 2309 maledictiones,
1107 2253 1161 2299 et
1204 2244 1439 2297 avaritiae
1483 2243 1903 2309 criminationes,
1961 2243 2085 2297 dum

505 2335 697 2404 singuli
742 2342 1060 2404 rumpuntur
1105 2333 1490 2403 indignatione,
1532 2342 1587 2387 et
1626 2341 1896 2387 mortuum
1936 2348 2090 2388 exse-

505 2433 738 2488 crantur,
765 2426 851 2493 qni
882 2440 947 2478 ne
968 2431 1089 2494 post
1103 2422 1304 2478 obitum
1336 2423 1549 2492 quidem
1582 2423 1815 2477 insanire
1844 2424 1896 2477 in
1928 2438 2089 2492 pecu-

508 2514 624 2566 nias
652 2513 926 2568 desiverit.
959 2513 1071 2567 lluc
1099 2512 1298 2566 accedit
1330 2511 1471 2567 aliud
1499 2511 1718 2578 malum,
1746 2512 1888 2583 quod
1914 2512 2088 2568 furum

507 2602 649 2656 oculi
672 2602 966 2656 irritantur.
1002 2602 1180 2671 Itaque
1206 2616 1312 2671 quo
1349 2602 1519 2671 major
1546 2609 1628 2656 est
1655 2602 1850 2669 cultus,
1882 2618 1949 2657 eo
1976 2619 2090 2658 ma-

505 2691 640 2761 joris
664 2692 740 2747 illi
772 2692 829 2747 [it
858 2692 1069 2748 occasio
1100 2691 1456 2747 contumeliae.
1489 2691 1750 2762 Pauperis
1769 2694 1911 2748 enim
1932 2694 2091 2749 cada-

508 2798 605 2840 ver
628 2798 787 2839 nemo
811 2784 1046 2854 spoliare
1074 2792 1245 2849 curat,
1290 2783 1403 2851 ipsa
1432 2782 1859 2839 indumentorum
1885 2785 2089 2842 vilitate

510 2883 706 2929 tutum.
737 2875 835 2929 Hic
865 2881 1041 2928 autem
1072 2874 1254 2928 obices
1288 2882 1343 2928 et
1383 2888 1538 2940 serae,
1569 2874 1708 2928 fores
1732 2883 1894 2943 atque
1921 2884 2091 2929 custo-

507 2964 624 3029 des,
655 2964 833 3019 omnia
882 2963 1148 3019 incassum
1193 2963 1536 3029 adhibentur,
1582 2978 1705 3018 cum
1743 2965 2087 3034 pecuniarum

506 3056 762 3113 aviditate
786 3058 917 3112 nihil
949 3073 1053 3114 non
1094 3058 1345 3125 audeant,
1376 3059 1465 3128 qui
1506 3058 1699 3113 talibus
1728 3059 2005 3115 maleﬁciis
2029 3074 2087 3114 se

507 3149 923 3204 assuefecerunt.
953 3149 1131 3220 Itaque
1157 3152 1325 3220 major
1352 3151 1523 3204 honor
1547 3149 1797 3205 defuncto
1833 3152 2088 3219 majorem

510 3239 673 3295 infert
703 3239 985 3310 injuriam;
1018 3250 1071 3295 et
1100 3241 1162 3306 is,
1191 3242 1276 3294 cui
1304 3239 1423 3294 vilia
1455 3240 1710 3294 funcralia
1751 3242 2084 3309 contingunt,

1286 401 1344 457 S.
1376 398 1651 456 JOANNIS
1688 396 2063 455 CHRYSOST.
2109 396 2429 453 ARCHIEP.
2459 395 2994 455 CONSTANTINOP.

3679 405 3787 461 IITG

2194 509 2337 579 jacet
2362 509 2619 566 inviolato
2653 510 2886 580 sepulcri
2907 510 3111 566 honore
3138 528 3151 565 :
3181 512 3265 567 cui
3290 527 3420 569 vero
3446 516 3706 585 pretiosa,
3734 520 3782 574 is

2197 601 2455 671 spoliatur
2481 610 2535 658 et
2560 601 2979 668 dehonestatur;
3012 613 3103 659 aut
3125 606 3170 659 si
3197 604 3298 661 hoc
3326 607 3615 663 ludibrium
3655 625 3784 665 eva-

2197 694 2308 760 dat,
2341 708 2410 750 ne
2438 694 2517 749 sic
2558 693 2773 764 quidem
2801 695 2978 764 potior
3004 696 3126 764 erit,
3170 697 3271 752 nisi
3300 699 3442 768 quod
3472 701 3643 769 major
3664 717 3785 757 cor-

2198 786 2375 855 ruptio
2401 786 2513 853 ﬁet,
2533 788 2836 856 largiusque
2862 788 3030 842 vermi
3058 787 3329 857 pabulum.
3362 791 3609 848 Haeccine
3635 805 3781 862 sunt,

2196 891 2400 946 quaeso,
2431 877 2501 931 ob
2524 893 2643 947 qua:
2670 878 2854 933 beatos
2873 877 3268 947 prtedicemus?
3294 879 3365 935 Et
3390 882 3511 952 quis
3538 894 3622 938 est
3643 886 3782 940 adeo

2198 969 2379 1033 miser,
2410 977 2571 1038 atque
2598 974 2952 1035 aerumnosos,
2983 979 3044 1024 ut
3066 970 3135 1025 ob
3158 971 3273 1025 haec
3300 972 3570 1030 hominem
3591 978 3782 1031 existi-

2199 1070 2307 1115 met
2337 1060 2534 1114 invidia
2580 1060 2837 1129 dignum?
2866 1060 3060 1116 Verum
3098 1078 3204 1117 non
3234 1062 3347 1117 base
3375 1065 3569 1127 solum.
3599 1068 3692 1121 sed
3724 1078 3783 1123 et

2197 1152 2297 1206 alia
2340 1151 2546 1220 singula
2589 1160 2988 1221 percurrentes,
3030 1152 3418 1223 diligenterque
3455 1165 3780 1222 scrutantes,

2199 1255 2459 1311 pauperes
2498 1241 2753 1295 divitibus
2784 1242 3172 1311 praeponendos
3201 1246 3612 1314 comperiemus.
3648 1248 3779 1304 lites:

2197 1331 2355 1401 igitur
2398 1332 2676 1402 diligenter
2726 1333 3162 1399 considerantes,
3215 1343 3269 1389 et
3319 1335 3438 1390 aliis
3490 1349 3775 1393 narrantes

2198 1421 2415 1493 (dicitur
2443 1424 2609 1489 enim,
2640 1422 2724 1477 Da
2766 1425 2981 1491 sapienti
3010 1426 3341 1492 occasionem,
3375 1436 3422 1480 et
3445 1430 3542 1482 erit
3571 1433 3780 1501 sapien-

2197 1513 2294 1567 tior
2319 1512 2496 1584 [Prov.
2527 1514 2581 1569 9.
2614 1514 2727 1585 9]),
2760 1524 2813 1569 et
2835 1515 2963 1569 illud
2990 1517 3244 1572 cootinue
3266 1519 3559 1575 retinentes
3579 1536 3782 1577 memo-

2197 1602 2297 1668 ria,
2322 1604 2662 1672 pecuniarum
2689 1605 2896 1673 copiam
2924 1605 3055 1660 nihil
3081 1608 3311 1676 amplius
3337 1608 3533 1665 afferre
3559 1626 3772 1680 posses-

2196 1693 2427 1758 soribus,
2453 1708 2610 1762 quam
2645 1709 2823 1760 curas,
2853 1696 3257 1762 sollicitudines,
3301 1701 3544 1767 timores,
3592 1711 3645 1756 et
3679 1718 3777 1771 pe-

2196 1783 2359 1837 ricula
2393 1800 2406 1837 :
2444 1784 2614 1838 nihilo
2670 1784 2989 1841 deteriorem
3044 1804 3200 1857 quam
3255 1791 3477 1844 divitum
3538 1806 3769 1848 nostram

2195 1874 2553 1929 conditionem
2598 1884 2864 1944 putemus.
2900 1877 2955 1931 Si
2980 1879 3121 1931 enim
3167 1881 3653 1948 advigilaverimus,
3682 1900 3774 1953 po-

2198 1964 2359 2018 tiores
2383 1964 2545 2019 etiam
2583 1975 2762 2034 partes
2792 1965 3122 2033 habebimus,
3171 1979 3277 2024 tam
3308 1972 3356 2024 in
3395 1972 3553 2041 hujus
3595 1978 3772 2030 θεαιιί

2197 2054 2376 2119 rebus,
2408 2070 2564 2124 quam
2595 2056 2645 2109 in
2675 2057 2889 2111 divinis.
2930 2057 3063 2112 Nam
3107 2068 3161 2114 et
3190 2063 3514 2130 voluptatem
3544 2075 3596 2119 et
3621 2080 3775 2121 secu-

2196 2146 2429 2209 ritatem,
2457 2146 2759 2217 bonamque
2787 2147 2981 2202 famam
3024 2164 3088 2204 ac
3125 2151 3504 2218 valetudinem,
3547 2163 3655 2210 tum
3693 2172 3777 2211 re-

2195 2245 2333 2289 ctam
2363 2236 2576 2292 vivendi
2618 2239 2905 2305 rationem,
2949 2254 3099 2309 spem
3148 2242 3360 2309 bonam,
3407 2246 3773 2316 minoremque

2197 2328 2451 2399 peccandi
2494 2331 2833 2386 occasionem
2878 2333 3016 2401 apud
3071 2347 3333 2403 pauperes
3377 2338 3563 2407 magis,
3611 2353 3771 2406 quam

2196 2420 2336 2489 apud
2366 2420 2557 2475 divites
2598 2420 2860 2476 invenias.
2902 2421 2979 2477 Ne
3008 2424 3168 2493 igitur
3194 2441 3343 2480 more
3386 2442 3659 2482 servorum
3685 2429 3771 2483 in-

2194 2520 2468 2582 gratorum
2511 2527 2926 2581 murmuremus,
2978 2524 3069 2568 aut
3113 2516 3417 2571 incusemus
3468 2518 3772 2588 Dominum,

2195 2602 2289 2657 sed
2317 2617 2416 2674 pro
2441 2602 2689 2658 omnibus
2711 2604 2910 2673 gratias
2934 2620 3171 2674 agamus,
3202 2608 3334 2661 nihil
3362 2609 3558 2664 malum
3583 2609 3777 2666 ducen-

2198 2704 2280 2751 tes
2304 2696 2408 2751 nisi
2448 2704 2747 2766 peccatum,
2778 2698 2911 2753 nihil
2936 2698 3133 2753 bonum
3173 2699 3274 2755 nisi
3300 2700 3578 2770 justitiam.
3605 2701 3662 2758 Si
3691 2704 3776 2760 sic

2192 2789 2547 2857 senserimus,
2578 2804 2687 2856 non
2715 2791 2997 2861 aegritudo,
3037 2806 3143 2846 non
3182 2793 3381 2862 inopia,
3409 2810 3516 2851 non
3552 2797 3774 2866 ignomi-

2196 2880 2303 2947 nia,
2337 2880 2467 2935 nihil
2497 2880 2728 2945 denique
2770 2881 2949 2936 simile
2990 2883 3273 2938 molestum
3321 2885 3474 2940 nobis
3503 2888 3605 2940 erit
3632 2905 3646 2941 :
3678 2887 3774 2943 sed

2196 2985 2385 3040 puram
2433 2986 2497 3026 ex
2538 2970 2788 3027 omnibus
2835 2972 2995 3028 rebus
3038 2975 3394 3043 percipientes
3424 2977 3769 3047 voluptatem,

2198 3059 2374 3114 futura
2402 3074 2796 3130 consequemur
2821 3061 2980 3128 bona,
3025 3064 3193 3132 gratia
3232 3075 3287 3119 et
3314 3066 3636 3138 benignitate
3664 3071 3770 3124 Do-

2198 3152 2325 3206 mini
2357 3153 2521 3207 nostri
2548 3152 2676 3209 Jesu
2704 3152 2917 3219 Christi,
2948 3168 3068 3208 cum
3101 3170 3207 3225 quo
3228 3156 3370 3211 Patri
3395 3158 3587 3229 gloria,
3616 3162 3773 3215 simul

2194 3251 2250 3296 et
2273 3249 2459 3296 sancto
2486 3241 2728 3313 Spiritui,
2762 3242 2815 3298 in
2847 3244 3037 3299 saecula
3075 3246 3412 3302 saeculorum.
3446 3251 3632 3304 Amen.

1971 4007 2325 4072 MONITUM

603 4228 803 4284 Eodem
837 4241 950 4300 quo
988 4225 1300 4297 superiores
1334 4222 1627 4279 Sermones
1655 4236 1801 4278 anno
1823 4221 1927 4278 387
1964 4221 2389 4294 Cbrysostomus
2416 4223 2515 4279 has
2543 4222 2611 4278 de
2642 4220 2844 4278 Davide
2871 4231 2926 4279 et
2965 4224 3129 4279 Saule
3162 4222 3416 4278 homilias
3454 4222 3673 4288 habuit,
3710 4232 3771 4278 ut

537 4341 795 4413 colligere
823 4351 905 4398 est
933 4355 1000 4397 ex
1032 4338 1269 4396 Homilia
1300 4340 1474 4411 prima
1502 4338 1569 4394 de
1598 4337 1802 4393 Davide
1824 4348 1878 4392 et
1907 4335 2090 4403 Saule,
2117 4351 2349 4392 numero
2378 4338 2432 4399 l,
2456 4334 2550 4390 ubi
2580 4334 2657 4389 ait
2684 4349 2744 4403 se
2770 4350 2944 4405 nuper
2970 4350 3277 4391 sermonem
3308 4334 3501 4392 fecisse
3528 4337 3595 4391 de
3624 4336 3773 4401 dehi-

530 4466 650 4513 tore
682 4457 869 4514 decem
896 4456 1127 4513 millium
1153 4456 1480 4512 talentorum
1512 4462 1567 4510 et
1592 4453 1898 4510 ostendisse
1920 4461 2186 4523 quantum
2217 4453 2420 4507 malum
2452 4460 2597 4507 esset
2623 4451 2950 4522 injuriarnm
2977 4450 3305 4507 recordatio.
3337 4448 3430 4506 Illa
3459 4461 3638 4506 autem
3662 4451 3771 4504 Ho-

530 4572 679 4628 milia
709 4572 776 4629 de
796 4570 1061 4638 debitore,
1092 4579 1222 4637 etc.,
1251 4585 1375 4641 quae
1406 4569 1579 4639 prima
1605 4576 1690 4624 est
1716 4569 1769 4623 in
1797 4567 1970 4624 Tomo
2003 4567 2181 4632 tertio,
2205 4565 2392 4623 eodem
2426 4581 2571 4621 anno
2603 4564 2802 4636 scripta
2823 4574 3056 4635 est,quo
3094 4580 3190 4635 per
3212 4573 3378 4621 totam
3411 4565 3770 4635 Quadragesi—

530 4698 674 4739 mam
696 4683 763 4739 de
780 4681 1003 4739 vitando
1023 4679 1334 4751 iuramento
1350 4690 1553 4749 egerat.
1582 4677 1631 4734 ls
1659 4686 1744 4734 est
1774 4692 1953 4734 annus
1980 4676 2104 4743 587,
2126 4686 2186 4733 ut
2205 4677 2442 4733 diximus
2464 4678 2518 4733 in
2531 4675 2734 4733 Monito
2764 4677 2985 4733 ibidem.
3016 4677 3169 4745 Quod
3188 4680 3370 4748 itaque
3391 4689 3768 4751 argumentum

531 4790 587 4846 in
616 4791 847 4848 homilia
878 4791 945 4847 de
966 4790 1211 4847 debitore
1239 4798 1499 4861 caeperat,
1522 4804 1716 4860 nempe
1742 4790 1811 4848 de
1837 4790 2158 4863 injuriarum
2183 4788 2562 4847 recordatione
2583 4790 2918 4862 depellenda,
2947 4791 3123 4863 deque
3149 4795 3465 4851 earumdem
3493 4797 3769 4851 condona-

525 4926 3732 4966 ww...

1132 5066 1409 5124 HOMILIA
1450 5066 1488 5121 Ι.

412 5258 420 5265 .
513 5205 587 5261 De
614 5204 810 5259 Davide
839 5214 886 5257 et
908 5202 1085 5267 Sat'tle,
1109 5202 1268 5270 deque
1296 5201 1593 5267 tolerantia,
1621 5214 1668 5255 et
1712 5202 1849 5273 quod
1871 5182 2098 5271 oporteat

597 5298 815 5353 inimicis
838 5311 1061 5367 parcere,
1094 5309 1184 5348 nec
1204 5293 1266 5346 de
1289 5292 1573 5347 absentibus
1594 5293 1724 5347 male
1748 5294 1881 5361 loqui
1907 5293 2003 5365 (a).

584 5435 635 5491 1.
664 5432 883 5501 Quoties
912 5430 1111 5484 diutina
1157 5427 1417 5497 quzepiam
1466 5442 1529 5481 ac
1566 5427 1695 5481 dura
1744 5425 1948 5481 inﬂatio
1970 5441 2095 5481 oor-

510 5524 731 5593 poribus
765 5522 975 5577 inhaesit
995 5564 1010 5587 ,
1038 5530 1149 5575 tum
1176 5528 1229 5572 et
1253 5520 1411 5587 longo
1435 5526 1694 5587 tempore,
1720 5519 1993 5587 multoque
2019 5517 2098 5570 lac

514 5616 642 5672 bore
666 5657 681 5682 ,
705 5625 759 5671 et
800 5615 965 5668 multa
994 5613 1252 5683 sapientia
1285 5611 1333 5665 in
1366 5611 1709 5665 admovendis
1733 5610 1982 5665 remediis
2012 5620 2096 5666 est

510 5723 650 5777 opus
673 5748 689 5773 ,
716 5716 775 5761 ut
816 5707 1071 5761 collectus
1117 5713 1295 5759 tumor
1334 5706 1533 5772 ahsijnc
1562 5704 1681 5756 vitae
1719 5705 1962 5771 periculo
1990 5701 2099 5758 dis-

564 5835 637 5898 (α)
660 5837 855 5890 Collata
884 5850 995 5888 cum
1010 5814 1120 5888 Cod.
1145 5836 1295 5898 Regio
1321 5831 1460 5891 1975,
1483 5836 1600 5883 item
1620 5846 1730 5882 cum
1754 5833 1891 5883 1963.

2201 5074 2452 5129 solvatur.
2508 5074 2649 5131 idem
2694 5078 2872 5134 ridere
2910 5091 2994 5136 est
3041 5084 3093 5136 in
3141 5085 3338 5138 anima.
3377 5084 3595 5153 Quoties
3636 5086 3778 5140 enim

2202 5172 2392 5242 aliquis
2417 5174 2659 5229 morbum
2678 5216 2691 5240 ,
2720 5176 2809 5245 qui
2832 5176 2942 5245 jam
2971 5178 3178 5233 radices
3199 5179 3307 5247 egit
3332 5179 3383 5231 in
3414 5179 3609 5241 anima,
3643 5176 3779 5230 mul-

2203 5274 2361 5335 toque
2383 5274 2620 5335 tempore
2647 5276 2926 5322 concretus
2957 5269 3043 5332 sit,
3075 5268 3326 5324 radicitus
3346 5269 3574 5323 evcl‘ere
3599 5266 3783 5321 volne-

2201 5359 2310 5423 rit,
2336 5371 2441 5411 non
2487 5358 2617 5413 satis
2659 5367 2742 5413 est
2775 5358 2841 5413 ad
2881 5360 3265 5414 correctionem
3298 5360 3454 5412 unius
3489 5360 3781 5412 duorumve

2203 5452 2408 5507 dierum
2464 5452 2755 5507 admonitio
2805 5469 2818 5503 :
2863 5467 3043 5506 verum
3087 5462 3299 5521 oportet
3355 5451 3659 5521 frequenter
3717 5463 3780 5501 ac

2203 5545 2391 5601 diebus
2427 5542 2788 5613 compluribus
2819 5543 2953 5597 hanc
2979 5558 3092 5597 rem
3125 5550 3388 5597 tractare:
3414 5543 3458 5597 si
3487 5542 3645 5595 modo
3675 5553 3780 5592 non

2204 5639 2271 5693 ad
2292 5637 2633 5693 ambitionem
2664 5650 2725 5690 ac
2748 5636 3095 5704 voluptatem,
3126 5634 3222 5690 sed
3254 5635 3319 5689 ad
3352 5634 3578 5689 fructum
3607 5641 3660 5686 et
3680 5632 3777 5685 uti-

2205 5730 2405 5785 litatem
2436 5742 2630 5782 munus
2657 5727 2759 5781 hoc
2780 5725 3171 5782 cencionatoris
3194 5725 3396 5795 gesturi
3430 5736 3626 5780 sumus.
3659 5720 3780 5775 Ideo

2206 5821 2341 5877 sicut
2388 5819 2454 5875 de
2495 5816 2811 5889 iuramentis
2852 5815 3106 5883 fecimus,
3157 5815 3338 5871 multis
3378 5815 3565 5872 ordine
3590 5808 3782 5869 diebus
