4094 6256
542 370 642 424 677

538 486 748 554 ἡμέρας
774 486 895 556 περὶ
922 485 1020 556 τῆς
1045 485 1210 554 αὐτῆς
1234 485 1538 548 ὑποθέσεως
1560 485 1922 554 διαλεχθέντες
1949 485 2098 555 ὑμῖν,

536 565 692 620 τοῦτο
743 569 834 621 καὶ
873 569 963 620 ἐπὶ
998 567 1096 636 τῆς
1139 567 1308 641 ὀργῆς
1339 567 1729 638 ἐργασώμεθαο
1770 568 1861 620 καὶ
1905 568 2102 638 συνεχῆ

537 648 664 719 περὶ
713 649 883 718 αὐτῆς
932 648 1282 719 ποιησώμεθα
1325 649 1628 720 συμϐουλὴν
1681 649 1821 703 κατά
1874 649 2102 719 δύναμιν

536 732 632 802 τὴν
675 734 964 802 ἡμετέραν.
1008 733 1119 785 Καὶ
1161 731 1269 804 γάρ
1316 727 1470 796 οὗτος
1497 734 1715 802 ἀριστος
1757 733 2104 797 διδασκαλίας

500 868 504 872 ,
537 811 672 866 εἷναί
702 832 792 883 μοι
818 815 964 867 δοκεῖ
988 814 1208 885 τρόπος,
1234 814 1296 867 τὸ
1341 814 1420 886 μὴ
1459 815 1724 886 πρότερον
1770 815 2099 883 ἀφίστασθαι

533 897 993 966 συμϐουλεύοντας
1022 898 1162 969 ὑπὲρ
1201 897 1440 963 ὁτουοῦν,
1469 897 1575 960 ἕως
1605 897 1671 951 ἂν
1701 899 1781 962 είς
1810 897 1968 968 ἔργον
2002 899 2102 968 τὴν

533 979 837 1050 συμϐουλὴν
871 977 1189 1045 ἐξελθοῦσαν
1227 979 1448 1049 ἴδωμεν.
1488 979 1546 1032 Ὀ
1583 979 1692 1050 γάρ
1721 981 1955 1050 σήμερον
2002 979 2102 1050 μέν

531 1065 657 1132 περὶ
693 1063 1079 1133 ἐλεημοσύνης,
1117 1060 1304 1133 αὐριον
1335 1062 1392 1114 δέ
1431 1062 1560 1132 περὶ
1597 1063 1779 1132 εὐχῆς,
1815 1065 1931 1132 μετ’
1962 1063 2102 1116 ἐκεί-

531 1161 625 1216 νην
652 1144 707 1196 δέ
736 1147 861 1215 περὶ
889 1143 1208 1207 ἐπιεικείας,
1250 1139 1370 1196 εἶτα
1403 1143 1564 1198 πάλιν
1591 1147 1719 1214 περὶ
1747 1161 2101 1217 ταπεινοφρο-

531 1227 694 1295 σύνης
717 1226 1112 1295 διαλεγόμενος,
1142 1225 1417 1296 οὐδέτερον
1449 1225 1649 1279 τούτων
1681 1228 1739 1279 ἐν
1764 1229 1873 1290 τοῖς
1899 1229 2100 1295 ἀκροα·

528 1313 646 1370 ταῖς
724 1307 1066 1378 κατορθῶσαι
1133 1307 1456 1378 δυνήσεται,
1523 1309 1630 1362 ἀπὸ
1703 1309 1890 1362 τούτου
1963 1310 2098 1381 πρὸς

528 1394 722 1456 ἐκεῖνο,
764 1393 858 1444 καὶ
896 1391 1054 1444 πάλιν
1097 1392 1191 1444 ἀπ’
1229 1391 1436 1444 ἐκείνου
1470 1391 1605 1464 πρὸς
1636 1393 1822 1464 ἕτερον
1861 1395 2096 1463 συνεχῶς

531 1473 889 1543 μεταπηδῶν·
936 1472 1073 1526 ἀλλά
1117 1473 1223 1543 χρὴ
1252 1473 1343 1526 τὸν
1391 1473 1650 1544 μέλλοντα
1700 1474 1996 1546 κατορθοῦν
2041 1477 2100 1529 ἐν

527 1561 637 1618 τοῖς
675 1556 936 1609 ἀκούουσι
961 1557 1029 1609 τά
1060 1556 1346 1625 λεγόμενα,
1378 1558 1452 1627 μὴ
1484 1558 1743 1630 πρότερον
1772 1558 2098 1626 ἀφίστασθαι

528 1639 657 1709 περὶ
700 1639 809 1691 τῶν
853 1639 1031 1692 αὐτῶν
1080 1639 1448 1710 παραινοῦντα
1501 1641 1594 1693 καὶ
1645 1641 2094 1711 συμϐουλεύοντα,

530 1725 664 1791 μηδὲ
690 1725 773 1792 ἐφ’
807 1723 989 1793 ἕτερόν
1021 1740 1072 1775 τι
1114 1722 1447 1793 μεταπηδᾷν,
1477 1723 1582 1786 ἓως
1614 1722 1679 1777 ἂν
1713 1724 1796 1794 ῐδη
1829 1724 1929 1796 τὴν
1966 1741 2100 1795 προ-

525 1809 687 1876 τέραν
755 1806 1076 1876 παραίνεσιν
1135 1806 1315 1869 καλῶς
1383 1807 1440 1859 ἐν
1505 1809 1686 1870 αὐτοῖς
1757 1805 2094 1877 ῥιζωθεῖσαν.

526 1889 567 1938 Τ
572 1889 694 1940 οὖτο
738 1888 829 1940 καὶ
859 1891 905 1940 οἱ
943 1888 1248 1942 διδάσκαλοι
1298 1888 1540 1957 ποιοῦσιν
1561 1906 1575 1919 ·
1605 1891 1666 1942 οὐ
1711 1890 1972 1960 πρότερον
2007 1890 2098 1943 ἐπὶ

521 1974 618 2035 τάς
641 1972 908 2035 συλλαϐὰς
938 1974 1062 2036 τούς
1088 1973 1282 2035 παῖδας
1311 1972 1554 2040 ἄγουσιν,
1582 1973 1685 2035 ἓως
1719 1973 1783 2026 ἂν
1815 1973 1922 2025 τῶν
1955 1991 2096 2026 στοι-

521 2058 682 2127 χείων
734 2057 833 2125 τὴν
881 2057 1082 2122 γνῶσιν
1125 2058 1181 2109 ἐν
1216 2058 1398 2119 αὐτοῖς
1441 2057 1877 2128 κατορθωθεῖσαν
1926 2058 2094 2112 ἴδωσι.

521 2141 720 2211 Πρώην
755 2143 852 2208 μὲν
877 2139 969 2194 οῦν
992 2142 1119 2211 ὑμῖν
1151 2141 1251 2213 τὴν
1282 2141 1596 2211 παραϐολὴν
1624 2142 1948 2209 ἀναγνόντες
1990 2142 2097 2195 τῶν

521 2225 710 2278 ἑκατὸν
749 2225 1036 2294 δηναρίων,
1079 2225 1172 2276 καὶ
1211 2223 1318 2277 τῶν
1354 2223 1563 2294 μυρίων
1615 2225 1912 2290 ταλάντων,
1960 2224 2095 2278 ἐδεί-

521 2323 724 2376 κνυμεν
753 2307 874 2358 ὅσον
915 2301 982 2376 ἦν
1024 2306 1190 2358 κακὸν
1231 2305 1290 2358 τὸ
1321 2309 1694 2375 μνησικακεῖν.
1734 2309 1830 2360 Ὃν
1861 2308 1968 2379 γὰρ
1996 2310 2096 2361 οὐκ

519 2389 769 2442 ἀπώλεσε
808 2389 874 2442 τά
913 2390 1080 2458 μυρῖα
1120 2388 1384 2451 τάλαντα,
1411 2387 1595 2441 τοῦτον
1638 2389 1829 2443 ἐκατόν
1868 2391 2097 2461 δηνάρια

519 2473 870 2527 κατεπόντισε
894 2484 943 2537 ³,
974 2473 1066 2524 καὶ
1093 2472 1188 2541 τὴν
1213 2470 1456 2523 δοθεῖσαν
1493 2472 1818 2542 συγγνώμην
1840 2474 2095 2527 ἀνεκαλέ-

523 2572 680 2619 σατο,
733 2555 826 2608 καὶ
865 2553 963 2624 τὴν
1001 2554 1206 2622 δωρεὰν
1261 2552 1664 2622 ἀπεκρούσατο,
1716 2555 1810 2606 καὶ
1858 2556 2096 2609 ἀπαλλα-

520 2638 683 2704 γέντα
733 2636 839 2688 τῶν
874 2634 1111 2688 εὐθυνῶν
1148 2636 1226 2696 είς
1282 2632 1343 2684 τὸ
1388 2633 1738 2704 δικαστήριον
1791 2635 1951 2689 πάλιν
1985 2639 2095 2690 εἰσ-

520 2725 716 2789 ήγαγε,
769 2717 1017 2771 κάκεῖθεν
1061 2719 1140 2780 εἰς
1191 2715 1251 2767 τὸ
1301 2715 1668 2785 δεσμωτήριον
1722 2716 1960 2779 ἐνέϐαλε,
2006 2720 2096 2771 καὶ

519 2801 690 2863 οὕτως
725 2800 976 2870 ἀθανάτῳ
1014 2799 1174 2851 αὐτὸν
1208 2797 1490 2866 παρέδωκε
1544 2798 1800 2868 τιμωρίᾳ.
1852 2800 2095 2870 Σήμερον

518 2884 574 2936 δὲ
614 2884 696 2952 ἐφ’
744 2883 934 2952 ἑτέραν
971 2881 1225 2934 ὑπόθεσιν
1255 2881 1345 2931 τὸν
1395 2880 1548 2946 λόγον
1590 2883 2092 2952 χειραγωγήσομεν.

522 2967 667 3020 Ἔδει
712 2967 810 3037 μέν
852 2965 978 3038 γὰρ,
1020 2964 1176 3034 εῐπερ
1209 2963 1411 3015 δίκαιον
1457 2963 1685 3030 ἐγίνετο,
1729 2964 1820 3016 τὸν
1870 2964 2094 3032 λέγοντα

517 3052 646 3120 περὶ
682 3048 982 3111 ἐπιεικείας
1013 3065 1072 3101 τε
1110 3047 1204 3100 καὶ
1236 3047 1558 3117 πραότητος,
1589 3047 1796 3117 οἴκοθεν
1839 3049 1933 3099 καὶ
1965 3047 2094 3119 παρ’
2175 3065 2180 3070 '

516 3133 709 3191 ἑαυτοῦ
734 3135 802 3186 τά
849 3131 1263 3202 παραδείγματα
1296 3130 1556 3200 παρέχειν
1601 3129 1750 3200 [749]
1784 3129 1883 3198 τῆς
1923 3132 2090 3196 καλῆς

513 3221 719 3290 ταύτης
763 3216 1111 3286 φιλοσοφίας,
1157 3215 1298 3267 ὥστε
1337 3215 1428 3266 καὶ
1451 3213 1540 3266 διὰ
1587 3214 1695 3265 τῶν
1735 3214 1907 3280 λόγων
1950 3214 2092 3267 διδά-

518 3321 688 3367 σκειν,
723 3304 815 3356 καὶ
844 3300 931 3354 διὰ
957 3299 1063 3352 τῶν
1090 3297 1266 3369 ἔργων
1291 3295 1585 3349 παιδεύειν.
1623 3294 1839 3364 Ἐπειδὴ
1869 3295 1925 3346 δὲ
1957 3295 2090 3348 πολὺ

514 3387 717 3456 ταύτης
765 3385 1062 3453 ἀποδέομεν
1091 3383 1188 3450 τῆς
1218 3380 1419 3450 ἀρετῆς
1469 3377 1648 3448 ἡμεῖς,
1691 3377 1789 3430 ἕνα
1821 3379 1940 3430 τινά
1983 3377 2091 3428 τῶν

515 3472 687 3538 ἁγίων
718 3468 1042 3528 ἑλκύσαντες
1070 3467 1148 3526 εἰς
1185 3463 1368 3533 μέσον,
1397 3462 1488 3512 καὶ
1519 3460 1623 3530 πρὸ
1652 3459 1760 3512 τῶν
1793 3459 2089 3528 ὀφθαλμῶν

519 3555 813 3622 στήσαντες
851 3550 957 3601 τῶν
993 3546 1292 3618 ὑμετέρων,
1338 3543 1542 3614 ἐναργῆ
1582 3559 1701 3595 τινα
1731 3543 1824 3595 καὶ
1861 3542 2088 3612 δυνατὴν

518 3641 644 3705 ὑμῖν
677 3632 1010 3704 ποιησόμεθα
1038 3630 1133 3700 τὴν
1168 3627 1530 3699 παράκλησιν,
1564 3625 1750 3697 ῶσπερ
1785 3626 2087 3695 ἀρχέτυπόν

514 3737 633 3773 τινα
657 3718 858 3778 εἰκόνα,
882 3715 977 3786 τὴν
1010 3713 1209 3785 ἀρετὴν
1239 3711 1330 3765 τοῦ
1365 3710 1570 3764 δικαίου
1604 3709 1884 3781 μιμεῖσθαι
1914 3728 2088 3782 παρα-

514 3803 853 3871 κελευόμενοι
884 3800 978 3852 καὶ
1007 3800 1132 3868 ὑμῖν
1156 3796 1248 3848 καὶ
1273 3797 1401 3866 ἡμῖν
1428 3794 1628 3856 αὐτοῖς.

505 3919 508 3921 λ
585 3885 716 3938 Τίνα
760 3879 853 3936 οῦν
884 3883 963 3944 είς
1001 3881 1162 3950 μέσον
1192 3879 1418 3946 ἀγαγεῖν
1467 3877 1570 3946 χρὴ
1620 3875 1745 3946 περὶ
1790 3875 2085 3939 ἐπιεικείας

509 3969 916 4038 διαλεγόμενονς
961 3966 1094 4018 Τίνα
1137 3965 1193 4016 δέ
1230 3963 1406 4023 ἄλλον,
1445 3961 1557 4013 ἀλλ’
1586 3960 1618 4030 ἢ
1650 3961 1739 4012 τὸν
1777 3960 2082 4031 μαρτυρίαν

513 4054 714 4107 ἄνωθεν
755 4051 1043 4120 δεξάμενον
1071 4048 1164 4100 καὶ
1213 4046 1305 4098 ἐπὶ
1356 4043 1529 4112 τούτῳ
1583 4043 1817 4112 μάλιστα
1865 4041 2078 4112 θαυμα-

515 4137 738 4198 σθέντα;
767 4130 964 4203 Εὗρον
996 4131 1124 4203 γάρ,
1160 4128 1312 4199 φησὶ,
1341 4126 1518 4179 Δαυῒδ
1547 4125 1654 4177 τὸν
1685 4125 1792 4178 τοῦ
1841 4126 2080 4191 Ἰεσσαὶ,

511 4219 700 4285 ἄνδρα
749 4217 898 4270 κατὰ
937 4212 1051 4280 τὴν
1101 4209 1351 4278 καρδίαν
1396 4225 1534 4275 μου.
1568 4209 1734 4258 Ὅταν
1783 4205 1839 4259 δὲ
1883 4210 1910 4259 6
1953 4207 2083 4272 Θεὸς

516 4301 901 4368 ἀποφαίνηται,
923 4292 1149 4364 οὐδεμία
1172 4293 1283 4353 τοῖς
1310 4289 1676 4356 ἀντιλέγουσιν
1702 4288 2081 4344 ὑπολέλειπται

515 4384 808 4451 πρόφασις.
862 4377 1177 4438 ’Δδέκαστος
1223 4374 1329 4446 γάρ
1381 4374 1414 4443 ἡ
1463 4373 1640 4443 ψῆφος
1689 4373 1911 4444 ἐκείνη,
1958 4373 2081 4429 οὐτε

516 4466 652 4538 πρὸς
677 4465 856 4534 χάριν,
880 4461 1001 4515 οὐτε
1033 4459 1167 4530 πρὸς
1192 4457 1482 4527 ἀπέχθειαν
1507 4456 1597 4509 τοῦ
1622 4456 1756 4509 θεοῦ
1785 4458 2078 4528 κρίνοντος,

515 4537 650 4602 ἀλλά
689 4549 755 4618 τῇ
791 4546 889 4614 τῆς
931 4542 1109 4614 ψυχῆς
1151 4541 1318 4612 ἀρετῇ
1367 4541 1544 4609 γυμνῇ
1587 4537 1978 4608 ψηφιζομένου.
2005 4541 2078 4594 Οὐ

513 4633 600 4686 διὰ
627 4630 784 4684 τοῦτο
807 4629 863 4682 δέ
897 4627 1052 4699 μόνον
1082 4624 1240 4678 αὐτὸν
1269 4624 1349 4685 εἰς
1382 4623 1542 4691 μέσον
1574 4622 1796 4690 ἄγομεν,
1821 4624 1901 4675 ὅτι
1931 4623 2081 4694 παρά

509 4717 600 4770 τοῦ
626 4713 760 4767 θεοῦ
798 4712 896 4783 τὴν
921 4710 1098 4782 ψῆφον
1129 4705 1365 4772 ἐδέξατο,
1407 4704 1520 4757 ἀλλ’
1543 4704 1624 4756 ὃτι
1655 4705 1747 4756 καὶ
1785 4703 1892 4756 τῶν
1923 4707 1981 4758 ἐν
2013 4708 2078 4777 τῇ

509 4798 719 4866 Παλαιᾷ
747 4794 1060 4865 τραφέντων
1083 4789 1220 4844 ἐστί.
1244 4789 1317 4842 Τὸ
1348 4789 1443 4858 μὲν
1486 4787 1593 4856 γὰρ
1616 4788 1707 4839 ἐπὶ
1737 4788 1834 4856 τῆς
1862 4789 2080 4859 χάριτος

512 4883 739 4948 φανῆναι
760 4894 882 4930 τινα
901 4873 1138 4946 καθαρὸν
1160 4872 1348 4942 ὀργῆς,
1372 4872 1592 4933 καὶτοῖς
1617 4871 1830 4941 ἐχθροῖς
1853 4872 2079 4939 ἀφιέντα

518 4964 571 5015 τά
618 4961 1009 5031 ἁμαρτήματα,
1055 4959 1148 5010 καὶ
1180 4954 1288 5010 τῶν
1320 4953 1697 5024 λελυπηκότων
1745 4954 2074 5024 φειδόμενον,

515 5048 602 5097 iw
613 5043 812 5114 μαστὸν
836 5032 987 5093 οὐδὲν
1013 5039 1150 5111 μετά
1171 5037 1263 5092 τὸν
1286 5035 1378 5088 τοῦ
1400 5033 1635 5105 Χριστοῦ
1661 5034 1909 5103 θάνατον,
1940 5039 2079 5106 μετά

510 5132 602 5197 τὴν
628 5128 653 5165 b
685 5123 952 5192 τοσαύτην
987 5121 1095 5174 τῶν
1125 5118 1541 5190 ἁμαρτημάτων
1586 5118 1799 5186 ἄφεσιν,
1838 5121 1975 5189 μετά
2009 5121 2078 5174 τά

505 5209 823 5279 φιλοσοφίας
857 5206 1094 5275 γέμοντα
1139 5201 1487 5270 ἐπιτάγματα
1506 5217 1517 5229 ·
1549 5200 1610 5252 τὸ
1638 5201 1694 5252 δέ
1722 5202 1814 5253 ἐπὶ
1840 5203 1937 5272 τῆς
1968 5204 2077 5256 Πα-

501 5293 679 5354 λαιᾶς,
720 5290 884 5360 ἠνίκα
908 5290 936 5340 ὀ
964 5288 1125 5357 νόμος
1151 5283 1441 5353 συνεχώρει
1469 5281 1742 5351 ὀφθαλμὸν
1769 5283 2074 5353 ἐξορύττειν

503 5376 622 5425 ἀντὶ
666 5369 968 5440 ὀφθαλμοῦ,
1016 5371 1110 5428 καὶ
1139 5367 1324 5419 ὀδόντα
1369 5366 1489 5417 ἀντὶ
1533 5365 1773 5428 ὀδόντος,
1821 5366 1915 5417 καὶ
1963 5370 2076 5429 τοῖς

505 5457 638 5518 [σοις
668 5453 968 5525 ἀμύνεσθαι
999 5452 1090 5504 τὸν
1118 5450 1469 5519 ἀδικήσαντα,
1498 5449 1729 5517 φανῆναί
1758 5466 1876 5501 τινα
1909 5450 2074 5521 ὑπερ-

568 5622 594 5680 Ῐι
617 5621 738 5680 Reg.
757 5620 1057 5673 κατεδίκασε.
1086 5619 1256 5680 9410581.
1283 5617 1609 5680 κατεπόντισε.

566 5677 594 5713 1³
619 5677 736 5739 Reg.
763 5681 881 5737 μετὰ
901 5682 988 5741 γὰρ
1011 5681 1090 5728 τὸν
1114 5677 1198 5727 τοῦ
1221 5677 1429 5740 Χριστοῦ
1469 5679 1664 5726 θάνατον
1698 5684 1892 5739 φανῆναι
1931 5678 2071 5729 τοῦτο

505 5742 667 5787 ποιῶν·
706 5742 822 5799 μετά
842 5742 942 5797 τήν.

1226 369 1283 423 5.
1323 367 1604 423 JOAN‘NIS
1642 366 2119 423 CHRYSOSTOMI
2159 366 2474 423 ARCHIEP.
2513 369 3050 430 CONSTANTINOP.

3682 380 3789 433 678

2208 485 2374 542 ϐάντα
2401 490 2470 544 τὰ
2514 493 2686 563 μέτρα
2722 494 2828 570 τῶν
2875 495 3328 566 προσταγμάτων,
3379 498 3475 550 καὶ
3510 499 3644 568 πρὸς
3685 501 3788 569 τὴν

2203 577 2560 650 ἀποστολικὴν
2605 579 2882 652 φθάσαντα
2925 583 3262 652 φιλοσοφίαν,
3291 584 3412 637 τίνα
3441 585 3542 654 μὲν
3589 586 3688 638 οὐκ
3716 587 3789 640 ἂν

2204 665 2488 736 ἐκπλήξειε
2532 667 2642 721 τῶν
2701 669 3044 740 ἀκουόντων;
3076 669 3195 724 τίνα
3219 670 3274 723 δέ
3304 671 3405 724 οὐκ
3448 673 3513 726 ἂν
3553 673 3660 726 τῶν
3705 677 3785 743 μὴ

2203 751 2506 824 ζηλούντων
2549 752 2740 830 πάσης
2775 759 3166 830 ἀποστερήσειε
3211 758 3538 830 συγγνώμης
3582 779 3643 814 τε
3690 764 3788 816 καὶ

2202 840 2530 910 ἀπολογίας;
2559 844 2675 897 Ἵνα
2697 844 2754 896 δὲ
2779 845 3165 916 ἀκριϐέστερον
3189 845 3351 898 αὐτοῦ
3377 849 3788 918 καταμάθωμεν

2201 926 2298 997 τὴν
2351 928 2575 1000 ἀρετὴν,
2628 929 2746 984 δότε
2801 949 2889 1001 μοι
2948 919 3139 1003 μικρὸν
3189 933 3444 1003 ἀνωτέρω
3486 935 3578 987 τὸν
3624 936 3800 1003 λόγον.

2201 1014 2445 1082 ἀγαγεῖν,
2474 1017 2568 1071 καὶ
2592 1017 2689 1084 τάς
2718 1018 3036 1090 εὐεργεσίας
3067 1021 3262 1087 εἰπεῖν,
3286 1021 3351 1083 ἀς
3384 1023 3464 1083 εἰς
3488 1023 3578 1075 τὸν
3607 1022 3778 1075 Σαοὺλ

2201 1102 2456 1156 κατέθετο
2481 1105 2508 1156 6
2542 1104 2810 1174 μακάριος
2837 1100 2992 1168 οὗτος
3028 1107 3188 1176 ἀνήρ.
3225 1107 3299 1159 Τδ
3329 1108 3426 1177 μὲν
3461 1108 3568 1179 γὰρ
3595 1109 3785 1173 ἁπλῶς

2200 1189 2390 1260 ἐχθρὸν
2409 1189 2735 1260 ·λυπήσαντα
2764 1191 2839 1262 μὴ
2877 1191 3204 1262 ἀμύνασθαι,
3247 1193 3556 1262 θαυμαστὸν
3584 1196 3737 1248 οὐδέν
3763 1213 3779 1226 ο

2199 1275 2260 1328 τὸ
2288 1274 2346 1328 δέ
2379 1275 2665 1348 ἄνθρωπον
2695 1279 3121 1350 εὐεργετηθέντα
3161 1280 3360 1342 πολλὰς
3396 1281 3489 1333 καὶ
3535 1282 3784 1350 μεγάλας

2199 1361 2539 1432 εὐεργεσίας,
2586 1358 2703 1416 εἶτα
2744 1365 2863 1418 ἀντὶ
2901 1365 3010 1418 τῶν
3052 1367 3377 1438 εὐεργεσιῶν
3419 1367 3642 1420 ἐκείνων
3684 1370 3783 1420 καὶ

2199 1451 2345 1517 ἅπαξ
2387 1453 2482 1505 καὶ
2522 1453 2604 1517 δὶς
2653 1455 2748 1507 καὶ
2791 1453 3048 1519 πολλάκις
3094 1455 3301 1508 ἀνελεῖν
3356 1457 3780 1526 ἐπιχειρήσαντα

2197 1546 2288 1600 τὸν
2315 1547 2626 1619 εὐεργέτην,
2653 1548 2880 1602 λαϐόντα
2910 1552 2990 1614 εἰς
3023 1553 3234 1621 χεῖρας,
3271 1551 3365 1604 καὶ
3402 1551 3588 1622 κύριον
3616 1553 3771 1620 γενό-

2203 1658 2360 1711 μενον
2405 1643 2632 1708 ἀνελεῖν,
2679 1645 2772 1696 καὶ
2814 1645 2973 1698 αὐτὸν
3013 1645 3258 1714 ἀφεῖναι,
3301 1645 3525 1714 καὶτῆς
3567 1648 3770 1718 ἐτέρων

2199 1728 2486 1798 ἐπιϐουλῆς
2534 1728 2858 1802 ἐξαρπάσαι,
2902 1731 3197 1784 καὶταῦτα
3249 1733 3411 1786 πάλιν
3442 1735 3555 1797 τοῖς
3591 1733 3777 1796 αὐτοῖς

2198 1814 2572 1886 ἐπιθήσεσθαι,
2609 1817 2901 1886 μέλλοντα,
2946 1817 3066 1871 τίνα
3115 1817 3181 1872 ἂν
3233 1819 3521 1873 καταλίποι
3584 1819 3771 1873 λοιπὸν

2199 1903 2516 1972 φιλοσοφίας
2545 1903 2646 1956 ὐπε
2655 1903 2848 1974 ρϐολήν
2881 1921 2895 1971 ;

2269 2023 2335 2092 β’.
2354 2024 2514 2088 Τίνας
2560 2019 2652 2078 οὖν
2685 2025 3049 2097 εὐηργέτησεν
3099 2028 3126 2080 ὀ
3154 2027 3316 2082 Δαυῖδ
3341 2028 3656 2101 εὐεργεσίας
3674 2030 3768 2084 τόν

2199 2109 2388 2176 Σαοὺλ,
2430 2111 2525 2164 καὶ
2557 2112 2687 2164 πότε
2731 2112 2823 2164 καὶ
2868 2112 3011 2179 πῶς,
3060 2114 3356 2184 ἀνάσχεσθε
3389 2115 3477 2168 διά
3521 2116 3767 2186 βραχέων

2198 2197 2574 2268 διηγουμένου.
2607 2198 2853 2270 Πολέμου
2885 2200 2992 2272 γάρ
3027 2218 3155 2253 ποτε
3185 2204 3310 2265 τοὺς
3348 2203 3630 2267 Ἰουδαίους
3661 2222 3766 2256 κα-

2198 2286 2520 2350 ταλαϐόντος
2548 2287 2952 2356 χαλεπωτάτου,
2985 2290 3076 2341 καὶ
3101 2289 3317 2344 πάντων
3345 2292 3765 2361 κατεπτηχότων

2197 2376 2290 2425 καὶ
2341 2373 2674 2437 δεδοικότων,
2723 2375 2818 2427 καὶ
2869 2374 3078 2438 οὐδενὸς
3116 2377 3388 2446 προκύψαι
3433 2377 3762 2447 τολμῶντος,

2197 2458 2310 2510 ἀλλ’
2345 2460 2402 2512 ἐν
2430 2459 2675 2528 ἐσχάτοις
2705 2461 2806 2530 τῆς
2836 2460 3039 2524 πόλεως
3069 2461 3236 2533 οῦσης
3272 2463 3511 2532 ἁπάσης,
3550 2466 3642 2517 καὶ
3675 2466 3765 2517 τὸν

2199 2547 2423 2602 θάνατον
2462 2550 2566 2619 πρὸ
2599 2548 2888 2619 ὀφθαλμῶν
2917 2551 3146 2602 ἑκάστου
3180 2551 3485 2621 βλέποντος,
3522 2555 3614 2606 καὶ
3641 2555 3762 2608 καθ’

2198 2637 2432 2706 ἐκάστην
2490 2637 2874 2691 ἀποθανεῖσθαι
2924 2638 3022 2708 τὴν
3081 2639 3291 2710 ἡμέραν
3345 2641 3763 2710 προσδοκώντων

2198 2733 2468 2797 ἁπάντων,
2494 2734 2588 2787 καὶ
2615 2733 2720 2786 τῶν
2749 2733 2838 2786 ἐπὶ
2863 2735 2922 2786 τὸ
2957 2733 3226 2806 βάραθρον
3258 2736 3537 2808 ἀγομένων
3568 2738 3764 2791 ἀθλιώ-

2194 2837 2350 2890 τερον
2377 2819 2592 2883 ζώντων
2625 2823 2714 2875 τὸν
2745 2821 2878 2891 βίον,
2906 2822 3159 2877 εἰσελθὼν
3184 2818 3335 2888 οὗτος
3361 2825 3465 2878 ἀπὸ
3489 2826 3596 2880 τῶν
3628 2844 3764 2897 προ-

2175 2908 2372 2976 ,ϐάτων
2399 2907 2548 2981 [750]
2584 2911 2675 2962 ἐπὶ
2704 2911 2800 2982 τὴν
2827 2910 3150 2980 παράταξιν,
3181 2913 3271 2964 καὶ
3298 2913 3397 2982 τῆς
3429 2913 3640 2983 ἡλικίας
3668 2916 3761 2968 καὶ

2194 2991 2292 3062 τῆς
2323 2995 2516 3066 τέχνης
2549 2996 2794 3049 ἀτέλειαν
2829 2997 3172 3067 παρεχούσης
3215 2997 3362 3066 αὐτῷ
3404 2999 3511 3052 τῶν
3539 2999 3762 3071 πολεμι-

2194 3080 2304 3131 κῶν
2334 3081 2527 3144 πόνων,
2556 3081 2644 3135 τὸν
2689 3083 2943 3136 ἀπάντων
2986 3083 3149 3146 αὐτὸς
3189 3083 3472 3156 ἀνεδέξατο
3504 3087 3758 3156 πόλεμον,

2193 3169 2285 3218 καὶ
2333 3167 2692 3238 κατώρθωσεν
2725 3157 2935 3232 ἐλπίδος
2977 3169 3194 3248 ἀπάσης
3237 3155 3518 3248 κρείττονα
3564 3155 3759 3244 κατορ-

2193 3251 2436 3322 θώματα.
2481 3255 2669 3307 Καίτοι
2701 3257 2749 3308 εἰ
2793 3257 2885 3308 καὶ
2922 3257 3084 3333 μηδὲν
3212 3245 3620 3328 κατωρθωκὼς,
3661 3261 3760 3331 τῆς

2192 3339 2494 3409 προθυμίας
2532 3341 2691 3394 αὐτὸν
2749 3343 2844 3396 καὶ¹
2879 3343 2976 3414 τῆς
3015 3343 3318 3415 προθέσεως
3351 3345 3532 3398 ἕνεκεν
3567 3364 3761 3416 στεφα-

2190 3425 2311 3476 νοῦν
2340 3425 2444 3478 ἐδει
2500 3426 2678 3496 μόνον.
2727 3427 2798 3480 Τὸ
2833 3428 2931 3498 μὲν
2963 3430 3070 3500 γὰρ
3122 3429 3456 3501 στρατιώτην
3487 3433 3607 3487 τινά
3652 3433 3758 3486 τῶν

2189 3513 2246 3563 ἐν
2275 3511 2460 3582 ἡλικίᾳ
2509 3514 2730 3583 ποιῆσαι
2775 3516 2949 3578 τοῦτο,
3003 3516 3313 3586 θαυμαστὸν
3362 3519 3542 3572 οὐδέν·
3576 3523 3604 3572 6
3650 3521 3756 3592 γὰρ

2187 3599 2285 3667 τῆς
2317 3598 2599 3667 στρατείας
2642 3601 2803 3672 νόμος
2845 3602 3001 3656 τοῦτο
3048 3604 3260 3674 ἀπῄτει.
3295 3601 3461 3668 Οὗτος
3504 3607 3562 3658 δὲ
3606 3609 3756 3661 οὐδε-

2191 3681 2319 3750 μίαν
2357 3681 2496 3751 ὁρῶν
2535 3684 2779 3755 ἀνάγκην
2812 3687 3184 3757 ἐπικειμένην,
3229 3689 3362 3743 ἀλλά
3410 3691 3502 3743 καὶ
3532 3691 3755 3754 πολλοὺς

2186 3767 2311 3828 τοὺς
2345 3764 2649 3830 κωλύοντας
2684 3766 2821 3837 ἔχων
2862 3771 2978 3838 (καὶ
3010 3771 3119 3842 γὰρ
3155 3773 3248 3824 καὶ
3277 3775 3304 3824 6
3324 3772 3546 3841 ἀδελφὸς
3579 3773 3755 3826 ἐπετί-

2190 3865 2350 3917 μησε,
2399 3849 2492 3901 καὶ
2523 3850 2551 3901 ὀ
2590 3849 2842 3919 βασιλεὺς
2883 3852 3020 3922 πρὸς
3063 3853 3124 3905 τὸ
3171 3853 3270 3923 τῆς
3318 3855 3534 3924 ἡλικίας
3580 3857 3752 3925 άωρον

2186 3937 2280 3988 καὶ
2311 3952 2372 3990 το
2399 3939 2507 3990 τῶν
2548 3937 2806 3990 κινδύνων
2837 3937 3107 4009 ἀφόρητον
3141 3939 3371 4004 βλέπων,
3414 3943 3628 4010 κατεῖχε
3663 3943 3753 3994 καὶ

2191 4023 2369 4092 μένειν
2401 4023 2615 4076 ἐκέλευε
2641 4023 2839 4091 λέγων·
2871 4027 2951 4076 Οὐ
2983 4023 3221 4092 δυϊὴσῃ
3261 4024 3636 4092 πορευθῆναι,
3665 4027 3750 4080 ὅτι

2187 4117 2267 4170 σὺ
2299 4118 2610 4187 παιδάριον
2656 4115 2730 4185 εἴ,
2773 4117 2956 4184 αὐτὸς
2987 4119 3054 4172 δὲ
3091 4119 3245 4187 ἀνὴρ
3281 4119 3650 4188 πολεμιστὴς
3683 4121 3749 4176 ἐκ

2186 4205 2464 4272 νεότητος
2479 4207 2709 4274 αὑτοῦ),
2740 4205 2852 4258 ἀλλ’
2871 4205 3019 4276 ὅμως
3036 4207 3286 4278 οὐδεμιᾶς
3309 4208 3466 4261 αὐτὸν
3495 4209 3748 4274 ἐλκούσης

2186 4292 2528 4362 προφάσεως,
2575 4292 2784 4346 οἴκοθεν
2816 4294 2908 4346 καὶ
2953 4295 3082 4364 παρ’
3119 4295 3308 4348 ἐαυτοῦ
3341 4295 3747 4365 διαθερμανθεὶς

2185 4380 2312 4450 θείῳ
2338 4380 2482 4451 ζήλῳ
2507 4382 2600 4435 καὶ
2633 4380 2710 4451 τῷ
2746 4382 2844 4450 τῆς
2879 4384 3135 4452 πατρίδος
3173 4382 3356 4456 ἔρωτι,
3395 4383 3581 4455 ὥσπερ
3613 4383 3743 4454 πρό-

2117 4533 2120 4536 ,
2183 4476 2323 4531 ϐατα
2355 4477 2554 4546 μᾶλλον
2593 4479 2625 4550 ἢ
2661 4475 2976 4548 ἀνθρώπους
3006 4479 3166 4549 ὀρῶν,
3194 4481 3286 4532 καὶ
3305 4478 3587 4545 ’ώςξκύνας
3619 4479 3745 4549 μᾶλ-

2182 4563 2270 4616 λον
2297 4563 2330 4635 ἢ
2362 4566 2718 4642 στρατόπεδον
2754 4568 3055 4640 ἀνθρώπων
3086 4567 3321 4642 τοιοῦτον
3340 4567 3564 4639 μέλλων
3595 4566 3746 4622 ἐλαύ-

2182 4673 2312 4718 νειν,
2351 4635 2492 4704 οὕτω
2519 4635 2660 4723 ⁴μετὰ
2693 4635 2876 4718 ἀδείας
2911 4657 3002 4707 ἐπὶ
3033 4635 3507 4724 τοῦς”βαρϐάρους
3531 4654 3738 4726 έτρεχεσ

2183 4745 2275 4798 καὶ
2308 4743 2573 4814 τοσαύτην
2607 4743 2734 4814 περὶ
2772 4741 2861 4794 τὸν
2902 4741 3122 4810 βασιλέα
3171 4741 3494 4812 κηδεμονίαν
3541 4741 3741 4795 ἐπεδεί-

2181 4839 2306 4905 ξατο
2336 4841 2475 4906 τότε,
2518 4838 2590 4902 ὡς
2633 4837 2724 4890 καὶ
2768 4837 2874 4907 πρὸ
2905 4837 2995 4889 τοῦ
3041 4837 3276 4907 πολέμου
3324 4838 3419 4891 καὶ
3453 4840 3550 4909 τῆς
3591 4840 3739 4906 νίκης

2180 4931 2266 4982 ἐπ’
2289 4929 2409 4998 ὄψιν
2440 4929 2599 4984 αὐτὸν
2627 4927 2873 4998 κείμενον
2898 4927 3217 4997 ἀναστῆσαι.
3248 4928 3321 4980 Οὐ
3356 4928 3462 5000 γάρ
3494 4929 3555 4998 δὴ
3587 4928 3739 4997 μόνον

2181 5018 2342 5069 αὐτὸν
2373 5018 2481 5079 τοῖς
2507 5014 2687 5086 ἔργοις
2730 5014 2867 5084 μετά
2897 5013 3066 5066 ταῦτα
3097 5014 3312 5082 ὠφέλει,
3339 5015 3475 5067 ἀλλά
3504 5016 3596 5068 καὶ
3640 5014 3741 5084 πρὸ

2178 5104 2368 5156 τούτου
2408 5105 2520 5164 τοῖς
2573 5104 2776 5171 ῥήμασι
2811 5100 3106 5170 παρεκάλει
3144 5103 3238 5154 καὶ
3275 5101 3495 5172 θαρρεῖν
3542 5101 3736 5165 ἔπειθε,

2179 5192 2273 5244 καὶ
2307 5190 2545 5262 χρηστὰς
2573 5189 2699 5259 περὶ
2732 5187 2824 5240 τοῦ
2862 5189 3142 5258 μέλλοντος
3165 5189 3386 5251 ἐλπίδας
3411 5190 3576 5259 ἔχειν,
3603 5190 3738 5241 οὕτω

2176 5279 2348 5346 λέγων
2367 5295 2379 5309 ·
2407 5276 2504 5342 Μὴ
2551 5274 2904 5343 συμπεσέτω
2935 5277 2972 5341 ἡ
3005 5276 3214 5342 καρδία
3256 5276 3361 5330 τοῦ
3395 5279 3600 5343 κυρίου
3626 5293 3740 5345 μου

2174 5366 2266 5418 ἐπ’
2317 5362 2521 5424 αὐτὸν,
2553 5363 2640 5414 ὅτι
2689 5364 2721 5414 ὀ
2772 5359 2993 5426 δοῦλός
3047 5377 3164 5415 σου
3227 5363 3602 5429 πορεύσεται,
3644 5362 3738 5415 καὶ

2175 5452 2504 5521 πολεμήσει
2525 5449 2678 5524 μετὰ
2705 5449 2811 5502 τοῦ
2840 5449 3193 5518 ἀλλοφύλου
3222 5452 3454 5504 τούτου.
3474 5447 3620 5522 *Αρα
3650 5469 3740 5522 μι-

2173 5540 2306 5612 κρὸν
2327 5541 2502 5604 τοῦτο,
2527 5536 2648 5591 εἶπέ
2674 5556 2783 5608 μοι,
2812 5538 2902 5590 τὸν
2929 5537 3194 5608 μηδεμίαν
3213 5551 3234 5577 ε
3265 5541 3505 5610 ἀνάγκην
3530 5541 3737 5609 ἔχοντα,

2242 5750 2262 5774 ⁸
2289 5748 2425 5808 RPgii
2448 5749 2543 5794 duo
2564 5749 2616 5794 τὸ
2645 5748 2885 5810 μηδεμίαν,
2915 5761 3007 5794 non
3033 5747 3175 5795 male.
