4094 6256
435 324 527 380 377
1446 316 1531 371 DE
1571 315 1822 371 DAVIDE
1860 306 1947 370 ΕΤ
1988 311 2210 368 SAULE
2248 312 2524 369 HOMILIA
2566 314 2604 366 l.

426 434 571 491 vobis
614 431 682 489 de
722 432 912 488 eodem
957 430 1280 485 disserentes
1321 436 1671 496 argumento:
1714 425 1893 479 itidem
1925 422 1992 477 de

424 527 500 577 ira
530 538 666 576 nunc
692 521 962 583 faciamus,
985 518 1286 573 continuam
1313 516 1379 570 de
1405 530 1466 569 ea
1490 529 1867 584 persequamur
1894 529 1990 567 ex-

427 613 775 666 hortationem
819 626 912 679 pro
938 617 1116 663 nostra
1145 607 1357 677 quidem
1397 605 1557 659 virili.
1582 604 1714 658 Nam
1743 604 1830 658 hic
1861 603 1988 657 mihi

423 702 632 755 videtur
658 684 890 769 optimus
933 714 1053 753 esse
1094 697 1318 752 docendi
1361 695 1583 761 modus,
1621 697 1664 749 si
1708 709 1812 748 non
1843 694 1989 762 prius

424 790 738 843 desistamus
763 787 1089 843 consulendo
1105 799 1433 856 quacumque
1456 784 1525 839 de
1549 800 1627 850 re,
1654 799 1810 853 quam
1836 782 1988 837 vide—

425 882 591 933 rimus
637 880 1047 933 admonitionem
1089 878 1156 931 ad
1213 876 1459 931 eﬂectum
1504 876 1831 945 pervenisse.
1893 876 1987 929 Et-

426 970 565 1022 enim
595 968 681 1037 qui
715 968 869 1023 hodie
888 966 957 1021 de
985 968 1344 1035 eleemosyna,
1369 979 1488 1019 cras
1514 965 1579 1019 de
1605 965 1865 1030 oratione,
1898 980 1989 1034 pe-

429 1058 609 1112 rendie
648 1056 717 1112 de
743 1058 1095 1121 humanitate,
1124 1054 1318 1111 deinde
1348 1069 1532 1109 rursus
1568 1053 1637 1109 de
1674 1053 1836 1108 animi
1877 1068 1990 1108 mo-

427 1144 591 1199 destia
620 1145 854 1211 disserit,
880 1144 1011 1200 nihil
1040 1144 1231 1199 horum
1260 1144 1311 1198 in
1332 1142 1628 1198 auditorum
1658 1144 1848 1200 animis
1868 1158 1990 1213 pcr-

428 1232 587 1307 fieere
615 1243 760 1289 recte
804 1234 998 1303 poterit
1019 1274 1033 1298 ,
1075 1233 1143 1287 ab
1168 1233 1272 1288 hoc
1310 1232 1377 1287 ad
1405 1231 1531 1287 illud
1553 1273 1569 1298 ,
1601 1246 1784 1286 rursus
1803 1232 1871 1286 ab
1900 1232 1988 1285 illo

425 1339 636 1392 semper
661 1323 764 1378 alio
794 1324 1094 1379 transiliens
1121 1341 1135 1378 :
1162 1324 1255 1378 sed
1286 1337 1505 1378 necesse
1529 1333 1631 1387 est,
1659 1331 1719 1377 ut
1742 1324 1833 1392 qui
1859 1323 1988 1377 velit

427 1414 717 1468 orationem
760 1414 811 1467 in
840 1414 1137 1468 auditorum
1176 1414 1366 1467 animis
1408 1415 1633 1467 fructum
1658 1412 1986 1467 destinatum

426 1508 656 1575 assequi,
684 1521 788 1561 non
814 1507 1191 1564 ante‘desistat
1213 1508 1396 1562 iisdem
1419 1508 1487 1563 de
1511 1509 1669 1563 rebus
1694 1508 1988 1563 admonens

426 1596 828 1665 consulensque,
854 1612 951 1652 nec
979 1581 1125 1667 prius
1145 1596 1210 1651 ad
1235 1597 1376 1651 aliud
1401 1597 1669 1667 quidpiam
1699 1599 1978 1664 transiliat,

426 1700 581 1754 quam
625 1692 959 1758 conspexerit
1002 1689 1331 1757 superiorem
1373 1689 1785 1745 admonitionem
1831 1691 1883 1744 in
1912 1692 1989 1747 eis

426 1775 563 1829 bene
605 1773 758 1828 ﬁxam
806 1790 868 1830 ac
893 1775 1201 1830 radicatam.
1224 1775 1367 1831 Idem
1388 1776 1489 1831 hoc
1513 1778 1684 1833 facere
1710 1779 1882 1833 solent
1908 1780 1988 1833 lu-

423 1864 715 1932 dimagistri
747 1883 760 1919 :
791 1879 896 1919 non
929 1865 1077 1934 prius
1103 1864 1167 1919 ad
1207 1866 1433 1936 syllabas
1462 1866 1727 1921 adducunt
1756 1882 1947 1936 pueros
1968 1910 1982 1933 ,

423 1969 579 2023 quam
601 1955 983 2009 elementorum
1010 1955 1364 2024 cognitionem
1408 1956 1458 2007 in
1489 1956 1566 2009 eis
1596 1955 1821 2010 viderint
1845 1966 1987 2011 recte

423 2047 806 2100 confirmatam.
824 2044 1026 2114 'Nuper
1070 2045 1229 2114 igitur
1256 2045 1559 2113 parabolam
1593 2045 1744 2101 vobis
1765 2046 1831 2101 de
1857 2061 1985 2101 cen-

424 2147 532 2191 tum
555 2120 783 2192 denariis
809 2180 821 2199 ,
849 2152 910 2190 ac
938 2137 1120 2191 decem
1148 2136 1380 2191 millibus
1408 2138 1717 2192 talentorum
1738 2153 1962 2193 enarran

425 2238 503 2282 tes
532 2229 633 2299 (a),
664 2228 989 2282 ostendimus
1009 2236 1260 2297 quantum
1287 2239 1429 2283 esset
1455 2229 1651 2283 malum
1678 2231 1986 2299 injuriarum

423 2321 745 2375 meminisse.
773 2320 938 2387 Quem
966 2321 1106 2374 enim
1128 2319 1313 2387 decem
1339 2320 1500 2375 millia
1536 2323 1851 2376 talentorum
1880 2337 1986 2377 non

424 2411 779 2480 perdiderant,
804 2411 942 2465 hunc
959 2420 1169 2465 centum
1187 2411 1388 2466 denarii
1414 2412 1575 2467 exitio
1598 2412 1982 2479 demerserunt,

421 2517 485 2556 ac
513 2501 717 2555 veniam
739 2515 835 2571 pro
858 2500 1049 2556 debitis
1073 2516 1380 2556 concessam
1436 2502 1490 2556 in
1520 2502 1723 2557 irritum
1772 2517 1987 2559 revoca-

419 2600 576 2657 runt,
623 2592 915 2661 debitaeque
959 2593 1195 2663 pecunia:
1252 2594 1619 2649 remissionem
1664 2596 1986 2666 dissiparunt

420 2682 631 2751 (Matth.
652 2681 762 2753 18),
780 2697 1023 2751 eumque,
1038 2684 1126 2751 qui
1148 2681 1316 2737 fuerat
1341 2699 1369 2738 a
1391 2685 1696 2739 criminibus
1713 2685 1981 2754 liberatus,

420 2771 470 2824 in
494 2771 743 2841 judicium
774 2780 1107 2826 retraxerunt
1132 2813 1147 2839 ,
1178 2772 1402 2842 indeque
1430 2775 1483 2828 in
1509 2789 1777 2830 carcerem
1804 2777 1985 2847 conje-

417 2870 601 2915 cerunt
619 2902 636 2927 ,
656 2860 880 2929 denique
905 2860 1183 2914 immortali
1212 2862 1468 2930 supplicio
1490 2863 1831 2918 tradiderunt.
1878 2866 1984 2921 Sed

418 2950 576 3004 hodie
603 2950 669 3004 de
692 2949 904 3004 diverso
924 2959 1233 3020 argumento
1257 2951 1436 3006 dicere
1459 2952 1795 3008 tentabimus.
1823 2955 1986 3025 Opor-

419 3040 562 3093 tebat
589 3040 750 3103 enim,
778 3038 822 3092 si
850 3038 997 3093 fieret
1017 3039 1155 3108 quod
1178 3055 1383 3109 aequum
1414 3050 1546 3107 erat,
1570 3043 1636 3097 de
1658 3043 1983 3101 humanitate

418 3143 481 3182 ac
509 3127 911 3183 mansuetudine
943 3129 1101 3182 verba
1129 3129 1402 3201 facientem
1428 3146 1493 3186 ex
1514 3146 1630 3187 sese
1664 3132 1814 3187 istius
1846 3151 1982 3204 pra:-

417 3218 574 3273 claraa
601 3217 945 3289 phil050phize
982 3219 1222 3288 exempla
1252 3220 1485 3288 prabere
1509 3262 1523 3283 ,
1545 3230 1701 3290 atque
1731 3224 1800 3277 ita
1825 3225 1981 3282 simul

416 3318 471 3363 et
512 3310 686 3365 verbis
738 3325 855 3364 eam
900 3309 1093 3365 docere
1127 3319 1182 3365 et
1224 3311 1375 3367 factis
1420 3313 1483 3366 ad
1522 3330 1637 3368 eam
1685 3315 1978 3371 instituere.

417 3400 673 3467 Quoniam
716 3408 891 3455 autem
936 3414 1033 3455 nos
1072 3401 1141 3456 ab
1170 3401 1268 3455 hac
1295 3403 1487 3457 virtute
1534 3404 1690 3474 longo
1731 3406 1981 3466 absumus

418 3492 693 3547 intervallo
712 3533 727 3557 ,
755 3508 859 3546 uno
888 3493 1133 3562 quopiam
1153 3509 1183 3548 e
1210 3510 1429 3549 numero
1458 3506 1760 3553 sanctorum
1782 3500 1831 3553 iu
1865 3517 1979 3555 me-

417 3580 560 3635 dium
610 3581 897 3650 producto,
931 3583 1201 3653 oculisque
1232 3586 1425 3640 vestris
1472 3588 1745 3657 subjecto,
1779 3593 1981 3660 perspi-

416 3687 569 3725 cuam
597 3672 878 3741 quamdam
913 3688 975 3727 ac
1020 3660 1285 3742 potentem
1331 3676 1696 3732 adhibebimus
1729 3680 1980 3733 exhorta-

421 3761 638 3822 tionem,
670 3770 726 3812 ut
752 3761 898 3828 quasi
946 3761 1011 3813 ad
1054 3762 1327 3831 archetypi
1368 3764 1643 3831 cujusdam
1684 3768 1979 3821 aemulatio-

420 3864 541 3904 nem
569 3848 908 3904 adhortemur
936 3857 988 3903 et
1014 3864 1108 3903 vos
1126 3860 1179 3903 et
1202 3865 1299 3903 nos
1328 3852 1487 3919 ipsos.

490 3938 659 3992 David
687 3939 944 4007 exemplar
963 3939 1312 3993 humanitatis.
1339 3971 1408 3984 -—-
1431 3941 1559 4007 Quis
1603 3944 1760 4012 igitur
1785 3947 1836 3999 in
1864 3962 1979 4002 me-

420 4032 562 4085 dium
601 4029 946 4098 proferendus
991 4040 1074 4084 est
1115 4030 1180 4085 de
1218 4030 1542 4087 humanitate
1582 4033 1826 4088 dicturo?
1852 4037 1980 4103 Quis

420 4136 547 4175 vero
592 4121 754 4185 alius,
799 4136 953 4190 quam
999 4123 1042 4176 is
1075 4123 1163 4193 qui
1202 4123 1397 4178 caelesti
1441 4125 1742 4182 testimonio
1781 4129 1980 4184 laudari

422 4213 644 4277 meruit,
667 4213 735 4267 ob
762 4211 863 4267 hoc
892 4214 1059 4282 ipsum
1092 4215 1319 4269 maxime
1345 4216 1750 4286 suspiciendus?
1779 4219 1976 4288 Inveni,

422 4303 621 4372 inquit,
647 4302 814 4356 David
836 4305 997 4371 ﬁlium
1020 4303 1164 4360 Iesse
1180 4346 1194 4370 ,
1225 4307 1386 4359 virum
1410 4310 1682 4362 secundum
1708 4327 1795 4364 cor
1815 4329 1981 4367 meum

424 4393 496 4464 (1.
528 4393 654 4465 Reg.
680 4395 766 4449 15.
798 4395 863 4449 14
881 4410 897 4460 ;
918 4393 1027 4449 Act.
1056 4397 1141 4451 15.
1163 4396 1278 4466 2‘2).
1301 4397 1466 4452 Porro
1486 4409 1824 4470 posteaquam
1843 4404 1981 4460 Deus

421 4484 806 4551 pronuntiavit,
829 4484 969 4537 nulla
992 4485 1385 4540 contradicendi
1407 4488 1606 4557 reliqua
1637 4499 1718 4544 est
1746 4493 1977 4548 occasio.

421 4572 552 4628 Nam
597 4574 737 4629 illius
774 4574 1007 4630 calculus
1049 4575 1383 4644 incorruptus
1418 4588 1530 4646 est,
1562 4595 1628 4636 co
1656 4583 1794 4652 quod
1840 4585 1980 4640 Deus

423 4679 522 4719 nec
540 4663 606 4717 ad
632 4664 876 4733 gratiam,
909 4679 1006 4719 nec
1027 4680 1123 4735 per
1150 4666 1326 4722 odium
1348 4669 1568 4739 judicat,
1592 4674 1684 4728 sed
1715 4690 1810 4742 pro
1835 4691 1978 4733 mera

422 4753 582 4807 animi
611 4754 803 4808 virtute
845 4753 945 4809 fert
986 4755 1313 4825 suli‘ragium.
1346 4761 1413 4813 At
1441 4776 1545 4815 non
1575 4762 1645 4816 ob
1690 4764 1741 4818 id
1780 4774 1978 4821 tantum

422 4843 562 4896 hunc
583 4843 637 4896 in
662 4841 892 4897 medium
920 4843 1281 4911 produximus,
1312 4849 1450 4916 quod
1473 4850 1563 4905 Dei
1590 4852 1837 4924 suti‘ragio
1858 4855 1977 4911 fue-

423 4935 491 4986 rit
529 4933 771 4987 laudatus
788 4971 804 4998 ,
828 4948 1009 4986 verum
1037 4934 1193 4987 etiam
1215 4937 1355 5004 quod
1387 4938 1456 4992 sit
1481 4954 1548 4993 ex
1566 4940 1631 4995 iis
1649 4943 1737 5011 qui
1765 4944 1863 4998 sub
1891 4960 1982 5000 ve—

424 5023 522 5078 teri
552 5022 668 5092 lege
686 5031 811 5077 sunt
833 5023 1057 5078 educati.
1088 5024 1354 5093 Siquidem
1379 5028 1477 5082 sub
1491 5029 1606 5099 lege
1624 5034 1805 5101 gratiae
1829 5036 1981 5089 exsti-

424 5112 550 5165 tisse
578 5112 877 5181 quempiam
905 5113 971 5165 ab
1000 5113 1072 5165 ira
1102 5128 1312 5180 purum,
1340 5124 1394 5169 et
1418 5117 1640 5177 inimicis
1656 5120 1846 5176 delicta
1863 5138 1983 5177 con-

422 5198 703 5254 donantem
725 5241 741 5265 ,
768 5215 831 5255 ac
857 5209 1155 5268 parcentem
1187 5202 1251 5255 iis
1273 5218 1301 5255 a
1347 5204 1537 5273 quibus
1561 5208 1718 5263 fuerit
1740 5212 1983 5269 molestia

424 5288 656 5352 allectus,
688 5288 820 5341 nihil
849 5304 975 5342 sane
1000 5290 1216 5358 mirum,
1237 5292 1487 5350 videlicet'
1500 5305 1618 5365 post
1636 5299 1829 5354 Christi
1847 5315 1982 5357 mor-

429 5385 550 5442 tem,
583 5386 858 5447 postquam
900 5379 988 5432 ille
1032 5389 1135 5433 tam
1164 5384 1452 5439 clementer
1475 5387 1626 5441 nobis
1651 5391 1825 5443 omnia
1854 5407 1980 5461 pec-

430 5474 540 5522 cata
582 5467 815 5533 remisit,
844 5477 965 5538 post
1008 5477 1085 5524 tot
1123 5481 1384 5542 praecepta
1424 5476 1619 5532 referta
1663 5483 1980 5549 evangelicae

482 5638 559 5702 (a)
580 5642 774 5693 Humilia
799 5643 863 5694 de
883 5646 1108 5697 Debitore
1131 5648 1300 5697 decem
1330 5650 1528 5700 "tlinum
1554 5657 1858 5705 talentorum.

3557 320 3669 374 678'

2101 418 2446 492 philosophiae
2475 440 2488 476 :
2520 432 2766 477 caeterum
2788 424 2836 476 in
2861 422 3047 478 Vetere
3074 423 3411 479 Testamento
3427 440 3545 481 cum
3576 429 3662 483 lex

2097 514 2423 583 permitteret
2458 514 2665 568 oculum
2718 529 2814 583 pro
2853 516 3007 570 oculo
3049 515 3311 579 effodere,
3344 530 3406 570 ac
3447 516 3657 573 denterr-

2096 617 2194 674 pro
2230 604 2387 659 dente
2411 605 2702 659 extundere
2729 605 2917 674 (Exod.
2939 605 3026 660 21.
3060 605 3177 676 24),
3207 621 3433 674 euntque
3457 607 3547 676 qui
3573 608 3671 660 law

2097 693 2256 746 sisset
2304 693 2513 747 talionis
2557 709 2709 761 poena
2753 694 2968 758 ulcisci,
3011 694 3237 764 aliquem
3266 696 3534 749 exstitisse
3572 698 3658 764 qui

2094 791 2476 850 praeceptorum
2526 784 2657 838 fines
2705 785 3046 851 transil’ierit,
3096 783 3275 854 adque
3314 786 3656 853 apostolicam

2092 871 2819 942 perveneritphil050phiam,
2850 888 3007 943 quem
3038 874 3335 929 auditorum
3364 890 3474 928 non
3490 874 3655 929 addu-

2093 966 2179 1013 cet
2205 959 2257 1013 in
2292 963 2776 1031 stuporem?quem
2810 962 2855 1017 si
2902 979 3004 1016 non
3035 964 3319 1027 imitemur,
3350 979 3453 1018 non
3486 965 3658 1032 privet

2093 1048 2238 1103 omni
2265 1050 2440 1113 venia,
2467 1051 2716 1120 omnique
2749 1054 3127 1107 excusatione?
3154 1054 3256 1107 Sed
3286 1054 3654 1109 utaccuratius

2093 1138 2208 1207 ejus
2246 1139 2490 1194 virtutem
2533 1142 2896 1209 cognocastis,
2944 1142 3218 1198 concedite
3274 1143 3402 1197 mihi
3447 1153 3502 1197 ut
3535 1158 3653 1197 ora-

2096 1229 2291 1284 tionem
2321 1231 2477 1298 paulo
2504 1230 2660 1285 altius
2685 1240 2942 1300 repetam,
2969 1248 3031 1288 ac
3054 1234 3309 1289 beneficia
3331 1249 3655 1289 commemo-

2093 1335 2202 1373 rem
2229 1336 2347 1389 quae
2374 1320 2559 1375 beatus
2590 1321 2676 1376 ille
2700 1322 2780 1377 vir
2809 1323 2859 1376 in
2888 1324 3100 1379 Saﬁlem
3129 1325 3369 1380 contulit.
3391 1326 3521 1380 Nam
3550 1342 3654 1381 non

2092 1410 2270 1464 ulcisci
2290 1410 2553 1464 inimicum
2571 1412 2659 1481 qui
2685 1412 2996 1482 simpliciter
3013 1415 3165 1482 lzesit,
3192 1432 3296 1471 non
3320 1418 3509 1472 mirum
3538 1426 3649 1473 est:

2092 1502 2252 1570 atqui
2282 1501 2549 1557 hominem
2594 1518 2623 1556 a
2650 1518 2709 1559 se
2751 1505 2928 1559 multis
2970 1505 3213 1562 aﬂ‘ectum
3244 1507 3534 1574 beneﬁciis,
3561 1512 3652 1565 sed

2090 1590 2178 1659 qui
2209 1605 2306 1660 pro
2351 1592 2637 1648 benefactis
2680 1594 2974 1650 beneficum
3012 1598 3175 1653 semel
3220 1606 3379 1668 atque
3426 1600 3650 1663 iterum,

2092 1678 2200 1734 imo
2219 1680 2522 1749 frequenter
2545 1683 2843 1740 interficere
2868 1695 3088 1742 conatus
3115 1687 3202 1753 sit,
3231 1699 3569 1759 posteaquam
3600 1691 3652 1744 in

2091 1786 2279 1826 manus
2305 1772 2602 1839 incidisset,
2630 1784 2687 1827 ut
2708 1774 2818 1843 jam
2843 1775 3025 1831 liceret
3050 1779 3315 1845 occidere,
3343 1796 3448 1835 nou
3482 1781 3650 1849 ipsum

2091 1860 2293 1916 dimisit
2316 1870 2514 1917 tantum
2534 1904 2549 1928 ,
2581 1879 2763 1920 verum
2792 1867 2949 1919 etiam
2970 1882 3033 1921 ex
3060 1868 3281 1923 aliorum
3312 1871 3514 1926 insidiis
3541 1878 3651 1931 eri-

2090 1952 2234 2020 puit;
2266 1954 2559 2021 praesertim
2601 1968 2720 2009 cum
2750 1956 2910 2011 sciret
2944 1957 3087 2012 illum
3132 1969 3249 2029 post
3289 1962 3472 2019 eadem
3500 1969 3652 2022 moli-

2093 2048 2265 2095 turum
2296 2059 2309 2093 :
2340 2042 2461 2111 quid
2486 2044 2529 2098 is
2555 2043 2813 2114 reliquum
2834 2044 2979 2113 fecit,
3010 2047 3149 2117 quod
3165 2048 3233 2104 ad
3255 2064 3512 2109 summam
3536 2057 3650 2126 phi—

2091 2128 2382 2199 los0phiam
2407 2132 2574 2201 possit
2598 2132 2848 2204 adjungi?
3152 2142 3153 2145 “

2157 2219 2211 2271 2.
2242 2217 2493 2288 Beneﬁcia
2532 2220 2743 2277 Davidis
2785 2225 2839 2278 in
2877 2225 3102 2281 Saﬁlem.
3131 2259 3199 2269 —
3229 2229 3429 2298 Quibus
3475 2245 3648 2291 autem

2091 2307 2362 2363 beneficiis
2409 2310 2571 2365 David
2622 2312 2857 2369 alfecerit
2896 2314 3143 2381 Saﬁlem,
3181 2322 3390 2388 quando
3442 2333 3495 2378 et
3547 2343 3650 2394 quo

2089 2406 2276 2467 pacto,
2309 2401 2489 2469 paucis
2533 2412 2867 2459 enarrantem
2920 2421 3008 2463 me
3055 2411 3329 2467 sustinete.
3377 2414 3508 2470 Cum
3550 2420 3650 2473 ali-

2089 2489 2298 2556 quando
2344 2489 2511 2545 Judzei
2554 2492 2695 2547 bello
2739 2493 3053 2553 difficillimo
3101 2512 3487 2572 premerentur,
3516 2506 3651 2562 adeo

2089 2585 2146 2630 ut
2176 2592 2361 2632 omnes
2397 2594 2591 2649 pavore
2619 2593 2796 2638 essent
2840 2590 3196 2653 consternati,
3230 2607 3328 2646 nec
3372 2595 3649 2665 quisquam

2086 2669 2304 2724 auderet
2343 2670 2548 2740 erigere
2586 2682 2743 2743 caput
2764 2714 2780 2741 ,
2802 2676 2894 2731 sed
2923 2678 2974 2732 in
3015 2688 3248 2736 extrema
3270 2684 3651 2755 desperatione

2087 2768 2227 2815 esset
2254 2760 2458 2827 civitas,
2486 2762 2705 2833 singulis
2730 2775 2953 2822 mortem
2982 2784 3090 2837 prae
3114 2774 3282 2827 oculis
3311 2769 3644 2842 habentibus,

2085 2850 2421 2921 quotidieque
2441 2854 2706 2908 interitum
2732 2862 3154 2927 exspectantibus
3176 2866 3398 2932 cunctis,
3416 2878 3471 2921 ut
3488 2870 3643 2923 vitam

2085 2948 2300 3009 agerent
2328 2943 2656 2997 miseriorem
2685 2944 2749 2999 iis
2784 2947 2872 3017 qui
2902 2947 3097 3016 degunt
3137 2951 3187 3002 iu
3220 2956 3487 3009 telerrimo
3530 2973 3645 3011 car-

2085 3043 2207 3082 cere
2226 3070 2240 3093 ,
2270 3028 2357 3083 hic
2388 3029 2456 3085 ab
2492 3032 2677 3086 ovibus
2704 3035 2922 3089 veniens
2964 3037 3029 3091 ad
3054 3040 3341 3097 exercitum
3362 3084 3375 3107 ,
3407 3059 3524 3097 cum
3552 3064 3645 3115 per

2085 3127 2292 3173 :rtatem
2318 3134 2416 3175 nec
2441 3128 2606 3176 artem
2626 3122 2853 3179 bellandi
2877 3127 3069 3183 callere
3094 3140 3291 3199 posset,
3320 3146 3381 3188 ac
3408 3134 3643 3191 laborum

2087 3206 2386 3262 militarium
2434 3210 2580 3265 rudis
2623 3220 2795 3275 esset,
2821 3214 2933 3285 ipse
2960 3232 3058 3287 pro
3087 3219 3343 3278 universis
3369 3224 3561 3279 bellum
3592 3228 3642 3281 in

2083 3312 2141 3350 se
2167 3300 2401 3368 recepit,
2431 3316 2493 3356 ac
2520 3299 2744 3358 feliciter
2766 3319 2879 3360 rem
2924 3310 3109 3378 gessit,
3140 3325 3296 3381 supra
3317 3329 3472 3383 quam
3503 3318 3644 3385 quis-

2084 3389 2220 3457 piam
2249 3403 2533 3460 sperasset.
2561 3394 2887 3466 Quamquam
2922 3398 3079 3454 etiam
3112 3400 3157 3455 si
3180 3401 3363 3459 virtuti
3395 3405 3647 3463 defuisset

2082 3491 2321 3547 eventus,
2347 3490 2519 3538 tamen
2540 3485 2609 3539 ob
2636 3486 2802 3541 solam
2823 3488 2984 3543 animi
3013 3493 3476 3562 promptitudinem
3497 3513 3646 3567 egre-

2080 3571 2328 3640 giumque
2351 3576 2674 3645 propositum
2713 3578 3046 3635 coronandus
3082 3591 3212 3636 erat.
3254 3584 3369 3639 Jam
3399 3588 3442 3641 si
3470 3588 3586 3655 quis
3615 3605 3645 3643 c

2082 3676 2300 3714 numero
2328 3664 2553 3719 militum
2577 3674 2731 3720 :etate
2749 3667 2931 3736 vigens
2951 3668 3154 3725 facinus
3177 3673 3275 3727 hoc
3293 3676 3640 3745 designasset,

2082 3750 2209 3802 nihil
2252 3750 2436 3805 fuisset
2481 3753 2670 3806 mirum
2692 3796 2707 3819 ,
2730 3755 2974 3810 videlicet
3020 3758 3069 3812 id
3102 3763 3395 3827 postulante
3432 3766 3645 3821 militari

2082 3837 2215 3905 lege.
2264 3840 2335 3891 At
2384 3839 2469 3894 hic
2514 3843 2602 3911 qui
2648 3843 2847 3898 nullam
2883 3847 3093 3901 videbat
3137 3856 3503 3908 necessitatem
3542 3857 3645 3912 huc

2083 3929 2381 3996 adigentem
2405 3969 2420 3993 ,
2474 3945 2534 3985 ac
2559 3933 2750 3987 multos
2788 3935 2945 3989 etiam
2992 3937 3216 3993 habebat
3259 3942 3641 4008 dehortantes:

2084 4034 2204 4071 nam
2234 4026 2288 4072 et
2325 4018 2487 4073 frater
2509 4021 2655 4075 illum
2691 4022 3015 4093 increpavit,
3037 4038 3090 4082 et
3113 4044 3209 4084 rex
3237 4034 3558 4101 perspiciens
3587 4037 3647 4091 il-

2084 4108 2191 4162 lum
2220 4110 2449 4163 nondum
2478 4120 2633 4166 aetate
2661 4123 2946 4179 maturum,
2967 4133 3026 4171 ac
3048 4120 3292 4187 periculis
3322 4123 3646 4191 perferendis

2083 4198 2367 4253 inhabilem
2409 4200 2681 4270 cohibuit,
2714 4217 2775 4257 ac
2803 4219 3017 4260 manere
3050 4207 3208 4276 jussit
3230 4252 3245 4277 ,
3272 4210 3450 4266 dicens
3480 4230 3494 4265 ε
3526 4212 3647 4268 Non

2084 4288 2268 4356 poteris
2290 4289 2363 4343 ire
2382 4330 2397 4354 ,
2427 4291 2662 4358 quoniam
2703 4309 2827 4361 puer
2853 4310 2903 4348 es
2933 4310 2953 4348 :
2977 4296 3063 4350 ille
3088 4312 3201 4352 vero
3225 4300 3313 4369 ,νίν
3339 4311 3411 4354 est
3440 4301 3648 4357 bellator

2082 4377 2143 4431 ab
2185 4379 2515 4433 adolescentia
2564 4397 2656 4434 sua
2684 4384 2761 4451 (1.
2793 4383 2918 4454 Reg.
2966 4387 3052 4440 17.
3098 4388 3187 4458 55)
3220 4408 3233 4443 :
3264 4398 3493 4446 attamen
3521 4409 3643 4450 cum

2082 4469 2227 4523 nulla
2268 4469 2417 4523 illum
2462 4482 2770 4540 provocarat
2791 4478 3021 4554 occasio,
3057 4491 3242 4549 suapte
3267 4494 3457 4553 sponte
3499 4496 3551 4541 et
3580 4502 3643 4542 ex

2082 4572 2202 4612 sese
2236 4558 2414 4613 divino
2454 4574 2711 4615 accensus
2755 4562 2871 4617 zelo
2893 4605 2908 4630 ,
2936 4568 3221 4638 patrimque
3257 4573 3493 4638 caritate,
3522 4589 3644 4643 per-

2085 4654 2206 4708 inde
2254 4655 2404 4724 quasi
2458 4669 2585 4710 oves
2638 4667 2881 4712 cerneret
2933 4659 3108 4714 verius
3156 4678 3313 4731 quam
3362 4665 3602 4721 homines
3627 4710 3641 4733 ,

2084 4754 2138 4799 et
2178 4745 2325 4813 quasi
2369 4758 2528 4799 canes
2555 4745 2834 4803 invasurus
2858 4758 2997 4815 esset
3023 4750 3197 4819 potius
3230 4768 3386 4820 quam
3416 4762 3521 4809 tam
3544 4774 3642 4810 nu-

2085 4848 2351 4888 merosum
2406 4833 2675 4889 hominum
2720 4837 3047 4904 exercitum,
3103 4840 3236 4895 adeo
3270 4836 3533 4912 intrepide
3579 4848 3646 4901 ad

2086 4926 2336 4980 barbaros
2354 4925 2589 4980 cucurrit
2618 4943 2634 4980 :
2663 4927 2817 4997 idque
2862 4931 3110 4998 temporis
3156 4941 3350 4988 tantam
3388 4950 3511 5006 erga
3556 4954 3641 4993 re-

2085 5031 2202 5085 gem
2251 5015 2658 5071 sollicitudinem
2709 5017 3029 5083 declaravit,
3063 5030 3119 5075 ut
3157 5023 3299 5079 illum
3339 5027 3495 5080 etiam
3525 5037 3647 5083 ante

2088 5104 2324 5173 przelium
2334 5119 2397 5158 ac
2411 5104 2679 5159 victoriam
2698 5106 2748 5160 in
2765 5107 2946 5161 faciem
2964 5120 3285 5179 prostratum
3302 5116 3647 5171 erexerit.Ne-

2086 5213 2191 5266 que
2210 5197 2349 5252 enim
2367 5198 2514 5251 factis
2530 5198 2686 5253 modo
2696 5199 2831 5267 juvit
2846 5200 3013 5267 illum,
3031 5203 3123 5257 sed
3137 5211 3259 5257 ante
3279 5204 3469 5258 factum
3487 5206 3644 5260 etiam

2087 5290 2261 5345 verbis
2285 5290 2522 5345 hortatus
2546 5302 2629 5345 est
2652 5291 2792 5346 bono
2810 5292 2987 5346 animo
3016 5302 3073 5347 ut
3100 5303 3264 5358 esset,
3281 5308 3344 5349 ac
3364 5298 3647 5364 persuasit,

2090 5389 2250 5448 utque
2277 5380 2342 5434 de
2380 5389 2575 5434 eventu
2620 5380 2811 5436 bonam
2840 5383 3145 5451 conciperet
3168 5398 3312 5453 spem
3330 5426 3345 5450 ,
3374 5385 3548 5440 efft-cit
3580 5388 3650 5442 ita

2090 5469 2309 5537 loquens
2340 5485 2353 5520 :
2384 5467 2467 5521 Ne
2488 5469 2716 5522 concidat
2741 5485 2828 5524 cor
2851 5470 3040 5524 domini
3065 5472 3161 5525 mei
3187 5472 3239 5524 in
3262 5473 3390 5541 ipso,
3417 5476 3652 5543 quoniam

2088 5573 2255 5611 servus
2282 5568 2393 5611 tuus
2417 5558 2503 5610 ibit
2525 5597 2539 5623 ,
2570 5559 2901 5627 pugnabitque
2924 5574 3037 5611 cum
3060 5559 3337 5629 alienigena
3366 5562 3457 5613 hoc
3490 5562 3650 5628 (Ibid.

2092 5661 2133 5697 v.
2162 5646 2277 5714 5'2).
2311 5646 2499 5712 Quaeso
2526 5687 2540 5710 ,
2571 5662 2694 5699 num
2727 5647 2825 5701 hoc
2873 5662 3088 5716 parvum
3127 5648 3349 5714 videtur,
3380 5650 3518 5705 nulla
3557 5666 3652 5706 no-
