4094 6256
447 386 547 445 G70

367 527 370 529 λ
433 506 687 563 ,gossitate
726 494 1055 564 compulsum
1079 530 1094 555 ,
1125 504 1272 545 suam
1299 489 1462 557 ipsius
1479 486 1643 540 vitam
1672 484 1897 554 prodere
1921 523 1935 547 ,
1969 491 2024 536 et

442 596 496 648 in
535 603 718 646 eorum
749 584 1020 638 utilitatem
1051 595 1080 634 a
1102 580 1292 649 quibus
1321 577 1452 632 nihil
1469 590 1714 645 umquam
1743 581 2022 642 acceperat

441 682 452 728 Υ
481 677 685 734 euel‘tcii
711 716 726 738 ,
759 675 809 726 in
835 673 1037 727 medios
1062 670 1244 727 hostes
1263 668 1505 730 irruere?
1528 668 1720 721 Annon
1751 681 1846 735 par
1871 672 2019 727 erat,

443 778 587 828 hunc
623 773 740 834 post
779 762 881 816 tale
906 759 1110 815 facinus
1137 767 1324 815 ornato
1354 756 1506 811 titulo
1527 755 1728 810 domini
1757 753 2021 810 columnis

454 859 726 924 inscripto,
754 863 808 909 et
838 841 1100 922 publicum
1124 851 1349 904 civitatis
1376 857 1702 904 servatorem
1727 846 2018 916 appellare,

448 951 535 1020 qui
574 957 626 1003 et
654 946 800 1016 regni
849 945 1028 1007 decus,
1059 951 1114 996 et
1141 943 1411 1002 civitatum
1435 939 1798 1003 fundamenta,
1824 945 1879 991 et
1901 951 2024 990 om-

448 1041 590 1095 nium
622 1038 781 1099 vitam
810 1035 1097 1104 Opitulante
1122 1033 1215 1086 Dei
1244 1032 1410 1100 gratia
1438 1029 1699 1083 servarit?
1727 1026 1877 1094 Quod
1905 1041 2024 1082 esse

450 1136 653 1196 poterat
681 1125 819 1178 aliud
869 1123 1185 1179 beneficium
1211 1121 1312 1174 hoc
1343 1119 1551 1187 majus?
1576 1117 1759 1186 Neque
1785 1117 1925 1170 enim
1968 1117 2022 1170 in

451 1219 668 1286 gloriam
699 1225 785 1274 aut
807 1213 1094 1283 potentiam
1117 1253 1134 1280 ,
1164 1211 1258 1274 sed
1287 1213 1335 1263 in
1364 1211 1530 1277 ipsam
1555 1208 1719 1277 ipsius
1747 1207 1907 1260 vitam
1935 1207 2022 1268 be~

452 1308 694 1364 nelieium
724 1304 824 1358 hoc
846 1303 1101 1366 contulit,
1137 1311 1190 1355 et
1209 1301 1275 1354 ab
1308 1300 1434 1368 ipsis
1466 1299 1651 1353 mortis
1679 1298 1844 1366 portis
1865 1311 2023 1350 revo-

449 1400 587 1453 Cavit
619 1414 632 1449 :
666 1397 840 1464 itaque
865 1394 909 1447 si
936 1393 1221 1446 humanum
1243 1391 1454 1460 quidem
1477 1389 1767 1444 subsidium
1792 1398 2022 1457 spectes,

453 1488 589 1541 illius
625 1484 882 1554 beneficio
908 1482 1101 1537 deinde
1130 1481 1256 1542 visit
1277 1496 1367 1533 rex
1388 1521 1402 1544 ,
1431 1493 1491 1535 ac
1514 1478 1858 1547 principatum
1907 1493 2022 1538 ser-

456 1580 619 1631 vavit.
655 1577 717 1628 Et
747 1583 925 1643 postea
950 1616 965 1640 ,
993 1589 1148 1643 quam
1181 1573 1252 1628 illi
1282 1571 1514 1640 reposuit
1537 1569 1794 1639 gratiam?
1829 1569 1959 1623 Nam
1983 1571 2024 1622 si

452 1667 570 1736 quis
617 1664 908 1735 perpendat
946 1663 1198 1732 prrrclare
1237 1671 1506 1730 gestorum
1563 1659 1974 1728 magnitudinem
2007 1699 2022 1723 ,

454 1758 659 1816 etiamsi
686 1773 776 1811 rex
815 1771 844 1809 a
883 1771 978 1812 suo
1008 1756 1179 1823 capite
1227 1755 1514 1809 detractam
1542 1767 1790 1808 coronam
1819 1752 2028 1805 Davidis

453 1848 611 1918 capiti
649 1847 1016 1915 imposuisset,
1057 1860 1340 1913 numquam
1392 1859 1569 1912 parem
1610 1843 1876 1897 retulisset
1909 1857 2028 1912 gra-

455 1939 602 2000 tiam,
632 1936 722 1990 sed
749 1935 1058 2004 ampliorem
1080 1935 1367 1989 debuisset.
1397 1934 1491 1988 Hic
1530 1934 1669 1987 enim
1707 1943 1762 1988 et
1793 1933 1948 1986 vitam
1976 1941 2030 1986 et

454 2042 675 2096 regnum
716 2025 792 2080 illi
832 2019 1085 2092 donavit,
1119 2024 1204 2087 ille
1244 2039 1372 2081 vero
1414 2023 1538 2082 huic
1581 2038 1799 2092 regnum
1825 2030 2029 2080 tantum

453 2129 568 2178 erat
617 2131 882 2173 cessurus.
922 2114 1300 2174 Verumtamen
1351 2113 1749 2168 consideremus
1809 2113 2028 2166 relatam

456 2227 555 2282 pro
620 2209 910 2271 benefactis
969 2206 1213 2276 gratiam.
1275 2206 1404 2272 Qum
1472 2205 1683 2259 tandem
1737 2213 1851 2259 erat
1903 2203 2031 2258 illa?

458 2303 534 2357 De
557 2310 749 2365 caetero
773 2308 827 2354 et
853 2298 922 2360 ab
960 2298 1048 2352 illo
1073 2297 1159 2351 die
1198 2303 1498 2366 suspectum
1537 2295 1720 2350 habuit
1754 2294 1916 2350 David
1936 2336 1950 2360 ,
1979 2303 2034 2350 et

457 2394 525 2448 ab
562 2392 651 2446 illo
699 2389 886 2444 metuit
933 2387 1052 2443 sibi.
1089 2386 1196 2441 Cur
1224 2397 1277 2442 et
1312 2401 1467 2456 quam
1510 2385 1578 2440 ob
1624 2386 1873 2440 causam?
1901 2383 2032 2438 Nam

456 2493 512 2540 et
585 2481 900 2551 suspicionis
967 2493 1122 2534 causa
1184 2477 1644 2532 conunemoranda
1701 2485 1800 2532 est.
1856 2476 2034 2545 Neque

454 2573 596 2630 enim
623 2569 873 2640 quidquid
905 2567 1091 2637 aliquis
1111 2566 1319 2630 dixerit,
1347 2565 1484 2620 idem
1509 2580 1628 2620 esse
1651 2566 1852 2634 justum
1881 2565 2031 2620 affir-

458 2663 640 2718 mabit.
673 2658 803 2715 Nam
827 2674 949 2729 erga
978 2672 1098 2712 eum
1117 2658 1206 2727 qui
1237 2656 1465 2713 animam
1491 2657 1766 2725 impendit,
1790 2666 1844 2711 et
1873 2658 2033 2710 vitam

457 2754 601 2820 dedit
625 2794 640 2819 ,
671 2768 788 2821 quae
814 2757 1019 2820 poterat
1039 2763 1157 2802 esse
1178 2748 1318 2816 justa
1359 2746 1676 2818 suapicionis
1705 2747 1902 2802 causa?
1932 2747 2034 2802 Sed

459 2857 634 2899 tamen
673 2845 840 2911 ipsam
865 2839 1154 2894 inimicitia:
1180 2851 1397 2892 causam
1426 2837 1767 2904 inspiciamus
1788 2877 1803 2901 ,
1836 2847 1893 2889 ut
1936 2836 2037 2890 ali-

459 2935 585 3004 quid
637 2931 885 2994 diseatis,
927 2928 1066 3000 quod
1119 2942 1219 2982 nec
1263 2928 1372 2996 ipsa
1414 2924 1633 2981 victoria
1671 2926 1738 2980 sit
1775 2925 1991 2982 inferius
2019 2942 2039 2979 :

459 3024 703 3094 quodque
734 3019 894 3075 David
933 3019 1006 3076 sit
1033 3018 1234 3073 honore
1259 3017 1449 3087 dignus
1476 3017 1544 3070 ob
1569 3031 1630 3070 ea
1659 3017 1790 3086 ipsa,
1819 3027 2035 3086 propter

460 3133 577 3186 qua:
602 3115 850 3181 deinceps
875 3112 1019 3167 venit
1043 3112 1095 3166 in
1120 3110 1475 3180 suspieiOuem
1502 3152 1518 3176 ,
1548 3109 1753 3164 insidiis
1777 3111 2040 3181 appetitus

461 3217 560 3263 cst.
611 3205 738 3273 Quae
787 3205 944 3274 igitur
985 3209 1102 3257 erat
1148 3200 1465 3270 suspicionis
1515 3200 1713 3254 causa?
1756 3199 2038 3269 Postquam

468 3299 676 3351 barbari
708 3298 847 3350 illius
869 3302 1028 3363 caput
1064 3289 1304 3359 abstulit,
1327 3302 1381 3347 et
1407 3291 1575 3361 spolia
1601 3299 1811 3362 gestans
1840 3294 1995 3348 rediit
2023 3309 2037 3352 :

467 3387 752 3450 Exierunt,
786 3384 984 3455 inquit,
1017 3383 1248 3436 mulieres
1273 3390 1503 3436 canentes
1526 3398 1585 3435 ac
1624 3381 1839 3436 dicentes
1867 3399 1885 3435 :
1919 3382 2042 3437 Per-

465 3480 616 3539 cussit
644 3476 773 3533 Satil
795 3477 847 3529 in
874 3475 1091 3528 millibus
1140 3474 1242 3528 suis
1258 3515 1273 3540 ,
1298 3482 1342 3527 et
1361 3473 1528 3526 David
1561 3475 1614 3527 in
1639 3475 1806 3528 decem
1827 3475 2044 3528 millibus

467 3570 590 3633 suis.
617 3566 681 3620 Et
702 3570 859 3619 iratus
881 3575 950 3618 est
979 3562 1130 3632 Satil,
1152 3572 1198 3617 et
1217 3571 1499 3634 suspectum
1523 3562 1698 3616 habuit
1721 3563 1884 3617 David
1907 3564 1967 3618 ab
1987 3581 2043 3618 eo

467 3659 548 3715 die
572 3674 631 3710 ac
656 3657 887 3724 deinceps
912 3657 990 3725 (1.
1025 3654 1150 3726 Reg.
1177 3655 1260 3710 18.
1291 3654 1444 3725 6-9).
1476 3654 1636 3724 Cujus
1682 3655 1905 3710 obsecro
1924 3697 1939 3722 ,
1967 3655 2043 3711 rei

467 3748 659 3819 gratia?
685 3746 907 3802 Etiamsi
951 3747 1064 3801 haec
1113 3756 1311 3816 prater
1335 3747 1580 3802 meritum
1611 3747 1840 3802 fuissent
1865 3747 2004 3802 dicta
2025 3791 2040 3815 ,

468 3855 536 3894 ne
563 3841 638 3894 sic
654 3839 864 3909 quidem
887 3837 1162 3906 oportebat
1192 3837 1439 3892 hostilem
1483 3838 1534 3890 iu
1578 3838 1828 3892 Davidem
1856 3852 2045 3908 gerere

469 3933 702 3985 animum
735 3949 748 3984 :
774 3930 866 3984 sed
891 3937 1162 3999 postquam
1184 3944 1250 3984 ex
1286 3929 1444 3984 rebus
1479 3929 1642 3999 gestis
1671 3929 1806 3983 illius
1832 3943 1954 3999 erga
1987 3943 2045 3983 se

445 4015 888 4077 benevolentiam
916 4020 1144 4074 habebat
1167 4028 1494 4088 compertam
1515 4059 1532 4085 ,
1563 4021 1757 4089 quippe
1785 4021 1874 4089 qui
1899 4019 2044 4074 nullo

471 4123 690 4185 cogente
734 4122 824 4167 aut
858 4113 1243 4181 compellente,
1282 4121 1469 4180 suapte
1513 4111 1881 4166 benevolentia
1932 4119 2046 4170 tan-

473 4217 584 4276 tum
631 4207 860 4261 subisset
908 4205 1262 4269 discriminis,
1312 4218 1416 4258 nou
1469 4203 1748 4270 oportebat
1797 4203 2047 4271 deinceps

475 4298 760 4368 quidquam
805 4296 871 4349 de
912 4296 1005 4348 illo
1051 4293 1305 4363 suspicari
1355 4292 1497 4345 mali.
1527 4291 1675 4345 Nune
1723 4302 1895 4346 autem
1928 4292 2048 4361 jure

475 4389 660 4444 laudes
693 4385 1096 4455 proferebantur
1121 4400 1134 4446 ;
1165 4392 1220 4438 et
1245 4382 1289 4436 si
1333 4381 1412 4438 fas
1441 4391 1522 4436 est
1545 4397 1664 4436 vera
1694 4382 1966 4450 proloqui,
1995 4381 2047 4436 in

477 4479 653 4535 Saulis
681 4478 899 4548 gratiam
922 4478 1006 4530 illa
1026 4477 1162 4530 dicta
1189 4484 1312 4529 sunt
1338 4476 1531 4544 potius,
1553 4489 1708 4543 quam
1732 4473 1783 4526 iu
1819 4474 2049 4540 Davidis;

479 4572 707 4628 debebat
752 4578 926 4623 autem
972 4569 1101 4621 satis
1148 4567 1380 4627 habere,
1432 4566 1574 4635 quod
1618 4566 1690 4620 illi
1746 4566 2054 4620 tribuissent

480 4663 646 4722 mille.
679 4659 784 4716 Cur
811 4660 969 4730 igitur
995 4659 1295 4729 indignatus
1318 4667 1430 4722 est,
1462 4657 1602 4726 quod
1640 4656 1822 4711 Davidi
1850 4657 2050 4712 tribue-

477 4757 584 4810 rint
611 4755 792 4810 decem
815 4753 1009 4807 millia?
1032 4751 1237 4822 Etenim
1259 4750 1305 4805 si
1332 4764 1423 4804 res
1445 4749 1510 4807 ad
1537 4748 1734 4804 bellum
1764 4747 2051 4803 ﬁniendum

479 4848 560 4902 vel
588 4846 855 4916 paululum
878 4843 1075 4913 aliquid
1105 4841 1721 4903 momenticontulisset,
1757 4849 1901 4895 recte
1940 4849 2049 4893 tum

479 4937 676 4992 dictum
701 4935 905 5001 fuisset,
935 4933 1064 4989 Snitl
1087 4933 1140 4986 in
1162 4931 1410 4992 millibus.
1434 4929 1602 4983 David
1635 4930 1878 4984 indecent
1903 4931 2054 4983 milli-

478 5029 590 5082 bus.
623 5026 774 5094 Quod
826 5027 870 5079 si
913 5026 1024 5093 ipse
1060 5024 1273 5094 quidem
1307 5023 1526 5093 pavidus
1562 5037 1626 5077 ac
1655 5031 1887 5078 tremens
1910 5023 2054 5078 domi

481 5117 722 5182 desedit,
757 5116 808 5169 in
836 5115 1074 5184 singulos
1099 5113 1210 5168 dies
1233 5123 1455 5168 mortem
1479 5123 1821 5181 exspectans,
1851 5113 1937 5168 hic
1956 5129 2053 5166 au-

479 5218 587 5266 tem
611 5219 776 5264 totum
820 5206 1024 5263 facinus
1066 5205 1266 5274 peregit
1296 5221 1310 5257 :
1340 5219 1517 5257 annon
1561 5205 1846 5259 absurdum
1898 5213 2015 5259 erat
2040 5247 2052 5267 ,

478 5315 598 5355 eum
614 5300 700 5369 qui
729 5297 861 5354 nihil
885 5296 951 5350 ad
973 5295 1282 5365 depellenda
1306 5295 1535 5362 pericula
1558 5296 1887 5361 contulerat,
1911 5296 1978 5348 ob
2002 5297 2052 5349 id

481 5389 762 5461 indignari,
788 5387 926 5457 quod
955 5402 1057 5442 non
1084 5386 1202 5455 plus
1228 5385 1398 5439 laudis
1428 5385 1676 5440 tulisset?
1697 5385 1826 5440 Nam
1856 5386 1900 5440 si
1927 5385 2054 5440 indi-

478 5479 744 5552 gnandum
765 5488 900 5542 erat,
931 5475 1179 5532 Dav-idem
1208 5476 1381 5545 potius
1398 5475 1748 5530 conveniebat
1768 5475 2053 5546 indignari,

479 5572 620 5651 quod
667 5585 788 5627 cum
834 5569 980 5626 solus
1033 5576 1198 5623 totum
1236 5567 1514 5639 gessisset,
1564 5566 1787 5621 alterum
1835 5566 2054 5622 haberet

481 5660 654 5728 laudis
674 5660 1002 5729 participem.

553 5749 604 5802 5.
643 5748 747 5804 Sed
778 5749 966 5814 horum
993 5748 1122 5803 nihil
1147 5747 1270 5803 dico
1292 5765 1304 5801 :
1327 5762 1510 5804 verum
1533 5746 1663 5816 illud
1684 5746 1913 5814 dixerim
1950 5767 1960 5801 :
1998 5759 2054 5805 ut

1196 377 1253 432 Β.
1283 374 1556 432 JOANNIS
1591 369 2065 428 CHRYSOSTOMI
2102 369 2416 426 ARCﬂlEP.
2446 371 2976 430 CONSTANTINOP.

3591 386 3695 442 680

2131 481 2391 538 donemus
2416 500 2521 538 non
2548 495 2691 540 recte
2713 485 2899 540 fecisse
2921 487 3187 556 mulieres,
3209 505 3406 562 easque
3423 492 3585 552 fuisse
3601 498 3704 552 cri-

2131 573 2258 625 mini
2285 573 2561 637 obnoxias,
2606 584 2660 629 et
2688 577 3023 632 accusatione
3047 576 3254 648 dignas,
3298 581 3426 650 quid
3478 582 3591 640 hmo
3639 586 3703 640 ad

2130 663 2417 716 Davidcm‘!
2454 663 2633 733 Neque
2658 667 2798 719 enim
2831 667 2943 736 ipse
2972 678 3345 737 composuerat
3369 675 3666 728 cantionem
3685 711 3705 741 ,

2129 753 2423 821 nequeillis
2443 763 2703 822 snaserat,
2737 765 2794 809 ut
2825 756 3064 811 dicerent
3087 773 3205 826 qua:
3233 759 3502 828 dicebant,
3535 779 3707 834 neque

2129 842 2409 896 adornarat
2441 844 2590 898 illum
2626 845 2944 900 laudationis
2973 847 3210 904 modum.
3237 849 3469 907 Proinde
3495 853 3703 907 etiarnsi

2130 933 2507 1002 indignandum
2536 944 2671 1001 erat,
2695 938 3000 992 mulieribus
3025 942 3261 1009 oportuit
3289 941 3570 1012 indignari,
3600 961 3708 1002 non

2131 1022 2199 1080 de
2228 1025 2385 1079 civile
2413 1026 2761 1090 benemerito,
2794 1038 2848 1082 et
2889 1029 3107 1083 infinitis
3153 1029 3314 1100 digno
3343 1035 3578 1088 coronis.
3636 1037 3703 1089 At

2127 1116 2255 1174 Saftl
2283 1119 2493 1172 omissis
2515 1119 2622 1173 illis
2651 1121 2703 1173 in
2732 1120 2893 1174 David
2922 1122 3264 1179 irascebatur.
3288 1123 3406 1178 Jam
3427 1125 3472 1180 si
3497 1140 3560 1179 ea
3588 1127 3706 1180 lau-

2128 1208 2196 1263 de
2225 1211 2465 1264 sublatus
2491 1211 2577 1264 ille
2597 1212 2782 1265 beatus
2807 1211 3082 1266 invidisset
3109 1227 3286 1268 rerum
3304 1215 3542 1283 potienti,
3572 1215 3704 1270 fuis-

2128 1311 2313 1369 setque
2355 1300 2453 1369 ipsi
2479 1302 2914 1364 contumeliosus,
2958 1310 3012 1355 et
3040 1312 3356 1371 aspernatus
3382 1303 3569 1359 fuisset
3591 1305 3709 1374 ejus

2131 1389 2446 1458 imperium,
2496 1390 2717 1447 forsitan
2763 1391 2935 1458 aliqua
2966 1390 3152 1444 fuisset
3198 1392 3463 1446 invidendi
3500 1408 3656 1447 causa
3689 1405 3707 1458 ξ

2129 1486 2183 1532 at
2211 1480 2256 1534 si
2287 1479 2454 1533 factus
2476 1479 2570 1533 fuit
2599 1479 2878 1534 humanior
2903 1496 2966 1535 ac
2992 1481 3323 1550 modestior,
3350 1483 3395 1537 si
3427 1485 3478 1537 in
3524 1484 3709 1537 subdi-

2131 1579 2304 1624 torum
2332 1572 2518 1625 ordine
2565 1586 2624 1625 se
2650 1572 2911 1626 continuit
2935 1614 2950 1638 ,
3005 1588 3124 1642 qua:
3162 1573 3374 1629 tandem
3414 1584 3528 1630 erat
3562 1577 3704 1644 just:

2129 1659 2343 1715 dolendi
2372 1676 2530 1715 causa
2552 1661 2577 1715 ?
2604 1661 2871 1730 Siquidem
2894 1677 3013 1716 cum
3043 1665 3087 1717 is
3111 1665 3198 1731 qui
3228 1666 3429 1720 honore
3455 1667 3704 1732 afficitur,

2129 1753 2384 1806 attollitur
2401 1753 2653 1808 adversus
2670 1769 2790 1809 eum
2807 1769 2837 1808 a
2853 1769 2958 1825 quo
2980 1764 3258 1825 provectus
3277 1766 3378 1826 est,
3397 1773 3495 1813 nec
3512 1758 3706 1816 desinit

2128 1844 2182 1899 in
2200 1845 2336 1898 illius
2356 1853 2713 1914 contemptum
2731 1844 3107 1905 honoreabuti,
3132 1847 3289 1906 habet
3305 1848 3458 1902 dolor
3481 1851 3708 1904 nonnul-

2128 1934 2231 1989 lam
2249 1936 2638 1991 excusationem
2660 1955 2673 1989 :
2695 1945 2944 1991 casterum
2961 1937 3050 1992 ubi
3072 1939 3304 2006 persistit
3319 1939 3371 1994 in
3396 1940 3708 1998 honoranda

2131 2027 2276 2080 illum
2301 2065 2317 2092 ,
2349 2037 2440 2080 aut
2465 2027 2640 2094 potius
2667 2026 2834 2096 magis
2862 2027 3190 2096 obsequitur,
3217 2029 3459 2098 ceditque
3499 2030 3552 2083 in
3583 2044 3702 2084 om-

2133 2119 2307 2183 nibus,
2334 2134 2489 2188 quem
2514 2129 2692 2186 postea
2717 2127 2888 2186 potest
2905 2117 3100 2173 habere
3126 2128 3444 2188 praetextum
3470 2119 3704 2174 invidia?

2203 2207 2325 2261 Non
2353 2206 2558 2273 e/Tertur
2575 2207 2742 2261 David
2757 2208 2818 2261 ob
2842 2224 3134 2278 prosperum
3153 2208 3705 2276 successum—Itaque

2132 2298 2338 2353 etiamsi
2381 2297 2510 2350 nihil
2537 2297 2679 2351 aliud
2717 2298 2966 2366 praeclare
2990 2306 3195 2368 gestum
3227 2297 3444 2364 fuisset,
3493 2299 3560 2352 ob
3603 2299 3707 2352 hoc

2133 2387 2304 2457 ipsum
2336 2396 2510 2441 tamen
2539 2387 2704 2457 magis
2729 2395 2845 2440 erat
2861 2386 3175 2456 diligendus,
3206 2386 3344 2456 quod
3365 2403 3483 2442 cum
3509 2397 3707 2441 tantam

2134 2486 2321 2532 nactus
2348 2485 2490 2532 esset
2513 2477 2848 2530 occasionem
2878 2475 3170 2546 occupandi
3197 2477 3364 2546 regni,
3419 2477 3706 2546 perstiterit

2135 2569 2186 2623 in
2215 2583 2308 2623 sua
2338 2567 2617 2622 modestia.
2646 2567 2829 2636 Neque
2875 2568 3015 2621 enim
3045 2583 3162 2636 qua:
3192 2568 3335 2636 prius
3384 2577 3532 2637 gesta
3579 2578 3703 2622 sunt

2137 2667 2360 2722 tantum,
2387 2673 2570 2713 verum
2599 2673 2698 2712 nec
2721 2673 2781 2712 ea
2810 2673 2928 2728 qua:
2954 2667 3274 2727 consequuta
3301 2667 3448 2722 sunt,
3473 2660 3712 2728 superio-

2136 2749 2285 2803 ribus
2304 2748 2408 2802 illis
2434 2749 2600 2802 multo
2627 2749 2980 2817 praeclariora,
3003 2749 3332 2804 sustulerunt
3375 2749 3451 2804 illi
3479 2749 3705 2803 animos.

2137 2836 2264 2904 Qua}
2293 2838 2505 2894 tandem
2537 2838 2661 2892 illa?
2686 2836 2835 2904 Erat,
2866 2839 3057 2908 inquit,
3082 2838 3246 2893 David
3268 2839 3487 2916 prudens
3510 2840 3566 2892 in
3600 2856 3710 2892 om-

2107 2944 2109 2946 ·
2138 2925 2281 2980 nibus
2306 2927 2397 2981 viis
2418 2929 2542 2989 suis,
2563 2938 2606 2979 et
2637 2925 2883 2980 Dominus
2899 2929 3210 2996 omnipotens
3226 2937 3333 2981 erat
3359 2944 3474 2981 cum
3496 2944 3575 2994 co,
3597 2929 3714 2982 uni-

2115 3035 2409 3088 versusque
2435 3017 2605 3072 Israel
2626 3028 2672 3072 et
2707 3017 2742 3071 ,Ι
2748 3019 2846 3071 uda
2875 3018 3112 3089 diligebat
3133 3018 3324 3086 David,
3343 3020 3592 3090 quoniam
3606 3021 3713 3089 ipse

2140 3110 2508 3180 ingrediebatur
2549 3119 2595 3162 et
2623 3109 2963 3179 egrediebatur
3003 3117 3119 3162 ante
3154 3119 3470 3178 conspectum
3510 3110 3707 3178 pepuli.

2141 3200 2211 3257 Et
2229 3201 2450 3255 Melchol
2467 3200 2575 3267 ﬁlia
2594 3200 2742 3266 Satil,
2760 3208 2814 3254 et
2829 3199 3104 3254 universus
3121 3198 3278 3254 israel
3296 3199 3532 3269 diligebat
3547 3200 3708 3252 illum.

2143 3291 2211 3346 Et
2232 3292 2453 3362 sapiebat
2469 3307 2625 3362 supra
2646 3300 2816 3346 omnes
2833 3307 2998 3345 servos
3021 3291 3173 3355 Sat'tl;
3190 3299 3236 3344 et
3261 3289 3598 3344 honorabatur
3618 3307 3710 3344 no—

2144 3402 2254 3439 men
2276 3385 2413 3438 illius
2436 3383 2669 3454 valde“.
2692 3383 2816 3452 Reg.
2838 3383 2924 3438 18.
2946 3382 3126 3438 ΗΑΒ.
3144 3382 3234 3436 20.
3253 3381 3364 3452 30).
3388 3381 3451 3434 Et
3465 3380 3714 3434 Jonathas

2144 3477 2279 3544 ﬁlius
2306 3476 2434 3530 Saftl
2463 3474 2697 3544 diligebat
2727 3473 2889 3527 David
2909 3474 3215 3528 vehementer
3243 3473 3323 3543 (1,
3349 3473 3474 3544 Reg.
3508 3473 3595 3527 13.
3625 3471 3708 3540 2).

2143 3565 2519 3621 Verumtamen
2548 3579 2667 3620 cum
2699 3565 3004 3621 universum
3029 3563 3284 3634 populum
3308 3578 3371 3618 ac
3397 3563 3536 3632 regis
3561 3561 3713 3615 fami-

2145 3658 2269 3712 liam
2317 3657 2416 3711 sibi
2449 3657 2780 3711 conciliatam
2809 3656 3050 3723 haberet,
3079 3669 3199 3710 cum
3243 3654 3437 3724 ubique
3472 3658 3522 3706 in
3563 3652 3718 3707 bellis

2145 3752 2401 3814 vinceret,
2427 3762 2524 3802 nec
2549 3763 2795 3817 umquam
2825 3748 3166 3803 frustraretur
3190 3761 3458 3812 successu,
3491 3760 3717 3814 cumque

2149 3856 2244 3911 pro
2287 3843 2424 3896 bene
2447 3841 2611 3910 gestis
2637 3839 2796 3894 rebus
2837 3839 2942 3893 illis
2993 3839 3149 3894 talem
3179 3847 3404 3909 gratiam
3437 3836 3715 3904 reciperet,

2149 3950 2253 3989 non
2279 3936 2448 3988 erexit
2467 3933 2750 4000 cervicem,
2779 3947 2878 3988 nec
2899 3947 3118 4002 regnum
3160 3930 3441 3994 affectavit,
3475 3944 3571 3983 nec
3624 3929 3718 3981 ho~

2148 4035 2284 4081 stem
2307 4025 2451 4080 ultus
2479 4033 2582 4091 est,
2623 4025 2720 4079 sed
2744 4024 3111 4092 perseveravit
3135 4024 3186 4076 in
3217 4020 3616 4083 bellefaCiendt),
3669 4030 3721 4072 et

2151 4117 2208 4171 in
2236 4115 2388 4169 bellis
2417 4129 2513 4184 pro
2539 4129 2662 4183 rege
2703 4113 2924 4168 feliciter
2949 4114 3214 4184 gerendis.
3239 4113 3366 4180 Quis
3396 4122 3477 4166 est
3505 4123 3609 4164 tam
3639 4109 3720 4165 ef—

2151 4206 2347 4261 feratus
2376 4215 2430 4259 et
2457 4204 2708 4270 crudelis,
2739 4203 2823 4259 cui
2872 4205 2972 4258 ista
3013 4220 3117 4258 non
3148 4203 3343 4258 fuerint
3385 4217 3718 4272 persuasum,

2151 4306 2210 4350 ut
2239 4296 2566 4349 inimicitiam
2593 4294 2918 4364 deponeret,
2963 4304 3019 4350 et
3060 4294 3315 4349 invidiam
3343 4293 3625 4361 abjiceret?
3653 4293 3723 4345 At

2152 4386 2424 4442 crudelem
2441 4385 2584 4440 illum
2612 4393 2666 4439 et
2692 4385 3036 4447 inhumanum
3063 4384 3190 4439 nihil
3217 4383 3404 4438 horum
3433 4383 3606 4445 ﬂexit;
3630 4381 3723 4436 sed

2152 4479 2219 4534 ad
2242 4478 2358 4533 hate
2383 4478 2559 4532 omnia
2589 4492 2784 4544 creetis,
2806 4488 2860 4532 et
2887 4477 3098 4532 invidia:
3120 4477 3350 4542 deditus,
3389 4485 3611 4529 c0natus
3643 4481 3727 4527 est

2154 4570 2301 4624 illum
2341 4585 2371 4624 e
2408 4569 2584 4624 medio
2615 4569 2836 4624 tollere:
2869 4579 2923 4624 et
2969 4568 3096 4638 quid
3137 4569 3360 4624 obsecro
3407 4566 3727 4620 facientem?

2156 4660 2174 4730 (
2206 4675 2326 4713 nam
2374 4660 2425 4714 id
2457 4661 2624 4730 majus
2647 4670 2730 4716 est
2756 4675 2820 4715 ac
2844 4660 3218 4730 stupendum,)
3241 4669 3517 4714 canentem
3565 4659 3726 4713 citha-

2155 4769 2235 4816 ra,
2265 4762 2318 4810 et
2345 4753 2509 4822 ipsius
2534 4755 2794 4809 insaniam
2819 4753 3115 4808 sedantem.
3147 4751 3335 4816 David,
3367 4752 3554 4819 inquit,
3585 4751 3724 4819 psal-

2157 4843 2287 4898 lebat
2312 4860 2466 4897 manu
2486 4860 2582 4898 sua
2595 4844 2814 4914 quotidie
2834 4861 2852 4896 :
2873 4852 2919 4897 et
2945 4844 3092 4898 hasta
3113 4845 3165 4896 in
3185 4860 3335 4897 manu
3351 4841 3483 4897 Saul
3505 4858 3594 4895 :ac
3618 4859 3727 4894 sus-

2156 4933 2267 4986 tulit
2313 4932 2446 4989 Satil
2481 4933 2725 4999 lanceam,
2774 4934 3031 5004 dixitque,
3071 4931 3295 5003 lnﬁgant
3341 4934 3396 4986 in
3440 4931 3643 4996 David;
3686 4939 3732 4985 et

2158 5023 2269 5089 ﬁxit
2315 5023 2368 5075 in
2412 5024 2650 5093 parietem
2694 5039 2712 5076 :
2749 5033 2795 5077 et
2842 5024 3105 5078 declinavit
3148 5022 3317 5077 David
3358 5040 3391 5077 tt
3444 5023 3571 5090 {acie
3621 5024 3731 5092 ejus

2159 5113 2232 5166 bis
2288 5113 2444 5183 (Ibid.
2493 5130 2536 5168 υ.
2585 5116 2697 5183 11).
2737 5115 2986 5170 Potestne
3026 5115 3148 5172 huic
3183 5115 3397 5170 malitiai
3445 5115 3730 5183 quidquam

2158 5201 2413 5274 adjungi?
2461 5203 2555 5258 illa
2587 5203 2723 5258 forte
2769 5220 2887 5273 qua:
2933 5214 3056 5274 post
3098 5205 3423 5274 subsequuta
3460 5217 3600 5258 sunt.
3631 5203 3732 5268 Qui

2161 5307 2328 5361 nuper
2355 5292 2540 5347 hostes
2565 5294 2834 5364 abegerat,
2867 5309 2964 5361 per
2987 5309 3145 5362 quem
3185 5296 3374 5351 civitas
3407 5297 3514 5352 sibi
3561 5294 3736 5351 fuerat

2161 5383 2387 5446 reddita,
2420 5383 2624 5438 cunctis
2658 5398 2754 5452 pro
2784 5384 2998 5438 victoria
3027 5386 3268 5439 victimas
3297 5386 3695 5441 immolantibus
3723 5405 3736 5440 :

2158 5473 2280 5528 Saftl
2313 5473 2607 5529 beneficmn
2656 5481 2712 5528 et
2747 5480 3102 5539 servatorem,
3124 5489 3187 5530 ac
3227 5474 3488 5530 bonorum
3525 5476 3736 5530 illorum

2158 5577 2429 5620 auctorem
2473 5575 2693 5620 conatus
2735 5574 2817 5618 est
2858 5566 3156 5620 interficere
3187 5567 3498 5633 psallentem
3532 5583 3544 5619 :
3577 5583 3640 5621 ac
3670 5583 3739 5623 ne

2160 5655 2534 5710 beneficiorum
2557 5653 2767 5723 quidem
2807 5655 3062 5708 memoria
3092 5653 3354 5710 furentem
3383 5656 3530 5712 illum
3554 5673 3615 5710 nr,
3642 5657 3739 5710 de-

2159 5747 2398 5815 lirantem
2428 5747 2680 5814 coercuit,
2712 5746 2804 5803 sed
2834 5747 2997 5802 semel
3028 5755 3082 5804 et
3102 5749 3182 5804 bis
3209 5751 3363 5815 torsit
3378 5751 3429 5806 in
3463 5753 3604 5812 illum
3632 5753 3736 5808 lare
