4094 6256
349 343 451 398 6'19

342 458 442 527 τὴν
464 453 640 525 ψυχὴν
666 449 945 505 ἐπιδοῦναι
975 453 1076 523 τὴν
1111 451 1328 504 ἐαυτοῦ.
1365 452 1459 505 καὶ
1486 451 1624 523 ὑπὲρ
1653 452 1751 520 τῆς
1786 452 1927 505 ἐκεί-

342 555 450 592 νων
504 534 775 604 ὠφελείας
805 535 886 596 είς
925 534 1125 604 μέσους
1159 532 1398 604 πηδῆσαι
1434 535 1560 597 τοὺς
1612 534 1922 604 πολεμίους,

346 620 509 690 μηδὲν
540 617 806 688 μηδέποτε
856 618 988 684 παρ’
1023 615 1204 675 αὐτῶν
1251 611 1310 667 εὖ
1351 614 1622 680 παθόντα;
1644 611 1790 687 Ἀρα
1824 616 1926 668 οὐκ

343 703 448 756 ἔδει
492 701 654 754 αὐτὸν
696 700 833 770 μετὰ
864 698 1037 752 ταῦτα
1067 698 1332 768 δεσπότην
1369 698 1796 768 ἐπιγράφεσθαι,
1828 698 1926 752 καὶ

344 786 562 856 σωτῆρα
590 784 768 838 κοινὸν
799 783 900 852 τῆς
939 781 1146 845 πόλεως
1191 781 1564 850 ἀναγορεύειν,
1597 783 1688 835 τὸν
1736 781 1828 835 καὶ
1863 781 1925 834 τὸ

342 868 526 939 σχῆμα
571 867 672 936 τῆς
713 865 1005 936 βασιλείας,
1057 865 1151 922 καὶ
1196 865 1256 916 τὺ
1287 865 1398 918 τῶν
1441 865 1648 918 πόλεων
1691 863 1920 933 ἔδαφος,

342 953 436 1003 καὶ
478 951 576 1020 τὴν
624 947 881 1003 ἀπάντων
925 945 1070 1017 ζωὴν
1128 946 1263 1018 μετὰ
1299 948 1401 1019 τὴν
1446 948 1542 1001 τοῦ
1580 947 1714 1000 Θεοῦ
1763 947 1922 1017 χάριν

340 1033 776 1102 διατηρήσαντα;
814 1029 950 1083 Ποία
987 1030 1096 1100 γὰρ
1122 1029 1328 1100 ταύτης
1366 1030 1685 1099 εὐεργεσίας
1722 1027 1922 1099 μείζων

342 1114 504 1184 ἑτέρα
538 1109 639 1188 ἦν;
671 1112 744 1165 Οὐ
777 1110 885 1182 γὰρ
916 1112 994 1175 είς
1030 1113 1319 1181 χρήματα,
1360 1113 1481 1164 οὑδέ
1511 1114 1590 1174 εἰς
1633 1111 1787 1178 δόξαν
1827 1110 1922 1164 καὶ

339 1194 678 1254 δυναστείαν,
721 1192 836 1246 ἀλλ’
885 1195 965 1255 είς
1012 1193 1183 1264 αὐτὴν
1231 1192 1396 1247 αὐτοῦ
1447 1193 1543 1263 τὴν
1590 1193 1767 1264 ψυχὴν
1822 1193 1921 1262 τὴν

340 1278 658 1348 εὐεργεσίαν
708 1272 985 1340 κατέθετο,
1018 1277 1111 1331 καὶ
1159 1276 1217 1343 ἐξ
1248 1278 1422 1330 αὐτῶν
1468 1278 1628 1331 αὐτὸν
1660 1277 1921 1330 ἀνεκαλέ-

343 1371 516 1419 σατοα
559 1359 666 1412 τῶν
696 1358 790 1412 τοῦ
838 1357 1070 1412 θανάτου
1118 1359 1323 1424 πυλῶν,
1372 1361 1466 1412 καὶ
1494 1361 1554 1412 τό
1600 1376 1664 1427 γε
1713 1361 1792 1423 είς
1825 1357 1921 1411 ἄν·

344 1443 560 1514 θρωπον
589 1436 742 1512 ἧκον,
779 1440 844 1492 δι’
875 1441 1082 1494 ἐκεῖνον
1114 1440 1209 1512 ἔζη
1248 1441 1433 1494 λοιπὸν
1461 1444 1490 1494 6
1522 1441 1793 1511 βασιλεὺς,
1825 1441 1918 1493 καὶ

340 1524 581 1578 ἀπέλαυε
626 1525 722 1594 τῆς
774 1523 966 1594 ἀρχῆς.
1013 1522 1169 1576 Τίσιν
1218 1520 1310 1577 οὖν
1363 1523 1522 1578 αὐτὸν
1562 1523 1697 1594 μετά
1746 1523 1918 1576 ταῦτα

338 1607 642 1676 ἠμείψατο;
675 1605 736 1658 Εἰ
771 1605 868 1676 μὲν
895 1604 1001 1676 γὰρ
1032 1606 1164 1658 αὐτό
1194 1622 1278 1668 τις
1320 1606 1428 1659 τῶν
1477 1605 1916 1676 κατορθωμάτων

338 1687 436 1741 ίδοι
463 1689 522 1740 τὸ
552 1687 796 1758 μέγεθος,
826 1687 934 1739 οὐδ’
960 1688 1009 1738 εί
1044 1687 1134 1740 τὸν
1175 1688 1439 1756 στέφανον
1471 1687 1579 1740 ἀπὸ
1607 1687 1709 1757 τῆς
1748 1687 1914 1740 αὐτοῦ

336 1771 516 1824 λαϐὼν
559 1771 801 1840 κεφαλῆς
833 1771 926 1823 ἐπὶ
967 1771 1066 1843 τὴν
1101 1770 1198 1823 τοῦ
1242 1769 1404 1824 Δαυτδ
1445 1770 1661 1841 ἔθηκεν,
1703 1770 1915 1827 οὐδέπω

334 1854 435 1924 τὴν
474 1852 629 1920 ἀξίαν
667 1849 736 1927 ἦν
765 1853 1142 1917 ἀποδεδωκὼς,
1184 1853 1318 1914 ἀλλά
1365 1853 1428 1906 τὸ
1463 1853 1623 1906 πλέον
1659 1852 1906 1923 ὀφείλων.

349 1935 582 1998 Ἐκεῖνος
616 1936 714 2005 μὲν
743 1935 851 2006 γάρ
887 1937 980 1990 καὶ
1011 1936 1153 2008 ζωὴν
1182 1936 1277 1989 καὶ
1308 1933 1580 2004 βασιλείαν
1610 1932 1758 2002 αὑτῷ
1783 1935 1910 2001 ἐχα-

336 2018 552 2088 ρίσατο·
582 2013 734 2082 οὗτος
763 2018 821 2071 δέ
857 2018 1129 2088 βασιλείας
1157 2017 1308 2086 αὐτῷ
1343 2017 1693 2088 παραχωρεῖν
1720 2015 1911 2085 ἔμελλε

337 2091 525 2168 μόνης.
570 2100 718 2168 Πλὴν
749 2100 868 2154 ἀλλ’
910 2100 1108 2169 ἴδωμεν
1139 2099 1306 2159 αὑτοῦ
1330 2098 1431 2162 τάς
1477 2096 1727 2168 ἀμοιϐάς.
1757 2097 1912 2159 Τίνες

330 2178 426 2236 οὖν
464 2179 602 2252 ἦσαν
631 2179 823 2248 αὖται;
851 2184 928 2236 Δι’
953 2182 1186 2249 ὑποψίας
1222 2179 1367 2251 εἶχεν
1395 2180 1558 2236 αὐτὸν
1584 2180 1791 2246 λοιπὸν,
1820 2181 1912 2233 καὶ

333 2264 671 2320 ὑπεϐλέπετο
706 2266 813 2319 ἀπὸ
856 2266 957 2334 τῆς
987 2266 1204 2338 ἡμέρας
1243 2265 1476 2333 ἐκείνης.
1507 2264 1662 2326 Τίνος
1702 2262 1907 2324 ἕνεκεν,

332 2349 430 2400 καὶ
460 2347 550 2399 διά
591 2348 676 2414 τί;
714 2348 1030 2416 ’Δναγκαῖον
1065 2349 1172 2418 γὰρ
1221 2348 1313 2399 καὶ⁵
1358 2345 1506 2418 [751]
1537 2346 1635 2416 τῆς
1677 2344 1911 2413 ὑποψίας

330 2433 431 2499 τὴν
465 2431 642 2484 αἰτίαν
673 2433 868 2485 εἰπεῖν.
897 2431 1064 2487 Οὐδὲν
1096 2433 1193 2500 μὲν
1221 2431 1350 2502 γὰρ,
1377 2430 1514 2498 ὅπερ
1548 2429 1615 2481 ἂν
1645 2428 1772 2500 εἴπῃ
1805 2446 1907 2494 τιςν

332 2517 450 2585 ἐρεῖ
475 2514 700 2568 δίκαιον.
742 2515 886 2585 Πρὸς
915 2513 1024 2585 γάρ
1058 2513 1150 2566 τὸν
1185 2515 1282 2584 τὴν
1320 2512 1498 2582 ψυχὴν
1526 2511 1908 2584 χαρισάμενον,

331 2598 426 2652 καὶ
477 2598 574 2669 τὴν
613 2598 756 2669 ζωὴν
801 2599 1205 2669 δωρησάμενον,
1252 2596 1378 2651 ποία
1413 2596 1629 2659 δικαίας
1677 2595 1909 2665 ὑποψίας

332 2681 604 2751 πρόφασις
638 2677 736 2752 ἦν;
779 2681 927 2752 Πλὴν
960 2681 1094 2734 ἀλλά
1137 2681 1231 2733 καὶ
1275 2679 1441 2750 αὐτὴν
1471 2679 1568 2748 τὴν
1603 2679 1780 2732 αἰτίαν
1812 2679 1908 2748 τῆς

332 2763 531 2834 ἔχθρας
577 2765 794 2835 ἴδωμεν,
843 2764 929 2824 ἵνα
964 2763 1192 2835 μάθητε,
1237 2764 1317 2815 ὅτι
1353 2764 1445 2816 καὶ
1490 2763 1588 2832 τῆς
1621 2763 1773 2832 νίκης
1809 2763 1910 2818 οὑκ

329 2849 550 2901 ἔλαττον
588 2850 681 2901 καὶ
707 2848 794 2901 διὰ
815 2847 988 2902 ταῦτα
1012 2848 1272 2918 τιμᾶσθαι
1305 2847 1512 2909 δίκαιος
1545 2842 1634 2917 ἦν,
1669 2845 1736 2898 δι’
1767 2847 1908 2916 άπερ

330 2931 684 2985 ὑπωπτεύετο
721 2931 816 2983 καὶ
858 2929 1241 2982 ἐπεϐουλεύετο
1277 2929 1415 2998 μετά
1447 2928 1634 2985 ταῦτα.
1680 2929 1775 2990 Τίς
1815 2925 1908 2982 οτῧν

328 3017 364 3089 ἡ
415 3014 560 3068 αἰτία
605 3013 703 3082 τῆς
733 3011 964 3084 ὑποψίας
990 3008 1090 3082 ἦν;
1123 3011 1340 3080 Ἐπειδὴ
1375 3011 1467 3062 τοῦ
1507 3011 1780 3080 βαρϐάρου
1809 3012 1908 3080 τὴν

328 3097 570 3172 κεφαλὴν
597 3097 777 3160 ἔλαϐε,
804 3096 898 3149 καὶ
928 3094 996 3148 τὰ
1027 3094 1242 3164 λάφυρα
1275 3094 1410 3163 ἔχων
1433 3095 1676 3164 ἐπανῄει,
1705 3093 1909 3163 Ἐξῆλ-

328 3186 440 3234 θον
475 3183 533 3232 αἱ
561 3173 941 3248 χορεύουσαι,
970 3179 1153 3247 φησιν,
1185 3176 1434 3242 ᾄδουσαι
1464 3175 1560 3229 καὶ
1591 3175 1904 3245 λέγουσαι·

343 3262 630 3327 Ἐπάταξε
658 3261 855 3315 Σαοὺλ
882 3261 950 3313 ἐν
979 3259 1247 3328 χιλιάσιν
1273 3259 1478 3323 αὑτοῦ,
1510 3259 1608 3311 καὶ
1633 3259 1812 3311 Διιυῒδ
1840 3259 1909 3311 ἐν

322 3344 620 3414 μυριάσιν
674 3344 881 3397 αὐτοῦ.
936 3342 1043 3396 Καὶ
1093 3342 1350 3410 ὠργίσθη
1399 3340 1630 3415 Σαούλ,
1681 3340 1777 3396 καὶ
1828 3336 1908 3410 ἦν

329 3427 816 3496 ὑποϐλεπόμενος
851 3425 959 3480 τὸν
996 3423 1176 3478 Δαυΐό
1208 3425 1327 3478 ἀπὸ
1361 3422 1470 3491 τῆς
1499 3425 1722 3492 ἡμέρας
1757 3423 1907 3478 ὲκεί-

328 3532 446 3580 rm;
479 3515 573 3566 καὶ
600 3513 895 3567 ἐπέκεινα.
920 3511 1075 3573 Τίνος
1104 3512 1310 3571 ἕνεκεν,
1340 3512 1461 3563 εἰπέ
1503 3528 1623 3581 μοι;
1656 3511 1906 3564 Μάλιστα

333 3597 431 3664 μὲν
462 3596 587 3665 γὰρ,
620 3598 668 3647 εί
702 3597 794 3648 καὶ
837 3595 1039 3656 ἀδίκως
1090 3592 1259 3648 ταῦτα
1304 3593 1539 3660 ἐλέγετο,
1570 3594 1688 3646 οὑδέ
1733 3592 1905 3657 οὕτως

331 3679 468 3745 πρὸς
509 3677 668 3731 αὑτὸν
716 3677 965 3747 ἀπεχθῶς
1009 3677 1315 3744 διατεθῆναι
1365 3677 1490 3738 ἔδει,
1522 3677 1635 3728 ἀλλ’
1661 3676 1770 3727 ἀπὸ
1799 3676 1905 3728 τῶν

331 3760 710 3828 γεγενημένων
763 3759 861 3829 τὴν
909 3759 1120 3810 εὔνοιαν
1165 3759 1331 3810 αὑτοῦ
1385 3758 1651 3826 μαθόντα,
1697 3757 1791 3809 καὶ¹
1823 3752 1905 3808 ὅτι

335 3840 556 3909 μηδενὸς
585 3840 1004 3908 ἀναγκάζοντος,
1050 3839 1185 3908 μηδὲ
1228 3838 1567 3908 βιαζομένου,
1602 3838 1660 3903 ἐξ
1699 3838 1908 3899 οἰκείας

332 3923 542 3986 εὐνοίας
590 3922 838 3977 τοσοῦτον
883 3922 1140 3992 ὑπέμεινε
1194 3920 1458 3982 κίνδυνον,
1513 3921 1676 3990 μηδὲν
1708 3920 1905 3990 μηκέτι

332 4005 516 4059 λοιπὸν
552 4004 876 4060 ὑποπτεύειν
906 4005 1034 4075 περὶ
1069 4001 1232 4056 αὐτοῦ
1264 4003 1518 4074 πονηρόν.
1559 4003 1697 4057 Νυνὶ
1723 4002 1781 4055 δὲ
1815 4003 1907 4056 καὶ

329 4090 392 4142 τὸ
420 4090 625 4142 δίκαιον
666 4085 804 4157 εἶχον
840 4088 894 4140 αἱ
927 4086 1222 4156 εὐφημίαι·
1259 4087 1353 4140 κτιύ⁸
1380 4087 1427 4138 εί
1460 4087 1564 4156 χρή
1599 4104 1650 4138 τι
1691 4085 1905 4155 θαυμα-

332 4173 456 4230 στὸν
479 4174 669 4235 εἰπεῖν,
699 4171 775 4240 τῷ
801 4170 971 4223 Σαοὺλ
995 4167 1314 4239 ἐχαρίσαντο
1345 4167 1562 4237 μᾶλλον,
1586 4167 1618 4238 ἣ
1641 4166 1720 4238 τῷ
1745 4165 1906 4221 Δαυῒδ

331 4257 502 4312 ταῦτα
535 4257 817 4324 λέγουσαι·
863 4257 957 4308 καὶ
1001 4255 1218 4324 ἀγαπᾷν
1257 4251 1418 4306 αὐτὸν
1456 4252 1642 4322 ἐχρῆν,
1683 4252 1764 4304 ὅτι
1808 4249 1906 4313 τὰς

333 4341 577 4411 χιλιάδας
609 4338 737 4408 γοῦν
771 4337 976 4392 ἔδωκαν
1022 4337 1188 4408 αὐτῷ.
1232 4337 1298 4389 Τί
1343 4331 1436 4388 οὖν
1473 4337 1790 4402 ἀγανακτεῖ,
1821 4335 1904 4386 ὅτι

333 4423 535 4476 ἔδωκαν
570 4423 666 4485 τὰς
697 4421 958 4493 μυριάδας
994 4421 1216 4488 ἐκείνῳ;
1249 4419 1310 4471 EE
1337 4419 1433 4488 μὲν
1457 4417 1562 4488 γὰρ
1589 4411 1656 4487 ἦν
1683 4434 1737 4470 τι
1781 4433 1906 4468 συν-

331 4507 552 4569 τελέσας
583 4509 661 4569 εἰς
685 4506 774 4558 τὸν
819 4505 1074 4573 πόλεμον,
1102 4503 1194 4554 καὶ
1233 4501 1430 4570 μικρὰν
1476 4498 1608 4568 γοῦν
1634 4517 1755 4552 τινα
1786 4500 1902 4568 μοῖ-

333 4609 430 4665 ραν
465 4589 810 4658 εἰσενεγκὼν,
858 4587 1038 4649 καλῶς
1081 4585 1256 4639 ταῦτα
1302 4583 1536 4653 ἐλέγετο,
1573 4584 1654 4636 ὅτι
1702 4583 1903 4635 Σαοὺλ

330 4676 399 4727 ἐν
440 4673 689 4742 χιλιάσι,
730 4671 830 4726 καὶ
869 4669 1046 4724 Δαυῒδ
1083 4670 1152 4723 ἐν
1194 4666 1502 4737 μυριάσιν.
1547 4667 1610 4719 El
1643 4667 1701 4720 δὲ
1741 4667 1906 4728 αὐτὸς

336 4757 434 4826 μὲν
471 4753 721 4817 δεδοικὼς
749 4754 842 4806 καὶ
886 4753 1106 4822 τρέμων
1149 4749 1295 4804 ἔνδον
1331 4750 1583 4818 ἐκάθητο,
1623 4748 1743 4800 καθ’
1773 4747 1904 4800 ἐκά-

334 4857 464 4909 στην
506 4839 721 4910 ἡμέραν
760 4835 1145 4891 ἀποθανεῖσθαι
1179 4832 1516 4904 προσδοκῶν,
1559 4829 1710 4896 οὗτος
1743 4832 1798 4884 δέ
1845 4833 1906 4884 τὸ

334 4925 440 4974 πᾶν
481 4922 794 4992 εἰργάσατο,
832 4918 948 4981 πῶς
989 4919 1088 4970 οὐκ
1120 4917 1317 4971 ἀτοπον
1357 4910 1446 4985 ἦν,
1486 4917 1576 4968 τὸν
1617 4916 1783 4986 μηδὲν
1827 4918 1906 4979 είς

332 5005 455 5064 τοὺς
500 5002 775 5065 κινδύνους
805 5002 1042 5064 ἐκείνους
1071 4997 1510 5068 συμϐαλλόμενον
1551 4999 1902 5066 ἀγανακτεῖν,

333 5087 411 5139 δτι
453 5086 528 5158 μὴ
558 5086 618 5144 τὸ
650 5085 809 5138 πλέον
843 5085 941 5156 τῆς
969 5081 1243 5152 εὐφημίας
1277 5080 1497 5146 ἔλαϐεν;
1540 5082 1601 5134 EE
1633 5081 1740 5152 γὰρ
1770 5083 1909 5146 ἀγα-

333 5174 546 5223 νακτεῖν
576 5169 762 5238 ἐχρῆν,
788 5167 880 5220 τὸν
909 5163 1070 5218 Δαυῒδ
1092 5165 1420 5232 ἀγανακτεῖν
1449 5161 1574 5225 ἔδει,
1604 5163 1766 5239 ὃτιιτὸ
1797 5165 1905 5217 πᾶν

334 5254 491 5314 αὑτὶς
545 5250 928 5324 κατορθώσας,
979 5248 1240 5320 μεριστὴν
1270 5247 1456 5316 ἕτερον
1505 5246 1630 5316 ἔσχε
1671 5247 1767 5319 τῆς
1811 5248 1903 5302 εὐ-

461 5337 562 5398 ίας.

336 5352 648 5486 ‘“$I°‘ﬁ':..+,v
677 5417 791 5469 ἀλλ’
811 5415 960 5468 οὐδὲν
987 5414 1192 5468 τούτων
1221 5412 1385 5479 λέγω,
1406 5411 1518 5465 ἀλλ’
1547 5414 1721 5465 ἐκεῖνο
1739 5414 1804 5467 ἀν
1826 5415 1903 5467 ει-

339 5520 520 5572 ποιμι·
567 5502 704 5553 ἔστω
739 5499 920 5562 κακῶς
957 5497 1312 5568 πεποιηκέναι
1356 5497 1454 5560 τὰς
1492 5499 1777 5566 γυναῖκας,
1810 5499 1905 5554 καὶ

347 5783 350 5786 ,
402 5731 426 5759 ⁸
452 5728 594 5797 Regii
610 5729 708 5778 duo
730 5727 1001 5777 ἀνεκάλεσε.

1353 337 1440 391 DE
1480 337 1736 396 DAVle
1768 337 1854 391 ET
1901 338 2128 396 SAULE
2167 341 2455 398 HOMILIA
2497 343 2541 396 l.

3507 347 3620 404 680

2037 454 2401 524 ἐγκλημάτων
2437 456 2593 523 ἀξίας
2636 451 2776 510 εἶναι
2821 457 2916 510 καὶ
2947 457 3309 529 κατηγορίας·
3355 459 3410 514 τί
3444 462 3618 523 ταῦτα

2035 536 2168 606 πρὸς
2195 538 2286 591 τὸν
2316 540 2511 604 Δαυῖδ;
2541 541 2614 592 Οὐ
2644 541 2751 610 γὰρ
2778 540 2842 609 δὴ
2874 539 2944 592 τά
2973 541 3190 611 ᾄσματα
3209 543 3370 608 αὐτὸς
3394 546 3616 616 συνέθη-

2035 636 2149 685 κεν,
2173 621 2295 673 οὐδέ
2337 621 2551 685 ἐκείνας
2581 623 2760 690 λέγειν
2799 623 2943 694 ἅπερ
2976 622 3159 691 ἔλεγον
3203 624 3365 689 αὐτὸς
3393 627 3612 682 ἀνέπει-

2035 718 2149 767 σεν,
2191 703 2312 755 οὑδέ
2359 703 2727 757 κατεσκεύασε
2766 704 2956 758 τοῦτον
2987 704 3078 758 τὸν
3126 708 3324 778 τρόπον
3360 709 3615 776 γενέσθαι

2031 784 2130 854 τῆς
2162 785 2457 855 εὐφημίας.
2486 787 2649 840 ”Ωστε
2696 790 2745 841 εἰ
2790 790 2884 841 καὶ
2925 789 3256 856 ἀγανακτεῖν
3300 789 3430 852 ἔδει,
3469 793 3615 852 ἐκείνη-

2030 882 2150 928 ναις
2201 867 2376 937 ἐχρῆν
2424 869 2776 937 ἀγανακτεῖν,
2822 871 2882 923 οὑ
2933 870 3012 940 τῷ
3061 870 3223 941 κοινῷ
3269 871 3370 940 τῆς
3401 871 3613 932 πόλεως

2030 956 2317 1026 εὐεργέτῃ,
2346 959 2440 1009 καὶ
2477 958 2684 1028 μυρίων
2723 962 3002 1029 στεφάνων
3033 962 3186 1033 ἀξίῳ.
3223 963 3282 1016 '0
3311 964 3366 1016 δέ
3401 965 3612 1025 ὲκείνας

2029 1037 2208 1104 ἀφεὶς,
2235 1039 2328 1090 ἐπὶ
2368 1038 2556 1093 τοῦτον
2590 1041 2695 1110 ⁴ᾔει.
2729 1043 2839 1094 Καὶ
2867 1043 2916 1094 εί
2948 1043 3047 1112 μὲν
3080 1044 3188 1097 ἀπὸ
3214 1046 3312 1114 τῆς
3339 1045 3611 1115 εὐφημίας

2028 1119 2244 1189 ἐκείνης
2275 1119 2536 1190 ἐπαρθεὶς
2579 1123 2607 1173 6
2644 1123 2909 1193 μακάριος
2951 1125 3162 1193 ἐφθόνει
3202 1126 3279 1196 τῷ
3306 1117 3614 1197 ’κρατοῦντι

2027 1203 2122 1254 καὶ
2171 1201 2393 1272 ὕϐριζεν
2447 1205 2526 1266 είς
2578 1203 2764 1269 αὑτὸν,
2813 1207 2907 1259 καὶ
2959 1206 3242 1261 διέπτυσεν
3297 1209 3460 1262 αὐτοῦ
3509 1208 3609 1277 τὴν

2028 1283 2341 1350 βασιλείαν,
2392 1284 2535 1353 τάχα
2575 1281 2690 1354 εἶχέ
2742 1303 2865 1340 τινα
2919 1287 3074 1356 λόγον
3113 1291 3140 1341 6
3186 1291 3407 1359 φθόνος·
3455 1293 3500 1343 εί
3547 1290 3604 1342 δὲ

2025 1366 2428 1436 ἐπιεικέστερος
2479 1368 2687 1435 ἐγίνετο
2716 1369 2809 1422 καὶ⁹
2846 1371 3164 1440 πραότερος,
3213 1373 3307 1424 καὶ
3355 1373 3451 1442 τὴν
3495 1371 3604 1424 τῶν

2024 1448 2337 1518 ἀρχομένων
2364 1448 2523 1519 ἔμενε
2555 1451 2829 1523 διατηρῶν
2854 1451 3028 1517 τάξιν,
3057 1453 3216 1505 ποίαν
3247 1449 3359 1523 εἶχε
3387 1453 3602 1505 δικαίαν

2025 1531 2292 1598 πρόφασιν
2324 1533 2358 1604 ἡ
2393 1531 2569 1602 λύπη;
2597 1533 2768 1586 Ὅταν
2805 1534 2905 1603 μὲν
2931 1534 3040 1606 γὰρ
3064 1537 3092 1586 6
3119 1535 3423 1604 τιμώμενος
3457 1536 3602 1588 ἐπαίο

2027 1628 2183 1682 ρηται
2212 1612 2352 1666 κατά
2377 1613 2469 1666 τοῦ
2501 1615 3097 1686 παρευδοκιμουμένου,
3121 1617 3212 1669 καὶ
3241 1615 3452 1686 διατελῇ
3481 1620 3601 1680 ταῖς

2021 1695 2206 1763 τιμαῖς
2239 1696 2316 1757 είς
2350 1695 2505 1765 ὓϐριν
2545 1697 2881 1766 κεχρημένος
2909 1698 3139 1762 ἐκείνου,
3170 1698 3434 1768 λαμϐάνει
3479 1699 3602 1750 τινὰ

2019 1777 2274 1847 ἀφορμὴν
2316 1777 2376 1829 τὸ
2404 1777 2604 1841 πάθος·
2635 1779 2760 1830 ὅταν
2789 1779 2845 1831 δὲ
2902 1780 3036 1853 μένῃ
3083 1780 3276 1850 τιμῶν,
3313 1780 3512 1850 μᾶλλον
3543 1779 3601 1834 δέ

2020 1857 2338 1928 θεραπεύων
2370 1858 2649 1928 μειζόνως,
2677 1859 2828 1931 [752]
2853 1862 2945 1913 καὶ
2968 1863 3129 1914 είκων
3148 1864 3204 1915 ἐν
3226 1863 3421 1924 ἅπασι,
3437 1863 3603 1919 ποίαν

2019 1938 2087 1992 ἂν
2113 1939 2224 2009 ἔχοι
2258 1940 2528 2011 πρόφασιν
2555 1943 2588 2011 ἡ
2620 1941 2882 2011 βασκανία
2911 1942 3095 2000 λοιπόν
3118 1960 3133 2008 ;

2092 2021 2253 2074 Ὥστε
2288 2024 2338 2080 εί
2383 2023 2479 2075 καὶ
2521 2023 2688 2093 μηδὲν
2724 2024 2873 2094 αὑτῷ
2925 2025 3344 2097 κατώρθωται-ιι
3389 2025 3595 2098 ἕτερον,

2016 2103 2085 2156 δι’
2130 2103 2262 2157 αὐτὸ
2304 2103 2461 2157 τοῦτο
2517 2105 2779 2174 μειζόνως
2824 2107 2990 2160 αὑτὸν
3043 2109 3264 2177 ἀγαπᾷν
3322 2107 3464 2169 ἔδει,
3514 2108 3595 2160 ὅτι

2016 2185 2284 2258 τοσαύτην
2318 2186 2574 2258 ἀφορμὴν
2607 2187 2786 2242 λαϐὼν
2829 2189 2964 2259 πρὸς
2991 2189 3301 2260 τυραννίδος
3333 2189 3591 2249 ἐπίθεσιν,

2017 2267 2177 2341 ἔμενε
2225 2268 2324 2340 τὴν
2376 2269 2526 2338 αὑτῷ
2597 2269 2914 2344 πρέπουσαν
2969 2270 3264 2324 ἐπιείκειαν
3307 2268 3590 2342 διατηρῶν.

2017 2350 2151 2404 Οὑδέ
2191 2350 2300 2420 γὰρ
2325 2350 2388 2420 δὴ
2429 2351 2587 2422 μόνον
2623 2352 2691 2404 τά
2735 2352 3008 2424 πρότερα,
3041 2353 3156 2406 ἀλλ’
3194 2353 3314 2406 οὐδέ
3343 2352 3411 2406 τά
3455 2353 3595 2422 μετὰ

2019 2432 2192 2487 ταῦτα
2241 2433 2418 2504 πολλῷ
2461 2435 2680 2504 μείζονα
2725 2435 2854 2488 ὄντα
2887 2435 3096 2506 ἐπῆρεν
3136 2435 3316 2490 αὐτόν.
3361 2436 3494 2487 Ποῖα
3528 2435 3593 2508 δὴ

2020 2515 2218 2580 ταῦτας
2241 2512 2353 2571 Ἦν
2391 2516 2572 2570 Δαυῒδ
2611 2515 2863 2580 συνιὼν,
2900 2519 3086 2587 φησὶν,
3112 2516 3182 2570 ἐν
3209 2515 3430 2580 πάσαις
3465 2515 3594 2581 ταῖς

2015 2597 2179 2661 ὁδοῖς
2217 2598 2423 2660 αὑτοῦ,
2459 2599 2558 2651 καὶ
2596 2601 2815 2666 Κύριος
2861 2598 3279 2666 παντοκράτωρ
3317 2596 3444 2667 μετ’
3484 2599 3592 2652 αὐ-

2014 2677 2141 2740 τοῦ,
2187 2679 2284 2732 καὶ
2325 2679 2444 2744 πᾶς
2496 2680 2734 2747 Ἰσραὴλ
2781 2681 2880 2734 καί
2927 2680 3147 2748 Ἰούδας
3192 2678 3442 2748 ἠγάπων
3487 2680 3596 2732 τὸν

2013 2760 2214 2824 Δαυῒδ,
2249 2760 2336 2814 ὅτι
2383 2762 2566 2826 αὐτὸς
2615 2761 3001 2830 ἐξεπορεύετο
3054 2763 3149 2816 καὶ
3183 2761 3594 2828 εἰσεπορεύετο

2014 2842 2126 2909 πρὸ
2155 2842 2478 2909 προσώπου
2508 2844 2613 2896 τοῦ
2635 2845 2808 2899 λαοῦ.
2835 2846 2943 2898 Καὶ
2979 2843 3236 2912 Μελχὼλ
3268 2844 3305 2911 ἠ
3332 2841 3594 2911 θυγάτηρ

2015 2923 2212 2978 Σαοὺλ
2242 2925 2335 2976 καὶ
2367 2927 2474 2988 πᾶς
2511 2925 2729 2996 Ἰσραὴλ
2758 2927 2959 2994 ἠγάπα
2984 2927 3188 2980 αὐτόν.
3218 2925 3326 2979 Καὶ
3359 2925 3593 2992 συνῆκε

2014 3008 2150 3073 παρ’
2173 3005 2437 3071 ἅπαντας
2469 3006 2611 3071 τοὺς
2649 3006 2910 3072 δούλους
2947 3009 3172 3061 Σαούλ·
3216 3007 3313 3059 καὶ
3346 3005 3589 3074 ἐτιμήθη

2014 3087 2081 3140 τὸ
2108 3086 2295 3157 ὄνομα
2317 3088 2501 3142 αὑτοῦ
2524 3087 2778 3156 σφόδρα.
2805 3088 2913 3145 Καὶ
2940 3089 3210 3142 Ἰωνάθαν
3235 3088 3365 3154 υίὸς
3391 3087 3590 3144 Σαοὺλ

2013 3169 2216 3238 ’ἠγάπα
2264 3169 2373 3223 τὸν
2414 3170 2594 3226 Δαυῒδ
2629 3170 2884 3239 σφόδρα.
2926 3170 3066 3230 Ἀλλ’
3095 3171 3245 3242 ὅμως
3281 3170 3372 3223 τὸν
3419 3169 3590 3239 δῆμον

2015 3252 2228 3306 ἅπαντα
2262 3253 2356 3306 καὶ
2377 3253 2477 3322 τὴν
2510 3253 2685 3311 οἰκίαν
2713 3254 2806 3306 τοῦ
2850 3251 3117 3322 βασιλέως
3143 3252 3586 3322 οἰκειωσάμενος,

2013 3335 2108 3387 καὶ
2137 3335 2355 3404 κρατῶν
2385 3337 2442 3388 ἐν
2464 3339 2577 3398 τοῖς
2606 3335 2870 3405 πολέμοις
2902 3333 3198 3404 πανταχοῦ,
3233 3335 3328 3387 καὶ
3353 3333 3588 3402 οὐδαμοῦ

2012 3418 2411 3488 διαμαρτάνων,
2463 3419 2556 3471 καὶ
2599 3418 2853 3482 τοιαύτας
2915 3419 3036 3472 ἀντὶ
3093 3417 3204 3468 τῶν
3263 3415 3590 3488 εὐεργεσιῶν

2013 3501 2233 3554 ἐκείνων
2257 3499 2544 3554 ἀπολαϐὼν
2575 3501 2675 3564 τάς
2710 3499 2965 3570 ἀμοιϐὰς,
2991 3501 3091 3553 οὐκ
3119 3498 3586 3569 ἐξετραχηλίζετο,

2012 3583 2133 3636 οὐδέ
2181 3583 2443 3652 ἐπεθύμει
2493 3585 2591 3654 τῆς
2646 3583 2952 3653 βασιλείας,
3002 3583 3122 3640 οὐδὲ
3189 3583 3434 3652 ἠμύνατο
3497 3583 3588 3634 τὸν

2013 3665 2225 3735 ἐχθρὸν,
2257 3666 2372 3718 ἀλλ’
2399 3665 2588 3735 ἔμενεν
2621 3665 2944 3736 εὐεργετῶν,
2979 3667 3073 3718 καὶ
3102 3666 3228 3727 τούς
3253 3665 3389 3733 ὑπὲρ
3424 3662 3588 3716 αὐτοῦ

2013 3747 2280 3815 πολέμους
2323 3746 2622 3814 κατορθῶν.
2650 3747 2782 3798 Τίνα
2822 3748 2921 3801 οὐκ
2959 3746 3026 3799 ἂν
3072 3745 3256 3800 ἔπεισε
3284 3744 3453 3796 ταῦτα
3498 3747 3589 3796 ἐκ-

2011 3827 2412 3897 τεθηριωμένον
2434 3827 2527 3879 καὶ
2557 3827 2746 3897 ἀγριον
2773 3825 3101 3880 καταθέσθαι
3129 3827 3227 3894 τὴν
3246 3825 3463 3895 ἔχθραν,
3496 3825 3588 3877 καὶ

2013 3908 2390 3977 ἀπαλλαγῆναι
2424 3909 2523 3977 τῆς
2558 3907 2883 3977 βασκανίας;
2931 3907 3092 3960 ’Λλλά
3130 3907 3219 3959 τὸν
3248 3907 3398 3976 ὠμὸν
3447 3907 3589 3962 ἐκεῖ·

2013 4006 2101 4043 νον
2151 3991 2246 4041 καὶ
2293 3988 2655 4057 ἀπάνθρωπον
2713 3989 2864 4042 οὐδὲν
2911 3988 3116 4042 τούτων
3166 3989 3407 4043 ἔπεισεν·
3454 3989 3588 4042 ἀλλά

2014 4073 2149 4142 πρὸς
2182 4074 2392 4128 ἃπαντα
2409 4072 2834 4142 ἀποτυφλωθεὶς,
2863 4073 2955 4127 καὶ
2980 4076 3040 4144 τῇ
3076 4073 3341 4143 βασκανίᾳ
3363 4072 3461 4142 τὴν
3490 4073 3589 4141 ψυ-

2013 4155 2111 4226 χὴν
2135 4157 2370 4221 ἐπιδοὺς,
2413 4156 2619 4210 ἀνελεῖν
2642 4157 2802 4210 αὑτὸν
2826 4158 3116 4228 ἐπιχειρεῖ·
3138 4156 3230 4208 κα)⁸
3251 4157 3304 4208 τί
3333 4155 3588 4212 ποιοῦντα

2015 4239 2191 4310 (τοῦτο
2237 4241 2344 4311 γάρ
2382 4241 2498 4293 ἐστι
2545 4239 2605 4292 τὸ
2648 4241 2830 4311 μεῖζον
2873 4242 2966 4294 καὶ
3017 4240 3398 4312 θαυμαστόν);
3447 4239 3585 4309 ψάλ-

2011 4323 2169 4377 λοντα
2203 4324 2297 4377 καὶ
2333 4325 2764 4379 καταστέλλοντα
2805 4322 2971 4380 αὐτοῦ
3008 4327 3108 4396 τὴν
3149 4325 3361 4396 μανίαν.
3410 4324 3587 4377 Δαυῒὸ

2011 4405 2244 4474 ἔψαλλε
2279 4404 2355 4474 τῇ
2394 4407 2545 4475 χειρί
2583 4407 2791 4472 αὐτοῦ,
2838 4411 3020 4479 φησιν,
3057 4409 3137 4473 ὡς
3174 4408 3301 4462 καθ’
3322 4408 3589 4476 ἑκάστην

2011 4487 2267 4557 ἡμέραν·
2309 4487 2407 4542 καὶ
2449 4490 2527 4542 τὰ
2560 4489 2704 4557 δόρυ
2754 4491 2824 4544 ἐν
2864 4491 2939 4559 τῇ
2997 4492 3144 4559 χειρὶ
3197 4493 3395 4549 Σαούλ
3416 4507 3430 4521 ·
3485 4491 3584 4545 καὶ

2009 4567 2116 4639 ἦρε
2145 4571 2345 4624 Σαοὺλ
2375 4570 2442 4622 τὸ
2472 4571 2638 4638 δόρυ,
2678 4573 2777 4626 καὶ
2801 4570 2931 4626 εἷπε
2949 4590 2962 4604 ·
2992 4574 3240 4637 Πατάξω
3267 4575 3337 4627 ἐν
3364 4574 3546 4628 Δαυΐδ
3567 4592 3582 4607 ·

2012 4657 2113 4712 καὶ
2143 4657 2439 4722 ἐπάταξεν
2477 4659 2548 4712 ἐν
2581 4659 2662 4725 τῷ
2699 4660 2908 4727 τοίχῳ·
2957 4660 3058 4713 καὶ
3089 4659 3359 4722 ἐξέκλινε
3406 4661 3589 4716 Δαυΐὸ

2012 4745 2129 4800 ἀπὸ
2157 4744 2480 4816 προσώπου
2513 4745 2699 4799 αὐτοῦ
2733 4745 2848 4810 δίς.
2876 4741 3022 4814 Ἀρά
3061 4743 3127 4796 ἃν
3159 4744 3269 4814 ἔχοι
3301 4762 3386 4808 τις
3413 4749 3586 4805 εἰπεῖν

2017 4831 2236 4903 μείζονα
2260 4831 2462 4885 τούτων
2500 4831 2762 4903 πονηρίας
2788 4831 3174 4902 ὑπερϐολήνος
3215 4832 3356 4900 ΙἈρα
3391 4831 3449 4885 δέ
3489 4835 3584 4886 καὶ

2012 4920 2079 4972 τὰ
2128 4918 2265 4990 μετὰ
2291 4918 2484 4971 ταῦτα.
2529 4920 2686 4989 ’Ἄρτι
2724 4918 2832 4970 τῶν
2868 4916 3138 4987 πολεμίων
3184 4917 3582 4982 ἀπελαθέντων,

2014 5007 2108 5058 καὶ
2141 5004 2243 5074 τῆς
2275 5004 2480 5066 πόλεως
2513 5003 2708 5075 ἐαυτὴν
2733 5003 3204 5074 ἀνακτησαμένης,
3236 5006 3330 5058 καλ⁸
3367 5005 3585 5061 πάντων

2013 5090 2253 5142 ἐπινίκια
2283 5089 2539 5152 θυόντων,
2562 5089 2652 5142 τὸν
2677 5089 2971 5160 εὐεργέτην
3001 5090 3095 5142 καὶ
3117 5091 3334 5161 σωτῆρα
3361 5093 3454 5144 καὶ
3477 5091 3584 5143 τῶν

2013 5174 2233 5242 ἀγαθῶν
2256 5174 2478 5228 ἐκείνων
2510 5172 2682 5227 αῖτιον
2710 5175 2915 5228 ἀνελεῖν
2946 5177 3270 5247 ἐπεχείρησε
3290 5177 3581 5245 ψάλλοντα,

2013 5260 2109 5312 καὶ
2139 5259 2258 5312 οὑδέ
2291 5261 2388 5328 τῆς
2425 5261 2742 5330 εὐεργεσίας
2789 5262 2822 5330 ἡ
2871 5261 3125 5324 ὑπόθεσις
3172 5263 3263 5314 τὸν
3305 5262 3588 5331 μεμηνότα,

2015 5346 2107 5400 καὶ
2136 5345 2516 5417 παραπαίοντα
2540 5347 2880 5400 κατέστειλεν
2902 5349 3126 5410 ἐκεῖνον,
3153 5346 3288 5400 ἀλλά
3319 5347 3412 5400 καὶ
3435 5347 3582 5413 ἅπαξ

2013 5434 2104 5487 καὶ
2134 5434 2213 5497 δὶς
2242 5433 2523 5503 ἠκόντισε,
2565 5432 2886 5504 βουλόμενος
2911 5433 3138 5487 ἀνελεῖν.
3178 5433 3289 5485 Καὶ
3325 5433 3583 5496 τοιαύτας

2073 5596 2102 5636 ιι
2124 5597 2248 5660 Reg.
2273 5597 2574 5660 κατώρθωτό.

2073 5662 2100 5728 f
2125 5653 2228 5708 Sic“
2248 5660 2370 5736 Reg.
2399 5653 2755 5736 l'l'lgalli‘qglm
2793 5655 2932 5715 ediu,
2967 5655 3060 5730 qui.
3088 5653 3272 5705 habent
3292 5656 3385 5719 ἆρα
3404 5655 3460 5703 ἄν
3480 5654 3582 5718 ἔχοι

2012 5719 2161 5769 ταῦτα
2179 5719 2399 5784 πονηρίας
2421 5719 2696 5782 ὑπερϐολήν.
