4094 6256
547 349 652 408 681

544 459 695 530 αὖτῷ
757 455 874 511 ἀντὶ
909 454 1018 508 τῶν
1059 451 1312 506 κινδύνων
1358 449 1455 511 τὰς
1503 446 1735 519 ἀμοιϐὰς
1787 446 1976 500 ἐδίδου.
2018 443 2128 530 Kal

547 529 813 606 πολλάκις
832 542 988 594 τοῦτο
1013 539 1258 609 ἐποίησε,
1289 535 1384 589 καὶ
1405 537 1506 588 οὐκ
1533 535 1591 588 ἐν
1621 534 1805 604 ἡμέρᾳ
1841 533 1959 602 μιᾷ.
1989 532 2048 582 'U
2071 529 2126 580 δέ

548 632 703 700 ἀγιος
733 630 938 690 ἐκεῖνος
957 625 1050 679 καὶ
1073 624 1208 696 μετά
1229 621 1402 675 ταῦτα
1431 621 1608 675 πάντα
1634 621 1792 690 ἔμενε
1821 633 1889 671 τα
1918 617 2126 670 ἐκείνου

550 715 890 787 θεραπεύων,
933 713 1026 766 καὶ
1069 711 1210 784 ὺπέρ
1255 709 1357 778 τῆς
1405 707 1677 775 σωτηρίας
1738 703 1903 758 αὑτοῦ
1949 702 2128 756 κινδυ-

549 802 742 866 νεύων,
773 801 866 853 καὶ
907 797 1384 870 παραταττόμενος
1423 796 1478 848 ἐν
1510 796 1622 856 τοῖς
1649 791 1904 862 πολέμοις
1933 790 2123 854 ἅπασι,

551 889 644 940 καὶ
675 887 764 940 τὸν
792 885 984 940 ἐαυτοῦ
1013 883 1289 947 διασώζων
1317 879 1528 950 σφαγέα
1552 880 1665 940 τοῖς
1689 875 1910 938 οἰκείοις
1948 873 2128 928 κινδύ-

551 992 665 1038 νοις
686 1014 701 1037 ,
752 975 847 1028 καλ⁸
875 973 1000 1027 οὕτε
1027 973 1085 1024 ἐν
1121 972 1382 1043 ῥήμασιν,
1410 967 1532 1046 (ξΰτε
1561 968 1618 1019 ἐν
1656 967 1974 1036 πράγμασιν
2008 962 2128 1015 ἐλύ-

553 1081 696 1134 πησε
746 1065 840 1116 τὸν
890 1063 1079 1133 άγριον
1126 1060 1266 1129 θῆρα
1315 1060 1540 1116 ἐκεῖνον,
1587 1054 1722 1108 ἀλλὰ
1767 1056 1903 1124 πρὸς
1952 1053 2127 1106 πάντα

554 1146 671 1203 εἷκε
707 1149 801 1204 καὶ
829 1149 1104 1219 ὑπήκουε,
1141 1147 1234 1199 καὶ
1278 1145 1338 1196 τὸ
1383 1143 1596 1215 ὁρισθὲν
1632 1139 1782 1212 αύτῷ
1826 1141 1924 1211 τῆς
1970 1139 2126 1209 νίκης

553 1235 785 1289 ἔπαθλον
813 1237 874 1288 ού
901 1234 1098 1299 λαϐὼν,
1131 1231 1245 1286 ἀλλ’
1267 1228 1660 1300 ἀποστερηθεὶς
1682 1228 1774 1280 τὸν
1797 1225 1986 1297 μισθὸν
2019 1224 2126 1279 τῶν

553 1321 813 1374 κινδύνων
851 1321 1094 1383 ἐκείνων,
1116 1317 1235 1370 ούδέ
1259 1316 1400 1385 λόγῳ
1421 1315 1552 1367 ποτέ
1577 1313 1912 1376 ἐνεκάλεσεν,
1933 1313 1990 1364 ού
2015 1314 2128 1375 τοῖς

555 1404 709 1477 [755]
735 1403 1112 1476 στρατιώταις,
1143 1403 1204 1456 ού
1233 1402 1310 1472 τῷ
1340 1401 1552 1471 βασιλεῖ
1569 1418 1580 1428 ’
1613 1401 1674 1453 οὐ
1701 1399 1809 1471 γὰρ
1835 1399 1926 1452 ἐπὶ
1950 1399 2126 1469 μισθῷ

553 1490 729 1543 ταῦτα
776 1491 1042 1559 ἔπραττεν
1065 1487 1406 1558 ἀνθρωπίνῳ,
1437 1485 1573 1540 ἀλλά
1605 1487 1704 1556 τὴν
1734 1485 1938 1539 ἄνωθεν
1971 1485 2125 1538 ἐκδε-

555 1576 783 1645 χόμενος
810 1575 1060 1645 ἀμοιϐήν.
1097 1574 1203 1626 Kal
1227 1573 1287 1626 ού
1322 1573 1478 1625 τοῦτο
1526 1571 1686 1643 μόνον
1734 1572 1850 1624 ἐστὶ
1889 1570 1949 1624 τὸ
1990 1570 2120 1624 θαυ-

561 1661 784 1730 μαστὺν,
819 1662 901 1714 ὅτι
925 1660 1023 1713 ούκ
1047 1660 1295 1730 ἀπῄτησε
1320 1657 1411 1710 τὸν
1443 1657 1651 1728 μισθὸν,
1674 1657 1788 1710 ἀλλ’
1810 1658 1891 1710 ὅτι
1921 1659 2015 1710 καὶ
2043 1657 2124 1709 δι·-

554 1746 777 1815 δόμενον
837 1745 1187 1817 διεκρούσατο
1237 1743 1325 1796 διά
1377 1744 1576 1814 πολλὴν
1627 1744 2124 1814 ταπεινοφροσύνης

557 1832 882 1902 ὑπερϐολήν.
929 1831 1142 1902 Ἐπειδὴ
1171 1831 1278 1900 γάρ
1321 1831 1350 1880 6
1397 1831 1568 1883 Σαοὺλ
1603 1831 1776 1884 πάντα
1822 1831 1985 1887 κινῶν
2032 1831 2126 1884 καὶ¹

555 1918 1072 1988 πραγματευόμενος
1096 1918 1196 1970 ούκ
1230 1919 1446 1988 ἴσχυσεν
1483 1917 1643 1970 αὐτὸν
1677 1917 1908 1983 ἀνελεῖν,
1928 1918 2123 1988 ρόιπτει

552 2007 646 2060 τὸν
684 2005 770 2059 διὰ
798 2005 891 2058 τοῦ
919 2007 1095 2076 γάμου
1129 2005 1312 2072 δόλον,
1364 2005 1458 2058 καὶ
1500 2005 1684 2059 καινόν
1727 2023 1850 2059 τινα
1901 2006 2124 2075 προικὸς

553 2094 651 2146 καὶ
693 2092 854 2145 ἔδνων
897 2093 1190 2144 ἐπινοεῖται
1232 2091 1430 2161 τρόπον
1447 2103 1496 2144 ο.
1541 2092 1624 2144 Οὐ
1664 2089 1774 2159 ττίρ
1800 2092 2121 2156 βούλεται,

553 2180 736 2249 φησὶν,
789 2181 822 2232 δ
868 2178 1165 2243 βασιλεὺς
1207 2177 1380 2240 ἐδνα,
1425 2180 1563 2232 ἀλλ’
1600 2179 1638 2246 ἢ
1689 2178 1906 2231 ἑκατὸν
1950 2180 2124 2246 ἀκρο-

553 2265 806 2330 ϐυστίας
848 2263 1162 2332 ἐκδικῆσαι
1210 2266 1297 2329 είς
1335 2263 1475 2328 τοὺς
1512 2264 1763 2333 ἐχθροὺς
1806 2265 1912 2319 τοῦ
1943 2266 2124 2328 ,ϐασι-

554 2352 722 2415 λέως.
755 2353 819 2404 Ὃ
847 2351 904 2402 δὲ
931 2350 1098 2418 λέγει,
1146 2350 1386 2405 τοιοῦτόν
1415 2352 1561 2405 ἐστιν
1582 2368 1595 2382 ⁶
1627 2351 1816 2404 Ἀνελέ
1863 2369 1973 2422 μοι,
2021 2370 2124 2424 φη-

558 2440 663 2501 σὶν,
711 2438 904 2492 ἑκατὸν
933 2436 1129 2507 ἀνδρας
1147 2480 1161 2502 ,
1198 2439 1292 2492 καὶ
1320 2439 1477 2491 τοῦτο
1503 2439 1623 2492 ἀντὶ
1651 2440 1758 2492 τῶν
1783 2439 1944 2493 ἕδνων
1971 2441 2120 2494 ἔσται

557 2540 666 2594 μοι.
704 2523 889 2576 Ταῦτα
920 2523 976 2576 δέ
1011 2524 1161 2592 ἔλεγε
1196 2525 1516 2594 βουλόμενος
1539 2525 1699 2579 αὑτὸν
1730 2528 1998 2596 προφάσει
2026 2526 2120 2579 τοῦ

552 2612 729 2678 γάμου
760 2611 1094 2680 παραϐαλεῖν
1114 2614 1227 2673 τοῖς
1251 2611 1484 2681 ἐχθροῖς.

621 2696 683 2749 δ’.
712 2697 850 2749 Ἀλλ’
874 2698 1022 2767 ὅμως
1047 2699 1076 2750 6
1093 2697 1251 2750 Δαυῖδ
1277 2697 1414 2750 κατά
1440 2698 1537 2766 τὴν
1559 2697 1722 2750 αὑτοῦ
1748 2698 2026 2769 πραότητα
2053 2699 2121 2752 τὰ

552 2785 852 2856 πράγματα
895 2787 1127 2857 κρίνων,
1167 2785 1514 2857 διεκρούσατο
1554 2786 1644 2840 τὸν
1685 2787 1880 2858 γάμον,
1931 2789 1990 2840 οὐ
2034 2788 2121 2842 διά

549 2872 641 2924 τὸν
665 2872 924 2934 κίνδυνον,
950 2872 1067 2925 οὐδέ
1098 2871 1186 2925 διά
1214 2873 1302 2927 τὸν
1335 2871 1496 2942 φόϐον
1526 2873 1634 2927 τῶν
1661 2873 1952 2944 πολεμίων,
1985 2875 2121 2928 ἀλλά

547 2956 638 3010 διὰ
665 2959 726 3010 τὸ
755 2958 992 3026 νομίζειν
1031 2959 1246 3024 ἀνάξιον
1284 2959 1470 3012 ἐαυτὸν
1499 2953 1638 3011 εἶναι
1677 2960 1776 3030 τῆς
1806 2961 1941 3032 πρὸς
1973 2963 2118 3014 ἐκεῖ·

548 3060 637 3097 νον
672 3045 1024 3112 συγγενείας,
1077 3046 1170 3098 καὶ
1199 3047 1356 3099 ταυτὶ
1388 3046 1522 3116 πρὸς
1551 3047 1676 3107 τοὺς
1708 3047 1921 3110 δούλους
1953 3047 2117 3101 αὑτοῦ

546 3128 694 3198 λέγει
729 3131 797 3184 τὰ
836 3133 1090 3201 ῥήματα·
1127 3135 1194 3185 Εἰ
1229 3133 1460 3200 κοῦφόν
1483 3123 1654 3186 ἐστιν
1697 3135 1767 3186 ἐν
1794 3135 2119 3204 ὀφθαλμοῖς

544 3215 714 3284 ὑμῶν
740 3217 1200 3287 ἐπιγαμϐρεῦσαί
1228 3237 1305 3287 με
1326 3217 1405 3283 τῷ
1419 3219 1701 3284 βασιλεῖ,·
1730 3219 1843 3289 ἐγὼ
1867 3220 1934 3272 δὲ
1965 3221 2119 3290 ἀνὴρ

545 3305 845 3371 ταπεινὸς,
871 3304 970 3358 καὶ
1021 3306 1132 3359 οὐκ
1193 3307 1450 3375 ἔντιμος.
1505 3308 1613 3360 Καὶ
1668 3309 1773 3378 μὴν
1818 3309 2007 3381 ὀφειλὴ
2055 3310 2117 3362 τὸ

541 3396 778 3462 πρᾶγμα
801 3389 890 3462 ἦν,
925 3393 1019 3446 καὶ
1048 3393 1235 3463 μισθὸς
1269 3396 1360 3446 καὶ
1382 3396 1734 3458 ἀνταπόδοσις
1759 3397 1866 3451 τῶν
1903 3398 2078 3452 πόνων
2099 3415 2113 3429 ·

545 3481 661 3533 ἀλλ’
683 3480 853 3544 οὕτως
879 3477 946 3552 ἦν
979 3483 1442 3554 συντετριμμένην
1476 3483 1615 3552 ἔχων
1643 3483 1740 3554 τὴν
1772 3485 2018 3558 καρδίαν,
2040 3487 2117 3550 ὼς

551 3565 690 3637 μετά
724 3566 961 3620 τοσαῦτα
991 3567 1384 3638 κατορθώματα
1407 3612 1419 3633 ,
1453 3570 1546 3622 καὶ
1587 3569 1840 3641 λαμπρὰν
1875 3571 2016 3625 οὕτω
2041 3573 2117 3625 νί-

459 3719 462 3724 _
547 3671 668 3723 κην.
722 3654 813 3706 καὶ
865 3655 1156 3724 ὑπόσχεσιν
1205 3655 1651 3727 ώμολογημένην,
1711 3657 1928 3724 ἀνάξιον
1979 3655 2162 3712 εἶναι·

546 3738 784 3808 νομίζειν
816 3740 908 3793 τοῦ
952 3741 1136 3794 λαϐεῖν
1179 3742 1270 3795 τὸν
1303 3743 1647 3813 ὀφειλόμενον
1692 3745 1840 3814 αὐτῷ
1893 3745 2112 3814 μισθόν·

544 3828 639 3880 καὶ
660 3827 832 3880 ταῦτα
851 3828 1086 3896 ἐνόμιζε,
1111 3829 1272 3883 πάλιν
1305 3829 1511 3900 μέλλων
1535 3832 1881 3885 κινδυνεύειν.
1899 3833 2114 3903 Ἐπειδὴ

539 3914 597 3966 δὲ
630 3914 736 3965 τῶν
778 3915 1049 3985 πολεμίων
1075 3918 1365 3987 ἐκράτησε,
1398 3919 1491 3971 καὶ
1519 3918 1617 3987 τὴν
1653 3919 1926 3990 θυγατέρα
1961 3920 2115 3973 ἔλαϐε

540 4000 632 4052 τοῦ
660 3999 941 4069 βασιλέως,
977 4002 1135 4056 πάλιν
1160 4005 1467 4070 "Eg-alis»;
1491 4008 1522 4058 ό
1546 4005 1749 4068 Δαυῒδ,
1784 4006 1881 4059 καί
1928 4005 2114 4072 ἐζήτει

539 4086 738 4141 Σαοὺλ
762 4088 866 4140 τοῦ
900 4087 1157 4152 πατάξαι
1187 4089 1373 4142 αὑτὸν
1399 4090 1467 4141 ἐν
1494 4088 1573 4154 τῷ
1596 4090 1817 4156 δόρατι,
1845 4092 1942 4144 καί
1969 4093 2115 4146 ἐπιί-

537 4173 714 4236 ταξε’
766 4172 866 4226 καὶ
909 4173 1220 4236 ἐξέκλινεν
1265 4177 1297 4226 ό
1339 4174 1548 4226 Δαυΐδ·
1605 4175 1703 4228 καί
1745 4175 2004 4241 ἐπάταξε
2048 4179 2113 4230 τὸ

538 4257 685 4325 δόρυ
733 4259 802 4311 ἐν
845 4259 926 4323 τῷ
965 4261 1163 4328 τοίχῳ.
1206 4261 1340 4312 Τίνα
1387 4260 1485 4313 οὐκ
1519 4261 1585 4314 ἂν
1617 4263 1712 4313 καὶ
1751 4262 1858 4315 τῶν
1912 4266 2114 4338 σφόδρα

540 4345 846 4412 φιλοσοφεῖν
875 4346 1248 4416 ἐπισταμένων
1287 4348 1367 4410 είς
1395 4347 1562 4417 θυμὸν
1617 4348 1789 4402 ταῦτα
1829 4350 2110 4420 ἐξήνεγκε,

540 4430 634 4482 καὶ
677 4431 724 4499 εί
759 4429 923 4500 μηδὲν
954 4432 1172 4502 ἕτερον,
1211 4432 1310 4502 τῆς
1343 4434 1546 4498 οἰκείας
1584 4437 1911 4506 προνοοῦντα
1939 4439 2113 4506 ἀσφα-

538 4515 686 4580 λείας
738 4515 953 4571 ἔπεισεν
1008 4517 1216 4572 ἀνελεῖν
1264 4520 1356 4572 τὸν
1407 4521 1606 4585 ἀδίκως
1663 4523 2108 4591 ἐπιϐουλεύοντα;

537 4603 671 4656 Οὐδὲ
705 4605 814 4674 γὰρ
841 4605 999 4674 φόνος
1022 4606 1084 4659 τὸ
1111 4607 1342 4677 πρᾶγμα
1371 4607 1555 4660 λοιπὸν
1577 4605 1666 4679 ἦν,
1689 4610 1825 4664 ἀλλά
1855 4611 1948 4664 καὶ
1968 4611 2110 4666 οὕτω

533 4690 596 4742 τὸ
625 4690 822 4761 μέτρον
844 4690 938 4742 τοῦ
965 4691 1127 4760 νόμου
1153 4693 1272 4744 τότε
1299 4693 1644 4764 ὑπερϐαίνειν
1673 4695 1916 4766 ἔμελλεν.
1937 4699 2111 4752 Ἐκεῖ-

533 4793 624 4838 νος
651 4778 747 4846 μὲν
775 4777 883 4847 γὰρ
910 4776 1184 4847 ὀφθαλμὸν
1208 4779 1329 4831 ἀντὶ
1352 4779 1629 4850 ὀφθαλμοῦ
1662 4781 1966 4853 ἐξορύττειν
1993 4785 2112 4838 ἐκέ-

533 4863 721 4916 λευεν·
766 4858 917 4926 οὗτος
956 4867 1012 4918 δέ
1055 4868 1104 4918 εἰ
1143 4869 1236 4919 καὶ
1285 4866 1536 4936 ἔσφαξεν,
1577 4870 1700 4923 ἀντὶ
1735 4872 1905 4942 τριῶν
1932 4875 2107 4942 φόνων

532 4951 630 5002 ἕνα
662 4949 972 5020 εἰργάζετο,
1009 4953 1172 5023 τριῶν
1201 4954 1375 5021 φόνων
1409 4955 1662 5025 οὐδεμίαν
1702 4956 1922 5027 εὔλογον
1961 4961 2108 5031 ἐχόν-

531 5054 640 5089 των
672 5036 964 5106 πρόφασιν.
984 5039 1121 5090 Ἀλλ’
1141 5040 1290 5109 ὅμως
1315 5038 1467 5093 οὐδὲν
1489 5042 1692 5097 τούτων
1723 5046 2102 5119 ἐπεχείρησεν,

531 5124 646 5177 ἀλλ’
681 5125 865 5195 ᾑρεῖτο
896 5127 1084 5192 φυγεῖν
1118 5127 1338 5195 μᾶλλον,
1368 5131 1459 5182 καὶ
1505 5131 1604 5200 τῆς
1641 5131 1901 5203 πατρῴας
1930 5136 2106 5200 οίκίας

532 5210 814 5275 ἐκπεσεῖν,
845 5211 938 5263 καὶ
967 5210 1243 5282 πλανήτης
1276 5208 1445 5279 εἶναι,
1482 5218 1575 5269 καὶ
1605 5218 1976 5290 δραπετεύειν,
2009 5225 2104 5276 καὶ

531 5297 1042 5368 ταλαιπωρούμενος
1072 5299 1171 5367 τὴν
1197 5301 1503 5369 ἀναγκαίαν
1535 5306 1778 5376 πορίζειν
1813 5309 2037 5379 τροφὴν,
2069 5311 2102 5381 ἢ

530 5383 606 5454 τῷ
658 5385 867 5453 βασιλεῖ
910 5385 1160 5453 γενέσθαι
1209 5388 1422 5457 σφαγῆς
1461 5391 1650 5454 αἴτιος.
1691 5393 1765 5446 ού
1809 5394 1916 5464 γὰρ
1957 5398 2103 5460 ὅπως

530 5472 722 5523 ἑαυτὸν
769 5472 1125 5543 ἐκδικήσειεν,
1172 5472 1288 5526 ἀλλ’
1332 5474 1480 5538 ὅπως
1518 5478 1724 5532 ἐκεῖνον
1776 5481 2102 5550 ἀπαλλάξειε

528 5556 623 5608 τοῦ
651 5556 856 5620 πάθους
885 5559 1130 5613 ἐσκόπει.
1148 5559 1247 5613 Διά
1265 5559 1425 5615 τοῦτο
1451 5563 1560 5615 τῶν
1587 5564 1881 5637 ὀφθαλμῶν
1909 5569 2101 5625 ἑαυτὸν

529 5643 842 5714 ὑπεξήγαγε
879 5645 974 5697 τοῦ
1024 5647 1253 5720 ἐχθροῦ,
1283 5648 1425 5704 ὥστε
1469 5652 1738 5725 ὐποσῦραι
1784 5656 1878 5709 τὸν
1911 5658 2095 5726 ὄγκον,

528 5731 620 5782 καὶ
666 5733 1015 5786 καταστεῖλαι
1053 5734 1153 5804 τὴν
1185 5736 1522 5811 φλεγμονὴν,
1565 5742 1659 5794 καὶ
1692 5747 2092 5816 παραμυθήσα-

529 5820 649 5870 σθαι
694 5820 790 5886 τὴν
836 5820 1149 5887 βασκανίαν.
1186 5826 1397 5881 Βέλτιον
1432 5831 1547 5900 ἐμὲ,
1598 5833 1778 5902 φησιν,
1827 5836 2092 5892 ταλαιπω-

593 5907 616 5933 ⁸
652 5904 785 5952 L'nus
809 5907 951 5953 ἕδνων
971 5907 1171 5957 ποιεῖται
1191 5913 1377 5973 τρόπον.

1268 337 1325 392 S.
1363 331 1648 390 JOANNIS
1685 324 2183 387 CHRYSOSTOMI
2221 323 2543 381 ARCHIEP.
2585 317 3135 378 CONSTANTINOP.

3690 315 3799 372 632

2243 440 2451 512 ρεῖσθαι
2487 439 2581 492 καὶ
2625 438 2793 508 μυρία
2825 438 3055 506 πάσχειν
3088 430 3268 494 δεινὰ,
3319 430 3352 500 ἢ
3403 429 3592 482 τοῦτον
3629 429 3812 482 ἀδίκου

2239 529 2453 597 σφαγῆς
2486 527 2635 597 παρά
2671 524 2750 595 τῷ
2780 524 2900 594 Θεῷ
2937 520 3239 594 κρίνεσθαι.
3292 517 3480 570 Ταῦτα
3532 516 3606 586 μὴ
3655 517 3812 585 μόνον

2235 614 2542 685 ἀκούωμεν,
2572 612 2706 666 ἀλλά
2739 612 2832 665 καὶ
2864 609 3157 681 μιμώμεθα
3179 647 3193 670 ,
3245 604 3340 658 καὶ
3389 604 3566 657 πάντα
3610 604 3813 671 ὑπομέο

2235 725 2413 777 νωμεν
2444 705 2535 759 καὶ
2562 705 2734 758 ποιεῖν
2768 703 2865 755 καὶ
2889 701 3142 770 πάσχειν,
3173 697 3313 750 ὥστε
3347 693 3654 758 ἀπαλλάξαι
3685 695 3811 756 τοὺς

2236 795 2462 865 ἐχθροὺς
2513 793 2613 861 τῆς
2660 790 2796 859 πρὸς
2839 790 2987 859 ἡμᾶς
3029 784 3177 858 [754]
3227 781 3557 853 ἀπεχθείας·
3592 781 3686 833 καὶ
3737 781 3810 850 μὴ

2233 880 2391 934 τοῦτο
2423 877 2692 947 ζητῶμεν,
2727 878 2776 928 εἰ
2801 875 3054 936 δικαίως,
3085 871 3118 941 ἢ
3147 867 3343 931 ἀδίκως
3369 866 3508 938 πρὸς
3536 868 3686 936 ἡμᾶς
3707 867 3811 918 ἀπ-

2235 953 2571 1036 εχθάνονται,
2620 962 2734 1016 ἀλλ’
2783 963 2958 1014 ἐκεῖνο
3009 959 3189 1030 μόνον,
3245 956 3392 1038 ὅπως
3442 953 3641 1024 μηκέτι
3689 952 3811 1005 καθ’

2235 1053 2392 1124 ἡμῶν
2429 1049 2782 1124 ἐχθραίνοιεν.
2822 1047 2934 1101 Kal
2972 1045 3081 1116 γάρ
3109 1046 3138 1097 6
3173 1041 3356 1111 ίατρὸς
3389 1039 3548 1093 τοῦτο
3581 1041 3808 1102 σκοπεῖ,

2235 1141 2383 1202 ὅπως
2411 1136 2738 1203 ἀπαλλάξειε
2789 1134 2883 1187 τοῦ
2919 1126 3225 1202 νοσήματος
3257 1129 3348 1183 τὸν
3379 1128 3675 1198 κάμνοντα,
3710 1127 3811 1179 οὐκ

2235 1229 2284 1280 εί
2322 1225 2566 1288 δικαίως,
2599 1222 2862 1294 ἢάδίκως
2895 1221 2992 1290 τὴν
3019 1217 3330 1290 ἀρρωστίαν
3358 1215 3533 1284 ἐαυτῷ
3562 1216 3810 1267 ἐπεσπά-

2237 1330 2384 1366 σατο.
2432 1311 2539 1364 Kal
2573 1310 2636 1361 σὺ
2667 1307 2844 1361 τοίνυν
2887 1305 3067 1376 ἰατρὸς
3110 1298 3162 1356 εἴ
3202 1302 3294 1355 τοῦ
3321 1301 3686 1372 λελυπηκότος
3708 1316 3724 1328 υ
3753 1299 3810 1350 ἓν

2236 1387 2384 1471 ζήτει
2425 1399 2602 1469 μόνον,
2633 1398 2781 1458 ὅπως
2809 1393 2972 1448 αὐτοῦ
3003 1392 3099 1463 τὴν
3147 1389 3457 1462 ἀρρωστίαν
3496 1389 3711 1459 ἀνέλῃς.
3748 1389 3810 1441 Ὃ

2235 1489 2327 1545 καὶ
2353 1489 2380 1540 6
2409 1486 2675 1556 μακάριος
2701 1476 2854 1543 οὗτος
2876 1481 2904 1519 b
2928 1479 3171 1549 ἐποίησε,
3195 1477 3384 1530 πενίαν
3405 1475 3524 1529 ἀντὶ
3552 1473 3807 1536 πλούτου,

2235 1573 2467 1644 ἐρημίαν
2509 1571 2629 1624 ἀντὶ
2666 1567 2944 1638 πατρίδος,
2994 1565 3189 1626 πόνους
3237 1563 3332 1616 καὶ
3365 1561 3641 1623 κινδύνους
3686 1561 3810 1612 ἀντὶ

2232 1659 2442 1731 τρυφῆς
2491 1658 2586 1711 κα)⁵
2613 1655 2829 1719 ἀδείας,
2882 1652 3058 1722 φυγὴν
3098 1648 3320 1720 διηνεκῆ
3355 1649 3473 1701 ἀντὶ
3521 1647 3619 1716 τῆς
3669 1647 3809 1700 οἴκοι

2236 1748 2402 1820 μονῆς
2451 1746 2702 1816 ἐλόμενος
2731 1783 2746 1807 ,
2802 1743 2888 1795 ἵνα
2934 1742 3140 1794 ἐκεῖνον
3199 1735 3481 1808 ἀπαλλάξῃ
3522 1737 3620 1806 τῆς
3669 1735 3808 1806 πρὸς

2233 1835 2423 1890 ἐαυτὸν
2452 1832 2748 1903 ἀπεχθείας
2773 1831 2865 1884 καὶ
2885 1830 3100 1900 ἔχθρας.
3139 1827 3277 1880 Ἀλλ’
3307 1826 3459 1879 οὐδὲν
3485 1825 3603 1878 οὐδὲ
3635 1823 3807 1886 οὕτως

2232 1923 2518 1992 ἐκέρδανεν
2543 1923 2572 1974 6
2594 1919 2787 1984 Σαοὺλ,
2811 1917 2923 1971 ἀλλ’
2955 1916 3145 1970 ἐδίωκε
3167 1916 3263 1968 καὶ
3289 1912 3560 1981 πανταχοῦ
3587 1911 3808 1982 περιῄει

2233 2009 2412 2080 ζητῶν
2445 2008 2537 2060 τὸν
2582 2006 2877 2077 ἠδικηκότα
2924 2005 3020 2075 μὲν
3063 2002 3233 2064 οὐδὲν,
3281 1999 3600 2069 ἀδικηθέντα
3638 1998 3692 2049 δὲ
3735 1996 3807 2049 τά

2232 2098 2464 2166 ἔσχατα,
2511 2095 2604 2148 καὶ
2655 2094 2825 2164 μυρία
2873 2090 3034 2145 αὑτὸν
3082 2090 3201 2144 ἀντὶ
3247 2086 3450 2140 τούτων
3508 2086 3805 2155 ποιήσαντα

2233 2181 2442 2246 ἀγαθά·
2473 2183 2568 2235 καὶ
2611 2181 2711 2232 οὐκ
2743 2179 2916 2240 εἰδὼς,
2967 2179 3044 2240 εἰς
3087 2175 3228 2228 αύτά
3270 2173 3460 2226 λοιπὸν
3504 2171 3596 2224 τοῦ
3642 2167 3809 2223 Δαυῒδ

2231 2270 2491 2338 ἐμπίπτει
2517 2267 2586 2320 τὰ
2613 2267 2823 2320 δίκτυα.
2855 2261 2968 2320 Ἦν
2991 2262 3100 2333 γὰρ
3127 2262 3250 2314 ἐκεῖ
3297 2259 3619 2324 σπήλαιον,
3648 2257 3802 2326 φησὶ,

2230 2357 2327 2411 καὶ
2353 2355 2597 2423 είσῆλθε
2625 2354 2826 2408 Σαοὺλ
2859 2349 3456 2421 παρασκευάσασθαι.
3487 2349 3591 2400 Καὶ
3624 2345 3806 2398 Διιυῒδ

2195 2444 2326 2512 ,καὶ
2373 2446 2425 2497 οί
2467 2443 2680 2510 ἄνδρες
2731 2439 2918 2494 αὑτοῦ
2962 2439 3032 2491 ἐν
3077 2437 3157 2503 τῷ
3201 2436 3480 2503 σπηλαίῳ
3523 2432 3602 2498 τῷ
3653 2433 3807 2486 ἐσω-

2229 2531 2375 2598 τέρῳ
2405 2528 2713 2597 ἐκάθηντο.
2758 2525 2871 2579 Καὶ
2907 2522 3081 2580 εἷπον
3111 2527 3164 2579 οἱ
3206 2522 3421 2591 ἄνδρες
3451 2521 3630 2574 Δανῖδ
3656 2519 3805 2588 πρὸς

2228 2618 2444 2672 αὐτόν’
2486 2616 2630 2669 Ἰδοὺ
2681 2617 2719 2683 ἡ
2762 2613 2972 2682 ἡμέρα,
3014 2611 3210 2676 καθὼς
3256 2607 3385 2664 εἷπε
3426 2611 3670 2677 Κύριος*
3707 2610 3801 2660 Δί·

2229 2703 2372 2772 δωμι
2420 2702 2525 2755 τὸν
2561 2701 2774 2770 ἐχθρόν
2822 2716 2937 2754 σου
2985 2701 3073 2764 είς
3117 2699 3224 2764 τὰς
3269 2696 3470 2766 χεῖράς
3519 2710 3654 2757 σου,
3702 2693 3804 2746 καί

2229 2791 2503 2858 ποιήσεις
2549 2789 2709 2854 αὐτῷ
2760 2789 2824 2842 τὸ
2871 2787 3132 2857 ἀρεστὸν
3175 2777 3260 2840 ἐν⁵
3290 2783 3617 2856 ὀφθαλμοῖς
3662 2798 3800 2836 σου,

2228 2879 2336 2933 Καὶ
2371 2877 2599 2945 ἀνέστη
2627 2876 2825 2942 Δαυῒδ,
2860 2875 2957 2929 καί
2986 2873 3195 2944 ἀφεῖλε
3236 2873 3304 2927 τὸ
3341 2873 3658 2940 πτερύγιον
3691 2869 3804 2937 τῆς

2227 2965 2532 3030 διπλοΐδος
2568 2962 2766 3018 Σαοὺλ
2791 2962 3105 3030 λαθραίως.
3137 2960 3244 3016 Καὶ
3271 2960 3420 3029 μετὰ
3445 2958 3634 3012 ταῦτα
3667 2957 3804 3010 ἐπᾶ-

2226 3053 2368 3116 ταξε
2407 3051 2513 3104 τὸν
2553 3049 2732 3102 Δαυῒδ
2781 3049 2820 3116 ἡ
2865 3046 3078 3115 καρδία
3113 3046 3328 3108 αὑτοῦ,
3365 3046 3453 3098 ὅτι
3499 3043 3706 3113 ἀφεῖλε
3733 3043 3801 3094 τὸ

2227 3138 2544 3208 πτερύγιον
2583 3135 2693 3204 τῆς
2733 3133 3062 3198 διπλοΐδος,
3109 3132 3206 3187 καί
3255 3128 3384 3186 εἷπε
3429 3130 3607 3185 Δαυῒδ
3651 3130 3801 3198 πρὸς

2225 3225 2369 3290 τοὺς
2412 3223 2636 3290 ἄνδρας
2663 3222 2849 3276 αὐτοῦ
2869 3237 2884 3251 ⁸
2914 3220 3214 3288 Μηδαμῶς
3249 3238 3350 3288 μοι
3384 3223 3542 3285 παρὰ
3580 3219 3801 3284 Kvplov

2225 3312 2476 3380 ποιῆσαι
2506 3311 2570 3363 τὸ
2596 3308 2761 3378 ῥῆμα
2791 3309 2966 3362 τοῦτο
2990 3307 3070 3373 τῷ
3103 3309 3285 3375 κυρίῳ
3311 3326 3451 3376 μου,
3471 3305 3551 3370 τῷ
3577 3305 3801 3375 χριστῷ

2224 3399 2446 3466 Κυρίου
2466 3439 2480 3462 ,
2503 3395 2847 3466 ἐπενεπνιεῖν
2872 3393 2988 3463 τὴν
3013 3393 3181 3462 χεζοά
3200 3410 3318 3462 μου
3346 3393 3438 3444 ἐπ’
3475 3392 3678 3450 αὑτὸν.
3709 3391 3744 3442 ὅ
3751 3409 3800 3442 τι

2225 3486 2470 3556 χριστὸς
2496 3485 2716 3552 Κυρίου
2747 3484 2940 3537 ἐστίν.
2998 3479 3150 3546 Εἶδες
3190 3481 3258 3534 τὰ
3290 3481 3480 3534 δίκτυα
3507 3479 3796 3548 τεταμένα,

2225 3572 2319 3626 καὶ
2358 3571 2420 3624 τὸ
2462 3571 2686 3640 θήραμα
2725 3568 3218 3638 ἐναπειλημμένον,
3253 3567 3348 3619 καὶ⁵
3380 3565 3469 3618 τὸν
3496 3565 3801 3634 κυνηγέτην

2225 3658 2454 3721 ἑστῶτα,
2488 3656 2580 3710 καὶ
2609 3656 2814 3718 πάντας
2840 3655 3294 3725 ἐγκελευομένους
3329 3653 3588 3724 βαπτίσαι
3620 3652 3680 3703 τὸ
3719 3650 3800 3714 ξί-

2226 3761 2325 3813 φος
2349 3747 2429 3806 είς
2460 3743 2522 3795 τὸ
2563 3741 2659 3795 τοῦ
2691 3741 2950 3812 πολεμίου
2986 3741 3209 3812 στῆθοςς
3237 3739 3344 3793 Θέα
3375 3757 3463 3809 μοι
3488 3738 3670 3791 λοιπὸν
3698 3737 3800 3808 τὴν

2225 3829 2562 3899 φιλοσοφίαν,
2593 3828 2691 3881 θέα
2715 3830 2813 3898 τὴν
2844 3827 3042 3899 πάλην,
3079 3828 3176 3896 τὴν
3196 3827 3374 3897 νίκην,
3394 3828 3484 3879 τὸν
3513 3824 3794 3892 στέφανον.

2224 3917 2335 3969 Kal
2382 3917 2490 3988 γὰρ
2537 3915 2747 3969 στάδιον
2777 3911 2845 3985 ἦν
2887 3914 2949 3966 τὸ
2992 3914 3254 3984 σπήλαιον
3294 3915 3488 3974 ἐκεῖνο,
3526 3912 3621 3964 καὶ
3654 3911 3797 3979 πάλη

2224 4004 2507 4075 θαυμαστή
2540 4021 2622 4066 τις
2667 4003 2874 4072 ἐγίνετο
2923 4003 3016 4056 καὶ
3050 4001 3367 4074 παράδοξος.
3411 3999 3663 4052 Ἐπάλαιε
3699 4000 3798 4067 μὲν

2223 4091 2332 4162 γὰρ
2377 4093 2408 4142 6
2451 4090 2632 4156 Δαυῒδ,
2679 4089 2945 4143 ἐπύκτευε
2975 4089 3032 4141 δέ
3075 4091 3103 4142 6
3137 4087 3306 4158 θυμὸς
3329 4128 3344 4152 ,
3378 4089 3470 4140 καὶ
3499 4085 3734 4138 ἔπαθλον
3769 4086 3798 4138 6

2222 4178 2394 4232 Σαοὺλ
2423 4177 2620 4242 ἐκειτο,
2653 4178 2748 4230 καὶ
2780 4175 3126 4245 ἀγωνοθέτης
3151 4171 3219 4246 ἦν
3247 4178 3276 4228 6
3300 4175 3430 4238 Θεός
3449 4190 3463 4204 ’
3497 4173 3694 4244 μᾶλλον
3739 4173 3794 4226 δὲ

2221 4267 2280 4318 οὺ
2312 4265 2447 4337 πρὸς
2477 4265 2669 4318 ἑαυτὸν
2711 4265 2870 4335 μόνον
2898 4263 2992 4317 καὶ
3017 4264 3116 4333 τὴν
3145 4263 3440 4333 ἐπιθυμίαν
3475 4261 3573 4333 τὴν
3601 4261 3796 4314 ἐαυτοῦ

2220 4347 2287 4422 ἦν
2320 4350 2468 4421 αύτῷ
2493 4353 2521 4403 6
2552 4351 2786 4421 πόλεμος
2805 4391 2822 4418 ,
2864 4350 3002 4404 ἀλλὰ
3047 4348 3141 4404 καὶ
3186 4351 3322 4421 πρὸς
3349 4352 3473 4412 τοὺς
3520 4350 3795 4420 παρόντας

2223 4439 2578 4510 στρατιώτας.
2611 4439 2674 4491 Et
2699 4439 2806 4509 γὰρ
2832 4439 2926 4492 καὶ
2967 4437 3271 4507 φιλοσοφεῖν
3296 4437 3452 4509 ἡθελε
3482 4439 3574 4491 καὶ
3621 4438 3795 4507 φείδεο

2223 4525 2346 4579 σθαι
2383 4524 2476 4578 τοῦ
2505 4523 2888 4595 λελυπηκότος,
2921 4525 3068 4588 εἰκὸς
3092 4520 3159 4595 ἦν
3193 4526 3287 4578 καὶ
3310 4525 3605 4578 δεδοικέναι
3633 4524 3794 4577 αὑτὸν

2220 4613 2482 4675 ἐκείνους,
2513 4611 2723 4682 μήποτε
2759 4611 2854 4664 καὶ
2898 4611 3243 4682 συγκόψωσιν
3269 4611 3428 4666 αὑτὸν
3451 4613 3509 4664 ἐν
3540 4611 3618 4682 τῷ
3650 4629 3790 4681 σπη-

2219 4699 2378 4768 λαίῳ,
2428 4698 2524 4751 ἀτε
2575 4697 2828 4766 λυμεῶνα
2871 4698 2966 4751 καὶ
3012 4698 3277 4769 προδότην
3323 4698 3482 4751 αὐτὸν
3521 4699 3649 4752 ὄντα
3694 4700 3791 4768 τῆς

2219 4786 2397 4838 αὐτῶν
2433 4785 2705 4854 σωτηρίας
2729 4825 2745 4850 ,
2796 4784 2888 4836 καὶ
2927 4785 3018 4838 τὸν
3043 4785 3217 4838 κοινὸν
3257 4785 3447 4855 ἐχθρὲν
3477 4786 3656 4838 αὐτῶν
3681 4785 3796 4838 δια-

2221 4871 2481 4935 σώζοντα.
2531 4871 2640 4922 Kal
2681 4868 2791 4939 γάρ
2837 4870 2982 4932 εἰκὸς
3031 4865 3100 4941 ἦν
3148 4871 3318 4924 ταῦτα
3369 4872 3508 4925 κατά
3556 4873 3791 4925 διάνοιαν

2218 4954 2446 5008 ἕκαστον
2483 4951 2665 5004 αὐτῶν
2707 4952 3125 5022 δυσχεραίνοντα
3148 4953 3327 5022 λέγειν
3348 4970 3360 4982 ·
3387 4953 3658 5024 Πλανῆται
3698 4956 3791 5007 καὶ

2218 5036 2453 5106 φυγάδες
2497 5035 2796 5106 ἐγενόμεθα
2826 5038 3018 5106 ἡμεῖς,
3068 5037 3161 5089 καὶ
3192 5037 3367 5101 οίκίας
3400 5039 3495 5092 καὶ
3539 5037 3792 5107 πατρίδος

2217 5122 2312 5175 καὶ
2341 5119 2447 5172 τῶν
2475 5118 2648 5172 ἀλλων
2681 5119 2934 5173 ἁπάντων
2956 5117 3308 5187 ἐξεπέσομεν,
3349 5122 3440 5174 καὶ
3467 5121 3576 5173 τῶν
3603 5122 3793 5191 δυσχε-

2221 5202 2329 5273 ρῶν
2361 5218 2443 5253 σοι
2475 5202 2692 5255 πάντων
2723 5202 3158 5272 ἐκοινωνήσαμεν
3180 5218 3194 5230 ’
3233 5204 3327 5256 καὶ
3353 5205 3417 5256 σὺ
3457 5204 3566 5256 τῶν
3606 5204 3792 5257 κακῶν

2215 5285 2419 5338 τούτων
2453 5284 2545 5337 τὸν
2571 5285 2741 5338 αἴτιον
2774 5286 2854 5346 εἰς
2883 5287 3070 5354 χεῖρας
3109 5285 3309 5350 λαϐὼν,
3339 5289 3560 5355 ἀφεῖναι
3586 5288 3788 5357 διανοῇ,

2215 5369 2304 5422 ῖνα
2345 5366 2611 5438 μηδέποτε
2639 5367 2746 5420 τῶν
2782 5366 2969 5420 κακῶν
3006 5367 3210 5420 τούτων
3253 5372 3416 5439 ἡμεῖς
3443 5371 3790 5423 ἀναπνεύσω-

2218 5468 2316 5522 μεν
2339 5461 2388 5517 ε,
2416 5449 2512 5503 καὶ
2536 5449 2851 5513 σπουδάζων
2878 5449 2970 5501 τὸν
2996 5450 3187 5520 ἐχθρὸν
3217 5451 3499 5516 διασῶσαι,
3523 5453 3789 5522 προδίδως

2212 5533 2340 5596 τοὺς
2367 5532 2584 5603 φίλους;
2615 5532 2726 5585 Kal
2747 5531 2850 5584 ποῦ
2872 5532 3045 5586 ταῦτα
3070 5533 3286 5601 δίκαια;
3323 5536 3384 5588 El
3409 5537 3515 5608 γὰρ
3531 5539 3627 5608 τῆς
3658 5537 3788 5589 ἐαυ-

2212 5616 2306 5670 τοῦ
2329 5617 2688 5685 καταφρονεῖς
2713 5615 3007 5686 σωτηρίας,
3034 5615 3170 5671 ἀλλά
3190 5619 3289 5688 τῆς
3305 5620 3580 5691 ἡμετέρας
3604 5623 3787 5688 φεῖσαι

2213 5701 2361 5775 [755]
2407 5703 2603 5772 ψυχῆς.
2645 5701 2720 5753 Ού
2761 5700 2921 5755 λυπεῖ
2955 5719 3016 5754 σε
3045 5702 3114 5757 τὰ
3141 5705 3501 5774 παρελθόντα;
3533 5707 3656 5761 οὐδὲ
3686 5708 3785 5777 μέ-

2213 5802 2414 5857 μνησαι
2451 5783 2560 5836 τῶν
2603 5782 2789 5836 κακῶν
2828 5777 2904 5837 ὧν
2946 5783 3146 5848 ἔπαθες
3190 5789 3319 5858 παρ’
3356 5789 3554 5852 αὐτοῦς
3587 5789 3685 5842 Διά
3715 5793 3784 5844 τὰ

2267 5874 2293 5943 [ι
2315 5870 2442 5943 Bcg.
2467 5884 2591 5943 pnqs
2655 5873 2883 5932 μακάριος
2905 5873 3054 5931 οὗτος.
3081 5875 3219 5926 Alius
3239 5879 3264 5925 6
3286 5878 3510 5941 μακάριος
3553 5881 3716 5937 οὕτως.

2269 5936 2286 5960 ε
2314 5933 2421 5994 Reg
2461 5933 2807 5992 ἀναλεύσωμεν,
