4094 6256
425 350 456 402 ΰ
476 351 529 402 ἶό

420 464 679 532 μέλλοντα
725 463 901 527 ἄνελε,
947 465 1030 517 ἵνα
1089 466 1162 537 μὴ
1216 468 1435 537 μείζονα
1489 474 1583 525 καὶ¹
1630 474 1980 548 χαλεπώτερα

418 555 737 624 ὑποστῶμεν
767 557 928 609 κακά.
958 556 1139 610 Ταῦτα
1160 558 1268 630 γάρ
1295 562 1343 611 εί
1373 561 1465 613 καὶ
1498 564 1573 633 μὴ
1599 567 1711 627 τοῖς
1743 567 1983 636 ῥήμασιν

412 648 633 715 ἔλεγον,
692 649 807 701 ἀλλ’
859 652 1006 720 ὅμως
1055 656 1193 704 κατὰ
1252 652 1487 708 διάνοιαν
1539 656 1839 725 ἐλογίζοντο
1888 660 1982 713 καὶ

412 734 603 797 ταῦτα,
638 736 730 788 καὶ
757 736 956 789 τούτων
999 738 1215 791 πλείονα
1248 740 1430 810 ἕτερα.

484 828 545 872 ε’.
565 822 703 874 Ἀλλ’
732 822 881 874 οὐδὲν
900 822 1101 876 τούτων
1122 828 1148 877 6
1173 824 1372 888 δίκαιος
1395 828 1597 891 ἐκεῖνος
1614 828 1975 898 ὑπελογίζετο,

412 919 527 972 ἀλλ’
568 922 646 983 είς
679 920 736 974 ἓν
766 919 959 972 ἐϐλεπε
998 921 1175 990 μόνον,
1218 924 1365 987 ὅπως
1392 924 1481 977 τὸν
1513 927 1609 995 τῆς
1636 928 1979 993 ἀνεξικακίας

412 1019 779 1090 ἀναδήσασθαι
810 1020 1009 1091 δυνηθῇ
1051 1022 1331 1092 στέφανον,
1364 1025 1458 1076 καὶ
1491 1025 1844 1097 φιλοσοφῆσαι
1887 1045 1977 1097 φι-

411 1116 665 1186 λοσοφίαν
700 1119 823 1173 τινὰ
858 1122 1171 1190 καινοτέραν
1213 1122 1307 1174 καὶ
1344 1122 1660 1194 παράδοξον.
1700 1123 1837 1181 Οὐδὲ
1869 1127 1979 1196 γὰρ

409 1211 481 1284 ἦν
516 1216 659 1270 οὓτω
696 1218 1023 1289 θαυμαστὸν,
1066 1222 1113 1272 εί
1160 1221 1318 1290 μόνος
1364 1220 1439 1274 ὢν
1490 1223 1582 1275 καὶ
1618 1224 1739 1278 καθ’
1787 1216 1977 1278 ἐαυτὸν

412 1317 666 1384 ἐφείσατο
694 1319 786 1370 τοῦ
818 1318 1211 1389 λελυπηκότος,
1250 1320 1326 1383 ὡς
1351 1319 1445 1373 νῦν
1474 1322 1774 1393 παράδοξόν
1807 1325 1974 1389 ἐστιν,

410 1416 490 1468 ὃτι
532 1418 810 1488 παρόντων
855 1418 1056 1489 ἐτέρων
1085 1420 1233 1490 αὐτῷ
1262 1420 1417 1473 τοῦτο
1460 1422 1728 1492 ἐποίησεν.
1765 1424 1830 1476 Ἦ
1871 1425 1979 1490 γὰρ

410 1518 517 1569 τῶν
546 1518 890 1587 στρατιωτῶν
936 1520 1158 1573 ἐκείνων
1198 1522 1467 1591 παρουσία
1508 1521 1725 1574 διπλοῦν
1770 1523 1978 1590 ἐγίνετο

410 1619 476 1687 τῇ
513 1618 796 1689 φιλοσοφίᾳ
824 1619 883 1671 τὸ
916 1619 1162 1690 κώλυμα.
1209 1620 1472 1684 Πολλάκις
1500 1623 1629 1689 γοῦν
1666 1623 1818 1675 αὐτοὶ
1854 1623 1975 1694 κρί-

410 1734 601 1780 ναντες
633 1718 798 1789 ὀργὴν
826 1718 1070 1787 ἀφεῖναι,
1116 1720 1208 1772 καὶ
1250 1725 1597 1792 συγχωρῆσαι
1630 1723 1696 1773 τά
1731 1721 1978 1791 πεπλημ-

412 1818 690 1889 μελημένα
727 1820 853 1881 τινὶ,
891 1820 1109 1873 ἐπειδὰν
1145 1819 1340 1891 ἴδωμέν
1384 1840 1537 1885 τινας
1581 1823 1977 1892 παροξύνοντας

408 1919 503 1969 καὶ
530 1918 891 1989 διεγείροντας
910 1959 925 1986 ,
973 1920 1070 1991 τὴν
1098 1922 1369 1992 ἡμετέραν
1399 1922 1739 1991 καταλύομεν
1774 1923 1974 1991 κρίσιν,

404 2022 517 2081 τοῖς
544 2020 764 2073 ἐκείνων
786 2022 1248 2092 παραπειθόμενοι
1269 2022 1465 2090 λόγοις.
1487 2022 1625 2075 Ἀλλ’
1653 2026 1679 2076 6
1708 2024 1976 2093 μακάριος

405 2117 611 2181 ἐκεῖνος
631 2117 787 2171 τοῦτο
818 2120 914 2172 οὐκ
944 2120 1164 2188 ἔπαθεν,
1194 2122 1328 2175 ἀλλά
1359 2125 1452 2176 καὶ
1477 2123 1616 2193 μετὰ
1649 2126 1744 2195 τὴν
1774 2125 1975 2195 παραί-

406 2231 551 2266 νεσιν
582 2216 674 2268 καὶ
694 2217 792 2288 τὴν
819 2219 1124 2289 συμϐουλὴν
1154 2221 1313 2291 ἔμενε
1341 2222 1437 2292 τὴν
1470 2223 1675 2276 οἰκείαν
1705 2224 1976 2295 διατηρῶν

404 2316 601 2383 ψῆφον.
649 2320 754 2371 Καὶ
798 2320 858 2371 οὑ
890 2319 1045 2372 τοῦτο
1081 2322 1239 2391 μόνον
1277 2323 1393 2375 ἐστὶ
1434 2323 1855 2393 τὸθαυμαστὸν,
1894 2326 1977 2378 ὅτι

403 2417 528 2470 οὔτε
559 2423 676 2484 ταῖς
705 2423 832 2491 παρ’
866 2421 1069 2491 ἐτέρων
1112 2424 1437 2495 παρετράπη
1482 2425 1827 2494 συμϐουλαῖς,
1866 2426 1974 2479 οὐδ’

401 2520 485 2572 ὅτι
510 2519 705 2583 αὐτοὺς
733 2521 832 2573 οὐκ
861 2521 1083 2588 ἔδεισεν,
1104 2523 1218 2576 ἀλλ’
1247 2525 1327 2577 ὅτι
1355 2525 1451 2578 καὶ
1475 2525 1715 2589 ἐκείνους
1742 2525 1812 2579 τά
1835 2525 1975 2579 αὐτά

401 2620 551 2693 αὑτῷ
581 2622 897 2691 φιλοσοφεῖν
917 2624 1316 2695 παρεσκεύασε.
1351 2627 1510 2694 Μέγα
1541 2628 1638 2697 μὲν
1666 2628 1774 2698 γάρ
1795 2631 1855 2680 τὸ
1880 2628 1975 2679 καὶ

401 2722 566 2776 αὐτόν
593 2740 712 2778 τινα
750 2724 860 2778 τῶν
898 2726 1114 2779 οἰκείων
1163 2726 1543 2797 περιγενέσθαι
1579 2729 1799 2783 παθῶνο
1837 2729 1969 2782 πολὺ

398 2826 457 2878 δὲ
479 2825 661 2895 μεῖζον
682 2826 739 2878 τὸ
768 2827 859 2878 καὶ.
884 2829 1102 2897 ἐτέρους
1131 2828 1423 2899 δυνηθῆναι
1449 2832 1654 2895 πεῖσαι,
1683 2831 1780 2899 τὴν
1800 2831 1969 2902 αὐτὴν

402 2926 551 2995 αὑτῷ
582 2925 885 2996 κτήσασθαι
911 2927 1161 2997 γνώμηνο
1193 2931 1286 2981 καὶ
1314 2930 1551 2999 ἐτέρους,
1582 2931 1682 2982 οὐκ
1710 2933 1971 2994 ἐπιεικεῖς

401 3025 720 3095 ἀνθρώπους
749 3027 843 3079 καὶ
872 3027 1145 3097 μετρίους,
1173 3028 1306 3080 άλλά
1335 3029 1665 3099 στρατιώτας
1695 3031 1788 3083 καὶ
1818 3029 1973 3083 πολε-

404 3131 525 3198 μεῖν
574 3129 960 3201 μεμαθηκότας
979 3167 994 3193 ,
1042 3130 1136 3182 καὶ
1177 3132 1289 3193 τοῖς
1338 3130 1550 3195 πολλοῖς
1586 3132 1971 3200 ἀπεγνωκότας

400 3230 603 3293 πόνοις,
632 3228 725 3282 καὶ
753 3229 948 3300 μικρὸν
975 3229 1311 3283 ἀναπνεῦσαι
1331 3231 1749 3302 ἐπιθυμοῦντας,
1773 3233 1867 3285 καὶ
1892 3235 1969 3286 εί⁴

398 3331 555 3394 δότας
588 3333 801 3384 ὅτιτῶν
830 3331 1016 3385 κακῶν
1048 3333 1082 3402 ἡ
1115 3332 1265 3396 λύσις
1292 3334 1439 3387 πᾶσα
1483 3335 1540 3386 ἐν
1573 3338 1638 3406 τῇ
1685 3336 1776 3389 τοῦ
1810 3336 1970 3390 πολε-

404 3434 528 3503 μίου
569 3437 750 3505 σφαγῇ
791 3437 912 3488 τότε
944 3434 1152 3488 ἔκειτο·
1201 3436 1261 3488 οὐ
1299 3436 1457 3505 μόνον
1493 3437 1550 3490 δὲ
1579 3437 1731 3501 λύσις
1759 3440 1967 3510 κακῶν,

401 3534 534 3586 ἀλλὰ
558 3535 651 3587 καὶ
672 3536 881 3606 μυρίων
910 3537 1100 3606 κτῆσις
1121 3536 1342 3603 ἀγαθῶν
1361 3553 1375 3565 ⁸
1400 3540 1550 3593 οὐδὲν
1572 3539 1679 3609 γὰρ
1709 3539 1967 3607 ἐκώλυεν,

399 3636 608 3689 ἐκείνου
643 3638 961 3704 σφαγέντος,
1009 3639 1101 3691 ἐπι
1132 3638 1318 3692 τοῦτον
1351 3640 1552 3702 εὐθέως
1584 3640 1832 3711 διαϐῆναι
1871 3641 1969 3710 τὴν

403 3736 694 3805 βασιλείαν.
734 3737 872 3789 Ἀλλ’
903 3739 1050 3805 ὅμως
1094 3740 1363 3791 τοσούτων
1390 3740 1560 3792 ὄντων
1590 3740 1699 3791 τῶν
1728 3740 1967 3805 παροξυ-

401 3836 601 3889 νόντων
627 3837 751 3899 τοὺς
785 3834 1141 3907 στρατιώτας,
1174 3837 1390 3906 ἴσχυσεν
1436 3840 1464 3889 ὁ
1492 3840 1736 3904 γενναῖος
1763 3838 1969 3902 ἐκεῖνος

401 3938 617 3992 πάντων
647 3936 1027 4005 περιγενέσθαι
1060 3935 1286 4001 τούτων,
1329 3937 1421 3989 καὶ
1452 3939 1634 3990 πεῖσαι
1680 3938 1968 4005 φείσασθαι

400 4026 493 4078 τοῦ
532 4024 810 4095 πολεμίου.

475 4131 658 4196 Ἀξιον
679 4130 736 4184 δὲ
767 4130 861 4184 καὶ
886 4130 1056 4202 αὑτῆς
1092 4131 1319 4184 ἀκοῦσαι
1347 4132 1455 4185 τῶν
1496 4131 1839 4201 στρατιωτῶν
1870 4131 1969 4201 τῆς

403 4218 741 4289 συμϐουλῆς·
785 4220 817 4289 ἡ
872 4218 980 4290 γάρ
1018 4218 1321 4290 κακουργία
1359 4220 1458 4289 τῆς
1501 4220 1873 4289 παραινέσεως
1908 4219 1969 4271 τὸ

402 4306 627 4377 στερρὸν
658 4307 752 4360 καὶ
790 4306 1185 4378 ἀπερίτρεπτον
1217 4307 1316 4375 τῆς
1349 4305 1442 4358 τοῦ
1487 4306 1696 4360 δικαίου
1732 4306 1968 4361 δείκνυσι

400 4392 643 4463 γνώμης.
688 4394 822 4446 υύδὲ
865 4393 971 4462 γάρ
1017 4389 1202 4445 εἷπονο
1240 4392 1371 4445 Ἰδοὺ
1402 4395 1431 4445 6
1475 4393 1643 4464 μυρία
1675 4410 1734 4445 σε
1765 4393 1967 4456 διαθεὶς

399 4478 544 4530 κακά
564 4520 579 4542 ,
612 4480 640 4530 6
667 4478 765 4548 τῆς
800 4478 1012 4547 σφαγῆς
1045 4477 1390 4548 ἐπιθυμήσας
1415 4479 1513 4549 τῆς
1541 4479 1659 4550 σῆς,
1687 4480 1715 4531 6
1738 4480 1965 4551 περιϐα-

398 4563 504 4618 λὼν
533 4566 676 4633 ἡμᾶς
721 4567 831 4627 τοῖς
862 4564 1176 4633 ἀνηκέστοις
1213 4564 1400 4627 δεινοῖς
1423 4581 1437 4596 ·
1480 4565 1591 4618 ἀλλ’
1625 4568 1807 4636 ἐπειδὴ
1839 4583 1965 4620 συν-

397 4651 536 4722 εῖδον
569 4653 649 4704 ὃτι
680 4652 893 4705 πάντων
918 4652 1119 4704 τούτων
1148 4650 1434 4722 ὑπερεώρα
1454 4692 1469 4714 ,
1512 4653 1605 4705 καὶ
1635 4652 1741 4705 τῶν
1765 4656 1844 4717 εἰς
1870 4655 1967 4707 αὑ-

396 4737 487 4793 τὸν
508 4720 748 4808 ’ἡμαρτη
758 4737 935 4807 μένων
958 4738 1019 4790 ού
1052 4737 1217 4791 πολὺν
1245 4720 1476 4793 ἐποιεῖτο
1500 4740 1590 4793 τὸν
1620 4740 1795 4808 λόγον,
1823 4740 1966 4795 άνω-

397 4824 487 4878 θεν
516 4825 662 4895 αὑτῷ
693 4827 791 4895 τὴν
814 4826 991 4896 ψῆφον
1025 4826 1297 4897 φέρουσιν,
1340 4828 1393 4878 Ὀ
1425 4826 1567 4891 Θεὸς
1598 4827 1786 4880 αὐτὸν
1820 4844 1966 4897 :zap-

394 4913 606 4978 ἐδωκε,
652 4913 899 4982 λέγοντες
922 4952 938 4977 ,
975 4914 1062 4967 ἵνα
1092 4914 1190 4985 τὴν
1222 4914 1430 4967 ἐκεῖθεν
1477 4914 1741 4978 αἰδεσθεὶς
1782 4918 1964 4986 κρίσιν

396 5002 736 5073 ἑτοιμότερον
768 5004 860 5055 ἐπὶ
895 5003 994 5073 τὴν
1027 5002 1237 5072 σφαγὴν
1283 5002 1429 5074 ἐλθῃ.
1476 5003 1569 5073 Μὴ
1613 5003 1721 5073 γὰρ
1771 5005 1963 5057 σαυτὸν

395 5092 655 5157 ἐκδικεῖς;
683 5091 834 5162 φησί.
871 5092 961 5162 Τῷ
994 5091 1111 5161 Θεῷ
1138 5091 1353 5161 διακονῇ
1396 5092 1489 5145 καὶ
1516 5093 1803 5164 ὑπηρετεῖς
1822 5133 1836 5157 ,
1870 5095 1964 5147 καὶ

394 5179 491 5250 τὴν
523 5182 733 5235 ἐκείνου
779 5181 956 5253 ψῆφον
987 5184 1191 5253 κυροῖς.
1235 5182 1372 5233 Ἀλλ’
1406 5183 1514 5251 ὅσῳ
1541 5182 1714 5235 ταῦτα
1758 5184 1957 5252 ἔλεγον,

394 5272 631 5342 τοσούτῳ
672 5270 870 5341 μᾶλλον
920 5270 1179 5338 ἐφείδετο.
1212 5270 1365 5341 ’ᾙδει
1419 5269 1526 5339 γάρ
1576 5270 1760 5334 τοῦτο,
1810 5272 1891 5324 ὃτι
1935 5276 1963 5325 6

397 5354 547 5429 [756]
576 5358 705 5421 Θεὸς
736 5357 898 5411 αὐτὸν
927 5356 1075 5426 αὐτῷ
1103 5356 1435 5427 παρέδωκεν,
1471 5357 1556 5409 ἵνα
1600 5357 1842 5421 πλείονος
1873 5360 1962 5411 εὑ-

394 5444 733 5517 δοκιμήσεως
757 5444 905 5515 αὐτῷ
932 5432 1186 5516 παράσχῃ
1211 5444 1501 5516 πρόφασιν.
1520 5445 1630 5499 Καὶ
1665 5445 1728 5497 σὺ
1760 5446 1957 5512 τοίνυν,

394 5529 523 5583 ὅταν
555 5531 670 5601 ίδῃς
706 5531 797 5584 τὸν
844 5530 1035 5602 ἐχθρὸν
1072 5533 1151 5593 είς
1179 5533 1277 5593 τάς
1310 5534 1495 5602 χεῖρας
1520 5531 1824 5601 ἐμπεσόντα
1864 5532 1960 5597 τὰς

397 5617 514 5682 σὰς,
540 5622 613 5690 μὴ
632 5620 816 5691 νόμιζε
836 5620 1122 5690 τιμωρίας,
1137 5618 1271 5673 ἀλλά
1300 5620 1572 5690 σωτηρίας
1601 5614 1739 5673 εἶναι
1771 5622 1959 5691 καιρὸν

396 5710 618 5764 ἐκεῖνον.
651 5710 748 5763 Διὰ
791 5709 944 5764 τοῦτο
981 5712 1099 5765 τότε
1149 5710 1383 5781 μάλιστα
1415 5711 1688 5781 φείδεσθαι
1722 5711 1801 5764 δεῖ
1849 5710 1956 5763 τῶν

1439 358 1527 415 DE
1575 362 1828 418 DAVIDE
1865 363 1951 420 ET
1992 366 2216 425 SAULE
2255 368 2539 432 HOMILIA
2568 379 2610 434 1.

3550 396 3656 453 684

2767 496 3050 565 γενώμεθα
3103 500 3299 575 κύριοι.
3349 503 3486 559 Ἀλλ’
3523 508 3654 575 ῐσως

2083 581 2225 634 εῐποι
2258 599 2341 644 τις
2370 584 2463 636 ἀν’
2494 588 2605 641 Καὶ
2632 590 2683 641 τί
2720 593 2859 661 μέγα
2900 597 2995 649 καὶ
3026 573 3333 670 θαυμαστοὸν
3359 573 3651 677 γενόμενον

2083 678 2268 750 κύριον
2311 684 2631 754 φείσασθαις
2682 688 2873 742 Πολλοὶ
2919 692 3027 764 γάρ
3068 696 3162 749 καὶ
3222 697 3364 752 ἄλλοι
3412 700 3650 769 βασιλεῖς

2085 775 2347 842 πολλάκις
2384 780 2476 832 ἐπὶ
2507 779 2606 849 τὴν
2637 780 2812 852 ἀρχὴν
2840 785 3105 855 ἐλθόντες,
3141 792 3265 856 τοὺς
3299 795 3464 848 πάλαι
3494 798 3649 852 λελυ-

2091 482 2321 553 ἐχθρῶν,
2368 486 2496 539 ὅταν
2540 490 2719 545 αὑτῶν

2082 871 2325 938 πηκότας
2351 874 2627 941 λαϐόντες,
2658 878 2873 941 ἀνάξιον
2902 882 3077 936 αὐτῶν
3121 882 3258 939 εἶναι
3299 888 3552 959 ἐνόμισαν
3590 896 3653 948 ἐν

2080 966 2253 1035 ἀρχῆς
2290 966 2437 1038 ὄγκῳ
2465 970 2701 1040 τοσούτῳ
2743 972 2896 1043 δίκην
2926 977 3226 1046 ἀπαιτῆσαι
3257 981 3363 1034 τῶν
3396 984 3653 1055 πεπλημ-τ

2082 1062 2423 1130 μελημένων,
2456 1065 2549 1116 καὶ
2580 1066 2612 1134 ἡ
2643 1068 2742 1135 τῆς
2781 1066 3026 1135 ἐξουσίας
3061 1077 3349 1143 περιουσία
3376 1080 3643 1132 καταλλα-

2077 1154 2181 1222 γῆς
2211 1156 2466 1219 ὑπόθεσις
2506 1157 2747 1226 γέγονεν.
2786 1162 2924 1215 Ἀλλ’
2966 1167 3198 1221 ἐνταῦθα
3230 1170 3379 1223 οὐδὲν
3409 1175 3651 1227 τοιοῦτον

2077 1246 2223 1302 ἐστιν
2246 1251 2439 1305 εἰπεῖν.
2465 1250 2537 1304 Οὑ
2569 1252 2675 1324 γὰρ
2700 1254 2792 1307 ἐπὶ
2817 1256 2914 1326 τὴν
2938 1260 3109 1330 ἀρχὴν
3141 1264 3378 1319 ἀνελθὼν
3404 1269 3432 1320 6
3457 1268 3647 1335 Δαυῒδ,

2077 1347 2195 1397 οὑδέ
2239 1349 2339 1416 τὴν
2385 1347 2659 1416 βασιλείαν
2701 1352 3010 1418 ἀπολαϐὼν,
3057 1360 3151 1411 καὶ
3197 1360 3287 1413 τὸν
3328 1363 3496 1417 Σαοὺλ
3542 1366 3653 1417 ὑπὸ

2076 1444 2263 1512 χεῖρας
2292 1442 2447 1511 ἔχων,
2474 1443 2643 1507 οῦτως
2677 1448 2949 1515 ἐφείσατο,
2977 1451 3063 1503 ἵνα
3089 1455 3162 1524 μή
3190 1472 3271 1518 τις
3299 1459 3457 1533 dum
3477 1460 3557 1511 ὅτι
3581 1460 3649 1512 τὸ

2074 1538 2175 1605 τῆς
2220 1539 2394 1607 ἀρχῆς
2426 1540 2653 1608 μέγεθος
2679 1542 2768 1595 τὸν
2800 1544 2967 1614 θυμὸν
3010 1548 3287 1611 ἐξέλυσεν·
3329 1554 3442 1605 ἀλλ’
3489 1555 3645 1619 εἰδὼς

2075 1634 2156 1684 ὅτι
2188 1633 2471 1697 διασωθεὶς
2503 1639 2613 1700 τοῖς
2641 1638 2821 1702 αὑτοῖς
2870 1643 3185 1711 ἐπιθήσεται
3230 1648 3410 1712 πάλιν,
3444 1652 3536 1705 καὶ
3565 1654 3644 1715 είς

2080 1728 2328 1797 μείζονας
2373 1731 2599 1798 ἐμϐαλεῖ
2631 1736 2756 1796 τοὺς
2818 1737 3114 1805 κινδύνους,
3160 1744 3281 1797 οὐδέ
3311 1744 3482 1809 οὕτως
3537 1749 3645 1801 ἀπ-

2076 1824 2301 1878 έκτεινε.
2336 1826 2423 1894 Μὴ
2440 1827 2501 1896 δὴ
2528 1828 2713 1879 τοῦτον
2730 1831 2956 1895 ἐκείνοις
2969 1837 3389 1906 παραϐάλωμεν.
3420 1841 3645 1896 Ἐκεῖνοι

2078 1920 2177 1988 μὲν
2236 1921 2343 1988 γὰρ
2397 1922 2636 1990 ἀσφαλὲς
2680 1926 2741 1977 τὸ
2793 1928 3046 1999 ἐνέχυρον
3092 1932 3305 2002 ἔχοντες
3353 1936 3449 2005 τῆς
3508 1936 3643 2004 μετὰ

2075 2014 2244 2067 ταῦτα
2276 2014 2487 2079 ἀδείας,
2532 2018 2757 2082 εἰκότως
2792 2021 3089 2088 φείδονταιο
3140 2021 3292 2090 οὗτος
3335 2029 3391 2082 δὲ
3438 2030 3645 2099 μέλλων

2074 2109 2164 2161 τὸν
2194 2108 2385 2179 ἐχθρὶν
2419 2111 2538 2164 καθ’
2570 2113 2760 2166 ἐαυτοῦ
2786 2117 3023 2184 ἀφιέναι,
3059 2121 3152 2173 καὶ
3181 2098 3650 2194 πολέμιονέαυτῷ

2075 2204 2287 2269 σώζειν,
2317 2207 2434 2258 οὑδέ
2459 2207 2631 2273 οῦτως
2669 2212 2830 2266 αὑτὸν
2863 2215 3114 2282 ἠφάνισε,
3147 2219 3240 2271 καὶ
3272 2219 3443 2271 ταῦτα
3474 2220 3643 2274 πολλὰ

2075 2301 2211 2371 ἔχων
2266 2304 2330 2354 τὰ
2378 2306 2512 2373 πρὸς
2544 2306 2640 2376 τὴν
2673 2308 2882 2379 σφαγὴν
2923 2311 3083 2365 αὑτὸν
3130 2312 3330 2385 ταύτην
3377 2314 3640 2371 ὠθοῦντα.

2074 2399 2184 2451 Καὶ
2225 2399 2330 2469 γὰρ
2363 2402 2394 2470 ἡ
2423 2402 2625 2471 ἐρημία
2659 2403 2764 2455 τῶν
2793 2403 3127 2475 βοηθούντων
3159 2409 3234 2479 τῷ
3262 2411 3450 2476 Σαοὺλ,
3486 2412 3579 2463 καὶ
3606 2413 3645 2482 ἡ

2075 2494 2395 2562 παραίνεσις
2428 2497 2535 2547 τῶν
2570 2500 2937 2569 στρατιωτῶν,
2973 2504 3065 2556 καὶ
3096 2506 3127 2574 ή
3156 2506 3341 2575 μνήμη
3369 2506 3474 2559 τῶν
3499 2524 3644 2578 παρ-

2071 2588 2353 2658 ελθόντων,
2394 2591 2494 2645 ’καὶ
2528 2595 2556 2645 6
2584 2594 2747 2662 φόϐος
2779 2597 2887 2649 τῶν
2932 2599 3251 2669 μελλόντων,
3294 2603 3386 2655 καὶ
3412 2603 3473 2655 τὸ
3508 2603 3643 2673 μηδέ

2071 2688 2284 2757 σφαγῆς
2327 2689 2610 2760 κρίνεσθαι
2642 2692 2827 2748 λοιπὸν
2857 2696 3253 2753 ἀποκτείναντα
3294 2701 3384 2755 τὸν
3426 2701 3641 2771 ἐχθρὸν,

2069 2788 2255 2840 καὶτὸ
2298 2787 2437 2858 μετά
2480 2791 2570 2843 τὸν
2622 2794 2781 2861 φόνον
2824 2795 3011 2851 τοῦτον
3050 2798 3303 2852 δύνασθαι
3353 2800 3445 2853 τὸν
3477 2800 3643 2869 νόμον

2071 2883 2438 2952 ὑπερϐαίνειν,
2473 2887 2569 2939 καὶ
2608 2887 2778 2941 πολλὰ
2811 2890 2971 2959 ἕτερα
3004 2893 3225 2947 πλείονα
3255 2896 3460 2949 τούτων
3492 2896 3642 2949 ἐϐιά-

2072 2975 2195 3038 ζετο
2216 2977 2311 3029 καὶ
2332 2979 2641 3047 ἠνάγκαζεν
2667 2981 2880 3050 ώθῆσαι
2906 2985 2964 3036 τὸ
2989 2984 3138 3053 ξίφος
3160 2988 3239 3050 είς
3258 2988 3480 3041 ἐκεῖνον.
3500 2990 3554 3042 Ἀ
3564 2989 3645 3042 λλ*

2068 3071 2242 3126 οὐδενὶ
2269 3073 2471 3127 τούτων
2504 3072 2664 3140 εἶξεν,
2717 3078 2830 3131 ἀλλ’
2859 3080 3048 3148 ἔμενεν
3078 3081 3265 3153 ὥσπερ
3293 3102 3375 3146 τις
3405 3085 3637 3154 ἀδάμας,

2068 3168 2322 3232 ἀκίνητον
2349 3170 2439 3223 τὸν
2470 3171 2569 3241 τῆς
2607 3172 2924 3242 φιλοσοφίας
2972 3176 3243 3248 διατηρῶν
3289 3180 3469 3249 νόμον.
3508 3176 3643 3234 Εἶτα

2067 3264 2154 3319 ἴνα
2184 3270 2258 3337 μὴ
2281 3267 2445 3341 λέγῃς
2474 3273 2554 3323 ὅτι
2585 3271 2705 3323 οὑδέ
2748 3271 2917 3326 ἔπαθέ
2960 3291 3013 3326 τι
3059 3274 3317 3337 τοιοῦτον,
3351 3272 3461 3330 οἷον
3493 3278 3640 3341 είκδς

2064 3357 2154 3434 ἦν,
2180 3362 2293 3416 ἀλλ’
2320 3364 2643 3437 ἀναισθησία
2671 3367 2732 3420 τὸ
2758 3369 3042 3439 γινόμενον
3064 3366 3152 3441 ἦν,
3180 3371 3299 3443 οὐχὶ
3331 3372 3637 3441 φιλοσοφία,

2064 3460 2165 3529 ὅρα
2189 3460 2307 3524 πῶς
2338 3462 2631 3533 ἀγριωθεὶς
2669 3466 3057 3536 ἐκαρτέρησεν.
3096 3470 3216 3521 Ὅτι
3254 3468 3361 3539 γὰρ
3389 3469 3537 3538 αὑτῷ
3563 3470 3638 3522 δι-

2064 3554 2263 3624 ανέστη
2286 3555 2355 3608 τά
2378 3557 2444 3610 κύ
2454 3575 2597 3627 ματα
2611 3559 2710 3627 τῆς
2730 3561 2916 3631 ὀργῆς,
2947 3564 3039 3615 καὶ
3061 3563 3223 3634 πολλὴ
3238 3565 3344 3618 τῶν
3365 3564 3643 3633 λογισμῶν

2066 3648 2289 3719 ἐκινήθη
2323 3652 2356 3719 ἡ
2397 3652 2553 3721 ζάλη,
2590 3654 2685 3705 καὶ
2720 3655 2810 3709 τὸν
2838 3657 3077 3726 χειμῶνα
3104 3659 3344 3728 ὲχαλίνου
3382 3659 3460 3729 τῷ
3490 3659 3638 3730 φόϐῳ

2064 3742 2160 3794 τοῦ
2197 3743 2352 3807 Θεοῦ,
2381 3746 2475 3798 καὶ
2502 3745 2600 3815 τὴν
2634 3747 2869 3802 διάνοιαν
2898 3751 3163 3817 ἐπιέζετο,
3189 3755 3253 3809 ἐκ
3277 3755 3383 3806 τῶν
3411 3755 3637 3826 γενομέα

2067 3853 2173 3889 νων
2205 3836 2350 3889 ἐστιν
2382 3837 2527 3892 ἰδεῖν.
2564 3841 2812 3910 Ἀνέστη
2853 3844 2978 3915 γάρ,
3015 3849 3167 3917 φησὶ,
3217 3849 3313 3901 καί
3335 3849 3541 3916 ἀφεῖλε
3570 3852 3643 3903 τὺ

2067 3933 2383 4001 πτερύγιον
2397 3933 2502 4001 τῆς
2514 3935 2819 4003 διπλοΐδος
2839 3942 3035 3994 Σαοὺλ
3051 3945 3361 4011 λαθραίως.
3380 3941 3531 4007 Εἶδες
3548 3946 3643 3998 πό-

2067 4043 2158 4090 σος
2174 4028 2382 4099 ἠγέρθη
2398 4031 2497 4101 τῆς
2510 4031 2677 4103 ὀργῆς
2696 4035 2724 4086 ὁ
2745 4035 2950 4106 χειμών
2970 4055 2984 4103 ;
3010 4037 3146 4091 Ἀλλ’
3175 4040 3233 4091 οὐ
3261 4040 3498 4112 προῆλθε
3536 4059 3636 4094 πε-

2069 4124 2333 4194 ραιτέρω,
2364 4125 2482 4178 οὐδὲ
2511 4128 2803 4198 εἰργάσατο
2832 4132 2893 4185 τὸ
2921 4133 3175 4202 ναυάγιον
3197 4150 3209 4165 ·
3240 4136 3269 4187 6
3310 4137 3415 4207 γὰρ
3442 4136 3637 4206 κυϐερ-

2066 4209 2234 4279 νήτης
2269 4212 2485 4282 ταχέως
2511 4213 2848 4287 αἰσθόμενος,
2900 4221 2931 4273 ό
2974 4221 3199 4291 εὐσεϐὴς
3226 4224 3503 4294 λογισμὸς,
3536 4241 3635 4290 γαρ

2067 4296 2231 4368 λήνην
2276 4298 2395 4351 ἀντὶ
2438 4302 2702 4369 χειμῶνος
2742 4306 3015 4377 ἐποίησεν.
3063 4310 3353 4376 Ἐπὰταξε
3386 4312 3496 4383 γάρ
3525 4314 3633 4365 αὺ-

2067 4386 2191 4471 τὸν,
2220 4387 2404 4453 φησὶν,
2424 4390 2462 4452 ἡ
2485 4389 2697 4455 καρδία
2719 4395 2926 4459 αὑτοῦ,
2941 4396 3035 4448 καὶ
3052 4396 3299 4469 καθάπερ
3330 4397 3632 4471 σκιρτῶντα

2067 4470 2163 4522 καὶ
2198 4473 2518 4543 μαινόμενον
2552 4476 2734 4539 ἵππον,
2774 4480 2866 4534 τὸν
2898 4482 3066 4553 θυμὸν
3096 4486 3421 4555 ἀνεχαίτισε.

2132 4584 2195 4638 ς’.
2221 4578 2476 4634 Τοιαῦται
2504 4584 2614 4637 τῶν
2662 4586 2829 4655 ἁγίων
2872 4592 2926 4642 αἱ
2963 4590 3157 4660 ψυχαί·
3207 4594 3394 4664 πρὶνῆ
3429 4596 3630 4658 πεσεῖν,

2066 4664 2399 4734 ἀνίστανται,
2424 4669 2553 4738 πρὶν
2574 4671 2605 4741 ἣ
2632 4673 2767 4742 πρὸς
2792 4674 2888 4744 τὴν
2913 4676 3185 4745 ἁμαρτίαν
3209 4678 3634 4750 ἐλθεῖν,ἀναχαιο

2064 4751 2304 4815 τίζονται
2330 4795 2345 4817 ,
2380 4755 2566 4825 ἐπειδὴ
2594 4759 2823 4827 νήφουσι
2851 4762 2945 4814 καὶ
2973 4763 3261 4826 διαπαντός
3308 4767 3441 4818 εἰσιν
3470 4768 3633 4837 ἐγρη-

2066 4842 2301 4909 γορυῖαι.
2345 4843 2538 4897 Καίτοι
2571 4847 2734 4899 πόσον
2759 4847 2854 4899 τοῦ
2887 4847 3135 4917 σώματος
3169 4846 3237 4920 ἦν
3271 4851 3479 4905 καὶτοῦ
3510 4856 3634 4923 ίμαη

2065 4926 2180 4978 τίου
2212 4926 2363 4999 [757]
2395 4930 2455 4981 τὸ
2487 4930 2648 5000 μέσον
2669 4951 2682 4998 ;
2702 4931 2838 4985 Ἀλλ’
2863 4935 3009 5003 ὅμως
3040 4938 3227 5007 ἴσχυσε
3251 4939 3325 5010 μὴ
3351 4940 3634 5011 προελθεῖν

2006 5074 2009 5079 η
2066 5015 2391 5085 περαιτέρω,
2439 5019 2530 5068 καὶ
2562 5020 2647 5069 ἐπ’
2687 5019 2834 5090 αύτῷ
2875 5021 2932 5074 δέ
2969 5023 3143 5095 τούτῳ
3188 5026 3390 5097 σφόδρα
3440 5028 3631 5080 ἑαυτὸν

2066 5099 2435 5154 κατεδίκασεν.
2471 5103 2755 5169 Ἐπάταξε
2778 5106 2886 5178 γὰρ
2913 5109 3099 5163 αὐτὸν
3122 5111 3159 5178 ἡ
3190 5114 3401 5181 καρδία
3422 5114 3630 5177 αὑτοῦ,

2065 5185 2265 5254 φησὶν,
2305 5187 2393 5241 ὅτι
2422 5190 2638 5257 ἀφεῖλε
2669 5193 2735 5244 τὸ
2782 5197 3097 5266 πτερύγιον
3138 5198 3249 5266 τῆς
3289 5198 3630 5263 διπλοΐδος,

2063 5271 2164 5324 καὶ
2185 5269 2314 5327 εἷπε
2341 5275 2489 5342 πρὸς
2517 5278 2660 5344 τοὺς
2688 5280 2910 5349 ἄνδρας
2927 5300 2940 5313 ο
2972 5284 3265 5353 Μηδαμῶς
3301 5284 3431 5353 ἐμοὶ
3472 5287 3633 5353 παρὰ

2062 5360 2304 5426 Κυρίου.
2364 5362 2425 5414 Τί
2473 5365 2609 5427 ἐστι,
2654 5368 2947 5436 Μηδαμῶς
2996 5370 3127 5439 ἐμοὶ
3167 5371 3326 5440 παρὰ
3376 5372 3629 5439 Κυρίου;

2075 5448 2219 5501 Ἀντὶ
2261 5448 2389 5517 τοῦ,
2416 5451 2601 5517 Ἵλεώς
2648 5473 2738 5525 μοι
2780 5458 3014 5528 Κύριος,
3061 5460 3225 5529 φησὶ,
3262 5461 3354 5514 καὶ
3392 5462 3552 5525 αὐτὸς
3578 5466 3628 5516 εί

2064 5533 2401 5620 βουληθείην,
2450 5538 2526 5608 μὴ
2562 5544 2911 5613 συγχωρήσαι
2958 5546 3046 5614 μοί
3093 5564 3221 5600 ποτε
3267 5548 3426 5602 τοῦτο
3463 5550 3628 5620 ἐργά-

2064 5619 2258 5675 σασθαι
2298 5625 2327 5675 6
2357 5623 2521 5689 Θεὸς,
2562 5628 2696 5698 μηδέ
2733 5629 3072 5699 ἐπιτρέψειεν
3101 5635 3179 5696 είς
3217 5635 3414 5705 ταύτην
3454 5635 3628 5690 ἐλθεῖν

2061 5705 2158 5777 τὴν
2187 5708 2478 5783 ἁμαρτίαν.
2526 5713 2739 5785 Ἐπειδὴ
2780 5716 2887 5786 γὰρ
2921 5714 3025 5771 οἶδε
3064 5718 3162 5789 τὴν
3190 5720 3442 5792 τοιαύτην
3475 5721 3626 5793 φιλοο
