4094 6256
473 415 578 471 685

477 532 670 601 σοφίαν
691 531 874 600 σχεδὸν
895 529 992 600 τὴν
1021 525 1361 597 ἀνθρωπίνην
1398 521 1828 592 ὐπερδαίνουσαν
1851 518 2034 587 φύσιν,

475 619 575 676 καὶ
615 619 716 688 τῆς
761 615 960 670 ἄνωθεν
990 613 1249 683 δεομένην
1283 609 1454 678 ῥοπῆς
1479 647 1494 672 ,
1528 607 1622 660 καὶ
1657 602 1854 674 μικροῦ
1888 617 2043 688 περι-

475 685 750 777 τραπέντα
795 703 930 772 πρὸς
969 700 1068 771 τὴν
1113 697 1344 767 σφαγὴν,
1393 693 1606 764 εὔχεται
1653 691 1857 754 λοιπὸν,
1901 685 2042 742 ὥστε

478 775 724 860 καθαρὰν
759 788 849 842 τὸν
889 785 1020 840 Θεὸν
1071 783 1218 854 αὐτῴ
1262 780 1586 853 διατηρῆσαι
1626 777 1724 848 τὴν
1763 778 1939 860 χεῖρα;
1980 775 2044 826 Τί

479 858 680 946 ταύτης
713 874 906 943 γένοιτ’
943 874 1008 926 ἂν
1037 872 1136 940 τῆς
1169 871 1348 939 ψυχῆς
1373 863 1720 937 ἡμερώτερον
1741 880 1756 928 ;
1779 858 1926 934 Ἀρα
1953 862 2047 916 ἄν-

479 965 695 1036 θρωπον
728 963 805 1016 ἐτι
837 961 1022 1014 τοῦτον
1051 957 1302 1029 ἐροῦμεν,
1331 955 1423 1007 τὸν
1452 956 1510 1006 ἐν
1545 950 1858 1022 ἀνθρωπεία
1890 948 2046 1018 φύσει

481 1033 752 1104 πολιτείαν
802 1047 1096 1118 ἀγγελικὴν
1143 1041 1588 1111 ἐπιδειξάμενον;
1653 1037 1789 1090 Ἀλλ’
1831 1036 1931 1090 οὐκ
1981 1033 2048 1088 ἂν

480 1121 796 1206 ἀνάσχοιντο
821 1137 872 1188 οἱ
903 1133 1035 1186 θεῖοι
1063 1133 1234 1201 νόμοι.
1266 1128 1360 1189 Τίς
1390 1126 1498 1195 γὰρ
1535 1124 1622 1186 ἂν,
1655 1121 1776 1175 εἰπέ
1809 1137 1920 1206 μοι,
1954 1137 2048 1172 τα-

482 1205 837 1292 χέωςέλοιτο
880 1218 1133 1288 τοιαύτην
1179 1215 1344 1286 εὐχὴν
1387 1209 1641 1276 εὔξασθαι
1682 1207 1763 1292 τῷ
1793 1205 1940 1276 Θεῷ;
1984 1205 2049 1259 Τί

483 1291 648 1378 λέγω,
682 1307 969 1378 τοιαύτην;
995 1306 1085 1375 Μὴ
1121 1298 1482 1364 κατεύξασθαι
1515 1297 1613 1367 μὲν
1646 1291 1738 1349 οὖν
1765 1293 1860 1347 τοῦ
1893 1293 2049 1347 λελυ-

484 1397 720 1467 πηκότος
767 1395 850 1456 τίς
894 1391 959 1445 ἂν
1005 1391 1200 1462 ράδιως
1252 1385 1597 1456 ὐπομείνειε;
1659 1383 1769 1440 Καὶ
1817 1379 1923 1450 γάρ
1973 1381 2052 1441 είς

484 1487 644 1540 τοῦτο
667 1483 954 1554 θηριωδίας
968 1480 1294 1551 ἐληλάκασιν
1319 1477 1368 1529 οί
1385 1475 1567 1528 πολλοὶ
1592 1472 1702 1525 τῶν
1729 1470 2050 1540 ἀνθρώπων,

489 1573 588 1635 ὼς,
623 1558 840 1624 ἐπειδὰν
883 1567 1238 1637 ἀσθενήσωσι,
1270 1565 1362 1617 καὶ
1402 1561 1564 1633 μηδὲν
1587 1557 1856 1630 δυνηθῶσι
1885 1555 2054 1608 κακὸν

492 1658 710 1728 ποιῆσαι
741 1656 833 1708 τὸν
857 1653 1226 1725 λελυπηκότα,
1259 1649 1423 1702 αὐτὸν
1460 1648 1552 1700 ἐπὶ
1581 1647 1681 1716 τὴν
1710 1646 1923 1713 ἄμυναν
1956 1658 2054 1694 κα-

489 1745 602 1798 λεῖν
633 1745 720 1797 τὸν
747 1743 899 1805 Θεὸν,
925 1741 1018 1795 καί¹
1047 1738 1385 1810 παρακαλεῖν
1412 1737 1594 1790 δοῦναι
1627 1735 1810 1796 αὐτοῖς
1831 1729 2055 1794 ἐπεξελ-

491 1831 601 1884 θεῖν
629 1832 738 1893 τοῖς
767 1829 1098 1900 ἠδικηκόσιν.
1147 1819 1312 1888 Οὗτος
1351 1823 1408 1877 δὲ
1449 1821 1638 1892 ὥσπερ
1675 1821 1740 1873 ἐκ
1765 1818 2055 1888 διαμέτρου

491 1917 655 1969 πᾶσιν
688 1916 911 1978 ἐκείνοις
943 1915 1035 1968 καὶ
1054 1910 1378 1974 ἅπεναντίας
1397 1909 1714 1979 ποιούμενος
1743 1907 1840 1976 τὴν
1871 1903 2055 1974 εὐχὴν,

490 2002 794 2074 παρακαλεῖ
841 2002 916 2072 μὴ
949 2001 1131 2053 δοῦναι
1167 1997 1494 2062 ἐπεξελθεῖν,
1537 1994 1680 2047 οὕτω
1725 1992 1926 2060 λέγων·
1960 1989 2056 2056 Μή

485 2106 586 2158 μοι
631 2088 858 2158 γένοιτο
897 2085 1056 2157 παρὰ
1101 2086 1343 2153 Κυρίου,
1373 2079 1722 2151 ἐπενεγκεῖν
1751 2078 1866 2146 τὴν
1892 2075 2061 2146 χεῖρὰ

485 2193 606 2246 μου
629 2177 720 2229 ἐπ’
760 2176 963 2238 αὐτόν,
1002 2175 1077 2238 ώς
1103 2173 1230 2244 περὶ
1259 2169 1375 2224 υίοῦ
1409 2167 1504 2222 τοῦ
1531 2166 1785 2238 πολεμίου
1813 2163 2058 2232 διαλεγό-

494 2281 671 2334 μενος,
700 2264 774 2326 ὠς
804 2261 929 2334 περὶ
955 2261 1174 2331 γνησίου
1207 2258 1411 2322 παιδός.

564 2351 672 2404 Καὶ
709 2350 766 2403 οὐ
807 2349 963 2416 μόνον
999 2348 1272 2417 ἐφείσατο,
1318 2344 1456 2399 ἀλλὰ
1505 2341 1598 2396 καὶ
1638 2338 1930 2408 ἀπολογίαν
1963 2337 2060 2408 τὴν

494 2437 634 2507 ὑπὲρ
677 2436 840 2490 αὐτοῦ
889 2435 1188 2502 συντίθησι.
1231 2431 1342 2487 Καὶ
1385 2432 1485 2503 ὅρα
1526 2429 1641 2492 πῶς
1692 2426 1924 2488 συνετῶς
1967 2423 2062 2476 καὶ

497 2527 694 2594 σοφῶς.
713 2525 928 2595 Ἐπειδὴ
955 2523 1064 2594 γὰρ
1077 2523 1169 2576 τὸν
1195 2521 1307 2591 βίον
1331 2517 1492 2574 αὐτοῦ
1511 2517 1948 2590 διερευνώμενος,
1974 2513 2063 2566 06-

495 2615 583 2669 δὲν
598 2613 848 2686 εὕρισκεν
873 2612 1093 2680 ἀγαθὸν,
1120 2610 1240 2663 οὐδὲ
1261 2604 1406 2678 εἶχεν
1433 2605 1720 2670 είπεῖν,ὅτι
1737 2605 1850 2657 Οὐκ
1875 2601 2066 2672 ἡδίκη-

502 2721 600 2772 μαι
617 2704 742 2773 παρ’
768 2699 952 2765 αὐτοῦ,
969 2699 1092 2752 066%
1107 2696 1304 2751 ἔπαθον
1319 2695 1505 2757 κακῶς
1522 2693 1764 2766 (ἔμελλον
1786 2689 1894 2762 γάρ
1917 2692 2065 2744 ἀντι-

501 2789 830 2859 φθέγγεσθαι
845 2787 1052 2848 τούτοις
1067 2786 1116 2838 οί
1139 2781 1463 2856 στρατιῶται
1503 2778 1787 2851 παρόντες,
1803 2779 1852 2829 οί
1865 2778 1930 2846 τῇ
1945 2775 2066 2829 πεί-

504 2896 573 2951 ρα
593 2879 847 2949 μαθόντες
865 2876 1142 2945 αύτούτὴν
1161 2871 1470 2944 πονηρίαν),
1471 2868 1833 2946 ’περιέρχεται
1862 2865 2064 2936 ἐτέρω-

503 2971 593 3022 θεν
623 2966 800 3039 ζητῶν
835 2965 1126 3032 ἀπολογίαν
1158 2962 1509 3032 εὐπρόσωπον
1544 2959 1745 3028 εὑρεῖν.
1799 2954 1932 3010 Εἶτα
1967 2954 2066 3006 οὐκ

501 3056 638 3128 ἔχων
667 3055 774 3108 ἀπὺ
805 3053 898 3108 τοῦ
933 3053 1070 3124 βίου,
1096 3051 1216 3104 οὐδέ
1247 3049 1355 3104 άπὸ
1372 3047 1480 3102 τῶν
1511 3046 1687 3118 ἔργων
1715 3044 1826 3098 τῶν
1857 3044 2064 3097 ἐκείνου

501 3142 661 3198 τοῦτο
693 3143 938 3214 ποιῆσαι,
963 3142 1055 3193 ἐπὶ
1074 3139 1173 3209 τὴν
1195 3137 1358 3209 τιμὴν
1389 3137 1487 3207 τὴν
1521 3134 1729 3187 ἐκείνου
1763 3131 2067 3200 κατέφυγεν

503 3225 696 3289 εἰπὼν,
721 3212 840 3277 Ὅτι
860 3221 1104 3293 χριστὸς
1129 3221 1350 3288 Κυρίου
1374 3217 1525 3271 ἐστί.
1555 3215 1620 3269 Τί
1668 3215 1866 3282 λέγεις,
1895 3212 2027 3282 φησί
2051 3229 2067 3278 ;

501 3311 585 3366 ὃτι
615 3307 807 3379 μιαρὸς
833 3305 926 3359 καὶ
955 3305 1293 3376 παμμίαρος,
1312 3302 1406 3354 καὶ
1425 3299 1634 3370 μυρίων
1651 3297 1834 3367 γέμων
1862 3295 2066 3379 κακῶν,

506 3375 928 3457 καὶ-τὰ-ἐσχατα
957 3375 1105 3458 ἡμᾶς
1135 3384 1378 3446 διαθείς;
1419 3381 1580 3434 Ἀλλὰ
1617 3379 1889 3450 βασιλεὺς,
1933 3375 2068 3430 ἀλλὰ

505 3475 688 3546 ἄρχων
711 3511 728 3536 ,
779 3471 913 3524 ἀλλὰ
939 3469 1038 3540 τὴν
1072 3466 1404 3538 προστασίαν
1435 3463 1534 3534 τὴν
1559 3462 1834 3546 ἡμετέραν
1865 3462 2069 3528 ἐνεχει-

505 3543 688 3628 ρίσθη.
707 3555 816 3608 Καὶ
834 3554 934 3606 οὐκ
951 3551 1090 3615 εἷπε,
1119 3549 1390 3621 βασιλεὺς,
1413 3546 1548 3601 ἀλλὰ
1567 3545 1650 3628 τί;
1680 3545 1798 3598 Ὅτι
1826 3543 2072 3628 χριστὸς

507 3625 730 3709 Κυρίου
777 3637 968 3702 ἐστίν,
1019 3636 1118 3689 οὐκ
1151 3633 1259 3687 ἀπὸ
1303 3633 1401 3702 τῆς
1449 3627 1696 3683 κάτωθεν
1723 3626 1908 3698 τιμῆς,
1956 3625 2070 3678 ἀλλ’

507 3723 618 3780 ἀπὸ
637 3723 736 3794 τῆς
760 3721 960 3776 ἄνωθεν
983 3719 1160 3790 ψήφου
1184 3716 1416 3786 ποιήσας
1441 3711 1742 3782 αἰδέσιμον.
1777 3711 2070 3780 Καταφρο-

510 3813 622 3876 νεῖς
642 3810 735 3863 τοῦ
765 3807 1066 3864 συνδούλου,
1093 3801 1286 3875 φησίν;
1335 3797 1618 3867 Αίδέσθητι
1659 3797 1747 3850 16v
1773 3795 2068 3864 Δεσπότην.

513 3893 797 3956 Διαπτύεις
824 3891 913 3944 τὸν
945 3883 1486 3959 κεχειροτονημένονς
1527 3880 1792 3950 Φοϐήθητι
1841 3879 1931 3930 16v
1960 3895 2072 3947 χει·

513 3977 890 4052 ρστονήσαντα.
917 3973 981 4025 El
1011 3971 1118 4040 γὰρ
1139 3971 1264 4031 τοὺς
1292 3969 1556 4038 ἄρχοντας
1575 3963 1796 4025 τούτους
1823 3962 1948 4023 τοὺς
1971 3959 2076 4012 ὑπὸ

513 4042 776 4133 ᾒασιλέως
802 4054 1330 4127 χειροτονουμένους,
1373 4047 1473 4133 κάν
1518 4045 1766 4133 πονηροὶ,
1798 4042 1904 4133 κᾶν
1951 4042 2075 4096 κλέ-

513 4121 666 4208 πται,
691 4121 1146 4214 κᾶν-λῃσταὶαὸὠ
1163 4135 1358 4196 άδικοι,
1376 4130 1483 4214 κᾷν
1495 4128 1676 4214 ότιοῦν
1705 4121 1839 4214 ῶσιν
1867 4127 2075 4196 ἕτερον,

511 4226 828 4294 δεδοίκαμεν
849 4208 943 4276 καὶ
965 4218 1332 4289 πεφρίκαμεν,
1349 4214 1410 4266 οὐ
1428 4211 1580 4283 [⁵158]
1600 4209 1686 4263 διὰ
1701 4208 1798 4294 τὴν
1815 4208 2079 4294 πονηρίαν

515 4291 977 4377 καταφρονοῦντες
1016 4299 1215 4356 αὐτῶν.
1255 4295 1392 4350 ἀλλὰ
1414 4294 1505 4348 διὰ
1528 4294 1625 4365 τὴν
1654 4293 1808 4360 ἀξίαν
1835 4291 1931 4344 τοῦ
1969 4308 2080 4362 χει-

518 4375 901 4466 ρστονήσαντος
932 4382 1334 4466 δυσωπούμενοι
1354 4397 1367 4414 ·
1631 4377 1837 4466 μᾶλλον.
1871 4376 1964 4430 ἐπὶ
1990 4375 2080 4466 τοῦ

517 4457 654 4529 Οεοῦ
686 4457 790 4544 χρὴ
805 4471 962 4524 τοῦτο
985 4469 1181 4521 ποιεῖν.
1205 4464 1371 4518 Οὔπω
1387 4461 1688 4544 παρέλυσεν
1721 4459 1903 4525 αὐτὸν,
1925 4457 2081 4529 φησὶ,

517 4559 617 4629 τῆς
641 4541 834 4629 ἀρχῆς,
861 4551 980 4606 οὐδὲ
1013 4549 1222 4620 ίδιώτην
1238 4546 1479 4617 ἐποίησε.
1495 4543 1586 4616 Μὴ
1608 4542 1910 4629 τοίνυν-τὴν
1933 4541 2085 4626 τάξιν

518 4614 930 4714 ἀηὶἇιτρέέτῶέιεν,
969 4634 1105 4708 μηδὲ
1125 4614 1202 4704 τῷ
1239 4629 1356 4701 Θεῴ
1383 4614 1727 4714 πολεμῶμεν,
1763 4625 1824 4678 τδ
1850 4614 2086 4714 “me;

517 4703 674 4781 λικὸν
697 4703 867 4778 ἐκεῖνο
887 4703 982 4774 διὰ.
999 4703 1107 4772 τῶν
1136 4703 1312 4788 ἔργων
1340 4711 1804 4782 ἐπιδεικνύμενοι·
1825 4709 1946 4761 Ὅτι
1971 4703 2087 4771 πᾶς

522 4815 554 4865 ό
581 4807 1090 4874 ἀντιτασσόμενος
1120 4799 1194 4868 τῇ
1239 4797 1510 4864 ἐξουσίᾳ,
1535 4795 1610 4864 τῇ
1648 4793 1754 4848 τοῦ
1783 4790 1931 4847 Θεοῦ
1960 4789 2087 4874 διαέ-

521 4891 672 4962 ταγῇ
730 4872 1098 4956 ἀνθέστηκεν
1120 4901 1134 4916 ο
1170 4885 1223 4938 οἱ
1253 4882 1321 4936 δὲ
1355 4878 1814 4962 ἀνθεστηκότες,
1857 4872 2092 4938 ἑαυτοῖς

524 4957 700 5046 κρῖμα
750 4971 1067 5040 λήψονται.
1116 4966 1249 5036 Οὐχὶ
1303 4965 1549 5046 χριστὸν
1585 4961 1666 5046 δέῌ
1692 4959 1853 5014 αὐτὸν
1891 4957 2090 5046 Δἐκάλει

529 5039 708 5134 μόνον,
739 5039 874 5109 ἀλλὰ
899 5053 994 5105 καὶ
1024 5049 1216 5134 ἑαυτοῦ
1248 5046 1454 5118 κύριον.
1487 5045 1562 5100 Οὐ
1607 5043 1705 5114 τῆς
1744 5041 2014 5112 τυχούσης
2035 5039 2093 5092 6%

528 5126 844 5214 φιλοσοφίας
873 5135 1006 5198 ἐστὶ,
1050 5133 1112 5187 τὸ
1152 5135 1244 5188 τὸν
1279 5133 1472 5204 ἐχθρὸν
1506 5133 1619 5194 τοῖς
1659 5131 1758 5201 τῆς
1789 5129 1955 5200 τιμῆς
1997 5126 2092 5180 καὶ

526 5211 624 5297 τῆς
663 5219 958 5292 θεραπείας
987 5217 1212 5287 ὀνόμασι
1245 5217 1582 5286 προσειπεῖν.
1637 5214 1748 5266 Καὶ
1780 5212 1940 5264 τοῦτο
1965 5211 2095 5264 αὐτὸ

529 5295 689 5364 πάλιν
717 5307 808 5375 ἀφ’
835 5299 910 5358 ὧν
966 5303 1143 5375 ’ἑτεροι
1197 5301 1496 5370 πάσχουσιν
1549 5299 1648 5352 ίδοι
1679 5313 1764 5360 τις
1794 5295 1859 5349 ἂν
1911 5295 2097 5365 ἡλίκον

529 5395 663 5449 ἐστί.
706 5391 899 5445 Πολλοὶ
946 5387 1074 5456 γοῦν
1117 5387 1244 5448 τοὺς
1283 5383 1487 5437 ἑαυτῶν
1546 5381 1773 5452 ἐχθροὺς
1815 5379 1936 5432 οὐδὲ
1988 5379 2098 5430 ἀπὸ

531 5478 753 5551 γυμνῶν
783 5477 876 5530 καὶ
901 5473 1070 5544 ψιλῶν
1103 5471 1212 5524 τῶν
1249 5468 1526 5539 ὀνομάτων
1569 5465 1751 5520 καλεῖν
1795 5463 2097 5533 ἀνέχονται,

533 5546 644 5616 ἀλλ’
685 5563 776 5631 ἀφ’
813 5559 1014 5632 ἐτέρων
1068 5556 1268 5626 πολλὴν
1315 5553 1548 5623 ἐχόντων
1597 5548 1952 5632 κατηγορίαν,
2007 5546 2098 5600 τὸν

539 5647 753 5718 μιαρὸν,
806 5631 913 5698 τὸν
950 5642 1293 5712 μαινόμενον,
1343 5637 1434 5689 τὸν
1479 5632 1828 5702 ἐξεστηκότα,
1875 5631 1966 5684 τὸν
1992 5647 2100 5682 πα-

539 5714 858 5800 ραπαίοντα,
891 5725 984 5778 τὸν
1027 5721 1300 5791 λυμεῶνα,
1333 5718 1429 5772 καὶ
1465 5719 1626 5787 ἕτερα
1661 5714 1832 5770 πολλὰ
1877 5714 2100 5784 τοιαῦτα

541 5797 896 5882 συνείροντες,
929 5801 1690 5874 οὐτωπροσαγορεύουσιτούς
1719 5797 1964 5869 ἐχθρούς.
1991 5797 2100 5849 Καὶ

1177 411 1233 464 S.
1273 401 1557 462 JOANNIS
1591 396 2077 457 CHRYSOS'IOMI
2114 399 2433 454 ARCIIIEP.
2478 371 3029 453 CONSTANTINOP.

3603 395 3718 450 686

2142 517 2222 570 ὃτι
2249 519 2404 571 τοῦτό
2439 521 2585 572 ἐστιν
2614 516 2828 582 ἀληθὲς,
2861 515 2922 568 οὐ
2967 512 3247 584 πόρρωθεν
3271 555 3288 582 ,
3328 513 3441 567 ἀλλ’
3483 512 3718 581 ἐγγύθεν

2142 607 2273 660 οἴσω
2297 622 2377 658 σοι
2405 605 2465 657 τὸ
2499 605 2846 674 παράδειγμα
2875 603 2970 655 ἀπ’
2998 601 3163 654 αὐτοῦ
3186 601 3374 656 τούτου
3400 602 3496 658 τοῦ
3519 601 3715 656 Σαούλ.

2144 687 2246 750 Τὸν
2274 696 2402 766 γοῦν
2430 696 2582 762 ἅγιον
2606 695 2789 748 τοῦτον
2814 693 2904 746 διὰ
2931 693 3033 764 τὴν
3067 692 3267 766 πολλὴν
3299 693 3598 764 ἀπέχθειαν
3616 694 3720 763 οὐχ

2146 789 2404 860 ὑπέμεινε
2433 789 2520 842 διὰ
2557 787 2650 840 τοῦ
2685 787 2885 840 οἰκείου
2913 786 3094 839 καλεῖν
3118 785 3402 856 ὀνόματος,
3424 783 3560 838 ἀλλά
3587 801 3723 836 παυ-

2146 880 2395 950 ηγύρεώς
2410 896 2539 931 ποτε
2556 877 2901 948 τελουμένης,
2919 876 3192 948 ἐπιζητῶν
3212 875 3382 944 ἔλεγε·
3402 875 3525 928 Ποῦ
3545 876 3724 928 ἐστιν

2147 971 2180 1022 ό
2205 965 2334 1032 υίὸς
2368 966 2594 1022 Ἰεσσαί
2605 983 2624 1030 ;
2665 965 2822 1018 Οὕτω
2848 964 2904 1016 δὲ
2936 964 3096 1018 αὐτὸν
3125 962 3586 1032 ἐκάλεσεν,’όμοῦ
3617 962 3720 1030 μὲν

2148 1053 2310 1107 αὐτοῦ
2339 1053 2400 1106 16
2425 1053 2595 1121 ὄνομα
2625 1049 2817 1122 μισῶν,
2848 1049 2982 1121 ὁμοῦ
3027 1049 3082 1103 δὲ
3113 1048 3300 1120 στῇ-τοῦ
3327 1049 3722 1117 γεγεννηκότος

2148 1143 2390 1211 εὐτελείᾳ
2419 1140 2732 1212 προσδοκῶν
2759 1137 3112 1208 λυμανεῖσθαι
3139 1139 3238 1207 τὴν
3274 1135 3370 1189 τοῦ
3395 1127 3608 1190 δικαίου
3627 1123 3726 1189 56-

2151 1225 2274 1292 ξαν·
2301 1226 2398 1278 οὐκ
2415 1223 2582 1287 ,είδὼς
2615 1224 2698 1277 ὅτι
2729 1221 2984 1292 λαμπρὸν
2996 1222 3088 1276 καὶ
3107 1219 3378 1290 ἐπίσημον
3397 1215 3724 1288 0611;591:9611-

2152 1331 2276 1382 νεια-
2287 1312 2584 1390 προγόνων,
2612 1310 2746 1374 ἀλλὰ
2759 1310 2936 1380 ψυχῆς
2953 1307 3122 1378 ἀρετὴ
3143 1309 3316 1370 ποιεῖν
3334 1307 3543 1370 εἴωθεν.
3577 1307 3724 1368 Ἀλλτ

2151 1403 2248 1473 οὐχ
2266 1402 2586 1480 όμακάριος
2617 1400 2776 1474 Δαυῖδ
2814 1399 3004 1472 οὐτως.
3029 1397 3172 1472 Ὀύτε
3208 1396 3462 1470 γᾲρκάπδι
3486 1395 3590 1470 τοῦ.
3611 1413 3727 1470 παπ

2153 1489 2280 1561 τρδς
2311 1489 2472 1542 αὐτὸν
2501 1471 2754 1542 ἐκάλεσεέ
2783 1483 2955 1539 καίτοι
2989 1463 3726 1553 κάκεῖνοςλσφόδραηὲύτελὴς

2152 1573 2220 1648 ἦν
2241 1561 2772 1647 καῖ’ἀπερριμμένος
2788 1589 2800 1603 ⁸
2825 1572 2943 1626 οὔτε
2968 1565 3264 1648 ἀποψιλοῦ,
3281 1566 3373 1624 καί⁵
3393 1565 3602 1642 γυμνοῦ
3627 1567 3724 1646 τοῦ

2155 1641 2432 1734 όνόματος,
2462 1641 2581 1716 άλλί
2605 1641 2711 1714 άπὸ
2746 1659 2838 1714 τοῦ
2861 1661 2957 1728 τῆς
2987 1645 3150 1728 ’τιμῆς
3173 1696 3188 1722 ,
3229 1657 3338 1710 ἀπὸ
3370 1641 3596 1726 τοῦγτῆς
3627 1641 3726 1709 δεέ-

2159 1749 2426 1812 σποτείας.
2457 1747 2612 1802 Οὕτω
2633 1747 2845 1818 καθαρὰ
2880 1746 3060 1815 πάσης
3093 1743 3386 1814 ἀπεχθείας
3415 1739 3485 1814 ἦν
3511 1743 3660 1813 αὐτῷ
3689 1745 3728 1812 ἡ

2157 1837 2320 1906 ψυχή.
2353 1836 2463 1915 Ιξαῖ
2495 1837 2558 1888 σὺ
2587 1835 2784 1897 τοίνυν,
2821 1832 3089 1902 ἀγαπητέ,
3124 1830 3312 1885 τοῦτον
3341 1830 3606 1902 ζήλωσον,
3627 1830 3728 1882 καὶ

2157 1921 2317 1976 τοῦτο
2345 1921 2660 1992 παιδεύθητι
2681 1921 2962 1990 πρότερον.
2998 1918 3266 1989 μηδέποτε
3290 1917 3384 1970 τὸν
3404 1917 3592 1988 ἐχθρὸν
3618 1915 3729 1970 ἀπὸ

2158 2010 2265 2063 τῶν
2313 2007 2748 2078 διαϐεϐλημένων
2768 2045 2782 2070 ,
2826 2005 2938 2060 ἀλλ’
2973 2005 3084 2059 ἀπὸ
3125 2004 3234 2058 τῶν
3275 2003 3508 2074 ἐντίμων
3541 2004 3730 2056 καλεῖν

2159 2099 2460 2178 ὀνομάτων.
2506 2099 2603 2150 Ἂν
2635 2096 2741 2166 γὰρ
2785 2095 3056 2167 μελετὴσῃ
3079 2093 3139 2146 16
3183 2091 3358 2166 στόμα
3403 2092 3606 2162 ἐντίμῳ
3633 2091 3730 2144 καὶ

2162 2177 2453 2260 θεραπείαν
2479 2185 2653 2254 ἔχοντι
2679 2183 2862 2236 καλεῖν
2882 2181 2972 2234 τὸν
3003 2179 3346 2251 λελυπηκότα
3369 2177 3611 2249 ὀνόματι,
3633 2179 3732 2230 καὶ

2161 2271 2506 2342 ἀκούσασαή
2544 2270 2690 2341 ψυχὴ
2732 2268 2881 2340 παρὰ
2921 2268 3040 2336 τῆς
3064 2265 3309 2338 γλώττης
3364 2264 3730 2334 παιδευομένη

2162 2365 2256 2416 καὶ
2279 2358 2661 2430 συνεθιζομένη
2690 2355 3042 2422 καταδέξεται
3077 2356 3176 2424 τὴν
3221 2353 3358 2424 πρὸς
3385 2355 3592 2408 ἐκεῖνον
3631 2371 3738 2407 κα-

2162 2449 2455 2518 ταλλαγήν.
2494 2445 2643 2499 Αὐτὰ
2680 2443 2789 2514 γὰρ
2827 2441 2895 2496 τὰ
2937 2443 3158 2513 ῥήματα
3201 2441 3300 2513 τῆς
3344 2442 3402 2495 ἐν
3439 2443 3506 2512 τῇ
3535 2439 3734 2511 καρδία

2165 2535 2477 2608 φλεγμονῆς
2498 2533 2652 2586 ἔσται
2686 2532 2977 2602 φάρμακον
3005 2527 3246 2598 ἄριστον.
3709 2559 3714 2562 -

2235 2621 2299 2688 ζ’.
2318 2621 2501 2675 Ταῦτα
2539 2619 2734 2690 εἴρηκα
2758 2615 2875 2680 νῦν,
2909 2615 3007 2685 οὐχ
3037 2615 3123 2668 ἵνα
3145 2611 3518 2683 ἐπαινέσωμεν
3551 2611 3730 2682 μόνον,

2166 2711 2281 2782 άλλῖ
2305 2710 2394 2764 ἵνα
2430 2709 2524 2761 καὶ
2575 2704 2928 2776 ζηλώσωμεν.
2977 2701 3194 2772 Ταύτην
3225 2694 3318 2754 οὖν
3363 2699 3596 2762 ἕκαστος
3633 2699 3736 2768 τὴν

2168 2797 2408 2869 ἱστορίαν
2453 2796 2547 2847 ἐπὶ
2583 2793 2682 2863 τῆς
2723 2789 2950 2862 καρδίας
2998 2788 3356 2860 ζωγραφείτω
3381 2787 3478 2857 τῆς
3505 2785 3733 2850 ἐαυτοῦ,

2167 2885 2418 2956 καθάπερ
2451 2885 2594 2954 χειρὶ
2619 2885 2727 2944 τοῖς
2753 2879 3026 2956 λογισμοῖς
3040 2875 3370 2950 ὑπογράφων
3393 2872 3654 2944 διηνεκῶς
3673 2871 3736 2924 τὸ

2171 2954 2434 3044 σπήλαιον
2479 2970 2542 3024 τό
2595 2967 2834 3032 διπλοῦν,
2869 2954 2972 3020 τὸν
2990 2964 3157 3019 Σαοὺλ
3197 2963 3342 3042 ἔνδον
3385 2959 3736 3024 καθεύδοντα,

2169 3039 2278 3115 καὶ·
2307 3059 2556 3125 καθάπερ
2594 3056 2780 3110 ἁλύσει
2833 3055 2938 3108 τινὶ
2989 3052 3270 3123 δεδεμένον
3299 3039 3389 3119 ’τῷ
3423 3047 3592 3118 ὕπνῳ,
3643 3047 3738 3099 καὶ

2169 3147 2524 3217 ὑποκείμενον
2565 3146 2631 3214 τῇ
2662 3143 2812 3213 δεξιᾷ
2853 3139 2946 3194 τοῦ
2975 3141 3043 3193 τὰ
3095 3138 3323 3210 μέγιστα
3363 3133 3686 3206 ἠδικημένου
3718 3147 3734 3161 ⁸

2167 3236 2258 3290 τὸν
2297 3233 2461 3288 Δαυῖδ
2509 3230 2794 3302 ἐφεστῶτα
2839 3227 3172 3290 καθεύδοντι,
3227 3225 3352 3288 τοὺς
3405 3225 3740 3293 στρατιώτας

2171 3322 2465 3394 παρόντας,
2502 3320 2596 3372 καὶ
2639 3315 3032 3389 παροξύνοντας
3059 3311 3194 3383 πρὸς
3235 3309 3478 3380 σφαγήν·
3519 3309 3606 3360 16v
3639 3323 3743 3388 μα-

2171 3411 2360 3480 κάριον
2385 3409 2588 3462 ἐκεῖνον
2614 3403 3035 3476 φιλοσοφοῦντα,
3071 3401 3162 3454 καλ¹
3199 3401 3286 3452 τὸν
3319 3399 3512 3451 οἰκεῖον
3537 3396 3630 3448 καὶ
3651 3385 3744 3446 τὶν

2171 3500 2373 3554 τούτων
2407 3500 2574 3568 θυμον
2611 3492 3063 3554 καταστέλλοντα,
3086 3491 3178 3564 καὶ
3213 3489 3351 3559 ὑπὲρ
3387 3486 3479 3538 τοῦ
3499 3483 3744 3538 τοσαῦτα

2171 3587 2324 3661 [759]
2343 3563 2864 3654 πεπλημμεληκότος
2893 3563 3344 3646 ἀπολογούμενον.
3363 3572 3545 3624 Ταῦτα
3561 3573 3633 3641 μὴ
3651 3569 3748 3637 μό-

2173 3658 2261 3730 νον
2284 3675 2374 3727 ἐπὶ
2393 3673 2489 3741 τῆς
2504 3669 2740 3733 διανοίας
2767 3669 3087 3739 γράφωμεν,
3101 3663 3236 3716 ἀλλὰ
3263 3661 3356 3714 καὶ
3375 3663 3430 3713 ἐν
3451 3658 3746 3727 συνεδρίοις

2172 3761 2548 3833 διαλεγώμεθα
2609 3757 2744 3828 πρὸς
2781 3755 3041 3824 ἀλλήλους
3088 3749 3350 3820 διηνεκῶς
3369 3765 3382 3778 ·
3437 3745 3606 3800 ταῦτα
3653 3745 3748 3796 καὶ

2175 3853 2312 3925 πρὸς
2349 3853 2604 3920 γυναῖκα,
2635 3846 2728 3900 καὶ
2765 3844 2901 3914 πρὸς
2931 3839 3120 3894 παιδία
3147 3837 3384 3914 συνεχῶς
3408 3833 3748 3900 ἀνακινῶμεν

2173 3920 2243 3997 τά
2261 3942 2594 4011 διηγήματα.
2631 3934 2756 3988 Εἴτε
2793 3932 2901 4002 γὰρ
2933 3929 3062 4000 περὶ
3115 3925 3375 4011 βασιλέως
3407 3920 3750 3990 διαλέγεσθαι

2179 4028 2378 4099 βούλει,
2431 4025 2536 4078 ίδοὺ
2583 4020 2866 4092 βασιλεύς·
2913 4018 3022 4069 εἴτε
3075 4013 3205 4084 περὶ
3243 4007 3608 4083 στρατιωτῶν,
3637 4007 3748 4058 εἴτε

2181 4094 2307 4186 περὶ
2334 4113 2529 4176 οἰκίας,
2563 4112 2670 4164 εἴτε
2701 4107 2830 4179 περὶ
2857 4101 3148 4158 πολιτικῶν
3177 4094 3752 4171 πραγμάτων,πολλὴν

2179 4184 2377 4266 ὲν-ταῖς
2403 4201 2648 4272 Γραφαῖς
2685 4197 2804 4266 δψει
2847 4193 3048 4248 τούτων
3099 4189 3197 4262 τὴν
3243 4187 3521 4258 εὐπορίαν.
3567 4184 3752 4237 Ταῦτα

2185 4292 2445 4363 μεγίστην
2457 4288 2568 4358 ἔχει
2590 4286 2658 4339 τὰ
2677 4285 2989 4356 διηγήματα
3002 4279 3100 4351 τὴν
3131 4277 3415 4348 ὠφέλειαν.
3449 4274 3753 4344 Ἀμήχανον

2181 4361 2312 4450 γὰρ,
2345 4377 2643 4448 ἀμήχανον,
2671 4373 2847 4444 ψυχὴν
2881 4373 2939 4424 ἐν
2967 4367 3193 4430 ταύταις
3235 4361 3601 4436 στρεφομένην
3635 4361 3755 4450 ταῖς

2186 4443 2765 4538 ίστορίαις,δυνηθῆναί
2779 4443 2908 4514 ποτε
2923 4456 3260 4529 κρατηθῆναι
3274 4453 3350 4523 τῷ
3362 4448 3645 4538 πάθει.Ἰν’
3662 4443 3758 4538 οὐν

2189 4553 2267 4623 μὴ
2297 4531 2473 4621 μάτην
2500 4531 2604 4600 τὸν-
2619 4531 2807 4615 καιρὸν
2822 4541 3170 4610 δαπανῶμεν,
3205 4539 3338 4610 μηδὲ
3355 4537 3476 4606 είκῆ
3497 4533 3592 4605 τὴν
3613 4531 3758 4602 ζωὴν

2187 4637 2344 4710 ήμῶν
2370 4635 2748 4704 άναλίσκωμεν
2781 4632 2860 4693 είς
2894 4627 3159 4700 φλυαρίας
3181 4623 3440 4694 ἀκαίρους
3464 4623 3554 4674 καὶ
3581 4635 3758 4690 περιτ-

2187 4708 2306 4790 τάς,
2351 4725 2611 4796 μαθόντες
2641 4721 2750 4774 τῶν
2777 4717 3038 4787 γενναίων
3099 4713 3307 4785 ἀνδρῶν
3352 4711 3472 4774 τὰς-
3501 4708 3756 4778 ἱστορίας,

2190 4793 2363 4868 ταῦτα
2399 4810 2635 4882 συνεχῶς
2657 4803 3054 4875 διαλεγώμεθα,
3102 4803 3196 4857 καὶ
3227 4799 3352 4869 περὶ
3389 4797 3612 4851 τούτων.
3644 4793 3762 4847 Κᾶν

2194 4900 2429 4971 βουληθῇ
2447 4917 2529 4961 τις
2546 4897 2653 4949 τῶν
2673 4891 3142 4964 συνεδρευόντωνῆ
3163 4890 3292 4959 περϊ
3307 4884 3614 4953 θεάτρων,ἢ
3637 4883 3764 4952 περὶ

2196 4984 2626 5058 ἱπποδρομίας,ἢ
2660 4985 2788 5056 περὶ
2812 4980 3149 5053 πραγμάτων
3178 4971 3329 5030 οὐδέν
3357 4992 3439 5028 σοι
3465 4971 3764 5042 προσηκόν-

2194 5099 2301 5135 των
2326 5057 2650 5150 ποιὴσασθαι
2678 5073 2832 5143 λόγον
2857 5113 2871 5136 ,
2920 5067 3223 5136 ἀπαγαγὼν
3255 5065 3416 5119 αὐτὸν
3444 5063 3540 5132 τῆς
3573 5057 3768 5112 ὐποθέ·

2198 5185 2334 5230 σεως
2361 5145 2594 5234 ἐκείνης,
2625 5165 2704 5225 εἰς
2751 5159 2952 5228 ταύτην
2994 5155 3198 5226 ἔμϐαλε
3238 5153 3336 5224 τὴν
3375 5149 3645 5219 διήγησιν,
3679 5145 3772 5198 ἴνα

2179 5260 2294 5316 ,καὶ
2319 5256 2416 5327 τὴν
2435 5254 2612 5324 ψυχὴν
2637 5248 3060 5320 ἐκκαθάραντες,
3094 5244 3188 5296 καὶ
3220 5239 3411 5312 ἡδονῆς
3435 5235 3572 5308 μετὰ
3593 5237 3773 5327 ἀσφα-

2198 5343 2346 5404 λείας
2383 5337 2808 5398 ἁπολαύσαντες,
2839 5331 2932 5384 καὶ
2975 5329 3182 5398 πράους
3223 5323 3449 5384 ἑαυτοὺς
3496 5317 3774 5385 καταστὴο

2202 5446 2391 5491 σαντες
2423 5427 2514 5480 καὶ
2536 5423 2774 5496 ἡμέρους
2811 5421 2923 5481 τοῖς
2949 5413 3306 5483 λελυπηκόσιν
3339 5409 3557 5469 ἅπασιν,
3609 5401 3776 5455 ἁπέλ-

2201 5518 2383 5586 θωμεν
2411 5517 2527 5567 ἐκεῖ
2560 5493 2765 5582 μηδένα
2799 5507 3010 5577 ἔχοντες
3039 5501 3250 5572 ἐχθρὸν,
3287 5496 3383 5550 καὶ
3404 5493 3508 5547 τῶν
3539 5493 3776 5547 αἰωνίων

2201 5607 2422 5676 ἀγαθῶν
2442 5603 2711 5674 τύχωμεν,
2731 5599 2913 5670 χάριτι
2931 5595 3023 5648 καὶ
3043 5589 3232 5660 φιλανθ
3241 5587 3421 5659 ρωπίᾳ
3450 5582 3542 5636 τοῦ
3567 5580 3776 5650 Κυρίου

2203 5696 2358 5766 ἡμῶν
2402 5691 2573 5759 ἰησοῦ
2607 5685 2876 5760 Χριστοῦ,
2924 5677 2966 5750 ᾧ
3010 5683 3042 5752 ἡ
3087 5678 3210 5742 δόξα
3244 5679 3323 5738 είς
3371 5673 3497 5734 τοὺς
3544 5667 3775 5730 αἰῶνας.

2216 5789 2270 5838 ’Δ
2281 5785 2404 5855 μήν.
