  <div class='ocr_page' id='page_1' title='image "/cluster/home/n/w/nwhite01/storage/ocr_20150623/54/mdp.39015078384420/314.png"; bbox 0 0 4094 6256; ppageno 0'>
   <div class='ocr_carea' id='block_1_1' title="bbox 332 495 1902 567">
    <p class='ocr_par' dir='ltr' id='par_1_1' title="bbox 332 495 1902 567">
     <span class='ocr_line' id='line_1_1' title="bbox 332 495 1902 567; baseline -0.005 -9"><span class='ocrx_word' id='word_1_1' title='bbox 332 512 570 559; x_wconf 84' lang='lat' dir='ltr'><strong>naturam</strong></span> <span class='ocrx_word' id='word_1_2' title='bbox 601 501 907 567; x_wconf 77' lang='lat' dir='ltr'><strong>humanam,</strong></span> <span class='ocrx_word' id='word_1_3' title='bbox 946 497 1248 567; x_wconf 73' lang='lat' dir='ltr'><strong>ctelestique</strong></span> <span class='ocrx_word' id='word_1_4' title='bbox 1293 510 1427 566; x_wconf 91' lang='lat' dir='ltr'><strong>opus</strong></span> <span class='ocrx_word' id='word_1_5' title='bbox 1457 496 1656 550; x_wconf 88' lang='lat' dir='ltr'><strong>habere</strong></span> <span class='ocrx_word' id='word_1_6' title='bbox 1687 495 1902 557; x_wconf 88' lang='lat' dir='ltr'><strong>auxilio.</strong></span> 
     </span>
    </p>
   </div>
   <div class='ocr_carea' id='block_1_2' title="bbox 332 588 1906 663">
    <p class='ocr_par' dir='ltr' id='par_1_2' title="bbox 332 588 1906 663">
     <span class='ocr_line' id='line_1_2' title="bbox 332 588 1906 663; baseline -0.004 -14"><span class='ocrx_word' id='word_1_7' title='bbox 332 608 494 663; x_wconf 94' lang='lat' dir='ltr'><strong>seque</strong></span> <span class='ocrx_word' id='word_1_8' title='bbox 522 608 658 662; x_wconf 87' lang='lat' dir='ltr'><strong>pene</strong></span> <span class='ocrx_word' id='word_1_9' title='bbox 699 592 767 648; x_wconf 86' lang='lat' dir='ltr'><strong>ad</strong></span> <span class='ocrx_word' id='word_1_10' title='bbox 809 591 1007 646; x_wconf 82' lang='lat' dir='ltr'><strong>caedem</strong></span> <span class='ocrx_word' id='word_1_11' title='bbox 1038 591 1679 661; x_wconf 85' lang='lat' dir='ltr'><strong>processisse,&#39;prccatur,</strong></span> <span class='ocrx_word' id='word_1_12' title='bbox 1710 596 1770 641; x_wconf 89' lang='lat' dir='ltr'><strong>ut</strong></span> <span class='ocrx_word' id='word_1_13' title='bbox 1799 588 1906 642; x_wconf 87' lang='lat' dir='ltr'><strong>Do-</strong></span> 
     </span>
    </p>
   </div>
   <div class='ocr_carea' id='block_1_3' title="bbox 332 676 1908 747">
    <p class='ocr_par' dir='ltr' id='par_1_3' title="bbox 332 676 1908 747">
     <span class='ocr_line' id='line_1_3' title="bbox 332 676 1908 747; baseline -0.004 -9"><span class='ocrx_word' id='word_1_14' title='bbox 332 686 507 739; x_wconf 83' lang='lat' dir='ltr'><strong>minus</strong></span> <span class='ocrx_word' id='word_1_15' title='bbox 547 683 647 737; x_wconf 86' lang='lat' dir='ltr'><strong>sibi</strong></span> <span class='ocrx_word' id='word_1_16' title='bbox 674 690 955 737; x_wconf 89' lang='lat' dir='ltr'><strong>conservet</strong></span> <span class='ocrx_word' id='word_1_17' title='bbox 982 694 1199 734; x_wconf 88' lang='lat' dir='ltr'><strong>manum</strong></span> <span class='ocrx_word' id='word_1_18' title='bbox 1243 678 1594 747; x_wconf 88' lang='lat' dir='ltr'><strong>impollutam.</strong></span> <span class='ocrx_word' id='word_1_19' title='bbox 1623 676 1761 744; x_wconf 87' lang='lat' dir='ltr'><strong>Quid</strong></span> <span class='ocrx_word' id='word_1_20' title='bbox 1807 676 1908 731; x_wconf 89' lang='lat' dir='ltr'><strong>hoc</strong></span> 
     </span>
    </p>
   </div>
   <div class='ocr_carea' id='block_1_4' title="bbox 332 767 1907 843">
    <p class='ocr_par' dir='ltr' id='par_1_4' title="bbox 332 767 1907 843">
     <span class='ocr_line' id='line_1_4' title="bbox 332 767 1907 843; baseline -0.004 -15"><span class='ocrx_word' id='word_1_21' title='bbox 332 775 509 828; x_wconf 89' lang='lat' dir='ltr'><strong>animo</strong></span> <span class='ocrx_word' id='word_1_22' title='bbox 547 773 713 843; x_wconf 79' lang='lat' dir='ltr'><strong>possit</strong></span> <span class='ocrx_word' id='word_1_23' title='bbox 748 786 865 827; x_wconf 91' lang='lat' dir='ltr'><strong>esse</strong></span> <span class='ocrx_word' id='word_1_24' title='bbox 905 770 1125 824; x_wconf 83' lang='lat' dir='ltr'><strong>mitius?</strong></span> <span class='ocrx_word' id='word_1_25' title='bbox 1166 771 1249 835; x_wconf 83' lang='lat' dir='ltr'><strong>An</strong></span> <span class='ocrx_word' id='word_1_26' title='bbox 1298 768 1437 822; x_wconf 91' lang='lat' dir='ltr'><strong>hunc</strong></span> <span class='ocrx_word' id='word_1_27' title='bbox 1462 767 1702 822; x_wconf 86' lang='lat' dir='ltr'><strong>dicemus</strong></span> <span class='ocrx_word' id='word_1_28' title='bbox 1731 767 1907 821; x_wconf 87' lang='lat' dir='ltr'><strong>homi-</strong></span> 
     </span>
    </p>
   </div>
   <div class='ocr_carea' id='block_1_5' title="bbox 333 856 1907 931">
    <p class='ocr_par' dir='ltr' id='par_1_5' title="bbox 333 856 1907 931">
     <span class='ocr_line' id='line_1_5' title="bbox 333 856 1907 931; baseline -0.005 -13"><span class='ocrx_word' id='word_1_29' title='bbox 333 879 473 929; x_wconf 86' lang='lat' dir='ltr'><strong>nem,</strong></span> <span class='ocrx_word' id='word_1_30' title='bbox 507 863 597 931; x_wconf 89' lang='lat' dir='ltr'><strong>qui</strong></span> <span class='ocrx_word' id='word_1_31' title='bbox 623 864 676 916; x_wconf 90' lang='lat' dir='ltr'><strong>in</strong></span> <span class='ocrx_word' id='word_1_32' title='bbox 705 870 890 915; x_wconf 86' lang='lat' dir='ltr'><strong>natura</strong></span> <span class='ocrx_word' id='word_1_33' title='bbox 920 860 1150 914; x_wconf 87' lang='lat' dir='ltr'><strong>humana</strong></span> <span class='ocrx_word' id='word_1_34' title='bbox 1182 859 1343 913; x_wconf 84' lang='lat' dir='ltr'><strong>vitam</strong></span> <span class='ocrx_word' id='word_1_35' title='bbox 1372 857 1680 926; x_wconf 72' lang='lat' dir='ltr'><strong>praestiterit</strong></span> <span class='ocrx_word' id='word_1_36' title='bbox 1704 856 1907 925; x_wconf 87' lang='lat' dir='ltr'><strong>angeli-</strong></span> 
     </span>
    </p>
   </div>
   <div class='ocr_carea' id='block_1_6' title="bbox 238 946 1908 1019">
    <p class='ocr_par' dir='ltr' id='par_1_6' title="bbox 238 946 1908 1019">
     <span class='ocr_line' id='line_1_6' title="bbox 238 946 1908 1019; baseline -0.005 -9"><span class='ocrx_word' id='word_1_37' title='bbox 238 995 259 1011; x_wconf 89' lang='lat'><strong>.</strong></span> <span class='ocrx_word' id='word_1_38' title='bbox 332 969 448 1009; x_wconf 91' lang='lat' dir='ltr'><strong>cam</strong></span> <span class='ocrx_word' id='word_1_39' title='bbox 474 953 499 1006; x_wconf 82' lang='lat'><strong>?</strong></span> <span class='ocrx_word' id='word_1_40' title='bbox 524 952 718 1006; x_wconf 73' lang='lat' dir='ltr'><strong>Verum</strong></span> <span class='ocrx_word' id='word_1_41' title='bbox 747 950 799 1005; x_wconf 88' lang='lat' dir='ltr'><strong>id</strong></span> <span class='ocrx_word' id='word_1_42' title='bbox 827 965 930 1004; x_wconf 94' lang='lat' dir='ltr'><strong>non</strong></span> <span class='ocrx_word' id='word_1_43' title='bbox 958 964 1190 1019; x_wconf 72' lang='lat' dir='ltr'><strong>passura:</strong></span> <span class='ocrx_word' id='word_1_44' title='bbox 1214 956 1338 1003; x_wconf 90' lang='lat' dir='ltr'><strong>sunt</strong></span> <span class='ocrx_word' id='word_1_45' title='bbox 1363 947 1556 1005; x_wconf 71' lang='lat' dir='ltr'><strong>divina:</strong></span> <span class='ocrx_word' id='word_1_46' title='bbox 1583 946 1747 1016; x_wconf 90' lang='lat' dir='ltr'><strong>leges.</strong></span> <span class='ocrx_word' id='word_1_47' title='bbox 1778 946 1908 1012; x_wconf 85' lang='lat' dir='ltr'><strong>Quis</strong></span> 
     </span>
    </p>
   </div>
   <div class='ocr_carea' id='block_1_7' title="bbox 332 1036 1907 1111">
    <p class='ocr_par' dir='ltr' id='par_1_7' title="bbox 332 1036 1907 1111">
     <span class='ocr_line' id='line_1_7' title="bbox 332 1036 1907 1111; baseline -0.004 -14"><span class='ocrx_word' id='word_1_48' title='bbox 332 1042 747 1111; x_wconf 89' lang='lat' dir='ltr'><strong>enim,obsecro,</strong></span> <span class='ocrx_word' id='word_1_49' title='bbox 773 1040 924 1094; x_wconf 82' lang='lat' dir='ltr'><strong>facile</strong></span> <span class='ocrx_word' id='word_1_50' title='bbox 952 1055 980 1093; x_wconf 90' lang='lat' dir='ltr'><strong>a</strong></span> <span class='ocrx_word' id='word_1_51' title='bbox 1011 1040 1120 1093; x_wconf 92' lang='lat' dir='ltr'><strong>Deo</strong></span> <span class='ocrx_word' id='word_1_52' title='bbox 1140 1036 1399 1107; x_wconf 88' lang='lat' dir='ltr'><strong>ejusmodi</strong></span> <span class='ocrx_word' id='word_1_53' title='bbox 1421 1052 1532 1091; x_wconf 90' lang='lat' dir='ltr'><strong>rem</strong></span> <span class='ocrx_word' id='word_1_54' title='bbox 1560 1036 1744 1106; x_wconf 77' lang='lat' dir='ltr'><strong>petat?</strong></span> <span class='ocrx_word' id='word_1_55' title='bbox 1770 1036 1907 1103; x_wconf 84' lang='lat' dir='ltr'><strong>Quid</strong></span> 
     </span>
    </p>
   </div>
   <div class='ocr_carea' id='block_1_8' title="bbox 333 1123 1910 1199">
    <p class='ocr_par' dir='ltr' id='par_1_8' title="bbox 333 1123 1910 1199">
     <span class='ocr_line' id='line_1_8' title="bbox 333 1123 1910 1199; baseline -0.005 -13"><span class='ocrx_word' id='word_1_56' title='bbox 333 1132 477 1196; x_wconf 87' lang='lat' dir='ltr'><strong>dixi,</strong></span> <span class='ocrx_word' id='word_1_57' title='bbox 509 1128 847 1199; x_wconf 85' lang='lat' dir='ltr'><strong>hujusmodi?</strong></span> <span class='ocrx_word' id='word_1_58' title='bbox 887 1128 1014 1196; x_wconf 90' lang='lat' dir='ltr'><strong>Quis</strong></span> <span class='ocrx_word' id='word_1_59' title='bbox 1058 1129 1380 1191; x_wconf 89' lang='lat' dir='ltr'><strong>sustineret,</strong></span> <span class='ocrx_word' id='word_1_60' title='bbox 1410 1140 1516 1180; x_wconf 92' lang='lat' dir='ltr'><strong>non</strong></span> <span class='ocrx_word' id='word_1_61' title='bbox 1559 1124 1768 1194; x_wconf 89' lang='lat' dir='ltr'><strong>precari</strong></span> <span class='ocrx_word' id='word_1_62' title='bbox 1812 1123 1910 1179; x_wconf 90' lang='lat' dir='ltr'><strong>ad-</strong></span> 
     </span>
    </p>
   </div>
   <div class='ocr_carea' id='block_1_9' title="bbox 337 1214 1906 1288">
    <p class='ocr_par' dir='ltr' id='par_1_9' title="bbox 337 1214 1906 1288">
     <span class='ocr_line' id='line_1_9' title="bbox 337 1214 1906 1288; baseline -0.004 -15"><span class='ocrx_word' id='word_1_63' title='bbox 337 1236 522 1276; x_wconf 89' lang='lat' dir='ltr'><strong>versus</strong></span> <span class='ocrx_word' id='word_1_64' title='bbox 549 1236 669 1275; x_wconf 91' lang='lat' dir='ltr'><strong>eum</strong></span> <span class='ocrx_word' id='word_1_65' title='bbox 690 1220 777 1288; x_wconf 90' lang='lat' dir='ltr'><strong>qui</strong></span> <span class='ocrx_word' id='word_1_66' title='bbox 805 1220 1061 1275; x_wconf 88' lang='lat' dir='ltr'><strong>molestus</strong></span> <span class='ocrx_word' id='word_1_67' title='bbox 1084 1217 1310 1272; x_wconf 80' lang='lat' dir='ltr'><strong>fuisset?</strong></span> <span class='ocrx_word' id='word_1_68' title='bbox 1338 1215 1467 1270; x_wconf 88' lang='lat' dir='ltr'><strong>Nam</strong></span> <span class='ocrx_word' id='word_1_69' title='bbox 1496 1214 1737 1283; x_wconf 84' lang='lat' dir='ltr'><strong>plerique</strong></span> <span class='ocrx_word' id='word_1_70' title='bbox 1759 1228 1906 1267; x_wconf 90' lang='lat' dir='ltr'><strong>mor-</strong></span> 
     </span>
    </p>
   </div>
   <div class='ocr_carea' id='block_1_10' title="bbox 333 1302 1910 1378">
    <p class='ocr_par' dir='ltr' id='par_1_10' title="bbox 333 1302 1910 1378">
     <span class='ocr_line' id='line_1_10' title="bbox 333 1302 1910 1378; baseline -0.005 -14"><span class='ocrx_word' id='word_1_71' title='bbox 333 1313 465 1366; x_wconf 85' lang='lat' dir='ltr'><strong>tales</strong></span> <span class='ocrx_word' id='word_1_72' title='bbox 489 1325 552 1365; x_wconf 92' lang='lat' dir='ltr'><strong>eo</strong></span> <span class='ocrx_word' id='word_1_73' title='bbox 577 1310 797 1366; x_wconf 78' lang='lat' dir='ltr'><strong>feritatis</strong></span> <span class='ocrx_word' id='word_1_74' title='bbox 823 1308 1026 1378; x_wconf 86' lang='lat' dir='ltr'><strong>abrepti</strong></span> <span class='ocrx_word' id='word_1_75' title='bbox 1047 1315 1189 1371; x_wconf 91' lang='lat' dir='ltr'><strong>sunt,</strong></span> <span class='ocrx_word' id='word_1_76' title='bbox 1220 1313 1279 1360; x_wconf 91' lang='lat' dir='ltr'><strong>ut</strong></span> <span class='ocrx_word' id='word_1_77' title='bbox 1303 1320 1421 1359; x_wconf 93' lang='lat' dir='ltr'><strong>cum</strong></span> <span class='ocrx_word' id='word_1_78' title='bbox 1452 1304 1560 1358; x_wconf 91' lang='lat' dir='ltr'><strong>sint</strong></span> <span class='ocrx_word' id='word_1_79' title='bbox 1584 1303 1714 1358; x_wconf 90' lang='lat' dir='ltr'><strong>adeo</strong></span> <span class='ocrx_word' id='word_1_80' title='bbox 1743 1302 1910 1357; x_wconf 89' lang='lat' dir='ltr'><strong>imbe-</strong></span> 
     </span>
    </p>
   </div>
   <div class='ocr_carea' id='block_1_11' title="bbox 332 1390 1908 1468">
    <p class='ocr_par' dir='ltr' id='par_1_11' title="bbox 332 1390 1908 1468">
     <span class='ocr_line' id='line_1_11' title="bbox 332 1390 1908 1468; baseline -0.004 -15"><span class='ocrx_word' id='word_1_81' title='bbox 332 1400 477 1454; x_wconf 88' lang='lat' dir='ltr'><strong>cilles</strong></span> <span class='ocrx_word' id='word_1_82' title='bbox 502 1441 516 1465; x_wconf 90' lang='lat'><strong>,</strong></span> <span class='ocrx_word' id='word_1_83' title='bbox 548 1409 606 1453; x_wconf 93' lang='lat' dir='ltr'><strong>ut</strong></span> <span class='ocrx_word' id='word_1_84' title='bbox 644 1413 748 1453; x_wconf 91' lang='lat' dir='ltr'><strong>non</strong></span> <span class='ocrx_word' id='word_1_85' title='bbox 788 1406 983 1468; x_wconf 88' lang='lat' dir='ltr'><strong>queant</strong></span> <span class='ocrx_word' id='word_1_86' title='bbox 1010 1411 1131 1451; x_wconf 87' lang='lat' dir='ltr'><strong>eum</strong></span> <span class='ocrx_word' id='word_1_87' title='bbox 1159 1411 1191 1450; x_wconf 90' lang='lat' dir='ltr'><strong>a</strong></span> <span class='ocrx_word' id='word_1_88' title='bbox 1217 1408 1323 1464; x_wconf 92' lang='lat' dir='ltr'><strong>quo</strong></span> <span class='ocrx_word' id='word_1_89' title='bbox 1362 1392 1591 1448; x_wconf 85' lang='lat' dir='ltr'><strong>lacessiti</strong></span> <span class='ocrx_word' id='word_1_90' title='bbox 1634 1399 1757 1446; x_wconf 88' lang='lat' dir='ltr'><strong>sunt</strong></span> <span class='ocrx_word' id='word_1_91' title='bbox 1798 1390 1908 1447; x_wconf 93' lang='lat' dir='ltr'><strong>ullo</strong></span> 
     </span>
    </p>
   </div>
   <div class='ocr_carea' id='block_1_12' title="bbox 333 1483 1910 1555">
    <p class='ocr_par' dir='ltr' id='par_1_12' title="bbox 333 1483 1910 1555">
     <span class='ocr_line' id='line_1_12' title="bbox 333 1483 1910 1555; baseline -0.004 -9"><span class='ocrx_word' id='word_1_92' title='bbox 333 1492 473 1546; x_wconf 90' lang='lat' dir='ltr'><strong>malo</strong></span> <span class='ocrx_word' id='word_1_93' title='bbox 497 1490 729 1555; x_wconf 83' lang='lat' dir='ltr'><strong>afﬁcere,</strong></span> <span class='ocrx_word' id='word_1_94' title='bbox 762 1490 923 1545; x_wconf 89' lang='lat' dir='ltr'><strong>Deum</strong></span> <span class='ocrx_word' id='word_1_95' title='bbox 948 1487 1016 1543; x_wconf 90' lang='lat' dir='ltr'><strong>ad</strong></span> <span class='ocrx_word' id='word_1_96' title='bbox 1040 1488 1290 1542; x_wconf 92' lang='lat' dir='ltr'><strong>ultionem</strong></span> <span class='ocrx_word' id='word_1_97' title='bbox 1318 1486 1582 1549; x_wconf 91' lang='lat' dir='ltr'><strong>invocent,</strong></span> <span class='ocrx_word' id='word_1_98' title='bbox 1612 1491 1672 1538; x_wconf 92' lang='lat' dir='ltr'><strong>ut</strong></span> <span class='ocrx_word' id='word_1_99' title='bbox 1696 1483 1794 1549; x_wconf 86' lang='lat' dir='ltr'><strong>sibi</strong></span> <span class='ocrx_word' id='word_1_100' title='bbox 1819 1483 1910 1539; x_wconf 87' lang='lat' dir='ltr'><strong>det</strong></span> 
     </span>
    </p>
   </div>
   <div class='ocr_carea' id='block_1_13' title="bbox 333 1576 1908 1651">
    <p class='ocr_par' dir='ltr' id='par_1_13' title="bbox 333 1576 1908 1651">
     <span class='ocr_line' id='line_1_13' title="bbox 333 1576 1908 1651; baseline -0.006 -12"><span class='ocrx_word' id='word_1_101' title='bbox 333 1584 633 1639; x_wconf 78' lang='lat' dir='ltr'><strong>facultatem</strong></span> <span class='ocrx_word' id='word_1_102' title='bbox 661 1582 884 1639; x_wconf 85' lang='lat' dir='ltr'><strong>nocendi</strong></span> <span class='ocrx_word' id='word_1_103' title='bbox 907 1583 992 1648; x_wconf 90' lang='lat' dir='ltr'><strong>iis,</strong></span> <span class='ocrx_word' id='word_1_104' title='bbox 1012 1583 1099 1651; x_wconf 90' lang='lat' dir='ltr'><strong>qui</strong></span> <span class='ocrx_word' id='word_1_105' title='bbox 1119 1580 1221 1635; x_wconf 84' lang='lat' dir='ltr'><strong>sibi</strong></span> <span class='ocrx_word' id='word_1_106' title='bbox 1244 1581 1379 1635; x_wconf 90' lang='lat' dir='ltr'><strong>mala</strong></span> <span class='ocrx_word' id='word_1_107' title='bbox 1396 1579 1641 1635; x_wconf 89' lang='lat' dir='ltr'><strong>intulere.</strong></span> <span class='ocrx_word' id='word_1_108' title='bbox 1665 1576 1762 1631; x_wconf 86' lang='lat' dir='ltr'><strong>Hic</strong></span> <span class='ocrx_word' id='word_1_109' title='bbox 1780 1591 1908 1633; x_wconf 87' lang='lat' dir='ltr'><strong>vero</strong></span> 
     </span>
    </p>
   </div>
   <div class='ocr_carea' id='block_1_14' title="bbox 334 1669 1905 1739">
    <p class='ocr_par' dir='ltr' id='par_1_14' title="bbox 334 1669 1905 1739">
     <span class='ocr_line' id='line_1_14' title="bbox 334 1669 1905 1739; baseline -0.003 -12"><span class='ocrx_word' id='word_1_110' title='bbox 334 1675 437 1730; x_wconf 88' lang='lat' dir='ltr'><strong>illis</strong></span> <span class='ocrx_word' id='word_1_111' title='bbox 464 1675 709 1730; x_wconf 89' lang='lat' dir='ltr'><strong>omnibus</strong></span> <span class='ocrx_word' id='word_1_112' title='bbox 737 1674 879 1729; x_wconf 88' lang='lat' dir='ltr'><strong>velut</strong></span> <span class='ocrx_word' id='word_1_113' title='bbox 906 1688 972 1727; x_wconf 90' lang='lat' dir='ltr'><strong>ex</strong></span> <span class='ocrx_word' id='word_1_114' title='bbox 1005 1673 1265 1727; x_wconf 82' lang='lat' dir='ltr'><strong>diametro</strong></span> <span class='ocrx_word' id='word_1_115' title='bbox 1305 1671 1568 1725; x_wconf 86' lang='lat' dir='ltr'><strong>contraria</strong></span> <span class='ocrx_word' id='word_1_116' title='bbox 1605 1669 1866 1739; x_wconf 89' lang='lat' dir='ltr'><strong>precando</strong></span> <span class='ocrx_word' id='word_1_117' title='bbox 1889 1711 1905 1737; x_wconf 91' lang='lat'><strong>,</strong></span> 
     </span>
    </p>
   </div>
   <div class='ocr_carea' id='block_1_15' title="bbox 334 1758 1908 1834">
    <p class='ocr_par' dir='ltr' id='par_1_15' title="bbox 334 1758 1908 1834">
     <span class='ocr_line' id='line_1_15' title="bbox 334 1758 1908 1834; baseline -0.003 -16"><span class='ocrx_word' id='word_1_118' title='bbox 334 1773 485 1833; x_wconf 88' lang='lat' dir='ltr'><strong>rogat</strong></span> <span class='ocrx_word' id='word_1_119' title='bbox 509 1780 575 1819; x_wconf 93' lang='lat' dir='ltr'><strong>ne</strong></span> <span class='ocrx_word' id='word_1_120' title='bbox 602 1764 870 1834; x_wconf 87' lang='lat' dir='ltr'><strong>permittat</strong></span> <span class='ocrx_word' id='word_1_121' title='bbox 890 1771 948 1817; x_wconf 87' lang='lat' dir='ltr'><strong>ttt</strong></span> <span class='ocrx_word' id='word_1_122' title='bbox 977 1776 1166 1816; x_wconf 86' lang='lat' dir='ltr'><strong>manus</strong></span> <span class='ocrx_word' id='word_1_123' title='bbox 1192 1760 1409 1830; x_wconf 87' lang='lat' dir='ltr'><strong>injiciat,</strong></span> <span class='ocrx_word' id='word_1_124' title='bbox 1439 1760 1660 1829; x_wconf 90' lang='lat' dir='ltr'><strong>loquens</strong></span> <span class='ocrx_word' id='word_1_125' title='bbox 1690 1758 1831 1814; x_wconf 90' lang='lat' dir='ltr'><strong>hunc</strong></span> <span class='ocrx_word' id='word_1_126' title='bbox 1856 1760 1908 1813; x_wconf 91' lang='lat' dir='ltr'><strong>in</strong></span> 
     </span>
    </p>
   </div>
   <div class='ocr_carea' id='block_1_16' title="bbox 334 1849 1909 1919">
    <p class='ocr_par' dir='ltr' id='par_1_16' title="bbox 334 1849 1909 1919">
     <span class='ocr_line' id='line_1_16' title="bbox 334 1849 1909 1919; baseline -0.005 -10"><span class='ocrx_word' id='word_1_127' title='bbox 334 1854 549 1909; x_wconf 82' lang='lat' dir='ltr'><strong>modum</strong></span> <span class='ocrx_word' id='word_1_128' title='bbox 582 1871 597 1908; x_wconf 75' lang='grc' dir='ltr'>ε</span> <span class='ocrx_word' id='word_1_129' title='bbox 630 1853 711 1907; x_wconf 87' lang='lat' dir='ltr'><strong>Ne</strong></span> <span class='ocrx_word' id='word_1_130' title='bbox 746 1853 869 1907; x_wconf 81' lang='lat' dir='ltr'><strong>mihi</strong></span> <span class='ocrx_word' id='word_1_131' title='bbox 906 1852 1000 1905; x_wconf 83' lang='lat' dir='ltr'><strong>hoc</strong></span> <span class='ocrx_word' id='word_1_132' title='bbox 1027 1851 1223 1905; x_wconf 84' lang='lat' dir='ltr'><strong>accidat</strong></span> <span class='ocrx_word' id='word_1_133' title='bbox 1256 1867 1287 1903; x_wconf 89' lang='lat' dir='ltr'><strong>a</strong></span> <span class='ocrx_word' id='word_1_134' title='bbox 1309 1849 1531 1905; x_wconf 90' lang='lat' dir='ltr'><strong>Domino</strong></span> <span class='ocrx_word' id='word_1_135' title='bbox 1555 1891 1569 1915; x_wconf 96' lang='lat'><strong>,</strong></span> <span class='ocrx_word' id='word_1_136' title='bbox 1606 1860 1659 1903; x_wconf 90' lang='lat' dir='ltr'><strong>ut</strong></span> <span class='ocrx_word' id='word_1_137' title='bbox 1684 1849 1909 1919; x_wconf 83' lang='lat' dir='ltr'><strong>injiciam</strong></span> 
     </span>
    </p>
   </div>
   <div class='ocr_carea' id='block_1_17' title="bbox 334 1938 1908 2012">
    <p class='ocr_par' dir='ltr' id='par_1_17' title="bbox 334 1938 1908 2012">
     <span class='ocr_line' id='line_1_17' title="bbox 334 1938 1908 2012; baseline -0.002 -16"><span class='ocrx_word' id='word_1_138' title='bbox 334 1961 538 1998; x_wconf 81' lang='lat' dir='ltr'><strong>manum</strong></span> <span class='ocrx_word' id='word_1_139' title='bbox 563 1960 724 1997; x_wconf 86' lang='lat' dir='ltr'><strong>meam</strong></span> <span class='ocrx_word' id='word_1_140' title='bbox 746 1944 799 1997; x_wconf 91' lang='lat' dir='ltr'><strong>in</strong></span> <span class='ocrx_word' id='word_1_141' title='bbox 833 1943 978 1997; x_wconf 87' lang='lat' dir='ltr'><strong>illum</strong></span> <span class='ocrx_word' id='word_1_142' title='bbox 1010 1941 1084 2012; x_wconf 82' lang='lat' dir='ltr'><strong>(l.</strong></span> <span class='ocrx_word' id='word_1_143' title='bbox 1114 1940 1242 2011; x_wconf 86' lang='lat' dir='ltr'><strong>Reg.</strong></span> <span class='ocrx_word' id='word_1_144' title='bbox 1269 1941 1358 1995; x_wconf 70' lang='grc'><strong>24.</strong></span> <span class='ocrx_word' id='word_1_145' title='bbox 1396 1940 1450 2009; x_wconf 87' lang='lat'><strong>6)</strong></span> <span class='ocrx_word' id='word_1_146' title='bbox 1477 1957 1490 1993; x_wconf 89' lang='lat'><strong>:</strong></span> <span class='ocrx_word' id='word_1_147' title='bbox 1514 1938 1733 2009; x_wconf 88' lang='lat' dir='ltr'><strong>perinde</strong></span> <span class='ocrx_word' id='word_1_148' title='bbox 1761 1939 1908 2008; x_wconf 90' lang='lat' dir='ltr'><strong>quasi</strong></span> 
     </span>
    </p>
   </div>
   <div class='ocr_carea' id='block_1_18' title="bbox 331 2029 1552 2102">
    <p class='ocr_par' dir='ltr' id='par_1_18' title="bbox 331 2029 1552 2102">
     <span class='ocr_line' id='line_1_18' title="bbox 331 2029 1552 2102; baseline -0.005 -14"><span class='ocrx_word' id='word_1_149' title='bbox 331 2035 402 2088; x_wconf 88' lang='lat' dir='ltr'><strong>de</strong></span> <span class='ocrx_word' id='word_1_150' title='bbox 433 2034 538 2089; x_wconf 85' lang='lat' dir='ltr'><strong>filio</strong></span> <span class='ocrx_word' id='word_1_151' title='bbox 565 2034 709 2088; x_wconf 91' lang='lat' dir='ltr'><strong>etde</strong></span> <span class='ocrx_word' id='word_1_152' title='bbox 737 2034 907 2102; x_wconf 82' lang='lat' dir='ltr'><strong>prole,</strong></span> <span class='ocrx_word' id='word_1_153' title='bbox 938 2033 1009 2086; x_wconf 91' lang='lat' dir='ltr'><strong>ita</strong></span> <span class='ocrx_word' id='word_1_154' title='bbox 1031 2032 1097 2086; x_wconf 91' lang='lat' dir='ltr'><strong>de</strong></span> <span class='ocrx_word' id='word_1_155' title='bbox 1122 2031 1275 2085; x_wconf 91' lang='lat' dir='ltr'><strong>hoste</strong></span> <span class='ocrx_word' id='word_1_156' title='bbox 1304 2029 1552 2099; x_wconf 89' lang='lat' dir='ltr'><strong>loquitur.</strong></span> 
     </span>
    </p>
   </div>
   <div class='ocr_carea' id='block_1_19' title="bbox 405 2118 1910 2196">
    <p class='ocr_par' dir='ltr' id='par_1_19' title="bbox 405 2118 1910 2196">
     <span class='ocr_line' id='line_1_19' title="bbox 405 2118 1910 2196; baseline -0.005 -18"><span class='ocrx_word' id='word_1_157' title='bbox 405 2125 566 2196; x_wconf 83' lang='lat' dir='ltr'><strong>Reges</strong></span> <span class='ocrx_word' id='word_1_158' title='bbox 592 2124 805 2177; x_wconf 83' lang='lat' dir='ltr'><strong>revereri</strong></span> <span class='ocrx_word' id='word_1_159' title='bbox 831 2130 1042 2192; x_wconf 77' lang='lat' dir='ltr'><strong>oportet.</strong></span> <span class='ocrx_word' id='word_1_160' title='bbox 1079 2119 1286 2173; x_wconf 79' lang='lat' dir='ltr'><strong>Hostem</strong></span> <span class='ocrx_word' id='word_1_161' title='bbox 1319 2118 1486 2172; x_wconf 81' lang='lat' dir='ltr'><strong>Dauid</strong></span> <span class='ocrx_word' id='word_1_162' title='bbox 1518 2118 1792 2187; x_wconf 77' lang='lat' dir='ltr'><strong>honoriﬁce</strong></span> <span class='ocrx_word' id='word_1_163' title='bbox 1815 2134 1910 2187; x_wconf 87' lang='lat' dir='ltr'><strong>ap-</strong></span> 
     </span>
    </p>
   </div>
   <div class='ocr_carea' id='block_1_20' title="bbox 336 2211 1913 2284">
    <p class='ocr_par' dir='ltr' id='par_1_20' title="bbox 336 2211 1913 2284">
     <span class='ocr_line' id='line_1_20' title="bbox 336 2211 1913 2284; baseline -0.005 -16"><span class='ocrx_word' id='word_1_164' title='bbox 336 2215 507 2284; x_wconf 79' lang='lat' dir='ltr'><strong>pellat.</strong></span> <span class='ocrx_word' id='word_1_165' title='bbox 554 2244 625 2253; x_wconf 97' lang='lat'><strong>—</strong></span> <span class='ocrx_word' id='word_1_166' title='bbox 652 2212 833 2282; x_wconf 89' lang='lat' dir='ltr'><strong>Neque</strong></span> <span class='ocrx_word' id='word_1_167' title='bbox 864 2211 1098 2281; x_wconf 86' lang='lat' dir='ltr'><strong>pepercit</strong></span> <span class='ocrx_word' id='word_1_168' title='bbox 1127 2218 1327 2264; x_wconf 89' lang='lat' dir='ltr'><strong>tantum</strong></span> <span class='ocrx_word' id='word_1_169' title='bbox 1355 2249 1368 2273; x_wconf 89' lang='lat'><strong>,</strong></span> <span class='ocrx_word' id='word_1_170' title='bbox 1402 2224 1582 2264; x_wconf 87' lang='lat' dir='ltr'><strong>verum</strong></span> <span class='ocrx_word' id='word_1_171' title='bbox 1612 2219 1667 2263; x_wconf 89' lang='lat' dir='ltr'><strong>et</strong></span> <span class='ocrx_word' id='word_1_172' title='bbox 1693 2222 1913 2263; x_wconf 87' lang='lat' dir='ltr'><strong>excusa-</strong></span> 
     </span>
    </p>
   </div>
   <div class='ocr_carea' id='block_1_21' title="bbox 337 2299 1912 2373">
    <p class='ocr_par' dir='ltr' id='par_1_21' title="bbox 337 2299 1912 2373">
     <span class='ocr_line' id='line_1_21' title="bbox 337 2299 1912 2373; baseline -0.003 -15"><span class='ocrx_word' id='word_1_173' title='bbox 337 2306 533 2360; x_wconf 90' lang='lat' dir='ltr'><strong>tionem</strong></span> <span class='ocrx_word' id='word_1_174' title='bbox 589 2318 684 2373; x_wconf 90' lang='lat' dir='ltr'><strong>pro</strong></span> <span class='ocrx_word' id='word_1_175' title='bbox 733 2317 798 2357; x_wconf 92' lang='lat' dir='ltr'><strong>eo</strong></span> <span class='ocrx_word' id='word_1_176' title='bbox 844 2312 1012 2371; x_wconf 81' lang='lat' dir='ltr'><strong>parat.</strong></span> <span class='ocrx_word' id='word_1_177' title='bbox 1059 2300 1193 2356; x_wconf 82' lang='lat' dir='ltr'><strong>Vide</strong></span> <span class='ocrx_word' id='word_1_178' title='bbox 1243 2315 1369 2355; x_wconf 90' lang='lat' dir='ltr'><strong>vero</strong></span> <span class='ocrx_word' id='word_1_179' title='bbox 1414 2314 1571 2371; x_wconf 90' lang='lat' dir='ltr'><strong>quam</strong></span> <span class='ocrx_word' id='word_1_180' title='bbox 1626 2299 1912 2369; x_wconf 89' lang='lat' dir='ltr'><strong>prudenter</strong></span> 
     </span>
    </p>
   </div>
   <div class='ocr_carea' id='block_1_22' title="bbox 334 2390 1909 2465">
    <p class='ocr_par' dir='ltr' id='par_1_22' title="bbox 334 2390 1909 2465">
     <span class='ocr_line' id='line_1_22' title="bbox 334 2390 1909 2465; baseline -0.003 -15"><span class='ocrx_word' id='word_1_181' title='bbox 334 2409 598 2465; x_wconf 86' lang='lat' dir='ltr'><strong>quamque</strong></span> <span class='ocrx_word' id='word_1_182' title='bbox 622 2394 909 2464; x_wconf 87' lang='lat' dir='ltr'><strong>sapienter.</strong></span> <span class='ocrx_word' id='word_1_183' title='bbox 942 2392 1212 2463; x_wconf 90' lang='lat' dir='ltr'><strong>Siquidem</strong></span> <span class='ocrx_word' id='word_1_184' title='bbox 1241 2407 1361 2447; x_wconf 91' lang='lat' dir='ltr'><strong>cum</strong></span> <span class='ocrx_word' id='word_1_185' title='bbox 1390 2393 1551 2447; x_wconf 89' lang='lat' dir='ltr'><strong>vitam</strong></span> <span class='ocrx_word' id='word_1_186' title='bbox 1588 2390 1762 2447; x_wconf 77' lang='lat' dir='ltr'><strong>Saulis</strong></span> <span class='ocrx_word' id='word_1_187' title='bbox 1787 2406 1909 2461; x_wconf 90' lang='lat' dir='ltr'><strong>per-</strong></span> 
     </span>
    </p>
   </div>
   <div class='ocr_carea' id='block_1_23' title="bbox 335 2481 1911 2552">
    <p class='ocr_par' dir='ltr' id='par_1_23' title="bbox 335 2481 1911 2552">
     <span class='ocr_line' id='line_1_23' title="bbox 335 2481 1911 2552; baseline -0.002 -13"><span class='ocrx_word' id='word_1_188' title='bbox 335 2493 597 2549; x_wconf 88' lang='lat' dir='ltr'><strong>scrutans,</strong></span> <span class='ocrx_word' id='word_1_189' title='bbox 627 2484 757 2539; x_wconf 86' lang='lat' dir='ltr'><strong>nihil</strong></span> <span class='ocrx_word' id='word_1_190' title='bbox 787 2486 1074 2539; x_wconf 86' lang='lat' dir='ltr'><strong>invenisset</strong></span> <span class='ocrx_word' id='word_1_191' title='bbox 1103 2485 1250 2550; x_wconf 90' lang='lat' dir='ltr'><strong>boni,</strong></span> <span class='ocrx_word' id='word_1_192' title='bbox 1286 2492 1344 2537; x_wconf 93' lang='lat' dir='ltr'><strong>ut</strong></span> <span class='ocrx_word' id='word_1_193' title='bbox 1367 2483 1545 2538; x_wconf 90' lang='lat' dir='ltr'><strong>dicere</strong></span> <span class='ocrx_word' id='word_1_194' title='bbox 1570 2490 1766 2552; x_wconf 87' lang='lat' dir='ltr'><strong>posset,</strong></span> <span class='ocrx_word' id='word_1_195' title='bbox 1794 2481 1911 2536; x_wconf 90' lang='lat' dir='ltr'><strong>Non</strong></span> 
     </span>
    </p>
   </div>
   <div class='ocr_carea' id='block_1_24' title="bbox 335 2560 1910 2645">
    <p class='ocr_par' dir='ltr' id='par_1_24' title="bbox 335 2560 1910 2645">
     <span class='ocr_line' id='line_1_24' title="bbox 335 2560 1910 2645; baseline -0.003 -15"><span class='ocrx_word' id='word_1_196' title='bbox 335 2590 450 2630; x_wconf 91' lang='lat' dir='ltr'><strong>sum</strong></span> <span class='ocrx_word' id='word_1_197' title='bbox 478 2575 544 2630; x_wconf 92' lang='lat' dir='ltr'><strong>ab</strong></span> <span class='ocrx_word' id='word_1_198' title='bbox 566 2576 657 2629; x_wconf 92' lang='lat' dir='ltr'><strong>illo</strong></span> <span class='ocrx_word' id='word_1_199' title='bbox 682 2576 860 2641; x_wconf 58' lang='lat' dir='ltr'><strong>laesus,</strong></span> <span class='ocrx_word' id='word_1_200' title='bbox 894 2590 991 2630; x_wconf 92' lang='lat' dir='ltr'><strong>nec</strong></span> <span class='ocrx_word' id='word_1_201' title='bbox 1020 2575 1127 2630; x_wconf 92' lang='lat' dir='ltr'><strong>ullo</strong></span> <span class='ocrx_word' id='word_1_202' title='bbox 1154 2574 1372 2630; x_wconf 67' lang='lat' dir='ltr'><strong>allectus</strong></span> <span class='ocrx_word' id='word_1_203' title='bbox 1399 2560 1734 2629; x_wconf 90' lang='lat' dir='ltr'><strong>incommodo</strong></span> <span class='ocrx_word' id='word_1_204' title='bbox 1760 2574 1910 2645; x_wconf 90' lang='lat' dir='ltr'><strong>(pro-</strong></span> 
     </span>
    </p>
   </div>
   <div class='ocr_carea' id='block_1_25' title="bbox 339 2663 1910 2734">
    <p class='ocr_par' dir='ltr' id='par_1_25' title="bbox 339 2663 1910 2734">
     <span class='ocr_line' id='line_1_25' title="bbox 339 2663 1910 2734; baseline -0.001 -16"><span class='ocrx_word' id='word_1_205' title='bbox 339 2666 478 2719; x_wconf 88' lang='lat' dir='ltr'><strong>tinus</strong></span> <span class='ocrx_word' id='word_1_206' title='bbox 528 2667 671 2721; x_wconf 90' lang='lat' dir='ltr'><strong>enim</strong></span> <span class='ocrx_word' id='word_1_207' title='bbox 730 2666 814 2720; x_wconf 87' lang='lat' dir='ltr'><strong>his</strong></span> <span class='ocrx_word' id='word_1_208' title='bbox 858 2666 1194 2721; x_wconf 88' lang='lat' dir='ltr'><strong>reclamaturi</strong></span> <span class='ocrx_word' id='word_1_209' title='bbox 1240 2673 1390 2719; x_wconf 89' lang='lat' dir='ltr'><strong>erant</strong></span> <span class='ocrx_word' id='word_1_210' title='bbox 1437 2665 1628 2719; x_wconf 88' lang='lat' dir='ltr'><strong>milites</strong></span> <span class='ocrx_word' id='word_1_211' title='bbox 1672 2666 1761 2734; x_wconf 90' lang='lat' dir='ltr'><strong>qui</strong></span> <span class='ocrx_word' id='word_1_212' title='bbox 1813 2663 1910 2717; x_wconf 85' lang='lat' dir='ltr'><strong>ad-</strong></span> 
     </span>
    </p>
   </div>
   <div class='ocr_carea' id='block_1_26' title="bbox 336 2755 1905 2826">
    <p class='ocr_par' dir='ltr' id='par_1_26' title="bbox 336 2755 1905 2826">
     <span class='ocr_line' id='line_1_26' title="bbox 336 2755 1905 2826; baseline -0.002 -16"><span class='ocrx_word' id='word_1_213' title='bbox 336 2757 761 2826; x_wconf 88' lang='lat' dir='ltr'><strong>erant,regisque</strong></span> <span class='ocrx_word' id='word_1_214' title='bbox 804 2756 1056 2810; x_wconf 87' lang='lat' dir='ltr'><strong>malitiam</strong></span> <span class='ocrx_word' id='word_1_215' title='bbox 1098 2756 1460 2824; x_wconf 89' lang='lat' dir='ltr'><strong>experimento</strong></span> <span class='ocrx_word' id='word_1_216' title='bbox 1504 2755 1905 2826; x_wconf 80' lang='lat' dir='ltr'><strong>cognoverant):</strong></span> 
     </span>
    </p>
   </div>
   <div class='ocr_carea' id='block_1_27' title="bbox 334 2844 1911 2921">
    <p class='ocr_par' dir='ltr' id='par_1_27' title="bbox 334 2844 1911 2921">
     <span class='ocr_line' id='line_1_27' title="bbox 334 2844 1911 2921; baseline 0.001 -23"><span class='ocrx_word' id='word_1_217' title='bbox 334 2846 435 2900; x_wconf 88' lang='lat' dir='ltr'><strong>alia</strong></span> <span class='ocrx_word' id='word_1_218' title='bbox 459 2861 526 2901; x_wconf 92' lang='lat' dir='ltr'><strong>ex</strong></span> <span class='ocrx_word' id='word_1_219' title='bbox 550 2856 700 2915; x_wconf 90' lang='lat' dir='ltr'><strong>parte</strong></span> <span class='ocrx_word' id='word_1_220' title='bbox 724 2845 1059 2921; x_wconf 85' lang='lat' dir='ltr'><strong>circumibat,</strong></span> <span class='ocrx_word' id='word_1_221' title='bbox 1082 2844 1302 2900; x_wconf 89' lang='lat' dir='ltr'><strong>studens</strong></span> <span class='ocrx_word' id='word_1_222' title='bbox 1323 2844 1647 2915; x_wconf 88' lang='lat' dir='ltr'><strong>probabilem</strong></span> <span class='ocrx_word' id='word_1_223' title='bbox 1674 2844 1911 2899; x_wconf 88' lang='lat' dir='ltr'><strong>invenire</strong></span> 
     </span>
    </p>
   </div>
   <div class='ocr_carea' id='block_1_28' title="bbox 337 2934 1907 3004">
    <p class='ocr_par' dir='ltr' id='par_1_28' title="bbox 337 2934 1907 3004">
     <span class='ocr_line' id='line_1_28' title="bbox 337 2934 1907 3004; baseline -0.001 -14"><span class='ocrx_word' id='word_1_224' title='bbox 337 2936 751 2990; x_wconf 81' lang='lat' dir='ltr'><strong>excusationem.</strong></span> <span class='ocrx_word' id='word_1_225' title='bbox 782 2934 835 2988; x_wconf 91' lang='lat' dir='ltr'><strong>ld</strong></span> <span class='ocrx_word' id='word_1_226' title='bbox 862 2950 983 2989; x_wconf 89' lang='lat' dir='ltr'><strong>cum</strong></span> <span class='ocrx_word' id='word_1_227' title='bbox 1018 2950 1123 2988; x_wconf 91' lang='lat' dir='ltr'><strong>non</strong></span> <span class='ocrx_word' id='word_1_228' title='bbox 1154 2944 1352 3004; x_wconf 89' lang='lat' dir='ltr'><strong>posset,</strong></span> <span class='ocrx_word' id='word_1_229' title='bbox 1385 2950 1483 2989; x_wconf 92' lang='lat' dir='ltr'><strong>nec</strong></span> <span class='ocrx_word' id='word_1_230' title='bbox 1506 2936 1572 2989; x_wconf 90' lang='lat' dir='ltr'><strong>ab</strong></span> <span class='ocrx_word' id='word_1_231' title='bbox 1610 2936 1755 2989; x_wconf 92' lang='lat' dir='ltr'><strong>illius</strong></span> <span class='ocrx_word' id='word_1_232' title='bbox 1783 2935 1907 3000; x_wconf 85' lang='lat' dir='ltr'><strong>vita,</strong></span> 
     </span>
    </p>
   </div>
   <div class='ocr_carea' id='block_1_29' title="bbox 338 3025 1907 3095">
    <p class='ocr_par' dir='ltr' id='par_1_29' title="bbox 338 3025 1907 3095">
     <span class='ocr_line' id='line_1_29' title="bbox 338 3025 1907 3095; baseline -0.001 -15"><span class='ocrx_word' id='word_1_233' title='bbox 338 3041 437 3081; x_wconf 92' lang='lat' dir='ltr'><strong>nec</strong></span> <span class='ocrx_word' id='word_1_234' title='bbox 477 3040 506 3080; x_wconf 92' lang='lat' dir='ltr'><strong>a</strong></span> <span class='ocrx_word' id='word_1_235' title='bbox 544 3025 717 3092; x_wconf 88' lang='lat' dir='ltr'><strong>factis,</strong></span> <span class='ocrx_word' id='word_1_236' title='bbox 762 3026 827 3079; x_wconf 88' lang='lat' dir='ltr'><strong>ad</strong></span> <span class='ocrx_word' id='word_1_237' title='bbox 873 3025 1180 3094; x_wconf 91' lang='lat' dir='ltr'><strong>dignitatem</strong></span> <span class='ocrx_word' id='word_1_238' title='bbox 1227 3026 1367 3079; x_wconf 88' lang='lat' dir='ltr'><strong>illius</strong></span> <span class='ocrx_word' id='word_1_239' title='bbox 1413 3025 1647 3095; x_wconf 76' lang='lat' dir='ltr'><strong>confugit</strong></span> <span class='ocrx_word' id='word_1_240' title='bbox 1688 3027 1907 3080; x_wconf 89' lang='lat' dir='ltr'><strong>dicens:</strong></span> 
     </span>
    </p>
   </div>
   <div class='ocr_carea' id='block_1_30' title="bbox 339 3114 1911 3184">
    <p class='ocr_par' dir='ltr' id='par_1_30' title="bbox 339 3114 1911 3184">
     <span class='ocr_line' id='line_1_30' title="bbox 339 3114 1911 3184; baseline -0.002 -13"><span class='ocrx_word' id='word_1_241' title='bbox 339 3116 586 3182; x_wconf 77' lang='lat' dir='ltr'><strong>Quoniam</strong></span> <span class='ocrx_word' id='word_1_242' title='bbox 636 3116 851 3172; x_wconf 81' lang='lat' dir='ltr'><strong>cltristus</strong></span> <span class='ocrx_word' id='word_1_243' title='bbox 883 3114 1087 3169; x_wconf 92' lang='lat' dir='ltr'><strong>Domini</strong></span> <span class='ocrx_word' id='word_1_244' title='bbox 1133 3124 1222 3168; x_wconf 87' lang='lat' dir='ltr'><strong>est.</strong></span> <span class='ocrx_word' id='word_1_245' title='bbox 1283 3114 1419 3181; x_wconf 89' lang='lat' dir='ltr'><strong>Quid</strong></span> <span class='ocrx_word' id='word_1_246' title='bbox 1463 3115 1577 3181; x_wconf 89' lang='lat' dir='ltr'><strong>ais,</strong></span> <span class='ocrx_word' id='word_1_247' title='bbox 1633 3115 1911 3184; x_wconf 83' lang='lat' dir='ltr'><strong>inquiunt?</strong></span> 
     </span>
    </p>
   </div>
   <div class='ocr_carea' id='block_1_31' title="bbox 337 3207 1912 3283">
    <p class='ocr_par' dir='ltr' id='par_1_31' title="bbox 337 3207 1912 3283">
     <span class='ocr_line' id='line_1_31' title="bbox 337 3207 1912 3283; baseline 0.001 -22"><span class='ocrx_word' id='word_1_248' title='bbox 337 3209 477 3278; x_wconf 88' lang='lat' dir='ltr'><strong>quod</strong></span> <span class='ocrx_word' id='word_1_249' title='bbox 526 3208 818 3275; x_wconf 90' lang='lat' dir='ltr'><strong>scelestus,</strong></span> <span class='ocrx_word' id='word_1_250' title='bbox 867 3207 1008 3278; x_wconf 92' lang='lat' dir='ltr'><strong>quod</strong></span> <span class='ocrx_word' id='word_1_251' title='bbox 1055 3207 1345 3263; x_wconf 88' lang='lat' dir='ltr'><strong>sceleribus</strong></span> <span class='ocrx_word' id='word_1_252' title='bbox 1394 3216 1630 3283; x_wconf 92' lang='lat' dir='ltr'><strong>opertus,</strong></span> <span class='ocrx_word' id='word_1_253' title='bbox 1659 3223 1722 3261; x_wconf 89' lang='lat' dir='ltr'><strong>ac</strong></span> <span class='ocrx_word' id='word_1_254' title='bbox 1772 3207 1912 3262; x_wconf 89' lang='lat' dir='ltr'><strong>vitiis</strong></span> 
     </span>
    </p>
   </div>
   <div class='ocr_carea' id='block_1_32' title="bbox 335 3292 1909 3370">
    <p class='ocr_par' dir='ltr' id='par_1_32' title="bbox 335 3292 1909 3370">
     <span class='ocr_line' id='line_1_32' title="bbox 335 3292 1909 3370; baseline -0.003 -13"><span class='ocrx_word' id='word_1_255' title='bbox 335 3301 806 3358; x_wconf 83' lang='lat' dir='ltr'><strong>innumerabilibus</strong></span> <span class='ocrx_word' id='word_1_256' title='bbox 846 3300 1112 3367; x_wconf 90' lang='lat' dir='ltr'><strong>refertus,</strong></span> <span class='ocrx_word' id='word_1_257' title='bbox 1154 3308 1208 3355; x_wconf 89' lang='lat' dir='ltr'><strong>et</strong></span> <span class='ocrx_word' id='word_1_258' title='bbox 1259 3300 1311 3354; x_wconf 93' lang='lat' dir='ltr'><strong>in</strong></span> <span class='ocrx_word' id='word_1_259' title='bbox 1342 3315 1440 3355; x_wconf 92' lang='lat' dir='ltr'><strong>nos</strong></span> <span class='ocrx_word' id='word_1_260' title='bbox 1482 3292 1909 3370; x_wconf 29' lang='lat' dir='ltr'><strong>extrema&#39;cogi-</strong></span> 
     </span>
    </p>
   </div>
   <div class='ocr_carea' id='block_1_33' title="bbox 336 3390 1910 3464">
    <p class='ocr_par' dir='ltr' id='par_1_33' title="bbox 336 3390 1910 3464">
     <span class='ocr_line' id='line_1_33' title="bbox 336 3390 1910 3464; baseline -0.003 -14"><span class='ocrx_word' id='word_1_261' title='bbox 336 3397 491 3451; x_wconf 74' lang='lat' dir='ltr'><strong>tans?</strong></span> <span class='ocrx_word' id='word_1_262' title='bbox 525 3394 631 3451; x_wconf 91' lang='lat' dir='ltr'><strong>Sed</strong></span> <span class='ocrx_word' id='word_1_263' title='bbox 673 3410 767 3450; x_wconf 86' lang='lat' dir='ltr'><strong>rex</strong></span> <span class='ocrx_word' id='word_1_264' title='bbox 788 3402 890 3461; x_wconf 89' lang='lat' dir='ltr'><strong>est,</strong></span> <span class='ocrx_word' id='word_1_265' title='bbox 920 3393 1014 3449; x_wconf 93' lang='lat' dir='ltr'><strong>sed</strong></span> <span class='ocrx_word' id='word_1_266' title='bbox 1042 3393 1305 3464; x_wconf 88' lang='lat' dir='ltr'><strong>princeps,</strong></span> <span class='ocrx_word' id='word_1_267' title='bbox 1333 3392 1427 3448; x_wconf 91' lang='lat' dir='ltr'><strong>sed</strong></span> <span class='ocrx_word' id='word_1_268' title='bbox 1459 3392 1811 3461; x_wconf 87' lang='lat' dir='ltr'><strong>principatum</strong></span> <span class='ocrx_word' id='word_1_269' title='bbox 1856 3390 1910 3447; x_wconf 89' lang='lat' dir='ltr'><strong>in</strong></span> 
     </span>
    </p>
   </div>
   <div class='ocr_carea' id='block_1_34' title="bbox 338 3480 1909 3555">
    <p class='ocr_par' dir='ltr' id='par_1_34' title="bbox 338 3480 1909 3555">
     <span class='ocr_line' id='line_1_34' title="bbox 338 3480 1909 3555; baseline -0.003 -17"><span class='ocrx_word' id='word_1_270' title='bbox 338 3500 434 3541; x_wconf 90' lang='lat' dir='ltr'><strong>nos</strong></span> <span class='ocrx_word' id='word_1_271' title='bbox 468 3486 719 3555; x_wconf 86' lang='lat' dir='ltr'><strong>suscepit.</strong></span> <span class='ocrx_word' id='word_1_272' title='bbox 748 3485 926 3555; x_wconf 87' lang='lat' dir='ltr'><strong>Neque</strong></span> <span class='ocrx_word' id='word_1_273' title='bbox 948 3493 1122 3540; x_wconf 83' lang='lat' dir='ltr'><strong>tamen</strong></span> <span class='ocrx_word' id='word_1_274' title='bbox 1150 3484 1302 3550; x_wconf 82' lang='lat' dir='ltr'><strong>dixit,</strong></span> <span class='ocrx_word' id='word_1_275' title='bbox 1340 3484 1452 3539; x_wconf 84' lang='lat' dir='ltr'><strong>Rex</strong></span> <span class='ocrx_word' id='word_1_276' title='bbox 1478 3491 1579 3551; x_wconf 92' lang='lat' dir='ltr'><strong>est,</strong></span> <span class='ocrx_word' id='word_1_277' title='bbox 1605 3482 1721 3546; x_wconf 90' lang='lat' dir='ltr'><strong>sed,</strong></span> <span class='ocrx_word' id='word_1_278' title='bbox 1761 3480 1909 3537; x_wconf 79' lang='lat' dir='ltr'><strong>Chri-</strong></span> 
     </span>
    </p>
   </div>
   <div class='ocr_carea' id='block_1_35' title="bbox 336 3573 1910 3643">
    <p class='ocr_par' dir='ltr' id='par_1_35' title="bbox 336 3573 1910 3643">
     <span class='ocr_line' id='line_1_35' title="bbox 336 3573 1910 3643; baseline 0 -13"><span class='ocrx_word' id='word_1_279' title='bbox 336 3587 442 3630; x_wconf 77' lang='lat' dir='ltr'><strong>stus</strong></span> <span class='ocrx_word' id='word_1_280' title='bbox 483 3575 683 3630; x_wconf 80' lang='lat' dir='ltr'><strong>Domini</strong></span> <span class='ocrx_word' id='word_1_281' title='bbox 709 3586 800 3643; x_wconf 84' lang='lat' dir='ltr'><strong>est,</strong></span> <span class='ocrx_word' id='word_1_282' title='bbox 847 3592 951 3631; x_wconf 93' lang='lat' dir='ltr'><strong>non</strong></span> <span class='ocrx_word' id='word_1_283' title='bbox 979 3575 1047 3631; x_wconf 91' lang='lat' dir='ltr'><strong>ab</strong></span> <span class='ocrx_word' id='word_1_284' title='bbox 1087 3576 1319 3631; x_wconf 88' lang='lat' dir='ltr'><strong>humano</strong></span> <span class='ocrx_word' id='word_1_285' title='bbox 1358 3575 1580 3641; x_wconf 87' lang='lat' dir='ltr'><strong>honore,</strong></span> <span class='ocrx_word' id='word_1_286' title='bbox 1611 3573 1705 3631; x_wconf 86' lang='lat' dir='ltr'><strong>sed</strong></span> <span class='ocrx_word' id='word_1_287' title='bbox 1745 3589 1774 3628; x_wconf 95' lang='lat' dir='ltr'><strong>a</strong></span> <span class='ocrx_word' id='word_1_288' title='bbox 1802 3589 1910 3630; x_wconf 80' lang='lat' dir='ltr'><strong>ca:-</strong></span> 
     </span>
    </p>
   </div>
   <div class='ocr_carea' id='block_1_36' title="bbox 336 3664 1913 3744">
    <p class='ocr_par' dir='ltr' id='par_1_36' title="bbox 336 3664 1913 3744">
     <span class='ocr_line' id='line_1_36' title="bbox 336 3664 1913 3744; baseline 0.001 -25"><span class='ocrx_word' id='word_1_289' title='bbox 336 3668 453 3723; x_wconf 87' lang='lat' dir='ltr'><strong>lesti</strong></span> <span class='ocrx_word' id='word_1_290' title='bbox 492 3668 691 3738; x_wconf 76' lang='lat' dir='ltr'><strong>judicio</strong></span> <span class='ocrx_word' id='word_1_291' title='bbox 735 3677 945 3744; x_wconf 89' lang='lat' dir='ltr'><strong>sumpto</strong></span> <span class='ocrx_word' id='word_1_292' title='bbox 991 3668 1282 3723; x_wconf 84' lang='lat' dir='ltr'><strong>honorifico</strong></span> <span class='ocrx_word' id='word_1_293' title='bbox 1325 3666 1646 3723; x_wconf 90' lang='lat' dir='ltr'><strong>testimonio.</strong></span> <span class='ocrx_word' id='word_1_294' title='bbox 1702 3664 1913 3721; x_wconf 90' lang='lat' dir='ltr'><strong>Conte—</strong></span> 
     </span>
    </p>
   </div>
   <div class='ocr_carea' id='block_1_37' title="bbox 337 3756 1906 3829">
    <p class='ocr_par' dir='ltr' id='par_1_37' title="bbox 337 3756 1906 3829">
     <span class='ocr_line' id='line_1_37' title="bbox 337 3756 1906 3829; baseline -0.003 -16"><span class='ocrx_word' id='word_1_295' title='bbox 337 3761 475 3814; x_wconf 87' lang='lat' dir='ltr'><strong>mnis</strong></span> <span class='ocrx_word' id='word_1_296' title='bbox 493 3801 507 3825; x_wconf 95' lang='lat'><strong>,</strong></span> <span class='ocrx_word' id='word_1_297' title='bbox 547 3761 741 3829; x_wconf 92' lang='lat' dir='ltr'><strong>inquit,</strong></span> <span class='ocrx_word' id='word_1_298' title='bbox 767 3774 1080 3815; x_wconf 89' lang='lat' dir='ltr'><strong>conservum</strong></span> <span class='ocrx_word' id='word_1_299' title='bbox 1119 3759 1304 3813; x_wconf 85' lang='lat' dir='ltr'><strong>tuum?</strong></span> <span class='ocrx_word' id='word_1_300' title='bbox 1328 3758 1593 3812; x_wconf 83' lang='lat' dir='ltr'><strong>Reverere</strong></span> <span class='ocrx_word' id='word_1_301' title='bbox 1612 3756 1906 3811; x_wconf 88' lang='lat' dir='ltr'><strong>dominum.</strong></span> 
     </span>
    </p>
   </div>
   <div class='ocr_carea' id='block_1_38' title="bbox 338 3845 1910 3917">
    <p class='ocr_par' dir='ltr' id='par_1_38' title="bbox 338 3845 1910 3917">
     <span class='ocr_line' id='line_1_38' title="bbox 338 3845 1910 3917; baseline -0.003 -14"><span class='ocrx_word' id='word_1_302' title='bbox 338 3850 651 3917; x_wconf 86' lang='lat' dir='ltr'><strong>Aspernaris</strong></span> <span class='ocrx_word' id='word_1_303' title='bbox 676 3849 943 3903; x_wconf 89' lang='lat' dir='ltr'><strong>electum?</strong></span> <span class='ocrx_word' id='word_1_304' title='bbox 972 3848 1143 3903; x_wconf 86' lang='lat' dir='ltr'><strong>Mclue</strong></span> <span class='ocrx_word' id='word_1_305' title='bbox 1183 3862 1306 3902; x_wconf 88' lang='lat' dir='ltr'><strong>eum</strong></span> <span class='ocrx_word' id='word_1_306' title='bbox 1354 3847 1443 3915; x_wconf 90' lang='lat' dir='ltr'><strong>qui</strong></span> <span class='ocrx_word' id='word_1_307' title='bbox 1485 3847 1660 3914; x_wconf 81' lang='lat' dir='ltr'><strong>elegit.</strong></span> <span class='ocrx_word' id='word_1_308' title='bbox 1700 3845 1910 3900; x_wconf 90' lang='lat' dir='ltr'><strong>Etenim</strong></span> 
     </span>
    </p>
   </div>
   <div class='ocr_carea' id='block_1_39' title="bbox 337 3935 1911 4009">
    <p class='ocr_par' dir='ltr' id='par_1_39' title="bbox 337 3935 1911 4009">
     <span class='ocr_line' id='line_1_39' title="bbox 337 3935 1911 4009; baseline -0.001 -17"><span class='ocrx_word' id='word_1_309' title='bbox 337 3941 380 3992; x_wconf 88' lang='lat' dir='ltr'><strong>si</strong></span> <span class='ocrx_word' id='word_1_310' title='bbox 410 3939 649 4009; x_wconf 81' lang='lat' dir='ltr'><strong>vulgares</strong></span> <span class='ocrx_word' id='word_1_311' title='bbox 674 3940 803 3994; x_wconf 91' lang='lat' dir='ltr'><strong>istos</strong></span> <span class='ocrx_word' id='word_1_312' title='bbox 842 3938 1118 4008; x_wconf 72' lang='lat' dir='ltr'><strong>praefectos</strong></span> <span class='ocrx_word' id='word_1_313' title='bbox 1156 3938 1223 3992; x_wconf 88' lang='lat' dir='ltr'><strong>ab</strong></span> <span class='ocrx_word' id='word_1_314' title='bbox 1250 3936 1573 4005; x_wconf 82' lang='lat' dir='ltr'><strong>lmperatore</strong></span> <span class='ocrx_word' id='word_1_315' title='bbox 1609 3935 1911 4003; x_wconf 88' lang='lat' dir='ltr'><strong>designatos</strong></span> 
     </span>
    </p>
   </div>
   <div class='ocr_carea' id='block_1_40' title="bbox 338 4028 1908 4102">
    <p class='ocr_par' dir='ltr' id='par_1_40' title="bbox 338 4028 1908 4102">
     <span class='ocr_line' id='line_1_40' title="bbox 338 4028 1908 4102; baseline -0.006 -14"><span class='ocrx_word' id='word_1_316' title='bbox 338 4034 543 4089; x_wconf 88' lang='lat' dir='ltr'><strong>etiamsi</strong></span> <span class='ocrx_word' id='word_1_317' title='bbox 567 4033 673 4088; x_wconf 89' lang='lat' dir='ltr'><strong>sint</strong></span> <span class='ocrx_word' id='word_1_318' title='bbox 702 4032 947 4102; x_wconf 87' lang='lat' dir='ltr'><strong>improbi,</strong></span> <span class='ocrx_word' id='word_1_319' title='bbox 978 4032 1022 4086; x_wconf 94' lang='lat' dir='ltr'><strong>si</strong></span> <span class='ocrx_word' id='word_1_320' title='bbox 1048 4030 1211 4095; x_wconf 86' lang='lat' dir='ltr'><strong>fures,</strong></span> <span class='ocrx_word' id='word_1_321' title='bbox 1232 4030 1277 4083; x_wconf 91' lang='lat' dir='ltr'><strong>si</strong></span> <span class='ocrx_word' id='word_1_322' title='bbox 1307 4028 1604 4098; x_wconf 61' lang='lat' dir='ltr'><strong>praedones,</strong></span> <span class='ocrx_word' id='word_1_323' title='bbox 1632 4028 1675 4082; x_wconf 89' lang='lat' dir='ltr'><strong>si</strong></span> <span class='ocrx_word' id='word_1_324' title='bbox 1708 4028 1908 4097; x_wconf 88' lang='lat' dir='ltr'><strong>injusti,</strong></span> 
     </span>
    </p>
   </div>
   <div class='ocr_carea' id='block_1_41' title="bbox 338 4117 1908 4193">
    <p class='ocr_par' dir='ltr' id='par_1_41' title="bbox 338 4117 1908 4193">
     <span class='ocr_line' id='line_1_41' title="bbox 338 4117 1908 4193; baseline -0.004 -16"><span class='ocrx_word' id='word_1_325' title='bbox 338 4124 381 4177; x_wconf 90' lang='lat' dir='ltr'><strong>si</strong></span> <span class='ocrx_word' id='word_1_326' title='bbox 411 4121 777 4193; x_wconf 87' lang='lat' dir='ltr'><strong>quodcumque</strong></span> <span class='ocrx_word' id='word_1_327' title='bbox 810 4120 952 4176; x_wconf 87' lang='lat' dir='ltr'><strong>aliud</strong></span> <span class='ocrx_word' id='word_1_328' title='bbox 993 4120 1219 4186; x_wconf 89' lang='lat' dir='ltr'><strong>fuerint,</strong></span> <span class='ocrx_word' id='word_1_329' title='bbox 1246 4119 1492 4173; x_wconf 88' lang='lat' dir='ltr'><strong>timemus</strong></span> <span class='ocrx_word' id='word_1_330' title='bbox 1520 4127 1575 4173; x_wconf 93' lang='lat' dir='ltr'><strong>et</strong></span> <span class='ocrx_word' id='word_1_331' title='bbox 1596 4117 1908 4183; x_wconf 88' lang='lat' dir='ltr'><strong>horremus,</strong></span> 
     </span>
    </p>
   </div>
   <div class='ocr_carea' id='block_1_42' title="bbox 339 4210 1965 4287">
    <p class='ocr_par' dir='ltr' id='par_1_42' title="bbox 339 4210 1965 4287">
     <span class='ocr_line' id='line_1_42' title="bbox 339 4210 1965 4287; baseline -0.002 -19"><span class='ocrx_word' id='word_1_332' title='bbox 339 4230 442 4268; x_wconf 92' lang='lat' dir='ltr'><strong>non</strong></span> <span class='ocrx_word' id='word_1_333' title='bbox 484 4222 699 4283; x_wconf 84' lang='lat' dir='ltr'><strong>propter</strong></span> <span class='ocrx_word' id='word_1_334' title='bbox 726 4214 981 4269; x_wconf 90' lang='lat' dir='ltr'><strong>malitiam</strong></span> <span class='ocrx_word' id='word_1_335' title='bbox 1021 4212 1371 4281; x_wconf 86' lang='lat' dir='ltr'><strong>despicientes</strong></span> <span class='ocrx_word' id='word_1_336' title='bbox 1409 4226 1535 4276; x_wconf 91' lang='lat' dir='ltr'><strong>eos,</strong></span> <span class='ocrx_word' id='word_1_337' title='bbox 1575 4210 1669 4266; x_wconf 92' lang='lat' dir='ltr'><strong>sed</strong></span> <span class='ocrx_word' id='word_1_338' title='bbox 1690 4218 1913 4287; x_wconf 85' lang='lat' dir='ltr'><strong>propter</strong></span> <span class='ocrx_word' id='word_1_339' title='bbox 1958 4236 1965 4241; x_wconf 59' lang='grc' dir='ltr'>ν</span> 
     </span>
    </p>
   </div>
   <div class='ocr_carea' id='block_1_43' title="bbox 338 4300 1912 4375">
    <p class='ocr_par' dir='ltr' id='par_1_43' title="bbox 338 4300 1912 4375">
     <span class='ocr_line' id='line_1_43' title="bbox 338 4300 1912 4375; baseline -0.003 -16"><span class='ocrx_word' id='word_1_340' title='bbox 338 4305 645 4375; x_wconf 89' lang='lat' dir='ltr'><strong>dignitatem</strong></span> <span class='ocrx_word' id='word_1_341' title='bbox 673 4304 811 4359; x_wconf 91' lang='lat' dir='ltr'><strong>illius</strong></span> <span class='ocrx_word' id='word_1_342' title='bbox 840 4319 870 4358; x_wconf 93' lang='lat' dir='ltr'><strong>a</strong></span> <span class='ocrx_word' id='word_1_343' title='bbox 903 4318 1007 4375; x_wconf 92' lang='lat' dir='ltr'><strong>quo</strong></span> <span class='ocrx_word' id='word_1_344' title='bbox 1033 4303 1188 4359; x_wconf 90' lang='lat' dir='ltr'><strong>electi</strong></span> <span class='ocrx_word' id='word_1_345' title='bbox 1214 4310 1339 4357; x_wconf 91' lang='lat' dir='ltr'><strong>sunt</strong></span> <span class='ocrx_word' id='word_1_346' title='bbox 1367 4310 1672 4357; x_wconf 90' lang='lat' dir='ltr'><strong>reverentes</strong></span> <span class='ocrx_word' id='word_1_347' title='bbox 1701 4319 1713 4354; x_wconf 95' lang='lat'><strong>:</strong></span> <span class='ocrx_word' id='word_1_348' title='bbox 1745 4300 1912 4355; x_wconf 90' lang='lat' dir='ltr'><strong>multo</strong></span> 
     </span>
    </p>
   </div>
   <div class='ocr_carea' id='block_1_44' title="bbox 338 4394 1908 4465">
    <p class='ocr_par' dir='ltr' id='par_1_44' title="bbox 338 4394 1908 4465">
     <span class='ocr_line' id='line_1_44' title="bbox 338 4394 1908 4465; baseline 0.001 -18"><span class='ocrx_word' id='word_1_349' title='bbox 338 4395 565 4465; x_wconf 88' lang='lat' dir='ltr'><strong>amplius</strong></span> <span class='ocrx_word' id='word_1_350' title='bbox 592 4394 644 4449; x_wconf 91' lang='lat' dir='ltr'><strong>id</strong></span> <span class='ocrx_word' id='word_1_351' title='bbox 669 4394 842 4451; x_wconf 91' lang='lat' dir='ltr'><strong>facere</strong></span> <span class='ocrx_word' id='word_1_352' title='bbox 862 4395 1109 4451; x_wconf 91' lang='lat' dir='ltr'><strong>convenit</strong></span> <span class='ocrx_word' id='word_1_353' title='bbox 1134 4410 1257 4465; x_wconf 89' lang='lat' dir='ltr'><strong>erga</strong></span> <span class='ocrx_word' id='word_1_354' title='bbox 1285 4409 1378 4449; x_wconf 93' lang='lat' dir='ltr'><strong>eos</strong></span> <span class='ocrx_word' id='word_1_355' title='bbox 1401 4408 1534 4463; x_wconf 92' lang='lat' dir='ltr'><strong>quos</strong></span> <span class='ocrx_word' id='word_1_356' title='bbox 1563 4394 1720 4464; x_wconf 87' lang='lat' dir='ltr'><strong>elegit</strong></span> <span class='ocrx_word' id='word_1_357' title='bbox 1752 4394 1908 4449; x_wconf 88' lang='lat' dir='ltr'><strong>Deus.</strong></span> 
     </span>
    </p>
   </div>
   <div class='ocr_carea' id='block_1_45' title="bbox 338 4486 1909 4557">
    <p class='ocr_par' dir='ltr' id='par_1_45' title="bbox 338 4486 1909 4557">
     <span class='ocr_line' id='line_1_45' title="bbox 338 4486 1909 4557; baseline -0.002 -16"><span class='ocrx_word' id='word_1_358' title='bbox 338 4486 620 4553; x_wconf 86' lang='lat' dir='ltr'><strong>Nondum,</strong></span> <span class='ocrx_word' id='word_1_359' title='bbox 646 4487 848 4557; x_wconf 92' lang='lat' dir='ltr'><strong>inquit,</strong></span> <span class='ocrx_word' id='word_1_360' title='bbox 899 4488 1038 4543; x_wconf 90' lang='lat' dir='ltr'><strong>Deus</strong></span> <span class='ocrx_word' id='word_1_361' title='bbox 1077 4486 1342 4541; x_wconf 84' lang='lat' dir='ltr'><strong>abdicavit</strong></span> <span class='ocrx_word' id='word_1_362' title='bbox 1382 4486 1531 4540; x_wconf 91' lang='lat' dir='ltr'><strong>illum</strong></span> <span class='ocrx_word' id='word_1_363' title='bbox 1578 4486 1909 4556; x_wconf 84' lang='lat' dir='ltr'><strong>principatu,</strong></span> 
     </span>
    </p>
   </div>
   <div class='ocr_carea' id='block_1_46' title="bbox 302 4577 1911 4649">
    <p class='ocr_par' dir='ltr' id='par_1_46' title="bbox 302 4577 1911 4649">
     <span class='ocr_line' id='line_1_46' title="bbox 302 4577 1911 4649; baseline -0.002 -16"><span class='ocrx_word' id='word_1_364' title='bbox 302 4644 307 4649; x_wconf 90' lang='grc' dir='ltr'><strong> </strong></span> <span class='ocrx_word' id='word_1_365' title='bbox 335 4578 571 4633; x_wconf 90' lang='lat' dir='ltr'><strong>nondum</strong></span> <span class='ocrx_word' id='word_1_366' title='bbox 593 4579 714 4632; x_wconf 92' lang='lat' dir='ltr'><strong>fecit</strong></span> <span class='ocrx_word' id='word_1_367' title='bbox 737 4592 858 4632; x_wconf 91' lang='lat' dir='ltr'><strong>eum</strong></span> <span class='ocrx_word' id='word_1_368' title='bbox 892 4594 954 4633; x_wconf 84' lang='lat' dir='ltr'><strong>ex</strong></span> <span class='ocrx_word' id='word_1_369' title='bbox 985 4592 1110 4647; x_wconf 89' lang='lat' dir='ltr'><strong>rege</strong></span> <span class='ocrx_word' id='word_1_370' title='bbox 1132 4578 1411 4646; x_wconf 89' lang='lat' dir='ltr'><strong>privatum.</strong></span> <span class='ocrx_word' id='word_1_371' title='bbox 1437 4577 1615 4646; x_wconf 87' lang='lat' dir='ltr'><strong>Itaque</strong></span> <span class='ocrx_word' id='word_1_372' title='bbox 1636 4592 1703 4631; x_wconf 90' lang='lat' dir='ltr'><strong>ne</strong></span> <span class='ocrx_word' id='word_1_373' title='bbox 1731 4577 1911 4630; x_wconf 83' lang='lat' dir='ltr'><strong>inver-</strong></span> 
     </span>
    </p>
   </div>
   <div class='ocr_carea' id='block_1_47' title="bbox 342 4661 1912 4737">
    <p class='ocr_par' dir='ltr' id='par_1_47' title="bbox 342 4661 1912 4737">
     <span class='ocr_line' id='line_1_47' title="bbox 342 4661 1912 4737; baseline 0.001 -17"><span class='ocrx_word' id='word_1_374' title='bbox 342 4676 516 4723; x_wconf 85' lang='lat' dir='ltr'><strong>tamus</strong></span> <span class='ocrx_word' id='word_1_375' title='bbox 539 4667 798 4733; x_wconf 90' lang='lat' dir='ltr'><strong>ordinem,</strong></span> <span class='ocrx_word' id='word_1_376' title='bbox 831 4682 1001 4737; x_wconf 89' lang='lat' dir='ltr'><strong>neque</strong></span> <span class='ocrx_word' id='word_1_377' title='bbox 1028 4681 1320 4737; x_wconf 79' lang='lat' dir='ltr'><strong>pugnemus</strong></span> <span class='ocrx_word' id='word_1_378' title='bbox 1349 4661 1468 4722; x_wconf 64' lang='lat' dir='ltr'><strong>cﬂm</strong></span> <span class='ocrx_word' id='word_1_379' title='bbox 1495 4667 1626 4728; x_wconf 87' lang='lat' dir='ltr'><strong>Deo,</strong></span> <span class='ocrx_word' id='word_1_380' title='bbox 1658 4667 1912 4735; x_wconf 90' lang='lat' dir='ltr'><strong>apostoli-</strong></span> 
     </span>
    </p>
   </div>
   <div class='ocr_carea' id='block_1_48' title="bbox 333 4758 1915 4829">
    <p class='ocr_par' dir='ltr' id='par_1_48' title="bbox 333 4758 1915 4829">
     <span class='ocr_line' id='line_1_48' title="bbox 333 4758 1915 4829; baseline -0.002 -14"><span class='ocrx_word' id='word_1_381' title='bbox 333 4776 464 4816; x_wconf 93' lang='lat' dir='ltr'><strong>cum</strong></span> <span class='ocrx_word' id='word_1_382' title='bbox 483 4758 607 4813; x_wconf 90' lang='lat' dir='ltr'><strong>illud</strong></span> <span class='ocrx_word' id='word_1_383' title='bbox 637 4759 833 4813; x_wconf 91' lang='lat' dir='ltr'><strong>dictum</strong></span> <span class='ocrx_word' id='word_1_384' title='bbox 857 4758 1006 4813; x_wconf 89' lang='lat' dir='ltr'><strong>factis</strong></span> <span class='ocrx_word' id='word_1_385' title='bbox 1033 4767 1344 4829; x_wconf 82' lang='lat' dir='ltr'><strong>praestantes</strong></span> <span class='ocrx_word' id='word_1_386' title='bbox 1371 4777 1383 4812; x_wconf 90' lang='lat'><strong>:</strong></span> <span class='ocrx_word' id='word_1_387' title='bbox 1412 4758 1662 4825; x_wconf 86' lang='lat' dir='ltr'><strong>Quoniam</strong></span> <span class='ocrx_word' id='word_1_388' title='bbox 1694 4760 1915 4828; x_wconf 80' lang='lat' dir='ltr'><strong>quisquis</strong></span> 
     </span>
    </p>
   </div>
   <div class='ocr_carea' id='block_1_49' title="bbox 342 4849 1917 4920">
    <p class='ocr_par' dir='ltr' id='par_1_49' title="bbox 342 4849 1917 4920">
     <span class='ocr_line' id='line_1_49' title="bbox 342 4849 1917 4920; baseline -0.001 -16"><span class='ocrx_word' id='word_1_389' title='bbox 342 4852 522 4904; x_wconf 73' lang='lat' dir='ltr'><strong>resistit</strong></span> <span class='ocrx_word' id='word_1_390' title='bbox 546 4851 796 4920; x_wconf 74' lang='lat' dir='ltr'><strong>potestati,</strong></span> <span class='ocrx_word' id='word_1_391' title='bbox 820 4849 917 4903; x_wconf 88' lang='lat' dir='ltr'><strong>Dei</strong></span> <span class='ocrx_word' id='word_1_392' title='bbox 936 4850 1240 4904; x_wconf 85' lang='lat' dir='ltr'><strong>ordinationi</strong></span> <span class='ocrx_word' id='word_1_393' title='bbox 1258 4849 1476 4913; x_wconf 77' lang='lat' dir='ltr'><strong>resistit;</strong></span> <span class='ocrx_word' id='word_1_394' title='bbox 1501 4851 1798 4920; x_wconf 83' lang='lat' dir='ltr'><strong>quicumque</strong></span> <span class='ocrx_word' id='word_1_395' title='bbox 1822 4865 1917 4902; x_wconf 90' lang='lat' dir='ltr'><strong>au-</strong></span> 
     </span>
    </p>
   </div>
   <div class='ocr_carea' id='block_1_50' title="bbox 343 4940 1910 5012">
    <p class='ocr_par' dir='ltr' id='par_1_50' title="bbox 343 4940 1910 5012">
     <span class='ocr_line' id='line_1_50' title="bbox 343 4940 1910 5012; baseline -0.001 -16"><span class='ocrx_word' id='word_1_396' title='bbox 343 4954 439 4996; x_wconf 81' lang='lat' dir='ltr'><strong>tem</strong></span> <span class='ocrx_word' id='word_1_397' title='bbox 465 4943 734 5010; x_wconf 82' lang='lat' dir='ltr'><strong>resistunt,</strong></span> <span class='ocrx_word' id='word_1_398' title='bbox 762 4941 982 5012; x_wconf 67' lang='lat' dir='ltr'><strong>sibiipsis</strong></span> <span class='ocrx_word' id='word_1_399' title='bbox 1020 4942 1261 5010; x_wconf 80' lang='lat' dir='ltr'><strong>accipient</strong></span> <span class='ocrx_word' id='word_1_400' title='bbox 1300 4941 1669 4994; x_wconf 87' lang='lat' dir='ltr'><strong>damnationem</strong></span> <span class='ocrx_word' id='word_1_401' title='bbox 1722 4940 1910 5010; x_wconf 84' lang='lat' dir='ltr'><strong>(Rom.</strong></span> 
     </span>
    </p>
   </div>
   <div class='ocr_carea' id='block_1_51' title="bbox 344 5029 1913 5103">
    <p class='ocr_par' dir='ltr' id='par_1_51' title="bbox 344 5029 1913 5103">
     <span class='ocr_line' id='line_1_51' title="bbox 344 5029 1913 5103; baseline -0.001 -16"><span class='ocrx_word' id='word_1_402' title='bbox 344 5035 429 5087; x_wconf 77' lang='grc'><strong>15.</strong></span> <span class='ocrx_word' id='word_1_403' title='bbox 457 5033 536 5103; x_wconf 77' lang='lat'><strong>2).</strong></span> <span class='ocrx_word' id='word_1_404' title='bbox 559 5032 672 5087; x_wconf 89' lang='lat' dir='ltr'><strong>Non</strong></span> <span class='ocrx_word' id='word_1_405' title='bbox 702 5031 871 5087; x_wconf 90' lang='lat' dir='ltr'><strong>solum</strong></span> <span class='ocrx_word' id='word_1_406' title='bbox 892 5031 1175 5102; x_wconf 85' lang='lat' dir='ltr'><strong>appellavit</strong></span> <span class='ocrx_word' id='word_1_407' title='bbox 1203 5030 1348 5084; x_wconf 92' lang='lat' dir='ltr'><strong>illum</strong></span> <span class='ocrx_word' id='word_1_408' title='bbox 1377 5029 1656 5094; x_wconf 91' lang='lat' dir='ltr'><strong>christum,</strong></span> <span class='ocrx_word' id='word_1_409' title='bbox 1687 5029 1789 5084; x_wconf 88' lang='lat' dir='ltr'><strong>hoc</strong></span> <span class='ocrx_word' id='word_1_410' title='bbox 1812 5040 1913 5096; x_wconf 89' lang='lat' dir='ltr'><strong>est,</strong></span> 
     </span>
    </p>
   </div>
   <div class='ocr_carea' id='block_1_52' title="bbox 344 5121 1914 5195">
    <p class='ocr_par' dir='ltr' id='par_1_52' title="bbox 344 5121 1914 5195">
     <span class='ocr_line' id='line_1_52' title="bbox 344 5121 1914 5195; baseline -0.001 -16"><span class='ocrx_word' id='word_1_411' title='bbox 344 5134 555 5179; x_wconf 85' lang='lat' dir='ltr'><strong>unctum</strong></span> <span class='ocrx_word' id='word_1_412' title='bbox 582 5134 634 5179; x_wconf 90' lang='lat' dir='ltr'><strong>et</strong></span> <span class='ocrx_word' id='word_1_413' title='bbox 663 5140 875 5195; x_wconf 89' lang='lat' dir='ltr'><strong>regem;</strong></span> <span class='ocrx_word' id='word_1_414' title='bbox 918 5139 1100 5179; x_wconf 89' lang='lat' dir='ltr'><strong>verum</strong></span> <span class='ocrx_word' id='word_1_415' title='bbox 1131 5123 1289 5176; x_wconf 90' lang='lat' dir='ltr'><strong>etiam</strong></span> <span class='ocrx_word' id='word_1_416' title='bbox 1325 5137 1478 5176; x_wconf 89' lang='lat' dir='ltr'><strong>suum</strong></span> <span class='ocrx_word' id='word_1_417' title='bbox 1519 5121 1791 5176; x_wconf 90' lang='lat' dir='ltr'><strong>dominum</strong></span> <span class='ocrx_word' id='word_1_418' title='bbox 1819 5136 1914 5177; x_wconf 82' lang='lat' dir='ltr'><strong>vo-</strong></span> 
     </span>
    </p>
   </div>
   <div class='ocr_carea' id='block_1_53' title="bbox 344 5211 1915 5283">
    <p class='ocr_par' dir='ltr' id='par_1_53' title="bbox 344 5211 1915 5283">
     <span class='ocr_line' id='line_1_53' title="bbox 344 5211 1915 5283; baseline -0.001 -14"><span class='ocrx_word' id='word_1_419' title='bbox 344 5218 500 5270; x_wconf 87' lang='lat' dir='ltr'><strong>cavit.</strong></span> <span class='ocrx_word' id='word_1_420' title='bbox 518 5216 632 5272; x_wconf 93' lang='lat' dir='ltr'><strong>Non</strong></span> <span class='ocrx_word' id='word_1_421' title='bbox 664 5225 747 5270; x_wconf 92' lang='lat' dir='ltr'><strong>est</strong></span> <span class='ocrx_word' id='word_1_422' title='bbox 776 5214 1057 5271; x_wconf 89' lang='lat' dir='ltr'><strong>mediocris</strong></span> <span class='ocrx_word' id='word_1_423' title='bbox 1085 5213 1451 5283; x_wconf 66' lang='lat' dir='ltr'><strong>philosophiae,</strong></span> <span class='ocrx_word' id='word_1_424' title='bbox 1470 5212 1672 5266; x_wconf 90' lang='lat' dir='ltr'><strong>hostem</strong></span> <span class='ocrx_word' id='word_1_425' title='bbox 1697 5211 1915 5267; x_wconf 89' lang='lat' dir='ltr'><strong>honoris</strong></span> 
     </span>
    </p>
   </div>
   <div class='ocr_carea' id='block_1_54' title="bbox 345 5302 1916 5375">
    <p class='ocr_par' dir='ltr' id='par_1_54' title="bbox 345 5302 1916 5375">
     <span class='ocr_line' id='line_1_54' title="bbox 345 5302 1916 5375; baseline -0.001 -17"><span class='ocrx_word' id='word_1_426' title='bbox 345 5318 398 5358; x_wconf 92' lang='lat' dir='ltr'><strong>ct</strong></span> <span class='ocrx_word' id='word_1_427' title='bbox 422 5306 659 5375; x_wconf 89' lang='lat' dir='ltr'><strong>obsequii</strong></span> <span class='ocrx_word' id='word_1_428' title='bbox 688 5306 956 5360; x_wconf 90' lang='lat' dir='ltr'><strong>vocabulis</strong></span> <span class='ocrx_word' id='word_1_429' title='bbox 982 5304 1269 5375; x_wconf 85' lang='lat' dir='ltr'><strong>appellare.</strong></span> <span class='ocrx_word' id='word_1_430' title='bbox 1291 5306 1461 5373; x_wconf 85' lang='lat' dir='ltr'><strong>Atque</strong></span> <span class='ocrx_word' id='word_1_431' title='bbox 1483 5302 1533 5356; x_wconf 93' lang='lat' dir='ltr'><strong>id</strong></span> <span class='ocrx_word' id='word_1_432' title='bbox 1555 5318 1739 5357; x_wconf 90' lang='lat' dir='ltr'><strong>rursus</strong></span> <span class='ocrx_word' id='word_1_433' title='bbox 1760 5318 1916 5372; x_wconf 89' lang='lat' dir='ltr'><strong>quam</strong></span> 
     </span>
    </p>
   </div>
   <div class='ocr_carea' id='block_1_55' title="bbox 345 5395 1918 5467">
    <p class='ocr_par' dir='ltr' id='par_1_55' title="bbox 345 5395 1918 5467">
     <span class='ocr_line' id='line_1_55' title="bbox 345 5395 1918 5467; baseline 0.001 -18"><span class='ocrx_word' id='word_1_434' title='bbox 345 5398 413 5450; x_wconf 79' lang='lat' dir='ltr'><strong>sit</strong></span> <span class='ocrx_word' id='word_1_435' title='bbox 436 5413 702 5467; x_wconf 87' lang='lat' dir='ltr'><strong>magnum,</strong></span> <span class='ocrx_word' id='word_1_436' title='bbox 729 5413 792 5451; x_wconf 86' lang='lat' dir='ltr'><strong>ex</strong></span> <span class='ocrx_word' id='word_1_437' title='bbox 821 5398 902 5452; x_wconf 88' lang='lat' dir='ltr'><strong>his</strong></span> <span class='ocrx_word' id='word_1_438' title='bbox 926 5412 1043 5466; x_wconf 78' lang='lat' dir='ltr'><strong>quae</strong></span> <span class='ocrx_word' id='word_1_439' title='bbox 1072 5396 1278 5451; x_wconf 63' lang='lat' dir='ltr'><strong>caeteris</strong></span> <span class='ocrx_word' id='word_1_440' title='bbox 1294 5395 1710 5465; x_wconf 85' lang='lat' dir='ltr'><strong>acciduntqueat</strong></span> <span class='ocrx_word' id='word_1_441' title='bbox 1728 5395 1918 5465; x_wconf 90' lang='lat' dir='ltr'><strong>aliquis</strong></span> 
     </span>
    </p>
   </div>
   <div class='ocr_carea' id='block_1_56' title="bbox 346 5486 1919 5558">
    <p class='ocr_par' dir='ltr' id='par_1_56' title="bbox 346 5486 1919 5558">
     <span class='ocr_line' id='line_1_56' title="bbox 346 5486 1919 5558; baseline 0.001 -18"><span class='ocrx_word' id='word_1_442' title='bbox 346 5489 663 5556; x_wconf 85' lang='lat' dir='ltr'><strong>perspicere.</strong></span> <span class='ocrx_word' id='word_1_443' title='bbox 688 5489 933 5558; x_wconf 86' lang='lat' dir='ltr'><strong>Plerique</strong></span> <span class='ocrx_word' id='word_1_444' title='bbox 961 5486 1219 5555; x_wconf 90' lang='lat' dir='ltr'><strong>siquidem</strong></span> <span class='ocrx_word' id='word_1_445' title='bbox 1258 5486 1503 5541; x_wconf 91' lang='lat' dir='ltr'><strong>inimicos</strong></span> <span class='ocrx_word' id='word_1_446' title='bbox 1526 5500 1652 5541; x_wconf 90' lang='lat' dir='ltr'><strong>suos</strong></span> <span class='ocrx_word' id='word_1_447' title='bbox 1678 5500 1745 5540; x_wconf 92' lang='lat' dir='ltr'><strong>ne</strong></span> <span class='ocrx_word' id='word_1_448' title='bbox 1767 5486 1919 5541; x_wconf 89' lang='lat' dir='ltr'><strong>nudis</strong></span> 
     </span>
    </p>
   </div>
   <div class='ocr_carea' id='block_1_57' title="bbox 345 5575 1916 5648">
    <p class='ocr_par' dir='ltr' id='par_1_57' title="bbox 345 5575 1916 5648">
     <span class='ocr_line' id='line_1_57' title="bbox 345 5575 1916 5648; baseline -0.001 -15"><span class='ocrx_word' id='word_1_449' title='bbox 345 5578 556 5648; x_wconf 86' lang='lat' dir='ltr'><strong>quidem</strong></span> <span class='ocrx_word' id='word_1_450' title='bbox 586 5593 648 5633; x_wconf 90' lang='lat' dir='ltr'><strong>ac</strong></span> <span class='ocrx_word' id='word_1_451' title='bbox 666 5578 991 5647; x_wconf 89' lang='lat' dir='ltr'><strong>simplicibus</strong></span> <span class='ocrx_word' id='word_1_452' title='bbox 1017 5577 1318 5632; x_wconf 87' lang='lat' dir='ltr'><strong>nominibus</strong></span> <span class='ocrx_word' id='word_1_453' title='bbox 1338 5575 1605 5647; x_wconf 88' lang='lat' dir='ltr'><strong>appellare</strong></span> <span class='ocrx_word' id='word_1_454' title='bbox 1633 5577 1916 5645; x_wconf 91' lang='lat' dir='ltr'><strong>sustinent,</strong></span> 
     </span>
    </p>
   </div>
   <div class='ocr_carea' id='block_1_58' title="bbox 346 5669 1918 5739">
    <p class='ocr_par' dir='ltr' id='par_1_58' title="bbox 346 5669 1918 5739">
     <span class='ocr_line' id='line_1_58' title="bbox 346 5669 1918 5739; baseline -0.003 -12"><span class='ocrx_word' id='word_1_455' title='bbox 346 5673 439 5727; x_wconf 82' lang='lat' dir='ltr'><strong>Sed</strong></span> <span class='ocrx_word' id='word_1_456' title='bbox 476 5673 593 5726; x_wconf 90' lang='lat' dir='ltr'><strong>aliis</strong></span> <span class='ocrx_word' id='word_1_457' title='bbox 631 5672 900 5726; x_wconf 88' lang='lat' dir='ltr'><strong>vocabulis</strong></span> <span class='ocrx_word' id='word_1_458' title='bbox 936 5671 1132 5726; x_wconf 89' lang='lat' dir='ltr'><strong>odiosis</strong></span> <span class='ocrx_word' id='word_1_459' title='bbox 1173 5683 1269 5725; x_wconf 90' lang='lat' dir='ltr'><strong>eos</strong></span> <span class='ocrx_word' id='word_1_460' title='bbox 1311 5670 1585 5724; x_wconf 89' lang='lat' dir='ltr'><strong>nominant</strong></span> <span class='ocrx_word' id='word_1_461' title='bbox 1614 5686 1628 5722; x_wconf 92' lang='lat'><strong>:</strong></span> <span class='ocrx_word' id='word_1_462' title='bbox 1662 5669 1918 5739; x_wconf 90' lang='lat' dir='ltr'><strong>impium,</strong></span> 
     </span>
    </p>
   </div>
   <div class='ocr_carea' id='block_1_59' title="bbox 348 5760 1920 5832">
    <p class='ocr_par' dir='ltr' id='par_1_59' title="bbox 348 5760 1920 5832">
     <span class='ocr_line' id='line_1_59' title="bbox 348 5760 1920 5832; baseline -0.001 -14"><span class='ocrx_word' id='word_1_463' title='bbox 348 5764 613 5828; x_wconf 85' lang='lat' dir='ltr'><strong>insanum,</strong></span> <span class='ocrx_word' id='word_1_464' title='bbox 644 5770 820 5818; x_wconf 88' lang='lat' dir='ltr'><strong>mente</strong></span> <span class='ocrx_word' id='word_1_465' title='bbox 850 5771 1089 5832; x_wconf 89' lang='lat' dir='ltr'><strong>captum,</strong></span> <span class='ocrx_word' id='word_1_466' title='bbox 1120 5760 1365 5828; x_wconf 89' lang='lat' dir='ltr'><strong>delirum,</strong></span> <span class='ocrx_word' id='word_1_467' title='bbox 1392 5760 1726 5830; x_wconf 88' lang='lat' dir='ltr'><strong>pestilentem</strong></span> <span class='ocrx_word' id='word_1_468' title='bbox 1754 5779 1766 5815; x_wconf 94' lang='lat'><strong>:</strong></span> <span class='ocrx_word' id='word_1_469' title='bbox 1795 5762 1920 5817; x_wconf 80' lang='lat' dir='ltr'><strong>alia-</strong></span> 
     </span>
    </p>
   </div>
   <div class='ocr_carea' id='block_1_60' title="bbox 1382 384 2547 446">
    <p class='ocr_par' dir='ltr' id='par_1_60' title="bbox 1382 384 2547 446">
     <span class='ocr_line' id='line_1_60' title="bbox 1382 384 2547 446; baseline 0.003 -5"><span class='ocrx_word' id='word_1_470' title='bbox 1382 386 1472 441; x_wconf 89' lang='lat' dir='ltr'><strong>DE</strong></span> <span class='ocrx_word' id='word_1_471' title='bbox 1512 384 1766 442; x_wconf 78' lang='lat' dir='ltr'><strong>DAVIDE</strong></span> <span class='ocrx_word' id='word_1_472' title='bbox 1803 385 1893 440; x_wconf 82' lang='grc' dir='ltr'><strong>ΕΤ</strong></span> <span class='ocrx_word' id='word_1_473' title='bbox 1930 384 2153 441; x_wconf 79' lang='lat' dir='ltr'><strong>SAULE</strong></span> <span class='ocrx_word' id='word_1_474' title='bbox 2191 387 2467 446; x_wconf 76' lang='lat' dir='ltr'><strong>HOMILIA</strong></span> <span class='ocrx_word' id='word_1_475' title='bbox 2505 391 2547 444; x_wconf 93' lang='grc' dir='ltr'><strong>Ι.</strong></span> 
     </span>
    </p>
   </div>
   <div class='ocr_carea' id='block_1_61' title="bbox 3488 399 3589 453">
    <p class='ocr_par' dir='ltr' id='par_1_61' title="bbox 3488 399 3589 453">
     <span class='ocr_line' id='line_1_61' title="bbox 3488 399 3589 453; baseline 0.01 -1"><span class='ocrx_word' id='word_1_476' title='bbox 3488 399 3589 453; x_wconf 71' lang='lat'><strong>680</strong></span> 
     </span>
    </p>
   </div>
   <div class='ocr_carea' id='block_1_62' title="bbox 2013 499 3587 576">
    <p class='ocr_par' dir='ltr' id='par_1_62' title="bbox 2013 499 3587 576">
     <span class='ocr_line' id='line_1_62' title="bbox 2013 499 3587 576; baseline 0.009 -26"><span class='ocrx_word' id='word_1_477' title='bbox 2013 510 2117 566; x_wconf 89' lang='lat' dir='ltr'><strong>que</strong></span> <span class='ocrx_word' id='word_1_478' title='bbox 2139 499 2302 552; x_wconf 88' lang='lat' dir='ltr'><strong>multa</strong></span> <span class='ocrx_word' id='word_1_479' title='bbox 2323 507 2645 566; x_wconf 87' lang='lat' dir='ltr'><strong>contexunt,</strong></span> <span class='ocrx_word' id='word_1_480' title='bbox 2667 500 2855 573; x_wconf 90' lang='lat' dir='ltr'><strong>hisque</strong></span> <span class='ocrx_word' id='word_1_481' title='bbox 2889 503 3029 559; x_wconf 86' lang='lat' dir='ltr'><strong>notis</strong></span> <span class='ocrx_word' id='word_1_482' title='bbox 3050 503 3327 576; x_wconf 88' lang='lat' dir='ltr'><strong>designant</strong></span> <span class='ocrx_word' id='word_1_483' title='bbox 3357 507 3587 565; x_wconf 87' lang='lat' dir='ltr'><strong>hostem.</strong></span> 
     </span>
    </p>
   </div>
   <div class='ocr_carea' id='block_1_63' title="bbox 2012 585 3591 667">
    <p class='ocr_par' dir='ltr' id='par_1_63' title="bbox 2012 585 3591 667">
     <span class='ocr_line' id='line_1_63' title="bbox 2012 585 3591 667; baseline 0.011 -28"><span class='ocrx_word' id='word_1_484' title='bbox 2012 585 2071 640; x_wconf 86' lang='lat' dir='ltr'><strong>Id</strong></span> <span class='ocrx_word' id='word_1_485' title='bbox 2106 601 2225 642; x_wconf 87' lang='lat' dir='ltr'><strong>esse</strong></span> <span class='ocrx_word' id='word_1_486' title='bbox 2268 604 2451 644; x_wconf 90' lang='lat' dir='ltr'><strong>verum</strong></span> <span class='ocrx_word' id='word_1_487' title='bbox 2474 632 2489 656; x_wconf 92' lang='lat'><strong>,</strong></span> <span class='ocrx_word' id='word_1_488' title='bbox 2520 593 2772 662; x_wconf 90' lang='lat' dir='ltr'><strong>exemplo</strong></span> <span class='ocrx_word' id='word_1_489' title='bbox 2818 608 2925 648; x_wconf 92' lang='lat' dir='ltr'><strong>non</strong></span> <span class='ocrx_word' id='word_1_490' title='bbox 2961 594 3168 651; x_wconf 88' lang='lat' dir='ltr'><strong>eminus</strong></span> <span class='ocrx_word' id='word_1_491' title='bbox 3199 598 3397 667; x_wconf 91' lang='lat' dir='ltr'><strong>petito,</strong></span> <span class='ocrx_word' id='word_1_492' title='bbox 3438 600 3531 655; x_wconf 90' lang='lat' dir='ltr'><strong>sed</strong></span> <span class='ocrx_word' id='word_1_493' title='bbox 3560 617 3591 657; x_wconf 90' lang='lat' dir='ltr'><strong>e</strong></span> 
     </span>
    </p>
   </div>
   <div class='ocr_carea' id='block_1_64' title="bbox 2012 677 3584 757">
    <p class='ocr_par' dir='ltr' id='par_1_64' title="bbox 2012 677 3584 757">
     <span class='ocr_line' id='line_1_64' title="bbox 2012 677 3584 757; baseline 0.011 -28"><span class='ocrx_word' id='word_1_494' title='bbox 2012 677 2254 744; x_wconf 91' lang='lat' dir='ltr'><strong>proximo</strong></span> <span class='ocrx_word' id='word_1_495' title='bbox 2282 689 2493 749; x_wconf 92' lang='lat' dir='ltr'><strong>sumpto</strong></span> <span class='ocrx_word' id='word_1_496' title='bbox 2514 680 2736 749; x_wconf 89' lang='lat' dir='ltr'><strong>docebo,</strong></span> <span class='ocrx_word' id='word_1_497' title='bbox 2763 683 3013 739; x_wconf 89' lang='lat' dir='ltr'><strong>nimirum</strong></span> <span class='ocrx_word' id='word_1_498' title='bbox 3041 685 3108 740; x_wconf 92' lang='lat' dir='ltr'><strong>ab</strong></span> <span class='ocrx_word' id='word_1_499' title='bbox 3130 685 3233 741; x_wconf 90' lang='lat' dir='ltr'><strong>hoc</strong></span> <span class='ocrx_word' id='word_1_500' title='bbox 3260 688 3374 757; x_wconf 88' lang='lat' dir='ltr'><strong>ipso</strong></span> <span class='ocrx_word' id='word_1_501' title='bbox 3401 688 3584 756; x_wconf 77' lang='lat' dir='ltr'><strong>Saﬁle,</strong></span> 
     </span>
    </p>
   </div>
   <div class='ocr_carea' id='block_1_65' title="bbox 2013 767 3593 837">
    <p class='ocr_par' dir='ltr' id='par_1_65' title="bbox 2013 767 3593 837">
     <span class='ocr_line' id='line_1_65' title="bbox 2013 767 3593 837; baseline 0.01 -16"><span class='ocrx_word' id='word_1_502' title='bbox 2013 768 2100 837; x_wconf 90' lang='lat' dir='ltr'><strong>qui</strong></span> <span class='ocrx_word' id='word_1_503' title='bbox 2124 767 2324 836; x_wconf 88' lang='lat' dir='ltr'><strong>justum</strong></span> <span class='ocrx_word' id='word_1_504' title='bbox 2352 771 2491 826; x_wconf 92' lang='lat' dir='ltr'><strong>hunc</strong></span> <span class='ocrx_word' id='word_1_505' title='bbox 2528 772 2599 828; x_wconf 93' lang='lat' dir='ltr'><strong>ob</strong></span> <span class='ocrx_word' id='word_1_506' title='bbox 2636 773 2923 831; x_wconf 88' lang='lat' dir='ltr'><strong>vehemens</strong></span> <span class='ocrx_word' id='word_1_507' title='bbox 2972 776 3150 831; x_wconf 91' lang='lat' dir='ltr'><strong>odium</strong></span> <span class='ocrx_word' id='word_1_508' title='bbox 3193 793 3299 833; x_wconf 93' lang='lat' dir='ltr'><strong>non</strong></span> <span class='ocrx_word' id='word_1_509' title='bbox 3326 769 3593 837; x_wconf 68' lang='lat' dir='ltr'><strong>sustinuit</strong></span> 
     </span>
    </p>
   </div>
   <div class='ocr_carea' id='block_1_66' title="bbox 2012 860 3590 938">
    <p class='ocr_par' dir='ltr' id='par_1_66' title="bbox 2012 860 3590 938">
     <span class='ocr_line' id='line_1_66' title="bbox 2012 860 3590 938; baseline 0.01 -27"><span class='ocrx_word' id='word_1_510' title='bbox 2012 860 2228 926; x_wconf 88' lang='lat' dir='ltr'><strong>proprio</strong></span> <span class='ocrx_word' id='word_1_511' title='bbox 2264 876 2455 916; x_wconf 91' lang='lat' dir='ltr'><strong>vocare</strong></span> <span class='ocrx_word' id='word_1_512' title='bbox 2500 866 2742 929; x_wconf 89' lang='lat' dir='ltr'><strong>nomine,</strong></span> <span class='ocrx_word' id='word_1_513' title='bbox 2771 865 2865 921; x_wconf 91' lang='lat' dir='ltr'><strong>sed</strong></span> <span class='ocrx_word' id='word_1_514' title='bbox 2913 881 3035 921; x_wconf 89' lang='lat' dir='ltr'><strong>cum</strong></span> <span class='ocrx_word' id='word_1_515' title='bbox 3072 867 3355 938; x_wconf 89' lang='lat' dir='ltr'><strong>aliquando</strong></span> <span class='ocrx_word' id='word_1_516' title='bbox 3396 871 3590 928; x_wconf 85' lang='lat' dir='ltr'><strong>festum</strong></span> 
     </span>
    </p>
   </div>
   <div class='ocr_carea' id='block_1_67' title="bbox 2011 950 3590 1029">
    <p class='ocr_par' dir='ltr' id='par_1_67' title="bbox 2011 950 3590 1029">
     <span class='ocr_line' id='line_1_67' title="bbox 2011 950 3590 1029; baseline 0.01 -28"><span class='ocrx_word' id='word_1_517' title='bbox 2011 950 2277 1017; x_wconf 91' lang='lat' dir='ltr'><strong>quoddam</strong></span> <span class='ocrx_word' id='word_1_518' title='bbox 2303 952 2683 1018; x_wconf 88' lang='lat' dir='ltr'><strong>celebraretur,</strong></span> <span class='ocrx_word' id='word_1_519' title='bbox 2715 957 2995 1026; x_wconf 89' lang='lat' dir='ltr'><strong>requirens</strong></span> <span class='ocrx_word' id='word_1_520' title='bbox 3024 973 3176 1025; x_wconf 91' lang='lat' dir='ltr'><strong>cum,</strong></span> <span class='ocrx_word' id='word_1_521' title='bbox 3219 960 3457 1029; x_wconf 89' lang='lat' dir='ltr'><strong>dicebat,</strong></span> <span class='ocrx_word' id='word_1_522' title='bbox 3491 961 3590 1019; x_wconf 81' lang='lat' dir='ltr'><strong>Ubi</strong></span> 
     </span>
    </p>
   </div>
   <div class='ocr_carea' id='block_1_68' title="bbox 2010 1040 3593 1122">
    <p class='ocr_par' dir='ltr' id='par_1_68' title="bbox 2010 1040 3593 1122">
     <span class='ocr_line' id='line_1_68' title="bbox 2010 1040 3593 1122; baseline 0.011 -31"><span class='ocrx_word' id='word_1_523' title='bbox 2010 1047 2084 1092; x_wconf 89' lang='lat' dir='ltr'><strong>est</strong></span> <span class='ocrx_word' id='word_1_524' title='bbox 2108 1040 2245 1106; x_wconf 85' lang='lat' dir='ltr'><strong>ﬁlius</strong></span> <span class='ocrx_word' id='word_1_525' title='bbox 2269 1040 2413 1096; x_wconf 85' lang='lat' dir='ltr'><strong>Jesse</strong></span> <span class='ocrx_word' id='word_1_526' title='bbox 2435 1040 2455 1112; x_wconf 92' lang='lat'>(</span> <span class='ocrx_word' id='word_1_527' title='bbox 2478 1044 2528 1097; x_wconf 84' lang='grc'><strong>1.</strong></span> <span class='ocrx_word' id='word_1_528' title='bbox 2555 1042 2682 1113; x_wconf 84' lang='lat' dir='ltr'><strong>Reg.</strong></span> <span class='ocrx_word' id='word_1_529' title='bbox 2713 1046 2804 1099; x_wconf 74' lang='lat'><strong>20.</strong></span> <span class='ocrx_word' id='word_1_530' title='bbox 2826 1048 2956 1117; x_wconf 76' lang='lat'><strong>27)?</strong></span> <span class='ocrx_word' id='word_1_531' title='bbox 2980 1047 3069 1103; x_wconf 85' lang='lat' dir='ltr'><strong>Sic</strong></span> <span class='ocrx_word' id='word_1_532' title='bbox 3104 1057 3279 1105; x_wconf 84' lang='lat' dir='ltr'><strong>autem</strong></span> <span class='ocrx_word' id='word_1_533' title='bbox 3307 1054 3593 1122; x_wconf 83' lang='lat' dir='ltr'><strong>appellavit</strong></span> 
     </span>
    </p>
   </div>
   <div class='ocr_carea' id='block_1_69' title="bbox 2012 1131 3586 1213">
    <p class='ocr_par' dir='ltr' id='par_1_69' title="bbox 2012 1131 3586 1213">
     <span class='ocr_line' id='line_1_69' title="bbox 2012 1131 3586 1213; baseline 0.011 -31"><span class='ocrx_word' id='word_1_534' title='bbox 2012 1145 2132 1184; x_wconf 91' lang='lat' dir='ltr'><strong>eum</strong></span> <span class='ocrx_word' id='word_1_535' title='bbox 2163 1131 2353 1198; x_wconf 84' lang='lat' dir='ltr'><strong>partim</strong></span> <span class='ocrx_word' id='word_1_536' title='bbox 2392 1132 2515 1187; x_wconf 91' lang='lat' dir='ltr'><strong>odio</strong></span> <span class='ocrx_word' id='word_1_537' title='bbox 2555 1136 2751 1204; x_wconf 89' lang='lat' dir='ltr'><strong>proprii</strong></span> <span class='ocrx_word' id='word_1_538' title='bbox 2794 1139 3054 1205; x_wconf 82' lang='lat' dir='ltr'><strong>nominis,</strong></span> <span class='ocrx_word' id='word_1_539' title='bbox 3098 1144 3288 1209; x_wconf 87' lang='lat' dir='ltr'><strong>partim</strong></span> <span class='ocrx_word' id='word_1_540' title='bbox 3330 1147 3586 1213; x_wconf 74' lang='lat' dir='ltr'><strong>genitoris</strong></span> 
     </span>
    </p>
   </div>
   <div class='ocr_carea' id='block_1_70' title="bbox 2011 1221 3591 1303">
    <p class='ocr_par' dir='ltr' id='par_1_70' title="bbox 2011 1221 3591 1303">
     <span class='ocr_line' id='line_1_70' title="bbox 2011 1221 3591 1303; baseline 0.011 -31"><span class='ocrx_word' id='word_1_541' title='bbox 2011 1221 2265 1275; x_wconf 85' lang='lat' dir='ltr'><strong>vilitatem</strong></span> <span class='ocrx_word' id='word_1_542' title='bbox 2294 1232 2502 1289; x_wconf 90' lang='lat' dir='ltr'><strong>notans,</strong></span> <span class='ocrx_word' id='word_1_543' title='bbox 2535 1238 2755 1293; x_wconf 90' lang='lat' dir='ltr'><strong>sperans</strong></span> <span class='ocrx_word' id='word_1_544' title='bbox 2777 1226 2887 1281; x_wconf 92' lang='lat' dir='ltr'><strong>fore</strong></span> <span class='ocrx_word' id='word_1_545' title='bbox 2915 1237 2973 1282; x_wconf 91' lang='lat' dir='ltr'><strong>ut</strong></span> <span class='ocrx_word' id='word_1_546' title='bbox 2996 1228 3097 1284; x_wconf 88' lang='lat' dir='ltr'><strong>hoc</strong></span> <span class='ocrx_word' id='word_1_547' title='bbox 3122 1240 3275 1300; x_wconf 84' lang='lat' dir='ltr'><strong>pacto</strong></span> <span class='ocrx_word' id='word_1_548' title='bbox 3297 1233 3423 1303; x_wconf 88' lang='lat' dir='ltr'><strong>justi</strong></span> <span class='ocrx_word' id='word_1_549' title='bbox 3452 1235 3591 1290; x_wconf 82' lang='lat' dir='ltr'><strong>fama</strong></span> 
     </span>
    </p>
   </div>
   <div class='ocr_carea' id='block_1_71' title="bbox 2012 1310 3592 1384">
    <p class='ocr_par' dir='ltr' id='par_1_71' title="bbox 2012 1310 3592 1384">
     <span class='ocr_line' id='line_1_71' title="bbox 2012 1310 3592 1384; baseline 0.009 -21"><span class='ocrx_word' id='word_1_550' title='bbox 2012 1310 2498 1365; x_wconf 89' lang='lat' dir='ltr'><strong>contaminaretur:</strong></span> <span class='ocrx_word' id='word_1_551' title='bbox 2532 1312 2670 1367; x_wconf 92' lang='lat' dir='ltr'><strong>haud</strong></span> <span class='ocrx_word' id='word_1_552' title='bbox 2710 1314 3013 1384; x_wconf 89' lang='lat' dir='ltr'><strong>intelligens</strong></span> <span class='ocrx_word' id='word_1_553' title='bbox 3048 1319 3316 1375; x_wconf 88' lang='lat' dir='ltr'><strong>hominem</strong></span> <span class='ocrx_word' id='word_1_554' title='bbox 3360 1324 3592 1379; x_wconf 88' lang='lat' dir='ltr'><strong>nobilem</strong></span> 
     </span>
    </p>
   </div>
   <div class='ocr_carea' id='block_1_72' title="bbox 2012 1398 3595 1479">
    <p class='ocr_par' dir='ltr' id='par_1_72' title="bbox 2012 1398 3595 1479">
     <span class='ocr_line' id='line_1_72' title="bbox 2012 1398 3595 1479; baseline 0.011 -27"><span class='ocrx_word' id='word_1_555' title='bbox 2012 1398 2381 1470; x_wconf 88' lang='lat' dir='ltr'><strong>illustremque</strong></span> <span class='ocrx_word' id='word_1_556' title='bbox 2421 1402 2569 1458; x_wconf 90' lang='lat' dir='ltr'><strong>reddi</strong></span> <span class='ocrx_word' id='word_1_557' title='bbox 2616 1404 2821 1471; x_wconf 85' lang='lat' dir='ltr'><strong>solere,</strong></span> <span class='ocrx_word' id='word_1_558' title='bbox 2854 1421 2958 1461; x_wconf 92' lang='lat' dir='ltr'><strong>non</strong></span> <span class='ocrx_word' id='word_1_559' title='bbox 3002 1410 3399 1479; x_wconf 87' lang='lat' dir='ltr'><strong>progenitorum</strong></span> <span class='ocrx_word' id='word_1_560' title='bbox 3434 1414 3595 1471; x_wconf 84' lang='lat' dir='ltr'><strong>clari-</strong></span> 
     </span>
    </p>
   </div>
   <div class='ocr_carea' id='block_1_73' title="bbox 2016 1491 3593 1561">
    <p class='ocr_par' dir='ltr' id='par_1_73' title="bbox 2016 1491 3593 1561">
     <span class='ocr_line' id='line_1_73' title="bbox 2016 1491 3593 1561; baseline 0.012 -19"><span class='ocrx_word' id='word_1_561' title='bbox 2016 1498 2153 1554; x_wconf 89' lang='lat' dir='ltr'><strong>tate,</strong></span> <span class='ocrx_word' id='word_1_562' title='bbox 2187 1491 2277 1545; x_wconf 89' lang='lat' dir='ltr'><strong>sed</strong></span> <span class='ocrx_word' id='word_1_563' title='bbox 2326 1493 2487 1547; x_wconf 89' lang='lat' dir='ltr'><strong>animi</strong></span> <span class='ocrx_word' id='word_1_564' title='bbox 2518 1496 2728 1550; x_wconf 89' lang='lat' dir='ltr'><strong>virtute.</strong></span> <span class='ocrx_word' id='word_1_565' title='bbox 2768 1496 2835 1551; x_wconf 92' lang='lat' dir='ltr'><strong>At</strong></span> <span class='ocrx_word' id='word_1_566' title='bbox 2876 1513 2980 1552; x_wconf 90' lang='lat' dir='ltr'><strong>non</strong></span> <span class='ocrx_word' id='word_1_567' title='bbox 3028 1500 3208 1554; x_wconf 90' lang='lat' dir='ltr'><strong>itidem</strong></span> <span class='ocrx_word' id='word_1_568' title='bbox 3250 1503 3371 1558; x_wconf 90' lang='lat' dir='ltr'><strong>fecit</strong></span> <span class='ocrx_word' id='word_1_569' title='bbox 3407 1505 3593 1561; x_wconf 88' lang='lat' dir='ltr'><strong>beatus</strong></span> 
     </span>
    </p>
   </div>
   <div class='ocr_carea' id='block_1_74' title="bbox 2016 1579 3589 1662">
    <p class='ocr_par' dir='ltr' id='par_1_74' title="bbox 2016 1579 3589 1662">
     <span class='ocr_line' id='line_1_74' title="bbox 2016 1579 3589 1662; baseline 0.009 -27"><span class='ocrx_word' id='word_1_570' title='bbox 2016 1579 2201 1635; x_wconf 92' lang='lat' dir='ltr'><strong>David.</strong></span> <span class='ocrx_word' id='word_1_571' title='bbox 2232 1581 2414 1651; x_wconf 85' lang='lat' dir='ltr'><strong>Neque</strong></span> <span class='ocrx_word' id='word_1_572' title='bbox 2440 1585 2582 1639; x_wconf 87' lang='lat' dir='ltr'><strong>enim</strong></span> <span class='ocrx_word' id='word_1_573' title='bbox 2615 1585 2780 1654; x_wconf 90' lang='lat' dir='ltr'><strong>patris</strong></span> <span class='ocrx_word' id='word_1_574' title='bbox 2809 1597 3161 1658; x_wconf 88' lang='lat' dir='ltr'><strong>cognomento</strong></span> <span class='ocrx_word' id='word_1_575' title='bbox 3186 1594 3390 1648; x_wconf 89' lang='lat' dir='ltr'><strong>vocavit</strong></span> <span class='ocrx_word' id='word_1_576' title='bbox 3420 1595 3589 1662; x_wconf 90' lang='lat' dir='ltr'><strong>illum,</strong></span> 
     </span>
    </p>
   </div>
   <div class='ocr_carea' id='block_1_75' title="bbox 2012 1673 3591 1744">
    <p class='ocr_par' dir='ltr' id='par_1_75' title="bbox 2012 1673 3591 1744">
     <span class='ocr_line' id='line_1_75' title="bbox 2012 1673 3591 1744; baseline 0.009 -21"><span class='ocrx_word' id='word_1_577' title='bbox 2012 1686 2329 1741; x_wconf 90' lang='lat' dir='ltr'><strong>quamquam</strong></span> <span class='ocrx_word' id='word_1_578' title='bbox 2362 1673 2405 1726; x_wconf 94' lang='lat' dir='ltr'><strong>is</strong></span> <span class='ocrx_word' id='word_1_579' title='bbox 2432 1689 2640 1744; x_wconf 89' lang='lat' dir='ltr'><strong>quoque</strong></span> <span class='ocrx_word' id='word_1_580' title='bbox 2684 1675 2779 1729; x_wconf 92' lang='lat' dir='ltr'><strong>fuit</strong></span> <span class='ocrx_word' id='word_1_581' title='bbox 2805 1677 3087 1733; x_wconf 88' lang='lat' dir='ltr'><strong>admodum</strong></span> <span class='ocrx_word' id='word_1_582' title='bbox 3132 1680 3346 1736; x_wconf 90' lang='lat' dir='ltr'><strong>humilis</strong></span> <span class='ocrx_word' id='word_1_583' title='bbox 3383 1690 3437 1737; x_wconf 91' lang='lat' dir='ltr'><strong>et</strong></span> <span class='ocrx_word' id='word_1_584' title='bbox 3462 1698 3591 1739; x_wconf 91' lang='lat' dir='ltr'><strong>con-</strong></span> 
     </span>
    </p>
   </div>
   <div class='ocr_carea' id='block_1_76' title="bbox 2015 1766 3595 1843">
    <p class='ocr_par' dir='ltr' id='par_1_76' title="bbox 2015 1766 3595 1843">
     <span class='ocr_line' id='line_1_76' title="bbox 2015 1766 3595 1843; baseline 0.008 -28"><span class='ocrx_word' id='word_1_585' title='bbox 2015 1770 2244 1831; x_wconf 88' lang='lat' dir='ltr'><strong>temptus</strong></span> <span class='ocrx_word' id='word_1_586' title='bbox 2272 1780 2286 1816; x_wconf 91' lang='lat'><strong>:</strong></span> <span class='ocrx_word' id='word_1_587' title='bbox 2314 1778 2487 1833; x_wconf 91' lang='lat' dir='ltr'><strong>neque</strong></span> <span class='ocrx_word' id='word_1_588' title='bbox 2517 1766 2659 1819; x_wconf 90' lang='lat' dir='ltr'><strong>nudo</strong></span> <span class='ocrx_word' id='word_1_589' title='bbox 2679 1766 3009 1837; x_wconf 91' lang='lat' dir='ltr'><strong>simplicique</strong></span> <span class='ocrx_word' id='word_1_590' title='bbox 3035 1771 3249 1827; x_wconf 90' lang='lat' dir='ltr'><strong>nomine</strong></span> <span class='ocrx_word' id='word_1_591' title='bbox 3277 1773 3595 1843; x_wconf 88' lang='lat' dir='ltr'><strong>designavit,</strong></span> 
     </span>
    </p>
   </div>
   <div class='ocr_carea' id='block_1_77' title="bbox 2013 1854 3592 1934">
    <p class='ocr_par' dir='ltr' id='par_1_77' title="bbox 2013 1854 3592 1934">
     <span class='ocr_line' id='line_1_77' title="bbox 2013 1854 3592 1934; baseline 0.007 -26"><span class='ocrx_word' id='word_1_592' title='bbox 2013 1854 2105 1908; x_wconf 90' lang='lat' dir='ltr'><strong>sed</strong></span> <span class='ocrx_word' id='word_1_593' title='bbox 2128 1854 2395 1924; x_wconf 89' lang='lat' dir='ltr'><strong>dignitatis</strong></span> <span class='ocrx_word' id='word_1_594' title='bbox 2425 1865 2477 1909; x_wconf 92' lang='lat' dir='ltr'><strong>et</strong></span> <span class='ocrx_word' id='word_1_595' title='bbox 2506 1857 2828 1926; x_wconf 89' lang='lat' dir='ltr'><strong>principatus</strong></span> <span class='ocrx_word' id='word_1_596' title='bbox 2851 1860 3018 1914; x_wconf 90' lang='lat' dir='ltr'><strong>titulo.</strong></span> <span class='ocrx_word' id='word_1_597' title='bbox 3043 1858 3223 1930; x_wconf 90' lang='lat' dir='ltr'><strong>Usque</strong></span> <span class='ocrx_word' id='word_1_598' title='bbox 3243 1863 3377 1919; x_wconf 87' lang='lat' dir='ltr'><strong>adeo</strong></span> <span class='ocrx_word' id='word_1_599' title='bbox 3405 1881 3592 1934; x_wconf 88' lang='lat' dir='ltr'><strong>purmn</strong></span> 
     </span>
    </p>
   </div>
   <div class='ocr_carea' id='block_1_78' title="bbox 2013 1944 3594 2016">
    <p class='ocr_par' dir='ltr' id='par_1_78' title="bbox 2013 1944 3594 2016">
     <span class='ocr_line' id='line_1_78' title="bbox 2013 1944 3594 2016; baseline 0.007 -19"><span class='ocrx_word' id='word_1_600' title='bbox 2013 1944 2081 1998; x_wconf 92' lang='lat' dir='ltr'><strong>ab</strong></span> <span class='ocrx_word' id='word_1_601' title='bbox 2124 1944 2270 1998; x_wconf 93' lang='lat' dir='ltr'><strong>omni</strong></span> <span class='ocrx_word' id='word_1_602' title='bbox 2319 1945 2686 2001; x_wconf 88' lang='lat' dir='ltr'><strong>malevolentia</strong></span> <span class='ocrx_word' id='word_1_603' title='bbox 2724 1947 2940 2016; x_wconf 79' lang='lat' dir='ltr'><strong>gerebat</strong></span> <span class='ocrx_word' id='word_1_604' title='bbox 2981 1950 3236 2004; x_wconf 87' lang='lat' dir='ltr'><strong>animum.</strong></span> <span class='ocrx_word' id='word_1_605' title='bbox 3270 1951 3496 2007; x_wconf 88' lang='lat' dir='ltr'><strong>Proinde</strong></span> <span class='ocrx_word' id='word_1_606' title='bbox 3539 1966 3594 2009; x_wconf 90' lang='lat' dir='ltr'><strong>tu</strong></span> 
     </span>
    </p>
   </div>
   <div class='ocr_carea' id='block_1_79' title="bbox 2014 2036 3597 2112">
    <p class='ocr_par' dir='ltr' id='par_1_79' title="bbox 2014 2036 3597 2112">
     <span class='ocr_line' id='line_1_79' title="bbox 2014 2036 3597 2112; baseline 0.008 -25"><span class='ocrx_word' id='word_1_607' title='bbox 2014 2050 2246 2105; x_wconf 90' lang='lat' dir='ltr'><strong>quoque,</strong></span> <span class='ocrx_word' id='word_1_608' title='bbox 2274 2037 2546 2090; x_wconf 91' lang='lat' dir='ltr'><strong>carissime</strong></span> <span class='ocrx_word' id='word_1_609' title='bbox 2565 2078 2580 2104; x_wconf 96' lang='lat'><strong>,</strong></span> <span class='ocrx_word' id='word_1_610' title='bbox 2614 2036 2752 2093; x_wconf 91' lang='lat' dir='ltr'><strong>hunc</strong></span> <span class='ocrx_word' id='word_1_611' title='bbox 2782 2038 2993 2094; x_wconf 89' lang='lat' dir='ltr'><strong>imitans</strong></span> <span class='ocrx_word' id='word_1_612' title='bbox 3015 2080 3031 2105; x_wconf 93' lang='lat'><strong>,</strong></span> <span class='ocrx_word' id='word_1_613' title='bbox 3061 2041 3189 2095; x_wconf 91' lang='lat' dir='ltr'><strong>illud</strong></span> <span class='ocrx_word' id='word_1_614' title='bbox 3219 2043 3269 2095; x_wconf 92' lang='lat' dir='ltr'><strong>in</strong></span> <span class='ocrx_word' id='word_1_615' title='bbox 3309 2044 3493 2112; x_wconf 90' lang='lat' dir='ltr'><strong>primis</strong></span> <span class='ocrx_word' id='word_1_616' title='bbox 3514 2045 3597 2099; x_wconf 90' lang='lat' dir='ltr'><strong>di-</strong></span> 
     </span>
    </p>
   </div>
   <div class='ocr_carea' id='block_1_80' title="bbox 2015 2125 3593 2201">
    <p class='ocr_par' dir='ltr' id='par_1_80' title="bbox 2015 2125 3593 2201">
     <span class='ocr_line' id='line_1_80' title="bbox 2015 2125 3593 2201; baseline 0.007 -23"><span class='ocrx_word' id='word_1_617' title='bbox 2015 2125 2167 2191; x_wconf 91' lang='lat' dir='ltr'><strong>scito,</strong></span> <span class='ocrx_word' id='word_1_618' title='bbox 2202 2141 2270 2181; x_wconf 92' lang='lat' dir='ltr'><strong>ne</strong></span> <span class='ocrx_word' id='word_1_619' title='bbox 2310 2141 2557 2195; x_wconf 87' lang='lat' dir='ltr'><strong>umquam</strong></span> <span class='ocrx_word' id='word_1_620' title='bbox 2603 2128 2870 2182; x_wconf 91' lang='lat' dir='ltr'><strong>inimicum</strong></span> <span class='ocrx_word' id='word_1_621' title='bbox 2911 2129 3110 2186; x_wconf 92' lang='lat' dir='ltr'><strong>odiosis</strong></span> <span class='ocrx_word' id='word_1_622' title='bbox 3149 2134 3470 2201; x_wconf 90' lang='lat' dir='ltr'><strong>nominibus,</strong></span> <span class='ocrx_word' id='word_1_623' title='bbox 3500 2135 3593 2189; x_wconf 90' lang='lat' dir='ltr'><strong>sed</strong></span> 
     </span>
    </p>
   </div>
   <div class='ocr_carea' id='block_1_81' title="bbox 2018 2215 3599 2287">
    <p class='ocr_par' dir='ltr' id='par_1_81' title="bbox 2018 2215 3599 2287">
     <span class='ocr_line' id='line_1_81' title="bbox 2018 2215 3599 2287; baseline 0.007 -18"><span class='ocrx_word' id='word_1_624' title='bbox 2018 2215 2329 2271; x_wconf 84' lang='lat' dir='ltr'><strong>honorificis</strong></span> <span class='ocrx_word' id='word_1_625' title='bbox 2360 2218 2535 2286; x_wconf 86' lang='lat' dir='ltr'><strong>potius</strong></span> <span class='ocrx_word' id='word_1_626' title='bbox 2578 2218 2832 2287; x_wconf 91' lang='lat' dir='ltr'><strong>appelles.</strong></span> <span class='ocrx_word' id='word_1_627' title='bbox 2870 2220 3078 2274; x_wconf 89' lang='lat' dir='ltr'><strong>Etenim</strong></span> <span class='ocrx_word' id='word_1_628' title='bbox 3121 2221 3165 2275; x_wconf 92' lang='lat' dir='ltr'><strong>si</strong></span> <span class='ocrx_word' id='word_1_629' title='bbox 3206 2236 3267 2276; x_wconf 94' lang='lat' dir='ltr'><strong>os</strong></span> <span class='ocrx_word' id='word_1_630' title='bbox 3305 2225 3599 2280; x_wconf 81' lang='lat' dir='ltr'><strong>assueverit</strong></span> 
     </span>
    </p>
   </div>
   <div class='ocr_carea' id='block_1_82' title="bbox 2014 2307 3593 2382">
    <p class='ocr_par' dir='ltr' id='par_1_82' title="bbox 2014 2307 3593 2382">
     <span class='ocr_line' id='line_1_82' title="bbox 2014 2307 3593 2382; baseline 0.003 -21"><span class='ocrx_word' id='word_1_631' title='bbox 2014 2321 2137 2361; x_wconf 91' lang='lat' dir='ltr'><strong>eum</strong></span> <span class='ocrx_word' id='word_1_632' title='bbox 2166 2308 2253 2377; x_wconf 90' lang='lat' dir='ltr'><strong>qui</strong></span> <span class='ocrx_word' id='word_1_633' title='bbox 2285 2307 2422 2363; x_wconf 71' lang='lat' dir='ltr'><strong>laesit</strong></span> <span class='ocrx_word' id='word_1_634' title='bbox 2453 2308 2670 2364; x_wconf 85' lang='lat' dir='ltr'><strong>honoris</strong></span> <span class='ocrx_word' id='word_1_635' title='bbox 2695 2310 3039 2381; x_wconf 90' lang='lat' dir='ltr'><strong>obsequiique</strong></span> <span class='ocrx_word' id='word_1_636' title='bbox 3081 2314 3383 2367; x_wconf 92' lang='lat' dir='ltr'><strong>nominibus</strong></span> <span class='ocrx_word' id='word_1_637' title='bbox 3410 2317 3593 2382; x_wconf 83' lang='lat' dir='ltr'><strong>appel-</strong></span> 
     </span>
    </p>
   </div>
   <div class='ocr_carea' id='block_1_83' title="bbox 2015 2397 3596 2471">
    <p class='ocr_par' dir='ltr' id='par_1_83' title="bbox 2015 2397 3596 2471">
     <span class='ocr_line' id='line_1_83' title="bbox 2015 2397 3596 2471; baseline 0.004 -20"><span class='ocrx_word' id='word_1_638' title='bbox 2015 2397 2147 2464; x_wconf 89' lang='lat' dir='ltr'><strong>lare,</strong></span> <span class='ocrx_word' id='word_1_639' title='bbox 2170 2399 2378 2451; x_wconf 90' lang='lat' dir='ltr'><strong>animus</strong></span> <span class='ocrx_word' id='word_1_640' title='bbox 2407 2398 2520 2451; x_wconf 69' lang='lat' dir='ltr'><strong>hazc</strong></span> <span class='ocrx_word' id='word_1_641' title='bbox 2543 2398 2761 2454; x_wconf 87' lang='lat' dir='ltr'><strong>audiens</strong></span> <span class='ocrx_word' id='word_1_642' title='bbox 2782 2414 2810 2453; x_wconf 89' lang='lat' dir='ltr'><strong>a</strong></span> <span class='ocrx_word' id='word_1_643' title='bbox 2837 2400 3011 2470; x_wconf 87' lang='lat' dir='ltr'><strong>lingua</strong></span> <span class='ocrx_word' id='word_1_644' title='bbox 3037 2400 3222 2456; x_wconf 90' lang='lat' dir='ltr'><strong>doctus</strong></span> <span class='ocrx_word' id='word_1_645' title='bbox 3248 2416 3352 2455; x_wconf 91' lang='lat' dir='ltr'><strong>non</strong></span> <span class='ocrx_word' id='word_1_646' title='bbox 3375 2402 3596 2471; x_wconf 68' lang='lat' dir='ltr'><strong>refugiat</strong></span> 
     </span>
    </p>
   </div>
   <div class='ocr_carea' id='block_1_84' title="bbox 2014 2489 3592 2561">
    <p class='ocr_par' dir='ltr' id='par_1_84' title="bbox 2014 2489 3592 2561">
     <span class='ocr_line' id='line_1_84' title="bbox 2014 2489 3592 2561; baseline 0.003 -18"><span class='ocrx_word' id='word_1_647' title='bbox 2014 2504 2133 2543; x_wconf 90' lang='lat' dir='ltr'><strong>cum</strong></span> <span class='ocrx_word' id='word_1_648' title='bbox 2165 2489 2257 2543; x_wconf 93' lang='lat' dir='ltr'><strong>illo</strong></span> <span class='ocrx_word' id='word_1_649' title='bbox 2285 2490 2457 2545; x_wconf 89' lang='lat' dir='ltr'><strong>redire</strong></span> <span class='ocrx_word' id='word_1_650' title='bbox 2479 2490 2530 2545; x_wconf 91' lang='lat' dir='ltr'><strong>in</strong></span> <span class='ocrx_word' id='word_1_651' title='bbox 2558 2493 2800 2560; x_wconf 88' lang='lat' dir='ltr'><strong>gratiam.</strong></span> <span class='ocrx_word' id='word_1_652' title='bbox 2829 2491 2961 2546; x_wconf 83' lang='lat' dir='ltr'><strong>Nam</strong></span> <span class='ocrx_word' id='word_1_653' title='bbox 2982 2492 3095 2561; x_wconf 92' lang='lat' dir='ltr'><strong>ipsa</strong></span> <span class='ocrx_word' id='word_1_654' title='bbox 3116 2492 3273 2547; x_wconf 83' lang='lat' dir='ltr'><strong>verba</strong></span> <span class='ocrx_word' id='word_1_655' title='bbox 3302 2494 3592 2548; x_wconf 87' lang='lat' dir='ltr'><strong>remedium</strong></span> 
     </span>
    </p>
   </div>
   <div class='ocr_carea' id='block_1_85' title="bbox 2015 2582 3331 2650">
    <p class='ocr_par' dir='ltr' id='par_1_85' title="bbox 2015 2582 3331 2650">
     <span class='ocr_line' id='line_1_85' title="bbox 2015 2582 3331 2650; baseline 0.001 -14"><span class='ocrx_word' id='word_1_656' title='bbox 2015 2590 2171 2636; x_wconf 87' lang='lat' dir='ltr'><strong>erunt</strong></span> <span class='ocrx_word' id='word_1_657' title='bbox 2199 2582 2454 2650; x_wconf 89' lang='lat' dir='ltr'><strong>optimum</strong></span> <span class='ocrx_word' id='word_1_658' title='bbox 2478 2583 2669 2637; x_wconf 89' lang='lat' dir='ltr'><strong>ulceris</strong></span> <span class='ocrx_word' id='word_1_659' title='bbox 2699 2586 2750 2637; x_wconf 88' lang='lat' dir='ltr'><strong>in</strong></span> <span class='ocrx_word' id='word_1_660' title='bbox 2777 2584 2939 2639; x_wconf 90' lang='lat' dir='ltr'><strong>corde</strong></span> <span class='ocrx_word' id='word_1_661' title='bbox 2970 2586 3331 2639; x_wconf 87' lang='lat' dir='ltr'><strong>tumescentis.</strong></span> 
     </span>
    </p>
   </div>
   <div class='ocr_carea' id='block_1_86' title="bbox 2088 2662 3594 2745">
    <p class='ocr_par' dir='ltr' id='par_1_86' title="bbox 2088 2662 3594 2745">
     <span class='ocr_line' id='line_1_86' title="bbox 2088 2662 3594 2745; baseline 0.003 -20"><span class='ocrx_word' id='word_1_662' title='bbox 2088 2673 2140 2725; x_wconf 91' lang='lat'><strong>7.</strong></span> <span class='ocrx_word' id='word_1_663' title='bbox 2180 2671 2349 2726; x_wconf 86' lang='lat' dir='ltr'><strong>David</strong></span> <span class='ocrx_word' id='word_1_664' title='bbox 2375 2689 2406 2724; x_wconf 88' lang='lat' dir='ltr'><strong>a</strong></span> <span class='ocrx_word' id='word_1_665' title='bbox 2435 2672 2574 2727; x_wconf 87' lang='lat' dir='ltr'><strong>nobis</strong></span> <span class='ocrx_word' id='word_1_666' title='bbox 2603 2673 2895 2728; x_wconf 82' lang='lat' dir='ltr'><strong>imitandus.</strong></span> <span class='ocrx_word' id='word_1_667' title='bbox 2935 2705 3006 2714; x_wconf 94' lang='lat'><strong><em>—</em></strong></span> <span class='ocrx_word' id='word_1_668' title='bbox 3028 2675 3151 2730; x_wconf 71' lang='lat' dir='ltr'><strong>Hmc</strong></span> <span class='ocrx_word' id='word_1_669' title='bbox 3177 2662 3316 2730; x_wconf 89' lang='lat' dir='ltr'><strong>nunc</strong></span> <span class='ocrx_word' id='word_1_670' title='bbox 3345 2676 3594 2745; x_wconf 89' lang='lat' dir='ltr'><strong>loquutus</strong></span> 
     </span>
    </p>
   </div>
   <div class='ocr_carea' id='block_1_87' title="bbox 2014 2766 3595 2833">
    <p class='ocr_par' dir='ltr' id='par_1_87' title="bbox 2014 2766 3595 2833">
     <span class='ocr_line' id='line_1_87' title="bbox 2014 2766 3595 2833; baseline 0.001 -13"><span class='ocrx_word' id='word_1_671' title='bbox 2014 2780 2151 2833; x_wconf 87' lang='lat' dir='ltr'><strong>sum,</strong></span> <span class='ocrx_word' id='word_1_672' title='bbox 2184 2782 2292 2821; x_wconf 92' lang='lat' dir='ltr'><strong>non</strong></span> <span class='ocrx_word' id='word_1_673' title='bbox 2321 2773 2521 2820; x_wconf 88' lang='lat' dir='ltr'><strong>tantum</strong></span> <span class='ocrx_word' id='word_1_674' title='bbox 2553 2773 2611 2820; x_wconf 92' lang='lat' dir='ltr'><strong>ut</strong></span> <span class='ocrx_word' id='word_1_675' title='bbox 2634 2766 2911 2821; x_wconf 91' lang='lat' dir='ltr'><strong>laudemus</strong></span> <span class='ocrx_word' id='word_1_676' title='bbox 2940 2767 3212 2833; x_wconf 90' lang='lat' dir='ltr'><strong>Davidem,</strong></span> <span class='ocrx_word' id='word_1_677' title='bbox 3236 2767 3329 2822; x_wconf 85' lang='lat' dir='ltr'><strong>sed</strong></span> <span class='ocrx_word' id='word_1_678' title='bbox 3356 2777 3410 2822; x_wconf 92' lang='lat' dir='ltr'><strong>ut</strong></span> <span class='ocrx_word' id='word_1_679' title='bbox 3430 2783 3595 2822; x_wconf 73' lang='lat' dir='ltr'><strong>aemu-</strong></span> 
     </span>
    </p>
   </div>
   <div class='ocr_carea' id='block_1_88' title="bbox 2016 2855 3597 2927">
    <p class='ocr_par' dir='ltr' id='par_1_88' title="bbox 2016 2855 3597 2927">
     <span class='ocr_line' id='line_1_88' title="bbox 2016 2855 3597 2927; baseline 0.001 -18"><span class='ocrx_word' id='word_1_680' title='bbox 2016 2855 2187 2910; x_wconf 91' lang='lat' dir='ltr'><strong>lemur</strong></span> <span class='ocrx_word' id='word_1_681' title='bbox 2214 2870 2442 2925; x_wconf 87' lang='lat' dir='ltr'><strong>quoque.</strong></span> <span class='ocrx_word' id='word_1_682' title='bbox 2478 2856 2625 2910; x_wconf 86' lang='lat' dir='ltr'><strong>Hanc</strong></span> <span class='ocrx_word' id='word_1_683' title='bbox 2663 2857 2819 2924; x_wconf 84' lang='lat' dir='ltr'><strong>igitur</strong></span> <span class='ocrx_word' id='word_1_684' title='bbox 2857 2856 3131 2911; x_wconf 86' lang='lat' dir='ltr'><strong>historiam</strong></span> <span class='ocrx_word' id='word_1_685' title='bbox 3157 2857 3209 2911; x_wconf 92' lang='lat' dir='ltr'><strong>in</strong></span> <span class='ocrx_word' id='word_1_686' title='bbox 3249 2873 3345 2911; x_wconf 89' lang='lat' dir='ltr'><strong>suo</strong></span> <span class='ocrx_word' id='word_1_687' title='bbox 3373 2858 3597 2927; x_wconf 89' lang='lat' dir='ltr'><strong>quisque</strong></span> 
     </span>
    </p>
   </div>
   <div class='ocr_carea' id='block_1_89' title="bbox 2016 2944 3597 3015">
    <p class='ocr_par' dir='ltr' id='par_1_89' title="bbox 2016 2944 3597 3015">
     <span class='ocr_line' id='line_1_89' title="bbox 2016 2944 3597 3015; baseline 0.002 -18"><span class='ocrx_word' id='word_1_688' title='bbox 2016 2945 2178 2999; x_wconf 87' lang='lat' dir='ltr'><strong>corde</strong></span> <span class='ocrx_word' id='word_1_689' title='bbox 2204 2944 2301 2998; x_wconf 90' lang='lat' dir='ltr'><strong>sibi</strong></span> <span class='ocrx_word' id='word_1_690' title='bbox 2332 2944 2613 3015; x_wconf 87' lang='lat' dir='ltr'><strong>depingat,</strong></span> <span class='ocrx_word' id='word_1_691' title='bbox 2652 2946 3097 3015; x_wconf 88' lang='lat' dir='ltr'><strong>contemplatione</strong></span> <span class='ocrx_word' id='word_1_692' title='bbox 3125 2947 3284 3000; x_wconf 90' lang='lat' dir='ltr'><strong>veluti</strong></span> <span class='ocrx_word' id='word_1_693' title='bbox 3314 2962 3473 3000; x_wconf 88' lang='lat' dir='ltr'><strong>manu</strong></span> <span class='ocrx_word' id='word_1_694' title='bbox 3510 2964 3597 2999; x_wconf 83' lang='lat' dir='ltr'><strong>as-</strong></span> 
     </span>
    </p>
   </div>
   <div class='ocr_carea' id='block_1_90' title="bbox 2017 3033 3589 3104">
    <p class='ocr_par' dir='ltr' id='par_1_90' title="bbox 2017 3033 3589 3104">
     <span class='ocr_line' id='line_1_90' title="bbox 2017 3033 3589 3104; baseline 0.001 -15"><span class='ocrx_word' id='word_1_695' title='bbox 2017 3035 2167 3089; x_wconf 90' lang='lat' dir='ltr'><strong>sidue</strong></span> <span class='ocrx_word' id='word_1_696' title='bbox 2205 3033 2258 3088; x_wconf 93' lang='lat' dir='ltr'><strong>in</strong></span> <span class='ocrx_word' id='word_1_697' title='bbox 2289 3042 2464 3089; x_wconf 90' lang='lat' dir='ltr'><strong>mente</strong></span> <span class='ocrx_word' id='word_1_698' title='bbox 2490 3034 2763 3089; x_wconf 88' lang='lat' dir='ltr'><strong>delineans</strong></span> <span class='ocrx_word' id='word_1_699' title='bbox 2793 3036 3097 3104; x_wconf 88' lang='lat' dir='ltr'><strong>speluncam</strong></span> <span class='ocrx_word' id='word_1_700' title='bbox 3127 3036 3266 3089; x_wconf 82' lang='lat' dir='ltr'><strong>illam</strong></span> <span class='ocrx_word' id='word_1_701' title='bbox 3304 3035 3589 3104; x_wconf 65' lang='lat' dir='ltr'><strong>dutilicem,</strong></span> 
     </span>
    </p>
   </div>
   <div class='ocr_carea' id='block_1_91' title="bbox 2018 3125 3597 3197">
    <p class='ocr_par' dir='ltr' id='par_1_91' title="bbox 2018 3125 3597 3197">
     <span class='ocr_line' id='line_1_91' title="bbox 2018 3125 3597 3197; baseline 0.001 -17"><span class='ocrx_word' id='word_1_702' title='bbox 2018 3127 2189 3197; x_wconf 90' lang='lat' dir='ltr'><strong>ipsum</strong></span> <span class='ocrx_word' id='word_1_703' title='bbox 2231 3125 2442 3181; x_wconf 77' lang='lat' dir='ltr'><strong>Saftlem</strong></span> <span class='ocrx_word' id='word_1_704' title='bbox 2473 3125 2612 3179; x_wconf 92' lang='lat' dir='ltr'><strong>intus</strong></span> <span class='ocrx_word' id='word_1_705' title='bbox 2637 3125 2989 3181; x_wconf 89' lang='lat' dir='ltr'><strong>dormientem</strong></span> <span class='ocrx_word' id='word_1_706' title='bbox 3009 3167 3024 3191; x_wconf 93' lang='lat'><strong>,</strong></span> <span class='ocrx_word' id='word_1_707' title='bbox 3050 3140 3341 3195; x_wconf 89' lang='lat' dir='ltr'><strong>somnoque</strong></span> <span class='ocrx_word' id='word_1_708' title='bbox 3376 3128 3597 3196; x_wconf 89' lang='lat' dir='ltr'><strong>perinde</strong></span> 
     </span>
    </p>
   </div>
   <div class='ocr_carea' id='block_1_92' title="bbox 2019 3216 3597 3285">
    <p class='ocr_par' dir='ltr' id='par_1_92' title="bbox 2019 3216 3597 3285">
     <span class='ocr_line' id='line_1_92' title="bbox 2019 3216 3597 3285; baseline -0.001 -13"><span class='ocrx_word' id='word_1_709' title='bbox 2019 3226 2073 3272; x_wconf 91' lang='lat' dir='ltr'><strong>ut</strong></span> <span class='ocrx_word' id='word_1_710' title='bbox 2113 3226 2298 3272; x_wconf 89' lang='lat' dir='ltr'><strong>catena</strong></span> <span class='ocrx_word' id='word_1_711' title='bbox 2347 3216 2616 3283; x_wconf 92' lang='lat' dir='ltr'><strong>vinctum,</strong></span> <span class='ocrx_word' id='word_1_712' title='bbox 2661 3216 2776 3284; x_wconf 91' lang='lat' dir='ltr'><strong>ejus</strong></span> <span class='ocrx_word' id='word_1_713' title='bbox 2821 3231 2977 3285; x_wconf 89' lang='lat' dir='ltr'><strong>quem</strong></span> <span class='ocrx_word' id='word_1_714' title='bbox 3028 3216 3338 3285; x_wconf 86' lang='lat' dir='ltr'><strong>gravissime</strong></span> <span class='ocrx_word' id='word_1_715' title='bbox 3388 3217 3433 3270; x_wconf 81' lang='lat' dir='ltr'><strong>la</strong></span> <span class='ocrx_word' id='word_1_716' title='bbox 3452 3226 3597 3272; x_wconf 83' lang='lat' dir='ltr'><strong>serat</strong></span> 
     </span>
    </p>
   </div>
   <div class='ocr_carea' id='block_1_93' title="bbox 2017 3307 3593 3377">
    <p class='ocr_par' dir='ltr' id='par_1_93' title="bbox 2017 3307 3593 3377">
     <span class='ocr_line' id='line_1_93' title="bbox 2017 3307 3593 3377; baseline -0.002 -13"><span class='ocrx_word' id='word_1_717' title='bbox 2017 3310 2218 3365; x_wconf 64' lang='lat' dir='ltr'><strong>dextrae</strong></span> <span class='ocrx_word' id='word_1_718' title='bbox 2262 3309 2598 3377; x_wconf 90' lang='lat' dir='ltr'><strong>subjectum;</strong></span> <span class='ocrx_word' id='word_1_719' title='bbox 2649 3307 2813 3362; x_wconf 89' lang='lat' dir='ltr'><strong>David</strong></span> <span class='ocrx_word' id='word_1_720' title='bbox 2858 3307 3220 3363; x_wconf 90' lang='lat' dir='ltr'><strong>imminentem</strong></span> <span class='ocrx_word' id='word_1_721' title='bbox 3252 3308 3593 3373; x_wconf 86' lang='lat' dir='ltr'><strong>dormienti,</strong></span> 
     </span>
    </p>
   </div>
   <div class='ocr_carea' id='block_1_94' title="bbox 2017 3396 3594 3470">
    <p class='ocr_par' dir='ltr' id='par_1_94' title="bbox 2017 3396 3594 3470">
     <span class='ocr_line' id='line_1_94' title="bbox 2017 3396 3594 3470; baseline -0.003 -16"><span class='ocrx_word' id='word_1_722' title='bbox 2017 3409 2305 3470; x_wconf 64' lang='lat' dir='ltr'><strong>praesentes</strong></span> <span class='ocrx_word' id='word_1_723' title='bbox 2336 3398 2549 3463; x_wconf 87' lang='lat' dir='ltr'><strong>milites,</strong></span> <span class='ocrx_word' id='word_1_724' title='bbox 2579 3405 2634 3453; x_wconf 89' lang='lat' dir='ltr'><strong>et</strong></span> <span class='ocrx_word' id='word_1_725' title='bbox 2659 3397 2725 3452; x_wconf 89' lang='lat' dir='ltr'><strong>ad</strong></span> <span class='ocrx_word' id='word_1_726' title='bbox 2753 3396 2950 3452; x_wconf 84' lang='lat' dir='ltr'><strong>caedem</strong></span> <span class='ocrx_word' id='word_1_727' title='bbox 2977 3398 3355 3463; x_wconf 87' lang='lat' dir='ltr'><strong>adhortantes;</strong></span> <span class='ocrx_word' id='word_1_728' title='bbox 3383 3401 3594 3452; x_wconf 88' lang='lat' dir='ltr'><strong>beatum</strong></span> 
     </span>
    </p>
   </div>
   <div class='ocr_carea' id='block_1_95' title="bbox 2018 3490 3594 3562">
    <p class='ocr_par' dir='ltr' id='par_1_95' title="bbox 2018 3490 3594 3562">
     <span class='ocr_line' id='line_1_95' title="bbox 2018 3490 3594 3562; baseline -0.002 -15"><span class='ocrx_word' id='word_1_729' title='bbox 2018 3494 2163 3547; x_wconf 91' lang='lat' dir='ltr'><strong>illum</strong></span> <span class='ocrx_word' id='word_1_730' title='bbox 2204 3491 2664 3562; x_wconf 88' lang='lat' dir='ltr'><strong>philosophantem</strong></span> <span class='ocrx_word' id='word_1_731' title='bbox 2690 3532 2704 3556; x_wconf 93' lang='lat'><strong>,</strong></span> <span class='ocrx_word' id='word_1_732' title='bbox 2734 3490 2838 3545; x_wconf 87' lang='lat' dir='ltr'><strong>hoc</strong></span> <span class='ocrx_word' id='word_1_733' title='bbox 2880 3498 2987 3556; x_wconf 89' lang='lat' dir='ltr'><strong>est,</strong></span> <span class='ocrx_word' id='word_1_734' title='bbox 3022 3497 3075 3545; x_wconf 91' lang='lat' dir='ltr'><strong>et</strong></span> <span class='ocrx_word' id='word_1_735' title='bbox 3112 3505 3261 3544; x_wconf 91' lang='lat' dir='ltr'><strong>suam</strong></span> <span class='ocrx_word' id='word_1_736' title='bbox 3300 3498 3355 3545; x_wconf 93' lang='lat' dir='ltr'><strong>et</strong></span> <span class='ocrx_word' id='word_1_737' title='bbox 3384 3491 3594 3544; x_wconf 76' lang='lat' dir='ltr'><strong>illorum</strong></span> 
     </span>
    </p>
   </div>
   <div class='ocr_carea' id='block_1_96' title="bbox 2016 3582 3592 3651">
    <p class='ocr_par' dir='ltr' id='par_1_96' title="bbox 2016 3582 3592 3651">
     <span class='ocr_line' id='line_1_96' title="bbox 2016 3582 3592 3651; baseline -0.003 -13"><span class='ocrx_word' id='word_1_738' title='bbox 2016 3585 2148 3638; x_wconf 90' lang='lat' dir='ltr'><strong>iram</strong></span> <span class='ocrx_word' id='word_1_739' title='bbox 2171 3583 2530 3647; x_wconf 91' lang='lat' dir='ltr'><strong>cohibentem,</strong></span> <span class='ocrx_word' id='word_1_740' title='bbox 2563 3596 2790 3650; x_wconf 89' lang='lat' dir='ltr'><strong>eumque</strong></span> <span class='ocrx_word' id='word_1_741' title='bbox 2814 3582 2903 3651; x_wconf 90' lang='lat' dir='ltr'><strong>qui</strong></span> <span class='ocrx_word' id='word_1_742' title='bbox 2934 3590 3038 3635; x_wconf 91' lang='lat' dir='ltr'><strong>tam</strong></span> <span class='ocrx_word' id='word_1_743' title='bbox 3068 3582 3228 3635; x_wconf 89' lang='lat' dir='ltr'><strong>multa</strong></span> <span class='ocrx_word' id='word_1_744' title='bbox 3258 3590 3592 3649; x_wconf 84' lang='lat' dir='ltr'><strong>peccaverat,</strong></span> 
     </span>
    </p>
   </div>
   <div class='ocr_carea' id='block_1_97' title="bbox 2016 3671 3594 3738">
    <p class='ocr_par' dir='ltr' id='par_1_97' title="bbox 2016 3671 3594 3738">
     <span class='ocr_line' id='line_1_97' title="bbox 2016 3671 3594 3738; baseline -0.003 -9"><span class='ocrx_word' id='word_1_745' title='bbox 2016 3682 2377 3730; x_wconf 88' lang='lat' dir='ltr'><strong>excusantem.</strong></span> <span class='ocrx_word' id='word_1_746' title='bbox 2407 3671 2532 3725; x_wconf 66' lang='lat' dir='ltr'><strong>Haec</strong></span> <span class='ocrx_word' id='word_1_747' title='bbox 2557 3712 2570 3733; x_wconf 94' lang='lat'><strong>,</strong></span> <span class='ocrx_word' id='word_1_748' title='bbox 2604 3672 2837 3738; x_wconf 91' lang='lat' dir='ltr'><strong>inquam,</strong></span> <span class='ocrx_word' id='word_1_749' title='bbox 2866 3686 2971 3724; x_wconf 92' lang='lat' dir='ltr'><strong>non</strong></span> <span class='ocrx_word' id='word_1_750' title='bbox 3002 3671 3171 3724; x_wconf 90' lang='lat' dir='ltr'><strong>solum</strong></span> <span class='ocrx_word' id='word_1_751' title='bbox 3214 3671 3267 3724; x_wconf 94' lang='lat' dir='ltr'><strong>in</strong></span> <span class='ocrx_word' id='word_1_752' title='bbox 3294 3672 3470 3724; x_wconf 87' lang='lat' dir='ltr'><strong>animo</strong></span> <span class='ocrx_word' id='word_1_753' title='bbox 3497 3671 3594 3724; x_wconf 87' lang='lat' dir='ltr'><strong>de-</strong></span> 
     </span>
    </p>
   </div>
   <div class='ocr_carea' id='block_1_98' title="bbox 2020 3758 3594 3833">
    <p class='ocr_par' dir='ltr' id='par_1_98' title="bbox 2020 3758 3594 3833">
     <span class='ocr_line' id='line_1_98' title="bbox 2020 3758 3594 3833; baseline -0.003 -16"><span class='ocrx_word' id='word_1_754' title='bbox 2020 3766 2317 3833; x_wconf 84' lang='lat' dir='ltr'><strong>pingamus,</strong></span> <span class='ocrx_word' id='word_1_755' title='bbox 2346 3776 2529 3814; x_wconf 91' lang='lat' dir='ltr'><strong>verum</strong></span> <span class='ocrx_word' id='word_1_756' title='bbox 2556 3760 2715 3813; x_wconf 90' lang='lat' dir='ltr'><strong>etiam</strong></span> <span class='ocrx_word' id='word_1_757' title='bbox 2750 3760 2801 3812; x_wconf 90' lang='lat' dir='ltr'><strong>in</strong></span> <span class='ocrx_word' id='word_1_758' title='bbox 2832 3759 3170 3813; x_wconf 90' lang='lat' dir='ltr'><strong>consessibus</strong></span> <span class='ocrx_word' id='word_1_759' title='bbox 3196 3758 3335 3813; x_wconf 91' lang='lat' dir='ltr'><strong>inter</strong></span> <span class='ocrx_word' id='word_1_760' title='bbox 3365 3772 3463 3812; x_wconf 93' lang='lat' dir='ltr'><strong>nos</strong></span> <span class='ocrx_word' id='word_1_761' title='bbox 3505 3773 3594 3812; x_wconf 88' lang='lat' dir='ltr'><strong>as-</strong></span> 
     </span>
    </p>
   </div>
   <div class='ocr_carea' id='block_1_99' title="bbox 2017 3847 3597 3918">
    <p class='ocr_par' dir='ltr' id='par_1_99' title="bbox 2017 3847 3597 3918">
     <span class='ocr_line' id='line_1_99' title="bbox 2017 3847 3597 3918; baseline -0.003 -11"><span class='ocrx_word' id='word_1_762' title='bbox 2017 3853 2167 3907; x_wconf 91' lang='lat' dir='ltr'><strong>sidue</strong></span> <span class='ocrx_word' id='word_1_763' title='bbox 2196 3852 2512 3918; x_wconf 87' lang='lat' dir='ltr'><strong>loquamur:</strong></span> <span class='ocrx_word' id='word_1_764' title='bbox 2545 3848 2641 3902; x_wconf 92' lang='lat' dir='ltr'><strong>has</strong></span> <span class='ocrx_word' id='word_1_765' title='bbox 2674 3848 2812 3916; x_wconf 78' lang='lat' dir='ltr'><strong>apud</strong></span> <span class='ocrx_word' id='word_1_766' title='bbox 2839 3862 3077 3913; x_wconf 82' lang='lat' dir='ltr'><strong>uxorem,</strong></span> <span class='ocrx_word' id='word_1_767' title='bbox 3111 3847 3207 3900; x_wconf 89' lang='lat' dir='ltr'><strong>has</strong></span> <span class='ocrx_word' id='word_1_768' title='bbox 3231 3847 3368 3916; x_wconf 90' lang='lat' dir='ltr'><strong>apud</strong></span> <span class='ocrx_word' id='word_1_769' title='bbox 3401 3848 3597 3903; x_wconf 88' lang='lat' dir='ltr'><strong>liberos</strong></span> 
     </span>
    </p>
   </div>
   <div class='ocr_carea' id='block_1_100' title="bbox 2018 3938 3597 4013">
    <p class='ocr_par' dir='ltr' id='par_1_100' title="bbox 2018 3938 3597 4013">
     <span class='ocr_line' id='line_1_100' title="bbox 2018 3938 3597 4013; baseline -0.002 -16"><span class='ocrx_word' id='word_1_770' title='bbox 2018 3943 2322 4013; x_wconf 87' lang='lat' dir='ltr'><strong>frequenter</strong></span> <span class='ocrx_word' id='word_1_771' title='bbox 2376 3954 2691 3996; x_wconf 90' lang='lat' dir='ltr'><strong>renovemus</strong></span> <span class='ocrx_word' id='word_1_772' title='bbox 2741 3939 3087 3993; x_wconf 86' lang='lat' dir='ltr'><strong>narrationes.</strong></span> <span class='ocrx_word' id='word_1_773' title='bbox 3117 3938 3327 3992; x_wconf 87' lang='lat' dir='ltr'><strong>Etenim</strong></span> <span class='ocrx_word' id='word_1_774' title='bbox 3371 3939 3484 3993; x_wconf 88' lang='lat' dir='ltr'><strong>sive</strong></span> <span class='ocrx_word' id='word_1_775' title='bbox 3529 3940 3597 3994; x_wconf 88' lang='lat' dir='ltr'><strong>de</strong></span> 
     </span>
    </p>
   </div>
   <div class='ocr_carea' id='block_1_101' title="bbox 2019 4028 3597 4103">
    <p class='ocr_par' dir='ltr' id='par_1_101' title="bbox 2019 4028 3597 4103">
     <span class='ocr_line' id='line_1_101' title="bbox 2019 4028 3597 4103; baseline 0 -16"><span class='ocrx_word' id='word_1_776' title='bbox 2019 4048 2141 4103; x_wconf 91' lang='lat' dir='ltr'><strong>rege</strong></span> <span class='ocrx_word' id='word_1_777' title='bbox 2169 4032 2309 4101; x_wconf 91' lang='lat' dir='ltr'><strong>loqui</strong></span> <span class='ocrx_word' id='word_1_778' title='bbox 2340 4031 2509 4099; x_wconf 90' lang='lat' dir='ltr'><strong>voles,</strong></span> <span class='ocrx_word' id='word_1_779' title='bbox 2529 4044 2653 4084; x_wconf 91' lang='lat' dir='ltr'><strong>ecce</strong></span> <span class='ocrx_word' id='word_1_780' title='bbox 2681 4044 2773 4083; x_wconf 85' lang='lat' dir='ltr'><strong>rex</strong></span> <span class='ocrx_word' id='word_1_781' title='bbox 2801 4044 2819 4082; x_wconf 86' lang='lat'><strong>:</strong></span> <span class='ocrx_word' id='word_1_782' title='bbox 2844 4028 2955 4084; x_wconf 90' lang='lat' dir='ltr'><strong>sive</strong></span> <span class='ocrx_word' id='word_1_783' title='bbox 2980 4029 3048 4082; x_wconf 91' lang='lat' dir='ltr'><strong>de</strong></span> <span class='ocrx_word' id='word_1_784' title='bbox 3077 4028 3348 4095; x_wconf 90' lang='lat' dir='ltr'><strong>militibus,</strong></span> <span class='ocrx_word' id='word_1_785' title='bbox 3377 4031 3488 4085; x_wconf 89' lang='lat' dir='ltr'><strong>sive</strong></span> <span class='ocrx_word' id='word_1_786' title='bbox 3528 4030 3597 4087; x_wconf 88' lang='lat' dir='ltr'><strong>de</strong></span> 
     </span>
    </p>
   </div>
   <div class='ocr_carea' id='block_1_102' title="bbox 2018 4119 3593 4190">
    <p class='ocr_par' dir='ltr' id='par_1_102' title="bbox 2018 4119 3593 4190">
     <span class='ocr_line' id='line_1_102' title="bbox 2018 4119 3593 4190; baseline -0.002 -12"><span class='ocrx_word' id='word_1_787' title='bbox 2018 4139 2077 4178; x_wconf 91' lang='lat' dir='ltr'><strong>re</strong></span> <span class='ocrx_word' id='word_1_788' title='bbox 2122 4121 2403 4188; x_wconf 89' lang='lat' dir='ltr'><strong>familiari,</strong></span> <span class='ocrx_word' id='word_1_789' title='bbox 2429 4120 2541 4176; x_wconf 88' lang='lat' dir='ltr'><strong>sive</strong></span> <span class='ocrx_word' id='word_1_790' title='bbox 2579 4120 2646 4175; x_wconf 91' lang='lat' dir='ltr'><strong>de</strong></span> <span class='ocrx_word' id='word_1_791' title='bbox 2692 4119 2915 4190; x_wconf 89' lang='lat' dir='ltr'><strong>publicis</strong></span> <span class='ocrx_word' id='word_1_792' title='bbox 2944 4119 3291 4190; x_wconf 89' lang='lat' dir='ltr'><strong>civilibusque</strong></span> <span class='ocrx_word' id='word_1_793' title='bbox 3334 4120 3593 4190; x_wconf 86' lang='lat' dir='ltr'><strong>negotiis,</strong></span> 
     </span>
    </p>
   </div>
   <div class='ocr_carea' id='block_1_103' title="bbox 2022 4211 3595 4282">
    <p class='ocr_par' dir='ltr' id='par_1_103' title="bbox 2022 4211 3595 4282">
     <span class='ocr_line' id='line_1_103' title="bbox 2022 4211 3595 4282; baseline -0.001 -15"><span class='ocrx_word' id='word_1_794' title='bbox 2022 4215 2225 4270; x_wconf 89' lang='lat' dir='ltr'><strong>videbis</strong></span> <span class='ocrx_word' id='word_1_795' title='bbox 2246 4214 2296 4268; x_wconf 92' lang='lat' dir='ltr'><strong>in</strong></span> <span class='ocrx_word' id='word_1_796' title='bbox 2322 4213 2608 4282; x_wconf 91' lang='lat' dir='ltr'><strong>Scripturis</strong></span> <span class='ocrx_word' id='word_1_797' title='bbox 2628 4211 2818 4267; x_wconf 91' lang='lat' dir='ltr'><strong>horum</strong></span> <span class='ocrx_word' id='word_1_798' title='bbox 2841 4212 3075 4266; x_wconf 89' lang='lat' dir='ltr'><strong>omnium</strong></span> <span class='ocrx_word' id='word_1_799' title='bbox 3100 4226 3342 4281; x_wconf 89' lang='lat' dir='ltr'><strong>magnam</strong></span> <span class='ocrx_word' id='word_1_800' title='bbox 3363 4212 3595 4281; x_wconf 86' lang='lat' dir='ltr'><strong>copiam.</strong></span> 
     </span>
    </p>
   </div>
   <div class='ocr_carea' id='block_1_104' title="bbox 2019 4296 3597 4376">
    <p class='ocr_par' dir='ltr' id='par_1_104' title="bbox 2019 4296 3597 4376">
     <span class='ocr_line' id='line_1_104' title="bbox 2019 4296 3597 4376; baseline -0.003 -15"><span class='ocrx_word' id='word_1_801' title='bbox 2019 4304 2331 4376; x_wconf 83' lang='lat' dir='ltr'><strong>Hujusmodi</strong></span> <span class='ocrx_word' id='word_1_802' title='bbox 2358 4296 2891 4360; x_wconf 73' lang='lat' dir='ltr'><strong>commemorationes</strong></span> <span class='ocrx_word' id='word_1_803' title='bbox 2922 4302 3202 4357; x_wconf 86' lang='lat' dir='ltr'><strong>maximam</strong></span> <span class='ocrx_word' id='word_1_804' title='bbox 3230 4302 3460 4360; x_wconf 80' lang='lat' dir='ltr'><strong>all‘erunt</strong></span> <span class='ocrx_word' id='word_1_805' title='bbox 3493 4303 3597 4358; x_wconf 88' lang='lat' dir='ltr'><strong>uti-</strong></span> 
     </span>
    </p>
   </div>
   <div class='ocr_carea' id='block_1_105' title="bbox 2019 4394 3594 4467">
    <p class='ocr_par' dir='ltr' id='par_1_105' title="bbox 2019 4394 3594 4467">
     <span class='ocr_line' id='line_1_105' title="bbox 2019 4394 3594 4467; baseline -0.002 -14"><span class='ocrx_word' id='word_1_806' title='bbox 2019 4399 2241 4454; x_wconf 89' lang='lat' dir='ltr'><strong>litatem.</strong></span> <span class='ocrx_word' id='word_1_807' title='bbox 2280 4397 2609 4467; x_wconf 90' lang='lat' dir='ltr'><strong>lmpossibile</strong></span> <span class='ocrx_word' id='word_1_808' title='bbox 2632 4405 2712 4451; x_wconf 91' lang='lat' dir='ltr'><strong>est</strong></span> <span class='ocrx_word' id='word_1_809' title='bbox 2747 4397 2887 4451; x_wconf 89' lang='lat' dir='ltr'><strong>enim</strong></span> <span class='ocrx_word' id='word_1_810' title='bbox 2913 4438 2928 4463; x_wconf 96' lang='lat'><strong>,</strong></span> <span class='ocrx_word' id='word_1_811' title='bbox 2958 4394 3311 4465; x_wconf 91' lang='lat' dir='ltr'><strong>impossibile,</strong></span> <span class='ocrx_word' id='word_1_812' title='bbox 3344 4395 3556 4466; x_wconf 91' lang='lat' dir='ltr'><strong>inquam</strong></span> <span class='ocrx_word' id='word_1_813' title='bbox 3579 4436 3594 4463; x_wconf 91' lang='lat'><strong>,</strong></span> 
     </span>
    </p>
   </div>
   <div class='ocr_carea' id='block_1_106' title="bbox 2018 4488 3595 4558">
    <p class='ocr_par' dir='ltr' id='par_1_106' title="bbox 2018 4488 3595 4558">
     <span class='ocr_line' id='line_1_106' title="bbox 2018 4488 3595 4558; baseline -0.003 -10"><span class='ocrx_word' id='word_1_814' title='bbox 2018 4504 2119 4557; x_wconf 88' lang='lat' dir='ltr'><strong>est,</strong></span> <span class='ocrx_word' id='word_1_815' title='bbox 2147 4493 2379 4546; x_wconf 90' lang='lat' dir='ltr'><strong>animum</strong></span> <span class='ocrx_word' id='word_1_816' title='bbox 2419 4490 2471 4543; x_wconf 90' lang='lat' dir='ltr'><strong>in</strong></span> <span class='ocrx_word' id='word_1_817' title='bbox 2503 4489 2803 4558; x_wconf 92' lang='lat' dir='ltr'><strong>hujusmodi</strong></span> <span class='ocrx_word' id='word_1_818' title='bbox 2829 4488 3065 4543; x_wconf 90' lang='lat' dir='ltr'><strong>historiis</strong></span> <span class='ocrx_word' id='word_1_819' title='bbox 3090 4497 3410 4553; x_wconf 85' lang='lat' dir='ltr'><strong>versantem,</strong></span> <span class='ocrx_word' id='word_1_820' title='bbox 3440 4503 3471 4544; x_wconf 91' lang='lat' dir='ltr'><strong>a</strong></span> <span class='ocrx_word' id='word_1_821' title='bbox 3496 4504 3595 4544; x_wconf 90' lang='lat' dir='ltr'><strong>cu-</strong></span> 
     </span>
    </p>
   </div>
   <div class='ocr_carea' id='block_1_107' title="bbox 2018 4579 3599 4656">
    <p class='ocr_par' dir='ltr' id='par_1_107' title="bbox 2018 4579 3599 4656">
     <span class='ocr_line' id='line_1_107' title="bbox 2018 4579 3599 4656; baseline -0.003 -17"><span class='ocrx_word' id='word_1_822' title='bbox 2018 4583 2325 4656; x_wconf 89' lang='lat' dir='ltr'><strong>piditatibus</strong></span> <span class='ocrx_word' id='word_1_823' title='bbox 2355 4581 2615 4651; x_wconf 89' lang='lat' dir='ltr'><strong>superari.</strong></span> <span class='ocrx_word' id='word_1_824' title='bbox 2643 4579 2784 4650; x_wconf 87' lang='lat' dir='ltr'><strong>Ergo</strong></span> <span class='ocrx_word' id='word_1_825' title='bbox 2804 4594 2872 4634; x_wconf 90' lang='lat' dir='ltr'><strong>ne</strong></span> <span class='ocrx_word' id='word_1_826' title='bbox 2898 4588 3104 4649; x_wconf 88' lang='lat' dir='ltr'><strong>tempus</strong></span> <span class='ocrx_word' id='word_1_827' title='bbox 3128 4581 3381 4653; x_wconf 78' lang='lat' dir='ltr'><strong>inutiliter</strong></span> <span class='ocrx_word' id='word_1_828' title='bbox 3405 4594 3599 4635; x_wconf 88' lang='lat' dir='ltr'><strong>consu-</strong></span> 
     </span>
    </p>
   </div>
   <div class='ocr_carea' id='block_1_108' title="bbox 2019 4666 3601 4740">
    <p class='ocr_par' dir='ltr' id='par_1_108' title="bbox 2019 4666 3601 4740">
     <span class='ocr_line' id='line_1_108' title="bbox 2019 4666 3601 4740; baseline -0.003 -12"><span class='ocrx_word' id='word_1_829' title='bbox 2019 4688 2247 4737; x_wconf 91' lang='lat' dir='ltr'><strong>mamus,</strong></span> <span class='ocrx_word' id='word_1_830' title='bbox 2272 4687 2405 4726; x_wconf 89' lang='lat' dir='ltr'><strong>neve</strong></span> <span class='ocrx_word' id='word_1_831' title='bbox 2431 4670 2592 4723; x_wconf 86' lang='lat' dir='ltr'><strong>vitam</strong></span> <span class='ocrx_word' id='word_1_832' title='bbox 2624 4679 2858 4723; x_wconf 90' lang='lat' dir='ltr'><strong>nostram</strong></span> <span class='ocrx_word' id='word_1_833' title='bbox 2891 4666 3082 4721; x_wconf 83' lang='lat' dir='ltr'><strong>fruStra</strong></span> <span class='ocrx_word' id='word_1_834' title='bbox 3109 4675 3343 4721; x_wconf 87' lang='lat' dir='ltr'><strong>teramus</strong></span> <span class='ocrx_word' id='word_1_835' title='bbox 3362 4666 3415 4721; x_wconf 93' lang='lat' dir='ltr'><strong>in</strong></span> <span class='ocrx_word' id='word_1_836' title='bbox 3440 4671 3601 4740; x_wconf 87' lang='lat' dir='ltr'><strong>nugis</strong></span> 
     </span>
    </p>
   </div>
   <div class='ocr_carea' id='block_1_109' title="bbox 2021 4756 3597 4833">
    <p class='ocr_par' dir='ltr' id='par_1_109' title="bbox 2021 4756 3597 4833">
     <span class='ocr_line' id='line_1_109' title="bbox 2021 4756 3597 4833; baseline -0.005 -16"><span class='ocrx_word' id='word_1_837' title='bbox 2021 4764 2214 4833; x_wconf 89' lang='lat' dir='ltr'><strong>ineptis</strong></span> <span class='ocrx_word' id='word_1_838' title='bbox 2244 4777 2305 4815; x_wconf 85' lang='lat' dir='ltr'><strong>ac</strong></span> <span class='ocrx_word' id='word_1_839' title='bbox 2338 4758 2776 4830; x_wconf 89' lang='lat' dir='ltr'><strong>supervacaneis,</strong></span> <span class='ocrx_word' id='word_1_840' title='bbox 2804 4757 3016 4810; x_wconf 86' lang='lat' dir='ltr'><strong>fortium</strong></span> <span class='ocrx_word' id='word_1_841' title='bbox 3056 4756 3291 4810; x_wconf 83' lang='lat' dir='ltr'><strong>virorum</strong></span> <span class='ocrx_word' id='word_1_842' title='bbox 3331 4756 3597 4810; x_wconf 88' lang='lat' dir='ltr'><strong>discamus</strong></span> 
     </span>
    </p>
   </div>
   <div class='ocr_carea' id='block_1_110' title="bbox 2020 4847 3599 4925">
    <p class='ocr_par' dir='ltr' id='par_1_110' title="bbox 2020 4847 3599 4925">
     <span class='ocr_line' id='line_1_110' title="bbox 2020 4847 3599 4925; baseline -0.006 -14"><span class='ocrx_word' id='word_1_843' title='bbox 2020 4870 2108 4911; x_wconf 91' lang='lat' dir='ltr'><strong>res</strong></span> <span class='ocrx_word' id='word_1_844' title='bbox 2148 4864 2345 4925; x_wconf 89' lang='lat' dir='ltr'><strong>gestas,</strong></span> <span class='ocrx_word' id='word_1_845' title='bbox 2379 4867 2442 4907; x_wconf 86' lang='lat' dir='ltr'><strong>ac</strong></span> <span class='ocrx_word' id='word_1_846' title='bbox 2481 4851 2548 4906; x_wconf 93' lang='lat' dir='ltr'><strong>de</strong></span> <span class='ocrx_word' id='word_1_847' title='bbox 2588 4851 2667 4905; x_wconf 90' lang='lat' dir='ltr'><strong>his</strong></span> <span class='ocrx_word' id='word_1_848' title='bbox 2713 4848 2925 4904; x_wconf 90' lang='lat' dir='ltr'><strong>assidue</strong></span> <span class='ocrx_word' id='word_1_849' title='bbox 2963 4847 3306 4903; x_wconf 90' lang='lat' dir='ltr'><strong>disseramus.</strong></span> <span class='ocrx_word' id='word_1_850' title='bbox 3357 4847 3506 4915; x_wconf 89' lang='lat' dir='ltr'><strong>Quod</strong></span> <span class='ocrx_word' id='word_1_851' title='bbox 3554 4849 3599 4901; x_wconf 81' lang='lat' dir='ltr'><strong>si</strong></span> 
     </span>
    </p>
   </div>
   <div class='ocr_carea' id='block_1_111' title="bbox 2022 4938 3600 5016">
    <p class='ocr_par' dir='ltr' id='par_1_111' title="bbox 2022 4938 3600 5016">
     <span class='ocr_line' id='line_1_111' title="bbox 2022 4938 3600 5016; baseline -0.004 -16"><span class='ocrx_word' id='word_1_852' title='bbox 2022 4946 2139 5016; x_wconf 91' lang='lat' dir='ltr'><strong>quis</strong></span> <span class='ocrx_word' id='word_1_853' title='bbox 2169 4945 2222 4999; x_wconf 92' lang='lat' dir='ltr'><strong>in</strong></span> <span class='ocrx_word' id='word_1_854' title='bbox 2249 4956 2502 4998; x_wconf 88' lang='lat' dir='ltr'><strong>consessu</strong></span> <span class='ocrx_word' id='word_1_855' title='bbox 2540 4940 2769 4995; x_wconf 89' lang='lat' dir='ltr'><strong>voluerit</strong></span> <span class='ocrx_word' id='word_1_856' title='bbox 2798 4948 2888 4993; x_wconf 89' lang='lat' dir='ltr'><strong>aut</strong></span> <span class='ocrx_word' id='word_1_857' title='bbox 2922 4938 2990 4992; x_wconf 91' lang='lat' dir='ltr'><strong>de</strong></span> <span class='ocrx_word' id='word_1_858' title='bbox 3034 4938 3381 5006; x_wconf 90' lang='lat' dir='ltr'><strong>spectaculis,</strong></span> <span class='ocrx_word' id='word_1_859' title='bbox 3410 4949 3500 4993; x_wconf 92' lang='lat' dir='ltr'><strong>aut</strong></span> <span class='ocrx_word' id='word_1_860' title='bbox 3533 4938 3600 4994; x_wconf 88' lang='lat' dir='ltr'><strong>de</strong></span> 
     </span>
    </p>
   </div>
   <div class='ocr_carea' id='block_1_112' title="bbox 2022 5028 3602 5104">
    <p class='ocr_par' dir='ltr' id='par_1_112' title="bbox 2022 5028 3602 5104">
     <span class='ocr_line' id='line_1_112' title="bbox 2022 5028 3602 5104; baseline -0.005 -13"><span class='ocrx_word' id='word_1_861' title='bbox 2022 5052 2177 5091; x_wconf 91' lang='lat' dir='ltr'><strong>cursu</strong></span> <span class='ocrx_word' id='word_1_862' title='bbox 2206 5048 2485 5104; x_wconf 90' lang='lat' dir='ltr'><strong>equorum,</strong></span> <span class='ocrx_word' id='word_1_863' title='bbox 2509 5041 2598 5085; x_wconf 90' lang='lat' dir='ltr'><strong>aut</strong></span> <span class='ocrx_word' id='word_1_864' title='bbox 2618 5031 2684 5086; x_wconf 90' lang='lat' dir='ltr'><strong>de</strong></span> <span class='ocrx_word' id='word_1_865' title='bbox 2710 5030 2869 5084; x_wconf 89' lang='lat' dir='ltr'><strong>rebus</strong></span> <span class='ocrx_word' id='word_1_866' title='bbox 2896 5028 3026 5082; x_wconf 90' lang='lat' dir='ltr'><strong>nihil</strong></span> <span class='ocrx_word' id='word_1_867' title='bbox 3048 5028 3111 5081; x_wconf 92' lang='lat' dir='ltr'><strong>ad</strong></span> <span class='ocrx_word' id='word_1_868' title='bbox 3140 5035 3190 5083; x_wconf 91' lang='lat' dir='ltr'><strong>te</strong></span> <span class='ocrx_word' id='word_1_869' title='bbox 3214 5028 3602 5097; x_wconf 89' lang='lat' dir='ltr'><strong>pertinentibus</strong></span> 
     </span>
    </p>
   </div>
   <div class='ocr_carea' id='block_1_113' title="bbox 2023 5118 3599 5189">
    <p class='ocr_par' dir='ltr' id='par_1_113' title="bbox 2023 5118 3599 5189">
     <span class='ocr_line' id='line_1_113' title="bbox 2023 5118 3599 5189; baseline -0.004 -11"><span class='ocrx_word' id='word_1_870' title='bbox 2023 5125 2179 5180; x_wconf 89' lang='lat' dir='ltr'><strong>verba</strong></span> <span class='ocrx_word' id='word_1_871' title='bbox 2209 5123 2405 5189; x_wconf 89' lang='lat' dir='ltr'><strong>facere,</strong></span> <span class='ocrx_word' id='word_1_872' title='bbox 2438 5122 2504 5175; x_wconf 91' lang='lat' dir='ltr'><strong>ab</strong></span> <span class='ocrx_word' id='word_1_873' title='bbox 2548 5121 2635 5174; x_wconf 93' lang='lat' dir='ltr'><strong>illa</strong></span> <span class='ocrx_word' id='word_1_874' title='bbox 2677 5119 2898 5174; x_wconf 89' lang='lat' dir='ltr'><strong>materia</strong></span> <span class='ocrx_word' id='word_1_875' title='bbox 2942 5118 3022 5172; x_wconf 90' lang='lat' dir='ltr'><strong>fac</strong></span> <span class='ocrx_word' id='word_1_876' title='bbox 3048 5134 3169 5173; x_wconf 92' lang='lat' dir='ltr'><strong>eum</strong></span> <span class='ocrx_word' id='word_1_877' title='bbox 3197 5133 3435 5184; x_wconf 85' lang='lat' dir='ltr'><strong>revoces,</strong></span> <span class='ocrx_word' id='word_1_878' title='bbox 3465 5126 3520 5173; x_wconf 88' lang='lat' dir='ltr'><strong>et</strong></span> <span class='ocrx_word' id='word_1_879' title='bbox 3548 5120 3599 5171; x_wconf 93' lang='lat' dir='ltr'><strong>in</strong></span> 
     </span>
    </p>
   </div>
   <div class='ocr_carea' id='block_1_114' title="bbox 2023 5211 3603 5287">
    <p class='ocr_par' dir='ltr' id='par_1_114' title="bbox 2023 5211 3603 5287">
     <span class='ocr_line' id='line_1_114' title="bbox 2023 5211 3603 5287; baseline -0.003 -16"><span class='ocrx_word' id='word_1_880' title='bbox 2023 5216 2280 5287; x_wconf 88' lang='lat' dir='ltr'><strong>ejusmodi</strong></span> <span class='ocrx_word' id='word_1_881' title='bbox 2308 5214 2663 5270; x_wconf 89' lang='lat' dir='ltr'><strong>narrationem</strong></span> <span class='ocrx_word' id='word_1_882' title='bbox 2704 5212 2941 5277; x_wconf 91' lang='lat' dir='ltr'><strong>inducas,</strong></span> <span class='ocrx_word' id='word_1_883' title='bbox 2969 5228 3074 5282; x_wconf 93' lang='lat' dir='ltr'><strong>quo</strong></span> <span class='ocrx_word' id='word_1_884' title='bbox 3099 5211 3257 5266; x_wconf 89' lang='lat' dir='ltr'><strong>simul</strong></span> <span class='ocrx_word' id='word_1_885' title='bbox 3289 5221 3343 5266; x_wconf 94' lang='lat' dir='ltr'><strong>et</strong></span> <span class='ocrx_word' id='word_1_886' title='bbox 3368 5214 3603 5281; x_wconf 86' lang='lat' dir='ltr'><strong>purgatis</strong></span> 
     </span>
    </p>
   </div>
   <div class='ocr_carea' id='block_1_115' title="bbox 2024 5302 3600 5375">
    <p class='ocr_par' dir='ltr' id='par_1_115' title="bbox 2024 5302 3600 5375">
     <span class='ocr_line' id='line_1_115' title="bbox 2024 5302 3600 5375; baseline -0.003 -16"><span class='ocrx_word' id='word_1_887' title='bbox 2024 5307 2241 5370; x_wconf 90' lang='lat' dir='ltr'><strong>animis,</strong></span> <span class='ocrx_word' id='word_1_888' title='bbox 2271 5315 2325 5360; x_wconf 90' lang='lat' dir='ltr'><strong>et</strong></span> <span class='ocrx_word' id='word_1_889' title='bbox 2358 5305 2648 5373; x_wconf 90' lang='lat' dir='ltr'><strong>voluptate,</strong></span> <span class='ocrx_word' id='word_1_890' title='bbox 2685 5321 2802 5375; x_wconf 76' lang='lat' dir='ltr'><strong>qua:</strong></span> <span class='ocrx_word' id='word_1_891' title='bbox 2834 5303 3068 5374; x_wconf 89' lang='lat' dir='ltr'><strong>periculo</strong></span> <span class='ocrx_word' id='word_1_892' title='bbox 3094 5312 3305 5367; x_wconf 90' lang='lat' dir='ltr'><strong>careat,</strong></span> <span class='ocrx_word' id='word_1_893' title='bbox 3330 5302 3600 5368; x_wconf 86' lang='lat' dir='ltr'><strong>delectati,</strong></span> 
     </span>
    </p>
   </div>
   <div class='ocr_carea' id='block_1_116' title="bbox 2024 5394 3604 5467">
    <p class='ocr_par' dir='ltr' id='par_1_116' title="bbox 2024 5394 3604 5467">
     <span class='ocr_line' id='line_1_116' title="bbox 2024 5394 3604 5467; baseline -0.004 -14"><span class='ocrx_word' id='word_1_894' title='bbox 2024 5398 2252 5467; x_wconf 91' lang='lat' dir='ltr'><strong>denique</strong></span> <span class='ocrx_word' id='word_1_895' title='bbox 2293 5396 2393 5465; x_wconf 92' lang='lat' dir='ltr'><strong>ipsi</strong></span> <span class='ocrx_word' id='word_1_896' title='bbox 2430 5396 2586 5449; x_wconf 92' lang='lat' dir='ltr'><strong>mites</strong></span> <span class='ocrx_word' id='word_1_897' title='bbox 2614 5409 2676 5450; x_wconf 90' lang='lat' dir='ltr'><strong>ac</strong></span> <span class='ocrx_word' id='word_1_898' title='bbox 2704 5395 2992 5464; x_wconf 89' lang='lat' dir='ltr'><strong>placabiles</strong></span> <span class='ocrx_word' id='word_1_899' title='bbox 3029 5408 3154 5462; x_wconf 89' lang='lat' dir='ltr'><strong>erga</strong></span> <span class='ocrx_word' id='word_1_900' title='bbox 3196 5402 3419 5446; x_wconf 88' lang='lat' dir='ltr'><strong>cunctos</strong></span> <span class='ocrx_word' id='word_1_901' title='bbox 3465 5394 3604 5447; x_wconf 83' lang='lat' dir='ltr'><strong>male</strong></span> 
     </span>
    </p>
   </div>
   <div class='ocr_carea' id='block_1_117' title="bbox 2025 5482 3603 5553">
    <p class='ocr_par' dir='ltr' id='par_1_117' title="bbox 2025 5482 3603 5553">
     <span class='ocr_line' id='line_1_117' title="bbox 2025 5482 3603 5553; baseline -0.004 -10"><span class='ocrx_word' id='word_1_902' title='bbox 2025 5488 2092 5544; x_wconf 92' lang='lat' dir='ltr'><strong>de</strong></span> <span class='ocrx_word' id='word_1_903' title='bbox 2122 5488 2271 5541; x_wconf 90' lang='lat' dir='ltr'><strong>nobis</strong></span> <span class='ocrx_word' id='word_1_904' title='bbox 2300 5486 2519 5540; x_wconf 90' lang='lat' dir='ltr'><strong>meritos</strong></span> <span class='ocrx_word' id='word_1_905' title='bbox 2549 5486 2691 5553; x_wconf 85' lang='lat' dir='ltr'><strong>facti,</strong></span> <span class='ocrx_word' id='word_1_906' title='bbox 2716 5500 2784 5540; x_wconf 90' lang='lat' dir='ltr'><strong>ex</strong></span> <span class='ocrx_word' id='word_1_907' title='bbox 2824 5485 2922 5538; x_wconf 87' lang='lat' dir='ltr'><strong>hac</strong></span> <span class='ocrx_word' id='word_1_908' title='bbox 2959 5485 3062 5537; x_wconf 83' lang='lat' dir='ltr'><strong>vita</strong></span> <span class='ocrx_word' id='word_1_909' title='bbox 3101 5482 3409 5552; x_wconf 90' lang='lat' dir='ltr'><strong>migremus,</strong></span> <span class='ocrx_word' id='word_1_910' title='bbox 3435 5484 3486 5535; x_wconf 90' lang='lat' dir='ltr'><strong>in</strong></span> <span class='ocrx_word' id='word_1_911' title='bbox 3519 5482 3603 5537; x_wconf 87' lang='lat' dir='ltr'><strong>fu-</strong></span> 
     </span>
    </p>
   </div>
   <div class='ocr_carea' id='block_1_118' title="bbox 2027 5574 3600 5639">
    <p class='ocr_par' dir='ltr' id='par_1_118' title="bbox 2027 5574 3600 5639">
     <span class='ocr_line' id='line_1_118' title="bbox 2027 5574 3600 5639; baseline -0.003 -4"><span class='ocrx_word' id='word_1_912' title='bbox 2027 5590 2145 5635; x_wconf 89' lang='lat' dir='ltr'><strong>turo</strong></span> <span class='ocrx_word' id='word_1_913' title='bbox 2171 5580 2363 5634; x_wconf 82' lang='lat' dir='ltr'><strong>s:eculo</strong></span> <span class='ocrx_word' id='word_1_914' title='bbox 2398 5579 2599 5632; x_wconf 91' lang='lat' dir='ltr'><strong>nullum</strong></span> <span class='ocrx_word' id='word_1_915' title='bbox 2642 5578 2896 5633; x_wconf 91' lang='lat' dir='ltr'><strong>habentes</strong></span> <span class='ocrx_word' id='word_1_916' title='bbox 2938 5575 3237 5639; x_wconf 90' lang='lat' dir='ltr'><strong>inimicum,</strong></span> <span class='ocrx_word' id='word_1_917' title='bbox 3276 5574 3412 5629; x_wconf 82' lang='lat' dir='ltr'><strong>bona</strong></span> <span class='ocrx_word' id='word_1_918' title='bbox 3440 5576 3600 5631; x_wconf 87' lang='lat' dir='ltr'><strong>etiam</strong></span> 
     </span>
    </p>
   </div>
   <div class='ocr_carea' id='block_1_119' title="bbox 2026 5665 3602 5739">
    <p class='ocr_par' dir='ltr' id='par_1_119' title="bbox 2026 5665 3602 5739">
     <span class='ocr_line' id='line_1_119' title="bbox 2026 5665 3602 5739; baseline -0.001 -14"><span class='ocrx_word' id='word_1_919' title='bbox 2026 5682 2223 5725; x_wconf 80' lang='lat' dir='ltr'><strong>aeterna</strong></span> <span class='ocrx_word' id='word_1_920' title='bbox 2264 5683 2672 5739; x_wconf 89' lang='lat' dir='ltr'><strong>consequamur,</strong></span> <span class='ocrx_word' id='word_1_921' title='bbox 2712 5667 2878 5737; x_wconf 90' lang='lat' dir='ltr'><strong>gratia</strong></span> <span class='ocrx_word' id='word_1_922' title='bbox 2906 5674 2961 5721; x_wconf 90' lang='lat' dir='ltr'><strong>et</strong></span> <span class='ocrx_word' id='word_1_923' title='bbox 2997 5665 3235 5721; x_wconf 89' lang='lat' dir='ltr'><strong>bonitate</strong></span> <span class='ocrx_word' id='word_1_924' title='bbox 3273 5665 3477 5719; x_wconf 75' lang='lat' dir='ltr'><strong>Domni</strong></span> <span class='ocrx_word' id='word_1_925' title='bbox 3508 5681 3602 5723; x_wconf 87' lang='lat' dir='ltr'><strong>no-</strong></span> 
     </span>
    </p>
   </div>
   <div class='ocr_carea' id='block_1_120' title="bbox 2029 5754 3363 5828">
    <p class='ocr_par' dir='ltr' id='par_1_120' title="bbox 2029 5754 3363 5828">
     <span class='ocr_line' id='line_1_120' title="bbox 2029 5754 3363 5828; baseline -0.004 -13"><span class='ocrx_word' id='word_1_926' title='bbox 2029 5761 2124 5816; x_wconf 90' lang='lat' dir='ltr'><strong>stri</strong></span> <span class='ocrx_word' id='word_1_927' title='bbox 2150 5758 2276 5815; x_wconf 83' lang='lat' dir='ltr'><strong>Jcsu</strong></span> <span class='ocrx_word' id='word_1_928' title='bbox 2305 5758 2521 5827; x_wconf 89' lang='lat' dir='ltr'><strong>Christi,</strong></span> <span class='ocrx_word' id='word_1_929' title='bbox 2549 5758 2632 5813; x_wconf 90' lang='lat' dir='ltr'><strong>cui</strong></span> <span class='ocrx_word' id='word_1_930' title='bbox 2658 5757 2825 5828; x_wconf 91' lang='lat' dir='ltr'><strong>gloria</strong></span> <span class='ocrx_word' id='word_1_931' title='bbox 2855 5756 2907 5810; x_wconf 92' lang='lat' dir='ltr'><strong>in</strong></span> <span class='ocrx_word' id='word_1_932' title='bbox 2936 5754 3145 5811; x_wconf 73' lang='lat' dir='ltr'><strong>szecula.</strong></span> <span class='ocrx_word' id='word_1_933' title='bbox 3172 5758 3363 5812; x_wconf 83' lang='lat' dir='ltr'><strong>Amen.</strong></span> 
     </span>
    </p>
   </div>
  </div>
