4094 6256
550 331 654 394 68⁸7

1145 434 1422 500 llOMILlA
1449 443 1525 498 -ll.

549 557 700 626 Quod
718 567 954 628 magnum
973 557 1037 610 sit
1061 556 1267 622 bonum,
1292 571 1391 610 non
1418 565 1611 610 tantum
1633 573 1859 612 exercere
1878 561 2127 625 virtutem,

618 649 937 701 uerumetiam
974 646 1184 701 laudare
1209 663 1229 702 :
1251 649 1480 718 quodque
1526 648 1690 702 Dauid
1723 651 2129 720 magniﬁcentius

618 739 864 800 tropaum
905 732 1115 785 erexerit
1155 732 1406 800 parcendo
1453 732 1603 786 Sauli
1625 773 1639 797 ,
1687 749 1837 802 quam
1877 743 2131 804 prostrato

612 819 818 874 Goliath
838 821 1096 891 :quodque
1109 821 1214 875 haec
1230 821 1420 893 faciens
1438 821 1598 892 magis
1613 823 1856 891 profuerit
1869 824 1963 877 sibi
1981 840 2132 894 quant

616 912 767 967 δαεὶιὶ
790 929 809 967 :
835 913 994 982 deque
1011 913 1332 968 excusatione
1355 914 1514 982 ipsius
1538 915 1676 984 apud
1701 914 1928 970 SaaIem.

616 1030 668 1083 1.
697 1023 933 1082 Laudare
957 1026 1134 1080 virtute
1173 1027 1410 1096 praeditos
1440 1028 1660 1096 prodest.
1684 1057 1757 1068 —
1775 1028 1884 1084 Vos
1913 1029 2126 1100 quidem

545 1128 720 1188 imper
756 1116 1011 1171 laudastis
1041 1116 1297 1171 Davidem
1328 1117 1399 1171 ob
1441 1117 1700 1171 malorum
1751 1119 2125 1186 tolerantiam;

540 1224 642 1279 ego
665 1209 896 1263 vicissim
923 1207 1224 1262 admirabar
1263 1217 1494 1263 vestram
1530 1222 1653 1279 erga
1685 1210 1937 1266 Davidem
1966 1211 2125 1265 bene-

541 1301 827 1354 volentiam
867 1313 930 1354 ac
971 1299 1208 1354 caritatis
1251 1299 1519 1353 allectum.
1569 1299 1684 1354 Non
1734 1302 1876 1355 enim
1919 1311 2128 1370 oportet

540 1389 691 1444 adire
739 1389 899 1444 modo
927 1397 982 1444 et
1021 1388 1260 1442 aemulari
1301 1390 1586 1454 virtutem,
1636 1393 1986 1446 verumetiam
2033 1408 2126 1447 eos

537 1481 628 1549 qui
658 1481 906 1534 virtutem
935 1481 1363 1548 amplectuntur,
1392 1481 1634 1537 laudibus
1663 1485 1929 1551 evehere,
1957 1493 2012 1540 et
2033 1487 2126 1540 ad-

540 1569 814 1623 mirandos
843 1570 1132 1639 praedicare
1153 1611 1167 1633 ,
1201 1571 1354 1625 nobis
1384 1570 1612 1626 fructum
1641 1572 1867 1640 aliquem
1894 1588 2126 1643 eumque

540 1660 682 1716 haud
729 1662 1001 1730 vulgarem
1055 1659 1248 1716 atl‘ert:
1290 1661 1738 1731 quemadmodum
1784 1678 1849 1717 ex
1893 1663 2123 1719 adverso

539 1753 856 1821 pravitatem
888 1769 991 1808 non
1025 1753 1258 1807 aemulari
1301 1763 1524 1818 tantum,
1567 1750 1915 1810 verumetiam
1959 1757 2011 1809 in
2058 1764 2120 1811 ea

537 1844 773 1897 viventes
817 1843 1069 1908 laudare,
1116 1841 1430 1912 supplicium
1473 1843 1614 1898 haud
1661 1845 1929 1900 mediocre
1971 1845 2122 1901 nobis

537 1945 684 2003 parat
704 1953 715 1988 :
735 1945 788 1989 et
815 1936 857 1988 si
876 1934 953 1990 fas
981 1945 1063 1990 est
1086 1934 1334 2002 quiddam
1360 1951 1554 1989 novum
1576 1944 1630 1991 et
1655 1935 2022 1991 admirandum
2043 1937 2123 1993 di-

533 2039 656 2079 cere
675 2067 688 2088 ,
719 2027 928 2095 gravius
956 2025 1274 2096 supplicium
1305 2035 1482 2080 manet
1510 2028 1648 2093 illos,
1682 2044 1838 2098 quam
1867 2030 2008 2097 ipsos
2031 2030 2118 2098 qui

535 2115 672 2168 male
699 2117 896 2168 vivunt.
924 2112 980 2168 ld
1002 2114 1280 2169 declarans
1303 2116 1518 2182 Paulus,
1544 2126 1882 2186 posteaquam
1905 2134 2117 2174 omnem

540 2205 753 2259 malitiae
794 2207 1028 2275 speciem
1059 2217 1462 2272 enumerasset,
1499 2219 1905 2278 accnsassetque
1932 2225 2119 2265 omnes

533 2297 622 2366 qui
654 2299 798 2366 leges
826 2298 915 2351 Dei
944 2299 1279 2365 conculcant,
1311 2297 1380 2354 de
1410 2301 1516 2354 illis
1544 2301 1671 2369 ipsis
1729 2301 1942 2370 subjicit
1967 2321 1979 2355 :
2015 2301 2118 2367 Qui

538 2402 653 2438 rum
680 2385 776 2440 Dei
789 2386 1054 2454 justitiam
1070 2399 1292 2458 nossent,
1314 2391 1450 2460 quod
1476 2392 1561 2459 qui
1587 2392 1709 2444 talia
1732 2396 1944 2462 faciunt,
1979 2395 2120 2464 digni

534 2487 652 2531 sunt
681 2487 868 2538 morte,
918 2495 1018 2532 non
1063 2480 1224 2533 solum
1255 2497 1314 2533 ea
1351 2483 1565 2551 faciunt,
1597 2485 1683 2535 sed
1709 2494 1756 2536 et
1792 2486 2118 2554 comprobant

537 2569 629 2622 illa
655 2569 893 2640 facientes
930 2583 947 2621 :
989 2570 1100 2622 ideo
1127 2571 1481 2624 inexcusabilis
1511 2589 1582 2635 es,
1611 2590 1640 2626 o
1671 2575 1818 2626 homo
1839 2575 1858 2645 (
1879 2575 2030 2629 Rom.
2062 2577 2114 2630 1.

539 2661 630 2714 52.
658 2669 770 2713 etc.
796 2659 852 2713 2.
886 2677 931 2713 v.
964 2661 1039 2728 1).
1071 2660 1229 2715 Vides
1257 2676 1378 2716 eum
1404 2663 1473 2716 ita
1502 2664 1641 2733 loqui
1664 2672 1720 2718 ut
1745 2665 1991 2720 ostendat
2015 2665 2117 2721 hoc

535 2762 656 2805 esse
682 2751 893 2820 gravius
921 2750 1031 2805 illo.
1065 2751 1194 2805 Nam
1226 2752 1440 2807 laudare
1466 2752 1855 2824 delinquentes,
1884 2756 2024 2826 quod
2050 2756 2115 2812 ad

533 2842 847 2910 supplicium
876 2842 1123 2910 pertinet,
1149 2843 1305 2913 longe
1331 2844 1448 2913 plus
1473 2855 1556 2898 est
1584 2861 1743 2915 quam
1765 2845 2074 2916 delinquere
2098 2866 2113 2905 :

533 2933 694 3002 idque
720 2933 842 3002 jure
871 2935 1090 3000 merito,
1119 2937 1239 3006 quia
1279 2935 1380 2990 hoc
1419 2936 1724 3007 suffragium
1768 2940 2117 3009 proficiscitur

531 3026 600 3079 ab
629 3026 807 3082 animo
838 3027 990 3095 plane
1016 3036 1302 3096 corrupto,
1334 3039 1389 3084 et
1427 3029 1706 3084 insanabili
1747 3032 1935 3086 morbo
1962 3031 2114 3086 labo-

530 3125 705 3171 rante.
730 3116 1001 3186 Siquidem
1026 3119 1070 3172 is
1095 3119 1181 3186 qui
1203 3119 1327 3173 dum
1350 3127 1553 3188 peccat,
1582 3120 1900 3176 condemnat
1922 3138 2112 3192 peccao

536 3219 646 3262 tum
677 3223 830 3263 suum
857 3251 872 3277 ,
901 3210 1099 3279 poterit
1127 3210 1415 3280 aliquando
1453 3212 1709 3281 temporis
1739 3226 2020 3284 progressu
2047 3215 2113 3270 ad

529 3315 590 3354 se
615 3299 819 3366 redire;
847 3301 936 3370 qui
974 3315 1102 3355 vero
1130 3301 1311 3355 laudat
1340 3302 1594 3356 malitiam
1617 3345 1630 3367 ,
1663 3303 1706 3356 is
1734 3303 1967 3373 seipsum
2003 3307 2111 3374 pri-

531 3391 672 3444 vavit
694 3392 987 3457 curatione,
1015 3407 1173 3461 quam
1197 3391 1352 3447 aﬂ‘ert
1379 3393 1709 3463 paenitentia.
1736 3395 1964 3452 Proinde
1995 3413 2111 3453 me-

529 3482 636 3536 rito
659 3481 852 3536 Paulus
889 3484 1247 3551 pronuntiavit
1273 3483 1374 3540 hoc
1402 3485 1495 3539 illo
1520 3499 1639 3540 esse
1667 3487 1898 3556 gravius.
1931 3489 2112 3560 Itaque

529 3573 670 3629 sicut
695 3589 800 3628 non
853 3583 1059 3630 tantum
1106 3577 1141 3630 ii
1163 3577 1252 3646 qui
1291 3592 1454 3646 prava
1482 3577 1713 3645 faciunt,
1763 3581 2109 3636 verumetiam

527 3667 616 3736 qui
661 3667 793 3723 tales
830 3667 1048 3723 laudant
1071 3683 1134 3723 ac
1161 3670 1451 3738 prmdicant
1473 3711 1490 3736 ,
1517 3671 1758 3726 eamdem
1781 3713 1795 3736 ,
1827 3681 1919 3726 aut
1949 3672 2108 3727 etiam

524 3757 821 3828 graviorem
849 3773 1058 3827 pinnam
1087 3761 1382 3814 sortiuntur
1412 3777 1428 3814 :
1458 3761 1526 3814 ita
1553 3761 1641 3831 qui
1668 3761 1837 3817 bonos
1865 3762 2110 3817 laudibus

524 3848 726 3904 vehunt
765 3864 826 3903 ac
871 3849 1160 3916 prmdicant
1197 3891 1212 3915 ,
1253 3865 1571 3905 coronarum
1613 3850 1716 3906 illis
1755 3854 2107 3920 repositarum

523 3939 660 3993 ﬁunt
683 3940 988 4008 participes.
1014 3941 1163 4008 Quod
1193 3943 1366 4009 ipsum
1390 3942 1462 3996 ita
1490 3956 1609 3996 csse
1635 3957 1664 3996 e
1685 3942 1958 4013 Scriptura
1981 3942 2110 3996 licet

522 4031 842 4099 perspicere.
884 4032 1020 4085 Deus
1043 4033 1186 4086 enim
1217 4035 1286 4086 ita
1325 4032 1558 4102 loquitur
1585 4032 1812 4087 Ahrahm
1844 4051 1859 4085 :
1893 4033 2108 4087 Benedi-

521 4122 743 4175 centibus
764 4121 850 4174 tibi
875 4123 1183 4188 benedicam,
1205 4133 1250 4174 et
1271 4123 1682 4176 maledicentibus
1703 4125 1789 4176 tibi
1810 4122 2106 4178 maledicam

519 4210 690 4280 (Gen.
725 4211 810 4266 l2.
842 4213 933 4280 3).
965 4212 1109 4267 ldcm
1151 4213 1200 4266 in
1231 4212 1521 4283 Olympicis
1560 4214 1939 4268 certaminibus
1967 4217 2108 4270 acci-

516 4303 643 4357 dere
673 4303 868 4357 videbit
901 4304 1092 4372 quivis.
1126 4303 1306 4373 Neque
1326 4303 1465 4357 enim
1493 4304 1691 4358 athleta
1719 4314 1918 4359 tantum
1942 4321 2100 4361 coro-

517 4408 640 4447 nam
665 4401 898 4462 gestans,
922 4408 1094 4463 neque
1116 4395 1203 4462 qui
1237 4394 1474 4448 laborem
1497 4410 1560 4449 ac
1589 4394 1838 4449 sudorem
1885 4397 2106 4464 pertulit

516 4483 695 4558 modo,
727 4498 910 4538 verum
934 4493 989 4538 et
1014 4485 1057 4539 is
1081 4485 1168 4553 qui
1194 4484 1373 4539 laudat
1395 4485 1671 4548 victorem,
1706 4501 1810 4540 non
1833 4488 2102 4542 minimam

514 4577 685 4632 laudis
722 4569 866 4631 illius
894 4577 1219 4648 voluptatem
1261 4577 1517 4648 decerpit.
1549 4579 1888 4648 Quapropter
1915 4589 1970 4635 et
2003 4597 2103 4650 ego

513 4682 617 4721 non
644 4667 817 4722 solum
843 4683 1162 4737 generosum
1185 4668 1330 4724 illum
1353 4683 1414 4724 ac
1430 4669 1824 4739 magnanimum
1848 4671 1916 4726 ob
1936 4671 2100 4726 animi
2135 4685 2139 4688 ‘

510 4759 898 4829 philosophiam
938 4759 1151 4814 beatum
1179 4760 1413 4830 praedico
1435 4802 1452 4824 ,
1484 4775 1668 4815 verum
1701 4770 1756 4815 et
1783 4775 1878 4815 vos
1905 4761 1975 4816 ob
1999 4747 2098 4816 be-

510 4849 757 4904 nevolum
789 4864 911 4918 erga
943 4850 1091 4904 illum
1117 4850 1374 4906 animum.
1407 4849 1500 4905 Ille
1527 4866 1756 4921 namque
1782 4852 2006 4906 certavit
2035 4867 2098 4907 ac

509 4939 678 5005 vicit,
708 4953 1068 5010 coronamque
1115 4941 1277 4994 tulit:
1318 4955 1412 4995 vos
1441 4949 1616 4996 autem
1658 4941 1778 5012 quia
1822 4943 2097 4996 victoriam

505 5029 778 5096 laudastis,
797 5044 902 5086 non
925 5031 1245 5088 mediocrem
1265 5048 1476 5089 corona:
1498 5041 1702 5103 partem
1719 5035 1869 5089 vobis
1886 5037 2096 5090 tulistis.

507 5122 576 5179 Ut
613 5123 771 5193 igitur
814 5122 1035 5178 uberior
1060 5124 1131 5179 sit
1173 5125 1326 5179 vobis
1369 5127 1469 5181 ista
1499 5125 1741 5196 voluptas
1768 5167 1780 5188 .
1809 5141 1871 5181 ac
1897 5126 2099 5183 fructus

503 5214 856 5271 abundantior
880 5258 895 5282 ,
927 5214 1150 5286 agedum
1182 5217 1416 5286 reliquas
1440 5233 1651 5288 quoque
1681 5204 2098 5288 bujuslnistorhe

503 5315 682 5375 partes
702 5307 850 5362 vobis
873 5307 1258 5376 persolvamus.
1284 5308 1414 5364 Cum
1441 5308 1679 5364 historiae
1706 5311 1932 5377 scriptor
1953 5324 2098 5364 com-

481 5409 862 5484 .‘memorasset
888 5400 1051 5454 verba
1071 5439 1086 5466 ,
1115 5399 1309 5470 quibus
1337 5400 1500 5455 David
1531 5400 1730 5455 caedem
1761 5401 2060 5470 reprobavit
2079 5443 2092 5466 ,

503 5491 766 5557 subjecit:
798 5489 920 5545 Non
948 5493 1174 5560 permisit
1196 5493 1322 5558 illis,
1365 5503 1421 5548 ut
1445 5504 1710 5562 surgerent
1735 5503 1782 5548 et
1809 5495 2095 5549 occiderent

505 5578 637 5635 Sail
666 5582 754 5648 (1.
785 5581 912 5652 Reg.
947 5581 1037 5637 24.
1070 5584 1148 5654 8)
1177 5601 1188 5635 :
1221 5585 1376 5640 simul
1420 5593 1476 5641 et
1523 5585 1733 5639 illorum
1777 5583 1982 5639 animos
2027 5585 2093 5639 ad

467 5661 704 5726 ’crcdem
735 5684 1028 5742 promptos,
1057 5685 1108 5729 et
1136 5675 1293 5746 hujus
1335 5677 1696 5732 fortitudinem
1723 5676 2095 5733 demonstrare

505 5760 705 5814 volens.
757 5766 824 5818 At
869 5765 1017 5818 multi
1079 5781 1208 5821 sane
1255 5768 1345 5835 qui
1392 5767 1637 5823 videntur
1681 5768 2039 5838 phiIOSOphari
2071 5813 2086 5839 ,

1331 336 1388 392 S.
1427 332 1706 392 JOANNIS
1740 331 2214 394 CHRYSOSTOMI
2255 333 2574 395 ARCHIEP.
2613 339 3150 401 CONSTANTINOP.
3719 353 3811 410 688

2237 447 2446 505 etiamsi
2473 450 2576 519 ipsi
2605 449 2661 507 in
2685 465 2745 507 se
2775 468 2880 510 non
2906 455 3170 526 recipiunt
3209 456 3559 521 homicidium
3579 503 3596 530 ,
3635 465 3811 522 nolunt

2238 550 2415 595 tamen
2440 542 2578 597 alios
2614 544 2706 612 qui
2732 545 2932 600 caedem
2977 558 3167 618 parant
3206 551 3478 610 cohibere.
3507 554 3575 608 At
3605 570 3712 611 non
3747 559 3810 612 ita

2237 629 2422 696 David,
2447 632 2542 691 sed
2567 634 2785 701 perinde
2805 650 2868 690 ac
2886 636 2933 690 si
2953 637 3254 707 depositum
3272 642 3486 712 aliquod
3505 647 3810 715 accepisset,

2235 738 2331 792 pro
2370 739 2476 794 quo
2505 727 2766 782 rationem
2808 729 3112 787 redditurus
3139 743 3283 788 esset
3309 774 3323 798 ,
3369 736 3440 789 ita
3469 751 3580 791 non
3618 747 3807 793 tantum

2233 815 2348 883 ipse
2375 832 2480 871 non
2507 819 2681 888 attigit
2707 821 3000 887 Inimicum,
3026 838 3210 880 verum
3229 828 3392 882 etiam
3417 829 3553 884 alios
3579 832 3808 890 occidere

2232 908 2474 964 volentes
2496 911 2753 979 coercuit,
2781 914 2997 970 satelles
3029 917 3263 986 optimus
3287 930 3342 973 et
3375 925 3619 991 corporis
3641 936 3809 981 Custos

2233 1013 2328 1068 pro
2346 998 2498 1056 hoste
2517 1001 2703 1058 factus.
2727 1004 2909 1074 itaque
2929 1023 3033 1062 non
3053 1008 3356 1064 aberrarita
3377 1028 3526 1080 vero,
3547 1017 3640 1086 qui
3661 1017 3810 1084 dicat,

2233 1089 2485 1146 Davidem
2516 1092 2568 1146 id
2611 1097 2864 1164 temporis
2893 1097 2944 1150 in
2972 1101 3190 1167 gravius
3221 1101 3468 1158 incidisse
3495 1105 3810 1174 discrimen.

2231 1193 2389 1252 quam
2420 1184 2591 1253 ipsum
2629 1185 2872 1242 Saulem.
2899 1188 3084 1256 Neque
3113 1193 3256 1246 enim
3289 1193 3404 1250 leve
3433 1207 3702 1253 certamen
3730 1215 3814 1270 pe-

2229 1273 2562 1344 riculumque
2580 1277 2890 1341 sustinebat,
2916 1279 3042 1333 dum
3067 1283 3313 1338 omnibus
3337 1285 3509 1340 modis
3529 1289 3812 1345 conabatur

2229 1363 2374 1418 illum
2413 1355 2483 1420 ab
2523 1366 2728 1423 insidiis
2753 1369 2998 1439 eripere,
3025 1383 3163 1441 quas
3191 1375 3239 1428 ei
3281 1376 3538 1444 parabant
3573 1381 3808 1438 milites:

2227 1469 2399 1525 neque
2423 1455 2644 1526 perinde
2670 1462 2940 1516 metuebat
2957 1477 3024 1516 ne
3043 1465 3157 1534 ipse
3172 1467 3518 1536 occideretur,
3539 1486 3602 1526 ac
3633 1473 3809 1529 (omni.

2227 1545 2384 1601 dabat
2413 1563 2480 1602 ne
2508 1549 2628 1619 quis
2658 1550 2881 1605 militum
2912 1552 3007 1606 irae
3029 1554 3332 1629 obsequens
3363 1559 3688 1617 interﬁceret
3716 1564 3807 1618 bo-

2226 1636 2422 1692 minem
2455 1657 2466 1690 :
2499 1653 2724 1709 eamque
2753 1641 2823 1696 ob
2852 1657 3066 1699 causam
3087 1646 3351 1714 ejusmodi
3371 1664 3709 1708 commentus
3725 1667 3804 1711 est

2225 1729 2643 1784 excusationem.
2681 1733 2853 1800 Atque
2877 1729 2954 1787 illi
2981 1736 3194 1804 quidem
3229 1741 3569 1806 accusabant,
3597 1759 3806 1802 accusa-

2225 1819 2379 1874 batur
2404 1829 2581 1876 autem
2622 1823 2747 1878 Saiil
2779 1823 3053 1881 dormiens
3081 1868 3096 1892 ,
3128 1829 3224 1884 sed
3253 1831 3488 1888 defendit
3530 1835 3768 1894 inimicus
3790 1883 3804 1906 ,

2228 1910 2368 1966 Deus
2403 1927 2532 1967 vero
2550 1913 2712 1982 judex
2744 1923 2856 1970 erat
2879 1958 2894 1983 ,
2924 1931 2986 1972 ac
3013 1917 3227 1975 Davidis
3254 1925 3575 1979 sententiam
3613 1929 3804 1984 contir-

2224 2004 2405 2057 mavit.
2428 2003 2609 2074 Neque
2629 2006 2768 2060 enim
2796 2009 2996 2078 absque
3021 2009 3115 2065 Dei
3140 2013 3391 2080 przesidio
3411 2016 3665 2074 valuisset
3691 2021 3807 2077 illos

2223 2096 2458 2152 furentes
2479 2098 2692 2154 vincere
2717 2117 2730 2154 :
2758 2101 2852 2156 sed
2877 2102 2991 2157 haec
3013 2104 3128 2159 erat
3149 2105 3241 2161 Dei
3264 2108 3429 2178 gratia
3460 2111 3513 2164 in
3539 2113 3807 2181 prophetae

2223 2187 2374 2242 labiis
2403 2189 2642 2244 residens
2662 2231 2675 2253 ,
2704 2208 2822 2261 qua“:
2846 2194 3005 2248 veluti
3033 2195 3302 2251 suadelam
3338 2201 3621 2270 quamdam
3650 2201 3806 2260 adde-

2223 2277 2311 2332 but
2358 2279 2501 2335 illius
2543 2282 2738 2337 verbis.
2781 2283 3014 2341 Tametsi
3051 2302 3156 2342 non
3214 2289 3332 2362 leve
3383 2303 3710 2350 momentum
3753 2305 3805 2352 et

2225 2373 2385 2427 David
2407 2373 2510 2429 huc
2533 2376 2730 2436 attulit,
2754 2378 2841 2446 qui
2865 2379 3114 2447 quoniam
3137 2381 3257 2436 illos
3277 2384 3554 2453 superiore
3573 2394 3808 2458 tempore

2220 2464 2297 2517 sic
2323 2464 2655 2531 instituerat,
2684 2467 2881 2522 idcirco
2906 2472 2958 2523 in
2997 2473 3221 2527 articulo
3249 2476 3560 2530 certaminis
3600 2491 3806 2546 paratos

2220 2553 2338 2607 illos
2365 2552 2427 2608 ac
2471 2557 2762 2625 morigeros
2791 2559 3013 2626 reperit.
3053 2560 3345 2616 Prmfue‘rat
3386 2565 3529 2618 enim
3568 2567 3668 2622 illis
3697 2584 3804 2623 non

2221 2651 2278 2697 ut
2303 2643 2424 2700 belli
2451 2644 2555 2699 dux
2587 2647 2839 2702 militibus
2861 2690 2874 2713 ,
2905 2649 2999 2705 sed
3033 2659 3092 2707 ut
3132 2653 3383 2708 sacerdos
3407 2696 3422 2720 ,
3450 2655 3663 2727 jamque
3687 2673 3808 2729 spe-

2219 2735 2375 2788 lunca
2405 2735 2490 2791 illa
2521 2747 2637 2793 erat
2663 2728 2913 2796 ecclesia.

2291 2828 2614 2897 Sacriﬁcium
2659 2830 2806 2898 olfert
2843 2831 2951 2887 Deo
3002 2831 3168 2888 David
3191 2877 3207 2904 ,
3253 2837 3526 2893 immotam
3559 2841 3708 2894 iram.
3739 2871 3809 2886 —-

2218 2919 2308 2974 Sic
2333 2921 2778 2990 quemadmodum
2812 2924 3003 2995 aliquis
3036 2926 3273 2998 episc0pi
3315 2929 3533 3008 sortitus
3570 2946 3759 2986 munus
3783 2975 3800 2999 ,

2217 3013 2284 3067 ad
2316 3013 2434 3068 illos
2459 3016 2768 3070 concionem
2805 3016 3070 3084 habebat,
3101 3034 3163 3074 ac
3194 3031 3406 3089 peracta
3439 3025 3693 3080 concione
3718 3041 3805 3080 sa-

2216 3105 2472 3160 crilicium
2499 3105 2710 3172 obtulit,
2743 3107 2900 3177 idque
2919 3107 3231 3165 admirabile
3261 3113 3529 3180 quoddam
3557 3114 3804 3186 dictuque

2217 3198 2545 3264 incredibile,
2580 3215 2685 3254 non
2714 3211 2944 3256 mactato
2969 3204 3133 3259 vitulo
3151 3245 3168 3269 ,
3197 3213 3287 3258 aut
3316 3206 3495 3260 occiso
3521 3219 3675 3277 agno,
3705 3209 3801 3263 sed

2215 3290 2356 3360 quod
2391 3290 2472 3345 his
2504 3299 2618 3344 erat
2661 3293 2826 3346 multo
2851 3293 3312 3360 honorificentius,
3342 3297 3802 3352 mansuetudinem

2215 3390 2270 3436 ct
2318 3381 2697 3437 humanitatem
2759 3383 2992 3439 oil‘erens
3044 3386 3156 3441 Deo
3187 3427 3202 3449 ,
3253 3395 3414 3457 atque
3452 3389 3803 3445 irrationabili

2214 3473 2376 3526 animi
2413 3482 2556 3527 motu
2588 3485 2836 3543 mactato,
2861 3478 3142 3547 occisaque
3185 3478 3477 3545 iracundia,
3508 3489 3562 3535 et
3583 3482 3806 3536 mortiﬁ-

2214 3564 2346 3617 catis
2378 3563 2651 3630 membris,
2677 3581 2796 3634 quae
2834 3577 2956 3620 sunt
2980 3581 3140 3636 super
3167 3577 3385 3624 terram.
3427 3570 3494 3624 Et
3521 3570 3688 3626 factus
3723 3583 3807 3628 est

2213 3657 2352 3713 idem
2382 3668 2491 3712 tum
2518 3659 2727 3712 victima
2748 3699 2764 3724 ,
2797 3669 2906 3713 tum
2935 3661 3258 3716 sacriﬁeatus
3280 3703 3295 3728 ,
3324 3670 3433 3717 tum
3455 3664 3622 3719 altare
3650 3662 3669 3733 (
3690 3663 3804 3719 Col.

2213 3751 2264 3806 '5.
2298 3751 2390 3820 5).
2412 3749 2683 3820 Siquidem
2709 3759 2763 3806 ct
2786 3753 2920 3806 ratio
2936 3766 3053 3822 quas
3069 3752 3326 3808 offerebat
3345 3753 3804 3810 mansuetudinem

2212 3850 2373 3912 atque
2398 3842 2800 3906 humanitatem,
2821 3855 2872 3896 et
2891 3843 3001 3912 ipsa
3020 3844 3318 3899 humanitas
3338 3860 3400 3899 ac
3419 3847 3794 3913 mansuetudo,

2211 3935 2441 4004 denique
2478 3950 2572 3988 cor
2609 3934 2663 3988 in
2701 3949 2806 4004 quo
2835 3934 2949 3990 lucc
2989 3934 3384 4003 oﬁ'erebantur,
3429 3939 3607 3992 omnia
3649 3951 3807 3994 erant

2211 4024 2449 4094 ejusdem
2484 4024 2730 4079 hominis.

2281 4115 2337 4168 2.
2380 4116 2733 4184 Posteaquam
2777 4116 2936 4186 igitur
2971 4117 3109 4173 hanc
3139 4118 3462 4174 immolasset
3490 4121 3803 4189 prmelaram

2211 4207 2479 4262 vietimam
2504 4250 2520 4274 ,
2554 4220 2680 4262 tunc
2725 4208 3001 4262 victoriam
3044 4211 3258 4276 retulit,
3306 4227 3475 4280 neque
3509 4213 3804 4284 quidquam

2211 4300 2551 4370 pr:etermisit
2573 4301 2716 4369 quod
2736 4299 2800 4354 ad
2831 4310 3085 4369 tropteum
3117 4311 3398 4371 spectaret,
3425 4307 3657 4359 surrexit
3679 4314 3806 4358 tan-

2209 4391 2331 4446 dem
2361 4391 2547 4444 horum
2572 4393 2920 4446 certaminum
2952 4393 3170 4446 materia
3197 4393 3343 4456 Sairl,
3367 4403 3419 4448 et
3443 4409 3693 4463 egressus
3720 4405 3810 4450 est

2208 4499 2239 4538 e
2260 4483 2530 4552 spelunca,
2555 4485 2767 4553 ignarus
2790 4485 3028 4538 omnium
3049 4501 3167 4554 quze
3188 4497 3334 4555 geSIa
3357 4485 3580 4540 fuerant.
3611 4485 3809 4557 Egres-

2210 4592 2293 4629 sus
2333 4584 2405 4627 est
2445 4587 2613 4667 autem
2654 4584 2768 4667 φδι
2796 4575 2941 4667 illum
2982 4584 3028 4628 et
3067 4575 3280 4646 Duvid(
3301 4577 3354 4629 1.
3397 4575 3523 4646 Reg.
3561 4577 3650 4630 2i.
3682 4577 3803 4646 9),

2205 4667 2391 4722 liberis
2425 4665 2879 4735 deinceps‘oeulis
2920 4667 3108 4721 czelum
3138 4668 3349 4722 intuens
3372 4708 3386 4730 ,
3418 4681 3481 4722 ac
3523 4676 3632 4722 tum
3660 4678 3806 4722 tern-

2209 4759 2350 4829 poris
2377 4759 2540 4828 magis
2570 4759 2823 4827 gaudens,
2843 4774 2999 4829 quam
3026 4774 3146 4812 cum
3165 4758 3375 4814 Goliath
3397 4761 3802 4829 prostravisset,

2205 4867 2268 4907 ac
2306 4851 2517 4906 barbari
2545 4860 2704 4922 caput
2732 4861 3077 4922 amputasset.
3109 4851 3380 4921 Siquidem
3411 4851 3524 4906 haec
3564 4852 3648 4905 illa
3678 4868 3804 4905 ma-

2204 4943 2538 5014 gniﬁcentior
2566 4953 2681 4997 erat
2709 4944 2950 5003 victoria,
2984 4942 3096 4996 hac
3123 4942 3575 5011 magniﬁcentiora
3604 4945 3800 5013 spolia,

2205 5037 2321 5092 ha-c
2348 5037 2524 5107 praeda
2567 5036 2852 5102 illustrior,
2886 5036 2987 5089 hoc
3016 5037 3296 5106 gloriosius
3334 5045 3616 5106 tropaeum.
3660 5035 3806 5090 Nam

2204 5131 2310 5187 illic
2337 5139 2390 5184 et
2421 5127 2578 5183 funda
2623 5138 2676 5182 et
2701 5127 2963 5197 lapidibus
3001 5136 3056 5182 et
3095 5128 3207 5182 acie
3238 5127 3467 5182 habebat
3503 5142 3636 5196 opus
3665 5145 3682 5181 :
3715 5129 3810 5183 hic

2204 5238 2333 5278 vero
2351 5231 2540 5276 cuncta
2569 5219 2844 5289 prudentia
2866 5220 3176 5288 rationeque
3201 5227 3410 5288 peracta
3431 5227 3571 5284 sunt,
3597 5233 3659 5273 ac
3681 5221 3811 5276 sine

2202 5313 2365 5368 armis
2404 5310 2624 5380 contigit
2666 5311 2887 5364 victoria
2912 5351 2926 5374 ,
2959 5317 3115 5380 atque
3164 5311 3499 5364 incruentum
3533 5319 3806 5379 tropzrnm

2203 5413 2438 5460 erectum
2483 5412 2585 5459 est.
2619 5403 2804 5472 Itaque
2849 5401 3006 5456 rediit
3049 5417 3155 5455 non
3201 5401 3414 5455 barbari
3457 5402 3596 5456 illius
3634 5412 3808 5469 caput

2201 5504 2415 5564 gestans
2440 5535 2454 5558 ,
2484 5493 2574 5547 sed
2597 5493 2757 5546 animi
2782 5492 3191 5546 commmionem
3232 5492 3466 5545 sedatam
3491 5530 3508 5557 ,
3534 5492 3627 5546 sed
3656 5491 3804 5546 iram

2201 5594 2506 5641 enervatam
2538 5601 2553 5638 :
2580 5600 2749 5654 neque
2780 5583 2895 5640 haec
2931 5584 3098 5652 spolia
3141 5584 3378 5653 reposuit
3399 5583 3756 5654 Jerosolymte
3779 5626 3800 5648 ,

2201 5678 2292 5733 sed
2323 5681 2372 5731 in
2412 5679 2582 5742 caelo,
2612 5678 2770 5746 inque
2811 5691 3039 5745 superna
3083 5675 3168 5730 illa
3213 5677 3444 5730 civitate.
3489 5675 3638 5730 Nunc
3682 5691 3801 5730 non

2200 5771 2422 5826 choreas
2451 5778 2666 5840 agentes
2687 5767 2900 5825 obviam
2925 5767 3207 5826 veniebant
3225 5767 3438 5826 femina:
3460 5768 3802 5839 excipientes
