4094 6256
487 342 588 398 689

489 452 648 507 αὐτὸν
677 448 980 517 δεχόμεναι,
1023 446 1158 500 ἀλλὰ
1187 446 1295 498 τῶν
1319 444 1563 512 ἀγγέλων
1589 444 1617 494 6
1654 443 1823 511 δῆμος
1845 443 2047 497 ἄνωθεν

488 533 790 603 ἐπεκρότει,
827 530 1092 598 ἀγάμενος
1120 527 1216 596 τὴν
1259 527 1576 594 φιλοσοφίαν
1630 527 1716 577 καὶ
1756 527 1854 594 τὴν
1878 526 2049 577 ἐπιεί-

489 634 663 671 κειαν.
715 613 968 680 Ἐπανῄει
1001 611 1108 679 γὰρ
1147 609 1224 678 τῷ
1260 608 1498 676 πολεμίῳ
1551 607 1718 677 μυρία
1765 607 2052 676 τραύματα

489 701 631 762 δοὺς,
658 696 747 748 τὸν
777 695 872 763 μὲν
901 691 1070 744 Σαοὺλ
1103 689 1392 752 διασώσας,
1416 689 1505 741 τὸν
1535 689 1589 740 δέ
1620 689 1832 758 ἀληθῶς
1862 689 2052 758 ἐχθρὸν

491 781 582 833 τὸν
612 777 850 831 διάϐολον
869 774 1084 836 πολλαῖς
1103 772 1509 838 κατακεντήσας
1525 782 1551 809 α
1567 769 1823 839 πληγαῖς.
1845 771 2054 840 ’Ὠσπερ

494 862 602 929 γάρ
628 857 995 929 ὀργιζομένων
1025 853 1180 924 ἡμῶν
1213 853 1304 906 καὶ
1353 851 1751 913 πυκτευόντων,
1784 851 1877 903 καὶ
1917 851 2055 921 πρὸς

494 941 752 1008 ἀλλήλους
771 936 1239 1007 συγκρουομένων,
1264 934 1442 1004 χαίρει
1468 950 1525 985 τε
1547 933 1640 985 καὶ
1662 932 1892 1001 γέγηθεν
1919 934 2056 985 ἐκεῖ-

493 1042 580 1085 νος
593 1024 642 1061 ιι·
663 1022 832 1084 οὕτως
856 1017 1237 1092 εἰρηνευόντων
1266 1017 1359 1068 καὶ
1385 1014 1770 1084 ὁμονοούντων,
1803 1014 1895 1066 καὶ
1922 1030 2058 1083 κρα-

492 1105 725 1156 τούντων
752 1103 939 1171 ὀργῆς,
980 1098 1327 1152 συστέλλεται
1363 1097 1524 1150 πάλιν
1559 1096 1654 1148 καί
1687 1093 2054 1159 ταπεινοῦται,

496 1185 645 1257 [762]
681 1185 775 1238 ἆτε
806 1183 997 1253 ἐχθρὸς
1019 1182 1240 1251 εἰρήνης
1268 1177 1364 1241 ὢν,
1389 1179 1482 1232 καὶ
1505 1177 1764 1248 πολέμιος
1787 1176 2054 1246 ὁμονοίας,

495 1271 587 1322 καὶ
619 1267 913 1338 βασκανίας
946 1265 1148 1332 πατήρ.
1193 1261 1368 1331 Ἐξῄει
1397 1260 1572 1313 τοίνυν
1607 1261 1634 1312 6
1675 1257 1856 1319 Δαυῒδ,
1881 1258 2060 1322 δεξιὰν

494 1355 592 1423 τῆς
615 1349 938 1419 οἰκουμένης
969 1347 1294 1416 ἀντίρροπον
1326 1344 1464 1412 ἔχων
1513 1341 1650 1411 μετά
1687 1342 1784 1423 τῆς
1817 1341 2060 1423 κεφαλῆς

495 1422 966 1500 ἐστεφανωμένην.
1041 1427 1306 1495 Καθάπερ
1354 1423 1463 1496 γὰρ
1525 1425 1618 1476 ἐπὶ
1675 1422 1782 1478 τῶν
1863 1422 2060 1492 ἄριστα

495 1514 892 1575 πυκτευόντων,
919 1511 1025 1580 πρὸ
1049 1510 1148 1578 τῆς
1185 1507 1423 1577 κεφαλῆς
1457 1508 1714 1564 πολλάκις
1741 1507 1788 1558 οί
1827 1505 2064 1574 βασιλεῖς

495 1599 593 1667 τὴν
653 1595 831 1658 δεξιὰν
881 1593 974 1646 τοῦ
1031 1591 1388 1653 πυκτεύοντος
1460 1591 1494 1659 ἢ
1563 1589 2063 1659 παγκρατιάζοντπ

499 1678 906 1746 ἐστεφάνωσαν
934 1675 1074 1728 οῦτω
1097 1675 1161 1744 δὴ
1196 1674 1287 1726 καὶ
1317 1673 1412 1743 τὴν
1445 1675 1600 1743 χεῖρα
1642 1673 1856 1742 ἐκείνην
1883 1673 1912 1724 6
1933 1672 2064 1733 Θεὸς

500 1759 814 1827 ἐστεφάνου,
845 1757 879 1827 ἡ
907 1757 967 1809 τὸ
1011 1756 1162 1824 ξίφος
1220 1757 1407 1824 ἴσχυσε
1445 1755 1685 1825 καθαρὸν
1737 1752 2062 1821 ἐξενεγκεῖν,

501 1847 593 1897 καὶ
621 1843 952 1913 ἀναίμακτον
990 1841 1067 1910 τῷ
1099 1841 1216 1912 Θεῴ
1265 1841 1431 1905 δεῖξαι
1479 1841 1578 1910 τὴν
1625 1840 1920 1911 μάχαιραν,
1972 1841 2066 1891 καὶ¹

500 1930 636 1998 πρὸς
654 1927 921 1996 τοσαύτην
942 1926 1258 1994 ἀντιστῆναι
1289 1925 1460 1994 θυμοῦ
1487 1923 1818 1994 ρύμην.οὐκ
1846 1922 2066 1992 ἐξῆλθεν

500 2010 638 2079 ἔχων
693 2010 752 2062 τὸ
805 2009 1036 2078 διάδημα
1083 2007 1176 2060 τοῦ
1232 2007 1433 2069 Σαοὺλ,
1490 2005 1604 2058 ἀλλ’
1658 2004 1878 2074 ἐξῆλθεν
1931 2004 2067 2073 ἔχων

505 2091 762 2157 στέφανον
783 2089 1157 2159 δικαιοσύνης·
1191 2089 1290 2141 οὐκ
1322 2087 1543 2158 ἐξῆλθεν
1597 2086 1734 2156 ἔχων
1765 2085 2069 2156 πορφυρίδα

503 2171 822 2242 βασιλικὴν,
876 2171 988 2225 ἀλλ’
1022 2170 1212 2240 ἐξῆλθε
1260 2167 1724 2240 περιϐεὸλημένος
1771 2167 2069 2220 ἐπιείκειαν

503 2253 932 2323 ὐπερϐαίνουσαν
991 2252 1339 2323 ἀνθρωπίνην
1393 2252 1574 2322 φύσιν,
1629 2250 1842 2320 ἱμάτιον
1890 2249 2070 2319 πάσης

505 2336 694 2405 στολῆς
719 2336 1112 2408 λαμπρότερον.

589 2427 838 2496 Ἐξῆλθεν
869 2427 975 2480 ἀπὸ
1001 2426 1096 2480 τοῦ
1135 2426 1400 2496 σπηλαίου
1431 2427 1569 2496 μετὰ
1601 2427 1870 2497 τοσαύτης
1915 2445 2070 2498 περι-

507 2518 750 2584 φανείας,
786 2517 901 2586 μεθ’
927 2519 1058 2587 ὅσης
1091 2518 1140 2569 οἱ
1172 2517 1356 2580 παῖδες
1381 2519 1429 2570 οἱ
1451 2519 1599 2587 τρεῖς
1631 2518 1738 2571 ἀπὸ
1773 2519 1874 2587 τῆς
1910 2519 2073 2588 καμί-

506 2627 620 2662 νου.
658 2607 922 2675 Καθάπερ
969 2608 1076 2678 γὰρ
1119 2608 1357 2670 ἐκείνους
1405 2609 1466 2660 οὐ
1505 2609 1810 2662 κατέκαυσε
1846 2610 1908 2662 τὸ
1940 2610 2071 2680 πῦρ,

507 2696 649 2750 οὕτω
683 2698 776 2749 καὶ
803 2696 1046 2766 τοῦτονή
1095 2698 1244 2766 πυρά
1289 2698 1390 2765 τῆς
1433 2698 1604 2766 ὀργῆς
1650 2699 1751 2751 οὐκ
1779 2699 2070 2770 ἐνέπρησε.

509 2789 798 2850 Κάκείνοις
824 2789 924 2857 μὲν
946 2788 1141 2852 ἔξωθεν
1165 2789 1224 2841 τὸ
1247 2788 1358 2859 πῦρ
1383 2788 1604 2858 ὁμιλοῦν
1631 2789 1780 2843 οὐδὲν
1799 2787 2086 2862 ἐποίησενί

507 2871 662 2938 οὗτος
687 2877 744 2929 δέ
768 2876 978 2930 ἔνδοθεν
1005 2877 1143 2946 ἔχων
1170 2877 1296 2941 τοὺς
1317 2877 1594 2948 ἄνθρακας
1623 2879 1962 2950 καιομένους,
1981 2884 2074 2934 καὶ

507 2965 598 3018 τὸν
630 2965 874 3019 διάϐολον
923 2966 1120 3032 ἔξωθεν
1165 2968 1307 3038 ὀρῶν
1336 2968 1434 3038 τὴν
1460 2970 1687 3039 κάμινον
1727 2971 2073 3041 ὐποκαίοντα,

508 3057 615 3109 ἀπὸ
663 3057 762 3125 τῆς
797 3057 972 3126 ὅψεως
1009 3058 1102 3110 τοῦ
1152 3058 1369 3128 ἐχθροῦ,
1409 3060 1517 3112 ἀπὸ
1561 3059 1659 3129 τῆς
1705 3063 2076 3134 παραινέσεως

507 3145 615 3199 τῶν
663 3148 1036 3217 στρατιωτῶν,
1090 3150 1196 3202 ἀπὸ
1228 3151 1327 3220 τῆς
1381 3150 1630 3214 εὐκολίας
1679 3152 1777 3221 τῆς
1807 3152 1949 3206 κατά
1980 3155 2077 3225 τὴν

511 3237 744 3306 σφαγὴν,
774 3237 880 3290 ἀπὸ
907 3237 1008 3307 τῆς
1038 3239 1270 3309 ἐρημίας
1287 3240 1391 3292 τῶν
1427 3240 1822 3311 βοηθησόντων,
1843 3244 1952 3296 ἀπὸ
1979 3245 2080 3314 τῆς

509 3327 734 3395 μνήμης
758 3327 864 3379 τῶν
917 3327 1320 3396 παρελθόντων,
1356 3329 1463 3381 ἀπὸ
1506 3331 1606 3399 τῆς
1635 3329 1744 3382 τῶν
1781 3332 2079 3401 μελλόντων

515 3417 751 3483 ἀγωνίας
777 3417 893 3486 (καὶ
915 3417 1023 3488 γὰρ
1045 3417 1204 3470 τοῦτο
1235 3418 1578 3488 κληματίδος,
1613 3421 1707 3472 καὶ
1737 3422 1957 3492 πίσσης,
1987 3423 2081 3477 καὶ

518 3508 806 3574 στυππίου,
841 3509 934 3560 καὶ
953 3509 1168 3562 πάντων
1184 3509 1293 3561 τῶν
1309 3511 1407 3580 τὴν
1443 3511 1786 3565 Βαδυλωνίαν
1809 3513 2079 3568 ἀναπτόν-

513 3617 620 3650 των
675 3598 903 3668 κάμινον
959 3596 1345 3670 λαμπροτέραν
1400 3600 1567 3670 ἀνῆγε
1617 3601 1714 3672 τὴν
1761 3603 1956 3673 φλόγα)
1983 3605 2082 3657 οὐκ

517 3692 846 3763 ἐνεπρήσθη,
893 3693 1018 3744 ὀὐδὲ
1059 3692 1226 3746 ἔπαθέ
1272 3709 1327 3745 τι
1371 3693 1630 3758 τοιοῦτον,
1659 3689 1768 3748 οἷον
1806 3695 1951 3757 είκὸς
1991 3691 2080 3767 ἦν,

518 3783 631 3837 ἀλλ’
659 3779 1124 3853 ἐξῆλθεκαθαρὸς,
1141 3784 1232 3835 καὶ
1265 3781 1387 3836 ἰδὼν
1411 3781 1503 3834 τοῦ
1531 3783 1790 3853 πολεμίου
1813 3785 1910 3855 τὴν
1935 3784 2078 3854 ὄψιν,

517 3871 765 3925 ἐντεῦθεν
823 3872 1055 3943 μάλιστα
1106 3872 1514 3942 ἐφιλοσόφησεν.
1578 3871 1721 3924 Ἰδὼν
1767 3871 1876 3943 γὰρ
1922 3873 2083 3926 αὐτὸν

514 3960 842 4013 καθεύδοντα
878 3961 972 4012 καὶ
1000 3960 1254 4029 ἀκίνητον
1289 3960 1520 4030 μένοντα
1543 4001 1558 4026 ,
1614 3960 1709 4014 καὶ
1746 3960 1895 4014 οὐδὲν
1926 3961 2084 4015 δυνά·

517 4068 674 4120 μενον
701 4052 1054 4121 ἐργάσασθαι,
1086 4051 1220 4122 πρὸς
1239 4051 1428 4104 ἐαυτὸν
1449 4047 1564 4104 εἷπε
1584 4068 1597 4081 ·
1619 4051 1728 4104 Ποῦ
1749 4051 1842 4104 νῦν
1864 4053 1892 4103 6
1915 4052 2084 4123 θυμὸς

516 4145 761 4206 ἑκεῖνος;
813 4142 916 4194 ποῦ
961 4142 1018 4193 δὲ
1063 4142 1097 4211 ἡ
1143 4141 1407 4210 πονηρίας
1460 4140 1563 4192 ποῦ
1614 4141 1670 4193 δέ
1723 4145 1777 4194 αἱ
1825 4143 2080 4198 τοσαῦται

521 4235 850 4302 μαγγανεῖαι
899 4233 992 4284 καὶ
1043 4230 1365 4296 ἐπιϐουλαί;
1417 4231 1632 4300 Οῖχεται
1683 4231 1863 4284 πάντα
1899 4234 2081 4288 ἐκεῖνα

517 4324 614 4374 καὶ
646 4322 921 4374 ἀπόλωλεν
975 4319 1142 4372 ὕπνου
1195 4321 1368 4390 μικρᾷ
1413 4320 1705 4391 προσϐολῇ,
1759 4323 1853 4376 καὶ
1907 4327 2082 4380 κεῖται

519 4412 799 4482 δεδεμένος
848 4413 876 4463 6
933 4409 1182 4480 βασιλεὺς
1225 4449 1240 4474 ,
1296 4411 1446 4464 οὐδὲν
1498 4412 1654 4482 ήμῶν
1701 4415 1830 4484 περὶ
1879 4417 2083 4469 τούτων

521 4501 988 4572 βουλευσαμένων.
1012 4501 1130 4554 οὐδὲ
1155 4501 1497 4570 πραξάντων.
1538 4503 1716 4576 Ἐώρα
1734 4506 2081 4572 καθεύδοντα,

519 4595 616 4647 καὶ
657 4595 786 4663 περὶ
829 4592 922 4646 τοῦ
973 4592 1151 4646 κοινοῦ
1207 4594 1425 4647 πάντων
1467 4595 1775 4664 ἐφιλοσόφει
1833 4598 2084 4653 θανάτου.

420 4685 432 4692 ’
522 4684 726 4746 ’Ύπνος
747 4683 852 4754 γὰρ
867 4683 1018 4736 οὐδὲν
1033 4683 1218 4754 ἕτερόν
1241 4686 1406 4747 ἐστιν,
1431 4685 1462 4754 ἢ
1489 4685 1716 4750 θάνατος
1731 4688 2082 4769 πρόσκαιρος,

521 4776 615 4828 καὶ
649 4775 922 4845 ἐφήμερος
954 4775 1197 4846 τελευτή.
1240 4776 1354 4829 Οὐκ
1395 4778 1460 4830 ἄν
1488 4795 1569 4841 τις
1603 4778 1844 4850 ἀκαίρως
1878 4783 1970 4834 καὶ
1993 4782 2085 4834 τοῦ

522 4866 718 4935 Δανιὴλ
751 4865 982 4918 ἐνταῦθα
1020 4866 1413 4936 ἀναμνησθείη.
1459 4867 1728 4940 Καθάπερ
1753 4871 1861 4940 γὰρ
1883 4872 2086 4934 ἐκεῖνος

523 4956 804 5010 ἀνέϐαινεν
833 4956 939 5009 ἀπὸ
972 4956 1066 5009 τοῦ
1104 4956 1328 5020 λάκκου,
1358 4958 1467 5010 τῶν
1506 4959 1706 5030 θηρίων
1737 4963 2088 5032 περιγενόμε-

525 5067 632 5114 νος⁸
669 5049 810 5101 οῦτω
848 5049 939 5100 καὶ
968 5041 1120 5112 οὗτος
1166 5049 1271 5102 ἀπὸ
1302 5048 1394 5100 τοῦ
1425 5049 1710 5118 σπηλαίου,
1747 5052 1949 5122 θηρίων
1974 5054 2088 5106 ἐτέ-

527 5161 634 5214 ρων
661 5139 1054 5212 χαλεπωτέρων
1095 5141 1395 5210 κρατήσας.
1424 5140 1629 5210 Ὤσπερ
1659 5142 1766 5210 γὰρ
1790 5143 1868 5211 τῷ
1895 5143 2087 5212 δικαίῳ

525 5237 716 5305 ἐκείνῳ
741 5233 951 5294 λέοντες
979 5231 1315 5300 ἑκατέρωθεν
1359 5231 1738 5299 παρεκάθηντο
1757 5271 1772 5297 ,
1818 5231 1958 5286 οὕτω
1994 5235 2087 5287 καὶ

523 5327 698 5398 τούτῳ
741 5326 951 5387 λέοντες
980 5320 1307 5392 ἀγριώτεροι
1345 5320 1582 5385 πάντων,
1614 5322 1682 5376 τά
1708 5323 1852 5393 πάθη
1904 5325 2085 5376 ἐπετί-

552 5625 558 5632 ·
594 5603 1001 5666 αΚατακεντήσας
1033 5601 1192 5665 Regii,
1233 5601 1412 5651 melius
1447 5614 1591 5662 quam
1625 5601 1794 5653 Morel.
1820 5603 1903 5666 qui
1939 5605 2088 5656 habet

529 5665 882 5719 κατακοντίσας.

593 5724 622 5764 b
644 5725 804 5781 Χαίρει
828 5741 878 5772 τε
902 5742 981 5772 και
1001 5724 1188 5781 τέθηλεν
1207 5724 1396 5779 ἐκεῖνος.
1422 5723 1502 5774 Sic
1523 5721 1680 5784 Regii.

1233 333 1288 388 S.
1328 331 1610 387 JOANNIS
1647 331 2132 389 CIIRYSOS'I'OMI
2170 330 2487 388 ARCIIIEP.
2530 324 3073 385 CONSTANTINOP.

3605 327 3711 384 690

2159 442 2356 493 θετοεο
2395 442 2560 508 θυμὸς
2593 440 2700 491 τῶν
2751 437 3126 507 παρελθόντων
3175 433 3346 498 ἔνθεν,
3398 436 3560 505 φόϐος
3611 437 3721 493 τῶν

2161 531 2454 600 μελλόντων
2488 529 2724 582 ἐκεῖθενο
2755 530 2868 581 ἀλλ’
2899 529 3045 597 ὅμως
3077 527 3362 596 ἀμφότερα
3393 521 3548 590 οὗτος
3595 544 3723 582 κατ.

2158 621 2370 674 έστελλε
2405 621 2498 673 καὶ
2527 618 2848 689 ἐπεστόμιζε
2893 619 2962 670 τὰ
2998 617 3183 687 θηρία,
3211 617 3474 670 διδάσκων
3501 616 3590 670 διά
3616 619 3726 673 τῶν

2159 712 2354 783 ἔργων,
2394 712 2474 764 δτι
2529 710 2680 763 οὐδὲν
2729 708 3127 778 ἀσφαλέστερον
3170 708 3264 760 τοῦ
3312 708 3587 775 φείδεσθαι
3615 710 3725 763 τῶν

2159 801 2388 871 ἐχθρῶν,
2423 801 2542 854 οὐδέ
2574 800 2982 870 σφαλερώτερον
3015 798 3108 851 τοῦ
3154 798 3438 868 βούλεσθαι
3484 801 3726 855 ἐκδικεῖν

2161 891 2348 945 ἐαυτὸν
2380 892 2474 944 καὶ⁸
2497 889 2816 960 ἀμύνεσθαι.
2853 889 2913 940 '0
2937 888 3066 955 γοῦν
3095 887 3373 956 βουληθεὶς
3399 887 3725 955 ἐπεξελθεῖν,

2163 981 2310 1053 [765]
2335 981 2538 1052 γυμνὸς
2556 981 2650 1033 καὶ
2677 979 2874 1042 ἄοπλος
2896 980 2988 1032 καὶ
3009 979 3222 1032 πάντων
3245 977 3464 1048 ἔρημος,
3479 978 3730 1050 καθάπερ

2161 1072 2505 1143 αἰχμάλωτος
2530 1070 2873 1139 παραδοθεὶς,
2891 1069 3062 1130 οὓτως
3084 1067 3259 1120 ἔκειτο
3281 1085 3292 1097 ο
3321 1069 3348 1119 6
3368 1068 3421 1120 δέ
3456 1069 3616 1120 εἴκων
3635 1069 3730 1122 καὶ

2165 1161 2507 1232 παραχωρῶν
2539 1159 2828 1229 πανταχοῦ,
2861 1157 2954 1211 καὶ
2999 1157 3131 1227 μηδέ
3176 1157 3397 1218 δικαίως
3427 1157 3732 1220 ἐπεξελθεῖν

2165 1251 2436 1320 ἐλόμενος,
2498 1248 2665 1318 χωρὶς
2725 1243 3130 1316 μηχανημάτων
3152 1283 3168 1307 ,
3232 1245 3326 1297 καὶ
3378 1245 3583 1309 ὅπλων,
3639 1247 3736 1299 καὶ

2167 1341 2345 1392 ἵππων
2368 1380 2382 1404 ,
2426 1339 2521 1392 καὶ
2559 1334 2938 1405 στρατιωτῶν,
2982 1335 3074 1386 τὸν
3127 1333 3384 1403 πολέμιον
3427 1335 3506 1396 είς
3547 1337 3735 1404 χεῖρας

2167 1429 2438 1500 ἐλάμϐανε
2458 1443 2472 1458 ⁸
2503 1427 2597 1480 καὶ⁵
2616 1427 2644 1479 ὃ
2676 1425 2740 1498 δὴ
2777 1423 2958 1495 μεῖζον
2987 1425 3241 1478 ἁπάντων
3267 1419 3356 1494 ῆν,
3381 1424 3470 1477 τὸν
3497 1424 3624 1478 Θεὸν
3653 1429 3737 1488 εἰς

2168 1519 2388 1573 πλείονα
2414 1518 2626 1571 εὔνοιαν
2648 1517 3020 1572 ἐπεσπάσατο.

2238 1613 2306 1674 γ’.
2323 1606 2396 1659 Οὐ
2414 1605 2520 1674 γάρ
2535 1603 2624 1656 διὰ
2643 1602 2800 1656 τοῦτο
2818 1601 3106 1672 μακαρίζω
3119 1601 3209 1656 τὸν
3227 1602 3380 1669 ἆγιον
3394 1603 3612 1667 ἐκεῖνον,
3637 1603 3737 1673 οὐχ

2169 1691 2248 1743 ὅτι
2284 1690 2373 1740 τὸν
2402 1688 2592 1756 ἐχθρὸν
2626 1685 2729 1738 ὐπὸ
2755 1686 2879 1747 τοὺς
2900 1684 3065 1746 πόδας
3095 1679 3202 1736 εῖδε
3231 1687 3358 1748 τοὺς
3387 1683 3582 1736 ἐαυτοῦ
3621 1685 3736 1737 κεί-

2173 1789 2353 1842 μενον,
2377 1769 2491 1823 ἀλλ’
2521 1770 2602 1822 ὅτι
2634 1770 2714 1830 είς
2755 1770 2944 1836 χεῖρας
2986 1765 3164 1819 λαϐὼν
3208 1767 3481 1834 ἐφείσατο.
3531 1765 3602 1818 Τὸ
3635 1766 3735 1834 μὲν

2171 1853 2278 1925 γὰρ
2301 1853 2400 1922 τῆς
2422 1850 2516 1904 τοῦ
2537 1850 2673 1904 Θεοῦ
2699 1849 2980 1918 δυνάμεως
3003 1847 3162 1917 ἔργον
3179 1843 3268 1918 ἦν,
3292 1849 3352 1900 τὸ
3370 1849 3427 1900 δὲ
3448 1851 3548 1918 τῆς
3572 1847 3736 1900 αὐτοῦ

2173 1933 2512 2004 φιλοσοφίας.
2563 1932 2687 1999 Πῶς
2720 1927 2788 2001 ἦν
2819 1930 2966 1993 εἰκὸς
3008 1929 3194 1982 λοιπὸν
3232 1932 3358 1992 τοὺς
3406 1931 3739 1999 στρατιώτας

2172 2018 2362 2086 ἐκείνῳ
2391 2015 2674 2085 προσέχειν
2697 2031 2712 2080 ;
2745 2012 2862 2082 μεθ’
2895 2013 3025 2081 ὅσης
3050 2012 3257 2074 εὐνοίας
3280 2011 3575 2065 διακεῖσθαι
3603 2011 3739 2080 πρὸς

2173 2101 2359 2164 αὐτόν;
2391 2101 2453 2152 Et
2485 2099 2594 2168 γάρ
2630 2096 2831 2167 μυρίας
2859 2090 3004 2163 εἶχον
3046 2094 3243 2163 ψυχὰς,
3275 2094 3373 2145 οὐκ
3403 2093 3469 2146 ἂν
3509 2093 3741 2161 ἑτοίμως

2175 2183 2390 2244 ἁπάσας
2417 2179 2698 2234 ἐπέδωκαν
2726 2177 2867 2247 ὑπὲρ
2897 2176 2992 2228 τοῦ
3029 2175 3356 2246 στρατηγοῦ,
3379 2175 3525 2246 ἔργῳ
3548 2174 3740 2244 μαθόν-

2174 2283 2264 2328 τες
2284 2267 2342 2317 ἐν
2377 2267 2442 2334 τῇ
2477 2261 2570 2316 τοῦ
2601 2259 2857 2330 πολεμίου
2893 2259 3187 2329 κηδεμονίᾳ
3213 2259 3310 2329 τὴν
3351 2259 3479 2328 περὶ
3514 2259 3640 2320 τοὺς
3663 2259 3743 2309 οξ-

2178 2348 2355 2411 κείους
2372 2345 2616 2411 εὐνοιαν;
2651 2345 2710 2396 Ὀ
2734 2343 2843 2414 γὰρ
2869 2342 2998 2412 περὶ
3023 2343 3146 2406 τοὺς
3179 2341 3548 2413 λελυπηκότας
3572 2342 3744 2410 πρᾶος

2178 2433 2272 2484 καὶ
2296 2432 2404 2500 ῆμε
2412 2447 2501 2498 ρος
2523 2427 2617 2492 ὢν,
2649 2427 2829 2496 πολλῷ
2858 2425 3057 2494 μᾶλλον
3077 2441 3144 2477 πε
3151 2426 3205 2495 ρὶ
3223 2425 3350 2487 τοὺς
3364 2423 3618 2486 εὐνοϊκῶς
3636 2423 3743 2476 δια·

2178 2513 2459 2581 κειμένους
2497 2509 2668 2572 οὕτως
2706 2508 2896 2578 ἔμελλε
2932 2506 3262 2560 διακεῖσθαι·
3311 2507 3341 2559 ὃ
3383 2506 3448 2577 δὴ
3494 2506 3742 2576 μέγιστον

2180 2595 2431 2663 ἐνέχυρον
2457 2591 2756 2659 ἀσφαλείας
2778 2585 2846 2661 ἦν
2866 2589 3033 2659 αὐτῷ.
3053 2589 3167 2640 Οὐκ
3195 2588 3534 2657 εὐνούστεροι
3563 2587 3618 2639 δὲ
3645 2585 3740 2655 μό-

2178 2695 2290 2736 νον.
2309 2677 2443 2729 ἀλλά
2455 2675 2550 2729 καὶ
2563 2673 2960 2744 προθυμότεροι
2984 2688 3052 2723 πε
3061 2671 3111 2740 ρὶ
3126 2670 3252 2733 τοὺς
3275 2670 3562 2740 πολεμίους
3581 2665 3738 2737 ἦσαν,

2180 2759 2379 2820 εἰδότες
2407 2759 2490 2810 δτι
2515 2756 2604 2810 τὸν
2625 2755 2756 2807 Θεὸν
2788 2755 3000 2824 ἔχουσιν
3027 2754 3164 2822 ὑπὲρ
3185 2752 3364 2806 αὐτῶν
3385 2751 3738 2821 πολεμοῦντα,

2179 2842 2270 2894 τὸν
2310 2840 2395 2892 ἀεὶ
2428 2838 2671 2908 παρόντα
2711 2837 2789 2906 τῷ
2843 2833 3152 2906 στρατηγῷ,
3189 2835 3284 2886 καὶ
3335 2833 3404 2885 τά
3445 2834 3741 2903 πράγματα

2181 2923 2392 2976 ἅπαντα
2414 2920 2854 2990 ἐξευμαρίζοντα.
2893 2918 3000 2971 Καὶ
3025 2917 3102 2986 τῷ
3132 2916 3290 2968 Δαυῒδ
3338 2916 3414 2980 δέ,
3435 2917 3532 2984 οὐχ
3559 2916 3631 2978 ὡς
3651 2915 3741 2967 ἀν-

2183 3004 2383 3076 θρώπῳ
2424 3003 2628 3065 λοιπὸν,
2661 3002 2772 3054 ἀλλ’
2805 3001 2879 3064 ὡς
2910 3000 3128 3068 ἀγγέλῳ
3159 3000 3467 3068 προσεῖχον.
3496 2998 3606 3050 Καὶ
3638 2996 3742 3066 πρὸ

2181 3091 2278 3157 τῆς
2310 3085 2628 3147 ἀντιδόσεως
2662 3082 2756 3136 τοῦ
2796 3081 2930 3135 Θεοῦ
2977 3082 3200 3152 μείζονα
3239 3081 3331 3133 καὶ
3375 3079 3604 3132 ἐνταῦθα
3647 3077 3739 3131 τοῦ

2181 3169 2534 3231 διασωθέντος
2549 3167 2708 3230 αὐτὸς
2729 3165 3056 3237 ἐκαρποῦτο,
3070 3165 3164 3217 καὶ
3177 3163 3558 3234 λαμπροτέραν
3579 3163 3744 3232 ήρατο

2183 3252 2358 3320 νίκην,
2391 3251 2423 3322 ἦ
2457 3253 2505 3304 εί
2531 3249 2796 3303 κατέθυσε
2823 3248 2915 3302 τὸν
2944 3247 3136 3302 Σαούλ.
3169 3247 3233 3299 Τί
3262 3247 3372 3317 γὰρ
3406 3247 3473 3300 ἂν
3496 3246 3742 3300 τοσοῦτον

2183 3333 2437 3403 ἐκέρδανε
2464 3332 2671 3401 σφάξας
2704 3333 2794 3385 τὸν
2825 3330 3037 3401 ἐχθρὸν,
3069 3331 3192 3382 ὅσον
3237 3327 3595 3398 ἐκαρπώσατο
3625 3345 3742 3396 φει-

2185 3415 2414 3486 σάμενος
2439 3414 2566 3479 νῦν;
2616 3412 2786 3466 Τοῦτο
2815 3413 2994 3466 τοίνυν
3037 3411 3131 3464 καὶ
3161 3411 3224 3463 σὺ
3260 3410 3494 3478 λογίζου,
3531 3410 3747 3463 ἐπειδάν

2184 3498 2353 3568 λάϐῃς
2374 3497 2464 3549 τὸν
2503 3495 2842 3566 λελυπηκότα
2870 3511 2950 3556 σε,
2978 3495 3060 3547 ὅτι
3082 3492 3260 3562 πολλῷ
3294 3494 3476 3564 μεῖξον
3507 3495 3601 3545 καὶ
3623 3508 3748 3562 κερσ-

2183 3578 2514 3647 δαλεώτερον
2541 3576 2601 3629 τὸ
2635 3575 2922 3645 φείσασθαι
2952 3575 3046 3628 τοῦ
3071 3575 3394 3646 διαφθεῖραι.
3429 3575 3488 3628 ’0
3513 3575 3612 3644 μὲν
3640 3575 3747 3643 γάρ

2185 3659 2500 3728 διαφθείρας
2536 3659 2628 3710 καὶ
2663 3656 3072 3722 καταγνώσεται
3111 3657 3369 3718 πολλάκις
3400 3656 3615 3720 ἐαυτοῦ,
3653 3656 3748 3708 καί⁵

2187 3742 2420 3813 πονηρὸν
2445 3741 2554 3804 ἕξει
2573 3739 2832 3802 συνειδὸς,
2864 3739 2984 3792 καθ’
3004 3739 3239 3810 ἑκάστην
3265 3739 3474 3810 ἡμέραν
3491 3741 3585 3792 καὶ
3601 3739 3748 3809 ὥραν

2189 3824 2293 3877 ὑπὸ
2320 3825 2414 3894 τῆς
2444 3821 2713 3892 ἁμαρτίας
2740 3821 2952 3892 ἐκείνης
2970 3822 3294 3890 διωκόμενος
3315 3840 3328 3853 ι
3359 3822 3388 3872 6
3405 3821 3462 3872 δὲ
3492 3821 3749 3890 φεισάμε-

2190 3925 2276 3970 νος
2313 3909 2406 3960 καὶ
2442 3906 2634 3976 μικρὸν
2670 3907 3012 3976 καρτερήσας
3059 3905 3267 3975 χρόνον,
3315 3905 3573 3972 γάννυται
3614 3905 3752 3975 μετά

2187 3988 2356 4044 ταῦτα
2377 3989 2470 4042 καὶ
2489 3989 2690 4059 τρυφᾷ,
2717 3987 2958 4059 χρηστὰς
2985 3988 3269 4057 ἀναμένων
3286 3987 3524 4053 ἐλπίδας,
3542 3985 3752 4050 καὶτὰς

2188 4072 2419 4142 ἀμοιϐὰς
2457 4071 2555 4140 τῆς
2584 4071 2934 4136 ἀνεξικακίας
2963 4069 3112 4138 παρά
3140 4069 3231 4122 τοῦ
3260 4069 3392 4122 Θεοῦ
3418 4069 3748 4138 προσδοκῶν.

2188 4154 2298 4207 Καὶ
2328 4154 2380 4205 εἴ
2408 4169 2537 4206 ποτε
2570 4152 2855 4222 περιπέσοι
2882 4150 2990 4203 τινὶ
3008 4151 3186 4222 δεινῷ,
3227 4150 3363 4220 μετὰ
3389 4150 3588 4220 πολλῆς
3614 4151 3754 4220 παρο

2190 4236 2386 4305 ρησίας
2418 4235 2710 4302 ἀπαιτήσει
2736 4233 2826 4286 τὸν
2859 4233 2990 4285 Θεὸν
3033 4233 3130 4302 τὴν
3165 4234 3459 4286 ἀντίδοσιν⁹
3504 4232 3754 4301 καθάπερ

2188 4313 2280 4370 οὖν
2321 4317 2416 4370 καὶ
2447 4313 2600 4380 οὗτος
2631 4316 2882 4370 ἀπάντων
2924 4316 3204 4384 ἁπήλαυσε
3245 4316 3470 4378 τούτων,
3512 4313 3753 4383 μεγάλας

2190 4401 2284 4453 καὶ
2305 4399 2618 4468 θαυμαστάς
2644 4399 2742 4468 τῆς
2767 4399 2893 4469 περὶ
2909 4397 2996 4450 τὸν
3021 4397 3214 4468 ἐχθρὸν
3229 4397 3414 4450 τοῦτον
3433 4395 3754 4467 κηδεμονίας

2191 4480 2366 4534 λαϐὼν
2401 4480 2550 4551 παρὰ
2579 4479 2674 4532 τοῦ
2708 4480 2841 4532 Θεοῦ
2883 4480 2982 4542 τάς
3028 4479 3261 4550 ἀμοιϐάς
3311 4478 3554 4551 ὕστερον.
3593 4477 3754 4530 Ἀλλὰ

2191 4563 2298 4634 γάρ
2326 4563 2521 4633 ἴδωμεν
2558 4563 2651 4616 καὶ
2679 4563 2746 4616 τὰ
2789 4561 2927 4633 μετὰ
2958 4561 3147 4615 ταῦτα.
3195 4561 3303 4616 Καὶ
3333 4561 3551 4629 ἐξῆλθε
3576 4558 3756 4613 Δαυῒδ

2191 4647 2259 4700 ὲκ
2300 4645 2406 4699 τοῦ
2435 4645 2762 4711 σπηλαίου,
2795 4644 2978 4714 φησὶν,
3008 4644 3200 4696 ὀπίσω
3233 4644 3430 4698 Σαοὺλ
3462 4643 3559 4697 καί
3589 4643 3755 4707 ἐϐόη-

2192 4743 2303 4780 σεν
2334 4727 2524 4780 ὀπίσω
2555 4727 2762 4789 αὑτοῦ,
2798 4727 2951 4780 οὕτω
2974 4727 3168 4796 λέγων
3190 4739 3202 4752 ·
3234 4725 3412 4793 Κύριέ
3437 4743 3557 4794 μου
3578 4725 3758 4788 βασι-

2190 4810 2321 4864 λεῦ.
2341 4811 2444 4862 Καὶ
2464 4809 2760 4876 ἀνέϐλεψε
2781 4809 2980 4863 Σαοὺλ
3005 4810 3196 4862 ὀπίσω
3217 4808 3423 4873 αὑτοῦ,
3448 4807 3546 4860 καὶ
3567 4809 3763 4874 ἔκυψε·

2192 4893 2369 4945 Δαυΐὸ
2386 4891 2481 4944 ἐπὶ
2501 4891 2824 4957 πρόσωπον
2845 4891 3028 4944 αὐτοῦ
3055 4892 3153 4944 ἐπὶ
3173 4891 3287 4957 τὴν
3301 4889 3439 4960 γῆν,
3457 4890 3553 4943 καὶ
3575 4905 3756 4956 προσ-

2192 4976 2490 5038 εκύνησεν
2517 4971 2697 5036 αὐτῷ.
2742 4973 2922 5027 Ταῦτα
2947 4972 3038 5024 τοῦ
3088 4973 3257 5025 σῶσαι
3305 4973 3397 5025 τὸν
3432 4972 3622 5043 ἐχθρὸν
3656 4972 3758 5024 οὐκ

2193 5055 2447 5110 ἐλάττονα
2477 5054 2630 5124 φέρει
2664 5054 2886 5124 κόσμον.
2924 5054 3057 5107 Οὐδὲ
3087 5054 3195 5126 γὰρ
3223 5055 3322 5125 τῆς
3359 5055 3625 5125 τυχούσης
3654 5053 3759 5122 ψυ-

2191 5139 2293 5210 χῆς
2333 5135 2399 5208 ἦν
2428 5136 2488 5188 τὸ
2526 5137 2600 5206 μὴ
2631 5137 2938 5205 φυσηθῆναι
2965 5139 3081 5200 ταῖς
3117 5139 3195 5201 είς
3226 5137 3316 5190 τὸν
3351 5137 3576 5207 πλησίον
3604 5137 3761 5206 εὐερ-

2192 5221 2420 5288 γεσίαις,
2453 5217 2650 5289 μᾶλλον
2681 5217 2736 5269 δὲ
2765 5218 2823 5269 τὸ
2852 5217 2929 5286 μὴ
2967 5218 3028 5270 τὸ
3067 5219 3175 5271 τῶν
3210 5220 3421 5274 πολλῶν
3464 5218 3675 5281 παθεῖν,
3706 5219 3758 5271 οἳ

2194 5303 2441 5371 καθάπερ
2463 5299 2803 5370 ἀνδραπόδων
2819 5297 2868 5365 ἀ,
2893 5298 3064 5364 οὓτως
3088 5301 3395 5372 ὑπερορῶσι
3413 5301 3520 5354 τῶν
3538 5301 3762 5370 εὐεργε-

2256 5548 2279 5576 ο
2309 5545 2452 5612 Οὐτω
2475 5545 2554 5612 καὶ
2589 5543 2743 5612 τούτῳ
2778 5545 2978 5612 λέᾇνεων
3000 5549 3224 5612 ἀπάντων
3245 5549 3506 5612 ἀγριώτερα
3531 5547 3653 5604 πάθη
3677 5549 3760 5595 καὶ

2194 5607 2486 5668 δυνατώτερα
2514 5605 2763 5668 ἐπετίθετο.
2793 5607 2874 5656 Sic
2893 5607 3051 5668 Regii.

2200 5666 2578 5792 tegpgseiagunus
2600 5666 2879 5727 εὐεργεσίαις
2899 5666 3107 5731 καθάπερ
3127 5670 3449 5734 ἀνδραπόδων,
3473 5671 3666 5720 omissis
3683 5670 3766 5720 in—
