4094 6256
416 233 519 289 889

414 349 563 403 illum
590 362 713 404 cum
739 349 1003 415 laudibus,
1030 348 1124 404 sed
1151 348 1457 419 angelorum
1488 350 1711 419 populus
1730 366 1761 405 e
1784 350 1999 407 sublimi

414 440 787 510 applaudebat,
812 440 1080 495 admirans
1108 440 1223 510 ejus
1252 440 1640 509 philoSOphiam
1671 450 1725 495 et
1750 440 1995 494 humani-

417 538 601 583 tatem.
626 530 879 584 Ascendit
898 530 1039 583 enim
1063 529 1216 584 hoste
1240 529 1546 584 vulneribus
1569 531 1858 585 innumeris
1878 545 2000 584 sau-

412 620 553 673 ciato
575 658 591 684 ,
621 629 679 672 ut
707 620 795 688 qui
836 620 1041 673 tametsi
1069 628 1337 674 servasset
1362 619 1579 674 Saiilem
1600 661 1617 685 ,
1643 629 1820 674 tamen
1848 621 1996 674 illum

413 723 601 763 revera
628 708 833 764 hostem
861 708 1128 764 diabolum
1161 709 1339 763 multis
1366 708 1534 779 plagis
1574 708 1816 763 conﬁxit.
1848 708 1998 763 Sicut

411 799 557 853 enim
597 799 749 853 nobis
795 814 891 869 per
934 798 1259 854 iracundiam
1306 800 1444 855 inter
1472 814 1569 853 nos
1600 801 1993 869 pugnantibus,

411 901 466 961 et
490 901 672 947 mutuo
695 892 943 947 conﬂictu
971 893 1198 959 collisis,
1239 893 1327 948 ille
1358 904 1466 948 tum
1505 895 1737 963 gaudet,
1769 906 1878 951 tum
1908 898 1997 950 he-

412 988 595 1035 tatur:
626 981 697 1035 ita
742 981 894 1037 nobis
935 997 1119 1052 pacem
1162 992 1216 1037 et
1257 983 1597 1038 concordiam
1640 985 1991 1053 habentibus,

410 1071 649 1140 iramque
675 1072 1076 1127 moderantibus
1096 1113 1112 1139 ,
1144 1087 1328 1127 rursus
1357 1074 1688 1128 contrahitur
1710 1090 1773 1129 ac
1808 1075 1993 1144 dejici-

411 1170 512 1226 tur,
540 1162 790 1218 nimirum
822 1163 995 1219 hostis
1023 1164 1169 1234 pacis
1195 1174 1249 1219 et
1274 1165 1521 1220 inimicus
1558 1165 1857 1221 concordia:
1884 1205 1900 1231 ,
1941 1181 1995 1225 et

409 1253 620 1309 invidia
659 1264 829 1324 pater.
877 1255 1137 1325 Egressus
1178 1265 1265 1310 est
1308 1257 1466 1325 igitur
1509 1256 1671 1311 David
1695 1298 1711 1323 ,
1754 1258 1991 1311 dextram

407 1331 548 1399 illam
577 1347 736 1399 totius
763 1346 908 1401 orbis
928 1348 1098 1415 pretio
1120 1362 1300 1414 parem
1322 1348 1475 1401 simul
1500 1362 1619 1402 cum
1644 1348 1817 1416 capite
1836 1364 1990 1403 coro-

406 1446 584 1491 natam
609 1447 841 1506 gestans.
875 1438 1023 1491 Sicut
1050 1438 1191 1492 enim
1231 1452 1373 1507 saepe
1403 1438 1750 1506 Imperatores
1774 1453 1987 1505 eorum,

410 1529 501 1597 qui
532 1529 744 1598 egregie
778 1543 838 1583 se
868 1529 918 1582 in
949 1529 1180 1598 pugilum
1210 1531 1504 1585 certamine
1532 1541 1838 1599 gesserunt,
1865 1545 1990 1586 ante

402 1629 562 1688 caput
600 1630 860 1675 coronant
902 1620 1143 1675 dextram
1188 1631 1280 1676 aut
1322 1622 1514 1691 pugilis
1562 1630 1655 1676 aut
1698 1625 1991 1692 pancratia-

402 1718 501 1763 stre
527 1708 605 1781 (a)
639 1712 753 1765 :ita
796 1721 848 1767 et
889 1712 1029 1766 Deus
1071 1727 1285 1765 manum
1329 1713 1472 1767 illam
1517 1716 1833 1780 coronavit,
1867 1730 1987 1783 qua:

401 1802 631 1870 gladium
662 1817 850 1872 purum
877 1803 1109 1872 potuerit
1128 1803 1379 1871 educere,
1402 1820 1689 1874 ensemque
1714 1807 1821 1861 Deo
1847 1809 1990 1862 nullo

402 1890 657 1959 sanguine
696 1891 1114 1945 contaminatum
1135 1892 1419 1947 ostendere
1442 1934 1457 1956 ,
1484 1893 1712 1963 denique
1735 1895 1988 1951 adversus

403 1988 601 2033 tantam
630 1980 919 2036 iracundiae
963 1982 1252 2050 procellam
1291 1983 1561 2038 resistere.
1587 1984 1703 2039 Non
1743 2001 1988 2054 egressus

400 2077 482 2122 est
505 2077 719 2139 gestans
743 2070 918 2126 Saulis
946 2071 1189 2125 diadema
1211 2111 1227 2139 ,
1259 2071 1352 2126 sed
1378 2087 1625 2141 egressus
1653 2082 1737 2128 est
1774 2089 1987 2143 gestans

397 2178 649 2220 coronam
668 2165 919 2234 justitize;
942 2180 1054 2225 non
1081 2180 1328 2236 egressus
1351 2175 1434 2222 est
1459 2176 1673 2236 gestans
1698 2170 1841 2238 regis
1863 2185 1984 2238 pur.

398 2270 617 2325 paream
652 2268 874 2324 vestem,
906 2257 1001 2313 sed
1031 2272 1278 2327 egressus
1310 2266 1393 2312 est
1415 2258 1638 2313 amictus
1661 2258 1987 2315 humanitate

399 2355 641 2401 naturam
664 2346 948 2402 humanam
968 2355 1276 2419 superante,
1299 2345 1439 2417 quod
1463 2347 1678 2417 pallium
1699 2355 1782 2404 est
1802 2350 1986 2418 quavis

398 2436 535 2490 stola
563 2437 1005 2507 magniﬁcentius.

469 2530 673 2599 Confert
697 2529 940 2585 Davidem
967 2547 1079 2584 cum
1102 2531 1257 2584 tribus
1278 2533 1462 2600 pueris.
1484 2530 1635 2586 Nihil
1657 2534 1810 2587 tutius
1834 2550 1986 2602 quam

399 2638 604 2691 parcere
622 2622 846 2676 inimico.
862 2623 1212 2692 —-Egressus
1236 2632 1317 2677 est
1341 2640 1371 2677 e
1394 2623 1665 2693 spelunca,
1696 2633 1836 2678 tanta
1861 2639 1983 2678 cum

396 2714 596 2781 gloria,
634 2727 755 2767 cum
792 2720 989 2782 quanta
1016 2721 1122 2768 tres
1150 2714 1296 2781 pueri
1323 2715 1521 2782 egressi
1552 2722 1677 2767 sunt
1716 2729 1749 2768 e
1775 2713 1984 2768 camino

396 2803 636 2859 ardente.
683 2802 815 2858 Nam
845 2813 904 2860 ut
932 2803 1052 2858 illos
1084 2817 1190 2857 non
1235 2804 1436 2858 exussit
1466 2804 1602 2874 ignis
1622 2842 1639 2869 ,
1667 2804 1740 2858 ita
1772 2804 1857 2859 hic
1876 2819 1981 2859 non

398 2893 751 2961 conﬂagravit
778 2893 871 2945 ira:
903 2892 1168 2946 incendio.
1210 2892 1280 2946 Et
1319 2893 1420 2947 illis
1445 2894 1661 2961 quidem
1686 2894 1817 2948 foris
1850 2893 1983 2949 nihil

398 2982 566 3051 ignis,
593 2982 645 3035 in
670 2995 775 3050 quo
800 2981 1149 3036 versabantur
1165 3022 1179 3046 ,
1212 2986 1390 3036 nocuit
1408 2982 1429 3051 (
1448 2982 1583 3038 Dan.
1606 2984 1678 3053 5)
1708 3002 1722 3038 :
1746 2984 1830 3039 hic
1850 3000 1982 3039 vero

398 3086 520 3128 cum
550 3073 691 3127 intus
719 3072 940 3127 haberet
977 3072 1237 3127 carbones
1262 3087 1519 3128 accensos
1544 3115 1558 3139 ,
1591 3060 1711 3127 cum
1741 3073 1869 3129 foris
1899 3076 1978 3128 vi-

397 3164 547 3219 deret
566 3163 832 3219 diabolum
852 3162 1116 3217 caminum
1140 3162 1530 3227 incendentem,
1553 3164 1620 3217 ab
1640 3163 1836 3219 inimici
1857 3179 1984 3219 con-

396 3268 602 3327 spectu,
624 3256 692 3311 ab
709 3256 1078 3317 exhortatione
1097 3255 1343 3321 militum,
1366 3272 1394 3311 a
1414 3255 1660 3313 facilitate
1676 3256 1980 3325 perﬁciendi

403 3367 420 3401 ι
436 3350 629 3415 tndem,
644 3363 679 3403 a
704 3347 989 3404 solitudine
1007 3362 1189 3401 eorum
1211 3348 1299 3416 qui
1316 3348 1457 3401 Sauli
1480 3359 1698 3417 possent
1716 3348 1978 3410 auxiliari,

398 3453 426 3490 a
457 3439 847 3507 praeteritorum
879 3437 1131 3491 memoria
1158 3478 1173 3501 ,
1217 3451 1246 3488 a
1288 3436 1585 3490 futurorum
1628 3438 1978 3506 periculorum

396 3530 540 3577 metu
572 3522 863 3591 (siquidem
897 3524 1010 3576 haec
1052 3530 1106 3576 et
1130 3521 1438 3585 sarmentis,
1469 3521 1615 3590 pice,
1652 3522 1891 3590 stipulis,
1919 3538 1981 3577 ac

395 3612 603 3668 caeteris
631 3611 905 3675 omnibus,
938 3612 1130 3681 quibus
1158 3613 1397 3666 caminus
1426 3612 1515 3667 ille
1544 3612 1864 3683 Babylonius
1901 3613 1980 3665 in-

397 3702 745 3766 cendebatur,
773 3702 1085 3755 lucidiorem
1107 3702 1409 3755 excitabant
1434 3702 1773 3771 ﬂammam),
1803 3712 1977 3756 tamen

398 3809 505 3849 non
541 3793 740 3849 exarsit
768 3793 955 3857 David,
983 3806 1158 3860 neque
1182 3792 1288 3845 ullo
1325 3800 1479 3859 pacto
1505 3793 1581 3846 sic
1611 3792 1709 3845 fuit
1734 3792 1974 3855 aﬂectus,

397 3894 456 3940 ut
478 3892 893 3942 consentaneum
920 3890 1036 3936 erat
1058 3896 1178 3937 eum
1203 3880 1341 3936 efﬁci
1367 3900 1379 3935 :
1405 3881 1497 3935 sed
1521 3882 1683 3935 exivit
1713 3897 1896 3951 purus,
1927 3891 1981 3937 et

397 3978 619 4033 intuitus
643 3975 843 4031 inimici
865 3974 1075 4040 faciem,
1100 3973 1225 4029 hinc
1243 3975 1473 4029 maxime
1496 3976 1721 4043 sumpsit
1744 3976 1978 4030 animum

398 4071 588 4126 fortem
634 4084 698 4125 ac
739 4066 1185 4139 phil050phicum.
1231 4064 1365 4120 Cum
1412 4067 1555 4120 enim
1587 4066 1793 4121 videret
1830 4067 1980 4121 illum

396 4161 673 4223 dormire,
715 4174 778 4213 ac
806 4173 1023 4213 manere
1069 4158 1437 4222 immobilem,
1480 4172 1652 4227 neque
1693 4158 1977 4227 quidquam

398 4263 555 4317 posse
583 4247 779 4314 facere,
809 4262 907 4303 suo
936 4262 1055 4303 cum
1086 4249 1263 4301 animo
1291 4247 1540 4312 loquutus
1561 4255 1643 4302 est
1672 4263 1686 4300 :
1718 4248 1804 4302 ubi
1838 4262 1978 4302 nunc

396 4341 486 4396 ille
510 4340 692 4395 furor?
713 4339 800 4395 ubi
823 4339 907 4393 illa
940 4339 1171 4393 malitia?
1192 4338 1277 4393 ubi
1301 4345 1377 4391 tot
1394 4339 1623 4405 technae,
1648 4347 1725 4393 tot
1746 4339 1977 4394 insidiie?

398 4430 655 4486 Abierunt
673 4432 848 4486 omnia
873 4431 984 4493 illa,
1011 4430 1385 4499 perieruntque
1405 4430 1578 4499 exigui
1601 4430 1771 4485 somni
1800 4430 1977 4485 incur-

396 4538 497 4575 su:
522 4522 663 4590 jacet
686 4523 931 4591 alligatus
958 4535 1083 4587 rex,
1116 4534 1236 4573 cum
1278 4519 1409 4574 nihil
1442 4520 1629 4575 horum
1662 4536 1760 4575 nos
1804 4536 1974 4591 neque

393 4612 821 4682 cogitaverimus,
846 4626 1014 4679 neque
1033 4610 1429 4679 perfecerimus.
1443 4610 1815 4680 Conspiciebat
1830 4612 1973 4665 illum

395 4705 834 4768 dorm.entem,ac
848 4703 913 4757 de
928 4710 1097 4755 morte
1110 4701 1353 4755 omnibus
1367 4702 1631 4755 communi
1647 4701 1981 4770 philosopha-

395 4795 571 4850 batur.
611 4792 841 4849 Somnus
872 4792 1012 4847 enim
1034 4790 1163 4844 nihil
1189 4790 1330 4845 aliud
1351 4802 1453 4852 est.
1477 4806 1636 4860 quam
1664 4807 1807 4846 mors
1843 4802 1978 4847 tein-

404 4884 613 4955 poraria
637 4925 653 4950 ,
685 4892 738 4939 et
760 4880 1096 4953 quotidianus
1137 4882 1401 4936 interitus.
1432 4882 1581 4936 Haud
1605 4882 1977 4951 intempestive

396 4976 515 5046 quis
553 4974 638 5029 hic
678 4973 980 5028 meminerit
1019 4973 1179 5026 etiam
1220 4971 1471 5027 Danielis.
1519 4972 1973 5038 Quemadmodum

397 5068 539 5122 enim
560 5066 649 5123 ille
667 5064 905 5121 ascendit
924 5078 952 5118 a
975 5064 1090 5119 lacu
1118 5063 1378 5133 superatis
1399 5063 1525 5119 feris
1551 5065 1790 5119 leonibus
1811 5064 1971 5133 (Dan.

399 5162 509 5229 M)
542 5203 556 5228 ,
590 5161 662 5215 ita
691 5169 746 5216 et
785 5160 872 5215 hic
910 5175 940 5215 e
975 5174 1141 5229 specu
1185 5158 1417 5228 prodiit,
1444 5157 1559 5212 aliis
1597 5157 1779 5212 bestiis
1823 5158 1977 5228 longe

398 5251 710 5307 stevioribus
748 5250 993 5305 devictis.
1022 5249 1152 5304 Nam
1192 5249 1332 5303 sicut
1366 5249 1509 5319 justo
1536 5248 1611 5302 illi
1646 5248 1828 5303 leones
1853 5248 1976 5302 hinc

401 5353 559 5415 atque
586 5344 710 5400 hinc
734 5342 1056 5410 assidebam,
1088 5344 1158 5396 ita
1188 5341 1328 5396 hunc
1356 5340 1597 5395 omnibus
1621 5340 1866 5395 leonibus
1894 5340 1972 5393 ei-

484 5521 534 5582 a)
569 5521 899 5584 Pancratiastte
923 5524 1062 5584 erant
1083 5517 1251 5584 quiin
1276 5513 1527 5584 pentathlo
1564 5526 1655 5584 seu
1678 5516 1726 5563 in
1762 5513 1977 5584 quinque

400 5574 529 5633 ludis
554 5584 761 5631 victores
782 5582 993 5641 fuerant,
1017 5580 1081 5641 de
1101 5574 1292 5641 quibus
1306 5577 1442 5641 ludis
1474 5574 1694 5641 pluribus
1717 5574 1909 5641 egimus
1931 5575 1979 5623 in

402 5641 528 5694 libro
545 5644 607 5697 de
622 5644 925 5709 Antiquitate
949 5637 1288 5705 explanatione
1306 5648 1357 5691 et
1379 5637 1705 5690 schematibus
1724 5637 1974 5687 illustrata.

1441 235 1534 289 DE
1577 234 1828 290 DAVIDE
1868 232 1956 289 ET
1994 235 2219 293 SAULE
2260 237 2531 298 HOMILIA
2577 245 2641 300 ll.

2105 350 2384 410 feratiorcs
2409 371 2471 411 ac
2493 359 2775 415 validiores
2801 364 2960 418 animi
2986 374 3161 421 motus
3186 366 3494 424 invaserunt
3524 389 3535 424 :
3562 372 3685 427 hinc

2106 442 2397 513 indignatio
2427 448 2493 502 de
2524 453 2827 519 praeteritis,
2860 454 3004 510 illinc
3024 456 3316 514 futurorum
3346 473 3518 518 metus
3543 480 3557 517 :
3590 480 3685 519 ve-

2104 552 2223 591 rum
2253 540 2442 594 horum
2470 551 2749 613 utrumque
2779 545 2863 600 hic
2887 550 3140 617 coercuit,
3173 566 3262 605 ora
3292 553 3475 608 bestiis
3501 553 3684 611 occlu-

2104 626 2255 693 dens,
2287 629 2416 697 ipsis
2446 630 2593 687 factis
2617 633 2814 688 docens
2834 677 2849 699 ,
2873 636 3004 691 nihil
3033 653 3151 694 esse
3180 643 3339 696 tutius
3368 660 3527 714 quam
3556 662 3681 714 par-

2103 733 2227 773 cere
2250 722 2486 785 inimico,
2518 733 2701 778 contra
2733 726 2861 779 nihil
2891 728 3257 795 periculosius,
3280 748 3436 800 quam
3465 750 3522 788 se
3543 736 3681 789 velle

2102 802 2281 856 ulcisci
2304 818 2365 857 ac
2391 806 2673 860 vindictam
2695 822 2925 863 sumere.
2956 811 3104 866 Alter
3130 814 3286 880 igitur
3309 816 3396 883 qui
3425 826 3682 872 statuerat

2102 891 2352 947 invadere
2374 935 2390 960 ,
2423 896 2593 949 nudus
2636 907 2689 951 et
2730 898 2947 954 inermis
2972 940 2985 965 ,
3015 903 3365 972 omnibusque
3392 905 3679 963 destitutus

2102 982 2308 1036 auxiliis
2330 998 2433 1037 non
2456 984 2610 1039 aliter
2628 1001 2785 1055 quam
2808 991 3045 1056 captivus
3068 992 3119 1044 in
3143 1007 3329 1046 manus
3351 994 3547 1049 inimici
3570 1006 3679 1049 tra—

2100 1070 2240 1124 ditus
2276 1072 2485 1140 jacebat
2517 1091 2529 1126 :
2563 1074 2647 1129 hic
2686 1092 2813 1130 vero
2856 1078 2979 1131 dum
3028 1081 3212 1147 cedit,
3260 1092 3314 1136 et
3352 1083 3547 1152 ubique
3589 1084 3680 1139 dat

2099 1160 2293 1228 locum,
2321 1162 2549 1232 dumque
2576 1180 2641 1219 ne
2664 1165 2806 1234 juste
2830 1168 3041 1236 quidem
3079 1171 3190 1225 vult
3210 1188 3396 1226 manus
3423 1175 3677 1243 injicere,

2098 1252 2213 1307 sine
2238 1253 2517 1319 machinis,
2550 1256 2665 1310 sine
2690 1260 2853 1312 armis
2872 1300 2886 1323 ,
2920 1262 3035 1316 sine
3061 1264 3295 1332 equitatu
3313 1307 3327 1327 ,
3356 1266 3474 1320 sine
3499 1267 3681 1319 militi-

2097 1343 2213 1407 bus,
2246 1346 2449 1399 hostem
2481 1346 2529 1397 in
2563 1354 2880 1413 potestatem
2911 1365 3059 1404 suam
3083 1354 3323 1421 accepit;
3354 1363 3406 1408 et
3430 1355 3569 1423 quod
3596 1364 3680 1409 est

2096 1434 2331 1487 omnium
2362 1435 2682 1499 maximum,
2718 1437 2881 1490 Deum
2922 1454 3043 1509 erga
3085 1455 3143 1495 sc
3184 1442 3677 1501 benevolentiorem

2096 1523 2346 1579 reddidit.

2164 1616 2217 1668 5.
2253 1618 2453 1683 Quanta
2490 1620 2788 1690 lucrifecerit
2826 1622 3019 1689 David,
3060 1635 3253 1678 servato
3285 1626 3459 1681 Sat‘tle.
3510 1629 3674 1684 Multo

2094 1708 2259 1777 majus
2288 1726 2491 1777 parcere
2515 1727 2666 1779 quam
2701 1714 2923 1780 perdere.
2954 1744 3024 1753 —
3051 1715 3164 1769 Non
3192 1717 3331 1770 enim
3360 1732 3425 1772 eo
3452 1718 3666 1774 beatum

2094 1800 2324 1869 praedico
2348 1812 2587 1856 sanctum
2619 1803 2797 1869 illum,
2824 1806 2963 1874 quod
2997 1806 3202 1861 hostem
3237 1809 3427 1864 viderit
3453 1811 3551 1864 sub
3578 1826 3674 1881 pe-

2094 1890 2249 1946 dibus
2279 1892 2389 1946 suis
2410 1892 2697 1962 jacentem,
2729 1896 2823 1951 sed
2853 1897 2994 1966 quod
3022 1898 3095 1952 illi
3124 1898 3175 1951 in
3206 1914 3393 1953 manus
3421 1901 3545 1955 dato
3575 1919 3671 1971 pe-

2088 1982 2340 2050 percerit.
2364 1984 2598 2049 Quorum
2626 1986 2849 2039 alterum
2878 1985 2978 2039 fuit
3002 2003 3136 2056 opus
3161 1988 3353 2042 divinae
3385 1992 3631 2057 potentia:
3654 2034 3668 2057 ,

2091 2074 2312 2128 alterum
2353 2076 2467 2143 ejus
2498 2075 2867 2145 philosophiae.
2903 2078 3180 2143 Quomodo
3202 2079 3399 2133 milites
3419 2080 3671 2150 deinceps

2092 2162 2240 2217 illum
2267 2164 2582 2218 observasse
2609 2174 3023 2220 consentaneum
3054 2166 3186 2231 fuit,
3219 2178 3413 2235 quanta
3438 2184 3562 2239 erga
3600 2170 3670 2223 il-

2090 2254 2198 2307 lum
2228 2254 2594 2308 benevolentia
2634 2254 2812 2319 fuisse.
2837 2256 3093 2311 aﬂ‘ectos?
3140 2257 3269 2311 Nam
3310 2259 3355 2312 si
3389 2259 3533 2313 mille
3574 2258 3670 2313 ha-

2089 2342 2329 2398 buissent
2358 2345 2523 2410 vitas,
2550 2360 2728 2397 annon
2753 2355 2996 2414 prompte
3036 2346 3417 2416 impendissent
3447 2364 3545 2417 pro
3570 2364 3670 2403 suo

2086 2434 2252 2498 duce,
2281 2435 2390 2504 jam
2421 2450 2486 2489 ex
2516 2436 2807 2490 reverentia
2838 2451 2996 2504 quam
3023 2438 3159 2491 hosti
3184 2440 3463 2507 praestitit,
3493 2442 3669 2510 rcipsa

2090 2538 2424 2597 perspectum
2454 2528 2738 2593 habentes,
2778 2544 2939 2596 quam
2961 2528 3276 2583 benevolum
3305 2532 3540 2585 animum
3567 2547 3669 2601 ge-

2088 2630 2231 2674 reret
2259 2636 2382 2689 erga
2407 2619 2576 2675 suos?
2601 2619 2733 2673 Nam
2764 2620 2809 2673 is
2833 2620 2921 2689 qui
2958 2620 3103 2677 mitis
3128 2636 3192 2675 ac
3220 2632 3531 2678 mansuetus
3556 2633 3670 2677 erat

2089 2712 2138 2764 in
2169 2724 2260 2764 cos
2280 2752 2295 2775 ,
2341 2725 2370 2763 a
2401 2709 2592 2779 quibus
2622 2710 2863 2764 molestia
2894 2708 3113 2763 aﬂ‘ectus
3132 2718 3249 2778 est,
3292 2711 3459 2766 multo
3498 2710 3670 2780 magis
3711 2770 3722 2784 ‘

2086 2802 2187 2856 erit
2215 2817 2337 2869 erga
2366 2801 2652 2854 benevolos
2682 2815 2804 2855 eum
2834 2800 3081 2855 affectum
3103 2810 3349 2870 gesturus
3374 2819 3387 2855 :
3415 2817 3533 2872 qua:
3554 2816 3671 2872 pro-

2088 2894 2225 2949 fecto
2256 2909 2341 2947 res
2366 2893 2467 2947 fuit
2486 2893 2563 2947 illi
2585 2893 2874 2947 maximum
2900 2894 3202 2948 securitatis
3227 2893 3441 2963 pignus.
3466 2896 3535 2947 At
3556 2909 3663 2948 non

2086 2985 2139 3037 in
2184 2984 2352 3052 ipsum
2378 2982 2536 3037 modo
2578 2982 3042 3037 benevolentiores
3086 2991 3240 3036 erant
3264 3022 3279 3047 ,
3314 2983 3666 3038 verumetiam

2086 3075 2341 3129 adversus
2375 3074 2556 3128 hostes
2580 3073 2935 3143 promptiores
2967 3090 2980 3126 :
3009 3073 3149 3143 quod
3174 3073 3373 3128 scirent
3409 3088 3469 3130 se
3499 3074 3665 3128 Deum

2086 3167 2286 3223 habere
2313 3175 2773 3236 propugnatorem,
2798 3166 2888 3234 qui
2917 3180 3130 3235 semper
3149 3165 3359 3221 adesset
3378 3166 3521 3230 duci,
3550 3181 3667 3220 om-

2086 3260 2240 3314 nibus
2270 3259 2413 3313 illius
2440 3258 2604 3328 gestis
2630 3256 2980 3327 pr05piciens.
3010 3255 3213 3311 Idcirco
3241 3265 3426 3325 postea
3455 3255 3663 3321 Davidi,

2088 3366 2191 3403 non
2223 3350 2331 3417 jam
2372 3358 2430 3402 ut
2471 3347 2670 3401 homini
2696 3388 2711 3413 ,
2761 3347 2856 3401 sed
2883 3354 2941 3401 ut
2963 3346 3152 3417 angelo
3178 3346 3454 3415 parebant.
3484 3345 3666 3413 Itaque

2090 3440 2249 3493 David
2273 3447 2327 3493 et
2356 3440 2659 3508 priusquam
2693 3439 2833 3493 Deus
2860 3437 2959 3506 ipsi
2990 3436 3291 3492 mercedem
3321 3435 3663 3504 rependeret,

2084 3530 2243 3583 etiam
2273 3530 2323 3583 in
2351 3530 2448 3584 hac
2464 3530 2568 3583 vita
2595 3529 2764 3598 majus
2789 3530 2994 3599 accepit
3012 3528 3311 3599 praemium,
3330 3542 3393 3581 ac
3414 3526 3665 3582 illustrio-

2086 3638 2197 3673 rem
2231 3621 2349 3674 tulit
2396 3621 2667 3673 victoriam
2697 3629 2910 3675 servato
2934 3620 3114 3685 Sainle,
3136 3634 3293 3688 quam
3322 3618 3365 3672 si
3396 3633 3517 3672 eum
3543 3631 3659 3671 ma-

2082 3719 2298 3765 ctasset.
2325 3709 2475 3774 Quod
2502 3708 2641 3763 enim
2673 3717 2872 3761 tantum
2892 3708 3245 3763 lucrifecisset
3269 3709 3451 3763 occiso
3475 3708 3657 3771 hoste,

2085 3808 2337 3869 quantum
2376 3813 2517 3851 nunc
2546 3797 2664 3849 tulit
2710 3796 2785 3849 illi
2824 3795 3132 3863 parcendo?
3164 3796 3285 3849 llaec
3332 3794 3489 3863 igitur
3523 3804 3577 3850 et
3606 3805 3663 3848 tu

2087 3900 2261 3945 tecum
2286 3887 2549 3957 expende,
2582 3886 2668 3939 ubi
2698 3887 2904 3954 ceperis
2929 3900 3048 3939 eum
3080 3886 3166 3955 qui
3192 3895 3243 3939 te
3280 3885 3415 3939 lmsit
3437 3926 3453 3951 ,
3495 3886 3663 3940 multo

2084 3996 2203 4037 esse
2228 3980 2399 4049 majus
2425 3994 2488 4033 ac
2514 3978 2774 4031 lucrosius
2801 3991 3020 4044 parcere
3043 4016 3060 4042 ,
3097 3990 3252 4045 quam
3281 3974 3526 4044 perdere.
3571 3974 3662 4029 Si-

2085 4073 2299 4144 quidem
2342 4072 2387 4126 is
2407 4071 2498 4140 qui
2528 4068 2722 4123 occidit
2760 4069 3031 4122 inimicum
3056 4106 3071 4129 ,
3116 4066 3419 4135 frequenter
3452 4075 3508 4122 et
3546 4065 3662 4135 ipse

2084 4180 2202 4221 sese
2227 4161 2621 4225 condemnabit,
2648 4174 2861 4228 pravam
2887 4172 3078 4227 gerens
3098 4156 3496 4221 conscientiam,
3528 4155 3658 4210 dum

2084 4260 2134 4311 in
2161 4255 2397 4324 singulos
2420 4251 2534 4307 dies
2557 4262 2611 4306 et
2639 4249 2873 4319 singulas
2898 4248 3057 4304 horas
3100 4264 3130 4301 a
3172 4254 3391 4316 peccato
3430 4245 3522 4300 illo
3565 4260 3659 4298 ur-

2082 4356 2239 4419 gente
2267 4344 2531 4415 amigetur
2560 4359 2574 4395 :
2603 4351 2660 4396 at
2684 4341 2774 4411 qui
2802 4340 3073 4410 pepercit,
3118 4338 3373 4407 brevique
3419 4347 3661 4405 tempore

2082 4439 2208 4492 vicit
2232 4434 2452 4490 aﬂ‘ectus
2480 4448 2628 4493 suos.
2658 4441 2776 4499 post
2801 4431 3029 4485 exsultat
3057 4444 3118 4484 ac
3142 4428 3434 4484 delectatur
3458 4427 3658 4495 Optima

2084 4541 2179 4596 spe
2203 4525 2366 4580 fultus
2387 4564 2401 4587 ,
2449 4538 2512 4576 ac
2550 4521 2844 4576 tolerantiae
2873 4520 3090 4589 praemia
3110 4528 3425 4586 exspectans
3451 4532 3483 4571 a
3526 4516 3658 4570 Deo.

2082 4616 2233 4685 Quod
2263 4615 2308 4670 si
2333 4613 2546 4683 quando
2585 4613 2636 4664 in
2668 4611 2878 4679 aliquod
2920 4610 3116 4662 malum
3156 4607 3439 4669 inciderit,
3496 4608 3660 4665 multa

2082 4722 2201 4762 cum
2232 4704 2421 4760 ﬁducia
2452 4701 2752 4757 mercedem
2796 4714 2825 4752 a
2864 4700 2971 4753 Deo
2997 4706 3242 4767 reposcet
3268 4715 3281 4751 :
3309 4695 3660 4765 quemadmo-

2082 4799 2209 4852 dum
2236 4808 2291 4851 et
2315 4797 2399 4850 hic
2425 4808 2612 4864 magna
2644 4795 2882 4860 miraque
2913 4793 2967 4844 in
2989 4790 3196 4843 hostem
3226 4788 3476 4844 exhibita:
3499 4801 3660 4843 reve-

2083 4888 2268 4944 rentize
2292 4886 2505 4954 prtemia
2550 4883 2801 4951 deinceps
2841 4880 3090 4935 divinitus
3133 4878 3351 4947 recepit.
3396 4876 3503 4933 Sed
3541 4892 3661 4946 quas

2084 4985 2376 5045 sequuntur
2416 4973 2711 5028 videamus.
2776 4969 2946 5024 Emisit
2988 4967 3155 5022 David
3202 4984 3229 5021 e
3269 4968 3510 5036 spelunca
3549 4974 3660 5035 post

2086 5073 2324 5133 Satilem,
2373 5067 2705 5134 clamavitque
2738 5071 2849 5132 post
2882 5061 3028 5115 illum
3053 5102 3067 5125 ,
3108 5062 3183 5114 ita
3214 5059 3381 5113 dicens
3402 5074 3421 5112 :
3446 5056 3662 5111 Domina

2085 5163 2152 5215 mi
2178 5177 2285 5215 rex.
2317 5158 2381 5212 Et
2405 5157 2622 5228 respexit
2650 5153 2779 5209 Smil
2802 5161 2913 5221 post
2935 5161 3126 5222 tergum
3146 5166 3313 5213 suum,
3335 5158 3384 5201 et
3408 5142 3664 5200 inclinans

2084 5273 2137 5308 se
2164 5252 2330 5306 David
2370 5251 2423 5302 in
2476 5249 2604 5318 facie
2647 5255 2927 5315 prostratus
2950 5244 3005 5296 in
3046 5253 3230 5296 terram
3268 5238 3497 5293 adoravit
3548 5254 3664 5291 eum

2084 5347 2101 5411 (
2128 5347 2175 5399 l.
2201 5344 2326 5412 Reg.
2354 5341 2443 5395 24.
2471 5340 2503 5394 9
2520 5342 2560 5406 ).
2585 5338 2709 5394 Ηευο
2738 5351 2842 5389 non
2872 5336 3047 5388 minus
3087 5330 3331 5385 adferunt
3360 5331 3660 5383 ornamenti

2088 5435 2299 5501 Davidi,
2332 5448 2489 5503 quam
2532 5440 2772 5487 servatus
2817 5428 3000 5481 hostis.
3046 5424 3225 5493 Neque
3259 5423 3398 5476 enim
3427 5421 3659 5490 vulgaris

2087 5538 2201 5585 erat
2242 5526 2443 5592 animi,
2493 5538 2597 5579 non
2626 5521 2796 5577 inﬂari
2841 5517 3113 5574 beneﬁciis
3144 5517 3193 5569 in
3226 5516 3523 5584 proximum
3550 5514 3659 5567 cnl-

2086 5623 2235 5691 latis,
2283 5632 2454 5689 neque
2501 5618 2577 5672 sic
2622 5612 2757 5669 afﬁci
2810 5620 2867 5665 ut
2907 5609 3080 5665 solent
3127 5606 3365 5680 plerique
3399 5619 3431 5660 e
3461 5604 3661 5675 vulgo,
