4094 6256
394 377 493 435 691

396 588 425 639 6
459 589 732 679 μακάριος⁸
754 592 916 679 Δαυῒδ
948 594 1136 679 οὕτως,
1170 599 1307 652 ἀλλὰ
1346 604 1608 671 μειζόνως
1647 588 1956 679 ἐμετρίαζε,

398 670 489 722 καὶ
524 671 659 738 μετά
682 674 781 743 τὴν
809 676 1145 745 εὐεργεσίαν.
1168 682 1239 733 T6
1271 683 1325 735 δὲ
1349 670 1538 749 αἴτιον,
1566 688 1647 741 ὄτι
1677 670 1830 745 οὐδέν
1853 670 1961 745 τῶν

398 752 832 843 κριτορθωμάτων
868 758 1069 843 τούτων
1123 763 1340 831 ἐνόμιζε
1384 767 1481 837 τῆς
1511 769 1677 823 αὐτοῦ
1727 774 1960 843 σπουδῆς

397 829 556 920 εῖναι,
587 834 720 920 ἀλλά
745 838 803 888 τὸ
832 841 939 891 πᾶν
962 842 1197 896 ἀνετίθει
1216 829 1287 916 τῇ
1317 829 1448 918 θείᾳ,
1461 829 1665 920 χάριτι.
1691 854 1788 906 Διά
1805 829 1961 907 τοῦτο

398 914 559 1004 αὐτδς
589 915 785 983 σώσας,
817 920 978 984 αὐτὸς
1006 914 1299 994 προσκυνεῖ
1324 914 1422 982 τὸν
1444 914 1701 997 σωθέντα,
1740 935 1833 988 καὶ
1867 937 1961 1004 βα-

338 1002 341 1007 '
400 998 554 1083 σιλέα
587 1000 741 1083 καλεῖ
770 1004 952 1068 πάλιν,
993 1007 1086 1059 καὶ
1128 1008 1314 1063 δοῦλον
1346 1012 1599 1082 ὀνομάζει
1630 1017 1841 1083 ἑαυτὸν,
1867 998 1960 1073 ’διὰ

397 1076 489 1167 τοῦ
515 1082 795 1167 Δσχήματος
837 1087 1043 1140 ἐκείνου
1075 1076 1452 1148 καταστέλλων
1489 1076 1548 1147 τδ
1578 1076 1838 1167 φύσημα,
1866 1100 1962 1155 καὶ

397 1159 485 1246 τὸν
511 1162 679 1246 θυμὸν
710 1167 1218 1240 παραμυθούμενος,
1248 1174 1339 1226 καὶ
1362 1176 1461 1246 τὴν
1493 1159 1788 1246 βασκανίαν
1811 1159 1961 1235 ἀναι-

579 1245 921 1333 ’ᾼκούσωμεν
951 1251 1007 1303 δέ
1042 1254 1134 1307 καὶ
1162 1257 1262 1325 τῆς
1289 1242 1582 1327 ἀπολογίας
1611 1261 1797 1333 αὐτῆς
1831 1258 1960 1317 Ἵνα

397 1327 456 1411 τί
485 1327 720 1411 ἀκούεις
741 1330 861 1384 τῶν
883 1336 1079 1403 λόγων
1109 1338 1213 1391 τοῦ
1242 1340 1415 1405 λαοῦ,
1451 1327 1771 1411 λεγόντων,
1819 1344 1958 1397 Ἰδοὺ

396 1408 576 1494 Δα-υῒδ
610 1408 770 1478 ζητεῖ
802 1414 917 1481 τὴν
953 1418 1163 1485 ψυχήν
1201 1434 1349 1483 σου;
1399 1422 1509 1475 Καὶ
1532 1408 1541 1411 Ἴ
1564 1423 1670 1492 μὴν
1705 1424 1961 1494 ἀνωτέρω

398 1490 603 1576 τούτων
634 1496 662 1546 6
696 1500 1041 1565 συγγραφεὺς
1066 1495 1238 1563 εἶπεν,
1272 1502 1356 1555 ὅτι
1384 1504 1492 1566 πᾶς
1521 1490 1708 1567 δ’λάδς
1735 1502 1803 1576 ἦν
1843 1490 1961 1575 μετ’

397 1574 580 1638 αὐτοῦ,
608 1578 957 1651 καὶᾼήρεσκεν
982 1583 1038 1635 ἐν
1058 1582 1356 1654 ὀφθαλμοῖς
1383 1584 1489 1639 τῶν
1507 1584 1706 1640 δούλων
1739 1574 1962 1657 τοῦβα-

400 1657 609 1739 σιλέως,
630 1662 723 1713 καὶ
745 1662 772 1712 6
798 1662 890 1714 τοῦ
915 1665 1237 1732 κρατοῦντος
1258 1667 1371 1730 υίὸς
1394 1669 1567 1721 καὶτὸ
1597 1670 1959 1739 στρατόπεδον

397 1737 541 1790 ἀπαν
579 1742 696 1808 μετ’
728 1743 895 1795 αὐτοῦ
928 1748 1045 1808 ταῖς
1084 1746 1331 1816 γνώμαις
1358 1737 1699 1819 εἱστήκεσαν.
1731 1751 1852 1814 Πῶς
1868 1748 1961 1804 οὖν

395 1819 629 1874 ἐνταῦθά
658 1840 838 1893 φησιν,
863 1826 943 1877 ὅτι
972 1822 1110 1896 ἦσαν
1138 1829 1184 1880 οί
1216 1829 1649 1895 ἐνδιαϐάλλοντες
1680 1835 1769 1886 καλ¹
1806 1851 1961 1885 συκο-

395 1903 742 1971 φαντοῦντες,
774 1907 867 1959 καὶ
904 1908 995 1961 τὸν
1029 1910 1204 1962 Σαοὺλ
1234 1913 1658 1981 παροξύνοντες;
1701 1916 1822 1967 Ὀτι
1853 1916 1960 1985 γάρ

393 1986 454 2038 οὐ
485 1989 613 2057 παρ’
646 1989 847 2060 ἐτέρων
873 1992 1240 2058 ἀναπεισθεὶς,
1280 1993 1393 2046 ἀλλ’
1422 1996 1581 2058 αὐτὸς
1613 1996 1821 2051 οἴκοθεν
1862 2000 1960 2067 τὴν

393 2068 657 2138 πονηρίαν
672 2071 878 2140 ταύτην
896 2071 1072 2125 τεκὼν
1089 2074 1343 2143 ἐπολέμει
1360 2075 1436 2145 τῷ
1459 2077 1667 2147 δικαίῳ,
1694 2082 1785 2131 καὶ
1804 2079 1960 2132 τοῦτο

394 2150 659 2221 ἐδήλωσεν
685 2155 713 2205 6
734 2154 797 2207 τὸ
826 2155 1030 2224 βιϐλίον
1072 2157 1309 2227 γράψας,
1338 2159 1506 2212 εἰπὼν
1532 2161 1612 2213 ὃτι
1643 2164 1706 2215 ἐκ
1734 2165 1833 2232 τῆς
1873 2163 1961 2215 εὐ-

395 2234 603 2302 φημίας
636 2237 664 2295 ὁ
695 2236 887 2304 φθόνος
924 2239 1184 2301 ἐτίκτετο,
1229 2243 1322 2292 καὶ
1357 2241 1559 2311 προῖὼν
1598 2241 1789 2313 ηὐξετο
1832 2244 1955 2297 καθ’

395 2317 631 2388 ἑκάστην
658 2319 889 2389 ἡμέραν.
931 2322 1087 2386 Τίνος
1120 2319 1213 2376 οὖν
1237 2324 1419 2377 ἕνεκεν
1449 2325 1532 2392 ἐφ’
1576 2326 1793 2396 ἐτέρους
1829 2328 1958 2397 μεθ-

395 2399 571 2469 ίστησι
607 2402 705 2471 τὴν
735 2402 932 2468 αἰτίαν,
966 2403 1139 2471 λέγων
1158 2422 1171 2435 ·
1204 2405 1329 2460 Ἵνα
1360 2407 1416 2459 τι
1439 2407 1676 2472 ἀκούεις
1704 2408 1820 2461 τῶν
1851 2410 1957 2462 λό-

391 2502 513 2552 γων
554 2485 659 2537 τοῦ
692 2485 844 2539 λαοῦ
888 2501 1003 2540 σου
1042 2490 1373 2557 λεγόντων-ο
1413 2488 1565 2543 Ἰδοὺ
1594 2490 1772 2543 Δαυῒδ
1806 2490 1961 2558 ζητεῖ

389 2566 505 2634 τὴν
524 2567 736 2635 ψυχήν
766 2583 884 2623 σου
901 2585 920 2633 ;
948 2570 1133 2632 Διδούς
1157 2571 1403 2636 ἐξουσίαν
1435 2571 1583 2642 αὐτῷ
1612 2573 1956 2644 ἀποκρούσα-

391 2646 515 2726 σθαι
537 2649 635 2719 τὴν
667 2651 952 2720 πονηρίαν.
981 2652 1151 2705 Τοῦτο
1179 2652 1310 2719 γοῦν
1331 2654 1422 2706 καὶ
1444 2654 1678 2724 πατέρες
1697 2654 1956 2718 πολλάκις

388 2730 634 2785 ποιοῦσιν
662 2733 756 2785 ἐπὶ
788 2733 922 2787 υἱῶν
937 2749 951 2763 ·
978 2733 1074 2788 καὶ
1097 2734 1275 2788 λαϐών
1295 2753 1376 2798 τις
1403 2736 1626 2790 ἐκείνων
1647 2738 1737 2791 τὸν
1760 2738 1953 2792 ἐαυτοῦ

388 2814 502 2868 υίὸν
524 2814 936 2886 διεφθαρμένον,
957 2819 1052 2871 καὶ
1071 2818 1242 2884 πολλὰ
1268 2820 1628 2890 είργασμένον
1654 2823 1818 2886 κακά,
1852 2822 1955 2875 κᾶν

388 2897 664 2960 πεπεικὼς
695 2898 848 2967 τύχοι
878 2900 1087 2958 ἐαυτὸν.
1118 2902 1199 2952 ὅτι
1228 2902 1436 2954 οἴκοθεν
1475 2902 1568 2953 καὶ
1604 2902 1733 2972 παρ’
1759 2902 1952 2955 ἐαυτοῦ

387 2981 523 3052 πρὸς
548 2981 648 3048 τὴν
676 2980 938 3050 πονηρίαν
973 2980 1277 3045 ἐξώκειλεν,
1316 2983 1461 3050 ὅμως
1503 2983 1584 3049 ἐφ’
1618 2983 1802 3053 ἕτερον
1832 3001 1956 3051 μετ-

388 3067 507 3130 άγει
535 3063 602 3115 τὰ
627 3062 946 3131 ἐγκλήματα
968 3064 1244 3125 πολλάκις,
1268 3064 1463 3116 οὑτωσὶ
1492 3062 1683 3131 λέγων,
1712 3060 1842 3116 Οἶδα
1875 3064 1955 3115 ὅτι

388 3147 448 3201 o6
476 3146 565 3197 σὺν
590 3146 781 3213 γέγονε
806 3145 867 3197 τὸ
887 3146 1188 3216 ἁμάρτημα
1211 3160 1223 3173 ·
1249 3146 1425 3217 ἕτεροί
1452 3163 1509 3198 σε
1533 3146 1840 3217 διέφθειραν
1861 3148 1959 3201 καὶ

386 3229 711 3296 ἠπάτησανο
759 3226 980 3279 ἐκείνων
1021 3228 1165 3281 ἅπαν
1195 3228 1312 3281 ἐστὶ
1353 3228 1414 3280 τὺ
1446 3227 1843 3300 πλημμέλημα.
1896 3231 1954 3284 ’0

385 3310 495 3381 γὰρ
527 3310 699 3363 ταῦτα
727 3308 940 3363 ἀκούων
967 3309 1249 3380 δυνήσεται
1277 3310 1470 3380 μικρὸν
1496 3311 1601 3363 ἀπὸ
1632 3313 1729 3381 τῆς
1757 3312 1953 3375 κακίας

386 3394 678 3462 διαϐλέψας
725 3391 1088 3462 εὐκολώτερον
1148 3393 1287 3463 πρὸς
1340 3393 1543 3463 ἀρετὴν
1607 3393 1948 3457 ἐπανελθεῖν,

385 3476 769 3545 αἰσχυνόμενος
804 3475 896 3528 καὶ
937 3474 1204 3545 ἐρυθριῶν
1242 3475 1458 3541 ἀνάξιος
1489 3476 1588 3545 τῆς
1629 3477 1754 3547 περ).
1786 3478 1950 3530 αὐτοῦ

384 3558 542 3628 δόξης
585 3560 836 3626 φανῆναι.
887 3556 1056 3609 Τοῦτο
1085 3559 1177 3610 καὶ
1215 3558 1424 3621 Παῦλος
1453 3557 1673 3629 ἐποίησε
1708 3562 1817 3621 τοῖς
1846 3560 1948 3611 [‘01-

384 3640 572 3703 λάταις
602 3641 845 3709 γράφων.
865 3640 1017 3693 Μετά
1037 3640 1160 3703 τοὺς
1187 3640 1414 3703 πολλοὺς
1440 3639 1569 3709 γοῦν
1592 3641 1683 3693 καὶ
1705 3642 1951 3710 μακροὺς

383 3724 626 3785 ἐκείνους
654 3724 844 3790 λόγους
873 3724 966 3775 καὶ
989 3724 1085 3783 τὰς
1114 3722 1351 3787 ἀφάτους
1383 3722 1735 3791 κατηγορίας,
1762 3721 1828 3783 ἃς
1852 3724 1951 3774 αὐ·

384 3805 495 3859 τῶν
521 3804 889 3873 κατηγόρησε,
931 3802 1065 3872 πρὸς
1093 3800 1171 3870 τῷ
1197 3801 1339 3853 τέλει
1360 3805 1460 3870 τῆς
1488 3802 1796 3868 ἐπιστολῆς,
1828 3802 1951 3870 βου-

385 3887 605 3957 λόμενος
638 3885 814 3938 αὐτῶν
846 3882 1324 3936 ἀποσκευάσασθαι
1353 3881 1450 3951 τὴν
1477 3883 1831 3952 κατηγορίαν,
1865 3882 1951 3935 ῖνα

384 3968 581 4039 μικρὸν
613 3964 1049 4026 ἀναπνεύσαντες
1082 3966 1146 4017 ἐκ
1172 3963 1283 4017 τῶν
1310 3964 1671 4033 ἐγκλημάτων
1713 3962 1952 4034 δυνηθῶ-

384 4048 469 4105 σιν
509 4052 587 4113 είς
631 4048 923 4115 ἀπολογίαν
966 4046 1160 4107 ἐλθεῖν,
1202 4045 1344 4097 οὕτω
1390 4044 1505 4108 πώς
1550 4062 1744 4116 φησιν’
1809 4044 1950 4113 Ἐγὼ

382 4136 636 4187 πέποιθα
660 4133 746 4196 εἰς
785 4129 958 4198 ὑμᾶς,
989 4128 1076 4181 ὅτι
1104 4126 1286 4181 οὐδὲν
1320 4128 1476 4181 ἄλλο
1514 4126 1847 4196 φρονήσετε
1866 4145 1880 4159 ·
1914 4128 1949 4181 ό

382 4215 451 4267 δὲ
488 4213 809 4280 ταράσσων
825 4211 997 4280 ὑμᾶς,
1026 4209 1327 4274 ,βαστάσει
1357 4209 1424 4262 τὸ
1450 4209 1647 4277 κρῖμα,
1678 4210 1847 4277 ὅστις
1872 4210 1949 4263 ἂν

378 4293 439 4368 ᾖ.
467 4296 622 4350 Οὕτω
654 4295 748 4349 καὶ
772 4296 801 4347 6
832 4292 998 4346 Δαυῖδ
1029 4292 1281 4363 ἐποίησεν
1317 4290 1568 4345 ἐνταῦθα.
1605 4293 1677 4347 Τὸ
1724 4292 1832 4362 γὰρ
1872 4293 1947 4345 εί·-

382 4384 526 4445 πείν,
563 4381 694 4434 Ἵνα
718 4379 774 4431 τι
795 4378 1034 4442 ἀκούεις
1061 4374 1180 4429 τῶν
1205 4376 1401 4443 λόγων
1428 4375 1534 4428 τοῦ
1563 4375 1717 4428 λαοῦ
1739 4374 1948 4444 ,λέγον-

380 4481 510 4530 τος·
555 4461 709 4517 Ἰδοὺ
753 4460 932 4515 Δαυτδ
967 4459 1128 4527 ζητεῖ
1165 4458 1280 4526 τὴν
1317 4458 1531 4526 ψυχήν
1569 4472 1707 4525 σου,
1749 4458 1946 4525 ἔδειξεν

380 4547 599 4616 ἐτέρους
626 4545 783 4605 ὄντας
811 4543 936 4605 τοὺς
974 4539 1393 4611 παροξύνοντας,
1437 4541 1657 4611 ἐτέρους
1680 4544 1807 4605 τοὺς
1839 4542 1948 4595 δια-

380 4628 736 4697 φθείρονταςο
790 4623 952 4675 παντὶ
996 4623 1181 4692 τρόπῳ
1212 4633 1238 4663 α
1286 4622 1599 4687 σπουδάζων
1652 4623 1946 4692 ἀπολογίαν

379 4706 528 4777 αὐτῷ
565 4705 868 4775 παρασχεῖν
913 4701 1021 4754 τῶν
1058 4701 1438 4771 ἐγκλημάτων.
1491 4698 1623 4755 Εἶτα
1661 4703 1801 4774 ὑπὲρ
1835 4703 1953 4757 τῶν

379 4791 503 4846 καθ’
535 4787 722 4842 ἑαυτὸν
747 4784 1178 4854 ἀπολογούμενός
1211 4800 1374 4855 φησι·
1400 4784 1509 4837 Καὶ
1534 4784 1663 4838 ἰδοὺ
1690 4786 1947 4853 ἑωράκα-

377 4889 484 4931 σιν
515 4875 568 4927 οι
612 4868 906 4939 ὀφθαλμοί
947 4882 1063 4920 σου
1093 4867 1383 4934 σήμερον,
1407 4867 1499 4932 ζὼς
1531 4867 1833 4936 παρέδωκέ
1869 4882 1947 4924 σε

377 4957 593 5025 Κύριος
624 4955 712 5018 είς
738 4950 845 5016 τὰς
890 4948 1092 5018 χεῖράς
1112 4966 1233 5015 μου
1266 4948 1336 5000 ἐν
1372 4946 1453 5011 τῷ
1499 4950 1802 5017 σπηλαίῳ,
1843 4953 1945 5006 καί

378 5041 488 5091 οὐκ
513 5033 864 5104 ἠϐουλήθην
886 5030 1234 5085 ἀποκτεῖναί
1264 5045 1366 5082 σε·
1393 5028 1543 5100 [765]
1577 5030 1674 5085 καὶ
1704 5033 1944 5101 ἐφεισά-

374 5136 497 5188 μην
532 5133 671 5181 σου,
710 5115 807 5169 καί
838 5108 1037 5167 εἷπον·
1078 5112 1199 5165 Οὐκ
1237 5111 1461 5165 ἐποίσω
1486 5112 1600 5179 τὴν
1628 5112 1796 5181 χεζοὰ
1821 5132 1942 5182 μου

376 5200 475 5254 ἐπὶ
512 5198 619 5253 τὸν
656 5196 864 5266 κύριόν
895 5212 1037 5263 μου,
1085 5193 1175 5247 ὅτι
1201 5195 1449 5262 χριστὸς
1486 5196 1706 5262 Κιιρίου
1747 5195 1940 5251 ἐστίν.

389 5285 616 5337 Ἐκεῖνοι
647 5283 743 5351 μὲν
788 5274 879 5333 οὖν
907 5278 993 5331 διὰ
1031 5278 1291 5347 ῥημάτων
1339 5276 1703 5339 διαϐάλλουσι,
1743 5279 1937 5348 φησίν·

376 5368 486 5437 ἐγὼ
514 5366 571 5419 δὲ
610 5364 699 5418 διά
746 5361 1082 5434 πραγμάτων
1121 5359 1513 5427 ἀπολογοῦμαι,
1553 5360 1645 5412 καὶ
1671 5360 1736 5413 δι’
1766 5360 1941 5432 ἔργων

372 5449 819 5518 ἀποσκευάζομαι
841 5446 937 5516 τὴν
962 5443 1314 5513 κατηγορίαν.
1345 5443 1419 5494 Οὐ
1439 5443 1597 5513 χρεία
1628 5461 1718 5514 μοι
1744 5444 1936 5514 λόγων,

373 5535 542 5602 αὐτῆς
584 5532 694 5585 τῶν
721 5527 1059 5600 πραγμάτων
1087 5528 1184 5595 τῆς
1222 5525 1499 5590 ἐκϐάσεως
1544 5528 1746 5593 παντὸς
1780 5529 1937 5597 λόγου

374 5616 706 5684 σαφέστερον
731 5612 1034 5681 δυναμένης
1050 5609 1276 5676 διδάξαι,
1300 5609 1444 5673 τίνες
1474 5611 1573 5680 μὲν
1611 5614 1827 5679 ἐκεῖνοι,
1857 5613 1939 5678 τίς

434 5772 460 5805 ⁸
484 5771 655 5822 Morel.
671 5774 720 5821 et
744 5769 889 5820 Savil.
914 5767 1133 5829 061wgﬁv
1156 5769 1292 5819 παντὶ
1313 5768 1492 5833 τρόπῳ.

1388 388 1477 446 DE
1513 394 1765 450 DAVIDE
1803 395 1893 452 ET
1924 401 2152 461 SAULE
2190 405 2479 468 HOMILIA
2509 411 2572 467 ll.

396 503 686 597 τηθέντων,
716 506 1108 597 [7‘6£]_1calu1&c
1136 516 1304 586 ὀφρῦς
1331 519 1664 577 ἀνασπῶσιν.
1704 524 1842 578 Ἀλλ’
1859 526 1958 597 οὐχ
1986 540 1989 543 ·

2062 532 2118 584 δὲ
2142 533 2282 601 ἐγώο
2311 536 2401 589 καὶ⁵
2432 537 2508 600 ὼς
2552 539 2885 607 συκοφαντία
2914 539 3007 593 καὶ
3032 540 3223 608 ψεῦδος
3262 541 3295 610 ἡ
3340 543 3460 594 κατ’
3495 542 3631 612 ἐμοῦ

2062 624 2323 693 γενομένη
2348 625 2588 695 διαϐολή.
2620 627 2727 680 Καὶ
2750 626 2953 681 τούτων
2977 629 3075 698 οὐχ
3104 628 3308 699 ἕτερον,
3338 629 3453 683 ἀλλ’
3471 631 3634 685 αὐτὸν

2064 710 2123 761 σὲ
2154 711 2303 763 καλῶ
2338 713 2588 783 μάρτυρα
2619 713 2707 766 τὸν
2734 711 2793 766 εὖ
2824 714 3088 768 παθόντα.

2099 795 2276 851 δ’.Καὶ
2292 798 2429 863 πῶς,
2446 801 2630 869 φησὶν,
2643 801 2871 870 ἠδύνατο
2888 806 3181 873 μαρτυρεῖν
3192 805 3415 867 ἐκεῖνος;
3441 804 3633 858 Ἠνίκα

2062 882 2171 952 γὰρ
2203 883 2376 937 ταῦτα
2408 886 2635 952 ἐγίνετο,
2661 887 2939 950 ἐκάθευδε,
2970 890 3063 941 καὶ
3091 888 3213 942 οὐτε
3238 889 3347 942 τῶν
3376 892 3632 961 ῥημάτων

2061 972 2312 1041 ἤκουσεν,
2345 971 2467 1025 οὐτε
2482 976 2572 1027 τὸν
2592 976 2751 1029 Δαυῒδ
2770 973 2875 1029 είδε
2891 979 3153 1048 παρόντα,
3178 978 3302 1032 οὔτε
3331 983 3442 1043 τοῖς
3463 998 3521 1032 στ
3532 998 3630 1050 ρα-

2060 1057 2281 1121 τιώταις
2322 1060 2718 1133 διαλεγόμενον.
2765 1064 2888 1127 Πῶς
2921 1061 3012 1117 οῦν
3066 1066 3508 1136 ἀπαντησόμεθα,
3545 1067 3633 1120 ἵνα

2063 1146 2237 1215 σαφὴς
2256 1146 2333 1214 δή
2360 1146 2627 1211 ἀπόδειξις
2656 1149 2911 1218 γένηται;
2940 1149 3002 1203 El
3039 1150 3148 1221 γάρ
3182 1152 3463 1222 μάρτυρας
3501 1170 3633 1222 παρ-

2060 1232 2192 1302 ῆγεν
2207 1232 2525 1305 ἀνθρώπους
2542 1237 2663 1289 τότε
2692 1239 2787 1291 σὺν
2814 1238 2961 1308 αὐτῷ
2980 1238 3161 1302 ὄντας,
3192 1239 3548 1293 ὑπώπτευσεν
3565 1240 3631 1293 ἂν

2059 1320 2158 1392 τὴν
2187 1322 2493 1392 μαρτυρίαν
2514 1325 2542 1376 6
2573 1324 2762 1387 Σαοὺλ,
2792 1326 2884 1376 καὶ
2915 1326 3308 1395 χαριζομένους
3331 1326 3411 1396 τῷ
3438 1327 3632 1397 δικαίῳ

2060 1390 2230 1459 ταῦτα
2255 1390 2431 1475 λέγειν
2458 1409 2722 1479 ἐνόμιζεν.
2759 1410 2820 1461 Εἰ
2841 1410 2896 1462 δὲ
3065 1390 3345 1480 λογισμῶν
3370 1390 3464 1465 καὶ
3490 1390 3632 1466 εἱνιόζ
3658 1390 3677 1409 ⁸

2060 1510 2165 1546 των
2208 1494 2563 1567 ἐπεχείρησεν
2594 1496 3058 1567 ἀπολογήσασθαι,
3098 1496 3358 1566 μειζόνως
3405 1496 3631 1567 ἔμελλεν

2061 1578 2427 1641 ἀπιστεῖσθαι,
2458 1581 2557 1649 τῆς
2590 1578 2684 1631 τοῦ
2723 1580 3034 1643 δικάζοντος
3056 1578 3277 1648 γνώμης
3308 1580 3632 1652 διεφθαρμέ-

2060 1680 2177 1733 νης.
2210 1663 2335 1726 Πῶς
2371 1663 2478 1734 γὰρ
2503 1666 2531 1716 6
2555 1664 2693 1734 μετά
2726 1664 2993 1727 τοσαύτας
3032 1665 3350 1735 εὐεργεσίας
3381 1665 3631 1736 πολεμῶν

2058 1748 2136 1818 τῷ
2160 1750 2324 1820 μηδὲν
2346 1750 2652 1820 ἠδικηκότι,
2670 1750 2891 1804 ἐδύνατο
2914 1752 3201 1805 πιστεῦσαι
3225 1762 3270 1816 ο,
3287 1752 3368 1804 ὅτι
3394 1754 3422 1805 6
3445 1752 3632 1823 ἀδικη-

2061 1833 2173 1897 θεὶς
2192 1835 2285 1888 τὸν
2314 1835 2650 1905 ἀδικήσαντα
2674 1835 2853 1889 λαϐὼν
2883 1838 2963 1898 είς
2992 1839 3196 1906 χεῖρας,
3219 1838 3473 1905 ἐφείσατο
3491 1855 3506 1904 ;
3526 1838 3632 1891 Καὶ

2059 1921 2189 1991 γὰρ,
2227 1922 2303 1985 ὡς
2328 1922 2398 1975 τά
2434 1922 2625 1989 πολλὰ,
2659 1923 2708 1974 οἱ
2740 1922 2922 1975 πολλοὶ
2956 1923 3064 1976 τῶν
3094 1922 3394 1993 ἀνθρώπων
3437 1924 3502 1976 ἐκ
3524 1925 3632 1979 τῶν

2062 2008 2184 2062 καθ’
2213 2009 2440 2073 ἑαυτοὺς
2473 2010 2566 2062 καὶ
2590 2028 2656 2063 πε
2667 2010 2719 2079 ρὶ
2747 2010 2855 2063 τῶν
2878 2010 3050 2064 ἄλλων
3067 2012 3165 2073 τὰς
3193 2011 3403 2081 ψήφους
3435 2011 3630 2082 φέρου-

2063 2112 2144 2148 σιν
2163 2110 2176 2123 ·
2214 2089 2344 2159 οἷον,
2385 2097 2413 2148 6
2440 2096 2654 2167 μεθύων
2679 2096 2944 2167 διηνεκῶς
2970 2098 3071 2150 οὐκ
3102 2097 3167 2150 ἂν
3198 2098 3394 2167 ῥᾳδίως
3414 2097 3633 2150 πιστεύ-

2062 2198 2204 2233 σειεν
2242 2177 2382 2235 εἷναί
2438 2200 2561 2236 τινα
2598 2182 2886 2255 ἄνθρωπον
2927 2184 2985 2236 ἐν
3037 2184 3332 2253 ἐγκρατείᾳ
3366 2182 3568 2245 ζῶντα·
3602 2186 3631 2238 6

2060 2266 2283 2337 πόρναις
2300 2269 2603 2338 προσέχων,
2625 2269 2720 2323 καὶ
2746 2270 2873 2331 τοὺς
2899 2269 3142 2339 κοσμίως
3165 2268 3415 2338 βιοῦντας
3437 2270 3631 2324 ἀκολά-

2062 2370 2220 2416 στους
2245 2351 2383 2409 εἶναι
2411 2356 2620 2426 νομίζει
2636 2373 2650 2386 ο
2676 2355 2839 2409 πάλιν
2865 2358 2893 2409 6
2920 2356 2987 2409 τά
3015 2354 3124 2408 τῶν
3146 2355 3319 2409 ἀλλων
3344 2356 3626 2426 ἁρπάζων,

2058 2441 2159 2494 οὐκ
2187 2441 2253 2495 ἂν
2292 2442 2539 2512 πεισθείη
2588 2442 2809 2513 ῥᾳδίως,
2844 2444 2925 2495 ὅτι
2958 2443 3097 2495 εἰσὶν
3129 2441 3407 2511 ἄνθρωποι
3441 2442 3534 2495 καὶ
3562 2442 3630 2496 τά

2058 2527 2266 2580 ἑαυτῶν
2297 2529 2609 2599 προέμενοι.
2648 2528 2805 2581 Οὕτω
2837 2529 2900 2600 δὴ
2932 2528 3025 2581 καὶ
3054 2521 3210 2592 οὗτος
3237 2528 3385 2592 ἅπαξ
3406 2528 3511 2582 ὑπὸ
3531 2529 3631 2598 τῆς

2057 2613 2223 2683 ὀργῆς
2254 2615 2432 2679 ἀλοὺς,
2463 2615 2562 2667 οὐκ
2590 2616 2656 2668 ἂν
2684 2615 2881 2686 ῥαδίως
2896 2615 3235 2680 ἐπίστευσεν,
3267 2616 3349 2667 ὃτι
3375 2615 3520 2669 ἔστιν
3536 2616 3630 2669 ἄν·

2057 2699 2271 2770 θρωπος
2298 2700 2439 2754 οὕτω
2465 2701 2558 2754 τοῦ
2583 2701 2786 2764 πάθους
2809 2702 3250 2772 περιγενόμενος,
3268 2702 3344 2765 ὡς
3369 2701 3443 2772 μὴ
3471 2702 3627 2772 μόνον

2060 2788 2223 2857 μηδὲν
2253 2788 2479 2853 ἀδικεῖν,
2513 2788 2651 2841 ἀλλὰ
2682 2789 2776 2841 καὶ
2802 2788 2892 2842 τὸν
2912 2789 3203 2842 ἀδικοῦντα
3228 2782 3440 2851 σώζειν.
3476 2788 3629 2840 Ἐπεὶ

2056 2872 2145 2927 οῦν
2165 2876 2259 2927 καὶ
2290 2876 2323 2944 ἡ
2348 2874 2540 2943 γνώμη
2566 2874 2658 2926 τοῦ
2686 2874 2995 2936 δικάζοντος
3024 2874 3334 2942 διέφθαρτο,
3362 2875 3458 2926 καὶ
3482 2874 3625 2943 μάρ-

2054 2976 2235 3029 τυρες,
2276 2963 2324 3012 εί
2366 2960 2745 3029 παρήχθησαν,
2793 2961 2857 3012 δι’
2901 2958 3132 3027 ὑποψίας
3178 2959 3404 3029 ἔμελλον
3462 2955 3623 3015 εἶναι.

2054 3045 2376 3116 ᾠκονομήθη
2422 3046 2696 3110 ἀπόδειξίν
2730 3063 2851 3099 τινα
2896 3044 3152 3117 γενέσθαι
3193 3045 3496 3115 δυναμένην
3534 3047 3627 3099 καὶ

2054 3133 2179 3196 τοὺς
2211 3133 2415 3203 σφόδρα
2447 3131 2933 3202 ἀναισχυντοῦντας
2969 3118 3352 3202 ἐπιστομίσαι(
3374 3133 3539 3185 Ποίαν
3563 3133 3626 3203 δὴ

2052 3221 2286 3292 ταύτην;
2317 3221 2390 3273 T6
2411 3221 2706 3292 πτερύγιον
2728 3222 2827 3290 τῆς
2854 3221 3142 3284 διπλοΐδος,
3171 3220 3198 3272 ὃ
3219 3221 3313 3272 καὶ
3336 3220 3627 3290 προϐαλλό-

2058 3327 2217 3381 μενος
2236 3310 2418 3379 ἔλεγεν
2433 3326 2447 3342 °
2486 3310 2643 3366 Ἰδοὺ
2659 3310 2724 3363 τὸ
2752 3310 3072 3379 πτερύγιον
3096 3307 3203 3377 τῆς
3228 3306 3540 3373 διπλοΐδος
3558 3308 3627 3360 ὲν

2052 3397 2127 3466 τῇ
2156 3400 2309 3467 χειρί
2336 3417 2480 3469 μου,
2519 3399 2550 3453 ὃ
2594 3400 2708 3468 ἐγὼ
2740 3397 3016 3468 ἀφεῖλον,
3052 3399 3149 3452 καὶ
3172 3399 3283 3450 οὐκ
3309 3394 3627 3451 ἀπέκτεινά

2052 3500 2145 3540 σε.
2180 3486 2423 3555 Ἃφωνος
2447 3487 2477 3539 6
2503 3487 2733 3558 μάρτυς,
2764 3484 2902 3539 ἀλλά
2926 3486 3034 3539 τῶν
3061 3486 3243 3555 φωνὴν
3270 3484 3501 3555 ἐχόντων
3524 3500 3623 3536 σα-

2052 3572 2328 3643 φέστερος.
2355 3574 2429 3625 Οὐ
2454 3573 2562 3643 γὰρ
2589 3573 2655 3626 ἂν
2680 3574 2729 3626 εἰ
2767 3574 2841 3643 μή
2874 3573 3102 3642 πλησίον
3136 3572 3426 3643 ἐγενόμην,
3467 3572 3622 3641 φησὶ,

2052 3660 2145 3713 καὶ
2174 3659 2270 3713 τοῦ
2306 3659 2557 3729 σώματος
2594 3661 2759 3727 ἐγγὺς
2793 3662 3066 3731 εἱστήκειν
3087 3660 3181 3712 τοῦ
3209 3659 3326 3724 σοῦ,
3358 3660 3418 3712 τὸ
3461 3660 3625 3729 μέρος

2051 3745 2119 3799 ἂν
2151 3746 2322 3813 ἔκοψα
2338 3745 2433 3797 τοῦ
2465 3747 2703 3815 ἱματίου.
2741 3746 2903 3815 Ὁρᾷς
2929 3748 3051 3797 ὅσον
3078 3745 3285 3811 ἀγαθὸν
3312 3746 3530 3812 ἐγένετο
3560 3746 3625 3798 ἐκ

2050 3828 2143 3881 τοῦ
2178 3829 2465 3899 κινηθῆναι
2493 3830 2643 3898 παρά
2664 3829 2760 3899 τὴν
2792 3831 2967 3900 ἀρχὴν
2990 3830 3083 3883 τὸν
3104 3830 3297 3893 Δαυῖδ;
3324 3832 3384 3882 Et
3417 3831 3491 3900 μὴ
3517 3830 3624 3900 γὰρ

2050 3915 2275 3985 ἐκινήθη
2304 3914 2439 3985 πρὸς
2459 3914 2556 3985 τὴν
2576 3915 2765 3985 ὀργὴν,
2794 3916 2895 3967 οὐκ
2916 3915 2982 3969 ἂν
3010 3914 3133 3967 οὔτε
3165 3916 3262 3985 τὴν
3303 3913 3623 3983 φιλοσοφίαν

2051 4002 2325 4072 ἐμάθομεν
2348 4001 2442 4054 τοῦ
2472 4002 2662 4072 ἀνδρὸς
2688 4001 2830 4071 (οὐδέ
2856 4001 2965 4070 γάρ
2992 4002 3100 4054 ἀπὸ
3130 4002 3469 4070 φιλοσοφίας,
3494 4002 3612 4056 ἀλλ’

2050 4084 2110 4148 ἐξ
2136 4085 2491 4154 ἀναισθησίας
2533 4084 2731 4155 μᾶλλον
2757 4083 2934 4148 ἔδοξεν
2966 4083 3033 4137 ἂν
3066 4082 3090 4119 «³
3140 4084 3353 4146 πολλοῖς
3381 4087 3414 4152 ή
3459 4084 3625 4153 φειδὼ

2048 4167 2342 4236 γενέσθαι),
2362 4168 2469 4220 οὐδ’
2500 4167 2566 4221 ἂν
2597 4167 2823 4236 ἐξέκοψε
2853 4167 2951 4237 τὴν
2975 4166 3248 4221 διπλοΐδα·
3282 4167 3355 4237 μὴ
3384 4167 3625 4235 ἐκκόψας

2048 4254 2124 4319 δὲ,
2140 4254 2435 4324 οὐδαμόθεν
2455 4254 2720 4325 ἐτέρωθεν
2745 4249 2858 4324 εἶχε
2891 4252 3267 4307 πιστώσασθαι
3287 4253 3377 4307 τὸν
3406 4254 3619 4325 ἐχθρόν.

2052 4340 2201 4412 [766]
2236 4340 2370 4394 Νυνὶ
2408 4341 2465 4393 δὲ
2498 4341 2740 4410 κινηθεὶς
2773 4343 2868 4395 καὶ
2900 4340 3101 4411 τεμὼν,
3143 4340 3623 4412 ἀναμφισϐήτητον

2048 4422 2321 4488 ἀπόδειξιν
2346 4423 2444 4490 τῆς
2479 4423 2645 4475 αὐτοῦ
2682 4423 2937 4494 προνοίας
2971 4423 3294 4494 παρέσχετο.
3342 4425 3495 4478 Ἐπεὶ
3526 4420 3621 4478 οῦν

2046 4504 2218 4567 οὕτως
2242 4505 2413 4574 ἀληθῆ
2441 4505 2534 4557 καὶ
2580 4504 2888 4557 ἀνύποπτον
2930 4507 3236 4574 μαρτυρίαν
3268 4507 3613 4575 παρήγαγεν,

2048 4587 2209 4640 αὐτὸν
2248 4586 2432 4639 λοιπὸν
2476 4585 2568 4637 τὸν
2601 4586 2792 4655 ἐχθρὸν
2818 4586 2911 4638 καὶ
2942 4585 3202 4655 δικαστὴν
3247 4588 3343 4639 καὶ
3366 4587 3621 4656 μάρτυρα

2049 4670 2204 4723 καλεῖ
2221 4670 2319 4738 τῆς
2343 4668 2549 4732 οἰκείας
2576 4667 2923 4738 κηδεμονίας,
2949 4668 3149 4720 οὑτωσὶ
3189 4667 3360 4735 λέγων
3379 4684 3394 4699 ο
3424 4668 3620 4723 Γνῶθι

2048 4759 2148 4812 καὶ
2179 4757 2269 4811 ιδε
2311 4756 2597 4825 σήμερον,
2633 4754 2724 4808 ὅτι
2751 4757 2863 4809 οὐκ
2895 4755 3067 4812 ἔστιν
3099 4754 3169 4807 ἐν
3212 4753 3289 4821 τῇ
3316 4755 3467 4822 χειρί
3498 4773 3618 4824 μου

2046 4845 2246 4909 κακία,
2275 4844 2417 4898 οὐδὲ
2448 4842 2758 4911 ἀθέτησις·
2787 4842 2887 4895 καὶ
2918 4841 2999 4895 σὺ
3031 4840 3342 4910 δεσμεύεις
3367 4842 3480 4911 τὴν
3500 4846 3618 4911 ψυ-

2046 4928 2167 4997 χήν
2194 4944 2336 4994 μου,
2368 4925 2473 4980 τοῦ
2508 4924 2716 4980 λαϐεῖν
2734 4924 2944 4992 αὐτήν.
2983 4923 3263 4977 Ἐντεῦθεν
3293 4925 3529 4995 μάλιστα
3551 4924 3616 4977 ἄν

2043 5027 2130 5073 τις
2158 5010 2322 5065 αὐτὸν
2349 5008 2649 5079 θαυμάσειε
2679 5008 2779 5077 τῆς
2817 5007 3239 5078 μεγαλοψυχίας,
3262 5008 3344 5060 ὅτι
3374 5007 3482 5062 ἀπὸ
3506 5008 3615 5059 τῶν

2044 5096 2164 5148 κατ’
2194 5094 2407 5163 ἐκείνην
2436 5093 2535 5162 τὴν
2568 5090 2781 5162 ἡμέραν
2824 5090 3145 5160 συμϐάντων
3180 5090 3279 5160 τὴν
3321 5089 3614 5157 ἀπολογίαν

2042 5179 2277 5229 ποιεῖται
2308 5176 2487 5246 μόνον.
2507 5175 2676 5227 Τοῦτο
2700 5174 2805 5245 γὰρ
2825 5173 3041 5244 ᾐνίξατο
3068 5172 3234 5226 εἰπών
3257 5192 3270 5206 ο
3290 5173 3485 5227 Γνῶθι
3513 5172 3614 5225 καί

2044 5260 2133 5313 ἴδε
2160 5260 2444 5329 σήμερον.
2485 5258 2649 5311 Οὐδὲν
2675 5258 2817 5325 λέγω
2848 5257 2958 5311 τῶν
2988 5256 3380 5327 παρελθόντων,
3415 5257 3607 5325 φησίν·

2042 5343 2202 5413 ἀρκεῖ
2234 5360 2324 5413 μοι
2368 5341 2505 5412 πρὸς
2531 5340 2802 5406 ἀπόδειξιν
2834 5341 2868 5409 ἡ
2898 5339 3148 5409 παροῦσα
3182 5338 3382 5408 ἡμέρα.
3417 5340 3611 5392 Καίτοι

2040 5442 2104 5493 γε
2137 5425 2332 5486 πολλὰς
2370 5424 2465 5476 καὶ
2493 5422 2730 5494 μεγάλας
2759 5420 3067 5491 ἔμπροσθεν
3104 5420 3421 5488 εὐεργεσίας
3450 5435 3609 5489 γεγε-

2101 5592 2130 5631 b
2152 5591 2295 5656 Begii
2320 5592 2421 5645 πῶς
2577 5590 2654 5637 ἵνα
2676 5590 2880 5656 σαφῶς.ν

2106 5658 2127 5721 '3
2156 5650 2429 5721 Βεὲςμριξε
2448 5650 2644 5721 ἐδύγετρ
2664 5650 2989 5721 ,ἓπρπτεῦςαν
3109 5711 3131 5721 ,

2102 5713 2130 5752 ἆ
2156 5708 2296 5773 Regii
2322 5713 2501 5775 ἀνδρός·
2531 5711 2633 5759 ἀλλ’
2658 5711 2703 5765 ἐξ
2741 5708 3044 5767 ἀναισθησίας
3070 5708 3295 5769 μᾶλλονῆ
3335 5709 3610 5772 φιλοσοφίας

2044 5777 2193 5833 ἔδοξεν
2216 5776 2289 5836 ἀν,
2314 5780 2412 5824 etc.
