4094 6256
505 392 614 457 695

509 595 648 664 πρὸς
667 595 757 649 τὸν
775 595 1044 666 βάρϐαρον
1072 599 1406 668 μονομαχίας
1431 600 1594 653 αὑτὸν
1622 601 1930 670 ἀναμνῆσαι
1959 602 2071 654 ἐδύ-

500 694 651 743 νατο,
672 680 764 731 καὶ
791 681 984 742 εἰπεῖν,
1007 679 1092 732 ὅτι
1113 680 1220 733 Τοῦ
1244 680 1579 753 βαρϐαρικοῦ
1604 684 1864 754 πολέμου,
1895 684 2066 738 καθά-

499 777 609 830 περ
641 760 1023 831 κατακλυσμοῦ
1047 779 1212 827 τινος,
1252 763 1468 817 ἅπασαν
1502 765 1786 835 μέλλοντος
1819 767 2069 838 παρασύ-

503 859 617 912 ρειν
643 841 740 912 τήν
768 842 942 903 πόλιν,
976 845 1392 916 κατεπτηχότων
1427 846 1580 916 ὑμῶν
1617 849 1711 901 καὶ
1734 848 2066 911 δεδοικότων,

499 925 594 978 καὶ
611 925 730 978 καθ’
748 925 985 996 ἑκάστην
1002 927 1214 998 ἡμέραν
1227 927 1612 982 ἀποθανεῖσθαι
1625 930 2067 1001 προσδοκώντων,

500 1006 613 1075 ἐγὼ
647 1008 952 1079 παρελθὼν,
983 1011 1197 1074 οὐδενὸς
1235 1011 1662 1080 ἀναγκάσαντος,
1698 1013 1834 1067 άλλά
1856 1017 1950 1068 καὶ
1977 1015 2070 1068 σοῦ

500 1091 800 1154 κωλύοντος
837 1093 930 1145 καὶ
961 1093 1280 1163 κατέχοντος
1307 1094 1400 1147 καὶ
1429 1094 1698 1162 λέγοντος,
1721 1099 1803 1150 Οὐ
1829 1096 2070 1164 δυνήσῃ

501 1173 884 1242 πορευθῆναι,
911 1175 1000 1228 ὅτι
1035 1175 1349 1245 παιδάριον
1379 1173 1453 1239 εἴ,
1480 1178 1662 1244 αὐτὸς
1694 1179 1761 1232 δὲ
1789 1179 1943 1249 ἀνὴρ
1969 1195 2073 1232 πο-

501 1258 793 1326 λεμιστὴς
817 1259 885 1311 ἐκ
912 1259 1194 1324 νεότητος
1219 1261 1406 1312 αὑτοῦ
1426 1276 1439 1289 ·
1458 1261 1557 1313 οὐκ
1580 1262 1910 1332 ἠνεσχόμην,
1940 1262 2073 1315 ἀλλά

469 1340 608 1410 ίπρὸ
637 1340 744 1392 τῶν
785 1340 959 1392 ἄλλων
987 1341 1239 1395 ἁπάντων
1271 1343 1539 1412 ὲπήδησα,
1572 1344 1780 1396 καὶτὸν
1812 1344 2072 1412 πολέμιον

503 1420 790 1490 ἐδεξάμην,
817 1421 909 1472 καὶ
927 1421 1027 1490 τὴν
1049 1422 1290 1493 κεφαλὴν
1318 1423 1610 1493 ἀπέτεμον,
1627 1425 1721 1478 καὶ
1742 1424 1930 1495 ὥσπερ
1953 1429 2073 1480 τινά

504 1504 815 1575 χειμάρρου
850 1504 1035 1574 ῥύμην·
1072 1505 1356 1560 ἀνέστειλα
1389 1507 1484 1576 τὴν
1515 1507 1698 1576 ἔφοδον
1726 1508 1834 1560 τῶν
1867 1508 2072 1579 βαρϐά-

506 1603 617 1656 ρων
651 1585 890 1650 ἐκείνων,
927 1589 1020 1638 κα)⁸
1047 1588 1145 1656 τὴν
1189 1588 1343 1639 πόλιν
1378 1590 1661 1659 σειομένην
1695 1589 1899 1658 ἔστησα
1925 1608 1938 1619 ·
1979 1591 2074 1642 καὶ

505 1668 576 1721 δι’
617 1668 716 1737 ἐμὲ
753 1670 816 1722 σὺ
867 1669 967 1738 μὲν
1019 1669 1117 1739 τὴν
1142 1669 1418 1738 βασιλείαν
1461 1673 1555 1724 καὶ
1586 1673 1685 1741 τὴν
1711 1673 1907 1744 ψυχὴν,
1939 1676 1984 1726 οί
2018 1675 2075 1727 δὲ

504 1751 682 1803 λοιποὶ
715 1751 916 1812 πάντες
952 1751 1090 1820 μετὰ
1120 1751 1219 1821 τῆς
1247 1751 1422 1821 ψυχῆς
1446 1755 1544 1825 τὴν
1574 1755 1727 1807 πόλιν
1756 1758 1849 1808 καὶ
1877 1757 1975 1820 τάς
1998 1759 2077 1810 οξ-

505 1834 650 1897 κίας,
686 1835 778 1885 καὶ
806 1832 873 1885 τὰ
896 1833 1084 1886 παιδία
1116 1834 1209 1885 καὶ
1240 1833 1308 1885 τὰ
1343 1835 1541 1902 γύναια
1567 1837 1768 1907 έχουσι.
1809 1840 1920 1892 Καὶ
1960 1842 2075 1909 μετ’

504 1909 679 1967 ἐκεῖνο
708 1914 763 1966 δὲ
793 1913 951 1966 πάλιν
975 1914 1036 1967 τὸ
1067 1915 1344 1984 τρόπαιον,
1383 1917 1602 1987 ἐτέρους
1622 1917 1714 1981 οὓς
1747 1921 2076 1992 κατώρθωσε

504 1996 774 2064 πολέμους
808 1998 984 2048 εἰπεῖν
1006 1993 1152 2065 εῖχεν
1185 1998 1284 2049 οὐκ
1321 1999 1571 2062 ἐλάττους
1599 2003 1828 2055 ἐκείνου.
1864 2006 1973 2056 Καὶ
1995 2007 2075 2056 ὃτι

505 2081 597 2133 καὶ
630 2079 774 2142 ἅπαξ
806 2080 899 2131 καὶ
929 2081 1012 2143 δὶς
1057 2082 1150 2134 καὶ
1188 2082 1447 2146 πολλάκις
1493 2085 1944 2156 ἐπιχειρήσαντος
1979 2090 2075 2142 ἀν-

506 2164 664 2226 ελεῖν,
690 2163 786 2214 καὶ
813 2163 874 2214 τὸ
896 2164 1024 2232 δόρυ
1059 2165 1200 2216 κατά
1233 2166 1330 2236 τῆς
1363 2166 1525 2218 αὐτοῦ
1566 2169 1804 2239 κεφαλῆς
1826 2171 2073 2238 ἀφέντος,

503 2246 604 2298 οὐκ
631 2247 1060 2315 ἐμνησικάκησε,
1094 2248 1188 2300 καὶ
1213 2247 1293 2300 ὅτι
1327 2250 1462 2316 μετά
1491 2251 1662 2304 ταῦτα
1698 2253 1906 2322 μέλλων
1939 2254 2075 2307 ἀπο-

504 2329 702 2400 διδόναι
730 2329 829 2380 τδν
852 2329 1039 2398 μισθὸν
1069 2330 1166 2398 τῆς
1196 2332 1466 2401 προτέρας
1492 2334 1690 2402 μάχης,
1719 2335 1844 2388 ἕδνα
1866 2337 2077 2406 ἀπῄτη.

507 2427 619 2470 σεν,
656 2410 717 2462 ού
751 2411 1084 2479 χρυσίον-καὶ
1104 2411 1384 2481 ἀργύριον,
1410 2414 1544 2465 ἀλλὰ
1569 2417 1784 2486 σφαγὴν
1815 2418 1909 2468 καὶ
1938 2435 2076 2471 ταιν-

505 2492 801 2562 ωλεθρίανο
837 2494 936 2544 καὶΔ
974 2493 1094 2544 οὐδὲ
1136 2495 1370 2547 ἐνταῦθα
1431 2496 1704 2550 ἀνένευσε.
1741 2499 1925 2550 Ταῦτα
1970 2501 2078 2570 γὰρ

507 2574 706 2634 πάντα,
737 2572 831 2623 καὶ
861 2573 1040 2642 πολλῷ
1076 2575 1294 2627 πλείονα
1327 2577 1528 2628 τούτων
1563 2580 1656 2631 καὶ
1692 2579 1914 2646 μείζονα
1936 2579 2080 2650 εἶχεν

509 2655 684 2706 εἰπεῖν
707 2667 722 2682 ·
770 2653 885 2705 ἀλλ’
922 2653 1074 2706 οὐδὲν
1116 2655 1321 2710 τούτων
1366 2653 1542 2711 εἶπεν.
1575 2661 1649 2711 UO
1691 2660 1800 2730 γὰρ
1831 2663 2080 2714 ὀνειδίσαι

508 2733 661 2804 αύτῷ
691 2734 790 2798 τάς
827 2736 1143 2805 εὐεργεσίας
1175 2739 1445 2805 ἐϐούλετο,
1495 2741 1631 2793 ἀλλὰ
1673 2745 1855 2795 πεῖσαι
1901 2744 2078 2812 μόνον,

508 2817 592 2870 ὅτι
629 2816 736 2870 τῶν
767 2818 1061 2884 φιλούντων
1093 2820 1255 2873 αὑτὸν
1302 2823 1396 2874 καὶ
1429 2821 1740 2893 κηδομένων
1771 2826 1940 2891 ἐστὶν,
1964 2827 2084 2896 οὐχ).

508 2901 618 2952 τῶν
645 2901 1101 2954 ἐπιϐουλευόντων
1127 2904 1222 2954 καὶ
1255 2904 1654 2974 πολεμούντων,

580 2983 678 3034 Διά
698 2982 853 3034 τοῦτο
879 2984 1057 3036 πάντα
1079 2986 1260 3038 ἐκεῖνα
1282 2987 1462 3054 ἀφεὶς,
1485 2988 1542 3039 τὺ
1567 2991 1622 3039 ἐν
1649 2990 1784 3059 αὐτῇ
1812 2993 1876 3059 τῇ
1903 2990 2084 3060 ἡμέρᾳ

512 3063 725 3131 συμϐάν
751 3064 908 3134 μόνον
936 3066 1015 3127 είς
1033 3065 1188 3133 λόγον
1209 3067 1506 3136 ἀπολογίας
1531 3072 1872 3140 παρήγαγεν.
1900 3072 2084 3134 Οὕτως

509 3140 578 3214 ἦν
603 3145 805 3214 ἄτυφος
835 3148 928 3199 καὶ
965 3149 1266 3212 κενοδοξίας
1299 3151 1534 3221 καθαρὸς
1559 3153 1791 3222 ἀπάσης,
1824 3156 1916 3206 καὶ
1951 3154 2084 3223 πρὸς

510 3228 568 3281 ἓν
584 3230 774 3281 ἕϐλεπε
799 3230 975 3299 μόνον,
1003 3231 1097 3300 τὴν
1118 3232 1210 3284 τοῦ
1230 3233 1364 3284 Θεοῦ
1380 3235 1568 3303 ψῆφον.
1610 3231 1745 3288 Εἶτά
1770 3252 1922 3304 φησί’
1946 3241 2029 3303 Is'p
2044 3239 2084 3276 '-

510 3331 609 3365 ναι
647 3314 856 3380 Κύριος
886 3313 1001 3366 ἀνὰ
1036 3314 1230 3381 μέσον
1261 3317 1406 3383 ἐμοῦ
1455 3320 1552 3370 καὶ
1591 3318 1728 3372 σοῦ’.
1765 3320 1934 3372 Τοῦτο
1965 3317 2083 3372 εἷπε

509 3395 573 3447 τὸ
597 3395 772 3464 ῥῆμα,
798 3395 919 3462 οὐχὶ
939 3395 1268 3462 κολασθῆναι
1301 3397 1618 3465 βουλόμενος
1640 3401 1732 3452 τὸν
1757 3400 1944 3470 ἄνδρα,
1967 3402 2085 3455 οὐδὲ

509 3476 782 3547 τιμωρίαν
807 3478 937 3546 παρ’
956 3477 1119 3529 αὑτοῦ
1143 3477 1350 3544 λαϐεῖν,
1377 3480 1513 3533 ἀλλά
1544 3481 1776 3551 φοϐῆσαι
1796 3485 1862 3553 τῇ
1899 3487 2084 3554 μνήμῃ

511 3560 613 3628 τῆς
642 3557 940 3628 μελλούσης
969 3559 1232 3628 κρίσεως·
1267 3563 1362 3614 καὶ
1389 3563 1448 3614 ού
1472 3564 1707 3632 φοϐῆσαι
1743 3565 1921 3637 μόνον,
1955 3568 2087 3622 ἀλλά

513 3643 609 3696 καὶ
649 3641 929 3710 ύπὲριτῶν
957 3641 1077 3693 καθ’
1106 3643 1295 3697 ἑαυτὸν
1334 3647 1796 3719 ἀπολογήσασθαι.
1834 3653 2087 3707 Μάλιστα

516 3726 618 3796 μὲν
631 3723 920 3796 γάρ.[767]
935 3725 1230 3797 φησ¹ιν,ἒχω
1243 3729 1334 3781 καὶ
1352 3729 1459 3783 ἀπὸ
1473 3732 1578 3784 τῶν
1598 3735 1934 3802 πραγμάτων
1951 3735 2060 3787 ἀπο
2072 3767 2088 3776 ο

512 3808 706 3876 δείξεις
723 3824 734 3836 ⁸
756 3810 804 3860 εί
819 3807 876 3860 δὲ
894 3809 1160 3872 ἀπιστεῖς,
1188 3813 1348 3864 αὑτὸν
1377 3814 1526 3865 καλῶ
1542 3816 1629 3866 τὸν
1647 3816 1776 3868 Θεὸν
1805 3818 2078 3887 μάρτυρα,

510 3893 606 3945 τὸν
629 3893 702 3946 τά-
723 3893 1010 3963 ἀπόρρητα
1034 3894 1132 3962 τῆς
1161 3895 1391 3947 ἑκάστου
1416 3896 1652 3961 διανοίας
1680 3899 1876 3963 εἰδότα,
1915 3902 2087 3955 καὶτὸ

516 3975 754 4037 συνειδὸς
783 3975 1073 4045 ἐρευνῆσαι
1097 3976 1417 4045 δυνάμενον.
1911 3991 1922 4001 “

584 4065 646 4113 ε’.
673 4057 857 4109 Ταῦτα
886 4058 942 4110 δὲ
973 4057 1146 4125 ἔλεγε,
1165 4059 1376 4122 δεικνὺς
1407 4062 1596 4114 ὅτιούκ
1618 4062 1680 4114 ἂν
1704 4063 1969 4133 ἐτόλμησε
1991 4082 2089 4118 xa-

513 4141 669 4194 λέσαιι
689 4140 778 4193 τὸν
799 4140 1236 4210 ἀπαραλόγιστον
1266 4141 1545 4211 δικαστὴν,
1575 4144 1667 4194 καὶ
1688 4146 1774 4196 ἐπ’
1801 4146 1964 4198 αὑτοῦ
1989 4148 2088 4217 τὴν

513 4225 671 4292 δίκην
700 4225 1036 4288 εἰσαγαγεῖν,
1061 4224 1109 4273 εί
1140 4222 1214 4290 μή
1248 4223 1450 4293 σφόδρα
1475 4221 1542 4293 ἦν
1570 4225 1846 4289 πεπεικὼς
1878 4229 2087 4293 ἑαυτὸν,

517 4306 607 4357 ὅτι·
628 4304 808 4372 πάσης
839 4302 1131 4370 ἐπιϐουλῆς
1163 4299 1230 4370 ἦν
1265 4305 1522 4374 καθαρός.
1557 4307 1668 4359 Καὶ
1691 4307 1772 4358 ὅτι
1809 4309 1870 4360 οὐ
1895 4325 2088 4379 στοχα-

438 4429 443 4436 .
519 4384 654 4454 σμὸς
682 4383 751 4436 τὰ
783 4384 1064 4452 εἰρημένα,
1107 4384 1247 4436 ἀλλὰ.
1280 4388 1373 4439 καὶ
1406 4389 1544 4458 ὑπὲρ
1581 4389 1689 4441 τῶν
1731 4390 1854 4444 καθ’
1900 4393 2090 4445 ἑαυτὸν

517 4468 963 4538 ἀπολογήσασθαι
997 4466 1298 4538 βουληθεὶς,
1341 4471 1592 4524 κάκεῖνον
1641 4475 1973 4545 σωφρονίσαι
2004 4477 2089 4530 θέ-

516 4552 646 4615 λων,
677 4549 778 4619 τῆς
810 4550 966 4620 δίκης
989 4550 1204 4620 ἐκείνης
1223 4551 1546 4621 ἀνέμνησεν,
1584 4555 1744 4608 ἱκανά
1774 4557 1872 4625 μὲν
1905 4559 1998 4610 καὶ
2024 4559 2091 4611 τά

517 4635 616 4705 ἤδη
639 4632 978 4702 γεγενημένα
1003 4631 1272 4700 δηλῶσαι·
1301 4635 1402 4687 οὐκ
1431 4634 1650 4688 ἔλαττον
1668 4637 1724 4688 δὲ
1751 4638 1972 4692 ἐκείνων
1997 4643 2090 4692 καὶ

515 4717 596 4770 τὰ.
613 4715 750 4786 μετά
769 4714 943 4768 ταῦτα
965 4716 1246 4784 συμϐάντα
1271 4716 1428 4770 τοῦτο
1450 4718 1822 4772 πιστώσασθαι
1849 4719 2086 4775 δύναται.

518 4800 626 4852 Καὶ
651 4799 760 4868 γὰρ
792 4798 954 4851 πάλιν
986 4798 1145 4850 αὐτὸν
1167 4801 1246 4861 εἰς
1273 4801 1460 4869 χεῖρας
1485 4800 1684 4865 λαϐὼν,
1713 4804 1849 4872 μετά
1869 4804 1964 4873 τὴν
1983 4821 2087 4857 σωο

516 4881 713 4952 τηρίαν
741 4880 946 4951 ταύτην
971 4881 1290 4950 ἐπιθέμενον
1315 4882 1464 4950 αὐτῴ
1492 4885 1585 4934 καὶ
1608 4884 1816 4936 ἀνελεῖν
1838 4886 2092 4955 βουλόμε-

517 4981 629 5030 νον,
664 4963 760 5015 καὶ
792 4963 1086 5032 δυνάμενος
1117 4963 1276 5018 αὑτὸν
1313 4966 1449 5033 μετά
1473 4964 1565 5015 τοῦ
1598 4968 1956 5034 στρατοπέδου
1993 4987 2092 5021 κα-

517 5047 754 5116 τακόψαι
780 5045 1002 5109 παντὸς,
1034 5045 1268 5114 ἀφῆκεν,
1300 5047 1473 5109 οὐδὲν,
1502 5041 1575 5098 ὧν
1611 5048 1755 5110 εἰκὸς
1783 5044 1850 5117 ἦν
1879 5049 2088 5115 παθεῖν,

518 5126 847 5182 πεπονθότα.
870 5125 960 5178 Διὸ
989 5127 1080 5179 καὶ
1104 5126 1330 5179 συνιδὼν
1357 5140 1380 5166 ιι
1414 5128 1487 5188 ὡς
1519 5129 1791 5198 ἀνήκεστα
1812 5133 1974 5194 νοσεῖ,
2001 5135 2092 5185 καὶ

518 5213 619 5281 τῆς
639 5210 775 5281 πρὸς
797 5208 958 5261 αὑτὸν
988 5208 1186 5278 ἔχθρας
1211 5209 1447 5278 οὐδαμοῦ
1469 5209 1617 5279 λήξει
1649 5211 1795 5273 ποτὲ.
1829 5213 2092 5282 ἐξήγαγεν

520 5295 710 5348 ἑαυτὸν
756 5294 868 5345 τῶν
911 5291 1204 5361 ὀφθαλμῶν
1246 5291 1356 5343 τῶν
1403 5293 1634 5354 ἐκείνου,
1669 5295 1762 5346 καὶ
1801 5296 1950 5365 παρά
1983 5300 2094 5358 τοῖς

522 5377 816 5449 βαρϐάροις
838 5376 955 5445 ἔζη,
983 5374 1270 5438 δουλεύων,
1295 5376 1662 5445 ἠτιμωμένος,
1685 5379 2092 5446 αἰσχυνόμενος,

521 5465 586 5514 ἐκ
606 5463 771 5513 πόνου
796 5459 889 5512 καὶ
922 5457 1295 5526 ταλαιπωρίας
1325 5457 1422 5526 τὴν
1456 5459 1758 5524 ἀναγκαίαν
1789 5461 1966 5529 ἐαυτῷ
1998 5477 2095 5512 πο-

527 5543 692 5614 ρίζων
717 5543 948 5612 τροφήν.
977 5541 1088 5595 Καὶ
1107 5541 1169 5593 οὐ
1190 5539 1347 5594 τοῦτο
1365 5541 1522 5610 μόνον
1544 5543 1658 5595 ἐστὶ
1680 5543 1739 5596 τὸ
1761 5542 2095 5615 θαυμαστὸν,

592 5757 616 5784 ⁸
641 5755 783 5816 Regii
809 5758 984 5818 ἀφῆκέν
1009 5775 1057 5805 τε
1083 5759 1185 5818 ὑγιῆ
1211 5759 1287 5805 καὶ
1315 5761 1456 5822 σῶον,
1481 5761 1556 5807 καὶ
1585 5761 1778 5807 συνιδών

1203 403 1260 458 S.
1292 399 1576 459 JOANNIS
1611 403 2107 462 CHRYSOSTOMI
2139 407 2456 466 ARGHIEP.
2497 410 3037 472 CONSTANTINOP.

500 513 745 584 νημένας
771 511 915 583 εῖχεν
934 512 1205 584 ἀριθμεῖν,
1228 515 1384 588 εἴπερ
1404 516 1662 586 ἠϐούλετο
1681 535 1696 550 ο
1721 520 1811 572 καὶ
1840 521 1947 590 γὰρ
1969 521 2080 590 τῆς

3635 407 3737 466 ϐθι

2172 523 2287 576 ἀλλ’
2317 527 2407 578 ὄτι·
2424 527 2518 580 καὶ
2563 529 2794 582 πεσόντα
2823 530 3064 594 ἀκούσας
3093 528 3186 582 ἐπὶ
3210 528 3310 600 τῆς
3356 525 3734 597 παρατάξεως,

2169 618 2421 690 διέρρηξέ
2448 638 2506 674 τε
2540 623 2630 676 τὸν
2655 625 2995 694 χιτωνίσκον,
3022 626 3116 678 καὶ
3148 624 3340 677 σποδὸν
3369 625 3712 676 κατεπάσατο

2171 717 2264 768 καὶ
2303 717 2499 788 θρῆνον
2539 718 2858 790 έθρήνησεν,
2902 719 3066 792 ὂνὶάν
3107 737 3192 785 τις
3224 721 3536 792 θρηνήσειε,
3575 719 3738 773 παῖδα

2174 813 2436 883 μονογενῆ
2472 813 2568 866 καὶ
2596 817 2818 887 γνήσιον
2859 817 3176 882 ἀποϐαλὼν,
3202 816 3439 886 συνεχῶς
3471 815 3636 868 αὐτοῦ
3677 815 3743 868 τδ

2169 904 2340 975 ὄνομα
2368 908 2654 963 ἀνακαλῶν
2683 911 2821 979 μετά
2847 912 2940 965 τοῦ
2962 911 3196 975 παιδίου,
3221 911 3321 965 καὶ
3343 909 3594 980 ἐγκώμια
3617 926 3741 964 συν-

2171 1003 2363 1071 τιθεὶς,
2381 1006 2476 1058 καὶ
2503 1006 2706 1078 πικρὰν
2737 1009 2920 1077 ἀφιεὶς
2941 1006 3144 1078 φωνὴν,
3174 1009 3268 1062 καὶ
3291 1007 3481 1078 μέχρις
3503 1006 3742 1077 ἑσπέρας

2172 1101 2357 1163 ἄσιτος
2392 1102 2590 1171 μένων,
2625 1105 2718 1157 καὶ
2755 1104 2894 1157 αύτά
2933 1103 3001 1156 τά
3031 1102 3207 1174 χωρία
3238 1101 3624 1173 καταρώμενος
3671 1102 3741 1154 τὰ

2173 1195 2440 1266 δεξάμενα
2468 1199 2528 1252 τὸ
2554 1192 2692 1270 αἷμα
2718 1198 2812 1252 τοῦ
2855 1199 3029 1252 Σαούλ
3047 1215 3060 1228 ·
3099 1199 3248 1267 Ὄρη
3280 1198 3410 1268 γάρ,
3454 1199 3640 1269 φησὶν,
3667 1197 3740 1249 τὰ

2173 1289 2458 1354 Γελϐουὲ,
2498 1291 2585 1360 μὴ
2616 1291 2789 1345 πέσοι
2820 1291 2912 1360 ἐφ’
2937 1289 3112 1359 ὑμᾶς,
3141 1289 3292 1358 μήτε
3327 1289 3564 1357 δρόσος.
3589 1287 3742 1356 μήτε

2173 1384 2346 1449 ὐετός
2364 1399 2376 1413 ’
2419 1384 2526 1452 ὄρη
2563 1385 2841 1449 θανάτου,
2876 1385 2964 1438 ὅτι
2999 1385 3126 1438 ἐκεῖ
3148 1383 3370 1452 ἐξήρθη
3411 1382 3608 1449 σκέπη
3635 1382 3739 1436 δυ-

2174 1475 2390 1532 νατῶν.
2434 1478 2609 1551 Ὅπερ
2653 1481 2890 1550 πατέρες
2929 1479 3140 1532 ποιοῦσι
3188 1478 3470 1542 πολλάκις,
3516 1481 3610 1532 καὶ
3638 1479 3739 1548 τὴν

2170 1573 2352 1626 ὀὶκίαν
2368 1574 2820 1645 ἀποστρέφονται,
2851 1577 3048 1630 καὶτὸν
3065 1574 3336 1629 στενωπὸν
3355 1572 3534 1644 ἀηδῶς
3549 1573 3738 1643 ὁρῶσι,

2175 1666 2238 1720 δι’
2267 1662 2326 1720 οὗ
2352 1668 2442 1720 τὸν
2459 1671 2573 1722 υίὸν
2600 1670 2979 1741 προέπεμψαν,
3007 1669 3168 1724 τοῦτο
3189 1672 3282 1724 καὶ
3309 1665 3463 1732 οὗτος
3493 1669 3738 1736 ἐποίησε,

2178 1763 2272 1813 καὶ
2295 1765 2572 1833 κατηρᾶτο
2604 1767 2715 1827 τοῖς
2736 1765 2887 1834 ὄρεσι
2910 1769 3020 1829 τοῖς
3045 1766 3140 1837 τὴν
3170 1766 3383 1834 σφαγὴν
3410 1763 3737 1832 δεξαμένοις-

2177 1858 2337 1913 Μισῶ
2371 1862 2463 1912 καὶ
2498 1859 2589 1912 τὸν
2632 1861 2797 1916 τόπον
2835 1863 3001 1916 αὐτὸν
3033 1862 3122 1914 διά
3165 1863 3294 1926 τοὺς
3336 1862 3451 1913 ἐκεῖ
3486 1859 3742 1920 πεσόντας

2179 1960 2427 2028 νεκροὺς,
2455 1959 2608 2028 φησί.
2631 1960 2847 2029 Μηκέτι
2875 1961 3053 2013 τοίνυν
3083 1959 3317 2030 βραχῆτε
3344 1958 3372 1997 ι)
3399 1959 3511 2018 τοῖς
3545 1955 3744 2010 ἄνωθεν

2181 2055 2354 2117 ὑετοῖς
2371 2072 2383 2083 ·
2416 2055 2683 2125 έϐράχητε
2712 2056 2822 2126 γὰρ
2845 2055 2992 2119 ἅπαξ
3018 2054 3204 2116 κακῶς
3227 2054 3305 2123 τῷ
3325 2053 3436 2106 τῶν
3455 2052 3619 2120 φίλων
3643 2067 3744 2119 μου

2181 2149 2372 2218 αἵματι
2393 2168 2405 2180 ο
2443 2151 2538 2202 καὶ
2567 2150 2809 2219 συνεχῶς
2842 2151 2901 2203 δὲ
2938 2151 3118 2203 αὐτῶν
3155 2149 3510 2219 περιστρέφει
3540 2147 3610 2200 τὰ
3628 2146 3744 2198 ὀνὸν

2183 2262 2350 2313 ματα,
2376 2245 2576 2297 οὑτωσὶ
2604 2246 2778 2313 λέγων
2795 2263 2809 2276 ο
2833 2245 3034 2300 Σαοὺλ
3061 2245 3166 2298 καῖ
3201 2243 3495 2304 Ἰωνάθαν,
3523 2245 3576 2294 οἱ
3603 2241 3750 2306 ἡται-

2179 2340 2433 2409 πημένοι
2462 2342 2558 2395 καὶ
2607 2342 2822 2408 ὡραῖοι,
2859 2345 2930 2396 οὐ
2961 2342 3386 2412 κεχωρισμένοι
3411 2341 3482 2394 ἑν
3518 2336 3592 2405 τῇ
3635 2334 3760 2404 ζωῇ

2180 2438 2398 2499 αὐτῶν,
2431 2438 2526 2493 καὶ
2559 2437 2630 2490 ἐν
2667 2437 2749 2503 τῷ
2775 2438 3008 2504 θανάτῳ
3043 2438 3242 2492 αὐτῶν
3269 2439 3340 2491 οὐ
3366 2436 3744 2504 διεχωρίσθη-

2181 2547 2323 2586 σαν.
2363 2533 2579 2603 Ἐπειδὴ
2605 2533 2712 2603 γὰρ
2747 2532 2818 2586 τὰ
2849 2533 3079 2604 σώματα
3110 2533 3184 2603 μὴ
3218 2532 3463 2603 παρόντα
3488 2529 3747 2602 περιπτύο

2185 2625 2375 2689 ξασθαι
2408 2627 2508 2680 οὐκ
2535 2623 2671 2696 εἶχε,
2696 2628 3088 2698 περιπλέκεται
3121 2626 3301 2680 αὐτῶν
3332 2629 3453 2689 ταῖς
3483 2641 3746 2695 προσηγο-

2185 2722 2349 2792 ρίαις,
2389 2721 2486 2792 τὴν
2539 2724 2744 2777 οἰκείαν
2778 2722 2992 2792 ὀδύνην,
3036 2723 3112 2786 ὡς
3144 2718 3256 2774 οἷόν
3287 2739 3368 2786 τε,
3415 2720 3621 2784 τούτοις
3652 2737 3749 2772 κα-

2182 2820 2533 2890 ταπραύνων,
2583 2819 2677 2873 καὶ
2717 2819 2780 2872 τὸ
2811 2819 2910 2889 τῆς
2944 2820 3230 2889 συμφορᾶς
3261 2817 3752 2890 παραμυθούμενος

2188 2914 2432 2984 μέγεθος.
2471 2914 2690 2986 Ἐπειδὴ
2718 2914 2826 2985 γάρ
2855 2914 3068 2977 πολλοῖς
3095 2914 3270 2967 ἐδόκει
3289 2914 3350 2966 τὸ
3376 2915 3562 2966 πεσεῖν
3586 2914 3749 2982 ἀμφο-

2182 3011 2371 3080 τέρους
2397 3011 2453 3061 ὲν
2479 3011 2664 3080 ἡμέρᾳ
2691 3012 2787 3080 μιᾷ
2815 3011 3114 3080 ἀνήκεστον
3138 3006 3277 3063 εἶναι
3309 3009 3499 3072 κακὸν,
3533 3007 3660 3060 αὐτὸ
3683 3005 3748 3074 δή

2183 3104 2341 3157 τοῦτο
2363 3105 2442 3166 εἰς
2464 3103 2719 3156 ὑπόθεσιν
2739 3104 3088 3173 παραμυθίας
3111 3103 3292 3157 ἔλαϐε.
3322 3103 3394 3154 Τὸ
3427 3101 3537 3170 γὰρ
3561 3102 3748 3161 εἰπεῖν,

2197 3202 2302 3253 Ἐν
2332 3197 2407 3266 τῇ
2437 3195 2550 3266 ζωῇ
2579 3199 2778 3253 αὐτῶν
2807 3200 2880 3252 οὐ
2911 3198 3354 3267 κεχωρισμένοι,
3377 3197 3475 3251 καὶ
3516 3196 3658 3269 [768]
3682 3196 3750 3249 ἐν

2185 3292 2266 3358 τῷ
2294 3293 2526 3356 θανάτῳ
2546 3293 2744 3347 αὐτῶν
2767 3296 2878 3348 οὐκ
2906 3294 3348 3362 ἐχωρίσθησαν,
3375 3293 3527 3346 οὐδὲν
3551 3293 3748 3361 ἕτερον,

2184 3391 2218 3461 ἦ
2263 3390 2421 3444 τοῦτο
2453 3390 2953 3455 κατασκευάζοντος
2990 3387 3077 3458 ἦν.
3117 3391 3192 3444 Οὐ
3234 3390 3344 3460 γάρ
3387 3392 3528 3454 ἔστι,
3569 3391 3752 3459 φησιν,

2186 3488 2380 3552 εἰπεῖν,
2408 3488 2489 3541 ὅτι
2512 3487 2776 3559 ὀρφανίαν
2800 3489 2826 3541 ό
2851 3490 2982 3549 παῖς
3012 3487 3329 3557 ἐθρήνησεν,
3355 3486 3477 3538 οὐδὲ
3502 3484 3764 3536 ἀπαιδίαν
3850 3517 3864 3544 ν

2185 3576 2214 3628 ό
2238 3575 2420 3646 πατὴρ
2449 3575 2715 3645 ὠδύρατο,
2747 3574 2863 3626 ἀλλ’
2888 3574 2915 3624 ὃ
2943 3573 3132 3643 μηδεν)⁸
3161 3572 3379 3641 συνέϐη,
3412 3570 3628 3639 συνέϐη,
3653 3587 3754 3639 φη-

2190 3664 2294 3727 σὶν,
2336 3664 2563 3726 ἐκείνοις
2584 3679 2599 3695 ο
2647 3661 2782 3732 ὁμοῦ
2821 3661 2930 3731 γὰρ
2961 3661 3055 3714 καὶ
3081 3660 3225 3714 κατά
3258 3661 3386 3730 μίαν
3412 3659 3625 3730 ἡμέραν
3657 3660 3755 3726 τῆς

2188 3750 2334 3820 ζωῆς
2360 3751 2773 3820 ἀπερράγησαν,
2794 3750 2890 3801 καὶ
2917 3748 2978 3800 ού
3008 3745 3390 3815 καταλειφθεὶς
3412 3745 3654 3815 θάτερος.
3679 3740 3759 3795 ’Ἧι

2188 3837 2297 3908 γάρ
2323 3838 2388 3890 ἂν
2415 3837 2645 3890 ἀϐίωτον
2680 3837 2860 3903 ἐαυτῷ
2891 3830 3030 3887 εἶναι
3059 3834 3148 3886 τὸν
3172 3833 3283 3902 βίον
3314 3832 3531 3902 ἐνόμισε
3557 3835 3622 3900 τῇ
3653 3829 3768 3882 61a-

2191 3928 2377 3980 στάσει
2399 3926 2649 3995 θατέρου.
2675 3924 3106 3994 Διεθερμάνθητε
3128 3923 3244 3986 νῦν,
3265 3921 3618 3990 ἐδακρύσατε,
3643 3935 3764 3971 συν-

2192 4011 2420 4082 εχύθητε
2449 4011 2538 4063 τὸν
2567 4010 2842 4078 λογισμὸν,
2873 4011 2966 4062 καὶ
2995 4009 3130 4080 πρὸς
3159 4008 3351 4077 ἄφεσιν
3390 4005 3636 4076 δακρύων
3670 4005 3763 4057 εὖ·

2189 4100 2414 4166 τρεπεῖς
2444 4097 2597 4165 ὑμῶν
2626 4097 2673 4147 οἱ
2699 4095 2964 4164 ὀφθαλμοὶ⁸
2995 4095 3354 4163 γεγένηνται;
3384 4093 3500 4145 Νῦν
3531 4092 3767 4154 ἕκαστος,

2190 4183 2292 4235 ἀνα
2300 4201 2359 4252 μι
2368 4181 2694 4252 μνησκέσθω
2717 4198 2806 4250 μοι
2827 4179 2919 4231 τοῦ
2941 4180 3135 4250 ἐχθροῦ
3156 4178 3354 4232 καὶτοῦ
3373 4178 3758 4246 λελυπηκότος,

2191 4269 2271 4321 ἔτι
2302 4266 2530 4335 ξεούσης
2555 4267 2634 4336 τῷ
2664 4266 2849 4320 πένθει
2888 4267 2985 4336 τῆς
3015 4267 3274 4331 διανοίας,
3319 4266 3412 4318 καὶ
3436 4265 3624 4317 τοῦτον
3665 4263 3761 4314 καὶ

2192 4355 2368 4419 ζῶντα
2401 4353 2736 4421 φυλαττέτω,
2757 4355 2851 4406 καὶ
2881 4353 3185 4406 ἀπελθόντα
3216 4353 3503 4413 πενθείτω,
3528 4351 3602 4421 μὴ
3627 4351 3762 4420 προς

2194 4441 2472 4504 ἐπίδειξιν,
2507 4439 2622 4492 ἀλλ’
2649 4439 2757 4492 ἀπὸ
2784 4439 3022 4502 διανοίας
3057 4440 3149 4491 καὶ
3177 4439 3357 4508 ψυχῆς
3386 4438 3638 4507 γνησίας·
3659 4435 3773 4488 κᾶν

2193 4528 2285 4598 δέῃ
2314 4545 2366 4579 τι
2395 4527 2607 4591 παθεῖν,
2632 4525 2770 4578 ὥστε
2801 4525 2875 4595 μὴ
2903 4526 3141 4595 λυπῆσαι
3161 4525 3257 4578 τὸν.
3281 4525 3599 4594 ἠδικηκότα,
3633 4524 3767 4575 πάν-

2191 4627 2264 4663 τα
2309 4609 2531 4662 ποιείτω
2569 4609 2664 4661 καὶ
2707 4609 2983 4678 πασχέτω,
3021 4609 3174 4679 παρά
3211 4608 3303 4661 τοῦ
3351 4608 3486 4660 Θεοῦ
3524 4607 3768 4676 μεγάλας

2192 4703 2474 4772 ἀναμένων
2503 4701 2602 4764 τὰς
2631 4702 2888 4771 ἀμοιϐάς.
2930 4703 3059 4755 Ἰδοὺ
3083 4703 3214 4770 γοῦν
3241 4696 3396 4764 οὗτος
3421 4703 3520 4754 καὶ
3544 4701 3642 4769 τὴν
3670 4699 3768 4767 βα-

2194 4785 2398 4838 σιλείαν
2425 4783 2604 4845 ἔλαϐε,
2638 4786 2731 4836 καὶ
2763 4786 2862 4854 τὴν
2887 4786 3045 4855 χεῖρα
3069 4787 3168 4836 οὐκ
3199 4785 3480 4852 ὲμόλυνεν,
3512 4783 3646 4835 ἀλλά
3667 4798 3770 4833 κα-

2195 4868 2364 4938 θαρὰν
2385 4867 2522 4936 ἔχων
2545 4866 2647 4935 τὴν
2662 4864 2862 4932 δεξιὰν,
2891 4867 3034 4921 οὓτω
3047 4868 3138 4920 τὸν
3156 4867 3419 4935 στέφανον
3445 4866 3766 4934 ἀνεδήσατο,

2193 4952 2288 5003 καὶ
2325 4950 2416 5002 ἐπὶ
2452 4949 2544 5001 τὸν
2579 4949 2766 5018 θρόνον
2810 4949 3000 5018 ἀνέϐη,
3034 4951 3133 5019 τῆς
3177 4951 3490 5026 ἁλουργίδος
3532 4949 3625 5001 καὶ
3670 4946 3771 4999 τοῦ

2161 5034 2520 5100 ’διαδήματος
2567 5031 2954 5104 λαμπροτέραν
2989 5033 3126 5102 ἔχων
3167 5035 3445 5102 εὐφημίας
3486 5031 3770 5090 ὑπόθεσιν,

2193 5126 2254 5177 τὸ
2269 5123 2555 5192 φείσασθαι
2585 5124 2677 5175 τοῦ
2706 5124 2985 5192 πολεμίου,
3013 5127 3072 5176 τὸ
3102 5125 3369 5195 θρηνῆσαι
3395 5123 3644 5175 πεσόντα.
3667 5120 3776 5172 Διά

2194 5206 2351 5259 τοῦτο
2391 5206 2511 5274 οὐχὶ
2543 5205 2650 5269 ζῶν
2687 5206 2865 5274 μόνον,
2898 5207 3030 5258 ἀλλά
3059 5207 3150 5259 καῖ¹
3191 5206 3523 5276 τελευτήσας
3554 5221 3658 5273 μνη
3670 5219 3775 5272 μο-

2197 5289 2433 5342 νεύεται.
2464 5289 2626 5341 Ὥστε
2658 5290 2705 5339 εί
2739 5287 2915 5355 βούλει
2945 5290 3038 5341 καὶ
3083 5289 3146 5340 σὺ
3189 5290 3284 5340 καὶ
3321 5286 3555 5340 ἐνταῦθα
3593 5285 3778 5353 διηνεο

2198 5372 2324 5434 κοῦς
2366 5371 2524 5441 δόξης
2566 5372 2769 5439 τυχεῖν,
2815 5370 3087 5440 ἄνθρωπε,
3141 5371 3302 5423 κάκεῖ
3340 5369 3447 5422 τῶν
3497 5369 3782 5435 ἀκινήτων

2199 5453 2502 5507 ἀπολαῦσαι
2536 5453 2736 5512 καλῶν,
2773 5452 3007 5522 μίμησαι
3045 5454 3143 5522 τὴν
3173 5452 3371 5522 ἀρετὴν
3393 5450 3487 5502 τοῦ
3532 5449 3780 5512 δικαίου,

2200 5537 2438 5608 ζήλωσον
2458 5536 2555 5606 τήν
2577 5536 2917 5605 φιλοσοφίαν,
2946 5535 3208 5601 ἐπίδειξαι
3230 5535 3319 5589 διά
3337 5534 3449 5587 τῶν.
3472 5533 3647 5603 ἔργων
3671 5529 3780 5602 τὴν

2269 5757 2294 5795 1‘
2317 5754 2459 5818 Ilegii
2484 5757 2700 5820 βραχείηι
2711 5774 2748 5806 ε.
