4094 6256
470 314 573 369 693

469 428 620 482 illum
649 426 966 495 contulerat,
994 427 1040 482 si
1064 425 1318 481 voluisset
1350 443 1362 479 :
1393 432 1601 494 poterat
1621 438 2041 479 commemorare

468 519 738 589 singulare
760 528 1029 575 certamen
1055 560 1069 585 ,
1112 519 1253 589 quod
1283 532 1402 572 cum
1432 518 1659 573 barbaro
1699 524 2038 583 susceperat,

467 622 531 663 ac
571 610 788 664 dicere:
819 608 951 665 Cum
998 609 1196 665 bellum
1243 608 1574 662 barbaricum
1599 646 1614 673 ,
1662 620 1758 660 ceu
1784 604 2038 659 diluvium

465 699 732 767 quoddam
756 739 772 765 ,
820 701 1120 754 universam
1146 699 1411 753 civitatem
1439 706 1581 753 esset
1622 697 1994 766 dissipaturum
2019 738 2035 763 ,

467 789 822 844 consternatis
847 790 997 844 vobis
1019 805 1080 845 ac
1106 797 1247 845 metu
1271 787 1509 858 trepidis,
1540 786 1877 856 quotidieque
1895 801 2042 840 mor-

465 886 574 932 tem
621 879 1046 948 exspectantibus
1070 920 1085 945 ,
1129 894 1231 948 ego
1272 878 1533 934 accedens
1566 878 1776 933 nemine
1798 876 2035 946 compel-

464 967 607 1023 lente
630 1008 645 1032 ,
674 968 783 1023 imo
828 978 879 1023 te
922 968 1235 1038 prohibente
1279 983 1342 1024 ac
1386 970 1647 1023 retinente
1672 967 1983 1036 dicenteque
2017 985 2030 1020 :

464 1058 521 1112 Ν
523 1075 589 1113 an
613 1061 797 1129 poteris
824 1061 916 1127 ire,
946 1061 1179 1130 quoniam
1209 1075 1334 1130 puer
1357 1076 1407 1113 es
1426 1100 1442 1126 ,
1486 1059 1571 1113 ille
1599 1066 1762 1112 autem
1782 1057 1857 1111 vir
1879 1057 2035 1111 bella-

463 1159 542 1204 tor
564 1167 596 1204 a
614 1152 876 1221 juventute
905 1168 996 1204 sua
1016 1150 1089 1223 (ιι.
1114 1150 1242 1221 Reg.
1264 1152 1351 1206 l7.
1375 1149 1468 1219 55)
1493 1169 1507 1203 :
1536 1164 1643 1204 non
1668 1164 1753 1204 me
1773 1150 2031 1215 continui,

461 1239 557 1293 sed
582 1254 718 1293 unus
742 1255 840 1310 pro
867 1242 1110 1294 omnibus
1138 1240 1294 1294 insilii
1319 1280 1336 1304 ,
1384 1239 1592 1295 hostem
1622 1240 1843 1309 excepi,
1872 1248 2030 1307 caput

461 1330 750 1398 amputavi,
772 1344 835 1384 ac
853 1331 1012 1385 veluti
1037 1332 1284 1384 torrentis
1302 1332 1553 1399 impetum
1576 1331 1878 1400 quemdam,
1908 1331 2029 1383 bar-

460 1420 708 1475 barorum
731 1421 941 1476 illorum
968 1422 1194 1478 insultus
1213 1422 1389 1492 depuli
1408 1463 1423 1489 ,
1466 1423 1846 1491 rempublicam
1872 1424 2032 1477 vacil-

462 1510 657 1565 lantcm
682 1512 1010 1567 constabilivi
1035 1530 1048 1565 :
1072 1528 1134 1567 ac
1159 1528 1252 1583 per
1280 1529 1365 1568 me
1393 1521 1448 1567 tu
1474 1513 1688 1583 quidem
1715 1529 1934 1583 regnum
1968 1529 2030 1569 ac

459 1600 643 1667 vitam,
674 1601 855 1656 cazteri
881 1617 1008 1657 vero
1035 1617 1219 1657 omnes
1243 1612 1436 1671 prmter
1458 1604 1641 1666 vitam,
1669 1603 1935 1658 civitatem
1964 1618 2027 1657 ac

458 1687 668 1755 domos,
695 1688 894 1746 liberos
916 1699 968 1746 et
992 1706 1184 1746 uxores
1212 1701 1408 1747 tenent.
1451 1694 1528 1747 Ac
1554 1694 1814 1763 postillud
1845 1707 2029 1748 rursus

460 1789 740 1851 trepaeum,
769 1791 824 1838 et
847 1785 948 1838 alia
970 1784 1106 1840 bella
1132 1802 1251 1856 qua:
1280 1787 1486 1842 fortiter
1511 1802 1575 1843 ac
1601 1788 1821 1843 feliciter
1847 1801 2027 1856 gesse-

457 1877 560 1934 rat,
589 1869 691 1926 hoc
718 1887 822 1927 non
849 1873 1119 1941 inferiora,
1149 1877 1317 1943 potuit
1338 1891 1780 1932 commemorare.
1810 1878 1886 1931 Ad
1910 1877 2028 1931 lucc

453 1959 596 2026 quod
632 1976 752 2017 cum
781 1965 947 2019 semel
977 1974 1134 2034 alque
1163 1968 1352 2019 iterum
1378 2007 1393 2032 ,
1422 1968 1530 2021 imo
1556 1968 1749 2037 saepius
1772 1974 2028 2022 tentasset

455 2051 627 2117 ipsum
653 2065 685 2103 e
727 2051 904 2106 medio
950 2054 1165 2116 tollere,
1212 2054 1555 2123 lanceamque
1598 2056 1649 2109 in
1690 2063 1848 2124 caput
1888 2055 2027 2109 illius

455 2138 698 2192 torsisset
728 2157 741 2193 :
769 2155 875 2194 non
905 2149 1082 2197 tamen
1123 2145 1364 2199 meminit
1404 2146 1698 2212 malorum;
1730 2146 1854 2201 item
1883 2148 2024 2216 quod

463 2237 584 2296 post
611 2229 698 2283 illa
724 2240 893 2301 gesta,
930 2248 1050 2287 cum
1076 2234 1204 2289 Saﬁl
1233 2234 1448 2291 deberet
1475 2237 1664 2306 prioris
1692 2252 1878 2308 pugna:
1906 2238 2025 2293 red-

452 2314 584 2371 dere
610 2321 848 2387 przemia,
876 2325 1177 2391 poposcerit
1196 2327 1397 2390 dctem,
1424 2342 1530 2381 non
1557 2342 1761 2395 aurum,
1800 2344 1903 2383 non
1931 2344 2021 2383 ar-

451 2416 689 2475 gentum,
729 2410 824 2465 sed
849 2413 1050 2467 caedem
1081 2423 1133 2468 et
1159 2415 1571 2470 internecionem
1602 2434 1615 2469 :
1644 2432 1707 2471 ac
1732 2433 1799 2472 ne
1827 2418 1878 2472 id
1902 2420 2020 2488 qui-

449 2496 572 2552 dem
597 2497 839 2555 abnuerit
876 2501 1062 2557 David.
1105 2502 1214 2559 Nec
1239 2504 1338 2560 ista
1361 2513 1584 2571 tantum,
1628 2507 1721 2561 sed
1760 2507 1841 2562 his
1861 2509 2018 2562 etiam

449 2590 616 2643 multo
665 2598 774 2646 tum
816 2593 964 2662 plura
1009 2603 1118 2649 tum
1164 2596 1362 2665 majora
1397 2598 1574 2654 dicere
1596 2601 1767 2669 potuit
1796 2618 1808 2654 :
1836 2617 2018 2656 verum

448 2680 579 2734 nihil
604 2680 791 2737 horum
818 2683 986 2751 dixit,
1029 2700 1202 2755 neque
1239 2687 1290 2743 ei
1322 2697 1436 2742 erat
1464 2688 1672 2743 animus
1715 2690 1789 2743 illi
1825 2706 2018 2760 expro-

449 2769 603 2825 brare
631 2771 903 2839 beneficia,
931 2774 1025 2829 sed
1051 2783 1253 2831 tantum
1283 2778 1603 2847 persuadere
1632 2794 1689 2834 se
1717 2796 1835 2836 esse
1855 2798 2017 2837 unum

450 2875 515 2914 ex
544 2875 729 2916 eorum
755 2877 1000 2929 numero,
1027 2867 1116 2935 qui
1146 2854 1314 2935 ipsum
1337 2877 1391 2923 et
1409 2879 1649 2925 amarent
1674 2886 1735 2925 ac
1759 2871 2013 2937 colerent,

452 2964 558 3003 non
583 2951 673 3019 qui
698 2951 1037 3007 rebellionem
1061 2963 1153 3008 aut
1179 2955 1396 3011 insidias
1421 2958 1754 3014 molirentur.

521 3038 685 3094 Unius
723 3039 821 3095 Dei
863 3042 1164 3097 voluntatem
1187 3055 1374 3112 spectat
1412 3046 1610 3112 David;
1636 3059 1843 3103 mortem
1882 3050 2017 3105 Sati-

448 3129 510 3182 Iis
534 3130 702 3199 deﬂet.
724 3129 998 3201 Lacrymas
1023 3133 1336 3189 audientibus
1357 3147 1514 3191 movet
1539 3136 2015 3208 Chrysostomus.—

442 3219 570 3274 ideo
598 3222 968 3288 praitermissis
996 3221 1097 3276 illis
1125 3224 1398 3291 omnibus,
1442 3234 1642 3281 tantum
1668 3229 1805 3297 quod
1835 3244 1900 3285 eo
1927 3244 2015 3285 ac-

441 3311 642 3365 ciderat
662 3311 769 3378 die,
801 3313 856 3367 in
884 3312 1245 3370 defensionem
1272 3316 1511 3373 adduxit.
1544 3319 1720 3388 Usque
1753 3319 1887 3376 adeo
1913 3336 2012 3391 pu-

439 3415 532 3456 rus
569 3410 711 3468 erat,
742 3411 795 3458 et
818 3402 888 3458 ab
920 3406 1065 3459 omni
1092 3406 1235 3459 inani
1272 3407 1441 3477 gloria
1478 3409 1755 3475 immunis,
1786 3426 1884 3465 nec
1907 3412 2012 3466 alio

439 3493 698 3561 respexit,
721 3507 878 3563 quam
905 3494 973 3549 ad
1001 3496 1153 3551 unius
1185 3497 1277 3551 Dei
1305 3498 1650 3554 voluntatem.
1676 3500 1873 3557 Deinde
1896 3504 2007 3557 ait:

438 3579 641 3636 Judicet
683 3581 931 3639 Dominus
973 3586 1101 3640 inter
1145 3603 1222 3641 me
1254 3595 1301 3641 et
1344 3598 1391 3643 te
1435 3589 1606 3661 (Ibid.
1634 3606 1682 3645 υ.
1715 3592 1845 3659 15).
1898 3592 2011 3648 Hoc

439 3675 659 3729 verbum
683 3674 816 3731 dixit
840 3692 945 3732 non
971 3680 1110 3747 quod
1136 3691 1354 3749 cuperet
1373 3684 1546 3751 puniri
1565 3683 1798 3752 Saﬁlem,
1828 3693 1919 3739 aut
1943 3686 2010 3741 de

439 3764 535 3820 illo
559 3780 743 3835 poenas
769 3768 937 3833 sumi,
982 3770 1077 3823 sed
1118 3778 1175 3823 ut
1211 3771 1282 3825 illi
1313 3772 1651 3829 formidinem
1677 3775 1919 3845 injiceret
1944 3792 2008 3832 ex

440 3853 603 3908 futuri
638 3854 825 3925 judicii
862 3859 1362 3915 commemoratione
1397 3878 1410 3913 :
1452 3876 1625 3931 neque
1666 3872 1722 3919 ut
1764 3865 2011 3920 timorem

438 3942 702 3999 incuteret
726 3953 951 4011 tantum,
976 3960 1158 4000 verum
1182 3957 1239 4002 ut
1262 3949 1496 4018 seipsum
1519 3965 1549 4005 a
1574 3951 1810 4008 criminis
1837 3956 2010 4023 suspi-

435 4036 592 4090 cione
617 4045 880 4108 purgaret.
908 4037 1233 4107 Prmcipuam
1256 4039 1490 4110 quidem,
1524 4042 1714 4112 inquit,
1742 4045 2009 4113 probatio-

437 4142 561 4182 nem
587 4142 654 4182 ex
680 4128 807 4198 ipsis
836 4128 1005 4183 habeo
1032 4128 1182 4184 factis
1206 4146 1220 4182 :
1248 4130 1387 4199 quod
1414 4131 1458 4185 si
1478 4146 1586 4186 non
1612 4133 1807 4199 credis,
1835 4134 2005 4203 ipsum

437 4216 608 4272 Deum
629 4217 819 4274 invoco
849 4227 1058 4285 testem,
1086 4220 1177 4289 qui
1201 4221 1457 4289 cujusque
1478 4223 1673 4279 mentis
1695 4238 1885 4279 arcana
1911 4240 2005 4279 no-
2055 4254 2058 4259 η

434 4306 531 4372 vit,
554 4315 607 4362 et
629 4309 851 4363 scrutari
875 4317 1052 4378 potest
1075 4311 1448 4367 conscientias.

506 4400 560 4453 5.
583 4399 707 4454 lituo
742 4412 918 4455 autem
959 4401 1208 4471 loquutus
1252 4412 1354 4470 est,
1398 4404 1677 4461 declarans
1704 4421 1763 4463 se
1802 4423 2004 4479 nequa-

436 4504 596 4556 quam
632 4504 880 4543 ausurum
925 4489 1089 4545 fuisse
1125 4493 1391 4561 appeliare
1434 4494 1674 4551 Judicem
1711 4497 1877 4563 illum,
1920 4499 2005 4552 cui

437 4592 544 4632 non
570 4587 747 4647 potest
771 4579 987 4647 imponi,
1010 4589 1064 4635 et
1083 4581 1134 4635 in
1162 4598 1279 4637 sese
1306 4584 1801 4642 condemnationem
1826 4603 2003 4643 accer-

434 4682 576 4734 sere,
606 4666 707 4722 nisi
742 4670 1094 4724 certissimum
1133 4672 1371 4737 haberet,
1400 4690 1460 4730 se
1500 4676 1568 4731 ab
1604 4679 1747 4732 omni
1788 4680 2004 4734 insidia-

434 4773 552 4812 rum
591 4756 814 4811 crimine
851 4773 1041 4826 purum
1080 4773 1217 4815 esse.
1263 4762 1330 4816 Et
1356 4764 1497 4833 quod
1530 4780 1592 4821 ea
1621 4782 1738 4837 quae
1782 4768 2006 4824 dicimus

433 4862 542 4903 non
570 4846 911 4915 conjecturae,
941 4849 1035 4903 sed
1063 4848 1203 4919 quod
1234 4853 1392 4908 simul
1426 4865 1481 4910 et
1504 4871 1624 4913 sese
1659 4873 1885 4930 purgare
1913 4876 2006 4915 cu-

433 4938 609 5007 piens,
640 4944 695 4992 et
721 4936 867 4991 illum
896 4936 964 4991 ad
998 4938 1337 4996 sobrietatem
1362 4959 1631 5013 revocare,
1662 4948 1802 5003 illius
1822 4949 2003 5019 judicii

431 5027 559 5083 fecit
581 5026 928 5094 mentionem,
952 5026 1040 5081 illa
1067 5043 1183 5097 quae
1197 5031 1305 5097 jam
1331 5042 1477 5101 gesta
1506 5036 1717 5093 fuerunt
1744 5039 2007 5097 sufﬁcien-

432 5124 515 5171 ter
535 5115 857 5173 ostendunt:
887 5131 991 5170 non
1018 5117 1190 5172 minus
1213 5128 1390 5176 autem
1437 5123 1522 5180 itis
1550 5134 1605 5182 et
1631 5126 1739 5192 illa,
1763 5112 1882 5198 qua:
1909 5147 2003 5199 po-

430 5214 546 5262 stea
576 5205 912 5271 acciderunt,
940 5207 1095 5277 hujus
1120 5210 1198 5265 rei
1227 5210 1385 5267 ﬁdem
1410 5215 1581 5271 facere
1604 5228 1841 5286 possunt.
1870 5220 2003 5276 Nam

432 5310 554 5350 cum
580 5310 767 5350 rursus
792 5294 916 5351 Saiil
941 5297 1213 5353 incidisset
1236 5300 1290 5355 in
1316 5316 1506 5356 manus
1532 5304 1695 5372 ipsius
1712 5347 1727 5372 ,
1760 5318 1879 5376 post
1905 5309 2001 5363 da-

434 5393 542 5441 tam
582 5385 810 5441 salutem
856 5387 1140 5455 insequens
1176 5388 1360 5458 illum,
1406 5400 1461 5447 et
1504 5395 1747 5452 occidere
1782 5399 1998 5466 volens,

430 5488 658 5545 cumque
701 5484 881 5544 posset
914 5474 1119 5532 hostem
1147 5493 1267 5534 cum
1292 5482 1537 5538 universo
1566 5488 1800 5543 exercitu
1825 5492 2003 5546 conci-

432 5563 581 5631 dere,
618 5565 819 5620 dimisit
857 5566 1000 5621 illum
1030 5568 1290 5637 integrum
1315 5580 1369 5627 et
1395 5574 1731 5632 incolumem.
1774 5578 2002 5651 ideoque

434 5667 557 5709 cum
582 5655 739 5712 sciret
762 5656 1003 5713 morbum
1031 5660 1168 5729 regis
1194 5660 1633 5723 immodicabilcm
1660 5682 1797 5741 csse,
1832 5687 2000 5743 neque

1440 312 1527 367 DE
1569 308 1821 367 DAVIDE
1861 306 1947 362 ET
1986 302 2208 364 SAULE
2248 310 2522 369 llOMlLlA
2564 314 2625 370 ll.

3606 330 3727 397 691

2145 418 2293 476 illum
2341 440 2589 496 umquam
2627 426 2871 484 hostilem
2908 429 2960 484 in
2997 444 3056 486 se
3102 431 3336 490 animum
3376 436 3666 504 positurum
3695 482 3710 505 ,

2144 512 2410 569 submovit
2433 530 2551 571 sese
2571 517 2638 572 ab
2652 518 2815 574 oculis
2844 519 3001 584 illius,
3033 528 3087 575 et
3110 524 3247 591 apud
3274 525 3527 580 barbaros
3549 529 3709 585 vitam

2143 605 2362 671 agebat,
2402 609 2658 675 serviens,
2689 608 2891 664 honore
2917 610 3171 679 privatus,
3214 615 3413 683 pudore
3454 618 3706 685 sulfusus,

2142 692 2323 750 labore
2350 712 2412 752 ac
2438 700 2650 755 miseria
2676 701 2776 755 sibi
2806 702 2904 770 ipsi
2933 715 3122 770 parans
3147 705 3213 758 ad
3244 707 3435 761 victum
3467 724 3708 764 necessa-

2141 785 2237 839 ria.
2268 788 2427 856 Atqui
2451 805 2558 844 non
2589 792 2691 845 hoc
2716 800 2915 847 tantum
2940 801 3021 848 est
3048 795 3187 863 quod
3214 798 3487 863 miremur,
3517 802 3611 854 sed
3641 804 3709 857 il-

2138 873 2227 928 lud
2257 890 2484 946 quoque,
2512 879 2650 949 quod
2678 890 3020 951 posteaquam
3046 884 3285 940 audierat
3309 902 3486 957 regem
3513 890 3564 942 in
3593 892 3709 947 acie

2138 964 2412 1031 cecidisse,
2441 967 2653 1023 discidit
2678 978 2897 1037 vestem,
2927 979 2982 1026 et
3019 973 3196 1029 cinere
3224 988 3282 1029 se
3307 977 3623 1044 conspersit,
3653 987 3706 1030 et

2137 1068 2202 1109 eo
2228 1055 2371 1111 luctu
2397 1057 2552 1123 luxit,
2583 1074 2689 1129 quo
2726 1062 2845 1130 quis
2874 1063 3077 1133 lugeret
3120 1065 3315 1119 amisso
3353 1067 3707 1137 primogenito

2134 1158 2490 1216 germanoque
2540 1148 2679 1214 (ilio;
2729 1151 2952 1207 subinde
2996 1169 3191 1210 nomen
3230 1156 3368 1211 illius
3416 1157 3706 1217 inclamans

2137 1250 2238 1289 una
2267 1252 2386 1291 cum
2412 1237 2506 1293 ﬁlii
2548 1242 2785 1308 nomine,
2816 1245 3123 1312 compositis
3152 1246 3310 1301 etiam
3336 1249 3610 1313 encomiis,
3643 1265 3707 1305 ac

2135 1339 2292 1380 voces
2314 1328 2492 1382 acerbi
2516 1329 2716 1385 doloris
2747 1340 2906 1386 testes
2933 1334 3200 1401 emittcns,
3233 1335 3534 1405 impransus
3553 1353 3704 1392 man-

2133 1415 2202 1468 sit
2240 1431 2405 1486 usque
2431 1418 2499 1472 ad
2540 1434 2811 1489 vesperam
2833 1461 2849 1488 ,
2881 1437 3164 1478 exsecraris
3201 1434 3256 1479 et
3283 1427 3397 1494 ipsa
3440 1428 3555 1483 loca
3586 1445 3704 1499 quae

2134 1501 2307 1559 Saulis
2335 1506 2641 1575 sanguinem
2667 1519 3003 1577 exceperant.
3030 1510 3245 1575 Montes,
3275 1514 3464 1582 inquit,
3494 1516 3701 1584 Gelboé,

2131 1606 2196 1645 ne
2226 1593 2373 1646 cadat
2409 1610 2560 1664 super
2593 1610 2679 1650 vos
2708 1614 2863 1668 neque
2902 1614 3004 1661 ros,
3056 1615 3210 1670 neque
3248 1602 3419 1669 pluvia
3457 1617 3477 1656 :
3507 1615 3696 1659 montes

2130 1682 2332 1742 mortis,
2373 1685 2608 1752 quoniam
2636 1686 2743 1739 illic
2783 1686 2979 1740 sublata
3020 1699 3134 1742 sunt
3177 1690 3500 1746 tabernacula
3528 1705 3703 1762 poten-

2132 1775 2257 1828 tium
2307 1776 2379 1845 (2.
2415 1776 2541 1847 Reg.
2582 1783 2632 1833 l.
2660 1779 2767 1850 2i).
2813 1780 2963 1848 Quod
3007 1796 3149 1851 smpe
3182 1792 3360 1851 patres
3389 1784 3613 1851 faciunt,
3647 1798 3703 1841 ut

2129 1865 2343 1920 domum
2373 1868 2533 1922 etiam
2554 1879 2882 1936 aversentur,
2905 1882 2957 1926 et
2980 1872 3143 1927 limen
3166 1874 3404 1930 dolenter
3423 1878 3698 1946 aspiciant,

2130 1971 2226 2025 per
2253 1956 2394 2026 quod
2419 1959 2655 2013 extulere
2683 1959 2869 2025 lilium,
2894 1960 2996 2015 hoc
3017 1972 3066 2016 et
3099 1960 3185 2016 hic
3206 1961 3348 2028 fecit,
3374 1978 3469 2019 eos
3495 1978 3701 2019 montes

2128 2045 2419 2114 devovens,
2449 2048 2542 2117 qui
2567 2048 2769 2104 caedem
2797 2051 2939 2105 illam
2969 2063 3313 2122 exceperant.
3341 2052 3461 2121 Odi,
3493 2055 3696 2125 inquit,

2129 2136 2299 2205 ipsum
2346 2138 2503 2192 etiam
2532 2138 2704 2197 locum
2729 2150 2942 2209 propter
2971 2152 3206 2197 mortuos
3237 2143 3346 2198 illic
3374 2156 3688 2213 prostratos.

2127 2226 2203 2280 Nc
2232 2228 2391 2298 igitur
2427 2228 2716 2298 irrigemini
2758 2230 2980 2301 posthac
3006 2230 3303 2286 caelestibus
3326 2234 3532 2302 pluviis,
3574 2236 3695 2303 quia

2126 2320 2264 2375 male
2286 2320 2453 2375 semel
2479 2321 2678 2390 irrigati
2698 2321 2828 2376 estis
2846 2323 3133 2376 amicorum
3155 2338 3397 2378 meorum
3421 2326 3694 2394 sanguine,

2127 2426 2294 2481 eaque
2338 2411 2557 2467 nomina
2592 2412 2815 2468 subinde
2843 2414 3134 2484 repetebat,
3180 2415 3250 2467 ita
3274 2415 3533 2484 loquens:
3567 2415 3695 2471 Saiit

2124 2513 2169 2558 et
2195 2503 2475 2573 Jonathas,
2510 2505 2749 2559 amabiles
2772 2522 2832 2559 ac
2856 2506 3087 2575 speciosi,
3118 2507 3170 2560 in
3195 2507 3292 2560 vita
3320 2523 3413 2561 sua
3444 2523 3545 2561 non
3582 2508 3696 2575 [uc-

2122 2605 2238 2650 rant
2268 2596 2528 2663 disiuncti,
2548 2613 2636 2651 nec
2658 2606 2817 2653 morte
2843 2614 2936 2652 sua
2960 2599 3177 2669 separati
3199 2608 3315 2653 sunt
3343 2598 3501 2668 (Ibid.
3518 2600 3688 2667 v.21).

2121 2685 2380 2753 Quoniam
2420 2688 2564 2742 enim
2603 2687 2842 2742 absentia
2888 2688 3098 2743 illorum
3139 2704 3362 2759 corpora
3400 2704 3508 2744 non
3549 2690 3696 2744 licuit

2118 2775 2385 2844 amplecti,
2418 2778 2631 2832 nomina
2660 2776 2868 2831 illorum
2896 2779 3204 2847 complexus
3228 2787 3329 2845 est,
3358 2794 3510 2834 suum
3541 2778 3693 2835 dolo-

2121 2882 2233 2919 rem
2257 2866 2401 2923 hisce
2426 2868 2596 2923 modis
2622 2878 2884 2937 quatenus
2912 2868 3058 2922 licuit
3077 2868 3280 2923 leniens
3304 2877 3356 2923 et
3376 2868 3689 2924 calamitatis

2119 2959 2531 3028 magnitudinem
2574 2960 2841 3028 mitigans.
2884 2957 3015 3023 Quia
3044 2959 3185 3013 enim
3212 2973 3241 3010 a
3272 2958 3451 3013 multis
3492 2959 3689 3013 malum

2119 3048 2398 3116 putabatur
2420 3046 2733 3118 insanabile,
2756 3046 2940 3102 ambos
2959 3046 3146 3102 eodem
3174 3047 3430 3102 cecidisse
3449 3046 3559 3114 die,
3587 3047 3689 3102 hoc

2118 3138 2289 3207 ipsum
2333 3139 2557 3208 arripuit
2599 3140 2651 3192 in
2713 3137 3089 3194 consolationis
3131 3146 3518 3206 argumentum.
3556 3136 3688 3191 Nam

2115 3230 2257 3299 quod
2302 3230 2395 3295 ait,
2430 3230 2495 3284 In
2541 3232 2640 3284 vita
2683 3248 2776 3285 sua
2812 3245 2915 3283 non
2957 3232 3154 3299 fuerant
3194 3230 3466 3298 disjuncti,
3512 3246 3601 3283 nec
3635 3230 3689 3282 in
3724 3220 3733 3229 ’

2115 3330 2273 3375 morte
2308 3331 2425 3375 sunt
2456 3323 2696 3388 separati,
2726 3320 2889 3376 verba
2929 3328 3078 3375 erant
3101 3319 3231 3375 nihil
3272 3320 3412 3374 aliud
3446 3320 3683 3389 agentis,

2114 3427 2271 3482 quam
2302 3420 2358 3466 ut
2384 3412 2487 3467 hoc
2505 3412 2659 3467 cedat
2684 3413 2737 3467 in
2760 3411 3006 3467 solatium
3031 3410 3249 3466 doloris.
3276 3412 3391 3467 Jam
3420 3412 3581 3477 enim,
3607 3411 3690 3465 in-

2113 3505 2245 3574 quit,
2269 3518 2373 3558 non
2399 3512 2573 3573 potest
2597 3503 2722 3571 dici,
2751 3502 2891 3573 quod
2912 3502 3051 3557 filius
3071 3501 3365 3572 orphanum
3387 3515 3506 3557 esse
3529 3515 3588 3556 se
3616 3501 3688 3556 lu-

2110 3603 2251 3664 geat,
2301 3609 2471 3665 neque
2508 3593 2648 3662 quod
2696 3600 2847 3664 pater
2884 3592 3164 3647 orbitatem
3203 3606 3352 3646 suam
3396 3590 3634 3659 deploret
3670 3610 3683 3644 :

2111 3698 2295 3737 verum
2324 3683 2465 3751 quod
2507 3683 2683 3747 nullis,
2721 3684 2908 3751 inquit,
2947 3683 3154 3751 obtigit,
3185 3681 3292 3735 illis
3318 3682 3573 3750 contigit:
3602 3681 3684 3733 vi-

2112 3770 2306 3824 delicet
2328 3784 2435 3823 uno
2458 3770 2751 3838 eodemque
2775 3771 2863 3823 die
2898 3786 2929 3824 e
2957 3771 3089 3823 vivis
3120 3769 3287 3837 erepti
3315 3777 3470 3833 sunt,
3499 3779 3686 3823 neutro

2111 3858 2262 3913 alteri
2302 3858 2600 3927 superstite.
2635 3858 3157 3912 Existimabat'enim
3198 3860 3359 3912 vitam
3402 3859 3501 3913 sibi
3538 3860 3680 3928 inju-

2111 3948 2337 4003 cundam
2365 3948 2496 4014 fore,
2525 3948 2568 4002 si
2597 3949 2731 4001 alter
2753 3947 2820 4001 ab
2844 3947 3013 4001 altero
3038 3947 3221 4001 fuisset
3245 3947 3501 4002 divulsus.
3521 3948 3683 4003 Com-

2112 4039 2400 4094 movemini
2430 4052 2589 4105 nunc,
2612 4038 2973 4108 lacrymamini
3000 4053 3159 4101 nunc,
3183 4046 3237 4093 et
3262 4039 3441 4093 animo
3469 4048 3680 4107 pertur-

2110 4129 2343 4196 bamini;
2372 4142 2539 4199 usque
2558 4128 2623 4183 ad
2647 4129 2996 4199 lacrymarum
3019 4127 3325 4183 effusionem
3354 4130 3536 4184 mutati
3558 4140 3684 4185 sunt

2111 4220 2248 4276 oculi
2281 4221 2480 4276 vestri?
2519 4220 2668 4274 Nunc
2710 4219 2838 4274 mihi
2870 4220 3093 4290 quisque
3131 4218 3438 4275 recordetur
3480 4219 3682 4274 inimici

2110 4311 2200 4381 qui
2227 4310 2379 4376 laesit,
2414 4308 2598 4365 dolore
2624 4309 2911 4365 etiamnum
2939 4309 2990 4363 in
3018 4310 3195 4363 animo
3220 4316 3495 4372 :estuante,
3524 4314 3685 4378 atque

2111 4402 2252 4456 hunc
2277 4404 2333 4457 et
2374 4402 2549 4457 vivum
2590 4409 2791 4467 servet,
2827 4408 2881 4455 et
2922 4401 3027 4454 vita
3074 4398 3376 4455 defunctum
3415 4398 3679 4469 deploret,
3772 4464 3780 4476 ἱ

2111 4491 2251 4546 haud
2276 4491 2489 4561 quidem
2518 4490 2584 4544 ad
2611 4492 3041 4556 ostentationem,
3072 4490 3166 4544 sed
3195 4505 3261 4544 ex
3290 4490 3491 4557 animo,
3522 4504 3680 4544 vero-
3767 4484 3782 4503 '

2108 4598 2212 4652 que
2240 4581 2434 4637 corde:
2463 4581 2666 4635 etiamsi
2689 4580 2815 4648 quid
2842 4579 3212 4649 perferendum
3240 4579 3308 4633 sit
3336 4579 3675 4645 incommodi,

2112 4687 2178 4728 ne
2217 4670 2342 4742 quid
2383 4671 2615 4726 oll'endat
2641 4686 2762 4725 eum
2799 4671 2889 4739 qui
2933 4669 3088 4733 laesit,
3131 4670 3308 4723 omnia
3337 4678 3448 4723 tum
3490 4665 3676 4737 faiﬁat,

2110 4772 2220 4817 tum
2253 4761 2502 4831 patiatur,
2542 4774 2728 4829 magna
2762 4773 2792 4813 a
2830 4759 2939 4813 Deo
2977 4767 3291 4827 exspectans
3330 4759 3568 4827 praemia.
3596 4761 3679 4815 En

2110 4853 2198 4907 hic
2222 4852 2381 4908 etiam
2410 4866 2627 4921 regnum
2663 4850 2884 4919 adeptus
2909 4858 3013 4916 est,
3040 4863 3139 4904 nec
3175 4856 3349 4904 tamen
3388 4849 3680 4919 inquinavit

2110 4943 2255 4999 ctede
2283 4956 2470 4997 manus
2489 4983 2503 5007 ,
2532 4941 2624 4996 sed
2662 4941 2898 4994 dextram
2926 4939 3124 4994 habens
3147 4954 3353 5010 puram,
3384 4940 3461 4995 sic
3478 4954 3679 4995 corona

2110 5035 2384 5090 redimitus
2411 5043 2508 5097 est,
2539 5034 2615 5087 sic
2634 5033 2696 5086 ad
2724 5032 2911 5087 solium
2934 5032 3190 5097 ascendit,
3220 5045 3452 5101 purpura
3478 5044 3542 5085 ac
3567 5030 3680 5086 dia-

2109 5124 2317 5179 demate
2358 5123 2775 5192 magnificentius
2804 5123 3101 5177 encomium
3144 5133 3390 5191 gestans,
3437 5120 3687 5177 videlicet

2109 5217 2248 5287 quod
2297 5215 2433 5271 hosti
2476 5216 2831 5285 pepercisset,
2885 5215 3026 5283 quod
3070 5213 3313 5268 eumdem
3362 5213 3677 5267 exstinctum

2110 5310 2349 5363 luxisset.
2379 5305 2580 5361 Idcirco
2607 5320 2710 5359 non
2739 5305 2893 5359 vivus
2918 5304 3095 5368 modo,
3118 5302 3209 5356 sed
3235 5312 3287 5357 et
3312 5311 3549 5355 mortuus
3578 5304 3677 5356 ho-

2110 5403 2309 5456 minum
2349 5400 2601 5455 memoria
2645 5400 2962 5456 celebratur.
3006 5399 3336 5466 Quapropter
3358 5398 3403 5453 si
3440 5400 3587 5469 cupis
3623 5409 3677 5454 et

2110 5494 2195 5547 hic
2222 5500 2524 5561 perpetuam
2560 5492 2811 5561 consequi
2850 5490 3099 5559 gloriam,
3129 5497 3182 5541 et
3206 5487 3315 5541 illic
3350 5488 3529 5544 solidis
3556 5504 3675 5558 per-

2108 5585 2207 5638 frui
2234 5584 2403 5647 bonis,
2438 5581 2592 5651 hujus
2625 5581 2751 5650 justi
2788 5580 3032 5635 virtutem
3074 5580 3299 5642 imitare,
3333 5579 3488 5648 hujus
3511 5596 3675 5634 :nmu-

2112 5677 2218 5731 lare
2256 5672 2660 5744 philosophiam,
2691 5670 2910 5727 ostende
2949 5670 3097 5727 factis
3128 5671 3253 5740 ipsis
3293 5668 3675 5742 hancinjuria-
