4094 6256
446 320 554 374 695

445 448 565 487 rum
604 430 959 496 tolerantiam,
1002 436 1060 482 ut
1103 426 1317 481 eosdem
1358 425 1566 482 labores
1593 425 1879 488 sustinens,
1925 435 2014 475 ea-

443 525 569 579 dem
598 523 737 578 bona
765 518 1106 589 consequaris
1130 535 1142 570 :
1173 532 1291 587 quae
1320 518 1521 571 utinam
1563 514 1836 581 contingat
1865 511 2020 565 nobis

445 616 693 669 omnibus
717 613 955 682 adipisci,
986 609 1157 680 gratia
1194 617 1248 662 et
1270 608 1592 677 benignitate
1616 604 1823 660 Domini
1850 602 2018 658 nostri

444 706 572 760 Jcsu
603 702 830 765 Christi,
863 700 948 755 cui
990 714 1111 754 cum
1143 699 1299 753 Patre
1325 713 1426 753 una
1457 713 1575 751 cum
1601 702 1784 749 sancto
1818 691 2017 761 Spiritu

444 794 633 864 gloria,
673 790 974 859 imperium,
1016 788 1207 855 honor,
1239 802 1380 842 nunc
1408 797 1462 842 et
1490 799 1720 855 semper,
1749 790 1807 838 et
1840 783 1893 835 in
1919 793 2019 836 sat-

446 883 565 937 cula
590 881 927 943 saeculorum.
961 878 1151 933 Amen.

1040 964 1319 1021 HOMILIA
1345 964 1431 1018 Ill.

448 1058 597 1127 Quod
613 1057 946 1127 periculosum
969 1056 1031 1110 sit
1046 1056 1187 1109 adire
1206 1054 1513 1124 spectacula,
1530 1060 1577 1104 et
1594 1065 1651 1104 ea
1664 1066 1743 1103 res
1764 1048 2018 1102 adulteros

518 1150 762 1221 perfectos
806 1148 981 1217 faciat,
1012 1155 1057 1200 et
1095 1147 1211 1199 hinc
1240 1145 1440 1198 tristitia
1466 1142 1810 1209 contentioque
1838 1154 2017 1192 nasca-

516 1254 638 1298 tur:
678 1253 784 1295 tum
810 1240 943 1311 quod
971 1256 1116 1293 omne
1152 1238 1428 1293 tolerantiae
1468 1251 1624 1306 genus
1660 1233 1826 1287 David
1852 1233 1904 1286 in
1934 1233 2015 1296 iis,

518 1352 634 1405 qua:
656 1336 771 1406 fecit
800 1350 921 1403 erga
946 1331 1174 1395 Saftlem,
1204 1329 1449 1399 superarit
1473 1344 1490 1381 :
1520 1335 1767 1397 postremo
1786 1324 1920 1394 quod
1943 1340 2019 1377 ra-

516 1427 688 1496 pinam
716 1441 858 1494 requo
887 1424 1056 1475 animo
1085 1425 1237 1491 ferre,
1265 1435 1363 1473 non
1392 1418 1553 1471 minor
1580 1418 1731 1470 virtus
1759 1417 1842 1480 sit,
1868 1430 2020 1484 quam

517 1516 695 1586 largiri
722 1515 1109 1582 eleemosynam.

519 1611 576 1662 Ι.
609 1604 868 1676 Equidem
901 1603 1132 1657 arbitror
1160 1601 1353 1656 multos
1382 1615 1445 1655 ex
1489 1600 1573 1664 iis,
1608 1599 1697 1666 qui
1726 1612 1896 1665 nuper
1922 1610 2020 1651 nos

446 1699 811 1759 deseruerant,
837 1702 891 1749 et
913 1692 979 1747 ad
1005 1690 1293 1762 iniquitatis
1314 1689 1611 1757 spectacula
1636 1688 2016 1751 discesserant,

447 1788 608 1845 hodie
648 1793 935 1857 praesentes
969 1797 1109 1838 esse.
1149 1780 1386 1849 Optarim
1427 1788 1605 1833 autem
1636 1778 1765 1831 istos
1796 1777 1886 1845 qui
1914 1776 2021 1830 sint

448 1880 621 1948 palam
653 1891 829 1938 nosse,
868 1883 925 1930 ut
950 1889 1043 1929 eos
1071 1888 1100 1927 a
1143 1873 1310 1927 sacris
1338 1871 1610 1926 vestibulis
1650 1884 1882 1936 arceant,
1914 1882 2019 1921 non

445 1978 506 2023 ut
525 1977 777 2037 perpetuo
801 1963 930 2019 foris
955 1970 1217 2027 maneant,
1240 1961 1336 2017 sed
1354 1970 1410 2014 ut
1442 1959 1668 2015 correcti
1694 1957 1869 2012 denuo
1898 1956 2021 2011 red-

443 2067 608 2115 eant:
643 2055 1064 2127 quandoquidem
1094 2064 1145 2107 et
1164 2062 1340 2121 patres
1364 2052 1503 2105 ﬁlios
1526 2050 1892 2118 delinquentes
1916 2047 2021 2102 fre-

442 2158 670 2219 quenter
696 2162 761 2203 ex
790 2145 993 2200 aedibus
1010 2145 1243 2214 exigunt,
1262 2153 1314 2198 et
1327 2158 1357 2196 a
1369 2156 1549 2197 mensa
1562 2141 1893 2200 submovent,
1910 2151 2016 2191 non

442 2248 502 2293 ut
516 2252 725 2307 semper
741 2237 884 2290 illinc
897 2235 1157 2299 cxsulent,
1173 2233 1268 2288 sed
1292 2241 1350 2287 ut
1369 2232 1467 2285 hac
1484 2229 1813 2300 correptione
1828 2227 2017 2283 redditi

441 2327 713 2390 meliores,
728 2340 847 2380 cum
865 2324 1040 2379 debita
1060 2322 1213 2377 laude
1232 2331 1286 2377 et
1307 2321 1509 2376 honore
1529 2321 1581 2374 in
1605 2328 1880 2389 paternam
1899 2316 2020 2372 red-

440 2425 567 2472 eant
591 2424 809 2469 sortem.
838 2413 980 2467 idem
1001 2428 1130 2468 sane
1157 2412 1353 2466 faciunt
1381 2419 1433 2465 et
1456 2419 1711 2478 pastores,
1742 2408 1868 2464 dum
1892 2421 2020 2462 oves

441 2506 621 2561 scabie
632 2505 871 2573 cppletas
889 2518 919 2557 a
935 2502 1077 2559 sanis
1091 2512 1388 2572 segregant,
1407 2511 1462 2555 ut
1479 2501 1674 2555 misero
1690 2498 1874 2554 morbo
1887 2497 2020 2551 leva-

441 2605 534 2662 tae,
556 2595 730 2649 denuo
748 2602 858 2647 tuto
878 2593 945 2645 ad
959 2607 1114 2646 sanas
1136 2599 1485 2655 revertantur,
1500 2605 1565 2645 ne
1581 2598 1789 2658 aegrota:
1804 2602 2017 2657 gregem

441 2688 748 2742 universum
772 2699 870 2739 suo
899 2684 990 2738 illo
1017 2685 1205 2738 morbo
1232 2683 1504 2752 impleant.
1528 2681 1651 2736 ideo
1677 2680 2018 2749 cupiebamus

444 2776 577 2830 istos
595 2788 751 2829 nosse
768 2789 783 2837 ;
805 2773 900 2828 sed
922 2773 1159 2842 quamvis
1169 2786 1262 2826 eos
1277 2771 1515 2839 corporis
1529 2769 1695 2823 oculis
1711 2768 2018 2838 dignoscere

443 2880 552 2919 non
578 2864 871 2928 valeamus,
910 2862 1131 2916 verbum
1162 2870 1338 2915 tamen
1368 2874 1460 2915 eos
1492 2873 1705 2928 prorsus
1734 2867 2010 2927 agnoscet,

439 2965 791 3023 correptaque
814 2954 1022 3014 illorum
1042 2952 1381 3013 conscientia,
1402 2951 1553 3005 facile
1582 2949 1935 3017 persuadebit,
1961 2958 2015 3005 ut

448 3060 549 3101 sua
586 3052 773 3113 sponte
804 3043 1147 3111 volentesque
1177 3050 1390 3105 exeant,
1429 3040 1626 3094 docens
1664 3039 1809 3093 illum
1844 3039 2015 3093 solum

440 3148 562 3191 esse
588 3134 749 3198 intus,
780 3132 868 3201 qui
895 3140 1123 3186 mentem
1146 3129 1247 3185 hac
1273 3129 1652 3185 exercitatione
1673 3128 1885 3197 dignam
1915 3128 2012 3182 ha-

370 3218 379 3226 ’
442 3223 568 3280 beat
594 3241 607 3277 :
635 3224 795 3278 veluti
819 3232 1025 3286 contra,
1064 3220 1154 3291 qui
1184 3229 1430 3288 corrupte
1459 3219 1642 3273 vivens
1667 3233 1832 3277 sacrae
1860 3217 2015 3287 hujus

444 3315 865 3386 congregationis
893 3314 1155 3383 particeps
1185 3322 1287 3380 est,
1317 3312 1523 3367 etiamsi
1560 3325 1785 3380 corpore
1811 3310 1895 3364 hic
1921 3310 2014 3365 ad-

442 3405 658 3468 stiterit,
687 3403 917 3472 rejectus
939 3410 1040 3466 est,
1066 3400 1351 3469 veriusque
1370 3399 1664 3463 submotus,
1685 3414 1841 3469 quam
1867 3400 1903 3454 ii
1925 3401 2011 3469 qui

441 3494 587 3549 foras
622 3494 821 3549 exclusi
866 3501 990 3547 sunt
1044 3488 1141 3562 (a),
1186 3490 1377 3559 quibus
1419 3490 1648 3544 nondum
1685 3490 1807 3545 licet
1849 3504 2014 3543 sacrae

444 3598 647 3639 mensae
694 3581 975 3651 participes
1021 3594 1161 3635 esse.
1199 3579 1471 3648 Siquidem
1504 3580 1573 3632 illi
1617 3579 1902 3634 secundum
1933 3578 2013 3632 di-

440 3677 593 3730 vinas
634 3675 778 3743 leges
806 3674 1009 3742 expulsi
1048 3672 1284 3741 forisque
1324 3679 1619 3734 manentes,
1667 3670 1919 3726 hactenus
1959 3675 2011 3725 in

443 3778 542 3836 Spe
570 3766 705 3820 bona
731 3773 857 3818 sunt
893 3780 907 3817 :
937 3778 1057 3816 nam
1086 3763 1130 3819 si
1157 3762 1317 3816 modo
1346 3762 1508 3817 velint
1527 3762 1794 3831 corrigere
1821 3756 2012 3817 delicta

440 3872 559 3923 sua,
589 3856 659 3911 ob
686 3871 803 3925 quae
830 3871 924 3925 per
950 3855 1242 3909 Ecclesiam
1272 3862 1397 3907 sunt
1430 3853 1607 3921 ejecti,
1639 3861 1890 3921 poterunt
1921 3853 2014 3907 de-

440 3963 549 4004 nuo
573 3962 693 4001 cum
720 3960 849 4015 pura
875 3944 1197 4000 conscientia
1223 3942 1435 3998 reverti.
1461 3942 1636 4011 Atqui
1664 3942 1867 4010 seipsos
1887 3956 2012 3995 con.

442 4037 831 4093 taminaverunt
850 4076 865 4101 ,
896 4043 949 4089 et
973 4033 1227 4088 admoniti
1254 4047 1322 4085 ne
1344 4032 1490 4099 prius
1517 4032 1816 4097 introeant,
1844 4030 2014 4084 donec

440 4124 702 4181 maculam
730 4137 763 4179 e
788 4122 1075 4178 sceleribus
1100 4128 1425 4175 contractam
1450 4118 2013 4187 repurgarint,deinde

442 4214 779 4284 impudenter
805 4228 864 4266 se
887 4219 1095 4285 gerunt,
1122 4210 1314 4263 vulnus
1342 4216 1395 4262 et
1423 4206 1573 4261 ulcus
1598 4203 1757 4259 animi
1788 4206 2015 4260 reddunt

440 4304 685 4360 acerbius
710 4318 772 4357 ac
810 4302 996 4370 majus.
1035 4300 1216 4369 Neque
1241 4300 1380 4352 enim
1407 4306 1511 4351 tam
1551 4311 1711 4365 grave
1742 4306 1822 4351 est
1846 4296 2015 4351 delin-

442 4406 631 4461 quere,
657 4406 813 4460 quam
843 4399 959 4458 post
982 4391 1231 4445 delictum
1255 4388 1583 4457 impudenter
1603 4402 1662 4442 se
1679 4402 1887 4456 gerere,
1916 4402 2015 4443 nec

442 4496 632 4551 parere
670 4481 1037 4536 sacerdotibus
1065 4479 1188 4539 talia
1210 4479 1537 4548 iubentibus.
1566 4479 1632 4533 Et
1666 4478 1789 4548 quid
1821 4478 1895 4545 hi,
1936 4480 2017 4533 in-

444 4576 651 4645 quiunt,
683 4572 817 4628 adeo
841 4572 1016 4641 mgni
1053 4571 1271 4627 sceleris
1298 4570 1698 4635 commiserunt,
1728 4578 1785 4623 ut
1807 4571 1874 4624 ab
1902 4570 2014 4625 istis

445 4667 613 4721 sacris
643 4664 893 4721 cancellis
921 4662 1135 4719 arcendi
1164 4663 1305 4717 sint?
1330 4663 1439 4729 lmo
1467 4662 1607 4731 quod
1633 4662 1883 4716 delictum
1915 4661 2015 4716 hoc

440 4756 656 4826 gravius
683 4755 876 4825 quaeris
906 4756 1147 4820 istorum,
1176 4754 1266 4823 qui
1293 4768 1416 4808 cum
1451 4753 1653 4821 seipsos
1685 4752 1836 4820 plane
1864 4751 2014 4805 adul-

442 4849 577 4902 terio
615 4848 1042 4911 coutamiuarint,
1072 4845 1407 4915 impudenter
1430 4859 1492 4898 ac
1534 4844 1837 4899 rabidorum
1867 4858 2015 4898 more

437 4934 652 4998 canum,
681 4937 747 4990 ad
766 4952 970 4991 sacram
993 4936 1128 4991 hanc
1149 4950 1381 4989 mensam
1413 4934 1655 4988 irruunt?
1677 4933 1825 5000 Quod
1855 4934 1896 4986 si
1926 4948 2015 4986 νος

441 5030 506 5083 lis
548 5028 794 5083 adulterii
837 5028 1049 5081 modum
1079 5042 1419 5097 cognoscere,
1462 5041 1564 5078 non
1592 5039 1705 5078 mea
1735 5024 1890 5077 verba
1922 5023 2014 5077 tibi

440 5120 687 5181 referam,
718 5116 812 5172 sed
844 5118 983 5171 illius
1010 5118 1098 5186 qui
1127 5117 1193 5172 de
1222 5126 1330 5171 tota
1360 5116 1589 5169 hominis
1615 5115 1716 5168 vita
1743 5115 2011 5181 judicatu-

440 5224 534 5262 rus
559 5219 677 5263 est:
712 5207 811 5273 Qui
838 5208 977 5262 enim
1008 5208 1202 5273 viderit,
1236 5208 1423 5275 inquit,
1457 5206 1713 5259 mulierem
1740 5205 1805 5257 ad
1831 5220 2014 5257 concu-

442 5298 729 5365 piscendam
768 5298 931 5363 illam,
963 5298 1076 5368 jam
1102 5298 1374 5351 moechatus
1408 5305 1481 5349 est
1509 5312 1618 5349 eam
1648 5296 1698 5347 in
1735 5294 1883 5348 corde
1923 5311 2018 5349 suo

444 5386 654 5457 (Matth.
688 5388 740 5441 5.
768 5387 879 5456 28).
908 5389 1058 5453 Quod
1078 5387 1124 5442 si
1150 5388 1339 5442 mulier
1359 5384 1496 5440 forte
1525 5386 1577 5439 in
1608 5384 1727 5439 foro
1751 5384 1927 5451 obvia,
1955 5394 2009 5440 et

446 5479 736 5546 neglectius
776 5481 913 5534 culta
942 5494 1085 5548 saepe
1111 5478 1369 5534 curiosius
1393 5475 1687 5530 intuentem
1722 5478 1861 5545 cepit
1900 5477 2016 5545 ipso

446 5568 619 5622 vultus
645 5578 895 5636 aspectu;
938 5570 1024 5624 isti
1055 5570 1143 5639 qui
1182 5584 1287 5623 non
1325 5566 1653 5635 simpliciter,
1702 5581 1871 5637 neque
1909 5567 2017 5623 lor-

507 5677 581 5738 (η)
613 5682 926 5730 Pmuitentes.

1203 316 1259 370 S.
1298 313 1571 371 JOANMS
1607 305 2081 368 CHRYSOSTOMI
2120 305 2437 364 ARCIIlEP.
2474 308 3006 366 CONSTANTINOP.

2128 418 2278 483 tuito,
2316 421 2408 475 sed
2436 424 2631 491 studio,
2663 434 2717 479 et
2742 435 2885 480 tanto
2923 426 3124 493 studio,
3166 438 3223 480 ut
3248 427 3538 482 Ecclesiam
3563 443 3699 497 quo-

2124 525 2228 578 que
2253 523 2615 579 contemnant,
2642 525 2698 571 et
2716 516 2817 572 hac
2834 530 2991 572 musa
3018 528 3240 587 pergunt
3266 518 3406 581 illuc,
3434 533 3497 573 ac
3524 528 3697 575 totum

2125 599 2194 653 ibi
2220 598 2523 658 desidentes
2554 605 2693 661 diem
2736 606 2790 661 in
2825 607 2988 663 facies
3025 607 3348 677 abjectarum
3378 609 3697 664 feminarum

2124 690 2329 747 illarum
2373 694 2573 751 deﬁxos
2612 696 2806 753 habent
2841 698 3045 763 oculos,
3090 714 3193 769 qua
3238 698 3410 759 [route
3449 709 3702 769 poterunt

2123 780 2321 850 dicere,
2348 798 2407 839 se
2448 799 2541 841 eas
2567 802 2673 842 non
2711 788 2906 844 vidisse
2944 789 3013 844 ad
3048 790 3563 859 concupiscendum?
3601 791 3703 847 ubi

2125 870 2287 927 verba
2317 888 2525 943 quoque
2551 876 2812 931 accedunt
2840 878 3003 933 fracta
3028 880 3346 950 lascivaque,
3376 880 3468 935 ubi
3490 883 3699 935 cantio-

2124 976 2221 1016 nes
2253 967 2590 1033 meretriciae,
2630 968 2719 1023 ubi
2757 984 2858 1025 vox
2887 970 3230 1027 vehementer
3256 973 3321 1025 ad
3365 972 3700 1042 voluptatem

2123 1057 2442 1123 composita,
2471 1058 2561 1112 tibi
2587 1060 2745 1116 stibio
2767 1061 2892 1129 picti
2916 1063 3072 1127 oculi,
3105 1063 3191 1117 ubi
3220 1062 3485 1118 coloribus
3513 1064 3702 1119 tincta:

2122 1158 2292 1213 genae,
2321 1147 2408 1201 ubi
2435 1150 2597 1204 vestis
2621 1152 2882 1207 curiosius
2905 1154 3243 1217 concinnata,
3266 1155 3353 1208 ubi
3383 1155 3540 1210 totius
3566 1170 3699 1210 cor-

2125 1237 2266 1303 poris
2295 1238 2502 1296 habitus
2528 1242 2645 1298 fuco
2671 1243 2858 1312 plenus
2883 1252 2983 1308 est,
3014 1245 3219 1314 aliaque
3242 1246 3404 1300 multa
3429 1247 3696 1301 lenocinia

2122 1327 2190 1385 ad
2230 1326 2487 1385 fallendos
2520 1332 2940 1403 inescandosque
2967 1335 3230 1389 intuentes
3272 1337 3551 1402 instructa;
3599 1336 3697 1390 ubi

2123 1420 2366 1475 socordia
2406 1422 2777 1490 spectantium,
2824 1424 3091 1494 multaque
3115 1426 3377 1493 confusio,
3414 1427 3539 1482 hinc
3575 1428 3697 1498 ipse

2124 1509 2273 1565 locus
2305 1512 2371 1565 ad
2400 1512 2667 1567 lasciviam
2694 1514 2943 1582 invitans,
2980 1528 3089 1570 tum
3119 1518 3186 1571 ab
3214 1517 3278 1572 iis
3305 1519 3698 1574 acroamatibus

2120 1614 2240 1669 qua:
2268 1612 2669 1671 prmcesscrunt,
2702 1612 2811 1659 tum
2847 1608 2915 1660 ab
2939 1606 3002 1661 iis
3030 1623 3148 1676 qua:
3171 1620 3490 1678 consequuta
3527 1612 3700 1664 sunt?

2121 1688 2397 1744 Accedunt
2435 1691 2757 1748 irritamenta
2802 1709 2900 1763 per
2938 1695 3141 1752 ﬁstulas
3177 1712 3241 1752 ac
3266 1698 3441 1764 tibias,
3481 1699 3695 1769 aliaque

2122 1776 2236 1845 ejus
2263 1781 2474 1847 generis
2497 1782 2801 1847 modulatio,
2836 1784 2889 1838 in
2927 1784 3165 1840 fraudem
3194 1786 3433 1852 illiciens,
3464 1790 3694 1844 mentis-

2122 1880 2225 1934 que
2253 1868 2413 1925 robur
2438 1871 2713 1927 emolliens
2735 1912 2751 1937 ,
2790 1887 2854 1928 ac
2872 1875 3206 1930 meretricum
3235 1876 3440 1932 insidiis
3466 1889 3519 1933 et
3541 1879 3693 1935 delo-

2123 1963 2352 2017 ctatione
2381 1978 2685 2032 prmparans
2715 1965 2822 2021 illic
2860 1966 3211 2022 desidentium
3253 1969 3487 2034 animos,
3519 1969 3692 2025 eflici—

2122 2066 2320 2119 ensque
2344 2061 2401 2106 ut
2428 2053 2631 2109 facilius
2648 2056 2972 2124 capiantur’.
2991 2058 3199 2113 Etenim
3229 2058 3275 2112 si
3304 2059 3409 2127 hic,
3428 2061 3513 2113 ubi
3546 2062 3691 2129 psal-

2122 2141 2214 2205 mi,
2239 2140 2327 2195 uhi
2358 2157 2564 2211 preces,
2596 2145 2683 2200 ubi
2704 2146 3001 2201 divinorum
3024 2148 3353 2217 eloquiorum
3396 2152 3685 2217 enarratio,

2123 2231 2207 2287 ubi
2239 2232 2332 2285 Dei
2361 2242 2550 2298 metus,
2576 2236 2845 2305 multaque
2866 2237 3053 2306 pietas,
3079 2238 3398 2307 frequenter,
3426 2256 3524 2296 ceu
3548 2243 3690 2297 latro

2120 2320 2380 2389 quispiam
2401 2332 2665 2390 versutus,
2689 2326 2824 2379 clam
2844 2326 3053 2393 obrepit
3070 2328 3490 2397 concupiscentia
3515 2347 3530 2383 ε
3552 2344 3691 2398 quoe

2121 2409 2280 2464 modo
2322 2411 2411 2479 qui
2436 2411 2679 2467 desident
2706 2414 2757 2468 in
2788 2415 3017 2481 theatro,
3045 2416 3131 2485 qui
3159 2417 3289 2472 nihil
3313 2418 3428 2471 sani
3466 2418 3691 2473 audiunt

2122 2499 2425 2569 videntque,
2455 2503 2546 2557 sed
2573 2503 2735 2558 multa
2765 2503 3010 2559 difﬂuunt
3036 2506 3375 2573 turpitudine,
3408 2507 3572 2561 multa
3596 2524 3689 2563 ne-

2121 2587 2303 2655 quitia,
2332 2589 2421 2657 qui
2447 2590 2676 2659 undique
2703 2592 3033 2647 obsidionem
3062 2595 3346 2663 patiuntur,
3382 2611 3477 2663 per
3501 2612 3682 2659 aures,

2121 2691 2215 2744 per
2232 2678 2435 2744 oculos,
2461 2680 2666 2748 possint
2686 2681 2878 2735 malam
2900 2696 3147 2752 superare
3168 2686 3645 2752 concupiscentiam
3659 2687 3685 2739 ?

2122 2767 2349 2820 Rursum
2379 2769 2423 2821 si
2462 2786 2566 2822 non
2594 2782 2831 2839 possunt,
2864 2773 3126 2840 quomodo
3157 2783 3405 2843 poterunt
3432 2791 3681 2846 umquam

2118 2856 2187 2909 ab
2214 2858 2454 2912 adulterii
2478 2860 2698 2917 crimine
2717 2861 3098 2919 absolvi?Tum
3125 2866 3212 2934 qui
3242 2882 3349 2921 non
3377 2868 3525 2923 liberi
3553 2880 3681 2924 sunt

2118 2947 2187 3000 ab
2205 2948 2447 3003 adulterii
2472 2950 2713 3017 crimine,
2735 2951 3001 3021 quomodo
3027 2962 3273 3021 poterunt
3294 2956 3491 3026 absque
3514 2960 3683 3025 νωιιί-

2120 3041 2280 3094 tentia
2305 3040 2371 3093 ad
2391 3040 2506 3095 haec
2526 3056 2675 3098 sacra
2700 3042 2952 3098 vestibula
2971 3045 3242 3114 accedere,
3266 3046 3523 3118 hujusque
3548 3066 3683 3119 ιλιι-ες

2117 3130 2247 3184 clari
2275 3140 2564 3187 conventus
2592 3147 2710 3188 esse
2737 3134 3062 3204 participes!

2187 3243 2241 3296 2.
2263 3243 2427 3309 Quam
2448 3245 2666 3299 alienum
2685 3248 2749 3300 sit
2767 3264 2799 3300 a
2818 3248 3036 3301 moribus
3062 3248 3364 3315 christianis,
3387 3255 3685 3317 spectaculis

2118 3331 2442 3387 theatralibus
2474 3335 2724 3389 interesse.
2750 3366 2823 3376 —
2848 3337 3179 3408 Quapropter
3216 3341 3459 3409 equidem
3502 3342 3680 3397 hortor

2117 3436 2385 3492 rogoque,
2414 3433 2473 3477 ut
2500 3425 2645 3492 prius
2668 3427 3003 3482 confessione
3026 3443 3090 3481 ac
3119 3431 3421 3498 paenitentia
3463 3434 3681 3501 aliisque

2117 3511 2365 3567 remediis
2390 3514 2637 3570 omnibus
2663 3529 2780 3570 sese
2805 3531 2832 3568 a
2858 3526 3073 3586 peccato
3096 3533 3160 3572 ex
3188 3520 3455 3575 theatricis
3482 3532 3682 3590 specta—

2115 3603 2250 3656 culis
2275 3611 2547 3659 contracto
2573 3617 2893 3675 perpurgent
2916 3648 2929 3670 ,
2954 3616 3111 3676 atque
3137 3608 3207 3662 ita
3233 3609 3441 3665 divinos
3467 3612 3681 3668 audiant

2117 3707 2410 3748 sermones.
2441 3694 2621 3764 Neque
2647 3697 2790 3751 enim
2816 3698 3153 3754 mediocriter
3177 3716 3206 3753 a
3238 3703 3389 3757 nobis
3417 3703 3680 3774 delinqui-

2119 3792 2236 3848 tur;
2263 3784 2313 3839 id
2347 3785 2487 3854 quod
2519 3786 2587 3840 ab
2614 3788 2867 3858 exemplis
2899 3790 3068 3843 cuivis
3099 3793 3372 3858 perspicue
3396 3794 3575 3849 videre
3612 3793 3681 3848 li-

2116 3884 2219 3928 cet.
2244 3873 2374 3928 Nam
2393 3876 2435 3929 si
2461 3875 2685 3932 famulus
2703 3878 2756 3930 in
2782 3878 3032 3944 arculam,
3056 3880 3143 3934 ubi
3165 3880 3345 3935 herilia
3367 3881 3681 3937 vestimenta

2118 3964 2349 4031 pretiosa
2387 3980 2654 4035 aureaque
2695 3966 2965 4021 recondita
2993 3977 3151 4032 sunt,
3181 3970 3425 4025 servilem
3455 3977 3686 4027 tunicam

2117 4054 2361 4110 sordibus
2400 4070 2461 4109 ac
2496 4056 2677 4110 multis
2702 4056 2961 4126 pediculis
2999 4056 3249 4114 refertam
3276 4059 3545 4129 imponat,
3585 4075 3687 4131 age

2117 4145 2203 4200 dic
2227 4146 2357 4200 mihi
2396 4163 2521 4201 num
2550 4164 2668 4203 eam
2703 4149 3075 4205 contumeliam
3112 4165 3265 4219 tequo
3297 4154 3471 4206 animo
3504 4151 3688 4208 feras?

2117 4238 2251 4303 Quid
2273 4249 2449 4293 autem
2473 4239 2519 4294 si
2542 4240 2660 4308 quis
2685 4242 2737 4295 in
2767 4241 3038 4296 vasculum
3066 4257 3308 4310 aureum,
3336 4244 3388 4299 in
3415 4260 3518 4314 quo
3542 4260 3685 4300 sem-

2118 4345 2212 4398 per
2232 4340 2491 4398 unguenta
2515 4332 2711 4385 servari
2740 4333 3129 4398 consueverint,
3158 4343 3360 4389 stercus
3383 4349 3446 4389 ac
3470 4351 3685 4389 cautum

2119 4418 2359 4473 infundat
2382 4459 2394 4482 ,
2437 4435 2614 4474 annon
2642 4422 2689 4475 ei
2719 4423 2899 4492 plagas
2933 4422 3197 4493 inﬁigeres
3241 4428 3330 4494 qui
3368 4427 3540 4480 scelus
3582 4427 3686 4481 hoc

2117 4509 2508 4564 commisisset?
2533 4511 2736 4579 Ergone
2762 4512 3075 4566 scriniorum
3093 4528 3157 4568 ac
3180 4529 3440 4577 vasorum,
3462 4518 3685 4571 vestium

2118 4608 2173 4653 et
2218 4609 2603 4669 unguentorum
2643 4612 2783 4655 tanta
2821 4618 2945 4655 cura
2987 4602 3416 4672 sollicitahimur,
3453 4608 3693 4667 animant

2120 4704 2245 4742 vero
2274 4699 2508 4743 nostram
2533 4690 2776 4743 omnibus
2806 4690 2919 4744 istis
2944 4691 3184 4746 viliorem
3213 4706 3331 4747 esse
3353 4695 3694 4762 putabimus?

2118 4788 2275 4845 atque
2301 4779 2385 4833 ubi
2413 4780 2640 4849 Spiritus
2672 4780 2897 4834 infusum
2924 4790 3008 4834 est
3035 4793 3379 4849 unguentum,
3410 4798 3477 4838 eo
3504 4784 3691 4837 diabo-

2118 4869 2247 4923 licas
2270 4886 2486 4939 pompas
2506 4870 2881 4924 immitlemus?
2905 4886 2971 4925 eo
2997 4871 3200 4926 fabulas
3225 4882 3444 4940 satana,
3472 4890 3536 4929 eo
3561 4890 3691 4929 ean-

2121 4962 2309 5015 tilenas
2334 4960 2644 5015 meretriciae
2675 4960 3009 5028 turpitudinis
3039 4962 3222 5030 plenas
3240 4964 3265 5015 ?
3289 4964 3383 5017 Dic
3409 4963 3558 5029 mihi,
3582 4981 3693 5033 quo

2119 5050 2297 5105 animo
2327 5051 2425 5104 ista
2450 5049 2584 5103 feret
2612 5050 2790 5103 Deus?
2816 5050 2972 5119 Atqui
3014 5066 3117 5103 non
3149 5059 3351 5105 tantum
3376 5062 3459 5107 est
3498 5055 3689 5107 discri-

2119 5156 2242 5194 men
2266 5140 2402 5195 inter
2414 5151 2738 5209 unguentum
2751 5149 2804 5195 et
2817 5155 3047 5205 omnum,
3075 5141 3211 5196 inter
3231 5150 3406 5195 vestes
3424 5142 3616 5197 lteriles
3636 5156 3693 5199 et

2119 5231 2342 5284 serviles
2366 5272 2381 5297 ,
2414 5242 2669 5300 quantum
2690 5241 2770 5285 est
2798 5231 2934 5283 inter
2960 5230 3186 5298 Spiritus
3210 5234 3431 5298 gratiam
3459 5242 3511 5285 et
3536 5233 3694 5290 istam

2123 5335 2430 5388 perversam
2455 5322 2737 5375 actionem.
2765 5320 2877 5375 Non
2909 5319 3124 5385 metuis,
3152 5334 3186 5373 ο
3212 5322 3391 5389 homo,
3420 5324 3546 5379 dum
3569 5327 3693 5393 qui-

2122 5412 2221 5465 bus
2255 5413 2421 5467 oculis
2462 5412 2568 5467 illic
2603 5412 2799 5466 lectum
2821 5412 2909 5481 qui
2940 5421 3022 5466 est
3059 5412 3111 5465 in
3140 5411 3412 5466 orchestra
3440 5423 3651 5481 spectas
3674 5456 3693 5483 ,

2122 5502 2212 5558 ubi
2251 5502 2574 5558 detestandae
2615 5502 2858 5557 adulterii
2896 5501 3085 5556 fabula:
3124 5513 3464 5573 peraguntur,
3507 5505 3697 5562 iisdem

2188 5656 2204 5686 ι
2240 5663 2355 5718 Iteg.
2378 5655 2491 5717 duo,
2514 5655 2784 5718 faciemque
2806 5665 2891 5718 per
2913 5664 2969 5703 ea
2992 5655 3041 5701 ut
3063 5664 3094 5702 a
3114 5648 3301 5705 Christo
3320 5651 3566 5715 deﬁciam.
