4094 6256
293 340 397 395 695

292 452 639 521 ἀνεξικακίαν
661 453 887 523 ταύτην,
919 454 1007 509 ἵνα
1027 454 1148 517 τοὺς,
1175 456 1368 519 αὐτοὺς
1394 457 1693 528 ὑπομείνας
1716 458 1864 527 αὐτῷ

292 538 507 599 πόνους,
528 537 622 589 καὶ
648 535 757 588 τῶν
782 536 960 589 αὐτῶν
992 536 1228 608 ἀξιωθῇς
1257 540 1476 607 ἀγαθῶν
1503 557 1515 570 ο
1551 535 1625 594 ὧν
1657 543 1863 610 γένοιτο

293 620 502 683 πάντας
535 620 682 689 ἡμᾶς
714 620 1009 687 ἐπιτυχεῖν,
1037 620 1218 691 χάριτι
1246 624 1338 674 καὶ
1361 621 1741 694 φιλανθρωπίᾳ
1768 624 1860 677 τοῦ

293 704 497 772 Κυρίου
531 702 687 773 ήμῶν
729 702 900 771 Ἰησοῦ
931 702 1189 773 Χριστοῦ,
1217 703 1334 773 μεθ’
1362 700 1420 759 οῦ
1452 707 1626 777 Πατρλ⁸
1654 706 1751 757 σὺν
1784 706 1862 776 τῷ

294 784 433 853 ἁγίῳ
461 784 734 853 Πνεύματι
764 783 909 848 δόξα,
940 785 1159 855 κράτος,
1196 785 1351 855 τιμὴ,
1382 786 1477 842 νῦν
1508 788 1601 841 καὶ
1630 788 1737 854 ἀεὶ,
1772 788 1863 841 καὶ

292 870 371 930 εἰς
400 869 525 930 τοὺς
557 866 758 930 αἰῶνας
792 866 900 920 τῶν
928 866 1158 921 αἰώνων.
1194 868 1387 940 Ἀμήν.

903 1006 1148 1063 ΟΜΙΛΙΑ
1184 1010 1259 1063 Γ¹.

293 1114 420 1169 Ὅτι
447 1116 777 1185 ἐπισφαλὲς
798 1118 864 1170 τὸ
896 1120 981 1182 εἰς
1009 1119 1221 1186 θέατρα
1247 1120 1609 1182 ἀναϐαίνειν,
1643 1120 1738 1172 καί
1772 1121 1861 1173 ὅτι

357 1186 607 1253 μοιχοὺς
636 1187 1115 1254 ἀπηρτισμένους
1145 1188 1315 1248 ποιεῖ,
1360 1189 1455 1240 καὶ
1487 1190 1573 1241 ὅτι
1606 1188 1861 1257 ἀθυμίας

360 1256 552 1307 αἴτιον
577 1256 673 1307 καὶ
696 1256 959 1308 πολέμου
992 1257 1183 1308 τοῦτο’
1206 1256 1303 1308 καί
1327 1258 1416 1308 ὅτι
1441 1258 1563 1308 πᾶν
1584 1259 1859 1308 ἀνεξικα-

360 1258 552 1307 αἴτιον
577 1258 673 1307 καὶ
696 1258 959 1323 πολέμου
992 1258 1183 1309 τοῦτο’
1206 1258 1303 1309 καὶ
1327 1258 1416 1311 ὅτι
1441 1258 1563 1310 πᾶν
1584 1259 1859 1321 ἀνεξικα-

311 1378 323 1390 .
359 1325 494 1388 κίας
539 1321 694 1388 εἶδος
727 1324 1121 1390 ὑπερεϐάλετο
1153 1329 1185 1377 ό
1205 1326 1385 1379 Δαυῒδ
1440 1327 1511 1378 ἐν
1539 1327 1661 1391 τοῖς
1711 1328 1860 1381 κατὰ

360 1393 466 1465 τὼς
505 1395 755 1465 ’Σαούλχ
778 1394 869 1444 καὶ
902 1393 987 1445 ὅτι
1012 1393 1077 1465 τὸ
1122 1393 1323 1462 φέρειν
1358 1395 1633 1465 ἁρπαγὴν
1661 1397 1860 1464 πράως

362 1461 467 1512 τοῦ
494 1461 703 1514 δοῦναι
731 1461 1149 1530 ἐλεημοσύνην
1173 1465 1330 1517 ἴσον.

363 1570 431 1623 α’.
463 1572 694 1631 Πολλοὺς
717 1569 869 1641 οἶμαι
896 1572 1001 1626 τῶν
1037 1573 1226 1643 πρώην
1248 1574 1649 1626 καταλιπόντων
1689 1576 1857 1644 ἡμᾶς,

292 1657 384 1712 καὶ
417 1657 552 1727 πρὸς
576 1657 642 1709 τά
664 1656 862 1727 θέατρα
897 1658 996 1726 τῆς
1021 1659 1359 1729 παρανομίας
1380 1660 1858 1730 αὐτομολησάντων

291 1748 543 1811 παρεῖναι
563 1746 818 1814 τήμερον.
850 1746 957 1796 Καὶ
974 1745 1274 1817 ἐϐουλόμην
1304 1746 1497 1799 εἰδέναι
1524 1747 1742 1811 τούτους
1765 1765 1860 1801 σα-

291 1830 425 1896 φῶς,
465 1828 605 1881 ὥστε
635 1830 831 1893 αὐτοὺς
888 1831 994 1882 τῶν
1050 1831 1211 1902 ἰερῶν
1255 1832 1506 1885 ἐκϐαλεῖν
1550 1834 1857 1905 προθύρων,

289 1916 386 1984 οὐχ
416 1916 502 1969 ἵνα
534 1916 765 1985 μένωσιν
792 1916 895 1979 ἔξω
922 1918 1206 1987 διηνεκῶς,
1230 1919 1345 1972 ἀλλ’
1378 1920 1465 1973 ἵνα
1481 1920 1860 1992 διορθωοέντες

290 2001 621 2058 ἐπανέλθωσι
661 2002 840 2053 πάλιν·
862 2004 984 2054 ἐπεὶ
1009 2004 1101 2055 καὶ
1130 2004 1363 2073 πατέρες
1406 2005 1597 2067 παῖδας
1633 2005 1859 2072 σφαλλο-

292 2087 483 2155 μένους
508 2089 605 2156 τῆς
638 2088 813 2150 οἰκίας
849 2088 1168 2142 ἐκϐάλλουσι
1197 2089 1472 2155 πολλάκις,
1496 2092 1589 2145 καὶ
1615 2093 1714 2158 τῆς
1728 2109 1859 2162 τρα-

289 2167 461 2238 πέζης
504 2169 858 2238 ἀπείργουσιν
881 2210 895 2234 ,
932 2170 1028 2239 οὐχ
1067 2171 1151 2222 ἴνα
1183 2170 1271 2223 διὰ
1304 2173 1502 2235 παντὸς
1544 2172 1746 2227 τούτοιν
1770 2178 1859 2227 ἐκ·

288 2249 552 2311 πέσωσιν,
587 2250 699 2302 ἀλλ’
734 2252 821 2304 ἵνα
850 2250 1092 2320 βελτίους
1134 2256 1197 2323 τῇ
1230 2254 1477 2327 νουθεσίᾳ
1506 2258 1676 2328 ταύτῃ
1706 2258 1858 2326 γενό-

292 2350 463 2402 μενοι,
504 2333 639 2402 μετὰ
665 2335 763 2404 τῆς
802 2336 1184 2406 προσηκούσης
1210 2338 1366 2409 δόξης
1390 2341 1467 2403 εἰς
1496 2341 1588 2392 τὸν
1610 2342 1858 2412 πατρῷον

289 2416 441 2489 [769]
492 2417 829 2471 ἐπανέλθωσι
874 2418 1091 2487 κλῆρον.
1129 2419 1299 2473 Τοῦτο
1346 2422 1409 2492 δὴ
1461 2423 1554 2476 καὶ
1607 2426 1858 2495 ποιμένες

289 2501 520 2565 ποιοῦσι,
582 2502 651 2554 τά
705 2503 895 2572 ψώρας
954 2504 1383 2575 ἐμπεπλησμένα
1450 2507 1693 2576 πρόϐατα
1749 2509 1857 2562 τῶν

289 2586 637 2653 ὑγιαινόντων
692 2587 1069 2655 ἀπείργουσιν,
1112 2588 1198 2640 ἵνα
1248 2590 1347 2658 τὴν
1389 2590 1666 2659 μοχθηρὰν
1723 2592 1857 2644 ἀπο-

289 2670 489 2739 θέμενα
517 2668 661 2739 [τὴν]
696 2671 1029 2739 ἀρρωστίαν,
1099 2672 1217 2739 μετ’
1267 2673 1563 2741 ἀσφαλείας
1609 2674 1740 2745 πρὸς
1788 2677 1855 2728 τὰ

288 2752 596 2819 ὑγιαίνοντα
653 2752 920 2821 ἐπανέλθῃ
956 2752 1136 2817 πάλιν,
1193 2754 1287 2807 καὶ
1344 2756 1419 2825 μὴ
1450 2756 1706 2811 νοσοῦντα
1758 2757 1853 2827 τὴν

286 2836 487 2905 ἀγέλην
516 2837 731 2888 ἃπασαν
766 2836 1019 2907 ἐμπλήσῃ
1053 2837 1151 2906 τῆς
1180 2838 1485 2908 ἀρρωστίας
1508 2840 1855 2911 ἐκείνης.Διά

284 2938 368 2974 τοι
398 2921 553 2972 τοῦτο
582 2922 673 2971 καὶ
700 2922 861 2988 ἡμεῖς
895 2920 1223 2989 ἐϐουλόμεθα
1252 2922 1470 2984 τούτους
1500 2924 1713 2976 εἰδέναι·
1737 2926 1849 2977 ἀλλ’

285 3008 333 3058 εἰ
369 3006 461 3057 καὶ
496 3005 569 3074 μὴ
593 3006 702 3065 τοῖς
725 3004 1001 3073 αἰσθητοῖς
1036 3004 1331 3074 ὀφθαλμοῖς
1362 3007 1558 3068 αὐτοὺς
1585 3009 1854 3079 διακρῖναι

285 3089 577 3159 δυνάμεθα,
605 3090 631 3139 ό
652 3088 807 3154 λόγος
834 3089 1031 3151 αὐτοὺς
1062 3089 1421 3157 ἐπιγνώσεται
1476 3092 1709 3158 πάντως,
1763 3096 1855 3147 καὶ

285 3173 378 3225 τοῦ
437 3171 732 3234 συνειδότος
777 3170 956 3225 αὐτῶν
1012 3172 1400 3242 ἐπιλαϐόμενος
1450 3176 1624 3228 πείσει
1657 3168 1855 3246 ῥαδίως

286 3257 509 3317 ἑκόντας
528 3256 723 3317 αὐτοὺς
751 3254 1003 3317 ἐξελθεῖν,
1037 3255 1301 3309 διδάσκων
1349 3258 1430 3311 ὅτι
1484 3260 1686 3322 ἐκεῖνος
1710 3259 1854 3313 ἔνδον

286 3341 402 3391 ἐστὶ
426 3339 603 3408 μόνος,
641 3339 668 3388 ὁ
696 3339 791 3407 τῆς
814 3337 1047 3390 ἐνταῦθα
1070 3338 1347 3409 διατριϐῆς
1377 3340 1689 3411 ἁξίανέχων
1705 3356 1731 3383 ιι
1756 3344 1854 3413 τὴν

284 3420 527 3489 γνώμηψ
554 3422 627 3483 ὡς
648 3422 675 3471 ὁ
698 3420 831 3489 μετά
874 3420 1147 3484 πολιτείας
1174 3422 1571 3493 διεφθαρμένης
1590 3424 1681 3476 τοῦ
1710 3425 1851 3496 ἱεροῦ

287 3501 475 3554 τούτου
494 3502 731 3571 μετέχων
760 3502 1036 3570 συλλόγου,
1072 3504 1171 3556 κᾶν
1203 3504 1262 3555 τὸ
1289 3505 1446 3573 σῶμα
1480 3505 1710 3560 ἐνταῦθα
1736 3509 1852 3560 εἰσ-

283 3587 414 3656 άγῃ,
474 3583 818 3652 ἐκϐέϐληται,
854 3587 945 3637 καὶ
970 3585 1077 3638 τῶν
1106 3587 1609 3657 ἀποκεκλεισμένων
1634 3591 1736 3655 ἔξω
1761 3593 1853 3644 καὶ

288 3668 508 3737 μηδέπω
553 3668 862 3738 δυναμένων
913 3669 1013 3737 τῆς
1062 3670 1213 3739 ἱερᾶς
1245 3676 1528 3741 μετασχεῖν
1576 3674 1854 3743 τραπέζης

288 3750 487 3823 μᾶλλον
541 3749 897 3817 ἀπελήλαται.
939 3752 1164 3801 Ἐκεῖνοι
1207 3753 1429 3821 μὲνγὰρ
1453 3757 1501 3804 οἱ
1540 3754 1679 3806 κατά
1730 3758 1853 3817 τοὺς

282 3831 375 3881 τοῦ
408 3829 540 3882 Θεοῦ
571 3830 767 3897 νόμους
794 3829 1165 3899 ἐκϐληθέντες,
1185 3832 1278 3882 καὶ
1312 3834 1559 3902 μένοντες
1591 3835 1854 3899 ἐξω,τέως

285 3910 529 3981 χρηστὰς
568 3910 747 3978 έχουσι
780 3911 877 3972 τὰς
908 3911 1147 3974 ἐλπίδαςο
1191 3913 1295 3966 κᾶν
1328 3914 1435 3984 γάρ
1463 3914 1683 3967 ἐθέλωσι
1709 3917 1853 3986 διορ-

285 3992 562 4045 θώσασθαι
588 3994 654 4044 τά
710 3991 1132 4062 παραπτώματα
1162 3994 1209 4058 δ,
1243 3994 1308 4046 δι’
1334 3995 1370 4047 ἀ
1395 3996 1494 4064 τῆς
1534 3997 1853 4065 Ἑκκλησίας

285 4076 560 4141 ἐξέπεσον,
592 4076 905 4144 δυνήσονται
942 4076 1078 4145 μετὰ
1102 4077 1340 4147 καθαροῦ
1371 4079 1667 4141 συνειδότος
1694 4080 1853 4133 πάλιν

283 4158 611 4215 ἐπανελθεῖν.
638 4160 702 4210 Οἱ
728 4158 783 4210 δὲ
816 4159 1139 4227 μολύναντες
1163 4161 1408 4224 ἑαυτοὺς,
1438 4161 1530 4212 καὶ
1550 4162 1857 4215 κελευσθένο

283 4258 373 4303 τες
412 4242 491 4309 μὴ
519 4242 782 4310 πρότερον
814 4241 1091 4309 ἐπιϐῆναι,
1147 4244 1252 4304 ἕως
1303 4242 1368 4295 ἂν
1399 4244 1854 4314 ἀποκαθάρωνται

283 4324 382 4393 τὴν
411 4322 604 4391 κηλῖδα
642 4323 737 4392 τὴν
788 4325 852 4376 ἐκ
880 4324 987 4375 τῶν
1046 4326 1479 4395 ἁμαρτημάτων,
1531 4321 1647 4379 εἶτα
1699 4330 1854 4381 ἀναι-

286 4404 655 4475 σχυντοῦντες,
679 4406 1055 4477 χαλεπώτερον
1079 4408 1138 4459 τὸ
1158 4407 1376 4477 τραῦμα
1395 4409 1735 4478 ἐργάζονται,
1760 4410 1855 4462 καὶ

288 4485 473 4555 μεῖζον
509 4487 569 4537 τὸ
601 4487 776 4549 ἕλκος.
818 4490 889 4539 Οὐ
913 4489 1017 4557 γὰρ
1046 4488 1187 4541 οὕτω
1242 4489 1303 4541 τὸ
1356 4493 1687 4561 ἁμαρτάνειν
1739 4496 1856 4546 ἐστὶ

286 4568 542 4637 χαλεπὸν,
570 4568 644 4629 ώς
674 4570 707 4637 ή
744 4571 880 4637 μετά
916 4571 1010 4638 τὴν
1046 4572 1317 4641 ἁμαρτίαν
1368 4574 1735 4643 ἀναισχυντία,
1764 4579 1856 4630 καὶ

287 4651 349 4701 τὸ
381 4652 454 4719 μὴ
491 4650 771 4703 πείθεσθαι
798 4656 910 4714 τοῖς
951 4654 1151 4722 ἱερεῦσι
1182 4656 1247 4706 τά
1277 4657 1501 4709 τοιαῦτα
1553 4658 1852 4713 κελεύουσι.

289 4734 400 4784 Καὶ
433 4732 483 4783 τί
502 4731 748 4783 τοσοῦτον
781 4734 1091 4803 ἡμάρτηται
1120 4735 1345 4799 τούτοις,
1372 4740 1553 4807 φησὶν,
1585 4740 1724 4793 ὣστε
1758 4743 1855 4793 αὐ-

285 4815 413 4875 τοὺς
464 4813 709 4865 ἐκϐαλεῖν
758 4815 865 4866 τῶν
925 4817 1083 4886 ἱερῶν
1116 4817 1318 4869 τούτων
1360 4822 1700 4890 περιϐόλων;
1748 4825 1858 4877 Καὶ

288 4896 445 4948 ποίαν
468 4897 658 4965 ἐτέραν
704 4896 905 4964 ταύτης
936 4898 1115 4966 ζητεῖς
1164 4898 1383 4967 μείζονα
1414 4904 1705 4974 ἁμαρτίαν,
1730 4906 1857 4958 ὃταν

293 4980 510 5047 μοιχοὺς
536 4980 759 5041 ἐαυτοὺς
783 4982 1217 5050 ἀπηρτισμένους
1241 4985 1583 5053 ποιήσαντες,
1604 4988 1855 5049 ἀναιδῶς,

289 5060 540 5130 καθάπερ
562 5060 722 5122 κύνες
750 5062 1074 5127 λυττῶντες,
1108 5064 1409 5133 ἐπιπηδῶσι
1439 5069 1505 5136 τῇ
1534 5069 1652 5137 ἱερᾷ
1688 5069 1856 5140 ταύτῃ

286 5148 568 5219 τραπέζῃ;
593 5150 702 5200 Καὶ
723 5151 770 5200 εί
804 5150 981 5218 βούλει
1023 5151 1211 5219 μαθεῖν
1260 5153 1353 5204 καὶ
1397 5154 1488 5205 τὸν
1506 5158 1705 5223 τρόπον
1761 5158 1858 5225 τῆς

292 5234 557 5300 μοιχείας,
574 5234 674 5285 οὐκ
701 5234 831 5302 ἐμὸν
853 5236 961 5306 ἐρῶ
988 5254 1070 5288 σοι
1088 5238 1391 5307 λόγον,ἀλλ’
1423 5240 1587 5293 αὐτοῦ
1609 5242 1702 5293 τοῦ
1732 5243 1857 5311 μέλ-

289 5316 470 5379 λοντος
498 5318 654 5388 ήμῶν
676 5319 913 5381 δικάζειν
945 5321 1044 5390 τὴν
1082 5322 1225 5391 ζωὴν
1255 5323 1492 5378 ἃπασαν
1544 5326 1596 5375 '0
1622 5328 1729 5395 γάρ
1753 5328 1855 5394 ἑμ-

289 5400 539 5468 alb/mg,
570 5402 723 5471 φησὶ,
744 5402 996 5470 γυναῖκα
1012 5406 1159 5471 πρὸς
1182 5406 1246 5458 τὸ
1266 5406 1628 5476 ἐπιθυμῆσαι
1646 5410 1854 5475 αὐτῆς,

287 5634 315 5681 6
334 5572 572 5679 (:)Morel.
594 5576 825 5636 παρέχων.
850 5574 977 5624 Infra
1013 5576 1157 5639 Regii
1177 5578 1273 5629 duo
1294 5579 1490 5629 ἐνταῦθα
1516 5582 1739 5642 εἱστήκει,
1776 5584 1853 5631 ἐκ·

323 5652 373 5681 ευ
394 5650 525 5681 κται.

323 5650 487 5686 ἐθλητα
494 5652 506 5679 ι
514 5671 525 5681 .

360 5696 384 5733 ιι
400 5695 545 5754 ιιυειι
560 5696 655 5745 duo
678 5696 736 5745 τὰ
760 5697 1085 5760 ἁμαρτήματα.

1266 339 1357 399 DE
1404 338 1653 395 DAVlDE
1691 335 1780 391 ET
1814 323 2040 392 SAULE
2081 338 2371 396 HOMILIA
2410 338 2498 395 ιιι.

3432 340 3538 399 696

1972 458 2088 527 ἤδη
2126 459 2481 528 ἐμοίχευσεν
2503 456 2697 525 αὐτὴν
2724 458 2792 512 ἐν
2822 458 2893 525 τῇ
2918 457 3127 525 καρδίᾳ
3156 457 3366 515 αὑτοῦ.
3396 460 3460 511 Εἰ
3482 461 3538 514 δὲ

1966 546 2000 614 ή
2031 545 2137 597 ἀπὸ
2158 546 2500 615 ταύτομάτου
2542 543 2682 598 κατὰ
2710 547 2809 615 τὴν
2834 544 3039 614 ἀγορὰν
3074 543 3369 613 ἐντυχοῦσα
3401 547 3536 617 γυνή

1967 631 2061 684 καὶ
2103 630 2179 695 ὡς
2207 631 2394 700 ἔτυχεν
2433 629 2738 699 ἐσταλμένη
2767 630 2858 687 τὸν
2889 629 3192 701 περιέργως
3229 629 3402 684 ἰδόντα
3427 626 3537 683 εἷλε

1963 713 2220 776 πολλάκις
2266 718 2330 784 τῇ
2362 715 2459 783 τῆς
2492 713 2667 781 ὅψεως
2724 712 2946 784 θεωρίᾳ·
3002 713 3050 765 οἰ
3090 712 3164 782 μὴ
3190 712 3372 774 ἁπλῶς
3405 714 3538 782 μηδὲ

1963 797 2071 851 ἀπὸ
2099 796 2458 865 ταύτομάτου,
2482 796 2594 849 ἀλλ’
2628 796 2737 850 ἀπὸ
2772 795 3007 864 σπουδῆς
3039 794 3325 863 τοσαύτης,
3355 795 3428 857 ὼς
3446 797 3539 847 καὶ

1963 880 2061 947 τῆς
2103 878 2427 947 Ἐκκλησίας
2468 878 2761 948 ὑπεριδεῖν,
2799 879 2891 931 καὶ
2937 878 3025 930 διὰ
3062 878 3220 929 τοῦτο
3245 878 3539 940 ἀναϐάντες

1965 962 2101 1025 ἐκεῖ,
2135 961 2230 1012 καὶ
2256 961 2734 1030 διημερεύσαντες,
2785 962 2880 1014 καὶ
2930 966 3049 1024 ταῖς
3077 961 3233 1029 ὄψεσι
3270 960 3378 1013 τῶν
3421 960 3538 1027 ἡτιο

1966 1042 2233 1112 μωμένων
2262 1042 2536 1109 γυναικῶν
2556 1031 2777 1096 ἐκέίνων
2803 1041 3356 1113 προσηλωμένοι,πῶς
3382 1041 3523 1111 δυνή·

1966 1147 2147 1183 σονται
2160 1129 2359 1196 λέγειν,
2385 1130 2464 1182 ὅτι
2490 1130 2551 1182 οὐ
2575 1130 2710 1200 πρὸς
2733 1130 3024 1200 ἐπιθυμίαν
3054 1127 3191 1189 εἶδον
3212 1148 3225 1196 ;
3280 1131 3418 1184 ὅπου
3442 1129 3537 1181 καὶ⁴

1966 1212 2187 1280 ῥήματα
2227 1210 2687 1279 διακεκλασμένα,
2750 1212 2844 1269 καὶ
2898 1212 3117 1281 ᾄσματα
3150 1210 3402 1282 πορνικά,
3444 1210 3537 1262 καὶ

1964 1293 2115 1362 φωνὴ
2144 1292 2343 1362 πολλὴν
2372 1291 2563 1363 ἡδονὴν
2592 1292 2809 1362 ἔχουσα,
2842 1293 2936 1349 καὶ
2970 1293 3261 1363 ὀφθαλμῶν
3294 1288 3535 1360 ὑπογρα-

1963 1375 2080 1443 φαὶ,
2110 1375 2204 1427 καὶ
2228 1375 2606 1445 ἐπιτρίμματα
2630 1376 2881 1444 παρειάς,
2932 1376 3026 1426 καλ⁷
3056 1373 3215 1443 στολὴ
3247 1373 3536 1443 περιεργό-

1960 1471 2116 1523 τερον
2147 1455 2497 1524 συγκειμένη,
2515 1454 2608 1507 καὶ⁹
2632 1455 2817 1523 σχῆμα
2836 1454 3090 1523 γοητείας
3115 1454 3284 1522 γέμον
3310 1453 3531 1521 πολλῆς,

1962 1538 2056 1589 καί¹
2080 1536 2264 1606 ἕτεραι
2296 1536 2487 1588 πολλαὶ
2523 1539 2849 1606 μαγγανεῖαι
2890 1536 3025 1606 πρὸς
3073 1535 3290 1603 ἀπάτην
3322 1534 3416 1586 καὶ
3448 1535 3535 1587 δέ·

1962 1617 2093 1686 λεαρ
2121 1618 2228 1669 τῶν
2273 1617 2522 1691 ὁρώντων
2572 1617 3093 1686 κατεσκευασμέναι,
3150 1617 3243 1670 καὶ
3296 1614 3536 1686 ῥᾳθυμία

1960 1698 2138 1768 ψυχῆς
2194 1698 2304 1751 τῶν
2334 1698 2639 1768 θεωμένων,
2680 1700 2774 1751 καὶ
2808 1698 2974 1767 πολλὴ
3008 1699 3041 1767 ἡ
3082 1697 3347 1765 διάχυσις,
3374 1697 3467 1749 καὶ
3499 1699 3532 1765 ἡ

1961 1779 2113 1850 παρά
2133 1779 2227 1832 τοῦ
2265 1780 2430 1832 τόπου
2465 1781 2602 1850 πρὸς
2652 1780 2802 1851 [770]
2830 1781 3117 1847 ἀσέλγειαν
3169 1780 3531 1848 παράκλησις,
3566 1832 3567 1835 η
3596 1779 3600 1836 1

1961 1862 2055 1915 καὶ
2079 1865 2112 1932 ή
2144 1862 2252 1915 τῶν
2281 1862 2619 1930 φθασάντων,
2650 1864 2744 1916 καὶ
2784 1864 2816 1931 ἡ
2846 1863 2953 1915 τῶν
2993 1861 3130 1930 μετά
3172 1860 3346 1917 ταῦτα
3369 1860 3532 1914 ἀκου-

1964 1944 2205 2012 σμάτων·
2235 1945 2268 2013 ή
2308 1943 2395 1995 διὰ
2425 1944 2535 1996 τῶν
2563 1944 2858 2013 συρίγγων,
2886 1945 2919 2012 ή
2952 1942 3038 1996 διὰ
3077 1942 3183 1995 τῶν
3216 1942 3392 1994 αὐλῶν
3440 1944 3534 1994 καὶ

1961 2026 2069 2080 τῶν
2103 2026 2279 2079 ἄλλων
2300 2025 2407 2077 τῶν
2432 2025 2687 2078 τοιούτων
2747 2025 2981 2095 μελῳδία
3034 2024 3531 2094 καταγοητεύουσα,

1960 2108 2141 2160 καὶτὸ
2175 2108 2399 2177 στερρὸν
2448 2108 2546 2177 τῆς
2597 2109 2831 2171 διανοίας
2877 2107 3394 2177 καταμαλάττουσα,
3440 2108 3534 2159 καὶ

1959 2192 2080 2252 ταῖς
2120 2189 2227 2242 τῶν
2286 2188 2498 2259 πορνῶν
2531 2190 2843 2251 ἐπιϐουλαῖς
2889 2188 3394 2259 προευτρεπίζουσα
3435 2188 3532 2249 τὰς

1959 2272 2069 2323 τῶν
2097 2271 2417 2339 καθημένων
2446 2270 2642 2340 ψυχὰς,
2683 2272 2777 2323 καὶ
2836 2270 3134 2332 εὐαλώτους
3189 2269 3439 2321 ποιοῦσα.
3470 2270 3531 2321 Εἰ

1959 2352 2067 2423 γὰρ
2097 2352 2349 2416 ἐνταῦθα,
2376 2352 2509 2403 ὃπου
2544 2362 2566 2390 θ
2585 2351 2810 2421 ψαλμοὶ,
2831 2353 2925 2404 καὶ
2946 2352 3119 2420 εὐχαὶ,
3142 2353 3232 2404 καὶ
3262 2351 3419 2405 θείων
3443 2351 3533 2403 λο-

1957 2436 2094 2503 γίων
2110 2435 2391 2506 ἀκρόασις,
2423 2433 2516 2489 καὶ
2553 2434 2687 2485 Θεοῦ
2724 2433 2905 2501 φόϐος,
2937 2436 3030 2486 καὶ
3058 2433 3312 2487 εὐλάϐεια
3341 2433 3531 2502 πολλὴ,

1960 2517 2237 2579 πολλάκις,
2286 2516 2472 2585 ὥσπερ
2524 2532 2608 2578 τις
2656 2516 2859 2587 λῃστής
2914 2515 3239 2586 κακοῦργος,
3298 2514 3533 2567 λαθοῦσα

1958 2600 2278 2669 ἐπεισῆλθεν
2306 2602 2337 2669 ή
2366 2598 2648 2668 ἐπιθυμία·
2676 2598 2791 2660 πῶς
2823 2600 2871 2649 οἱ
2893 2599 2951 2651 ἐν
2979 2598 3189 2666 Θεάτρῳ
3212 2596 3530 2667 καθήμενοι,

1957 2682 2051 2733 καὶ
2087 2681 2252 2751 μηδὲν
2281 2682 2420 2751 μήτε
2443 2679 2702 2750 ὁρῶντες,
2736 2680 2861 2750 μήτ’
2887 2678 3177 2740 ἀκούοντες
3199 2679 3368 2746 ὑγιὲς,
3399 2678 3534 2731 ἀλλά

1956 2763 2157 2832 πολλῆς
2177 2763 2436 2831 γέμοντες
2459 2762 2834 2831 αἰσχρότητος,
2868 2762 3067 2831 πολλῆς
3091 2761 3191 2829 τῆς
3252 2762 3529 2830 βλακείας,

1958 2847 2052 2899 καὶ
2071 2846 2159 2897 διὰ.
2178 2846 2392 2898 πάντων
2416 2844 2879 2914 πολιορκούμενοι,
2919 2847 3011 2897 καὶ
3042 2846 3107 2897 δι’
3132 2845 3306 2909 ὤτων,
3346 2845 3441 2895 καὶ
3465 2845 3514 2895 δι

1956 2925 2268 2995 ὀφθαλμῶν,
2302 2925 2531 2978 δύναιντ’
2564 2927 2630 2978 ἂν
2664 2927 2924 2994 ἀνώτεροι
2961 2926 3211 2992 γενέσθαι
3232 2925 3331 2993 τῆς
3366 2942 3532 2994 πονη-

1961 3010 2060 3078 ρᾶς
2089 3008 2304 3077 ἐκείνης
2328 3007 2662 3076 ἐπιθυμίας;
2691 3006 2778 3077 Μῆ
2805 3007 3091 3075 δυνάμενοι
3120 3006 3197 3070 δὲ,
3227 3006 3341 3067 πῶς
3369 3005 3525 3075 δυνή-

1971 3109 2152 3145 σονται
2197 3091 2304 3145 τῶν
2348 3091 2446 3160 τῆς
2507 3090 2747 3161 μοιχείας
2782 3091 3139 3160 ἐγκλημάτων
3191 3090 3533 3159 ἀπηλλάχθαι

1957 3173 2087 3225 ποτέ
2113 3190 2127 3237 ;
2152 3174 2215 3224 Οί
2240 3172 2297 3224 δὲ
2318 3172 2424 3224 τῶν
2455 3173 2552 3242 τῆς
2578 3173 2818 3243 μοιχείας
2843 3168 3203 3243 ἐγκλημάτων
3228 3173 3327 3225 οὐκ
3361 3171 3533 3239 ἀπηλ-

1957 3255 2238 3325 λαγμένοι,
2258 3254 2375 3317 πῶς
2397 3255 2710 3324 δυνήσονται
2727 3256 2894 3325 χωρὶς
2928 3254 3211 3325 μετανοίας
3235 3254 3343 3307 τῶν
3361 3254 3532 3320 ἁγίων

1955 3337 2159 3391 τούτων
2184 3336 2437 3406 ἐπιϐῆναι
2473 3337 2880 3408 προθύρων,καὶ
2902 3339 2995 3391 τοῦ
3023 3338 3188 3394 καλοῦ
3220 3337 3408 3391 τούτου
3434 3353 3531 3406 με-

1957 3436 2025 3472 τα
2034 3423 2180 3489 σχεῖν
2211 3421 2466 3489 συλλόγου
2488 3439 2503 3488 ;

2028 3521 2092 3591 βύ
2118 3522 2207 3574 Διδ
2232 3523 2294 3593 δὴ
2318 3523 2561 3595 παραινῶ
2585 3523 2678 3577 καὶ
2698 3524 2907 3594 δέομαι,
2927 3524 3190 3594 πρότερον
3209 3522 3532 3592 ἐξομολογή-

1958 3622 2040 3657 σει
2065 3606 2159 3657 καὶ
2195 3606 2451 3675 μετανοίᾳ
2474 3605 2570 3657 καὶ
2608 3608 2719 3669 τοῖς
2766 3606 2945 3668 ἀλλοις
2978 3606 3176 3658 ἆπασιν
3210 3604 3533 3675 ἀποσμηξα-

1960 3688 2151 3757 μένους
2177 3686 2275 3754 τὴν
2306 3689 2369 3738 ἐκ
2396 3686 2495 3755 τῆς
2527 3690 2643 3739 ἐκεῖ
2661 3687 2891 3757 θεωρίας
2924 3688 3213 3757 ἁμαρτίαν,
3256 3686 3397 3738 οὓτω
3423 3686 3533 3737 τῶν

1958 3770 2117 3822 θείων
2134 3769 2436 3836 ἀκροᾶσθαι
2460 3768 2675 3836 λογίων.
2728 3770 2804 3820 Οὐ
2830 3769 2938 3838 γὰρ
2975 3770 3036 3820 τὸ
3085 3769 3246 3837 τυχὸν
3271 3770 3401 3836 ἡμῖν
3434 3786 3531 3819 πε-

1959 3850 2366 3920 πλημμέληται’
2419 3852 2513 3903 καὶ
2541 3850 2700 3903 τοῦτο
2734 3853 2826 3903 καὶ
2851 3854 2916 3903 ἐκ
2944 3853 3398 3921 παραδειγμάτων
3434 3851 3535 3905 ῐδοι,

1957 3952 2041 3995 τις
2076 3934 2142 3986 ἂν
2168 3932 2374 4000 σαφῶς.
2420 3934 2481 3985 Εἰ
2503 3932 2611 4002 γάρ
2648 3950 2728 3996 τις
2760 3934 2976 4001 οἰκέτης
2997 3936 3076 3995 εἰς
3104 3934 3372 3994 κιϐώτιον,
3403 3933 3531 3986 ἔνθα

1957 4016 2025 4067 τὰ
2052 4014 2343 4067 δεσποτικά
2393 4016 2579 4082 ἱμάτια
2627 4016 2944 4067 ἐναπέκειτο
2994 4015 3260 4083 πολυτελῆ
3292 4017 3385 4067 καὶ
3416 4016 3530 4067 διά-

1958 4115 2157 4168 χρυσα,
2209 4098 2420 4166 ἱμάτιον
2452 4097 2697 4152 δουλικὸν
2739 4097 2912 4168 ῥύπου
2950 4097 3119 4167 γέμον
3174 4099 3267 4149 καὶ
3320 4098 3537 4150 πολλῶν

1957 4181 2066 4234 τῶν
2097 4180 2332 4251 φθειρῶν
2357 4180 2666 4247 ἐναπέθετο,
2697 4178 2805 4252 ἆρα
2840 4181 2906 4235 ἂν
2944 4182 3132 4251 πράως
3166 4180 3403 4249 ἤνεγκας
3430 4181 3529 4250 τὴν

1960 4264 2137 4333 ὕϐριν,
2169 4265 2289 4316 εἰπέ
2322 4281 2445 4334 μοι;
2487 4265 2551 4318 Τί
2591 4264 2667 4327 δὲ,
2702 4266 2861 4327 εἴτις
2909 4265 2989 4327 εἰς
3027 4266 3248 4332 ἀγγεῖον
3296 4262 3531 4333 χρυσοῦν

1964 4347 2113 4417 μύρα
2159 4346 2423 4417 διηνεκῶς
2450 4348 2593 4415 ἔχειν
2649 4348 2856 4410 εἰωθὸς,
2918 4349 3119 4419 κόπρον
3148 4349 3239 4400 καί
3273 4346 3533 4416 βόρϐορον

1959 4429 2194 4498 ἐνέχεεν,
2220 4429 2319 4481 οὐκ
2349 4430 2415 4482 ἂν
2446 4432 2536 4482 καὶ
2564 4430 2776 4499 πληγὰς
2808 4430 3081 4502 ἐπέθηκας
3101 4430 3178 4501 τῷ
3207 4431 3531 4501 πλημμελή-

1962 4528 2115 4564 σαντι
2152 4511 2310 4563 τοῦτο
2332 4529 2345 4573 ;
2377 4507 2511 4563 Εἶτα
2538 4513 2804 4564 κιϐωτίων
2829 4516 2928 4580 μὲν
2957 4515 3050 4565 καὶ
3072 4513 3279 4565 σκευῶν
3297 4515 3390 4565 καὶ
3414 4514 3531 4581 ίμα-

1961 4593 2090 4644 τίων
2112 4593 2204 4645 καὶ
2229 4592 2416 4661 μύρων
2444 4594 2711 4662 τοσαύτην
2765 4594 3097 4663 ποιησόμεθα
3125 4595 3221 4662 τὴν
3250 4595 3527 4663 πρόνοιαν,

1960 4675 2060 4745 τὴν
2089 4675 2145 4727 δὲ
2192 4676 2367 4745 ψυχὴν
2393 4675 2491 4745 τὴν
2539 4676 2809 4746 ἡμετέραν
2837 4679 3051 4729 πάντων
3084 4675 3283 4727 τούτων
3318 4676 3528 4727 εὐτελεο

1965 4759 2164 4828 στέραν
2192 4755 2331 4811 εἶναι
2370 4758 2659 4829 νομιοῦμεν
2682 4775 2695 4819 ;
2724 4760 2818 4810 καὶ
2840 4758 2969 4811 ἔνθα
2992 4759 3052 4810 τὸ
3087 4758 3255 4827 μύρον
3278 4758 3337 4810 τὸ
3363 4775 3527 4810 πνευ-

1966 4839 2194 4908 ματικὺν
2223 4840 2475 4909 εἰσεχύθη
2498 4838 2551 4901 ἀ,
2604 4840 2913 4903 διαϐολικάς
2938 4840 3159 4909 πομπάς
3193 4840 3530 4908 ἐπεμϐαλοῦ-

1966 4938 2086 4990 μεν,
2116 4923 2211 4974 καὶ
2238 4923 2557 4993 ἀκούσματα
2592 4923 2871 4987 σατανικά,
2914 4923 3007 4975 καὶ
3037 4923 3253 4992 ᾄσματα
3276 4922 3530 4992 πορνείας

1963 5004 2237 5072 γέμοντας
2286 5006 2394 5057 Καὶ
2442 5007 2557 5068 πῶς
2604 5005 2777 5058 ταῦτα
2806 5007 2834 5057 ὁ
2876 5004 3006 5067 Θεὸς
3036 5005 3190 5066 οἴσει,
3238 5004 3359 5056 εἰπέ
3402 5020 3530 5073 μοις

1964 5086 2155 5137 Καίτοι
2182 5087 2241 5138 οὐ
2267 5087 2519 5139 τοσοῦτον
2538 5087 2597 5140 τὸ
2632 5087 2792 5156 μέσον
2827 5086 2997 5155 μύρου
3021 5086 3111 5138 καὶ
3134 5086 3417 5155 βορϐόρου,
3438 5088 3531 5137 καὶ

1965 5168 2195 5237 ἱματίων
2215 5168 2547 5221 δεσποτικῶν
2577 5171 2670 5221 καὶ
2702 5168 2978 5230 δουλικῶν,
3004 5169 3125 5220 ὅσον
3154 5168 3212 5219 τὸ
3236 5168 3397 5236 μέσον
3430 5168 3530 5235 τῆς

1962 5250 2337 5318 πνευματικῆς
2370 5251 2586 5321 χάριτος
2611 5252 2703 5302 καὶ
2729 5250 2930 5319 ταύτης
2951 5252 3047 5319 τῆς
3102 5252 3339 5317 πονηρᾶς
3381 5251 3532 5318 ἐνερ⁶

1960 5335 2135 5402 γείας.
2163 5336 2237 5387 Οὐ
2262 5335 2505 5398 δέδοικας
2523 5375 2537 5399 ,
2580 5338 2852 5407 ἄνθρωπε,
2875 5340 2985 5399 τοῖς
3027 5338 3206 5396 αὐτοῖς
3233 5334 3529 5403 ὀφθαλμοῖς

1963 5417 2056 5469 καὶ
2095 5418 2193 5487 τήν
2224 5416 2409 5487 κλίνην
2431 5417 2528 5488 τὴν
2558 5420 2649 5471 ἐπὶ
2671 5420 2769 5488 τῆς
2801 5419 3107 5488 ὀρχήστρας
3141 5416 3372 5484 βλέπων,
3404 5416 3531 5468 ἔνθα

2024 5586 2044 5611 θ
2075 5585 2221 5653 Ιίρςξιη
2244 5583 2462 5653 πριοῦσαλ
2473 5587 2533 5633 δι’
2554 5588 2710 5635 αὐτῶν
2734 5588 2985 5645 διαστῆσαι
3006 5585 3089 5635 τοῦ
3112 5587 3340 5647 Χριστοῦ.
3363 5588 3423 5636 Εἰ
3443 5586 3536 5653 γὰρ

1960 5646 2091 5691 ὅπου,
2122 5644 2266 5706 Unus
2278 5646 2423 5692 habet
2440 5648 2765 5706 διαναστῆσαι.

2022 5707 2047 5744 (ί
2072 5706 2212 5775 Regii
2239 5705 2387 5757 iidem
2421 5708 2624 5770 ἐξεχύθη.
