4094 6256
599 346 706 402 697

601 461 673 516 τά
698 459 914 531 μυσαρά
939 457 1169 512 τελεῖται
1203 456 1303 526 τῆς
1339 457 1582 528 μοιχείας
1613 455 1883 526 δράματα,
1915 452 2009 505 καὶ
2061 449 2160 520 τὴν

602 546 879 619 τράπεζαν
905 545 1107 614 ταύτην
1130 543 1228 613 τὴν
1263 543 1434 613 ἱερὰν,
1457 542 1586 596 ἔνθα
1611 541 1680 594 τά
1707 538 1909 609 φρικτὰ
1937 537 2163 591 τελεῖται

609 633 909 701 μυστήρια;
933 629 1050 689 ταῖς
1070 628 1258 690 αὑταῖς
1285 627 1472 689 ἀκοαῖς
1499 625 1703 694 πόρνης
1723 622 1932 693 ἀκούων
1948 624 2168 690 αἰσχρο-

605 711 888 780 λογούσης,
919 710 1013 762 καὶ
1042 710 1320 780 προφήτου
1342 711 1436 762 καὶ
1463 707 1760 762 ἀποστόλου
1786 722 1844 758 σε
1883 719 2168 775 μυσταγω-

605 797 862 862 γυῦντοςς
926 797 993 865 τῇ
1027 795 1163 864 αὑτῇ
1203 795 1400 864 καρδίᾳ
1429 795 1498 846 τά
1547 793 1844 863 δηλητήρια
1883 789 2168 858 δεχόμενος

605 881 894 952 φάρμακα,
927 882 1022 934 καὶ
1061 882 1160 951 τὴν
1197 881 1386 933 θυσίαν
1431 876 1528 950 τήν
1554 878 1786 949 φρικτὴν
1827 876 1921 928 καὶ
1967 874 2166 942 ἀγίανς

605 964 720 1015 Οὑκ
749 963 996 1016 ἐντεῦθεν
1027 962 1328 1032 ἀνατροπαὶ
1353 962 1503 1030 βίων,
1527 961 1623 1014 καὶ
1651 960 1936 1029 διαφθοραὶ
1954 959 2165 1027 γάμων,

606 1049 700 1103 καὶ
735 1049 958 1117 πόλεμοι
988 1049 1082 1101 καὶ
1114 1049 1280 1118 μάχαι
1308 1050 1365 1100 ἐν
1407 1049 1528 1108 ταῖς
1570 1045 1802 1107 οίκίαις;
1848 1045 2015 1096 Ὅταν
2061 1041 2170 1110 γάρ

608 1129 759 1203 [771]
799 1131 904 1184 ὑπὸ
935 1131 1036 1199 τῆς
1063 1132 1180 1182 ἐκεῖ
1209 1129 1440 1199 θεωρίας
1489 1126 1766 1197 διαχυθῇς,
1795 1125 1888 1176 καὶ
1917 1123 2168 1194 χαυνότε-

607 1230 703 1284 ρος
733 1212 1019 1282 γενόμενος
1048 1212 1141 1263 xal
1155 1209 1538 1279 ἀσελγέστερος
1559 1210 1650 1261 καὶ
1675 1207 2020 1277 σωφροσύνης
2039 1205 2173 1258 ἀπά-

608 1311 708 1363 σης
731 1292 944 1362 ἐχθρὸς,
976 1290 1284 1344 ἐπανελθὼν
1329 1291 1441 1362 ῖδῃς
1466 1291 1563 1360 τὴν
1612 1291 1844 1356 γυναῖκα
1870 1287 1967 1357 τὴν
2016 1288 2168 1348 ἰδίαν,

607 1373 932 1442 ἀηδέστερον
959 1372 1079 1440 ὄψει
1108 1372 1346 1434 πάντως,
1378 1371 1467 1424 οἵα
1503 1370 1567 1422 ἂν
1690 1368 1823 1421 Ὑπὸ
1847 1369 1957 1438 γὰρ
1989 1368 2084 1436 τῆς
2114 1369 2171 1419 ὲν

604 1459 722 1518 τοῖς
743 1455 992 1524 θεάτροις
1049 1453 1385 1524 ἐμπρησθεὶς
1447 1451 1761 1521 ἐπιθυμίας,
1817 1451 1909 1504 καὶ
1941 1451 2044 1503 ὑπὸ
2075 1451 2172 1516 τῆς

607 1533 766 1602 ξένης
787 1533 1004 1601 ἐκείνης
1027 1532 1255 1602 θεωρίας
1279 1531 1441 1594 ἀλοὺς
1468 1531 1567 1599 τῆς
1595 1529 2050 1599 γεγοητευμένης,
2076 1529 2172 1596 τὴν

609 1613 862 1685 σώφρονα
880 1614 974 1668 καὶ
1004 1611 1236 1680 κοσμίαν
1288 1611 1380 1663 καὶ
1410 1610 1504 1662 τοῦ
1533 1610 1646 1679 βίου
1676 1609 1872 1671 παντὸς
1915 1610 2172 1662 κοινωνὸν

608 1694 914 1764 ἀτιμάζεις,
961 1692 1218 1762 ὑϐρίξεις,
1272 1691 1486 1762 μυρίοις
1520 1691 1862 1760 περιϐάλλεις
1894 1691 2170 1751 ὀνείδεσιν,

606 1775 758 1828 οὑδέν
782 1775 920 1844 ἔχων
968 1775 1102 1835 ὅλως
1170 1773 1482 1841 ἐγκαλέσαι,
1519 1773 1633 1826 ἀλλ’
1692 1772 2073 1842 αἰσχυνόμενος
2115 1775 2174 1825 τὸ

606 1856 778 1919 πάθος
800 1858 997 1921 είπεῖν,
1027 1856 1119 1908 καὶ
1143 1855 1203 1907 τὸ
1225 1855 1446 1926 τραῦμα
1472 1856 1660 1920 δεῖξαι,
1693 1857 1828 1924 ὅπερ
1850 1855 2054 1908 ἐκεῖθεν
2077 1856 2172 1908 λα·-

545 1951 554 1960 ·
605 1937 716 1990 σὼν
741 1937 1060 2006 έπανῆλθες,
1092 1937 1280 2006 ἐτέρας
1305 1937 1526 1999 πλέκεις
1552 1937 1849 2007 προφάσεις
1873 1975 1887 2000 ,
1923 1937 2173 2006 ἀφορμάς

605 2019 783 2090 ζητῶν
809 2021 1106 2089 ἀπεχθείας
1153 2020 1399 2088 ἀλόγους,
1451 2019 1546 2072 καὶ
1597 2019 1704 2071 τῶν
1738 2019 1836 2088 μὲν
1871 2022 2008 2072 οἶκοι
2041 2020 2172 2071 πάνο

604 2118 712 2154 των
741 2100 1044 2170 ὑπερορῶν,
1080 2101 1214 2170 πρὸς
1262 2101 1318 2153 δὲ
1365 2101 1462 2169 τὴν
1505 2100 1708 2170 μιαρὰν
1750 2101 1842 2152 καὶ
1868 2099 2171 2169 ἀκάθαρτον

605 2181 848 2250 κεχηνὼς
868 2182 1081 2251 ἐκείνην
1111 2181 1427 2250 ἐπιθυμίαν,
1482 2183 1610 2251 παρ’
1637 2176 1704 2250 ἧς
1729 2180 1788 2232 τὸ
1809 2180 2026 2250 τραῦμα
2053 2180 2169 2232 ἐδέ-

604 2260 703 2326 ξω·
726 2264 821 2316 καὶ
867 2262 964 2332 τὴν
995 2262 1133 2332 ἠχὴν
1166 2263 1264 2331 τῆς
1295 2263 1476 2330 φωνῆς
1516 2262 1654 2331 έχων
1683 2261 2062 2330 ἐγκαθημένην
2105 2263 2170 2331 τῇ

602 2344 748 2415 ψυχῇ
780 2345 1023 2411 ἔναυλον,
1059 2345 1152 2396 καὶ
1181 2344 1241 2396 τὸ
1275 2345 1458 2414 σχῆμα
1487 2345 1580 2396 καλ⁵
1629 2343 1687 2396 τὸ
1714 2342 1931 2412 βλέμμα
1961 2343 2054 2394 καὶ
2104 2343 2174 2394 τά

603 2427 898 2496 κινήματα,
927 2427 1022 2479 καὶ
1053 2426 1230 2478 πάντα
1256 2426 1354 2494 τῆς
1410 2425 1663 2494 πορνείας
1688 2425 1754 2477 τά
1780 2424 1990 2487 εἴδωλα,
2022 2424 2172 2476 οὑδέν

609 2506 727 2574 μεθ’
772 2506 963 2577 ἡδονῆς
1013 2509 1142 2576 ὁρᾷς
1170 2506 1278 2558 τῶν
1331 2507 1422 2559 ἐπὶ
1457 2507 1554 2575 τῆς
1581 2506 1775 2569 οἰκίας.
1812 2505 1924 2558 Kal
1952 2503 2003 2557 τί
2030 2503 2172 2571 λέγω

604 2585 703 2654 τὴν
731 2589 965 2654 γυναῖκα
995 2587 1088 2640 xal
1125 2586 1222 2655 τὴν
1241 2586 1417 2639 οἰκίαν
1441 2603 1456 2650 ;
1492 2587 1598 2637 Καὶ
1625 2586 1724 2654 τὴν
1751 2585 2043 2654 ἐκκλησίαν
2063 2586 2172 2654 γὰρ

603 2666 773 2737 αὐτὴν
796 2666 1018 2736 ἀηδέστε
1029 2683 1116 2735 ρον
1132 2667 1271 2735 ὄψει,
1285 2669 1378 2718 καὶ
1389 2667 1646 2736 ῥημάτων
1667 2666 1916 2734 ἀπεχθῶς
1929 2669 1953 2696 ⁸
1967 2665 2170 2734 ἀκούσῃ

533 2741 538 2751 ’
604 2748 712 2802 τῶν
727 2748 853 2816 περὶ
889 2747 1270 2818 σωφροσύνης,
1302 2747 1409 2799 τῶν
1437 2748 1562 2815 περὶ
1585 2747 1926 2816 σεμνότητος.
1977 2747 2170 2798 Οὐκέτι

605 2828 714 2900 γὰρ
737 2829 886 2882 ἔσται
913 2845 995 2882 σοι
1022 2829 1364 2892 διδασκαλία,
1416 2829 1550 2881 ἀλλά
1591 2827 1894 2897 κατηγορία
1915 2826 1983 2880 τὰ
2020 2827 2172 2894 λεγό-

607 2926 765 2982 μενα,
788 2915 882 2964 καὶ
909 2914 984 2974 είς
1013 2913 1320 2980 ἀπόγνωσιν
1356 2911 1496 2965 κατά
1524 2911 1714 2981 μικρὸν
1746 2909 2056 2979 ὑποσυρεὶς,
2085 2909 2172 2961 τέ-

603 2994 722 3046 λεον
750 2993 939 3047 ἑαυτὸν
971 2993 1303 3064 ἀπορρήξεις
1329 2994 1426 3061 τῆς
1477 2991 1834 3060 κοινωφελοῦς
1864 2991 2065 3062 ταύτης
2097 2992 2172 3043 δι-

601 3076 916 3138 δασκαλίας.
937 3075 1036 3128 Διά
1065 3075 1220 3128 τοῦτο
1239 3074 1540 3144 παρακαλῶ
1557 3075 1762 3137 πάντας
1785 3074 1949 3144 ὑμᾶς,
1978 3071 2172 3137 αὑτούς

599 3177 662 3213 τε
694 3159 916 3230 φεύγειν
945 3158 1041 3224 τάς
1071 3157 1311 3228 πονηρὰς
1344 3159 1402 3210 ἐν
1437 3160 1550 3220 τοῖς
1579 3157 1824 3228 θεάτροις
1869 3155 2167 3226 διατριϐάς,

604 3241 701 3294 καὶ
729 3243 856 3304 τοὺς
874 3241 1238 3310 ἐσχολακότας
1306 3239 1516 3301 τούτοις
1556 3238 1762 3292 ἐκεῖθεν
1795 3237 2068 3306 ἀφέλκειν.
2097 3239 2170 3289 Οὐ

601 3325 712 3393 γάρ
745 3325 860 3376 ἐστι
885 3322 1230 3392 ψυχαγωγία,
1266 3319 1379 3374 ἀλλ’
1405 3321 1643 3389 δλεθρος,
1677 3319 1771 3373 καὶ
1807 3320 2064 3388 τιμωρία,
2079 3321 2172 3372 καὶ

604 3407 821 3468 κόλασις
850 3407 918 3456 τὰ
945 3406 1060 3456 ἐκεῖ
1087 3404 1346 3472 γινόμενα
1381 3402 1614 3456 ἅπαντα.
1641 3402 1704 3454 Τί
1731 3401 1840 3472 γὰρ
1864 3402 2053 3470 ὄφελος
2070 3403 2170 3470 τῆς

604 3487 937 3556 προσκαίρου
960 3483 1160 3554 ταύτης
1186 3485 1398 3554 ἡδονῆς,
1429 3485 1555 3535 ὅταν
1581 3484 1834 3553 διηνεκὴς
1864 3483 2110 3536 ἐντεῦθεν
2136 3486 2169 3554 ή

603 3569 763 3639 ῶύνη
793 3569 1063 3636 τίκτηται,
1097 3568 1190 3618 καὶ
1219 3569 1274 3617 ἐν
1323 3566 1505 3635 ἡμέρᾳ
1531 3567 1624 3617 καὶ
1652 3567 1709 3616 ἐν
1740 3564 1894 3616 νυκτὶ
1947 3566 2168 3618 κεντού-

505 3674 507 3676 ·
608 3671 769 3724 μενος
811 3653 914 3706 ὑπὸ
936 3653 1037 3722 τῆς
1072 3651 1386 3722 ἐπιθυμίας,
1437 3652 1598 3703 πᾶσιν
1653 3647 1717 3720 ᾗς
1759 3651 2022 3721 δυσχερὴς
2078 3651 2169 3704 καὶ

602 3741 960 3811 δυσάρεστοςς
1009 3738 1290 3803 Ἑξέτασον
1343 3737 1473 3806 γοῦν
1532 3739 1746 3802 σαυτὸν,
1779 3738 1863 3800 τίς
1908 3738 2006 3807 μὲν
2044 3739 2167 3810 γίνῃ

603 3827 710 3882 ἀπὸ
733 3827 1026 3898 ἐκκλησίας
1063 3825 1361 3896 ἀναχωρῶν
1381 3867 1396 3890 ,
1443 3825 1526 3888 τίς
1554 3825 1610 3877 δὲ
1645 3825 1751 3878 ἀπὸ
1787 3824 2051 3896 θεάτρων,
2075 3827 2170 3878 καὶ⁹

602 3916 867 3984 ἑκατέρας
911 3914 1191 3985 παράδαλε
1235 3913 1333 3976 τάς
1369 3913 1600 3982 ἡμέρας,
1653 3912 1744 3965 καὶ
1797 3911 1948 3965 οὐδὲν
2001 3913 2169 3985 δεήσῃ

601 4002 710 4056 τῶν
725 4001 1006 4071 ἡμετέρων
1026 3999 1220 4066 λόγων.
1251 4000 1498 4070 Ἀρκέσει
1529 3998 1636 4068 γὰρ
1670 3998 1934 4068 ἑκατέρας
1981 3999 2015 4068 ὴ
2048 3998 2170 4066 σύγ-

603 4104 780 4158 κρισις
821 4089 918 4156 τῆς
961 4086 1174 4157 ἡμέρας
1221 4085 1388 4149 δεῖξαι
1432 4086 1492 4138 τὸ
1544 4087 1768 4154 μέγεθος
1813 4085 2028 4155 καὶτῆς
2081 4087 2167 4138 ἐν-

601 4174 790 4228 τεῦθεν
843 4173 1129 4241 ὠφελείας,
1192 4173 1287 4224 καὶ
1344 4173 1441 4240 τῆς
1470 4172 1679 4224 ἐκεῖθεν
1731 4170 1952 4241 βλάϐης.
1985 4171 2168 4225 Ταῦτα

603 4261 696 4312 καὶ
717 4261 817 4329 ήδη
844 4259 976 4328 πρὸς
1003 4259 1098 4328 τὴν
1146 4257 1412 4326 ὑμετέραν
1467 4257 1683 4326 ἀγάπην
1727 4252 1898 4322 εἷπον,
1930 4257 2025 4310 καὶ
2079 4258 2167 4310 οὑ-

601 4343 792 4397 δέποτε
836 4341 1112 4409 παύσομαι
1140 4340 1332 4407 λέγων.
1384 4338 1522 4401 Τούς
1549 4355 1608 4390 τε
1637 4339 1741 4409 γάρ
1787 4339 2070 4404 νοσοῦντας
2097 4340 2166 4394 τὰ

601 4424 826 4476 τοιαῦτα
856 4423 1135 4491 νοσήματα
1164 4419 1690 4491 παραμυθησόμεθα,
1725 4421 1851 4484 τούς
1882 4438 1940 4474 τε
1984 4424 2165 4491 ὑγιαί-

601 4521 792 4566 νοντας
839 4503 1277 4572 ἀσφαλεστέρους
1328 4503 1644 4572 ποιήσομεψ
1673 4504 1951 4572 ἑκατέροις
1977 4504 2085 4574 γὰρ
2137 4507 2166 4556 ὁ

603 4593 732 4662 περὶ
759 4589 961 4642 τούτων
993 4592 1258 4659 χρήσιμος
1281 4588 1458 4655 λόγος’
1487 4589 1597 4649 τοῖς
1621 4588 1839 4658 μὲν,ίνα
1866 4589 2163 4653 ἀποστῶσι,

602 4677 713 4736 τοῖς
743 4672 822 4736 δὲ,
847 4673 934 4725 ἵνα
965 4671 1038 4742 μὴ
1066 4671 1397 4740 ἐμπέσωσιν.
1417 4669 1553 4722 Ἀλλ’
1570 4670 1756 4739 ἐπειδὴ
1787 4669 1890 4740 χρὴ
1921 4671 2015 4724 καὶ
2041 4671 2165 4732 τοὺς

601 4759 972 4828 ἐπιτιμῶντας
993 4757 1151 4810 τοῦτο
1179 4756 1503 4825 συμμέτρως
1542 4759 1730 4819 ποιεῖν,
1795 4756 1954 4824 μέχρι
1977 4755 2163 4807 τούτου

599 4846 804 4915 ταύτην
831 4846 1123 4914 στήσαντες
1177 4845 1276 4912 τὴν
1313 4842 1652 4921 παραίνεσιν,
1680 4843 1746 4896 τά
1777 4841 2167 4910 ὑπολειφθέντα

603 4932 668 4982 ἐκ
695 4932 793 4999 τῆς
821 4929 1090 4999 προτέρας
1143 4929 1448 4990 ὑποθέσεως
1503 4929 1630 4996 ὑμῖν
1657 4926 2026 4996 ἀποδώσομεν,
2073 4928 2166 4980 ἐπὶ

601 5015 695 5066 τὸν
722 5011 881 5064 Δαυῖδ
907 5012 1286 5074 ἐπανελθόντες
1321 5012 1348 5051 b
1384 5011 1562 5066 πάλιν.
1619 5013 1726 5065 Καὶ
1754 5010 1862 5080 γάρ
1910 5013 2025 5074 τοῖς
2063 5011 2165 5074 ζω-

602 5097 835 5169 γράφοις
863 5095 1001 5159 ἔθος,
1039 5097 1256 5148 ἐπειδὰν
1295 5095 1559 5165 μέλλωσιν
1601 5095 1813 5164 ἐμφερῆ
1849 5112 1969 5147 τινα
2002 5094 2167 5164 ἐργά-

603 5179 792 5244 ζεσθαι
838 5178 1040 5242 εἰκόνα,
1071 5179 1164 5231 καὶ
1197 5179 1324 5248 μίαν
1368 5179 1463 5232 καὶ
1503 5178 1595 5231 δύο
1644 5179 1736 5231 καὶ
1777 5183 1925 5247 τρεῖς
1956 5178 2166 5248 ἡμέρας

602 5263 726 5324 τοὺς
753 5260 1060 5331 γράφεσθαι
1121 5260 1411 5331 μέλλοντας
1465 5260 1924 5330 παρακαθίζουσιν
1963 5261 2163 5322 αὑτοῖς,

604 5345 692 5398 ἵνα
710 5346 778 5413 τῇ
806 5345 1056 5415 συνεχείᾳ
1082 5344 1179 5412 τῆς
1202 5343 1432 5414 θεωρίας
1459 5343 1793 5398 ἀδιάπτωτον
1821 5343 1921 5412 τῆς
1953 5343 2167 5414 μορφῆς

665 5533 694 5561 ⁸
713 5533 834 5595 Reg.
863 5547 988 5582 unus
1007 5534 1236 5595 ἐπαχθῶς.

615 5597 700 5667 hi:
720 5593 1001 5667 “gignuan
1016 5601 1070 5667 εὶς.
1098 5593 1247 5644 [1011).
1272 5596 1596 5658 ἀποδώσωμεν
1626 5597 1699 5646 ἐπὶ
1724 5597 1803 5646 τὸν
1835 5599 2011 5662 πατέρα
2033 5602 2166 5661 ἡμῶν

631 5655 828 5715 Λϐραάμ
847 5655 1184 5712 ἐπανελθόντες.

1298 345 1355 402 s.
1393 343 1674 400 JOANNIS
1706 324 2188 399 cﬁaYsosmm
2225 337 2543 398 ARCHIEP.
2581 342 3125 404 CONSTANTINOP.

3718 351 3834 408 698

2263 450 2410 524 [772]
2437 455 2740 511 διασώσωσι
2775 458 2871 529 τὴν
2903 458 3206 530 ἀκρίϐειαν.
3248 454 3398 512 Ἐπεὶ
3419 449 3512 512 οῦν
3563 457 3660 513 καὶ
3688 460 3832 530 ἡμῖν

2261 541 2614 616 ζωγραφῆσαι
2663 548 2946 620 πρόκειται
2969 549 3083 614 νῦν,
3118 551 3240 620 οὐχὶ
3275 549 3444 604 τύπον
3468 551 3685 620 μορφῆς
3718 567 3821 604 σω·

2265 638 2518 707 ματικῆς,
2549 639 2682 692 ἀλλά
2714 639 2890 710 ψυχῆς
2939 640 3127 703 κάλλος
3152 642 3247 694 καὶ
3270 641 3465 712 νοητὴν
3493 641 3822 712 εὐμορφίαν,

2262 723 2356 774 καὶ
2373 724 2610 792 σήμερον
2635 726 2761 795 ὑμῖν
2781 725 3196 796 παρακαθῆσθαι
3215 725 3510 796 βουλόμεθα
3530 726 3622 778 τὸν
3637 725 3826 790 Δαυῒδ,

2263 808 2347 860 ἵνα
2375 809 2508 878 πρὸς
2528 811 2685 864 αὑτὸν
2713 811 2914 876 πάντες
2936 812 3188 883 ὁρῶντες,
3220 813 3299 875 είς
3330 813 3426 876 τὰς
3455 811 3662 875 οίκείας
3703 811 3828 864 ἓκα⁸

2267 912 2388 958 στος
2413 897 2589 966 ψυχὰς
2617 899 2968 969 ἀπομάξησθε
3017 899 3116 969 τὴν
3147 899 3447 970 εὐμορφίαν
3473 899 3565 952 τοῦ
3591 898 3824 962 δικαίου,

2264 984 2358 1034 καὶ
2383 983 2443 1035 τὸ
2481 985 2652 1055 πρᾶον
2671 986 2764 1038 καὶ
2785 987 3010 1056 ἥμερον,
3037 986 3131 1040 καὶ
3159 986 3221 1039 τὸ
3275 985 3669 1056 μεγαλόψυχον,
3735 986 3830 1038 καὶ

2263 1069 2361 1140 τὴν
2408 1069 2574 1141 ἀλλην
2623 1071 2838 1125 ἃπασαν
2873 1071 3034 1125 αὑτοῦ
3083 1073 3303 1142 ἀρετήν.
3344 1073 3407 1124 Εἰ
3432 1073 3541 1142 γάρ
3574 1071 3834 1142 σώματος

2265 1156 2471 1219 εἰκόνες
2515 1157 2736 1226 φέρουσί
2763 1175 2883 1211 τινα
2907 1158 3255 1229 παραμυθίαν
3276 1161 3387 1220 τοῖς
3426 1158 3614 1228 ὁρῶσι,
3647 1158 3831 1227 πολλῷ

2269 1243 2466 1312 μᾶλλον
2489 1245 2544 1296 αἱ
2579 1244 2679 1313 τῆς
2707 1244 2884 1314 ψυχῆς
2905 1245 3128 1307 εἰκόνες.
3151 1244 3420 1306 Κάκείνας
3463 1244 3558 1312 μὲν
3582 1244 3646 1296 οὑ
3670 1245 3832 1296 δυνα-

2264 1332 2355 1384 τὸν
2385 1331 2656 1402 πανταχοῦ
2682 1333 2833 1402 ὁρᾷν,
2877 1331 2992 1386 ἀλλ’
3039 1331 3250 1401 ἀνάγκη
3305 1331 3562 1402 διηνεκῶς
3596 1332 3684 1400 ἐφ’
3710 1331 3833 1394 ἐνὸς

2267 1417 2511 1488 ῖδρυσθαι
2540 1417 2728 1470 τόπου·
2768 1417 2969 1489 ταύτην
2996 1417 3054 1470 δὲ
3083 1417 3324 1487 ὅπουπερ
3359 1418 3424 1470 ἂν
3462 1417 3620 1490 θέλῃς
3669 1433 3829 1487 περι-

2265 1507 2508 1572 αγαγεῖν,
2547 1504 2696 1558 οὐδὲν
2723 1504 2785 1557 τὸ
2813 1504 3037 1557 κωλύον.
3077 1503 3495 1573 Ἐναποοέμενος
3527 1503 3636 1572 γάρ
3657 1502 3832 1571 αὑτὴν

2266 1593 2376 1652 τοῖς
2397 1588 2496 1659 τῆς
2523 1590 2760 1654 διανοίας
2803 1591 3091 1660 ταμιείοις,
3120 1591 3360 1659 ὅπουπερ
3386 1589 3450 1642 ἂν
3477 1585 3562 1660 ᾖς,
3589 1589 3830 1656 συνεχῶς

2266 1677 2346 1738 είς
2369 1676 2536 1746 αὐτὴν
2549 1679 2678 1748 όρᾷν
2711 1687 2733 1715 ε
2764 1677 2987 1747 δυνήσῃ,
3017 1679 3110 1730 καὶ
3131 1676 3325 1746 πολλὴν
3356 1677 3483 1745 παρ’
3504 1675 3674 1744 αὐτῆς
3700 1692 3830 1745 καρ-

2267 1762 2495 1815 ποῦσθαι
2518 1763 2618 1832 τὴν
2649 1762 2939 1832 ὠφέλειαν.
2972 1763 3081 1816 Καὶ
3108 1763 3356 1834 καθάπερ
3399 1763 3450 1814 οἱ
3478 1763 3604 1824 τοῦς
3635 1761 3831 1830 ὀφθαλ-

2270 1849 2402 1917 μοὺς
2433 1848 2731 1914 νοσοῦντες,
2778 1851 3042 1918 σπογγιάς
3075 1850 3167 1902 καὶ
3198 1849 3425 1919 ἱματίων
3460 1849 3600 1917 ῥάκη
3651 1865 3831 1900 κυανι-

2267 1934 2464 1999 ζόντων
2493 1936 2828 2006 κατέχοντες,
2857 1937 2948 1990 καὶ
2977 1935 3211 2006 συνεχῶς
3241 1937 3320 1998 είς
3351 1934 3488 1988 αὑτά
3516 1933 3824 2004 βλέποντες,

2266 2021 2598 2092 καρποῦνταί
2630 2040 2748 2075 τινα
2763 2022 2854 2075 τοῦ
2887 2023 3188 2092 νοσήματος
3211 2020 3550 2092 παραμυθίαν
3593 2020 3702 2073 ἀπὸ
3730 2018 3828 2071 τοῦ

2267 2106 2554 2175 χρώματος
2596 2107 2824 2161 ἐκείνουο
2856 2107 2996 2161 ο⁶ύτω
3033 2109 3126 2162 καὶ
3157 2111 3244 2173 σὺ,
3271 2108 3337 2162 ἂν
3380 2109 3476 2179 τὴν
3506 2107 3686 2160 είκόνα
3729 2107 3828 2159 τοῦ

2267 2194 2425 2246 Δαυῒδ
2460 2194 2562 2264 πρδ
2594 2195 2883 2266 ὀφθαλμῶν
2909 2196 3036 2266 ἐχῃς
3060 2197 3164 2249 τῶν
3210 2194 3398 2248 ἐαυτοῦ
3417 2235 3431 2259 ,
3473 2197 3567 2249 καὶ
3591 2194 3828 2263 συνεχῶς

2266 2283 2345 2343 είς
2368 2280 2534 2349 αὐτὴν
2561 2281 2831 2354 ἀτενίξῃς,
2860 2283 2965 2336 κᾶν
3005 2283 3257 2353 μυριάκις
3281 2282 3449 2351 θυμὸς
3497 2282 3684 2351 ἐνοχλῇ
3734 2283 3829 2334 καὶ

2267 2376 2468 2446 συγχέῃ
2494 2376 2583 2429 τὸν
2619 2377 2896 2447 ὀφθαλμὸν
2925 2378 3024 2448 τῆς
3055 2377 3308 2442 διανοίας,
3341 2377 3479 2447 ὀρῶν
3513 2379 3593 2440 είς
3623 2379 3830 2430 ἐκεῖνον

2263 2470 2354 2522 τὸν
2371 2473 2691 2544 χαρακτῆρα
2713 2474 2812 2544 τῆς
2859 2474 3079 2545 ἀρετῆς,
3103 2474 3393 2545 ὁλόκληρον
3424 2473 3550 2544 δέξῃ
3573 2473 3670 2541 τὴν
3706 2472 3829 2540 ὖγί’

2265 2585 2402 2633 ειαν,
2431 2571 2523 2622 καὶ
2552 2571 2796 2641 καθαρὰν
2821 2572 2919 2641 τὴν
2948 2572 3287 2641 φιλοσοφίαν.

2332 2689 2505 2758 γ’.Μὴ
2527 2689 2636 2760 γάρ
2668 2706 2758 2760 μοι
2785 2689 2990 2760 λεγέτω
3012 2709 3116 2755 τις,
3144 2691 3448 2761 ὅτιΜιαρὸν
3479 2690 3671 2761 ἐχθρὸν
3695 2691 3830 2760 ἔχω.

2267 2783 2522 2854 πονηρὸν,
2567 2784 2979 2856 διεφθαρμένον,
3010 2785 3352 2858 ἀδιόρθωτον.
3385 2780 3509 2839 οἷον
3538 2786 3604 2839 ἂν
3644 2786 3828 2856 εῖπῃς,

2265 2861 2364 2932 οὑκ
2390 2879 2504 2932 ἐστι
2535 2879 2629 2933 τοῦ
2667 2881 2838 2934 Σαοὺλ
2862 2882 3078 2952 χείρων,
3107 2881 3166 2945 ὃς
3193 2882 3288 2935 καὶ
3319 2881 3466 2945 ἅπαξ
3492 2881 3584 2933 καὶ
3611 2881 3711 2944 δὶς,
3734 2881 3832 2933 καὶ

2266 2975 2523 3039 πολλάκις
2546 2976 2832 3039 διασωθεὶς
2856 2977 2960 3030 ὑπὸ
2989 2976 3080 3029 τοῦ
3115 2975 3275 3030 Δαυῒδ
3297 3017 3312 3041 ,
3333 2976 3491 3039 αὑτὸς
3517 2975 3684 3046 μυρία
3707 2977 3831 3027 ἐπι-

2266 3071 2578 3140 ϐουλεύσας,
2635 3067 2753 3125 εἷτα
2811 3072 2930 3126 ἀντὶ
2961 3071 3164 3126 τούτων
3213 3070 3610 3143 εὐεργετηθεὶς,
3669 3071 3831 3141 ἔμενε

2263 3162 2360 3233 τὴν
2394 3161 2588 3216 ἐαυτοῦ
2617 3163 2880 3234 πονηρίαν
2906 3162 3197 3234 διατηρῶν.
3231 3162 3296 3216 Τί
3314 3162 3422 3232 γάρ
3449 3162 3592 3232 ἔχεις
3625 3164 3826 3226 εἰπεῖν,

2265 3258 2388 3312 Ὅτι
2423 3259 2528 3328 γῆν
2561 3259 2884 3330 ἀπετέμετο,
2916 3260 3010 3312 καὶ
3039 3261 3096 3314 ἐν
3133 3261 3320 3330 ἀγροῖς
3351 3259 3596 3329 ἠδίκησε,
3627 3259 3720 3310 καὶ
3747 3261 3828 3311 ol-

2263 3354 2386 3418 κίας
2405 3354 2529 3425 ὅρια
2548 3355 2809 3426 ὑπερέϐη,
2825 3357 2917 3408 καλ⁵
2932 3355 3236 3427 ἀνδράποδα
3250 3356 3486 3425 ἥρπασε,
3502 3354 3596 3407 καὶ
3617 3351 3828 3422 ὕδρισε,

2263 3443 2357 3496 κα)⁵
2384 3444 2794 3515 ἐπλεονέκτησε,
2819 3447 2912 3500 καὶ
2934 3449 3017 3510 είς
3041 3446 3226 3500 πενίαν
3246 3447 3480 3518 ῆγαγενς
3518 3445 3658 3498 Ἀλλ’
3677 3446 3831 3499 οὔπω

2263 3533 2362 3603 τὴν
2387 3533 2560 3604 ψυχὴν
2589 3535 2854 3604 ἀφείλετο,
2875 3536 3011 3608 ὅπερ
3040 3533 3192 3600 οὗτος
3213 3536 3558 3600 ἐσπούδαζεν·
3581 3539 3632 3590 εί
3649 3536 3708 3589 δὲ
3735 3538 3828 3590 καὶ

2263 3623 2358 3692 τὴν
2390 3623 2565 3695 ψυχὴν
2611 3625 2938 3680 ἐσπούδασεν
2991 3626 3302 3694 ἀφελέσθαι,
3335 3628 3448 3681 ἀλλ’
3483 3628 3630 3693 ἀπαξ
3683 3627 3831 3680 τοῦτ’

2263 3713 2558 3786 ἐτόλμησεν
2590 3716 2738 3781 ἴσως,
2789 3716 2909 3786 οὐχὶ
2967 3717 3048 3780 δὶς
3082 3719 3174 3770 καὶ
3227 3720 3367 3790 τρὶς,
3423 3719 3517 3772 καὶ
3571 3719 3829 3781 πολλάκις

2262 3805 2512 3877 καθάπερ
2543 3801 2714 3869 οὗτοςο
2741 3809 2788 3860 εί
2815 3808 2868 3860 δὲ
2900 3809 2992 3862 καὶ
3024 3808 3170 3874 ἅπαξ
3193 3810 3284 3863 καὶ
3323 3811 3404 3872 δὶς
3435 3811 3528 3863 καὶ
3571 3811 3692 3881 τρὶς
3737 3813 3830 3864 καὶ

2265 3897 2540 3962 πολλάκις,
2599 3897 2712 3951 ἀλλ’
2747 3899 2809 3952 οὑ
2841 3898 3075 3952 τοσαῦτα
3122 3899 3511 3971 εὑεργετηθεὶς,
3559 3901 3674 3954 ἀλλ’
3728 3905 3829 3956 οὑκ

2263 3988 2433 4043 ἐλθὼν
2454 3992 2533 4052 είς
2558 3990 2656 4052 τάς
2685 3993 2870 4061 χεῖρας
2894 3992 2987 4045 καὶ
3010 3991 3156 4058 ἅπαξ
3187 3993 3280 4046 καὶ
3302 3993 3568 4062 δεύτερον,
3598 3994 3692 4047 καί
3713 3995 3829 4048 δια-

2265 4080 2477 4150 σωθείςο
2505 4083 2551 4133 εί
2579 4081 2635 4133 δέ
2667 4081 2761 4134 καὶ
2789 4081 2964 4146 τοῦτο,
3005 4083 3099 4136 καὶ
3121 4082 3265 4137 οὕτω
3294 4083 3606 4137 πλεονεκτεῖ
3659 4087 3827 4139 πάλιν

2263 4172 2494 4225 ὀΔαυῖδ.
2543 4172 2618 4225 Οὑ
2647 4172 2755 4241 γάρ
2811 4176 2957 4226 ἐστιν
2997 4173 3108 4227 ἴσον
3158 4175 3250 4227 ἐπὶ
3280 4175 3379 4244 τῆς
3432 4175 3674 4240 Παλαιᾶς
3696 4176 3826 4230 ὄντα

2261 4261 2484 4317 τοιαῦτα
2504 4263 2828 4331 φιλοσοφεῖν,
2860 4265 2952 4317 καὶ
2984 4263 3078 4318 νῦν
3101 4265 3239 4333 μετὰ
3274 4265 3371 4335 τὴν
3398 4266 3555 4336 χάριν
3569 4267 3824 4332 τοιαύτας

2264 4352 2578 4423 χαρίζεσθαι
2603 4352 2826 4422 δωρεάς.
2861 4353 2973 4406 Οὑκ
2995 4349 3062 4422 ἦν
3089 4356 3117 4405 ὁ
3145 4353 3305 4407 Δαυῒδ
3329 4355 3566 4418 ἀκούσας
3599 4358 3698 4426 τὴν
3722 4375 3824 4410 πα-

2268 4441 2495 4512 ραϐολήν
2513 4441 2620 4494 τῶν
2677 4442 2884 4514 μυρίων
2939 4443 3211 4496 ταλάντων
3244 4443 3470 4497 καὶτῶν
3511 4445 3704 4498 ἑκατὸν
3733 4447 3826 4518 δη-

2262 4533 2478 4604 ναρίων·
2509 4533 2609 4586 οὑκ
2627 4529 2694 4604 ἦν
2723 4534 2924 4588 ὁΔαυῒδ
2949 4533 3185 4598 ἀκούσας
3208 4537 3305 4603 τῆς
3330 4535 3492 4604 εὐχῆς
3513 4535 3610 4604 τῆς
3637 4535 3825 4603 λεγού-

2264 4640 2385 4693 σης,
2416 4625 2627 4692 ’Ἄφετε
2648 4623 2770 4687 τοῖς
2801 4624 3130 4691 ἀνθρώποις
3154 4624 3227 4677 τὰ
3265 4623 3576 4693 ὀφλήματα
3602 4625 3821 4689 αὐτῶν,

2264 4707 2457 4773 καθὼς
2497 4707 2594 4760 καὶ
2620 4710 2652 4760 ό
2672 4707 2871 4775 Πατὴρ
2900 4705 3064 4776 ὑμῶν
3086 4710 3120 4760 ό
3145 4706 3438 4774 οὐράνιοςο
3472 4708 3570 4759 οὑκ
3607 4703 3673 4778 ῆν
3700 4707 3823 4760 ἰδὼν

2262 4797 2350 4849 τὸν
2384 4796 2613 4867 Χριστὸν
2635 4796 3032 4868 σταυρωθέντα,
3063 4797 3160 4866 οὐχ
3183 4791 3321 4868 αἷμα
3361 4798 3423 4850 τὸ
3461 4799 3638 4868 τίμιον
3660 4801 3819 4868 ἐκχυ-

2265 4886 2376 4952 θὲν,
2421 4887 2544 4940 οὑδέ
2569 4888 2692 4950 τοὺς
2723 4887 2948 4960 μυρίους
2984 4888 3110 4958 περὶ
3140 4887 3455 4956 φιλοσοφίας
3479 4888 3712 4952 ἀκούσας
3735 4889 3821 4941 λό-

2263 4993 2412 5044 γους·
2448 4978 2546 5030 οὑκ
2577 4975 2851 5030 ἀπέλαυσε
2885 4977 3076 5038 θυσίας
3105 4977 3389 5046 τοσαύτης,
3435 4977 3541 5029 οὐδ’
3591 4978 3822 5046 αἵματος

2266 5062 2419 5134 [775]
2447 5062 2668 5132 μετέσχε
2705 5064 3051 5126 Δεσποτικοῦ,
3112 5065 3227 5116 ἀλλ’
3252 5063 3618 5133 ἀτελεστέροις
3642 5064 3820 5133 ἐντρε-

2266 5151 2495 5219 φόμενος
2514 5148 2698 5218 νόμοις
2751 5149 2846 5201 καὶ
2876 5148 3028 5200 οὑδέν
3059 5149 3346 5202 ἀπαιτοῦσι
3390 5149 3650 5210 τοιοῦτον,
3689 5151 3824 5219 πρὸς

2264 5237 2436 5306 αὑτὴν
2468 5235 2565 5304 τὴν
2597 5235 2839 5305 κορυφὴν
2859 5235 2957 5303 τῆς
2989 5235 3044 5287 ὲν
3066 5237 3131 5304 τῇ
3161 5235 3343 5304 χάριτι
3365 5233 3564 5303 ἔφθασε
3614 5233 3826 5301 φιλοσο-

2267 5323 2410 5390 φίας.
2444 5322 2554 5374 Καὶ
2579 5323 2644 5374 σὺ
2677 5321 2774 5390 μὲν
2823 5320 3081 5384 πολλάκις
3131 5321 3272 5390 ὑπὲρ
3307 5320 3415 5372 τῶν
3449 5319 3827 5387 παρελθόντων

2265 5409 2612 5478 ὀργιζόμενος
2639 5411 3012 5478 μνησικακεῖς·
3038 5401 3190 5470 οὗτος
3211 5407 3268 5460 δέ
3295 5408 3392 5460 καλ⁵
3415 5408 3555 5477 ὑπὲρ
3577 5408 3686 5459 τῶν
3704 5406 3828 5476 μελε

2266 5498 2460 5552 λόντων
2479 5497 2750 5564 δεδοικὼς,
2805 5497 2900 5552 καὶ
2950 5497 3103 5560 εἰδὼς
3153 5495 3412 5566 ἀκριϐῶς,
3451 5496 3532 5550 ὅτι
3574 5495 3828 5564 ἀοίκητος

2332 5658 2352 5686 ε
2382 5655 2525 5716 Regii
2546 5655 2640 5704 duo
2664 5655 2852 5716 ἀφορᾷν.
