4094 6256
367 337 474 396 69⁸1

365 450 507 504 hanc
547 461 750 502 sacram
802 460 1041 502 mensam
1086 444 1307 501 intueris
1330 487 1345 511 ,
1386 444 1475 500 ubi
1504 443 1780 501 tremenda
1817 459 1941 513 per-

364 552 593 612 aguntur
604 539 851 609 mysteria
862 538 1021 593 idum
1040 538 1225 592 iisdem
1244 538 1459 593 auribus
1475 537 1625 593 audis
1640 547 1692 593 et
1710 548 1943 592 scortum

364 635 619 688 obscmne
647 632 871 701 loquens
893 671 909 698 ,
938 639 991 685 et
1018 630 1329 699 prophetam
1370 628 1775 699 apostolumque
1802 636 1856 683 te
1877 627 1944 681 ad

363 738 561 777 arcana
596 721 883 789 Scriptura:
921 718 1343 775 introducentem
1363 718 1388 773 Ἰ
1412 718 1540 773 dum
1566 718 1756 773 eodem
1781 716 1944 773 corde

367 814 547 869 letalia
581 811 748 868 sumis
786 826 995 867 venena
1019 853 1034 877 ,
1074 819 1128 865 et
1169 810 1305 864 hanc
1335 809 1559 864 hostiam
1598 818 1836 864 sanctam
1881 822 1943 862 ac

362 903 740 960 tremendam?
768 902 957 956 Annon
986 901 1100 956 haec
1122 909 1247 955 sunt
1267 902 1389 955 vita;
1421 900 1723 964 subversio,
1753 898 1942 966 conju-

355 995 573 1064 giorum
597 990 933 1060 corruptela),
960 981 1098 1045 bella
1125 1004 1415 1060 pugnzeque
1444 997 1498 1043 et
1526 990 1653 1043 rixae
1679 989 1731 1042 in
1767 987 1941 1042 domi-

361 1087 463 1140 bus
483 1086 506 1139 2
530 1083 663 1139 Cum
689 1083 830 1138 enim
858 1082 1171 1151 spectaculis
1195 1081 1300 1135 illis
1318 1080 1624 1135 dissolutior
1643 1093 1706 1133 ac
1731 1078 1944 1133 mollior

362 1176 715 1245 lasciviorque
737 1216 753 1241 ,
790 1174 1066 1242 omnisque
1101 1172 1366 1243 pudicitiae
1406 1172 1572 1227 hostis
1611 1171 1777 1225 factus
1800 1212 1814 1237 ,
1841 1171 1941 1225 do-

360 1283 510 1323 mum
540 1266 763 1322 rcdieris
784 1306 803 1334 ,
827 1266 1006 1320 uxoris
1036 1273 1281 1334 aspectus
1308 1264 1482 1319 minus
1508 1263 1610 1317 erit
1631 1262 1893 1333 jucundus
1922 1303 1938 1329 ,

253 1375 279 1395 ·‹
360 1360 763 1428 qualiscumque
782 1358 938 1412 etiam
967 1358 1055 1412 illa
1081 1356 1257 1412 fuerit.
1286 1355 1557 1426 Siquidem
1588 1355 1941 1410 inflammatus

360 1449 452 1503 illa
478 1448 902 1516 concupiscentia
924 1488 938 1511 ,
969 1461 1126 1516 quam
1163 1446 1215 1499 in
1254 1446 1473 1500 theatris
1500 1445 1756 1510 hausisti,
1791 1454 1841 1498 et
1873 1444 1940 1498 ab

358 1539 458 1593 illo
491 1538 665 1593 alieno
692 1537 991 1607 spectaculo
1015 1580 1029 1602 ,
1063 1537 1201 1606 quod
1242 1545 1293 1591 te
1333 1536 1689 1602 dementavit,
1721 1542 1938 1603 captus,

357 1639 562 1685 castam
589 1644 651 1685 ac
676 1629 966 1684 modestam
994 1643 1210 1682 uxorem
1238 1637 1291 1682 et
1314 1628 1471 1681 totius
1496 1628 1617 1680 vitm
1638 1636 1939 1681 consortem

357 1722 609 1793 despicis,
632 1721 947 1777 contumelia
967 1719 1155 1784 efﬁcis,
1174 1719 1568 1788 innumerisque
1586 1717 1792 1787 probris
1813 1731 1941 1785 ope-

355 1815 470 1879 ris,
500 1830 606 1869 non
633 1813 770 1883 quod
800 1812 1082 1882 quidquam
1114 1810 1311 1864 habeas
1336 1809 1478 1878 quod
1513 1811 1566 1862 in
1596 1808 1686 1861 illa
1715 1809 1895 1875 culpes
1920 1847 1934 1870 ,

355 1903 454 1958 sed
482 1902 623 1973 quod
644 1903 927 1957 erubescas
956 1900 1196 1955 confiteri
1232 1899 1477 1952 morbum
1503 1938 1516 1963 ,
1559 1896 1702 1967 quod
1747 1897 1939 1966 pudeat

354 1994 549 2048 vulnus
576 1992 877 2059 ostendere,
904 2007 1009 2061 quo
1037 1992 1088 2043 in
1116 1989 1436 2058 spectaculis
1462 1988 1729 2042 sauciatus
1755 1986 1938 2041 redisti

354 2084 574 2139 domum
600 2126 614 2150 ,
645 2084 777 2137 alias
813 2082 982 2137 nectis
1008 2081 1344 2136 causationes
1367 2121 1381 2144 ,
1410 2080 1614 2149 iniquas
1649 2078 1937 2132 inimicitia:

353 2190 606 2245 qumrens
629 2174 954 2238 occasiones,
980 2174 1155 2227 omnia
1176 2188 1295 2242 qua:
1316 2172 1459 2226 domi
1486 2181 1610 2226 sunt
1638 2170 1933 2239 fastidiens,

353 2275 412 2322 et
445 2265 511 2320 ad
552 2266 829 2321 scelestam
874 2265 1013 2319 illam
1054 2271 1107 2318 et
1149 2265 1406 2333 impuram
1447 2264 1655 2318 inhians
1682 2264 1936 2332 concupi-

351 2354 649 2421 scentiam,
692 2369 721 2408 a
760 2369 860 2423 qua
886 2354 1076 2407 vulnus
1102 2352 1386 2423 accepisti,
1431 2353 1663 2423 dumque
1703 2354 1935 2408 sonitum

353 2445 504 2499 vocis
526 2444 666 2513 geris
697 2444 750 2497 in
780 2444 958 2497 animo
993 2451 1294 2497 manentem
1318 2484 1334 2509 ,
1374 2443 1607 2511 itemque
1644 2452 1890 2512 aspectus
1916 2484 1933 2511 ,

355 2544 534 2590 motus
552 2577 565 2600 ,
593 2536 877 2605 omniaque
905 2536 991 2589 illa
1023 2536 1339 2591 meretricia:
1369 2536 1603 2591 libidinis
1629 2536 1932 2601 simulacra,

355 2625 488 2680 nihil
521 2640 703 2681 eorum
729 2640 848 2694 quae
884 2625 1025 2680 domi
1068 2634 1338 2679 suntcum
1378 2625 1645 2693 voluptate
1689 2624 1931 2678 intueris.

354 2717 425 2772 Et
446 2716 571 2787 quid
597 2717 785 2786 loquor
815 2717 883 2771 de
921 2732 1085 2771 uxore
1121 2727 1210 2771 aut
1253 2716 1449 2771 familia
1475 2758 1491 2783 ,
1521 2716 1733 2782 quando
1762 2715 1932 2786 ipsam

354 2807 519 2861 etiam
547 2805 826 2860 ecclesiam
855 2815 1041 2874 postea
1072 2807 1247 2860 minus
1272 2807 1503 2860 libenter
1526 2807 1735 2860 visurus
1758 2821 1817 2860 es
1839 2846 1853 2871 ,
1881 2815 1935 2860 et

353 2910 480 2950 cum
520 2894 677 2948 taedio
717 2894 992 2949 auditurus
1031 2909 1328 2948 sermonem
1372 2895 1439 2948 de
1475 2894 1723 2963 pudicitia
1762 2894 1934 2962 deque

354 2985 658 3041 modestia?
694 2984 875 3054 Neque
898 2985 1041 3040 enim
1067 2985 1176 3053 jam
1206 3001 1268 3038 ea
1293 3001 1411 3055 qua:
1436 2986 1685 3040 dicuntur
1714 2985 1805 3038 tibi
1837 3000 1934 3052 pro

354 3076 596 3131 doctrina
624 3084 768 3140 sunt,
796 3075 886 3131 sed
915 3076 1009 3145 pro
1035 3077 1393 3142 accusatione,
1418 3084 1574 3145 teque
1600 3074 1847 3143 paulatim
1880 3075 1930 3127 in

352 3168 777 3237 desperationem
793 3167 1084 3221 adducent:
1104 3166 1314 3222 tandem
1332 3177 1385 3222 et
1403 3168 1685 3236 abrumpes
1705 3167 1931 3235 teipsum

264 3254 273 3262 ’
353 3272 383 3311 a
411 3258 686 3327 disciplina
715 3257 782 3311 ad
812 3257 1076 3327 publicam
1102 3258 1338 3312 omnium
1363 3258 1642 3312 utilitatem
1671 3256 1927 3311 adhibita.

353 3351 689 3419 Quapropter
716 3365 847 3419 rogo
874 3364 969 3404 vos
992 3364 1199 3414 omnes,
1229 3360 1287 3403 ut
1312 3358 1365 3404 et
1389 3350 1488 3419 ipsi
1514 3365 1701 3419 pravas
1726 3350 1778 3403 in
1806 3365 1930 3419 spe-

354 3441 573 3495 ctaculis
593 3441 1037 3495 commorationes
1057 3442 1252 3507 vitetis,
1270 3450 1323 3495 et
1342 3442 1475 3496 alios
1491 3442 1656 3497 abhis
1675 3441 1931 3497 deductos

354 3530 656 3585 retrahatis.
689 3529 952 3600 Quidquid
981 3531 1121 3585 enim
1153 3531 1262 3585 illic
1289 3534 1508 3601 geritur,
1536 3547 1645 3585 non
1670 3540 1751 3587 cst
1775 3531 1927 3586 oblc-

353 3621 533 3685 etatio;
556 3620 651 3675 sed
678 3620 961 3688 pernicies,
991 3622 1085 3675 sed
1110 3636 1289 3690 poena,
1317 3622 1411 3676 sed
1438 3623 1775 3691 supplicium.
1794 3621 1929 3686 Quid

354 3712 573 3776 prodest
600 3710 686 3765 illa
712 3711 1029 3780 temporaria
1056 3712 1317 3778 voluptas,
1346 3712 1471 3764 dum
1499 3713 1623 3765 hinc
1646 3720 1930 3781 perpetuus

355 3803 590 3858 nascitur
616 3801 787 3867 dolor,
817 3802 1047 3871 dumque
1075 3810 1230 3856 nocte
1255 3802 1450 3871 pariter
1475 3816 1538 3856 ac
1565 3803 1650 3856 die
1674 3818 1704 3855 a
1732 3817 1930 3856 concu-

353 3892 612 3962 piscentia
634 3892 952 3957 stimulatus,
979 3891 1225 3946 omnibus
1251 3892 1506 3946 molestus
1529 3906 1589 3947 es
1613 3899 1667 3945 ct
1693 3890 1931 3945 invisus?

353 3984 555 4038 Excute
576 3978 733 4052 igitur
759 3981 1006 4050 teipsum,
1031 3989 1281 4050 reputans
1304 3981 1473 4050 qualis
1502 3982 1595 4036 fias
1618 3982 1684 4035 ab
1708 3982 1929 4036 ecclesia

353 4074 566 4129 rediens
591 4115 606 4141 ,
648 4087 832 4128 rursus
859 4073 1029 4143 qualis
1054 4088 1085 4127 a
1120 4072 1437 4142 spectaculis
1459 4113 1473 4137 ,
1498 4083 1656 4143 atque
1684 4073 1781 4127 hos
1814 4074 1928 4128 dies

351 4180 473 4221 cum
504 4166 609 4221 illis
631 4164 870 4220 conferas
902 4182 918 4217 :
958 4166 1009 4219 id
1040 4166 1083 4218 si
1117 4165 1306 4219 feceris
1329 4207 1345 4232 ,
1385 4166 1515 4219 nihil
1542 4181 1675 4235 opus
1700 4168 1801 4221 erit
1828 4181 1927 4221 no-

351 4263 463 4308 stro
490 4269 756 4309 sermone.
792 4254 931 4309 Satis
957 4255 1099 4308 enim
1126 4253 1320 4320 fuerit,
1348 4253 1490 4308 hunc
1517 4255 1655 4309 diem
1683 4270 1804 4310 cum
1837 4255 1929 4310 illo

353 4358 707 4412 comparasse,
736 4344 801 4398 ad
831 4344 1214 4399 ostendendum
1244 4354 1297 4399 et
1321 4360 1476 4415 quam
1498 4362 1684 4417 magna
1710 4348 1779 4402 sit
1805 4347 1929 4405 hinc

352 4434 571 4501 utilitas,
590 4445 643 4489 et
662 4442 855 4503 quanta
876 4436 944 4489 sit
964 4436 1106 4489 illinc
1129 4450 1286 4489 noxa.
1310 4436 1435 4493 Haec
1456 4454 1595 4493 nunc
1609 4437 1675 4493 ad
1698 4449 1925 4492 vestram

351 4525 627 4579 caritatem
642 4525 862 4579 dicenda
881 4527 1080 4595 putavi,
1100 4542 1200 4582 nec
1220 4542 1467 4597 umquam
1488 4529 1667 4584 dicere
1683 4530 1924 4585 cessabo.

352 4615 445 4670 Sic
469 4614 665 4669 etenim
685 4622 738 4669 et
762 4629 855 4671 eos
874 4615 961 4684 qui
984 4615 1105 4670 huic
1124 4619 1311 4673 morbo
1335 4618 1546 4674 obnoxii
1574 4629 1714 4685 sunt,
1745 4622 1928 4675 admo-

356 4702 632 4765 nebimus,
660 4710 713 4756 et
740 4704 827 4771 qui
869 4705 982 4757 sani
1017 4713 1161 4769 sunt,
1193 4706 1619 4763 confirmabimus
1646 4726 1658 4762 :
1693 4711 1929 4779 utrisque

351 4792 493 4847 enim
519 4791 676 4845 fuerit
703 4793 845 4846 utilis
875 4793 988 4849 haec
1014 4796 1182 4849 oratio
1210 4813 1223 4848 :
1256 4798 1437 4852 alteris
1460 4799 1671 4868 quidem
1704 4810 1759 4854 ut
1782 4801 1925 4856 desi-

350 4892 515 4949 stant,
532 4884 711 4937 alteris
728 4899 853 4938 vero
870 4899 934 4938 nc
952 4885 1201 4939 incidant.
1220 4887 1482 4942 Caeterum
1499 4894 1744 4957 quoniam
1767 4906 1928 4960 opor-

351 4981 428 5027 tet
471 4973 882 5041 increpationem
926 4988 1045 5029 esse
1078 4974 1402 5030 moderatam
1427 5017 1441 5042 ,
1473 4977 1559 5032 hic
1583 4980 1926 5034 admonitioni

350 5062 513 5118 linem
543 5062 876 5131 imponemus
895 5103 910 5127 ,
942 5071 996 5117 et
1021 5079 1139 5132 quae
1159 5064 1225 5119 de
1248 5067 1519 5134 superiore
1546 5078 1751 5123 restant
1773 5085 1929 5137 argu-

349 5159 531 5205 mento
558 5151 924 5221 persolvemus
944 5190 961 5219 ,
988 5152 1272 5208 redeuntes
1298 5154 1364 5208 ad
1394 5155 1644 5210 Davidem
1677 5159 1717 5209 ¹.
1747 5158 1927 5228 Siqui-

350 5240 473 5295 dem
513 5241 602 5299 hic
630 5241 920 5311 pictoribus
968 5256 1083 5296 mos
1111 5252 1231 5309 est,
1269 5246 1476 5314 quoties
1509 5247 1789 5316 imaginem
1828 5248 1927 5302 ali-

350 5345 511 5399 quam
535 5331 607 5385 ad
631 5332 809 5386 vivum
836 5346 1146 5400 expressam
1172 5334 1447 5390 absolvere
1472 5337 1709 5405 cupiunt,
1738 5354 1925 5403 unum,

350 5419 519 5485 duos,
547 5420 632 5476 vel
672 5430 779 5476 tres
807 5421 921 5477 dies
948 5421 1184 5477 assident
1230 5424 1294 5478 iis
1335 5440 1467 5494 quos
1507 5427 1837 5497 depingunt,
1870 5437 1929 5483 ut

351 5511 567 5567 assidua
592 5514 1037 5583 contemplatione
1061 5513 1193 5569 citra
1224 5530 1459 5572 errorem
1495 5526 1783 5589 exacteque
1820 5519 1929 5574 for-

416 5644 438 5675 ί
469 5650 587 5712 neg.
610 5656 736 5693 unus
759 5648 811 5697 et
830 5643 978 5707 colb.,
1006 5644 1224 5699 dabimus
1244 5646 1311 5699 ad
1325 5654 1511 5712 patrem
1532 5656 1746 5702 nostrum
1770 5650 1918 5701 Abra-

314 5776 321 5779 ν
356 5701 471 5755 [tam
491 5701 755 5757 redeuntes.

1391 330 1481 389 DE
1519 327 1769 386 DAVIDE
1805 328 1896 385 ET
1926 329 2149 387 SAULE
2180 327 2455 388 [IOM‘ILIA
2485 331 2573 389 ΙΙῘ.

3527 336 3632 393 698

2052 456 2249 501 matam
2276 449 2576 519 exprimant
2599 449 3021 507 similitudinem.
3051 451 3185 519 Quia
3214 452 3373 523 igitur
3395 460 3451 509 et
3478 452 3632 509 nobis

2052 540 2380 607 propositum
2407 549 2490 596 est
2515 554 2620 595 non
2648 543 2939 614 corporalis
2966 542 3152 599 forma:
3178 545 3458 616 imaginem
3479 586 3495 612 ,
3533 546 3631 602 sed

2051 626 2216 682 animi
2242 629 2683 698 pulchritudinem
2703 672 2720 698 ,
2760 646 2824 688 ac
2852 632 3181 702 spiritualem
3208 632 3454 691 decorem
3478 637 3631 692 vobis

2052 716 2211 773 hodie
2236 718 2546 790 depingere,
2572 722 2745 792 ipsum
2773 723 3023 778 Davidem
3048 723 3291 779 volumus
3316 724 3502 781 adesse
3530 741 3628 780 vo-

2048 806 2135 862 bis
2164 849 2179 874 ,
2208 817 2267 863 ut
2294 824 2481 865 omnes
2511 812 2563 866 in
2592 828 2714 867 eum
2746 814 3011 870 intuentes
3040 814 3092 868 in
3122 815 3358 870 animum
3386 816 3630 872 referatis

2051 911 2356 967 expressam
2380 900 2508 969 justi
2530 902 2999 972 pulchritudinem,
3031 904 3342 960 suavitatem
3362 947 3379 972 ,
3412 922 3631 977 magna-

2050 988 2343 1044 nimitatem
2369 1032 2384 1055 ,
2426 992 2480 1044 in
2504 1006 2710 1047 summa
2740 994 2988 1049 virtutem
3013 995 3127 1065 ejus
3155 1011 3389 1052 omnem.
3418 998 3627 1053 Etenim

2050 1080 2094 1134 si
2124 1082 2361 1151 corporis
2393 1082 2649 1161 imagines
2678 1085 2989 1139 nonnullum
3022 1086 3350 1142 intuentibus
3378 1087 3629 1145 solatium

2048 1170 2321 1237 adferunt,
2349 1174 2517 1228 multo
2547 1177 2713 1246 magis
2737 1176 2877 1232 idem
2906 1177 3101 1233 facient
3128 1178 3323 1233 mentis
3348 1178 3606 1250 imagines

2047 1261 2219 1331 Atque
2240 1263 2355 1317 illas
2375 1264 2585 1334 quidem
2616 1280 2719 1319 non
2752 1266 2876 1321 licet
2898 1266 3068 1322 ubivis
3090 1267 3303 1332 intueri,
3322 1267 3416 1323 sed
3436 1268 3625 1324 eodem

2048 1352 2243 1407 inloco
2271 1356 2530 1409 consistas
2557 1364 2765 1424 oportet
2793 1371 2806 1408 :
2835 1355 2972 1410 hanc
2997 1371 3125 1410 vero
3145 1356 3277 1411 nihil
3302 1364 3463 1423 vetat,
3492 1373 3630 1427 quo-

2047 1441 2224 1495 minus
2252 1457 2585 1513 quocnmque
2609 1444 2741 1499 velis
2768 1454 2941 1499 tecum
2982 1445 3344 1501 circumferas.
3372 1446 3504 1500 Nam
3531 1461 3627 1515 po-

2047 1540 2318 1601 steaquam
2344 1548 2461 1588 eam
2492 1534 2545 1588 in
2578 1535 2739 1589 animi
2772 1535 3126 1604 penetralibus
3149 1536 3428 1605 reposuisti
3453 1577 3469 1603 ,
3509 1534 3627 1591 ubi-

2046 1637 2275 1692 cumque
2315 1624 2550 1679 locorum
2584 1626 2750 1680 fueris
2776 1667 2790 1691 ,
2821 1627 3020 1695 poteris
3054 1640 3195 1696 saepe
3236 1626 3619 1696 contemplari,

2046 1713 2436 1783 plurimumque
2461 1729 2525 1770 ex
2554 1729 2614 1769 ea
2644 1715 2882 1770 utilitatis
2910 1730 3118 1785 capere.
3159 1715 3227 1770 Et
3264 1716 3400 1771 sicut
3425 1717 3515 1786 qui
3546 1716 3625 1770 la-

2045 1805 2235 1859 borant
2258 1807 2427 1860 oculis
2445 1849 2461 1873 ,
2501 1808 2545 1861 si
2584 1808 2831 1877 spongias
2860 1822 2921 1861 ac
2949 1807 3176 1862 vesnum
3212 1821 3416 1877 eyaneo
3443 1808 3625 1863 colore

2043 1911 2248 1965 pannos
2271 1905 2509 1952 tenentes
2533 1898 2838 1968 frequenter
2859 1899 2910 1952 in
2932 1913 2993 1953 ea
3017 1900 3340 1965 intueantur,
3366 1913 3432 1953 ex
3454 1913 3518 1953 eo
3537 1913 3627 1953 co-

2045 1986 2155 2041 lore
2173 1987 2484 2042 nonnullum
2503 1988 2717 2057 capiunt
2737 1988 2904 2043 morbi
2926 1989 3165 2043 levamen
3185 2006 3199 2042 :
3216 1987 3459 2044 similiter
3473 1996 3527 2044 et
3544 1997 3622 2053 tu,

2044 2078 2086 2130 si
2117 2077 2329 2133 Davidis
2367 2079 2651 2148 imaginem
2687 2094 2797 2148 pra:
2832 2079 2999 2135 oculis
3039 2079 3236 2134 habeas
3257 2122 3271 2143 ,
3305 2087 3359 2133 et
3401 2079 3456 2133 in
3486 2078 3622 2134 hanc

2043 2166 2256 2221 assidue
2280 2166 2478 2237 deligas
2503 2168 2685 2222 oculos
2712 2209 2725 2232 ,
2769 2169 2977 2222 etiamsi
3018 2168 3212 2223 millies
3245 2168 3503 2223 obtundat
3544 2169 3621 2222 ira

2042 2259 2238 2312 mentis
2266 2260 2476 2313 oculum
2507 2260 2824 2329 perturbans
2846 2302 2860 2326 ,
2892 2260 2957 2315 ad
2992 2260 3092 2316 hoc
3115 2260 3325 2316 virtutis
3353 2262 3624 2331 exemplar

2041 2353 2358 2421 reSpiciens,
2387 2353 2673 2422 perfectam
2704 2353 3043 2423 consequeris
3067 2353 3376 2420 sanitatem,
3407 2368 3622 2424 puram-

2041 2458 2144 2512 que
2164 2443 2324 2496 animi
2352 2443 2763 2513 philosophiam.

2110 2535 2164 2589 '5.
2199 2533 2387 2589 Nullus
2408 2536 2641 2589 inimicus
2670 2536 2830 2592 Sat'tle
2860 2538 3093 2591 deterior.
3116 2566 3192 2578 -—
3217 2536 3295 2592 Ne
3321 2537 3439 2607 quis
3468 2539 3623 2607 igitur

2040 2622 2171 2676 mihi
2201 2624 2342 2677 dicat
2372 2644 2384 2678 :
2418 2624 2690 2680 Inimicum
2725 2626 2895 2681 habeo
2925 2628 3210 2683 scelestum
3232 2668 3246 2693 ,
3276 2627 3574 2697 improbum
3601 2668 3618 2694 ,

2039 2724 2371 2785 corruptum,
2407 2716 2837 2787 incorrigibilem.
2866 2717 3129 2788 Quidquid
3158 2717 3376 2782 dixeris,
3404 2732 3509 2772 non
3540 2724 3623 2771 est

2040 2815 2214 2861 tamen
2241 2808 2399 2861 Saule
2437 2808 2687 2870 deterior.
2717 2810 2809 2877 qui
2847 2811 3012 2864 semel
3042 2818 3097 2864 et
3125 2809 3315 2863 iterum
3335 2850 3351 2875 ,
3382 2808 3490 2863 imo
3515 2823 3620 2862 sa:-

2038 2896 2157 2964 pius
2182 2905 2422 2949 servatus
2449 2911 2479 2949 a
2499 2897 2713 2962 Davide,
2739 2912 2858 2952 cum
2882 2899 2995 2967 ipse
3021 2897 3168 2951 mille
3194 2897 3364 2951 modis
3390 2896 3463 2951 illi
3483 2904 3623 2950 stru-

2039 2987 2205 3041 xisset
2232 2987 2470 3052 insidias,
2495 2996 2670 3041 tamen
2698 3003 2795 3057 pro
2820 2997 2897 3041 tot
2922 2987 3193 3043 beneficiis
3220 2989 3470 3057 acceptis,
3499 3002 3619 3057 per-

2037 3092 2219 3132 severa
2230 3079 2300 3132 vit
2319 3079 2370 3131 in
2393 3094 2485 3131 sua
2506 3079 2721 3133 malitia.
2743 3078 2876 3145 Quid
2900 3078 3059 3147 igitur
3076 3077 3238 3131 habes
3255 3076 3394 3146 quod
3411 3077 3620 3132 incuses

2038 3167 2349 3222 inimicum?
2377 3167 2528 3235 Quod
2556 3178 2710 3223 terra:
2730 3176 2934 3238 partem
2958 3167 3194 3234 ademit,
3221 3166 3363 3236 quod
3392 3166 3447 3220 in
3475 3168 3618 3237 agris

2037 3259 2164 3315 fecit
2193 3261 2436 3330 injuriam
2456 3303 2470 3327 ,
2501 3260 2642 3331 quod
2666 3260 2855 3315 domus
2882 3260 3079 3316 limites
3106 3267 3468 3329 transgressus
3492 3268 3575 3314 est
3598 3301 3615 3327 ,

2037 3352 2177 3420 quod
2204 3352 2463 3421 mancipia
2491 3363 2578 3406 tua
2609 3352 2803 3421 rapuit,
2834 3351 2973 3420 quod
3006 3350 3110 3405 vim
3137 3350 3333 3417 attulit,
3360 3349 3499 3420 quod
3527 3356 3616 3403 tua

2037 3451 2233 3511 przeter
2251 3442 2337 3511 jus
2363 3442 2679 3512 occupavit,
2710 3442 2850 3513 quod
2878 3441 2945 3496 ad
2975 3450 3339 3511 paupertatem
3368 3440 3569 3510 redegit
3593 3440 3618 3493 ?

2037 3533 2106 3586 At
2135 3532 2370 3586 nondum
2415 3534 2611 3603 eripuit
2652 3533 2811 3587 vitam
2838 3575 2853 3600 ,
2885 3532 3027 3602 quod
3064 3533 3277 3588 molitus
3320 3542 3403 3588 est
3443 3531 3570 3588 Sat'tl
3600 3549 3614 3586 :

2035 3622 2177 3691 quod
2203 3623 2245 3676 si
2275 3632 2329 3677 et
2355 3624 2514 3676 vitam
2545 3623 2750 3691 eripere
2776 3632 2995 3676 conatus
3032 3635 3151 3688 est,
3186 3622 3414 3677 fortasse
3443 3623 3613 3679 semel

2036 3710 2089 3762 id
2118 3721 2279 3761 ausus
2307 3717 2410 3776 est,
2430 3724 2537 3763 non
2564 3711 2750 3777 semel,
2777 3710 2860 3762 bis
2881 3719 2971 3763 aut
2999 3718 3097 3773 ter,
3119 3719 3209 3764 aut
3236 3712 3452 3779 smpius,
3482 3712 3619 3766 sicut

2035 3796 2161 3851 fecit
2186 3797 2311 3851 Saul
2356 3796 2430 3869 (α)
2466 3816 2479 3851 :
2512 3797 2652 3867 quod
2680 3799 2722 3851 si
2748 3799 2906 3851 etiam
2934 3799 3128 3863 semel,
3157 3800 3203 3853 si
3228 3798 3310 3852 bis
3329 3840 3344 3865 ,
3368 3800 3413 3853 si
3444 3808 3541 3863 ter,
3570 3802 3616 3855 si

2036 3886 2231 3956 saepius
2256 3888 2357 3940 hoc
2378 3888 2620 3951 tentavit,
2649 3897 2704 3941 at
2732 3903 2836 3941 non
2867 3897 2941 3941 tot
2970 3888 3190 3942 affectus
3212 3889 3307 3943 abs
3330 3897 3382 3943 te
3408 3890 3611 3944 beneﬁ-

2034 3979 2151 4046 ciis,
2177 3987 2231 4032 at
2258 3996 2362 4033 non
2390 3994 2511 4033 cum
2541 3979 2704 4034 semel
2730 3987 2889 4049 atque
2918 3981 3107 4034 iterum
3135 3980 3405 4035 incidisset
3426 3981 3477 4035 in
3504 3997 3616 4035 ma-

2036 4086 2135 4125 nus
2167 4082 2301 4137 tuas,
2327 4079 2381 4126 et
2410 4081 2651 4125 servatus
2677 4078 2820 4125 esset
2849 4090 2862 4126 :
2892 4081 2945 4126 et
2970 4072 3015 4125 si
3044 4071 3146 4127 hoc
3174 4087 3385 4141 quoque
3414 4070 3612 4125 factum

2034 4172 2117 4217 est
2139 4204 2154 4230 ,
2184 4162 2261 4217 sic
2297 4162 2457 4217 etiam
2487 4176 2670 4216 rursus
2705 4171 2919 4230 superat
2962 4163 3074 4232 ipse
3116 4162 3298 4217 David.
3329 4161 3443 4216 Non
3471 4162 3611 4217 enim

2033 4254 2178 4324 paria
2200 4263 2324 4308 sunt
2355 4254 2453 4307 sub
2490 4261 2668 4308 vetere
2704 4253 2821 4322 lege
2857 4252 3134 4323 degentem
3161 4294 3176 4320 ,
3222 4260 3274 4306 et
3314 4266 3456 4305 nunc
3494 4259 3616 4321 post

2032 4346 2305 4414 Evangelii
2330 4344 2556 4415 gratiam
2583 4343 2706 4399 talia
2744 4344 3048 4399 condonare
3072 4344 3255 4414 gratis.
3288 4342 3403 4398 Non
3434 4336 3667 4396 audic-‘

2034 4439 2117 4485 rat
2162 4432 2324 4485 David
2364 4432 2666 4499 parabolam
2705 4432 2772 4486 de
2813 4431 3001 4488 decem
3034 4434 3264 4488 millibus
3293 4434 3611 4488 talentorum

2034 4532 2191 4591 atque
2217 4522 2285 4577 de
2310 4530 2520 4577 centum
2549 4522 2815 4586 denariis;
2848 4539 2952 4576 non
2984 4524 3223 4578 audierat
3252 4526 3611 4592 precationem

2034 4613 2318 4675 dicentem,
2350 4609 2605 4664 Remittite
2629 4610 2910 4665 hominibus
2934 4612 3100 4665 debita
3129 4613 3384 4682 ipsorum,
3413 4622 3542 4666 sicut
3568 4622 3617 4666 et

2038 4701 2194 4755 Pater
2231 4710 2387 4755 vester
2423 4702 2632 4756 caelestis
2674 4700 2886 4771 (Marc.
2933 4702 3020 4755 ll.
3063 4702 3169 4771 25)
3202 4718 3218 4759 ε
3252 4718 3359 4756 non
3407 4703 3617 4757 viderat

2035 4793 2302 4849 Christum
2330 4792 2665 4854 crucifixum,
2698 4807 2803 4845 non
2831 4791 3054 4846 effusum
3082 4794 3371 4860 pretiosum
3403 4794 3613 4861 sangui-

2036 4901 2179 4950 nem,
2205 4900 2300 4939 nec
2319 4884 2557 4938 audierat
2580 4884 2996 4938 innumerabiles
3018 4900 3293 4939 sermones
3311 4885 3452 4941 circa
3478 4884 3613 4938 hanc

2035 4974 2463 5043 philosophiam;
2498 4988 2603 5026 non
2646 4972 2767 5028 talis
2814 4974 3099 5038 sacrificii,
3137 4990 3313 5045 neque
3341 4990 3614 5045 sanguinis

2035 5063 2283 5117 dominici
2316 5065 2576 5131 particeps
2602 5061 2811 5127 fuerat,
2856 5062 2948 5116 sed
2978 5063 3181 5133 legibus
3207 5064 3614 5132 imperfectiori-

2035 5153 2135 5207 bus
2161 5152 2416 5207 educatus
2434 5193 2449 5217 ,
2483 5167 2656 5221 neque
2686 5152 2791 5206 tale
2815 5152 3102 5223 quidquam
3133 5152 3467 5222 exigentibus
3492 5194 3506 5217 ,
3536 5162 3613 5206 ta-

2036 5256 2159 5299 men
2201 5243 2267 5297 ad
2310 5244 2627 5312 evangelica:
2665 5244 3015 5314 philosophiae
3056 5246 3318 5314 fastigium
3350 5243 3607 5313 pervenit.

2036 5335 2105 5387 At
2130 5342 2184 5387 tu
2209 5332 2515 5402 frequenter
2551 5334 2716 5388 iratus
2736 5377 2751 5401 ,
2786 5334 3096 5403 injuriarum
3135 5335 3449 5388 memoriam
3479 5335 3608 5388 reti—

2035 5440 2132 5479 nes
2159 5442 2170 5475 :
2207 5425 2291 5478 hic
2318 5438 2445 5479 vero
2471 5439 2591 5479 cum
2622 5425 2690 5481 de
2717 5425 2902 5480 futuris
2929 5434 3205 5491 metueret,
3238 5433 3387 5480 certo
3415 5428 3607 5490 sciens,

2034 5519 2079 5573 si
2104 5517 2308 5573 hostem
2331 5525 2588 5586 servaret,
2622 5533 2681 5573 se
2704 5528 2755 5573 et
2783 5519 2997 5573 civitate
3023 5519 3380 5573 exsulaturum
3405 5558 3421 5585 ,
3453 5526 3509 5574 et
3534 5518 3614 5573 vi-

2097 5649 2171 5715 ta)
2202 5649 2283 5697 Hic
2305 5648 2494 5715 et_infra
2518 5649 2735 5712 quadam
2760 5648 2963 5702 deerant
2986 5651 3036 5702 in
3058 5649 3219 5713 Editis,
3244 5664 3352 5715 qua:
3378 5663 3440 5703 ex
3461 5646 3625 5710 Regio

2042 5709 2210 5761 codice
2232 5709 2537 5773 supplentur.
