4094 6256
491 309 596 364 699

495 437 602 480 tam
639 424 997 486 calamitosam
1038 430 1300 486 acturum,
1336 435 1444 476 non
1473 418 1675 474 destitit
1712 426 1887 480 tamen
1930 414 2071 469 illius

496 518 698 571 habere
724 530 926 577 curam,
952 512 1045 568 sed
1073 512 1249 568 omnia
1279 511 1420 579 fecit,
1452 510 1594 565 hunc
1625 510 1780 565 talem
1806 515 1988 563 contra
2013 521 2074 562 se

501 605 707 660 hostem
735 603 937 656 fovens.
956 602 1085 668 Quis
1104 616 1525 657 commemorare
1544 601 1715 656 valeat
1734 599 2073 662 tolerantiam

504 695 602 748 hac
621 693 914 762 majorem?
934 692 1098 747 Porro
1125 700 1184 746 ut
1209 707 1313 746 non
1342 700 1543 746 tantum
1569 707 1635 746 ex
1663 690 1962 760 praeteritis,
1986 703 2076 744 ve-

501 798 617 837 rum
645 797 709 836 ex
738 781 821 836 his
847 797 1057 852 quoque
1082 798 1200 852 quae
1229 797 1370 838 nunc
1397 781 1526 836 ﬁunt
1553 781 1728 839 discas
1755 781 1866 837 ﬁeri
1892 795 2070 851 posse,

499 883 559 928 ut
587 888 706 928 cum
746 875 934 943 quovis
970 874 1194 943 homine.
1226 875 1460 928 animum
1505 874 1559 928 in
1599 883 1650 927 te
1695 873 1936 928 hostilem
1979 886 2072 942 ge-

502 977 654 1024 rente
674 966 862 1022 redeas
883 967 936 1020 in
957 955 1200 1036 gratiam,
1218 965 1343 1036 quid
1365 965 1519 1021 leone
1548 963 1784 1018 smvius?
1811 964 1877 1020 Et
1899 971 2075 1018 tamen

504 1056 646 1111 hunc
672 1056 904 1112 cicurem
932 1065 1373 1126 mansuetumque
1408 1055 1638 1111 reddunt
1663 1054 1934 1118 homines,
1963 1063 2077 1108 arte

505 1157 748 1202 naturam
795 1158 1146 1217 superantes:
1190 1147 1352 1217 ﬁtque
1389 1147 1572 1217 quavis
1613 1161 1711 1201 ove
1753 1146 1931 1201 mitior
1968 1144 2077 1199 fera

505 1239 743 1292 omnium
774 1237 1156 1292 immanissima
1184 1246 1238 1292 et
1279 1237 1651 1306 superbissima
1676 1278 1691 1303 ,
1735 1237 1870 1291 adeo
1896 1247 1952 1291 ut
1985 1251 2080 1306 per

507 1329 678 1384 lorum
709 1329 944 1385 ambulet
966 1369 981 1392 ,
1007 1329 1273 1389 neminem
1306 1327 1572 1384 territans.
1603 1327 1769 1395 Quam
1802 1328 1958 1400 igitur
1987 1326 2081 1380 ha-

514 1422 675 1478 bituri
701 1437 887 1477 sumus
911 1421 1306 1476 excusationem
1326 1462 1340 1486 ,
1377 1435 1532 1489 quam
1563 1419 1962 1489 impctrabimus
1986 1433 2081 1472 ve-

511 1512 653 1566 niam
677 1552 694 1576 ,
735 1512 780 1565 si
810 1526 929 1566 cum
959 1510 1098 1570 feras
1125 1511 1321 1565 bestias
1349 1511 1646 1572 cicuremus
1668 1549 1686 1573 ,
1717 1510 2083 1578 negaverimus

513 1600 757 1654 homines
780 1614 1023 1668 umquam
1047 1614 1200 1668 posse
1223 1599 1415 1667 placari
1436 1598 1826 1668 benevolosque
1842 1612 1965 1666 erga
1987 1612 2084 1653 nos

513 1687 705 1743 reddi?
727 1689 885 1760 Atqui
917 1689 1096 1744 bestiae
1121 1689 1332 1758 quidem
1363 1697 1557 1759 praeter
1586 1696 1826 1742 naturam
1855 1696 1937 1742 est
1964 1701 2084 1743 esse

515 1785 867 1842 mansuetam,
898 1779 1094 1832 homini
1127 1795 1254 1834 vero
1281 1787 1474 1848 prazter
1498 1788 1742 1834 naturam
1768 1786 1851 1835 est
1880 1777 2082 1834 feritas.

515 1867 654 1936 Ergo
684 1881 802 1921 cum
846 1868 896 1924 in
929 1867 1030 1922 illis
1055 1878 1296 1924 naturam
1326 1869 1626 1938 vincamus,
1656 1883 1759 1939 qua
1786 1867 1960 1924 fronte
1988 1883 2088 1924 nos

515 1957 885 2014 excusabimus
910 1999 923 2020 ,
955 1959 1001 2012 si
1032 1959 1082 2012 in
1113 1959 1325 2013 homine
1351 1973 1629 2014 causemur
1656 1958 1816 2012 animi
1843 1959 2086 2028 proposi-

517 2058 630 2101 tum
658 2064 760 2101 non
789 2063 943 2117 posse
971 2050 1204 2119 corrigi?
1234 2050 1382 2114 Quod
1407 2051 1452 2108 si
1479 2049 1653 2104 adhuc
1680 2048 1992 2116 contendis,
2021 2049 2088 2102 il-

519 2137 606 2190 lud
629 2137 869 2202 dixerim,
897 2141 1135 2208 quamvis
1165 2140 1442 2196 insanabili
1463 2140 1647 2194 morbo
1667 2149 1886 2210 aegrotet
1905 2139 2086 2214 homo,

518 2242 624 2297 quo
655 2229 771 2296 plus
799 2227 952 2284 fuerit
978 2229 1188 2295 laboris,
1220 2230 1321 2286 hoc
1351 2231 1444 2285 tibi
1479 2245 1683 2287 merces
1703 2230 1803 2285 erit
1830 2229 2086 2298 amplior;

523 2318 568 2370 si
595 2318 848 2384 assidens,
881 2333 1072 2373 curans
1107 2320 1481 2385 immedicabili
1523 2320 1710 2378 morbo
1739 2320 2087 2377 laborantem.

594 2409 742 2463 Ni/iil
759 2412 923 2463 nocuit
944 2410 1125 2465 Davidi
1147 2413 1315 2466 odium
1345 2411 1559 2476 Sutilis;
1597 2430 1688 2471 cur
1715 2415 1964 2485 patientia:
1987 2430 2093 2468 me-

524 2501 676 2553 ritum
704 2510 925 2574 aequetur
949 2503 1293 2572 eleemosynw.
1333 2533 1402 2544 —
1427 2503 1600 2564 Unum
1627 2505 1783 2574 igitur
1811 2505 1938 2560 illud
1966 2520 2091 2576 spe-

527 2599 730 2645 ctemus
748 2631 762 2654 ,
792 2605 895 2644 non
925 2606 991 2645 ne
1021 2593 1146 2660 quid
1173 2594 1580 2663 malipatiamur
1607 2595 1674 2650 ab
1700 2595 1926 2650 inimicis
1949 2634 1964 2659 ,
1997 2595 2092 2651 sed

531 2696 600 2734 ne
638 2681 764 2750 quid
792 2681 896 2736 illis
923 2684 1049 2737 mali
1070 2683 1324 2739 faciamus
1354 2703 1368 2739 :
1400 2687 1470 2740 ita
1497 2686 1626 2741 nihil
1655 2687 1916 2757 patiemur
1945 2689 2091 2758 mali,

527 2771 732 2826 etiamsi
773 2772 1045 2827 innumera
1075 2773 1403 2842 perferamus
1437 2777 1575 2831 mala
1605 2794 1618 2830 :
1649 2778 2094 2848 quemadmodum

529 2877 627 2916 nec
656 2862 843 2929 David,
869 2864 994 2918 dum
1021 2865 1245 2934 ejicitur,
1266 2865 1392 2920 dum
1417 2867 1468 2922 in
1495 2869 1737 2924 exsilium
1765 2871 1956 2941 agitur,
1970 2871 2096 2926 dum

530 2967 694 3022 usque
717 2953 783 3007 ad
811 2954 928 3007 vita:
953 2954 1236 3012 discrimen
1264 2957 1471 3014 insidiis
1494 2959 1780 3029 appetitur,
1810 2961 2095 3030 quidquam

529 3043 711 3097 acerbi
747 3058 933 3114 passus
967 3054 1048 3099 est
1077 3065 1088 3098 :
1123 3047 1250 3115 quin
1276 3048 1451 3116 potius
1475 3047 1629 3104 hoste
1662 3063 1759 3104 suo
1802 3050 1972 3110 lactus
2016 3060 2100 3108 est

529 3137 790 3193 illustrior
825 3137 1308 3207 honorabiliorque,
1339 3142 1654 3211 cacterisque
1681 3143 1926 3198 omnibus
1952 3159 2099 3197 ama-

533 3227 718 3291 bilior,
748 3227 906 3297 idque
931 3245 1035 3284 non
1071 3231 1368 3286 hominibus
1417 3241 1621 3288 tantum
1649 3277 1664 3299 ,
1692 3237 1786 3291 sed
1815 3236 1915 3304 ipsi
1940 3237 2100 3291 etiam

534 3317 662 3371 Deo.
693 3317 831 3383 Quid
854 3319 996 3376 enim
1041 3321 1343 3376 detrimenti
1383 3323 1525 3393 cepit
1566 3335 1783 3380 sanctus
1828 3325 1947 3389 ille,
1979 3341 2102 3381 cum

532 3415 642 3460 tam
685 3407 850 3460 multa
897 3418 1262 3478 perpeteretur
1285 3425 1314 3464 a
1344 3411 1500 3466 Saﬁle
1531 3413 1767 3469 iAnnon
1807 3417 1858 3470 in
1886 3416 2101 3471 hodier-

538 3512 662 3550 num
695 3513 861 3566 usque
881 3499 1020 3562 diem
1044 3503 1251 3554 canitur
1278 3503 1496 3558 illustris
1517 3505 1568 3559 in
1597 3493 1756 3569 terra,
1776 3506 2029 3561 illustrior
2049 3507 2103 3561 in

529 3586 687 3644 cit-lo?
711 3603 887 3644 annon
912 3591 1055 3645 illum
1083 3593 1450 3650 inenarrabilia
1479 3605 1694 3651 manent
1713 3597 1848 3652 bona
1876 3607 1930 3653 et
1949 3600 2106 3655 caelo-

537 3691 652 3731 rum
681 3682 946 3749 regnum?
975 3681 1180 3738 Rursus
1195 3686 1321 3754 quid
1347 3687 1617 3742 commodi
1645 3689 1784 3759 cepit
1803 3690 1981 3746 infelix
2012 3690 2105 3747 ille

530 3782 598 3822 ac
623 3769 804 3836 miser,
821 3781 895 3825 tot
920 3772 1140 3828 insidias
1168 3775 1626 3835 molitus?Nonne
1652 3795 1819 3850 regno
1848 3797 2105 3842 excussus

535 3859 658 3913 est?
703 3876 880 3918 nonne
932 3865 1233 3922 miseranda
1285 3879 1462 3926 morte
1488 3872 1648 3940 periit
1671 3888 1774 3928 una
1809 3888 1928 3929 eum
1969 3876 2102 3941 lilio,

537 3958 696 4019 atque
719 3951 787 4006 ab
812 3954 1058 4008 omnibus
1079 3957 1442 4030 vituperatur(
1473 3961 1524 4014 1.
1550 3961 1680 4031 Reg.
1711 3962 1860 4036 1th.),
1889 3973 1942 4018 et
1962 3965 2105 4034 quod

537 4039 622 4093 his
647 4042 858 4110 gravius
879 4051 981 4108 est,
1009 4053 1207 4101 aeterna
1239 4049 1335 4104 luit
1361 4051 1656 4119 supplicia?
1684 4053 1962 4108 Postremo
1980 4055 2106 4124 quid

542 4131 753 4187 tandem
774 4143 856 4188 est
879 4136 1022 4204 quod
1056 4138 1268 4193 incusas
1292 4180 1307 4203 ,
1336 4143 1680 4208 quamobrem
1728 4158 1837 4197 non
1863 4145 1944 4200 vis
1985 4160 2106 4202 cum

540 4222 634 4276 illo
657 4225 831 4278 redire
853 4228 906 4280 in
931 4229 1199 4294 gratiam?
1233 4229 1492 4284 Pecunias
1519 4229 1756 4298 eripuit?
1784 4232 1890 4288 Sed
1917 4234 1965 4288 si
2001 4236 2108 4288 lor-

542 4313 669 4368 liter
706 4315 910 4383 perfers
938 4318 1180 4384 rapinam
1201 4359 1216 4384 ,
1253 4319 1580 4375 tantumdem
1597 4323 1825 4392 accipies
1846 4326 2108 4381 mercedis

541 4418 604 4456 ac
632 4405 679 4457 si
705 4419 796 4458 eas
833 4405 884 4458 in
911 4421 1100 4461 manus
1127 4422 1416 4478 pauperum
1448 4412 1795 4480 reposuisses.
1835 4414 2109 4483 Siquidem

545 4500 599 4546 ct
625 4493 715 4562 qui
742 4493 888 4548 dedit
917 4497 1100 4565 egenis
1124 4537 1138 4560 ,
1170 4507 1224 4552 et
1249 4499 1336 4568 qui
1380 4500 1429 4555 ei
1462 4501 1552 4571 qui
1598 4503 1774 4558 aliena
1803 4507 2106 4574 usurpavit,

539 4598 714 4652 neque
741 4593 888 4652 parat
936 4585 1187 4652 insidias,
1229 4603 1402 4659 neque
1440 4591 1583 4646 male
1631 4603 1910 4662 precatur,
1952 4596 2110 4652 ambo

543 4687 758 4744 propter
774 4676 936 4732 Deum
958 4677 1010 4732 id
1037 4677 1253 4733 faciunt.
1285 4680 1514 4736 Proinde
1534 4698 1654 4737 cum
1675 4685 1925 4754 impendii
1951 4701 2110 4742 causa

540 4765 747 4830 eadem,
781 4769 1116 4838 perspicuum
1144 4781 1221 4826 est
1257 4788 1416 4827 unam
1437 4774 1784 4845 eamdemque
1813 4777 1924 4832 fore
1953 4793 2111 4834 coro-

545 4873 686 4911 nam.
717 4857 822 4914 Sed
849 4861 969 4916 vita;
995 4863 1268 4919 insidiatus
1293 4876 1396 4931 est,
1415 4876 1470 4920 et
1498 4877 1721 4922 conatus
1746 4878 1826 4923 est
1843 4871 2111 4926 occidere?

548 4949 622 5003 Ea
651 4965 742 5004 res
771 4952 864 5006 tibi
895 4967 991 5022 pro
1018 4956 1270 5026 martyrio
1294 4955 1659 5027 imputabitur,
1683 4961 1728 5012 si
1756 4960 1975 5016 insidias
1998 4976 2112 5016 mo-

544 5043 781 5107 lientem,
804 5054 860 5100 et
875 5047 942 5101 ad
984 5057 1182 5104 tantam
1222 5059 1536 5119 provectum
1572 5051 1898 5107 inimicitiam
1923 5093 1936 5116 ,
1968 5054 2110 5110 inter

548 5133 675 5188 liene
702 5136 920 5192 meritos
946 5140 1266 5206 numeraris,
1296 5156 1400 5194 non
1429 5141 1678 5195 desinens
1699 5157 1852 5198 orare
1867 5158 1961 5212 pro
1997 5144 2109 5210 illo,

546 5225 710 5280 Deum
740 5229 1069 5283 obsecrando
1087 5272 1100 5294 ,
1133 5238 1192 5284 ut
1221 5230 1294 5284 illi
1323 5230 1415 5284 fiat
1441 5232 1719 5300 propitius.

613 5319 666 5374 4.
687 5317 766 5374 Ne
810 5321 969 5390 igitur
1004 5322 1132 5376 illud
1168 5330 1475 5392 reputemus
1495 5363 1511 5387 ,
1537 5323 1679 5392 quod
1721 5323 1860 5379 Deus
1888 5325 2114 5380 vetuerit

545 5424 612 5464 ne
629 5409 882 5467 Davidem
906 5413 1176 5468 occideret
1193 5413 1320 5468 Satil
1346 5431 1360 5467 :
1387 5413 1483 5468 sed
1521 5414 1648 5469 illud
1673 5416 1970 5480 considera,
1990 5434 2112 5474 eum

543 5516 606 5555 ex
639 5501 842 5558 insidiis
868 5504 1044 5559 Saulis
1087 5506 1243 5576 tripla
1281 5504 1681 5576 quadruplaque
1731 5506 1973 5576 martyrii
2015 5521 2111 5562 co-

545 5607 674 5650 rona
701 5597 1002 5654 redimitum
1030 5600 1212 5653 fuisse.
1233 5599 1436 5653 Etenim
1467 5597 1553 5668 qui
1586 5606 1799 5666 prOptcr
1820 5597 1982 5651 Deum
2003 5612 2117 5652 ser-

545 5685 684 5742 vavit
712 5687 949 5755 hostem,
997 5705 1117 5746 cum
1149 5689 1238 5759 qui
1278 5689 1444 5746 semel
1469 5731 1482 5758 ,
1512 5689 1592 5745 bis
1617 5731 1632 5758 ,
1664 5690 1769 5745 imo
1806 5687 2118 5761 frequenter

1217 305 1272 362 ς.
1309 301 1586 362 JOANNIS
1621 294 2094 358 CHRYSOSTOHI
2131 296 2450 354 ARCHIEP.
2483 299 3018 360 CONSTANTINOP.

3651 311 3764 366 700

2185 411 2425 470 lanceam
2454 416 2507 470 in
2532 425 2689 486 caput
2712 417 2857 472 illius
2883 418 3138 484 vibrarat,
3165 432 3286 474 cum
3311 427 3457 476 esset
3474 420 3760 482 occidendi

2171 513 2502 573 potestatem
2530 515 2716 563 nactus
2739 549 2755 574 ,
2786 515 2962 563 tamen
2989 509 3226 580 pepercit
3267 510 3400 579 ipsi,
3441 524 3567 566 cum
3591 513 3758 570 sciret

2181 605 2363 666 postea
2391 596 2525 662 fore,
2545 606 2604 652 ut
2627 599 2800 654 denuo
2819 598 2888 652 ab
2909 599 3000 654 illo
3020 600 3392 669 impeteretur:
3415 602 3756 671 perspicuum

2181 697 2264 743 est
2303 703 2425 743 eum
2456 690 2648 746 millies
2696 690 3031 746 interfectum
3075 707 3196 749 esse
3239 693 3400 748 animi
3435 697 3756 765 proposito;

2182 781 2376 836 millies
2427 790 2605 838 autem
2655 783 2961 840 interfectus
3005 794 3221 854 propter
3271 784 3436 848 Deum
3457 825 3473 850 ,
3498 786 3760 854 plurimas

2183 873 2313 929 tulit
2360 874 2597 943 martyrii
2627 889 2850 931 coronas
2880 894 2893 930 :
2923 875 3011 944 qui
3037 875 3479 944 quemadmodum
3519 886 3573 931 et
3616 877 3758 932 Pan-

2181 965 2266 1020 lus
2294 965 2398 1032 ait,
2430 965 2664 1033 Quotidie
2691 968 2878 1020 morior
2905 975 3111 1037 propter
3141 966 3304 1027 Deam
3325 967 3503 1038 (Rom.
3525 968 3581 1022 8.
3608 968 3758 1039 26),

2185 1053 2414 1124 idipsum
2447 1065 2499 1112 et
2534 1057 2622 1112 ille
2652 1067 2867 1126 prapter
2908 1058 3074 1113 Deum
3150 1073 3344 1127 passus
3434 1069 3536 1116 θει-
3617 1057 3760 1114 Cum

2184 1147 2325 1202 enim
2357 1158 2537 1216 posset
2563 1149 2770 1204 hostem
2796 1148 2896 1204 sibi
2923 1147 3258 1203 insidiantem
3290 1161 3322 1203 e
3347 1146 3523 1214 medio
3544 1149 3760 1215 tollere,

2181 1245 2402 1314 pr0pter
2437 1240 2606 1292 Deum
2633 1238 2834 1302 noluit,
2871 1246 2926 1293 et
2954 1236 3140 1292 maluit
3180 1237 3415 1307 qu0tidie
3443 1238 3760 1306 periclitari,

2181 1342 2342 1396 quam
2378 1327 2520 1396 justa
2547 1327 2694 1382 crede
2736 1343 2768 1383 a
2799 1336 2878 1382 tot
2915 1327 3174 1383 mortibus
3223 1326 3456 1381 liberari.
3509 1327 3665 1394 Quod
3715 1329 3765 1388 si

2191 1430 2357 1485 usque
2385 1415 2450 1470 ad
2496 1417 2661 1484 ipsius
2689 1416 2811 1472 vita:
2852 1417 3144 1486 periculum
3196 1416 3531 1472 insidiantem
3576 1416 3766 1472 ulcisci

2187 1516 2348 1576 atque
2372 1507 2550 1565 odisse
2576 1507 2655 1561 las
2682 1523 2785 1562 non
2815 1519 2930 1574 est,
2955 1509 3123 1563 multo
3156 1508 3332 1566 minus
3365 1508 3492 1565 licet
3513 1522 3639 1563 eum
3669 1509 3766 1577 qui

2187 1597 2476 1666 vulgariter
2500 1598 2656 1662 laesit,
2687 1597 2890 1652 ulcisci.

2259 1687 2400 1756 Aﬂici
2447 1689 2757 1743 contumeliis
2777 1705 2843 1741 an
2865 1689 2930 1743 sit
2959 1685 3286 1741 intolerabile.
3316 1685 3562 1741 ,Utiliores
3589 1688 3766 1742 amicis

2189 1780 2383 1835 inimici
2411 1780 2512 1851 (a).
2545 1811 2616 1821 -—
2659 1781 2931 1849 Plerisque
2958 1781 3026 1834 ab
3067 1778 3294 1833 inimicis
3317 1778 3452 1832 allici
3483 1777 3762 1844 conviciis,

2190 1878 2282 1925 aut
2305 1871 2362 1924 in
2388 1870 2743 1939 suspicionem
2765 1868 2977 1934 adduci,
3005 1868 3213 1923 videtur
3233 1867 3479 1922 onmibus
3503 1867 3768 1921 mortibus

2188 1961 2594 2030 intolerabilius.
2617 1963 2728 2030 Age
2753 1961 2972 2030 igituret
2995 1959 3132 2014 istud
3154 1959 3531 2027 expendamus.
3558 1957 3767 2026 Aliquis

2188 2055 2287 2109 .tibi
2310 2053 2618 2117 maledixit,
2647 2052 2946 2106 adulterum
2989 2065 3050 2104 ac
3070 2058 3420 2104 scortatorem
3445 2047 3767 2122 appellavit?

2193 2143 2306 2199 lloc
2347 2145 2391 2198 si
2429 2158 2552 2197 vere
2595 2141 2742 2208 dicit,
2779 2143 2985 2212 corrige
3014 2158 3027 2194 :
3068 2140 3149 2195 sin
3179 2139 3310 2194 falso
3332 2180 3348 2206 ,
3378 2139 3573 2202 irride;
3603 2138 3646 2190 si
3671 2137 3768 2192 tibi

2193 2235 2312 2303 ipse
2339 2233 2585 2288 conscius
2609 2248 2668 2287 es
2697 2247 2879 2287 eorum
2901 2246 3018 2302 qua:
3033 2231 3375 2301 objiciuntur,
3413 2227 3694 2298 resipisce;
3719 2229 3767 2283 si

2193 2339 2300 2384 non
2325 2333 2426 2389 est,
2453 2323 2667 2392 deSpice
2697 2339 2710 2374 :
2755 2323 2861 2377 imo
2895 2322 3070 2392 potius
3100 2337 3206 2376 non
3241 2320 3412 2374 solum
3444 2333 3552 2374 non
3580 2318 3768 2373 deride

2195 2430 2257 2470 ac
2275 2415 2501 2485 neglige,
2533 2429 2718 2469 verum
2741 2415 2900 2470 etiam
2941 2411 3114 2484 gaude
3148 2421 3306 2482 atque
3344 2410 3555 2465 exsulta
3575 2424 3770 2465 secun-

2198 2506 2323 2560 dum
2355 2505 2562 2559 Domini
2610 2519 2947 2571 sermonem,
2999 2503 3088 2573 qui
3138 2517 3238 2558 nos
3273 2503 3426 2572 jubet
3469 2502 3540 2558 ita
3570 2500 3767 2556 facere.

2197 2597 2342 2660 Cum,
2377 2595 2977 2665 inquit,e:rprobraverint
2993 2593 3147 2659 vobis,
3169 2602 3214 2646 et
3240 2593 3457 2647 dixerint
3483 2606 3628 2645 omne
3653 2605 3769 2641 ma-

2198 2687 2303 2740 lunt
2326 2687 2525 2740 verbum
2555 2687 2817 2740 adversum
2843 2699 2929 2738 nos
2950 2683 3260 2748 molientes,
3287 2681 3498 2752 gaudete
3525 2689 3571 2732 et
3599 2679 3772 2734 eatul-

2198 2789 2319 2844 tate,
2340 2779 2577 2848 quoniam
2606 2793 2789 2834 merces
2814 2785 2974 2829 vestra
3004 2775 3208 2844 copiosa
3231 2783 3302 2828 est
3327 2774 3380 2826 in
3402 2772 3537 2826 cazlis
3558 2770 3770 2842 (Matth.

2201 2869 2256 2924 5.
2287 2869 2371 2923 ll.
2403 2867 2469 2922 l2
2490 2868 2529 2937 ).
2584 2873 2662 2922 Ac
2706 2881 2914 2932 rursum
2936 2907 2949 2930 ,
3001 2863 3223 2922 Gaudete
3271 2872 3318 2917 et
3353 2863 3627 2927 exsultate,
3653 2877 3774 2922 tum

2201 2961 2436 3029 ejecerint
2484 2976 2664 3013 nomen
2708 2968 2926 3020 vestrum
2955 2969 3208 3026 tamquam
3255 2957 3446 3008 malum
3481 2953 3774 3022 mentientes

2203 3050 2372 3121 (Luc.
2405 3049 2460 3104 6.
2491 3049 2580 3102 22.
2612 3049 2682 3105 25
2701 3048 2744 3121 ).
2776 3050 3038 3104 Caeterum
3077 3048 3166 3102 ubt
3210 3047 3536 3101 conviciator
3561 3044 3773 3115 quidem

2201 3155 2327 3194 vera
2348 3140 2573 3202 dixerit,
2604 3147 2660 3194 tu
2706 3155 2830 3195 vero
2869 3139 3109 3194 modeste
3148 3137 3432 3207 pertuleris
3478 3151 3541 3190 ea
3573 3136 3730 3190 verba
3757 3177 3773 3202 ,

2205 3245 2309 3283 non
2341 3245 2592 3300 regerens
2615 3230 2988 3285 contumeliam
3014 3269 3030 3298 ,
3057 3244 3225 3298 neque
3246 3228 3484 3283 convicia
3513 3227 3774 3292 referens,

2205 3320 2301 3374 sed
2348 3335 2532 3375 amare
2575 3319 2896 3392 iugcmueris
2941 3319 3198 3374 damnans
3244 3328 3335 3382 tua
3372 3316 3606 3382 delicta,
3637 3315 3778 3370 haud

2205 3413 2466 3466 minorem
2509 3409 2653 3466 feres
2683 3409 2986 3466 mercedem
3011 3448 3028 3476 ,
3069 3423 3228 3479 quam
3271 3409 3362 3463 ille
3407 3406 3592 3477 prior:
3621 3406 3782 3476 idque

2206 3504 2357 3564 Vobis
2377 3518 2408 3559 e
2433 3503 2722 3574 Scripturis
2740 3503 3036 3572 approbare
3057 3501 3290 3560 conabor
3304 3540 3320 3570 ,
3353 3500 3426 3567 uti
3455 3498 3781 3569 pernoscatis

2207 3606 2313 3646 non
2339 3600 2538 3646 tantum
2566 3591 2801 3646 utilitatis
2821 3591 3012 3647 all‘erre
3035 3591 3234 3656 amicos
3253 3589 3378 3644 dum
3403 3588 3618 3644 laudant
3636 3597 3688 3642 et
3711 3587 3780 3652 ad

2207 3683 2434 3754 gratiam
2479 3682 2773 3751 loquuntur
2795 3723 2810 3747 ,
2841 3692 3092 3752 quantum
3136 3681 3374 3736 utilitatis
3402 3678 3652 3748 adferunt
3680 3678 3781 3733 ini-

2211 3774 2331 3828 mici
2353 3775 2722 3844 vituperando,
2747 3775 2954 3830 etiamsi
2981 3788 3104 3830 vera
3129 3773 3380 3836 dixerint,
3412 3772 3490 3826 sic
3519 3778 3694 3824 tamen
3728 3793 3760 3822 ι.

2209 3880 2308 3920 nos
2349 3866 2774 3921 accusationibus
2819 3865 3026 3919 illorum
3071 3863 3138 3918 ad
3165 3863 3246 3928 id,
3276 3862 3341 3928 ad
3367 3861 3507 3930 quod
3536 3868 3780 3930 oportet,

2211 3956 2286 4010 uti
2313 3957 2557 4011 velimus.
2589 3955 2720 4010 Nam
2749 3955 2906 4011 amici
2936 3954 3242 4023 frequenter
3283 3953 3348 4006 ad
3391 3951 3613 4021 gratiam
3646 3949 3784 4003 adu-

2211 4047 2422 4113 lantur;
2452 4056 2638 4102 contra
2682 4045 2862 4102 hostes
2899 4046 3087 4102 delicta
3111 4045 3396 4123 proferunt
3427 4044 3480 4098 in
3525 4042 3783 4097 medium.

2211 4137 2470 4204 Quoniam
2500 4152 2622 4192 cum
2657 4151 2753 4194 nos
2803 4145 2981 4191 nostra
3024 4144 3238 4204 peccata
3266 4149 3372 4189 non
3417 4132 3690 4188 videamus
3717 4130 3786 4186 ob

2214 4242 2451 4283 amorem
2475 4227 2644 4282 nostri
2672 4227 2825 4282 nobis
2846 4227 3081 4290 insitum,
3109 4226 3340 4292 illi,quia
3365 4233 3578 4294 propter
3603 4221 3785 4276 odium

2216 4333 2279 4372 ea
2309 4317 2498 4372 melius
2523 4332 2679 4387 quam
2701 4331 2798 4372 nos
2821 4317 3167 4385 perspiciunt,
3194 4313 3565 4384 exprobrando
3594 4326 3694 4368 nos
3718 4310 3785 4365 ad

2215 4408 2563 4464 correctionis
2590 4407 2957 4463 necessitatem
2999 4405 3314 4474 impellunt:
3345 4413 3398 4456 ut
3445 4402 3655 4456 illorum
3687 4401 3786 4455 ini-

2214 4500 2412 4555 micitia
2443 4499 2594 4554 nobis
2619 4497 2776 4554 cedat
2795 4497 2858 4552 ad
2887 4495 3169 4550 maximam
3199 4493 3500 4558 utilitatem,
3529 4505 3637 4546 non
3669 4489 3788 4544 ideo

2218 4597 2423 4643 tantum
2473 4587 2614 4657 quod
2643 4601 2737 4656 per
2781 4586 2900 4639 illos
2940 4584 3196 4638 admoniti
3237 4581 3578 4650 intelligimus
3615 4588 3788 4633 errata

2215 4688 2427 4742 nostra,
2450 4677 2542 4733 sed
2574 4677 2714 4747 quod
2752 4691 2814 4730 ca
2844 4673 3158 4742 deponimus
3190 4686 3418 4741 quoque.
3457 4669 3590 4724 Nam
3614 4669 3661 4722 si
3694 4666 3790 4721 ini-

2217 4770 2384 4823 micus
2415 4766 2812 4837 exprobravcrit
2839 4766 2930 4819 tibi
2955 4765 3177 4828 crimen,
3207 4762 3358 4830 cujus
3405 4760 3499 4816 tibi
3546 4757 3788 4812 conscius

2216 4875 2296 4924 es,
2327 4867 2382 4914 tu
2403 4874 2531 4914 vero
2557 4857 2780 4912 audiens
2806 4870 2913 4910 non
2944 4853 3258 4909 convicieris
3285 4851 3363 4905 illi
3396 4849 3632 4904 vicissim
3657 4887 3676 4915 ,
3697 4845 3788 4902 sed

2217 4966 2336 5005 cum
2370 4965 2550 5004 amaro
2574 4948 2772 5018 gemitu
2804 4947 2970 5000 Deum
2995 4944 3269 5012 implores,
3307 4941 3550 5009 protinus
3577 4951 3790 4993 omnem

2218 5043 2427 5111 culpam
2465 5039 2779 5109 deposuisti.
2810 5037 2960 5105 Rogo
2990 5035 3116 5104 quid
3150 5035 3249 5086 hoc
3290 5046 3410 5086 esse
3447 5029 3642 5098 poterit
3673 5027 3791 5080 feli-

2221 5130 2514 5199 cius?quid
2543 5129 2609 5183 ad
2649 5129 2931 5183 criminum
2958 5123 3298 5179 abolitionem
3329 5118 3575 5175 facilius?
3599 5115 3706 5172 Sed
3729 5130 3793 5170 ne

2223 5225 2498 5278 videamur
2544 5235 2642 5276 nos
2681 5218 2858 5273 verbis
2905 5215 3150 5269 humanis
3220 5212 3484 5286 excitare,
3524 5223 3557 5264 e
3603 5205 3792 5262 divinis

2223 5313 2508 5382 Scripturis
2536 5325 2694 5380 super
2724 5308 2826 5363 hac
2852 5322 2911 5361 re
2941 5305 3269 5375 proferemus
3297 5298 3658 5354 testimonium
3678 5338 3695 5362 ,
3729 5311 3792 5350 ne

2221 5407 2346 5477 quid
2374 5416 2625 5475 prieterea
2643 5402 2870 5456 dubites.
2896 5397 3191 5451 Phariszeus
3209 5405 3263 5448 et
3290 5392 3605 5461 publicanus
3622 5397 3790 5453 erant,

2223 5512 2448 5568 quorum
2468 5495 2556 5549 hic
2584 5492 2798 5565 quidem
2821 5489 2891 5545 ad
2915 5501 3176 5544 sumntum
3205 5497 3518 5554 progressus
3546 5490 3660 5537 erat
3679 5493 3792 5533 ma-

2274 5625 2357 5696 la)
2393 5623 2514 5676 Vide
2546 5620 2796 5674 Plutarch.
2824 5617 2911 5671 lib.
2950 5613 3275 5668 De.utilitatc
3315 5611 3552 5678 capienda
3593 5620 3658 5659 ex
3703 5607 3796 5660 iob

2221 5698 2380 5738 InlClS.
