4094 6256
310 245 413 305 699

308 358 455 430 αὐτῷ
479 355 630 410 ἔσται
657 357 690 427 ἡ
732 355 904 419 πόλις,
931 357 1024 409 καὶ
1053 354 1283 419 ἀϐίωτος
1310 358 1340 407 6
1375 356 1489 425 βίος
1522 353 1756 406 σώσαντι
1782 351 1874 402 τὸν

309 448 520 519 ἐχθρὸν,
559 447 658 498 οὐκ
683 444 945 513 ἀφίστατο
986 445 1085 514 τῆς
1113 443 1320 498 ἐκείνου
1347 441 1692 512 κηδεμονίας,
1740 439 1876 493 ἀλλά

311 540 466 592 πάντ’
499 536 757 608 ἔπραττε,
811 535 932 587 καθ’
966 535 1156 589 ἐαυτοῦ
1208 534 1298 585 τὸν
1335 533 1592 602 πολέμιον
1637 533 1871 603 τρέφων.

311 630 406 693 Τίς
425 631 490 683 ἂν
517 629 668 698 σχοίη
698 627 900 697 ταύτης
919 625 1136 697 μείζονα
1162 622 1504 688 ἀνεξικακίαν
1532 625 1734 688 είπεῖν;
1763 621 1877 677 Ἵνα

309 721 365 773 δὲ
393 722 485 772 καὶ
517 720 583 772 ἐκ
607 717 718 771 τῶν
750 716 842 769 νῦν
871 716 1168 786 γινομένων
1205 714 1402 786 μάθῃς,
1425 715 1506 766 ὅτι
1539 713 1782 776 δυνατὸν,
1810 712 1878 766 ἂν

311 810 607 879 ἐθέλωμεν,
683 807 861 860 πάντα
905 805 1188 875 ἄνθρωπον
1233 804 1368 876 πρὸς
1426 805 1575 874 ἡμᾶς
1625 805 1878 875 ἀπεχθῶς

313 901 504 971 ἔχοντα
554 897 904 963 καταλλάξαι,
951 897 1004 948 τί
1047 897 1254 959 λέοντος
1312 895 1679 966 ἀγριώτερον;
1739 897 1876 950 Ἀλλ’

311 994 458 1062 ὅμως
479 991 663 1043 τοῦτον
695 988 990 1060 ἡμεροῦσιν
1040 988 1344 1058 ἄνθρωποι,
1381 989 1474 1040 καὶ
1523 990 1556 1060 ἡ
1587 990 1745 1061 τέχνη
1780 989 1876 1060 τὴν

315 1081 475 1150 φύσιν
509 1080 768 1149 βιάζεται.
800 1080 892 1132 καὶ
927 1078 1134 1145 γίνεται
1168 1079 1440 1147 προϐάτου
1472 1080 1672 1141 παντὸς
1702 1082 1876 1132 ἐπιει-

313 1173 570 1241 κέστερος
595 1170 625 1220 6
665 1167 880 1221 πάντων
940 1166 1142 1235 θηρίων
1186 1167 1518 1238 ἀγριώτερος
1550 1170 1643 1221 καὶ
1673 1168 1878 1238 βασιλι-

313 1260 568 1330 κώτερος,
605 1259 697 1312 καὶ
723 1257 810 1310 διά
828 1257 925 1326 τῆς
956 1257 1156 1325 ἀγορᾶς
1202 1255 1403 1324 βαδίζει
1455 1257 1656 1326 μηδένα
1707 1258 1876 1311 δεδιτ-

310 1353 554 1421 τόμενος.
612 1348 724 1401 Τίν’
761 1341 854 1400 οῦν
899 1345 1092 1416 ἕξομεν
1121 1345 1435 1414 ἀπολογίαν,
1487 1347 1605 1400 τίνα
1635 1349 1878 1416 συγγνώ-

315 1461 444 1513 μην,
483 1440 646 1509 θηρία
675 1428 772 1508 μὲν
810 1437 1161 1508 ἡμεροῦντες,
1196 1435 1513 1504 ἀνθρώπους
1540 1438 1596 1490 δὲ
1632 1439 1880 1506 λέγοντες

315 1531 666 1603 μὴδύνασθαι
704 1527 1102 1596 καταπραΰνειν
1164 1526 1312 1589 ποτὲ,
1374 1525 1507 1596 μηδὲ
1536 1530 1706 1580 ποιεῖν
1744 1529 1880 1599 πρὸς

312 1621 458 1690 ἡμᾶς
511 1619 654 1687 ἔχειν
699 1615 902 1685 ήδέως;
958 1613 1145 1666 Καίτοι
1177 1629 1239 1680 γε
1284 1611 1362 1682 τῷ
1406 1612 1578 1683 θηρίῳ
1610 1614 1708 1684 μὲν
1733 1615 1880 1685 παρὰ

313 1706 475 1774 φύσιν
502 1705 563 1757 τὸ
605 1706 830 1774 ἡμερονο
876 1699 955 1770 τῷ
1007 1698 1279 1767 ἀνθρώπῳ
1327 1697 1383 1750 δέ
1422 1700 1576 1770 παρά
1633 1700 1793 1768 φύσιν
1821 1701 1882 1753 τὸ

312 1792 526 1861 ἄγριον.
559 1792 726 1842 Ὅταν
780 1781 874 1840 οὖν
925 1785 1024 1853 τῆς
1061 1784 1274 1852 φύσεως
1307 1785 1731 1855 περιγινώμεθα,
1779 1785 1880 1839 τίν’

311 1871 506 1946 ἕξομεν
545 1873 858 1940 ἀπολογίαν,
898 1871 1214 1940 προαίρεσιν
1255 1870 1500 1938 λέγοντες
1529 1872 1881 1941 μὴδύνασθαι

311 1966 585 2036 διορθοῦν;
620 1964 684 2018 El
717 1963 760 2015 δ’
779 1961 859 2014 ἔτι
881 1960 1220 2028 φιλονεικεῖς,
1255 1961 1414 2012 ἐκεῖν’
1445 1960 1512 2013 ἂν
1544 1963 1773 2032 εἴποιμι,
1798 1964 1880 2016 ὅτι

311 2053 414 2106 κᾶν
441 2053 634 2105 ἀνίατα
661 2051 789 2116 νοσῇ
815 2087 831 2111 ,
861 2049 982 2110 ὅσος
1005 2064 1086 2099 σοι
1114 2046 1313 2115 μείζων
1362 2048 1390 2099 6
1413 2047 1592 2112 πόνος,
1632 2049 1881 2112 τοσοῦτός

313 2156 398 2192 σοι
435 2140 528 2190 καὶ
564 2139 592 2190 6
620 2135 806 2205 μισθὸς
840 2134 1227 2206 παραμένοντι,
1265 2133 1359 2186 καὶ
1408 2133 1760 2203 θεραπεύοντι
1792 2137 1882 2191 τὸν

311 2225 572 2276 νοσοῦντα
601 2221 814 2274 ἀνίατα.

393 2344 488 2395 Ἐν
514 2342 691 2394 τοίνυν
715 2336 1005 2406 σκοπῶμεν
1035 2336 1214 2406 μόνον,
1231 2336 1328 2406 οὐχ
1342 2337 1488 2398 ὅπως
1512 2339 1678 2409 μηδὲν
1700 2341 1884 2394 πάθω·

316 2447 418 2502 μεν
446 2427 596 2499 παρὰ
625 2426 733 2479 τῶν
769 2423 975 2494 ἐχθρῶν
1010 2423 1198 2487 κακὸν,
1227 2423 1342 2475 ἀλλ’
1372 2425 1518 2486 ὅπως
1574 2427 1739 2496 μηδὲν
1788 2429 1884 2482 αὖ-

309 2520 439 2582 τοὺς
463 2519 621 2588 ἡμεῖς
653 2514 1011 2586 ἐργασώμεθα
1039 2513 1226 2566 κακόν·
1280 2515 1374 2566 καὶ
1394 2515 1543 2566 οὐδὲν
1586 2517 1883 2586 πεισόμεθα

312 2606 505 2670 δεινὸν,
537 2603 644 2656 κᾶν
669 2602 837 2672 μυρία
875 2599 1173 2669 πάσχωμεν
1219 2599 1388 2652 δεινά·
1411 2600 1692 2673 ὠσπεροῦν
1723 2604 1830 2657 οὐδ’
1855 2605 1884 2656 6

312 2699 476 2754 Δαυῒδ
495 2699 866 2768 ἐλαυνόμενος,
914 2695 1367 2765 φυγαδευόμενος,
1403 2697 1562 2767 μέχρι
1584 2700 1683 2770 τῆς
1706 2699 1884 2770 ψυχῆς

311 2799 484 2866 αὐτῆς
504 2795 998 2863 ἐπιϐουλευόμενος,
1021 2792 1188 2845 ἔπαθέ
1209 2809 1260 2845 τι
1299 2793 1490 2850 δεινὸν.
1526 2794 1640 2847 ἀλλ’
1677 2795 1882 2852 ἐκείνου

310 2884 692 2953 λαμπρότερος
734 2877 803 2950 ἦν
846 2881 940 2932 καὶ
1000 2877 1324 2947 σεμνότερος
1369 2883 1463 2930 καὶ
1513 2879 1884 2952 ποθεινότερος

316 2973 540 3033 ἅπασιν,
565 2973 665 3023 οὐκ
699 2967 1004 3040 ἀνθρώποις
1027 2969 1084 3021 δὲ
1118 2967 1298 3037 μόνον,
1337 2969 1472 3021 ἀλλά
1501 2971 1595 3022 καὶ
1634 2972 1782 3040 αὐτῷ
1807 2973 1886 3041 τῷ

317 3061 456 3132 Θεῷ.
483 3061 548 3114 Τί
578 3062 686 3132 γὰρ
727 3059 960 3130 ἠδικήθη
1000 3061 1028 3110 6
1062 3059 1215 3126 ἀγιος
1249 3059 1454 3120 ἐκεῖνος
1497 3059 1618 3112 τότε
1651 3062 1886 3114 τοσαῦτα

317 3159 508 3214 παθὼν
550 3159 699 3228 παρὰ
745 3157 841 3210 τοῦ
882 3156 1086 3221 Σαούλ;
1131 3157 1264 3226 οὐχὶ
1312 3156 1469 3226 μέχρι
1506 3157 1604 3224 τῆς
1654 3162 1887 3232 σήμερον

316 3255 530 3326 ἡμέρας
556 3255 754 3325 ᾄδεται,
794 3254 887 3306 καὶ
911 3251 1160 3323 λαμπρὸς
1191 3252 1290 3322 μὲν
1312 3253 1370 3305 ἐν
1389 3254 1481 3322 γῇ,
1511 3251 1889 3327 λαμπρότερος

317 3346 374 3398 δέ
403 3348 458 3398 ἐν
483 3343 729 3416 οὐρανῷς
758 3344 877 3414 οὐχὶ
904 3343 973 3395 τά
1001 3343 1287 3413 ἀπόρρητα
1311 3341 1472 3394 αὐτὸν
1501 3343 1680 3410 ἀγαθά
1713 3345 1885 3416 μένει,

319 3437 414 3488 καὶ
442 3437 474 3504 ἡ
503 3436 609 3487 τῶν
637 3433 883 3504 οὐρανῶν
916 3432 1193 3503 βασιλεία;
1239 3433 1304 3485 Τί
1339 3433 1382 3485 δ’
1418 3433 1697 3505 ὠφέλησεν
1727 3439 1756 3491 6
1786 3455 1883 3492 τα-

319 3525 591 3594 λαίπωρος
627 3526 834 3586 ἐκεῖνος
861 3524 957 3576 καὶ
987 3523 1169 3586 ἅθλιος
1193 3523 1428 3576 τοσαῦτα
1456 3525 1884 3597 ἐπιϐουλεύσας;

319 3617 452 3686 Οὐχὶ
487 3617 695 3686 καὶτῆς
721 3614 993 3685 βασιλείας
1024 3614 1266 3679 ἐξέπεσε,
1301 3617 1392 3668 καὶ
1421 3616 1648 3672 ἐλεεινὸν
1678 3620 1884 3692 ὑπέστη

317 3704 410 3758 τὸν
439 3704 665 3757 θάνατον
694 3704 831 3773 μετά
848 3703 942 3756 τοῦ
975 3704 1182 3764 παιδὸς,
1210 3705 1306 3756 καὶ
1339 3705 1488 3774 παρά
1509 3708 1724 3759 πάντων
1756 3725 1888 3760 κατ-

319 3797 621 3866 ηγορεῖται,
639 3794 732 3847 καὶ
757 3793 818 3844 τὸ
837 3792 900 3862 δὴ
933 3791 1328 3861 χαλεπώτερον,
1349 3792 1449 3853 τὰς
1467 3793 1766 3859 ἀθανάτους
1791 3796 1886 3850 νῦν

319 3884 598 3955 ἐκδέχεται
634 3882 934 3953 τιμωρίας;
973 3881 1147 3944 Ὀλως
1190 3881 1245 3933 δὲ
1287 3880 1341 3932 τί
1371 3881 1501 3933 ποτέ
1547 3884 1724 3944 ἐστιν,
1751 3885 1887 3954 ὅπερ

321 3975 567 4045 ἐγκαλῶν
595 3973 673 4044 τῷ
731 3971 909 4043 ἐχθρῷ
949 3971 1010 4023 οὐ
1042 3970 1218 4040 βούλει
1258 3972 1694 4042 καταλλαγῆναι;
1739 3977 1890 4048 Χρή-

322 4067 469 4136 ματά
498 4081 557 4118 σε
605 4065 884 4133 ἀφείλετο;
930 4063 1068 4116 Ἀλλ’
1109 4063 1174 4116 ἂν
1231 4063 1458 4136 ἐνέγκῃς
1490 4067 1748 4133 γενναίως
1788 4069 1889 4138 τὴν

322 4156 595 4226 ἁρπαγὴν,
632 4154 882 4208 τοσοῦτον
919 4155 1063 4226 λήψῃ
1094 4154 1302 4225 μισθὸν,
1324 4155 1446 4208 ὅσον
1473 4155 1538 4208 ἀν
1568 4157 1616 4209 εί
1640 4160 1760 4218 ταῖς
1777 4158 1888 4212 τῶν

320 4246 568 4314 πενήτων
602 4243 740 4298 αὑτά
765 4245 950 4315 χερσὶν
975 4244 1334 4315 ἐναπέθηκας.
1363 4247 1470 4298 Καὶ
1494 4247 1602 4318 γάρ
1628 4249 1657 4301 6
1693 4250 1887 4320 πένησι

319 4333 602 4397 δεδωκὼς,
636 4333 731 4388 καὶ
782 4336 810 4386 6
866 4333 945 4404 τῷ
987 4333 1440 4405 πλεονεκτήσαντι
1493 4340 1630 4408 μήτε
1671 4339 1888 4392 ἐπιϐου-

319 4425 514 4487 λεύων,
554 4427 690 4495 μήτε
719 4424 1127 4495 καταρώμενος,
1167 4425 1254 4478 διά
1293 4426 1383 4479 τὸν
1414 4427 1548 4481 Θεὸν
1572 4429 1744 4483 ταῦτα
1777 4432 1887 4502 ἀμ-

322 4513 537 4583 φότεροι
568 4513 828 4567 ποιοῦσιν.
849 4515 1017 4568 Ὅταν
1043 4510 1136 4567 οὖν
1166 4516 1198 4585 ἡ
1235 4516 1492 4580 ὑπόθεσις
1519 4519 1617 4588 τῆς
1643 4519 1888 4590 δαπάνης

320 4601 355 4676 ᾖ
390 4603 509 4672 μία,
545 4601 764 4673 εὔδηλον
784 4605 862 4656 ὅτι
890 4606 981 4656 καὶ
1005 4604 1267 4674 στέφανος
1303 4601 1404 4668 εἷς.
1444 4608 1580 4661 Ἀλλ’
1608 4611 1687 4672 είς
1709 4609 1888 4682 ψυχὴν

324 4692 477 4765 [774]
505 4693 878 4758 ἐπεϐούλευσε,
920 4696 1012 4748 καὶ
1043 4696 1252 4750 ἀνελεῖν
1285 4698 1606 4770 ἐπεχείρησε
1628 4718 1642 4764 ;
1667 4703 1888 4773 Μαρτύ-

324 4786 436 4857 ριόν
467 4803 546 4838 σοι
578 4785 640 4838 τὸ
678 4787 906 4855 πρᾶγμα
933 4785 1229 4854 λογίζεται,
1261 4787 1327 4842 ἂν
1353 4789 1442 4842 τὸν
1466 4791 1771 4858 ἐπίϐουλον,
1794 4795 1889 4848 καὶ

324 4874 484 4945 μέχρι
509 4873 758 4926 τοσούτου
780 4871 876 4944 τὴν
896 4873 1095 4945 ἔχθραν
1123 4873 1478 4944 ἐξαγαγόντα,
1504 4875 1562 4932 ἐν
1597 4882 1706 4944 τοῖς
1732 4881 1889 4952 εὐερ-

321 4963 506 5032 γέταις
532 4963 790 5035 ἀριθμῇς,
813 4962 907 5018 καὶ
932 4962 1176 5033 διατελῇς
1209 4964 1496 5035 εὐχόμενος
1526 4969 1663 5041 ὑπὲρ
1697 4972 1885 5038 αὐτοῦ,

322 5055 415 5107 καὶ
442 5055 532 5107 τὸν
560 5054 691 5106 Θεὸν
712 5052 839 5106 ἵλεω
870 5052 1123 5121 γενέσθαι
1157 5055 1508 5124 παρακαλῶν.

390 5237 450 5290 δ’.
475 5238 564 5308 Μὴ
595 5239 704 5309 γάρ
729 5238 791 5307 δὴ
824 5237 981 5291 τοῦτο
1005 5238 1223 5307 ἴδωμεν,
1247 5239 1328 5290 ὅτι
1351 5237 1675 5295 διεκώλυσεν
1709 5242 1738 5292 6
1758 5241 1888 5305 Θεὸς

326 5331 594 5399 σφαγῆναι
615 5331 704 5383 τὸν
730 5329 912 5393 Δαυῖδ,
941 5329 1054 5383 ἀλλ’
1076 5331 1253 5384 ἐκεῖνο
1288 5331 1501 5394 σκόπει,
1522 5332 1603 5385 ὅτι
1629 5334 1888 5403 τριπλοῦν

327 5420 416 5472 καὶ
439 5420 772 5490 τετραπλοῦν
816 5420 1074 5489 στέφανον
1111 5420 1410 5492 μαρτυρίου
1451 5422 1750 5493 ἀνεδήσατο
1780 5425 1889 5478 ἀπὸ

321 5509 419 5576 τῆς
451 5508 545 5560 τοῦ
576 5509 747 5561 Σαοίιλ
789 5508 1096 5578 ἐπιϐουλῆς.
1134 5510 1192 5561 ’0
1241 5509 1348 5580 γάρ
1384 5509 1471 5563 διὰ
1501 5510 1590 5563 τὸν
1631 5511 1765 5566 Θεὸν
1796 5513 1888 5566 τὸν

324 5594 579 5666 πολέμιον
611 5596 814 5662 σώζων,
844 5597 935 5651 τὸν
975 5597 1122 5662 ἆπαξ
1163 5599 1254 5652 καὶ
1292 5597 1370 5661 δὶς
1400 5599 1491 5654 καὶ
1532 5600 1787 5666 πολλάκις
1827 5602 1888 5654 τὸ

1296 241 1383 297 DE
1427 240 1682 296 DAVIDE
1723 237 1810 292 ET
1853 235 2080 293 S.-\ULE
2111 238 2397 296 HOMILIA
2433 243 2517 297 Ill.

3438 245 3548 303 ⁵100

1981 351 2108 424 δόρυ
2147 353 2287 406 κατά
2315 355 2418 424 τῆς
2445 350 2609 405 αὐτοῦ
2649 351 2886 424 κεφαλῆς
2916 353 3293 418 ἀκοντίσαντα,
3327 354 3418 408 καὶ
3455 373 3548 424 γε-

1981 444 2204 514 νόμενος
2249 444 2434 514 κύριος
2463 443 2689 508 ἀνελεῖν,
2725 439 2844 496 εἶτα
2882 445 3227 514 φεισάμενος,
3259 447 3353 498 καὶ
3395 445 3550 500 ταῦτ’

1983 535 2156 598 είδὼς,
2187 535 2266 588 ὅτι
2299 535 2434 606 μετὰ
2466 536 2564 604 τὴν
2597 533 2761 603 φειδὼ
2790 535 2990 605 ταύτην
3014 535 3174 590 πάλιν
3207 536 3548 607 ἐπιθήσεται,

1982 626 2202 696 εὔδηλον
2235 626 2316 678 ὅτι
2350 627 2607 696 μυριάκις
2629 627 2841 697 ἐσφάγη
2869 628 2934 697 τῇ
2967 626 3254 697 προθέσει³
3295 627 3553 698 μυριάκις

1982 714 2037 766 δὲ
2085 714 2314 783 σφαγεὶς
2360 715 2448 768 διά
2479 715 2570 768 τὸν
2610 715 2772 780 Θεὸν,
2820 716 3048 780 πολλοὺς
3088 716 3200 786 ἔχει
3253 715 3551 786 μαρτυρίου

1986 803 2295 874 στεφάνους,
2322 808 2414 861 καὶ
2447 808 2581 877 ὅπερ
2618 809 2645 857 6
2673 806 2882 870 Παῦλος
2903 807 3107 875 ἔλεγεν,
3143 809 3222 860 ὅτι
3251 807 3388 860 Καθ’
3419 804 3553 858 ἐκά-

1983 913 2140 963 στην
2168 897 2393 966 ἡμέραν
2417 896 2783 963 ἀποθνήσκω
2811 895 2909 950 διὰ
2946 896 3049 950 τὸν
3076 896 3242 958 Θεὸν,
3275 894 3433 946 τοῦτο
3459 892 3553 946 καὶ

1983 989 2143 1050 αὐτὸς
2169 988 2372 1056 ἔπασχε
2411 987 2498 1039 διά
2525 987 2615 1040 τὸν
2645 987 2775 1042 Θεόν
2801 1001 2848 1041 ιι.
2880 989 3183 1058 Δυνάμενος
3212 987 3319 1057 γὰρ
3345 985 3553 1038 ἀνελεῖν

1982 1076 2072 1128 τὸν
2101 1074 2542 1141 ἐπιϐουλεύοντα,
2566 1075 2653 1128 διὰ
2685 1077 2776 1127 τὸν
2814 1075 2943 1127 Θεὸν
2973 1077 3074 1128 οὐκ
3100 1074 3365 1144 ἠθέλησεν
3385 1089 3399 1103 ·
3437 1073 3552 1124 ἀλλ’

1982 1167 2154 1220 εἵλετο
2184 1165 2510 1218 κινδυνεύειν
2535 1167 2654 1218 καθ’
2685 1167 2918 1235 ἑκάστην
2943 1167 3154 1236 ἡμέραν
3177 1166 3396 1236 μᾶλλον,
3419 1165 3450 1234 ἢ
3475 1164 3554 1216 δι-

1983 1261 2143 1314 καίαν
2189 1259 2564 1328 ἐργασάμενος
2612 1257 2822 1328 σφαγὴν
2856 1258 2962 1310 ἀπὸ
3003 1258 3268 1310 τοσούτων
3311 1255 3553 1308 ἀπαλλα-

1983 1351 2144 1420 γῆναι
2166 1349 2430 1403 θανάτων.
2455 1347 2595 1401 Εἰδέ
2628 1348 2719 1400 τὸν
2753 1347 2912 1418 μέχρι
2940 1348 3038 1416 τῆς
3059 1346 3204 1416 ζωῆς
3233 1346 3400 1416 αὐτῆς
3431 1345 3554 1397 ἐπι-

1984 1441 2302 1495 ϐουλεύοντα
2325 1439 2633 1510 ἀμύνασθαι
2664 1439 2758 1490 καὶ
2783 1441 2957 1508 μισεῖν
2985 1439 3045 1490 οὑ
3071 1437 3196 1508 χρὴ,
3216 1436 3391 1506 πολλῷ
3418 1435 3550 1505 μᾶλ-

1985 1533 2073 1584 λον
2105 1535 2182 1594 είς
2207 1532 2385 1584 ὁτιοῦν
2405 1531 2528 1583 ἄλλο
2553 1529 2861 1586 ἀδικοῦντα.

2058 1623 2277 1684 Πολλοῖς
2307 1623 2452 1675 δοκεῖ
2479 1623 2540 1673 τὸ
2575 1621 2759 1683 κακῶς
2793 1621 3030 1685 ἀκούειν,
3057 1620 3150 1674 καὶ
3182 1621 3259 1682 εἰς
3285 1614 3556 1684 ὑπόληψιν

1987 1713 2475 1785 παραϐλάπτεσθαι
2510 1713 2659 1782 παρά
2681 1711 2786 1765 τῶν
2811 1712 3040 1782 ἐχθρῶν,
3067 1712 3283 1764 πάντων
3309 1707 3558 1762 θανάτων

1986 1805 2386 1876 ἀφορητότερον
2414 1800 2574 1857 εἶναι.
2609 1803 2746 1873 Φέρε
2777 1797 2870 1855 οὖν
2900 1803 2993 1854 καὶ
3027 1801 3156 1854 αὐτὸ
3186 1799 3344 1853 τοῦτο
3370 1795 3555 1862 ἐξετά-

1989 1913 2171 1966 σωμεν
2197 1909 2211 1924 ⁸
2246 1892 2380 1948 Εῐπέ
2409 1894 2468 1946 σέ
2509 1913 2594 1957 τις
2621 1893 2828 1956 κακῶς,
2866 1893 2961 1946 καὶ
3009 1891 3195 1962 μοιχὸν
3229 1889 3324 1942 καὶ
3359 1887 3556 1956 πόρνον

1987 1986 2244 2052 ἐκάλεσε;
2287 1985 2469 2038 Ταῦτα
2510 1986 2558 2036 εί
2596 1985 2694 2054 μὲν
2734 1983 2907 2054 ἀληθῆ
2942 1982 3094 2054 λέγῃ,
3143 1979 3464 2049 διόρθωσαι·
3503 1976 3555 2028 εί

1985 2078 2042 2130 δέ
2068 2077 2260 2146 ψευδῆ,
2298 2074 2671 2142 καταγέλασον
2693 2092 2708 2107 ο
2740 2076 2790 2127 εί
2817 2074 3063 2135 σύνοιδας
3093 2070 3275 2140 σαυτῷ
3307 2069 3374 2122 τά
3401 2069 3558 2139 είρη-

1989 2171 2146 2241 μένα,
2183 2169 2530 2239 σωφρόνησον
2553 2185 2567 2200 ·
2607 2169 2655 2220 εί
2690 2167 2746 2219 δέ
2788 2165 2861 2236 μὴ
2915 2164 3184 2227 σύνοιδας,
3218 2161 3556 2231 καταφρόνη-

1988 2279 2080 2314 σον
2099 2278 2112 2292 ·
2143 2261 2341 2330 μᾶλλον
2369 2260 2425 2313 δέ
2459 2259 2532 2330 μὴ
2556 2257 2951 2330 καταγελάσῃς,
2979 2256 3112 2326 μηδέ
3139 2253 3556 2324 καταφρονήσῃς

1991 2352 2172 2420 μόνον,
2202 2350 2336 2404 ἀλλά
2365 2349 2460 2401 καὶ
2489 2351 2666 2418 χαῖρε,
2695 2347 2786 2400 καὶ
2820 2346 3013 2415 σκίρτα
3048 2343 3190 2398 κατά
3215 2343 3306 2395 τὸν
3327 2340 3419 2394 τοῦ
3444 2343 3558 2394 Κυ-

1991 2443 2108 2513 ρίου
2137 2441 2316 2509 λόγον,
2356 2440 2446 2492 τὸν
2497 2439 2784 2492 κελεύοντα
2836 2437 2978 2490 οὕτω
3018 2436 3208 2488 ποιεῖν.
3233 2432 3415 2485 Ὅταν
3447 2431 3556 2500 γάρ

1988 2531 2353 2598 ὀνειδίσωσι,
2385 2531 2568 2600 φησὶν,
2593 2529 2764 2598 ὑμᾶς,
2790 2528 2884 2581 καί
2909 2527 3118 2581 εἴπωσι
3144 2524 3266 2580 πᾶν
3293 2522 3558 2590 πονηρὸν

1984 2621 2147 2691 ῥῆμα
2197 2623 2326 2675 καθ’
2355 2621 2522 2689 ὑμῶν
2553 2620 2931 2688 ψευδόμεντιι.
2962 2619 3197 2686 χαίρετε
3235 2617 3332 2669 καὶ
3369 2616 3555 2684 ἀγαλ-

1988 2715 2224 2777 λιᾶσθε,
2254 2713 2341 2766 ὅτι
2386 2715 2418 2765 ό
2445 2711 2665 2781 μισθὸς
2698 2708 2859 2779 ὑμῶν
2897 2707 3092 2773 πολὺς
3126 2707 3194 2759 ἐν
3223 2705 3349 2773 τοῖς
3385 2707 3560 2772 οὐρα-

1988 2806 2137 2871 νοῖς.
2174 2804 2278 2858 Καὶ
2313 2803 2496 2867 πάλιν,
2535 2801 2776 2867 Χαίρετε
2813 2798 2913 2852 καί
2945 2797 3243 2865 σκιρτᾶτε,
3283 2796 3428 2848 ὅταν
3462 2795 3559 2847 ἐκ-

1987 2896 2214 2949 ϐάλωσι
2237 2894 2300 2946 τὸ
2326 2894 2512 2959 ὄνομα
2540 2890 2704 2959 ὑμῶν
2724 2891 2804 2955 ώς
2825 2888 3090 2954 πονηρὸν
3120 2886 3476 2954 ψευδόμενοι
3505 2885 3556 2936 ι’.

1992 2987 2115 3037 Ὅτι
2133 2984 2187 3036 δέ
2211 2982 2309 3036 κᾶν
2330 2981 2606 3052 ἀληθεύων
2627 2981 2773 3051 είπῃ,
2793 2979 2856 3030 σὺ
2883 2979 2939 3030 δέ
2963 2977 3078 3046 μετ’
3093 2975 3388 3038 ἐπιεικείας
3411 2974 3561 3040 ἐνέγ-

1992 3093 2093 3145 κῃς
2115 3073 2183 3126 τά
2207 3073 2444 3144 ῥήματα,
2468 3071 2561 3122 καὶ
2585 3070 2658 3139 μὴ
2684 3067 3030 3137 ἀνθυϐρίσῃς,
3063 3066 3197 3136 μηδέ
3225 3065 3559 3136 λοιδορήσῃς,

1992 3162 2124 3216 ἀλλά
2141 3161 2398 3231 στενάξῃς
2415 3159 2630 3228 πικρὸν,
2647 3157 2739 3211 καὶ
2755 3155 3036 3226 καταγνῴς
3051 3155 3158 3208 τῶν
3175 3153 3562 3224 πεπλημμελη-

1995 3245 2190 3328 μένων,
2217 3255 2315 3308 οὐκ
2336 3254 2592 3308 ἐλάττονα
2621 3250 2714 3304 τοῦ
2739 3249 3001 3322 προτέρου
3041 3247 3310 3318 καρπώσῃ
3335 3245 3522 3318 μισθόν
3539 3258 3556 3274 ⁶

1992 3351 2086 3402 καὶ
2115 3347 2271 3401 τοῦτο
2301 3346 2409 3400 ἀπὸ
2437 3345 2544 3397 τῶν
2571 3342 2802 3413 Γραφῶν
2828 3341 2952 3412 ὑμῖν
2988 3339 3334 3410 παραστῆσαι
3371 3337 3561 3406 πειρά-

1993 3457 2176 3511 σομαι,
2203 3440 2290 3492 ἵνα
2324 3437 2530 3508 μάθητε
2561 3437 2643 3489 ὅτι
2679 3435 2778 3488 ὃσα
2805 3434 2905 3486 οὑκ
2934 3432 3203 3502 ὠφελοῦσι
3236 3430 3379 3500 φίλοι
3404 3432 3560 3482 ἐπαι-

1991 3531 2207 3592 νοῦντες
2239 3529 2332 3582 καὶ
2367 3526 2733 3598 χαριζόμενοι,
2762 3523 2996 3576 τοσαῦτα
3044 3523 3343 3591 ὠφελοῦσιν
3376 3519 3562 3590 ἐχθροὶ⁹

1992 3621 2176 3681 κακῶς
2205 3619 2473 3686 λέγοντες,
2515 3617 2617 3668 κᾶν
2660 3615 2994 3688 ἀληθεύουσι,
3029 3615 3186 3684 μόνον
3214 3614 3280 3666 ἂν
3320 3614 3400 3675 είς
3441 3611 3560 3665 δέον

1993 3715 2154 3782 ἡμεῖς
2185 3713 2305 3770 ταῖς
2349 3706 2699 3775 κατηγορίαις
2735 3705 3041 3776 χρήσασθαι
3087 3705 3454 3776 βουληθῶμεν.
3495 3705 3558 3755 ιιι

1996 3800 2094 3868 μέν
2115 3800 2222 3867 γὰρ
2244 3797 2384 3864 φίλοι
2407 3795 2662 3856 πολλάκις
2683 3795 2777 3846 καὶ
2807 3794 2940 3861 πρὸς
2963 3794 3118 3862 χάριν
3146 3793 3526 3845 κολακεύουσιν
3541 3809 3556 3822 ·

1992 3891 2040 3942 οί
2062 3889 2105 3941 δ’
2129 3886 2219 3957 ἐχθ
2229 3887 2308 3956 pol
2324 3885 2388 3938 τά
2409 3884 2778 3954 ἁμαρτήματα
2797 3885 2876 3946 είς
2901 3883 2966 3953 μέ
2976 3900 3064 3935 σον
3083 3883 3326 3952 ἄγουσιν.
3343 3883 3560 3954 Ἐπειδὴ

1993 3977 2102 4049 γάρ
2158 3975 2263 4028 ὑπὸ
2313 3973 2594 4043 φιλαυτίας
2639 3972 2795 4040 ἡμεῖς
2837 3971 2905 4023 τά
2947 3970 3192 4040 ἡμέτερα
3239 3972 3561 4042 πλημμελή-

1996 4083 2139 4137 ματα
2168 4066 2268 4136 ούχ
2301 4065 2535 4135 ὁρῶμεν,
2562 4063 2666 4115 ὑπὸ
2693 4063 2788 4132 τῆς
2834 4063 3032 4134 ἔχθρας
3072 4065 3269 4117 ἐκεῖνοι
3303 4063 3562 4128 πολλάκις

1993 4157 2149 4228 ἡμῶν
2179 4157 2565 4226 ἀκριϐέστερον
2592 4153 2935 4224 θεασάμενοι,
2965 4154 3061 4208 καὶ
3096 4155 3450 4219 ὀνειδίσαντες
3481 4157 3561 4219 είς

1991 4233 2234 4317 ἀνάγκην
2255 4245 2401 4320 [775]
2425 4247 2572 4317 ἡμᾶς
2592 4245 2840 4299 ἐνέϐαλον
2861 4246 3214 4316 διορθώσεως,
3233 4247 3326 4300 καὶ
3339 4247 3560 4315 γέγονεν

1993 4340 2180 4408 ἡμῖνὴ
2211 4337 2379 4406 ἔχθρα
2411 4337 2672 4407 μεγίστης
2708 4336 2974 4407 ὠφελείας
3002 4337 3274 4404 ὑπόθεσις,
3310 4339 3372 4391 ού
3405 4339 3563 4408 μόνον

1993 4428 2074 4480 ὅτι
2122 4427 2553 4498 μιμνησκόμενοι
2599 4429 2728 4498 παρ’
2775 4428 2998 4482 ἐκείνων
3046 4429 3274 4500 νοοῦμεν
3303 4428 3459 4500 ἡμῶν
3495 4428 3563 4482 τά

1993 4517 2401 4589 ἁμαρτήματα,
2447 4517 2561 4570 ἀλλ’
2589 4519 2671 4572 ὅτι
2709 4519 2847 4574 αύτά
2893 4523 2987 4574 καὶ
3030 4521 3416 4592 ἀποτιθέμεθα.
3468 4521 3562 4575 Ἂν

1993 4609 2102 4680 γάρ
2137 4608 2371 4680 ὀνειδίσῃ
2398 4624 2455 4660 σε
2484 4609 2512 4661 6
2539 4607 2730 4679 ἐχθρὸς
2756 4611 3077 4681 ἁμάρτημα,
3096 4612 3124 4665 6
3151 4615 3215 4666 σὺ
3240 4612 3419 4682 σαυτῷ
3447 4612 3563 4666 σύν-

1993 4701 2158 4765 οιδας,
2181 4702 2244 4755 σὺ
2264 4701 2308 4754 δ’
2329 4701 2568 4765 ἀκούσας
2593 4704 2796 4758 ἐκεῖνον
2824 4704 2922 4773 μὲν
2942 4705 3014 4774 μὴ
3036 4703 3284 4775 ὑϐρίσῃς,
3304 4704 3562 4774 στενάξῃς

1993 4791 2049 4845 δὲ
2087 4793 2302 4862 πικρὸν,
2324 4793 2527 4847 καὶτὸν
2549 4793 2680 4846 Θεὸν
2705 4793 3112 4866 παρακαλέσῃς,
3135 4795 3338 4859 εὐθέως
3357 4794 3560 4848 ἀπέθου

1993 4881 2090 4952 τὴν
2120 4881 2392 4953 ἁμαρτίαν
2414 4882 2648 4938 ἃπασαν.
2672 4881 2821 4955 τΑρα
2844 4885 2897 4938 τί
2925 4885 3114 4939 τούτου
3144 4886 3341 4954 γένοιτ’
3363 4885 3430 4941 ἂν
3459 4904 3564 4957 μα-

1995 4973 2362 5046 καριώτερονς
2399 4974 2454 5027 τί
2499 4975 2546 5028 δ’
2583 4975 2945 5048 εὐκολώτερον
2977 4977 3114 5048 πρὸς
3152 4978 3563 5049 ἁμαρτημάτων

1993 5065 2343 5136 ἀπαλλαγήν;
2380 5066 2518 5120 Ἀλλ’
2569 5068 2654 5120 ἵνα
2701 5068 2774 5138 μὴ
2815 5068 3040 5141 νομίσῃς
3074 5071 3221 5141 ἡμᾶς
3275 5070 3459 5134 ἁπλῶς
3504 5086 3564 5122 σε

1992 5152 2353 5224 ψυχαγωγεῖν,
2384 5156 2490 5208 ἀπὸ
2513 5155 2621 5210 τῶν
2645 5156 2800 5210 θείων
2816 5158 3045 5229 Γραφῶν
3072 5162 3171 5230 τὴν
3195 5161 3333 5232 ὑπὲρ
3361 5160 3563 5213 τούτων

1993 5245 2300 5315 παρέξομαι
2337 5246 2658 5316 μαρτυρίαν,
2694 5249 2775 5300 ἵνα
2809 5247 2974 5320 μηδὲν
3009 5248 3322 5320 ἀμφιϐάλῃς
3356 5248 3561 5302 λοιπόν.

1992 5335 2284 5406 Φαρισαῖός
2318 5351 2403 5399 τις
2432 5332 2530 5408 ἦν,
2565 5338 2658 5391 καὶ
2697 5337 2934 5409 τελώνης
2997 5341 3026 5392 6
3067 5339 3167 5411 μὲν
3211 5340 3289 5402 είς
3327 5339 3562 5410 ἐσχάτην

2055 5565 2079 5618 ει
2102 5552 2172 5618 ξι
2200 5566 2300 5602 uno
2322 5553 2477 5618 Regio
2497 5553 2568 5605 sic
2590 5559 2815 5608 restituta
2843 5561 3002 5609 series
3024 5560 3133 5610 fuit.

2055 5613 2084 5652 δ
2103 5614 2228 5677 Reg.
2269 5613 2684 5668 ιιιιιιέἐκϐάλωσιν
2705 5621 2838 5682 ὑμῶν
2859 5623 3061 5684 πονηρὸν
3095 5624 3242 5684 ὄνομα
3266 5625 3558 5688 ψευδόμενοι,
