  <div class='ocr_page' id='page_1' title='image "/cluster/home/n/w/nwhite01/storage/ocr_20150623/54/mdp.39015078384420/329.png"; bbox 0 0 4094 6256; ppageno 0'>
   <div class='ocr_carea' id='block_1_1' title="bbox 543 224 645 280">
    <p class='ocr_par' dir='ltr' id='par_1_1' title="bbox 543 224 645 280">
     <span class='ocr_line' id='line_1_1' title="bbox 543 224 645 280; baseline 0.02 -2"><span class='ocrx_word' id='word_1_1' title='bbox 543 224 645 280; x_wconf 77' lang='grc'>701</span> 
     </span>
    </p>
   </div>
   <div class='ocr_carea' id='block_1_2' title="bbox 543 334 2110 410">
    <p class='ocr_par' dir='ltr' id='par_1_2' title="bbox 543 334 2110 410">
     <span class='ocr_line' id='line_1_2' title="bbox 543 334 2110 410; baseline -0.006 -17"><span class='ocrx_word' id='word_1_2' title='bbox 543 337 743 393; x_wconf 78' lang='grc' dir='ltr'>κακίαν</span> <span class='ocrx_word' id='word_1_3' title='bbox 794 337 1071 410; x_wconf 83' lang='grc' dir='ltr'>ἐληλακὼς</span> <span class='ocrx_word' id='word_1_4' title='bbox 1090 376 1106 404; x_wconf 96' lang='grc'>,</span> <span class='ocrx_word' id='word_1_5' title='bbox 1158 339 1188 390; x_wconf 93' lang='lat'>6</span> <span class='ocrx_word' id='word_1_6' title='bbox 1234 337 1292 390; x_wconf 87' lang='grc' dir='ltr'>δέ</span> <span class='ocrx_word' id='word_1_7' title='bbox 1336 337 1675 408; x_wconf 80' lang='grc' dir='ltr'>δικαιοσύνης</span> <span class='ocrx_word' id='word_1_8' title='bbox 1721 334 2110 405; x_wconf 78' lang='grc' dir='ltr'>ἐπιμελόμενος</span> 
     </span>
    </p>
   </div>
   <div class='ocr_carea' id='block_1_3' title="bbox 544 421 2110 498">
    <p class='ocr_par' dir='ltr' id='par_1_3' title="bbox 544 421 2110 498">
     <span class='ocr_line' id='line_1_3' title="bbox 544 421 2110 498; baseline -0.004 -18"><span class='ocrx_word' id='word_1_9' title='bbox 544 426 753 498; x_wconf 79' lang='grc' dir='ltr'>ἄκρας’</span> <span class='ocrx_word' id='word_1_10' title='bbox 797 428 891 480; x_wconf 78' lang='grc' dir='ltr'>καὶ</span> <span class='ocrx_word' id='word_1_11' title='bbox 921 426 1030 497; x_wconf 88' lang='grc' dir='ltr'>γάρ</span> <span class='ocrx_word' id='word_1_12' title='bbox 1073 424 1141 477; x_wconf 84' lang='grc' dir='ltr'>τὰ</span> <span class='ocrx_word' id='word_1_13' title='bbox 1181 424 1309 478; x_wconf 81' lang='grc' dir='ltr'>ὅντα</span> <span class='ocrx_word' id='word_1_14' title='bbox 1358 426 1662 494; x_wconf 83' lang='grc' dir='ltr'>προήκατο,</span> <span class='ocrx_word' id='word_1_15' title='bbox 1701 425 1795 476; x_wconf 74' lang='grc' dir='ltr'>καὶ</span> <span class='ocrx_word' id='word_1_16' title='bbox 1838 421 2110 491; x_wconf 84' lang='grc' dir='ltr'>νηστεύων</span> 
     </span>
    </p>
   </div>
   <div class='ocr_carea' id='block_1_4' title="bbox 544 502 2109 579">
    <p class='ocr_par' dir='ltr' id='par_1_4' title="bbox 544 502 2109 579">
     <span class='ocr_line' id='line_1_4' title="bbox 544 502 2109 579; baseline -0.004 -16"><span class='ocrx_word' id='word_1_17' title='bbox 544 510 788 573; x_wconf 74' lang='grc' dir='ltr'>διετέλει,</span> <span class='ocrx_word' id='word_1_18' title='bbox 830 511 924 563; x_wconf 79' lang='grc' dir='ltr'>καὶ</span> <span class='ocrx_word' id='word_1_19' title='bbox 965 507 1275 572; x_wconf 80' lang='grc' dir='ltr'>πλεονεξίας</span> <span class='ocrx_word' id='word_1_20' title='bbox 1319 503 1387 579; x_wconf 77' lang='grc' dir='ltr'>ἦν</span> <span class='ocrx_word' id='word_1_21' title='bbox 1427 507 1696 577; x_wconf 82' lang='grc' dir='ltr'>καθαρός’</span> <span class='ocrx_word' id='word_1_22' title='bbox 1733 507 1937 567; x_wconf 86' lang='grc' dir='ltr'>ἐκεῖνος</span> <span class='ocrx_word' id='word_1_23' title='bbox 1976 502 2021 556; x_wconf 83' lang='grc' dir='ltr'>δ’</span> <span class='ocrx_word' id='word_1_24' title='bbox 2053 504 2109 556; x_wconf 87' lang='grc' dir='ltr'>ἐν</span> 
     </span>
    </p>
   </div>
   <div class='ocr_carea' id='block_1_5' title="bbox 543 592 2105 665">
    <p class='ocr_par' dir='ltr' id='par_1_5' title="bbox 543 592 2105 665">
     <span class='ocr_line' id='line_1_5' title="bbox 543 592 2105 665; baseline -0.004 -17"><span class='ocrx_word' id='word_1_25' title='bbox 543 596 822 665; x_wconf 81' lang='grc' dir='ltr'>ἁρπαγαῖς</span> <span class='ocrx_word' id='word_1_26' title='bbox 866 597 958 650; x_wconf 77' lang='grc' dir='ltr'>καὶ</span> <span class='ocrx_word' id='word_1_27' title='bbox 993 595 1134 665; x_wconf 85' lang='grc' dir='ltr'>βίαις</span> <span class='ocrx_word' id='word_1_28' title='bbox 1171 595 1262 647; x_wconf 87' lang='grc' dir='ltr'>τὸν</span> <span class='ocrx_word' id='word_1_29' title='bbox 1314 595 1528 648; x_wconf 73' lang='grc' dir='ltr'>ἅπαντα</span> <span class='ocrx_word' id='word_1_30' title='bbox 1568 593 1755 663; x_wconf 86' lang='grc' dir='ltr'>χρόνον</span> <span class='ocrx_word' id='word_1_31' title='bbox 1814 592 2105 661; x_wconf 86' lang='grc' dir='ltr'>ἀνήλωσεν.</span> 
     </span>
    </p>
   </div>
   <div class='ocr_carea' id='block_1_6' title="bbox 559 673 2110 754">
    <p class='ocr_par' dir='ltr' id='par_1_6' title="bbox 559 673 2110 754">
     <span class='ocr_line' id='line_1_6' title="bbox 559 673 2110 754; baseline -0.003 -21"><span class='ocrx_word' id='word_1_32' title='bbox 559 681 809 754; x_wconf 85' lang='grc' dir='ltr'>Ἀνῆλθον</span> <span class='ocrx_word' id='word_1_33' title='bbox 836 684 1130 754; x_wconf 83' lang='grc' dir='ltr'>ἀμφότεροι</span> <span class='ocrx_word' id='word_1_34' title='bbox 1162 681 1559 752; x_wconf 79' lang='grc' dir='ltr'>προσεύξασθαι</span> <span class='ocrx_word' id='word_1_35' title='bbox 1593 682 1672 743; x_wconf 88' lang='grc' dir='ltr'>εἰς</span> <span class='ocrx_word' id='word_1_36' title='bbox 1709 679 1770 731; x_wconf 82' lang='grc' dir='ltr'>τὸ</span> <span class='ocrx_word' id='word_1_37' title='bbox 1791 678 1952 749; x_wconf 90' lang='grc' dir='ltr'>ἰερόν.</span> <span class='ocrx_word' id='word_1_38' title='bbox 1980 673 2110 729; x_wconf 83' lang='grc' dir='ltr'>Εἶτα</span> 
     </span>
    </p>
   </div>
   <div class='ocr_carea' id='block_1_7' title="bbox 548 764 2111 837">
    <p class='ocr_par' dir='ltr' id='par_1_7' title="bbox 548 764 2111 837">
     <span class='ocr_line' id='line_1_7' title="bbox 548 764 2111 837; baseline -0.005 -13"><span class='ocrx_word' id='word_1_39' title='bbox 548 773 752 834; x_wconf 88' lang='grc' dir='ltr'>ἐκεῖνος</span> <span class='ocrx_word' id='word_1_40' title='bbox 799 770 929 832; x_wconf 82' lang='grc' dir='ltr'>στάς</span> <span class='ocrx_word' id='word_1_41' title='bbox 971 769 1188 837; x_wconf 74' lang='grc' dir='ltr'>έλεγενο</span> <span class='ocrx_word' id='word_1_42' title='bbox 1230 765 1585 836; x_wconf 83' lang='grc' dir='ltr'>Εὑχαριστῶ</span> <span class='ocrx_word' id='word_1_43' title='bbox 1617 780 1748 827; x_wconf 82' lang='grc' dir='ltr'>σοι,</span> <span class='ocrx_word' id='word_1_44' title='bbox 1773 766 1974 832; x_wconf 77' lang='grc' dir='ltr'>Κύριε,</span> <span class='ocrx_word' id='word_1_45' title='bbox 2023 764 2111 817; x_wconf 86' lang='grc' dir='ltr'>ὅτι</span> 
     </span>
    </p>
   </div>
   <div class='ocr_carea' id='block_1_8' title="bbox 544 852 2108 926">
    <p class='ocr_par' dir='ltr' id='par_1_8' title="bbox 544 852 2108 926">
     <span class='ocr_line' id='line_1_8' title="bbox 544 852 2108 926; baseline -0.004 -16"><span class='ocrx_word' id='word_1_46' title='bbox 544 859 656 911; x_wconf 83' lang='grc' dir='ltr'>οὐκ</span> <span class='ocrx_word' id='word_1_47' title='bbox 686 857 800 926; x_wconf 84' lang='grc' dir='ltr'>εἰμί</span> <span class='ocrx_word' id='word_1_48' title='bbox 843 858 924 924; x_wconf 86' lang='grc' dir='ltr'>ὡς</span> <span class='ocrx_word' id='word_1_49' title='bbox 955 860 1008 910; x_wconf 81' lang='grc' dir='ltr'>οἰ</span> <span class='ocrx_word' id='word_1_50' title='bbox 1053 858 1252 910; x_wconf 76' lang='grc' dir='ltr'>λοιποὶ</span> <span class='ocrx_word' id='word_1_51' title='bbox 1291 858 1407 911; x_wconf 83' lang='grc' dir='ltr'>τῶν</span> <span class='ocrx_word' id='word_1_52' title='bbox 1441 855 1793 922; x_wconf 80' lang='grc' dir='ltr'>ἀνθρώπων,</span> <span class='ocrx_word' id='word_1_53' title='bbox 1827 852 2108 922; x_wconf 80' lang='grc' dir='ltr'>ἅρπαγες,</span> 
     </span>
    </p>
   </div>
   <div class='ocr_carea' id='block_1_9' title="bbox 543 938 2111 1009">
    <p class='ocr_par' dir='ltr' id='par_1_9' title="bbox 543 938 2111 1009">
     <span class='ocr_line' id='line_1_9' title="bbox 543 938 2111 1009; baseline -0.004 -14"><span class='ocrx_word' id='word_1_54' title='bbox 543 944 918 1009; x_wconf 73' lang='grc' dir='ltr'>πλεονέκται,</span> <span class='ocrx_word' id='word_1_55' title='bbox 937 942 1061 996; x_wconf 73' lang='grc' dir='ltr'>οὐδ’</span> <span class='ocrx_word' id='word_1_56' title='bbox 1080 944 1159 1009; x_wconf 85' lang='grc' dir='ltr'>ὠς</span> <span class='ocrx_word' id='word_1_57' title='bbox 1179 938 1355 1007; x_wconf 79' lang='grc' dir='ltr'>οὗτος</span> <span class='ocrx_word' id='word_1_58' title='bbox 1377 945 1409 994; x_wconf 84' lang='grc' dir='ltr'><em>ὁ</em></span> <span class='ocrx_word' id='word_1_59' title='bbox 1429 939 1710 1006; x_wconf 76' lang='grc' dir='ltr'>τελώνης.</span> <span class='ocrx_word' id='word_1_60' title='bbox 1727 939 1783 992; x_wconf 82' lang='grc' dir='ltr'>Ὀ</span> <span class='ocrx_word' id='word_1_61' title='bbox 1801 938 1857 991; x_wconf 82' lang='grc' dir='ltr'>δὲ</span> <span class='ocrx_word' id='word_1_62' title='bbox 1876 938 2111 1009; x_wconf 85' lang='grc' dir='ltr'>τελώνης</span> 
     </span>
    </p>
   </div>
   <div class='ocr_carea' id='block_1_10' title="bbox 543 1025 2112 1100">
    <p class='ocr_par' dir='ltr' id='par_1_10' title="bbox 543 1025 2112 1100">
     <span class='ocr_line' id='line_1_10' title="bbox 543 1025 2112 1100; baseline -0.002 -18"><span class='ocrx_word' id='word_1_63' title='bbox 543 1031 824 1100; x_wconf 78' lang='grc' dir='ltr'>πόρρωθεν</span> <span class='ocrx_word' id='word_1_64' title='bbox 852 1029 1052 1095; x_wconf 88' lang='grc' dir='ltr'>ἐστὼς,</span> <span class='ocrx_word' id='word_1_65' title='bbox 1083 1031 1183 1083; x_wconf 84' lang='grc' dir='ltr'>οὐκ</span> <span class='ocrx_word' id='word_1_66' title='bbox 1225 1028 1544 1099; x_wconf 86' lang='grc' dir='ltr'>ἀνθύϐρισεν</span> <span class='ocrx_word' id='word_1_67' title='bbox 1565 1067 1579 1090; x_wconf 96' lang='grc'>,</span> <span class='ocrx_word' id='word_1_68' title='bbox 1608 1027 1707 1078; x_wconf 80' lang='grc' dir='ltr'>οὐκ</span> <span class='ocrx_word' id='word_1_69' title='bbox 1740 1025 2112 1096; x_wconf 87' lang='grc' dir='ltr'>ἀντελοιδόρη-</span> 
     </span>
    </p>
   </div>
   <div class='ocr_carea' id='block_1_11' title="bbox 545 1111 2110 1182">
    <p class='ocr_par' dir='ltr' id='par_1_11' title="bbox 545 1111 2110 1182">
     <span class='ocr_line' id='line_1_11' title="bbox 545 1111 2110 1182; baseline -0.001 -17"><span class='ocrx_word' id='word_1_70' title='bbox 545 1130 660 1180; x_wconf 92' lang='grc' dir='ltr'>σεν,</span> <span class='ocrx_word' id='word_1_71' title='bbox 699 1116 800 1168; x_wconf 86' lang='grc' dir='ltr'>οὐκ</span> <span class='ocrx_word' id='word_1_72' title='bbox 829 1111 947 1167; x_wconf 74' lang='grc' dir='ltr'>εἷπε</span> <span class='ocrx_word' id='word_1_73' title='bbox 977 1115 1148 1168; x_wconf 87' lang='grc' dir='ltr'>ταῦτα</span> <span class='ocrx_word' id='word_1_74' title='bbox 1175 1115 1244 1168; x_wconf 88' lang='grc' dir='ltr'>τά</span> <span class='ocrx_word' id='word_1_75' title='bbox 1284 1114 1392 1167; x_wconf 87' lang='grc' dir='ltr'>τῶν</span> <span class='ocrx_word' id='word_1_76' title='bbox 1425 1112 1632 1166; x_wconf 82' lang='grc' dir='ltr'>πολλῶν</span> <span class='ocrx_word' id='word_1_77' title='bbox 1662 1113 1881 1182; x_wconf 81' lang='grc' dir='ltr'>ῥήματα</span> <span class='ocrx_word' id='word_1_78' title='bbox 1903 1128 1916 1141; x_wconf 93' lang='grc'><strong>·</strong></span> <span class='ocrx_word' id='word_1_79' title='bbox 1946 1113 2018 1164; x_wconf 83' lang='grc' dir='ltr'>Σὺ</span> <span class='ocrx_word' id='word_1_80' title='bbox 2054 1111 2110 1163; x_wconf 80' lang='grc' dir='ltr'>δέ</span> 
     </span>
    </p>
   </div>
   <div class='ocr_carea' id='block_1_12' title="bbox 543 1197 2111 1271">
    <p class='ocr_par' dir='ltr' id='par_1_12' title="bbox 543 1197 2111 1271">
     <span class='ocr_line' id='line_1_12' title="bbox 543 1197 2111 1271; baseline -0.001 -19"><span class='ocrx_word' id='word_1_81' title='bbox 543 1201 746 1271; x_wconf 84' lang='grc' dir='ltr'>τολμᾷς</span> <span class='ocrx_word' id='word_1_82' title='bbox 768 1201 861 1254; x_wconf 87' lang='grc' dir='ltr'>τοῦ</span> <span class='ocrx_word' id='word_1_83' title='bbox 893 1202 1026 1271; x_wconf 86' lang='grc' dir='ltr'>ἐμοῦ</span> <span class='ocrx_word' id='word_1_84' title='bbox 1058 1201 1364 1271; x_wconf 88' lang='grc' dir='ltr'>μεμνῆσθαι</span> <span class='ocrx_word' id='word_1_85' title='bbox 1389 1201 1521 1269; x_wconf 88' lang='grc' dir='ltr'>βίου,</span> <span class='ocrx_word' id='word_1_86' title='bbox 1548 1199 1895 1251; x_wconf 90' lang='grc' dir='ltr'>ἐπιλαϐέσθαι</span> <span class='ocrx_word' id='word_1_87' title='bbox 1919 1198 1975 1251; x_wconf 89' lang='grc' dir='ltr'>δὲ</span> <span class='ocrx_word' id='word_1_88' title='bbox 2005 1197 2111 1251; x_wconf 89' lang='grc' dir='ltr'>τῶν</span> 
     </span>
    </p>
   </div>
   <div class='ocr_carea' id='block_1_13' title="bbox 545 1279 2112 1355">
    <p class='ocr_par' dir='ltr' id='par_1_13' title="bbox 545 1279 2112 1355">
     <span class='ocr_line' id='line_1_13' title="bbox 545 1279 2112 1355; baseline -0.002 -20"><span class='ocrx_word' id='word_1_89' title='bbox 545 1284 670 1353; x_wconf 80' lang='grc' dir='ltr'>ἐμοὶ</span> <span class='ocrx_word' id='word_1_90' title='bbox 698 1285 1100 1355; x_wconf 84' lang='grc' dir='ltr'>πεπραγμένων</span> <span class='ocrx_word' id='word_1_91' title='bbox 1123 1301 1137 1350; x_wconf 89' lang='lat'><strong>;</strong></span> <span class='ocrx_word' id='word_1_92' title='bbox 1169 1284 1243 1338; x_wconf 83' lang='grc' dir='ltr'>Οὐ</span> <span class='ocrx_word' id='word_1_93' title='bbox 1275 1285 1384 1351; x_wconf 91' lang='grc' dir='ltr'>γάρ</span> <span class='ocrx_word' id='word_1_94' title='bbox 1409 1281 1522 1352; x_wconf 88' lang='grc' dir='ltr'>εἰμί</span> <span class='ocrx_word' id='word_1_95' title='bbox 1548 1298 1642 1334; x_wconf 91' lang='grc' dir='ltr'>σου</span> <span class='ocrx_word' id='word_1_96' title='bbox 1677 1280 1932 1349; x_wconf 87' lang='grc' dir='ltr'>βελτίων;</span> <span class='ocrx_word' id='word_1_97' title='bbox 1959 1279 2112 1332; x_wconf 74' lang='grc' dir='ltr'>Εἴπω</span> 
     </span>
    </p>
   </div>
   <div class='ocr_carea' id='block_1_14' title="bbox 545 1361 2110 1438">
    <p class='ocr_par' dir='ltr' id='par_1_14' title="bbox 545 1361 2110 1438">
     <span class='ocr_line' id='line_1_14' title="bbox 545 1361 2110 1438; baseline -0.002 -20"><span class='ocrx_word' id='word_1_98' title='bbox 545 1366 615 1420; x_wconf 87' lang='grc' dir='ltr'>τά</span> <span class='ocrx_word' id='word_1_99' title='bbox 635 1383 714 1419; x_wconf 90' lang='grc' dir='ltr'>σοι</span> <span class='ocrx_word' id='word_1_100' title='bbox 739 1368 1102 1438; x_wconf 87' lang='grc' dir='ltr'>πεπλημμελη</span> <span class='ocrx_word' id='word_1_101' title='bbox 1111 1368 1265 1438; x_wconf 85' lang='grc' dir='ltr'>μένα,</span> <span class='ocrx_word' id='word_1_102' title='bbox 1284 1367 1377 1418; x_wconf 79' lang='grc' dir='ltr'>καὶ</span> <span class='ocrx_word' id='word_1_103' title='bbox 1399 1365 1609 1435; x_wconf 87' lang='grc' dir='ltr'>ποιήσω</span> <span class='ocrx_word' id='word_1_104' title='bbox 1633 1363 1901 1433; x_wconf 89' lang='grc' dir='ltr'>μηδέποτέ</span> <span class='ocrx_word' id='word_1_105' title='bbox 1924 1379 1983 1414; x_wconf 93' lang='grc' dir='ltr'>σε</span> <span class='ocrx_word' id='word_1_106' title='bbox 2003 1361 2110 1415; x_wconf 89' lang='grc' dir='ltr'>τῶν</span> 
     </span>
    </p>
   </div>
   <div class='ocr_carea' id='block_1_15' title="bbox 545 1446 2111 1524">
    <p class='ocr_par' dir='ltr' id='par_1_15' title="bbox 545 1446 2111 1524">
     <span class='ocr_line' id='line_1_15' title="bbox 545 1446 2111 1524; baseline -0.001 -20"><span class='ocrx_word' id='word_1_107' title='bbox 545 1452 704 1521; x_wconf 74' lang='grc' dir='ltr'>ἱερῶν</span> <span class='ocrx_word' id='word_1_108' title='bbox 729 1453 932 1507; x_wconf 88' lang='grc' dir='ltr'>τούτων</span> <span class='ocrx_word' id='word_1_109' title='bbox 968 1453 1223 1523; x_wconf 87' lang='grc' dir='ltr'>ἐπιϐῆναι</span> <span class='ocrx_word' id='word_1_110' title='bbox 1248 1452 1550 1524; x_wconf 89' lang='grc' dir='ltr'>προθύρων.</span> <span class='ocrx_word' id='word_1_111' title='bbox 1574 1451 1736 1504; x_wconf 85' lang='grc' dir='ltr'>Οὺδέν</span> <span class='ocrx_word' id='word_1_112' title='bbox 1761 1449 1964 1502; x_wconf 91' lang='grc' dir='ltr'>τούτων</span> <span class='ocrx_word' id='word_1_113' title='bbox 1991 1446 2111 1502; x_wconf 78' lang='grc' dir='ltr'>εἶπε</span> 
     </span>
    </p>
   </div>
   <div class='ocr_carea' id='block_1_16' title="bbox 544 1535 2111 1610">
    <p class='ocr_par' dir='ltr' id='par_1_16' title="bbox 544 1535 2111 1610">
     <span class='ocr_line' id='line_1_16' title="bbox 544 1535 2111 1610; baseline -0.001 -20"><span class='ocrx_word' id='word_1_114' title='bbox 544 1538 652 1590; x_wconf 87' lang='grc' dir='ltr'>τῶν</span> <span class='ocrx_word' id='word_1_115' title='bbox 663 1539 882 1608; x_wconf 82' lang='grc' dir='ltr'>ψυχρῶν</span> <span class='ocrx_word' id='word_1_116' title='bbox 901 1541 966 1610; x_wconf 81' lang='grc' dir='ltr'>ῥη</span> <span class='ocrx_word' id='word_1_117' title='bbox 975 1539 1178 1609; x_wconf 80' lang='grc' dir='ltr'>μάτων,</span> <span class='ocrx_word' id='word_1_118' title='bbox 1196 1538 1231 1592; x_wconf 82' lang='grc' dir='ltr'>ἀ</span> <span class='ocrx_word' id='word_1_119' title='bbox 1247 1538 1365 1591; x_wconf 89' lang='grc' dir='ltr'>καθ’</span> <span class='ocrx_word' id='word_1_120' title='bbox 1378 1538 1613 1607; x_wconf 76' lang='grc' dir='ltr'>ἑκάστην</span> <span class='ocrx_word' id='word_1_121' title='bbox 1626 1540 1659 1606; x_wconf 88' lang='grc' dir='ltr'>ή</span> <span class='ocrx_word' id='word_1_122' title='bbox 1669 1537 1734 1607; x_wconf 88' lang='grc' dir='ltr'>μέ</span> <span class='ocrx_word' id='word_1_123' title='bbox 1742 1554 1838 1607; x_wconf 87' lang='grc' dir='ltr'>ραν</span> <span class='ocrx_word' id='word_1_124' title='bbox 1854 1535 2111 1606; x_wconf 82' lang='grc' dir='ltr'>ἀλλήλους</span> 
     </span>
    </p>
   </div>
   <div class='ocr_carea' id='block_1_17' title="bbox 545 1625 2110 1698">
    <p class='ocr_par' dir='ltr' id='par_1_17' title="bbox 545 1625 2110 1698">
     <span class='ocr_line' id='line_1_17' title="bbox 545 1625 2110 1698; baseline 0.001 -21"><span class='ocrx_word' id='word_1_125' title='bbox 545 1625 834 1690; x_wconf 83' lang='grc' dir='ltr'>πλύνοντες</span> <span class='ocrx_word' id='word_1_126' title='bbox 855 1626 1115 1698; x_wconf 73' lang='grc' dir='ltr'>λέγομεψ</span> <span class='ocrx_word' id='word_1_127' title='bbox 1164 1627 1298 1681; x_wconf 91' lang='grc' dir='ltr'>ἀλλά</span> <span class='ocrx_word' id='word_1_128' title='bbox 1330 1627 1540 1696; x_wconf 86' lang='grc' dir='ltr'>πικρῶς</span> <span class='ocrx_word' id='word_1_129' title='bbox 1580 1627 1841 1691; x_wconf 79' lang='grc' dir='ltr'>στενάξας</span> <span class='ocrx_word' id='word_1_130' title='bbox 1873 1627 1966 1679; x_wconf 78' lang='grc' dir='ltr'>καὶ</span> <span class='ocrx_word' id='word_1_131' title='bbox 2000 1643 2110 1679; x_wconf 88' lang='grc' dir='ltr'>πα·-</span> 
     </span>
    </p>
   </div>
   <div class='ocr_carea' id='block_1_18' title="bbox 545 1710 2111 1784">
    <p class='ocr_par' dir='ltr' id='par_1_18' title="bbox 545 1710 2111 1784">
     <span class='ocr_line' id='line_1_18' title="bbox 545 1710 2111 1784; baseline 0.001 -20"><span class='ocrx_word' id='word_1_132' title='bbox 545 1711 712 1777; x_wconf 80' lang='grc' dir='ltr'>τάξας</span> <span class='ocrx_word' id='word_1_133' title='bbox 737 1713 798 1766; x_wconf 79' lang='grc' dir='ltr'>τὸ</span> <span class='ocrx_word' id='word_1_134' title='bbox 821 1713 1033 1783; x_wconf 87' lang='grc' dir='ltr'>στῆθος,</span> <span class='ocrx_word' id='word_1_135' title='bbox 1059 1713 1310 1766; x_wconf 90' lang='grc' dir='ltr'>τοσοῦτον</span> <span class='ocrx_word' id='word_1_136' title='bbox 1337 1710 1454 1766; x_wconf 77' lang='grc' dir='ltr'>εἷπε</span> <span class='ocrx_word' id='word_1_137' title='bbox 1480 1711 1659 1783; x_wconf 89' lang='grc' dir='ltr'>μόνον,</span> <span class='ocrx_word' id='word_1_138' title='bbox 1687 1712 1993 1784; x_wconf 78' lang='grc' dir='ltr'>Ἰλάσθητί</span> <span class='ocrx_word' id='word_1_139' title='bbox 2007 1729 2111 1782; x_wconf 77' lang='grc' dir='ltr'>μοι</span> 
     </span>
    </p>
   </div>
   <div class='ocr_carea' id='block_1_19' title="bbox 546 1795 1873 1868">
    <p class='ocr_par' dir='ltr' id='par_1_19' title="bbox 546 1795 1873 1868">
     <span class='ocr_line' id='line_1_19' title="bbox 546 1795 1873 1868; baseline 0.004 -19"><span class='ocrx_word' id='word_1_140' title='bbox 546 1795 626 1862; x_wconf 86' lang='grc' dir='ltr'>τῷ</span> <span class='ocrx_word' id='word_1_141' title='bbox 652 1798 995 1867; x_wconf 73' lang='grc' dir='ltr'>ἁμαρτωλῷ,</span> <span class='ocrx_word' id='word_1_142' title='bbox 1017 1798 1113 1853; x_wconf 74' lang='grc' dir='ltr'>καὶ</span> <span class='ocrx_word' id='word_1_143' title='bbox 1148 1797 1382 1867; x_wconf 89' lang='grc' dir='ltr'>κατῆλθε</span> <span class='ocrx_word' id='word_1_144' title='bbox 1438 1797 1873 1868; x_wconf 81' lang='grc' dir='ltr'>δεδικαιωμένος.</span> 
     </span>
    </p>
   </div>
   <div class='ocr_carea' id='block_1_20' title="bbox 613 1884 2110 1968">
    <p class='ocr_par' dir='ltr' id='par_1_20' title="bbox 613 1884 2110 1968">
     <span class='ocr_line' id='line_1_20' title="bbox 613 1884 2110 1968; baseline 0.003 -19"><span class='ocrx_word' id='word_1_145' title='bbox 613 1895 764 1960; x_wconf 73' lang='grc' dir='ltr'>Εἶδες</span> <span class='ocrx_word' id='word_1_146' title='bbox 799 1900 994 1968; x_wconf 85' lang='grc' dir='ltr'>τάχος;</span> <span class='ocrx_word' id='word_1_147' title='bbox 1037 1900 1375 1964; x_wconf 80' lang='grc' dir='ltr'>Κατεδέξατο</span> <span class='ocrx_word' id='word_1_148' title='bbox 1409 1899 1632 1964; x_wconf 75' lang='grc' dir='ltr'>ὄνειδος,</span> <span class='ocrx_word' id='word_1_149' title='bbox 1672 1899 1767 1954; x_wconf 80' lang='grc' dir='ltr'>καὶ</span> <span class='ocrx_word' id='word_1_150' title='bbox 1812 1884 2110 1968; x_wconf 71' lang='grc' dir='ltr'>ἀπενίψατο</span> 
     </span>
    </p>
   </div>
   <div class='ocr_carea' id='block_1_21' title="bbox 541 1982 2110 2056">
    <p class='ocr_par' dir='ltr' id='par_1_21' title="bbox 541 1982 2110 2056">
     <span class='ocr_line' id='line_1_21' title="bbox 541 1982 2110 2056; baseline 0.003 -22"><span class='ocrx_word' id='word_1_151' title='bbox 541 1982 769 2046; x_wconf 74' lang='grc' dir='ltr'>ὄνειδος·</span> <span class='ocrx_word' id='word_1_152' title='bbox 809 1985 1024 2052; x_wconf 81' lang='grc' dir='ltr'>ἐπέγνω</span> <span class='ocrx_word' id='word_1_153' title='bbox 1065 1987 1134 2038; x_wconf 88' lang='grc' dir='ltr'>τά</span> <span class='ocrx_word' id='word_1_154' title='bbox 1176 1986 1573 2056; x_wconf 82' lang='grc' dir='ltr'>ἁμαρτήματα,</span> <span class='ocrx_word' id='word_1_155' title='bbox 1630 1988 1723 2039; x_wconf 77' lang='grc' dir='ltr'>καὶ</span> <span class='ocrx_word' id='word_1_156' title='bbox 1769 1987 1999 2040; x_wconf 82' lang='grc' dir='ltr'>ἀπέθετο</span> <span class='ocrx_word' id='word_1_157' title='bbox 2042 1988 2110 2040; x_wconf 90' lang='grc' dir='ltr'>τά</span> 
     </span>
    </p>
   </div>
   <div class='ocr_carea' id='block_1_22' title="bbox 543 2069 2109 2144">
    <p class='ocr_par' dir='ltr' id='par_1_22' title="bbox 543 2069 2109 2144">
     <span class='ocr_line' id='line_1_22' title="bbox 543 2069 2109 2144; baseline 0.004 -23"><span class='ocrx_word' id='word_1_158' title='bbox 543 2069 760 2140; x_wconf 90' lang='grc' dir='ltr'>ἀμαρτή</span> <span class='ocrx_word' id='word_1_159' title='bbox 769 2087 940 2139; x_wconf 89' lang='grc' dir='ltr'>ματα·</span> <span class='ocrx_word' id='word_1_160' title='bbox 973 2072 1068 2124; x_wconf 77' lang='grc' dir='ltr'>καὶ</span> <span class='ocrx_word' id='word_1_161' title='bbox 1095 2074 1130 2142; x_wconf 89' lang='grc' dir='ltr'>ή</span> <span class='ocrx_word' id='word_1_162' title='bbox 1159 2072 1462 2142; x_wconf 86' lang='grc' dir='ltr'>κατηγορία</span> <span class='ocrx_word' id='word_1_163' title='bbox 1479 2073 1576 2144; x_wconf 83' lang='grc' dir='ltr'>τῆς</span> <span class='ocrx_word' id='word_1_164' title='bbox 1599 2073 1871 2143; x_wconf 81' lang='grc' dir='ltr'>ἁμαρτίας</span> <span class='ocrx_word' id='word_1_165' title='bbox 1889 2074 2109 2142; x_wconf 88' lang='grc' dir='ltr'>γέγονεν</span> 
     </span>
    </p>
   </div>
   <div class='ocr_carea' id='block_1_23' title="bbox 543 2156 2110 2231">
    <p class='ocr_par' dir='ltr' id='par_1_23' title="bbox 543 2156 2110 2231">
     <span class='ocr_line' id='line_1_23' title="bbox 543 2156 2110 2231; baseline 0.003 -23"><span class='ocrx_word' id='word_1_166' title='bbox 543 2157 820 2227; x_wconf 84' lang='grc' dir='ltr'>ἀναίρεσις</span> <span class='ocrx_word' id='word_1_167' title='bbox 861 2156 964 2228; x_wconf 87' lang='grc' dir='ltr'>τῆς</span> <span class='ocrx_word' id='word_1_168' title='bbox 1006 2158 1302 2228; x_wconf 80' lang='grc' dir='ltr'>ἁμαρτίας,</span> <span class='ocrx_word' id='word_1_169' title='bbox 1335 2160 1427 2213; x_wconf 77' lang='grc' dir='ltr'>καί</span> <span class='ocrx_word' id='word_1_170' title='bbox 1469 2162 1497 2212; x_wconf 98' lang='lat'>6</span> <span class='ocrx_word' id='word_1_171' title='bbox 1546 2159 1737 2230; x_wconf 87' lang='grc' dir='ltr'>ἐχθρὸς</span> <span class='ocrx_word' id='word_1_172' title='bbox 1775 2161 1922 2214; x_wconf 79' lang='grc' dir='ltr'>ἄκων</span> <span class='ocrx_word' id='word_1_173' title='bbox 1957 2161 2110 2231; x_wconf 83' lang='grc' dir='ltr'>εὐερ-</span> 
     </span>
    </p>
   </div>
   <div class='ocr_carea' id='block_1_24' title="bbox 541 2244 2110 2319">
    <p class='ocr_par' dir='ltr' id='par_1_24' title="bbox 541 2244 2110 2319">
     <span class='ocr_line' id='line_1_24' title="bbox 541 2244 2110 2319; baseline 0.004 -23"><span class='ocrx_word' id='word_1_174' title='bbox 541 2244 707 2314; x_wconf 89' lang='grc' dir='ltr'>γέτης</span> <span class='ocrx_word' id='word_1_175' title='bbox 734 2245 1044 2302; x_wconf 84' lang='grc' dir='ltr'>καθίστατο.</span> <span class='ocrx_word' id='word_1_176' title='bbox 1075 2246 1223 2302; x_wconf 83' lang='grc' dir='ltr'>Πόσα</span> <span class='ocrx_word' id='word_1_177' title='bbox 1245 2246 1354 2316; x_wconf 83' lang='grc' dir='ltr'>γὰρ</span> <span class='ocrx_word' id='word_1_178' title='bbox 1385 2247 1492 2300; x_wconf 75' lang='grc' dir='ltr'>ἔδει</span> <span class='ocrx_word' id='word_1_179' title='bbox 1529 2250 1725 2318; x_wconf 84' lang='grc' dir='ltr'>καμεῖν</span> <span class='ocrx_word' id='word_1_180' title='bbox 1757 2247 1848 2301; x_wconf 75' lang='grc' dir='ltr'>τόν</span> <span class='ocrx_word' id='word_1_181' title='bbox 1874 2248 2110 2319; x_wconf 81' lang='grc' dir='ltr'>τελώνην</span> 
     </span>
    </p>
   </div>
   <div class='ocr_carea' id='block_1_25' title="bbox 542 2328 2110 2402">
    <p class='ocr_par' dir='ltr' id='par_1_25' title="bbox 542 2328 2110 2402">
     <span class='ocr_line' id='line_1_25' title="bbox 542 2328 2110 2402; baseline 0.003 -22"><span class='ocrx_word' id='word_1_182' title='bbox 542 2328 888 2398; x_wconf 88' lang='grc' dir='ltr'>νηστεύοντα,</span> <span class='ocrx_word' id='word_1_183' title='bbox 915 2329 1306 2402; x_wconf 87' lang='grc' dir='ltr'>χαμευνοῦντα,</span> <span class='ocrx_word' id='word_1_184' title='bbox 1331 2330 1732 2398; x_wconf 79' lang='grc' dir='ltr'>ἀγρυπνοῦντα,</span> <span class='ocrx_word' id='word_1_185' title='bbox 1753 2331 1821 2384; x_wconf 87' lang='grc' dir='ltr'>τὰ</span> <span class='ocrx_word' id='word_1_186' title='bbox 1849 2331 1974 2384; x_wconf 78' lang='grc' dir='ltr'>ὄντα</span> <span class='ocrx_word' id='word_1_187' title='bbox 1999 2336 2110 2396; x_wconf 81' lang='grc' dir='ltr'>τοῖς</span> 
     </span>
    </p>
   </div>
   <div class='ocr_carea' id='block_1_26' title="bbox 541 2413 2110 2489">
    <p class='ocr_par' dir='ltr' id='par_1_26' title="bbox 541 2413 2110 2489">
     <span class='ocr_line' id='line_1_26' title="bbox 541 2413 2110 2489; baseline 0.006 -25"><span class='ocrx_word' id='word_1_188' title='bbox 541 2413 813 2485; x_wconf 77' lang='grc' dir='ltr'>δεομένοις</span> <span class='ocrx_word' id='word_1_189' title='bbox 836 2416 1162 2487; x_wconf 84' lang='grc' dir='ltr'>παρέχοντα,</span> <span class='ocrx_word' id='word_1_190' title='bbox 1185 2418 1243 2471; x_wconf 88' lang='grc' dir='ltr'>ἐν</span> <span class='ocrx_word' id='word_1_191' title='bbox 1273 2416 1451 2486; x_wconf 83' lang='grc' dir='ltr'>σποδῷ</span> <span class='ocrx_word' id='word_1_192' title='bbox 1477 2417 1569 2469; x_wconf 79' lang='grc' dir='ltr'>καὶ</span> <span class='ocrx_word' id='word_1_193' title='bbox 1592 2417 1778 2489; x_wconf 82' lang='grc' dir='ltr'>σάκκῳ</span> <span class='ocrx_word' id='word_1_194' title='bbox 1807 2417 2110 2488; x_wconf 84' lang='grc' dir='ltr'>καθήμενον</span> 
     </span>
    </p>
   </div>
   <div class='ocr_carea' id='block_1_27' title="bbox 543 2499 2110 2575">
    <p class='ocr_par' dir='ltr' id='par_1_27' title="bbox 543 2499 2110 2575">
     <span class='ocr_line' id='line_1_27' title="bbox 543 2499 2110 2575; baseline 0.006 -25"><span class='ocrx_word' id='word_1_195' title='bbox 543 2499 603 2551; x_wconf 77' lang='grc' dir='ltr'>ἐν</span> <span class='ocrx_word' id='word_1_196' title='bbox 631 2500 807 2571; x_wconf 81' lang='grc' dir='ltr'>πολλῷ</span> <span class='ocrx_word' id='word_1_197' title='bbox 829 2500 908 2570; x_wconf 82' lang='grc' dir='ltr'>τῷ</span> <span class='ocrx_word' id='word_1_198' title='bbox 934 2503 1133 2574; x_wconf 83' lang='grc' dir='ltr'>χρόνῳ,</span> <span class='ocrx_word' id='word_1_199' title='bbox 1159 2502 1298 2556; x_wconf 84' lang='grc' dir='ltr'>ὥστε</span> <span class='ocrx_word' id='word_1_200' title='bbox 1329 2502 1618 2573; x_wconf 86' lang='grc' dir='ltr'>δυνηθῆναι</span> <span class='ocrx_word' id='word_1_201' title='bbox 1648 2504 1716 2556; x_wconf 89' lang='grc' dir='ltr'>τά</span> <span class='ocrx_word' id='word_1_202' title='bbox 1739 2505 2110 2575; x_wconf 82' lang='grc' dir='ltr'>ἁμαρτήματα</span> 
     </span>
    </p>
   </div>
   <div class='ocr_carea' id='block_1_28' title="bbox 543 2584 2111 2660">
    <p class='ocr_par' dir='ltr' id='par_1_28' title="bbox 543 2584 2111 2660">
     <span class='ocr_line' id='line_1_28' title="bbox 543 2584 2111 2660; baseline 0.004 -22"><span class='ocrx_word' id='word_1_203' title='bbox 543 2584 841 2640; x_wconf 84' lang='grc' dir='ltr'>ἀποθέσθαι</span> <span class='ocrx_word' id='word_1_204' title='bbox 863 2588 1042 2640; x_wconf 85' lang='grc' dir='ltr'>ἐκεῖνα</span> <span class='ocrx_word' id='word_1_205' title='bbox 1061 2606 1076 2653; x_wconf 88' lang='lat'><strong>;</strong></span> <span class='ocrx_word' id='word_1_206' title='bbox 1098 2589 1208 2641; x_wconf 74' lang='lat' dir='ltr'><strong><em>Ka‘:</em></strong></span> <span class='ocrx_word' id='word_1_207' title='bbox 1227 2586 1320 2642; x_wconf 92' lang='grc' dir='ltr'>νῦν</span> <span class='ocrx_word' id='word_1_208' title='bbox 1347 2588 1497 2642; x_wconf 79' lang='grc' dir='ltr'>οὐδὲν</span> <span class='ocrx_word' id='word_1_209' title='bbox 1519 2589 1722 2642; x_wconf 89' lang='grc' dir='ltr'>τούτων</span> <span class='ocrx_word' id='word_1_210' title='bbox 1749 2592 2000 2660; x_wconf 86' lang='grc' dir='ltr'>ποιήσας,</span> <span class='ocrx_word' id='word_1_211' title='bbox 2025 2591 2111 2644; x_wconf 86' lang='grc' dir='ltr'>διὰ</span> 
     </span>
    </p>
   </div>
   <div class='ocr_carea' id='block_1_29' title="bbox 542 2669 2113 2744">
    <p class='ocr_par' dir='ltr' id='par_1_29' title="bbox 542 2669 2113 2744">
     <span class='ocr_line' id='line_1_29' title="bbox 542 2669 2113 2744; baseline 0.004 -22"><span class='ocrx_word' id='word_1_212' title='bbox 542 2669 700 2738; x_wconf 81' lang='grc' dir='ltr'>ψιλοῦ</span> <span class='ocrx_word' id='word_1_213' title='bbox 729 2673 970 2743; x_wconf 76' lang='grc' dir='ltr'>ῥήματος</span> <span class='ocrx_word' id='word_1_214' title='bbox 1008 2674 1188 2726; x_wconf 82' lang='grc' dir='ltr'>πᾶσαν</span> <span class='ocrx_word' id='word_1_215' title='bbox 1237 2673 1468 2726; x_wconf 80' lang='grc' dir='ltr'>ἀπέθετο</span> <span class='ocrx_word' id='word_1_216' title='bbox 1496 2673 1591 2744; x_wconf 83' lang='grc' dir='ltr'>τήν</span> <span class='ocrx_word' id='word_1_217' title='bbox 1636 2674 1830 2729; x_wconf 81' lang='grc' dir='ltr'>κακίαν</span> <span class='ocrx_word' id='word_1_218' title='bbox 1853 2692 1864 2705; x_wconf 87' lang='grc'><strong>·</strong></span> <span class='ocrx_word' id='word_1_219' title='bbox 1910 2677 2005 2729; x_wconf 80' lang='grc' dir='ltr'>καὶ</span> <span class='ocrx_word' id='word_1_220' title='bbox 2043 2677 2113 2730; x_wconf 86' lang='grc' dir='ltr'>τά</span> 
     </span>
    </p>
   </div>
   <div class='ocr_carea' id='block_1_30' title="bbox 543 2758 2110 2834">
    <p class='ocr_par' dir='ltr' id='par_1_30' title="bbox 543 2758 2110 2834">
     <span class='ocr_line' id='line_1_30' title="bbox 543 2758 2110 2834; baseline 0.004 -24"><span class='ocrx_word' id='word_1_221' title='bbox 543 2758 720 2830; x_wconf 80' lang='grc' dir='ltr'>ὀνείδη</span> <span class='ocrx_word' id='word_1_222' title='bbox 752 2761 846 2813; x_wconf 79' lang='grc' dir='ltr'>καὶ</span> <span class='ocrx_word' id='word_1_223' title='bbox 873 2761 929 2813; x_wconf 86' lang='grc' dir='ltr'>αἰ</span> <span class='ocrx_word' id='word_1_224' title='bbox 973 2760 1228 2830; x_wconf 89' lang='grc' dir='ltr'>λοιδορίαι</span> <span class='ocrx_word' id='word_1_225' title='bbox 1273 2759 1367 2813; x_wconf 87' lang='grc' dir='ltr'>τοῦ</span> <span class='ocrx_word' id='word_1_226' title='bbox 1400 2759 1651 2826; x_wconf 87' lang='grc' dir='ltr'>δόξαντος</span> <span class='ocrx_word' id='word_1_227' title='bbox 1684 2762 1843 2816; x_wconf 79' lang='grc' dir='ltr'>αὐτὸν</span> <span class='ocrx_word' id='word_1_228' title='bbox 1873 2763 2110 2834; x_wconf 78' lang='grc' dir='ltr'>ὑϐρίζειν</span> 
     </span>
    </p>
   </div>
   <div class='ocr_carea' id='block_1_31' title="bbox 544 2846 2107 2921">
    <p class='ocr_par' dir='ltr' id='par_1_31' title="bbox 544 2846 2107 2921">
     <span class='ocr_line' id='line_1_31' title="bbox 544 2846 2107 2921; baseline 0.004 -23"><span class='ocrx_word' id='word_1_229' title='bbox 544 2846 805 2914; x_wconf 89' lang='grc' dir='ltr'>στέφανον</span> <span class='ocrx_word' id='word_1_230' title='bbox 825 2847 972 2918; x_wconf 80' lang='grc' dir='ltr'>αὐτῷ</span> <span class='ocrx_word' id='word_1_231' title='bbox 992 2847 1334 2919; x_wconf 88' lang='grc' dir='ltr'>δικαιοσύνης</span> <span class='ocrx_word' id='word_1_232' title='bbox 1353 2847 1636 2918; x_wconf 90' lang='grc' dir='ltr'>ἐκόμισαν,</span> <span class='ocrx_word' id='word_1_233' title='bbox 1654 2850 1822 2921; x_wconf 77' lang='grc' dir='ltr'>χωρὶς</span> <span class='ocrx_word' id='word_1_234' title='bbox 1852 2849 2107 2920; x_wconf 82' lang='grc' dir='ltr'>ἱδρώτων,</span> 
     </span>
    </p>
   </div>
   <div class='ocr_carea' id='block_1_32' title="bbox 542 2933 2110 3010">
    <p class='ocr_par' dir='ltr' id='par_1_32' title="bbox 542 2933 2110 3010">
     <span class='ocr_line' id='line_1_32' title="bbox 542 2933 2110 3010; baseline 0.004 -25"><span class='ocrx_word' id='word_1_235' title='bbox 542 2934 636 2986; x_wconf 78' lang='grc' dir='ltr'>καὶ</span> <span class='ocrx_word' id='word_1_236' title='bbox 662 2933 858 2999; x_wconf 85' lang='grc' dir='ltr'>πόνων,</span> <span class='ocrx_word' id='word_1_237' title='bbox 890 2935 984 2987; x_wconf 78' lang='grc' dir='ltr'>καὶ</span> <span class='ocrx_word' id='word_1_238' title='bbox 1011 2937 1203 3006; x_wconf 86' lang='grc' dir='ltr'>χρόνου</span> <span class='ocrx_word' id='word_1_239' title='bbox 1233 2935 1466 3006; x_wconf 90' lang='grc' dir='ltr'>μακροῦ.</span> <span class='ocrx_word' id='word_1_240' title='bbox 1511 2935 1672 3006; x_wconf 84' lang='grc' dir='ltr'>Ὁρᾷς</span> <span class='ocrx_word' id='word_1_241' title='bbox 1696 2938 1777 2990; x_wconf 85' lang='grc' dir='ltr'>ὅτι</span> <span class='ocrx_word' id='word_1_242' title='bbox 1809 2936 1908 2991; x_wconf 84' lang='grc' dir='ltr'>κᾶν</span> <span class='ocrx_word' id='word_1_243' title='bbox 1936 2938 2110 3010; x_wconf 83' lang='grc' dir='ltr'>ἀληθῆ</span> 
     </span>
    </p>
   </div>
   <div class='ocr_carea' id='block_1_33' title="bbox 540 3021 2111 3096">
    <p class='ocr_par' dir='ltr' id='par_1_33' title="bbox 540 3021 2111 3096">
     <span class='ocr_line' id='line_1_33' title="bbox 540 3021 2111 3096; baseline 0.004 -23"><span class='ocrx_word' id='word_1_244' title='bbox 540 3038 626 3085; x_wconf 85' lang='grc' dir='ltr'>τις</span> <span class='ocrx_word' id='word_1_245' title='bbox 659 3021 792 3093; x_wconf 82' lang='grc' dir='ltr'>λέγῃ</span> <span class='ocrx_word' id='word_1_246' title='bbox 820 3023 948 3094; x_wconf 81' lang='grc' dir='ltr'>περί</span> <span class='ocrx_word' id='word_1_247' title='bbox 973 3023 1149 3094; x_wconf 87' lang='grc' dir='ltr'>ήμῶν,</span> <span class='ocrx_word' id='word_1_248' title='bbox 1173 3024 1276 3078; x_wconf 82' lang='grc' dir='ltr'>κᾶν</span> <span class='ocrx_word' id='word_1_249' title='bbox 1305 3024 1524 3078; x_wconf 88' lang='grc' dir='ltr'>τοιαῦτα</span> <span class='ocrx_word' id='word_1_250' title='bbox 1549 3024 1691 3096; x_wconf 77' lang='grc' dir='ltr'>άπερ</span> <span class='ocrx_word' id='word_1_251' title='bbox 1718 3027 1879 3096; x_wconf 80' lang='grc' dir='ltr'>ἡμεῖς</span> <span class='ocrx_word' id='word_1_252' title='bbox 1900 3028 2111 3091; x_wconf 81' lang='grc' dir='ltr'>ἑαυτοῖς</span> 
     </span>
    </p>
   </div>
   <div class='ocr_carea' id='block_1_34' title="bbox 543 3107 2111 3183">
    <p class='ocr_par' dir='ltr' id='par_1_34' title="bbox 543 3107 2111 3183">
     <span class='ocr_line' id='line_1_34' title="bbox 543 3107 2111 3183; baseline 0.004 -23"><span class='ocrx_word' id='word_1_253' title='bbox 543 3107 821 3178; x_wconf 90' lang='grc' dir='ltr'>σύνισμεν,</span> <span class='ocrx_word' id='word_1_254' title='bbox 852 3110 1012 3179; x_wconf 78' lang='grc' dir='ltr'>ἡμεῖς</span> <span class='ocrx_word' id='word_1_255' title='bbox 1037 3109 1094 3163; x_wconf 81' lang='grc' dir='ltr'>δὲ</span> <span class='ocrx_word' id='word_1_256' title='bbox 1124 3110 1214 3163; x_wconf 84' lang='grc' dir='ltr'>τὸν</span> <span class='ocrx_word' id='word_1_257' title='bbox 1239 3109 1464 3180; x_wconf 88' lang='grc' dir='ltr'>λέγοντα</span> <span class='ocrx_word' id='word_1_258' title='bbox 1505 3111 1579 3182; x_wconf 81' lang='grc' dir='ltr'>μὴ</span> <span class='ocrx_word' id='word_1_259' title='bbox 1615 3111 1948 3183; x_wconf 84' lang='grc' dir='ltr'>ὑϐρίσωμεν,</span> <span class='ocrx_word' id='word_1_260' title='bbox 1975 3113 2111 3166; x_wconf 91' lang='grc' dir='ltr'>ἀλλά</span> 
     </span>
    </p>
   </div>
   <div class='ocr_carea' id='block_1_35' title="bbox 543 3197 2111 3273">
    <p class='ocr_par' dir='ltr' id='par_1_35' title="bbox 543 3197 2111 3273">
     <span class='ocr_line' id='line_1_35' title="bbox 543 3197 2111 3273; baseline 0.004 -24"><span class='ocrx_word' id='word_1_261' title='bbox 543 3197 885 3268; x_wconf 84' lang='grc' dir='ltr'>στενάξωμεν</span> <span class='ocrx_word' id='word_1_262' title='bbox 911 3199 1126 3268; x_wconf 81' lang='grc' dir='ltr'>πικρὸν,</span> <span class='ocrx_word' id='word_1_263' title='bbox 1157 3199 1249 3252; x_wconf 87' lang='grc' dir='ltr'>καί</span> <span class='ocrx_word' id='word_1_264' title='bbox 1276 3199 1367 3253; x_wconf 83' lang='grc' dir='ltr'>τὸν</span> <span class='ocrx_word' id='word_1_265' title='bbox 1395 3199 1527 3252; x_wconf 86' lang='grc' dir='ltr'>Θεὸν</span> <span class='ocrx_word' id='word_1_266' title='bbox 1554 3200 1694 3269; x_wconf 75' lang='grc' dir='ltr'>ὑπὲρ</span> <span class='ocrx_word' id='word_1_267' title='bbox 1725 3202 1834 3254; x_wconf 88' lang='grc' dir='ltr'>τῶν</span> <span class='ocrx_word' id='word_1_268' title='bbox 1863 3205 2111 3273; x_wconf 84' lang='grc' dir='ltr'>ἀμαρτη-</span> 
     </span>
    </p>
   </div>
   <div class='ocr_carea' id='block_1_36' title="bbox 545 3282 2110 3357">
    <p class='ocr_par' dir='ltr' id='par_1_36' title="bbox 545 3282 2110 3357">
     <span class='ocr_line' id='line_1_36' title="bbox 545 3282 2110 3357; baseline 0.005 -23"><span class='ocrx_word' id='word_1_269' title='bbox 545 3282 730 3351; x_wconf 80' lang='grc' dir='ltr'>μάτων</span> <span class='ocrx_word' id='word_1_270' title='bbox 750 3283 1243 3354; x_wconf 78' lang='grc' dir='ltr'>παρακαλέσωμεν,</span> <span class='ocrx_word' id='word_1_271' title='bbox 1257 3286 1434 3340; x_wconf 87' lang='grc' dir='ltr'>πάντα</span> <span class='ocrx_word' id='word_1_272' title='bbox 1455 3286 1792 3357; x_wconf 84' lang='grc' dir='ltr'>δυνησόμεθα</span> <span class='ocrx_word' id='word_1_273' title='bbox 1812 3289 2110 3344; x_wconf 89' lang='grc' dir='ltr'>ἀποθέσθαι</span> 
     </span>
    </p>
   </div>
   <div class='ocr_carea' id='block_1_37' title="bbox 539 3368 2106 3447">
    <p class='ocr_par' dir='ltr' id='par_1_37' title="bbox 539 3368 2106 3447">
     <span class='ocr_line' id='line_1_37' title="bbox 539 3368 2106 3447; baseline 0.005 -25"><span class='ocrx_word' id='word_1_274' title='bbox 539 3370 610 3423; x_wconf 88' lang='grc' dir='ltr'>τά</span> <span class='ocrx_word' id='word_1_275' title='bbox 634 3371 1112 3441; x_wconf 86' lang='grc' dir='ltr'>πλημμελήματα;</span> <span class='ocrx_word' id='word_1_276' title='bbox 1141 3371 1297 3425; x_wconf 77' lang='grc' dir='ltr'>Οὕτω</span> <span class='ocrx_word' id='word_1_277' title='bbox 1322 3372 1451 3440; x_wconf 90' lang='grc' dir='ltr'>γοῦν</span> <span class='ocrx_word' id='word_1_278' title='bbox 1477 3376 1571 3428; x_wconf 73' lang='grc' dir='ltr'>καὶ</span> <span class='ocrx_word' id='word_1_279' title='bbox 1603 3368 1759 3438; x_wconf 78' lang='grc' dir='ltr'>οὗτος</span> <span class='ocrx_word' id='word_1_280' title='bbox 1785 3377 2071 3447; x_wconf 77' lang='grc' dir='ltr'>ἐδικαιώθη</span> <span class='ocrx_word' id='word_1_281' title='bbox 2091 3395 2106 3410; x_wconf 79' lang='grc' dir='ltr'><strong><em>ο</em></strong></span> 
     </span>
    </p>
   </div>
   <div class='ocr_carea' id='block_1_38' title="bbox 543 3456 2110 3529">
    <p class='ocr_par' dir='ltr' id='par_1_38' title="bbox 543 3456 2110 3529">
     <span class='ocr_line' id='line_1_38' title="bbox 543 3456 2110 3529; baseline 0.005 -21"><span class='ocrx_word' id='word_1_282' title='bbox 543 3456 731 3527; x_wconf 79' lang='grc' dir='ltr'>ἐπειδὴ</span> <span class='ocrx_word' id='word_1_283' title='bbox 756 3456 865 3527; x_wconf 85' lang='grc' dir='ltr'>γάρ</span> <span class='ocrx_word' id='word_1_284' title='bbox 908 3459 1007 3510; x_wconf 83' lang='grc' dir='ltr'>οὐκ</span> <span class='ocrx_word' id='word_1_285' title='bbox 1050 3458 1374 3528; x_wconf 89' lang='grc' dir='ltr'>ἀνθύϐρισεν</span> <span class='ocrx_word' id='word_1_286' title='bbox 1416 3461 1643 3524; x_wconf 85' lang='grc' dir='ltr'>ἐκεῖνον,</span> <span class='ocrx_word' id='word_1_287' title='bbox 1673 3461 1788 3513; x_wconf 86' lang='grc' dir='ltr'>ἀλλ’</span> <span class='ocrx_word' id='word_1_288' title='bbox 1829 3463 2110 3529; x_wconf 80' lang='grc' dir='ltr'>ἐστέναξεν</span> 
     </span>
    </p>
   </div>
   <div class='ocr_carea' id='block_1_39' title="bbox 546 3542 2110 3617">
    <p class='ocr_par' dir='ltr' id='par_1_39' title="bbox 546 3542 2110 3617">
     <span class='ocr_line' id='line_1_39' title="bbox 546 3542 2110 3617; baseline 0.006 -23"><span class='ocrx_word' id='word_1_289' title='bbox 546 3542 685 3612; x_wconf 80' lang='grc' dir='ltr'>ὑπὲρ</span> <span class='ocrx_word' id='word_1_290' title='bbox 713 3542 822 3595; x_wconf 86' lang='grc' dir='ltr'>τῶν</span> <span class='ocrx_word' id='word_1_291' title='bbox 854 3545 1067 3596; x_wconf 85' lang='grc' dir='ltr'>οἰκείων</span> <span class='ocrx_word' id='word_1_292' title='bbox 1104 3545 1538 3614; x_wconf 80' lang='grc' dir='ltr'>ἁμαρτημάτων,</span> <span class='ocrx_word' id='word_1_293' title='bbox 1578 3547 1813 3617; x_wconf 85' lang='grc' dir='ltr'>κατῆλθε</span> <span class='ocrx_word' id='word_1_294' title='bbox 1841 3548 2110 3603; x_wconf 87' lang='grc' dir='ltr'>δεδικαιω-</span> 
     </span>
    </p>
   </div>
   <div class='ocr_carea' id='block_1_40' title="bbox 545 3626 1806 3702">
    <p class='ocr_par' dir='ltr' id='par_1_40' title="bbox 545 3626 1806 3702">
     <span class='ocr_line' id='line_1_40' title="bbox 545 3626 1806 3702; baseline 0.007 -21"><span class='ocrx_word' id='word_1_295' title='bbox 545 3630 705 3698; x_wconf 83' lang='grc' dir='ltr'>μένος</span> <span class='ocrx_word' id='word_1_296' title='bbox 735 3629 935 3700; x_wconf 81' lang='grc' dir='ltr'>μᾶλλον</span> <span class='ocrx_word' id='word_1_297' title='bbox 965 3626 1138 3695; x_wconf 69' lang='grc' dir='ltr'>οὗτος,</span> <span class='ocrx_word' id='word_1_298' title='bbox 1171 3633 1205 3702; x_wconf 78' lang='grc' dir='ltr'><strong>ἢ</strong></span> <span class='ocrx_word' id='word_1_299' title='bbox 1231 3635 1456 3696; x_wconf 88' lang='grc' dir='ltr'>ἐκεῖνος.</span> <span class='ocrx_word' id='word_1_300' title='bbox 1796 3636 1806 3647; x_wconf 84' lang='grc'><em>’</em></span> 
     </span>
    </p>
   </div>
   <div class='ocr_carea' id='block_1_41' title="bbox 616 3757 2107 3836">
    <p class='ocr_par' dir='ltr' id='par_1_41' title="bbox 616 3757 2107 3836">
     <span class='ocr_line' id='line_1_41' title="bbox 616 3757 2107 3836; baseline 0.008 -28"><span class='ocrx_word' id='word_1_301' title='bbox 616 3757 858 3828; x_wconf 76' lang='grc' dir='ltr'>ε¹.⁴Ορᾷς</span> <span class='ocrx_word' id='word_1_302' title='bbox 883 3758 1005 3812; x_wconf 83' lang='grc' dir='ltr'>ὅσον</span> <span class='ocrx_word' id='word_1_303' title='bbox 1024 3757 1133 3830; x_wconf 76' lang='grc' dir='ltr'>ἔχει</span> <span class='ocrx_word' id='word_1_304' title='bbox 1166 3761 1355 3832; x_wconf 86' lang='grc' dir='ltr'>κέρδος</span> <span class='ocrx_word' id='word_1_305' title='bbox 1385 3763 1418 3831; x_wconf 85' lang='grc' dir='ltr'>ἡ</span> <span class='ocrx_word' id='word_1_306' title='bbox 1446 3760 1554 3814; x_wconf 88' lang='grc' dir='ltr'>τῶν</span> <span class='ocrx_word' id='word_1_307' title='bbox 1576 3762 1782 3833; x_wconf 81' lang='grc' dir='ltr'>ἐχθρῶν</span> <span class='ocrx_word' id='word_1_308' title='bbox 1806 3764 1980 3836; x_wconf 79' lang='grc' dir='ltr'>ὕϐρις,</span> <span class='ocrx_word' id='word_1_309' title='bbox 2011 3766 2107 3820; x_wconf 84' lang='grc' dir='ltr'>ἐὰν</span> 
     </span>
    </p>
   </div>
   <div class='ocr_carea' id='block_1_42' title="bbox 543 3847 2110 3926">
    <p class='ocr_par' dir='ltr' id='par_1_42' title="bbox 543 3847 2110 3926">
     <span class='ocr_line' id='line_1_42' title="bbox 543 3847 2110 3926; baseline 0.006 -28"><span class='ocrx_word' id='word_1_310' title='bbox 543 3847 846 3915; x_wconf 73' lang='grc' dir='ltr'>φιλοσόφως</span> <span class='ocrx_word' id='word_1_311' title='bbox 874 3849 1041 3921; x_wconf 80' lang='grc' dir='ltr'>αὐτὴν</span> <span class='ocrx_word' id='word_1_312' title='bbox 1064 3850 1349 3921; x_wconf 88' lang='grc' dir='ltr'>φέρωμεν;</span> <span class='ocrx_word' id='word_1_313' title='bbox 1376 3851 1546 3905; x_wconf 84' lang='grc' dir='ltr'>Ὅταν</span> <span class='ocrx_word' id='word_1_314' title='bbox 1571 3852 1701 3922; x_wconf 85' lang='grc' dir='ltr'>γοῦν</span> <span class='ocrx_word' id='word_1_315' title='bbox 1733 3855 1826 3908; x_wconf 80' lang='grc' dir='ltr'>καὶ</span> <span class='ocrx_word' id='word_1_316' title='bbox 1853 3854 2110 3926; x_wconf 82' lang='grc' dir='ltr'>ψευδόμε-</span> 
     </span>
    </p>
   </div>
   <div class='ocr_carea' id='block_1_43' title="bbox 542 3936 2106 4018">
    <p class='ocr_par' dir='ltr' id='par_1_43' title="bbox 542 3936 2106 4018">
     <span class='ocr_line' id='line_1_43' title="bbox 542 3936 2106 4018; baseline 0.008 -30"><span class='ocrx_word' id='word_1_317' title='bbox 542 3953 620 3988; x_wconf 87' lang='grc' dir='ltr'>νοι</span> <span class='ocrx_word' id='word_1_318' title='bbox 645 3937 739 3989; x_wconf 71' lang='grc' dir='ltr'>καὶ</span> <span class='ocrx_word' id='word_1_319' title='bbox 765 3936 1116 4006; x_wconf 87' lang='grc' dir='ltr'>ἀληθεύοντες</span> <span class='ocrx_word' id='word_1_320' title='bbox 1138 3941 1285 4010; x_wconf 80' lang='grc' dir='ltr'>ἡμᾶς</span> <span class='ocrx_word' id='word_1_321' title='bbox 1311 3942 1581 4010; x_wconf 87' lang='grc' dir='ltr'>ὠφελῶσι,</span> <span class='ocrx_word' id='word_1_322' title='bbox 1599 3943 1739 4007; x_wconf 90' lang='grc' dir='ltr'>τίνος</span> <span class='ocrx_word' id='word_1_323' title='bbox 1756 3945 1940 3999; x_wconf 73' lang='grc' dir='ltr'>ἕνεκεν</span> <span class='ocrx_word' id='word_1_324' title='bbox 1955 3945 2106 4018; x_wconf 80' lang='grc'>[⁸776]</span> 
     </span>
    </p>
   </div>
   <div class='ocr_carea' id='block_1_44' title="bbox 540 4027 2108 4107">
    <p class='ocr_par' dir='ltr' id='par_1_44' title="bbox 540 4027 2108 4107">
     <span class='ocr_line' id='line_1_44' title="bbox 540 4027 2108 4107; baseline 0.007 -27"><span class='ocrx_word' id='word_1_325' title='bbox 540 4027 844 4099; x_wconf 88' lang='grc' dir='ltr'>ἀλγοῦμεν;</span> <span class='ocrx_word' id='word_1_326' title='bbox 874 4030 1017 4094; x_wconf 90' lang='grc' dir='ltr'>τίνος</span> <span class='ocrx_word' id='word_1_327' title='bbox 1038 4031 1222 4086; x_wconf 80' lang='grc' dir='ltr'>ἓνεκεν</span> <span class='ocrx_word' id='word_1_328' title='bbox 1245 4031 1581 4103; x_wconf 73' lang='grc' dir='ltr'>δακνόμεθα,</span> <span class='ocrx_word' id='word_1_329' title='bbox 1603 4035 1699 4088; x_wconf 79' lang='grc' dir='ltr'>Ἂν</span> <span class='ocrx_word' id='word_1_330' title='bbox 1722 4035 1796 4107; x_wconf 86' lang='grc' dir='ltr'>μὴ</span> <span class='ocrx_word' id='word_1_331' title='bbox 1828 4037 1890 4089; x_wconf 80' lang='grc' dir='ltr'>σὺ</span> <span class='ocrx_word' id='word_1_332' title='bbox 1915 4039 2108 4092; x_wconf 85' lang='grc' dir='ltr'>σαυτὸν</span> 
     </span>
    </p>
   </div>
   <div class='ocr_carea' id='block_1_45' title="bbox 540 4120 2107 4198">
    <p class='ocr_par' dir='ltr' id='par_1_45' title="bbox 540 4120 2107 4198">
     <span class='ocr_line' id='line_1_45' title="bbox 540 4120 2107 4198; baseline 0.009 -28"><span class='ocrx_word' id='word_1_333' title='bbox 540 4120 922 4194; x_wconf 75' lang='grc' dir='ltr'>παραϐλάψῃς,</span> <span class='ocrx_word' id='word_1_334' title='bbox 957 4123 1229 4193; x_wconf 76' lang='grc' dir='ltr'>ἄνθρωπε,</span> <span class='ocrx_word' id='word_1_335' title='bbox 1260 4124 1384 4178; x_wconf 78' lang='grc' dir='ltr'>οὔτε</span> <span class='ocrx_word' id='word_1_336' title='bbox 1414 4126 1586 4196; x_wconf 85' lang='grc' dir='ltr'>φίλος,</span> <span class='ocrx_word' id='word_1_337' title='bbox 1621 4126 1730 4180; x_wconf 76' lang='grc' dir='ltr'>οὔτ’</span> <span class='ocrx_word' id='word_1_338' title='bbox 1754 4127 1966 4198; x_wconf 80' lang='grc' dir='ltr'>ἐχθρὸς,</span> <span class='ocrx_word' id='word_1_339' title='bbox 1996 4131 2107 4186; x_wconf 73' lang='grc' dir='ltr'>οὒτ’</span> 
     </span>
    </p>
   </div>
   <div class='ocr_carea' id='block_1_46' title="bbox 541 4211 2116 4296">
    <p class='ocr_par' dir='ltr' id='par_1_46' title="bbox 541 4211 2116 4296">
     <span class='ocr_line' id='line_1_46' title="bbox 541 4211 2116 4296; baseline 0.01 -35"><span class='ocrx_word' id='word_1_340' title='bbox 541 4211 701 4294; x_wconf 81' lang='grc' dir='ltr'>αὐτός</span> <span class='ocrx_word' id='word_1_341' title='bbox 722 4229 782 4264; x_wconf 90' lang='grc' dir='ltr'>σε</span> <span class='ocrx_word' id='word_1_342' title='bbox 810 4215 838 4266; x_wconf 93' lang='lat'>6</span> <span class='ocrx_word' id='word_1_343' title='bbox 855 4213 1098 4278; x_wconf 88' lang='grc' dir='ltr'>διάϐολος</span> <span class='ocrx_word' id='word_1_344' title='bbox 1121 4215 1472 4287; x_wconf 73' lang='grc' dir='ltr'>παραϐλάψαι</span> <span class='ocrx_word' id='word_1_345' title='bbox 1491 4217 1792 4288; x_wconf 87' lang='grc' dir='ltr'>δυνήσεται.</span> <span class='ocrx_word' id='word_1_346' title='bbox 1814 4222 1979 4276; x_wconf 87' lang='grc' dir='ltr'>Ὅταν</span> <span class='ocrx_word' id='word_1_347' title='bbox 2001 4224 2116 4296; x_wconf 83' lang='grc' dir='ltr'>γὰρ</span> 
     </span>
    </p>
   </div>
   <div class='ocr_carea' id='block_1_47' title="bbox 539 4285 2108 4383">
    <p class='ocr_par' dir='ltr' id='par_1_47' title="bbox 539 4285 2108 4383">
     <span class='ocr_line' id='line_1_47' title="bbox 539 4285 2108 4383; baseline 0.008 -29"><span class='ocrx_word' id='word_1_348' title='bbox 539 4285 588 4355; x_wconf 77' lang='grc' dir='ltr'>όι</span> <span class='ocrx_word' id='word_1_349' title='bbox 620 4303 959 4374; x_wconf 81' lang='grc' dir='ltr'>ὑϐρίζοντες,</span> <span class='ocrx_word' id='word_1_350' title='bbox 1006 4307 1055 4358; x_wconf 92' lang='grc' dir='ltr'>οἱ</span> <span class='ocrx_word' id='word_1_351' title='bbox 1093 4285 1454 4376; x_wconf 83' lang='grc' dir='ltr'>δημεύοντες,</span> <span class='ocrx_word' id='word_1_352' title='bbox 1502 4310 1550 4360; x_wconf 84' lang='grc' dir='ltr'>οἰ</span> <span class='ocrx_word' id='word_1_353' title='bbox 1600 4285 1760 4380; x_wconf 82' lang='grc' dir='ltr'>μέχρι</span> <span class='ocrx_word' id='word_1_354' title='bbox 1815 4311 1914 4383; x_wconf 88' lang='grc' dir='ltr'>τῆς</span> 
     </span>
    </p>
   </div>
   <div class='ocr_carea' id='block_1_48' title="bbox 539 4394 2104 4474">
    <p class='ocr_par' dir='ltr' id='par_1_48' title="bbox 539 4394 2104 4474">
     <span class='ocr_line' id='line_1_48' title="bbox 539 4394 2104 4474; baseline 0.009 -29"><span class='ocrx_word' id='word_1_355' title='bbox 539 4394 709 4462; x_wconf 84' lang='grc' dir='ltr'>αὐτῆς</span> <span class='ocrx_word' id='word_1_356' title='bbox 764 4395 1201 4459; x_wconf 89' lang='grc' dir='ltr'>ἐπιϐουλεύοντες</span> <span class='ocrx_word' id='word_1_357' title='bbox 1230 4397 1511 4466; x_wconf 82' lang='grc' dir='ltr'>ὠφελῶσιν</span> <span class='ocrx_word' id='word_1_358' title='bbox 1541 4401 1718 4472; x_wconf 83' lang='grc' dir='ltr'>ήμᾶς,</span> <span class='ocrx_word' id='word_1_359' title='bbox 1768 4403 1860 4455; x_wconf 78' lang='grc' dir='ltr'>καὶ</span> <span class='ocrx_word' id='word_1_360' title='bbox 1903 4404 1952 4456; x_wconf 82' lang='grc' dir='ltr'>οἰ</span> <span class='ocrx_word' id='word_1_361' title='bbox 2009 4404 2104 4474; x_wconf 80' lang='grc' dir='ltr'>μὲν</span> 
     </span>
    </p>
   </div>
   <div class='ocr_carea' id='block_1_49' title="bbox 541 4485 2106 4563">
    <p class='ocr_par' dir='ltr' id='par_1_49' title="bbox 541 4485 2106 4563">
     <span class='ocr_line' id='line_1_49' title="bbox 541 4485 2106 4563; baseline 0.006 -26"><span class='ocrx_word' id='word_1_362' title='bbox 541 4485 840 4556; x_wconf 83' lang='grc' dir='ltr'>μαρτυρίου</span> <span class='ocrx_word' id='word_1_363' title='bbox 877 4486 1136 4555; x_wconf 89' lang='grc' dir='ltr'>στέφανον</span> <span class='ocrx_word' id='word_1_364' title='bbox 1159 4489 1290 4559; x_wconf 88' lang='grc' dir='ltr'>ήμῖν</span> <span class='ocrx_word' id='word_1_365' title='bbox 1321 4488 1580 4554; x_wconf 87' lang='grc' dir='ltr'>πλέκωσι,</span> <span class='ocrx_word' id='word_1_366' title='bbox 1617 4491 1867 4563; x_wconf 87' lang='grc' dir='ltr'>καθάπερ</span> <span class='ocrx_word' id='word_1_367' title='bbox 1895 4494 2106 4547; x_wconf 87' lang='grc' dir='ltr'>ἀπεδεί-</span> 
     </span>
    </p>
   </div>
   <div class='ocr_carea' id='block_1_50' title="bbox 540 4575 2105 4656">
    <p class='ocr_par' dir='ltr' id='par_1_50' title="bbox 540 4575 2105 4656">
     <span class='ocr_line' id='line_1_50' title="bbox 540 4575 2105 4656; baseline 0.008 -29"><span class='ocrx_word' id='word_1_368' title='bbox 540 4575 730 4646; x_wconf 86' lang='grc' dir='ltr'>ξαμεν,</span> <span class='ocrx_word' id='word_1_369' title='bbox 765 4577 814 4629; x_wconf 86' lang='grc' dir='ltr'>οἰ</span> <span class='ocrx_word' id='word_1_370' title='bbox 847 4576 902 4629; x_wconf 87' lang='grc' dir='ltr'>δὲ</span> <span class='ocrx_word' id='word_1_371' title='bbox 933 4577 1002 4631; x_wconf 83' lang='grc' dir='ltr'>τὰ</span> <span class='ocrx_word' id='word_1_372' title='bbox 1049 4581 1421 4650; x_wconf 84' lang='grc' dir='ltr'>ἁμαρτήματα</span> <span class='ocrx_word' id='word_1_373' title='bbox 1458 4581 1615 4652; x_wconf 85' lang='grc' dir='ltr'>ἡμῶν</span> <span class='ocrx_word' id='word_1_374' title='bbox 1641 4583 1982 4656; x_wconf 86' lang='grc' dir='ltr'>ὑποσύρωσι,</span> <span class='ocrx_word' id='word_1_375' title='bbox 2012 4588 2105 4639; x_wconf 72' lang='grc' dir='ltr'>καί¹</span> 
     </span>
    </p>
   </div>
   <div class='ocr_carea' id='block_1_51' title="bbox 535 4669 2102 4746">
    <p class='ocr_par' dir='ltr' id='par_1_51' title="bbox 535 4669 2102 4746">
     <span class='ocr_line' id='line_1_51' title="bbox 535 4669 2102 4746; baseline 0.004 -23"><span class='ocrx_word' id='word_1_376' title='bbox 535 4669 780 4733; x_wconf 87' lang='grc' dir='ltr'>δικαίους</span> <span class='ocrx_word' id='word_1_377' title='bbox 815 4671 962 4741; x_wconf 83' lang='grc' dir='ltr'>ἡμᾶς</span> <span class='ocrx_word' id='word_1_378' title='bbox 992 4671 1347 4742; x_wconf 77' lang='grc' dir='ltr'>ἐργάζωνται,</span> <span class='ocrx_word' id='word_1_379' title='bbox 1390 4674 1579 4746; x_wconf 82' lang='grc' dir='ltr'>ὥσπερ</span> <span class='ocrx_word' id='word_1_380' title='bbox 1610 4677 1702 4728; x_wconf 78' lang='grc' dir='ltr'>ἐπὶ</span> <span class='ocrx_word' id='word_1_381' title='bbox 1740 4676 1834 4730; x_wconf 91' lang='grc' dir='ltr'>τοῦ</span> <span class='ocrx_word' id='word_1_382' title='bbox 1873 4678 2102 4731; x_wconf 87' lang='grc' dir='ltr'>τελώνου</span> 
     </span>
    </p>
   </div>
   <div class='ocr_carea' id='block_1_52' title="bbox 535 4761 2102 4839">
    <p class='ocr_par' dir='ltr' id='par_1_52' title="bbox 535 4761 2102 4839">
     <span class='ocr_line' id='line_1_52' title="bbox 535 4761 2102 4839; baseline 0.004 -25"><span class='ocrx_word' id='word_1_383' title='bbox 535 4762 748 4829; x_wconf 89' lang='grc' dir='ltr'>γέγονε,</span> <span class='ocrx_word' id='word_1_384' title='bbox 776 4761 918 4826; x_wconf 88' lang='grc' dir='ltr'>τίνος</span> <span class='ocrx_word' id='word_1_385' title='bbox 945 4763 1128 4816; x_wconf 72' lang='grc' dir='ltr'>ἕνεκεν</span> <span class='ocrx_word' id='word_1_386' title='bbox 1159 4764 1561 4835; x_wconf 84' lang='grc' dir='ltr'>ἐκθηριούμεθα</span> <span class='ocrx_word' id='word_1_387' title='bbox 1592 4766 1726 4837; x_wconf 82' lang='grc' dir='ltr'>πρὸς</span> <span class='ocrx_word' id='word_1_388' title='bbox 1751 4767 1981 4831; x_wconf 87' lang='grc' dir='ltr'>αὐτούς;</span> <span class='ocrx_word' id='word_1_389' title='bbox 2012 4769 2102 4839; x_wconf 84' lang='grc' dir='ltr'>Μὴ</span> 
     </span>
    </p>
   </div>
   <div class='ocr_carea' id='block_1_53' title="bbox 533 4853 2105 4927">
    <p class='ocr_par' dir='ltr' id='par_1_53' title="bbox 533 4853 2105 4927">
     <span class='ocr_line' id='line_1_53' title="bbox 533 4853 2105 4927; baseline 0.004 -23"><span class='ocrx_word' id='word_1_390' title='bbox 533 4853 711 4906; x_wconf 87' lang='grc' dir='ltr'>τοίνυν</span> <span class='ocrx_word' id='word_1_391' title='bbox 746 4853 992 4924; x_wconf 88' lang='grc' dir='ltr'>λέγωμεν</span> <span class='ocrx_word' id='word_1_392' title='bbox 1013 4871 1026 4886; x_wconf 89' lang='grc'><strong>·</strong></span> <span class='ocrx_word' id='word_1_393' title='bbox 1063 4855 1120 4908; x_wconf 90' lang='lat'>&#39;0</span> <span class='ocrx_word' id='word_1_394' title='bbox 1151 4855 1296 4909; x_wconf 88' lang='grc' dir='ltr'>δεῖνά</span> <span class='ocrx_word' id='word_1_395' title='bbox 1331 4874 1397 4927; x_wconf 87' lang='grc' dir='ltr'>με</span> <span class='ocrx_word' id='word_1_396' title='bbox 1431 4855 1748 4927; x_wconf 81' lang='grc' dir='ltr'>παρώξυνε,</span> <span class='ocrx_word' id='word_1_397' title='bbox 1781 4858 1872 4910; x_wconf 73' lang='grc' dir='ltr'>καὶ</span> <span class='ocrx_word' id='word_1_398' title='bbox 1905 4860 1934 4910; x_wconf 94' lang='lat'>6</span> <span class='ocrx_word' id='word_1_399' title='bbox 1959 4858 2105 4912; x_wconf 87' lang='grc' dir='ltr'>δεῖνά</span> 
     </span>
    </p>
   </div>
   <div class='ocr_carea' id='block_1_54' title="bbox 539 4946 2100 5019">
    <p class='ocr_par' dir='ltr' id='par_1_54' title="bbox 539 4946 2100 5019">
     <span class='ocr_line' id='line_1_54' title="bbox 539 4946 2100 5019; baseline 0.004 -22"><span class='ocrx_word' id='word_1_400' title='bbox 539 4961 606 5014; x_wconf 88' lang='grc' dir='ltr'>με</span> <span class='ocrx_word' id='word_1_401' title='bbox 639 4946 951 5015; x_wconf 87' lang='grc' dir='ltr'>προήγαγεν</span> <span class='ocrx_word' id='word_1_402' title='bbox 1003 4949 1176 5000; x_wconf 89' lang='grc' dir='ltr'>εἰπεῖν</span> <span class='ocrx_word' id='word_1_403' title='bbox 1228 4949 1447 5019; x_wconf 79' lang='grc' dir='ltr'>ῥήματα</span> <span class='ocrx_word' id='word_1_404' title='bbox 1480 4949 1709 5019; x_wconf 84' lang='grc' dir='ltr'>αἰσχρά⁶</span> <span class='ocrx_word' id='word_1_405' title='bbox 1749 4949 1908 5019; x_wconf 90' lang='grc' dir='ltr'>ήμεῖς</span> <span class='ocrx_word' id='word_1_406' title='bbox 1940 4950 2100 5003; x_wconf 80' lang='grc' dir='ltr'>αἴτιοι</span> 
     </span>
    </p>
   </div>
   <div class='ocr_carea' id='block_1_55' title="bbox 537 5035 2101 5110">
    <p class='ocr_par' dir='ltr' id='par_1_55' title="bbox 537 5035 2101 5110">
     <span class='ocr_line' id='line_1_55' title="bbox 537 5035 2101 5110; baseline 0.004 -23"><span class='ocrx_word' id='word_1_407' title='bbox 537 5035 814 5106; x_wconf 79' lang='grc' dir='ltr'>πανταχοῦ</span> <span class='ocrx_word' id='word_1_408' title='bbox 848 5037 1072 5091; x_wconf 88' lang='grc' dir='ltr'>τούτων.</span> <span class='ocrx_word' id='word_1_409' title='bbox 1102 5039 1200 5091; x_wconf 79' lang='grc' dir='ltr'>Ἂν</span> <span class='ocrx_word' id='word_1_410' title='bbox 1221 5039 1329 5110; x_wconf 86' lang='grc' dir='ltr'>γὰρ</span> <span class='ocrx_word' id='word_1_411' title='bbox 1356 5039 1596 5109; x_wconf 88' lang='grc' dir='ltr'>θέλωμεν</span> <span class='ocrx_word' id='word_1_412' title='bbox 1629 5037 1956 5108; x_wconf 85' lang='grc' dir='ltr'>φιλοσοφεῖν,</span> <span class='ocrx_word' id='word_1_413' title='bbox 1983 5041 2101 5094; x_wconf 82' lang='grc' dir='ltr'>οὐδέ</span> 
     </span>
    </p>
   </div>
   <div class='ocr_carea' id='block_1_56' title="bbox 532 5129 2102 5203">
    <p class='ocr_par' dir='ltr' id='par_1_56' title="bbox 532 5129 2102 5203">
     <span class='ocr_line' id='line_1_56' title="bbox 532 5129 2102 5203; baseline 0.002 -21"><span class='ocrx_word' id='word_1_414' title='bbox 532 5129 740 5193; x_wconf 86' lang='grc' dir='ltr'>δαίμων</span> <span class='ocrx_word' id='word_1_415' title='bbox 786 5129 933 5200; x_wconf 81' lang='grc' dir='ltr'>ἡμᾶς</span> <span class='ocrx_word' id='word_1_416' title='bbox 985 5129 1270 5202; x_wconf 88' lang='grc' dir='ltr'>δυνήσεται</span> <span class='ocrx_word' id='word_1_417' title='bbox 1317 5131 1536 5201; x_wconf 78' lang='grc' dir='ltr'>κινῆσαι</span> <span class='ocrx_word' id='word_1_418' title='bbox 1585 5131 1720 5203; x_wconf 86' lang='grc' dir='ltr'>πρὸς</span> <span class='ocrx_word' id='word_1_419' title='bbox 1766 5130 1968 5203; x_wconf 81' lang='grc' dir='ltr'>όργήν’</span> <span class='ocrx_word' id='word_1_420' title='bbox 2007 5133 2102 5185; x_wconf 78' lang='grc' dir='ltr'>καὶ</span> 
     </span>
    </p>
   </div>
   <div class='ocr_carea' id='block_1_57' title="bbox 530 5218 2098 5293">
    <p class='ocr_par' dir='ltr' id='par_1_57' title="bbox 530 5218 2098 5293">
     <span class='ocr_line' id='line_1_57' title="bbox 530 5218 2098 5293; baseline 0.003 -21"><span class='ocrx_word' id='word_1_421' title='bbox 530 5218 688 5273; x_wconf 82' lang='grc' dir='ltr'>τοῦτο</span> <span class='ocrx_word' id='word_1_422' title='bbox 706 5219 864 5290; x_wconf 84' lang='grc' dir='ltr'>δῆλον</span> <span class='ocrx_word' id='word_1_423' title='bbox 893 5220 983 5273; x_wconf 77' lang='grc' dir='ltr'>καὶ</span> <span class='ocrx_word' id='word_1_424' title='bbox 1007 5220 1065 5287; x_wconf 87' lang='grc' dir='ltr'>ἐξ</span> <span class='ocrx_word' id='word_1_425' title='bbox 1096 5221 1269 5276; x_wconf 80' lang='grc' dir='ltr'>ἄλλων</span> <span class='ocrx_word' id='word_1_426' title='bbox 1299 5223 1395 5292; x_wconf 81' lang='grc' dir='ltr'>μὲν</span> <span class='ocrx_word' id='word_1_427' title='bbox 1420 5221 1649 5288; x_wconf 88' lang='grc' dir='ltr'>πολλῶν,</span> <span class='ocrx_word' id='word_1_428' title='bbox 1682 5223 1777 5276; x_wconf 77' lang='grc' dir='ltr'>καὶ</span> <span class='ocrx_word' id='word_1_429' title='bbox 1803 5223 1899 5278; x_wconf 81' lang='grc' dir='ltr'>ἀπ’</span> <span class='ocrx_word' id='word_1_430' title='bbox 1926 5224 2098 5293; x_wconf 84' lang='grc' dir='ltr'>αὐτῆς</span> 
     </span>
    </p>
   </div>
   <div class='ocr_carea' id='block_1_58' title="bbox 529 5309 2097 5385">
    <p class='ocr_par' dir='ltr' id='par_1_58' title="bbox 529 5309 2097 5385">
     <span class='ocr_line' id='line_1_58' title="bbox 529 5309 2097 5385; baseline 0.001 -21"><span class='ocrx_word' id='word_1_431' title='bbox 529 5310 589 5364; x_wconf 81' lang='grc' dir='ltr'>δὲ</span> <span class='ocrx_word' id='word_1_432' title='bbox 641 5309 741 5381; x_wconf 88' lang='grc' dir='ltr'>τῆς</span> <span class='ocrx_word' id='word_1_433' title='bbox 796 5313 1164 5383; x_wconf 82' lang='grc' dir='ltr'>προκειμένης</span> <span class='ocrx_word' id='word_1_434' title='bbox 1217 5314 1346 5382; x_wconf 81' lang='grc' dir='ltr'>ἡμῖν</span> <span class='ocrx_word' id='word_1_435' title='bbox 1397 5314 1633 5384; x_wconf 79' lang='grc' dir='ltr'>ἱστορίας</span> <span class='ocrx_word' id='word_1_436' title='bbox 1690 5315 1788 5385; x_wconf 87' lang='grc' dir='ltr'>τῆς</span> <span class='ocrx_word' id='word_1_437' title='bbox 1831 5316 1958 5385; x_wconf 80' lang='grc' dir='ltr'>περὶ</span> <span class='ocrx_word' id='word_1_438' title='bbox 2005 5313 2097 5368; x_wconf 90' lang='grc' dir='ltr'>τοῦ</span> 
     </span>
    </p>
   </div>
   <div class='ocr_carea' id='block_1_59' title="bbox 530 5403 2097 5476">
    <p class='ocr_par' dir='ltr' id='par_1_59' title="bbox 530 5403 2097 5476">
     <span class='ocr_line' id='line_1_59' title="bbox 530 5403 2097 5476; baseline 0.003 -21"><span class='ocrx_word' id='word_1_439' title='bbox 530 5403 713 5468; x_wconf 81' lang='grc' dir='ltr'>Δαυῖδ,</span> <span class='ocrx_word' id='word_1_440' title='bbox 749 5403 814 5474; x_wconf 78' lang='grc' dir='ltr'>ἣν</span> <span class='ocrx_word' id='word_1_441' title='bbox 844 5403 992 5472; x_wconf 77' lang='grc' dir='ltr'>ἀξιον</span> <span class='ocrx_word' id='word_1_442' title='bbox 1019 5405 1113 5457; x_wconf 79' lang='grc' dir='ltr'>καὶ</span> <span class='ocrx_word' id='word_1_443' title='bbox 1147 5405 1383 5476; x_wconf 87' lang='grc' dir='ltr'>σήμερον</span> <span class='ocrx_word' id='word_1_444' title='bbox 1424 5410 1763 5476; x_wconf 82' lang='grc' dir='ltr'>παραγαγεῖν</span> <span class='ocrx_word' id='word_1_445' title='bbox 1793 5409 1870 5470; x_wconf 89' lang='grc' dir='ltr'>εἰς</span> <span class='ocrx_word' id='word_1_446' title='bbox 1913 5407 2097 5476; x_wconf 82' lang='grc' dir='ltr'>μέσον.</span> 
     </span>
    </p>
   </div>
   <div class='ocr_carea' id='block_1_60' title="bbox 536 5495 2098 5569">
    <p class='ocr_par' dir='ltr' id='par_1_60' title="bbox 536 5495 2098 5569">
     <span class='ocr_line' id='line_1_60' title="bbox 536 5495 2098 5569; baseline 0.001 -20"><span class='ocrx_word' id='word_1_447' title='bbox 536 5497 798 5569; x_wconf 85' lang='grc' dir='ltr'>πρότερον</span> <span class='ocrx_word' id='word_1_448' title='bbox 835 5497 1240 5568; x_wconf 85' lang='grc' dir='ltr'>ἀναμνήσαντες</span> <span class='ocrx_word' id='word_1_449' title='bbox 1274 5495 1425 5566; x_wconf 86' lang='grc' dir='ltr'>ὑμῶν</span> <span class='ocrx_word' id='word_1_450' title='bbox 1453 5495 1549 5567; x_wconf 80' lang='grc' dir='ltr'>τήν</span> <span class='ocrx_word' id='word_1_451' title='bbox 1596 5497 1835 5568; x_wconf 83' lang='grc' dir='ltr'>ἀγάπην,</span> <span class='ocrx_word' id='word_1_452' title='bbox 1867 5499 1968 5551; x_wconf 87' lang='grc' dir='ltr'>ποῦ</span> <span class='ocrx_word' id='word_1_453' title='bbox 2008 5499 2098 5551; x_wconf 83' lang='grc' dir='ltr'>τὸν</span> 
     </span>
    </p>
   </div>
   <div class='ocr_carea' id='block_1_61' title="bbox 535 5575 2096 5660">
    <p class='ocr_par' dir='ltr' id='par_1_61' title="bbox 535 5575 2096 5660">
     <span class='ocr_line' id='line_1_61' title="bbox 535 5575 2096 5660; baseline 0.003 -20"><span class='ocrx_word' id='word_1_454' title='bbox 535 5586 688 5660; x_wconf 85' lang='grc' dir='ltr'>λόγον</span> <span class='ocrx_word' id='word_1_455' title='bbox 721 5575 1091 5659; x_wconf 84' lang='grc' dir='ltr'>κατελύσαμεν</span> <span class='ocrx_word' id='word_1_456' title='bbox 1127 5588 1334 5657; x_wconf 80' lang='grc' dir='ltr'>πρώην.</span> <span class='ocrx_word' id='word_1_457' title='bbox 1354 5589 1464 5644; x_wconf 83' lang='grc' dir='ltr'>Ποῦ</span> <span class='ocrx_word' id='word_1_458' title='bbox 1485 5590 1661 5644; x_wconf 86' lang='grc' dir='ltr'>τοίνυν</span> <span class='ocrx_word' id='word_1_459' title='bbox 1693 5592 1853 5647; x_wconf 82' lang='grc' dir='ltr'>αὑτὸν</span> <span class='ocrx_word' id='word_1_460' title='bbox 1878 5591 2096 5647; x_wconf 74' lang='grc' dir='ltr'>κατελύ-</span> 
     </span>
    </p>
   </div>
   <div class='ocr_carea' id='block_1_62' title="bbox 1215 213 3072 277">
    <p class='ocr_par' dir='ltr' id='par_1_62' title="bbox 1215 213 3072 277">
     <span class='ocr_line' id='line_1_62' title="bbox 1215 213 3072 277; baseline -0.003 0"><span class='ocrx_word' id='word_1_461' title='bbox 1215 219 1277 277; x_wconf 87' lang='lat' dir='ltr'>S.</span> <span class='ocrx_word' id='word_1_462' title='bbox 1319 219 1608 277; x_wconf 73' lang='lat' dir='ltr'>JOANNIS</span> <span class='ocrx_word' id='word_1_463' title='bbox 1639 213 2128 275; x_wconf 76' lang='lat' dir='ltr'>CllRYSOSTOMl</span> <span class='ocrx_word' id='word_1_464' title='bbox 2165 213 2482 274; x_wconf 65' lang='lat' dir='ltr'>ARCI-HEP.</span> <span class='ocrx_word' id='word_1_465' title='bbox 2522 216 3072 274; x_wconf 71' lang='lat' dir='ltr'>CONSTA-NTINOP.</span> 
     </span>
    </p>
   </div>
   <div class='ocr_carea' id='block_1_63' title="bbox 3680 224 3794 280">
    <p class='ocr_par' dir='ltr' id='par_1_63' title="bbox 3680 224 3794 280">
     <span class='ocr_line' id='line_1_63' title="bbox 3680 224 3794 280; baseline 0.018 -2"><span class='ocrx_word' id='word_1_466' title='bbox 3680 224 3794 280; x_wconf 62' lang='lat'>70%</span> 
     </span>
    </p>
   </div>
   <div class='ocr_carea' id='block_1_64' title="bbox 2213 332 3793 406">
    <p class='ocr_par' dir='ltr' id='par_1_64' title="bbox 2213 332 3793 406">
     <span class='ocr_line' id='line_1_64' title="bbox 2213 332 3793 406; baseline 0.009 -24"><span class='ocrx_word' id='word_1_467' title='bbox 2213 347 2420 402; x_wconf 85' lang='grc' dir='ltr'>σαμεν;</span> <span class='ocrx_word' id='word_1_468' title='bbox 2461 332 2557 398; x_wconf 84' lang='grc' dir='ltr'>Εἰς</span> <span class='ocrx_word' id='word_1_469' title='bbox 2597 334 2695 405; x_wconf 84' lang='grc' dir='ltr'>τὴν</span> <span class='ocrx_word' id='word_1_470' title='bbox 2743 335 3038 403; x_wconf 83' lang='grc' dir='ltr'>ἀπολογίαν</span> <span class='ocrx_word' id='word_1_471' title='bbox 3075 335 3174 406; x_wconf 83' lang='grc' dir='ltr'>τήν</span> <span class='ocrx_word' id='word_1_472' title='bbox 3200 334 3294 389; x_wconf 89' lang='grc' dir='ltr'>τοῦ</span> <span class='ocrx_word' id='word_1_473' title='bbox 3343 338 3526 391; x_wconf 81' lang='grc' dir='ltr'>Δαυῒδ.</span> <span class='ocrx_word' id='word_1_474' title='bbox 3571 340 3793 396; x_wconf 77' lang='grc' dir='ltr'>Οὐκοῦν</span> 
     </span>
    </p>
   </div>
   <div class='ocr_carea' id='block_1_65' title="bbox 2212 423 3793 498">
    <p class='ocr_par' dir='ltr' id='par_1_65' title="bbox 2212 423 3793 498">
     <span class='ocr_line' id='line_1_65' title="bbox 2212 423 3793 498; baseline 0.008 -22"><span class='ocrx_word' id='word_1_475' title='bbox 2212 423 2425 493; x_wconf 86' lang='grc' dir='ltr'>ἀνάγκη</span> <span class='ocrx_word' id='word_1_476' title='bbox 2461 426 2700 496; x_wconf 88' lang='grc' dir='ltr'>σήμερον</span> <span class='ocrx_word' id='word_1_477' title='bbox 2730 427 2798 478; x_wconf 90' lang='grc' dir='ltr'>τά</span> <span class='ocrx_word' id='word_1_478' title='bbox 2843 426 2934 478; x_wconf 90' lang='grc' dir='ltr'>τοῦ</span> <span class='ocrx_word' id='word_1_479' title='bbox 2978 427 3152 480; x_wconf 80' lang='grc' dir='ltr'>Σαοὺλ</span> <span class='ocrx_word' id='word_1_480' title='bbox 3201 428 3420 498; x_wconf 79' lang='grc' dir='ltr'>ῥήματα</span> <span class='ocrx_word' id='word_1_481' title='bbox 3448 431 3646 494; x_wconf 87' lang='grc' dir='ltr'>εἰπεῖν,</span> <span class='ocrx_word' id='word_1_482' title='bbox 3688 434 3793 487; x_wconf 72' lang='grc' dir='ltr'>καὶ</span> 
     </span>
    </p>
   </div>
   <div class='ocr_carea' id='block_1_66' title="bbox 2216 512 3790 594">
    <p class='ocr_par' dir='ltr' id='par_1_66' title="bbox 2216 512 3790 594">
     <span class='ocr_line' id='line_1_66' title="bbox 2216 512 3790 594; baseline 0.008 -29"><span class='ocrx_word' id='word_1_483' title='bbox 2216 513 2341 566; x_wconf 85' lang='grc' dir='ltr'>ἰδεῖν</span> <span class='ocrx_word' id='word_1_484' title='bbox 2380 515 2434 568; x_wconf 89' lang='grc' dir='ltr'>τί</span> <span class='ocrx_word' id='word_1_485' title='bbox 2479 514 2615 583; x_wconf 80' lang='grc' dir='ltr'>πρὸς</span> <span class='ocrx_word' id='word_1_486' title='bbox 2662 514 2759 584; x_wconf 79' lang='grc' dir='ltr'>τὴν</span> <span class='ocrx_word' id='word_1_487' title='bbox 2790 514 3150 583; x_wconf 81' lang='grc' dir='ltr'>δικαιολογίαν</span> <span class='ocrx_word' id='word_1_488' title='bbox 3196 512 3403 572; x_wconf 84' lang='grc' dir='ltr'>ἐκείνου</span> <span class='ocrx_word' id='word_1_489' title='bbox 3449 521 3790 594; x_wconf 84' lang='grc' dir='ltr'>ἀπεκρίνατο</span> 
     </span>
    </p>
   </div>
   <div class='ocr_carea' id='block_1_67' title="bbox 2213 599 3792 684">
    <p class='ocr_par' dir='ltr' id='par_1_67' title="bbox 2213 599 3792 684">
     <span class='ocr_line' id='line_1_67' title="bbox 2213 599 3792 684; baseline 0.007 -26"><span class='ocrx_word' id='word_1_490' title='bbox 2213 599 2387 669; x_wconf 74' lang='grc' dir='ltr'>οὗτος.</span> <span class='ocrx_word' id='word_1_491' title='bbox 2419 607 2492 660; x_wconf 78' lang='grc' dir='ltr'>Οὐ</span> <span class='ocrx_word' id='word_1_492' title='bbox 2521 606 2630 676; x_wconf 81' lang='grc' dir='ltr'>γὰρ</span> <span class='ocrx_word' id='word_1_493' title='bbox 2671 606 2734 676; x_wconf 86' lang='grc' dir='ltr'>δὴ</span> <span class='ocrx_word' id='word_1_494' title='bbox 2772 608 2930 683; x_wconf 84' lang='grc' dir='ltr'>μόνον</span> <span class='ocrx_word' id='word_1_495' title='bbox 2957 610 3050 676; x_wconf 87' lang='grc' dir='ltr'>ἀφ’</span> <span class='ocrx_word' id='word_1_496' title='bbox 3094 602 3168 662; x_wconf 84' lang='grc' dir='ltr'>ὧν</span> <span class='ocrx_word' id='word_1_497' title='bbox 3195 612 3224 662; x_wconf 91' lang='grc' dir='ltr'>ό</span> <span class='ocrx_word' id='word_1_498' title='bbox 3272 611 3437 665; x_wconf 83' lang='grc' dir='ltr'>Δαυῖδ</span> <span class='ocrx_word' id='word_1_499' title='bbox 3482 615 3792 684; x_wconf 85' lang='grc' dir='ltr'>ἐφθέγξατο</span> 
     </span>
    </p>
   </div>
   <div class='ocr_carea' id='block_1_68' title="bbox 2215 693 3792 776">
    <p class='ocr_par' dir='ltr' id='par_1_68' title="bbox 2215 693 3792 776">
     <span class='ocr_line' id='line_1_68' title="bbox 2215 693 3792 776; baseline 0.007 -27"><span class='ocrx_word' id='word_1_500' title='bbox 2215 697 2498 766; x_wconf 78' lang='grc' dir='ltr'>ῥημάτων,</span> <span class='ocrx_word' id='word_1_501' title='bbox 2528 696 2662 749; x_wconf 84' lang='grc' dir='ltr'>ἀλλὰ</span> <span class='ocrx_word' id='word_1_502' title='bbox 2691 697 2786 750; x_wconf 71' lang='grc' dir='ltr'>καὶ</span> <span class='ocrx_word' id='word_1_503' title='bbox 2815 697 2906 766; x_wconf 90' lang='grc' dir='ltr'>ἀφ’</span> <span class='ocrx_word' id='word_1_504' title='bbox 2930 693 3002 751; x_wconf 83' lang='grc' dir='ltr'>ὧν</span> <span class='ocrx_word' id='word_1_505' title='bbox 3023 699 3050 750; x_wconf 88' lang='lat'>6</span> <span class='ocrx_word' id='word_1_506' title='bbox 3070 700 3241 753; x_wconf 80' lang='grc' dir='ltr'>Σαοὺλ</span> <span class='ocrx_word' id='word_1_507' title='bbox 3262 700 3430 770; x_wconf 86' lang='grc' dir='ltr'>λέγει,</span> <span class='ocrx_word' id='word_1_508' title='bbox 3455 705 3552 774; x_wconf 79' lang='grc' dir='ltr'>τὴν</span> <span class='ocrx_word' id='word_1_509' title='bbox 3579 707 3792 776; x_wconf 78' lang='grc' dir='ltr'>ἀρετὴν</span> 
     </span>
    </p>
   </div>
   <div class='ocr_carea' id='block_1_69' title="bbox 2212 786 3793 868">
    <p class='ocr_par' dir='ltr' id='par_1_69' title="bbox 2212 786 3793 868">
     <span class='ocr_line' id='line_1_69' title="bbox 2212 786 3793 868; baseline 0.008 -31"><span class='ocrx_word' id='word_1_510' title='bbox 2212 787 2468 856; x_wconf 81' lang='grc' dir='ltr'>εἰσόμεθα</span> <span class='ocrx_word' id='word_1_511' title='bbox 2522 786 2617 838; x_wconf 92' lang='grc' dir='ltr'>τοῦ</span> <span class='ocrx_word' id='word_1_512' title='bbox 2666 788 2859 840; x_wconf 82' lang='grc' dir='ltr'>Δαυῒδ·</span> <span class='ocrx_word' id='word_1_513' title='bbox 2911 789 3132 868; x_wconf 25' lang='grc' dir='ltr'>ἂνὶγάρ</span> <span class='ocrx_word' id='word_1_514' title='bbox 3186 795 3328 863; x_wconf 84' lang='grc' dir='ltr'>φανῇ</span> <span class='ocrx_word' id='word_1_515' title='bbox 3371 810 3423 845; x_wconf 90' lang='grc' dir='ltr'>τι</span> <span class='ocrx_word' id='word_1_516' title='bbox 3462 798 3641 865; x_wconf 79' lang='grc' dir='ltr'>πρᾶον</span> <span class='ocrx_word' id='word_1_517' title='bbox 3688 799 3793 850; x_wconf 81' lang='grc' dir='ltr'>καὶ</span> 
     </span>
    </p>
   </div>
   <div class='ocr_carea' id='block_1_70' title="bbox 2211 871 3793 959">
    <p class='ocr_par' dir='ltr' id='par_1_70' title="bbox 2211 871 3793 959">
     <span class='ocr_line' id='line_1_70' title="bbox 2211 871 3793 959; baseline 0.008 -30"><span class='ocrx_word' id='word_1_518' title='bbox 2211 877 2416 947; x_wconf 78' lang='grc' dir='ltr'>ἥμερον</span> <span class='ocrx_word' id='word_1_519' title='bbox 2446 871 2597 940; x_wconf 75' lang='grc' dir='ltr'>οὗτος</span> <span class='ocrx_word' id='word_1_520' title='bbox 2626 877 3012 948; x_wconf 80' lang='grc' dir='ltr'>φθεγγόμενος,</span> <span class='ocrx_word' id='word_1_521' title='bbox 3033 881 3131 950; x_wconf 83' lang='grc' dir='ltr'>τὴν</span> <span class='ocrx_word' id='word_1_522' title='bbox 3163 882 3340 935; x_wconf 90' lang='grc' dir='ltr'>αἰτίαν</span> <span class='ocrx_word' id='word_1_523' title='bbox 3359 885 3560 940; x_wconf 84' lang='grc' dir='ltr'>τούτων</span> <span class='ocrx_word' id='word_1_524' title='bbox 3589 889 3793 959; x_wconf 79' lang='grc' dir='ltr'>ἐκείνῳ</span> 
     </span>
    </p>
   </div>
   <div class='ocr_carea' id='block_1_71' title="bbox 2212 967 3795 1047">
    <p class='ocr_par' dir='ltr' id='par_1_71' title="bbox 2212 967 3795 1047">
     <span class='ocr_line' id='line_1_71' title="bbox 2212 967 3795 1047; baseline 0.008 -28"><span class='ocrx_word' id='word_1_525' title='bbox 2212 968 2538 1037; x_wconf 87' lang='grc' dir='ltr'>λογιούμεθα</span> <span class='ocrx_word' id='word_1_526' title='bbox 2565 967 2642 1038; x_wconf 82' lang='grc' dir='ltr'>τῷ</span> <span class='ocrx_word' id='word_1_527' title='bbox 2680 968 3035 1038; x_wconf 88' lang='grc' dir='ltr'>μεταϐαλόντι</span> <span class='ocrx_word' id='word_1_528' title='bbox 3083 971 3172 1022; x_wconf 76' lang='grc' dir='ltr'>τὸν</span> <span class='ocrx_word' id='word_1_529' title='bbox 3201 972 3506 1043; x_wconf 82' lang='grc' dir='ltr'>ἄνθρωπον,</span> <span class='ocrx_word' id='word_1_530' title='bbox 3544 977 3624 1047; x_wconf 80' lang='grc' dir='ltr'>τῷ</span> <span class='ocrx_word' id='word_1_531' title='bbox 3660 995 3795 1031; x_wconf 86' lang='grc' dir='ltr'>παι-</span> 
     </span>
    </p>
   </div>
   <div class='ocr_carea' id='block_1_72' title="bbox 2212 1061 3794 1140">
    <p class='ocr_par' dir='ltr' id='par_1_72' title="bbox 2212 1061 3794 1140">
     <span class='ocr_line' id='line_1_72' title="bbox 2212 1061 3794 1140; baseline 0.009 -27"><span class='ocrx_word' id='word_1_532' title='bbox 2212 1061 2460 1114; x_wconf 88' lang='grc' dir='ltr'>δεύσαντι</span> <span class='ocrx_word' id='word_1_533' title='bbox 2495 1063 2589 1116; x_wconf 72' lang='grc' dir='ltr'>καὶ</span> <span class='ocrx_word' id='word_1_534' title='bbox 2637 1063 2963 1134; x_wconf 78' lang='grc' dir='ltr'>ῥυθμίσαντι</span> <span class='ocrx_word' id='word_1_535' title='bbox 3009 1067 3105 1138; x_wconf 82' lang='grc' dir='ltr'>τὴν</span> <span class='ocrx_word' id='word_1_536' title='bbox 3142 1068 3318 1140; x_wconf 72' lang='grc' dir='ltr'>ψυχὴν</span> <span class='ocrx_word' id='word_1_537' title='bbox 3360 1074 3543 1127; x_wconf 82' lang='grc' dir='ltr'>αὑτοῦ.</span> <span class='ocrx_word' id='word_1_538' title='bbox 3579 1076 3650 1128; x_wconf 84' lang='grc' dir='ltr'>Τί</span> <span class='ocrx_word' id='word_1_539' title='bbox 3690 1074 3794 1130; x_wconf 74' lang='grc' dir='ltr'>οὖν</span> 
     </span>
    </p>
   </div>
   <div class='ocr_carea' id='block_1_73' title="bbox 2213 1154 3794 1232">
    <p class='ocr_par' dir='ltr' id='par_1_73' title="bbox 2213 1154 3794 1232">
     <span class='ocr_line' id='line_1_73' title="bbox 2213 1154 3794 1232; baseline 0.013 -29"><span class='ocrx_word' id='word_1_540' title='bbox 2213 1169 2375 1221; x_wconf 88' lang='grc' dir='ltr'>φησιν</span> <span class='ocrx_word' id='word_1_541' title='bbox 2404 1155 2432 1206; x_wconf 90' lang='grc' dir='ltr'>ό</span> <span class='ocrx_word' id='word_1_542' title='bbox 2463 1154 2669 1218; x_wconf 88' lang='grc' dir='ltr'>Σαούλ;</span> <span class='ocrx_word' id='word_1_543' title='bbox 2712 1155 2975 1218; x_wconf 83' lang='grc' dir='ltr'>Ἀκούσας</span> <span class='ocrx_word' id='word_1_544' title='bbox 3017 1159 3110 1210; x_wconf 87' lang='grc' dir='ltr'>τοῦ</span> <span class='ocrx_word' id='word_1_545' title='bbox 3136 1159 3297 1212; x_wconf 85' lang='grc' dir='ltr'>Δαυῒδ</span> <span class='ocrx_word' id='word_1_546' title='bbox 3338 1164 3600 1232; x_wconf 86' lang='grc' dir='ltr'>εἰπόντος,</span> <span class='ocrx_word' id='word_1_547' title='bbox 3637 1167 3794 1222; x_wconf 77' lang='grc' dir='ltr'>Ἰδοὺ</span> 
     </span>
    </p>
   </div>
   <div class='ocr_carea' id='block_1_74' title="bbox 2212 1243 3795 1324">
    <p class='ocr_par' dir='ltr' id='par_1_74' title="bbox 2212 1243 3795 1324">
     <span class='ocr_line' id='line_1_74' title="bbox 2212 1243 3795 1324; baseline 0.011 -29"><span class='ocrx_word' id='word_1_548' title='bbox 2212 1243 2278 1296; x_wconf 83' lang='grc' dir='ltr'>τὸ</span> <span class='ocrx_word' id='word_1_549' title='bbox 2307 1246 2624 1314; x_wconf 75' lang='grc' dir='ltr'>πτερύγιον</span> <span class='ocrx_word' id='word_1_550' title='bbox 2653 1245 2763 1313; x_wconf 85' lang='grc' dir='ltr'>τῆς</span> <span class='ocrx_word' id='word_1_551' title='bbox 2788 1245 3093 1313; x_wconf 78' lang='grc' dir='ltr'>διπλοΐδος</span> <span class='ocrx_word' id='word_1_552' title='bbox 3119 1248 3190 1301; x_wconf 78' lang='grc' dir='ltr'>ἐν</span> <span class='ocrx_word' id='word_1_553' title='bbox 3217 1251 3291 1318; x_wconf 79' lang='grc' dir='ltr'>τῇ</span> <span class='ocrx_word' id='word_1_554' title='bbox 3335 1256 3488 1320; x_wconf 81' lang='grc' dir='ltr'>χειρί</span> <span class='ocrx_word' id='word_1_555' title='bbox 3519 1274 3664 1324; x_wconf 81' lang='grc' dir='ltr'>μου,</span> <span class='ocrx_word' id='word_1_556' title='bbox 3692 1260 3795 1312; x_wconf 77' lang='grc' dir='ltr'>καὶ</span> 
     </span>
    </p>
   </div>
   <div class='ocr_carea' id='block_1_75' title="bbox 2211 1334 3792 1415">
    <p class='ocr_par' dir='ltr' id='par_1_75' title="bbox 2211 1334 3792 1415">
     <span class='ocr_line' id='line_1_75' title="bbox 2211 1334 3792 1415; baseline 0.009 -29"><span class='ocrx_word' id='word_1_557' title='bbox 2211 1334 2378 1388; x_wconf 76' lang='grc' dir='ltr'>τᾶλλα</span> <span class='ocrx_word' id='word_1_558' title='bbox 2404 1334 2560 1388; x_wconf 86' lang='grc' dir='ltr'>πάνθ’</span> <span class='ocrx_word' id='word_1_559' title='bbox 2591 1335 2627 1388; x_wconf 83' lang='grc' dir='ltr'>ἀ</span> <span class='ocrx_word' id='word_1_560' title='bbox 2659 1335 2798 1404; x_wconf 87' lang='grc' dir='ltr'>μετά</span> <span class='ocrx_word' id='word_1_561' title='bbox 2845 1335 3051 1389; x_wconf 88' lang='grc' dir='ltr'>τούτων</span> <span class='ocrx_word' id='word_1_562' title='bbox 3087 1339 3482 1411; x_wconf 84' lang='grc' dir='ltr'>ἀπελογήσατο.</span> <span class='ocrx_word' id='word_1_563' title='bbox 3527 1345 3590 1400; x_wconf 85' lang='grc' dir='ltr'><strong>Ἠ</strong></span> <span class='ocrx_word' id='word_1_564' title='bbox 3611 1349 3792 1415; x_wconf 75' lang='grc' dir='ltr'>φωνή</span> 
     </span>
    </p>
   </div>
   <div class='ocr_carea' id='block_1_76' title="bbox 2212 1424 3792 1509">
    <p class='ocr_par' dir='ltr' id='par_1_76' title="bbox 2212 1424 3792 1509">
     <span class='ocr_line' id='line_1_76' title="bbox 2212 1424 3792 1509; baseline 0.011 -34"><span class='ocrx_word' id='word_1_565' title='bbox 2212 1438 2328 1476; x_wconf 87' lang='grc' dir='ltr'>σου</span> <span class='ocrx_word' id='word_1_566' title='bbox 2354 1424 2526 1490; x_wconf 83' lang='grc' dir='ltr'>αὕτη,</span> <span class='ocrx_word' id='word_1_567' title='bbox 2563 1424 2778 1478; x_wconf 81' lang='grc' dir='ltr'>τέκνον</span> <span class='ocrx_word' id='word_1_568' title='bbox 2807 1426 3022 1492; x_wconf 83' lang='grc' dir='ltr'>Δαυΐδ;</span> <span class='ocrx_word' id='word_1_569' title='bbox 3058 1429 3122 1480; x_wconf 80' lang='grc' dir='ltr'>’Ὤ</span> <span class='ocrx_word' id='word_1_570' title='bbox 3161 1430 3299 1500; x_wconf 85' lang='grc' dir='ltr'>πόση</span> <span class='ocrx_word' id='word_1_571' title='bbox 3329 1431 3549 1500; x_wconf 86' lang='grc' dir='ltr'>γέγονεν</span> <span class='ocrx_word' id='word_1_572' title='bbox 3585 1437 3792 1509; x_wconf 79' lang='grc' dir='ltr'>ἀθρόον</span> 
     </span>
    </p>
   </div>
   <div class='ocr_carea' id='block_1_77' title="bbox 2212 1515 3791 1599">
    <p class='ocr_par' dir='ltr' id='par_1_77' title="bbox 2212 1515 3791 1599">
     <span class='ocr_line' id='line_1_77' title="bbox 2212 1515 3791 1599; baseline 0.01 -33"><span class='ocrx_word' id='word_1_573' title='bbox 2212 1516 2247 1585; x_wconf 85' lang='grc' dir='ltr'>ή</span> <span class='ocrx_word' id='word_1_574' title='bbox 2281 1515 2580 1586; x_wconf 83' lang='grc' dir='ltr'>μεταϐολήί</span> <span class='ocrx_word' id='word_1_575' title='bbox 2638 1517 2696 1570; x_wconf 88' lang='lat'>&#39;0</span> <span class='ocrx_word' id='word_1_576' title='bbox 2739 1517 2848 1588; x_wconf 84' lang='grc' dir='ltr'>γὰρ</span> <span class='ocrx_word' id='word_1_577' title='bbox 2891 1519 3014 1588; x_wconf 85' lang='grc' dir='ltr'>μηδ’</span> <span class='ocrx_word' id='word_1_578' title='bbox 3063 1521 3171 1573; x_wconf 85' lang='grc' dir='ltr'>ἀπὸ</span> <span class='ocrx_word' id='word_1_579' title='bbox 3205 1522 3361 1591; x_wconf 78' lang='grc' dir='ltr'>ψιλοῦ</span> <span class='ocrx_word' id='word_1_580' title='bbox 3395 1525 3488 1578; x_wconf 90' lang='grc' dir='ltr'>τοῦ</span> <span class='ocrx_word' id='word_1_581' title='bbox 3519 1528 3791 1599; x_wconf 81' lang='grc' dir='ltr'>ὀνόματος</span> 
     </span>
    </p>
   </div>
   <div class='ocr_carea' id='block_1_78' title="bbox 2212 1605 3791 1692">
    <p class='ocr_par' dir='ltr' id='par_1_78' title="bbox 2212 1605 3791 1692">
     <span class='ocr_line' id='line_1_78' title="bbox 2212 1605 3791 1692; baseline 0.009 -33"><span class='ocrx_word' id='word_1_582' title='bbox 2212 1605 2538 1676; x_wconf 87' lang='grc' dir='ltr'>ἀνεχόμενος</span> <span class='ocrx_word' id='word_1_583' title='bbox 2587 1607 2748 1660; x_wconf 81' lang='grc' dir='ltr'>αὑτὸν</span> <span class='ocrx_word' id='word_1_584' title='bbox 2805 1609 3032 1663; x_wconf 88' lang='grc' dir='ltr'>καλέσαι</span> <span class='ocrx_word' id='word_1_585' title='bbox 3075 1611 3238 1676; x_wconf 83' lang='grc' dir='ltr'>ποτὲ,</span> <span class='ocrx_word' id='word_1_586' title='bbox 3289 1614 3423 1668; x_wconf 89' lang='grc' dir='ltr'>ἀλλά</span> <span class='ocrx_word' id='word_1_587' title='bbox 3465 1619 3558 1671; x_wconf 78' lang='grc' dir='ltr'>καὶ</span> <span class='ocrx_word' id='word_1_588' title='bbox 3615 1621 3791 1692; x_wconf 79' lang='grc' dir='ltr'>αὐτὴν</span> 
     </span>
    </p>
   </div>
   <div class='ocr_carea' id='block_1_79' title="bbox 2211 1695 3788 1776">
    <p class='ocr_par' dir='ltr' id='par_1_79' title="bbox 2211 1695 3788 1776">
     <span class='ocr_line' id='line_1_79' title="bbox 2211 1695 3788 1776; baseline 0.01 -28"><span class='ocrx_word' id='word_1_589' title='bbox 2211 1695 2374 1748; x_wconf 83' lang='grc' dir='ltr'>αὑτοῦ</span> <span class='ocrx_word' id='word_1_590' title='bbox 2418 1695 2590 1765; x_wconf 89' lang='grc' dir='ltr'>μισῶν</span> <span class='ocrx_word' id='word_1_591' title='bbox 2619 1697 2718 1767; x_wconf 84' lang='grc' dir='ltr'>τὴν</span> <span class='ocrx_word' id='word_1_592' title='bbox 2761 1701 3170 1772; x_wconf 87' lang='grc' dir='ltr'>προσηγορίαν,</span> <span class='ocrx_word' id='word_1_593' title='bbox 3205 1705 3297 1756; x_wconf 81' lang='grc' dir='ltr'>καὶ</span> <span class='ocrx_word' id='word_1_594' title='bbox 3341 1707 3422 1769; x_wconf 91' lang='grc' dir='ltr'>εἰς</span> <span class='ocrx_word' id='word_1_595' title='bbox 3462 1709 3788 1776; x_wconf 81' lang='grc' dir='ltr'>συγγένειαν</span> 
     </span>
    </p>
   </div>
   <div class='ocr_carea' id='block_1_80' title="bbox 2211 1784 3790 1862">
    <p class='ocr_par' dir='ltr' id='par_1_80' title="bbox 2211 1784 3790 1862">
     <span class='ocr_line' id='line_1_80' title="bbox 2211 1784 3790 1862; baseline 0.011 -26"><span class='ocrx_word' id='word_1_596' title='bbox 2211 1784 2372 1838; x_wconf 78' lang='grc' dir='ltr'>αὐτὸν</span> <span class='ocrx_word' id='word_1_597' title='bbox 2411 1787 2607 1855; x_wconf 79' lang='grc' dir='ltr'>ῆγαγε,</span> <span class='ocrx_word' id='word_1_598' title='bbox 2637 1787 2827 1840; x_wconf 88' lang='grc' dir='ltr'>τέκνον</span> <span class='ocrx_word' id='word_1_599' title='bbox 2858 1789 3020 1843; x_wconf 82' lang='grc' dir='ltr'>αὐτὸν</span> <span class='ocrx_word' id='word_1_600' title='bbox 3049 1795 3379 1862; x_wconf 86' lang='grc' dir='ltr'>προσειπών.</span> <span class='ocrx_word' id='word_1_601' title='bbox 3407 1797 3473 1849; x_wconf 92' lang='grc' dir='ltr'>Τί</span> <span class='ocrx_word' id='word_1_602' title='bbox 3497 1799 3590 1851; x_wconf 92' lang='grc' dir='ltr'>τοῦ</span> <span class='ocrx_word' id='word_1_603' title='bbox 3620 1801 3790 1854; x_wconf 81' lang='grc' dir='ltr'>Δαυῒδ</span> 
     </span>
    </p>
   </div>
   <div class='ocr_carea' id='block_1_81' title="bbox 2215 1877 3783 1960">
    <p class='ocr_par' dir='ltr' id='par_1_81' title="bbox 2215 1877 3783 1960">
     <span class='ocr_line' id='line_1_81' title="bbox 2215 1877 3783 1960; baseline 0.009 -30"><span class='ocrx_word' id='word_1_604' title='bbox 2215 1877 2656 1948; x_wconf 85' lang='grc' dir='ltr'>μακαριώτερον,</span> <span class='ocrx_word' id='word_1_605' title='bbox 2686 1879 2744 1942; x_wconf 81' lang='grc' dir='ltr'>ὃς</span> <span class='ocrx_word' id='word_1_606' title='bbox 2781 1879 2872 1933; x_wconf 82' lang='grc' dir='ltr'>τὸν</span> <span class='ocrx_word' id='word_1_607' title='bbox 2920 1881 3243 1953; x_wconf 84' lang='grc' dir='ltr'>ἀνδροφόνον</span> <span class='ocrx_word' id='word_1_608' title='bbox 3281 1887 3492 1958; x_wconf 90' lang='grc' dir='ltr'>πατέρα</span> <span class='ocrx_word' id='word_1_609' title='bbox 3534 1891 3783 1960; x_wconf 84' lang='grc' dir='ltr'>ἐποίησε,</span> 
     </span>
    </p>
   </div>
   <div class='ocr_carea' id='block_1_82' title="bbox 2211 1970 3787 2052">
    <p class='ocr_par' dir='ltr' id='par_1_82' title="bbox 2211 1970 3787 2052">
     <span class='ocr_line' id='line_1_82' title="bbox 2211 1970 3787 2052; baseline 0.01 -31"><span class='ocrx_word' id='word_1_610' title='bbox 2211 1972 2305 2022; x_wconf 86' lang='grc' dir='ltr'>καί</span> <span class='ocrx_word' id='word_1_611' title='bbox 2335 1971 2425 2023; x_wconf 79' lang='grc' dir='ltr'>τὸν</span> <span class='ocrx_word' id='word_1_612' title='bbox 2454 1970 2617 2022; x_wconf 87' lang='grc' dir='ltr'>λύκον</span> <span class='ocrx_word' id='word_1_613' title='bbox 2651 1970 2942 2039; x_wconf 86' lang='grc' dir='ltr'>πρόϐατον,</span> <span class='ocrx_word' id='word_1_614' title='bbox 2972 1975 3065 2026; x_wconf 79' lang='grc' dir='ltr'>καὶ</span> <span class='ocrx_word' id='word_1_615' title='bbox 3094 1973 3192 2045; x_wconf 81' lang='grc' dir='ltr'>τὴν</span> <span class='ocrx_word' id='word_1_616' title='bbox 3221 1977 3450 2046; x_wconf 88' lang='grc' dir='ltr'>κάμινον</span> <span class='ocrx_word' id='word_1_617' title='bbox 3477 1980 3578 2048; x_wconf 87' lang='grc' dir='ltr'>τῆς</span> <span class='ocrx_word' id='word_1_618' title='bbox 3608 1981 3787 2052; x_wconf 81' lang='grc' dir='ltr'>ὀργῆς</span> 
     </span>
    </p>
   </div>
   <div class='ocr_carea' id='block_1_83' title="bbox 2210 2059 3786 2142">
    <p class='ocr_par' dir='ltr' id='par_1_83' title="bbox 2210 2059 3786 2142">
     <span class='ocr_line' id='line_1_83' title="bbox 2210 2059 3786 2142; baseline 0.009 -30"><span class='ocrx_word' id='word_1_619' title='bbox 2210 2059 2402 2130; x_wconf 89' lang='grc' dir='ltr'>δρόσου</span> <span class='ocrx_word' id='word_1_620' title='bbox 2435 2060 2632 2130; x_wconf 86' lang='grc' dir='ltr'>πολλῆς</span> <span class='ocrx_word' id='word_1_621' title='bbox 2657 2061 2939 2131; x_wconf 85' lang='grc' dir='ltr'>ἐνέπλησε,</span> <span class='ocrx_word' id='word_1_622' title='bbox 2973 2064 3065 2116; x_wconf 78' lang='grc' dir='ltr'>καὶ</span> <span class='ocrx_word' id='word_1_623' title='bbox 3087 2065 3155 2118; x_wconf 88' lang='grc' dir='ltr'>τά</span> <span class='ocrx_word' id='word_1_624' title='bbox 3187 2069 3405 2136; x_wconf 87' lang='grc' dir='ltr'>κύματα</span> <span class='ocrx_word' id='word_1_625' title='bbox 3431 2073 3510 2131; x_wconf 85' lang='grc' dir='ltr'>εἰς</span> <span class='ocrx_word' id='word_1_626' title='bbox 3538 2073 3786 2142; x_wconf 84' lang='grc' dir='ltr'>γαλήνην</span> 
     </span>
    </p>
   </div>
   <div class='ocr_carea' id='block_1_84' title="bbox 2215 2147 3786 2227">
    <p class='ocr_par' dir='ltr' id='par_1_84' title="bbox 2215 2147 3786 2227">
     <span class='ocr_line' id='line_1_84' title="bbox 2215 2147 3786 2227; baseline 0.009 -26"><span class='ocrx_word' id='word_1_627' title='bbox 2215 2149 2502 2218; x_wconf 83' lang='grc' dir='ltr'>μετέϐαλε,</span> <span class='ocrx_word' id='word_1_628' title='bbox 2538 2151 2633 2202; x_wconf 75' lang='grc' dir='ltr'>καὶ</span> <span class='ocrx_word' id='word_1_629' title='bbox 2663 2147 2759 2220; x_wconf 83' lang='grc' dir='ltr'>τὴν</span> <span class='ocrx_word' id='word_1_630' title='bbox 2789 2152 3098 2223; x_wconf 79' lang='grc' dir='ltr'>φλεγμονὴν</span> <span class='ocrx_word' id='word_1_631' title='bbox 3123 2154 3218 2206; x_wconf 91' lang='grc' dir='ltr'>τοῦ</span> <span class='ocrx_word' id='word_1_632' title='bbox 3243 2156 3414 2227; x_wconf 87' lang='grc' dir='ltr'>θυμοῦ</span> <span class='ocrx_word' id='word_1_633' title='bbox 3451 2160 3786 2216; x_wconf 79' lang='grc' dir='ltr'>κατέσϐεσεν</span> 
     </span>
    </p>
   </div>
   <div class='ocr_carea' id='block_1_85' title="bbox 2213 2238 3787 2322">
    <p class='ocr_par' dir='ltr' id='par_1_85' title="bbox 2213 2238 3787 2322">
     <span class='ocr_line' id='line_1_85' title="bbox 2213 2238 3787 2322; baseline 0.008 -31"><span class='ocrx_word' id='word_1_634' title='bbox 2213 2238 2467 2303; x_wconf 80' lang='grc' dir='ltr'>ἂπασαν;</span> <span class='ocrx_word' id='word_1_635' title='bbox 2516 2239 2598 2292; x_wconf 89' lang='grc' dir='ltr'>Τά</span> <span class='ocrx_word' id='word_1_636' title='bbox 2630 2240 2739 2312; x_wconf 86' lang='grc' dir='ltr'>γὰρ</span> <span class='ocrx_word' id='word_1_637' title='bbox 2784 2242 3002 2310; x_wconf 84' lang='grc' dir='ltr'>ῥήματα</span> <span class='ocrx_word' id='word_1_638' title='bbox 3043 2243 3226 2296; x_wconf 86' lang='grc' dir='ltr'>ἐκεῖνα</span> <span class='ocrx_word' id='word_1_639' title='bbox 3265 2245 3360 2298; x_wconf 91' lang='grc' dir='ltr'>τοῦ</span> <span class='ocrx_word' id='word_1_640' title='bbox 3389 2248 3551 2301; x_wconf 86' lang='grc' dir='ltr'>Δαυῖδ</span> <span class='ocrx_word' id='word_1_641' title='bbox 3575 2253 3655 2313; x_wconf 88' lang='grc' dir='ltr'>εἰς</span> <span class='ocrx_word' id='word_1_642' title='bbox 3682 2251 3787 2322; x_wconf 75' lang='grc' dir='ltr'>τὴν</span> 
     </span>
    </p>
   </div>
   <div class='ocr_carea' id='block_1_86' title="bbox 2210 2327 3787 2405">
    <p class='ocr_par' dir='ltr' id='par_1_86' title="bbox 2210 2327 3787 2405">
     <span class='ocr_line' id='line_1_86' title="bbox 2210 2327 3787 2405; baseline 0.01 -25"><span class='ocrx_word' id='word_1_643' title='bbox 2210 2327 2446 2382; x_wconf 89' lang='grc' dir='ltr'>διάνοιαν</span> <span class='ocrx_word' id='word_1_644' title='bbox 2471 2329 2780 2383; x_wconf 78' lang='grc' dir='ltr'>εἰσελθόντα</span> <span class='ocrx_word' id='word_1_645' title='bbox 2808 2330 2902 2384; x_wconf 89' lang='grc' dir='ltr'>τοῦ</span> <span class='ocrx_word' id='word_1_646' title='bbox 2932 2331 3333 2404; x_wconf 71' lang='grc' dir='ltr'>τεθηριωμένον</span> <span class='ocrx_word' id='word_1_647' title='bbox 3364 2337 3572 2405; x_wconf 82' lang='grc' dir='ltr'>τούτου,</span> <span class='ocrx_word' id='word_1_648' title='bbox 3600 2343 3787 2396; x_wconf 79' lang='grc' dir='ltr'>πᾶσαν</span> 
     </span>
    </p>
   </div>
   <div class='ocr_carea' id='block_1_87' title="bbox 2210 2417 3788 2502">
    <p class='ocr_par' dir='ltr' id='par_1_87' title="bbox 2210 2417 3788 2502">
     <span class='ocr_line' id='line_1_87' title="bbox 2210 2417 3788 2502; baseline 0.012 -34"><span class='ocrx_word' id='word_1_649' title='bbox 2210 2417 2413 2486; x_wconf 89' lang='grc' dir='ltr'>ταύτην</span> <span class='ocrx_word' id='word_1_650' title='bbox 2439 2419 2732 2490; x_wconf 75' lang='grc' dir='ltr'>εἰργάσατο</span> <span class='ocrx_word' id='word_1_651' title='bbox 2753 2421 2852 2491; x_wconf 86' lang='grc' dir='ltr'>τὴν</span> <span class='ocrx_word' id='word_1_652' title='bbox 2876 2423 3200 2494; x_wconf 80' lang='grc' dir='ltr'>μεταϐολὴν,</span> <span class='ocrx_word' id='word_1_653' title='bbox 3231 2427 3299 2496; x_wconf 82' lang='grc' dir='ltr'>ἣν</span> <span class='ocrx_word' id='word_1_654' title='bbox 3332 2427 3439 2481; x_wconf 87' lang='grc' dir='ltr'>ἀπὸ</span> <span class='ocrx_word' id='word_1_655' title='bbox 3471 2429 3578 2483; x_wconf 90' lang='grc' dir='ltr'>τῶν</span> <span class='ocrx_word' id='word_1_656' title='bbox 3608 2433 3788 2502; x_wconf 81' lang='grc' dir='ltr'>ῥημά-</span> 
     </span>
    </p>
   </div>
   <div class='ocr_carea' id='block_1_88' title="bbox 2211 2509 3786 2589">
    <p class='ocr_par' dir='ltr' id='par_1_88' title="bbox 2211 2509 3786 2589">
     <span class='ocr_line' id='line_1_88' title="bbox 2211 2509 3786 2589; baseline 0.01 -29"><span class='ocrx_word' id='word_1_657' title='bbox 2211 2526 2316 2563; x_wconf 89' lang='grc' dir='ltr'>των</span> <span class='ocrx_word' id='word_1_658' title='bbox 2342 2509 2546 2563; x_wconf 89' lang='grc' dir='ltr'>τούτων</span> <span class='ocrx_word' id='word_1_659' title='bbox 2576 2509 2722 2564; x_wconf 81' lang='grc' dir='ltr'>ἐστιν</span> <span class='ocrx_word' id='word_1_660' title='bbox 2757 2511 2906 2569; x_wconf 88' lang='grc' dir='ltr'>ἰδεῖν.</span> <span class='ocrx_word' id='word_1_661' title='bbox 2941 2513 3078 2567; x_wconf 81' lang='grc' dir='ltr'>Οὔτε</span> <span class='ocrx_word' id='word_1_662' title='bbox 3099 2515 3208 2586; x_wconf 91' lang='grc' dir='ltr'>γάρ</span> <span class='ocrx_word' id='word_1_663' title='bbox 3235 2513 3407 2584; x_wconf 83' lang='grc' dir='ltr'>εἶπεν,</span> <span class='ocrx_word' id='word_1_664' title='bbox 3431 2522 3493 2572; x_wconf 79' lang='lat' dir='ltr'>Ol</span> <span class='ocrx_word' id='word_1_665' title='bbox 3525 2520 3673 2589; x_wconf 91' lang='grc' dir='ltr'>λόγοι</span> <span class='ocrx_word' id='word_1_666' title='bbox 3697 2540 3786 2576; x_wconf 85' lang='grc' dir='ltr'>σοι</span> 
     </span>
    </p>
   </div>
   <div class='ocr_carea' id='block_1_89' title="bbox 2211 2593 3784 2681">
    <p class='ocr_par' dir='ltr' id='par_1_89' title="bbox 2211 2593 3784 2681">
     <span class='ocr_line' id='line_1_89' title="bbox 2211 2593 3784 2681; baseline 0.01 -28"><span class='ocrx_word' id='word_1_667' title='bbox 2211 2593 2417 2664; x_wconf 71' lang='grc' dir='ltr'>οῦτοια,</span> <span class='ocrx_word' id='word_1_668' title='bbox 2447 2602 2634 2655; x_wconf 86' lang='grc' dir='ltr'>τέκνον</span> <span class='ocrx_word' id='word_1_669' title='bbox 2651 2603 2845 2670; x_wconf 85' lang='grc' dir='ltr'>Δαυῖδ;</span> <span class='ocrx_word' id='word_1_670' title='bbox 2883 2603 3020 2658; x_wconf 86' lang='grc' dir='ltr'>ἀλλά</span> <span class='ocrx_word' id='word_1_671' title='bbox 3043 2607 3128 2672; x_wconf 89' lang='grc' dir='ltr'>τί;</span> <span class='ocrx_word' id='word_1_672' title='bbox 3174 2607 3237 2663; x_wconf 78' lang='grc' dir='ltr'><strong><em>Ἠ</em></strong></span> <span class='ocrx_word' id='word_1_673' title='bbox 3265 2610 3433 2677; x_wconf 67' lang='grc' dir='ltr'>φωνή</span> <span class='ocrx_word' id='word_1_674' title='bbox 3459 2627 3575 2666; x_wconf 86' lang='grc' dir='ltr'>σου</span> <span class='ocrx_word' id='word_1_675' title='bbox 3601 2614 3784 2681; x_wconf 82' lang='grc' dir='ltr'>αὕτη,</span> 
     </span>
    </p>
   </div>
   <div class='ocr_carea' id='block_1_90' title="bbox 2212 2690 3789 2774">
    <p class='ocr_par' dir='ltr' id='par_1_90' title="bbox 2212 2690 3789 2774">
     <span class='ocr_line' id='line_1_90' title="bbox 2212 2690 3789 2774; baseline 0.01 -32"><span class='ocrx_word' id='word_1_676' title='bbox 2212 2690 2424 2743; x_wconf 77' lang='grc' dir='ltr'>τέκνον</span> <span class='ocrx_word' id='word_1_677' title='bbox 2438 2690 2641 2755; x_wconf 84' lang='grc' dir='ltr'>Δαυΐδ;</span> <span class='ocrx_word' id='word_1_678' title='bbox 2657 2692 2750 2745; x_wconf 78' lang='grc' dir='ltr'>καὶ</span> <span class='ocrx_word' id='word_1_679' title='bbox 2769 2694 2906 2763; x_wconf 85' lang='grc' dir='ltr'>πρὸς</span> <span class='ocrx_word' id='word_1_680' title='bbox 2924 2696 3084 2750; x_wconf 80' lang='grc' dir='ltr'>αὐτὸν</span> <span class='ocrx_word' id='word_1_681' title='bbox 3104 2697 3211 2768; x_wconf 84' lang='grc' dir='ltr'>γὰρ</span> <span class='ocrx_word' id='word_1_682' title='bbox 3225 2699 3315 2753; x_wconf 85' lang='grc' dir='ltr'>τὸν</span> <span class='ocrx_word' id='word_1_683' title='bbox 3329 2701 3563 2770; x_wconf 88' lang='grc' dir='ltr'>φθόγγον</span> <span class='ocrx_word' id='word_1_684' title='bbox 3574 2703 3716 2756; x_wconf 87' lang='grc' dir='ltr'>διεθε</span> <span class='ocrx_word' id='word_1_685' title='bbox 3721 2722 3789 2774; x_wconf 87' lang='grc' dir='ltr'>ρ-</span> 
     </span>
    </p>
   </div>
   <div class='ocr_carea' id='block_1_91' title="bbox 2214 2777 3786 2860">
    <p class='ocr_par' dir='ltr' id='par_1_91' title="bbox 2214 2777 3786 2860">
     <span class='ocr_line' id='line_1_91' title="bbox 2214 2777 3786 2860; baseline 0.01 -29"><span class='ocrx_word' id='word_1_686' title='bbox 2214 2777 2433 2848; x_wconf 89' lang='grc' dir='ltr'>μαίνετο</span> <span class='ocrx_word' id='word_1_687' title='bbox 2453 2780 2657 2835; x_wconf 83' lang='grc' dir='ltr'>λοιπόν.</span> <span class='ocrx_word' id='word_1_688' title='bbox 2680 2781 2792 2834; x_wconf 74' lang='grc' dir='ltr'>Καὶ</span> <span class='ocrx_word' id='word_1_689' title='bbox 2820 2782 3070 2855; x_wconf 88' lang='grc' dir='ltr'>καθάπερ</span> <span class='ocrx_word' id='word_1_690' title='bbox 3092 2787 3271 2858; x_wconf 85' lang='grc' dir='ltr'>πατὴρ</span> <span class='ocrx_word' id='word_1_691' title='bbox 3297 2790 3516 2860; x_wconf 88' lang='grc' dir='ltr'>χρονίας</span> <span class='ocrx_word' id='word_1_692' title='bbox 3539 2790 3786 2857; x_wconf 87' lang='grc' dir='ltr'>ἀκούσας</span> 
     </span>
    </p>
   </div>
   <div class='ocr_carea' id='block_1_92' title="bbox 2213 2869 3786 2954">
    <p class='ocr_par' dir='ltr' id='par_1_92' title="bbox 2213 2869 3786 2954">
     <span class='ocr_line' id='line_1_92' title="bbox 2213 2869 3786 2954; baseline 0.011 -34"><span class='ocrx_word' id='word_1_693' title='bbox 2213 2869 2399 2938; x_wconf 83' lang='grc' dir='ltr'>φωνῆς</span> <span class='ocrx_word' id='word_1_694' title='bbox 2434 2871 2623 2934; x_wconf 85' lang='grc' dir='ltr'>παιδὸς</span> <span class='ocrx_word' id='word_1_695' title='bbox 2671 2874 3058 2940; x_wconf 87' lang='grc' dir='ltr'>ἐπανελθόντος</span> <span class='ocrx_word' id='word_1_696' title='bbox 3093 2878 3287 2944; x_wconf 84' lang='grc' dir='ltr'>ποθὲν,</span> <span class='ocrx_word' id='word_1_697' title='bbox 3326 2881 3446 2951; x_wconf 73' lang='grc' dir='ltr'>οὐχὶ</span> <span class='ocrx_word' id='word_1_698' title='bbox 3503 2884 3640 2954; x_wconf 79' lang='grc' dir='ltr'>πρὸς</span> <span class='ocrx_word' id='word_1_699' title='bbox 3679 2885 3786 2954; x_wconf 73' lang='grc' dir='ltr'>τὴν</span> 
     </span>
    </p>
   </div>
   <div class='ocr_carea' id='block_1_93' title="bbox 2210 2959 3786 3045">
    <p class='ocr_par' dir='ltr' id='par_1_93' title="bbox 2210 2959 3786 3045">
     <span class='ocr_line' id='line_1_93' title="bbox 2210 2959 3786 3045; baseline 0.012 -33"><span class='ocrx_word' id='word_1_700' title='bbox 2210 2959 2332 3030; x_wconf 75' lang='grc' dir='ltr'>ὄψιν</span> <span class='ocrx_word' id='word_1_701' title='bbox 2359 2962 2546 3033; x_wconf 80' lang='grc' dir='ltr'>μόνην,</span> <span class='ocrx_word' id='word_1_702' title='bbox 2577 2963 2712 3018; x_wconf 88' lang='grc' dir='ltr'>ἀλλά</span> <span class='ocrx_word' id='word_1_703' title='bbox 2736 2967 2829 3018; x_wconf 81' lang='grc' dir='ltr'>καὶ</span> <span class='ocrx_word' id='word_1_704' title='bbox 2861 2967 2997 3038; x_wconf 83' lang='grc' dir='ltr'>πρὸς</span> <span class='ocrx_word' id='word_1_705' title='bbox 3033 2969 3134 3039; x_wconf 83' lang='grc' dir='ltr'>τὴν</span> <span class='ocrx_word' id='word_1_706' title='bbox 3162 2973 3345 3044; x_wconf 83' lang='grc' dir='ltr'>φωνὴν</span> <span class='ocrx_word' id='word_1_707' title='bbox 3385 2974 3554 3045; x_wconf 78' lang='grc' dir='ltr'>αὐτὴν</span> <span class='ocrx_word' id='word_1_708' title='bbox 3586 2976 3786 3045; x_wconf 86' lang='grc' dir='ltr'>διεγεί-</span> 
     </span>
    </p>
   </div>
   <div class='ocr_carea' id='block_1_94' title="bbox 2215 3052 3787 3133">
    <p class='ocr_par' dir='ltr' id='par_1_94' title="bbox 2215 3052 3787 3133">
     <span class='ocr_line' id='line_1_94' title="bbox 2215 3052 3787 3133; baseline 0.014 -32"><span class='ocrx_word' id='word_1_709' title='bbox 2215 3067 2365 3119; x_wconf 84' lang='grc' dir='ltr'>ρεται</span> <span class='ocrx_word' id='word_1_710' title='bbox 2385 3069 2397 3082; x_wconf 80' lang='grc'><em>’</em></span> <span class='ocrx_word' id='word_1_711' title='bbox 2430 3052 2570 3107; x_wconf 79' lang='grc' dir='ltr'>οὕτω</span> <span class='ocrx_word' id='word_1_712' title='bbox 2591 3054 2682 3108; x_wconf 85' lang='grc' dir='ltr'>καί</span> <span class='ocrx_word' id='word_1_713' title='bbox 2700 3058 2727 3109; x_wconf 90' lang='grc' dir='ltr'>ό</span> <span class='ocrx_word' id='word_1_714' title='bbox 2749 3056 2939 3121; x_wconf 82' lang='grc' dir='ltr'>Σαοὺλ,</span> <span class='ocrx_word' id='word_1_715' title='bbox 2965 3059 3148 3132; x_wconf 79' lang='grc' dir='ltr'>ἐπειδὴ</span> <span class='ocrx_word' id='word_1_716' title='bbox 3169 3061 3237 3114; x_wconf 84' lang='grc' dir='ltr'>τὰ</span> <span class='ocrx_word' id='word_1_717' title='bbox 3260 3064 3478 3133; x_wconf 79' lang='grc' dir='ltr'>ῥήματα</span> <span class='ocrx_word' id='word_1_718' title='bbox 3499 3065 3592 3118; x_wconf 90' lang='grc' dir='ltr'>τοῦ</span> <span class='ocrx_word' id='word_1_719' title='bbox 3617 3069 3787 3124; x_wconf 76' lang='grc' dir='ltr'>Δαυῖδ</span> 
     </span>
    </p>
   </div>
   <div class='ocr_carea' id='block_1_95' title="bbox 2212 3141 3786 3223">
    <p class='ocr_par' dir='ltr' id='par_1_95' title="bbox 2212 3141 3786 3223">
     <span class='ocr_line' id='line_1_95' title="bbox 2212 3141 3786 3223; baseline 0.016 -32"><span class='ocrx_word' id='word_1_720' title='bbox 2212 3141 2521 3204; x_wconf 82' lang='grc' dir='ltr'>εἰσελθόντα</span> <span class='ocrx_word' id='word_1_721' title='bbox 2551 3144 2648 3216; x_wconf 81' lang='grc' dir='ltr'>τὴν</span> <span class='ocrx_word' id='word_1_722' title='bbox 2685 3146 2886 3217; x_wconf 78' lang='grc' dir='ltr'>ἔχθραν</span> <span class='ocrx_word' id='word_1_723' title='bbox 2925 3148 3200 3216; x_wconf 85' lang='grc' dir='ltr'>ἐξέϐαλεν,</span> <span class='ocrx_word' id='word_1_724' title='bbox 3229 3154 3442 3223; x_wconf 83' lang='grc' dir='ltr'>ἐπέγνω</span> <span class='ocrx_word' id='word_1_725' title='bbox 3475 3156 3662 3214; x_wconf 80' lang='grc' dir='ltr'>λοιπὸν</span> <span class='ocrx_word' id='word_1_726' title='bbox 3689 3161 3786 3216; x_wconf 76' lang='grc' dir='ltr'>τὸν</span> 
     </span>
    </p>
   </div>
   <div class='ocr_carea' id='block_1_96' title="bbox 2210 3224 3784 3312">
    <p class='ocr_par' dir='ltr' id='par_1_96' title="bbox 2210 3224 3784 3312">
     <span class='ocr_line' id='line_1_96' title="bbox 2210 3224 3784 3312; baseline 0.014 -27"><span class='ocrx_word' id='word_1_727' title='bbox 2210 3224 2384 3300; x_wconf 77' lang='grc' dir='ltr'>ἅγιον,</span> <span class='ocrx_word' id='word_1_728' title='bbox 2403 3234 2496 3288; x_wconf 79' lang='grc' dir='ltr'>καὶ</span> <span class='ocrx_word' id='word_1_729' title='bbox 2527 3237 2697 3300; x_wconf 88' lang='grc' dir='ltr'>πάθος</span> <span class='ocrx_word' id='word_1_730' title='bbox 2725 3239 3084 3309; x_wconf 86' lang='grc' dir='ltr'>ἀποθέμενος,</span> <span class='ocrx_word' id='word_1_731' title='bbox 3113 3243 3282 3308; x_wconf 87' lang='grc' dir='ltr'>πάθος</span> <span class='ocrx_word' id='word_1_732' title='bbox 3309 3246 3547 3312; x_wconf 80' lang='grc' dir='ltr'>ἐδέξατο.</span> <span class='ocrx_word' id='word_1_733' title='bbox 3584 3252 3784 3306; x_wconf 87' lang='grc' dir='ltr'>Ἐκϐα-</span> 
     </span>
    </p>
   </div>
   <div class='ocr_carea' id='block_1_97' title="bbox 2209 3321 3782 3410">
    <p class='ocr_par' dir='ltr' id='par_1_97' title="bbox 2209 3321 3782 3410">
     <span class='ocr_line' id='line_1_97' title="bbox 2209 3321 3782 3410; baseline 0.014 -35"><span class='ocrx_word' id='word_1_734' title='bbox 2209 3321 2316 3376; x_wconf 90' lang='grc' dir='ltr'>λὼν</span> <span class='ocrx_word' id='word_1_735' title='bbox 2338 3327 2447 3395; x_wconf 91' lang='grc' dir='ltr'>γάρ</span> <span class='ocrx_word' id='word_1_736' title='bbox 2472 3325 2661 3396; x_wconf 87' lang='grc' dir='ltr'>θυμὸν,</span> <span class='ocrx_word' id='word_1_737' title='bbox 2687 3327 2902 3392; x_wconf 88' lang='grc' dir='ltr'>ἐδέξατο</span> <span class='ocrx_word' id='word_1_738' title='bbox 2924 3331 3189 3402; x_wconf 86' lang='grc' dir='ltr'>εὐθυμίαν</span> <span class='ocrx_word' id='word_1_739' title='bbox 3210 3351 3267 3387; x_wconf 85' lang='grc' dir='ltr'>τε</span> <span class='ocrx_word' id='word_1_740' title='bbox 3288 3337 3382 3389; x_wconf 81' lang='grc' dir='ltr'>καὶ</span> <span class='ocrx_word' id='word_1_741' title='bbox 3413 3339 3782 3410; x_wconf 78' lang='grc' dir='ltr'>συμπάθειαν.</span> 
     </span>
    </p>
   </div>
   <div class='ocr_carea' id='block_1_98' title="bbox 2211 3417 3786 3503">
    <p class='ocr_par' dir='ltr' id='par_1_98' title="bbox 2211 3417 3786 3503">
     <span class='ocr_line' id='line_1_98' title="bbox 2211 3417 3786 3503; baseline 0.013 -34"><span class='ocrx_word' id='word_1_742' title='bbox 2211 3417 2322 3470; x_wconf 73' lang='grc' dir='ltr'>1ίαί⁴</span> <span class='ocrx_word' id='word_1_743' title='bbox 2355 3417 2603 3489; x_wconf 88' lang='grc' dir='ltr'>καθάπερ</span> <span class='ocrx_word' id='word_1_744' title='bbox 2650 3420 2842 3485; x_wconf 85' lang='grc' dir='ltr'>νυκτὸς</span> <span class='ocrx_word' id='word_1_745' title='bbox 2880 3423 2980 3492; x_wconf 87' lang='grc' dir='ltr'>μὲν</span> <span class='ocrx_word' id='word_1_746' title='bbox 3027 3425 3310 3498; x_wconf 87' lang='grc' dir='ltr'>παρούσης</span> <span class='ocrx_word' id='word_1_747' title='bbox 3358 3430 3480 3484; x_wconf 78' lang='grc' dir='ltr'>οὐδὲ</span> <span class='ocrx_word' id='word_1_748' title='bbox 3536 3434 3786 3503; x_wconf 82' lang='grc' dir='ltr'>παρόντα</span> 
     </span>
    </p>
   </div>
   <div class='ocr_carea' id='block_1_99' title="bbox 2210 3507 3787 3592">
    <p class='ocr_par' dir='ltr' id='par_1_99' title="bbox 2210 3507 3787 3592">
     <span class='ocr_line' id='line_1_99' title="bbox 2210 3507 3787 3592; baseline 0.014 -35"><span class='ocrx_word' id='word_1_749' title='bbox 2210 3507 2473 3570; x_wconf 89' lang='grc' dir='ltr'>πολλάκις</span> <span class='ocrx_word' id='word_1_750' title='bbox 2500 3509 2649 3581; x_wconf 85' lang='lat'><strong>[7&#39;77]</strong></span> <span class='ocrx_word' id='word_1_751' title='bbox 2689 3511 3122 3585; x_wconf 87' lang='grc' dir='ltr'>ἐπιγινώσκομεν</span> <span class='ocrx_word' id='word_1_752' title='bbox 3156 3518 3327 3586; x_wconf 84' lang='grc' dir='ltr'>φίλον,</span> <span class='ocrx_word' id='word_1_753' title='bbox 3359 3521 3572 3592; x_wconf 77' lang='grc' dir='ltr'>ἡμέρας</span> <span class='ocrx_word' id='word_1_754' title='bbox 3599 3523 3657 3577; x_wconf 85' lang='grc' dir='ltr'>δὲ</span> <span class='ocrx_word' id='word_1_755' title='bbox 3694 3543 3787 3592; x_wconf 77' lang='lat' dir='ltr'><strong>7e-</strong></span> 
     </span>
    </p>
   </div>
   <div class='ocr_carea' id='block_1_100' title="bbox 2209 3599 3781 3686">
    <p class='ocr_par' dir='ltr' id='par_1_100' title="bbox 2209 3599 3781 3686">
     <span class='ocr_line' id='line_1_100' title="bbox 2209 3599 3781 3686; baseline 0.013 -37"><span class='ocrx_word' id='word_1_756' title='bbox 2209 3599 2460 3670; x_wconf 88' lang='grc' dir='ltr'>νομένης,</span> <span class='ocrx_word' id='word_1_757' title='bbox 2491 3601 2584 3653; x_wconf 79' lang='grc' dir='ltr'>καὶ</span> <span class='ocrx_word' id='word_1_758' title='bbox 2621 3602 2905 3672; x_wconf 73' lang='grc' dir='ltr'>πόρρωθεν</span> <span class='ocrx_word' id='word_1_759' title='bbox 2939 3605 3170 3674; x_wconf 85' lang='grc' dir='ltr'>ὁρῶντες</span> <span class='ocrx_word' id='word_1_760' title='bbox 3215 3610 3376 3663; x_wconf 80' lang='grc' dir='ltr'>αὑτὸν</span> <span class='ocrx_word' id='word_1_761' title='bbox 3404 3613 3744 3686; x_wconf 78' lang='grc' dir='ltr'>γνωρίζομεν</span> <span class='ocrx_word' id='word_1_762' title='bbox 3765 3636 3781 3650; x_wconf 91' lang='grc'><strong>·</strong></span> 
     </span>
    </p>
   </div>
   <div class='ocr_carea' id='block_1_101' title="bbox 2209 3689 3784 3772">
    <p class='ocr_par' dir='ltr' id='par_1_101' title="bbox 2209 3689 3784 3772">
     <span class='ocr_line' id='line_1_101' title="bbox 2209 3689 3784 3772; baseline 0.013 -31"><span class='ocrx_word' id='word_1_763' title='bbox 2209 3689 2350 3742; x_wconf 84' lang='grc' dir='ltr'>οὓτω</span> <span class='ocrx_word' id='word_1_764' title='bbox 2375 3692 2467 3743; x_wconf 75' lang='grc' dir='ltr'>καὶ</span> <span class='ocrx_word' id='word_1_765' title='bbox 2511 3693 2604 3744; x_wconf 74' lang='grc' dir='ltr'>ἐπὶ</span> <span class='ocrx_word' id='word_1_766' title='bbox 2641 3692 2740 3762; x_wconf 90' lang='grc' dir='ltr'>τῆς</span> <span class='ocrx_word' id='word_1_767' title='bbox 2792 3693 2989 3764; x_wconf 78' lang='grc' dir='ltr'>ἔχθρας</span> <span class='ocrx_word' id='word_1_768' title='bbox 3037 3698 3352 3767; x_wconf 89' lang='grc' dir='ltr'>συμϐαίνειν</span> <span class='ocrx_word' id='word_1_769' title='bbox 3380 3701 3587 3758; x_wconf 71' lang='grc' dir='ltr'>εἴωθεν.</span> <span class='ocrx_word' id='word_1_770' title='bbox 3632 3707 3784 3772; x_wconf 86' lang='grc' dir='ltr'>Ἕως</span> 
     </span>
    </p>
   </div>
   <div class='ocr_carea' id='block_1_102' title="bbox 2213 3776 3784 3868">
    <p class='ocr_par' dir='ltr' id='par_1_102' title="bbox 2213 3776 3784 3868">
     <span class='ocr_line' id='line_1_102' title="bbox 2213 3776 3784 3868; baseline 0.013 -36"><span class='ocrx_word' id='word_1_771' title='bbox 2213 3781 2311 3850; x_wconf 88' lang='grc' dir='ltr'>μὲν</span> <span class='ocrx_word' id='word_1_772' title='bbox 2342 3780 2408 3834; x_wconf 87' lang='grc' dir='ltr'>ἂν</span> <span class='ocrx_word' id='word_1_773' title='bbox 2435 3776 2582 3852; x_wconf 81' lang='grc' dir='ltr'>ὦμεν</span> <span class='ocrx_word' id='word_1_774' title='bbox 2607 3783 2788 3853; x_wconf 87' lang='grc' dir='ltr'>ἀηδῶς</span> <span class='ocrx_word' id='word_1_775' title='bbox 2812 3785 2948 3855; x_wconf 84' lang='grc' dir='ltr'>πρὸς</span> <span class='ocrx_word' id='word_1_776' title='bbox 2982 3787 3242 3860; x_wconf 86' lang='grc' dir='ltr'>ἀλλήλους</span> <span class='ocrx_word' id='word_1_777' title='bbox 3267 3791 3498 3863; x_wconf 79' lang='grc' dir='ltr'>ἔχοντες,</span> <span class='ocrx_word' id='word_1_778' title='bbox 3531 3797 3627 3852; x_wconf 73' lang='grc' dir='ltr'>καὶ</span> <span class='ocrx_word' id='word_1_779' title='bbox 3668 3817 3784 3868; x_wconf 84' lang='grc' dir='ltr'>φω-</span> 
     </span>
    </p>
   </div>
   <div class='ocr_carea' id='block_1_103' title="bbox 2209 3871 3785 3958">
    <p class='ocr_par' dir='ltr' id='par_1_103' title="bbox 2209 3871 3785 3958">
     <span class='ocr_line' id='line_1_103' title="bbox 2209 3871 3785 3958; baseline 0.011 -35"><span class='ocrx_word' id='word_1_780' title='bbox 2209 3871 2304 3940; x_wconf 87' lang='grc' dir='ltr'>νῆς</span> <span class='ocrx_word' id='word_1_781' title='bbox 2335 3872 2532 3942; x_wconf 79' lang='grc' dir='ltr'>ἑτέρως</span> <span class='ocrx_word' id='word_1_782' title='bbox 2573 3873 2862 3943; x_wconf 83' lang='grc' dir='ltr'>ἀκούομεν,</span> <span class='ocrx_word' id='word_1_783' title='bbox 2899 3876 2992 3928; x_wconf 80' lang='grc' dir='ltr'>καὶ</span> <span class='ocrx_word' id='word_1_784' title='bbox 3037 3876 3158 3946; x_wconf 72' lang='grc' dir='ltr'>ὄψιν</span> <span class='ocrx_word' id='word_1_785' title='bbox 3194 3882 3331 3949; x_wconf 90' lang='grc' dir='ltr'>μετά</span> <span class='ocrx_word' id='word_1_786' title='bbox 3375 3883 3785 3958; x_wconf 82' lang='grc' dir='ltr'>διεφθαρμένης</span> 
     </span>
    </p>
   </div>
   <div class='ocr_carea' id='block_1_104' title="bbox 2210 3961 3782 4048">
    <p class='ocr_par' dir='ltr' id='par_1_104' title="bbox 2210 3961 3782 4048">
     <span class='ocr_line' id='line_1_104' title="bbox 2210 3961 3782 4048; baseline 0.013 -35"><span class='ocrx_word' id='word_1_787' title='bbox 2210 3961 2476 4032; x_wconf 85' lang='grc' dir='ltr'>βλέπομεν</span> <span class='ocrx_word' id='word_1_788' title='bbox 2505 3964 2729 4035; x_wconf 86' lang='grc' dir='ltr'>γνώμης</span> <span class='ocrx_word' id='word_1_789' title='bbox 2747 3980 2760 3995; x_wconf 87' lang='grc'>⁶</span> <span class='ocrx_word' id='word_1_790' title='bbox 2788 3965 3005 4019; x_wconf 79' lang='grc' dir='ltr'>ἐπειδὰν</span> <span class='ocrx_word' id='word_1_791' title='bbox 3029 3967 3074 4020; x_wconf 87' lang='grc' dir='ltr'>δ’</span> <span class='ocrx_word' id='word_1_792' title='bbox 3099 3970 3426 4043; x_wconf 86' lang='grc' dir='ltr'>ἀποθώμεθα</span> <span class='ocrx_word' id='word_1_793' title='bbox 3449 3977 3547 4046; x_wconf 82' lang='grc' dir='ltr'>τὴν</span> <span class='ocrx_word' id='word_1_794' title='bbox 3583 3978 3782 4048; x_wconf 77' lang='grc' dir='ltr'>ὀργὴν,</span> 
     </span>
    </p>
   </div>
   <div class='ocr_carea' id='block_1_105' title="bbox 2207 4054 3783 4139">
    <p class='ocr_par' dir='ltr' id='par_1_105' title="bbox 2207 4054 3783 4139">
     <span class='ocr_line' id='line_1_105' title="bbox 2207 4054 3783 4139; baseline 0.011 -35"><span class='ocrx_word' id='word_1_795' title='bbox 2207 4055 2241 4124; x_wconf 85' lang='grc' dir='ltr'>ή</span> <span class='ocrx_word' id='word_1_796' title='bbox 2281 4054 2388 4124; x_wconf 83' lang='grc' dir='ltr'>πρὸ</span> <span class='ocrx_word' id='word_1_797' title='bbox 2424 4054 2611 4107; x_wconf 88' lang='grc' dir='ltr'>τούτου</span> <span class='ocrx_word' id='word_1_798' title='bbox 2652 4055 2884 4126; x_wconf 88' lang='grc' dir='ltr'>πολεμία</span> <span class='ocrx_word' id='word_1_799' title='bbox 2939 4058 3031 4110; x_wconf 79' lang='grc' dir='ltr'>καί</span> <span class='ocrx_word' id='word_1_800' title='bbox 3065 4059 3234 4131; x_wconf 84' lang='grc' dir='ltr'>ἐχθρὰ</span> <span class='ocrx_word' id='word_1_801' title='bbox 3283 4064 3455 4136; x_wconf 82' lang='grc' dir='ltr'>φωνὴ,</span> <span class='ocrx_word' id='word_1_802' title='bbox 3500 4069 3783 4139; x_wconf 75' lang='grc' dir='ltr'>προσηνής</span> 
     </span>
    </p>
   </div>
   <div class='ocr_carea' id='block_1_106' title="bbox 2209 4145 3786 4228">
    <p class='ocr_par' dir='ltr' id='par_1_106' title="bbox 2209 4145 3786 4228">
     <span class='ocr_line' id='line_1_106' title="bbox 2209 4145 3786 4228; baseline 0.011 -30"><span class='ocrx_word' id='word_1_803' title='bbox 2209 4146 2302 4198; x_wconf 74' lang='grc' dir='ltr'>καὶ</span> <span class='ocrx_word' id='word_1_804' title='bbox 2333 4145 2519 4216; x_wconf 75' lang='grc' dir='ltr'>ἡδίστη</span> <span class='ocrx_word' id='word_1_805' title='bbox 2553 4148 2685 4215; x_wconf 80' lang='grc' dir='ltr'>ἡμῖν</span> <span class='ocrx_word' id='word_1_806' title='bbox 2729 4147 3012 4215; x_wconf 87' lang='grc' dir='ltr'>φαίνεται,</span> <span class='ocrx_word' id='word_1_807' title='bbox 3043 4152 3136 4203; x_wconf 82' lang='grc' dir='ltr'>καὶ</span> <span class='ocrx_word' id='word_1_808' title='bbox 3181 4154 3213 4222; x_wconf 89' lang='grc' dir='ltr'>ή</span> <span class='ocrx_word' id='word_1_809' title='bbox 3250 4155 3482 4227; x_wconf 85' lang='grc' dir='ltr'>πολεμία</span> <span class='ocrx_word' id='word_1_810' title='bbox 3520 4158 3642 4228; x_wconf 74' lang='grc' dir='ltr'>ὄψις</span> <span class='ocrx_word' id='word_1_811' title='bbox 3685 4163 3786 4216; x_wconf 79' lang='grc' dir='ltr'>καὶ</span> 
     </span>
    </p>
   </div>
   <div class='ocr_carea' id='block_1_107' title="bbox 2207 4235 3049 4310">
    <p class='ocr_par' dir='ltr' id='par_1_107' title="bbox 2207 4235 3049 4310">
     <span class='ocr_line' id='line_1_107' title="bbox 2207 4235 3049 4310; baseline 0.007 -24"><span class='ocrx_word' id='word_1_812' title='bbox 2207 4235 2374 4306; x_wconf 82' lang='grc' dir='ltr'>ἀηδὴς</span> <span class='ocrx_word' id='word_1_813' title='bbox 2400 4235 2620 4306; x_wconf 82' lang='grc' dir='ltr'>ποθεινὴ</span> <span class='ocrx_word' id='word_1_814' title='bbox 2650 4237 2746 4290; x_wconf 78' lang='grc' dir='ltr'>καὶ</span> <span class='ocrx_word' id='word_1_815' title='bbox 2775 4238 3049 4310; x_wconf 87' lang='grc' dir='ltr'>ἐπίχαρις.</span> 
     </span>
    </p>
   </div>
   <div class='ocr_carea' id='block_1_108' title="bbox 2277 4369 3779 4454">
    <p class='ocr_par' dir='ltr' id='par_1_108' title="bbox 2277 4369 3779 4454">
     <span class='ocr_line' id='line_1_108' title="bbox 2277 4369 3779 4454; baseline 0.011 -33"><span class='ocrx_word' id='word_1_816' title='bbox 2277 4375 2338 4429; x_wconf 84' lang='grc' dir='ltr'>ς’.</span> <span class='ocrx_word' id='word_1_817' title='bbox 2361 4369 2530 4422; x_wconf 92' lang='grc' dir='ltr'>Τοῦτο</span> <span class='ocrx_word' id='word_1_818' title='bbox 2553 4370 2759 4437; x_wconf 89' lang='grc' dir='ltr'>γίνεται</span> <span class='ocrx_word' id='word_1_819' title='bbox 2787 4372 2882 4424; x_wconf 76' lang='grc' dir='ltr'>καὶ</span> <span class='ocrx_word' id='word_1_820' title='bbox 2901 4372 2992 4425; x_wconf 76' lang='grc' dir='ltr'>ἐπὶ</span> <span class='ocrx_word' id='word_1_821' title='bbox 3024 4374 3116 4428; x_wconf 91' lang='grc' dir='ltr'>τοῦ</span> <span class='ocrx_word' id='word_1_822' title='bbox 3147 4379 3429 4447; x_wconf 89' lang='grc' dir='ltr'>χειμῶνος.</span> <span class='ocrx_word' id='word_1_823' title='bbox 3450 4381 3563 4434; x_wconf 85' lang='grc' dir='ltr'>Οὐκ</span> <span class='ocrx_word' id='word_1_824' title='bbox 3581 4382 3779 4454; x_wconf 88' lang='grc' dir='ltr'>ἀφίησι</span> 
     </span>
    </p>
   </div>
   <div class='ocr_carea' id='block_1_109' title="bbox 2205 4459 3777 4538">
    <p class='ocr_par' dir='ltr' id='par_1_109' title="bbox 2205 4459 3777 4538">
     <span class='ocr_line' id='line_1_109' title="bbox 2205 4459 3777 4538; baseline 0.009 -24"><span class='ocrx_word' id='word_1_825' title='bbox 2205 4459 2297 4514; x_wconf 88' lang='grc' dir='ltr'>τοῦ</span> <span class='ocrx_word' id='word_1_826' title='bbox 2325 4460 2554 4530; x_wconf 87' lang='grc' dir='ltr'>οὐρανοῦ</span> <span class='ocrx_word' id='word_1_827' title='bbox 2587 4461 2648 4514; x_wconf 83' lang='grc' dir='ltr'>τὸ</span> <span class='ocrx_word' id='word_1_828' title='bbox 2681 4461 2875 4526; x_wconf 85' lang='grc' dir='ltr'>κάλλος</span> <span class='ocrx_word' id='word_1_829' title='bbox 2907 4464 2939 4533; x_wconf 90' lang='grc' dir='ltr'>ή</span> <span class='ocrx_word' id='word_1_830' title='bbox 2980 4463 3087 4518; x_wconf 85' lang='grc' dir='ltr'>τῶν</span> <span class='ocrx_word' id='word_1_831' title='bbox 3117 4467 3293 4535; x_wconf 87' lang='grc' dir='ltr'>νεφῶν</span> <span class='ocrx_word' id='word_1_832' title='bbox 3334 4470 3618 4538; x_wconf 85' lang='grc' dir='ltr'>φαίνεσθαι</span> <span class='ocrx_word' id='word_1_833' title='bbox 3649 4491 3777 4528; x_wconf 83' lang='grc' dir='ltr'>συν-</span> 
     </span>
    </p>
   </div>
   <div class='ocr_carea' id='block_1_110' title="bbox 2205 4548 3778 4630">
    <p class='ocr_par' dir='ltr' id='par_1_110' title="bbox 2205 4548 3778 4630">
     <span class='ocr_line' id='line_1_110' title="bbox 2205 4548 3778 4630; baseline 0.002 -27"><span class='ocrx_word' id='word_1_834' title='bbox 2205 4551 2415 4619; x_wconf 73' lang='grc' dir='ltr'>δρομήο</span> <span class='ocrx_word' id='word_1_835' title='bbox 2483 4548 2618 4603; x_wconf 89' lang='grc' dir='ltr'>ἀλλά</span> <span class='ocrx_word' id='word_1_836' title='bbox 2665 4549 2766 4604; x_wconf 84' lang='grc' dir='ltr'>κᾶν</span> <span class='ocrx_word' id='word_1_837' title='bbox 2820 4552 3076 4620; x_wconf 87' lang='grc' dir='ltr'>μυριάκις</span> <span class='ocrx_word' id='word_1_838' title='bbox 3126 4554 3408 4628; x_wconf 82' lang='grc' dir='ltr'>ὀξυδερκὲς</span> <span class='ocrx_word' id='word_1_839' title='bbox 3453 4559 3664 4630; x_wconf 78' lang='grc' dir='ltr'>ἔχωμεν</span> <span class='ocrx_word' id='word_1_840' title='bbox 3713 4564 3778 4617; x_wconf 73' lang='grc' dir='ltr'>τὸ</span> 
     </span>
    </p>
   </div>
   <div class='ocr_carea' id='block_1_111' title="bbox 2205 4639 3778 4723">
    <p class='ocr_par' dir='ltr' id='par_1_111' title="bbox 2205 4639 3778 4723">
     <span class='ocr_line' id='line_1_111' title="bbox 2205 4639 3778 4723; baseline 0.01 -33"><span class='ocrx_word' id='word_1_841' title='bbox 2205 4640 2378 4708; x_wconf 77' lang='grc' dir='ltr'>ὄμμα,</span> <span class='ocrx_word' id='word_1_842' title='bbox 2409 4639 2509 4691; x_wconf 84' lang='grc' dir='ltr'>οὐκ</span> <span class='ocrx_word' id='word_1_843' title='bbox 2539 4639 2794 4715; x_wconf 84' lang='grc' dir='ltr'>ἰσχύομεν</span> <span class='ocrx_word' id='word_1_844' title='bbox 2841 4642 3220 4698; x_wconf 86' lang='grc' dir='ltr'>ἀντιλαϐέσθαι</span> <span class='ocrx_word' id='word_1_845' title='bbox 3260 4647 3360 4716; x_wconf 88' lang='grc' dir='ltr'>τῆς</span> <span class='ocrx_word' id='word_1_846' title='bbox 3401 4649 3514 4702; x_wconf 83' lang='grc' dir='ltr'>ἀνω</span> <span class='ocrx_word' id='word_1_847' title='bbox 3553 4653 3778 4723; x_wconf 84' lang='grc' dir='ltr'>φαιδρό-</span> 
     </span>
    </p>
   </div>
   <div class='ocr_carea' id='block_1_112' title="bbox 2205 4731 3778 4815">
    <p class='ocr_par' dir='ltr' id='par_1_112' title="bbox 2205 4731 3778 4815">
     <span class='ocr_line' id='line_1_112' title="bbox 2205 4731 3778 4815; baseline 0.008 -32"><span class='ocrx_word' id='word_1_848' title='bbox 2205 4748 2386 4801; x_wconf 89' lang='grc' dir='ltr'>τητος.</span> <span class='ocrx_word' id='word_1_849' title='bbox 2433 4731 2680 4786; x_wconf 86' lang='grc' dir='ltr'>Ἐπειδὰν</span> <span class='ocrx_word' id='word_1_850' title='bbox 2705 4732 2749 4783; x_wconf 86' lang='grc' dir='ltr'>δ’</span> <span class='ocrx_word' id='word_1_851' title='bbox 2772 4734 2804 4801; x_wconf 88' lang='grc' dir='ltr'>ή</span> <span class='ocrx_word' id='word_1_852' title='bbox 2851 4734 2948 4804; x_wconf 88' lang='grc' dir='ltr'>τῆς</span> <span class='ocrx_word' id='word_1_853' title='bbox 2978 4736 3190 4799; x_wconf 87' lang='grc' dir='ltr'>ἀκτῖνος</span> <span class='ocrx_word' id='word_1_854' title='bbox 3218 4738 3484 4810; x_wconf 87' lang='grc' dir='ltr'>θερμότης</span> <span class='ocrx_word' id='word_1_855' title='bbox 3512 4742 3778 4815; x_wconf 85' lang='grc' dir='ltr'>ἐνδιατρί-</span> 
     </span>
    </p>
   </div>
   <div class='ocr_carea' id='block_1_113' title="bbox 2203 4823 3778 4903">
    <p class='ocr_par' dir='ltr' id='par_1_113' title="bbox 2203 4823 3778 4903">
     <span class='ocr_line' id='line_1_113' title="bbox 2203 4823 3778 4903; baseline 0.001 -27"><span class='ocrx_word' id='word_1_856' title='bbox 2203 4823 2352 4892; x_wconf 80' lang='grc' dir='ltr'>ψασα</span> <span class='ocrx_word' id='word_1_857' title='bbox 2383 4825 2476 4876; x_wconf 76' lang='grc' dir='ltr'>καὶ</span> <span class='ocrx_word' id='word_1_858' title='bbox 2495 4823 2830 4896; x_wconf 78' lang='grc' dir='ltr'>διαρρήξασα</span> <span class='ocrx_word' id='word_1_859' title='bbox 2860 4827 2920 4878; x_wconf 87' lang='grc' dir='ltr'>τὸ</span> <span class='ocrx_word' id='word_1_860' title='bbox 2950 4827 3126 4894; x_wconf 88' lang='grc' dir='ltr'>νέφος,</span> <span class='ocrx_word' id='word_1_861' title='bbox 3153 4827 3297 4900; x_wconf 82' lang='grc' dir='ltr'>δείξῃ</span> <span class='ocrx_word' id='word_1_862' title='bbox 3335 4831 3426 4884; x_wconf 78' lang='grc' dir='ltr'>τὸν</span> <span class='ocrx_word' id='word_1_863' title='bbox 3459 4833 3629 4903; x_wconf 71' lang='grc' dir='ltr'>ἥλιον,</span> <span class='ocrx_word' id='word_1_864' title='bbox 3668 4835 3778 4888; x_wconf 68' lang='grc' dir='ltr'>δεῖ..</span> 
     </span>
    </p>
   </div>
   <div class='ocr_carea' id='block_1_114' title="bbox 2204 4914 3777 4991">
    <p class='ocr_par' dir='ltr' id='par_1_114' title="bbox 2204 4914 3777 4991">
     <span class='ocr_line' id='line_1_114' title="bbox 2204 4914 3777 4991; baseline 0.01 -25"><span class='ocrx_word' id='word_1_865' title='bbox 2204 4931 2359 4968; x_wconf 90' lang='grc' dir='ltr'>κνυσι</span> <span class='ocrx_word' id='word_1_866' title='bbox 2398 4916 2491 4968; x_wconf 79' lang='grc' dir='ltr'>καὶ</span> <span class='ocrx_word' id='word_1_867' title='bbox 2528 4915 2628 4984; x_wconf 84' lang='grc' dir='ltr'>τὴν</span> <span class='ocrx_word' id='word_1_868' title='bbox 2655 4914 2747 4967; x_wconf 89' lang='grc' dir='ltr'>τοῦ</span> <span class='ocrx_word' id='word_1_869' title='bbox 2776 4915 3002 4985; x_wconf 85' lang='grc' dir='ltr'>οὐρανοῦ</span> <span class='ocrx_word' id='word_1_870' title='bbox 3043 4919 3204 4972; x_wconf 89' lang='grc' dir='ltr'>πάλιν</span> <span class='ocrx_word' id='word_1_871' title='bbox 3239 4922 3590 4991; x_wconf 82' lang='grc' dir='ltr'>εὐπρέπειαν.</span> <span class='ocrx_word' id='word_1_872' title='bbox 3621 4924 3777 4982; x_wconf 79' lang='grc' dir='ltr'>Οὕτω</span> 
     </span>
    </p>
   </div>
   <div class='ocr_carea' id='block_1_115' title="bbox 2205 4996 3775 5078">
    <p class='ocr_par' dir='ltr' id='par_1_115' title="bbox 2205 4996 3775 5078">
     <span class='ocr_line' id='line_1_115' title="bbox 2205 4996 3775 5078; baseline 0.008 -29"><span class='ocrx_word' id='word_1_873' title='bbox 2205 4998 2298 5051; x_wconf 73' lang='grc' dir='ltr'>καὶ</span> <span class='ocrx_word' id='word_1_874' title='bbox 2349 4998 2434 5066; x_wconf 87' lang='grc' dir='ltr'>ἐφ’</span> <span class='ocrx_word' id='word_1_875' title='bbox 2487 4996 2641 5067; x_wconf 81' lang='grc' dir='ltr'>ἡμῶν</span> <span class='ocrx_word' id='word_1_876' title='bbox 2684 4997 3051 5067; x_wconf 80' lang='grc' dir='ltr'>ὀργιζομένων</span> <span class='ocrx_word' id='word_1_877' title='bbox 3095 5001 3334 5068; x_wconf 78' lang='grc' dir='ltr'>γίνεται’</span> <span class='ocrx_word' id='word_1_878' title='bbox 3380 5006 3474 5058; x_wconf 78' lang='grc' dir='ltr'>καὶ</span> <span class='ocrx_word' id='word_1_879' title='bbox 3523 5006 3775 5078; x_wconf 76' lang='grc' dir='ltr'>καθάπερ</span> 
     </span>
    </p>
   </div>
   <div class='ocr_carea' id='block_1_116' title="bbox 2204 5088 3775 5168">
    <p class='ocr_par' dir='ltr' id='par_1_116' title="bbox 2204 5088 3775 5168">
     <span class='ocr_line' id='line_1_116' title="bbox 2204 5088 3775 5168; baseline 0.007 -27"><span class='ocrx_word' id='word_1_880' title='bbox 2204 5088 2362 5157; x_wconf 89' lang='grc' dir='ltr'>νέφος</span> <span class='ocrx_word' id='word_1_881' title='bbox 2386 5089 2805 5158; x_wconf 89' lang='grc' dir='ltr'>πεπυκνωμένον</span> <span class='ocrx_word' id='word_1_882' title='bbox 2834 5090 2940 5160; x_wconf 77' lang='lat'><strong>7:96</strong></span> <span class='ocrx_word' id='word_1_883' title='bbox 2964 5090 3065 5145; x_wconf 86' lang='grc' dir='ltr'>τῶν</span> <span class='ocrx_word' id='word_1_884' title='bbox 3091 5092 3382 5164; x_wconf 90' lang='grc' dir='ltr'>ὀφθαλμῶν</span> <span class='ocrx_word' id='word_1_885' title='bbox 3410 5098 3505 5151; x_wconf 76' lang='grc' dir='ltr'>καὶ</span> <span class='ocrx_word' id='word_1_886' title='bbox 3529 5098 3637 5168; x_wconf 84' lang='grc' dir='ltr'>πρὸ</span> <span class='ocrx_word' id='word_1_887' title='bbox 3665 5099 3775 5151; x_wconf 87' lang='grc' dir='ltr'>τῶν</span> 
     </span>
    </p>
   </div>
   <div class='ocr_carea' id='block_1_117' title="bbox 2203 5179 3776 5257">
    <p class='ocr_par' dir='ltr' id='par_1_117' title="bbox 2203 5179 3776 5257">
     <span class='ocr_line' id='line_1_117' title="bbox 2203 5179 3776 5257; baseline 0.006 -25"><span class='ocrx_word' id='word_1_888' title='bbox 2203 5179 2379 5233; x_wconf 89' lang='grc' dir='ltr'>ἀκοῶν</span> <span class='ocrx_word' id='word_1_889' title='bbox 2413 5180 2625 5233; x_wconf 87' lang='grc' dir='ltr'>ἐστῶσα</span> <span class='ocrx_word' id='word_1_890' title='bbox 2656 5183 2688 5250; x_wconf 90' lang='grc' dir='ltr'>ή</span> <span class='ocrx_word' id='word_1_891' title='bbox 2723 5179 2911 5250; x_wconf 75' lang='grc' dir='ltr'>ἔχθρα,</span> <span class='ocrx_word' id='word_1_892' title='bbox 2953 5183 3143 5254; x_wconf 86' lang='grc' dir='ltr'>ἐτέρας</span> <span class='ocrx_word' id='word_1_893' title='bbox 3185 5187 3278 5239; x_wconf 79' lang='grc' dir='ltr'>καὶ</span> <span class='ocrx_word' id='word_1_894' title='bbox 3333 5187 3434 5252; x_wconf 84' lang='grc' dir='ltr'>τὰς</span> <span class='ocrx_word' id='word_1_895' title='bbox 3465 5189 3649 5257; x_wconf 86' lang='grc' dir='ltr'>φωνάς</span> <span class='ocrx_word' id='word_1_896' title='bbox 3681 5191 3776 5243; x_wconf 76' lang='grc' dir='ltr'>καὶ</span> 
     </span>
    </p>
   </div>
   <div class='ocr_carea' id='block_1_118' title="bbox 2201 5259 3775 5352">
    <p class='ocr_par' dir='ltr' id='par_1_118' title="bbox 2201 5259 3775 5352">
     <span class='ocr_line' id='line_1_118' title="bbox 2201 5259 3775 5352; baseline 0.008 -29"><span class='ocrx_word' id='word_1_897' title='bbox 2201 5272 2298 5334; x_wconf 82' lang='grc' dir='ltr'>τὰς</span> <span class='ocrx_word' id='word_1_898' title='bbox 2330 5271 2480 5342; x_wconf 81' lang='grc' dir='ltr'>δψεις</span> <span class='ocrx_word' id='word_1_899' title='bbox 2507 5273 2650 5324; x_wconf 89' lang='grc' dir='ltr'>ποιεί</span> <span class='ocrx_word' id='word_1_900' title='bbox 2691 5259 2996 5338; x_wconf 85' lang='grc' dir='ltr'>φαίνεσθαι.</span> <span class='ocrx_word' id='word_1_901' title='bbox 3034 5275 3280 5330; x_wconf 84' lang='grc' dir='ltr'>Ἐπειδὰν</span> <span class='ocrx_word' id='word_1_902' title='bbox 3310 5277 3368 5331; x_wconf 82' lang='grc' dir='ltr'>δὲ</span> <span class='ocrx_word' id='word_1_903' title='bbox 3407 5279 3775 5352; x_wconf 88' lang='grc' dir='ltr'>φιλοσοφήσας</span> 
     </span>
    </p>
   </div>
   <div class='ocr_carea' id='block_1_119' title="bbox 2201 5361 3772 5444">
    <p class='ocr_par' dir='ltr' id='par_1_119' title="bbox 2201 5361 3772 5444">
     <span class='ocr_line' id='line_1_119' title="bbox 2201 5361 3772 5444; baseline 0.008 -30"><span class='ocrx_word' id='word_1_904' title='bbox 2201 5379 2282 5425; x_wconf 88' lang='grc' dir='ltr'>τις</span> <span class='ocrx_word' id='word_1_905' title='bbox 2311 5363 2408 5432; x_wconf 84' lang='grc' dir='ltr'>τὴν</span> <span class='ocrx_word' id='word_1_906' title='bbox 2437 5361 2633 5432; x_wconf 78' lang='grc' dir='ltr'>ἔχθραν</span> <span class='ocrx_word' id='word_1_907' title='bbox 2660 5362 2926 5432; x_wconf 88' lang='grc' dir='ltr'>ἀπόθηται</span> <span class='ocrx_word' id='word_1_908' title='bbox 2952 5367 3046 5418; x_wconf 72' lang='grc' dir='ltr'>καὶ</span> <span class='ocrx_word' id='word_1_909' title='bbox 3089 5367 3352 5441; x_wconf 75' lang='grc' dir='ltr'>διαῤῥήξη</span> <span class='ocrx_word' id='word_1_910' title='bbox 3383 5371 3482 5441; x_wconf 84' lang='grc' dir='ltr'>τῆς</span> <span class='ocrx_word' id='word_1_911' title='bbox 3509 5373 3688 5444; x_wconf 84' lang='grc' dir='ltr'>λύπης</span> <span class='ocrx_word' id='word_1_912' title='bbox 3712 5374 3772 5426; x_wconf 80' lang='grc' dir='ltr'>τὸ</span> 
     </span>
    </p>
   </div>
   <div class='ocr_carea' id='block_1_120' title="bbox 2201 5451 3774 5530">
    <p class='ocr_par' dir='ltr' id='par_1_120' title="bbox 2201 5451 3774 5530">
     <span class='ocr_line' id='line_1_120' title="bbox 2201 5451 3774 5530; baseline 0.008 -25"><span class='ocrx_word' id='word_1_913' title='bbox 2201 5453 2379 5518; x_wconf 83' lang='grc' dir='ltr'>νέφος,</span> <span class='ocrx_word' id='word_1_914' title='bbox 2402 5451 2522 5504; x_wconf 92' lang='grc' dir='ltr'>τότε</span> <span class='ocrx_word' id='word_1_915' title='bbox 2543 5452 2823 5522; x_wconf 88' lang='grc' dir='ltr'>ἀδεκάστῳ</span> <span class='ocrx_word' id='word_1_916' title='bbox 2851 5454 3093 5526; x_wconf 88' lang='grc' dir='ltr'>λογισμῷ</span> <span class='ocrx_word' id='word_1_917' title='bbox 3119 5460 3210 5511; x_wconf 76' lang='grc' dir='ltr'>καὶ</span> <span class='ocrx_word' id='word_1_918' title='bbox 3235 5459 3422 5530; x_wconf 76' lang='grc' dir='ltr'>ὄψεται</span> <span class='ocrx_word' id='word_1_919' title='bbox 3449 5463 3648 5530; x_wconf 86' lang='grc' dir='ltr'>πάντα,</span> <span class='ocrx_word' id='word_1_920' title='bbox 3679 5466 3774 5518; x_wconf 70' lang='grc' dir='ltr'>καὶ</span> 
     </span>
    </p>
   </div>
   <div class='ocr_carea' id='block_1_121' title="bbox 2265 5584 3095 5650">
    <p class='ocr_par' dir='ltr' id='par_1_121' title="bbox 2265 5584 3095 5650">
     <span class='ocr_line' id='line_1_121' title="bbox 2265 5584 3095 5650; baseline 0.002 -15"><span class='ocrx_word' id='word_1_921' title='bbox 2265 5586 2288 5614; x_wconf 70' lang='grc'>³³</span> <span class='ocrx_word' id='word_1_922' title='bbox 2313 5584 2438 5650; x_wconf 75' lang='lat' dir='ltr'>Reg.</span> <span class='ocrx_word' id='word_1_923' title='bbox 2464 5599 2592 5636; x_wconf 85' lang='lat' dir='ltr'>unus</span> <span class='ocrx_word' id='word_1_924' title='bbox 2612 5591 2656 5636; x_wconf 85' lang='grc' dir='ltr'>οἰ</span> <span class='ocrx_word' id='word_1_925' title='bbox 2682 5587 2812 5650; x_wconf 84' lang='grc' dir='ltr'>λόγοι</span> <span class='ocrx_word' id='word_1_926' title='bbox 2837 5605 2924 5638; x_wconf 90' lang='grc' dir='ltr'>σου</span> <span class='ocrx_word' id='word_1_927' title='bbox 2948 5589 3095 5644; x_wconf 78' lang='grc' dir='ltr'>οὗτοι,</span> 
     </span>
    </p>
   </div>
  </div>
