4094 6256
356 208 450 264 701

350 319 536 386 litiam,
560 317 696 375 alter
719 334 980 375 summam
1018 320 1299 376 exercebat
1328 322 1608 390 justitiam,
1638 332 1696 376 ut
1720 322 1809 391 qui
1850 321 1928 376 fa—

350 410 575 467 cultates
603 425 727 467 suas
746 424 1025 483 erogaret,
1054 413 1372 482 assidueque
1394 413 1681 483 jejunaret,
1709 428 1871 481 purus
1896 428 1926 465 a

346 500 551 568 rapinis
584 517 598 554 :
632 511 817 557 contra
849 503 983 558 alter
1035 502 1086 557 in
1126 503 1325 572 rapinis
1376 516 1440 557 ac
1484 502 1753 557 violentiis
1802 505 1925 557 vitae

348 598 565 658 tempus
588 606 745 646 omne
782 602 1201 661 consumpserat.
1250 593 1421 648 Ambo
1466 594 1823 648 ascenderunt
1872 595 1925 649 in

351 679 607 748 templum
651 682 840 735 orandi
883 682 1071 751 gratia.
1114 680 1203 735 llle
1238 690 1385 735 stans
1430 681 1685 737 dicebat:
1725 682 1927 738 Gratias

349 785 446 838 ago
467 770 556 823 tibi
579 811 593 835 ,
621 769 854 837 Domine,
886 773 1122 841 quoniam
1150 788 1249 825 non
1270 789 1380 826 sum
1408 774 1535 826 sicut
1560 774 1731 826 caeteri
1760 776 1924 827 homi-

349 875 458 926 nes,
486 876 695 928 rapaces
714 902 730 928 ,
758 862 934 926 avari,
957 877 1115 930 neque
1143 860 1277 914 velut
1316 848 1398 914 ltic
1426 861 1723 931 publicanus
1749 863 1768 929 (
1794 864 1922 917 Luc.

350 950 438 1005 18.
473 951 559 1005 11.
582 951 651 1005 12
674 950 716 1021 ).
740 952 809 1006 At
851 950 1162 1022 publicanus
1190 953 1374 1021 procul
1398 961 1544 1007 stans
1572 967 1677 1006 non
1704 955 1926 1022 regessit

352 1041 730 1095 contumeliam
758 1083 774 1108 ,
822 1057 995 1110 neque
1025 1042 1254 1096 vicissim
1306 1041 1438 1095 dixit
1469 1040 1788 1105 convicium,
1817 1057 1922 1097 non

355 1132 574 1201 protulit
622 1132 721 1188 ista
762 1132 994 1202 vulgaria
1034 1132 1194 1187 verba
1224 1150 1236 1186 :
1261 1133 1411 1187 Tune
1448 1133 1612 1187 audes
1642 1148 1774 1187 mere
1801 1135 1924 1188 vita:

350 1225 675 1280 mentionem
703 1223 875 1279 facere
900 1239 1123 1295 meaque
1142 1225 1273 1278 facta
1292 1224 1681 1293 reprehendere
1696 1225 1921 1279 ?Annon

349 1329 467 1370 sum
513 1324 567 1371 te
609 1317 834 1371 melior?
874 1316 1120 1371 Referam
1168 1325 1256 1370 tua
1302 1324 1514 1385 peccata
1539 1357 1552 1379 ,
1581 1315 1808 1383 faxoque
1856 1332 1923 1372 ne

351 1422 600 1475 umquam
635 1408 687 1462 in
736 1407 849 1462 hmc
872 1423 1021 1463 sacra
1055 1407 1382 1463 conscendas
1426 1407 1581 1462 atria.
1628 1408 1809 1476 Nihil,
1840 1409 1922 1463 in-

348 1515 532 1570 quam,
566 1501 863 1556 istiusmodi
907 1500 1218 1571 frigidorum
1259 1500 1539 1556 verborum
1567 1500 1815 1570 loquutus
1840 1511 1922 1556 est

348 1592 686 1661 publicanus,
717 1592 909 1661 quibus
938 1594 1136 1648 utimur
1164 1591 1399 1663 quotidie
1425 1607 1524 1648 nos
1566 1602 1752 1647 mutuo
1780 1608 1923 1648 con-

351 1683 503 1737 viciis
526 1693 897 1753 aspergentes;
943 1684 1036 1738 sed
1081 1698 1262 1739 amare
1320 1684 1591 1753 suspirans
1633 1694 1923 1755 pectusque

349 1775 672 1843 percutiens,
703 1774 803 1829 hoc
829 1784 1028 1829 tantum
1055 1774 1210 1841 dixit,
1248 1774 1507 1845 Propitius
1528 1784 1629 1830 esto
1662 1777 1785 1830 mihi
1803 1794 1920 1847 pec-

347 1866 507 1918 calari
528 1866 545 1935 (
568 1864 650 1917 Ib.
684 1880 731 1917 v.
765 1865 833 1920 15
859 1865 899 1935 ),
930 1873 985 1920 et
1016 1865 1650 1933 descenditjustiﬁcatus.

415 1949 679 2003 Accusatio
698 1950 777 2003 sui
805 1950 863 2018 ﬁt
889 1950 1114 2004 remissio
1131 1950 1376 2003 criminis.
1403 1949 1487 2003 Ne
1506 1950 1703 2003 daemon
1722 1950 1922 2019 quidem

324 2056 436 2093 .nos
477 2041 543 2093 ad
594 2040 724 2094 iram
752 2040 1003 2094 concitare
1040 2050 1217 2109 potest.
1246 2070 1319 2080 —
1360 2039 1521 2095 Vides
1557 2040 1918 2097 celeritatem?

318 2111 550 2217 Laccepit
591 2132 863 2201 probrum,
894 2140 948 2186 et
989 2131 1156 2185 abluit
1203 2131 1491 2201 probrum;
1544 2132 1763 2202 agnovit
1786 2147 1915 2202 pec-

322 2220 497 2288 ‘cata,
538 2231 592 2277 et
627 2222 871 2291 deposuit
908 2231 1168 2291 peccata:
1217 2231 1273 2277 et
1323 2222 1603 2276 criminum
1646 2224 1916 2279 accusatio

342 2312 480 2366 facta
508 2320 590 2366 est
619 2310 693 2365 illi
722 2312 1002 2367 criminum
1045 2312 1288 2367 remissio
1310 2352 1325 2377 ,
1375 2322 1429 2367 et
1476 2312 1643 2367 hostis
1687 2313 1921 2370 insciens

340 2401 517 2457 factus
559 2412 643 2457 est
668 2403 959 2459 beneﬁcus.
1001 2404 1142 2471 Quot
1179 2404 1387 2459 labores
1440 2412 1592 2458 erant
1638 2405 1919 2474 publicano

340 2493 603 2548 subeundi
632 2533 647 2560 ,
675 2494 963 2565 jejunando
987 2537 1001 2561 ,
1032 2495 1181 2549 humi
1228 2494 1542 2551 dormiendo
1563 2534 1580 2563 ,
1624 2493 1913 2565 vigilando,

342 2586 477 2641 bona
506 2600 601 2642 sua
631 2587 811 2656 egenis
840 2587 1210 2657 impartiendo,
1242 2586 1401 2656 longo
1430 2596 1667 2658 tempore
1687 2589 1741 2642 in
1760 2602 1918 2644 sacco

340 2687 394 2732 et
418 2678 599 2733 cinere
624 2677 894 2742 sedendo,
926 2686 984 2731 ut
1014 2677 1103 2732 illa
1151 2686 1256 2731 tam
1295 2677 1460 2731 multa
1489 2686 1704 2746 peccata
1735 2687 1917 2749 posset

339 2768 652 2839 deponere?
681 2772 750 2824 At
776 2784 916 2824 nunc
948 2785 1067 2824 cum
1113 2769 1245 2824 nihil
1279 2770 1381 2825 tale
1436 2770 1656 2837 fecerit,
1687 2772 1916 2842 simplici

338 2861 503 2915 verbo
531 2875 745 2916 omnem
773 2860 1019 2930 deposuit
1062 2862 1435 2930 iniquitatem:
1468 2878 1531 2917 ac
1564 2865 1757 2931 probra
1784 2878 1912 2918 con-

339 2950 580 3017 viciaque
607 2950 895 3017 Pharistei,
925 2951 1013 3019 qui
1073 2950 1349 3005 videbatur
1395 2950 1545 3006 illum
1595 2954 1916 3008 contumelia

337 3040 581 3106 afﬁcere,
612 3043 684 3096 illi
712 3052 1032 3112 pepererunt
1060 3042 1279 3113 justitia:
1307 3057 1583 3111 coronam,
1612 3044 1770 3114 idque
1800 3048 1917 3101 sine

339 3135 622 3189 sudoribus
646 3176 660 3198 ,
701 3134 818 3189 sine
848 3135 1117 3190 laboribus
1137 3176 1151 3201 ,
1185 3143 1238 3190 et
1262 3135 1461 3206 absque
1488 3136 1629 3205 longi
1660 3136 1917 3206 temporis

339 3241 511 3279 mora.
542 3225 775 3280 Videsne
803 3239 921 3291 nos,
968 3224 1174 3280 etiamsi
1206 3226 1324 3295 quis
1360 3239 1483 3282 vera
1505 3225 1572 3281 de
1598 3226 1751 3281 nobis
1778 3241 1916 3295 prae-

337 3316 500 3381 dicet,
531 3329 756 3385 quorum
784 3329 883 3370 nos
909 3315 1011 3386 ipsi
1032 3315 1186 3371 nobis
1205 3317 1407 3371 conscii
1433 3316 1620 3381 simus,
1652 3316 1751 3372 ista
1786 3331 1915 3373 vero

339 3406 719 3476 praedicantem
747 3419 854 3460 non
880 3405 1115 3461 vicissim
1139 3406 1554 3476 impertierimus
1585 3407 1877 3464 maledictis
1895 3449 1912 3477 ,

338 3496 433 3551 sed
464 3511 645 3551 amare
668 3497 1099 3567 ingemiscentes,
1133 3498 1297 3553 Deum
1334 3513 1433 3568 pro
1472 3498 1683 3555 delictis
1713 3501 1913 3555 nostris

337 3587 817 3656 imploraverimus,
839 3589 1014 3643 omnia
1044 3599 1257 3658 peccata
1283 3588 1550 3658 deponere
1583 3591 1777 3659 posse?
1801 3591 1917 3647 Hoc

339 3687 494 3745 pacto
519 3687 574 3732 et
618 3677 705 3732 hic
732 3678 1054 3745 justiﬁcatus
1092 3687 1175 3733 est
1207 3696 1221 3732 :
1263 3681 1512 3747 quoniam
1539 3681 1681 3733 enim
1729 3680 1917 3735 Phari-

339 3783 506 3823 sacum
550 3783 659 3822 non
702 3768 847 3822 ultus
873 3777 958 3822 est
987 3768 1262 3834 conviciis,
1291 3768 1386 3823 sed
1414 3782 1513 3835 pro
1545 3769 1656 3822 suis
1684 3770 1915 3837 peccatis

342 3858 618 3929 ingemuit,
649 3857 931 3913 descendit
951 3857 1277 3927 justiﬁeatus
1301 3872 1412 3927 prae
1445 3858 1558 3913 illo.

413 3950 468 4004 5.
501 3948 664 4004 Vides
685 3958 938 4019 quantum
978 3947 1164 4004 afferat
1190 3948 1428 4003 utilitatis
1457 3948 1789 4003 inimicorum
1817 3963 1913 4004 ex-

340 4039 612 4109 probratio
634 4079 651 4107 ,
693 4039 739 4094 si
779 4039 942 4095 modo
985 4052 1103 4094 eam
1148 4037 1515 4108 philosophica
1543 4037 1915 4106 pertulerimus

341 4136 561 4192 animo?
590 4134 742 4203 Quod
763 4136 807 4191 si
836 4144 891 4191 et
926 4134 1245 4189 mentientes
1270 4140 1324 4187 et
1360 4148 1485 4188 vera
1515 4133 1791 4203 loquentes
1814 4148 1914 4188 no-

324 4228 427 4291 bis
454 4236 676 4296 prosunt
701 4266 715 4293 ,
744 4226 1087 4297 quamobrem
1116 4224 1390 4280 dolemus?
1419 4239 1578 4290 quam
1604 4224 1671 4279 ob
1701 4239 1914 4279 causam

343 4320 587 4374 urimur?
628 4319 691 4373 Ni
723 4320 945 4390 teipsum
973 4317 1195 4383 lasseris,
1222 4332 1255 4370 ο
1284 4317 1465 4380 homo,
1492 4331 1665 4386 neque
1689 4317 1912 4384 amicus,

343 4423 516 4477 neque
542 4410 785 4463 inimicus
810 4449 825 4474 ,
868 4422 937 4462 ne
965 4408 1078 4475 ipse
1119 4407 1330 4476 quidem
1376 4406 1618 4461 diabolus
1644 4407 1837 4475 poterit
1864 4416 1916 4461 te

256 4487 262 4493 ’
344 4500 561 4555 laedere.
614 4499 823 4554 Etenim
876 4515 996 4553 cum
1025 4507 1082 4553 et
1130 4499 1165 4553 ii
1194 4499 1284 4568 qui
1315 4512 1412 4553 nos
1436 4500 1772 4554 contumeliis
1799 4498 1916 4553 afﬁ-

342 4592 509 4656 ciunt,
535 4590 625 4659 qui
657 4589 956 4653 traducunt,
979 4590 1069 4659 qui
1094 4604 1262 4658 usque
1287 4588 1353 4643 ad
1382 4590 1545 4658 ipsius
1569 4589 1692 4643 vitae
1719 4589 1914 4644 discri-

343 4697 464 4737 men
495 4680 847 4747 insidiantur,
881 4680 1161 4734 utilitatem
1187 4678 1410 4734 alferant
1433 4720 1448 4744 ,
1477 4688 1530 4734 et
1557 4678 1645 4733 alii
1677 4681 1916 4751 martyrii

342 4786 597 4827 coronam
628 4770 780 4826 nobis
830 4770 1059 4839 plectant
1081 4810 1097 4834 ,
1124 4777 1181 4823 ut
1207 4768 1536 4824 ostendimus
1555 4810 1568 4834 ,
1598 4768 1687 4823 alii
1733 4784 1917 4825 rursus

343 4866 468 4920 dum
515 4872 730 4935 peccata
773 4864 927 4918 nobis
952 4860 1310 4930 exprobrant,
1338 4875 1437 4914 nos
1471 4860 1643 4929 justos
1668 4860 1913 4928 reddant,

342 4957 793 5029 quemadmodum
818 4955 1009 5011 accidit
1033 4956 1084 5008 in
1116 4952 1425 5022 publicano,
1454 4967 1549 5007 cur
1578 4953 1629 5006 in
1655 4953 1772 5007 illos
1791 4951 1919 5008 elle-

346 5052 514 5105 rimur
537 5058 592 5105 et
615 5044 1104 5104 excandescimus?
1137 5044 1213 5099 Ne
1241 5043 1530 5098 dixerimus
1569 5044 1747 5112 itaque
1781 5058 1794 5094 :
1827 5043 1918 5098 llle

345 5158 433 5199 me
455 5141 711 5198 atrociter
756 5140 1016 5207 irritavit,
1049 5138 1142 5193 ille
1167 5151 1253 5192 me
1294 5135 1525 5206 perpulit
1559 5175 1575 5201 ,
1604 5143 1659 5188 ut
1684 5133 1916 5188 dicerem

344 5235 624 5291 inhonesta
674 5234 835 5291 verba
898 5249 914 5285 :
973 5246 1071 5287 nos
1124 5230 1317 5300 ubique
1369 5227 1553 5284 talium
1621 5240 1780 5281 causa
1830 5241 1919 5281 su-

344 5341 484 5383 mus.
499 5326 631 5381 Nam
656 5325 703 5381 si
726 5325 950 5381 velimus
973 5320 1358 5393 philosophari,
1377 5334 1447 5374 ne
1470 5318 1678 5373 daemon
1703 5315 1916 5388 quidem

344 5421 539 5490 poterit
576 5433 675 5475 nos
705 5419 768 5473 ad
792 5420 921 5473 iram
967 5415 1237 5471 concitare
1267 5429 1284 5470 :
1310 5412 1468 5481 idque
1512 5410 1676 5479 liquet
1704 5417 1811 5464 tum
1852 5424 1918 5465 ex

345 5514 463 5569 aliis
482 5513 856 5583 compluribus,
880 5520 1077 5567 tumex
1100 5507 1198 5562 hac
1229 5506 1338 5576 ipsa
1364 5518 1481 5575 qua:
1502 5518 1642 5558 nunc
1668 5502 1722 5556 in
1751 5502 1919 5556 mani-

319 5580 445 5676 k‘lius
464 5615 546 5664 est
568 5580 786 5661 historia
815 5605 879 5660 de
903 5599 1119 5668 Davide,
1146 5612 1303 5671 quam
1330 5610 1507 5665 operte
1536 5592 1761 5666 pretium
1793 5593 1909 5649 fue-

1371 205 1458 260 DE
1490 205 1742 262 DAVIDE
1781 204 1867 261 ET
1906 204 2129 263 SAULE
2164 205 2439 263 llOMlLIA
2481 207 2565 264 111.

3501 218 3607 275 702

2040 322 2109 376 rit
2135 330 2187 376 et
2216 322 2377 377 hodie
2408 324 2459 378 in
2481 322 2711 377 medium
2731 322 2938 388 all'erre,
2970 324 3014 380 si
3038 326 3183 395 prius
3211 328 3480 386 caritatem
3508 348 3605 389 ve-

2035 423 2201 466 stram
2225 414 2683 481 admonuerimus,
2714 417 2929 469 ubinam
2960 432 3127 486 nuper
3148 421 3610 482 terminaverimus

2032 503 2365 557 concionem.
2401 504 2500 559 Ubi
2548 505 2705 573 igitur
2728 520 2844 559 eam
2887 508 3328 565 terminavimus?
3353 513 3409 567 ln
3433 529 3606 570 excu-

2030 593 2234 647 satione
2259 593 2488 647 Davidis.
2522 594 2753 648 Proinde
2796 610 3019 651 necesse
3045 606 3126 652 est
3146 639 3161 664 ,
3189 610 3244 653 ut
3273 600 3431 658 hodie
3454 606 3606 661 vobis

2030 679 2205 735 Saﬁlis
2235 683 2394 736 verba
2448 683 2742 737 referamus
2766 727 2780 751 ,
2813 701 2919 755 quo
2960 687 3233 743 videamus
3262 690 3387 760 quid
3414 692 3502 748 hic
3538 696 3605 751 ad

2025 768 2371 837 jnstissimam
2421 772 2557 826 illius
2583 776 2977 830 excusationem
3022 780 3373 847 responderit.
3424 781 3609 854 Neque

2029 861 2169 913 enim
2195 876 2227 915 e
2248 864 2420 915 verbis
2450 873 2649 918 tantum
2676 882 2794 935 qua:
2820 867 2983 921 David
3007 868 3254 938 loquutus
3274 882 3392 939 est,
3422 889 3608 930 verum

2030 951 2188 1004 etiam
2218 966 2249 1005 e
2286 952 2460 1008 Saulis
2495 955 2735 1009 oratione
2758 996 2773 1022 ,
2804 956 3017 1013 Davidis
3046 960 3292 1015 virtutem
3319 965 3607 1033 perspicie«
3688 948 3696 964 ⁸

2027 1053 2186 1093 mus:
2217 1054 2340 1095 nam
2368 1042 2414 1096 si
2451 1041 2579 1097 Saﬁl
2612 1044 2807 1115 aliquid
2858 1046 3063 1115 placide
3112 1062 3491 1123 mansueteque
3517 1070 3606 1111 re-
3680 1044 3689 1111 ξ

2028 1128 2337 1194 sponderit,
2385 1130 2540 1199 hujus
2595 1146 2811 1187 causam
2850 1135 3029 1189 Davidi
3077 1137 3472 1207 imputabimus,
3506 1147 3597 1213 qui

2028 1214 2319 1273 immutarit
2343 1219 2633 1288 hominem,
2666 1224 2860 1292 quique
2904 1225 3187 1294 erudierit,
3216 1239 3270 1283 et
3309 1231 3376 1284 ad
3405 1234 3607 1289 sobrie-

2030 1313 2187 1359 tatem
2230 1312 2588 1378 composuerit
2628 1312 2768 1366 illius
2817 1313 3075 1368 animum.
3131 1317 3266 1382 Quid
3323 1320 3481 1389 igitur
3531 1325 3607 1379 ait

2025 1394 2195 1449 Saﬁl?
2223 1397 2573 1467 Posteaquam
2625 1402 2866 1456 audierat
2903 1403 3065 1457 David
3104 1404 3405 1475 loquentem
3429 1452 3446 1478 ,
3474 1411 3606 1468 Ecce

2026 1483 2211 1572 vicinia
2231 1487 2511 1557 chlamydis
2537 1497 2638 1543 tua:
2660 1490 2714 1543 in
2743 1507 2897 1545 manu
2924 1493 3073 1561 mea(
3122 1496 3174 1548 1.
3202 1495 3332 1567 Reg.
3368 1500 3459 1554 24.
3488 1503 3602 1572 15),
3676 1504 3681 1509 ’

2027 1571 2235 1644 aliaque
2260 1587 2450 1631 cuncta
2491 1594 2609 1648 qute
2656 1581 2708 1633 in
2750 1583 3148 1638 excusationem
3197 1588 3413 1643 attulit:
3457 1571 3602 1660 Vos,

2026 1664 2218 1733 inquit,
2253 1669 2347 1721 ista
2368 1679 2473 1735 tua,
2505 1672 2583 1737 ﬁli
2610 1670 2781 1726 David
2816 1676 2835 1742 (
2862 1674 2998 1728 Ibid.
3023 1691 3070 1727 v.
3095 1679 3158 1731 17
3187 1676 3247 1748 )?
3281 1680 3485 1748 Quanta
3514 1699 3604 1740 su-

2024 1753 2137 1809 bito
2170 1755 2308 1811 facta
2355 1768 2438 1812 est
2485 1762 2744 1815 mutatio!
2792 1762 2891 1829 Qui
2948 1780 3234 1835 numquam
3285 1772 3604 1831 sustinuerat

2024 1845 2174 1900 illum
2197 1847 2277 1901 vel
2306 1849 2535 1919 simplici
2562 1867 2758 1908 vocare
2788 1856 3023 1921 nomine,
3039 1857 3208 1926 ipsam
3231 1861 3391 1916 etiam
3420 1866 3603 1933 appel-

2023 1933 2271 1991 lationem
2297 1938 2497 1994 habens
2516 1956 2910 2009 exosam,nunc
2938 1946 3154 2016 adoptat
3173 1965 3297 2005 eum
3323 1952 3376 2006 in
3402 1969 3602 2024 cogna-

2030 2025 2263 2093 tionem,
2292 2030 2566 2099 appellans
2610 2047 2730 2087 eum
2779 2034 2966 2089 ﬁlium.
3017 2035 3155 2102 Quid
3200 2040 3358 2110 igitur
3403 2042 3604 2101 Davide

2025 2113 2233 2172 felicius
2259 2158 2274 2183 ,
2304 2119 2393 2188 qui
2424 2135 2491 2174 ex
2514 2121 2777 2177 homicida
2800 2123 2924 2178 fecit
2951 2134 3178 2194 patrem,
3203 2144 3234 2184 e
3264 2130 3391 2200 lupo
3418 2148 3596 2201 ovem,

2024 2206 2113 2276 qui
2141 2207 2409 2263 fornacem
2434 2211 2721 2266 iracundiae
2737 2214 2904 2269 multo
2929 2216 3166 2286 implerit
3189 2235 3328 2289 rore,
3348 2225 3435 2292 qui
3457 2233 3593 2281 tem-

2024 2306 2280 2365 pestatem
2306 2303 2462 2356 vertit
2510 2302 2565 2357 in
2593 2305 3022 2375 tranquillitatem
3043 2349 3058 2375 ,
3086 2312 3280 2381 quique
3328 2320 3593 2374 tumorem

2021 2402 2232 2480 omnem
2257 2392 2332 2446 ira
2363 2395 2701 2451 exaestuantis
2726 2398 2888 2453 animi
2917 2401 3203 2457 restinxit?
3225 2405 3390 2462 Verba
3408 2409 3604 2480 quippe

2024 2479 2237 2536 Davidis
2263 2483 2497 2554 ingressa
2529 2486 2582 2541 in
2609 2487 2845 2542 animum
2872 2490 3021 2545 istius
3038 2490 3261 2561 eﬁ‘erati,
3281 2503 3445 2552 totam
3468 2479 3603 2557 hanc

2023 2570 2360 2640 perfecerunt
2385 2573 2827 2643 immutationem,
2856 2580 2996 2649 quod
3022 2596 3053 2636 e
3095 2582 3269 2640 Saulis
3299 2587 3475 2644 verbis
3500 2590 3602 2647 de-

2019 2662 2319 2731 prehendas
2347 2666 2488 2722 licet.
2517 2666 2699 2739 Neque
2727 2670 2869 2725 enim
2900 2671 3060 2737 dixit,
3087 2672 3376 2733 Sermones
3394 2680 3466 2735 tui
3490 2681 3597 2749 isti,

2020 2755 2095 2809 lili
2124 2755 2291 2810 David
2321 2757 2475 2825 ?sed,
2521 2758 2633 2813 Vox
2661 2769 2748 2813 tua
2790 2763 2907 2829 ista,
2948 2763 3028 2830 ﬁli
3077 2762 3289 2820 David?
3315 2769 3451 2826 adeo
3477 2787 3603 2829 mox

2020 2846 2087 2900 ad
2114 2848 2279 2915 ipsam
2311 2864 2497 2904 vocem
2524 2850 2762 2906 incaluit.
2789 2852 2860 2906 Et
2885 2856 3331 2923 quemadmodum
3357 2870 3507 2931 pater
3535 2880 3601 2919 ex

2020 2936 2179 3007 longo
2208 2939 2486 2994 intervallo
2510 2941 2685 2995 audita
2720 2941 2812 2997 ﬁlii
2838 2948 3152 3002 revertentis
3181 2965 3312 3006 voce
3337 2993 3353 3019 ,
3399 2969 3505 3009 non
3532 2957 3599 3011 ad

2018 3037 2364 3098 conspectum
2396 3030 2554 3087 modo
2584 3032 2753 3097 illius,
2803 3037 3150 3092 verumetiam
3180 3040 3248 3094 ad
3291 3042 3459 3111 ipsam
3505 3062 3602 3102 vo.
3631 3034 3643 3042 ’

2019 3134 2136 3174 cem
2164 3122 2432 3177 excitatur
2459 3141 2471 3175 :
2504 3122 2581 3177 sic
2607 3132 2661 3177 et
2709 3124 2855 3191 Saﬁl,
2885 3127 3040 3182 simul
3091 3139 3148 3185 ut
3189 3133 3347 3188 verba
3381 3136 3598 3195 Davidis

2020 3210 2075 3265 in
2105 3214 2338 3267 animum
2366 3214 2601 3285 ingressa
2624 3226 2767 3283 sunt,
2791 3217 2984 3287 abjecit
3011 3220 3360 3291 inimicitiam,
3386 3228 3602 3300 jamque

2018 3311 2258 3357 sanctum
2288 3305 2524 3374 agnovit,
2551 3306 2829 3375 positoque
2854 3309 3045 3364 all'ectu
3065 3351 3081 3377 ,
3109 3317 3312 3383 recepit
3329 3319 3597 3375 allectum.

2020 3392 2292 3464 Siquidem
2326 3397 2495 3465 posita
2540 3397 2635 3462 ira,
2674 3400 2881 3469 recepit
2907 3405 3341 3472 tranquillitatem
3382 3418 3435 3464 et
3458 3424 3603 3468 com-

2018 3485 2439 3541 miserationem.
2470 3487 2536 3541 Et
2561 3488 2698 3543 sicut
2726 3490 2977 3559 quamdiu
3008 3508 3112 3547 nox
3138 3495 3294 3552 adest
3320 3539 3335 3563 ,
3367 3514 3508 3570 smpe
3532 3518 3602 3559 ne

2019 3583 2338 3642 praesentem
2364 3575 2576 3644 quidem
2628 3578 2859 3633 amicum
2909 3583 3265 3652 agnoscimus,
3296 3596 3352 3643 at
3390 3603 3515 3647 mox
3544 3601 3603 3649 ut

2018 3674 2239 3720 exortus
2267 3673 2351 3719 est
2373 3665 2509 3729 dies,
2539 3668 2698 3720 etiam
2725 3670 2934 3725 eminus
2959 3685 3302 3741 conspectum
3351 3684 3599 3747 agnosci—

2019 3768 2138 3807 mus
2168 3771 2181 3806 :
2214 3754 2395 3808 itidem
2415 3762 2470 3807 et
2494 3754 2769 3810 inimicitia
2790 3759 2926 3812 solet
2950 3764 3255 3817 usuvenire.
3287 3764 3469 3822 Donec
3504 3771 3591 3824 in-

2019 3852 2102 3900 ter
2141 3860 2239 3900 nos
2261 3847 2578 3902 malevolum
2611 3848 2845 3917 gerimus
2883 3850 3141 3915 animum,
3168 3867 3270 3907 vox
3299 3855 3475 3911 audita
3500 3874 3598 3912 no-

2017 3934 2100 3990 bis
2126 3934 2283 3989 aliter
2307 3944 2480 4002 sonat,
2504 3944 2558 3992 et
2579 3937 2746 4006 ipsam
2774 3937 2961 3992 faciem
2999 3951 3245 4011 corrupta
3290 3956 3473 4002 mente
3498 3949 3598 4005 ad-

2018 4027 2273 4097 spicimus
2304 4044 2318 4081 :
2349 4036 2405 4083 at
2432 4028 2522 4083 ubi
2555 4029 2889 4097 posuerimus
2916 4028 3069 4095 iram,
3098 4041 3151 4086 et
3176 4048 3279 4089 vox
3304 4051 3425 4105 quae
3453 4040 3599 4107 prius

2016 4126 2135 4173 erat
2162 4118 2329 4174 invisa
2350 4129 2509 4190 atque
2550 4118 2779 4185 hostilis,
2809 4119 3017 4188 placida
3047 4112 3198 4178 nobis
3222 4138 3285 4178 ac
3318 4125 3598 4194 jucundis-

2018 4209 2152 4263 sima
2181 4208 2414 4279 videtur,
2445 4218 2499 4265 et
2540 4220 2788 4279 aspectus
2818 4210 2930 4280 ipse
2961 4212 3107 4281 prius
3138 4214 3385 4272 inimicus
3409 4227 3465 4273 et
3508 4220 3597 4274 in-

2017 4298 2280 4371 iucundus
2300 4341 2314 4363 ,
2340 4309 2450 4355 tum
2482 4300 2540 4354 ﬁt
2566 4300 2808 4356 amabilis
2836 4312 2891 4355 et
2906 4302 3192 4370 jucundus.

2092 4390 2146 4445 6.
2178 4388 2269 4443 Ira
2295 4391 2479 4456 soluta,
2510 4391 2659 4457 plane
2695 4392 3033 4461 dignoscimus
3056 4410 3168 4465 qua:
3189 4437 3204 4463 ,
3233 4396 3312 4451 ira
3337 4400 3557 4467 fervente
3579 4444 3595 4468 ,

2021 4480 2164 4534 nobis
2200 4496 2302 4533 non
2340 4481 2669 4549 apparebant.
2726 4481 2836 4535 Vox
2873 4482 3086 4537 Davidis
3128 4490 3494 4555 potentissima.
3525 4523 3599 4534 —

2020 4573 2166 4627 Idem
2186 4572 2379 4627 accidit
2406 4573 2458 4626 in
2488 4580 2823 4642 tempestate.
2859 4573 2972 4628 Non
3001 4577 3198 4643 patitur
3219 4579 3436 4635 nubium
3464 4598 3597 4638 con-

2020 4681 2209 4721 cursus
2247 4666 2400 4720 nobis
2422 4665 2766 4734 conspicuam
2800 4678 2920 4720 esse
2947 4666 3063 4720 caeli
3108 4667 3595 4741 pulchritudinem;

2020 4757 2117 4812 sed
2145 4757 2386 4826 quamvis
2430 4755 2720 4811 habeamus
2761 4754 2946 4809 oculos
2973 4754 3486 4826 perspicacissimos,
3514 4780 3601 4820 ne-

2022 4864 2289 4917 quaquam
2339 4848 2641 4917 pertingere
2692 4860 2972 4915 possumus
3009 4847 3075 4900 ad
3117 4847 3263 4903 illam
3313 4864 3600 4921 supernam

2017 4940 2424 5011 iucunditatem.
2469 4941 2538 4993 At
2578 4938 2670 4994 ubi
2716 4938 2826 5007 jam
2877 4936 3147 4993 radiorum
3196 4941 3360 5010 calor,
3416 4959 3605 5015 perru-

2025 5033 2131 5103 ptis
2155 5047 2218 5088 ac
2260 5030 2515 5087 discussis
2566 5027 2797 5083 nubibus
2843 5029 3011 5083 solem
3035 5029 3293 5096 ostendit,
3319 5050 3504 5090 rursus
3546 5045 3604 5090 et

2024 5123 2140 5179 czeli
2191 5123 2438 5178 decorem
2492 5120 2744 5176 ostendit.
2794 5117 2937 5174 Idem
2981 5119 3173 5176 accidit
3220 5122 3273 5176 in
3324 5124 3477 5178 nobis
3524 5126 3602 5181 ira

2023 5216 2349 5272 ferventibus
2373 5254 2389 5281 ,
2420 5212 2547 5268 dum
2591 5211 2836 5266 simultas
2866 5210 3013 5266 velut
3054 5212 3218 5267 densa
3259 5213 3429 5269 nubes
3475 5224 3602 5272 ante

2024 5310 2206 5367 oculos
2256 5319 2312 5364 et
2360 5322 2517 5362 aures
2566 5313 2708 5372 stat,
2754 5303 2878 5359 facit
2938 5312 2997 5358 ut
3044 5318 3201 5359 voces
3253 5316 3605 5377 aspectusque

2022 5401 2301 5457 videantur
2344 5398 2497 5453 aliter
2523 5410 2680 5466 quam
2707 5404 2853 5450 sunt.
2887 5394 3083 5448 Verum
3115 5393 3273 5449 simul
3309 5404 3466 5466 atque
3503 5397 3604 5451 ali-

2023 5494 2143 5565 quis
2187 5488 2590 5563 philosophatus
2637 5486 2872 5556 posuerit
2903 5484 3118 5552 odium,
3146 5485 3445 5558 nubemque
3497 5488 3604 5544 dis-

2026 5586 2230 5659 rupcrit
2267 5578 2595 5655 aegritudinis
2620 5621 2633 5648 ,
2663 5588 2787 5635 tunc
2824 5577 3039 5635 demum
3077 5577 3384 5649 incorrupta
3420 5588 3601 5634 mente
