4094 6256
491 211 593 268 703

497 334 549 383 et
574 321 792 388 videbit,
814 330 867 377 et
891 318 1068 375 audiet
1088 316 1265 373 omnia
1290 332 1302 368 :
1326 314 1466 382 quod
1487 321 1540 367 et
1558 311 1680 365 huic
1698 308 1874 364 evenit
1896 306 2066 370 Sai'tli,

497 418 582 489 qui
613 415 771 471 simul
801 421 960 481 atque
987 410 1181 463 nubem
1210 404 1600 460 malevolentia:
1629 401 1890 471 disrupit,
1918 412 2076 466 agno-

495 521 654 563 scens
685 518 868 560 vocem
899 500 1112 556 Davidis
1133 539 1149 563 ,
1178 498 1252 552 ait
1278 515 1290 550 :
1334 495 1442 549 Vox
1477 503 1563 547 tua
1598 493 1728 559 ista,
1763 492 1839 561 ﬁli
1871 491 2074 545 David?

492 601 747 668 Quaenam
792 593 898 647 Ista
915 593 940 645 .9
962 593 1091 659 Quae
1116 588 1328 645 Goliath
1376 585 1569 655 deiecit
1596 626 1612 651 ,
1638 598 1756 654 quae
1804 583 2072 637 civitatem

496 687 742 758 periculis
770 683 999 752 eripuit,
1028 697 1146 751 qua:
1172 686 1393 734 cunctos
1419 677 1472 730 in
1502 674 1776 731 servitutis
1796 687 1859 727 ac
1886 672 2074 727 mortis

496 776 733 847 periculo
755 772 1093 835 constitutos,
1118 771 1171 823 in
1198 767 1543 823 securitatem
1572 773 1626 819 et
1652 764 1952 818 libertatem
1981 775 2072 815 re-

505 867 705 932 stituit,
733 881 851 935 quae
896 862 1073 918 Saulis
1111 860 1344 914 furorem
1390 857 1706 916 sedaverat,
1748 868 1867 923 qua:
1909 850 2071 905 multa

496 972 793 1027 magnaque
815 953 1072 1009 beneﬁcia
1099 951 1151 1005 in
1175 965 1297 1005 eum
1324 948 1641 1003 contulerat.
1666 944 1940 1014 Siquidem
1959 942 2075 996 hzec

496 1050 783 1106 barbarum
805 1047 951 1101 illum
970 1044 1273 1114 prostravit,
1296 1056 1361 1096 eo
1391 1038 1529 1109 quod
1560 1038 1860 1107 priusquam
1892 1033 2073 1086 mitte-

495 1150 579 1195 ret
597 1139 848 1209 lapidem,
868 1152 988 1190 eum
1019 1132 1339 1204 precationis
1365 1130 1559 1184 robore
1586 1130 1754 1181 fuerat
1774 1136 2069 1195 aggressus.

498 1231 677 1300 Neque
698 1229 838 1283 enim
863 1225 1066 1294 vulgari
1096 1238 1245 1277 more
1271 1220 1494 1290 projecit
1518 1219 1744 1287 lapidem
1764 1256 1780 1281 ,
1802 1215 1894 1270 sed
1927 1213 2074 1282 prius

499 1323 611 1376 haec
637 1322 883 1389 loquutus
907 1359 920 1381 ,
945 1316 1025 1370 Tu
1052 1315 1187 1369 venis
1214 1314 1281 1365 ad
1313 1328 1392 1364 me
1432 1312 1488 1364 in
1522 1312 1621 1363 diis
1646 1311 1763 1372 tuis,
1794 1324 1882 1378 ego
1909 1314 2075 1358 autem

498 1412 637 1465 venio
664 1410 732 1462 ad
761 1418 808 1462 te
834 1409 887 1460 in
916 1406 1114 1460 nomine
1141 1403 1348 1456 Domini
1377 1401 1623 1466 Sabaoth,
1655 1399 1735 1451 cui
1766 1396 2076 1466 exprobrasti

498 1503 648 1557 hodie
674 1501 748 1571 (l.
782 1500 911 1568 Reg.
942 1497 1027 1550 l7.
1060 1494 1149 1564 45)
1179 1533 1195 1559 ,
1226 1493 1401 1546 emisit
1430 1490 1678 1559 lapidem.
1708 1488 1833 1542 llaec
1866 1501 1969 1540 vox
1994 1485 2074 1538 la-

502 1595 675 1663 pidem
718 1590 879 1644 veluti
924 1601 1085 1641 manu
1124 1584 1277 1639 duxit
1307 1584 1359 1635 in
1386 1580 1596 1635 Goliath
1623 1619 1639 1645 ,
1669 1580 1782 1632 haec
1825 1589 2075 1645 pavorem

502 1683 722 1739 incussit
760 1679 1021 1741 barbaro,
1047 1677 1160 1730 haec
1195 1673 1362 1726 hostis
1389 1669 1763 1725 conﬁdentiam
1805 1666 1979 1736 fregit.
2013 1665 2080 1719 Et

500 1776 625 1845 quid
665 1772 872 1827 miraris
890 1812 904 1836 ,
933 1769 974 1824 si
1002 1783 1105 1822 vox
1125 1766 1253 1836 justi
1282 1773 1337 1819 et
1366 1764 1594 1818 furorem
1635 1761 1873 1831 mitigat,
1902 1767 1957 1813 et
1983 1757 2079 1812 ho-

500 1876 607 1921 stes
627 1864 825 1931 dejicit,
847 1875 965 1916 cum
992 1859 1181 1929 impios
1210 1869 1417 1927 quoque
1442 1854 1658 1924 spiritus
1683 1851 1946 1921 expellat?
1970 1849 2078 1904 Lo-

513 1956 798 2026 juebantur
844 1960 1046 2005 tantum
1095 1948 1359 2018 apostoli,
1392 1955 1445 2000 et
1470 1944 1742 2014 fugiebant
1769 1956 1954 1997 omnes
1980 1940 2079 1995 ad-

503 2044 747 2099 versariae
790 2049 1099 2111 potestates.
1160 2038 1275 2092 Vox
1327 2044 1631 2091 sanctorum
1680 2031 1988 2102 frequenter
2027 2038 2081 2083 et

500 2137 761 2190 elementa
826 2133 979 2195 vicit,
1028 2138 1082 2184 et
1138 2136 1427 2198 potestates
1485 2126 1696 2180 illorum
1760 2121 2075 2178 immutavit.

501 2227 775 2295 Loquutus
815 2232 896 2278 est
922 2231 1124 2276 tantum
1163 2219 1318 2274 Jesus
1342 2218 1485 2271 Nave
1502 2256 1517 2281 ,
1540 2214 1653 2272 Stet
1676 2214 1754 2269 sol
1777 2222 1823 2267 et
1850 2213 1971 2266 luna
1993 2253 2006 2277 ,
2029 2218 2084 2267 et

502 2317 677 2379 stetit;
704 2316 781 2369 sic
810 2323 863 2367 et
890 2313 1062 2367 Moses
1086 2324 1233 2365 mare
1260 2311 1529 2378 ingressus
1553 2315 1663 2370 est,
1693 2312 1745 2360 et
1765 2303 1925 2359 cessit
1944 2301 2080 2373 (Jos.

504 2406 591 2461 10.
627 2403 1021 2471 12;Exod.14.
1066 2399 1295 2470 21):sic
1338 2408 1444 2453 tres
1488 2396 1561 2451 illi
1605 2395 1752 2466 pueri
1803 2394 1938 2465 ignis
1976 2392 2083 2447 vim

504 2497 896 2558 exstinxeruut,
928 2491 1139 2562 hymnis
1165 2490 1267 2543 illis
1304 2490 1414 2543 suis
1443 2502 1506 2541 ac
1532 2501 1663 2541 voce
1697 2484 1855 2556 (Dan.
1879 2484 1957 2553 5).
1993 2483 2082 2537 Iti-

506 2588 627 2642 dem
658 2595 711 2639 et
732 2584 854 2638 Saftl
881 2582 948 2635 ad
977 2580 1216 2635 eamdem
1245 2593 1428 2632 vocem
1454 2576 1690 2640 incaluit,
1720 2576 1903 2629 dicens
1930 2592 1944 2628 :
1976 2572 2088 2627 νοω

508 2688 597 2733 tua
628 2678 756 2741 ista,
787 2674 861 2742 ﬁli
900 2671 1103 2725 David?
1131 2668 1266 2735 Quid
1304 2669 1461 2738 igitur
1504 2666 1705 2722 David?
1734 2666 1921 2721 Servus
1949 2674 2085 2730 tuus,

510 2771 710 2824 domine
734 2770 802 2821 mi
828 2783 935 2821 rex.
966 2764 1195 2819 Posthac
1218 2771 1487 2817 certamen
1524 2760 1713 2827 oritur,
1742 2768 1796 2814 et
1818 2758 2089 2813 contentio

511 2874 629 2918 uter
645 2862 868 2915 alterum
894 2857 1095 2926 majore
1119 2860 1467 2924 prosequatur
1488 2850 1707 2906 honore.
1735 2850 1857 2906 Saﬁl
1878 2849 2088 2920 quidem

511 2953 578 3009 ad
607 2951 975 3022 cognationem
995 2945 1216 3001 adscivit
1240 2962 1253 2998 :
1281 2943 1443 2998 David
1463 2952 1639 2997 autem
1666 2943 1938 2997 dominum
1962 2955 2083 2995 eum

511 3044 762 3117 appellat.
792 3040 942 3108 Quod
964 3047 1139 3093 autem
1168 3037 1331 3102 dicit,
1361 3036 1464 3091 tale
1493 3045 1575 3090 est
1601 3052 1614 3088 :
1642 3034 1815 3091 Unum
1842 3074 1857 3099 ,
1888 3034 2088 3103 inquit,

513 3136 642 3190 illud
671 3147 852 3204 qumro
871 3172 887 3198 ,
916 3132 1138 3183 salutem
1171 3137 1312 3182 tuam
1341 3141 1405 3181 ac
1427 3126 1636 3181 virtutis
1661 3125 1974 3195 profectum.
1998 3123 2092 3178 Fi-

515 3227 643 3280 lium
691 3238 777 3277 me
818 3220 1135 3290 appellasti,
1162 3217 1292 3271 mihi
1331 3231 1459 3270 vero
1498 3216 1627 3270 satis
1652 3224 1771 3278 est,
1800 3216 1845 3269 si
1885 3229 1970 3269 me
1997 3229 2094 3282 pro

514 3313 714 3367 famulo
745 3312 973 3375 habeas,
1008 3317 1209 3362 tantum
1242 3315 1296 3360 ut
1318 3306 1447 3359 iram
1473 3319 1639 3375 ponas
1661 3345 1678 3369 ,
1710 3312 1911 3359 tantum
1943 3313 1997 3358 ut
2028 3318 2096 3359 ne

516 3403 644 3473 quid
673 3403 739 3456 de
764 3415 849 3455 me
878 3399 1150 3467 suspicere
1168 3397 1316 3461 mali,
1343 3410 1447 3450 neu
1477 3411 1563 3450 me
1592 3404 1742 3463 putes
1774 3395 1979 3449 hostem
2006 3402 2098 3449 aut

517 3492 899 3547 insidiatorem.
924 3488 1164 3556 Implevit
1199 3486 1339 3540 illam
1368 3486 1536 3555 legem
1564 3487 1906 3554 apostolicam
1932 3527 1946 3552 ,
1977 3501 2097 3556 quae.

514 3582 684 3653 jubet,
714 3592 773 3635 ut
802 3593 899 3633 nos
926 3579 1067 3647 ipsos
1096 3577 1365 3632 vincentes
1394 3577 1597 3631 honore
1623 3577 1848 3631 invicem
1890 3592 2096 3645 praeve-

519 3677 728 3729 niamus
771 3672 947 3745 (Rom.
978 3670 1066 3725 12.
1113 3670 1236 3740 10),
1266 3684 1372 3724 non
1414 3670 1705 3724 secundum
1750 3670 2096 3738 plurimorum

519 3779 741 3829 morem,
760 3763 847 3832 qui
877 3761 1024 3830 pejus
1043 3759 1217 3814 allecti
1241 3769 1382 3825 sunt,
1402 3774 1557 3828 quam
1582 3759 1710 3829 ipsae
1734 3759 1984 3827 pecudes,
2006 3758 2096 3828 qui

520 3857 816 3928 proximum
846 3868 915 3908 ne
940 3852 1087 3906 aﬁ‘ari
1114 3851 1326 3921 quidem
1365 3853 1570 3921 priores
1599 3853 1882 3918 sustinent,
1912 3851 2098 3905 existi-

519 3956 725 4004 mantes
750 3961 870 4001 sese
897 3944 1213 4000 contumelia
1242 3942 1400 4009 afﬁci,
1433 3950 1487 3998 et
1513 3958 1542 3999 a
1571 3943 1825 4014 dignitate
1851 3943 2025 4013 dejici,
2054 3942 2098 3996 si

520 4056 676 4111 quem
706 4040 787 4094 vel
809 4037 966 4092 all‘atu
988 4035 1213 4106 simplici
1241 4036 1583 4105 compellent.

592 4128 744 4184 Nihil
791 4128 931 4181 inani
976 4126 1140 4198 gloria
1179 4127 1377 4195 turpius
1411 4126 1456 4178 ei
1478 4166 1492 4190 ,
1520 4126 1604 4195 qui
1632 4126 1819 4180 honore
1840 4126 2101 4194 prwveniri

521 4221 647 4276 vult.
671 4249 741 4260 -
764 4219 900 4286 Quid
938 4218 1036 4273 ista
1066 4218 1331 4272 dementia
1365 4216 1531 4283 possit
1557 4230 1676 4270 esse
1704 4217 1871 4286 magis
1899 4217 2099 4272 ridicu-

522 4312 667 4367 lum?
688 4310 813 4380 quid
834 4309 933 4363 hac
947 4307 1244 4378 arrogantia
1267 4306 1506 4375 fastuque
1522 4306 1746 4362 fmdius?
1766 4308 1915 4363 Tunc
1935 4309 2099 4373 enim,

526 4411 671 4464 tunc,
699 4401 913 4469 inquam
930 4439 946 4465 ,
970 4414 999 4453 a
1025 4399 1279 4467 dignitate
1306 4398 1543 4467 dejectus
1569 4415 1646 4465 es,
1675 4415 1708 4455 ο
1738 4402 1897 4457 homo
1926 4443 1941 4469 ,
1974 4411 2103 4457 tunc

526 4490 739 4561 injuria.
758 4498 883 4543 tunc
906 4488 1223 4543 contumelia
1240 4487 1457 4543 allectus
1477 4505 1554 4555 es,
1578 4492 1783 4560 quoties
1803 4503 2099 4563 exspectas,

525 4593 585 4637 ut
610 4582 879 4652 proximus
904 4588 956 4635 te
982 4580 1126 4650 prior
1152 4580 1468 4651 alloquatur.
1500 4582 1633 4649 Quid
1664 4585 1806 4638 enim
1846 4599 2105 4655 arrogan—

528 4676 595 4728 tia
623 4672 898 4729 deterius?
927 4671 1053 4743 quid
1085 4673 1219 4726 fastu
1247 4682 1301 4726 et
1337 4673 1480 4726 inani
1517 4674 1681 4743 gloria
1709 4676 1875 4746 magis
1903 4676 2103 4730 ridicu-

526 4766 675 4821 lum?
698 4764 830 4820 Nam
868 4766 910 4819 si
938 4766 1084 4835 prior
1109 4766 1426 4833 alloquaris,
1450 4776 1504 4821 et
1534 4767 1672 4821 Deus
1698 4769 1810 4838 ipse
1837 4768 2102 4824 collauda-

526 4862 625 4927 bit,
650 4859 792 4930 quod
821 4868 902 4913 est
925 4859 1160 4912 omnium
1188 4859 1474 4913 maximum
1495 4901 1509 4924 ,
1544 4869 1598 4915 et
1624 4860 1866 4917 homines
1889 4863 2104 4931 insuper

526 4950 947 5020 eomprobabunt
969 4989 984 5015 ,
1015 4958 1179 5019 tuque
1228 4948 1368 5005 illius
1394 4953 1761 5021 appellationis
1801 4955 2102 5010 mercedem

526 5056 689 5101 totam
716 5042 964 5113 accipies.
992 5042 1145 5111 Quod
1171 5044 1213 5097 si
1242 5045 1651 5114 exSpeetaveris,
1675 5054 1734 5101 ut
1759 5048 1905 5116 prior
1930 5047 2103 5103 hono-

524 5149 691 5203 ratus,
712 5144 822 5190 tum
850 5134 1077 5204 denique
1106 5136 1401 5203 proximum
1426 5135 1673 5203 honores,
1704 5138 1833 5192 nihil
1854 5139 1961 5207 jam
1994 5155 2106 5192 ma-

523 5235 613 5305 gni
642 5230 849 5287 feceris.
876 5228 1007 5284 Nam
1028 5228 1073 5282 is
1098 5228 1237 5282 unde
1264 5229 1476 5283 honoris
1498 5230 1658 5300 etrapit
1686 5231 1889 5285 initium
1920 5273 1933 5295 ,
1963 5232 2101 5285 idem

526 5323 678 5379 relati
703 5321 797 5377 abs
827 5329 877 5375 te
903 5318 1121 5374 honoris
1146 5326 1310 5373 totam
1336 5319 1632 5374 mercedem
1658 5330 1971 5390 accepturus
2000 5328 2102 5377 est.

526 5412 756 5469 Proinde
784 5426 852 5467 ne
876 5419 1272 5480 exspectemus,
1303 5418 1361 5464 ut
1385 5409 1473 5463 alii
1510 5410 1715 5480 priores
1742 5412 1895 5467 nobis
1934 5412 2104 5468 hono-

527 5520 642 5561 rem
668 5506 936 5573 deferant,
961 5503 1055 5560 sed
1075 5517 1416 5559 accurramus
1442 5502 1508 5558 ad
1534 5505 1889 5561 exhibendum
1919 5508 2103 5576 proxi-

529 5613 620 5656 mo
645 5598 901 5655 honorem
918 5636 936 5666 ,
967 5610 1283 5668 semperque
1312 5610 1341 5651 a
1367 5594 1519 5655 nobis
1544 5596 1745 5654 oriatur
1772 5599 2127 5657 salutationis.

1198 203 1254 257 S.
1294 197 1571 255 JOANNIS
1606 190 2077 250 CHRYSOSTOMI
2116 190 2434 250 ARCI’IIEP.
2473 195 3003 259 CONSTANTINOP.

3658 200 3783 260 705

2181 309 2427 366 initium:
2485 327 2658 382 neque
2703 323 2950 384 putemus
2986 316 3087 371 hoc
3125 316 3359 373 ofﬁcium
3405 330 3526 375 esse
3567 330 3779 373 conte—

2175 402 2465 457 mnendum
2485 414 2537 458 et
2553 405 2787 475 vulgare,
2806 406 2850 460 si
2868 406 3094 461 libenter
3109 415 3161 461 et
3183 418 3425 462 amanter
3444 408 3779 463 salutemus.

2174 492 2304 547 Nam
2345 494 2448 548 hoc
2495 497 2909 564 praetermissum
2954 498 3147 552 multas
3189 499 3451 552 amicitias
3492 498 3731 566 disrupit
3755 536 3775 564 ,

2177 583 2371 636 multas
2412 585 2619 652 peperit
2643 584 3446 655 simultates:quemadmodum
3473 601 3506 641 e
3544 587 3779 641 diverso

2177 672 2316 726 idem
2347 674 2582 727 studiose
2608 674 2924 739 exhibitum,
2949 686 3163 731 veteres
3188 685 3244 731 et
3269 676 3547 731 diuturnas
3585 676 3778 730 inimi-

2176 762 2335 816 citias
2352 762 2593 816 dissolvit
2616 803 2631 827 ,
2660 771 2714 818 et
2738 765 2997 818 amicitias
3021 766 3225 834 priores
3262 765 3619 820 conﬁrmavit.
3646 764 3777 819 Noli

2175 851 2355 921 igitur,
2386 852 2677 916 carissime,
2714 853 2797 906 his
2822 854 2873 907 in
2902 854 3062 909 rebus
3086 855 3319 909 studium
3345 857 3635 925 negligere;
3670 855 3778 910 sed

2175 942 2219 994 si
2251 941 2363 995 ﬁeri
2395 949 2600 1009 potest,
2632 942 2817 996 obvios
2853 938 3275 1013 qualescumque
3291 944 3522 1011 fuerint,
3556 957 3671 999 tum
3715 947 3776 998 in

2175 1033 2493 1099 sulutando,
2526 1041 2636 1087 tum
2684 1034 2736 1087 in
2763 1035 2970 1089 caeteris
2994 1036 3241 1090 omnibus
3288 1037 3495 1105 priores
3539 1037 3779 1090 delinia-

2175 1141 2312 1180 mus.
2342 1125 2494 1192 Quod
2523 1126 2569 1179 si
2602 1127 2721 1195 quis
2766 1135 2817 1180 te
2846 1127 3165 1195 praevenerit
3186 1167 3202 1192 ,
3236 1128 3491 1196 majorem
3531 1128 3779 1196 repende

2176 1215 2454 1270 honorem.
2481 1215 2612 1269 Nam
2643 1226 2695 1270 et
2733 1219 2833 1270 hoc
2859 1217 3132 1271 admonuit
3159 1218 3375 1283 Paulus,
3403 1219 3474 1271 ita
3501 1218 3733 1285 loquens
3758 1233 3775 1269 :

2177 1307 2278 1360 Alii
2301 1307 2429 1360 alios
2458 1307 2593 1359 vobis
2618 1308 2741 1376 ipsis
2769 1309 3052 1376 superiores
3080 1308 3359 1362 existimate
3376 1310 3391 1339 ί
3422 1308 3681 1381 (Philipp.
3709 1308 3773 1360 2.

2178 1397 2257 1467 5).
2285 1397 2362 1451 ita
2404 1395 2527 1452 fecit
2557 1397 2722 1451 David
2746 1440 2759 1462 ,
2785 1398 2875 1466 qui
2904 1408 2958 1452 et
2985 1399 3128 1466 prior
3158 1398 3412 1451 honorem
3454 1398 3676 1461 detulit,
3713 1408 3778 1451 et

2179 1492 2468 1544 honoratus
2494 1489 2747 1557 majorem
2778 1488 3037 1543 honorem
3057 1489 3315 1558 reposuit,
3339 1488 3519 1543 dicens
3540 1506 3554 1542 :
3574 1487 3779 1542 Servus

2179 1587 2313 1643 tuus,
2338 1579 2540 1631 domine
2564 1579 2634 1631 mi
2660 1594 2770 1632 rex.
2798 1578 2928 1632 Vide
2956 1594 3103 1645 vero,
3134 1590 3388 1649 quantum
3415 1578 3599 1632 fecerit
3628 1578 3772 1631 lucri

2179 1670 2343 1724 David
2383 1670 2498 1724 haec
2537 1670 2802 1739 loquutus.
2857 1670 2970 1724 Non
3012 1670 3121 1739 jam
3165 1670 3412 1724 sustinuit
3460 1669 3585 1723 Saitl
3629 1668 3775 1722 hanc

2176 1775 2367 1815 vocem
2388 1760 2576 1815 audire
2598 1761 2712 1815 sine
2734 1760 3002 1831 lacrymis,
3026 1760 3121 1814 sed
3144 1760 3370 1829 ploravit
3384 1774 3583 1823 amare,
3600 1759 3773 1812 animi

2178 1852 2458 1904 sanitatem
2487 1864 2551 1903 ac
2579 1849 2969 1919 philosophiam
2996 1891 3012 1916 ,
3044 1865 3204 1919 quam
3247 1849 3411 1903 David
3457 1849 3726 1904 insereret
3752 1888 3772 1911 ,

2178 1941 2425 2011 lacrymis
2448 1939 2749 1995 declarans.

2252 2031 2305 2085 7.
2346 2029 2483 2096 Quid
2524 2044 2645 2085 esse
2686 2028 2854 2100 possit
2906 2029 3009 2084 hoc
3064 2029 3319 2099 propheta
3377 2029 3617 2093 beatius,
3673 2030 3771 2098 qui

2180 2123 2325 2179 brevi
2343 2122 2596 2192 temporis
2610 2130 2879 2176 momento
2898 2122 2977 2177 sic
2993 2122 3197 2177 hostem
3218 2135 3250 2175 a
3270 2120 3447 2176 furore
3466 2121 3533 2175 ad
3559 2121 3773 2176 sobrie-

2182 2224 2345 2270 tatem
2373 2214 2693 2284 composuit,
2715 2222 2768 2269 et
2794 2214 3029 2268 animum
3057 2224 3246 2268 nactus
3280 2215 3553 2283 sanguinis
3579 2228 3642 2267 ac
3665 2229 3775 2267 cte-

2183 2306 2266 2361 dis
2292 2305 2559 2361 sitientem
2579 2345 2596 2372 ,
2623 2313 2843 2373 repente
2865 2304 2932 2359 ad
2963 2305 3191 2358 lamenta
3218 2314 3271 2359 et
3294 2304 3520 2372 ejulatus
3543 2318 3773 2372 compu—

2185 2398 2287 2453 lit?
2317 2398 2431 2452 Non
2454 2397 2675 2468 perinde
2704 2398 2870 2453 miror
2904 2397 3102 2453 Mosem
3128 2397 3266 2466 quod
3287 2412 3317 2452 e
3343 2412 3471 2451 saxo
3501 2406 3775 2466 praarupto

2186 2488 2357 2543 fontes
2381 2488 2559 2543 elicuit
2584 2502 2836 2558 aquarum
2855 2487 3049 2558 (Exod.
3068 2489 3154 2543 l7.
3181 2488 3255 2558 6),
3280 2498 3335 2541 ut
3354 2488 3587 2541 admiror
3608 2487 3777 2539 Davi-

2187 2582 2329 2648 dem,
2356 2581 2498 2652 quod
2526 2595 2589 2636 ex
2611 2581 2780 2638 oculis
2808 2580 3031 2651 lapideis
3054 2579 3226 2635 fontes
3241 2579 3484 2635 eduxerit
3509 2579 3779 2648 lacryma-

2187 2688 2327 2728 rum.
2362 2671 2572 2727 Etenim
2605 2672 2695 2728 ille
2718 2671 2932 2743 quidem
2963 2672 3088 2727 vicit
3132 2683 3371 2726 naturam
3391 2713 3406 2737 ,
3432 2680 3487 2725 et
3529 2670 3613 2724 hic
3645 2672 3780 2724 vicit

2189 2764 2351 2819 animi
2379 2763 2711 2834 propositum
2745 2782 2759 2819 :
2789 2764 2880 2819 ille
2905 2766 3053 2834 virga
3086 2764 3351 2835 percussit
3389 2764 3613 2833 lapidem
3640 2805 3655 2827 ,
3685 2763 3777 2817 hic

2190 2870 2437 2911 sermone
2465 2856 2669 2926 pepulit
2700 2869 2813 2921 cor,
2843 2870 2949 2910 non
2976 2863 3033 2909 ut
3060 2856 3402 2910 contristaret
3426 2896 3439 2917 ,
3469 2854 3564 2909 sed
3589 2864 3646 2906 ut
3673 2869 3777 2921 pn-

2191 2963 2308 3003 rum
2357 2956 2800 3017 mansuetumque
2846 2947 3125 3013 redderet;
3169 2947 3308 3016 quod
3349 2947 3507 3001 etiam
3552 2945 3779 3014 perfecit

2192 3040 2395 3109 majore
2420 3038 2678 3093 beneﬁcio
2702 3053 2883 3109 regem
2913 3038 3153 3095 afﬁciens
3177 3052 3334 3108 quam
3365 3047 3522 3092 antea
3548 3036 3773 3091 fecerat.

2194 3130 2290 3184 Est
2304 3129 2517 3200 quidem
2531 3129 2661 3183 illud
2678 3129 2833 3184 laude
2849 3144 3158 3199 summaque
3178 3128 3525 3183 admiratione
3537 3128 3777 3197 dignum,

2193 3223 2333 3293 quod
2357 3238 2543 3278 ensem
2584 3237 2692 3278 non
2732 3222 2949 3278 tinxerit
2991 3223 3250 3292 sanguine
3274 3264 3289 3289 ,
3313 3236 3412 3277 nec
3445 3231 3607 3291 caput
3650 3221 3780 3274 illud

2197 3314 2390 3370 hostile
2419 3314 2713 3370 resecuerit
2737 3332 2749 3366 :
2773 3313 2869 3369 sed
2898 3314 3055 3383 longe
3085 3314 3289 3382 majore
3315 3327 3512 3369 corona
3557 3313 3779 3381 dignum

2196 3414 2328 3472 erat,
2353 3405 2493 3474 quod
2520 3405 2694 3475 ipsum
2719 3404 2917 3458 inimici
2942 3405 3272 3474 propositum
3297 3404 3614 3468 immutavit,
3638 3418 3763 3457 eum

2196 3512 2300 3567 que
2319 3496 2548 3551 reddidit
2566 3496 2864 3562 meliorem,
2886 3512 3115 3567 eumque
3129 3496 3195 3551 ad
3212 3511 3359 3552 suam
3382 3497 3496 3566 ipse
3520 3498 3784 3552 convertit

2197 3588 2599 3642 humanitatem.
2623 3586 2736 3641 Hoc
2760 3585 3075 3641 beneﬁcium
3101 3587 3191 3640 illo
3212 3587 3548 3655 praestantius
3562 3594 3661 3641 est.
3682 3585 3786 3639 Ne-

2197 3692 2301 3747 que
2311 3678 2451 3731 enim
2473 3676 2618 3745 paria
2640 3676 3088 3741 sunt,condonare
3102 3676 3331 3746 culpam,
3347 3687 3399 3732 et
3415 3677 3478 3732 ad
3492 3677 3649 3730 animi
3667 3678 3785 3744 phi-

2199 3770 2495 3839 losophiam
2515 3770 2797 3833 adducere;
2822 3784 2927 3823 non
2947 3778 3071 3823 sunt
3086 3770 3249 3839 paria,
3264 3768 3491 3824 liberare
3504 3769 3572 3823 ab
3589 3769 3663 3821 ira
3675 3784 3784 3822 ca:-

2198 3861 2318 3915 dem
2334 3860 2576 3929 injustam
2591 3859 2845 3928 spirante,
2862 3859 3094 3913 eximere
3106 3874 3135 3913 a
3151 3859 3315 3927 caede,
3329 3866 3383 3913 et
3395 3858 3629 3913 eximere
3650 3873 3680 3911 a
3700 3858 3784 3910 fu-

2198 3966 2322 4006 rore
2351 3950 2417 4004 ad
2446 3958 2648 4004 tantum
2677 3958 2993 4018 properante
3014 3948 3182 4003 nefas.
3207 3948 3340 4002 Dum
3360 3949 3500 4002 enim
3528 3947 3786 4001 satellites

2200 4058 2329 4098 suos
2356 4041 2519 4096 David
2544 4041 2801 4104 cohibuit,
2830 4056 2897 4095 ne
2921 4041 3132 4096 Saﬁlem
3160 4040 3507 4106 occiderent,
3532 4039 3786 4109 prtesenti

2200 4132 2416 4205 quidem
2443 4135 2565 4187 vitae
2593 4131 2787 4201 profuit
2811 4148 2824 4185 :
2848 4141 2901 4184 at
2925 4146 3045 4185 cum
3076 4131 3290 4185 mitibus
3325 4129 3503 4185 verbis
3528 4129 3786 4183 malitiam

2202 4243 2267 4282 ex
2283 4227 2459 4281 animo
2475 4224 2710 4293 depellit,
2730 4224 2958 4279 futuram
2977 4224 3049 4278 illi
3074 4228 3231 4278 vitam
3248 4232 3550 4292 aeternaque
3568 4220 3785 4290 largitus

2202 4329 2290 4375 est
2311 4319 2471 4385 bona,
2502 4327 2758 4387 quantum
2789 4315 3003 4386 quidem
3033 4324 3150 4371 erat
3184 4315 3236 4369 in
3275 4315 3410 4384 ipso.
3439 4312 3657 4379 Quoties
3688 4310 3786 4379 igi-

2204 4423 2290 4470 tur
2318 4413 2574 4468 Davidem
2600 4410 2785 4465 laudas
2810 4411 2879 4464 ob
2908 4410 3069 4477 ipsius
3093 4406 3553 4462 mansuetudinem
3570 4444 3586 4469 ,
3614 4404 3782 4472 magis

2204 4508 2350 4561 illum
2378 4501 2714 4572 lauda,quod
2738 4500 2950 4557 Saftlcm
2978 4499 3287 4553 immutarit.
3319 4497 3588 4566 Siquidem
3621 4495 3783 4548 multo

2205 4601 2380 4654 minus
2424 4606 2506 4651 est
2549 4595 2779 4665 propriis
2829 4604 3125 4662 temperare
3165 4588 3579 4659 cupiditatibus,
3625 4600 3781 4655 quam

2204 4693 2433 4748 alienum
2464 4692 2677 4744 vincere
2704 4686 2938 4742 furorem
2966 4727 2979 4750 ,
3010 4700 3167 4755 quam
3205 4699 3298 4739 cor
3326 4684 3404 4738 ira
3431 4683 3783 4737 intumescens

2206 4795 2547 4853 compescere
2575 4821 2590 4843 ,
2620 4793 2757 4848 eque
2804 4784 2945 4831 tanta
2994 4783 3306 4844 tempestate
3363 4780 3562 4827 tantam
3615 4771 3781 4825 facere

2208 4871 2640 4942 tranquillitatem
2671 4910 2686 4936 ,
2718 4881 2875 4938 quam
2929 4867 3112 4922 oculos
3166 4863 3509 4920 homicidium
3562 4876 3674 4932 prre
3726 4875 3772 4913 st

2207 4965 2439 5019 ferentes
2467 4962 2653 5017 calidis
2679 4960 2902 5032 implere
2928 4959 3199 5029 lacrymis.
3227 4959 3401 5026 Atque
3425 4955 3530 5010 hoc
3553 4961 3635 5009 est
3670 4962 3782 5005 stu-

2208 5054 2352 5125 poris
2376 5067 2438 5107 ac
2466 5051 2707 5106 miraculi
2738 5050 2972 5120 plenum.
3004 5048 3213 5104 Etenim
3252 5048 3297 5102 si
3321 5046 3448 5101 Saﬁl
3476 5045 3661 5099 fuisset
3693 5043 3779 5097 ho-

2207 5159 2296 5199 mo
2340 5142 2646 5198 moderatus
2672 5150 2728 5197 et
2773 5155 2956 5210 aequus
2979 5182 2994 5206 ,
3018 5153 3125 5193 non
3154 5138 3439 5193 admodum
3478 5137 3653 5205 magni
3677 5145 3784 5188 erat

2209 5235 2403 5305 negotii
2432 5233 2499 5287 ad
2528 5234 2736 5287 solitam
2770 5248 2890 5286 cum
2921 5214 3172 5285 revocare
3202 5230 3453 5284 virtutem
3478 5244 3491 5281 :
3514 5236 3570 5282 at
3592 5225 3781 5281 edera-

2210 5338 2317 5381 tum
2348 5332 2403 5382 et
2429 5323 2501 5378 ad
2525 5335 2816 5379 extremam
2845 5332 3149 5391 provectum
3177 5320 3455 5383 malitiam,
3479 5317 3693 5388 jamque
3720 5314 3782 5368 ad

2208 5419 2407 5474 caedem
2437 5424 2813 5487 properantem
2838 5414 2985 5471 brevi
3015 5412 3270 5481 temporis
3298 5420 3570 5467 momento
3594 5409 3671 5463 sic
3704 5406 3758 5461 af
3762 5436 3780 5446 -

2246 5552 2287 5622 }
2324 5548 2565 5622 Unusth
2587 5547 2728 5622 modo
2750 5545 2908 5612 legit:
2938 5546 3111 5600 Dicens
3138 5558 3157 5598 :
3181 5545 3275 5597 Αιὶἱ
3309 5543 3428 5597 alios
3454 5543 3631 5596 honore
3651 5556 3780 5606 supe-

2209 5618 2361 5664 τιονεδ
2383 5618 2670 5662 existimate.
