4094 6256
332 305 441 361 ’1θὸ

335 418 655 475 ἀκούσεται·
708 418 844 489 ὅπερ
888 416 982 473 οὖν
1033 419 1128 471 καὶ
1178 421 1206 471 6
1252 418 1424 472 Σαοὺλ
1477 414 1628 481 οὗτος
1683 414 1901 468 ἐπαθεν.

348 503 565 572 Ἐπειδὴ
590 502 699 572 γάρ
730 502 792 554 16
818 502 977 570 νέφος
1011 501 1273 573 διερῤάγη
1308 500 1405 572 τῆς
1442 500 1659 571 ἔχθρας,
1697 499 1909 565 ἐπέγνω

335 585 430 639 τοῦ
454 585 615 638 Δαυῒδ
635 588 734 655 τὴν
766 586 966 655 φωνὴν,
991 585 1084 636 καί
1113 601 1299 655 φησιν*
1329 585 1388 638 Ἠ
1405 582 1570 652 φωνή
1597 597 1712 635 σου
1735 580 1906 645 αὕτη.

334 668 553 722 τέκνον
582 667 794 731 Δαυτδ;
820 668 953 720 Ποία
985 667 1147 734 Αὕτη
1165 683 1185 730 ;
1217 667 1281 719 Ἦ
1316 666 1408 718 τὸν
1429 665 1619 718 Γολιάθ
1652 678 1909 728 κατενεγ-

337 750 527 813 κοῦσα,
560 749 652 802 καὶ
682 750 783 821 τὴν
806 748 959 801 πόλιν
985 748 1340 820 ἐξαρπάσασα
1368 747 1476 799 τῶν
1511 746 1787 802 κινδύνων.
1816 744 1910 796 καὶ

338 832 468 901 περὶ
495 830 738 893 δουλείας
772 831 866 883 καὶ
896 848 960 883 πε
971 832 1022 900 pl
1054 830 1283 884 θανάτου
1316 829 1716 889 κινδυνεύοντας
1738 827 1910 879 ἀπαν-

336 931 435 976 τας
468 915 559 967 καὶ
599 913 735 984 πρὸς
759 912 1055 981 ἀσφάλειαν
1085 912 1178 964 καὶ
1207 911 1341 982 πρὸς
1366 910 1671 981 ἐλευθερίαν
1704 908 1907 962 ἐπανά-

337 1014 510 1065 γουσα
545 996 728 1059 πάλιν,
768 996 800 1065 ή
836 996 934 1066 τὴν
964 995 1173 1047 ἐκείνου
1208 993 1644 1047 καταστέλλουσα
1686 990 1905 1061 μανίαν,

337 1078 509 1131 πολλὰ
533 1079 625 1130 καὶ
656 1078 865 1147 μεγάλα
888 1078 1049 1131 αὑτὸν
1076 1077 1422 1147 ἐργασαμένη
1450 1074 1609 1130 καλά.
1629 1072 1776 1143 Αὕτη
1800 1073 1907 1143 γὰρ

338 1162 371 1230 ή
404 1161 554 1231 φωνὴ
582 1160 671 1213 τὸν
710 1159 981 1230 βάρϐαρον
1026 1162 1233 1212 ἐκεῖνον
1288 1159 1593 1229 κατήνεγκε
1616 1172 1632 1188 ο
1666 1157 1772 1226 πρὸ
1800 1155 1908 1227 γὰρ

336 1243 428 1296 τοῦ
454 1243 624 1305 λίθου,
657 1245 690 1313 ή
714 1243 813 1310 τῆς
834 1243 996 1311 εὐχῆς
1023 1241 1249 1312 δύναμις
1277 1240 1435 1293 αὑτὸν
1461 1238 1810 1310 ἐχειρώσατο.
1833 1238 1907 1291 Οὐ

338 1325 446 1395 γὰρ
478 1324 663 1388 ἀπλῶς
695 1325 786 1377 τὸν
810 1323 955 1377 λίθον
984 1324 1226 1395 ἔρριψεν,
1254 1323 1390 1376 ἀλλά
1419 1322 1682 1393 πρότερον
1715 1318 1907 1383 εἰπὼν,

337 1408 423 1460 Σὺ
450 1407 596 1476 ἔρχῃ
618 1407 768 1475 πρός
788 1423 866 1475 με
891 1406 962 1458 ἐν
991 1406 1116 1471 τοῖς
1137 1404 1291 1470 θεοῖς
1313 1419 1429 1458 σου
1448 1421 1460 1435 ο
1493 1404 1608 1473 ἐγὼ
1639 1403 1707 1457 δὲ
1743 1403 1910 1471 ἐρχο-

331 1507 436 1557 μαι
464 1490 613 1557 πρὸς
646 1490 720 1542 σὲ
746 1489 815 1541 ἐν
840 1489 1082 1556 ὀνόματι
1107 1487 1330 1553 Κυρίου
1358 1487 1620 1551 Σαϐαὼθ,
1654 1486 1727 1539 ὃν
1752 1485 1911 1539 ὠνεί-

336 1570 514 1637 δισας
541 1571 827 1640 σήμερον,
862 1570 1035 1633 οὑτως
1080 1570 1280 1639 ἀφῆκε.
1316 1570 1424 1623 Kal
1458 1570 1593 1638 αῦτη
1638 1568 1728 1621 τὸν
1764 1566 1909 1621 λίθον

337 1653 835 1724 ἐχειραγώγησενή
881 1653 1057 1723 φωνὴ,
1088 1651 1226 1722 αῦτη
1262 1650 1360 1721 τὴν
1401 1651 1640 1719 ἀγωνίαν
1690 1650 1909 1703 ἐνέϐαλε

334 1735 413 1805 τῷ
444 1736 726 1807 βαρϐάρῳ,
763 1735 902 1806 αὕτη
931 1736 993 1788 16
1022 1735 1221 1805 θράσος
1256 1734 1477 1803 ἐξέκοψε
1496 1733 1590 1787 τοῦ
1627 1734 1904 1804 πολεμίου.

336 1818 450 1871 Kal
482 1818 535 1870 τί
582 1817 881 1887 θαυμάζεις
907 1856 923 1880 ,
964 1817 1012 1869 εί
1052 1816 1222 1886 θυμὸν
1264 1817 1613 1870 καταστέλλει
1651 1817 1802 1888 φωνὴ
1830 1817 1909 1870 δι-

334 1900 515 1962 καίου,
548 1902 642 1953 καὶ
670 1901 959 1969 πολεμίους
985 1900 1259 1970 καθαιρεῖ,
1288 1900 1420 1952 ὅπου
1454 1918 1516 1968 γε
1540 1901 1633 1954 καὶ
1652 1901 1909 1970 δαίμονας

333 1982 655 2048 ἀπελαύνει;
690 1983 1044 2050 Ἐφθέγγοντο
1064 1982 1194 2050 γοῦν
1217 1981 1377 2052 μόνον
1401 1983 1450 2034 οί
1478 1982 1784 2045 ἀπόστολοι,
1815 1983 1909 2035 καὶ

334 2066 506 2117 πᾶσαι
528 2065 883 2135 ἐδραπέτευον
900 2066 955 2117 αἱ
978 2062 1349 2133 ἀντικείμεναι
1368 2063 1640 2135 δυνάμεις.
1672 2065 1733 2117 Ἠ
1758 2065 1908 2135 φωνὴ

332 2147 442 2198 τῶν
466 2146 635 2215 ἁγίων
664 2148 758 2199 καὶ
781 2147 852 2198 τά
881 2147 1121 2215 στοιχεῖα
1159 2144 1418 2209 πολλάκις
1442 2147 1657 2217 ἔστησε,
1684 2147 1777 2200 καὶ
1811 2146 1910 2210 τὰς

333 2229 610 2299 ἐνεργείας
637 2228 814 2280 αὑτῶν
857 2227 1171 2298 μετέϐαλεν.
1200 2224 1337 2280 Εἶπε
1362 2227 1490 2295 γοῦν
1516 2230 1544 2280 6
1584 2229 1788 2297 Ἰησοῦς
1815 2228 1908 2282 τοῦ

332 2310 492 2381 Ναυῆ
529 2310 709 2381 μόνον,
749 2308 951 2375 Στήτω
995 2308 1027 2362 ὁ
1079 2309 1253 2376 ἣλιος
1282 2310 1381 2363 καὶ
1410 2312 1447 2379 ἡ
1492 2311 1767 2379 σελήνη,
1815 2311 1909 2365 καὶ

332 2392 496 2463 ἔστη⁸
534 2393 675 2446 οὑτω
713 2393 808 2445 καὶ
856 2395 885 2445 6
928 2393 1168 2462 Μωῦσῆς
1198 2392 1464 2446 θάλατταν
1515 2393 1744 2463 ἐπέδησε
1767 2435 1782 2459 ,
1818 2396 1909 2446 καὶ

330 2477 535 2546 ἀνῆκεν
557 2495 570 2508 ·
602 2477 773 2540 οὕτως
801 2478 850 2529 οί
880 2476 1066 2538 παῖδες
1096 2478 1143 2529 οί
1176 2479 1325 2547 τρεῖς
1355 2478 1454 2546 τὴν
1495 2477 1771 2546 ἐνέργειαν
1814 2478 1907 2531 τοῦ

331 2561 504 2629 πυρὸς
533 2561 760 2614 ἔσϐεσαν
794 2560 881 2613 διὰ
930 2560 1038 2612 τῶν
1069 2558 1253 2628 ὓμνων
1292 2559 1515 2615 ἐκείνων
1561 2561 1654 2612 καὶ
1684 2560 1771 2614 διὰ
1807 2562 1908 2631 τῆς

332 2645 533 2714 φωνῆς.
565 2644 663 2697 Διά
700 2643 857 2695 τοῦτο
887 2643 981 2695 καὶ
1017 2642 1151 2711 πρὸς
1172 2642 1340 2711 αὑτὴν
1361 2642 1459 2712 τὴν
1488 2643 1669 2713 φωνὴν
1692 2644 1907 2712 διαθερ-

333 2727 556 2797 μανθεὶς
583 2729 611 2779 6
637 2726 807 2779 Σαοὺλ
837 2725 1041 2793 ἓλεγεψ
1080 2726 1139 2778 'H
1160 2724 1330 2793 φωνή
1355 2740 1473 2779 σου
1495 2726 1668 2793 αὕτη,
1694 2727 1908 2781 τέκνον

328 2809 547 2873 Δαυΐδ;
588 2809 653 2861 Τί
693 2809 822 2875 γοῦν
848 2810 878 2861 ό
914 2808 1112 2872 Δαυῒδ;
1142 2809 1367 2874 Δοῦλός
1404 2823 1542 2875 σου,
1588 2810 1754 2878 κύριέ
1787 2829 1907 2880 μου

323 2890 610 2955 βασιλεῦ.
650 2890 885 2959 ’Ἅμιλλα
915 2890 1098 2942 λοιπὸν
1114 2891 1208 2942 καὶ
1242 2889 1541 2958 φιλονεικία
1573 2891 1800 2958 γίνεται,
1824 2892 1909 2955 τίς

328 2972 422 3024 τὸν
458 2971 684 3041 πλησίον
730 2972 990 3041 μειζόνως
1034 2972 1277 3042 τιμήσει.
1319 2972 1555 3035 Ἐκεῖνος
1604 2974 1685 3035 είς
1719 2974 1910 3042 συγγέ-

330 3072 481 3109 νειαν
509 3056 734 3124 ήγαγεν,
764 3047 917 3117 οὗτος
946 3053 1211 3124 δεσπότην
1231 3054 1392 3107 αὑτὸν
1416 3054 1718 3125 ὠνόμασεν.
1758 3056 1823 3108 ‘0
1852 3055 1909 3109 δέ

328 3138 498 3204 λέγει,
519 3137 759 3190 τοιοῦτόν
780 3139 946 3189 ἐστιν’
974 3137 1075 3191 Ἓν
1098 3134 1244 3207 ζητῶ
1268 3137 1447 3207 μόνον,
1465 3138 1616 3207 φησὶ,
1638 3138 1908 3209 σωτηρίαν

329 3222 431 3291 τὴν
468 3222 587 3291 σὴν,
631 3221 723 3274 καὶ
778 3219 877 3291 τὴν
909 3218 1149 3273 ἐπίδοσιν
1191 3220 1289 3290 τῆς
1329 3220 1552 3291 ἀρετῆς.
1602 3220 1803 3274 Τέκνον
1842 3239 1908 3292 με

332 3303 617 3367 ἐκάλεσας,
652 3301 761 3372 ἐγὼ
783 3303 840 3356 δέ
867 3302 1065 3370 ἀγαπῶ
1096 3304 1189 3355 καὶ
1217 3303 1448 3372 στέργω,
1490 3302 1637 3375 [778]
1669 3304 1761 3356 ἐὰν
1790 3304 1908 3357 δοῦ-

331 3387 425 3438 λόν
459 3404 526 3456 με
571 3386 719 3458 ἔχῃς,
753 3387 912 3455 μόνον
950 3385 1085 3456 μετά
1111 3383 1205 3437 τοῦ
1248 3385 1546 3439 ἀποθέσθαι
1580 3386 1679 3457 τὴν
1718 3386 1905 3457 ὀργὴν,

335 3470 493 3539 μόνον
518 3471 655 3539 μετὰ
674 3469 769 3521 τοῦ
802 3468 964 3539 μηδὲν
993 3468 1318 3521 ὑποπτεύειν
1339 3468 1467 3539 περὶ
1488 3468 1621 3539 ἐμοῦ
1649 3471 1903 3539 πονηρὸν,

331 3553 427 3604 καὶ
459 3552 533 3621 μὴ
579 3550 819 3621 νομίζειν
862 3550 1143 3605 ἐπίϐουλον
1174 3546 1314 3604 εἶναι
1351 3552 1445 3603 καὶ
1488 3549 1763 3621 πολέμιον.
1804 3550 1907 3604 Τὸν

331 3634 441 3703 γὰρ
493 3632 845 3686 ἀποστολικὸν
888 3635 1092 3688 ἐκεῖνον
1147 3633 1387 3703 ἐπλήρου
1442 3634 1604 3703 νόμον
1624 3672 1639 3698 ,
1683 3634 1773 3686 τὸν
1811 3650 1905 3686 κε-

330 3715 553 3768 λεύοντα
577 3719 643 3785 τῇ
674 3718 809 3784 τιμῇ
842 3716 1103 3785 ἀλλήλους
1135 3717 1515 3784 προηγεῖσθαι,
1546 3715 1907 3783 ὑπερέχοντας

331 3797 539 3850 ἑαυτῶν
563 3814 576 3827 ·
605 3798 665 3848 οὑ
691 3796 939 3866 καθάπερ
964 3796 1168 3858 πολλοὶ,
1196 3795 1551 3864 βοσκημάτων
1578 3794 1907 3864 διακείμενοι

331 3882 534 3950 χεῖρον,
565 3879 684 3931 οὑδέ
726 3881 1042 3949 προσειπεῖν
1072 3877 1163 3931 τὸν
1196 3876 1423 3948 πλησίον
1457 3876 1739 3947 ἀνέχονται
1782 3878 1908 3948 πρό-

330 3980 519 4032 τεροι,
564 3960 875 4031 νομίζοντες
924 3959 1237 4030 ὑϐρίζεσθαι
1287 3958 1382 4013 καὶ
1421 3957 1806 4025 ἐλαττοῦσθαι,
1856 3960 1908 4012 εί

329 4046 492 4114 ψιλῆς
518 4062 620 4096 τινι
647 4042 923 4113 μεταδοῖεν
956 4043 1331 4113 προσρήσεως.

402 4127 468 4179 Τί
491 4126 693 4197 ταύτης
713 4126 814 4195 τῆς
834 4125 1020 4189 ἀνοίας
1040 4124 1237 4193 γένοιτ’
1261 4125 1325 4178 ἂν
1348 4124 1777 4193 καταγελαστότε
1786 4142 1906 4196 ρον;

331 4211 383 4262 τί
410 4210 504 4262 τοῦ
529 4208 700 4278 τύφου
734 4208 923 4261 τούτου
969 4210 1062 4261 καὶ
1095 4208 1191 4278 τῆς
1234 4208 1491 4271 ἀπονοίας
1522 4209 1903 4280 αἰσχρότερον;

331 4294 467 4345 Τότε
496 4291 624 4362 γὰρ,
653 4292 771 4345 τότε
788 4290 1157 4360 ήλαττόνηκας
1181 4302 1231 4355 ι,
1253 4284 1299 4343 ὧ
1320 4290 1594 4360 ἄνθρωπε,
1615 4294 1734 4344 τότε
1756 4292 1907 4362 ὑϐρί-

334 4377 488 4444 σθης,
520 4377 642 4427 τότε
669 4373 994 4444 ὴτιμάσθης,
1032 4372 1159 4426 ὅταν
1195 4368 1495 4446 ἀναμείνῃς
1552 4374 1643 4426 τὸν
1679 4373 1906 4443 πλησίον

332 4456 598 4528 πρότερόν
629 4473 687 4509 σε
721 4459 1056 4527 προσειπεῖν.
1098 4455 1164 4507 Τί
1186 4456 1296 4523 γὰρ
1320 4456 1573 4519 ἀπονοίας
1606 4458 1816 4526 χεῖρον;
1853 4456 1906 4509 τί

331 4541 389 4593 δέ
417 4538 588 4607 τύφου
614 4538 706 4591 καὶ
738 4539 1037 4603 κενοδοξίας
1072 4538 1631 4610 καταγελαστότερον;
1673 4540 1770 4591 Ἂν
1806 4540 1907 4609 μὲν

332 4623 442 4692 γάρ
472 4622 731 4691 πρότερος
764 4620 1085 4694 προσείπῃς,
1113 4622 1208 4675 καὶ
1233 4624 1262 4675 6
1301 4622 1432 4685 Θεὸς
1479 4622 1844 4686 ἐπαινέσεται,
1877 4623 1906 4675 ὃ
1946 4694 1951 4697 _

333 4706 551 4759 πάντων
578 4703 781 4774 μεῖζον,
804 4705 900 4756 καὶ
925 4702 1020 4756 ἄνθ
1030 4720 1199 4774 ρωποι
1220 4704 1277 4757 δὲ
1295 4704 1668 4768 ἀποδέξονται,
1686 4704 1780 4757 καὶ
1806 4705 1906 4775 τῆς

332 4786 547 4840 ἐκείνου
603 4786 959 4856 προσρήσεως
993 4789 1057 4840 σὺ
1103 4788 1196 4840 τὸν
1232 4788 1422 4857 μισθὸν
1466 4788 1683 4841 ἅπαντα
1725 4786 1901 4859 λήψῃ.

332 4870 400 4925 ἂν
436 4868 481 4920 δ’
528 4868 825 4941 ἀναμείνῃς
858 4867 1125 4939 πρότερον
1179 4870 1430 4940 τιμηθεὶς
1479 4870 1622 4923 οῦτω
1653 4869 1903 4939 τιμῆσαι,

332 4952 485 5007 όὺδέν
512 4951 655 5022 μέγα
685 4951 926 5022 εἰργάσω
964 4950 1170 5005 λοιπόν.
1211 4952 1267 5004 '0
1307 4952 1415 5020 γὰρ
1443 4953 1543 5023 τῆς
1574 4955 1653 5016 είς
1683 4953 1745 5006 σέ
1776 4970 1906 5007 κατ-

330 5034 502 5105 άρξας
552 5034 736 5104 τιμῆς,
785 5033 945 5096 αὐτὸς
984 5034 1079 5087 καὶ
1131 5034 1231 5103 τῆς
1280 5034 1433 5105 παρὰ
1472 5034 1564 5087 σοῦ
1609 5035 1907 5105 γενομένης

332 5120 412 5180 είς
445 5118 607 5172 αὑτὸν
636 5117 927 5188 θεραπείας
958 5117 1048 5171 16v
1082 5118 1270 5188 μισθὸν
1303 5118 1516 5172 ἅπαντα
1536 5119 1787 5191 λήψεται.
1814 5118 1906 5189 Μὴ

330 5202 688 5273 ἀναμένωμεν
713 5202 889 5254 τοίνυν
926 5201 1189 5272 τιμᾶσθαι
1218 5202 1348 5273 παρ’
1368 5203 1570 5274 ἐτέρων
1612 5204 1869 5274 πρότεροι
1888 5218 1902 5232 ⁸

331 5284 446 5337 ἀλλ’
474 5284 846 5353 ἐπιτρέχωμεν
872 5285 992 5345 ταῖς
1039 5286 1117 5346 είς
1167 5285 1259 5339 τὸν
1301 5285 1525 5356 πλησίον
1568 5289 1775 5358 τιμαῖς,
1814 5287 1907 5340 καὶ

332 5367 428 5436 τῆς
460 5369 813 5438 προσρήσεως
834 5366 921 5419 ἀεὶ
950 5368 1330 5438 κατάρχωμεν,
1362 5368 1457 5422 καὶ
1486 5368 1560 5439 μὴ
1597 5368 1907 5440 νομίζωμεν

332 5450 485 5517 ψιλὸν
509 5446 647 5503 εἶναι
668 5451 762 5504 καί¹
791 5450 1003 5513 εὐτελὲς
1027 5450 1089 5503 16
1116 5451 1447 5523 κατόρθωμα
1472 5453 1651 5522 τοῦτο,
1672 5452 1734 5506 τὸ
1753 5452 1907 5523 γενέ-

310 5720 313 5721 ν
393 5682 417 5709 ⁸
446 5681 568 5744 Reg.
595 5696 721 5731 unus
744 5684 1033 5742 ἠλάττωσαι.

650 5786 924 5847 ΡΑτιιοι..
961 5791 1078 5850 (in.
1122 5786 1251 5848 LIV

1323 299 1410 356 DE
1454 299 1719 355 DAVIDE
1761 298 1845 350 ET
1890 297 2122 350 SAULIC
2163 296 2445 352 HOMILIA
2482 296 2570 352 111.

3474 299 3579 353 704

2015 412 2135 466 σθαι
2171 414 2577 485 εὐπροσήγορον
2607 414 2700 466 καὶ
2722 413 3199 484 φιλοπροσήγορον.
3221 414 3427 478 Πολλὰς
3450 415 3580 483 γοῦν

2011 496 2190 563 φιλίας
2211 496 2485 565 ἐλλειφθὲν
2503 498 2658 551 τοῦτο
2685 498 2919 565 διέκοψε,
2944 498 3139 560 πολλὰς
3161 498 3357 568 ἔχθρας
3388 500 3549 567 είργά

2012 593 2139 630 σατο
2158 593 2170 607 '
2206 580 2487 651 ὡσπεροῦν
2516 581 2651 650 μετά
2678 580 2913 648 σπουδῆς
2940 580 3309 651 πληρούμενον
3336 584 3578 651 χρονίους

2010 658 2279 729 πολέμους
2304 662 2584 725 κατέλυσε,
2614 663 2824 725 καὶτὰς
2854 662 3018 725 οῦσας
3056 663 3235 731 φιλίας
3256 664 3578 733 ἀπέσφιγξε.

2009 741 2101 810 Μὴ
2135 742 2311 796 τοίνυν
2346 745 2574 815 ἀμελῇς,
2616 744 2886 813 ἀγαπητὲ,
2924 745 3024 814 τῆς
3056 746 3185 816 περὶ
3216 745 3387 799 ταῦτα
3418 765 3582 800 σπου-

2008 820 2103 891 δῆς
2120 840 2132 854 ο
2162 824 2277 876 ἀλλ’
2303 828 2350 877 εί
2374 826 2473 895 μὲν
2494 822 2603 879 οἷόν
2630 843 2709 891 τε,
2742 828 2866 891 τοὺς
2895 828 3265 893 ἀπαντῶντας,
3293 823 3393 881 οἷοί
3439 847 3581 893 τινες

2008 902 2075 955 ἂν
2096 898 2220 969 ὦσι,
2253 907 2346 959 καὶ
2393 911 2450 961 ἐν
2483 912 2603 972 ταῖς
2633 912 2987 981 προσρήσεσι,
3022 912 3117 964 καὶ
3156 913 3213 965 ἐν
3252 914 3363 974 τοῖς
3401 912 3582 977 ἄλλοις

2010 983 2182 1069 ἅπασι
2202 989 2456 1060 πρότεροι
2480 991 2993 1062 θεραπεύωμεν.“Ᾱν
3012 995 3068 1046 δέ
3094 1012 3152 1048 σε
3182 995 3363 1066 ἕτερος
3378 995 3579 1069 φθάσῃ,

2013 1067 2233 1137 μείζονα
2256 1071 2516 1136 ἐπίδειξαι
2540 1074 2635 1144 τὴν
2660 1076 2824 1145 τιμὴν
2844 1076 3025 1131 πάλιν.
3042 1078 3152 1131 Kal
3173 1078 3282 1149 γάρ
3307 1078 3400 1132 καὶ
3426 1067 3584 1132 τοῦτο

2010 1150 2319 1221 παρῄνεκεν
2373 1155 2402 1206 6
2458 1156 2706 1221 Παῦλος,
2757 1156 2930 1222 οὑτως
2986 1160 3189 1213 εἰπών·
3256 1161 3583 1227 Ἀλλήλους

2007 1230 2251 1302 ἡγεῖσθε
2303 1236 2709 1306 ὑπερέχοντας
2750 1240 2983 1293 ἑαυτῶν
3016 1242 3068 1297 Ι).
3116 1241 3302 1306 Οῦτως
3352 1245 3381 1296 ό
3422 1245 3584 1298 Δαυῖδ

2010 1316 2251 1386 ἐποίησε,
2284 1319 2378 1371 καὶ
2418 1321 2680 1394 πρότερος
2709 1323 2958 1394 ἐτίμησε,
3006 1326 3099 1378 καὶ
3127 1328 3378 1397 τιμηθεὶς
3420 1330 3583 1384 πάλιν

2012 1399 2270 1468 μειζόνως
2302 1404 2693 1475 ἀντετίμησεν,
2735 1406 2939 1461 εἰπών·
2985 1409 3213 1475 Δοῦλός
3250 1427 3387 1475 σου,
3419 1414 3585 1481 κύριέ

2002 1498 2122 1566 μου
2136 1483 2422 1566 βασιλεῦ.
2440 1486 2549 1539 Kal
2569 1487 2670 1557 ὅρα
2689 1488 2812 1542 ὅσον
2830 1490 3124 1560 εἰργάσατο
3140 1493 3347 1564 κέρδος.
3367 1496 3585 1566 Ἐπειδὴ

2008 1562 2117 1647 γὰρ
2146 1559 2262 1616 εἷπε
2287 1566 2431 1618 τοῦθ’
2454 1569 2483 1620 6
2517 1568 2696 1634 Δαυῒδ,
2733 1571 2833 1624 οὑκ
2865 1559 3090 1643 ήνεγκεν
3117 1559 3381 1647 ἀδακρυτὶ
3401 1559 3585 1631 λοιπὸν

2007 1644 2211 1716 ταύτην
2236 1648 2464 1703 ἀκοῦσαι
2486 1649 2583 1722 τὴν
2603 1653 2785 1724 φωνὴν
2806 1655 2834 1706 6
2856 1655 3053 1709 Σαούλ·
3094 1657 3209 1711 ἀλλ’
3232 1644 3465 1727 ῶλόλυξε
3496 1679 3587 1715 πιη

2010 1730 2160 1813 κρὸν,
2199 1732 2299 1801 τὴν
2333 1733 2542 1801 ὑγίειαν
2579 1736 2678 1805 τὴν
2712 1737 2770 1789 ἐν
2801 1740 2868 1808 τῇ
2908 1739 3075 1809 ψυχῇ,
3108 1741 3204 1795 καὶ
3241 1743 3340 1813 τὴν
3369 1744 3587 1812 φιλοσο-

2010 1812 2157 1896 φίαν,
2197 1814 2265 1885 ἢν
2292 1816 2321 1867 6
2356 1815 2520 1869 Δαυῒδ
2564 1817 2811 1888 ἐνέθηκε,
2856 1820 2944 1873 διὰ
2971 1823 3078 1875 τῶν
3107 1812 3356 1895 δακρύων
3388 1826 3583 1896 δηλῶν.

2081 1893 2134 1948 ι’.
2160 1896 2224 1946 Τί
2248 1897 2441 1964 γένοιτ’
2465 1897 2531 1951 ἂν
2551 1900 2646 1955 τοῦ
2673 1902 2955 1972 Προφήτου
2981 1893 3414 1977 μακαριώτερον,
3431 1893 3490 1971 ὃς
3528 1911 3587 1962 ἐν

2012 1983 2242 2058 βραχείᾳ
2270 1989 2461 2060 καιροῦ
2490 1993 2632 2062 ῥοπῇ
2657 1991 2798 2047 οὕτω
2820 1993 2910 2047 τὸν
2931 1995 3124 2066 ἐχθρὸν
3155 1998 3583 2069 μετερῤύθμισε,

2010 2076 2102 2128 καὶ
2129 2075 2305 2148 ψυχὴν
2334 2079 2566 2149 αἵματος
2594 2081 2690 2135 καὶ
2739 2086 2954 2153 σφαγῆς
3002 2084 3240 2154 διψῶσαν
3281 2088 3461 2141 λαϐὼν
3505 2092 3586 2154 εἰς

2010 2166 2241 2237 θρήνους
2279 2169 2533 2224 ἐνέϐαλεν
2562 2171 2757 2243 ἀθρόον
2780 2175 2870 2226 καὶ
2902 2174 3270 2246 όλολυγμούς;
3300 2179 3410 2248 Οὐχ
3443 2180 3585 2233 οὑτω

2009 2257 2272 2328 θαυμάζω
2293 2259 2384 2313 τὸν
2406 2262 2630 2326 Μωσέα,
2657 2263 2739 2316 ὃτι
2769 2264 2878 2318 ἀπὸ
2907 2266 3113 2337 πέτρας
3135 2268 3442 2339 ἀκροτὸμου
3475 2290 3583 2343 πη-

2009 2350 2113 2417 γάς
2151 2350 2420 2422 ἐξήγαγεν
2440 2352 2670 2417 ὑδάτων,
2695 2354 2771 2417 ὡς
2797 2355 3064 2428 θαυμάζω
3086 2359 3177 2412 τὸν
3202 2360 3381 2427 Δαυῒδ,
3419 2363 3499 2416 ὅτι
3523 2364 3585 2430 ἐξ

2008 2442 2302 2512 ὀφθαλμῶν
2324 2443 2539 2497 λιθίνων
2568 2446 2751 2515 πηγὰς
2783 2447 3019 2518 ἐξήγαγε
3053 2449 3324 2519 δακρύων.
3343 2453 3585 2517 Ἐκεῖνος

2012 2534 2110 2603 μὲν
2145 2532 2255 2603 γὰρ
2297 2533 2396 2603 τὴν
2432 2533 2593 2603 φύσιν
2637 2537 2904 2608 ἐνίκησεν,
2938 2534 3090 2603 οὗτος
3112 2541 3168 2593 δέ
3198 2542 3294 2613 τῆς
3323 2545 3584 2615 προαιρέ-

2011 2638 2147 2684 σεως
2172 2622 2546 2692 περιεγένετο·
2575 2623 2722 2697 [7'79]
2756 2628 2961 2691 ἐκεῖνος
3011 2628 3248 2694 ἐπάταξε
3294 2634 3358 2702 τῇ
3402 2633 3583 2704 ῥάϐδῳ

2006 2713 2099 2765 τὸν
2126 2712 2291 2777 λίθον,
2328 2706 2483 2778 οὗτος
2536 2714 2763 2787 ἔκρουσε
2791 2718 2870 2788 τῷ
2902 2719 3045 2790 λόγῳ
3083 2720 3182 2791 τὴν
3209 2722 3460 2794 καρδίαν,
3484 2724 3583 2795 οὐχ

2008 2801 2096 2854 ’ίνα
2124 2802 2363 2873 λυπήσῃ,
2396 2803 2511 2855 ἀλλ’
2541 2806 2627 2857 ἵνα
2658 2807 2903 2878 καθαρὰν
2935 2810 3236 2882 ἐργάσηται
3278 2812 3373 2865 καὶ
3410 2829 3582 2882 προσ-ι
3610 2800 3613 2803 γ

2007 2892 2140 2962 ηνῆ’
2170 2894 2303 2963 ὅπερ
2353 2890 2446 2947 οὖν
2498 2897 2591 2948 καὶ
2620 2897 2860 2967 ἐποίησε,
2910 2878 3140 2968 μείζονα
3171 2900 3272 2970 τῆς
3311 2878 3583 2974 προτέρας

2009 2980 2327 3050 εὐεργεσίας
2367 2983 2791 3054 ἐπιδειξάμενος.
2852 2986 3105 3041 Ἐπαίνου
3140 2988 3240 3059 μέν
3286 2990 3436 3055 ἀξιον
3486 2994 3584 3047 καὶ

2012 3072 2270 3141 μεγίστου
2299 3073 2571 3145 θαύματος
2628 3077 2721 3130 καὶ
2775 3077 2837 3131 16
2893 3080 2970 3151 μὴ
3016 3078 3274 3149 βαπτίσαι
3310 3082 3372 3135 16
3407 3082 3580 3152 ξίφος,

2011 3162 2146 3233 μηδέ
2166 3163 2461 3233 ἀποτεμεῖν
2484 3166 2581 3235 τὴν
2602 3166 2864 3237 πολεμίαν
2880 3170 3095 3241 ἐκείνην
3116 3174 3356 3245 κεφαλήν
3370 3188 3385 3203 ·
3402 3175 3583 3246 πολλῷ

2008 3252 2066 3306 δέ
2098 3253 2356 3308 πλειόνων
2408 3255 2475 3310 ἂν
2517 3256 2603 3326 εἴη
2645 3261 2925 3328 στεφάνων
2980 3263 3041 3315 16
3091 3264 3184 3317 καὶ
3218 3266 3386 3337 αὑτὴν
3416 3267 3582 3322 αὐτοῦ

2012 3343 2331 3412 μεταϐαλεῖν
2358 3346 2457 3414 τὴν
2488 3348 2825 3419 προαίρεσιν,
2849 3352 2941 3403 καὶ
2973 3352 3166 3421 βελτίω
3197 3357 3437 3426 ποιῆσαι,
3487 3358 3583 3411 καὶ

2008 3433 2144 3504 πρὸς
2164 3435 2261 3504 τὴν
2289 3436 2495 3490 οἰκείαν
2516 3438 2675 3491 αὑτὸν
2699 3440 2996 3497 ἐπιείκειαν
3023 3446 3343 3513 μεταϐαλεῖν
3362 3458 3408 3499 σ.
3432 3445 3580 3520 Αὕτη

2011 3526 2211 3595 μείζων
2236 3527 2451 3598 ἐκείνης
2480 3531 2512 3599 ή
2539 3531 2845 3603 εὐεργεσία.
2872 3536 2947 3587 Οὑ
2983 3537 3089 3607 γάρ
3116 3538 3264 3591 ἐστιν
3300 3538 3413 3593 ἴσον
3440 3539 3585 3611 ζωὴν

2007 3616 2361 3685 χαρίσασθαι,
2380 3620 2472 3671 xal
2496 3623 2575 3684 είς
2604 3623 2920 3693 φιλοσοφίαν
2941 3628 3231 3694 ἐναγαγετν
3257 3647 3269 3659 ’
3302 3629 3402 3682 οὑκ
3435 3629 3584 3684 ἐστιν

2008 3708 2122 3759 ἴσον
2150 3708 2455 3773 ἀπαλλάξαι
2487 3712 2659 3780 θυμοῦ
2696 3716 2947 3778 πνέοντος
2984 3718 3144 3785 φόνον
3171 3719 3376 3782 ἀδικον,
3405 3720 3585 3786 ἐξελέ-

2008 3794 2131 3847 σθαι
2162 3797 2395 3866 σφαγῆς,
2419 3800 2511 3850 καὶ
2527 3800 2801 3864 ἐξελέσθαι
2824 3804 3203 3875 παραπληξίας
3224 3808 3316 3859 ἐπὶ
3331 3808 3585 3862 τοσοῦτον

2007 3882 2295 3955 όδευούσης
2324 3890 2510 3942 κακόν.
2551 3890 2689 3955 Τοὺς
2714 3894 2813 3962 μὲν
2840 3894 2948 3965 γὰρ
2976 3896 3306 3969 δορυφόρους
3335 3899 3582 3965 κωλύσας⁵

2006 3974 2170 4027 αὐτὸν
2201 3975 2431 4041 ἀνελεῖν,
2466 3979 2607 4033 κατά
2654 3981 2744 4035 τὸν
2776 3983 3018 4053 παρόντα
3069 3985 3183 4055 βίον
3219 3987 3446 4056 ὠφελεῖο
3483 3993 3585 4062 τὴν

2006 4064 2062 4118 δὲ
2092 4067 2354 4137 πονηρίαν
2379 4068 2479 4139 τῆς
2502 4071 2678 4141 ψυχῆς
2699 4073 2942 4128 ἐκϐαλὼν
2965 4076 3052 4130 διά
3070 4081 3170 4149 τῆς
3193 4079 3299 4133 τῶν
3322 4082 3585 4151 ῥημάτων

2008 4154 2328 4219 ἐπιεικείας,
2358 4157 2457 4227 τὴν
2492 4158 2790 4227 μέλλουσαν
2818 4163 2968 4234 αὑτῷ
3003 4163 3148 4236 ζωὴν
3172 4166 3465 4238 ἐχαρίσατό
3489 4172 3584 4224 καὶ

2006 4243 2074 4297 τά
2099 4244 2329 4316 ἀκίνητα
2353 4248 2554 4316 ἀγαθὰ,
2578 4252 2640 4304 τό
2666 4268 2729 4320 γε
2758 4256 2839 4317 είς
2866 4254 3028 4309 αὑτὸν
3075 4251 3229 4328 ἧκον.
3284 4260 3449 4315 Ὅταν
3489 4257 3583 4315 οὖν

2007 4336 2169 4389 αὑτὸν
2201 4338 2489 4412 ἐπαινέσῃς
2512 4342 2602 4395 διὰ
2629 4344 2729 4415 τὴν
2761 4346 2966 4400 οἰκείαν
2987 4348 3289 4420 πραότητα,
3322 4350 3583 4421 μειζόνως

2007 4426 2168 4480 αὑτὸν
2197 4427 2475 4498 θαύμασον
2504 4432 2594 4485 διά
2634 4435 2731 4505 τὴν
2771 4436 2866 4490 τοῦ
2906 4438 3078 4493 Σαοὺλ
3119 4441 3441 4512 μεταϐολήν.
3474 4443 3582 4497 Τοῦ

2007 4519 2116 4588 γάρ
2137 4517 2243 4571 τῶν
2263 4520 2477 4574 οίκείων
2496 4528 2763 4593 κρατῆσαι
2786 4527 2992 4591 παθῶν,
3024 4530 3157 4585 πολὺ
3188 4533 3349 4585 πλέον
3382 4535 3497 4587 ἐστὶ
3521 4536 3581 4588 τό

2008 4612 2102 4665 καὶ
2129 4612 2228 4681 τῆς
2256 4613 2461 4684 ἐτέρων
2491 4618 2871 4687 περιγενέσθαι
2914 4621 3114 4689 μανίας
3134 4660 3149 4684 ,
3185 4624 3279 4676 καὶ
3311 4625 3582 4695 φλεγμαί-

2008 4718 2203 4755 νουσαν
2234 4704 2583 4757 καταστεῖλαι
2625 4708 2872 4778 καρδίαν,
2903 4709 2997 4763 καὶ
3028 4712 3298 4783 τοσαύτην
3343 4715 3583 4787 γαλήνην

2009 4793 2118 4847 ἀπὸ
2143 4795 2412 4865 τοσαύτης
2438 4796 2774 4865 ἐργάσασθαι
2810 4798 2998 4870 ζάλης,
3031 4802 3125 4855 καὶ
3152 4800 3463 4875 ὀφθαλμοὺς
3485 4807 3582 4875 φό-

2009 4898 2098 4936 νον
2124 4882 2418 4951 βλέποντας
2444 4884 2694 4955 δακρύων
2715 4887 2992 4958 ἐμπλῆσαι
3023 4887 3264 4961 θερμῶν.
3295 4891 3406 4946 Καὶ
3424 4893 3583 4947 τοῦτό

2008 4974 2175 5037 ἐστιν,
2210 4974 2241 5026 δ
2268 4975 2467 5044 πολλῆς
2498 4975 2810 5048 ἐκπλήξεως
2836 4978 2993 5050 γέμει
3015 4982 3106 5035 καὶ
3140 4981 3437 5054 θαύματος.
3471 4986 3584 5039 Καὶ

2009 5064 2117 5136 γάρ
2146 5066 2193 5117 εί
2224 5066 2321 5137 μέν
2357 5066 2466 5121 τῶν
2496 5069 2754 5122 ἐπιεικῶν
2779 5072 2875 5124 καὶ¹
2909 5073 3147 5144 μετρίων
3191 5074 3492 5147 ἀνθρώπων
3514 5072 3582 5147 ἦν

2007 5155 2037 5207 6
2062 5153 2253 5219 Σαοὺλ,
2285 5155 2345 5208 οὑ
2380 5155 2521 5225 μέγα
2540 5152 2609 5228 ἦν
2631 5158 2836 5230 σφόδρα
2861 5160 3231 5232 ἐπαναγαγεῖν
3257 5162 3418 5217 αὐτὸν
3448 5166 3585 5235 πρὸς

2007 5246 2107 5316 τὴν
2139 5245 2343 5300 οἰκείαν
2375 5247 2578 5318 ἀρετήν
2598 5262 2612 5277 °
2646 5249 2707 5303 16
2739 5249 2784 5303 δ’
2807 5251 3277 5324 ἐκτεθηριωμένον
3303 5254 3398 5307 καὶ
3448 5255 3583 5324 πρὸς

2008 5338 2242 5408 ἐσχάτην
2270 5338 2469 5391 κακίαν
2497 5337 2865 5409 ἐξοκείλαντα,
2894 5343 2987 5397 καὶ
3019 5344 3157 5414 πρὸς
3196 5344 3407 5415 σφαγὴν
3436 5346 3585 5398 ἐπει-

2006 5429 2256 5498 γόμενον,
2287 5428 2346 5480 ἐν
2368 5428 2597 5501 βραχείᾳ
2619 5432 2811 5501 καιροῦ
2854 5434 2995 5506 ροπῇ
3026 5434 3445 5506 παρασκευάσαι
3481 5438 3586 5490 πᾶα

2069 5616 2098 5687 ξ)
2120 5617 2298 5687 ξξίπώψ
2323 5619 2392 5678 Τῇ
2409 5623 2520 5680 τιμῇ
2543 5618 2773 5687 ἀλλήλους
2791 5624 3091 5687 προηγεῖσθε.
3120 5625 3202 5677 Sic
3224 5638 3366 5676 unus.

2071 5682 2094 5711 ο
2120 5679 2244 5741 Reg.
2274 5691 2400 5728 unus
2419 5682 2714 5743 μεταγαγεῖν.
2762 5679 2770 5680 ί
2831 5679 2840 5687 ’
2904 5679 2936 5686 ”’
3218 5753 3282 5815 2'
