4094 6256
511 281 617 338 705

507 421 604 454 σαν
633 402 728 472 τὴν
752 402 973 473 πικρίαν
1003 403 1188 455 σϐέσαι
1215 403 1447 472 ἐκείνην,
1475 403 1595 457 τίνα
1621 406 1719 457 οὐκ
1749 406 1814 458 ἂν
1835 407 2070 477 ἀποκρύ-

505 495 624 561 ψειε
653 494 761 546 τῶν
801 495 1016 546 πώποτε
1059 495 1150 545 ἐπὶ
1188 493 1504 564 διδασκαλίᾳ
1533 497 1850 565 φιλοσοφίας
1880 497 2070 569 βεϐοη-

509 587 710 656 μένων;

577 679 685 728 Καὶ
713 678 775 729 σὺ
802 675 998 736 τοίνυν,
1035 677 1164 728 ὅταν
1193 676 1362 748 λάϐῃς
1403 677 1490 729 τὸν
1545 675 1757 748 ἐχθρὸν,
1811 677 1884 746 μὴ
1923 677 2072 730 τοῦτο

506 767 714 830 σκόπει,
751 766 896 826 ὅπως
923 767 1084 818 αὐτὸν
1115 767 1450 836 ἀμυνόμενος
1478 768 1571 820 καὶ
1607 767 1825 836 μυρίαις
1869 766 2072 830 πλύνας

502 857 621 918 ταῖς
668 854 954 925 λοιδορίαις
996 855 1304 929 ἐκπέμψῃς,
1362 856 1478 909 ἀλλ’
1527 857 1672 918 ὅπως
1703 855 2066 926 θεραπεύσῃς,

500 947 648 1008 ὅπως
677 946 1029 1016 ἐπαναγάγῃς
1049 945 1184 1016 πρὸς
1211 945 1510 998 ἐπιείκειαν
1537 963 1549 975 ·
1583 945 1677 998 καὶ
1701 945 1774 1015 μὴ
1809 945 2070 1014 πρότερον

501 1037 742 1104 ἀποστῇς
778 1035 951 1088 πάντα
994 1035 1088 1088 καὶ
1128 1035 1296 1088 ποιῶν
1329 1035 1422 1086 καὶ
1455 1034 1647 1102 λέγων,
1684 1035 1788 1096 ἕως
1818 1033 1883 1086 ἂν
1917 1050 2070 1103 περι-

502 1125 636 1195 γένῃ
659 1127 726 1194 τῇ
759 1124 1023 1194 πραότητι
1049 1127 1146 1194 τῆς
1186 1124 1465 1193 ὠμότητος
1513 1123 1612 1192 τῆς
1643 1121 1871 1175 ἐκείνου.
1905 1121 2070 1174 Οὐδὲν

503 1216 610 1285 γάρ
643 1215 940 1277 ἐπιεικείας
985 1215 1370 1285 δυνατώτερον.
1421 1215 1530 1266 Καὶ
1563 1212 1704 1266 τοῦτ’
1741 1212 1874 1266 αὐτὸ
1895 1211 2069 1282 δηλῶν

501 1324 586 1368 τις
619 1306 821 1372 ἔλεγεν,
849 1307 931 1359 ὅτι
967 1305 1156 1374 Λόγος
1187 1304 1421 1371 ἁπαλὸς
1458 1303 1793 1373 συγκλείσει
1829 1301 1978 1357 ὀστᾶ
2017 1315 2066 1358 ⁸.

465 1451 478 1462 _
501 1398 694 1448 Καίτοι
727 1397 777 1448 τί
801 1397 988 1448 ὀστέου
1032 1395 1391 1465 σκληρότερον
1415 1412 1429 1460 ;
1466 1394 1603 1447 Ἀλλ’
1627 1397 1776 1465 ὅμως
1797 1393 1900 1447 κᾶν
1927 1393 2070 1446 οὕτω

504 1487 736 1557 σκληρός
757 1504 838 1550 τις
923 1489 1017 1539 καὶ
1038 1487 1318 1558 ἀκαμτιὴς,
1346 1487 1632 1558 περιέσται
1667 1486 1862 1557 ῥαδίως
1894 1487 1922 1538 ό
1953 1488 2068 1556 μετ’

503 1575 800 1636 ἐπιεικείας
829 1575 975 1645 αὐτῷ
1022 1575 1320 1645 χρώμενος.
1369 1577 1477 1629 Καὶ
1498 1576 1691 1628 πάλιν·
1738 1575 2068 1642 Ἀπόκρισις

501 1666 928 1718 ὑ.τοπίπτουσα
955 1666 1314 1734 ἀποστρέφει
1353 1666 1550 1736 ὀργάς.
1601 1665 1761 1720 Ὅθεν
1789 1665 1948 1735 δῆλον
1985 1667 2066 1718 ὅτι

501 1755 595 1808 τοῦ
618 1755 899 1825 κινηθῆναι
934 1761 1020 1808 τὸν
1055 1758 1264 1826 ἐχθρὸν,
1302 1759 1512 1811 καὶτοῦ
1541 1756 1963 1828 καταλλαγῆναι,
2002 1757 2065 1809 σὺ

503 1843 830 1916 κυριώτερος
853 1847 1081 1901 ἐκείνου.
1121 1849 1209 1900 Ἐν
1248 1847 1354 1919 γάρ
1394 1850 1544 1918 ἡμῖν,
1581 1849 1678 1900 οὐκ
1700 1849 1756 1901 ἐν
1781 1850 1891 1910 τοῖς
1917 1847 2067 1916 όργι·

502 1938 745 2008 ζομένοις
793 1941 966 1992 κεῖται
999 1939 1090 1992 καὶ
1115 1939 1174 1991 τὸ
1225 1937 1532 2009 σϐεσθῆναι,
1568 1939 1662 1992 καὶ
1695 1939 1756 1990 τὸ
1783 1937 1918 2008 πρὸς
1946 1937 2065 2006 μεί-

501 2029 628 2094 ζονα
662 2031 1002 2100 ἐξενεχθῆναι
1043 2031 1212 2100 φλόγα
1243 2029 1332 2082 τὸν
1357 2029 1524 2100 θυμὸν
1548 2029 1638 2081 τὸν
1667 2029 1907 2082 ἐκείνων.
1959 2029 2067 2081 Καὶ

499 2120 644 2173 τοῦτ’
677 2122 807 2174 αὐτὸ
857 2123 1016 2176 πάλιν
1050 2123 1078 2173 ό
1115 2122 1184 2174 τὰ
1229 2121 1468 2193 πρότερα
1506 2118 1674 2174 είπὼν
1701 2119 1932 2190 ἐδήλωσε
1979 2120 2066 2172 διὰ

498 2212 653 2281 ψιλοῦ
680 2213 708 2253 h
739 2214 1191 2284 παραδείγματος.
1216 2215 1424 2284 Ὥσπερ
1448 2213 1572 2282 γὰρ,
1597 2211 1776 2281 φησιν,
1809 2211 1886 2272 εἰς
1913 2227 2067 2262 σπιν-

501 2303 641 2374 θῆρα
668 2306 833 2376 πυρὸς
851 2307 914 2359 ἂν
934 2306 1031 2376 μὲν
1053 2307 1316 2377 φυσήσῃς,
1345 2305 1546 2375 ἐξῆψας
1573 2303 1668 2374 τὴν
1687 2302 1836 2375 [780]
1870 2301 2062 2371 φλόγα,

499 2391 566 2444 ἂν
596 2392 653 2444 δὲ
685 2393 910 2463 πτύσῃς,
941 2394 1292 2460 κατέσϐεσας,
1325 2395 1417 2447 καὶ
1437 2393 1759 2464 ἀμφοτέρων
1786 2393 1850 2444 σὺ
1881 2391 2067 2462 κύριος

503 2481 848 2552 (Ἀμφότερα
880 2483 1008 2553 γὰρ,
1037 2485 1220 2554 φησὶν,
1245 2485 1312 2537 ἐκ
1347 2485 1450 2538 τοῦ
1494 2485 1789 2552 στόματός
1813 2497 1927 2537 σου
1961 2497 2065 2536 πο-

492 2574 730 2640 ρεύεται
756 2574 845 2640 ε)·
871 2573 1011 2626 οὐτω
1042 2576 1134 2627 καὶ
1167 2576 1260 2628 ἐπὶ
1296 2579 1393 2646 τῆς
1426 2575 1623 2646 ἔχθρας
1668 2575 1761 2628 τοῦ
1804 2575 2063 2645 πλησίον·

503 2661 567 2714 ἂν
597 2662 694 2732 μὲν
715 2665 1130 2733 πεφυσημένους
1160 2663 1253 2718 καὶ
1279 2666 1738 2734 ἀπονενοημένους
1768 2665 2064 2736 προσενέγ-

434 2803 436 2805 ,
502 2771 604 2823 κῃς
638 2753 845 2821 λόγους,
879 2755 1135 2818 ἀνάπτεις
1158 2756 1364 2808 ἐκείνου
1394 2757 1455 2808 τὸ
1485 2757 1612 2826 πῦρ,
1651 2757 1892 2820 ἐκκαίεις
1941 2757 2068 2820 τοὺς

502 2843 812 2911 ἄνθρακας·
845 2843 912 2896 ἂν
962 2844 1017 2897 δέ
1047 2849 1354 2916 -προσηνεῖς
1405 2846 1500 2899 καὶ
1555 2845 2064 2917 περιεσταλμένως,

502 2935 631 3002 πρὶν
658 2934 756 3004 τὴν
776 2935 952 3005 πυρὰν
980 2933 1230 3006 ἀρθῆναι,
1263 2935 1595 2998 κατέσϐεσας
1617 2934 1711 3006 τὴν
1743 2933 1909 3006 ὀργήν
1933 2934 2068 2988 άπα-

503 3041 622 3076 σαν.
656 3025 746 3096 Μὴ
774 3025 950 3078 τοίνυν
973 3025 1123 3092 λέγε,
1159 3027 1238 3079 ὅτι
1261 3027 1340 3082 Τὰ
1357 3027 1448 3079 καὶ
1497 3025 1562 3079 τά
1597 3025 1815 3090 ἔπαθον,
1873 3027 1942 3078 τὰ
1973 3027 2067 3080 καὶ

499 3115 566 3168 τὰ
595 3117 800 3186 ἥκουσα
821 3134 833 3145 ’
855 3118 1070 3171 πάντων
1096 3118 1203 3188 γὰρ
1227 3117 1429 3171 τούτων
1456 3119 1518 3172 σύ
1550 3119 1756 3188 κύριος.
1782 3117 1936 3171 Οὐτω
1957 3119 2066 3189 γάρ

502 3209 689 3280 ὥσπερ
715 3210 985 3280 σπινθῆρα
1017 3213 1109 3265 καὶ
1149 3213 1334 3265 σϐέσαι
1363 3213 1455 3263 καὶ
1500 3210 1724 3280 ἀνάψαι,
1777 3210 1868 3263 καὶ
1896 3211 2065 3281 θυμὸν

501 3299 763 3353 ἐκκαῦσαι
799 3301 892 3355 καὶ
932 3303 1272 3354 καταστεῖλαι
1325 3302 1484 3354 πάλιν
1509 3304 1565 3353 ἐν
1599 3301 1698 3354 σοί.
1756 3302 1920 3354 Ὅταν
1951 3301 2067 3372 ῖδῃς

500 3393 710 3462 ἐχθρὸν,
752 3393 784 3462 ἢ
811 3393 905 3446 καὶ
927 3396 1004 3458 είς
1031 3395 1153 3446 νοῦν
1179 3394 1367 3466 λάϐῃς,
1399 3395 1497 3446 ὅσα
1553 3393 1650 3464 μὲν
1705 3393 1943 3463 ἦκουσας
1971 3395 2066 3446 καὶ

499 3479 698 3544 ἔπαθες
736 3481 876 3550 λυπη
889 3483 974 3551 ρά,
1002 3481 1156 3534 πάντ’
1185 3482 1536 3536 ἐπιλανθάνου
1581 3481 1750 3534 ταῦτα
1769 3500 1780 3511 ·
1809 3484 1856 3534 εί
1881 3483 1935 3534 δὲ
1970 3483 2063 3535 καὶ

500 3571 922 3642 ἀναμνησθείης,
956 3571 1034 3641 τῷ
1064 3573 1294 3642 διαϐόλῳ
1323 3571 1492 3624 ταῦτα
1539 3571 1774 3639 λογίζου.
1835 3571 2061 3640 Σύλλεγε

499 3662 575 3726 δὲ,
605 3663 658 3714 εί
682 3663 734 3715 τί
764 3679 843 3714 σοι
878 3663 1110 3734 χρηστὸν
1143 3659 1262 3715 εἷπε
1297 3662 1533 3726 πώποτε,
1556 3663 1648 3716 καὶ
1681 3663 1920 3734 ἐποίησε.
1944 3665 2062 3718 Κᾶν

497 3756 562 3824 τῇ
597 3753 801 3805 τούτων
849 3754 1188 3825 ἐνδιατρίϐῃς
1245 3756 1453 3826 μνήμῃ,
1487 3755 1694 3825 ταχέως
1745 3754 2062 3818 καταλύσεις

496 3845 595 3915 τὴν
625 3843 841 3915 ἔχθραν.
881 3845 997 3898 Κᾶν
1030 3845 1228 3916 μέλλῃς
1279 3847 1526 3915 ἐγκαλεῖν
1557 3847 1651 3900 καὶ
1701 3845 2062 3914 διαλέγεσθαι,

498 3937 759 4006 πρότερον
792 3936 852 3988 τὸ
887 3936 1057 3998 πάθος
1106 3935 1348 3989 ἐκϐαλὼν
1388 3937 1480 3989 καὶ
1516 3937 1603 3990 τὸν
1635 3936 1803 4007 θυμὸν
1843 3938 2060 4002 σϐέσας,

497 4027 667 4090 οὕτως
695 4027 924 4091 εὐθύνας
976 4027 1214 4092 ἀπαίτει,
1239 4026 1412 4090 οὕτως
1462 4029 1668 4097 ἔλεγχε,
1718 4029 1810 4081 καὶ
1859 4029 2062 4102 δυνήσῃ

495 4119 875 4188 περιγενέσθαι
931 4119 1145 4191 ῥᾳδίως.
1199 4119 1535 4188 Θυμούμενοι
1573 4120 1680 4190 γὰρ
1726 4118 1838 4172 οὔτ’
1869 4121 2061 4183 εἰπεῖν,

494 4208 606 4262 οὔτ’
629 4209 855 4262 ἀκοῦσαί
887 4207 1382 4277 ποτεηδυνησόμεθά
1426 4225 1478 4259 τι
1514 4208 1690 4274 ὑγιές·
1719 4207 2060 4275 ἀπαλλαγέν-

494 4317 584 4362 τες
613 4301 669 4351 δέ
719 4299 811 4352 τοῦ
846 4300 1070 4362 πάθους,
1102 4299 1212 4350 οὐτ’
1238 4301 1388 4350 αὐτοὶ
1417 4299 1568 4368 ῥῆμά
1625 4297 1736 4350 ποτ’
1786 4297 2061 4368 ἐξοίσομεν

494 4393 689 4462 τραχὺ,
721 4390 831 4443 οὐθ’
857 4391 1056 4460 ἐτέρων
1088 4390 1350 4458 λεγόντων
1383 4391 1552 4453 οὕτως
1594 4389 1954 4460 ἀκουσόμεθα.
1987 4392 2059 4444 Οὐ

494 4486 664 4555 γάρὴ
697 4484 804 4536 τῶν
842 4483 1146 4552 λεγομένων
1185 4483 1362 4550 φύσις,
1397 4483 1472 4545 ὠς
1507 4485 1539 4553 ή
1573 4485 1672 4552 τῆς
1706 4482 1900 4553 ἔχθρας
1932 4483 2061 4554 πρό-

492 4577 652 4650 ληψις
677 4579 822 4648 ἡμᾶς
842 4575 1064 4647 ἀγριοῦν
1088 4575 1259 4628 εἴωθε.
1293 4575 1556 4638 Πολλάκις
1575 4575 1702 4642 γοῦν
1727 4575 1876 4646 παρά
1894 4575 2060 4644 φίλων

492 4669 591 4732 τὰς
621 4668 790 4730 αὐτὰς
843 4666 1171 4728 ἀκούσαντες
1227 4664 1490 4735 λοιδορίας
1521 4664 1839 4732 παιζόντων,
1903 4664 2061 4735 ἢκαὶ

495 4760 1000 4832 χαριεντιζομένων,
1053 4759 1085 4826 ἢ
1121 4759 1214 4810 καί
1249 4757 1400 4826 παρὰ
1451 4757 1680 4810 παιδίων
1711 4755 1942 4828 μικρῶν,
1999 4759 2059 4810 οὐ

496 4854 656 4924 μόνον
703 4853 854 4906 οὐδὲν
889 4851 1160 4920 ἐπάθομεν
1218 4849 1414 4918 ἀηδὲς,
1465 4849 1574 4902 οὐδ’
1627 4849 2082 4920 ἐξηγριώθημεν,“

492 4943 627 4996 ἀλλὰ
667 4944 754 4994 καὶ
785 4941 1121 5010 ἐγελάσαμεν
1145 4942 1237 4994 καὶ
1264 4939 1588 5010 διεχύθημεν
1609 4957 1620 4968 ·
1675 4942 1734 4993 οὐ
1768 4941 1874 5010 γὰρ
1923 4941 2059 5010 μετὰ

491 5033 892 5104 διεφθαρμένης
943 5032 1254 5102 ἠκούσαμεν
1283 5031 1524 5102 γνώμης,
1559 5030 1677 5082 οὐδέ
1723 5031 1856 5100 μετὰ
1885 5031 2058 5101 ψυχῆς

493 5125 648 5194 θυμῷ
675 5123 1240 5195 προκατειλημμένης.
1274 5123 1434 5176 Ὥστε
1462 5125 1555 5176 καὶ
1585 5123 1677 5176 ἐπὶ
1701 5122 1808 5176 τῶν
1829 5123 2056 5194 ἐχθρῶν,

491 5218 559 5272 ἂν
587 5217 784 5288 σϐέσῃς
813 5217 903 5269 τὸν
938 5215 1125 5284 θυμὸν,
1157 5217 1221 5269 ἂν
1249 5217 1344 5288 τὴν
1375 5217 1573 5288 ἔχθραν
1617 5217 1873 5290 ἐκϐάλῃς,
1907 5219 2060 5273 οὐδέν

493 5326 550 5362 σε
582 5309 688 5360 τῶν
719 5308 1024 5378 λεγομένων
1051 5307 1292 5376 λυπῆσαι
1317 5307 1624 5378 δυνήσεται.

558 5410 625 5472 η’.
647 5403 755 5456 Καὶ
776 5401 826 5452 τί
853 5400 1136 5470 λέγω,τῶν
1163 5401 1677 5470 λεγομένων;ούδέν
1706 5399 1812 5455 τῶν
1838 5403 2056 5473 γινομέ-

549 5537 575 5598 ξί
601 5535 720 5594 Reg.
747 5549 870 5582 unus
905 5537 1132 5598 συντρίϐει
1154 5535 1274 5584 ὀστᾶ

547 5595 575 5686 ξ
599 5598 669 5704 1[{Ia
701 5595 1133 5670 litjgiidugmélius
1156 5611 1299 5658 quam
1323 5597 1496 5660 ed.qui
1518 5597 1700 5647 habent
1721 5599 1794 5646 διὰ
1817 5601 2053 5663 δαψιλοῦς.

640 5673 715 5704 (ἾΙ.
745 5675 776 5704 ΞΤ
798 5675 1058 5704 ποοευεται.

640 5673 715 5717 (τίς.
745 5675 776 5704 ετ
798 5675 1058 5720 πορεύεται.

1200 287 1254 343 S.
1299 289 1580 344 JOANNIS
1618 289 2094 346 CllliYSOSTOMl
2137 293 2452 352 ARCIHEP.
2494 299 3038 354 CONSTANTINOP.

3641 305 3750 358 τοο

2181 431 2304 476 νων,
2331 415 2614 486 ὡσπεροῦν
2641 416 2759 467 οὐδέ
2781 415 2871 466 τὸν
2923 413 3190 485 μακάριον
3215 411 3426 469 τοῦτον·
3461 417 3574 470 ἀλλ’
3605 418 3754 488 δρῶν

2181 497 2270 548 τὸν
2303 498 2555 568 πολέμιον
2583 499 2722 551 κατά
2759 501 2854 568 τῆς
2880 497 3042 550 αὐτοῦ
3069 499 3342 568 σωτηρίας
3373 499 3752 566 όπλιζόμενον,

2179 581 2271 633 καὶ
2307 581 2484 634 πάντα
2511 581 2598 634 διὰ
2621 581 2780 634 τοῦτο
2809 580 3079 643 κινοῦντα,
3137 580 3198 632 οὐ
3229 580 3388 650 μόνον
3423 583 3522 634 οὐκ
3549 583 3754 652 ἠγρία-

2179 680 2286 722 νεν,
2343 663 2477 715 ἀλλά
2531 663 2624 716 καὶ
2665 665 2744 725 εἰς
2791 662 3009 714 πλείονα
3053 657 3184 730 ἦλθε
3237 663 3605 731 συμπάθειαν·
3638 665 3756 733 ὅσῳ

2182 745 2404 814 μείζονα
2432 745 2774 806 ἐπεϐούλευε,
2797 743 3033 814 τοσούτῳ
3055 743 3254 813 μᾶλλον
3281 745 3444 798 αὐτὸν
3461 746 3752 816 ἐδάκρυεν.

2183 827 2338 898 ’ῌδει
2373 829 2480 899 γὰρ
2505 868 2518 891 ,
2569 829 2686 899 ᾔδει
2723 828 2925 896 σαφῶς,
2961 829 3042 881 ὅτι
3080 829 3176 897 οὐχ
3223 829 3252 879 ό
3285 829 3506 898 πάσχων
3537 831 3750 894 κακῶς,

2177 910 2291 963 ἀλλ’
2321 913 2349 963 0
2387 912 2574 974 ποιῶν,
2603 905 2757 972 οὗτός
2777 912 2894 964 ἐστι
2923 910 3170 980 δακρύων
3203 909 3350 973 ἄξιος
3382 911 3478 963 καὶ
3509 911 3749 982 θρήνων.

2176 995 2367 1046 ἑαυτὸν
2417 995 2834 1048 καταϐλάπτων.
2869 994 2966 1046 Διά
3019 993 3178 1046 τοῦτο
3218 993 3312 1045 καὶ
3363 994 3580 1063 μακρὰν
3610 995 3753 1066 πρὸς

2178 1077 2338 1130 αὐτὸν
2369 1079 2660 1148 συνέθηκεν
2681 1076 3001 1145 ἀπολογίαν,
3023 1077 3117 1128 καὶ
3141 1076 3200 1127 οὐ
3219 1075 3480 1146 πρότερον
3507 1075 3748 1147 ἀπέστη,

2173 1159 2277 1221 ἕως
2335 1159 2428 1212 καὶ
2470 1161 2630 1212 αὐτὸν
2677 1157 3118 1228 ἀπολογήσασθαι
3171 1156 3544 1226 παρεσκεύασε
3603 1159 3752 1225 μετά

2171 1241 2420 1310 δακρύων
2447 1243 2541 1295 καὶ
2568 1241 2796 1310 θρήνων.
2841 1241 3054 1310 Ἐπειδὴ
3085 1239 3193 1308 γὰρ
3232 1237 3492 1308 ἀνῴμωξε
3526 1239 3620 1292 καὶ
3647 1259 3748 1291 πι-

2171 1323 2311 1392 κρὰν
2337 1325 2515 1392 ἀφῆκε
2553 1324 2754 1394 φωνήν,
2783 1323 2876 1376 καὶ
2935 1323 3076 1392 μέγα
3120 1319 3474 1386 ἀνωλόλυξεν,
3508 1321 3750 1374 ἄκουσον

2171 1407 2224 1459 τί
2247 1423 2400 1476 φησι·
2427 1407 2660 1471 Δίκαιος
2684 1406 2765 1459 σὺ
2793 1406 2944 1472 ὑπὲρ
2971 1403 3094 1472 ἐμὲ,
3118 1403 3202 1457 ὅτι
3243 1403 3324 1456 σὺ
3371 1403 3488 1471 μὲν
3511 1405 3752 1457 ἀνταπ-

2169 1489 2396 1556 έδωκάς
2413 1507 2514 1558 μοι
2532 1489 2741 1558 ἀγαθὰ,
2770 1488 2884 1558 ἐγὼ
2911 1488 2962 1540 δ’
3005 1486 3390 1540 ἁνταπέδωκά
3435 1503 3532 1540 σοι
3560 1485 3746 1540 κακά.

2185 1573 2346 1643 Ὁρᾷς
2379 1573 2494 1635 πῶς
2525 1573 2620 1624 καὶ
2649 1573 2746 1642 τῆς
2795 1571 2998 1633 οἰκείας
3043 1571 3241 1632 κακίας
3291 1568 3692 1636 καταγινώσκει
3727 1607 3747 1630 ,

2171 1657 2264 1708 καὶ
2295 1655 2394 1726 τὴν
2447 1656 2656 1724 ἀρετὴν
2701 1655 2929 1724 ἀνυμνεῖ
2959 1652 3054 1706 τοῦ
3086 1653 3317 1716 δικαίου,
3369 1651 3464 1704 καὶ
3513 1649 3748 1720 μηδενὸς

2170 1738 2567 1806 ἀναγκάζοντος
2622 1737 2997 1804 ἀπολογεῖταις
3047 1733 3203 1788 Οὖτω
3246 1734 3340 1786 καὶ
3377 1734 3442 1786 σύ
3490 1733 3742 1803 ποίησον.

2182 1817 2429 1872 Ἐπειδὰν
2481 1818 2652 1892 λάϐῃς
2687 1819 2778 1872 τὸν
2811 1818 3022 1888 ἐχθρὸν,
3053 1817 3127 1887 μὴ
3178 1816 3584 1886 κατηγοίήσῃς,
3623 1815 3744 1868 ἀλλ’

2170 1901 2318 1973 [781]
2346 1902 2699 1972 ἀπολόγησαι,
2735 1903 2821 1954 ἵνα
2849 1899 3276 1970 παρασκευάσῃς
3311 1901 3512 1952 ἐκείνων
3543 1898 3744 1951 ἐαυτοῦ

2169 1989 2562 2060 κατηγορῆσαι.
2589 1991 2686 2041 Ἂν
2710 1988 2808 2058 μὲν
2837 1985 2946 2058 γὰρ
2973 1988 3133 2056 ἡμεῖς
3161 1987 3578 2055 κατηγορῶμεν,
3601 2001 3744 2053 τρα-

2170 2071 2388 2140 χύνεται
2409 2088 2423 2102 ⁸
2458 2071 2524 2124 ἂν
2557 2071 2600 2123 δ’
2631 2067 3118 2139 ἀπολογησώμεθα,
3169 2065 3555 2137 ἐντρεπόμενος
3581 2067 3744 2135 ἡμῶν

2167 2155 2266 2220 τὴν
2311 2154 2629 2218 ἐπιείκειαν,
2683 2153 2844 2215 αὐτὸς
2878 2150 3069 2204 ἐαυτοῦ
3120 2150 3486 2220 κατηγορήσει
3527 2147 3740 2202 λοιπόν.

2168 2237 2277 2288 Καὶ
2307 2237 2476 2300 οὕτως
2505 2237 2533 2289 ὅ
2561 2253 2620 2288 τε
2657 2235 2875 2304 ἐλεγχος
2920 2235 3224 2295 ἀνύποπτος
3255 2232 3482 2300 γίνεται,
3528 2231 3744 2293 ἐκεῖνός

2167 2337 2226 2371 τε
2258 2321 2354 2390 τῆς
2379 2320 2640 2390 πονηρίας
2669 2319 3065 2371 ἀπαλλάττεται
3085 2316 3286 2386 πάσης.
3317 2315 3494 2379 Ὅπερ
3523 2309 3618 2366 οὖν
3643 2314 3746 2366 καὶ

2169 2405 2402 2458 ἐνταῦθα
2455 2403 2681 2473 συνέϐη·
2733 2403 2825 2456 καὶ
2859 2401 3153 2470 κατηγορεῖ
3209 2399 3345 2469 μετά
3391 2397 3592 2466 πολλῆς
3639 2399 3744 2466 τῆς

2171 2487 2526 2558 σφοδρότητος
2554 2490 2582 2540 0
2614 2487 2876 2556 ἀδικήσας
2898 2527 2912 2550 ,
2946 2483 3038 2536 τοῦ
3075 2482 3402 2552 ἠδικημένου
3455 2480 3738 2548 σιγῶντος.

2169 2572 2300 2624 Οὐδὲ
2326 2571 2434 2643 γὰρ
2459 2567 2610 2625 εἶπεν
2636 2570 2840 2632 ἁπλῶς,
2860 2568 3114 2638 Είργάσω
3147 2568 3226 2628 εἰς
3253 2565 3352 2643 ἐμέ
3377 2564 3574 2632 ἀγαθά.
3597 2563 3740 2628 ἀλλ’,

2182 2642 2624 2719 Ἀνταπέδωκάς
2643 2671 2744 2722 μοι
2773 2651 2963 2720 ἀγαθά
2978 2667 2990 2679 ·
3017 2648 3314 2710 τουτέστιν,
3340 2642 3484 2696 Ἀντὶ
3501 2643 3600 2712 τῆς
3615 2647 3742 2698 ἐπι-

2170 2737 2385 2805 ϐουλῆς,
2421 2738 2540 2790 ἀντὶ
2567 2737 2664 2806 τῆς
2723 2735 2955 2804 σφαγῆς,
2987 2734 3105 2785 ἀντὶ
3139 2729 3248 2784 τῶν
3299 2729 3502 2800 μυρίων
3549 2728 3740 2780 κακῶν

2169 2820 2390 2872 ἐκείνων
2413 2820 2752 2888 εὐεργεσίαις
2777 2819 2922 2887 ἡμᾶς
2942 2815 3160 2885 ήμείψω
3193 2812 3470 2882 μεγάλαις.
3521 2809 3664 2876 Ἐγὼ
3693 2809 3740 2860 δ’

2167 2905 2276 2957 οὐδ’
2308 2903 2481 2965 οὕτως
2534 2903 2798 2972 ἐγενόμην
2849 2900 3092 2970 βελτίων,
3141 2897 3276 2951 ἀλλά
3317 2895 3411 2948 καὶ
3447 2893 3584 2963 μετά
3635 2893 3740 2953 τὰς

2169 2988 2486 3058 εὐεργεσίας
2523 2985 2734 3046 ἐκείνας
2779 2983 3042 3050 ἐπέμεινα
3067 2983 3132 3050 τῇ
3187 2977 3449 3048 πονηρία·
3493 2976 3589 3028 καὶ
3625 2975 3739 3027 οὐδ’

2167 3057 2310 3124 οὕτω
2334 3069 2650 3140 μετεϐάλου,
2684 3066 2818 3120 ἀλλὰ
2839 3066 3106 3134 διέμεινας
3124 3061 3213 3114 τὸν
3241 3059 3435 3114 σαυτοῦ
3465 3057 3739 3127 διατηρῶν

2167 3156 2386 3224 τρόπον,
2415 3155 2510 3206 καὶ
2543 3152 2702 3205 πάλιν
2735 3151 2880 3220 ἡμᾶς
2933 3141 3380 3205 ἐπιϐουλεύοντας
3409 3140 3737 3224 εὐεργετῶν.

2167 3223 2354 3290 Πόσων
2386 3237 2485 3289 οὐκ
2516 3235 2581 3288 ἂν
2608 3235 2692 3304 εἴη
2729 3231 3008 3300 στεφάνων
3037 3226 3183 3292 ἄξιος
3209 3225 3328 3278 καθ’
3370 3225 3595 3278 ἕκαστον
3627 3223 3740 3274 τῶν

2170 3319 2429 3389 ῥημάτιον
2459 3317 2662 3370 τούτων
2692 3319 2719 3367 ό
2745 3314 2936 3376 Δαυῖδ;
2960 3313 3020 3364 Εἰ
3052 3311 3162 3378 γὰρ
3187 3309 3281 3362 καὶ
3311 3307 3372 3359 τὸ
3395 3305 3568 3389 στόμα
3595 3305 3740 3389 αὐτά

2167 3388 2461 3470 ἐφθέγγετο
2490 3399 2582 3452 τοῦ
2619 3397 2791 3451 Σαοὺλ
2815 3437 2829 3456 ,
2860 3395 2972 3448 ἀλλ’
3004 3396 3036 3462 ή
3077 3392 3238 3459 σοφία
3273 3390 3419 3458 καὶὴ
3447 3388 3607 3458 τέχνη
3639 3388 3738 3438 τοῦ

2167 3484 2328 3537 Δαυῖδ
2354 3485 2432 3546 είς
2463 3484 2558 3552 τὴν
2581 3481 2788 3534 ἐκείνου
2817 3476 3216 3545 κατεφύτευσεν
3239 3473 3379 3526 αὐτα
3403 3471 3600 3552 ψυχήν.
3623 3471 3738 3522 Καὶ

2165 3567 2534 3636 ἁπήητειλιὶς
2548 3583 2648 3634 μοι
2671 3564 2936 3632 σήμερον
2955 3601 2969 3623 ,
3005 3557 3168 3628 φησὶν
3187 3595 3201 3620 ,
3240 3553 3280 3607 ἅ
3319 3551 3612 3636 ἐποίησάς
3633 3567 3740 3636 μοι

2164 3633 2372 3717 ἀγαάἀ,
2399 3649 2470 3714 ὡς
2507 3633 2830 3702 ἀπέκλεισέ
2851 3659 2928 3711 με
2961 3641 3174 3706 Κύριος
3201 3637 3465 3705 σήμερον
3495 3635 3582 3696 εὶς
3617 3633 3738 3717 ,τὰς

2165 3716 2366 3803 xi??de
2386 3749 2522 3794 σου,
2554 3729 2654 3784 καὶ
2693 3731 2804 3782 οὐκ
2851 3722 3200 3788 ἀπέκτεινὰς
3241 3737 3336 3789 με.
3397 3717 3504 3770 Καὶ
3541 3716 3740 3803 ἑτέραν

2165 3801 2314 3888 αὐτῷ
2345 3817 2612 3887 μαρτυρεῖ
2667 3813 2828 3867 πάλιν
2859 3811 3081 3882 ἀρετὴν,
3109 3809 3189 3860 ὅτι
3228 3803 3589 3888 εὐεργετήσας
3633 3801 3742 3888 οὐκ

2164 3882 2437 3970 ἐσίγησεν,
2478 3882 2586 3952 οὐδ’
2619 3894 2917 3964 ὑπερεῖδεν,
2953 3891 3064 3944 ἀλλ’
3089 3888 3256 3942 ἐλθων
3285 3882 3434 3970 εἶπεν
3453 3923 3467 3946 ,
3497 3885 3556 3936 οὐ
3597 3883 3738 3970 πρὸς

2165 3966 2420 4048 ἐπίδειξιν
2446 3979 2604 4034 τοῦτο
2637 3977 2826 4040 ποιῶν,
2873 3973 3010 4028 ἀλλά
3041 3973 3210 4038 δεῖξαι
3241 3969 3559 4040 βουλόμενος
3581 4005 3596 4029 ,
3639 3966 3740 4017 καὶ

2161 4068 2249 4120 διὰ
2271 4067 2376 4119 τῶν
2403 4066 2576 4135 ἔργων
2599 4059 2775 4114 αὐτῶν
2799 4058 3024 4120 διδάξαι,
3054 4056 3134 4107 δτι
3155 4053 3262 4106 τῶν
3289 4051 3596 4135 κηδομένων
3615 4048 3740 4101 ἐστὶ

2162 4150 2257 4203 καὶ
2287 4131 2672 4218 προνοούντων,
2723 4142 2784 4193 οὐ
2831 4139 2938 4192 τῶν
2966 4135 3409 4190 ἐπιϐουλευόντων
3439 4131 3534 4184 καὶ
3565 4145 3738 4198 πονη-

2167 4215 2488 4303 ρευομένων.
2517 4227 2592 4280 Τὸ
2612 4225 2719 4296 γὰρ
2745 4222 2844 4285 τὰς
2872 4221 3008 4283 ιδίας
3029 4217 3346 4290 εὐεργεσίας
3367 4215 3734 4303 λέγειν-ἐστιν,

2162 4296 2307 4365 ϐπον
2328 4313 2388 4364 τὸ
2421 4309 2608 4380 κέρδος
2655 4307 2763 4376 ἔχει
2799 4305 3071 4375 μέγιστον.
3113 4303 3278 4354 Ὅταν
3319 4300 3428 4369 γὰρ
3465 4296 3734 4380 μηδεμιᾶς

2163 4394 2468 4456 ὑποθέσεως
2483 4379 2542 4444 οὐ
2549 4407 2648 4462 σης
2669 4387 2952 4459 προσφέρῃ
2969 4401 3050 4446 τις
3067 4384 3236 4446 αὐτὰς
3249 4384 3343 4436 καὶ⁸
3357 4383 3532 4447 ἀνακη
3541 4379 3734 4462 ρύττῃν,

2161 4477 2268 4530 τῶν
2297 4460 2658 4538 ὀνειδιζόντων
2687 4471 2838 4524 οὐδὲν
2859 4469 3080 4539 ἄμεινον
3115 4465 3442 4520 διακείσεται
3462 4477 3476 4491 ·
3514 4463 3644 4515 ὅταν
3673 4460 3736 4513 δὲ

2165 4559 2484 4630 βουλόμενος
2535 4558 2716 4608 πεῖσαι
2770 4553 2860 4606 τὸν
2907 4549 3318 4620 διεφθαρμένον,
3352 4547 3448 4600 καὶ
3485 4544 3736 4630 πονηράν

2163 4627 2291 4712 περὶ
2337 4639 2499 4694 αὐτοῦ
2553 4635 2823 4708 πρόληψιν
2855 4635 3045 4704 ἔχοντα
3075 4630 3232 4684 τοῦτο
3277 4632 3428 4712 ποιῇ,
3479 4627 3736 4696 κηδεμών

2163 4711 2278 4778 ἐστι
2309 4726 2402 4778 καὶ
2425 4721 2744 4792 εὐεργέτης·
2777 4721 2914 4789 ὅπερ
2943 4713 3036 4770 οῦν
3073 4716 3168 4768 καὶ
3195 4717 3224 4768 ὁ
3249 4711 3409 4765 Δαυῒδ
3455 4712 3732 4779 ἐποίησεν,

2161 4808 2221 4861 οὐ
2247 4809 2346 4876 τῆς
2377 4806 2506 4874 παρ’
2539 4801 2704 4854 αὐτοῦ
2729 4801 2884 4870 δόξης
2907 4799 3066 4870 ἐρῶν,
3089 4795 3224 4849 ἀλλά
3245 4796 3338 4848 τὸν
3363 4793 3736 4876 ἐρριζωμένον

2165 4891 2221 4942 ἐν
2252 4875 2402 4958 αὐτῷ
2430 4886 2597 4957 θυμὸν
2620 4883 2929 4937 ἀνασπάσαι
2955 4879 3294 4950 βουλόμενος.
3327 4878 3438 4929 Καὶ
3461 4875 3550 4928 διὰ
3575 4875 3736 4927 τοῦτο

2165 4975 2295 5044 γοῦν
2329 4974 2490 5028 αὐτὸν
2521 4971 2800 5040 ἐπῄνεσεν,
2852 4969 2932 5020 ὅτι
2979 4967 3072 5019 καὶ
3099 4963 3447 5035 εὐεργέτησε,
3493 4963 3588 5014 καὶ
3631 4962 3733 5031 τὴν

2164 5057 2477 5128 εὐεργεσίαν
2509 5051 2679 5107 εἶπεν.

2233 5160 2365 5218 Εἶτα
2389 5160 2568 5232 ζητῶν
2589 5156 2841 5227 ἀμοιϐὴν,
2875 5155 2967 5207 καὶ
2991 5152 3246 5224 οὐδεμίαν
3271 5151 3408 5221 ἔχων
3434 5149 3544 5203 τῶν
3579 5165 3736 5218 γεγε-

2162 5249 2408 5317 νημένων
2443 5244 2562 5312 ἴσην
2601 5243 2798 5310 εὐρεῖν,
2829 5238 2918 5290 τὸν
2947 5235 3078 5288 Θεὸν
3117 5235 3278 5290 αὐτὸν
3325 5233 3473 5304 αὐτῷ
3513 5233 3734 5317 δίδωσιν

2161 5315 2478 5398 όιρειλέτην,
2531 5323 2729 5377 οὑτωσὶ
2773 5321 2974 5387 λέγων·
3031 5318 3162 5370 Ὅτι
3193 5321 3244 5370 εί
3276 5317 3435 5386 εὕροι
3483 5332 3574 5382 τις
3623 5315 3734 5368 τόν·

2159 5411 2374 5480 ἐχθρὸν
2402 5407 2586 5461 αὑτοῦ
2614 5405 2680 5458 ἑν
2708 5405 2927 5470 θλίψει,
2960 5403 3058 5454 καί
3087 5399 3378 5468 ἐκπέμψει
3421 5399 3610 5480 αὑτὸν
3661 5399 3736 5450 ἐν·
3809 5405 3812 5409 ’

2161 5479 2279 5558 ὀδῷ
2330 5489 2542 5556 ἀγαθῇ,
2579 5488 2676 5540 καί
2706 5487 2922 5552 Κύριος
2957 5481 3272 5545 ἀνταποδῷ
3315 5479 3477 5546 αὑτῷ
3515 5481 3734 5549 ἀγαθὰ.

2159 5575 2356 5640 καθὼς
2381 5573 2709 5636 πεποίηκας
2737 5573 2817 5622 σὺ
2855 5569 3140 5637 σήμερον.
3191 5569 3256 5620 Τί
3297 5567 3406 5637 γὰρ
3445 5566 3538 5617 καὶ
3585 5561 3734 5632 εἶχεν

2159 5661 2308 5724 ἄξιον
2350 5654 2636 5711 ἀποδοῦναι
2694 5655 2803 5708 τῶν
2853 5653 3196 5726 εὐεργεσιῶν,
3242 5653 3416 5707 εἶκαὶ
3457 5651 3734 5721 βασιλείαν
