4094 6256
342 373 443 428 705

341 488 535 553 ficere,
567 494 624 539 ut
668 498 880 541 omnem
926 482 1069 536 illam
1121 480 1531 535 amaritudinem
1576 480 1916 550 exstinguat,

345 593 496 647 quem
528 591 635 629 non
660 575 909 629 obscuret
935 572 1196 637 omnium,
1228 572 1316 640 qui
1344 586 1596 639 umquam
1622 586 1782 640 super
1811 571 1928 640 phi-

340 665 595 734 losophice
619 663 858 719 doctrina
884 663 1085 716 clarum
1116 675 1461 730 promeruere
1483 660 1723 714 nomen?

414 754 564 807 Nihil
608 751 916 806 humanitate
956 752 1223 819 potentius.
1276 748 1419 802 Iram
1462 750 1637 803 sedare
1673 751 1726 803 in
1756 759 1928 803 nostra

342 855 414 899 es:
442 854 703 915 potestate.
731 872 802 882 —-—
824 844 886 896 Et
916 852 971 896 ιιι
1000 842 1178 911 igitur,
1206 842 1249 894 si
1280 841 1493 911 quando
1525 841 1693 895 hostis
1721 841 1924 896 incide-

343 938 410 989 rit
456 936 506 988 in
539 948 726 987 manus
764 942 915 995 tuas,
957 947 1023 985 ne
1063 930 1190 985 illud
1240 940 1416 1000 specta
1444 972 1458 995 ,
1485 930 1752 1000 quomodo
1781 930 1926 985 illum

341 1023 615 1078 ulciscaris
640 1065 654 1089 ,
686 1022 1081 1091 innumerisque
1117 1018 1367 1075 conviciis
1394 1035 1737 1090 conspersum
1764 1021 1925 1075 emit-

343 1127 424 1170 tas
453 1158 465 1179 ,
492 1115 584 1170 sed
622 1114 891 1184 quomodo
931 1127 1113 1177 sanes,
1167 1110 1437 1182 quomodo
1482 1112 1548 1165 ad
1588 1112 1929 1167 sobrietatem

338 1208 563 1263 reducas
600 1222 614 1259 :
661 1220 830 1276 neque
877 1206 1023 1275 prius
1072 1204 1300 1259 desistas
1343 1204 1520 1258 omnia
1564 1210 1676 1258 tum
1719 1203 1926 1267 facere,

342 1308 452 1353 tum
495 1299 671 1354 dicere
698 1340 711 1364 ,
757 1298 927 1352 donec
973 1307 1059 1351 tua
1108 1296 1509 1351 mansuetudine
1550 1297 1819 1368 superaris
1863 1297 1928 1351 il-

341 1390 444 1444 lius
492 1390 879 1444 truculentiam.
906 1387 1045 1442 Nihil
1084 1389 1225 1442 enim
1270 1374 1594 1443 humanitate
1638 1388 1925 1457 potentius.

341 1481 495 1549 Quod
561 1482 730 1550 ipsum
797 1479 1012 1549 quidam
1070 1479 1391 1544 declaravit,
1451 1478 1636 1534 dicens
1687 1495 1701 1532 :
1748 1477 1930 1535 Sermo

343 1572 510 1624 mollis
552 1571 835 1640 confringet
878 1585 991 1623 ossa
1033 1567 1232 1638 (Prov.
1274 1568 1363 1622 25.
1408 1568 1473 1624 15
1498 1568 1541 1637 ).
1592 1568 1753 1639 Atqui
1803 1568 1929 1638 quid

342 1679 465 1717 osse
490 1663 711 1717 durius?
738 1662 804 1716 Et
846 1671 1019 1715 tamen
1051 1661 1095 1713 si
1139 1660 1257 1729 quis
1294 1675 1444 1729 aeque
1472 1659 1636 1714 durus
1664 1661 1735 1714 sit
1771 1667 1825 1713 et
1856 1659 1932 1713 ri-

342 1754 495 1823 gidus
523 1768 585 1806 ac
613 1752 952 1821 praefractus,
983 1760 1157 1803 tamen
1204 1750 1347 1803 illum
1394 1749 1546 1803 facile
1589 1749 1809 1817 vicerit,
1840 1750 1929 1819 qui

344 1853 620 1898 mansuete
646 1851 852 1896 tractet.
881 1843 957 1895 Ac
982 1855 1186 1905 rursus,
1210 1840 1484 1909 Responsio
1512 1842 1758 1895 submissa
1787 1856 1928 1894 aver-

344 1945 400 1987 ιιι
428 1935 529 1987 iras
572 1932 753 2001 (Prov.
785 1932 871 1986 15.
898 1930 976 2001 1).
1009 1930 1158 1985 Unde
1183 1930 1347 1999 liquet
1368 1940 1425 1983 ut
1452 1930 1622 1984 hostis
1646 1930 1881 1985 irritetur
1909 1973 1924 1997 ,

345 2035 435 2077 aut
462 2023 831 2078 reconcilietur
856 2064 870 2087 ,
903 2021 1070 2090 magis
1100 2022 1151 2073 in
1176 2030 1261 2074 tua
1294 2026 1551 2088 potestate
1579 2034 1698 2075 esse
1722 2060 1738 2087 ,
1770 2035 1927 2089 quam

345 2116 503 2169 illius.
524 2114 636 2168 Non
663 2113 807 2169 enim
830 2113 881 2166 in
910 2114 973 2165 iis
992 2112 1079 2181 qui
1108 2111 1184 2164 ira
1208 2111 1461 2165 commoti
1481 2120 1624 2177 sunt,
1643 2110 1735 2165 sed
1758 2110 1809 2164 in
1828 2125 1926 2165 no-

346 2206 427 2259 bis
456 2205 614 2258 situm
642 2213 743 2269 est,
782 2213 838 2257 ut
868 2203 951 2257 vel
978 2202 1341 2271 exstinguatur
1366 2201 1579 2255 illorum
1607 2203 1707 2267 ira,
1735 2202 1818 2255 vel
1861 2201 1927 2257 ad

343 2296 517 2364 majus
556 2296 788 2349 irritetur
825 2293 1148 2347 incendium.
1181 2293 1247 2345 Et
1294 2291 1395 2345 hoc
1444 2293 1570 2347 item
1618 2293 1707 2361 qui
1750 2292 1927 2361 priora

344 2386 495 2451 dixit,
521 2386 744 2454 simplici
775 2384 1059 2439 declaravit
1086 2384 1349 2452 exemplo.
1374 2382 1519 2437 Sicut
1540 2384 1706 2451 enim,
1731 2384 1922 2453 inquit,

343 2478 387 2531 si
434 2476 673 2531 insuffles
701 2476 753 2530 in
804 2475 1084 2529 scintillam
1131 2474 1305 2543 ignis,
1337 2475 1536 2529 excitas
1580 2474 1923 2529 incendium:

342 2578 527 2622 Contra
551 2608 566 2632 ,
600 2566 644 2620 si
686 2566 901 2635 inspuas
925 2606 938 2628 ,
968 2565 1260 2633 exstingnis
1284 2606 1299 2630 ,
1332 2574 1384 2619 et
1414 2570 1696 2633 utrumque
1734 2565 1825 2618 tibi
1872 2564 1925 2619 in

344 2672 503 2709 manu
532 2664 613 2710 est
640 2655 910 2727 (quoniam
946 2652 1238 2723 Utrumque,
1273 2653 1464 2723 inquit,
1494 2669 1555 2706 ea;
1582 2670 1668 2706 ore
1697 2663 1781 2706 tuo
1801 2669 1927 2723 pro-

343 2749 582 2817 ficiscitur
609 2747 792 2820 [Eccli.
815 2746 905 2802 28.
938 2744 1062 2818 14])
1085 2746 1192 2800 :sic
1213 2754 1268 2799 et
1297 2746 1349 2798 in
1377 2745 1650 2799 inimicitia
1680 2746 1731 2800 in
1754 2744 1927 2815 proxi-

343 2857 485 2894 mum
508 2880 521 2904 ,
540 2840 583 2893 si
604 2838 809 2892 inﬂatos
832 2853 894 2891 ac
911 2837 1164 2891 vecordes
1182 2837 1705 2905 ingeras_sermones,
1724 2837 1925 2891 excitas

342 2933 518 3001 ignem
548 2931 689 2982 illius
710 2968 724 2993 ,
756 2926 1001 2982 accendis
1026 2927 1286 2980 carbones
1313 2943 1324 2977 :
1350 2926 1433 2978 sin
1465 2927 1620 2980 mites
1649 2940 1711 2979 ac
1736 2926 1924 2979 mode-

342 3030 488 3074 ratus
536 3019 821 3073 admoveas
864 3031 1138 3071 sermones
1166 3057 1182 3081 ,
1222 3016 1526 3085 priusquam
1574 3015 1921 3083 exardescat,

342 3111 476 3165 iram
502 3124 712 3164 omnem
740 3107 1076 3162 exstinxeris.
1099 3105 1175 3160 Ne
1202 3106 1403 3160 dixeris
1433 3106 1591 3176 igitur
1616 3123 1628 3160 :
1653 3106 1778 3161 Haec
1805 3121 1925 3176 pas-

342 3218 433 3257 sus
460 3217 599 3267 sum,
629 3208 719 3253 aut
742 3202 854 3254 haec
882 3199 1090 3263 audivi,
1116 3212 1233 3252 cum
1262 3197 1376 3251 haec
1398 3198 1576 3251 omnia
1605 3197 1712 3253 sint
1739 3198 1790 3252 in
1837 3206 1924 3251 tua

342 3304 623 3361 potestate.
657 3292 768 3346 Hoc
794 3292 934 3346 enim
964 3299 1121 3359 pacto
1143 3290 1275 3343 iram
1303 3288 1460 3343 veluti
1490 3290 1773 3343 scintillam
1799 3331 1815 3358 ,
1840 3290 1922 3344 vel

341 3384 678 3452 exstinguere
721 3381 805 3435 vel
829 3379 1143 3445 accendere,
1173 3378 1511 3449 furoremque
1536 3380 1620 3434 vel
1652 3380 1884 3435 excitare
1905 3421 1919 3445 ,

340 3477 425 3529 vel
444 3483 626 3528 contra
648 3473 834 3527 sedare
854 3513 867 3537 ,
892 3472 943 3525 in
974 3480 1023 3526 te
1052 3471 1211 3525 situm
1228 3480 1330 3525 est.
1358 3470 1487 3525 Cum
1516 3470 1712 3525 videris
1754 3471 1925 3525 inimi-

340 3578 482 3627 cum,
511 3562 594 3617 vel
624 3562 669 3616 si
699 3563 749 3615 in
782 3572 1012 3616 mentem
1034 3562 1209 3614 veniat
1235 3576 1393 3630 quam
1414 3560 1577 3614 multa
1605 3568 1715 3615 tum
1745 3561 1927 3615 audie-

340 3670 413 3709 ns
433 3695 449 3721 ,
478 3664 584 3708 tum
631 3669 909 3724 perpessus
948 3653 1021 3707 sis
1062 3654 1284 3706 molesta
1314 3693 1328 3717 ,
1362 3652 1442 3707 fac
1467 3653 1705 3707 omnium
1731 3652 1922 3707 horum

339 3746 699 3812 obliviscaris;
724 3746 927 3799 etiamsi
959 3743 1274 3805 recorderis,
1304 3752 1477 3796 tamen
1501 3742 1585 3796 fac
1623 3758 1683 3796 ea
1711 3744 1925 3796 diabolo

339 3836 591 3905 imputes.
614 3834 817 3903 Collige
846 3849 973 3886 vero
1008 3833 1049 3886 si
1080 3831 1206 3901 quid
1234 3846 1482 3899 umquam
1512 3831 1814 3884 humaniter
1839 3832 1923 3885 vel

338 3927 474 3982 dixit
500 3926 583 3981 vel
609 3926 749 3981 fecit.
779 3926 833 3980 Si
872 3928 922 3978 in
948 3923 1139 3979 borum
1166 3922 1534 3977 recordatione
1561 3932 1919 3978 commoratus

337 4018 537 4084 fueris,
561 4018 709 4073 ocius
737 4016 1003 4072 dissolves
1038 4013 1390 4067 inimicitiam.
1423 4012 1576 4078 Quod
1604 4013 1647 4067 si
1678 4022 1761 4067 est
1802 4014 1920 4067 ani-

341 4124 461 4163 mus
501 4110 647 4163 illum
687 4109 930 4164 incusare
959 4147 975 4172 ,
1022 4119 1250 4175 cumque
1293 4104 1383 4157 illo
1426 4103 1807 4174 expostulare:
1841 4104 1922 4159 fac

338 4198 485 4266 prius
511 4197 726 4268 abjicias
751 4196 911 4251 animi
947 4204 1146 4250 motum
1169 4236 1182 4261 ,
1207 4195 1447 4264 iramque
1489 4196 1794 4265 exstinguas
1816 4237 1830 4261 ,
1858 4212 1921 4251 ac

340 4299 452 4343 tum
482 4303 600 4343 cum
632 4290 721 4344 illo
744 4289 1020 4358 expostula
1045 4328 1060 4354 ,
1090 4295 1201 4342 tum
1226 4302 1387 4356 argue
1406 4328 1422 4353 ,
1449 4296 1502 4341 et
1541 4288 1695 4343 facile
1724 4290 1920 4358 poteris

341 4382 575 4436 vincere.
622 4380 895 4449 Siquidem
924 4380 1001 4433 ira
1026 4379 1284 4433 commoti
1314 4378 1444 4432 nihil
1482 4380 1596 4433 sani
1629 4381 1921 4448 poterimus

339 4488 590 4538 umquam
616 4472 699 4525 vel
726 4472 903 4526 dicere
922 4510 937 4535 ,
962 4470 1051 4523 vel
1081 4469 1268 4524 audire
1297 4487 1309 4521 :
1344 4469 1437 4523 sed
1464 4485 1493 4523 a
1524 4472 1920 4538 perturbatione

338 4562 513 4625 liberi,
545 4575 644 4615 nec
674 4561 773 4629 ipsi
799 4560 1020 4615 verbum
1046 4560 1288 4627 asperius
1314 4574 1566 4629 umquam
1592 4561 1915 4628 omittemus,

334 4667 438 4707 nec
469 4652 584 4705 aliis
611 4651 801 4705 acerbe
830 4649 1195 4720 loquentibus,
1223 4650 1411 4705 eodem
1439 4650 1598 4705 modo
1622 4653 1915 4707 audiemus.

334 4742 522 4811 Neque
541 4740 682 4794 enim
710 4740 821 4808 ipsa
846 4739 1065 4808 perinde
1091 4747 1276 4792 natura
1301 4753 1489 4794 eorum
1509 4754 1627 4809 qua:
1648 4740 1913 4807 dicuntur,

335 4844 496 4903 atque
539 4834 748 4886 animus
776 4830 898 4884 odio
939 4838 1227 4898 occupatus
1273 4843 1370 4884 nos
1410 4844 1729 4899 exasperare
1758 4832 1913 4887 solet.

332 4924 668 4993 Frequenter
692 4922 834 4976 enim
862 4921 939 4986 fit,
968 4929 1026 4974 ut
1049 4934 1168 4974 cum
1194 4921 1380 4975 eadem
1405 4922 1645 4977 convicia
1672 4922 1916 4977 audimus

333 5016 404 5069 ab
426 5012 923 5081 amicisjocantibus
946 5011 1212 5066 facetiisve
1232 5011 1555 5080 ludentibus,
1576 5020 1667 5068 aut
1686 5028 1715 5067 a
1738 5015 1916 5084 pueris

338 5106 594 5174 parvulis,
616 5119 722 5160 non
745 5103 917 5158 solum
937 5102 1134 5166 nullam
1164 5102 1456 5159 sentiamus
1476 5102 1796 5168 molestiam,
1822 5120 1915 5160 ne-

333 5212 440 5266 que
463 5210 859 5265 exasperemur,
886 5194 981 5249 sed
1007 5194 1274 5249 rideamus
1300 5194 1459 5249 etiam
1479 5233 1496 5260 ,
1527 5202 1687 5264 atque
1710 5194 1913 5250 exhila-

331 5301 641 5352 rcmur,co
691 5285 829 5355 quod
875 5284 962 5338 illa
1023 5298 1128 5338 non
1177 5284 1453 5338 audiamus
1500 5284 1662 5339 animi
1719 5284 1911 5339 affectu

332 5386 822 5447 corrupto,neque
864 5383 1040 5429 mente
1087 5374 1163 5427 ira
1212 5384 1599 5444 prteoccupata.
1630 5375 1816 5430 itidem
1858 5375 1909 5429 in

333 5470 586 5535 inimicis,
610 5470 654 5523 si
683 5467 1005 5524 exstinxeris
1036 5467 1187 5532 iram,
1214 5468 1260 5521 si
1290 5468 1469 5522 odium
1501 5468 1745 5537 ejeceris,
1775 5468 1909 5522 nihil

332 5561 619 5614 verborum
646 5574 765 5628 qua:
788 5559 1032 5613 dicuntur
1059 5567 1110 5614 te
1139 5559 1329 5627 poterit
1358 5557 1649 5614 offendere.

409 5650 460 5703 8.
495 5648 711 5721 Dignior
734 5651 968 5721 lacrymis
988 5650 1073 5719 qui
1089 5650 1210 5719 facit
1232 5649 1707 5718 injuriam.—Quid
1727 5658 1906 5705 autem

336 5741 527 5812 loquor
574 5744 641 5799 de
693 5743 916 5798 verbis?
954 5743 1031 5799 Ne
1081 5742 1217 5799 facta
1269 5741 1483 5812 quidem
1543 5743 1899 5813 olTendcrint,

1334 366 1420 420 DE
1465 360 1719 421 DAVIDE
1760 365 1847 420 ET
1887 356 2109 422 SAULE
2150 359 2433 419 HOMILIA
2476 360 2561 417 111.

3500 364 3612 420 706

2036 477 2487 547 quemadmodum
2528 491 2627 532 nec
2664 476 2876 533 beatum
2916 476 3056 533 hunc
3096 478 3384 549 quidquam
3428 480 3620 537 horum

2036 568 2258 624 offendit
2286 584 2302 629 ;
2331 567 2426 623 sed
2465 582 2590 623 cum
2616 568 2825 623 videret
2861 568 3133 623 inimicum
3158 568 3413 624 adversus
3453 571 3621 639 ipsius

2036 660 2454 714 incolumitatem
2487 667 2772 725 armatum,
2799 657 3063 729 huiusque
3090 660 3258 729 gratia
3283 659 3413 714 nihil
3442 661 3619 715 inten-

2038 762 2201 807 talum
2230 752 2641 822 relinquentem,
2670 766 2774 806 non
2801 752 2975 806 solum
2998 765 3102 817 non
3134 761 3216 807 est
3236 762 3581 821 exasperatus
3601 794 3619 818 ,

2034 858 2222 897 verum
2249 844 2417 919 magis
2461 844 2599 897 illius
2636 842 2864 897 indoluit
2889 843 3045 898 malis
3074 858 3089 897 :
3117 858 3224 912 quo
3249 843 3621 898 vehementius

2035 932 2382 987 insidiabatur
2407 932 2516 1000 ille,
2538 933 2641 988 hoc
2668 933 2957 1003 impensius
2977 948 3100 989 eum
3121 933 3354 989 deﬂevit.
3390 934 3623 990 Noverat

2034 1021 2174 1076 enim
2192 1060 2209 1087 ,
2241 1030 2500 1089 noverat,
2530 1023 2749 1092 inquam
2769 1065 2784 1090 ,
2806 1033 2955 1078 certo
2983 1065 2999 1090 ,
3030 1039 3137 1079 non
3159 1040 3280 1080 eum
3307 1025 3397 1095 qui
3422 1026 3619 1094 patitur

2036 1112 2306 1183 injuriam,
2332 1114 2427 1169 sed
2450 1114 2540 1185 qui
2570 1114 2714 1183 facit,
2747 1116 2996 1187 lacrymis
3017 1131 3079 1172 ac
3106 1118 3354 1174 lamentis
3379 1134 3501 1175 esse
3520 1120 3609 1174 di-

2034 1217 2198 1273 gnum
2229 1243 2245 1271 ,
2277 1213 2338 1259 ut
2369 1205 2459 1274 qui
2494 1204 2650 1260 laedat
2674 1206 2930 1275 seipsum.
2963 1207 3087 1262 ideo
3116 1208 3273 1278 longa
3307 1210 3446 1279 apud
3471 1211 3623 1264 illum

2035 1296 2377 1351 excusatione
2405 1304 2488 1351 est
2513 1312 2639 1351 usus
2658 1338 2674 1363 ,
2702 1313 2802 1352 nec
2823 1299 2970 1366 prius
2995 1297 3229 1367 destitit,
3257 1316 3417 1370 quam
3435 1311 3489 1356 et
3519 1301 3620 1357 ho-

2036 1396 2172 1442 stem
2207 1397 2567 1444 commoveret
2595 1389 2662 1444 ad
2701 1390 3095 1445 excusationem
3124 1405 3246 1446 cum
3285 1392 3534 1463 lacrymis
3559 1409 3624 1449 ac

2038 1482 2305 1537 lamentis.
2350 1482 2701 1551 Posteaquam
2726 1482 2869 1537 enim
2896 1482 3126 1551 ploravit
3153 1498 3447 1553 vocemque
3472 1501 3626 1540 ama-

2035 1585 2149 1624 ram
2191 1571 2367 1627 emisit
2399 1612 2415 1637 ,
2460 1581 2807 1641 posteaquam
2847 1571 2992 1628 clare
3025 1572 3241 1642 ejulavit
3272 1615 3288 1640 ,
3326 1573 3455 1643 quid
3485 1575 3629 1630 dicat

2034 1660 2178 1713 audi.
2199 1659 2396 1714 Justior
2422 1668 2476 1713 tu
2496 1677 2577 1713 me
2596 1677 2647 1714 es
2668 1702 2682 1727 ,
2701 1661 2940 1730 quoniam
2954 1672 3008 1715 tu
3025 1663 3149 1716 mihi
3171 1664 3446 1718 retribuisti
3467 1664 3625 1731 bona,

2033 1766 2124 1820 ego
2152 1766 2268 1804 vero
2313 1750 2521 1805 retribui
2568 1750 2656 1805 tibi
2686 1752 2820 1805 mala
2848 1752 2923 1823 (1.
2952 1752 3081 1823 Reg.
3107 1753 3197 1808 24.
3224 1753 3336 1825 18).
3380 1753 3543 1811 Vides
3571 1764 3631 1810 ut

2036 1856 2190 1897 suam
2217 1843 2380 1912 ipsius
2406 1843 2623 1898 damnat
2653 1844 2911 1898 malitiam
2934 1885 2948 1909 ,
2976 1858 3039 1899 ac
3062 1845 3193 1913 justi
3215 1846 3463 1901 virtutem
3486 1863 3624 1917 pra:-

2033 1932 2192 1998 dicat,
2222 1933 2473 2004 nulloque
2493 1942 2716 2002 cogente
2744 1933 2917 2002 ipsum
2945 1934 3169 2004 purgat?
3192 1932 3339 1990 idem
3359 1943 3415 1990 tu
3444 1935 3622 1991 facito.

2032 2023 2162 2078 Cum
2192 2024 2363 2079 hostis
2393 2023 2675 2080 offenderit
2702 2025 2754 2078 in
2797 2039 2987 2079 manus
3016 2034 3130 2080 tuas
3155 2068 3169 2094 ,
3215 2027 3325 2081 noli
3365 2042 3619 2082 accusare

2032 2112 2202 2176 illum,
2235 2113 2330 2167 sed
2369 2114 2541 2183 ipsum
2592 2129 2779 2184 purga,
2825 2123 2884 2168 ut
2912 2114 3060 2169 illum
3111 2117 3374 2186 perpellas
3423 2118 3492 2172 ad
3538 2119 3624 2172 sui

2032 2204 2200 2273 ipsius
2229 2205 2748 2259 condemnationem.
2782 2204 2914 2259 Nam
2952 2205 2997 2260 si
3037 2220 3135 2261 nos
3163 2221 3495 2274 accusemus,
3525 2223 3621 2264 ex-

2037 2304 2351 2365 asperatur:
2378 2295 2459 2349 sin
2499 2308 2597 2349 nos
2623 2295 3075 2361 excusaverimus,
3110 2296 3201 2352 ille
3225 2298 3485 2354 reveritus
3522 2314 3624 2354 no-

2031 2394 2194 2439 stram
2223 2386 2605 2440 humanitatem
2629 2425 2643 2450 ,
2673 2400 2799 2440 mox
2824 2386 3058 2455 seipsum
3078 2386 3474 2444 condemnabit.
3504 2389 3621 2445 Hoc

2030 2483 2186 2544 pacto
2214 2476 2373 2531 simul
2402 2484 2456 2530 ct
2483 2476 2784 2547 redargutio
2814 2476 2871 2530 ﬁt
2890 2492 3081 2533 carens
3106 2480 3428 2549 suspicione,
3455 2491 3509 2537 et
3530 2483 3622 2539 ille

2029 2578 2244 2619 omnem
2270 2566 2415 2619 exuit
2442 2565 2722 2620 malitiam.
2766 2565 2921 2631 Quod
2949 2574 3005 2621 et
3034 2567 3119 2622 hic
3144 2569 3356 2625 evenit:
3383 2586 3506 2626 cum
3538 2581 3620 2626 ta-

2029 2662 2117 2707 cet
2146 2654 2189 2709 is
2216 2654 2303 2724 qui
2332 2654 2552 2709 atfectus
2589 2664 2702 2709 erat
2728 2654 2921 2724 injuria
2944 2696 2960 2720 ,
3004 2655 3050 2711 is
3079 2658 3168 2727 qui
3199 2657 3401 2714 fecerat
3439 2661 3611 2717 multa

2028 2758 2153 2799 cum
2194 2746 2528 2800 vehementia
2558 2746 2791 2814 seipsum
2821 2756 3056 2802 accusat.
3098 2748 3282 2819 Neque
3309 2750 3452 2805 enim
3482 2752 3615 2806 sim-

2028 2836 2237 2904 pliciter
2263 2834 2415 2900 dixit,
2446 2833 2637 2889 Fecisti
2668 2835 2797 2890 mihi
2825 2837 2986 2903 bona,
3014 2838 3130 2903 sed,
3163 2838 3465 2895 Retribuisti
3492 2843 3619 2895 mihi

2032 2926 2198 2979 bona:
2222 2924 2323 2978 hoc
2351 2933 2452 2989 est,
2481 2924 2587 2979 Pro
2614 2926 2839 2991 insidiis,
2862 2941 2959 2996 pro
2989 2927 3163 2991 caede,
3199 2943 3294 2998 pro
3323 2932 3478 2986 malis
3506 2931 3614 2987 illis

2034 3016 2328 3070 innumeris
2351 3030 2539 3086 magna
2566 3017 2696 3070 mihi
2720 3018 3005 3087 rependisti
3030 3019 3307 3075 beneficia.
3330 3022 3399 3077 At
3419 3038 3518 3094 ego
3548 3040 3618 3081 ne

2033 3107 2113 3161 sic
2140 3106 2359 3176 quidem
2388 3106 2559 3162 factus
2602 3120 2721 3161 sum
2764 3109 2955 3164 melior
2982 3150 2996 3173 ,
3025 3109 3120 3164 sed
3146 3119 3267 3179 post
3295 3112 3382 3167 illa
3413 3121 3499 3167 tua
3525 3114 3621 3169 be-

2029 3197 2238 3253 nefacta
2261 3198 2594 3267 perseveravi
2625 3198 2676 3251 in
2704 3198 2903 3252 malitia
2939 3215 2953 3251 ι
2979 3209 3033 3252 ιιι
3054 3213 3181 3255 vero
3208 3216 3277 3256 ne
3301 3202 3379 3256 sic
3402 3202 3619 3273 quidem

2028 3304 2087 3345 es
2113 3290 2437 3356 immutatus,
2462 3289 2556 3343 sed
2578 3298 2886 3344 constanter
2912 3299 3060 3345 tuum
3086 3290 3361 3348 obtinuisti
3384 3309 3611 3362 morem,

2029 3394 2126 3436 nos
2166 3381 2357 3435 iterum
2397 3380 2492 3434 tibi
2523 3380 2837 3435 insidiantes
2875 3380 3147 3436 beneficiis
3176 3397 3523 3453 prosequens.
3550 3385 3610 3440 ln

2029 3469 2178 3526 hisce
2218 3472 2437 3542 singulis
2467 3472 2644 3527 verbis
2668 3512 2682 3535 ,
2723 3480 2853 3541 quot
2898 3474 3111 3527 coronis
3151 3473 3340 3545 dignus
3370 3477 3618 3546 apparuit

2029 3561 2228 3616 David?
2254 3563 2586 3632 Quamquam
2612 3562 2756 3616 enim
2786 3577 2847 3617 os
2882 3562 3057 3618 Sat'tlis
3095 3564 3194 3619 ista
3224 3565 3482 3632 sonabat,
3512 3581 3604 3622 sa-

2029 3650 2223 3719 pientia
2244 3659 2419 3705 tamen
2441 3659 2496 3706 et
2521 3667 2608 3706 ars
2631 3652 2842 3706 Davidis
2868 3668 2928 3706 ea
2955 3654 3007 3706 in
3034 3654 3270 3708 animum
3296 3654 3437 3709 illius
3460 3657 3610 3712 inse-

2028 3748 2198 3793 verat.
2256 3741 2619 3806 Renuntiasti,
2664 3742 2877 3811 inquit,
2918 3742 3042 3795 mihi
3072 3743 3219 3795 hodie
3242 3759 3355 3813 qua:
3378 3746 3505 3797 mihi
3531 3727 3613 3816 re.

2027 3829 2152 3881 ceris
2199 3830 2328 3881 bona
2356 3870 2371 3894 ,
2418 3845 2535 3881 cum
2578 3845 2655 3881 me
2707 3830 2952 3883 Dominus
3001 3831 3150 3884 hodie
3212 3832 3508 3888 concluserit
3554 3835 3611 3889 in

2027 3934 2207 3971 manus
2230 3930 2361 3984 tuas,
2384 3934 2471 3971 nec
2487 3918 2731 3971 occideris
2751 3935 2830 3971 me
2848 3919 2921 3989 (1.
2944 3920 3069 3989 Reg.
3089 3919 3306 3991 24.19).
3326 3921 3406 3975 Εη
3422 3936 3611 3978 rursus

2027 4007 2095 4062 de
2122 4009 2285 4061 altera
2317 4009 2435 4077 ejus
2462 4008 2657 4061 virtute
2697 4008 2967 4076 perhibuit
2992 4010 3351 4065 testimonium
3372 4053 3387 4077 ,
3418 4011 3609 4069 videti-

2028 4108 2136 4162 cet,
2166 4099 2305 4168 quod
2339 4098 2702 4153 benemeritus
2724 4113 2829 4152 non
2864 4099 3123 4164 tacuerit,
3156 4115 3327 4171 neque
3355 4101 3613 4156 dissimu-

2028 4190 2257 4253 laverit,
2305 4189 2398 4243 sed
2454 4189 2716 4243 accedens
2766 4189 3063 4243 narraverit
3091 4205 3106 4247 :
3134 4204 3239 4245 non
3281 4190 3496 4261 quidem
3542 4192 3610 4247 ad

2025 4281 2437 4335 ostentationem
2464 4320 2477 4342 ,
2508 4279 2601 4334 sed
2633 4280 2761 4349 ipsis
2790 4278 2943 4333 factis
2971 4279 3117 4334 illum
3145 4281 3341 4336 docere
3361 4283 3605 4351 cupiens,

2025 4387 2081 4427 se
2103 4372 2169 4427 de
2198 4387 2419 4427 numero
2448 4386 2637 4426 eorum
2664 4385 2784 4426 esse
2811 4411 2825 4435 ,
2870 4370 2960 4440 qui
2990 4371 3101 4442 regi
3140 4371 3278 4427 bene
3305 4383 3558 4441 cuperent
3588 4415 3607 4442 ,

2026 4465 2246 4533 ejusque
2272 4463 2566 4518 commodis
2597 4463 2964 4531 prospicerent
2990 4505 3004 4529 ,
3035 4478 3139 4518 non
3160 4480 3345 4520 eorum
3373 4466 3461 4534 qui
3493 4476 3607 4521 ten-

2023 4555 2211 4609 derent
2240 4553 2478 4607 insidias.
2524 4552 2659 4606 Tum
2705 4554 2851 4606 enim
2896 4551 2974 4605 fas
3018 4562 3101 4607 est
3130 4557 3343 4623 propria
3372 4571 3609 4611 comme-

2024 4663 2233 4702 morare
2258 4646 2536 4710 beneiicia,
2567 4659 2687 4699 cum
2713 4644 2933 4714 insignis
2953 4643 3079 4700 hinc
3099 4654 3344 4714 speratur
3370 4647 3599 4703 utilitas.

2021 4739 2153 4794 Nam
2207 4739 2416 4808 quoties
2462 4737 2603 4791 nulla
2653 4736 2773 4789 data
2826 4736 3109 4791 occasione
3161 4736 3328 4806 jactat
3369 4738 3487 4807 quis
3543 4753 3607 4793 ac

2022 4830 2278 4902 praedicat
2322 4843 2416 4883 sua
2463 4828 2514 4881 in
2553 4827 2717 4881 alium
2752 4826 3010 4882 beneficia
3034 4867 3049 4891 ,
3100 4827 3267 4882 nihilo
3300 4829 3492 4883 melior
3521 4838 3607 4885 est

2021 4922 2373 4991 exprobrante
2406 4937 2421 4983 ;
2469 4927 2721 4974 caeterum
2750 4917 2963 4989 quoties
2994 4916 3050 4972 id
3082 4915 3245 4984 facit,
3274 4927 3333 4973 ut
3361 4918 3498 4974 male
3527 4921 3605 4972 af-

2019 5012 2211 5067 fectum
2242 5021 2296 5067 et
2339 5024 2557 5080 pravam
2590 5008 2656 5063 de
2684 5007 2800 5077 ipso
2843 5007 3147 5076 Opinionem
3178 5006 3463 5064 habentem
3508 5009 3603 5063 ile-

2019 5114 2128 5160 ctat
2156 5105 2207 5157 in
2234 5103 2525 5165 diversum,
2558 5102 2602 5156 is
2625 5110 2678 5155 et
2708 5110 2923 5155 curator
2948 5110 3027 5155 est
3051 5109 3106 5155 ct
3125 5099 3427 5155 beneﬁcus:
3458 5099 3601 5169 quod

2018 5209 2147 5250 sane
2187 5194 2313 5249 fecit
2342 5192 2502 5247 David
2526 5234 2540 5258 ,
2573 5206 2679 5246 non
2707 5206 2735 5245 a
2767 5190 2930 5246 Saﬁle
2954 5190 3181 5261 gloriam
3209 5198 3431 5259 captans
3459 5231 3473 5253 ,
3506 5190 3601 5244 sed

2018 5287 2152 5339 iram
2195 5285 2247 5339 in
2292 5283 2382 5337 illo
2425 5282 2713 5338 radicatam
2750 5281 2980 5338 evellere
3010 5280 3251 5335 studens.
3282 5281 3456 5349 Atque
3482 5278 3601 5334 ideo

2018 5378 2145 5433 Sani
2184 5374 2503 5432 collaudavit
2527 5390 2649 5430 eum
2677 5415 2693 5441 ,
2716 5372 2857 5444 quod
2888 5382 2940 5427 et
2959 5372 3319 5428 benemeritus
3345 5380 3524 5434 esset,
3547 5381 3601 5427 et

2016 5470 2202 5525 merita
2238 5474 2728 5523 commemorasset.

2084 5560 2215 5616 Tum
2247 5561 2462 5614 maxime
2502 5571 2637 5615 certa
2659 5576 2751 5615 nos
2778 5566 2980 5613 manent
3010 5557 3149 5627 apud
3171 5555 3337 5610 Deum
3366 5558 3594 5623 prtrmia,

2014 5670 2128 5707 cum
2153 5652 2213 5706 ab
2241 5651 2526 5706 hominibus
2551 5661 2819 5722 negantur.
2840 5678 2909 5688 —
2936 5648 3066 5703 Dein
3096 5662 3219 5703 cum
3238 5647 3364 5702 Sat'tl
3391 5647 3595 5702 referre

2016 5750 2239 5819 gratiam
2261 5745 2481 5817 cupiens
2504 5784 2519 5812 ,
2547 5758 2655 5801 non
2683 5742 2951 5800 inveniret
2979 5739 3143 5796 ullam
3165 5753 3391 5811 parem,
3421 5740 3594 5810 ipsum
