4094 6256
553 308 665 362 ἾΟἹ

558 422 724 474 Deum
753 420 825 475 illi
855 434 953 491 pro
981 433 1038 473 se
1076 417 1348 472 constituit
1381 417 1675 474 debitorem
1711 458 1729 484 ,
1768 418 1839 470 ita
1865 417 2118 486 loquens:

557 511 621 563 Si
648 513 859 563 inveniet
897 509 1077 574 aliquis
1114 508 1372 561 inimicum
1397 524 1541 561 suum
1573 509 1626 560 in
1650 508 1881 576 angustia
1912 550 1929 573 ,
1959 517 2007 562 et
2036 507 2118 560 di-

555 605 709 653 mittet
742 600 885 653 illum
910 600 963 652 in
994 600 1073 653 via
1099 599 1230 652 bona
1258 638 1273 663 ,
1302 607 1349 651 et
1378 597 1624 651 Dominus
1651 597 1821 651 reddet
1849 597 1929 650 illi
1955 597 2110 664 bona,

550 688 965 758 quemadmodum
996 689 1155 759 fecisti
1182 698 1237 740 tu
1259 688 1382 740 milii
1409 687 1556 741 hodie
1585 688 1673 758 (l.
1699 686 1825 757 Reg.
1852 686 1941 742 24.
1972 686 2044 743 20
2068 687 2110 758 ).

546 777 681 843 Quid
731 778 872 831 enim
913 787 1121 847 poterat
1176 776 1302 833 Sainl
1366 791 1627 846 reponere
1688 777 1903 845 dignum
1952 776 2112 831 meri-

1286 304 1342 359 S.
1380 303 1653 361 JOANNIS
1689 299 2159 359 CHRYSUSTOM!
2198 304 2511 364 ARCHIEP.
2551 311 3071 373 CONSTANTINOP.

3682 327 3771 383 708

2225 426 2354 484 quot
2376 420 2517 475 enim
2544 436 2664 478 cum
2690 425 2777 479 illo
2812 427 3231 495 discumbebant,
3283 433 3499 489 abibant
3544 453 3768 505 magnam

2222 506 2568 578 philosophia:
2593 514 2886 570 doctrinam
2919 521 3250 588 consequuti.
3279 522 3413 577 Cum
3431 526 3577 579 enim
3630 529 3765 582 vide-

2218 606 2337 651 rent
2364 598 2535 655 Saulis
2558 602 2743 669 lilium,
2777 605 2917 659 Illius
2938 608 3026 676 qui
3054 618 3196 662 tanta
3248 611 3384 664 mala
3413 622 3642 679 patmrat
3677 618 3765 669 ad-

2215 699 2398 739 versus
2427 688 2698 756 Davidem,
2726 702 2870 747 tanto
2892 695 2941 747 in
2960 695 3161 751 honore
3183 696 3362 752 haberi
3391 701 3532 768 apud
3574 702 3755 771 ipsum,

2213 775 2417 830 etiamsi
2446 778 2571 833 feris
2595 781 2839 836 omnibus
2865 782 3084 839 fuissent
3105 786 3436 856 immitiores,
3470 791 3665 858 pudore
3691 802 3735 845 ta

533 869 611 923 tis
639 909 655 934 ,
699 868 904 922 etiamsi
959 882 1177 937 regnum
1220 866 1453 921 dedisset
1501 883 1622 922 cum
1677 866 1921 921 omnibus
1959 868 2111 937 Oppi-
2209 879 2330 918 men
2357 881 2419 920 ac
2468 867 2661 923 rubore
2696 885 2818 924 cum
2864 873 3107 927 omnibus
3154 874 3381 930 inimicis
3420 878 3660 933 redibant
3708 881 3756 936 in

532 958 668 1012 dis?
709 958 889 1026 Neque
934 959 1077 1012 enim
1118 944 1308 1026 oppida
1351 957 1507 1012 modo
1553 968 1606 1011 et
1645 971 1895 1026 regnum,
1924 972 2106 1011 verum

534 1057 593 1100 et
643 1047 806 1100 vitam
851 1048 1017 1114 ipsam
1072 1047 1295 1101 donarat
1338 1046 1414 1101 illi
1465 1046 1672 1100 David:
1703 1046 1790 1101 hic
1825 1060 1954 1102 vero
1996 1060 2104 1102 non

538 1136 764 1191 habebat
822 1136 1043 1189 alteram
1107 1136 1267 1189 vitam
1295 1174 1314 1199 ,
1366 1150 1525 1205 quam
1576 1135 1943 1204 rependerct:
1993 1151 2102 1190 eo-

534 1242 636 1296 que
660 1228 806 1282 illum
832 1227 1030 1296 relegat
1058 1225 1124 1280 ad
1149 1226 1341 1291 Deum,
1368 1234 1423 1280 et
1449 1226 1515 1279 ab
1540 1226 1632 1280 illo
1656 1225 1844 1281 dandis
1869 1227 2100 1296 praemiis

532 1317 759 1372 honorat
788 1332 805 1372 :
855 1325 909 1371 et
937 1316 1078 1370 hunc
1106 1315 1324 1370 laudans
1348 1356 1364 1383 ,
1412 1325 1467 1372 et
1495 1317 1770 1372 universos
1797 1319 2046 1374 erudiens
2074 1360 2091 1388 ,

532 1416 639 1460 tum
667 1407 866 1476 majora
892 1406 1044 1460 nobis
1072 1405 1212 1474 apud
1241 1405 1405 1460 Deum
1427 1408 1642 1474 praemia
1671 1410 1901 1479 reposita
1929 1424 2047 1465 esse
2075 1452 2091 1476 ,

526 1511 650 1550 cum
681 1510 777 1565 pro
821 1496 1110 1550 innumeris
1153 1494 1425 1550 beneﬁciis
1452 1496 1507 1550 in
1537 1496 1744 1553 hostem
1784 1501 1990 1555 collatis
2014 1501 2096 1555 di-

529 1600 681 1644 versa
724 1586 1024 1653 recipimus.
1062 1584 1188 1639 Post
1230 1585 1345 1639 ba>c
1372 1586 1482 1640 ait:
1521 1585 1650 1641 Ecce
1676 1604 1890 1659 agnosco
1913 1631 1929 1656 ,
1959 1592 2095 1659 quod

521 1692 741 1745 regnans
777 1676 1037 1745 regnabis,
1067 1674 1295 1743 quodque
1321 1691 1528 1744 regnum
1566 1676 1729 1731 Israel
1767 1682 2093 1735 constituetur

525 1765 577 1816 in
606 1779 757 1816 manu
788 1773 891 1828 tua,
920 1773 965 1817 et
986 1780 1117 1817 nunc
1130 1765 1253 1832 jura
1276 1765 1398 1817 mihi
1421 1781 1508 1833 per
1535 1764 1822 1833 Dominum,
1842 1770 1976 1838 quod
1992 1787 2089 1823 non

522 1854 794 1908 aboliturus
808 1856 875 1908 sis
893 1871 1055 1909 semen
1075 1870 1237 1907 meum
1257 1865 1366 1925 post
1389 1872 1486 1920 me,
1509 1872 1597 1910 nec
1614 1860 1892 1927 exstingues
1911 1876 2089 1914 nomen

521 1962 685 1999 meum
708 1947 769 1999 de
792 1946 938 1999 domo
964 1946 1118 2014 patris
1147 1947 1280 2015 mei(
1310 1946 1446 2000 Ibid.
1478 1964 1525 2000 v.
1553 1947 1640 2001 21.
1659 1949 1728 2002 22
1756 1947 1798 2018 ).
1823 1949 1927 2004 Sed
1956 1950 2041 2005 dic
2068 1992 2083 2015 ,

519 2038 742 2090 obsecro
764 2078 780 2099 ,
829 2037 966 2090 unde
995 2036 1134 2091 istud
1160 2038 1263 2091 scis
1289 2038 1312 2091 ἲ
1339 2038 1507 2093 Penes
1535 2049 1589 2092 te
1615 2049 1739 2093 sunt
1766 2042 2029 2096 exercitus
2066 2083 2081 2109 ,

519 2141 680 2193 penes
712 2135 763 2180 te
779 2134 902 2179 sunt
926 2127 1183 2195 pecunias,
1212 2142 1380 2195 arma,
1408 2129 1671 2195 civitates,
1693 2130 1834 2200 equi,
1863 2133 2083 2199 milites,

515 2221 756 2276 breviter
785 2222 1030 2275 universa
1060 2220 1137 2273 vis
1163 2229 1443 2289 apparatus
1470 2222 1598 2291 regii
1625 2240 1640 2279 :
1666 2222 1752 2277 hic
1779 2232 1961 2277 contra
1992 2225 2083 2278 dc-

514 2326 687 2369 sertus
707 2328 769 2368 ac
795 2314 985 2378 nudus,
1014 2328 1112 2368 nec
1134 2313 1400 2367 civitatem
1426 2354 1440 2378 ,
1474 2329 1572 2369 nec
1597 2315 1843 2382 domum,
1869 2330 1969 2370 nec
1998 2316 2077 2370 fa-

514 2404 712 2457 miliam
747 2404 969 2457 habens.
998 2403 1148 2458 Unde
1170 2403 1328 2472 igitur
1353 2444 1369 2471 ,
1396 2419 1578 2473 qumso
1608 2444 1623 2470 ,
1670 2405 1768 2459 ista
1796 2406 2028 2475 loqueris
2054 2407 2077 2459 ?

513 2490 772 2545 Nimirum
798 2507 862 2545 ex
893 2492 1018 2559 ipsis
1051 2491 1257 2546 Davidis
1279 2491 1535 2547 moribus.
1553 2493 1733 2562 Neque
1750 2494 1892 2548 enim
1909 2492 2079 2547 nudus

512 2590 567 2636 et
589 2580 804 2635 inermis
827 2595 890 2635 ac
913 2580 1154 2635 desertus
1178 2596 1266 2636 me
1284 2592 1563 2646 armatum,
1584 2594 1831 2652 tantaque
1854 2585 2079 2639 circum-

513 2670 760 2725 vallatum
788 2670 1018 2739 potentia
1045 2680 1347 2740 superasset
1379 2711 1394 2735 ,
1422 2672 1521 2726 nisi
1553 2672 1717 2726 Deum
1746 2672 1964 2728 haberet
1984 2674 2077 2728 ad-

510 2768 741 2832 jutorem
772 2779 788 2828 ;
823 2776 982 2831 porro
1002 2762 1090 2832 qui
1118 2762 1289 2817 Deum
1310 2762 1467 2818 habet
1495 2762 1754 2819 faventem
1780 2806 1795 2831 ,
1826 2765 2074 2821 omnibus

507 2864 594 2910 est
639 2855 924 2924 potentior.
958 2854 1117 2910 Vides
1158 2856 1226 2909 ad
1256 2864 1506 2925 quantam
1533 2856 1916 2927 philosophiam
1938 2857 2067 2913 Salii

508 2955 629 3015 post
655 2946 873 3001 insidias
898 2944 1156 3001 deductus
1198 2948 1317 3002 sit?
1348 2946 1496 3000 vides
1521 2947 1614 3017 qui
1642 2945 1757 3002 ﬁeri
1779 2948 1945 3017 possit
1968 2989 1985 3016 ,
2016 2957 2073 3002 ut

509 3036 753 3091 inimicus
777 3052 987 3093 omnem
1014 3044 1236 3105 exspuat
1260 3037 1515 3109 malitiam
1538 3077 1554 3105 ,
1574 3038 1983 3111 immutatusque
2003 3040 2071 3097 ad

506 3126 724 3181 meliora
748 3141 869 3182 sese
894 3127 1111 3195 recipiat
1135 3128 1160 3179 ν

574 3216 630 3270 9.
660 3216 737 3271 Ne
754 3214 985 3273 velimus
1010 3215 1190 3286 itaque
1216 3216 1285 3273 de
1311 3224 1497 3273 nostra
1521 3217 1695 3274 salute
1729 3216 2065 3287 despondere

505 3304 757 3360 animum.
781 3305 1213 3377 Quandoquidem
1240 3307 1446 3362 etiamsi
1462 3307 1528 3363 ad
1557 3309 1668 3379 ipsa
1687 3310 1899 3363 malitia
1919 3309 2071 3365 bara-

508 3394 623 3451 thra
659 3396 911 3451 fuerimus
938 3396 1173 3463 deducti,
1205 3397 1318 3452 ﬁeri
1338 3408 1512 3467 potest
1533 3408 1591 3453 ut
1612 3413 1709 3454 nos
1753 3400 1897 3469 ipsos
1941 3402 2066 3458 inde

504 3500 830 3553 revocemus,
858 3494 913 3543 et
935 3502 1144 3543 omnem
1170 3487 1493 3557 deponamus
1517 3488 1789 3543 malitiam.

496 3568 503 3577 ”
574 3576 786 3635 Hostem
809 3577 939 3632 δἀᾱί
987 3579 1106 3647 ﬁliis
1135 3588 1347 3633 tutorem
1378 3580 1577 3648 reliquit
1600 3595 1618 3643 ,'
1641 3580 1695 3633 in
1736 3581 1868 3649 ﬁlios
1912 3582 2066 3637 hostis

502 3665 762 3721 benevolus
791 3666 969 3721 David.
989 3696 1059 3707 —
1081 3669 1340 3738 Deinceps
1382 3668 1507 3739 quid
1528 3669 1643 3723 ait?
1672 3670 1803 3724 Iura
1831 3672 1954 3724 mihi
1981 3689 2069 3742 per

503 3756 682 3823 Deum,
713 3757 849 3825 quod
886 3775 986 3811 non
1032 3758 1250 3813 abolebis
1300 3775 1465 3814 semen
1490 3775 1653 3812 meum
1685 3771 1796 3831 post
1830 3779 1924 3827 me,
1979 3779 2068 3815 nec

500 3847 780 3901 obliterabis
803 3864 981 3901 nomen
1001 3865 1162 3901 meum
1189 3850 1251 3903 de
1277 3850 1424 3902 domo
1458 3851 1614 3918 patris
1636 3852 1749 3903 mei.
1798 3851 1909 3904 Rex
1954 3853 2063 3919 pri-

500 3946 678 3989 vatum
704 3945 893 4005 rogat:
929 3938 1017 4005 qui
1046 3938 1342 3993 diademate
1382 3939 1585 3993 cinctus
1623 3949 1722 4003 est,
1777 3941 2066 4010 supplicem

499 4029 623 4095 agit,
652 4042 747 4096 pro
778 4028 896 4082 ﬁliis
930 4028 1040 4082 suis
1078 4029 1322 4083 obsecrat
1367 4031 1620 4084 exsulem.
1648 4030 1713 4083 Et
1751 4029 1852 4084 hoc
1896 4032 2066 4098 ipsum

498 4118 670 4185 arguit
693 4117 937 4171 virtutem
974 4117 1204 4183 Davidis,
1233 4117 1371 4186 quod
1402 4118 1565 4172 hostis
1585 4133 1743 4172 ausus
1767 4119 1835 4172 sit
1860 4119 1971 4173 haec
1998 4121 2065 4175 ab

500 4208 653 4262 hoste
679 4218 880 4276 petere.
907 4208 1039 4261 Nam
1060 4208 1198 4277 quod
1233 4208 1604 4276 jusjurandum
1629 4210 1805 4278 exigit,
1852 4224 1955 4263 non
1997 4226 2062 4264 co

499 4294 643 4361 facit,
671 4296 808 4364 quod
839 4295 1042 4349 diiiidat
1070 4295 1281 4349 Davidis
1304 4297 1561 4361 moribus,
1586 4296 1678 4350 sed
1719 4298 1858 4367 quod
1904 4314 2061 4366 repu-

500 4397 575 4443 tet
595 4396 723 4457 quot
746 4386 898 4441 malis
930 4387 1076 4441 illum
1101 4386 1381 4442 affecisset.
1404 4386 1535 4441 Jura
1561 4390 1702 4454 milii,
1727 4398 1773 4442 te
1805 4406 1905 4444 non
1942 4389 2061 4443 abo-

498 4480 705 4535 liturum
749 4494 914 4531 semen
940 4494 1102 4530 meum
1125 4488 1236 4546 post
1262 4494 1356 4530 me.
1386 4477 1602 4532 Hostem
1632 4479 1751 4533 ﬁliis
1771 4479 1880 4533 suis
1900 4479 2062 4534 relin-

497 4570 611 4639 quit
626 4577 873 4632 tutorem,
898 4582 1149 4637 suamque
1170 4567 1369 4637 prolem
1394 4569 1445 4622 in
1468 4569 1604 4622 illius
1621 4570 2057 4638 deponitmanus,

496 4661 623 4714 dum
649 4660 731 4714 his
760 4660 933 4714 verbis
972 4658 1197 4713 ﬁliorum
1217 4673 1279 4712 ac
1312 4659 1522 4713 Davidis
1547 4674 1733 4715 manus
1761 4660 2059 4730 apprehen-

499 4751 651 4818 dens,
685 4752 848 4805 Deum
884 4758 1210 4819 sequestrem
1250 4748 1466 4804 inducit.
1493 4749 1629 4817 Quid
1668 4751 1825 4820 igitur
1854 4751 2062 4806 David?

497 4846 634 4900 Num
662 4847 743 4900 vel
773 4845 955 4899 leviter
983 4843 1399 4899 dissimulatione
1419 4851 1471 4897 et
1491 4843 1655 4898 ironia
1679 4844 1746 4898 ad
1774 4844 1886 4899 haec
1927 4859 2057 4899 usus

495 4949 577 4993 est
596 4938 617 4990 ?
640 4936 979 5007 Nequaquam
1011 4953 1024 4989 :
1052 4935 1144 4990 sed
1166 4936 1404 5005 protinus
1422 4936 1626 5002 annuit,
1648 4935 1893 5005 quodque
1915 4944 2059 5005 pete-

494 5033 649 5087 batur
666 5031 924 5085 concessit
944 5048 957 5083 :
980 5044 1041 5083 ac
1059 5037 1266 5083 mortuo
1281 5028 1460 5094 Saitle,
1484 5042 1588 5082 non
1614 5028 1772 5082 modo
1793 5043 1897 5082 non
1915 5030 2058 5082 occi-

495 5124 567 5177 dit
615 5122 754 5175 illius
778 5129 1035 5189 posteros,
1066 5119 1159 5173 sed
1186 5128 1293 5173 tum
1315 5119 1462 5187 plura
1486 5118 1727 5187 praestitit
1746 5134 1903 5188 quam
1945 5128 2060 5173 erat

494 5215 777 5282 pollicitus.
810 5211 1077 5281 Siquidem
1127 5211 1290 5264 filium
1310 5210 1443 5279 ejus,
1496 5225 1618 5264 cum
1654 5218 1797 5265 esset
1843 5210 2059 5265 claudus

493 5318 556 5357 ac
574 5302 764 5357 debilis
779 5302 1053 5371 cruribus(
1068 5299 1120 5353 2.
1142 5300 1268 5368 Reg.
1291 5300 1383 5365 9),
1412 5301 1462 5354 in
1484 5314 1633 5353 suam
1656 5301 1819 5368 ipsius
1838 5300 2055 5355 domum

498 5397 721 5456 induxit,
759 5408 975 5462 sucoque
998 5407 1197 5446 mensae
1225 5391 1346 5445 fecit
1392 5392 1720 5461 participem,
1743 5406 1949 5446 summo
1997 5392 2059 5443 il-

496 5488 609 5541 lum
627 5485 829 5541 honore
846 5485 1108 5554 dignatus,
1139 5496 1235 5537 nec
1256 5483 1483 5544 erubuit,
1508 5497 1604 5537 nec
1628 5483 1925 5546 occultavit,
1960 5497 2060 5538 nec

498 5576 779 5631 arbitratus
799 5588 880 5629 est
901 5575 1096 5643 regiam
1123 5588 1357 5627 mensam
1372 5572 1755 5628 claudicatione
1776 5573 1924 5641 pueri
1967 5572 2059 5627 do-

490 5664 790 5728 honestari,
805 5664 898 5719 scd
917 5663 1153 5719 decorari
1172 5663 1343 5732 potius
1364 5678 1424 5716 ac
1442 5663 1716 5717 lautiorem
1736 5663 1865 5719 fieri.
1889 5664 2057 5729 Quot-

2206 954 2449 1022 gratiam.
2503 956 2829 1028 Quamquam
2880 962 2923 1014 si
2971 963 3129 1017 etiam
3158 963 3270 1031 ipse
3301 964 3514 1021 aliunde
3565 968 3637 1021 illi
3689 978 3761 1024 ct-

2205 1041 2328 1098 bum
2416 1044 2530 1100 dari
2598 1047 2859 1116 jussisset,
2934 1059 3242 1122 certumque
3313 1054 3481 1109 victus
3556 1059 3761 1115 modum

2203 1134 2529 1199 ordinasset,
2555 1138 2709 1193 valde
2736 1155 2978 1210 magnum
3031 1151 3145 1197 erat
3170 1160 3185 1194 :
3214 1143 3308 1199 sed
3348 1146 3492 1200 illum
3521 1148 3584 1201 ad
3616 1163 3759 1205 suam

2200 1224 2365 1293 ipsius
2412 1241 2646 1283 mensam
2710 1231 2964 1300 recipere,
3013 1234 3219 1288 eximia:
3260 1243 3342 1289 est
3390 1236 3751 1307 philosophiae.

2198 1314 2352 1370 Scitis
2377 1317 2636 1387 profecto;
2662 1335 2766 1374 non
2794 1335 2911 1375 esse
2933 1322 3082 1377 facile
3106 1322 3337 1378 hostium
3360 1325 3494 1380 filios
3518 1327 3750 1397 diligere.

2196 1403 2331 1470 Quid
2348 1407 2456 1461 dixi
2478 1406 2731 1477 diligere?
2750 1407 2863 1462 Non
2886 1410 3083 1475 odisse,
3107 1425 3210 1465 non
3231 1415 3492 1483 persequi,
3517 1431 3756 1484 magnum

2194 1505 2294 1548 est.
2322 1497 2499 1565 Itaque
2534 1497 2682 1552 multi
2717 1498 2974 1553 defunctis
3002 1500 3247 1568 inimicis,
3267 1503 3319 1556 in
3345 1504 3548 1558 illorum
3567 1505 3755 1561 liberos

2194 1588 2344 1654 iram,
2368 1604 2525 1658 quam
2541 1589 2591 1643 in
2615 1604 2704 1645 eos
2728 1590 3007 1657 habebant,
3031 1590 3343 1647 effuderunt.
3361 1596 3430 1649 At
3448 1611 3547 1648 non
3576 1597 3642 1649 ita
3668 1613 3751 1665 ge-

2191 1693 2413 1732 ncrosus
2430 1693 2490 1731 ac
2504 1680 2866 1747 magnanimus
2881 1681 2998 1745 iste,
3023 1682 3115 1736 sed
3140 1691 3190 1736 et
3210 1683 3467 1737 viventem
3490 1685 3751 1740 inimicum

2189 1766 2506 1831 observavit,
2526 1777 2579 1821 et
2605 1769 2692 1822 illo
2719 1768 2985 1834 defuncto,
3009 1770 3424 1826 benevolentiam
3451 1788 3607 1841 quam
3631 1790 3751 1845 erga

2188 1857 2335 1911 illum
2373 1868 2608 1928 gesserat
2654 1859 2771 1913 filiis
2795 1860 3049 1914 exhibuit.
3080 1860 3215 1926 Quid
3248 1862 3388 1916 illius
3423 1878 3602 1917 mensa
3631 1880 3749 1918 san-

2186 1949 2340 2015 ctius,
2373 1964 2526 2018 quam
2579 1951 2857 2020 cingebant
2904 1951 2995 2006 filii
3043 1952 3228 2015 hostis,
3290 1944 3472 2019 hostis,
3517 1954 3744 2024 inquam,

2185 2038 2425 2094 occidere
2504 2042 2715 2094 conati?
2769 2040 2891 2109 quid
2954 2041 3042 2095 illo
3100 2042 3342 2096 convivio
3410 2044 3746 2112 spiritualius.

2184 2128 2236 2182 in
2310 2144 2415 2198 quo
2490 2138 2595 2182 tam
2667 2129 2845 2183 multae
2916 2129 3251 2183 abundabant
3322 2131 3748 2187 benedictiones?

2182 2219 2365 2288 Angeli
2398 2219 2566 2287 potius
2592 2235 2747 2288 quam
2779 2219 3003 2275 hominis
3029 2221 3368 2275 convocantis
3406 2232 3544 2277 erat.
3571 2223 3747 2290 Siqui-

2181 2309 2300 2363 dem
2328 2311 2520 2363 inimici
2554 2310 2687 2364 filios
2712 2311 2952 2381 amplecti
2979 2320 3033 2365 et
3074 2327 3274 2375 amare,
3304 2324 3358 2367 et
3399 2313 3536 2368 illius
3557 2314 3745 2379 lilium,

2180 2402 2267 2469 qui
2300 2401 2450 2455 toties
2486 2400 2651 2469 ipsum
2702 2410 2955 2455 tentasset
2984 2416 3013 2454 e
3042 2400 3216 2455 medio
3242 2403 3443 2469 tollere,
3492 2411 3648 2472 atque
3697 2404 3748 2458 id

2180 2490 2402 2545 moliens
2426 2491 2737 2544 excessisset
2765 2505 2795 2543 e
2821 2490 2944 2553 vita,
2967 2491 3017 2544 id
3044 2490 3168 2544 facit
3193 2502 3247 2545 ut
3277 2492 3328 2545 in
3354 2493 3497 2547 illum
3524 2496 3745 2550 chorum

2178 2579 2455 2634 referatur.
2500 2580 2612 2635 lloc
2641 2590 2694 2634 tu
2723 2596 2931 2650 quoque
2956 2580 3133 2645 facito,
3164 2582 3457 2650 carissime,
3483 2592 3533 2638 et
3561 2585 3746 2639 viven-

2179 2669 2308 2722 tium
2337 2677 2390 2722 et
2413 2678 2741 2724 mortuorum
2770 2670 2907 2725 filios
2932 2670 3112 2726 fovens
3139 2689 3152 2724 :
3184 2673 3471 2727 viventium
3497 2675 3706 2743 quidem
3724 2716 3743 2743 ,

2178 2766 2234 2811 ut
2256 2756 2355 2812 hoc
2372 2757 2527 2811 modo
2551 2768 2796 2828 parentes
2816 2759 3021 2813 illorum
3050 2760 3141 2814 tibi
3164 2763 3412 2817 concilies
3432 2780 3450 2816 :
3474 2762 3747 2819 defuncto-

2176 2862 2294 2901 rum
2335 2862 2464 2902 vero
2490 2847 2625 2902 filios
2672 2862 2885 2913 curans,
2911 2858 2967 2902 ut
2996 2864 3024 2903 a
3052 2849 3163 2904 Deo
3188 2851 3404 2905 multum
3446 2852 3537 2906 tibi
3582 2866 3741 2922 pares

2172 2936 2405 2991 favorem
2445 2936 2790 3007 plurimisque
2829 2938 3040 2992 coronis
3084 2938 3371 3004 decoreris,
3399 2950 3558 3010 utque
3578 2944 3740 2996 innu-

2173 3040 2320 3081 mera
2346 3026 2411 3080 ab
2437 3026 2680 3081 omnibus
2708 3034 2826 3080 vota
2849 3042 3138 3097 precesque
3163 3033 3519 3099 consequaris,
3538 3046 3643 3085 non
3672 3032 3741 3086 ab
3804 3032 3807 3035 ’

2174 3118 2240 3171 iis
2266 3126 2469 3171 tantum
2495 3116 2583 3185 qui
2614 3116 2714 3171 tuis
2733 3117 3005 3172 beneficiis
3029 3118 3193 3185 adjuti
3212 3129 3353 3184 sunt,
3370 3134 3553 3175 verum
3569 3121 3734 3175 etiam

2170 3207 2238 3262 ab
2263 3207 2326 3261 iis
2352 3207 2443 3277 qui
2494 3207 2753 3262 viderunt.
2782 3207 2894 3262 Hoc
2919 3222 3013 3278 pro
3042 3217 3092 3262 te
3110 3208 3270 3263 stabit
3296 3210 3384 3264 illo
3408 3210 3513 3275 die,
3534 3212 3745 3281 magni-

2170 3310 2272 3364 que
2296 3296 2386 3350 tibi
2407 3295 2563 3353 futuri
2591 3305 2714 3351 sunt
2732 3298 2937 3365 patroni
2959 3298 3011 3351 in
3033 3297 3214 3367 judieii
3258 3308 3514 3368 tempore,
3557 3301 3741 3356 hostes

2171 3397 2260 3441 tuo
2300 3387 2555 3443 beneficio
2582 3388 2746 3458 adjuti
2775 3406 2788 3442 :
2816 3389 2977 3443 multa
3008 3398 3217 3457 peccata
3246 3392 3498 3460 expiabis,
3553 3400 3607 3446 et
3657 3409 3745 3448 reo

2169 3492 2354 3548 posces
2380 3480 2695 3535 mercedem.
2722 3480 2937 3535 Etiamsi
2971 3481 3240 3535 innumera
3266 3485 3593 3538 commiseris
3620 3501 3748 3553 pee-

2170 3581 2302 3635 cata,
2328 3571 2371 3623 si
2394 3570 2783 3637 proferasillam
2806 3573 3184 3640 precationem.
3211 3588 3327 3642 qua:
3354 3574 3482 3628 dicit
3509 3590 3519 3628 :
3548 3576 3745 3630 Remit-

2172 3662 2257 3714 tite
2280 3661 2493 3714 inimicis
2520 3663 2693 3714 vestris
2718 3702 2732 3724 ,
2761 3671 2804 3713 et
2834 3660 2988 3714 Pater
3009 3672 3164 3715 vester
3188 3666 3401 3717 remittet
3432 3665 3565 3719 vobis
3612 3684 3738 3734 pec-

2170 3760 2283 3803 cata
2329 3750 2726 3819 vestra(MattIt.
2759 3751 2813 3804 6.
2843 3752 2945 3821 l4)
2975 3769 2985 3804 :
3013 3752 3173 3805 multa
3194 3768 3314 3806 cum
3364 3753 3550 3808 fiducia
3594 3769 3749 3809 com-

2169 3841 2450 3894 missorum
2482 3842 2715 3894 omnium
2766 3841 3135 3895 remissionem
3188 3845 3531 3913 consequeris
3576 3855 3744 3915 atque

2171 3930 2256 3985 hic
2281 3932 2491 4003 interim
2528 3931 2663 3985 bona
2708 3946 2828 3985 cum
2869 3946 2963 4000 spe
3005 3934 3176 3997 vives,
3232 3933 3502 3989 habiturus
3553 3950 3750 3989 omnes

2166 4032 2404 4075 amanter
2423 4037 2544 4091 erga
2564 4032 2612 4075 te
2629 4021 2860 4076 affectos.
2879 4022 3007 4075 Cum
3018 4023 3158 4076 enim
3174 4022 3401 4077 viderint
3422 4032 3473 4077 te
3496 4024 3750 4080 inimicos

2167 4122 2217 4166 et
2250 4112 2579 4165 inimicorum
2605 4110 2740 4165 filios
2772 4112 2850 4165 sic
2877 4111 3116 4180 diligere,
3138 4113 3227 4180 qui
3253 4112 3366 4166 fieri
3420 4114 3636 4182 poterit,
3687 4124 3751 4169 ut

2166 4218 2270 4256 non
2297 4203 2540 4256 aii‘ectent
2564 4202 2655 4255 tibi
2690 4203 2841 4256 amici
2865 4204 3041 4270 tuique
3069 4203 3289 4256 studiosi
3311 4203 3442 4268 fieri,
3474 4213 3527 4258 et
3557 4207 3747 4259 omnia

2168 4305 2252 4348 tua
2281 4307 2435 4346 causa
2466 4302 2574 4345 tum
2611 4292 2784 4345 facere
2831 4300 2940 4344 tum
2971 4292 3113 4360 pati?
3157 4292 3323 4347 Porro
3355 4309 3475 4347 cum
3532 4304 3747 4348 tantum

2166 4382 2304 4452 apud
2334 4384 2499 4435 Deum
2550 4382 2641 4435 tibi
2662 4397 2816 4451 pares
2839 4383 3089 4441 favorem,
3118 4398 3240 4436 cum
3267 4394 3483 4438 cunctos
3536 4384 3747 4438 habeas

2166 4475 2341 4528 omnia
2366 4474 2499 4528 bona
2524 4473 2614 4528 tibi
2640 4480 3055 4541 comprecantes,
3083 4489 3241 4542 quam
3270 4489 3521 4528 sensurus
3542 4490 3600 4528 es
3624 4491 3751 4529 mo-

2164 4564 2390 4628 lestiam,
2414 4572 2503 4617 aut
2544 4563 2659 4631 quis
2713 4569 2765 4615 te
2791 4561 2952 4615 vitam
2977 4563 3117 4615 vivat
3156 4562 3480 4617 feliciorem?
3515 4563 3642 4616 Haec
3687 4564 3747 4618 in

2168 4656 2266 4709 hac
2290 4657 2394 4707 vita
2430 4670 2535 4709 non
2581 4663 2782 4707 tantum
2822 4655 3115 4715 laudemus,
3168 4670 3352 4708 verum
3400 4656 3563 4708 etiam
3615 4656 3753 4709 hinc

2164 4747 2364 4817 egressi
2390 4758 2681 4809 servemus,
2712 4758 2775 4799 ac
2802 4745 3199 4798 obambulantes
3226 4744 3467 4798 inimicos
3489 4758 3752 4811 perscru-

2169 4837 2314 4892 tandi
2332 4838 2516 4907 gratia,
2548 4851 2642 4891 eos
2667 4836 2820 4890 nobis
2841 4835 3267 4898 reconciliemus,
3296 4844 3349 4888 et
3396 4849 3462 4888 ex
3505 4835 3752 4888 inimicis

2164 4929 2400 4983 sinceros
2421 4927 2702 4981 reddamus
2727 4927 2946 4980 amicos.
2970 4924 3119 4991 Quod
3148 4924 3193 4979 si
3221 4925 3375 4978 etiam
3394 4924 3755 4978 excusatione

2166 5020 2322 5074 fuerit
2349 5017 2771 5088 opus,veniaque
2799 5017 2865 5069 ab
2891 5015 3017 5083 ipsis
3045 5013 3270 5084 petenda
3294 5014 3470 5075 luerit,
3489 5028 3556 5066 ne
3582 5027 3753 5067 recu-

2164 5124 2362 5173 semus,
2393 5108 2552 5162 etiam
2600 5106 2645 5159 si
2692 5106 2789 5174 ipsi
2840 5103 3096 5158 fuerimus
3145 5102 3334 5171 injuria
3378 5101 3571 5157 allecti.
3626 5102 3757 5157 Hoc

2162 5213 2318 5274 pacto
2359 5200 2621 5267 copiosior
2672 5196 2823 5251 nobis
2870 5197 2970 5251 erit
2995 5208 3221 5259 merces,
3256 5193 3357 5249 hoc
3394 5205 3545 5262 pacto
3566 5194 3761 5263 major

2166 5294 2373 5362 fiducia,
2412 5294 2511 5344 hoc
2541 5298 2693 5359 pacto
2721 5287 2971 5341 caelorum
2996 5299 3220 5354 regnum
3247 5284 3383 5339 haud
3410 5283 3571 5339 dubie
3598 5299 3760 5338 con-

2167 5399 2468 5454 sequemur,
2499 5381 2663 5452 gratia
2686 5388 2738 5434 et
2763 5379 2995 5433 bonitate
3019 5376 3228 5432 Domini
3254 5376 3421 5431 nostri
3438 5376 3562 5430 Jesu
3582 5376 3759 5431 Chri-

2170 5477 2258 5538 8ti,
2286 5490 2407 5529 cum
2431 5488 2534 5542 quo
2565 5472 2703 5526 Patri
2728 5470 2881 5525 simul
2910 5479 2965 5525 et
2987 5479 3172 5524 sancto
3185 5467 3400 5539 Spiritui
3420 5468 3607 5537 gloria,
3638 5468 3758 5519 im-

2170 5568 2395 5639 perium,
2429 5567 2598 5620 honor
2626 5578 2763 5620 nunc
2792 5572 2845 5621 et
2872 5578 3099 5634 semper,
3130 5570 3185 5618 et
3211 5562 3265 5618 in
3291 5562 3483 5617 saecula
3513 5562 3759 5615 saeculo-

2164 5674 2301 5716 rum.
2331 5668 2519 5711 Amen.

1884 5845 2364 5872 φήσω-
