4084 6214
1065 261 1121 316 S.
1160 259 1444 320 JOANNIS
1488 259 1977 319 CHRYSOSTOMI
2024 262 2337 319 ARCIIIEP.
2382 264 2921 327 CONSTANTINOP.

1527 447 1675 519 μεθ’]
1746 458 2139 545 ΟΜΙΛΙΑ
2213 456 2403 546 ΜΒ’.

697 607 1180 678 Ἐξαναστάντες
1216 611 1284 665 δὲ
1323 615 1378 667 οἱ
1402 612 1615 681 ἄνδρες
1641 612 1987 682 ἐπέϐλεψαν
2013 615 2111 669 ἐπὶ
2141 617 2462 684 πρόσωπον
2487 619 2766 689 Σοδόμων
2797 620 2892 675 καί
2927 622 3254 692 Γομόρῤας.

315 748 386 797 α’.
425 739 739 812 Ἐμάθομεν
769 744 836 796 ἐκ
867 742 977 798 τῶν
1005 742 1130 812 χθὲς
1148 742 1592 810 ἀνεγνωσμένων,
1624 743 1914 814 ἀγαπητοὶ,

2024 748 2244 802 ἐπειδὰν
2274 749 2355 821 ἴδῃ
2381 751 2506 822 ὑγιῆ
2534 751 2757 825 γνώμην
2788 753 3280 825 ἐπιδεικνυμένους,
3298 756 3550 829 καὶπρὸς
3568 762 3695 827 τοὺς·

244 833 343 930 τὴν
373 833 815 930 ὑπερδτξλὴνλτῆς
844 835 1170 930 τοῧγξιῖιαίου
1207 832 1537 930 φιλοξενίαῗ
1570 833 1701 930 φέρε
1732 834 1796 906 δὴ
1827 836 1922 888 καὶ
2022 848 2124 919 τῆς
2172 851 2373 923 ἀρετῆς
2412 853 2644 921 ⁸ἀγῶνας
2688 854 3018 908 ἀποδύεσθαι
3054 855 3475 923 ἐσπουδακότας,
3511 874 3694 930 παρα-

245 927 486 997 σήμερον
534 927 603 980 τὰ
654 927 785 999 ἐξῆς
834 928 1168 991 ἐπελθόντες,
1204 926 1365 980 πάλιν
1384 928 1793 999 ,καταμάθωμεν
1826 930 1920 984 τοῦ

245 1023 585 1092 πατριάρχου
612 1023 674 1075 τὸ
703 1023 1058 1093 φιλόστοργον
1086 1019 1180 1074 καὶ
1205 1022 1503 1091 συμπαθές.
1522 1023 1789 1095 Ἐκάστην
1812 1023 1919 1096 γὰρ

245 1116 352 1168 τῶν
385 1118 595 1189 ἀρετῶν
646 1117 764 1188 μεθ’
786 1116 1092 1189 ὑπερϐολῆς
1123 1117 1151 1169 6
1187 1115 1393 1180 δίκαιος
1443 1112 1593 1182 οὗτος
1637 1119 1915 1191 ἐκέκτητο.

247 1210 382 1263 Οὐδὲ
433 1210 543 1282 γὰρ
605 1212 765 1282 μόνον
819 1211 1189 1282 φιλόστοργος,
1220 1211 1339 1265 οὐδὲ
1387 1212 1658 1281 φιλόξενος
1707 1210 1776 1285 ἦν
1825 1218 1919 1271 καὶ

247 1305 561 1376 συμπαθὴς,
597 1304 734 1357 ἀλλά
782 1307 876 1358 καὶ
923 1304 1021 1368 τὰς
1060 1303 1222 1367 ἄλλας
1267 1305 1468 1375 ἀρετάς
1513 1309 1730 1375 ἁπάσας
1782 1312 1919 1380 μετά

235 1398 525 1467 ’δαψιλείας
557 1398 919 1451 ἐπεδείκνυτο.
944 1399 1040 1449 Ἂν
1067 1414 1126 1449 τε
1161 1397 1270 1469 γάρ
1304 1399 1575 1473 ὑπομονὴν
1600 1402 1695 1477 δέῃ
1723 1405 1921 1458 ἐπιδείο

248 1490 465 1556 ξασθαι,
511 1491 765 1562 εὑρήσεις
798 1490 963 1544 αὐτὸν
987 1492 1065 1554 εἰς
1097 1491 1266 1562 αὐτὴν
1306 1494 1406 1565 τὴν
1454 1495 1628 1566 άκραν
1675 1499 1918 1571 κορυφὴν

247 1585 661 1657 ἀναϐεϐηκότα⁹
701 1584 767 1639 άν
802 1602 864 1638 τε
908 1588 1424 1661 ταπεινοφροσύνην,
1454 1591 1572 1660 ὕψει
1618 1592 1778 1646 πάλιν
1823 1592 1918 1648 καὶ

247 1676 480 1731 ἐνταῦθα
511 1677 689 1731 οὐδενὶ
723 1678 1175 1750 παραχωροῦντα,
1206 1681 1342 1734 ἀλλά
1382 1682 1587 1745 πάντας
1618 1685 1918 1754 ὑπερακον-

244 1771 460 1836 τίζοντα
481 1788 494 1802 ·
527 1772 631 1826 κᾶν
660 1771 841 1826 πίστιν
868 1772 1236 1837 ἐπιδείξασθαι
1261 1774 1377 1847 δέῃ,
1412 1776 1503 1829 κα¹ι
1530 1778 1586 1830 ἐν
1618 1777 1791 1850 τούτῳ
1820 1780 1919 1834 πά-

244 1870 330 1925 λιν
358 1868 555 1939 μᾶλλον
587 1867 938 1940 εὑρεθήσεται
963 1869 1070 1922 τῶν
1098 1868 1272 1922 ἄλλων
1309 1870 1562 1926 ἁπάντων
1591 1873 1912 1945 εὐδοκιμῶν.

245 1963 511 2034 Καθάπερ
537 1962 642 2035 γὰρ
671 1962 832 2017 εἰκών
871 1981 956 2026 τις
999 1964 1235 2035 ἔμψυχός
1273 1967 1419 2020 ἐστιν
1450 1969 1484 2036 ή
1523 1967 1715 2022 τούτου
1744 1968 1910 2042 ψυχὴ,

243 2060 313 2113 τὰ
343 2059 581 2131 διάφορα
625 2057 726 2128 τῆς
771 2058 972 2130 ἀρετῆς
1000 2059 1265 2132 χρώματα
1294 2062 1352 2115 ἐν
1382 2064 1548 2134 ἑαυτῇ
1574 2063 1910 2122 δεικνύουσα.

246 2156 381 2209 Ποία
427 2151 521 2210 οῦν
565 2156 696 2225 ἡμῖν
721 2154 1072 2208 ὑπολείπεται
1100 2155 1288 2209 λοιπὸν
1326 2158 1613 2228 ἀπολογία,
1641 2161 1767 2215 ὅταν
1796 2163 1915 2227 ἐνὸς

244 2249 531 2324 ἀνθρώπου
572 2250 749 2315 πάσας
788 2251 886 2315 τὰς
932 2253 1132 2324 ἀρετὰς
1176 2253 1234 2307 ἐν
1280 2253 1458 2325 ἐαυτῷ
1505 2257 1911 2329 περιφέροντος,

243 2351 407 2420 ἡμεῖς
434 2347 605 2412 οὕτως
638 2348 833 2420 ἔρημοι
875 2348 1252 2420 τυγχάνωμεν,
1294 2350 1369 2415 ὼς
1410 2352 1678 2422 μηδεμίαν
1711 2355 1915 2426 ἀρετὴν

242 2446 530 2517 βούλεσθαι
560 2445 857 2517 κατορθοῦν
879 2462 893 2511 ;
915 2447 1038 2499 Ὅτι
1060 2446 1168 2516 γάρ
1191 2447 1252 2499 οὐ
1284 2446 1435 2518 παρά
1454 2447 1515 2499 τὸ
1537 2447 1615 2519 μὴ
1632 2448 1911 2513 δύνασθαι,

240 2544 380 2597 ἀλλά
408 2542 558 2614 παρά
600 2541 661 2595 τδ
701 2541 775 2613 μὴ
814 2540 1098 2611 βούλεσθαι
1129 2541 1327 2614 ἔρημοι
1359 2541 1578 2596 πάντων
1612 2543 1778 2615 ἐσμὲν
1802 2544 1915 2597 τῶν

241 2640 481 2708 ἀγαθῶν,
514 2636 687 2708 σαφὴς
714 2636 984 2704 ἀπόδειξις
1011 2637 1071 2692 τὸ
1096 2637 1324 2702 πολλοὺς
1350 2637 1762 2709 τῶνθόμογενῶν
1778 2641 1912 2712 ἡμῖν

240 2735 419 2805 εὑρεῖν
450 2731 850 2802 διαλάμποντας
887 2734 944 2786 ἐν
972 2732 1158 2806 ἀρετῇ.
1199 2733 1310 2788 Kal
1341 2733 1472 2787 αὐτὸ
1503 2733 1560 2787 δὲ
1592 2735 1748 2789 τοῦτο
1763 2748 1811 2800 ι,
1851 2738 1912 2791 τὸ

242 2828 333 2883 τὸν
361 2825 705 2900 πατριάρχην
727 2828 822 2881 καὶ
852 2828 959 2899 πρὸ
981 2829 1079 2899 τῆς
1103 2827 1344 2899 χάριτος,
1372 2828 1469 2882 καὶ
1486 2829 1604 2901 ’πρὸ
1630 2831 1724 2884 τοῦ
1751 2832 1912 2904 νόμου

242 2925 523 2995 γεγονότα,
570 2922 781 2977 οἴκοθεν
821 2924 916 2979 καὶ
954 2924 1062 2977 ἀπὸ
1104 2923 1203 2994 τῆς
1253 2925 1311 2977 ἐν
1341 2926 1405 2995 τῇ
1452 2923 1612 2993 φύσει
1658 2928 1916 3001 κειμένης

242 3021 495 3092 γνώσεως
519 3019 599 3084 είς
620 3018 870 3074 τοσοῦτον
900 3019 1093 3091 μέτρον
1115 3019 1318 3091 ἀρετῆς
1344 3019 1540 3086 ἐλθεῖν,
1570 3024 1750 3097 πάσης
1767 3027 1914 3096 ἡμᾶς

241 3114 542 3185 ἀπολογίας
590 3113 964 3185 ἀποστερῆσαι
1013 3114 1323 3185 δυνήσεται.
1362 3115 1501 3168 Ἀλλ’
1555 3116 1685 3181 ἴσως
1729 3118 1914 3187 ἐροῦσί

243 3230 412 3276 τινες,
444 3212 524 3264 ὅτι
553 3208 754 3280 πολλῆς
780 3209 1055 3263 ἀπέλαυσε
1082 3209 1182 3280 τῆς
1213 3209 1364 3282 παρά
1393 3210 1490 3265 τοῦ
1518 3210 1653 3266 Θεοῦ
1680 3212 1912 3283 κηδεμο-

245 3308 365 3373 νίας
392 3308 420 3360 6
446 3306 606 3377 ἀνὴρ,
629 3305 723 3359 καὶ
753 3303 950 3375 πολλὴν
977 3305 1290 3369 ἐπεδείξατο
1315 3305 1413 3377 τὴν
1443 3307 1569 3377 περὶ
1600 3307 1761 3361 αὐτὸν
1790 3309 1917 3377 πρό-

244 3420 392 3457 νοιαν
424 3403 452 3455 6
475 3399 583 3454 τῶν
624 3399 759 3453 ὅλων
784 3398 936 3463 Θεός.
969 3397 1095 3464 Nal,
1126 3399 1373 3470 ὁμολογῶ
1396 3418 1410 3433 ·
1445 3401 1560 3454 ἀλλ’
1588 3402 1636 3454 εἰ
1684 3399 1759 3472 μὴ
1785 3401 1917 3470 πρό-

238 3515 398 3570 τερος
429 3497 496 3551 τά
525 3494 656 3566 παρ’
674 3494 869 3549 ἐαυτοῦ
899 3495 993 3549 καὶ
1022 3494 1184 3558 αὐτὸς
1214 3493 1547 3560 ἐπεδείξατο,
1579 3496 1679 3549 οὐκ
1714 3496 1780 3551 ἂν
1807 3496 1915 3549 τῶν

241 3595 395 3667 ’παρὰ
433 3591 526 3647 τοῦ
569 3591 837 3646 Δεσπότου
886 3590 1188 3662 άπήλαυσε.
1225 3590 1317 3662 Μὴ
1349 3590 1531 3645 τοίνυν
1557 3591 1717 3645 τοῦτο
1756 3594 1915 3663 μόνον

244 3692 368 3762 δρα,
419 3687 555 3744 ἀλλά
603 3686 722 3741 καθ’
746 3686 975 3739 ἕκαστον
1013 3683 1283 3751 ἐξετάζων
1334 3687 1739 3758 καταμάνθανε,
1799 3689 1917 3753 πῶς

248 3776 508 3858 πρότερον
532 3783 629 3855 τῆς
656 3780 856 3844 οἰκείας
883 3780 1084 3853 ἀρετῆς
1111 3782 1171 3836 ἐν
1200 3782 1335 3836 πᾶσι
1366 3782 1463 3852 τὴν
1494 3781 1724 3852 βάσανον
1774 3801 1917 3855 παρ-

246 3880 519 3953 εσχηκὼς,
555 3876 728 3942 οὑτως
753 3875 967 3946 ἠξιοῦτο
993 3877 1092 3947 τῆς
1120 3877 1271 3948 παρὰ
1298 3877 1393 3931 τοῦ
1417 3876 1551 3931 Θεοῦ
1578 3878 1912 3949 συμμαχίας.

248 3978 358 4030 Kal
385 3976 557 4031 ταῦτα
588 3972 847 4036 πολλάκις
872 3972 1001 4043 ὑμῖν
1027 3972 1330 4043 ἐδείξαμεν,
1361 3971 1526 4043 ἡνίκα
1553 3972 1622 4025 τὰ
1656 3972 1797 4026 κατά
1818 3973 1916 4046 τὴν

253 4072 577 4143 μετάστασιν
610 4066 773 4121 αὑτοῦ
805 4066 903 4135 τὴν
950 4069 1015 4120 ἐκ
1058 4068 1163 4138 γῆς
1209 4068 1308 4138 τῆς
1351 4066 1609 4137 πατρῴα-’ὗ
1658 4068 1893 4120 ὲποιεῖςο

247 4171 395 4231 ὅπως
417 4164 538 4220 οὐδὲ
557 4163 664 4218 ἀπὺ
684 4163 962 4234 προγόνων
982 4162 1271 4234 σπέρματα
1295 4161 1576 4225 εὐσεϐείας
1603 4161 1915 4231 δεξάμενος,

249 4264 457 4319 οἴκοθεν
482 4260 577 4315 καὶ
606 4260 736 4331 παρ’
766 4257 965 4312 ἐαυτοῦ
1000 4256 1134 4310 πολύ
1164 4255 1227 4310 τὸ
1264 4255 1509 4326 φιλόθεον
1553 4255 1914 4321 ἐπεδείκνυτο,

250 4360 345 4413 καὶ
390 4358 676 4428 ἄνθρωπος
722 4355 846 4427 άρτι
896 4354 996 4426 τῆς
1031 4352 1305 4415 Χαλδαίας
1337 4350 1696 4421 μεταναστὰς,
1724 4351 1916 4422 ἀθρόον

250 4444 602 4514 κελευόμενος
649 4441 748 4514 τὴν
790 4440 1077 4512 ἀλλοτρίαν
1104 4439 1204 4511 τῆς
1230 4438 1438 4501 οἰκείας
1463 4436 1911 4503 ἀνταλλάξασθαι,

249 4534 352 4587 οὐκ
379 4530 698 4595 ἐνεδοίασεν,
725 4528 825 4581 οὐκ
847 4525 1191 4591 ἀνεϐάλλετο,
1220 4523 1334 4577 ἀλλ’
1357 4524 1558 4587 εὐθέως
1593 4523 1830 4596 ἐπλήρου
1854 4524 1916 4577 τὸ

248 4615 560 4689 ἐπιταχθὲν,
594 4614 689 4669 καὶ
717 4613 889 4668 ταῦτα
916 4613 1016 4667 οὐκ
1045 4611 1202 4675 είδὼς
1227 4611 1362 4664 ὅπου
1386 4610 1640 4682 στήσεται
1665 4609 1814 4681 αὐτῷ
1847 4610 1916 4665 τὰ

249 4706 349 4777 τῆς
394 4703 622 4773 πλάνης,
659 4701 756 4757 καὶ
783 4699 1007 4754 ἔσπευδε
1035 4699 1130 4753 καὶ
1168 4697 1445 4768 ἠπείγετο,
1478 4696 1552 4762 ώς
1583 4697 1675 4750 ἐπὶ
1706 4697 1916 4768 ὡμολο-

254 4791 533 4863 γημένοις,
558 4791 669 4854 τοῖς
702 4788 940 4858 ἀδήλοις,
968 4787 1032 4841 τὸ
1054 4785 1147 4840 τοῦ
1181 4785 1317 4839 Θεοῦ
1342 4784 1669 4855 πρόσταγμα
1701 4785 1916 4839 πάντων

253 4873 645 4946 προτιμότερον
682 4869 1000 4941 ἡγούμενος.
1033 4863 1189 4930 Εἶδες
1221 4865 1337 4930 πῶς
1386 4865 1444 4932 ἐξ
1486 4865 1662 4938 ἀρχῆς
1710 4866 1804 4920 καὶ
1851 4866 1917 4919 ἐκ

253 4962 551 5035 προοιμίων
593 4960 663 5015 τά
702 4959 829 5029 παρ’
862 4955 1057 5011 ἑαυτοῦ
1089 4955 1361 5027 είσέφερε,
1390 4956 1484 5010 καὶ
1511 4955 1600 5009 διά
1628 4955 1787 5010 τοῦτο
1822 4955 1917 5008 καὶ

255 5051 324 5103 τά
352 5048 500 5117 παρὰ
529 5047 622 5100 τοῦ
649 5044 783 5099 Θεοῦ
813 5043 933 5097 καθ’
964 5043 1198 5114 ἐκάστην
1221 5041 1528 5112 ἐκαρποῦτο
1556 5042 1694 5113 μετά
1718 5041 1917 5110 πολλῆς

256 5132 359 5202 τῆς
397 5128 709 5197 ὃαψιλείαςς
748 5124 908 5198 μοι]
941 5125 1046 5179 Tbv
1072 5124 1233 5178 αὐτὸν
1260 5123 1324 5195 δὴ
1351 5124 1551 5195 τρόπον
1599 5125 1695 5179 καὶ
1732 5126 1913 5194 ἡμεῖς,

257 5212 552 5284 ἀγαπητοὶ,
578 5211 628 5263 εί
660 5209 982 5280 βουλοίμεθα
1009 5208 1111 5279 τῆς
1135 5207 1340 5262 ἀνωθεν
1363 5207 1655 5261 ἀπολαύειν
1681 5206 1915 5270 εὐνοίας,

257 5299 594 5372 ζηλώσωμεν
619 5297 711 5351 τὸν
742 5296 1102 5368 πατριάρχην,
1133 5295 1225 5348 καὶ
1271 5293 1346 5365 μὴ
1388 5291 1744 5363 ἀναδυώμεθα
1780 5292 1916 5363 πρὸς

257 5382 355 5454 τὴν
403 5377 624 5452 ἀρετήν,
669 5379 783 5434 ἀλλ’
823 5378 1058 5450 ἑκάστην
1099 5376 1485 5443 ἀπολαϐόντες,
1529 5374 1673 5429 οὕτω
1716 5374 1915 5446 ταύτην

261 5468 400 5536 μετά
431 5465 664 5537 σπουδῆς
699 5465 1085 5538 μετερχώμεθα
1104 5507 1119 5531 ,
1150 5463 1226 5528 ώς
1258 5463 1351 5516 τὸν
1383 5463 1684 5534 ἀκοίμητον
1711 5463 1917 5515 ἐκεῖνον

261 5551 532 5621 ὀφθαλμὸν
551 5550 955 5607 ἐπισπάσασθαι
975 5550 1112 5622 πρὸς
1129 5547 1227 5620 τὴν
1251 5548 1350 5616 τῆς
1374 5547 1608 5618 ἀμοιϐῆς
1626 5546 1913 5601 ἀντίδοσιν.

269 5640 328 5692 ὐ
371 5637 480 5709 γάρ
522 5637 590 5690 τὰ
622 5638 906 5709 ἀπόρρητα
933 5640 1032 5709 τῆς
1058 5635 1294 5698 διανοίας
1338 5632 1493 5703 ήμῶν
1534 5633 1913 5706 ἐπιστάμενος,

318 5745 348 5777 ⁸
370 5743 501 5797 Si?“
542 5747 589 5795 ei
615 5738 689 5796 all‘
726 5747 797 5797 ιαὶ
824 5745 939 5794 αὒτὸ
960 5746 1048 5810 γὰρ
1069 5744 1232 5794 τοῦτο.

2022 951 2209 1021 χρῆμα
2254 951 2345 1005 καὶ
2375 952 2475 1024 τὴν
2511 956 2641 1026 παρ’
2665 953 2859 1009 ἑαυτοῦ
2905 955 3133 1025 παρέχει
3180 955 3373 1027 ῥοπὴν,
3420 958 3556 1029 όμοῦ
3599 960 3692 1013 κα1

2019 1050 2145 1113 τοὺς
2173 1050 2365 1114 πόνους
2394 1053 2524 1122 ἡμῖν
2552 1054 2936 1123 ἐπικουφίζων,
2961 1055 3052 1107 καὶ
3085 1054 3145 1106 τὸ
3176 1054 3398 1119 ἀσθενὲς
3427 1056 3529 1126 τῆς
3558 1058 3693 1130 ήμετ

2019 1150 2184 1224 τέρας
2228 1150 2440 1220 φύσεως
2473 1153 2830 1224 ἐπιρρωννὺς,
2872 1154 2966 1206 καὶ¹
3009 1151 3250 1222 δαψιλεῖς
3296 1154 3397 1218 τάς
3445 1156 3691 1226 ἀμοιϐὰς

2020 1248 2286 1319 χορηγῶν.
2318 1251 2427 1303 Kal
2473 1251 2567 1304 ἐπὶ
2613 1250 2713 1321 μὲν
2753 1251 2860 1304 τῶν
2897 1250 3283 1322 Ὀλυμπιακῶν
3314 1251 3544 1321 ἀγώνων
3590 1257 3691 1312 οὐκ

2018 1349 2084 1404 ἄν
2108 1367 2249 1404 ποτε
2298 1351 2477 1423 εὕροις
2528 1370 2579 1406 τι
2627 1352 2866 1407 τοιοῦτον
2906 1353 3222 1425 γινόμενον·
3258 1354 3371 1409 ἀλλ’
3391 1351 3619 1427 ἔστηκεν
3654 1358 3692 1410 ὁ

2019 1449 2389 1522 παιδοτρίϐης,
2412 1449 2608 1523 θεατὴς
2632 1451 2791 1521 μόνον
2811 1452 3092 1523 γινόμενος
3119 1453 3225 1508 τῶν
3249 1454 3688 1525 ἀγωνιζομένων,

2018 1548 2114 1602 καὶ
2143 1550 2294 1603 οὐδὲν
2326 1551 2514 1622 ἓτερον
2551 1554 2976 1619 συνεισενεγκεῖν
3002 1552 3316 1623 δυνάμενος,
3346 1553 3460 1608 ἀλλ’
3482 1554 3688 1625 ἀναμέ-

2017 1664 2123 1700 νων
2154 1648 2252 1720 τήν
2280 1648 2432 1719 νίκην
2461 1648 2710 1717 γενέσθαι
2736 1666 2750 1681 ο
2780 1651 2808 1702 6
2834 1649 2889 1703 δέ
2919 1651 3196 1722 Δεσπότης
3227 1653 3255 1705 6
3284 1651 3559 1725 ἡμέτερος
3585 1653 3689 1724 οὐχ

2017 1746 2207 1811 οὑτως,
2232 1747 2367 1801 ἀλλά
2410 1749 2503 1802 καὶ
2536 1748 2979 1818 συναγωνίζεται,
3014 1750 3108 1804 καὶ
3150 1754 3309 1822 χεῖρα
3353 1751 3554 1823 ὀρέγει,
3592 1753 3689 1805 xal

2020 1844 2437 1912 συνεφάπτεται,
2467 1847 2559 1899 καὶ
2595 1847 2880 1917 μονονουχὶ
2912 1847 3246 1918 πανταχόθεν
3279 1849 3370 1902 τὸν
3396 1849 3689 1904 ἀντίπαλον

2018 1944 2446 2016 ὑποτεταγμένον
2493 1947 2624 2017 ἡμῖν
2673 1944 3029 2017 παραδίδωσι,
3068 1947 3162 1998 καὶ
3195 1946 3372 2000 πάντα
3419 1948 3564 2000 ποιεῖ
3591 1948 3688 2002 καὶ

2021 2043 2485 2113 πραγματεύεται,
2506 2044 2660 2098 ’ὥστε
2687 2044 2980 2115 δυνηθῆναι
3006 2045 3156 2115 ἡμᾶς
3190 2045 3704 2113 καταγωνίσασθαι..

2019 2141 2113 2195 καὶ
2154 2141 2252 2213 τὴν
2301 2143 2458 2215 νίκην
2505 2143 2761 2217 ἄρασθαι,
2794 2143 2882 2197 ἵνα
2911 2142 3004 2197 τὸν
3037 2143 3399 2214 ἀμαράντινον
3429 2146 3689 2215 στέφανον

2020 2240 2177 2312 ἐπιθῇ
2206 2243 2273 2313 τῇ
2305 2242 2548 2312 ἡμετέρᾳ
2586 2241 2816 2313 κεφαλῇ.
2854 2241 3164 2311 Στέφανον
3195 2242 3323 2312 γὰρ,
3358 2242 3544 2314 φησὶν,
3577 2261 3689 2314 χα-

2011 2338 2193 2406 ρίτων
2220 2338 2363 2408 δέξῃ
2394 2339 2479 2408 σῇ
2512 2340 2767 2409 κορυφῇ.
2796 2341 2906 2394 Kal
2941 2342 2998 2394 ἐν
3027 2341 3125 2411 μὲν
3151 2343 3264 2405 τοῖς
3300 2341 3689 2417 Ὀμλυμπιακοῖς

2016 2436 2224 2500 τούτοις
2260 2438 2465 2505 ἀγῶσιν
2489 2440 2517 2491 ό
2547 2439 2807 2508 στέφανος
2841 2438 2977 2509 μετὰ
3013 2438 3112 2511 τὴν
3139 2439 3295 2510 νίκην
3323 2441 3475 2493 οὐδὲν
3499 2441 3687 2513 ἕτερόν

2018 2532 2243 2605 ἐστιν,ἢ
2287 2534 2459 2604 φύλλα
2501 2535 2727 2608 δάφνης,
2767 2535 2862 2590 καὶ¹
2894 2536 3104 2608 κρότος,
3138 2537 3232 2591 καὶ
3270 2536 3365 2608 βοὴ
3409 2537 3562 2609 παρὰ
3592 2538 3686 2592 τοῦ

2018 2632 2188 2703 δήμου
2221 2633 2498 2705 γινομένη,
2519 2634 2660 2706 άπερ
2689 2634 2926 2700 ἅπαντα,
2958 2636 3055 2708 τῆς
3085 2636 3323 2707 ἐσπέρας
3348 2637 3685 2692 καταλαϐού-

2021 2747 2140 2802 σης,
2165 2733 2551 2805 κατεμαράνθη
2583 2734 2676 2788 καὶ
2705 2735 2950 2790 ἀπώλετο
2968 2751 2983 2769 ’
3033 2739 3062 2790 6
3100 2737 3156 2790 δέ
3190 2737 3332 2809 ὑπὲρ
3359 2737 3461 2809 τῆς
3484 2740 3687 2811 ἀρετῆς

2005 2832 2113 2885 καὶ
2138 2831 2245 2885 τῶν
2276 2833 2482 2921 ταύτης
2512 2834 2745 2906 ἱδρώτων
2778 2835 3037 2906 στέφανος
3067 2836 3218 2890 οὐδὲν
3261 2837 3520 2909 αἰσθητὸν
3548 2836 3686 2908 ἔχει,

2018 2930 2138 2984 οὐδὲ
2164 2932 2219 2985 ἐν
2241 2932 2316 3003 τῷ
2340 2934 2494 2988 αἰῶνι
2513 2934 2687 3007 τούτῳ
2707 2936 3233 3009 συγκαταλυόμενον,
3255 2938 3391 2993 ἀλλά
3409 2938 3684 3011 διηνεκὴς.

2019 3029 2299 3094 ἀθάνατος,
2331 3032 2502 3085 ἀπασι
2534 3035 2646 3096 τοῖς
2685 3034 2842 3087 αίῶσι
2870 3035 3496 3104 συμπαρεκτεινόμενος.
3524 3033 3631 3088 Kal
3658 3036 3689 3088 6

2023 3129 2121 3199 μὲν
2166 3129 2328 3193 πόνος
2371 3131 2507 3201 πρὸς
2536 3131 2723 3202 χρόνον
2760 3132 2986 3202 βραχὺν,
3017 3133 3050 3202 ή
3081 3132 3140 3184 δέ
3169 3132 3310 3203 ὑπὲρ
3350 3132 3461 3185 τῶν
3508 3131 3689 3186 πόνων

2020 3226 2221 3298 ἀμοιϐὴ
2247 3227 2398 3292 τέλος
2440 3229 2538 3283 οὐκ
2583 3225 2743 3293 οἶδεν,
2774 3230 2893 3284 οὐδὲ
2925 3230 3060 3284 εἴκει
3089 3229 3167 3301 τῷ
3190 3230 3396 3302 χρόνῳ,
3428 3231 3549 3284 οὐδέ
3578 3248 3685 3302 μα-

2021 3333 2277 3405 ραίνεται.
2305 3335 2531 3388 Καὶ.ἴνα
2567 3334 2938 3405 μάθητε,ἷίδού
2962 3334 3103 3388 πόσα
3136 3333 3232 3404 ἐτη
3261 3333 3559 3403 διελήλυθε,
3592 3335 3688 3388 καὶ

2017 3433 2179 3486 πόσαι
2224 3433 2424 3501 γενεαὶ,
2454 3431 2515 3498 ἐξ
2542 3428 2603 3488 οὐ
2636 3434 2977 3506 πατριάρχης
3020 3426 3173 3497 οὗτος
3216 3432 3437 3502 γέγονε·
3475 3432 3568 3485 καὶ
3608 3432 3684 3497 ώς

2016 3530 2141 3602 χθὲς
2167 3532 2262 3585 καὶ
2291 3534 2549 3605 σήμερον,
2579 3533 2720 3587 οὑτω
2749 3532 3142 3604 διαλάμπουσιν
3165 3533 3328 3586 αὐτοῦ
3354 3532 3403 3585 οἱ
3424 3531 3564 3603 ὑπὲρ
3584 3532 3687 3603 τῆς

2015 3631 2214 3702 ἀρετῆς
2248 3631 2519 3700 στέφανοι,
2552 3632 2646 3686 καὶ
2682 3632 2843 3703 μέχρι
2873 3631 2975 3699 τῆς
3012 3630 3321 3695 συντελείας
3350 3631 3419 3684 αὐ
3432 3630 3525 3701 τῆς
3546 3632 3685 3684 πᾶσι

2016 3731 2128 3793 τοῖς
2164 3724 2223 3783 εὖ
2252 3728 2506 3800 φρονοῦσι
2535 3729 2884 3793 διδασκαλίας
2914 3729 3173 3793 ὑπόθεσις
3199 3729 3431 3798 γίνεται.

2087 3827 2152 3898 β’.
2197 3828 2350 3882 Ἐπεὶ
2368 3822 2460 3882 οὖν
2487 3828 2709 3898 τοιαύτη
2730 3828 2823 3882 τοῦ
2847 3828 3056 3883 δικαίου
3095 3828 3286 3882 τούτου
3315 3828 3348 3898 ἡ
3378 3827 3568 3898 ἀρετὴ,
3606 3826 3685 3889 είς

2017 3927 2174 3998 ζῆλον
2195 3926 2384 3979 τούτου
2409 3926 2795 3998 διεγερθῶμεν,
2826 3928 2920 3981 καὶ
2938 3928 3036 3996 όψέ
3056 3925 3186 3995 γοῦν
3208 3941 3338 3978 ποτε
3359 3923 3458 3995 τὴν
3478 3923 3684 3977 οἰκείαν

2016 4026 2325 4095 ἐπιγνόντες
2356 4026 2652 4094 εὐγένειαν,
2681 4028 2772 4082 τὸν
2802 4028 3144 4099 πατριάρχην
3173 4023 3563 4096 μιμησώμεθα,
3588 4026 3684 4078 καὶ

2015 4124 2221 4179 ἔννοιάν
2246 4142 2367 4179 τινα
2397 4124 2648 4197 λάϐωμεν
2687 4126 2786 4197 τῆς
2830 4123 3100 4196 σωτηρίας
3133 4124 3233 4194 τῆς
3261 4121 3558 4193 ἡμετέρας,
3586 4123 3683 4176 καὶ

2017 4224 2215 4297 πολλὴν
2257 4224 2571 4295 ἐπιμέλειαν
2597 4223 2919 4296 ποιώμεθα,
2965 4222 3105 4276 ὥστε
3140 4222 3215 4294 μὴ
3241 4221 3303 4275 τὸ
3332 4221 3489 4292 σῶμα
3521 4220 3682 4292 μόνον

2015 4324 2296 4390 ὑγιαίνειν,
2330 4323 2466 4378 ἀλλά
2493 4324 2708 4395 καὶτῆς
2733 4323 2912 4394 ψυχῆς
2934 4320 3004 4375 τά
3025 4321 3255 4392 διάφορα
3279 4321 3563 4392 νοσήματα
3597 4321 3681 4374 ία-

2015 4418 2392 4494 τρεύειν.Ἐάν
2429 4424 2537 4496 γὰρ
2565 4422 2881 4494 βουλώμεθα
2909 4423 3100 4493 νήφειν
3148 4421 3242 4475 καὶ
3293 4419 3680 4492 ἐγρηγορέναι,

2015 4525 2122 4579 τῶν
2168 4524 2261 4579 τοῦ
2308 4523 2558 4596 σώματος
2600 4522 2786 4576 παθῶν
2843 4521 3207 4593 εὐκολώτερον
3245 4520 3315 4575 τά
3358 4520 3459 4589 τῆς
3503 4519 3682 4590 ψυχῆς

2021 4624 2280 4694 ἰασόμεθα
2307 4624 2608 4696 νοσήματα.
2638 4616 2761 4676 Οίον
2782 4621 2890 4693 γάρ
2917 4620 2983 4675 ἀν
3009 4620 3198 4693 ἐνοχλῇ
3228 4622 3358 4692 ἡμῖν
3382 4618 3570 4682 πάθος,
3586 4617 3679 4671 ἐάν

2018 4717 2287 4788 ἐθέλωμεν
2315 4716 2530 4771 εὐσεϐεῖ
2553 4715 2797 4786 λογισμῷ
2823 4716 2880 4768 ἐν
2912 4713 2987 4785 νῷ
3009 4712 3294 4768 ἀναλαϐεῖν
3315 4711 3374 4764 τὸ
3400 4708 3681 4778 κριτήριον

2015 4813 2116 4882 τῆς
2144 4813 2377 4884 φοϐερᾶς
2414 4812 2625 4882 ἐκείνης
2649 4811 2877 4883 ἡμέρας,
2905 4811 2999 4864 καὶ
3029 4809 3105 4881 μὴ
3136 4807 3269 4880 πρὸς
3298 4805 3359 4858 τὸ
3382 4802 3555 4874 παρὸν
3575 4802 3676 4871 ἡδὺ

2017 4907 2246 4971 ἀπιδεῖν,
2282 4906 2414 4960 ἀλλά
2437 4905 2534 4977 τὴν
2562 4906 2698 4977 μετὰ
2723 4906 2894 4960 ταῦτα
2914 4905 3104 4975 ὀδύνην
3133 4898 3485 4971 ἐγγινομένην
3522 4899 3674 4969 ἡμῖν,

2017 5002 2358 5073 παραχρῆμα
2381 5003 2752 5073 ἀποπτήσεται
2777 5003 2871 5057 καὶ
2886 4999 3225 5069 ἀποπηδήσει
3239 4994 3270 5033 δ
3291 4994 3388 5064 τῆς
3406 4992 3674 5065 ἡμετέρας

2016 5096 2213 5168 ψυχῆς.
2238 5098 2327 5168 Μὴ
2351 5097 2529 5151 τοίνυν
2555 5097 2906 5169 ρᾳθυμῶμεν,
2927 5094 3040 5150 ἀλλ’
3062 5090 3257 5153 ειδότες
3279 5090 3362 5143 ὅτι
3390 5087 3536 5157 ἀγών
3559 5089 3674 5145 ἐστι

2017 5184 2111 5236 καὶ
2138 5183 2508 5255 παλαίσματα,
2540 5186 2669 5238 κα¹ιο
2704 5185 2785 5237 δεῖ
2822 5176 3226 5253 παρατετάχθαι
3275 5173 3411 5248 πρὸς
3441 5175 3541 5244 τὴν
3574 5174 3677 5246 μά-

2016 5286 2136 5340 χην,
2166 5271 2287 5323 καθ’
2308 5271 2540 5342 ἑκάστην
2560 5269 2938 5343 ήμέρανήμῶν
2964 5265 3055 5318 τὸν
3078 5261 3334 5333 λογισμὸν
3363 5261 3676 5332 ἀκμάζοντα

2018 5356 2109 5410 καὶ
2135 5359 2325 5430 νεαρὸν
2346 5359 2576 5431 ἔχωμεν,
2594 5359 2683 5413 ἴνα
2701 5356 2800 5427 τῆς
2821 5353 3023 5408 ἀνωθεν
3049 5348 3363 5421 συμμαχίας
3382 5346 3679 5402 ἀπολαύον-

2016 5460 2127 5508 τες,
2158 5444 2249 5497 τοῦ
2296 5445 2528 5517 πονηροῦ
2576 5443 2766 5498 τούτου
2804 5439 3014 5511 θηρίου,
3049 5435 3203 5508 [425]
3240 5434 3333 5489 τοῦ
3390 5432 3676 5487 ἐπιϐούλου

2016 5529 2158 5599 λέγω
2178 5532 2274 5602 τῆς
2295 5532 2566 5605 σωτηρίας
2587 5530 2686 5599 τῆς
2706 5528 2871 5599 ὴμετέ
2879 5544 2998 5599 ρας,
3013 5524 3109 5596 τὴν
3135 5520 3372 5593 κεφαλὴν
3394 5518 3677 5590 συντρῖψαι

2079 5678 2277 5746 ὶξξαιίι.
2309 5690 2361 5732 el
2379 5686 2565 5746 aliquot
2577 5695 2704 5746 mss.
2726 5677 3299 5746 myqpipaﬁyimatzg
3328 5674 3408 5746 καὶ
3430 5672 3673 5746 ἀποπῃδᾷ.

2084 5743 2107 5772 °
2130 5743 2443 5806 Conjuncliva
2463 5734 2702 5808 'parlicula
2720 5756 2749 5793 e
2772 5734 2918 5793 Coi's'i.
2936 5734 2996 5788 ἐι
3017 5734 3127 5788 δεῖν.
3156 5736 3384 5797 supplem
3407 5741 3501 5783 est.
