4072 6216
1471 338 1539 392 ΙΝ
1576 337 1726 392 CAP.
1767 334 1952 390 XVIII.
1994 332 2234 387 GENES.
2277 328 2506 386 IIOMIL.
2547 322 2709 378 XLII.

3596 310 3702 364 386

1617 676 2137 770 HOMILIA
2209 673 2511 760 XLII.

679 946 810 1003 Cum
848 943 1200 999 surrexissent
1232 947 1409 993 autem
1435 937 1556 1001 viri,
1600 937 1940 1002 scspcxerunt
1967 929 2022 982 in
2054 927 2241 997 faciem
2276 924 2622 984 Sodomorum
2659 928 2709 974 et
2746 918 3049 976 Gomorrha:
3089 911 3238 986 (Gen.
3276 910 3362 966 18.
3401 908 3512 980 16).

559 1210 613 1266 l.
645 1206 934 1264 Didicimus
960 1219 1025 1259 ex
1064 1201 1312 1257 hesterna
1340 1196 1591 1260 lectione,
1624 1189 1907 1254 carissimi,
1949 1185 2062 1241 exi-

486 1302 646 1358 miam
685 1299 809 1370 justi
850 1295 1258 1366 hospitalitatem
1288 1308 1302 1344 :
1330 1303 1426 1358 age
1459 1296 1512 1342 et
1542 1300 1603 1339 ea
1633 1298 1748 1353 qua:
1773 1288 2066 1350 sequuntur

489 1399 799 1455 tractantes,
831 1387 988 1442 hodie
1008 1386 1276 1440 discamus
1304 1377 1681 1447 benignitatem
1708 1381 1762 1427 et
1781 1370 2064 1425 commise-

491 1481 749 1536 rationcm
767 1475 1102 1547 patriarchaz.
1123 1469 1369 1528 Possedit
1395 1468 1537 1522 enim
1566 1463 1760 1518 eximie
1781 1461 1956 1532 justus
1982 1459 2068 1512 ille

493 1574 716 1628 virtutes
761 1584 967 1624 omnes.
1016 1566 1200 1634 Neque
1247 1562 1388 1616 enim
1436 1564 1637 1611 tantum
1674 1554 1810 1609 bene
1852 1551 2069 1606 affectus

492 1664 686 1719 eratin
716 1661 1006 1732 proximos,
1041 1670 1211 1724 neque
1238 1649 1513 1720 hospitalis
1547 1654 1746 1701 tantum
1775 1654 1826 1699 et
1861 1642 2071 1696 miseri-

497 1771 640 1819 cors,
687 1752 780 1808 sed
811 1761 864 1806 et
891 1750 1022 1803 alias
1052 1748 1272 1801 virtutes
1301 1756 1488 1798 omnes
1515 1737 1742 1796 ubertim
1765 1734 2066 1791 exhibebat.

502 1845 633 1899 Nam
674 1843 785 1896 sive
827 1840 1132 1910 patientiam
1175 1834 1426 1891 exhibere
1465 1846 1599 1900 opus
1627 1828 1716 1896 sit,
1745 1825 1980 1880 invenies
2006 1823 2073 1878 il-

503 1935 609 1989 lum
643 1934 693 1988 iu
716 1947 980 1987 summum
1002 1931 1140 1984 illius
1165 1927 1417 1982 verticem
1441 1935 1778 1992 progressum
1807 1936 1821 1971 :
1852 1918 1962 1971 sive
1976 1915 2077 1968 hu-

504 2026 777 2078 militatem
801 2022 1060 2089 requiras,
1091 2017 1297 2071 videbis
1326 2025 1379 2069 et
1409 2015 1460 2067 in
1491 2015 1589 2065 hac
1617 2010 1747 2064 nulli
1776 2007 2075 2073 cedentem,

505 2113 596 2168 sed
619 2127 804 2166 omnes
825 2108 1286 2164 transcendentem
1311 2123 1323 2158 :
1354 2105 1467 2159 sive
1497 2102 1627 2156 ﬁdes
1653 2098 1970 2155 declaranda
1986 2098 2078 2164 sit,

505 2215 559 2260 et
588 2206 638 2258 in
677 2203 777 2257 hoc
823 2217 933 2271 pra:
961 2199 1206 2255 omnibus
1249 2197 1365 2251 aliis
1393 2194 1602 2250 laudem
1645 2191 1954 2246 merebitur.
1987 2189 2083 2243 Est

505 2296 646 2348 enim
674 2293 848 2346 anima
878 2291 994 2362 ejus
1023 2291 1194 2359 imago
1221 2287 1461 2358 qutedam
1493 2286 1743 2348 animata,
1775 2283 1953 2337 varios
1972 2281 2084 2335 vir-

511 2394 676 2438 tutum
704 2383 907 2437 colores
927 2382 977 2435 in
1000 2394 1057 2434 se
1085 2388 1382 2434 ostentans.
1414 2377 1543 2442 Quae
1568 2374 1724 2444 igitur
1753 2373 1906 2428 nobis
1933 2380 2082 2441 post-

512 2474 609 2528 hac
638 2474 817 2528 relicta
857 2481 941 2526 est
968 2470 1258 2534 excusatio,
1303 2482 1423 2522 cum
1465 2479 1600 2519 unus
1650 2464 1810 2518 homo
1866 2469 2084 2516 cunctas

511 2564 562 2617 in
592 2578 648 2617 se
679 2564 898 2616 virtutes
928 2558 1216 2630 p05sideat,
1246 2573 1343 2612 nos
1373 2570 1498 2610 vero
1529 2556 1598 2608 ita
1627 2562 1874 2622 expertes
1901 2567 2085 2607 earum

511 2657 696 2721 simus,
731 2664 788 2709 ut
832 2663 898 2707 ne
947 2667 1105 2707 unam
1135 2650 1347 2720 quidem
1401 2661 1652 2703 exercere
1696 2643 1888 2714 juvet?
1933 2642 2086 2711 Quod

509 2746 652 2799 enim
699 2759 802 2798 non
842 2743 962 2812 quia
1015 2757 1118 2795 non
1154 2752 1451 2810 possumus,
1487 2736 1578 2791 scd
1609 2736 1728 2806 quia
1759 2735 2026 2800 nolumus,
2055 2748 2086 2787 a

515 2835 668 2888 bonis
715 2814 960 2906 omnibus
995 2832 1162 2885 simus
1190 2830 1365 2895 alieni,
1403 2828 1531 2883 illud
1564 2826 1845 2882 manifeste
1891 2826 2090 2881 indicat

513 2925 654 2995 quod
680 2925 828 2978 multi
855 2923 1090 2992 ejusdem
1115 2933 1318 2976 natura:
1349 2921 1591 2975 homines
1619 2920 1952 2974 inveniantur
1978 2918 2088 2972 vir-

515 3015 715 3068 tutibus
757 3013 1049 3080 conSpicui.
1083 3013 1148 3066 Et
1174 3027 1300 3067 vero
1328 3010 1464 3065 istud
1490 3013 1660 3079 ipsum
1693 3009 1833 3078 quod
1862 3010 2090 3078 patriar-

517 3104 636 3169 cha,
685 3103 773 3172 qui
819 3111 942 3155 ante
987 3103 1173 3172 gratia:
1225 3111 1430 3170 tempus
1472 3111 1525 3154 et
1562 3109 1683 3154 ante
1716 3100 1885 3169 legem
1917 3099 2031 3163 fuit,
2061 3114 2092 3154 a

517 3195 694 3264 seipso
717 3202 768 3248 et
792 3209 821 3246 a
850 3191 1069 3248 scientia
1100 3208 1218 3263 qua:
1262 3200 1465 3247 natura:
1493 3191 1647 3245 insita
1676 3200 1778 3258 est,
1808 3191 1858 3244 in
1887 3199 2090 3245 tantum

519 3286 755 3356 pervenit
781 3285 988 3339 virtutis
1025 3283 1312 3353 fastigium,
1351 3283 1544 3337 sufficit
1571 3293 1626 3336 ut
1671 3297 1858 3336 omnes
1886 3291 2093 3337 nostras

517 3380 886 3432 excusationes
917 3376 1128 3432 refutet.
1163 3379 1231 3430 At
1261 3377 1395 3431 forte
1425 3376 1602 3430 dicent
1626 3375 1787 3444 aliqui
1822 3392 1835 3428 :
1871 3374 1961 3428 Vir
2007 3373 2094 3429 ille

520 3469 738 3522 multam
765 3483 794 3520 a
839 3468 946 3522 Deo
969 3469 1192 3538 gratiam
1222 3477 1581 3537 consequutus
1619 3477 1699 3520 est
1732 3507 1746 3529 ,
1780 3475 1833 3520 et
1859 3465 2093 3520 mutuum

523 3561 774 3615 Dominus
797 3561 913 3630 ejus
937 3562 1260 3631 singularem
1288 3561 1468 3614 habuit
1497 3574 1698 3614 curam.
1732 3558 1928 3624 Etiam,
1960 3557 2012 3612 id
2042 3565 2098 3612 et

521 3669 619 3720 ego
648 3653 814 3707 fateor
859 3670 874 3706 :
925 3669 1108 3707 verum
1154 3654 1255 3707 nisi
1299 3653 1502 3723 primus
1545 3661 1599 3706 et
1628 3653 1740 3720 ipse
1770 3651 1909 3720 quod
1940 3665 2097 3705 suum

523 3752 635 3795 erat
677 3743 906 3806 fecisset,
954 3759 1058 3796 non
1088 3753 1229 3798 tanta
1271 3759 1300 3796 a
1345 3744 1570 3796 Domino
1608 3742 1945 3796 obtinuisset.
1996 3742 2100 3796 Ea-

527 3841 741 3899 propter
768 3846 873 3884 non
902 3832 1000 3883 hoc
1026 3832 1198 3884 solum
1227 3832 1453 3899 respice,
1478 3831 1569 3883 sed
1593 3832 1643 3883 in
1671 3845 1988 3899 unoquoque
2019 3831 2099 3885 di-

527 3920 750 3989 ligenter
791 3921 1024 3984 attende,
1057 3920 1322 3990 quomodo
1368 3921 1596 3988 primum
1629 3920 1680 3974 in
1719 3920 1964 3974 omnibus
1990 3919 2100 3974 vir-

525 4013 652 4066 tutis
680 4027 790 4066 sua:
811 4013 1232 4082 experimentum
1244 4013 1560 4077 exhibuerit,
1584 4021 1741 4082 atque
1765 4013 1840 4067 sic
1860 4013 2098 4068 divinum

523 4104 774 4158 meruerit
805 4105 1127 4174 praesidium.
1171 4104 1294 4159 Ihcc
1333 4120 1474 4173 sape
1503 4105 1650 4159 vobis
1693 4104 2096 4174 declaravimus,

523 4195 667 4250 illum
713 4211 922 4266 nempe,
951 4195 1163 4266 quando
1206 4212 1234 4249 a
1269 4197 1432 4265 patria
1465 4211 1558 4250 sua
1593 4196 1872 4266 migrabat,
1914 4212 2022 4252 non
2068 4212 2097 4250 a

525 4287 947 4354 progenitoribus
985 4301 1168 4341 semen
1213 4286 1333 4340 lidei
1382 4286 1674 4356 accepisse,
1728 4287 1821 4341 sed
1861 4303 1890 4342 a
1919 4288 2098 4357 seipso

524 4376 676 4429 valde
709 4377 1007 4446 religiosam
1028 4387 1186 4448 atque
1215 4379 1353 4447 piam
1394 4388 1627 4433 mentem
1665 4379 1968 4436 exhibuisse
1999 4397 2014 4447 ;
2046 4389 2100 4436 et

525 4466 795 4522 hominem
826 4469 992 4536 illum,
1024 4485 1145 4524 cum
1172 4485 1342 4538 nuper
1365 4484 1392 4522 a
1414 4469 1663 4524 Chaldaea
1697 4472 1984 4525 translatus
2010 4486 2100 4528 es-

524 4567 622 4618 set.
676 4558 866 4612 iterum
912 4561 1087 4614 subito
1131 4563 1338 4629 jussum
1374 4561 1479 4615 alio
1507 4576 1746 4631 pergere,
1793 4571 1845 4616 ct
1869 4563 2099 4617 alienam

525 4657 721 4701 terram
737 4663 845 4704 sua:
872 4651 1141 4720 pneferre,
1173 4667 1276 4706 non
1303 4654 1587 4708 ﬂuctuasse
1607 4653 1783 4706 animo
1804 4694 1818 4719 ,
1850 4669 1954 4707 non
1983 4653 2098 4708 dis-

523 4737 729 4799 tulisse,
763 4739 855 4793 sed
902 4741 1079 4794 statim
1106 4743 1357 4811 imperata
1399 4741 1588 4798 fecisse
1612 4784 1626 4806 ,
1660 4742 1815 4812 idque
1857 4759 1977 4798 cum
2008 4759 2103 4800 ne-

521 4831 681 4884 sciret
697 4829 911 4884 ubinam
939 4831 1148 4885 errandi
1170 4832 1374 4886 futurus
1398 4842 1537 4887 esset
1564 4833 1701 4897 finis,
1725 4844 1777 4888 et
1801 4835 2095 4901 'estinasse,

523 4932 576 4977 et
605 4935 934 4992 properasse,
980 4931 1037 4976 ut
1063 4923 1152 4992 qui
1191 4923 1243 4976 in
1274 4924 1336 4976 iis
1361 4939 1475 4994 qum
1504 4927 1657 4994 plane
1690 4926 1887 4980 incerta
1918 4938 2092 4994 erant,

529 5036 794 5098 tamquam
822 5038 966 5083 certa
1007 5037 1205 5091 essent,
1239 5030 1540 5082 mandatum
1573 5029 1662 5082 Dei
1687 5027 1933 5082 erunibus
1957 5041 2092 5098 prte-

524 5117 797 5172 fcrendum
821 5118 1058 5173 duceret.

516 5247 524 5272 l

516 5311 525 5352 ἵ
603 5308 831 5362 Facientt
857 5310 989 5374 quod
1015 5307 1065 5358 in
1095 5321 1147 5356 se
1176 5312 1248 5355 est
1289 5301 1422 5354 Deus
1440 5301 1684 5353 auxilium
1715 5319 1812 5355 non
1839 5315 2002 5373 negat.
2032 5331 2099 5343 σ-

536 5402 716 5455 Vidisti
742 5399 1008 5471 quomodo
1037 5397 1103 5449 ab
1139 5396 1285 5449 initio
1314 5409 1432 5464 qua:
1476 5409 1504 5446 a
1536 5395 1818 5462 semetipso
1848 5406 1997 5450 erant
2027 5405 2100 5450 at-

533 5490 731 5554 tuli-rit,
757 5497 812 5542 et
832 5496 1108 5557 propterea
1131 5484 1306 5539 divina
1336 5483 1572 5553 quotidie
1601 5482 1830 5538 ubertim
1856 5499 2098 5554 suscepe-

536 5581 644 5632 rit?
685 5578 887 5632 Eodem
932 5577 1110 5640 modo,
1149 5576 1348 5642 dilecti,
1377 5577 1536 5629 etiam
1568 5589 1685 5636 nos,
1711 5576 1754 5629 si
1786 5577 2106 5630 voluerimus

538 5685 762 5736 superna
814 5667 911 5722 frui
953 5669 1138 5738 gratia,
1187 5670 1454 5724 imitemur
1505 5668 1881 5740 patria‘rcham,
1936 5679 1991 5722 ct
2043 5684 2109 5724 ne

539 5770 852 5816 cunctemur
903 5761 1048 5816 obire
1100 5764 1370 5832 virtutem,
1418 5765 1510 5819 sed
1561 5776 1985 5838 unamquamtpie
2043 5762 2108 5815 ita

2167 1198 2532 1249 exerceamus,
2562 1193 2618 1237 ut
2646 1183 2856 1238 oculum
2883 1186 3048 1250 Illum,
3076 1178 3166 1254 qui
3193 1185 3354 1254 sopiri
3380 1186 3570 1253 nescit,
3609 1200 3740 1242 con-

2168 1274 2408 1327 ciliemus
2434 1273 2585 1328 nobis
2613 1272 2677 1325 ad
2707 1274 3008 1327 mercedem
3031 1273 3380 1328 tribuendam.
3416 1275 3628 1330 Etenim
3656 1276 3746 1344 qui

2168 1366 2268 1418 scit
2297 1379 2490 1418 arcana
2540 1367 2734 1418 mentis
2776 1375 2990 1429 nostrae,
3019 1379 3142 1419 cum
3173 1365 3362 1420 viderit
3386 1380 3571 1421 sanam
3597 1382 3748 1421 men-

2172 1463 2277 1508 tem
2325 1463 2583 1520 nostram,
2615 1465 2668 1510 et
2699 1471 2794 1509 nos
2824 1456 3004 1510 conari
3033 1464 3088 1510 et
3127 1457 3254 1510 eniti
3285 1458 3348 1510 ad
3391 1457 3600 1512 virtutis
3623 1472 3748 1513 cer-

2173 1551 2388 1616 tamina,
2416 1550 2594 1604 statim
2618 1559 2745 1604 nuttt
2763 1549 3064 1604 ctsnhsidio
3088 1563 3184 1605 suo
3209 1563 3308 1604 nos
3332 1550 3566 1620 adjuvat,
3591 1551 3749 1605 simul

2172 1653 2224 1700 ct
2265 1644 2474 1698 labores
2504 1652 2714 1698 nostros
2742 1643 3058 1697 imminuens
3078 1682 3095 1708 ,
3137 1651 3188 1697 et
3217 1642 3479 1698 infirmam
3509 1653 3750 1699 naturam

2173 1745 2410 1789 nostram
2439 1733 2717 1800 roborans,
2755 1733 3052 1802 uberesque
3099 1733 3476 1788 retributiones
3499 1734 3754 1804 suppedi-

2178 1837 2316 1882 tans.
2349 1827 2488 1882 Sane
2521 1826 2573 1881 in
2594 1825 2887 1896 Olympicis
2911 1825 3289 1880 certaminibus
3310 1827 3616 1897 neutiquam
3634 1826 3754 1897 quis

2177 1920 2280 1973 tale
2301 1919 2427 1989 quid
2458 1919 2693 1974 inveniet
2721 1937 2734 1971 z
2767 1918 2861 1972 sed
2887 1927 2990 1972 stat
3018 1919 3330 1988 paedotriba,
3366 1919 3528 1990 fitque
3549 1930 3757 1990 specta-

2181 2019 2260 2060 ιυι·
2285 2018 2490 2062 tantum
2518 2009 2853 2074 certantium,
2885 2023 3056 2078 neque
3085 2009 3139 2063 in
3186 2010 3290 2064 ulla
3317 2025 3376 2064 re
3402 2020 3570 2080 potest
3602 2011 3757 2080 adju-

2179 2114 2324 2162 vare,
2355 2098 2448 2152 sed
2479 2107 2756 2168 exspectat
2801 2099 2973 2154 donec
3015 2101 3233 2156 victoria
3277 2101 3576 2157 declaretur
3605 2121 3618 2156 :
3647 2102 3758 2158 Do-

2181 2191 2354 2245 minus
2401 2200 2579 2245 autem
2622 2201 2804 2246 noster
2843 2207 2946 2246 non
2992 2194 3085 2258 ita,
3136 2193 3230 2247 sed
3278 2194 3433 2248 simul
3483 2195 3760 2250 uobiscum

2182 2292 2370 2351 certat,
2411 2292 2465 2338 et
2513 2299 2726 2337 manum
2767 2283 3006 2354 porrigit,
3040 2293 3093 2337 et
3129 2284 3287 2339 simul
3316 2286 3676 2356 congreditur,
3709 2295 3764 2342 et

2182 2375 2330 2442 quasi
2357 2373 2590 2443 undique
2615 2374 2832 2428 enititur
2859 2383 2915 2427 ut
2948 2373 3310 2429 adversarium
3333 2385 3576 2430 nostrum
3605 2377 3758 2432 nobis

2187 2463 2376 2527 tradat,
2411 2464 2644 2533 nihilque
2687 2479 2792 2518 non
2837 2464 2965 2533 agit,
3014 2474 3258 2536 satagens
3289 2466 3424 2520 utin
3475 2467 3766 2524 certamine

2189 2555 2584 2624 praevalcamus,
2611 2565 2664 2609 et
2688 2555 2982 2619 vincamus,
3010 2571 3116 2625 quo
3140 2556 3299 2625 capiti
3341 2566 3523 2613 nostro
3545 2559 3762 2615 immur-

2187 2647 2488 2702 cescibilcm
2516 2647 2752 2714 imponat
2790 2660 3063 2701 coronam.
3097 2647 3346 2701 Coronam
3373 2649 3538 2713 enim,
3575 2650 3766 2720 inquit,

2188 2737 2466 2807 gratiarum
2505 2737 2723 2807 accipies
2767 2737 2819 2789 in
2855 2736 3021 2808 capite
3048 2735 3346 2808 luo-(Prov.
3380 2738 3430 2794 I.
3462 2737 3539 2801 9).
3571 2738 3686 2794 Jam
3714 2741 3770 2796 in

2191 2829 2296 2883 illis
2343 2827 2636 2900 Olympicis
2677 2828 3062 2883 certaminibus
3097 2843 3293 2884 corona
3339 2840 3460 2899 post
3493 2831 3770 2887 victoriam

2192 2920 2320 2974 nihil
2363 2919 2502 2974 aliud
2542 2929 2643 2988 est,
2676 2936 2835 2990 quam
2865 2920 2986 2974 folia
3018 2921 3174 2987 lauri,
3204 2936 3362 2991 quam
3400 2921 3689 2991 applausus
3716 2934 3774 2980 et

2191 3013 2504 3080 acclamatio
2531 3013 2695 3083 vulgi,
2719 3029 2837 3084 qua:
2867 3013 3045 3069 omnia
3075 3021 3356 3084 appetente
3384 3029 3604 3084 vespera
3633 3031 3773 3072 mar-

2192 3113 2409 3158 cescunt
2434 3114 2484 3158 et
2514 3113 2736 3173 pereunt
2760 3121 2774 3159 :
2805 3113 2858 3158 at
2883 3118 3078 3160 corona
3105 3119 3222 3174 quae
3245 3119 3340 3173 pro
3365 3105 3622 3162 virtutect
3653 3107 3772 3176 ejus

2194 3193 2476 3248 sudoribus
2505 3194 2678 3261 datur,
2717 3193 2849 3248 nihil
2893 3194 3052 3249 habet
3085 3194 3360 3262 sensibile,
3391 3211 3562 3266 neque
3591 3198 3642 3252 in
3675 3197 3777 3260 hoc

2194 3284 2389 3338 saeculo
2420 3283 2696 3338 nobiscum
2722 3284 3056 3350 dissolvitur,
3086 3285 3181 3342 sed
3211 3296 3463 3356 perpetua
3490 3296 3572 3342 est
3601 3297 3654 3343 et
3677 3288 3778 3344 im-

2195 3375 2456 3441 mortalis,
2501 3373 2796 3429 extendens
2833 3389 2891 3430 se
2942 3375 2996 3430 in
3045 3376 3222 3430 omnia
3273 3377 3488 3432 saecula.
3535 3378 3600 3432 Et
3629 3378 3778 3436 labor

2197 3467 2409 3536 quidem
2451 3476 2532 3522 est
2568 3467 2716 3536 parvi
2745 3469 3001 3538 temporis
3030 3483 3046 3533 ;
3075 3483 3282 3524 merces
3310 3478 3486 3526 autem
3537 3471 3776 3528 laborum

2198 3556 2357 3611 ﬁnem
2400 3571 2504 3611 non
2533 3556 2710 3624 habet,
2752 3572 2924 3628 neque
2953 3557 3095 3613 cedit
3125 3560 3370 3629 tempori,
3417 3575 3589 3631 neque
3631 3577 3779 3618 mar-

2198 3651 2381 3706 cescit.
2412 3650 2480 3705 Et
2521 3660 2578 3704 ut
2605 3651 2843 3717 discatis,
2893 3665 3018 3706 ecce
3060 3661 3190 3720 quot
3227 3651 3352 3706 anui
3385 3655 3776 3722 prmterierunt,

2199 3749 2328 3809 quot
2344 3741 2734 3808 generationes,
2760 3756 2790 3794 a
2815 3756 2921 3810 quo
2948 3740 3240 3808 patriarcha
3275 3742 3360 3797 hic
3391 3743 3442 3796 in
3475 3743 3607 3798 vivis
3637 3744 3734 3800 fuit
3761 3763 3776 3800 :

2200 3838 2254 3883 et
2277 3830 2412 3882 sicut
2430 3828 2545 3882 heri
2569 3837 2623 3882 et
2652 3828 2830 3892 hodie,
2859 3829 2928 3882 ita
2951 3829 3152 3898 fulgent
3188 3830 3303 3898 ejus
3333 3846 3427 3900 pro
3459 3834 3650 3888 virtute
3676 3849 3776 3890 co-

2203 3933 2369 3985 ronm,
2402 3925 2456 3973 ct
2483 3932 2652 3988 usque
2677 3917 2744 3972 ad
2782 3920 3294 3976 consummationem
3322 3923 3500 3977 smculi
3534 3924 3780 3982 omnibus

2201 4014 2290 4084 qui
2336 4021 2482 4068 recte
2531 4012 2767 4082 sapiunt,
2797 4020 3163 4082 argumentum
3194 4023 3276 4070 est
3317 4017 3580 4071 sermonis
3607 4027 3661 4073 et
3683 4017 3780 4073 do-

2203 4103 2405 4158 ctrinze.

2271 4195 2327 4248 2.
2357 4193 2585 4248 Facilius
2610 4195 2865 4249 medemur
2888 4195 3072 4250 anima:
3094 4237 3108 4260 ,
3140 4213 3291 4266 quam
3317 4199 3543 4268 corporis
3569 4202 3776 4258 morbis.

2202 4318 2273 4328 —
2301 4287 2530 4342 Proinde
2546 4287 2666 4357 quia
2697 4287 2818 4342 talis
2841 4295 2923 4342 est
2951 4289 3118 4342 virtus
3142 4289 3294 4359 justi,
3326 4291 3391 4345 ad
3421 4293 3783 4351 :emulandum

2206 4378 2354 4432 illum
2402 4379 2852 4448 cxpergiscamur,
2903 4386 2957 4433 et
2993 4379 3075 4432 vel
3119 4394 3241 4434 sero
3291 4380 3502 4437 tandem
3547 4393 3782 4440 nostram

2207 4478 2561 4540 agnoscentes
2606 4467 2957 4535 nobilitatem,
3001 4469 3350 4539 patriarcham
3415 4471 3702 4541 imitemur,
3733 4487 3789 4530 ct.

2203 4562 2270 4617 de
2301 4561 2468 4616 salute
2500 4570 2679 4616 nostra
2721 4562 3036 4631 cogitemus,
3070 4561 3235 4616 multa
3282 4562 3516 4619 adhibita
3559 4565 3784 4637 diligen-

2207 4652 2298 4719 tia,
2331 4662 2388 4706 ut
2417 4667 2520 4706 non
2553 4651 2722 4706 solum
2753 4665 2947 4720 corpus
2976 4667 3163 4706 sanum
3190 4653 3277 4717 sit,
3308 4653 3401 4708 sed
3425 4664 3478 4710 et
3504 4665 3560 4709 ut
3582 4655 3782 4711 diversi

2205 4746 2396 4800 anima:
2415 4745 2583 4800 morbi
2611 4752 2880 4799 curentur.
2920 4741 3051 4796 Nam
3073 4743 3118 4797 si
3141 4743 3641 4801 voluerimussobrii
3667 4760 3788 4801 esse

2205 4854 2267 4893 ac
2282 4838 2483 4908 vigiles,
2503 4836 2708 4891 facilius
2723 4835 2940 4890 morbos
2959 4835 3148 4889 anima:
3167 4850 3324 4905 quam
3346 4836 3584 4906 corporis
3597 4849 3786 4890 cmen-

2204 4928 2468 4983 dahimus.
2520 4925 2652 4981 Nam
2679 4927 2888 4997 quoties
2920 4941 3018 4981 nos
3045 4925 3257 4980 all‘ectio
3286 4925 3546 4996 quaepiam
3576 4935 3791 4995 pertur-

2207 5022 2317 5086 bat,
2350 5021 2393 5075 si
2423 5020 2746 5074 voluerimus
2786 5019 2870 5089 pia
2920 5019 3273 5089 religiosaque
3314 5025 3492 5072 mente
3547 5017 3786 5087 cogitare

2201 5113 2458 5183 judicium
2486 5111 2590 5167 diei
2639 5111 2781 5166 illius
2816 5109 3087 5175 terribilis,
3131 5118 3184 5162 et
3226 5121 3330 5162 non
3368 5107 3433 5162 ad
3462 5116 3782 5178 praesentem

2206 5206 2532 5276 voluptatem
2566 5213 2831 5274 spectare,
2881 5202 2972 5256 sed
3015 5199 3082 5256 ad
3105 5199 3371 5256 cruciatus
3405 5215 3543 5270 quos
3574 5212 3791 5274 propter

2209 5297 2357 5352 illam
2379 5295 2626 5358 feremus,
2656 5295 2833 5349 statim
2863 5292 2931 5346 ab
2951 5292 3125 5344 anima
3155 5299 3336 5345 nostra
3367 5292 3568 5349 resiliet
3586 5303 3639 5349 et
3658 5309 3791 5352 avo-

2209 5387 2356 5442 labit.
2400 5384 2694 5456 Eapmpter
2723 5399 2790 5438 ne
2833 5381 3004 5436 simus
3031 5381 3384 5452 negligentes,
3420 5383 3516 5439 scd
3561 5385 3792 5443 scientes

2208 5490 2432 5547 agonem
2461 5489 2579 5530 esse
2619 5482 2674 5527 ct
2701 5481 2996 5536 certamen,
3027 5480 3085 5525 ut
3126 5471 3178 5526 in
3207 5471 3391 5544 przelio
3419 5473 3663 5531 hostibus
3693 5493 3793 5533 uos

2208 5569 2522 5638 objiciamus
2564 5575 2812 5636 oportet,
2843 5563 3081 5636 quotidie
3122 5575 3430 5636 renovetur,
3465 5584 3527 5625 ac
3554 5570 3790 5640 vigorem

2205 5661 2492 5733 juvenilem
2539 5661 2760 5718 reciniat
2791 5660 3000 5715 animus
3043 5671 3245 5727 noster,
3292 5673 3352 5718 ut
3395 5678 3627 5734 superno
3671 5663 3793 5719 freti

2215 5751 2480 5824 praesidio,
2514 5752 2664 5808 mala:
2696 5752 2851 5825 hujus
2883 5751 3088 5822 bestiae,
3114 5753 3439 5811 insidiatoris
3465 5755 3584 5812 dico
3606 5754 3797 5810 salutis
