4072 6216
443 268 559 324 ’⁸587

459 393 674 452 nostrm,
699 392 860 454 caput
895 383 1072 440 statim
1110 396 1388 441 conterere
1427 384 1714 440 valeamus.
1743 385 1861 456 Ipse
1887 386 2028 441 enim

448 476 720 530 Dominus
749 475 1186 546 nobispromisit,
1211 475 1394 529 dicens
1423 490 1437 528 :
1469 475 1598 529 Ecce
1634 475 1747 528 dedi
1775 476 1911 529 vobis
1938 492 2033 544 po-

454 577 679 620 testatem
705 566 935 619 calcandi
956 582 1108 636 super
1135 575 1386 635 serpentes
1406 576 1452 619 et
1478 567 1786 636 scorpiones,
1815 574 1863 620 et
1883 584 2037 636 super

437 675 650 712 omnem
680 659 910 711 virtutem
939 658 1130 710 inimici
1158 656 1308 728 (Luc.
1344 657 1431 712 10.
1463 659 1576 728 19).
1610 659 1894 730 Vigilemus
1933 660 2033 729 igi-

453 759 559 815 tur,
591 749 836 811 obsecro,
871 757 928 802 ut
961 747 1182 818 vestigia
1209 747 1364 819 hujus
1405 749 1719 818 patriarchae
1748 759 2034 821 sequentes

439 840 517 895 ad
565 839 814 896 virtutem
853 839 1209 894 exercendam
1244 882 1259 908 ,
1304 841 1519 896 easdem
1563 855 1792 896 coronas
1840 841 2034 896 mereri

439 933 738 1002 possimus,
763 941 818 987 et
843 929 907 986 ad
933 931 1049 1002 ejus
1087 933 1236 988 sinus
1272 932 1570 1004 pervenire,
1605 942 1655 988 et
1681 933 1914 1004 eti‘ugere
1945 949 2036 1005 ge-

449 1020 644 1079 hennae
678 1039 910 1094 pmnam,
936 1032 992 1078 et
1033 1024 1248 1093 assequi
1297 1024 1436 1080 bona
1467 1025 1554 1080 illa
1587 1024 1887 1080 ineﬁ‘abilia.
1922 1025 2032 1081 Ve-

450 1131 569 1170 rum
597 1125 652 1170 ut
690 1115 918 1184 amplior
962 1114 1053 1169 ﬁat
1094 1124 1272 1170 vestra
1320 1117 1612 1183 atmulatio,
1651 1126 1706 1172 et
1750 1119 1920 1189 magis
1963 1117 2033 1173 ad

450 1206 762 1264 imitandum
793 1208 933 1262 hunc
947 1206 1146 1278 justum
1168 1221 1263 1262 vos
1290 1223 1647 1277 provocemus
1677 1227 1690 1262 :
1715 1223 1815 1279 age
1841 1210 2030 1264 iterum

443 1317 508 1356 es
534 1302 752 1358 historia
775 1301 916 1357 illius
934 1316 1055 1356 cum
1073 1309 1251 1357 vestra
1278 1301 1501 1356 caritate
1530 1301 1920 1372 colloquentes,
1944 1319 2028 1356 se-

445 1395 660 1462 quentia
696 1393 1086 1465 aggrediamur.
1121 1392 1280 1464 Igitur
1310 1401 1428 1464 post
1458 1393 1655 1464 largam
1679 1392 1822 1448 illam
1849 1392 2032 1463 hospi-

445 1488 727 1553 talitatem,
761 1501 919 1556 quam
947 1486 1217 1548 exercuit,
1251 1500 1355 1540 non
1390 1484 1591 1541 lautitia
1613 1485 1695 1540 vel
1729 1485 2032 1556 multiplici-

444 1585 556 1633 tate
582 1577 902 1632 ferculorum
929 1619 944 1643 ,
976 1576 1070 1631 sed
1099 1573 1372 1632 alacritate
1399 1587 1449 1632 et
1493 1576 1810 1632 liberalitate
1837 1578 2029 1632 mentis

445 1668 782 1734 :estimatam,
813 1667 992 1722 statim
1020 1666 1390 1738 hospitalitatis
1420 1665 1720 1723 mercedem
1746 1667 1974 1722 obtinuit
2009 1686 2024 1722 :

443 1768 498 1814 et
525 1758 710 1814 didicit
733 1759 975 1828 quisnam
1009 1773 1242 1830 praesens
1287 1758 1377 1813 ille
1403 1768 1577 1823 esset,
1601 1766 1656 1814 et
1677 1767 1872 1830 quanta
1914 1759 2028 1829 ejus

445 1852 636 1906 virtus.
669 1851 920 1905 Abiturus
949 1848 1094 1904 illinc
1118 1848 1186 1904 ad
1214 1848 1568 1905 subvertenda
1601 1848 1830 1905 Sodoma
1852 1849 2030 1920 sequi-

445 1951 530 1996 tur
549 1940 848 2012 patriarcha
874 1981 890 2008 ,
921 1948 976 1996 et
1017 1939 1237 1996 honoris
1276 1954 1434 1995 causa
1472 1940 1790 2006 comitatur,
1834 1940 2025 2010 inquit.

444 2031 578 2088 Vide
608 2032 816 2086 Domini
835 2031 1170 2086 clementiam
1198 2039 1252 2086 et
1281 2038 1478 2101 quanta
1507 2029 2024 2101 benignitateindnl-

443 2128 724 2196 gentiaque
745 2140 891 2191 usus,
923 2123 1240 2193 simuljusto
1263 2122 1520 2179 honorem
1551 2123 1827 2193 impendit,
1847 2123 2026 2179 ctvir-

443 2225 608 2272 tatem
639 2216 692 2270 in
729 2216 905 2270 anima
943 2215 1061 2286 ejus
1100 2216 1352 2271 latentem
1390 2214 1642 2287 detegere
1693 2216 1877 2273 voluit.
1933 2217 2022 2273 16.

441 2309 567 2365 Cum
593 2309 1125 2374 surrexissentautem,
1156 2308 1348 2378 inquit,
1376 2309 1494 2376 uiri,
1524 2319 1846 2380 respexerunt
1871 2310 1922 2365 in
1943 2313 2027 2382 fa-

441 2402 567 2454 ciem
597 2399 936 2456 Sodomorum
963 2409 1009 2455 et
1035 2399 1349 2455 Gomorrhat.

514 2494 653 2550 Deus
671 2494 930 2548 Abraham
941 2493 1269 2547 consiliorum
1289 2507 1496 2546 suorum
1509 2493 1802 2563 participat.
1823 2493 2027 2562 Quanta

443 2588 632 2640 honore
647 2587 845 2656 justum
864 2585 1104 2654 dignatur
1123 2581 1283 2638 Deus.
1306 2610 1380 2623 -
1407 2583 1482 2638 De
1501 2583 1704 2653 angelis
1729 2583 1879 2639 dicit.
1893 2582 2024 2640 Nam

445 2679 534 2734 hic
558 2677 772 2750 quidem
799 2677 854 2732 in
884 2675 1226 2731 tabernaculo
1252 2674 1504 2742 Abrahae,
1547 2684 1602 2732 et
1631 2676 1824 2748 angeli,
1849 2685 1905 2731 et
1931 2691 2026 2732 eo-

446 2785 562 2823 rum
593 2767 848 2824 Dominus
876 2782 972 2839 per
986 2767 1127 2821 idem
1157 2775 1366 2836 tempus
1394 2768 1492 2822 visi
1509 2775 1633 2824 sunt
1656 2784 1669 2820 :
1695 2776 1876 2836 postea
1899 2783 2028 2822 vero

446 2860 523 2914 illi
563 2859 778 2931 quidem
809 2868 866 2914 ut
895 2857 1123 2913 ministri
1151 2858 1298 2913 missi
1342 2866 1468 2912 sunt
1513 2858 1581 2912 ad
1623 2858 2024 2914 subversionem

446 2952 654 3008 illarum
705 2950 998 3018 civitatum,
1053 2950 1166 3019 ipse
1209 2958 1387 3004 autem
1439 2949 1692 3004 Dominus
1729 2949 1944 3016 mansit,
1975 2961 2030 3004 et

446 3043 596 3114 qttasi
616 3042 817 3097 amicus
847 3042 1020 3096 amico
1040 3041 1187 3111 justo
1213 3040 1640 3096 communicabat
1667 3056 1910 3110 quaenam
1951 3039 2030 3094 la-

452 3145 638 3190 cturus
664 3142 825 3190 esset.
852 3132 1006 3190 Unde
1049 3132 1152 3187 illis
1189 3131 1464 3202 profectis,
1503 3133 1589 3187 l7.
1628 3131 1791 3198 Dixit,
1837 3131 2025 3201 inquit,

450 3226 704 3281 Dominus
732 3239 751 3279 :
796 3223 919 3278 Non
955 3221 1126 3278 celabo
1153 3222 1406 3277 Abraltam
1433 3238 1646 3295 puerum
1691 3238 1874 3286 meum,
1918 3234 2030 3292 qua:

447 3336 537 3391 ego
556 3320 759 3392 faciam.
787 3316 973 3389 Magna
1001 3316 1094 3372 Dei
1124 3314 1469 3386 indulgentia,
1499 3323 1554 3370 et
1576 3328 1788 3369 omnem
1827 3327 2034 3370 sermo-

449 3429 570 3468 nem
611 3427 868 3483 superans
893 3410 1036 3481 justo
1086 3409 1256 3463 honor
1283 3407 1590 3463 exhibetur.
1637 3405 1772 3460 Vide
1801 3420 2031 3475 namque

446 3520 553 3576 quo
591 3512 746 3577 pacto
778 3503 953 3574 ipsum
994 3500 1294 3572 alloquatur
1338 3499 1488 3569 quasi
1534 3497 1695 3553 homo
1733 3496 2029 3566 hominem,

452 3599 830 3653 demonstrans
856 3594 1033 3661 nobis,
1062 3601 1262 3664 quanto
1287 3591 1491 3646 honore
1516 3590 1762 3661 dignetur
1791 3589 2034 3644 homines

450 3690 642 3743 virtute
666 3685 934 3757 praeditos.
957 3686 1021 3740 Et
1043 3695 1096 3740 ut
1122 3699 1190 3740 ne
1207 3692 1360 3754 putes
1385 3682 1644 3736 honorem
1669 3679 2032 3748 tantomjusto

448 3794 760 3836 concessum
774 3779 944 3834 solius
964 3775 1158 3832 divime
1187 3789 1307 3831 esse
1334 3774 1606 3838 bonitatis,
1627 3771 1747 3828 vide
1767 3771 2035 3843 quomodo

448 3874 626 3928 divina
656 3871 928 3943 Scriptura
971 3870 1160 3926 doceat
1207 3883 1329 3937 nos,
1357 3867 1529 3938 ipsum
1557 3866 1656 3921 sibi
1689 3866 1786 3936 ipsi
1817 3866 2036 3920 honoris

455 3966 619 4021 fuisse
651 3974 926 4019 auctorem
944 4004 959 4029 ,
1001 3961 1265 4016 mandatis
1291 3974 1483 4030 nempe
1512 3957 1705 4013 divinis
1733 3971 1922 4027 magna
1950 3970 2038 4010 se-

449 4058 673 4112 dulitate
701 4056 1081 4125 obsequutum.
1109 4053 1396 4122 Postquam
1423 4049 1566 4104 enim
1598 4048 1731 4103 dixit
1761 4066 1773 4101 :
1805 4047 1926 4102 Non
1944 4063 2032 4101 ce-

450 4149 565 4203 labo
591 4147 847 4201 Abraham
870 4160 1082 4215 puerum
1109 4159 1292 4208 meum,
1322 4157 1436 4213 qua:
1461 4157 1551 4212 ego
1575 4141 1783 4211 faciam,
1810 4154 1915 4195 non
1929 4149 2039 4194 sta-

448 4241 544 4295 tim
586 4237 718 4294 dicit
745 4235 871 4307 quid
914 4233 1151 4291 futurum
1193 4232 1262 4288 sit
1296 4250 1309 4286 :
1355 4244 1688 4301 consequens
1714 4230 1857 4285 enim
1897 4237 2034 4298 erat,

452 4340 510 4385 ut
533 4343 758 4401 pergens
781 4326 984 4383 diceret
999 4339 1059 4382 se
1087 4327 1428 4382 incensurum
1451 4321 1704 4378 Sodoma.
1729 4320 1800 4376 At
1822 4320 2037 4390 dignum

451 4429 554 4488 est,
579 4428 640 4476 ut
664 4434 839 4491 neque
866 4415 998 4473 illud
1037 4423 1419 4488 prtetereamus
1452 4431 1466 4466 :
1500 4427 1673 4484 neque
1697 4413 1841 4469 enim
1868 4411 2036 4484 sylla-

451 4511 597 4577 hatn,
651 4524 828 4581 neque
867 4505 1074 4580 apicem
1116 4508 1171 4562 in
1218 4504 1397 4562 divina
1442 4503 1716 4574 Scriptura
1765 4501 2041 4572 prteterire

452 4610 685 4673 oportet.
726 4599 954 4668 Quanta:
999 4597 1144 4653 enim
1167 4594 1440 4668 dignitatis
1473 4609 1593 4650 esse
1634 4602 1787 4664 putas
1815 4593 1867 4648 id
1895 4592 2039 4664 quod

454 4687 603 4754 dicit,
632 4691 889 4746 Abraham
914 4703 1126 4760 puerum
1155 4703 1319 4741 meum
1334 4687 1559 4757 I’quanti
1573 4684 1834 4741 allectus?
1855 4685 2037 4756 quanti

379 4803 388 4824 ο
423 4845 427 4851 ,
456 4780 700 4840 amoris?
726 4779 838 4837 lloc
861 4779 1005 4835 enim
1037 4779 1370 4850 potissimum
1394 4787 1658 4833 monstrat
1681 4777 1930 4833 eximiam
1957 4777 2038 4832 di-

422 4857 710 4948 gnitatem
738 4886 791 4931 et
812 4873 1070 4930 honorem
1092 4871 1237 4941 justo
1259 4869 1574 4926 esbibitum.
1604 4869 1804 4926 Deinde
1825 4870 1875 4925 id
1898 4869 2039 4940 quod

451 4969 721 5034 dicebam,
750 4975 1028 5039 postquam
1059 4963 1214 5031 dixit,
1250 4961 1369 5020 Non
1395 4963 1566 5018 celabo
1595 4979 1613 5018 :
1637 4979 1744 5018 non
1769 4963 1948 5018 statim
1963 4962 2043 5017 af-

457 5063 559 5116 lert
582 5072 636 5116 et
659 5059 789 5116 dicit
817 5057 960 5128 quod
984 5066 1098 5112 erat
1119 5055 1360 5110 futurum
1385 5072 1399 5121 ;
1433 5055 1527 5110 sed
1555 5053 1714 5125 quid?
1758 5054 1822 5110 Ut
1861 5053 2037 5110 disca-

457 5169 576 5208 mus
602 5171 706 5208 non
753 5154 955 5224 absque
992 5165 1172 5217 causa,
1206 5163 1379 5219 neque
1415 5157 1618 5204 temere
1644 5148 1806 5204 Deum
1837 5157 2040 5203 tantum

456 5263 580 5317 erga
624 5247 772 5301 illum
809 5245 1084 5301 declarare
1111 5242 1366 5309 studium,
1408 5240 1621 5312 inquit:
1653 5240 1739 5297 18.
1784 5241 2042 5294 Abraham

457 5347 624 5390 autem
649 5339 848 5404 futurus
875 5346 944 5390 est
988 5336 1039 5390 in
1073 5344 1268 5408 gentem
1297 5349 1532 5405 magnam
1569 5342 1614 5387 et
1643 5331 1874 5401 multam,
1906 5341 1953 5386 et
1988 5332 2042 5385 in

458 5431 569 5497 ipso
609 5427 960 5483 benedicentur
986 5444 1159 5483 omnes
1179 5437 1357 5500 gentes
1395 5437 1560 5483 terrai.
1598 5426 1681 5484 l9.
1732 5424 1868 5480 Novi
1910 5426 2042 5480 enim

463 5523 596 5592 quod
621 5520 886 5574 constituet
907 5521 1028 5590 [iliis
1053 5531 1100 5574 et
1121 5521 1294 5575 domui
1315 5536 1422 5576 sua:
1441 5529 1550 5591 post
1577 5536 1651 5585 se,
1680 5529 1725 5574 et
1761 5519 2043 5575 custodient

459 5614 574 5668 vias
617 5613 822 5669 Domini
857 5613 974 5681 Dei,
1016 5622 1070 5666 ut
1115 5613 1305 5685 faciant
1328 5614 1582 5684 justitiam
1621 5623 1668 5666 et
1687 5613 1962 5684 judicium,
1991 5620 2045 5664 ut

455 5713 685 5768 adducat
711 5707 959 5764 Dominus
979 5721 1129 5777 super
1151 5704 1411 5761 ibt-altam
1436 5705 1605 5760 omnia
1627 5719 1952 5774 quacumque
1966 5704 2043 5758 lo-

1197 266 1254 325 S.
1295 268 1571 326 JOANNlS
1607 265 2073 326 CHRYSOSTOMI
2113 269 2426 330 AllClilEP.
2469 274 2999 336 CONSTANTINOP.

3622 288 3728 344 383

2145 396 2330 454 quutus
2355 400 2428 444 est
2451 392 2519 445 ad
2545 407 2678 446 eum.
2708 392 2884 464 Papae,
2916 403 3110 466 quanta
3138 396 3479 468 benignitatis
3511 397 3728 457 Domini

2145 479 2480 547 magnitudo!
2512 481 2769 550 Quoniam
2792 495 2972 554 postea
2999 487 3312 544 inducturus
3329 500 3442 546 erat
3458 493 3730 550 excidium

2142 567 2520 634 Sodomorum,
2570 589 2709 629 nunc
2757 576 2902 644 prius
2944 579 3303 648 patriarcltam
3353 580 3420 634 ad
3476 582 3729 640 ﬁduciam

2141 660 2399 726 concitat,
2428 661 2583 716 simul
2609 664 2863 733 pollicens
2887 667 2934 720 ei
2958 667 3386 724 benedictionem
3411 673 3720 738 maximam,

2143 749 2420 820 ipsumque
2463 753 2514 806 in
2555 769 2800 823 magnam
2841 757 3231 813 multitudinem
3273 760 3506 816 laturum
3557 778 3678 818 esse
3706 781 3727 820 :

2140 838 2342 896 docens
2386 857 2506 897 eum
2560 846 2701 914 quod
2750 847 3051 904 mercedem
3093 849 3230 906 hanc
3265 852 3366 921 pitu
3393 868 3502 909 suae
3531 855 3727 911 mentis

2139 943 2457 1002 accepturus
2503 923 2592 989 sit.
2637 936 2820 1008 Cogita
2863 939 3006 993 enim
3047 949 3240 1010 quanta
3292 943 3362 997 sit
3409 944 3724 1012 patriarchae

2139 1025 2328 1092 virtus,
2367 1027 2581 1097 quando
2612 1028 2748 1085 Deus
2769 1029 2898 1086 dicit
2925 1047 2940 1088 :
2971 1031 3091 1088 Scio
3117 1034 3250 1088 enim
3279 1040 3415 1106 quod
3457 1035 3724 1091 constituet

2138 1116 2260 1184 ﬁliis
2287 1116 2392 1170 suis
2417 1126 2529 1187 post
2566 1134 2639 1186 se,
2669 1128 2715 1174 et
2741 1120 3020 1176 custodierit
3039 1123 3147 1176 viss
3170 1122 3377 1178 Domini
3395 1124 3512 1180 Dei.
3537 1125 3721 1197 Magna

2138 1208 2252 1266 haec
2271 1220 2353 1267 est
2371 1212 2579 1268 virtutis
2602 1214 2871 1271 accessio:
2893 1229 2999 1272 non
3025 1217 3169 1275 enim
3195 1225 3396 1276 tantum
3419 1219 3723 1276 mercedem

2133 1301 2329 1371 accipit
2352 1303 2472 1372 quia
2496 1305 2610 1374 ipse
2636 1304 2770 1360 bene
2790 1306 2930 1376 egit;
2958 1308 3055 1364 sed
3083 1317 3137 1364 et
3161 1310 3284 1379 quia
3310 1312 3562 1380 praecepit
3583 1313 3725 1366 natis

2134 1391 2268 1459 suis,
2301 1393 2472 1463 largas
2501 1394 2877 1452 retributiones
2917 1399 3127 1469 accipit,
3172 1399 3329 1471 idque
3356 1403 3547 1456 merito
3590 1418 3606 1456 :
3637 1402 3719 1458 si-

2134 1482 2348 1551 quidem
2395 1482 2509 1554 ipse
2546 1487 2794 1543 omnibus
2832 1488 3085 1560 deinceps
3123 1491 3376 1561 magister
3429 1501 3484 1547 et
3532 1491 3721 1548 doctor

2132 1576 2321 1631 evasit.
2350 1577 2399 1633 ls
2423 1579 2564 1633 enim
2589 1580 2676 1650 qui
2701 1581 3018 1652 principium
3051 1584 3253 1654 prabet
3278 1598 3340 1640 ac
3360 1584 3528 1651 initia,
3556 1585 3718 1640 etiam

2133 1681 2318 1722 eorum
2353 1684 2471 1740 qute
2488 1671 3020 1739 postcaliuntauctor
3053 1683 3160 1729 est.

2204 1758 2256 1813 3.
2298 1758 2365 1814 Et
2388 1759 2510 1816 vide
2538 1760 2744 1818 Domini
2773 1761 3085 1818 bonitatem.
3108 1763 3227 1820 Non
3253 1765 3426 1822 solum
3454 1780 3551 1837 pro
3579 1779 3718 1834 prte-

2135 1849 2289 1905 terita
2320 1850 2536 1918 virtute,
2564 1851 2657 1908 sed
2684 1861 2740 1908 et
2767 1869 2864 1924 pro
2892 1852 3069 1909 futura
3099 1854 3301 1924 justum
3323 1864 3713 1912 remuneratur.

2133 1937 2254 1996 Scio
2283 1940 2436 2006 enim,
2467 1941 2656 2013 inquit,
2682 1943 2816 2014 quod
2841 1944 3103 2000 constituet
3131 1945 3252 2014 (iliis
3272 1946 3401 2001 suis.
3431 1944 3716 2012 Quoniam,

2129 2030 2332 2101 inquit,
2386 2033 2619 2102 praznovi
2640 2033 2770 2102 justi
2797 2042 3055 2101 mentem,
3095 2035 3298 2092 idcirco
3326 2037 3719 2092 remuneratio.

2129 2120 2289 2177 nibus
2319 2122 2604 2192 prtevenio.
2633 2122 2744 2179 Scit
2787 2124 2932 2181 enim
2969 2124 3146 2181 abdita
3187 2126 3366 2180 cordis
3407 2127 3610 2193 nostri,
3661 2135 3717 2182 et

2130 2214 2344 2279 quando
2385 2216 2529 2274 videt
2568 2216 2912 2274 consulentes
2942 2227 2999 2272 ut
3023 2227 3234 2288 oportet
3275 2233 3337 2274 ac
3380 2233 3562 2274 sanam
3606 2234 3719 2288 pra:

2129 2319 2190 2361 se
2219 2304 2451 2361 ferentes
2477 2316 2733 2374 mentem,
2762 2323 2978 2362 manum
3005 2309 3246 2379 porrigit,
3279 2319 3334 2364 et
3360 2318 3482 2364 ante
3509 2309 3718 2364 labores

2132 2397 2436 2454 mercedem
2468 2397 2672 2466 tribuit,
2721 2399 3012 2456 alacriores
3058 2400 3158 2454 hac
3197 2400 3402 2455 ratione
3433 2399 3670 2454 efﬁciens
3701 2417 3714 2452 :

2131 2488 2184 2544 id
2222 2489 2362 2559 quod
2411 2489 2465 2543 in
2504 2490 2668 2559 justis
2708 2491 2954 2546 omnibus
2979 2490 3091 2546 ﬁeri
3119 2491 3374 2546 invenies.
3425 2491 3554 2545 Nam
3594 2505 3715 2544 cum

2131 2579 2266 2635 sciat
2281 2578 2700 2636 imbecillitatem
2724 2579 2970 2638 humanae
2996 2590 3220 2648 natm-te,
3238 2590 3296 2636 ut
3324 2597 3430 2637 non
3459 2582 3510 2636 in
3535 2580 3717 2636 arduis

2131 2667 2294 2725 homo
2313 2669 2549 2725 animum
2574 2670 2920 2742 despondeat,
2939 2671 3077 2728 inter
3097 2671 3443 2726 laborandum
3469 2671 3538 2727 ita
3560 2687 3716 2727 suum

2130 2761 2387 2818 ausilium
2422 2769 2476 2817 et
2504 2763 2964 2819 remunerationes
2987 2763 3207 2834 praebet,
3252 2771 3308 2818 ut
3333 2771 3389 2820 et
3412 2762 3561 2818 labor
3587 2763 3716 2817 sub-

2131 2855 2358 2920 levetur,
2409 2863 2464 2909 et
2511 2852 2686 2908 fervor
2727 2860 2952 2909 crescat.
3005 2853 3320 2919 Novienim,
3349 2854 3538 2922 inquit,
3581 2855 3718 2921 quod

2131 2949 2395 3004 constituet
2423 2947 2542 3015 [iliis
2570 2948 2693 3006 suis.
2722 2955 2766 3000 et
2790 2947 3071 3001 custodiant
3092 2947 3202 3001 vias
3233 2946 3437 3002 Domini
3460 2945 3572 3000 Dei.
3601 2945 3716 3000 Non

2132 3040 2304 3095 solum
2331 3038 2399 3093 dc
2426 3037 2541 3108 ipso
2563 3037 2822 3108 praedicit,
2840 3035 3134 3101 Constituet,
3161 3038 3252 3093 sed
3275 3037 3416 3092 etde
3439 3037 3555 3090 ﬁliis
3579 3035 3714 3104 ejus,

2132 3130 2424 3188 Custodient
2449 3131 2559 3185 vias
2589 3129 2792 3184 Domini
2819 3128 2936 3194 Dei,
2981 3129 3123 3183 lsaac
3148 3139 3201 3184 et
3230 3128 3392 3182 Jacoh
3421 3127 3712 3182 insinuans.

2144 3222 2264 3278 Vias
2307 3221 2534 3286 Domini,
2580 3220 2683 3275 hoc
2709 3229 2811 3285 est,
2861 3220 3106 3274 mandata
3131 3229 3186 3276 et
3214 3227 3496 3290 praecepta.
3547 3217 3612 3273 Ut
3639 3222 3719 3288 [a—

2134 3315 2291 3381 ciant,
2333 3313 2520 3383 inquit,
2539 3311 2792 3383 judicium
2824 3319 2871 3364 et
2889 3311 3144 3381 justitiam
3176 3328 3190 3364 :
3223 3309 3352 3365 nihil
3389 3307 3720 3378 praeferendo

2132 3405 2368 3477 iustitia),
2418 3413 2473 3460 et
2513 3403 2742 3460 vivendo
2785 3403 2920 3458 citra
2959 3416 3174 3457 omnem
3214 3399 3545 3470 iniustitiam.
3593 3397 3720 3454 11.ιό

2135 3500 2281 3557 enim
2321 3499 2555 3554 maxima
2584 3498 2750 3552 virtus
2775 3505 2859 3552 est
2886 3514 2900 3549 :
2929 3505 3210 3566 propterea
3249 3495 3497 3549 evenient
3543 3492 3719 3546 omnia

2136 3605 2257 3662 qua:
2297 3590 2550 3661 loquutus
2578 3597 2660 3643 est
2683 3587 2731 3642 ei
2764 3586 3035 3643 Dominus.
3067 3585 3269 3654 Opinor
3293 3592 3470 3638 autem
3498 3592 3550 3636 et
3576 3580 3720 3635 aliud

2137 3681 2393 3753 quiddam
2426 3679 2746 3750 signiﬁcare,
2777 3692 2899 3733 cum
2937 3677 3066 3731 dicit
3096 3693 3108 3728 :
3139 3675 3395 3728 Abraham
3436 3683 3600 3727 autent
3633 3677 3718 3742 [tt-

2139 3782 2284 3828 turus
2309 3782 2379 3828 cst
2411 3772 2462 3825 in
2501 3779 2698 3842 gentem
2736 3784 2975 3839 magnam
3002 3777 3050 3821 et
3080 3767 3292 3820 multant
3324 3781 3342 3820 :
3367 3766 3515 3834 quasi
3543 3765 3718 3820 dicat:

2138 3865 2220 3921 Tu
2247 3864 2462 3935 quidem
2491 3863 2580 3934 qui
2605 3861 2857 3916 virtutem
2885 3858 3226 3928 amplexaris,
3259 3867 3311 3911 et
3340 3857 3474 3910 meis
3511 3857 3720 3909 obtem-

2141 3972 2297 4030 peras
2327 3955 2624 4027 przeceptis,
2648 3952 3108 4020 obedientiamqne
3133 3965 3239 4018 pne
3269 3958 3321 4002 te
3351 3946 3472 4008 fers,
3511 3945 3563 3999 in
3590 3960 3720 4013 gen-

2143 4062 2250 4107 tem
2289 4061 2536 4118 magnam
2573 4059 2628 4101 et
2653 4046 2875 4100 multam
2898 4043 3005 4098 eris
3035 4061 3048 4096 :
3077 4041 3222 4110 impii
3246 4047 3421 4093 autem
3449 4038 3524 4092 ilti
3553 4037 3722 4092 Sodo-

2142 4155 2354 4196 morum
2413 4137 2686 4207 regionem
2735 4133 3088 4188 inhabitantes
3129 4127 3460 4198 disperibnnt
3508 4138 3716 4182 omnes.

2141 4233 2277 4288 Nam
2316 4231 2454 4286 sicut
2495 4231 2663 4283 virtus
2701 4226 2888 4282 salutis
2916 4239 3072 4279 causa
3098 4231 3181 4278 est
3213 4236 3332 4276 eam
3358 4217 3719 4288 operantibus,

2144 4327 2216 4384 ita
2241 4334 2292 4380 et
2319 4323 2516 4380 malitia
2543 4319 2806 4376 interitus.
2835 4317 3003 4372 Porro
3033 4323 3311 4387 postquam
3337 4309 3720 4368 benedictioni-

2143 4419 2244 4474 bus
2271 4427 2324 4475 et
2352 4415 2595 4471 laudibus
2623 4411 2868 4468 ﬁduciam
2887 4409 3144 4478 majorem
3171 4403 3373 4460 addidit
3396 4403 3562 4472 justo,
3589 4401 3720 4456 inci-

2143 4511 2221 4582 pit
2257 4509 2310 4565 id
2353 4507 2495 4580 quod
2538 4505 2778 4561 dicturus
2823 4509 2959 4566 erat,
2988 4508 3044 4556 et
3065 4498 3138 4553 ait
3164 4516 3177 4550 :
3205 4496 3294 4552 20.
3329 4493 3534 4551 Clamor
3558 4492 3725 4548 Sodo-

2143 4617 2343 4658 morum
2387 4608 2434 4654 et
2480 4595 2778 4653 Gomorrltw
2815 4591 3174 4663 multiplicatus
3210 4597 3285 4643 est
3325 4585 3462 4657 apud
3506 4601 3619 4650 me,
3678 4591 3723 4636 et

2145 4700 2347 4764 peccata
2371 4703 2543 4745 eorum
2567 4700 2752 4757 magna
2768 4680 2934 4738 valde.
2954 4680 3042 4736 21.
3064 4678 3191 4736 Cum
3217 4677 3371 4750 igitur
3400 4673 3718 4737 descendere,

2145 4783 2316 4840 videbo
2339 4791 2508 4836 utrum
2525 4779 2680 4850 juxta
2704 4776 2976 4830 clamorem
2998 4774 3245 4843 ipsorum,
3279 4770 3366 4841 qui
3392 4767 3461 4822 od
3479 4782 3557 4821 nte
3576 4765 3722 4832 venit,

2148 4874 2438 4947 perﬁciunt,
2480 4885 2569 4926 nec
2613 4884 2696 4934 ne,
2747 4875 2803 4921 ut
2848 4865 3024 4921 sciant.
3071 4861 3350 4919 Terribilia
3393 4857 3573 4914 verba.
3611 4856 3728 4911 Cla-

2147 4983 2278 5033 mor,
2329 4964 2527 5034 inquit,
2577 4959 2916 5015 Sodomorum
2958 4967 3004 5011 et
3046 4953 3358 5010 Gontorrhaa.
3389 4948 3640 5020 Quamvis
3678 4957 3731 5002 et

2147 5057 2263 5112 alia:
2309 5055 2552 5110 civitates
2595 5047 2753 5104 simul
2801 5046 3076 5118 perierint,
3127 5043 3220 5099 sed
3256 5041 3376 5113 quia
3405 5040 3487 5094 lite
3519 5037 3731 5095 luerunt

2148 5149 2430 5211 clariores,
2481 5146 2623 5213 ipsas
2661 5141 2836 5195 solum
2869 5136 3325 5195 commemoravit.
3363 5132 3729 5202 Multiplicatns

2141 5251 2219 5296 est
2243 5238 2381 5309 apud
2408 5252 2504 5303 me,
2537 5243 2584 5288 et
2610 5243 2818 5305 peccata
2842 5246 3013 5285 eorum
3039 5243 3222 5298 magna
3251 5225 3414 5280 valde.
3440 5223 3576 5280 Vide
3597 5237 3728 5292 quo-

2149 5331 2308 5388 modo
2332 5329 2470 5384 mala
2497 5332 2897 5382 coacerventnr.
2926 5320 3044 5376 Non
3067 5321 3240 5374 solum
3274 5331 3461 5388 magna
3489 5323 3574 5369 est
3600 5313 3730 5368 mul—

2151 5422 2321 5480 titudo
2385 5421 2667 5482 clamoris,
2713 5415 2809 5472 sed
2861 5413 3022 5469 etiam
3052 5409 3344 5481 injustitite.
3401 5407 3534 5463 Nam
3581 5404 3730 5472 illud,

2148 5515 2354 5570 Clamor
2393 5510 2734 5567 Sodomorum
2779 5514 2825 5559 et
2865 5503 3163 5559 Gomorrhat
3211 5499 3574 5572 multiplicatus
3621 5508 3731 5566 est,

2149 5607 2341 5678 opinor
2377 5602 2711 5673 signiﬁcare,
2739 5598 2882 5668 ipsos
2911 5610 3034 5652 cum
3071 5593 3410 5649 inenarrabili
3437 5600 3493 5648 et
3528 5592 3734 5648 veniant

2153 5700 2352 5756 nullam
2395 5703 2637 5752 merente
2677 5690 2954 5761 iniquitate
2998 5685 3192 5744 multas
3238 5684 3399 5741 etiam
3453 5683 3732 5756 injustttias
