4072 6216
365 475 698 546 δυνηθῶμεν.
727 473 895 535 Αύτὺς
933 471 1041 543 γάρ
1070 471 1200 541 ημῖν
1229 473 1257 523 ὀ
1283 470 1555 540 Δεσπότης
1588 468 1920 538 ἐπήγγελται
1945 468 2035 519 λέ-

365 581 508 631 γων·
565 559 711 616 Ἰδοὺ
761 558 989 613 δέδωκα
1041 556 1185 626 ὑμῖν
1233 555 1525 621 ἐξουσίαν
1575 555 1785 609 πατεῖν
1833 553 2034 608 ἐπάνω

368 644 562 719 ὄφεων
593 647 690 701 καὶ
725 645 1053 715 σκορπίων,
1090 644 1186 697 καὶ
1229 645 1326 697 ἐπὶ
1363 643 1570 702 πᾶσαν
1619 643 1734 710 τὴν
1778 642 2034 712 δύναμιν

367 736 474 792 τοῦ
504 733 741 805 ἐχθροῦ.
764 733 1041 804 Νήφωμεν
1065 733 1266 796 τοίνυν,
1300 730 1614 803 καρακαλῶ,
1640 731 1725 783 ἵνα
1749 730 1869 782 κατ’
1891 731 2036 799 ίχνος

365 821 461 875 τοῦ
491 821 824 892 πατριάρχου
851 817 1040 872 τούτου
1058 817 1156 888 τὴν
1183 817 1382 888 ἀρετὴν
1410 816 1699 886 μετιόντες,
1725 815 1834 868 τῶν
1855 815 2034 867 αὐτῶν

365 909 558 978 ἐκείνῳ
607 908 884 976 στεφάνων
929 904 1226 975 ἀξιωθῆναι
1271 903 1606 973 δυνηθῶμεν,
1651 903 1743 956 καὶ
1785 903 1865 964 εἰς
1910 903 2035 965 τοὺς

364 997 552 1051 τούτου
601 995 934 1064 καταντῆσαι
969 991 1221 1055 κόλπους,
1257 991 1348 1044 καὶ
1396 991 1676 1058 διαφυγεῖν
1723 989 1822 1059 τὴν
1863 989 1920 1040 ἐν
1967 991 2032 1058 τῇ

365 1085 560 1155 γεέννῃ
592 1081 833 1142 κόλασιν,
883 1080 971 1134 καὶ
1021 1075 1128 1132 τῶν
1178 1079 1500 1150 ἀπορρήτων
1544 1076 1766 1129 ἐκείνων
1815 1075 2035 1144 ἀγαθῶν

364 1170 682 1240 ἀξιωθῆναι.
701 1168 839 1221 Ἀλλ’
869 1168 956 1220 ἵνα
987 1165 1209 1220 πλείονα
1233 1165 1392 1235 ζῆλον
1419 1168 1474 1218 ἐν
1498 1165 1622 1233 ὑμῖν
1651 1162 2032 1233 ἐργαζώμεθα,

367 1257 623 1327 καὶπρὸς
666 1254 763 1325 τὴν
802 1253 895 1308 τοῦ
930 1252 1141 1306 δικαίου
1180 1253 1369 1304 τούτου
1400 1251 1630 1321 μίμησιν
1667 1251 1808 1319 ὑμᾶς
1839 1249 2038 1317 διεγεί-

369 1359 569 1414 ρωμεν,
592 1341 726 1414 φέρε
755 1341 913 1396 πάλιν
943 1343 1007 1392 ἐκ
1031 1340 1130 1410 τῆς
1160 1340 1278 1392 κατ’
1301 1338 1460 1390 αὐτὸν
1484 1337 1720 1407 ἱστορίας
1742 1335 2037 1406 διαλεχθῶ-

369 1448 469 1500 μεν
513 1430 651 1502 πρὸς
687 1428 787 1501 τὴν
832 1428 1103 1499 ὑμετέραν
1151 1426 1390 1497 ἀγάπην,
1425 1424 1742 1486 ἐπελθόντες
1771 1422 1880 1477 τῶν
1911 1424 2037 1493 ἑξῆς

364 1517 463 1587 τὴν
497 1515 835 1569 ἀκολουθίαν.
871 1513 1020 1568 Μετά
1050 1511 1157 1583 7&9
1193 1512 1288 1583 τὴν
1329 1509 1525 1580 δαψιλῆ
1565 1508 1864 1577 φιλοξενίαν
1892 1507 2035 1562 ἐκεί-

366 1620 484 1672 νην,
519 1603 580 1655 ού
608 1605 672 1674 τῇ
701 1601 944 1671 ποιότητι
973 1599 1006 1670 ἢ
1031 1600 1286 1667 ποσότητι
1311 1597 1420 1648 τῶν
1447 1595 1755 1666 ἐδεσμάτων
1786 1595 2037 1665 κρινομέ-

366 1705 482 1757 νην,
501 1688 635 1742 ἀλλὰ
655 1691 720 1759 τῇ
746 1687 1044 1758 προθυμία,
1066 1684 1126 1737 τὸ
1148 1682 1367 1751 δαψιλὲς
1389 1684 1488 1752 τῆς
1506 1681 1728 1752 γνώμης
1749 1681 2040 1752 δεξάμενος

368 1776 706 1846 παραχρῆμα
735 1773 834 1843 τῆς
863 1770 1162 1841 φιλοξενίας
1190 1768 1288 1833 τὰς
1323 1769 1554 1839 ἀμοιϐάς
1585 1768 1894 1840 ἐχαρίσατο.
1928 1769 2038 1821 Καὶ

370 1861 556 1932 μαθὼν
604 1861 686 1924 τίς
731 1877 790 1912 τε
836 1859 922 1929 είη
969 1860 998 1910 ό
1045 1856 1452 1928 παραγεγονὼς,
1484 1857 1578 1909 καὶ
1607 1857 1747 1927 πόση
1783 1858 1816 1926 ἡ
1850 1855 2038 1909 τούτου

365 1947 615 2018 δύναμις,
651 1947 934 2017 μέλλουσιν
963 1944 1171 1998 ἐκεῖθεν
1207 1944 1298 1995 ἐπὶ
1326 1944 1423 2012 τὴν
1450 1943 1696 2012 Σοδόμων
1733 1958 2038 2010 καταστροη

369 2034 474 2102 φὴν
513 2034 688 2104 ὁρμᾷ-ι
717 2031 1080 2102 ἠκολούθησεν
1125 2031 1154 2081 ό
1196 2029 1537 2098 πατριάρχης
1565 2027 2040 2097 συμπροπέμπων,

369 2120 700 2191 φησίν.”ορα
729 2118 1001 2171 Δεσπότου
1031 2112 1461 2186 φιλανθρωπίαν,
1492 2115 1591 2184 ὅσῃ
1636 2112 2040 2181 συγκαταϐάσει

368 2208 652 2278 κέχρηται,
680 2206 815 2276 ὁμοῦ
846 2205 940 2259 καὶ⁸
966 2205 1065 2276 τὴν
1107 2206 1189 2266 είς
1228 2203 1318 2256 τὸν
1359 2202 1565 2255 δίκαιον
1610 2201 1774 2272 τιμὴν
1805 2201 2038 2265 δεικνὺς,

367 2296 462 2348 καὶ
486 2293 788 2362 ἐκκαλύψαι
810 2291 1128 2362 βουλόμενος
1146 2290 1243 2360 τὴν
1268 2289 1466 2360 ἀρετὴν
1489 2287 1586 2359 τὴν
1617 2286 2042 2358 ἐναποκειμένην

367 2381 534 2436 αὐτοῦ
561 2383 628 2451 τῇ
667 2380 832 2450 ψυχῇ.
864 2376 1336 2442 Ἐξαναστὰντες
1373 2375 1460 2441 δὲ,
1509 2375 1695 2445 φησὶν,
1729 2377 1784 2428 οί
1829 2374 2040 2442 ἄνδρες

368 2467 745 2536 κατέϐλεψαν
788 2465 890 2520 ἐπί
917 2466 1242 2534 πρόσωπον
1266 2462 1545 2532 Σοδόμων
1571 2461 1668 2515 καί
1705 2462 2038 2531 Γομόρρας.

368 2555 506 2620 Τοὺς
528 2553 789 2624 ἀγγέλους
813 2553 999 2624 φησίν.
1019 2549 1283 2604 Ἐνταῦθα
1315 2549 1414 2619 μέν
1438 2549 1546 2619 7&9
1573 2549 1633 2600 ἐν
1660 2550 1726 2618 τῇ
1752 2551 1922 2619 σκηνῇ
1946 2545 2039 2601 τοῦ

381 2641 632 2713 Ἀϐραὰμ
681 2641 774 2694 καὶ
818 2641 868 2692 οί
900 2638 1138 2708 ἄγγελοι,
1173 2638 1318 2690 καὶὸ
1349 2635 1553 2688 τούτοιν
1585 2635 1860 2704 Δεσπότης
1898 2633 2041 2687 κατά

368 2729 562 2782 ταύτὸν
585 2729 843 2798 ὤφθησαν
864 2744 878 2758 ·
899 2725 1088 2780 λοιπὸν
1107 2725 1164 2778 δὲ
1189 2727 1237 2778 οί
1267 2725 1364 2796 μὲν
1391 2723 1465 2785 ὡς
1491 2722 1760 2793 ὑπηρέται
1785 2721 2043 2775 ἀπεστέλ-

369 2817 521 2869 λοντο
566 2819 656 2869 ἐπὶ
688 2817 787 2886 τὴν
815 2811 1198 2884 καταστροφὴν
1248 2810 1356 2864 τῶν
1401 2809 1610 2862 πόλεων
1656 2808 1901 2874 ἐκείνων,
1927 2810 1956 2862 ό
1981 2808 2039 2862 δὲ

371 2904 552 2974 ἔμενε,
587 2903 834 2973 καθάπερ
869 2903 1019 2972 φίλος
1047 2901 1206 2970 φίλῳ,
1241 2898 1518 2969 μονονουχὶ
1565 2895 2042 2967 κοινολογούμενος

370 2993 450 3062 τῷ
475 2991 687 3059 δικαίῳ,
710 2989 852 3060 άπερ
875 2989 1065 3058 ἔμελλε
1093 2988 1285 3039 ποιεῖν.
1304 2984 1667 3038 Ἀπελθόντων
1695 2984 1874 3036 τοίνυν
1905 2983 2044 3037 ἐκεί-

372 3095 510 3140 νων,
540 3073 704 3136 Εἷπε,
733 3075 917 3144 φησιν,
947 3077 980 3128 ό
1005 3075 1216 3142 Κύριος
1242 3089 1255 3102 ·
1282 3074 1362 3126 Οὐ
1387 3070 1474 3141 μὴ
1513 3072 1758 3139 κρύψω·
1787 3069 1900 3139 ἐγὼ
1921 3071 2040 3124 ἀπὸ

385 3163 632 3232 Ἀϐραὰμ
674 3162 780 3216 τοῦ
824 3160 1036 3228 παιδός
1071 3177 1213 3230 μου,
1239 3158 1276 3213 ἀ
1301 3159 1414 3229 ἐγὼ
1457 3156 1625 3213 ποιῶ.
1652 3158 1899 3228 Μεγίστη
1946 3157 2040 3210 τοῦ

369 3250 506 3303 Θεοῦ
600 3246 1021 3318 συγκατάϐασις,
1049 3248 1142 3300 καὶ
1171 3246 1345 3302 πάντα
1384 3246 1541 3314 λόγον
1575 3243 1976 3313 ὑπερϐαίνουσα
2007 3246 2040 3315 ὴ

371 3341 450 3402 είς
480 3339 569 3391 τὸν
599 3337 803 3391 δίκαιον
831 3336 1134 3406 τιμή.”υρα
1169 3335 1277 3406 7&9
1307 3333 1423 3396 πῶς
1449 3333 1582 3404 πρὸς
1611 3332 1771 3386 αὑτὸν
1796 3331 2042 3401 διαλέγε-

372 3443 481 3488 ται,
512 3424 709 3476 ὡσανεὶ
752 3423 1035 3493 ἄνθρωπος
1083 3422 1355 3492 ἀνθρώπῳ
1404 3419 1794 3490 διαλεξόμενος,
1827 3420 2042 3482 δεικνὺς

373 3513 503 3582 ἡμῖν
531 3513 659 3581 ὅσης
687 3512 738 3564 οἱ
766 3510 1007 3582 ἐνέρετοι
1033 3508 1304 3574 ἀξιοῦνται
1341 3507 1440 3577 τῆς
1482 3507 1631 3578 παρὰ
1657 3506 1750 3559 τοῦ
1788 3505 1924 3559 Θεοῦ
1956 3522 2038 3558 τι-

377 3599 504 3668 μῆς.
538 3600 645 3652 Καὶ
673 3600 760 3651 ’ίνα
785 3598 858 3668 μὴ
886 3598 1112 3668 νομίσῃς
1139 3596 1236 3668 τῆς
1258 3595 1352 3649 τοῦ
1382 3594 1516 3648 Θεοῦ
1550 3594 1707 3664 μόνον
1735 3591 1872 3646 εἶναι
1905 3595 2042 3662 άγα-

374 3684 596 3756 θότητος
630 3685 725 3756 τὴν
753 3685 1018 3754 τοσαύτην
1044 3687 1122 3748 είς
1157 3684 1245 3737 τὸν
1278 3684 1486 3736 δίκαιον
1516 3683 1699 3752 τιμὴν,
1730 3683 1830 3751 ὅρα
1862 3681 1980 3744 πῶς
2005 3683 2040 3753 ἡ

377 3772 495 3824 θεία
523 3773 714 3842 Γραφὴ
740 3771 978 3824 διδάσκει
1014 3773 1180 3841 ἡμᾶς,
1216 3771 1298 3824 δτι
1329 3769 1486 3829 αὐτὸς
1519 3768 1695 3838 ἐαυτῷ
1720 3767 1923 3838 ταύτης
1944 3769 2042 3836 τῆς

375 3859 543 3929 τιμῆς
573 3859 738 3921 αἴτιος
783 3858 1040 3928 κατέστη,
1073 3858 1207 3926 μετά
1256 3855 1455 3926 πολλῆς
1497 3856 1594 3924 τῆς
1637 3855 1881 3924 ὑπακοῆς
1930 3857 2042 3917 τοῖς

374 3947 526 4017 παρὰ
566 3945 660 3998 τοῦ
707 3943 842 3999 Θεοῦ
891 3943 1207 4014 πειθόμενος
1252 3942 1638 4012 ἐπιτάγμασιν.
1676 3940 1859 3994 Εἰπὼν
1889 3942 1999 4012 γάρ
2023 3957 2039 3972 ·

377 4036 460 4088 Οὐ
499 4033 586 4103 μὴ
622 4033 830 4100 κρύψω
873 4030 991 4085 ἀπὸ
1030 4029 1273 4100 Ἀϐραὰμ
1303 4029 1408 4084 τοῦ
1442 4027 1655 4095 παιδός
1685 4045 1828 4098 μου,
1861 4027 1900 4081 ά
1927 4028 2042 4096 ὲτὼ

377 4122 540 4186 ποιῶ,
580 4123 676 4175 οὐκ
712 4121 912 4184 εὐθέως
958 4119 1104 4184 λέγει
1142 4117 1202 4171 τὸ
1238 4117 1428 4188 μέλλον
1467 4115 1716 4170 ἔσεσθαι·
1751 4115 2042 4172 ἀκόλουθον

373 4208 482 4280 γάρ
521 4205 588 4280 ἦν
626 4209 925 4277 ἐπαγαγεῖν
953 4207 1047 4258 καὶ
1071 4207 1262 4269 είπεῐν,
1295 4205 1378 4258 ὃτι
1407 4203 1590 4274 μέλλει
1616 4203 1687 4257 τά
1712 4203 1917 4272 Σόδομα
1945 4204 2042 4273 ἐμ-

373 4297 602 4366 πιπρᾷν.
619 4295 757 4348 Ἀλλ’
785 4295 933 4359 ἄξιον
972 4291 1104 4364 μηδέ
1129 4294 1305 4344 ἐκεῖνο
1339 4290 1714 4362 παραδραμεῖν
1734 4308 1746 4320 ·
1780 4289 1899 4343 ούδέ
1931 4289 2040 4360 7&9

375 4381 641 4451 συλλαϐὴν
675 4381 795 4434 ούδέ
825 4380 1052 4452 κεραίαν
1084 4379 1446 4450 παρατρέχειν
1473 4377 1578 4450 χρὴ
1604 4378 1711 4432 τῶν
1739 4381 1796 4431 ἐν
1820 4379 1886 4448 τῇ
1923 4377 2041 4448 θείᾳ

374 4471 564 4541 Γραφῇ
593 4468 882 4537 κειμένων.
916 4468 1093 4536 Πόσης
1126 4471 1234 4538 γὰρ
1258 4469 1357 4520 οίει
1385 4466 1553 4537 τιμῆς
1596 4462 1732 4518 εῖναι
1763 4466 1856 4518 καὶ
1883 4462 2042 4517 τοῦτο

372 4558 504 4612 αύτδ
535 4558 595 4610 τὸ
618 4557 819 4625 λέγειν,
863 4558 1107 4626 Ἀϐραὰμ
1140 4557 1246 4612 τοῦ
1282 4557 1498 4622 παιδός
1520 4571 1668 4624 μου;
1722 4554 1887 4608 πόσου
1918 4555 2038 4624 φίλ-

373 4662 538 4717 τρου;
568 4646 739 4716 πόσης
771 4643 1092 4709 διαθέσεως;
1119 4645 1288 4706 Τοῦτο
1315 4645 1426 4715 7&9
1455 4643 1686 4714 μάλιστα
1713 4643 1949 4696 δείκνυσι
1979 4643 2040 4696 τὸ

376 4732 850 4806 [4261ἐξαίρετον.
893 4733 985 4784 καὶ
1017 4731 1112 4802 τὴν
1161 4735 1241 4796 είς
1288 4732 1378 4785 τὸν
1415 4732 1620 4785 δίκαιον
1669 4731 1853 4800 τιμήν.
1888 4727 2037 4794 Εἶτα,

370 4822 508 4891 ὅπερ
541 4820 746 4887 ελεγον,
778 4817 969 4880 εἰπὼν,
1006 4821 1088 4872 Οὐ
1120 4818 1202 4885 μὴ
1231 4820 1458 4887 κρύψω,
1489 4819 1588 4870 οὐκ
1617 4817 1819 4881 εύθέως
1847 4819 2037 4886 ἐπάγει

374 4908 467 4960 καὶ
499 4907 645 4976 λέγει
675 4907 736 4959 τὸ
761 4905 1063 4974 γινόμενον,
1091 4905 1226 4957 ἀλλὰ
1256 4905 1337 4968 τί;
1365 4906 1482 4958 Ἶνα
1521 4905 1781 4976 μάθωμεν
1822 4906 1904 4957 δτι
1940 4905 2038 4975 οὐχ

375 4994 558 5058 ἁπλῶς
605 4993 725 5047 ούδέ
757 4991 880 5062 είκῆ
920 4990 1186 5059 τοσαύτην
1239 4993 1364 5062 περὶ
1411 4991 1571 5044 αὑτὸν
1620 4991 1892 5044 δείκνυται
1940 4992 2039 5062 τὴν

375 5080 716 5150 κηδεμονίαν,
760 5078 948 5150 φησίν·
997 5079 1240 5145 Ἀϐραὰμ
1279 5076 1341 5129 δὲ
1391 5079 1698 5145 γινόμενος
1741 5079 1911 5131 ἔσται
1952 5079 2040 5142 εὶς

375 5166 547 5232 ἔθνος
573 5165 725 5235 μέγα
759 5165 855 5219 καὶ
881 5164 1060 5227 πολὺ,
1097 5166 1191 5216 καί
1219 5165 1802 5232 ἐνευλογηθήσονται
1834 5164 1904 5215 ἐν
1934 5165 2039 5216 αὐ-

375 5253 454 5318 τῷ
479 5252 676 5308 ⁸πάντα
706 5255 774 5306 τὰ
802 5254 945 5319 ἔθνη
976 5250 1082 5318 τῆς
1119 5250 1466 5322 γῆς.¹’ῌόειν
1490 5252 1594 5320 γὰρ
1631 5250 1718 5304 ὅτι
1753 5250 2038 5314 συντάξει

376 5343 499 5405 τοῖς
543 5340 694 5407 υιοῖς
733 5340 940 5403 αὑτοῦ,
990 5339 1084 5392 καὶ
1134 5334 1212 5406 τῷ
1255 5339 1398 5404 οἴκῳ
1441 5337 1625 5391 αὐτοῦ
1667 5337 1792 5407 μετ’
1831 5338 2036 5402 αὐτὸν,

375 5427 472 5480 καί
504 5424 849 5496 φυλάξουσι
896 5425 1002 5491 τὰς
1039 5425 1219 5492 ὀδοὺς
1262 5426 1478 5491 Κυρίου
1512 5421 1618 5476 τοῦ
1646 5421 1814 5487 Θεοῦ,
1847 5423 2040 5477 ποιεῖν

373 5513 765 5579 δικαιοσύνην
808 5514 899 5567 καί
954 5515 1176 5582 κρίσιν,
1207 5514 1364 5579 ὅπως
1397 5511 1473 5566 ἂν
1512 5509 1779 5579 ἐπαγάγῃ
1827 5513 2041 5579 Κύριος

373 5602 471 5653 ἐπὶ
509 5600 752 5669 Ἀϐραάμ
789 5601 1002 5665 πάντα,
1038 5600 1076 5654 d
1104 5600 1373 5667 ἐλάλησε
1416 5599 1565 5668 πρὸς
1608 5598 1810 5650 αὐτόν.
1848 5597 2040 5664 Βαϐαὶ,

378 5689 539 5740 πόσον
591 5687 687 5756 τῆς
746 5685 836 5738 τοῦ
887 5688 1153 5742 Δεσπότου
1220 5685 1627 5758 φιλανθρωπίας
1675 5683 1735 5736 τὸ
1788 5683 2035 5753 μέγεθος.

389 5772 602 5842 Ἐπειδὴ
637 5769 817 5839 μέλλει
845 5771 978 5839 μετὰ
1020 5773 1188 5827 ταῦτα
1217 5773 1441 5841 ἐπάγειν
1471 5771 1540 5825 τά
1577 5767 1715 5821 κατὰ
1738 5767 1836 5836 τὴν
1867 5783 2036 5820 κατα-

437 5891 452 5912 ⁶
483 5890 538 5940 ιιι
567 5890 735 5941 unum,
762 5889 941 5938 Graecis
966 5891 1143 5955 legitur
1171 5903 1234 5958 μή
1264 5894 1553 5957 κρύψωφει·
1580 5889 2013 5949 Inletrogauonem

1485 355 1548 410 IN
1588 354 1739 410 CAP.
1781 349 1942 408 XVIII
1982 349 2224 408 GENES.
2268 349 2495 407 IIOMIL
2539 351 2696 409 XLII.

3701 355 3806 409 588

2143 467 2380 538 στροφὴν
2407 467 2676 538 Σοδόμων,
2705 467 2990 538 προλαϐὼν
3016 468 3111 521 νῦν
3142 467 3550 538 παραθαρρύειει
3585 469 3672 520 τὸν
3699 485 3807 520 πα-

2145 556 2422 625 τριάρχην,
2454 555 2586 624 ὁμοῦ
2623 555 2714 607 καὶ
2745 554 2843 626 τὴν
2872 555 3134 625 μεγίστην
3171 555 3420 624 εὐλογίαν
3447 553 3594 623 αὐτῷ
3637 555 3808 622 ἐπαγ-

2138 642 2476 714 γελλόμενος,
2506 643 2597 695 καὶ
2627 643 2709 695 ότι
2741 644 2820 705 είς
2851 641 3055 712 πλῆθος
3072 642 3224 695 ἔσται
3244 643 3411 713 μέγα.
3430 642 3524 695 καὶ
3543 642 3808 697 διδάσκων

2137 728 2299 783 αὑτὸν
2331 731 2412 782 ὅτι
2441 730 2674 800 ἀμοιϐὴν
2703 729 2908 800 ταύτην
2935 728 3198 800 λαμϐάνει
3228 730 3330 800 τῆς
3361 729 3607 798 φιλοθέου
3643 730 3806 784 αὐτοῦ

2137 817 2381 888 γνώμης.
2419 816 2700 886 Ἐννόησον
2741 817 2849 888 γάρ
2897 819 2994 887 ὅση
3049 817 3196 869 ἐστὶν
3243 818 3276 886 ἡ
3322 816 3418 870 τοῦ
3471 816 3808 888 πατριάρχου

2137 905 2329 977 ἁρετὴ.
2361 906 2488 959 ὅταν
2521 907 2550 957 ό
2587 905 2720 968 Θεὸς
2759 906 2892 976 λέγῃ
2915 921 2930 935 ·
2984 904 3190 978 ’ᾙδειν
3245 904 3353 973 γὰρ
3387 903 3477 957 ὅτι
3518 903 3808 969 συντάξει

2136 992 2263 1057 τοῖς
2303 993 2456 1058 υἱοῖς
2500 992 2686 1048 αὐτοῦ
2737 993 2864 1063 μετ’
2890 993 3096 1054 αὐτόν,
3145 993 3242 1046 καί
3302 992 3645 1061 φυλάξουσι
3702 994 3810 1060 τὰς

2139 1079 2318 1144 ὁδοὺς
2353 1080 2592 1146 Κυρίου.
2631 1079 2805 1151 Πολλὴ
2853 1081 2953 1150 τῆς
2993 1079 3194 1150 ἀρετῆς
3225 1081 3258 1150 ἡ
3286 1079 3533 1143 ἐπίτασις
3556 1097 3572 1111 ·
3605 1082 3666 1133 ού
3700 1081 3810 1151 γὰρ

2142 1166 2301 1234 μόνον
2334 1166 2472 1236 ὑπὲρ
2500 1161 2574 1219 ὧν
2603 1167 2766 1229 αύτδς
2800 1168 3008 1236 μέτεισι
3037 1169 3134 1238 τὴν
3163 1167 3382 1238 ἀρετὴν,
3429 1167 3528 1230 τὰς
3577 1168 3809 1238 ἀμοιϐάς

2136 1252 2372 1324 δέχεται,
2424 1253 2559 1306 ἀλλὰ
2608 1255 2702 1307 καὶ
2743 1254 2883 1324 ὑπὲρ
2933 1247 3013 1308 ὧν
3057 1255 3339 1321 διετάξατο
3373 1257 3486 1318 τοῖς
3535 1254 3596 1320 ἐξ
3642 1255 3807 1308 αὐτοῦ

2139 1342 2398 1411 τεχθεῖσι,
2431 1340 2684 1410 δαψιλοῦς
2716 1339 2960 1407 ἀξιοῦται
3007 1342 3106 1411 τῆς
3153 1341 3472 1404 ἀντιδόσεως
3495 1357 3510 1372 ·
3543 1341 3798 1405 εἰκότως·

2139 1430 2303 1491 αὐτὸς
2324 1428 2434 1500 7&9
2461 1427 2644 1482 λοιπὸν
2672 1428 2841 1482 άπασι
2869 1428 3186 1493 διδάσκαλος
3227 1429 3470 1498 γέγονεν.
3487 1431 3546 1483 '0
3571 1430 3680 1502 7&9
3709 1431 3808 1502 τὴν

2137 1516 2312 1586 ἀρχὴν
2350 1516 2442 1568 καὶ
2484 1515 2550 1568 τὰ
2582 1515 2838 1587 προοίμια
2868 1514 3188 1587 παρασχὼν,
3227 1511 3382 1581 οὗτος
3414 1515 3507 1570 καὶ
3533 1516 3642 1571 τῶν
3673 1518 3811 1588 μετὰ

2143 1602 2312 1656 ταῦτα
2337 1601 2636 1671 γινομένων
2662 1601 2832 1666 αἴτιος
2860 1602 2925 1655 ἂν
2956 1603 3062 1672 είη.

2213 1695 2283 1756 γ’.
2325 1687 2434 1740 Καὶ
2469 1689 2572 1760 ὅρα
2600 1685 2694 1742 τοῦ
2724 1688 2994 1741 Δεσπότου
3039 1689 3138 1759 τὴν
3169 1687 3499 1761 άγαθότητα.
3531 1689 3606 1742 Οὐ
3653 1690 3811 1760 μόνον

2141 1777 2280 1846 ὑπὲρ
2320 1777 2420 1847 τῆς
2473 1779 2532 1830 ἐν
2589 1776 2668 1848 τῷ
2733 1776 3052 1848 παρελθόντι
3114 1777 3319 1847 ἀρετῆς
3373 1776 3659 1848 ἀμείϐεται
3717 1777 3809 1830 τδν

2137 1865 2363 1927 δίκαιον,
2412 1864 2549 1918 άλλὰ
2602 1865 2696 1918 καὶ
2739 1865 2879 1934 ὑπὲρ
2934 1865 3034 1935 τῆς
3080 1863 3397 1935 μελλούσης.
3452 1865 3658 1936 ’ῌδειν
3678 1867 3808 1934 γάρ,

2139 1952 2326 2022 φησὶν,
2355 1951 2443 2004 ὅτι
2472 1951 2760 2016 συντάξει
2797 1952 2922 2016 τοῖς
2955 1950 3110 2018 υἱοῖς
3133 1950 3344 2006 αὐτοῦ.
3384 1950 3624 2020 Ἐπειδὴ,
3655 1952 3808 2020 φησὶ,

2141 2037 2499 2106 προγινώσκω
2529 2036 2624 2088 τοῦ
2666 2036 2876 2090 δικαίου
2933 2038 3030 2105 τὴν
3059 2035 3306 2107 γνώμην,
3342 2035 3430 2090 διά
3451 2035 3612 2089 τοῦτο
3675 2054 3812 2107 προ-

2140 2123 2401 2194 λαμϐάνω
2439 2125 2558 2185 ταῖς
2616 2123 2893 2192 ἀμοιϐαῖς.
2926 2120 3046 2177 Οἷδε
3094 2124 3204 2196 7&9
3252 2125 3322 2177 τά
3373 2125 3663 2195 ἀπόρρητα
3711 2125 3812 2194 τῆς

2138 2210 2376 2272 διανοίας
2405 2208 2582 2279 ἡμῶν,
2618 2210 2712 2261 καὶ
2737 2211 2866 2262 ὅταν
2907 2209 3171 2280 θεάσηται
3214 2209 3286 2265 τά
3331 2209 3519 2264 δέοντα
3572 2211 3812 2280 βουλευο·

2144 2295 2338 2368 μένους
2359 2297 2453 2348 καὶ
2490 2295 2616 2365 ὑγιῆ
2642 2294 2738 2364 τὴν
2765 2294 2990 2365 γνώμην
3018 2295 3516 2365 ἐπιδεικνυμένους,
3539 2297 3632 2349 καὶ
3653 2301 3809 2369 χεῖρα

2140 2383 2342 2452 ὀρέγει,
2373 2381 2468 2434 καὶ
2498 2381 2604 2452 πρὸ
2647 2383 2753 2433 τῶν
2797 2382 2972 2434 πόνων
3011 2381 3318 2451 ἀμείϐεται,
3366 2381 3810 2452 προθυμοτέρους

2138 2468 2307 2539 ταύτῃ
2357 2467 2813 2531 κατασκευάζων·
2857 2469 2951 2522 καὶ
2999 2467 3160 2522 τοῦτο
3220 2467 3286 2522 άν
3348 2468 3526 2538 εὕροις
3568 2469 3660 2522 ἐπὶ
3705 2470 3814 2522 τῶν

2137 2556 2363 2609 δικαίων
2403 2555 2656 2608 ἁπάντων
2702 2557 3005 2626 γινόμενον.
3054 2555 3223 2618 Εἰδὼς
3296 2556 3399 2626 γὰρ
3451 2557 3549 2627 τῆς
3609 2557 3813 2627 ἀνθρω·

2143 2645 2303 2714 πίνης
2327 2642 2540 2712 φύσεως
2594 2641 2696 2713 τὴν
2750 2643 3054 2707 ἀσθένειαν,
3111 2643 3253 2696 ὥστε
3305 2643 3379 2714 μὴ
3434 2645 3813 2716 ἀπαγορεῦσαι

2143 2731 2278 2801 πρὸς
2303 2731 2371 2782 τά
2396 2729 2654 2801 δυσχερῆ,
2693 2728 2894 2799 μεταξὺ
2923 2729 3031 2783 τῶν
3061 2730 3239 2784 πόνων
3268 2729 3529 2794 πολλάκις
3556 2732 3654 2802 τὴν
3681 2729 3814 2801 παρ’

2142 2819 2336 2874 ἐαυτοῦ
2358 2819 2642 2891 ἀντίληψιν
2678 2819 2770 2872 καὶ
2807 2817 2907 2882 τάς
2948 2817 3186 2889 ἀμοιϐὰς
3223 2819 3474 2891 παρέχει,
3523 2820 3664 2874 ὥστε
3721 2823 3815 2874 καὶ

2141 2908 2232 2963 τόν
2259 2908 2422 2961 πόνον
2450 2907 2820 2975 ἐτακουφίσαι,
2856 2907 2950 2960 καὶ
2983 2907 3081 2978 τὴν
3105 2906 3281 2978 ὁρμὴν
3313 2908 3818 2980 ἐπιτεῖναι.”ῌδειν

2145 2997 2274 3068 γὰρ,
2307 2995 2490 3067 φησὶν,
2520 2996 2608 3049 ὅτι
2640 2995 2930 3060 συντάξει
2957 2994 3244 3063 τοῖςυίοῖς
3267 2997 3476 3060 αὐτοῦ,
3499 2997 3600 3051 καί
3623 2997 3819 3066 φυλάο

2144 3085 2320 3150 ξουσι
2345 3083 2451 3149 τὰς
2475 3083 2654 3149 ὀδοὺς
2677 3085 2919 3152 Κιφίου.
2954 3084 3028 3137 οὐ
3065 3083 3227 3154 μόνον
3271 3084 3402 3156 περὶ
3424 3084 3589 3138 αὐτοῦ
3621 3086 3816 3156 προλέ-

2141 3183 2245 3234 γει,
2269 3167 2349 3219 ὃτι
2389 3165 2700 3230 Συντάξει,
2742 3166 2878 3218 ἀλλά
2915 3166 3010 3219 καὶ
3059 3165 3185 3236 περὶ
3216 3166 3324 3220 τῶν
3346 3167 3480 3220 υίῶν
3500 3168 3692 3232 αὐτοῦ,
3724 3170 3808 3222 ὅτι

2143 3248 2490 3312 Φυλάξουσι
2511 3248 2617 3314 τὰς
2644 3247 2824 3312 ὀδοὺς
2849 3246 3096 3315 Κυρίου,
3131 3249 3220 3302 τὸν
3256 3249 3465 3309 Ἰσαὰκ,
3498 3249 3590 3302 τὸν
3623 3250 3815 3302 Ἰακὼϐ

2142 3331 2529 3401 αἰνιττόμενος.
2563 3328 2672 3395 Τὰς
2712 3328 2893 3395 ὀδοὺς
2941 3330 3184 3398 Κυρίου,
3237 3331 3381 3384 τοῦτ’
3408 3331 3524 3384 ἐστι
3553 3332 3621 3386 τά
3651 3349 3818 3402 προσ-

2141 3415 2415 3484 τάγματα,
2444 3412 2542 3476 τάς
2572 3412 2810 3477 ἐντολάς.
2839 3412 3038 3466 Ποιεῖν
3058 3412 3186 3485 7&9,
3223 3415 3378 3484 φησὶ,
3415 3415 3819 3482 δικαιοσύνην

2143 3499 2239 3552 καί
2267 3498 2491 3566 κρίσιν·
2529 3495 2695 3566 μηδὲν
2716 3494 2810 3548 τοῦ
2837 3495 3046 3549 δικαίου
3071 3498 3363 3567 προτιμᾷν,
3395 3497 3552 3558 ἐκτὸς
3572 3498 3817 3566 γίνεσθαι

2143 3580 2324 3650 πάσης
2355 3579 2587 3640 ἀδικίας.
2620 3577 2792 3632 τοῦτο
2845 3577 2954 3648 γὰρ
2990 3580 3023 3649 ἠ
3069 3577 3301 3649 μεγίστη
3350 3579 3551 3650 ἀρετή·
3603 3579 3692 3633 διά
3734 3598 3817 3634 τοι

2140 3661 2298 3717 τοῦτο
2317 3662 2494 3715 πάντα
2527 3663 2606 3725 είς
2635 3661 2796 3732 ἔργον
2835 3660 3148 3732 ἐκϐήσεται,
3203 3663 3305 3716 ὅσα
3338 3661 3570 3733 ἐλάλησε
3612 3663 3817 3738 Κύριος

2144 3745 2279 3817 πρὸς
2302 3744 2487 3798 αὐτόν.
2508 3739 2675 3812 Οἶμαι
2701 3742 2758 3796 δέ
2791 3744 2886 3797 καὶ
2909 3743 3096 3814 ἔτερόν
3119 3760 3170 3796 τι
3187 3743 3517 3798 αίνίττεσθαι
3540 3745 3702 3799 αὑτὸν
3726 3747 3816 3800 διὰ

2140 3827 2234 3880 τοῦ
2269 3827 2468 3893 λέγειν,
2528 3826 2777 3894 Ἀϐραὰμ
2809 3825 2877 3878 δὲ
2917 3827 3232 3894 γινόμενος
3281 3827 3454 3881 ἔσται
3504 3831 3592 3894 εις
3637 3829 3814 3896 ἔθνος

2138 3908 2291 3978 μέγα
2309 3908 2407 3961 καί
2435 3907 2614 3973 πολὺ,
2635 3906 2755 3960 ἀντὶ
2773 3906 2888 3971 τοῦ,
2909 3907 2981 3958 Σὺ
3015 3909 3114 3978 μὲν
3140 3911 3170 3961 ό
3197 3908 3296 3980 τὴν
3322 3910 3522 3981 ἀρετὴν
3540 3911 3811 3980 ἐλόμενος,

2147 3992 2239 4046 καὶ
2279 3992 2392 4054 τοῖς
2421 3989 2574 4060 ἐμοῖς
2629 3991 3017 4060 προστάγμασι
3063 3989 3407 4061 πειθόμενος,
3453 3993 3547 4046 καὶ
3578 3994 3676 4064 τὴν
3713 3996 3815 4048 ύπο

2142 4073 2309 4142 ακοῆν
2340 4070 2802 4152 ἐπιδεικνύμενος,
2839 4073 2918 4136 εἰς
2952 4071 3104 4137 ἑθνος
3127 4073 3268 4144 μέγα
3283 4075 3377 4127 καὶ
3406 4075 3539 4128 πολὺ
3570 4079 3777 4152 γενήσῃ
3797 4101 3810 4115 ο

2141 4158 2190 4210 οί
2217 4156 2274 4208 δὲ
2300 4155 2604 4227 παράνομοι
2627 4147 2775 4208 οὗτοι
2799 4155 2850 4208 οἱ
2897 4155 3040 4209 κατά
3068 4156 3167 4226 τὴν
3203 4156 3312 4210 τῶν
3354 4157 3602 4228 Σοδόμων
3630 4147 3813 4232 χώραν

2141 4237 2435 4302 οἰκοῦντες,
2455 4236 2914 4308 ἀφανισθήσονται
2937 4237 3196 4303 ἅπαντες.
3231 4239 3443 4312 Ὥσπερ
3464 4241 3566 4313 γὰρ
3589 4245 3621 4312 ἡ
3645 4245 3812 4316 ἀρετὴ

2142 4323 2412 4392 σωτηρίας
2443 4319 2696 4382 ὑπόθεσις
2749 4318 2961 4388 γίνεται
3004 4322 3118 4383 τοῖς
3160 4320 3364 4392 ταύτην
3397 4322 3694 4391 μετιοῦσιν,
3729 4326 3815 4378 οῦ-

2139 4421 2246 4467 τως
2297 4403 2328 4473 ἡ
2381 4401 2615 4471 πονηρία
2678 4400 2989 4472 ἀφανισμοῦ
3061 4401 3209 4456 αἰτία
3274 4403 3619 4459 καθίσταται.
3679 4405 3812 4464 Εἶτα

2142 4485 2328 4554 ἐπειδὴ
2375 4484 2470 4537 καὶ
2499 4483 2586 4536 διὰ
2626 4484 2723 4554 τῆς
2765 4483 3036 4554 εὐλογίας,
3085 4486 3178 4539 καὶ
3208 4486 3298 4540 διά
3338 4487 3446 4542 τῶν
3474 4491 3708 4546 ἐπαίνων
3734 4497 3812 4557 είς

2141 4565 2359 4618 πλείονα
2382 4564 2694 4636 παρρησίαν
2718 4565 2890 4635 ῆγαγε
2922 4565 3074 4637 [ιε-ιι
3102 4567 3192 4620 τὸν
3213 4567 3440 4633 δίκαιον,
3463 4571 3687 4642 άρχεται
3713 4576 3812 4644 τῆς

2140 4648 2469 4713 ὑποθέσεως,
2498 4646 2590 4699 καί
2622 4663 2786 4715 φησι·
2811 4647 3052 4717 Κραυγὴ
3076 4648 3354 4720 Σοδόμων
3379 4655 3472 4706 καί
3508 4657 3811 4726 Γομόρρας

2140 4731 2552 4798 πεπυίήθυνται
2585 4729 2732 4797 πρός
2755 4745 2852 4798 με,
2890 4731 2992 4808 καί
3019 4733 3080 4784 αἱ
3110 4731 3383 4801 ἁμαρτίαι
3415 4736 3616 4791 αὐτῶν
3631 4740 3811 4808 μετὰ-

2138 4816 2241 4867 λαι
2297 4810 2551 4881 σφόδρα.
2608 4812 2880 4876 Καταόὰς
2933 4807 3048 4868 οὖν
3104 4813 3350 4885 ὄψομαι,
3399 4821 3452 4872 ει
3501 4820 3653 4872 κατὰ
3696 4807 3811 4889 τὴν
3855 4853 3858 4860 -

2140 4893 2410 4962 κραυγὴν
2433 4891 2633 4947 αὐτῶν
2667 4893 2783 4960 τὴν
2806 4894 3142 4965 ἐρχομένην
3178 4899 3329 4966 πρός
3351 4916 3420 4967 με
3445 4903 3811 4956 συντελοῦν-

2140 4993 2258 5030 ται’
2291 4979 2342 5029 εί
2365 4974 2560 5044 δὲμὴ,
2593 4977 2694 5028 ἵνα
2729 4975 2871 5045 γνῶ.
2913 4979 3122 5051 Φοϐερά
3148 4979 3219 5032 τὰ
3242 4981 3527 5051 είρημένα.
3565 4984 3808 5054 κραυγὴ

2140 5057 2438 5126 Σοδόμων,
2461 5057 2612 5129 φησὶ,
2657 5058 2753 5112 καί
2793 5061 3120 5130 Γομόρρας.
3159 5061 3350 5114 Καίτοι
3389 5065 3480 5115 καὶ
3504 5064 3687 5134 ἕτεραι
3715 5070 3810 5121 πό-

2139 5139 2248 5203 λεις
2274 5142 2388 5210 μετ’
2402 5139 2580 5193 αὐτῶν
2615 5141 3009 5212 ἠφανίσθησαν,
3045 5143 3161 5196 ἀλλ’
3183 5145 3369 5215 ἐπειδὴ
3403 5140 3562 5198 αὗται
3594 5145 3733 5218 ἦσαν
3752 5155 3806 5205 αί

2141 5223 2625 5293 περιφανέστεραι,
2660 5224 2863 5277 τούτων
2907 5224 3328 5294 ἐμνημόνευσεν.
3387 5229 3810 5298 Πεπλήθυνται

2140 5305 2291 5371 πρός
2333 5321 2430 5373 με,
2476 5306 2572 5357 καὶ
2617 5311 2675 5360 αι
2717 5306 2992 5374 ἁμαρτίαι
3025 5305 3223 5360 αὐτῶν
3255 5307 3509 5378 μεγάλαι
3550 5315 3804 5384 σφόδρα.

2141 5388 2286 5459 Ὅρα
2315 5389 2422 5442 τῶν
2451 5388 2639 5442 κακῶν
2663 5390 2763 5458 τὴν
2797 5387 3072 5470 ἐπίτασιν.
3119 5390 3194 5443 Οὐ
3230 5393 3393 5461 μόνον
3418 5394 3550 5448 πολὺ
3584 5397 3643 5450 τὸ
3672 5399 3808 5470 πλῆ-

2144 5470 2235 5532 θος
2253 5470 2354 5541 τῆς
2385 5473 2652 5540 κραυγῆς,
2679 5469 2817 5522 άλλά
2841 5470 2932 5523 καὶ
2955 5469 3055 5541 τῆς
3069 5472 3301 5538 ἀδικίας.
3335 5477 3408 5530 Τὸ
3420 5476 3548 5549 7&9,
3567 5469 3807 5550 Κραυγῗι

2141 5552 2423 5620 Σοδόμων
2461 5551 2557 5603 καί
2604 5553 2913 5621 Γομόρρας
2956 5554 3392 5624 πεπλήθυνται,
3434 5555 3586 5632 οἶμαι
3610 5565 3808 5632 σημαί-

2140 5651 2269 5694 νειν,
2299 5634 2382 5686 ὅτι
2421 5632 2558 5714 μετά
2579 5635 2678 5706 τῆς
2715 5637 3061 5707 παρανομίας
3100 5639 3313 5710 ἐκείνης
3342 5642 3440 5712 τῆς
3470 5645 3678 5714 άφάτου
3715 5648 3808 5700 καὶ

2140 5716 2318 5783 πάσης
2353 5713 2683 5787 συγγνώμης
2722 5719 3192 5793 ἀπεστερημένης.
3237 5726 3330 5777 καὶ
3365 5713 3556 5796 ἐτέρας
3597 5727 3806 5790 ἀδικίας

2147 5797 2344 5860 πολλὰς
2405 5797 2800 5867 ἐπεδείκνυντο,
2832 5803 2881 5855 οἱ
2899 5801 3253 5878 δυνατώτεροι
3296 5807 3805 5878 κατεξανιστάμενοι

2153 5879 2259 5931 τῶν
2291 5880 2715 5955 ἀσθενεστέρων,
2746 5886 2798 5939 οί
2835 5885 3075 5942 πλούσιοι
3092 5890 3198 5945 τῶν
3230 5890 3494 5959 πενήτων.
3534 5894 3609 5945 υύ
3647 5897 3807 5962 μόνον
