4072 6216
394 311 498 370 589

395 427 591 491 τοίνυν,
616 423 771 498 φησὶ,
803 423 936 479 πολὺ
985 423 1085 494 τῆς
1109 423 1355 495 κραυγῆς
1380 421 1443 474 τὸ
1467 416 1679 481 πένθος,
1714 417 1846 471 ἀλλά
1873 418 1967 470 καὶ
1995 419 2049 471 αἱ

395 511 661 586 ἁμαρτίαι
680 510 860 565 αὐτῶν
885 510 986 579 οὐχ
1018 511 1074 563 αί
1101 506 1360 578 τυχοῦσαί
1390 507 1548 565 εἰσιν.
1576 503 1712 557 ἀλλά
1749 503 1844 557 καὶ
1885 504 2054 574 μεγά-

391 599 508 667 λαι,
531 599 626 654 καὶ
645 599 850 668 σφόδρα
884 596 1135 667 μεγάλαι.
1166 594 1327 646 Ξένον
1347 591 1456 663 γὰρ
1480 591 1678 662 τρόπον
1707 590 2053 662 παρανομίας

399 686 721 757 ἐπενόησαν,
763 685 856 737 καὶ
886 681 1200 744 ἀλλοκότους
1251 679 1346 732 καὶ
1387 677 1661 747 ἀθέσμους
1699 677 1809 729 τῶν
1853 676 2051 746 μίξεων

396 772 591 843 νόμους
639 770 887 841 ἐφεῦρον,
934 768 1027 820 καὶ
1070 765 1306 836 τοσαύτη
1349 765 1447 833 τῆς
1480 763 1741 832 κακίαςῆ
1781 761 1946 831 φορά,
1978 761 2054 824 ὡς

397 858 642 921 ἅπαντας
676 857 776 925 τῆς
813 853 989 925 λύμης
1018 851 1427 922 ἀναπλησθῆναι
1445 850 1640 919 πάσης,
1663 849 1756 902 καὶ
1784 848 2053 919 μηδεμίαν

397 945 584 1000 λοιπὸν
622 943 906 1015 διόρθωσιν
960 940 1160 1003 αὐτοὺς
1198 937 1566 1008 ἐπιδέχεσθαι,
1600 936 1718 990 ἀλλ’
1745 933 2052 1005 ἀφανισμοῦ

396 1030 603 1086 δεῖσθαι
624 1026 915 1091 παντελοῦς
938 1042 952 1057 ·
982 1026 1102 1080 οὐδὲ
1129 1026 1238 1095 γὰρ
1268 1025 1507 1096 ἰατρείαν
1533 1022 1716 1076 λοιπὸν
1742 1021 2051 1091 ἐπιδέχεται

397 1118 469 1172 τὰ
491 1117 690 1171 τούτων
711 1115 857 1185 πάθη
880 1113 1076 1168 ἀνίατα
1126 1112 1408 1181 γεγονότα.
1447 1106 1576 1163 Εἶτα
1613 1107 1880 1162 παιδεύων
1911 1107 2051 1161 ᾶπα-

399 1221 500 1258 σαν
524 1202 631 1256 τῶν
660 1199 962 1272 ἀνθρώπων
995 1199 1092 1270 τὴν
1118 1199 1301 1268 φύσιν,
1328 1197 1431 1251 κᾶν
1460 1192 1722 1269 μεγάλαῇ
1752 1195 1958 1265 σφόδρα
1982 1194 2051 1247 τά

396 1290 770 1361 ἁμαρτήματα
797 1286 892 1341 καὶ
905 1284 1319 1357 ὡμολογημένα,
1335 1283 1411 1355 μὴ
1424 1284 1686 1356 πρότερον
1714 1282 1812 1346 τὰς
1840 1280 2053 1352 ψήφους

398 1377 668 1447 ἐκφέρειν,
705 1374 833 1445 πρὶν
869 1372 935 1426 ἂν
964 1373 1209 1442 ἐναργεῖς
1253 1369 1551 1434 ἀποδείξεις
1576 1369 1857 1437 γένωνται,
1884 1368 2048 1439 φησί·

396 1461 666 1527 Καταϐὰς
704 1460 944 1530 ὄψομαι,
978 1461 1031 1514 εί
1058 1461 1207 1512 κατὰ
1236 1456 1350 1526 τὴν
1387 1456 1659 1526 κραυγὴν
1672 1455 1870 1510 αὐτῶν
1902 1469 2053 1509 συν-

396 1548 713 1603 τελοῦνται
739 1545 853 1614 τὴν
868 1545 1201 1614 ἐρχομένην
1216 1545 1366 1612 πρός
1375 1560 1452 1613 με
1473 1559 1486 1574 ·
1510 1546 1561 1596 εί
1576 1541 1643 1596 δὲ
1656 1542 1766 1612 μὴ,
1783 1543 1885 1595 ἵνα
1910 1540 2049 1611 γνῶ.

398 1636 469 1688 Τί
508 1633 885 1705 βούλεται.τῆς
942 1632 1138 1697 λέξεως
1177 1633 1211 1702 η
1269 1629 1705 1698 συγκατάϐασις;
1762 1629 2050 1693 Καταϐὰς,

399 1723 584 1794 φησὶν,
617 1719 1057 1790 δψομαι.’Τόπον
1086 1717 1194 1789 γάρ
1232 1719 1297 1770 ὲκ
1341 1717 1505 1769 τόπου
1549 1715 1863 1786 μεταϐαίνει
1887 1716 1915 1768 ό
1947 1715 2056 1768 τῶν

397 1811 537 1864 ὅλων
563 1808 731 1874 Θεός;
757 1808 911 1878 Οὐχὶ,
947 1806 1020 1877 μὴ
1041 1806 1269 1873 γένοιτο.
1299 1805 1372 1858 Οὐ
1399 1803 1556 1858 τοῦτο
1586 1804 1755 1873 λέγει,
1784 1803 1896 1856 ἀλλ’
1919 1803 2059 1874 ὅπερ

399 1897 660 1960 πολλάκις
680 1895 835 1966 ἔφην,
866 1897 930 1965 τῇ
950 1893 1218 1962 παχύτητι
1248 1894 1347 1963 τῆς
1379 1891 1576 1956 λέξεως
1594 1893 1739 1962 ἡμᾶς
1768 1890 2055 1945 παιδεῦσαι

401 1983 673 2055 βούλεται,
690 1983 770 2037 ὅτι
797 1980 878 2034 δεῖ
892 1978 1055 2049 πολλῇ
1081 1981 1148 2050 τῇ
1177 1978 1429 2050 ἀκριϐείᾳ
1445 1976 1764 2049 κεχρῆσθαι,
1788 1978 1884 2030 καὶ
1917 1980 2054 2050 μήτε

398 2071 508 2124 ἀπὸ
531 2069 701 2139 ἀκοῆς
730 2065 1112 2129 καταδικάζειν
1138 2066 1265 2128 τοὺς
1307 2064 1714 2135 ἡμαρτηκότας,
1764 2065 2053 2136 μήτεςάνευ

397 2155 724 2220 ἀποδείξεως
778 2155 877 2217 τάς
916 2153 1130 2224 ψήφους
1174 2151 1446 2221 ἐκφέρειν.
1524 2149 1832 2220 Ἀκούωμεν
1884 2151 2056 2204 ταῦτα

398 2244 658 2306 ἅπαντες.
698 2242 772 2297 Οὐ
814 2239 923 2311 γάρ
958 2240 1116 2311 μόνον
1146 2240 1195 2292 οί
1229 2239 1319 2292 τὸν
1361 2238 1670 2292 δικαστικὸν
1723 2238 1910 2308 θρόνον
1959 2239 2057 2291 έπ-

398 2332 634 2401 έχοντες,
663 2327 849 2382 τοῦτον
881 2323 1398 2397 παραφυλάττεσθαι
1446 2324 1716 2393 ὀφείλουσι
1750 2325 1844 2378 τὸν
1872 2326 2052 2395 νόμον,

399 2417 536 2472 ἀλλὰ
563 2416 656 2470 καὶ
681 2413 838 2487 ημῶν
893 2412 1121 2474 ἕκαστος
1150 2410 1416 2482 μηδέποτε
1458 2410 1567 2464 ἀπὺ
1608 2410 1771 2481 ψιλῆς
1805 2411 2058 2482 διαϐολῆς

398 2502 745 2574 κατακρίνειν
774 2502 864 2553 τὸν
892 2499 1136 2569 πλησίον.
1177 2497 1277 2551 Διά
1303 2497 1416 2568 γάρ
1433 2497 1696 2550 τοῦτοκαὶ
1725 2498 1862 2568 μετά
1891 2499 2057 2552 ταῦτα

399 2596 430 2646 ό
461 2591 726 2662 μακάριος
758 2580 911 2649 οὗτος
936 2583 1179 2653 Μωῦσῆς
1213 2582 1575 2653 ὲνηχούμενος
1610 2582 1715 2636 ὑπὸ
1735 2583 1850 2651 ,τοῦ
1896 2584 2061 2638 Πνεύ-

404 2691 572 2748 ματος
600 2671 1040 2744 παρῄνει,λέγων
1061 2686 1075 2700 ·
1111 2667 1333 2736 Ἀκοὴν
1348 2669 1609 2737 ματαίαν
1621 2669 1707 2739 μὴ
1732 2670 2055 2741 παραδέξῃ.

400 2763 570 2818 Καὶό
601 2760 869 2832 μακάριος
915 2758 972 2812 δὲ
1024 2755 1234 2819 Παῦλος
1287 2755 1515 2826 γράφων
1559 2756 1724 2809 ἐϐόα·
1768 2757 1852 2811 Σὺ
1889 2758 1958 2811 δὲ
2001 2759 2060 2812 τί

400 2848 626 2917 κρίνεις
647 2844 753 2899 τὸν
777 2843 1046 2913 ἀδελφόν
1075 2857 1233 2905 σου;
1279 2843 1389 2896 Καὶ
1440 2843 1469 2894 ό
1502 2841 1736 2912 Χριστὸς
1778 2843 2059 2899 διατασσό-

404 2950 563 3007 μενος
618 2934 730 2997 τοῖς
781 2931 1066 3003 μαθηταῖς,
1100 2928 1196 2984 καὶ
1247 2928 1515 2982 διδάσκων
1555 2929 1660 2982 τῶν
1710 2930 1974 2985 Ἰουδαίων
2000 2932 2060 2986 τὸ

400 3020 624 3092 πλῆθος,
652 3020 776 3083 τούς
802 3016 1162 3089 γραμματέας
1190 3015 1366 3070 αὐτῶν
1397 3016 1491 3068 καὶ
1507 3016 1848 3087 Φαρισαίους,
1876 3017 2055 3087 ἔλεγε·

400 3106 497 3175 Μὴ
533 3106 785 3176 κρίνετε,
801 3106 903 3158 ἵνα
918 3103 1003 3173 μὴ
1035 3098 1292 3172 κριθῆτε.
1313 3100 1378 3154 Τί
1404 3101 1533 3172 γάρ,
1560 3104 1712 3174 φησὶ,
1737 3103 1842 3175 πρὸ
1867 3104 2058 3174 καιροῦ

400 3194 668 3267 ἀρπάζεις
686 3193 747 3246 τὸ
772 3190 866 3245 τοῦ
895 3188 1147 3244 δικαστοῦ
1182 3187 1424 3259 ἁξίωμα;
1454 3189 1508 3241 τί
1539 3190 1939 3261 προλαμϐάνεις
1961 3192 2061 3262 τὴν

402 3280 614 3353 ἡμέραν
641 3276 854 3348 ἐκείνην
877 3275 973 3347 τὴν
999 3274 1268 3346 φοϐεράν;
1297 3274 1482 3329 Βούλει
1510 3276 1701 3348 κριτὴς
1726 3272 1898 3343 εῖναι;
1926 3278 2061 3331 Σαυ-

399 3366 496 3420 τοῦ
529 3366 702 3435 γίνου,
736 3366 830 3419 καὶ
852 3363 961 3418 τῶν
989 3380 1068 3416 σοι
1100 3361 1250 3434 [428]
1284 3363 1850 3434 πεπλημμελημένων.
1876 3364 2060 3429 Οὐδεὶς

402 3454 432 3506 ό
462 3451 704 3506 κωλύων.
729 3449 883 3503 Οῦτω
910 3448 1018 3519 γὰρ
1047 3449 1141 3502 καὶ
1167 3448 1236 3502 τὰ
1263 3448 1625 3521 ἡμαρτημένα
1653 3466 1734 3502 σοι
1766 3449 2057 3521 διορθώσῃ,

402 3538 498 3593 καὶ
517 3536 771 3607 οὐδεμίαν
804 3536 869 3588 ὲκ
892 3534 986 3588 τοῦ
1016 3533 1340 3605 πράγματος
1376 3536 1654 3607 ὐποστήσῃ
1696 3536 1916 3608 βλάϐην.
1935 3539 2060 3591 Ἐάν

401 3626 460 3680 δὲ
483 3624 553 3678 τά
581 3623 722 3677 κατά
759 3621 953 3676 σαυτὸν
989 3620 1305 3675 καταλιπὼν
1339 3622 1557 3692 ἑτέρους
1596 3622 1800 3694 καθέζῃ
1837 3624 2058 3692 κρίνων,

407 3710 629 3785 μείζονα
647 3709 828 3780 σαυτῷ
858 3709 927 3764 τά
954 3707 1147 3780 φορτία
1179 3706 1288 3762 τῶν
1338 3708 1750 3780 ἁμαρτημάτων
1789 3711 2060 3782 συλλέγων

403 3799 503 3854 οὐκ
551 3796 799 3870 αἰσθάνῃ.
863 3796 939 3849 Δι’
982 3794 1031 3859 ὃ,
1092 3795 1416 3868 παρακαλῶ,
1454 3796 1744 3869 φεύγωμεν
1786 3799 1961 3870 πάντη
2001 3798 2062 3853 τὸ

403 3883 784 3948 καταδικάζειν
844 3884 970 3946 τοὺς
1019 3882 1263 3953 πλησίον.
1302 3883 1365 3936 Εἰ
1410 3882 1519 3954 γὰρ
1551 3886 1644 3938 καὶ
1683 3888 1781 3957 τῆς
1814 3885 2063 3952 ἐξουσίας

402 3973 501 4042 τῆς
527 3971 843 4040 δικαστικῆς
872 3970 934 4022 οὐ
966 3970 1232 4039 μετέχεις,
1261 3968 1398 4022 ἀλλὰ
1410 3973 1476 4040 τῇ
1490 3970 1681 4042 γνώμῃ
1715 3973 2060 4044 κατέκρινας,

403 4059 498 4112 καὶ
548 4056 844 4110 ὑπεύθυνον
896 4054 973 4123 τῷ
1026 4056 1380 4126 ἁμαρτήματι
1433 4059 1756 4127 πεποίηκας,
1809 4061 2062 4132 οὐδεμίαν

403 4138 680 4204 ἀπόδειξιν
733 4137 1043 4209 δεξάμενος,
1088 4139 1225 4192 ἀλλά
1277 4140 1534 4203 πολλάκις
1579 4142 1637 4208 ἐξ
1685 4144 1918 4213 ὑποψίας
1968 4148 2064 4202 καὶ

404 4225 658 4298 διαϐολῆς
676 4224 856 4295 ψιλῆς.
888 4223 988 4277 Διά
1036 4224 1145 4297 γάρ
1202 4224 1357 4278 τοῦτο
1403 4226 1492 4280 καί
1524 4229 1552 4279 ὁ
1602 4229 1869 4300 μακάριος
1899 4233 2065 4287 Δαυῖδ

406 4312 538 4369 ἐϐόα
570 4312 762 4382 λέγων·
801 4309 918 4364 Τὸν
966 4310 1421 4365 καταλαλοῦντα
1443 4312 1632 4381 λάθρα
1662 4315 1768 4368 τοῦ
1799 4319 2064 4384 πλησίον

404 4398 612 4467 αὐτοῦ,
637 4393 850 4453 τοῦτον
878 4396 1216 4463 ἑξεὸίωκον.

472 4538 536 4593 δ’.
577 4532 731 4601 Εἶδες
760 4537 960 4609 ἀρετῆς
994 4536 1326 4609 ὑπερϐολήν;
1348 4537 1421 4591 Οὐ
1454 4537 1612 4608 μόνον
1639 4538 1699 4591 οὐ
1734 4539 2060 4611 παρεδέχετο

406 4626 568 4690 αὐτὸς
583 4625 654 4679 τὰ
677 4625 964 4696 λεγόμενα,
989 4623 1126 4678 ἀλλά
1154 4625 1247 4678 καὶ
1283 4624 1560 4695 ἀπήλαυνε
1586 4625 1677 4678 τὸν
1704 4625 1798 4679 τοῦ
1826 4626 2059 4698 ἀδελφοῦ

406 4711 730 4769 καταλαλεῖν
796 4711 1134 4782 βουλόμενον.
1181 4711 1308 4765 Ἐάν
1351 4713 1531 4765 τοίνυν
1594 4711 1911 4784 βουλώμεθα
1965 4717 2061 4769 καὶ

404 4800 566 4870 ἡμεῖς
590 4795 845 4851 ἐλαττοῦν
878 4796 945 4850 τά
972 4798 1184 4861 ἑαυτοῖς
1225 4798 1583 4869 ἐπταισμένα,
1628 4798 1786 4852 τοῦτο
1823 4801 2058 4870 μάλιστα

407 4885 623 4939 πάντων
654 4882 1068 4956 φυλαττώμεθα,
1102 4885 1239 4956 μήτε
1272 4885 1743 4956 καταψηφίζεσθαι
1767 4887 1876 4941 τῶν
1904 4889 2063 4945 ἀδελ-

406 4971 521 5039 φῶν
547 4972 655 5024 τῶν
684 4971 986 5045 ἡμετέρων,
1017 4973 1153 5041 μήτε
1169 4973 1294 5035 τοὺς
1312 4971 1632 5025 καταλαλεῖν
1651 4975 2060 5046 ἐπιχειροῦντας

406 5056 745 5126 προσίεσθαι,
776 5052 972 5129 μᾶλλον
1014 5057 1072 5109 δὲ
1104 5056 1247 5109 κατὰ
1288 5056 1379 5108 τὸν
1406 5060 1689 5129 προφήτην
1716 5062 2059 5126 ἀπελαύνειν,

406 5142 501 5195 καὶ
534 5142 709 5213 πάντη
764 5142 1220 5216 ἀποστρέφεσθαι.
1259 5143 1429 5195 Τοῦτο
1483 5144 1591 5213 γάρ
1652 5141 1804 5215 οἶμαι
1844 5149 1938 5200 καὶ
1976 5150 2061 5205 τὸν

407 5228 691 5297 προφήτην
719 5226 960 5298 Μωῦσῆν
991 5227 1184 5301 δηλοῦν
1218 5228 1305 5283 διά
1345 5227 1439 5281 τοῦ
1484 5227 1684 5297 λέγειν,
1727 5230 1942 5299 Ἀκοὴν
1953 5252 2065 5302 μα-

405 5312 581 5366 ταίαν
594 5312 680 5380 μὴ
719 5312 1047 5384 παραδέξῃ.
1084 5315 1183 5370 Διά
1207 5315 1456 5370 τοιτοῦτο
1484 5316 1578 5369 καὶ
1607 5312 1701 5368 νῦν
1729 5318 1758 5369 ό
1785 5318 1894 5371 τῶν
1926 5321 2063 5374 ὅλων

407 5396 685 5467 Δεσπότης
735 5400 970 5473 τοσαύτῃ
1023 5401 1291 5473 παχύτητι
1362 5401 1560 5469 λέξεως
1612 5403 1882 5474 ἐχρήσατο
1926 5407 2063 5478 πρὸς

407 5478 674 5552 ὠφέλειαν
702 5483 811 5538 τῶν
865 5487 1144 5558 ἡμετέρων
1176 5487 1381 5558 ψυχῶν,
1446 5489 1541 5543 καί
1593 5506 1723 5559 φησι
1749 5507 1761 5521 ·
1794 5494 2062 5561 Καταϐὰς

410 5568 650 5640 ὄψομαι.
701 5565 766 5621 Τί
808 5571 949 5641 γάρ;
985 5573 1099 5627 Οὐκ
1139 5573 1438 5643 ὴπίστατος
1464 5574 1565 5628 οὐκ
1611 5575 1809 5646 ᾕδειτδ
1834 5573 2065 5647 μέγεθος

409 5656 520 5711 τῶν
563 5658 1002 5730 ἀμαρτημάτων;
1042 5662 1140 5716 οὐκ
1178 5663 1439 5732 ἐγίνωσνι·
1495 5663 1556 5715 τὸ
1597 5664 1918 5734 ἀδιόρθωτον
1954 5667 2060 5720 τῶν

1182 306 1240 362 S.
1278 302 1560 362 JOANNIS
1596 299 2071 359 CIIRYSOSTOMI
2110 299 2429 358 ARCHIEP.
2470 299 3010 357 CONSTANTINOP.

3704 304 3811 362 390

2159 417 2569 486 ὲπταισμένωνς
2613 417 2751 470 Ἀλλ’
2809 416 2993 488 ῶσπερ
3033 414 3328 484 ἀπολογίαν
3367 415 3489 470 τινὰ
3544 419 3808 485 συντιθεὶς

2154 504 2268 566 τοῖς
2299 503 2435 572 μετά
2470 502 2645 556 ταῦτα
2662 502 3033 573 ἀναισχύντως
3061 501 3310 570 ἐγκαλεῖν
3339 502 3698 574 βουλομένοις,
3716 506 3811 559 καὶ

2153 586 2366 652 δεικνὺς
2378 589 2556 641 αὐτῶν
2576 588 2636 642 τὸ
2663 588 2985 650 ἀκάθεκτον,
3024 589 3118 642 καὶ
3142 588 3238 659 τὴν
3267 590 3465 660 πολλὴν
3496 592 3689 645 σπάνιν
3712 592 3811 661 τῆς

2154 675 2376 745 ἀρετῆς,
2406 677 2642 747 τοσαύτῃ
2671 676 2955 746 κέχρηται¹
2968 679 3037 746 τῇ
3083 676 3450 747 μακροθυμίᾳ.
3478 676 3630 747 Τάχα
3663 678 3720 730 δὲ
3748 680 3809 732 οὐ

2154 758 2241 811 διά
2269 760 2428 813 τοῦτο
2451 762 2632 831 μόνον,
2661 760 2775 814 ἀλλ’
2817 760 2957 814 ὥστε
2998 762 3091 814 καὶ
3147 761 3227 830 τῷ
3294 761 3488 834 δικαίῳ
3543 763 3808 835 ἀφορμὴν

2156 850 2456 918 παρασχεῖν
2483 847 2653 911 δεῖξαι
2676 847 2774 917 τῆς
2805 845 3027 919 γνώμης
3050 846 3217 900 αὐτοῦ
3245 848 3306 901 τὸ
3327 849 3604 919 συμπαθὲς
3630 851 3724 904 καὶ⁸
3748 852 3811 905 τὸ

2156 932 2524 1004 φιλόστοργον.
2545 934 2607 986 Ol
2645 934 2742 1004 μὲν
2767 929 2857 986 οῦν
2878 933 3115 1001 ἄγγελοι,
3135 933 3385 1004 καθάπερ
3421 934 3589 1007 ἔφθην
3617 936 3808 1000 είπὼν,

2155 1018 2393 1087 ἀπῆλθον
2418 1021 2500 1083 εἰς
2525 1021 2592 1073 τά
2618 1020 2850 1090 Σόδομα·
2873 1021 2902 1072 ό
2927 1020 2983 1073 δὲ
3012 1022 3354 1092 πατριάρχης
3383 1023 3627 1093 εἱστήκει
3657 1024 3810 1076 ἐναν-

2154 1106 2268 1159 τίον
2293 1106 2518 1177 Κυρίου.
2550 1106 2660 1160 Καὶ
2695 1107 2962 1175 ἐγγίσας,
3018 1109 3203 1178 φησὶν,
3261 1109 3507 1178 Ἀϐραὰμ
3532 1106 3681 1163 εἷπε·
3712 1110 3810 1179 Μὴ

2156 1194 2587 1263 συναπολέσῃς
2623 1193 2856 1248 δίκαιον
2898 1194 3049 1263 μετὰ
3089 1195 3369 1263 ἀσεϐοῦς,
3424 1197 3524 1250 καὶ
3584 1198 3755 1251 ἔσται
3778 1201 3813 1252 ὁ

2155 1281 2382 1347 δίκαιος
2411 1282 2491 1347 ὡς
2511 1284 2543 1336 ό
2575 1282 2837 1351 ἀσεϐής;
2893 1282 2958 1334 Ὢ
2985 1281 3084 1351 τῆς
3120 1282 3213 1335 τοῦ
3240 1282 3445 1336 δικαίου
3476 1284 3809 1355 παρρησίας,

2159 1367 2359 1437 μᾶλλον
2379 1367 2456 1433 δὲ,
2475 1366 2519 1421 ὣ
2533 1369 2708 1439 ψυχῆς
2730 1368 3060 1439 συμπάθεια·
3083 1368 3231 1432 ὅπως
3251 1372 3316 1440 τῇ
3340 1368 3441 1438 τῆς
3465 1369 3811 1439 συμπαθείας

2162 1454 2300 1526 μέθῃ
2332 1455 2602 1526 καρωθεὶς
2631 1456 2751 1510 οὐδὲ
2778 1455 2806 1507 δ
2832 1455 2977 1524 λέγει
3011 1456 3242 1526 συνίησι.
3284 1457 3394 1509 Καὶ
3435 1457 3748 1511 δεικνύουσα
3774 1459 3809 1529 η

2159 1538 2276 1594 θεία
2306 1541 2513 1613 Γραφὴ,
2536 1543 2618 1595 ὅτι
2646 1542 2784 1612 μετά
2809 1542 2975 1611 φόϐου
3005 1541 3197 1596 πολλοῦ
3231 1544 3325 1596 καὶ¹
3347 1544 3551 1614 τρόμου
3580 1546 3677 1616 τὴν
3702 1545 3813 1597 ἱκε-

2159 1625 2276 1678 σίαν
2301 1630 2551 1689 ποιεῖται,
2579 1628 2757 1697 φησίν·
2787 1628 3063 1697 Ἐτγίσας
3094 1628 3339 1697 Ἀϐραὰμ
3360 1624 3509 1682 εἷπε·
3543 1629 3640 1697 Μὴ
3659 1645 3810 1683 συν-

2154 1714 2464 1783 ἀπολέσῃς
2500 1714 2735 1768 δίκαιον
2786 1713 2939 1782 μετὰ
2966 1714 3266 1779 ἀσεϐοῦς;
3322 1715 3386 1767 Τί
3419 1719 3610 1779 ποιεῖς,
3635 1710 3680 1771 ὧ
3706 1734 3811 1787 μα-

2157 1800 2312 1870 κάριε
2373 1800 2715 1872 πατριάρχας
2765 1801 2877 1871 Τῆς
2926 1801 3078 1871 παρά
3113 1800 3208 1855 σοῦ
3238 1801 3813 1874 δεῖταιπαρακλήσεως

2155 1887 2184 1938 ὁ
2210 1887 2503 1958 Δεσπότης,
2550 1885 2692 1940 ὥστε
2728 1887 2803 1958 μὴ
2830 1887 2990 1940 τοῦτο
3027 1889 3252 1959 ποιῆσαι
3284 1905 3299 1954 ;
3350 1888 3510 1942 Ἀλλά
3550 1889 3625 1960 μὴ
3656 1888 3818 1944 τοῦτο

2156 1973 2453 2042 νοήσωμεν·
2483 1972 2603 2026 οὐδὲ
2627 1971 2735 2043 γάρ
2751 1972 2826 2035 ώς
2838 1972 2933 2025 τοῦ
2956 1974 3224 2027 Δεσπὸτου
3239 1973 3397 2028 τοῦτο
3419 1978 3590 2029 ποιεῖν
3606 1975 3814 2046 μέλλον-

2156 2076 2246 2122 τος
2271 2059 2438 2127 λέγει,
2486 2058 2600 2112 ἀλλ’
2627 2058 2813 2129 ἐπειδὴ
2842 2057 2901 2123 ἐξ
2928 2060 3141 2124 εὐθείας
3165 2059 3251 2113 διά
3270 2060 3360 2113 τὸν
3390 2061 3704 2131 ἀδελφιδοῦν
3737 2062 3814 2113 εί-

2158 2148 2278 2198 πεῖν
2298 2146 2397 2198 οὐκ
2428 2144 2668 2216 ἐθάρρει,
2725 2145 2908 2213 κοινὴν
2962 2146 3102 2217 ὑπὲρ
3147 2147 3399 2200 ἁπάντων
3452 2150 3684 2200 ποιεῖται
3713 2147 3815 2216 τὴν

2161 2232 2385 2289 ίκεσίαν.
2406 2231 2724 2303 βουλόμενος
2747 2232 3003 2302 μετὰτῶν
3023 2232 3196 2287 ἀλλων
3240 2234 3335 2285 καὶ
3375 2233 3562 2287 τοῦτον
3611 2233 3812 2287 διασῶ-

2162 2336 2273 2383 σαι,
2340 2320 2435 2373 καὶ
2491 2316 2628 2390 μετά
2677 2317 2865 2373 τούτου
2921 2319 3015 2374 καὶ
3073 2320 3194 2383 τοὺς
3244 2318 3434 2385 ἀλλους
3488 2320 3810 2391 ἐξαρπάσαι·

2160 2406 2255 2460 καὶ
2282 2405 2508 2476 ἄρχεται
2531 2406 2631 2475 τῆς
2677 2405 3091 2477 παρακλήσεως,
3140 2405 3232 2461 καί
3268 2423 3452 2476 φησιν·
3516 2407 3658 2461 Ἐὰν
3699 2403 3810 2461 ὦσι

2160 2494 2534 2562 πεντήκοντα
2566 2492 2780 2547 δίκαιοι
2797 2493 2868 2546 ἐν
2887 2491 2961 2560 τῇ
2985 2494 3176 2556 πόλει,
3196 2492 3520 2561 ἀπολέσεις
3553 2495 3813 2560 αὐτούς;

2163 2583 2284 2636 Οὐκ
2313 2580 2567 2648 ἀνήσεις
2600 2578 2837 2634 ἅπαντα
2862 2579 2970 2632 τὸν
2994 2580 3182 2634 τόπον
3209 2579 3419 2633 ἕνεκεν
3439 2580 3558 2634 τῶν
3594 2581 3812 2648 πεντή-

2159 2684 2343 2722 κοντα
2403 2665 2669 2730 δικαίων,
2727 2665 2836 2719 ἐὰν
2883 2661 3037 2720 ὦσιν
3074 2666 3144 2719 ἐν
3171 2666 3323 2735 αὐτῇ
3345 2667 3708 2738 ;Μηδαμῶς·
3741 2672 3814 2724 οὐ

2114 2828 2119 2833 _
2160 2755 2436 2823 ποιήσεις
2472 2754 2539 2807 τὸ
2558 2752 2726 2823 ῥῆμα
2755 2752 2932 2807 τοῦτο
2955 2763 2996 2817 ⁸,
3026 2753 3132 2808 τοῦ
3177 2753 3521 2809 ἀποκτεῖναι
3578 2756 3815 2810 δίκαιον

2154 2840 2304 2911 μετὰ
2336 2839 2611 2905 ἀσεϐοῦς,
2635 2838 2914 2893 καὶὲσται
2944 2842 2976 2893 ό
2998 2838 3225 2905 δίκαιος
3248 2840 3328 2906 ὡς
3355 2843 3388 2893 ὁ
3420 2840 3664 2908 ἀσεϐής.
3691 2846 3815 2908 Μη-

2160 2927 2374 2996 δαμῶς.
2409 2917 2558 2999 [429]
2590 2926 2642 2979 Ὀ
2677 2927 2896 2995 κρίνων
2921 2923 3127 2982 πᾶσαν
3154 2925 3269 2995 τὴν
3300 2925 3418 2997 γῆν
3443 2930 3514 2982 οὐ
3542 2927 3816 2995 ποιήσεις

2161 3018 2396 3084 κρίσιν;
2431 3017 2572 3087 Ὅρα
2602 3014 2720 3079 πῶς
2759 3016 2852 3069 καὶ
2895 3016 2953 3070 ὲν
3000 3018 3067 3086 τῇ
3113 3016 3291 3086 ἱκεσίᾳ
3345 3015 3608 3070 δείκνυσιν
3650 3016 3814 3070 αὐτοῦ

2160 3103 2257 3172 τῆς
2285 3103 2509 3172 γνώμης
2529 3101 2589 3154 τὸ
2619 3101 2879 3169 φιλόθεον,
2903 3101 2996 3153 καὶ
3021 3102 3213 3170 κριτὴν
3236 3101 3414 3171 πάσης
3444 3103 3543 3170 τῆς
3564 3103 3665 3171 γῆς
3687 3106 3815 3171 ὁμο-

2161 3188 2326 3257 λογεῖ,
2361 3190 2453 3241 καὶ
2486 3186 2625 3252 ἀξιοῖ
2655 3187 2729 3257 μὴ
2758 3185 3116 3239 συναπολέσαι
3142 3186 3347 3239 δίκαιον
3383 3188 3517 3257 μετά
3561 3187 3812 3252 ἀσεϐοῦς.

2161 3269 2293 3326 Εἶτα
2320 3274 2348 3326 ὁ
2371 3273 2576 3343 ἥμερος
2612 3271 2708 3325 καλ⁸
2741 3270 3116 3341 φιλάνθρωπος
3142 3270 3274 3335 Θεὸς
3304 3271 3541 3325 ἐπινεύει
3564 3275 3627 3343 τῇ
3660 3275 3811 3345 αἰτήο

2166 3377 2267 3423 σει,
2300 3360 2390 3413 καί
2421 3358 2747 3430 φησι·-[Ιοιῶ
2777 3360 2911 3429 ὅπερ
2932 3358 3179 3430 εἴρηκας,
3228 3358 3321 3411 καὶ
3346 3359 3569 3429 δέχομαί
3606 3378 3695 3413 σου
3720 3360 3816 3432 τὴν

2164 3445 2524 3517 παράκλησιν.
2564 3446 2705 3500 Ἐἰιν
2747 3444 3030 3513 εὐρεθῶσι
3087 3444 3463 3512 πεντήκοντα
3493 3447 3708 3501 δίκαιοι
3748 3448 3818 3502 ὲν

2163 3534 2238 3603 τῇ
2294 3534 2488 3597 πόλει,
2541 3533 2617 3585 δι’
2648 3533 2918 3599 ἐκείνους
2959 3532 3175 3601 ἀφήσω
3216 3532 3413 3589 πάντα
3466 3534 3574 3588 τὸν
3609 3536 3812 3589 τόπον.

2163 3621 2488 3692 Χαρίζομαι,
2515 3620 2666 3690 φησὶ,
2684 3622 2793 3683 τοῖς
2813 3621 3144 3690 πεντήκοντα
3160 3621 3406 3688 δικαίοις,
3424 3622 3518 3675 ἐὰν
3533 3623 3814 3694 εὐρεθῶσι,

2162 3709 2268 3762 τῶν
2290 3707 2489 3760 λοιπῶν
2516 3708 2613 3778 τὴν
2635 3707 2926 3778 σωτηρίαν,
2965 3708 3059 3761 καὶ
3083 3708 3180 3778 τὴν
3212 3708 3428 3779 αἴτησιν
3464 3710 3561 3781 τὴν
3607 3711 3706 3780 σὴν
3738 3712 3815 3774 είς

2164 3795 2322 3866 ἔργον
2369 3792 2582 3863 ἀγάγω.
2650 3793 2789 3847 Ἀλλ’
2835 3793 3033 3863 ἴδωμεν
3057 3793 3147 3846 τὸν
3192 3794 3398 3850 δίκαιον
3430 3795 3638 3861 τοῦτον,
3672 3798 3819 3861 ὅπως

2165 3881 2477 3953 παρρησίας
2509 3880 2915 3950 ἐπιλαϐόμενος,
2948 3881 3042 3933 καὶ
3074 3879 3167 3933 τοῦ
3197 3880 3332 3935 Θεοῦ
3383 3882 3483 3951 τὴν
3517 3882 3820 3954 φιλανθρώ-

2165 3968 2294 4023 πίαν
2320 3967 2494 4033 εἰδὼς,
2527 3967 2685 4022 πάλιν
2707 3966 2963 4038 δευτέραν
2993 3965 3208 4035 αἴτησιν
3226 3968 3512 4037 προσάγει,
3541 3968 3634 4021 καί
3661 3985 3814 4038 φησι·

2163 4056 2292 4111 Νῦν
2307 4056 2586 4125 ἠρξάμην
2607 4053 2873 4122 λαλῆσαι
2894 4053 3041 4122 πρὸς
3070 4053 3176 4106 τὸν
3206 4054 3427 4120 Κύριόν
3444 4069 3585 4122 μου·
3612 4055 3726 4123 ἐγὼ
3750 4055 3819 4109 δέ

2164 4145 2280 4213 είμι
2300 4142 2375 4214 γῆ
2399 4143 2498 4197 καὶ
2522 4142 2768 4207 σποδός.
2802 4140 2892 4210 Μὴ
2920 4139 3163 4211 νομίσῃς,
3222 4140 3375 4211 φησὶ,
3415 4140 3679 4207 Δέσποτα,
3717 4145 3819 4211 ἀγ-

2164 4232 2303 4283 νοεῖν
2342 4247 2409 4299 με
2441 4229 2698 4300 ἐμαυτὸν,
2745 4228 2839 4281 καὶ
2882 4226 3227 4297 ὑπερϐαίνειν
3261 4243 3328 4296 με
3366 4225 3428 4279 τὸ
3465 4227 3684 4300 μέτρον,
3725 4230 3818 4284 καὶ

2164 4316 2397 4388 τοσαύτῃ
2425 4314 2721 4387 κεχρῆσθαι
2764 4316 2829 4384 τῇ
2854 4312 3153 4385 παρρησίᾳ.
3189 4306 3319 4366 Οἶδα
3364 4314 3474 4385 γὰρ
3497 4316 3578 4368 ὃτι
3604 4317 3674 4386 γῆ
3704 4320 3819 4388 είμι

2167 4402 2259 4456 καὶ
2295 4402 2509 4465 σποδός·
2541 4401 2656 4454 ἀλλ’
2690 4399 2878 4470 ὥσπερ
2905 4399 3061 4453 τοῦτο
3089 4395 3227 4459 οἴδα,
3262 4401 3355 4453 καὶ
3383 4401 3569 4471 σαφῶς
3596 4403 3820 4458 ἐπίστα-

2171 4507 2291 4560 μαι,
2313 4488 2486 4552 οὓτως
2510 4488 2630 4541 οὐδὲ
2658 4490 2835 4542 έκεῖνο
2868 4485 3065 4555 ἀγνοῶ,
3094 4487 3175 4540 ὅτι
3202 4487 3336 4540 πολύ
3368 4488 3427 4541 τὸ
3459 4489 3680 4560 μέγεθος
3719 4492 3818 4562 τῆς

2167 4576 2267 4646 σῆς
2296 4573 2720 4646 φιλανθρωπίας,
2744 4575 2839 4628 καὶ
2870 4574 2951 4627 ὅτι
2984 4571 3235 4638 πλούσιος
3262 4569 3314 4627 εἴ
3347 4575 3405 4628 έν
3436 4575 3730 4647 ἀγαθότητι
3766 4578 3815 4643 ι),

2166 4665 2261 4718 καὶ
2309 4662 2487 4734 βούλει
2532 4663 2738 4726 πάντας
2768 4661 3087 4732 ἀνθρώπους
3117 4660 3375 4730 σωθῆναι.
3418 4662 3473 4715 '0
3498 4663 3605 4735 γὰρ
3638 4665 3701 4717 ἐκ
3726 4665 3816 4719 τοῦ

2169 4752 2242 4822 μὴ
2271 4752 2421 4814 ϐντος
2437 4748 2789 4821 παραγαγὼν,
2806 4748 2922 4813 πῶς
2945 4749 3009 4803 ἄν
3036 4766 3167 4802 ποτε
3186 4749 3507 4820 γενομένους
3527 4753 3816 4823 ἀπολέσῃς,

2166 4840 2213 4891 εί
2244 4839 2318 4908 μὴ
2344 4837 2511 4907 πολλὴ
2529 4836 2637 4891 τῶν
2675 4835 3087 4907 ἁμαρτημάτων
3114 4831 3181 4906 ἦν
3214 4838 3247 4907 η
3279 4837 3449 4908 φορά;
3476 4838 3553 4889 Δι’
3579 4836 3607 4890 ὃ
3628 4838 3817 4909 δέομαι

2168 4924 2328 4978 πάλιν
2363 4923 2456 4977 καὶ
2484 4920 2638 4987 ἀξιῶ,
2684 4920 2817 4975 Ἐὰν
2836 4921 3126 4988 ἐλάττους
3159 4921 3279 4976 τῶν
3314 4922 3687 4989 πεντήκοντα
3722 4928 3819 4979 εὐ-

2156 5009 2395 5079 ρεθῶσι,
2427 5009 2523 5062 καὶ
2554 5006 3009 5075 τεσσαράκοντα
3065 5008 3243 5063 πέντε
3260 5004 3410 5064 ὦσιν
3426 5008 3496 5064 ἐν
3538 5009 3614 5079 τῇ
3645 5013 3819 5067 πόλει

2164 5097 2397 5161 δίκαιοι,
2425 5097 2497 5149 οὐ
2519 5093 2737 5161 σώσεις
2768 5094 2884 5163 τὴν
2906 5097 3088 5150 πόλιν
3110 5112 3130 5160 ;
3152 5096 3260 5150 Καὶ
3283 5093 3471 5151 εἶπεν·
3490 5098 3631 5152 Ἐὰν
3655 5100 3819 5167 εὐρε-

2164 5183 2310 5238 θῶσι
2342 5182 2791 5251 τεσσαράκοντα
2819 5181 3018 5244 πέντε,
3046 5184 3117 5236 οὐ
3151 5182 3238 5251 μὴ
3272 5182 3574 5238 ἀπολέσω.
3624 5185 3718 5247 Τίς
3752 5185 3817 5240 ἂν

2166 5269 2285 5322 κατ’
2309 5268 2463 5332 ἀξίαν
2511 5268 2602 5320 τὸν
2651 5267 2758 5321 τῶν
2812 5267 2948 5322 ὅλων
2992 5268 3123 5321 Θεὸν
3143 5269 3401 5339 ὐμνήσειε
3425 5272 3523 5337 τῆς
3551 5270 3818 5341 τοσαύτης

2169 5355 2543 5426 μακροθυμίας
2569 5355 2662 5407 καὶ
2717 5355 3193 5422 συγκαταϐάσεως.
3220 5356 3251 5427 ἦ
3283 5355 3372 5409 τὸν
3399 5356 3604 5411 δίκαιον
3638 5375 3817 5428 μακα-

2169 5442 2336 5511 ρίσειε
2368 5439 2635 5512 τοσαύτης
2667 5441 3046 5495 ἀπολαύσαντα
3096 5443 3445 5513 παρῤησίαςς
3489 5444 3599 5497 Καὶ
3635 5460 3818 5512 προσ-

2229 5556 2255 5631 :
2364 5554 2533 5631 Bibliis
2553 5554 2735 5631 Grmcjg
2757 5558 2984 5631 μηδαμῶς
3011 5557 3069 5631 ρύ
3094 5559 3308 5631 ποιήσεις
3329 5562 3395 5615 ὡς
3429 5559 3484 5608 τὸ
3517 5562 3642 5631 ρᾔα
3658 5560 3816 5631 τοῦτ-ρ.

2227 5613 2438 5686 b_§avﬂ_.
2468 5616 2546 5686 ὅτι.
2580 5613 2799 5675 πηγάζεὶς
2830 5613 2896 5665 ἐν’
2916 5613 3205 5677 ἆγαθὸτητιζ
3232 5613 3357 5670 Tres
3382 5613 3605 5670 ’mssfé-‘E:
3634 5622 3816 5686 πηγάζῃ

2177 5677 2238 5724 ἐν.
2271 5676 2421 5725 Morel
2464 5684 2515 5724 ut
2536 5676 2583 5725 in
2607 5685 2760 5725 textu.
