4072 6216
415 452 546 504 alias
597 447 908 504 exhibuisse
937 463 950 500 :
979 453 1034 502 et
1067 445 1418 501 insurresisse
1447 443 1772 516 potentiores
1805 451 1991 499 contra

416 538 780 605 invalidiores,
831 537 1152 607 ditioresque
1196 546 1380 591 contra
1427 551 1706 605 pauperes.
1770 533 1998 589 Proinde

417 645 522 684 non
553 629 745 694 solum,
787 629 974 697 inquit,
1020 642 1242 697 magnus
1287 635 1404 681 erat.
1445 627 1687 695 planctus
1729 625 1994 690 clamoris,

417 718 587 773 sed-et
617 727 830 788 peccata
855 717 1093 787 ipsorum
1121 729 1227 771 non
1257 717 1492 786 vulgaria
1536 715 1703 781 fuere,
1751 714 1846 770 sed
1889 729 2000 768 ma-

413 823 538 879 gna,
585 817 743 877 atque
789 808 1042 876 ingentia.
1092 806 1366 861 Insolitum
1408 806 1552 861 enim
1578 805 1868 875 iniquitatis
1893 820 2000 858 mo-

415 898 540 952 dum
582 898 1048 967 excogitaverunt,
1078 906 1134 952 et
1177 897 1379 951 alienas
1427 906 1479 951 et
1525 896 1736 950 illicitas
1775 895 1997 950 coeundi

415 988 560 1058 leges
609 990 943 1044 invenerunt.
991 990 1166 1059 Atque
1207 998 1349 1043 tanta
1395 997 1510 1042 erat
1551 988 1765 1044 malitiae
1810 988 2000 1058 procli-

413 1083 570 1147 vitas,
622 1091 908 1136 utomnes
953 1081 1097 1136 omni
1142 1082 1282 1136 malo
1329 1081 1702 1150 replerentur,
1722 1090 1774 1135 et
1800 1080 1998 1133 nullam

415 1181 609 1240 postea
655 1173 1041 1227 correctionem
1089 1172 1464 1238 admitterent,
1529 1174 1778 1242 dignique
1821 1181 1999 1228 essent

414 1262 524 1331 qui.
563 1264 772 1332 penitus
812 1264 1154 1318 abolerentur
1196 1283 1210 1318 :
1258 1279 1430 1334 neque
1481 1265 1626 1318 enim
1679 1264 1997 1318 incurabiles

415 1354 624 1408 illorum
651 1355 820 1410 morbi
850 1355 1088 1411 medicos
1112 1355 1371 1412 ferebant.
1401 1357 1589 1410 Postea
1617 1356 1812 1410 docens
1841 1371 1998 1409 omne

415 1446 690 1504 hominum
719 1465 907 1518 genus,
952 1450 1075 1505 licet
1104 1465 1292 1520 magna
1324 1449 1481 1504 valde
1509 1459 1564 1503 et
1592 1449 1861 1516 explorata
1893 1445 1998 1500 sint

417 1551 648 1608 peccata,
678 1556 781 1593 non
803 1551 955 1595 antea
989 1551 1162 1595 tamen
1185 1539 1631 1609 pronuntiandam
1656 1538 1995 1603 sententiam,

414 1647 568 1700 quam
615 1631 907 1688 manifesta:
958 1633 1298 1702 probationes
1340 1630 1536 1696 adsint,
1589 1631 1759 1699 inquit
1808 1647 1821 1683 :
1865 1628 1993 1683 Cum

413 1723 732 1790 descendere,
781 1724 955 1778 videbo
1012 1733 1177 1776 utrum
1211 1725 1366 1792 juxta
1413 1723 1683 1776 clamorem
1730 1723 1952 1792 ipsorum
1977 1761 1991 1786 ,

413 1816 497 1883 qui
542 1815 610 1867 ad
657 1832 736 1868 nte
778 1815 928 1879 venit,
967 1815 1246 1883 perﬁciant,
1293 1830 1464 1879 necne,
1517 1823 1570 1866 ut
1598 1813 1772 1868 sciant.

487 1905 608 1959 Non
655 1916 771 1959 sunt
821 1907 998 1959 auditu
1046 1906 1154 1960 solo
1198 1906 1569 1958 condemnandi
1617 1905 1712 1957 rei.
1752 1933 1825 1943 —-
1861 1903 1996 1968 Quid

415 1995 516 2048 sibi
562 1997 694 2059 vult,
734 2005 789 2050 et
834 2013 930 2050 cur
975 2010 1278 2048 sermonem
1327 2009 1482 2047 suum
1526 1995 1595 2046 ita
1644 1995 1998 2062 attemperat?

418 2083 542 2135 Cum
570 2085 888 2147 descendere,
923 2083 1110 2152 inquit,
1160 2083 1352 2136 videbo.
1381 2083 1643 2152 Numquid
1683 2083 1749 2138 de
1789 2084 1905 2138 loco
1945 2085 1996 2137 in

416 2171 590 2225 locum
639 2173 826 2226 transit
876 2173 1243 2227 universorum
1291 2173 1586 2228 Dominus?
1655 2174 1826 2228 Absit.
1883 2173 2015 2229 Non-

415 2261 516 2317 boe
557 2263 657 2318 sibi
705 2264 874 2327 vult;.
907 2263 1001 2318 sed
1051 2273 1105 2317 ut
1153 2263 1283 2330 disi,
1315 2263 1562 2318 crassiori
1613 2276 1860 2319 sermone
1901 2278 1999 2318 nos

415 2354 691 2409 instituere
734 2355 912 2423 cupit,
974 2368 1160 2423 magna
1214 2368 1346 2422 opus
1394 2368 1514 2407 esse
1558 2353 1825 2422 diligentia
1881 2371 1893 2405 :
1945 2361 2000 2408 et

415 2460 520 2498 non
579 2444 758 2499 auditu
813 2446 930 2499 solo
996 2455 1300 2514 peccatores
1360 2445 1795 2499 condemnandos
1839 2460 1996 2514 esse,

414 2551 586 2604 neque
615 2535 932 2590 sententiam
964 2535 1251 2599 ferendam,
1298 2534 1400 2588 nisi
1457 2535 1824 2603 comprobatio
1851 2551 1992 2604 pra:-

413 2627 585 2682 ecdat.
643 2627 933 2682 Audiamus
960 2626 1073 2681 haec
1097 2640 1303 2681 omnes.
1333 2625 1455 2680 Non.
1479 2625 1621 2680 enim
1650 2626 1822 2681 solum
1849 2627 1882 2680 ii
1908 2627 1997 2696 qui

416 2731 514 2786 pro
542 2717 792 2772 tribunali
832 2718 1039 2784 sedent,
1084 2717 1376 2773 observare
1406 2717 1544 2772 hanc
1579 2717 1751 2787 legem
1779 2718 1991 2782 debent,

416 2812 509 2866 sed
541 2821 596 2867 et
626 2813 802 2866 nullus
841 2811 1092 2882 umquam
1122 2811 1414 2866 ob'nudam
1453 2811 1845 2866 accusationem
1872 2827 1997 2880 pro-

418 2904 616 2957 ximum
649 2904 988 2958 condemnet.
1039 2890 1426 2957 Idcirco-cnim
1443 2911 1498 2957 et
1526 2912 1645 2972 post
1670 2903 1784 2956 haec
1811 2903 1997 2958 beatus

417 2993 590 3048 Moses
627 2993 823 3062 Spiritu
854 3003 1040 3048 sancto
1068 2993 1276 3046 afﬂatus
1300 2993 1580 3056 admonet,
1626 2993 1810 3046 dicens
1839 3009 1852 3045 :
1886 2993 1991 3045 Au-

416 3086 576 3138 ditum
612 3102 795 3138 vanum
835 3102 898 3139 ne
941 3085 1160 3155 accipias
1209 3083 1422 3155 (Exod.
1448 3083 1663 3153 25.1).
1706 3084 1773 3138 Et
1815 3084 1998 3139 beatus

417 3176 631 3241 Paulus,
686 3176 948 3242 scribens,
994 3175 1257 3230 clamabat
1291 3193 1303 3228 :
1335 3173 1412 3227 Tu
1451 3184 1619 3228 autent
1669 3191 1759 3227 cur
1792 3175 1998 3244 judicas

416 3269 621 3336 fratrem
649 3277 789 3320 tuum
839 3266 1013 3338 (Rom.
1046 3267 1129 3320 Ii.
1161 3265 1290 3335 10)?
1317 3265 1557 3320 Christus
1602 3281 1811 3336 quoque
1858 3283 1994 3336 prte-

415 3359 616 3426 cipiens
658 3357 928 3426 discipulis
956 3357 1085 3422 suis,
1119 3367 1172 3411 ct
1196 3357 1394 3410 docens
1423 3355 1728 3410 Judreorum
1757 3357 1996 3409 multitu—

414 3449 615 3512 dinem.
659 3450 860 3504 scribas
897 3464 1105 3514 eorum,
1139 3458 1192 3502 et
1222 3447 1540 3512 Pharisxos,
1577 3446 1767 3512 Nolite,
1808 3448 1994 3517 inquit,

406 3538 664 3609 judicare,
705 3553 756 3594 ut
796 3559 896 3595 non
922 3541 1221 3611 judicemini
1265 3539 1476 3611 (Matt/1.
1512 3541 1564 3594 7.
1600 3542 1670 3609 I).
1697 3540 1801 3594 Cur
1830 3541 1992 3607 enim,

417 3631 604 3700 inquit,
653 3643 777 3686 ante
820 3641 1027 3702 tempus
1067 3633 1272 3686 invadis
1315 3633 1509 3701 judic'ts
1540 3633 1665 3701 jus?
1707 3649 1804 3687 cur
1854 3649 1994 3702 przr-

419 3723 568 3776 venis
595 3723 734 3777 diem
765 3723 909 3776 illum
941 3723 1265 3778 terribilem?
1299 3723 1387 3777 Vis
1409 3723 1572 3791 judex
1601 3739 1718 3778 esse
1743 3726 1766 3778 ?
1813 3724 1994 3778 Judica

420 3813 780 3880 temetipsum,
825 3822 878 3864 et
908 3822 996 3864 tua
1024 3812 1235 3865 delicta.
1263 3812 1448 3864 Nullus
1473 3823 1554 3866 est
1580 3815 1668 3881 qui
1693 3823 1854 3868 vetet.
1909 3815 1998 3869 Sic

420 3902 561 3955 enim
601 3911 655 3955 et
699 3912 913 3970 peccata
943 3912 1027 3955 tua
1055 3901 1386 3967 emendabis,
1415 3910 1467 3955 et
1497 3901 1624 3956 nihil
1655 3919 1719 3956 ex
1767 3903 1867 3958 hoc
1918 3908 1998 3958 iu-

417 3992 680 4046 comtnodi
721 3993 918 4061 capies.
949 3991 1098 4059 Quod
1130 3991 1174 4044 si
1202 3991 1400 4046 relictis
1427 3992 1586 4046 rebus
1611 3993 1714 4046 tuis
1747 3994 1901 4048 sedes
1929 3995 1995 4049 ad

414 4082 756 4150 judicandum
791 4081 944 4146 alios,
995 4081 1226 4151 majores
1253 4089 1304 4135 te
1333 4081 1425 4135 tibi
1456 4082 1552 4150 ipsi
1580 4083 1830 4152 colligere
1871 4099 1996 4152 pcc-

418 4181 654 4226 eatorutn
686 4172 923 4228 sarcinas
950 4187 1055 4227 non
1083 4173 1269 4226 sentis.
1303 4171 1525 4236 Idcirco,
1556 4172 1800 4238 obsecro,
1834 4174 1998 4244 fugia-

419 4277 536 4316 mus
557 4265 774 4317 omnino
797 4279 828 4317 a
851 4261 1270 4317 condemnandis
1297 4262 1436 4316 aliis.
1478 4262 1611 4316 Nam
1648 4265 1745 4318 etsi
1772 4264 1997 4333 judicia-

420 4355 512 4408 τίω
542 4356 814 4423 potestatis
851 4369 955 4409 non
995 4355 1069 4410 sis
1113 4355 1410 4425 particeps,
1470 4364 1703 4411 attamen
1747 4357 1994 4425 judicasti

421 4452 620 4508 mente,
647 4452 700 4496 et
727 4454 944 4512 peccato
985 4445 1151 4499 fecisti
1189 4453 1240 4500 te
1265 4445 1574 4512 obnoxium,
1616 4448 1828 4516 quando
1857 4450 1996 4503 nulla

420 4533 869 4586 demonstratione
906 4543 1154 4604 accepta.
1204 4534 1298 4589 sed
1340 4551 1710 4603 saepenumero
1752 4538 1861 4591 sola
1907 4553 1993 4592 su-

420 4624 679 4692 spicioue,
700 4633 753 4678 et
770 4627 910 4680 tenui
939 4628 1273 4682 accusatione
1299 4627 1643 4683 condemnas.
1663 4630 1997 4699 QuaprOpter

423 4716 609 4771 beatus
645 4716 810 4771 David
840 4718 1099 4772 clamabat
1134 4719 1315 4773 dicens
1360 4737 1371 4772 :
1408 4719 1764 4774 Detraltentent
1809 4731 1996 4776 secreto

424 4810 652 4879 proximo
687 4826 800 4870 suo,
843 4809 975 4862 hunc
1014 4812 1340 4879 persequebar
1377 4812 1549 4881 (Psal.
1599 4812 1718 4868 100.
1755 4813 1830 4881 5).

489 4901 544 4953 Δ.
584 4898 776 4952 Aliena:
800 4902 951 4968 [anne
977 4898 1300 4966 parcendum.
1324 4930 1394 4939 —
1412 4899 1595 4955 Vidisti
1623 4902 1830 4956 virtutis
1860 4903 1999 4956 emi-

423 4991 696 5044 nentiam?
730 4989 844 5043 Non
871 4989 1042 5043 solum
1075 5003 1176 5040 non
1202 4991 1484 5058 rcchicbat
1512 5009 1630 5061 qua:
1658 4992 1991 5058 dicebantur,

423 5080 516 5133 sed
544 5089 597 5134 et
616 5079 862 5150 abigebat
888 5077 1152 5132 volentem
1173 5077 1317 5132 fratri
1349 5094 1444 5132 suo
1468 5082 1800 5138 maledicere.
1835 5083 1998 5154 Igitur

423 5172 466 5225 si
513 5181 567 5226 ct
612 5186 709 5226 nos
754 5178 975 5240 peccata
1013 5178 1194 5224 nostra
1228 5170 1542 5228 imminuere
1569 5175 1838 5241 volumus,
1896 5174 1998 5230 hoc

425 5261 653 5315 maxime
696 5262 932 5315 omnium
979 5275 1282 5327 servemus,
1318 5276 1416 5315 nec
1454 5263 1870 5320 condemnemus
1896 5265 1997 5320 fra-

424 5362 534 5407 tres
558 5361 787 5415 nostros,
818 5366 987 5422 neque
1013 5351 1296 5406 detrahere
1321 5352 1593 5420 cupientes
1620 5353 1996 5411 admittamus:

425 5445 532 5499 imo
558 5444 846 5499 secundum
873 5443 1181 5513 prophetam
1202 5443 1494 5514 abigamus,
1522 5454 1575 5499 et
1605 5447 1820 5501 omnino
1849 5461 2000 5502 aver.

431 5550 622 5588 sunur.
649 5535 758 5590 IIoc
777 5535 918 5590 enim
947 5535 1135 5604 opinor
1153 5545 1207 5590 et
1236 5536 1547 5606 prophetam
1581 5535 1777 5590 Mosem
1800 5538 2000 5592 insinu-

428 5636 539 5689 are,
576 5638 697 5678 cum
734 5624 892 5679 dicit:
921 5624 1160 5679 Auditum
1202 5643 1383 5682 vanum
1425 5645 1486 5683 ne
1518 5627 1766 5694 acceperis
1804 5625 2000 5696 (Exod.

430 5719 522 5774 25.
564 5712 637 5786 l).
677 5714 742 5770 Et
776 5713 874 5770 hae
905 5712 971 5772 de
1004 5729 1162 5774 causa
1205 5719 1363 5777 etiam
1405 5732 1545 5778 nunc
1591 5716 1843 5772 Dominus
1891 5726 2001 5772 tatu

1428 329 1492 386 IN
1531 329 1679 386 CAP.
1723 325 1906 383 XVIII.
1947 323 2186 382 GENES.
2221 321 2448 377 IIO.\IIL.
2493 321 2648 376 XLII.

3557 321 3668 376 590

2105 455 2285 494 crasso
2329 455 2576 495 sermone
2632 455 2758 495 usus
2805 450 2886 497 est
2942 443 2996 498 in
3041 442 3320 500 utilitatem
3384 444 3674 500 anitttarnan

2102 543 2423 585 nostrarum.
2454 531 2587 586 Dicit
2608 533 2750 586 enim
2783 549 2798 586 :
2826 533 2952 587 Cum
2974 534 3277 590 descendere
3299 533 3686 600 autem,videbo.

2099 622 2208 676 Cur
2257 621 2439 676 enim?
2483 621 2617 675 Num
2676 622 2977 678 nesciebat?
3033 625 3378 694 ignorabatuc
3433 637 3676 696 peccato-

2101 728 2218 767 rum
2263 713 2724 784 magnitudincm?
2763 728 2832 767 an
2868 713 3138 770 nesciebat
3180 715 3356 786 lapsos
3385 718 3674 772 correctio-

2103 818 2224 857 nem
2255 818 2361 858 non
2387 804 2772 872 suscepturos?
2814 805 2984 858 Absit.
3031 805 3226 860 Verum
3267 809 3416 877 quasi
3461 810 3674 863 satisfa~

2101 896 2331 951 ctionem
2359 895 2641 966 quamdam
2676 895 2828 951 affert
2875 898 2938 952 iis
2975 899 3063 968 qui
3090 898 3310 967 posthac
3342 900 3679 970 impudenter

2101 1001 2353 1043 accusare
2404 989 2607 1056 volent,
2661 998 2714 1044 et
2741 989 3082 1044 monstrando
3107 1005 3290 1046 eorum
3329 993 3675 1062 pervicaciam

2102 1088 2155 1134 et
2191 1080 2397 1134 virtutis
2431 1081 2742 1151 penuriam,
2793 1090 2937 1136 tanta
2967 1097 3093 1138 usus
3122 1092 3204 1138 est
3228 1085 3495 1154 patientia.
3542 1087 3671 1141 For-

2104 1173 2258 1227 lassis
2283 1181 2459 1228 autem
2489 1188 2594 1228 non
2624 1181 2840 1243 pr0pter
2863 1173 2964 1229 hoc
2988 1175 3182 1240 solum,
3231 1176 3324 1231 sed
3367 1186 3421 1231 et
3449 1185 3505 1232 ut
3533 1178 3679 1246 justo

2101 1265 2256 1318 detur
2281 1265 2490 1319 occasio
2513 1263 2828 1318 declarandi.
2857 1275 3086 1318 mentem
3121 1282 3270 1320 suam
3302 1268 3678 1322 misericordia:

2101 1357 2334 1425 plenam,
2381 1366 2433 1409 et
2461 1356 2596 1410 bene
2621 1354 2673 1409 in
2699 1356 2830 1410 alios
2858 1355 3122 1411 affectam.
3165 1359 3357 1428 Angeli
3399 1359 3573 1427 enim,
3622 1369 3680 1415 ut

2101 1446 2232 1510 dixi,
2281 1446 2523 1500 abierant
2569 1446 2624 1500 in
2668 1445 2899 1501 Sodoma
2949 1447 3151 1518 (v.22)
3177 1467 3190 1502 :
3220 1449 3518 1518 patriarcha
3554 1466 3680 1504 vero

2101 1537 2278 1592 stabnt
2326 1553 2505 1592 coram
2552 1537 2776 1592 Domino
2821 1553 2834 1590 :
2881 1539 2969 1593 2'5.
3017 1538 3083 1592 Et
3129 1549 3182 1592 ut
3226 1541 3680 1610 appropinquavit,

2103 1627 2288 1696 inquit,
2313 1626 2599 1694 Abraham,
2629 1627 2756 1680 dixit
2783 1643 2803 1681 :
2832 1626 3094 1698 Numquid
3114 1630 3290 1698 perdes
3309 1631 3460 1683 simul
3483 1631 3680 1699 justum

2101 1733 2215 1769 cum
2252 1717 2430 1783 impio,
2476 1726 2523 1770 et
2561 1717 2656 1771 erit
2674 1718 2847 1787 justus
2885 1718 3013 1770 sicut
3051 1719 3282 1788 impius?
3317 1720 3361 1774 0
3406 1719 3532 1788 justi
3582 1721 3678 1774 viri

2100 1806 2380 1862 fiduciam!
2415 1808 2542 1874 imo,
2587 1825 2620 1861 ο
2663 1819 2854 1878 quanta
2897 1810 3057 1862 animi
3099 1811 3520 1864 commiseratio!
3550 1827 3679 1881 quo-

2100 1898 2260 1952 modo
2302 1899 2779 1953 commiscrationis
2808 1899 3063 1953 ebrietate
3091 1911 3336 1969 gravatus
3365 1903 3528 1956 nescit
3554 1903 3675 1972 quid

2101 1987 2259 2040 dicat.
2297 1987 2362 2040 Et
2391 1988 2680 2041 ostendens
2709 1989 2883 2041 divina
2914 1989 3212 2058 Scriptura,
3269 1993 3439 2058 ipsum
3491 2010 3680 2064 magno

2103 2077 2291 2130 timore
2313 2087 2367 2132 et
2396 2089 2625 2132 tremore
2654 2094 2837 2147 preces
2865 2079 3115 2144 fundere,
3145 2082 3218 2135 ait
3247 2099 3259 2135 :
3297 2082 3364 2136 Ut
3402 2087 3681 2155 appropin~

2101 2168 2269 2236 quavit
2308 2169 2581 2232 Abraham,
2625 2171 2752 2223 dixit
2779 2186 2798 2223 :
2826 2169 3090 2241 Numquid
3116 2176 3291 2243 perdes
3319 2176 3472 2228 simul
3483 2177 3682 2246 justunt

2101 2273 2213 2310 cum
2239 2259 2431 2329 impia?
2451 2259 2584 2324 Quid
2615 2259 2760 2324 facis,
2795 2275 2826 2313 ο
2851 2260 3003 2315 beate
3029 2264 3357 2330 patriarcha?
3384 2267 3518 2332 Quid
3549 2283 3684 2335 opus

2103 2348 2262 2404 habet
2303 2360 2388 2405 tua
2428 2354 2802 2423 deprecatione
2833 2354 3104 2418 Dominus,
3160 2364 3217 2410 ut
3257 2374 3323 2413 ne
3359 2358 3460 2413 hoc
3491 2360 3680 2415 faciat?

2103 2441 2300 2497 Verum
2341 2459 2407 2498 ne
2447 2444 2546 2499 hoc
2589 2446 2884 2514 cogitemus
2919 2462 3064 2501 :non
3105 2448 3247 2502 enim
3275 2451 3423 2519 quasi
3454 2451 3680 2505 Domino

2103 2531 2205 2586 hoc
2235 2530 2434 2585 facturo
2467 2530 2612 2598 dicit,
2655 2533 2748 2587 sed
2778 2536 2901 2602 quia
2932 2535 3210 2592 manifeste
3248 2549 3465 2612 preptcr
3499 2540 3676 2594 fratris

2103 2621 2267 2674 ﬁlium
2295 2619 2474 2674 dicere
2497 2635 2602 2675 non
2631 2621 2895 2688 audebat,
2942 2639 3254 2680 communes
3296 2642 3390 2694 pro
3433 2629 3686 2684 omnibus

2101 2710 2273 2766 fundit
2315 2726 2520 2781 preces,
2562 2713 2745 2768 volens
2782 2730 2902 2770 cum
2950 2716 3068 2771 aliis
3113 2726 3166 2771 et
3218 2717 3358 2772 hunc
3423 2735 3675 2788 scrvare,

2100 2813 2154 2858 et
2203 2819 2324 2860 cum
2360 2805 2460 2859 hoc
2489 2805 2657 2860 etiam.
2677 2807 2810 2860 alios
2840 2808 3046 2876 eripere
3075 2827 3088 2861 :
3123 2809 3410 2880 incipitque
3447 2815 3677 2882 patroci-

2102 2895 2239 2960 nari,
2286 2910 2348 2950 ac
2394 2895 2520 2949 dicit
2567 2913 2579 2950 :
2629 2895 2719 2951 2i.
2751 2897 2810 2951 Si
2841 2899 3028 2968 fuerint
3064 2900 3424 2970 quinquaginta
3453 2904 3584 2974 justi
3627 2907 3680 2958 in

2101 2987 2316 3053 civitate,
2361 3004 2485 3040 nunt
2506 2986 2682 3043 perdes
2721 2988 2844 3042 eos?
2870 2987 2989 3042 Non
3011 3007 3184 3059 parces
3228 2995 3317 3046 toti
3343 2994 3450 3048 loco
3476 3006 3679 3065 praptcr

2100 3078 2461 3148 quinquaginta
2490 3079 2688 3145 justas,
2720 3079 2762 3133 si
2799 3079 2984 3134 inventi
3025 3083 3214 3152 fuerint
3249 3084 3298 3136 in
3329 3086 3427 3139 ea?
3452 3086 3539 3140 23.
3569 3087 3680 3141 Ne-

2101 3185 2351 3236 quaquam
2395 3170 2552 3240 fucies
2588 3171 2794 3224 verbum
2848 3171 2960 3234 Itoc,
3006 3183 3058 3224 ut
3103 3175 3304 3228 occidas
3333 3177 3532 3244 justum
3569 3195 3700 3233 cum.

2101 3260 2282 3330 impio,
2331 3269 2376 3313 et
2405 3261 2653 3332 sitjustus
2675 3263 2801 3316 sicut
2829 3262 3033 3331 impius.
3073 3261 3426 3335 Nequaquam.
3463 3268 3564 3334 Qui
3591 3272 3682 3340 ju-

2101 3350 2238 3402 dicas
2275 3366 2471 3403 onmem
2496 3359 2699 3416 terram,
2737 3367 2834 3404 non
2862 3354 3017 3422 facies
3050 3354 3352 3422 judicium?
3389 3356 3520 3412 Vide
3549 3375 3679 3428 quo-

2102 3439 2260 3494 modo
2305 3449 2358 3494 et
2397 3441 2445 3494 in
2500 3439 2599 3496 hac
2643 3444 2883 3497 oratione
2915 3458 3063 3496 suam
3106 3445 3403 3515 religiosam
3442 3457 3495 3502 et
3539 3450 3690 3518 pizllll.

2103 3544 2333 3588 mentem
2382 3533 2653 3597 declarat,
2711 3545 2763 3589 et
2805 3535 3038 3604 judicem
3079 3539 3252 3592 omnis
3304 3548 3457 3594 terra:
3510 3541 3677 3595 contio

2103 3633 2262 3688 tetur,
2335 3635 2686 3694 precaturque
2734 3641 2800 3679 ne
2849 3636 3029 3694 pereat
3070 3628 3244 3696 justus
3289 3644 3410 3683 cum
3459 3630 3678 3698 injusto.

2103 3716 2287 3770 Postea
2321 3719 2462 3772 mitis
2489 3726 2544 3772 et
2581 3718 2840 3787 benignus
2889 3719 3141 3773 Dominus
3190 3722 3376 3774 annuit
3420 3723 3677 3791 petitioni,

2102 3815 2155 3859 et
2205 3807 2332 3860 dicit
2375 3825 2386 3859 :
2440 3807 2598 3860 Facio
2643 3808 2693 3860 id
2733 3808 2857 3876 quid
2883 3808 3080 3870 dixisti,
3112 3819 3164 3864 et
3193 3813 3393 3881 accipio
3419 3822 3558 3866 tuam
3589 3830 3681 3884 pec

2106 3896 2364 3949 titionem.
2409 3895 2498 3949 26.
2553 3896 2612 3950 Si
2675 3898 2987 3950 invenientur
3042 3901 3404 3971 quinquaginta
3453 3904 3585 3973 justi
3627 3906 3681 3958 in

2103 3988 2317 4053 civitate,
2364 3998 2571 4058 prapter
2599 3987 2713 4042 illos
2767 4006 2971 4058 parcam
3014 3992 3104 4044 toti
3144 3993 3274 4049 loco.
3339 3995 3483 4052 Dabo
3534 3997 3635 4053 hoc
3661 4040 3676 4064 ,

2104 4081 2291 4149 inquit,
2335 4081 2708 4151 quinquaginta
2729 4083 2908 4150 justis,
2940 4083 2984 4136 si
3015 4083 3216 4138 inventi
3240 4085 3458 4153 fuerint,
3483 4100 3534 4144 et
3561 4092 3680 4146 aliis

2103 4174 2323 4226 salutem
2376 4174 2711 4241 impertiam,
2770 4185 2824 4229 ct
2867 4176 3174 4244 petitionem
3227 4189 3367 4233 tuam
3427 4181 3676 4251 implebo.

2107 4263 2298 4318 Verum
2354 4264 2626 4319 videamus
2660 4265 2858 4334 justum
2913 4267 3096 4334 illum,
3156 4272 3424 4336 quomodo
3469 4286 3680 4345 arrepta

2106 4354 2317 4420 fiducia,
2353 4365 2405 4409 et
2429 4355 2601 4424 agnita
2630 4356 2910 4410 clementia
2955 4356 3083 4424 Dei,
3135 4358 3322 4412 iterum
3357 4361 3513 4414 aliam
3546 4366 3679 4431 peti-

2105 4447 2303 4501 tionem
2350 4446 2522 4510 affert,
2569 4455 2621 4499 et
2666 4447 2834 4515 inquit
2883 4464 2896 4500 :
2941 4448 3028 4500 27.
3080 4447 3235 4501 Nunc
3275 4451 3403 4519 ccepi
3441 4452 3579 4523 loqui
3615 4455 3686 4508 ad

2105 4536 2378 4590 Dominum
2427 4553 2612 4596 meum.
2648 4553 2741 4606 ego
2786 4547 2952 4590 autem
3001 4554 3110 4590 sunt
3159 4549 3290 4593 terra
3333 4551 3380 4594 et
3407 4543 3554 4598 ciuis.
3607 4545 3684 4603 Ne

2105 4637 2274 4696 putes,
2326 4627 2511 4696 inquit,
2569 4626 2819 4690 Domine,
2872 4643 2956 4682 me
3006 4629 3248 4699 ignorare
3293 4634 3575 4702 meipsum,
3633 4649 3688 4691 et

2106 4717 2399 4787 transgredi
2451 4733 2794 4781 mensuram,
2851 4726 2905 4772 et
2959 4727 3099 4772 tanta
3146 4721 3218 4774 uti
3276 4721 3485 4779 fiducia.
3558 4725 3684 4781 Scio

2105 4813 2268 4875 enim,
2319 4824 2405 4863 me
2455 4817 2650 4862 terram
2691 4823 2809 4864 esse
2862 4817 2916 4863 et
2959 4810 3194 4866 cinerem
3226 4814 3355 4867 :sed
3403 4815 3538 4868 sicut
3585 4815 3685 4869 huc

2104 4899 2233 4963 scio,
2264 4907 2317 4952 et
2342 4896 2620 4953 manifeste
2647 4899 2780 4961 scio,
2810 4898 2879 4953 ita
2911 4915 3083 4970 neque
3120 4903 3246 4956 illud
3277 4905 3478 4974 ignoro,
3505 4905 3689 4972 copio.

2105 5004 2218 5043 sam
2261 5003 2379 5042 csse
2422 4999 2525 5041 tuae
2555 4988 2850 5043 clementia:
2877 4991 3312 5060 magnitudinem,
3356 5000 3409 5043 et
3449 5000 3503 5047 te
3549 4994 3656 5046 divi

2108 5088 2212 5133 tem
2263 5093 2381 5132 esse
2437 5077 2700 5142 bonitate,
2757 5080 2997 5148 vcllcque
3025 5095 3211 5134 omnes
3243 5082 3480 5133 homines
3506 5081 3694 5136 εειινιις

2108 5171 2241 5225 ﬁeri.
2292 5168 2422 5222 Nam
2467 5184 2600 5238 quos
2639 5185 2701 5224 ex
2754 5171 2918 5224 nihilo
2945 5171 3254 5240 produxisti,
3294 5171 3562 5239 quomodo
3622 5174 3694 5226 fn-

2107 5271 2222 5316 ctos
2253 5261 2529 5330 perderes,
2568 5261 2667 5314 nisi
2709 5276 2894 5330 magna
2945 5270 3087 5314 esset
3129 5272 3468 5328 peccatorum
3495 5268 3644 5334 copia
3671 5271 3694 5318 Υ

2108 5353 2307 5408 Idcirco
2344 5353 2535 5407 iterum
2565 5367 2660 5406 oro
2687 5362 2736 5406 et
2766 5366 2972 5419 precor,
3006 5350 3096 5405 28.
3138 5352 3199 5406 Si
3234 5355 3495 5422 pauciores
3534 5361 3685 5426 quin-

2108 5445 2346 5513 quaginta
2399 5444 2587 5496 inrenti
2631 5443 2837 5511 fuerint,
2868 5450 2914 5494 et
2951 5442 3286 5513 quadraginta
3329 5447 3548 5518 quinque
3601 5453 3681 5520 fu.

2110 5534 2238 5588 crint
2284 5535 2335 5590 in
2384 5532 2582 5586 civitate
2619 5533 2768 5601 justi,
2816 5549 2914 5585 non
2945 5533 3163 5589 salvebis
3190 5535 3484 5592 civitatem?
3509 5540 3694 5594 Eriti-

2107 5623 2182 5676 xit
2231 5639 2250 5676 :
2290 5621 2351 5676 Si
2386 5619 2574 5674 inventi
2595 5625 2782 5693 fuerint
2810 5621 3148 5694 quadraginta
3185 5627 3422 5699 quinque,
3446 5647 3544 5684 non
3571 5650 3688 5699 pcr-

2114 5718 2250 5770 dam.
2293 5716 2423 5785 Quis
2460 5730 2558 5786 pro
2593 5716 2844 5791 dignitate
2869 5716 3148 5776 Dominum
3177 5722 3696 5790 omnium-laudarit,
