4084 6214
355 333 449 392 59!

351 456 423 509 ob
468 460 670 507 tantam
715 447 1022 521 patientiam
1066 455 1224 517 atque
1271 445 1651 514 indulgentiam
1682 463 1696 499 :
1724 443 1806 499 vel
1851 441 1938 511 ju-

351 553 495 598 stum
519 541 738 598 beatum
763 539 1084 611 przedicarit,
1110 543 1251 591 tanta
1283 536 1566 609 praeditum
1596 534 1820 590 ﬁducia?
1843 533 1936 589 29.

355 633 426 689 Et
470 633 684 705 adjecit,
734 633 924 703 inquit,
970 631 1106 685 ultra
1135 631 1290 700 loqui,
1338 639 1386 685 et
1425 630 1554 684 dixit
1585 646 1605 684 :
1651 629 1713 685 Si
1752 628 1941 683 inventi

353 727 541 795 fuerint
564 726 633 779 ibi
660 722 1042 797 quadraginta?
1086 720 1154 776 Et
1181 722 1310 776 dixit
1355 734 1375 776 :
1412 720 1534 775 Non
1563 719 1771 792 perdam
1816 735 1938 790 pro-

353 830 464 890 pter
512 817 866 890 quadraginta.
920 813 1055 870 Exin
1099 815 1251 885 quasi
1299 814 1561 869 reveritus
1609 811 1936 868 ineli‘abilem

351 912 446 968 Dei
495 911 800 981 patientiam
843 907 1038 980 justus,
1089 917 1145 962 et
1186 906 1382 962 timens
1407 919 1475 961 ne
1504 904 1643 960 forte
1671 903 1937 974 precando

349 1003 594 1058 videatur
639 1000 1022 1058 transcendere
1050 998 1292 1067 modum,
1323 997 1450 1054 dicit
1481 1016 1495 1054 :
1526 999 1614 1055 30.
1649 996 1932 1069 Numquia,

351 1092 590 1162 Domine,
631 1093 676 1148 si
714 1093 893 1164 loquar
933 1107 953 1148 :
1003 1091 1064 1148 Si
1108 1091 1298 1146 inuenti
1344 1090 1532 1162 fuerint
1569 1088 1640 1143 ibi
1690 1088 1938 1160 triginta?

349 1185 482 1254 Quia
525 1193 768 1256 paratum
810 1183 1013 1238 invenit
1056 1182 1124 1238 ad
1166 1179 1624 1245 misericordiam,
1683 1193 1788 1234 non
1824 1178 1934 1248 jam

349 1278 602 1347 paulatim
645 1276 914 1342 diminuit,
965 1289 1138 1344 neque
1183 1273 1419 1344 quinque
1458 1271 1632 1341 iustos
1661 1270 1933 1337 detrahit,

346 1372 440 1427 sed
491 1370 701 1437 decem,
760 1377 812 1426 et
864 1369 943 1425 sic
983 1367 1138 1423 affert
1183 1364 1540 1438 patrocinium
1581 1380 1596 1417 :
1644 1363 1708 1418 Si
1751 1362 1936 1417 inventi

348 1467 533 1537 fuerint
564 1465 668 1520 illic
693 1463 900 1533 triginta
922 1461 948 1514 ?
975 1459 1044 1514 Et
1069 1460 1198 1514 dixit
1222 1475 1241 1513 :
1264 1457 1386 1513 Non
1407 1457 1638 1528 perdam,
1665 1456 1708 1511 si
1729 1455 1934 1510 invene-

347 1557 444 1609 rint
471 1556 575 1610 illic
617 1554 846 1624 triginta.
889 1551 1270 1607 Animadverte
1297 1557 1494 1620 quanta
1520 1547 1651 1619 justi
1678 1555 1932 1603 constan-

348 1647 418 1700 tia
445 1662 460 1711 ;
510 1645 663 1716 quasi
691 1645 806 1715 ipse
836 1641 973 1698 foret
1001 1640 1264 1698 obnoxius
1290 1639 1594 1703 sententiae,
1620 1639 1691 1693 ita
1727 1638 1937 1707 eripere

348 1735 526 1792 studet
574 1751 604 1790 a
652 1751 807 1806 poma
841 1733 1238 1791 Sodomitarum
1263 1740 1495 1802 gentem.
1524 1732 1612 1785 51.
1666 1730 1736 1782 Et
1764 1730 1932 1796 dixit,

348 1826 586 1890 quoniam
614 1842 819 1895 possunt
841 1825 978 1894 loqui
1003 1824 1072 1879 ad
1098 1823 1372 1878 Dominum
1409 1839 1427 1876 :
1454 1821 1516 1876 Si
1539 1821 1724 1875 inventi
1749 1820 1936 1892 fuerint

348 1917 418 1970 ibi
445 1917 658 1988 viginti?
708 1911 778 1969 Et
821 1915 949 1969 dixit
1001 1930 1020 1968 :
1063 1912 1185 1968 Non
1232 1913 1440 1983 perdam
1499 1922 1705 1982 propter
1736 1911 1930 1983 viginti.

348 2008 574 2065 Omnem
603 2021 905 2062 sermonem
937 2004 1264 2061 transcendit
1305 2013 1360 2060 et
1403 2018 1616 2059 omnem
1656 2003 1936 2073 cogitatio-

349 2112 472 2153 nem
501 2096 710 2152 Domini
736 2097 964 2152 bonitas.
996 2095 1127 2163 Quis
1155 2096 1296 2150 enim
1323 2104 1584 2157 nostrum,
1625 2093 1712 2163 qui
1743 2094 1796 2147 in
1823 2107 1938 2148 me-

347 2189 440 2245 dio
481 2186 808 2243 inﬁnitorum
857 2187 1120 2242 malorum
1165 2200 1463 2250 versamur,
1511 2183 1674 2238 vellet
1715 2183 1936 2240 ferendo

348 2279 667 2334 sententiam
695 2287 882 2334 contra
912 2277 1185 2347 proximos
1217 2284 1364 2331 tanta
1394 2275 1471 2331 ιιιί
1497 2274 1824 2346 indulgentia
1851 2283 1936 2330 at-

347 2383 450 2438 que
473 2369 752 2424 clementia
769 2368 793 2422 7

417 2460 472 2514 ὅ.
511 2456 894 2514 Verumtamen
917 2459 1094 2529 justus
1124 2457 1214 2513 ille
1251 2457 1440 2512 videns
1465 2455 1678 2511 divitias
1700 2456 1937 2510 clemen-

347 2549 434 2602 tia:
465 2547 580 2616 Dei,
607 2563 714 2604 non
733 2549 992 2612 subsistit,
1016 2549 1108 2603 sed
1133 2549 1324 2602 iterum
1345 2547 1474 2601 dicit
1497 2565 1510 2601 :
1533 2547 1622 2602 52.
1650 2547 1936 2618 Numquid,

347 2639 568 2693 Domine
588 2679 604 2705 ,
636 2639 680 2692 si
709 2639 887 2710 loquar
915 2638 1084 2692 adhuc
1111 2637 1305 2692 semel?
1332 2637 1464 2692 Nam
1509 2639 1629 2708 quia
1657 2639 1939 2695 inelfabilis

350 2738 466 2784 crat
503 2727 805 2794 tolerantia,
836 2737 1051 2799 propter
1076 2727 1179 2784 hoc
1216 2729 1478 2785 reveritus
1502 2744 1570 2786 ne
1597 2739 1652 2786 et
1695 2730 1937 2802 indigna-

354 2822 553 2875 tionem
579 2819 835 2877 adversus
863 2835 922 2876 se
939 2828 1178 2876 moveret
1194 2821 1310 2890 ejus
1335 2821 1424 2891 qui
1454 2822 1758 2892 rogabatur,
1785 2822 1935 2878 dicit:

357 2911 648 2984 Numquid,
677 2911 935 2966 Domine?
961 2911 1096 2967 Num
1119 2913 1458 2967 temerarium
1484 2913 1732 2985 quiddam
1759 2915 1938 2972 facio?

355 3002 527 3057 dicit:
557 3017 683 3056 num
727 3002 1110 3072 impudentiam
1154 3019 1265 3075 prae
1310 3019 1398 3058 me
1438 3003 1592 3060 fero?
1638 3021 1764 3060 num
1803 3021 1938 3077 opus

354 3092 802 3148 condemnatione
831 3091 1048 3163 dignum
1077 3091 1234 3159 facio,
1257 3093 1302 3148 si
1321 3093 1506 3162 loquar
1532 3094 1707 3151 adhuc
1731 3097 1939 3152 semel?

350 3184 454 3238 Pro
476 3197 666 3251 magna
678 3191 732 3238 ct
752 3182 1089 3239 inenarrabili
1103 3183 1338 3240 bonitate
1350 3198 1438 3240 tua
1450 3198 1623 3241 aonuc
1637 3201 1795 3242 unam
1817 3201 1936 3243 ora-

346 3278 543 3334 tionem
559 3275 784 3344 accipito
803 3291 833 3330 a
845 3276 1021 3342 me,Si
1036 3287 1202 3332 autent
1221 3279 1403 3333 inventi
1413 3278 1602 3350 fuerint
1619 3278 1726 3334 illic
1741 3280 1939 3335 decem?

343 3367 412 3424 lt't
437 3367 606 3422 dixit:
638 3365 759 3421 Non
782 3367 991 3438 perdam
1005 3379 1209 3440 propter
1229 3369 1418 3424 decem.
1438 3369 1506 3426 Et
1533 3371 1654 3442 quia
1677 3372 1826 3442 prius
1849 3371 1936 3427 di-

346 3463 427 3515 xit
460 3479 473 3516 :
504 3461 686 3516 Adhuc
709 3462 862 3516 semel
887 3463 1110 3533 loquar?
1137 3465 1227 3520 55.
1249 3463 1405 3533 Abiit,
1463 3465 1655 3537 inquit,
1687 3466 1935 3522 Dominus

346 3564 610 3625 postquam
629 3565 907 3611 cessauerat
925 3555 1061 3628 loqui
1079 3555 1332 3624 Abraliaz;
1353 3567 1399 3613 et
1423 3557 1680 3613 Abraham
1709 3575 1935 3616 reuersus

343 3657 414 3702 cst
434 3648 487 3701 in
522 3647 688 3703 locum
715 3665 884 3704 suum.
907 3648 1125 3705 Vidistis
1154 3649 1438 3706 Dominum
1472 3649 1540 3706 ad
1578 3659 1815 3708 nostram
1844 3653 1934 3707 in-

345 3740 646 3795 tinnitatem
675 3755 736 3797 se
768 3741 1165 3798 demittentem?
1202 3741 1409 3798 vidistis
1428 3751 1482 3799 et
1504 3744 1634 3814 justi
1650 3759 1773 3816 erga
1800 3745 1935 3802 alios

340 3829 628 3886 allectum?
675 3831 934 3888 didicistis
977 3840 1174 3905 quanta
1201 3833 1282 3888 vis
1319 3834 1390 3889 sit
1416 3849 1602 3891 eorum
1630 3836 1718 3907 qui
1757 3838 1929 3892 virtu-

341 3931 448 3977 tem
475 3924 768 3979 exercent?
791 3923 848 3980 Si
873 3925 1017 3980 enim
1048 3926 1248 3982 inventi
1277 3925 1493 3992 fuerint,
1522 3929 1714 3998 inquit,
1744 3929 1930 3985 decem

335 4011 496 4078 justi,
547 4021 766 4083 propter
817 4013 941 4070 illos
975 4016 1223 4070 omnibus
1275 4017 1646 4074 remissionem
1693 4021 1931 4075 concedo

346 4111 714 4174 peccatorum.
743 4102 860 4157 Non
884 4104 1025 4159 bene
1051 4105 1312 4170 dicebam,
1333 4107 1449 4162 huic
1469 4109 1646 4163 omnia
1675 4108 1812 4164 facta
1837 4125 1927 4166 es-

342 4209 422 4260 se,
455 4203 516 4249 ut
544 4193 687 4249 nulla
713 4201 900 4265 postea
927 4195 1262 4266 relinquatur
1291 4197 1632 4269 impudenter
1661 4200 1928 4270 loquenti-

337 4286 439 4343 bus
464 4286 859 4344 contradicendi
887 4289 1136 4344 occasio?
1162 4286 1295 4344 Sunt
1310 4289 1452 4343 enim
1471 4290 1624 4345 multi
1651 4291 1924 4348 insanien-

337 4380 490 4446 tium,
522 4381 613 4452 qui
659 4379 852 4438 infreni
902 4381 1078 4452 lingua
1102 4387 1158 4437 et
1202 4379 1601 4452 reprehendere
1638 4391 1694 4438 et
1743 4381 1923 4440 dicere

335 4472 536 4528 audent
569 4491 584 4527 :
626 4472 804 4540 Quare
851 4473 1070 4529 incensa
1112 4481 1237 4528 sunt
1279 4472 1551 4529 Sodoma?
1579 4473 1634 4530 Si
1662 4475 1924 4544 patienter

337 4562 544 4620 tulisset
584 4577 680 4619 eos
731 4563 1018 4630 Dominus,
1070 4563 1206 4620 forte
1250 4564 1620 4636 ptenitentiam
1665 4567 1918 4637 egissent.

339 4655 564 4726 Propter
592 4655 695 4712 hoc
719 4656 952 4713 ostendit
969 4657 1063 4713 tibi
1094 4657 1343 4728 nequitias
1368 4659 1818 4728 exsuperantiam;
1849 4659 1920 4716 ita

334 4756 394 4803 ut
419 4749 473 4803 in
505 4757 648 4803 tanta
686 4748 1024 4804 multitudine
1073 4757 1215 4804 tanta
1252 4749 1463 4805 virtutis
1491 4751 1708 4819 penuria
1737 4750 1916 4819 fuerit,

334 4848 391 4894 ut
419 4839 524 4894 alio
549 4838 779 4911 quodam
822 4839 1022 4895 diluvio
1051 4839 1331 4911 indigeret,
1377 4850 1431 4896 et
1474 4842 1630 4913 quale
1671 4843 1822 4915 prius
1865 4846 1918 4900 in

337 4928 535 4991 mundo
570 4928 686 4986 fuit.
721 4929 827 4986 Sed
878 4931 999 5002 quia
1022 4931 1305 5002 promissio
1326 4931 1420 4988 Dei
1453 4942 1558 5002 est,
1604 4944 1660 4990 ut
1691 4950 1799 4990 non
1838 4936 1920 4992 ul-

333 5029 412 5077 tra
439 5023 544 5079 tale
580 5023 838 5079 inferatur
877 5024 1220 5094 supplicium,
1251 5036 1530 5095 propterea
1559 5028 1724 5084 alium
1741 5045 1914 5100 preme

330 5114 548 5171 modum
575 5115 860 5186 excogitat,
888 5113 1044 5170 simul
1065 5114 1133 5170 dc
1159 5115 1264 5171 illis
1290 5131 1474 5186 poenas
1495 5132 1715 5175 sumens
1738 5131 1794 5175 et
1814 5137 1915 5192 po-

328 5205 490 5260 steris
519 5206 768 5260 omnibus
800 5215 1111 5276 perpetuam
1137 5208 1381 5277 praebens
1409 5209 1728 5269 doctrinam.
1767 5215 1914 5284 Quo-

328 5294 472 5350 niam
491 5296 634 5350 enim
654 5305 858 5352 natura;
876 5297 1020 5368 leges
1045 5299 1437 5369 subverterant,
1485 5313 1540 5360 et
1579 5307 1782 5364 alienos
1807 5310 1882 5366 illi

326 5386 568 5457 eitosque
591 5389 960 5460 excogitarant
983 5393 1176 5460 coitus,
1201 5394 1400 5452 idcirco
1418 5398 1686 5457 insolitum
1707 5404 1912 5476 suppli-

326 5478 396 5534 cii
445 5478 663 5536 modutn
694 5481 902 5539 induxit
942 5495 1166 5558 propter
1212 5487 1426 5547 illorum
1453 5491 1825 5564 iniquitatem:
1855 5508 1912 5553 et

327 5579 486 5629 terra:
509 5570 711 5628 viscera
742 5571 944 5631 inutilia
973 5575 1224 5645 reddens,
1255 5589 1309 5636 et
1335 5581 1523 5638 relicto
1547 5586 1772 5654 posteris
1792 5603 1909 5643 mo-

324 5661 564 5718 nimento
593 5675 867 5736 perpetuo,
897 5677 954 5725 ut
993 5685 1063 5726 ne
1103 5671 1291 5728 eadem
1318 5677 1553 5746 aggressi
1597 5678 1647 5735 in
1692 5676 1909 5738 easdem

325 5753 557 5817 incidant
583 5771 787 5832 ptenas.
822 5761 1162 5820 Licctautcm
1188 5767 1381 5823 volenti
1415 5768 1480 5824 ad
1507 5769 1619 5826 loca
1653 5772 1737 5828 illa
1778 5789 1900 5846 per-

1067 329 1122 386 S.
1164 329 1440 385 JOANNIS
1477 323 1951 384 CIIRYSOSTOMI
1989 325 2307 385 ARCIIIEP.
2346 330 2882 390 CONS’I‘ANTINOP.

3513 352 3618 408 592

2048 456 2177 512 gere
2200 443 2385 502 videre
2414 446 2585 516 ipsam
2614 457 2810 504 terram
2829 492 2845 517 ,
2872 460 2931 506 ut
2964 451 3035 506 ita
3064 451 3234 510 dicam
3252 495 3270 524 ,
3310 456 3626 517 clamantem

2046 543 2101 591 et
2125 537 2499 595 ostendentent
2527 542 2770 612 supplicii
2788 545 3008 615 vestigia
3025 555 3145 616 post
3173 557 3279 603 tam
3306 551 3504 606 multos
3528 566 3626 608 an-

2044 643 2166 698 nos,
2199 632 2351 701 quasi
2381 631 2494 688 heri
2538 635 2626 689 vel
2665 635 2826 692 hodie
2863 638 3120 708 impressa
3149 657 3165 694 ε
3208 652 3317 697 tam
3349 644 3628 701 manifesta

2043 722 2342 778 ostenditur
2369 724 2682 797 indignatio.
2707 727 2830 784 ldeo
2849 730 3098 800 obsecro,
3116 742 3173 788 ut
3199 733 3358 790 alieni
3385 736 3626 806 supplicii

2043 813 2288 884 exemplo
2319 829 2416 870 nos
2431 817 2773 888 castigemur.

2118 903 2218 961 Hic
2235 907 2438 979 impune
2457 918 2714 978 peccantes
2728 912 2958 967 acerbius
2977 914 3309 984 punientur-in
3329 915 3487 972 altera
3503 919 3630 986 vita;

2043 994 2314 1065 proborum
2342 1014 2497 1054 causa
2535 999 2675 1056 Deus
2704 1003 2950 1071 patienter
2973 1008 3072 1076 fert
3103 1016 3404 1076 peccatores.
3420 1039 3493 1051 --
3519 1009 3624 1066 Sed

2040 1086 2177 1143 forte
2217 1089 2412 1145 dixerit
2451 1091 2642 1162 aliquis
2671 1110 2684 1145 :
2717 1093 2858 1163 Quid
2885 1097 3050 1166 ergo?
3075 1112 3172 1154 cur
3197 1098 3272 1154 illi
3307 1115 3493 1170 pinnas
3530 1103 3626 1159 dc-

2041 1178 2258 1234 derunt?
2280 1195 2460 1237 nonne
2483 1191 2608 1238 sunt
2631 1185 2794 1240 etiam
2816 1201 2958 1242 nunc
2986 1189 3138 1244 multi
3157 1190 3246 1260 qui
3267 1191 3456 1247 eadem
3475 1206 3629 1247 com-

2039 1270 2256 1326 mittunt
2276 1272 2499 1338 scelera,
2535 1289 2708 1344 neque
2738 1284 2913 1332 tamen
2933 1278 3261 1346 puniuntur?
3288 1280 3467 1336 Etiam
3494 1300 3509 1337 :
3534 1283 3628 1339 sed

2040 1361 2144 1417 hoc
2183 1363 2514 1434 potissimum
2544 1365 2805 1435 majorem
2833 1383 3049 1437 poenam
3083 1371 3394 1426 conciliabit
3423 1372 3490 1428 iis
3537 1375 3627 1443 qui

2041 1451 2165 1506 talia
2189 1461 2498 1524 perpetrant
2522 1456 2560 1508 ί.
2581 1455 2806 1524 Quando
2829 1458 2976 1513 enim
3000 1473 3108 1515 non
3132 1461 3454 1532 castigamur
3469 1479 3534 1518 ex
3562 1464 3630 1518 iis

2040 1556 2158 1609 quae
2182 1541 2287 1597 illis
2304 1544 2646 1611 acciderunt,
2673 1555 2728 1600 et
2751 1560 2852 1604 nec
2888 1547 3160 1618 quidpiam
3192 1552 3345 1607 nobis
3386 1554 3630 1623 provenit

2039 1629 2172 1684 lucri
2198 1646 2264 1687 ex
2287 1634 2538 1702 patientia
2550 1635 2666 1700 Dei,
2698 1636 2870 1707 cOgita
2895 1639 3162 1708 quomodo
3189 1641 3338 1696 illum
3367 1643 3629 1698 inexstin-

2039 1723 2293 1792 guihilem
2321 1723 2497 1795 ignem
2529 1725 2897 1784 vehementius
2921 1731 3320 1802 nobismetipsis
3350 1736 3631 1790 succendi-

2040 1828 2178 1881 mus,
2231 1823 2286 1869 et
2331 1815 2583 1872 acerbum
2629 1833 2866 1873 vermem
2911 1835 3180 1891 paramus.
3227 1824 3626 1893 Verumtamen,

2040 1904 2164 1974 quia
2184 1915 2402 1976 propter
2422 1909 2646 1977 gratiam
2677 1909 2772 1965 Dei
2798 1920 2925 1966 sunt
2964 1921 3022 1967 et
3068 1928 3211 1969 nunc
3240 1915 3392 1970 multi
3435 1917 3633 1973 virtute

2040 1997 2268 2065 praediti,
2301 1999 2390 2068 qui
2441 1999 2655 2068 placare
2693 2011 2918 2071 possunt
2957 2003 3272 2072 Dominum,
3319 2008 3458 2062 sicut
3505 2017 3632 2066 tunc

2041 2086 2338 2155 patriarcha
2371 2105 2383 2140 :
2419 2091 2625 2144 tametsi
2654 2105 2772 2156 nos,
2803 2106 2926 2147 cum
2957 2108 3058 2149 nos
3085 2095 3232 2165 ipsos
3272 2099 3629 2166 attendimus,

2041 2183 2097 2231 et
2121 2187 2359 2232 nostram
2389 2179 2629 2235 videmus
2653 2180 2934 2250 desidiam,
2967 2193 3214 2254 putamus
3243 2189 3431 2242 miram
3458 2191 3628 2244 virtu-

2044 2268 2110 2321 tis
2133 2269 2413 2324 raritatem
2442 2287 2455 2323 :
2483 2279 2719 2326 attamen
2747 2281 2968 2342 propter
2998 2274 3214 2330 illorum
3246 2277 3517 2346 virtutem,
3543 2293 3629 2333 er-

2041 2374 2106 2430 ga
2127 2361 2262 2416 alios
2290 2362 2430 2418 Deus
2471 2364 2776 2432 patientiam
2817 2363 3053 2421 exhibet.
3085 2365 3156 2420 Et
3181 2375 3238 2421 ut
3271 2368 3410 2425 scias
3447 2369 3630 2426 talium

2044 2454 2318 2511 hominum
2382 2457 2574 2512 ﬁducia
2622 2458 2777 2513 nobis
2817 2457 2910 2513 Dei
2970 2457 3279 2528 patientiam
3329 2462 3627 2532 conciliari,

2043 2544 2164 2598 audi
2201 2561 2268 2600 ex
2322 2545 2421 2600 hac
2467 2546 2580 2616 ipsa
2625 2547 2866 2614 historia,
2897 2549 3025 2617 quid
3069 2549 3213 2605 dicat
3258 2553 3576 2621 patriarcha:
3613 2571 3625 2606 :

2044 2636 2107 2692 Si
2135 2639 2304 2692 decem
2339 2638 2505 2709 justas
2547 2640 2782 2694 invenero
2805 2681 2820 2704 ,
2853 2655 2955 2694 non
3005 2642 3215 2712 perdant
3249 2644 3517 2699 civitatem.
3564 2645 3628 2702 Et

2043 2727 2168 2798 quid
2197 2727 2318 2783 dico
2343 2728 2526 2785 decem
2553 2729 2766 2799 iustos?
2793 2730 2978 2787 Nullus
3004 2732 3250 2790 inventus
3279 2735 3385 2791 illic
3427 2737 3496 2791 ab
3525 2737 3628 2792 ini-

2042 2818 2244 2888 quitate
2284 2820 2508 2886 alienus,
2542 2821 2645 2876 nisi
2670 2822 2817 2877 solus
2845 2821 2944 2878 Lot
2959 2820 3154 2893 justus,
3183 2834 3239 2880 et
3272 2827 3388 2896 ejus
3409 2827 3530 2883 dua:
3560 2827 3627 2882 fi-

2046 2910 2148 2965 liaa.
2181 2911 2329 2967 Uxor
2353 2912 2501 2967 enim
2535 2923 2753 2984 propter
2781 2914 2954 2985 ipsum
2995 2915 3132 2972 forte
3161 2931 3376 2987 pinnam
3398 2919 3628 2977 civitatis

2043 3001 2244 3073 ell'ugit,
2271 3011 2456 3074 postea
2483 3012 2658 3060 tamen
2679 3020 2894 3075 ptenam
2909 3005 3055 3062 dedit
3069 3007 3291 3079 ignavia:
3315 3025 3445 3066 sure.
3477 3010 3629 3069 Nunc

2042 3102 2219 3149 autem
2255 3104 2476 3165 propter
2514 3097 2837 3154 inell'abilem
2868 3098 2964 3154 Dei
3001 3100 3461 3168 misericordiam,
3505 3104 3628 3172 quia

2041 3188 2212 3258 pietas
2243 3188 2631 3244 incrementum
2675 3189 2926 3259 sumpsit,
2973 3191 3123 3246 multi
3152 3193 3313 3246 etiam
3354 3194 3406 3248 in
3437 3195 3628 3251 mediis

2041 3279 2344 3336 civitatibus
2371 3280 2596 3335 latentes
2630 3289 2854 3351 possunt
2893 3281 3104 3350 placare
3132 3283 3319 3348 Deum,
3347 3293 3404 3339 et
3435 3284 3524 3338 alii
3573 3285 3625 3342 in

2041 3371 2311 3426 montibus
2333 3380 2388 3428 et
2407 3372 2694 3444 speluncis,
2725 3386 3119 3444 paucorumque
3148 3375 3314 3431 virtus
3341 3375 3626 3435 multorum

2040 3472 2220 3534 tegere
2237 3463 2378 3518 valet
2393 3462 2672 3518 malitiam.
2698 3463 2858 3518 Multa
2884 3464 3028 3518 enim
3049 3465 3257 3520 Domini
3287 3466 3494 3520 bonitas
3515 3478 3621 3534 est,

2039 3564 2092 3611 et
2117 3570 2260 3624 saape
2306 3554 2443 3610 solet
2461 3555 2622 3611 etiam
2647 3562 2864 3625 propter
2889 3569 3089 3624 paucos
3117 3555 3300 3611 multis
3323 3556 3452 3611 dare
3476 3556 3624 3611 salu-

2039 3657 2168 3704 tem.
2209 3647 2278 3702 Et
2302 3646 2428 3718 quid
2470 3646 2610 3711 dico,
2667 3656 2886 3718 propter
2927 3661 3128 3717 paucos
3171 3648 3385 3717 iustos?
3437 3647 3618 3718 Saepe,

2037 3740 2250 3813 quando
2274 3756 2379 3796 non
2406 3740 2654 3795 iuventus
2678 3749 2761 3795 est
2791 3740 2844 3793 in
2874 3739 3126 3810 praesenti
3161 3740 3469 3808 vitajustus,
3501 3754 3624 3810 pro-

2037 3845 2157 3907 pter
2194 3835 2567 3892 defunctorum
2591 3835 2877 3903 virtutem,
2918 3833 3206 3889 viventium
3246 3834 3532 3889 miseretur
3570 3842 3626 3888 et

2036 3943 2219 3984 curam
2247 3928 2409 3984 habet
2433 3944 2448 3981 :
2473 3927 2613 3982 unde
2628 3927 2822 3982 clamat
2841 3925 3025 3980 dicens
3047 3942 3059 3978 :
3081 3923 3355 3994 Protegam
3375 3925 3623 3977 civitatem

2036 4019 2168 4072 lianc
2212 4028 2417 4087 propter
2444 4033 2542 4082 me,
2579 4026 2626 4070 et
2669 4025 2878 4084 propter
2923 4014 3088 4067 David
3117 4030 3331 4082 puerum
3371 4029 3535 4064 meum
3565 4014 3621 4080 (4

2035 4106 2165 4178 Reg.
2196 4105 2282 4160 l9.
2313 4105 2451 4173 54);
2493 4104 2645 4172 quasi
2673 4102 2920 4157 diceret:
2953 4102 3102 4156 Licet
3141 4101 3238 4170 ipsi
3272 4100 3471 4170 indigni
3513 4102 3622 4155 sint

2032 4197 2120 4268 qni
2146 4204 2448 4258 serventur,
2469 4201 2524 4249 et
2548 4193 2747 4248 nullam
2774 4191 2960 4246 salutis
2985 4189 3219 4246 habeant
3245 4191 3616 4246 occasionem:

2031 4305 2216 4346 verum
2241 4288 2367 4359 quia
2395 4287 2582 4342 solitus
2621 4299 2740 4338 sum
2781 4280 3199 4338 misericorditer
3243 4297 3424 4352 agere,
3465 4290 3522 4337 et
3547 4283 3616 4339 ad

2030 4378 2393 4436 miserandum
2441 4384 2720 4447 promptus
2742 4389 2859 4430 sunt
2885 4382 2940 4429 et
2960 4372 3027 4428 ad
3061 4373 3393 4444 eripiendum
3421 4390 3452 4429 e
3477 4376 3619 4431 cala-

2030 4472 2319 4538 mitatibus,
2353 4479 2570 4541 propter
2586 4467 2870 4538 meipsum,
2890 4475 2946 4523 et
2960 4475 3179 4538 propter
3197 4482 3420 4538 puerum
3439 4483 3614 4524 meum

2031 4564 2196 4620 David
2229 4573 2501 4634 protegam
2526 4577 2540 4612 :
2564 4569 2618 4615 et
2638 4560 2729 4630 qui
2764 4568 2888 4614 ante
2915 4567 2994 4614 tot
3033 4573 3202 4614 annos
3227 4574 3258 4613 e
3283 4561 3389 4615 vita
3416 4563 3616 4631 migra-

2027 4656 2121 4722 vit,
2156 4654 2243 4710 hlc
2268 4661 2454 4709 auctor
2482 4661 2566 4708 est
2592 4650 2776 4706 salutis
2805 4650 2872 4706 iis
2894 4651 2982 4722 qui
3009 4665 3102 4706 sua
3127 4665 3246 4706 sese
3274 4651 3615 4721 perdiderant

2026 4747 2250 4803 desidia.
2269 4747 2458 4802 Vidisti
2480 4744 2818 4801 clementiam
2845 4743 3078 4810 Domini,
3097 4743 3364 4813 quomodo
3392 4759 3486 4798 eos
3522 4745 3610 4814 qui

2030 4839 2232 4895 virtute
2289 4838 2525 4908 pollent,
2592 4837 2796 4890 honore
2835 4835 3033 4902 afficit,
3076 4837 3367 4905 praeponit,
3408 4844 3462 4889 et
3516 4835 3609 4889 toti

2026 4929 2352 4984 multitudini
2374 4927 2702 4998 azquiparat?
2728 4926 3062 4997 Quapropter
3082 4937 3134 4979 et
3159 4925 3351 4979 Paulus
3376 4924 3606 4980 dicebat:

2029 5019 2490 5078 Obambulauerunt
2509 5019 2563 5072 in
2587 5017 2750 5072 osillis
2764 5017 3084 5088 caprinisque
3108 5015 3344 5084 pellibus,
3361 5015 3606 5081 destituti,

2026 5114 2206 5185 pressi,
2233 5111 2423 5186 afﬂicti,
2457 5111 2635 5181 quibus
2660 5110 2902 5182 indignus
2922 5117 3028 5163 erat
3049 5105 3265 5160 mundus
3296 5104 3317 5178 (
3339 5104 3496 5160 Hebr.
3518 5107 3606 5162 ll.

2025 5207 2113 5263 37.
2135 5205 2250 5278 58).
2279 5203 2450 5260 Totus
2470 5245 2485 5270 ,
2520 5203 2718 5274 inquit,
2764 5202 2864 5258 iste
2909 5197 3139 5254 mundus
3162 5237 3178 5264 ,
3207 5207 3261 5251 ct
3291 5207 3432 5251 totus
3464 5197 3608 5251 orbis

2025 5313 2132 5354 non
2153 5310 2236 5354 est
2262 5294 2616 5354 conferendus
2644 5295 2710 5350 iis
2738 5293 2829 5364 qui
2872 5291 2926 5346 in
2966 5288 3347 5344 afﬂictionibus
3372 5296 3428 5342 et
3459 5301 3608 5355 pres-

2031 5391 2192 5458 suris,
2222 5397 2277 5445 et
2295 5386 2532 5445 nuditate
2555 5393 2718 5456 agunt
2741 5392 2796 5438 et
2837 5379 3198 5445 obambulant,
3226 5387 3280 5433 et
3316 5377 3368 5432 in
3394 5375 3608 5446 spelun-

2021 5483 2099 5539 cis
2124 5489 2407 5538 vcrsantur
2426 5485 2643 5548 propter
2670 5475 2855 5530 Deum.

2085 5599 2101 5629 ί
2137 5595 2277 5646 Savil.
2305 5601 2359 5645 et
2379 5599 2588 5656 quatuor
2603 5597 2706 5656 Mss.
2731 5599 2745 5636 ε
2764 5583 2918 5656 Etiam
2939 5581 3057 5656 {sed
3077 5579 3165 5633 hoc
3180 5580 3484 5656 potissimum

2010 5641 2491 5723 mmmam
2701 5641 3606 5723 maris,raereaere-_saser

2017 5706 2354 5774 itetn'tlmrelli.
2379 5729 2491 5778 quae
2514 5713 2684 5764 melior
2708 5709 2915 5778 videtur.
2941 5706 3236 5778 retinemus;
3259 5707 3351 5757 sub
3375 5706 3477 5755 haec
3496 5717 3602 5754 ms-

2020 5768 2126 5846 ibi
2141 5768 2426 5832 observatur
2453 5779 2499 5826 in
2523 5782 2628 5824 Mss.
2658 5779 2707 5823 et
2725 5771 2848 5835 apud
2867 5768 3006 5821 savii.
3035 5770 3260 5821 varietas.
