4072 6216
285 283 379 339 591

285 396 474 463 έθηκε,
506 395 692 468 φησὶν,
723 399 1109 468 ἕτιλαλῆσαι,
1145 400 1444 456 καὶεῖπεν*
1463 405 1597 457 Ἐὰν
1618 400 1938 469 δὲεὺρεοῶο

289 498 389 534 σιν
415 483 545 537 ἐκεῖ
572 486 1055 555 τεσσαράκοντα;
1085 490 1192 543 Καὶ
1227 485 1395 544 εἶπεν
1411 507 1423 521 ο
1442 494 1523 544 Οὐ
1543 489 1628 558 μὴ
1658 488 1942 542 ἀπολέσω

289 568 495 624 ἕνεκεν
520 570 638 626 τῶν
674 574 1140 642 τεσσαράκοντα.
1174 572 1306 632 Εἶτα
1347 579 1531 630 λοιπὸν
1562 576 1749 647 ὥσπερ
1794 575 1940 628 αίδε-

289 654 442 719 σθεὶς
481 658 576 711 τοῦ
619 658 752 712 Θεοῦ
783 660 880 730 τὴν
911 660 1118 730 ἄφατον
1151 665 1529 735 μακροθυμίαν
1551 665 1817 726 ὀδίκαιος,
1849 662 1942 715 καὶ

288 740 476 806 δεδιὼς
501 745 707 815 μήποτε
740 747 832 799 καὶ
856 747 983 819 δόξῃ
1015 750 1382 821 ὑπερϐαίνειν,
1411 752 1504 804 καὶ
1547 750 1691 821 πέρα
1732 747 1825 801 τοῦ
1851 748 1943 818 μέ·

294 843 418 896 τρου
449 829 543 899 τὴν
570 832 780 886 ίκεσίαν
804 835 1092 901 ποιεῖσθαι,
1149 839 1305 908 φησί·
1331 839 1426 906 Μή
1482 856 1558 902 τι,
1600 838 1798 904 Κύριε,
1835 835 1943 887 ἐὰν

296 914 557 980 λαλήσω·
596 919 738 975 Ἐὰν
758 920 1086 989 εὑρεθῶσιν
1105 924 1236 978 ἐκεῖ
1248 925 1600 994 τριάκοντα;
1635 923 1850 992 Ἐπειδὴ
1876 915 1946 973 εί-

286 996 373 1051 δεν
403 1000 619 1074 ἕτοιμον
669 1007 805 1076 πρὸς
843 1008 1273 1080 φιλανθρωπίαν,
1312 1013 1412 1066 οὐκ
1449 1013 1530 1067 ἔτι
1580 1011 1720 1065 κατὰ
1749 1008 1942 1080 μικρὸν

291 1085 635 1161 καθυφίησιν,
689 1093 810 1147 οὐδὲ
851 1095 1011 1149 πέντε
1056 1097 1296 1161 δικαίους
1353 1098 1675 1171 παραλιπὼν
1705 1111 1757 1162 ι,
1811 1095 1942 1149 ἀλλὰ

285 1171 440 1238 δέκα,
469 1175 610 1230 οὕτω
640 1182 905 1251 προσάγει
927 1185 1028 1255 τὴν
1050 1187 1416 1257 παράκλησιν,
1439 1187 1532 1240 καί
1563 1202 1747 1257 φησιν·
1801 1182 1944 1238 Ἐὰν

289 1261 610 1328 εὑρεθῶσιν
621 1267 752 1321 ἐκεῖ
768 1270 1077 1338 τριάκοντα
1091 1289 1110 1337 ;
1128 1275 1234 1328 Καί
1245 1271 1430 1329 εἶπεν·
1453 1278 1534 1329 Οὐ
1545 1274 1630 1344 μὴ
1645 1271 1941 1333 ἀπολέσω,

287 1345 395 1399 ἐὰν
420 1349 571 1418 εὕρω
624 1352 748 1408 ἐκεῖ
789 1357 1121 1424 τριάκοντα.
1159 1362 1356 1414 Σκόπει
1386 1363 1528 1430 πόση
1550 1359 1645 1412 τοῦ
1678 1358 1888 1412 δικαίου
1911 1357 1944 1424 ἡ

290 1435 524 1490 ειῦτονίαο
557 1440 806 1514 καθάπερ
847 1446 1009 1510 αὐτὸς
1060 1449 1269 1517 μέλλων
1321 1449 1621 1508 ὑπεύθυνος
1676 1448 1742 1516 τῇ
1781 1444 1945 1513 ψήφῳ

287 1521 555 1591 γίνεσθαι,
588 1527 728 1581 οὕτω
762 1531 958 1602 πολλὴν
1002 1533 1207 1587 τίθεται
1240 1536 1342 1603 τὴν
1379 1533 1611 1603 σπουδὴν
1642 1530 1945 1601 ἐξαρπάσαι

289 1607 386 1676 τῆς
425 1611 724 1684 μελλούσης
768 1619 1070 1684 ἐπάγεσθαι
1104 1621 1372 1691 τιμωρίας
1402 1621 1462 1673 τὸ
1507 1621 1613 1673 τῶν
1641 1616 1944 1688 Σοδομιτῶν

287 1690 457 1758 ἔθνος.
485 1699 593 1752 Καί
615 1697 802 1754 εἶπεν
821 1703 1056 1772 Ἐπειδὴ
1089 1706 1206 1774 ἔχω
1231 1690 1497 1775 λαλῆσαι
1532 1706 1678 1775 πρὸς
1702 1704 1809 1758 τὸν
1832 1704 1947 1756 Κύ-

285 1793 439 1844 ριον,
482 1782 623 1835 Ἐὰν
647 1784 715 1836 δὲ
742 1789 1068 1854 εὑρεθῶσιν
1097 1791 1468 1858 ἐκεῒετκοσι;
1498 1793 1607 1847 Καί
1643 1787 1832 1845 εἶπεν*
1863 1793 1944 1844 Οὐ

287 1864 372 1930 μὴ
395 1865 678 1923 ἀπολέσω
723 1872 932 1930 ἕνεκεν
963 1877 1082 1932 τῶν
1127 1881 1341 1934 είκοσι.
1395 1881 1579 1933 Πάντα
1598 1880 1754 1946 λόγον
1779 1879 1946 1947 ὑπερ-

289 1947 464 2001 ϐαίνει
500 1954 593 2005 καὶ
621 1959 796 2009 πᾶσαν
827 1961 1034 2015 ἔννοιαν
1060 1965 1094 2032 η
1122 1963 1216 2015 τοῦ
1251 1965 1516 2015 Δεσπότου
1543 1963 1831 2031 άγαθότης.
1851 1962 1947 2023 Τίς

296 2037 403 2108 γὰρ
435 2041 592 2110 ἡμῶν
620 2045 726 2097 τῶν
766 2050 824 2100 ὲν
872 2050 1021 2120 μέσῳ
1082 2053 1292 2122 μυρίων
1336 2052 1521 2106 κακῶν
1567 2050 1948 2123 στρεφομένων

293 2124 464 2179 εἵλετό
493 2145 619 2182 ποτε
651 2133 788 2186 κατὰ
817 2135 923 2187 τῶν
957 2137 1234 2206 ὁμογενῶν
1264 2138 1443 2208 ψῆφον
1473 2137 1718 2208 ἐκφέρων
1754 2133 1949 2189 τοσαύ-

285 2226 358 2282 τῃ
390 2213 694 2284 χρήσασθαι
720 2223 1123 2288 συγκαταϐάσει
1154 2225 1248 2278 καὶ
1273 2225 1674 2296 φιλανθρωπίας

361 2297 588 2382 ε’.-Ἀλλ’
601 2303 749 2373 ὅμως
769 2309 797 2359 ὀ
815 2307 1021 2372 δίκαιος
1041 2306 1195 2373 οὗτος
1220 2311 1362 2382 ὀρῶν
1383 2313 1471 2364 τὸν
1499 2310 1725 2364 πλοῦτον
1741 2311 1838 2380 τῆς
1859 2307 1949 2360 τοῦ

293 2380 444 2458 [450]
467 2384 601 2443 Θεοῦ
627 2391 1035 2464 φιλανθρωπίας
1062 2398 1159 2467 οὐχ
1187 2380 1419 2459 ἵσταται,
1439 2398 1571 2450 ἀλλὰ
1599 2397 1759 2450 πάλιν
1786 2395 1945 2464 φησί’

289 2473 386 2538 Μή
406 2491 480 2538 τι,
499 2478 694 2545 Κύριε,
715 2479 825 2534 ἐὰν
851 2482 1107 2548 λαλήσω
1125 2485 1211 2537 ἔτι
1233 2483 1396 2548 ἅπαξ
1399 2500 1418 2546 ;
1447 2483 1660 2550 Ἐπειδὴ
1680 2482 1786 2552 γάρ
1808 2483 1948 2548 ἀφα-

289 2557 517 2634 τοςῆνὴ
541 2564 915 2636 μακροθυμία,
932 2568 1020 2620 διὰ
1037 2568 1194 2623 τοῦτο
1222 2569 1473 2633 δεδοικὼς
1502 2569 1576 2640 μὴ
1601 2569 1694 2621 καὶ
1714 2571 1793 2631 είς
1813 2570 1949 2636 ἀγα-

292 2647 552 2720 νάκτησιν
577 2651 674 2722 τὴν
696 2656 819 2706 κατ’
844 2653 1010 2709 αὐτοῦ
1042 2660 1280 2728 κινήσειε
1307 2656 1398 2710 τὸν
1442 2655 1758 2728 παρακαλοῦ
1767 2671 1948 2724 μενον,

295 2735 426 2805 φησι
449 2754 460 2766 '
483 2739 541 2790 Μ
546 2737 579 2807 ἠ
606 2756 681 2802 τι,
712 2741 922 2809 Κύριεῑ
952 2743 1043 2813 Μὴ
1066 2744 1336 2814 προπετές
1358 2761 1410 2796 τι
1455 2742 1628 2808 ποιιῖη
1685 2741 1758 2812 μὴ
1798 2741 1951 2794 ἀναί-

295 2825 522 2892 σχυντον
547 2843 600 2880 τι
630 2828 995 2898 ἐπιδείκνυμι;
1032 2833 1105 2903 μὴ
1129 2831 1519 2901 καταγνώσεως
1545 2832 1692 2898 ἀξιον
1722 2832 1952 2900 πρᾶγμα

296 2908 718 2982 διαπράττομαι,
747 2915 840 2966 ἐὰν
868 2915 1084 2987 λαλήσω
1117 2918 1195 2970 ἐτι
1219 2918 1400 2983 ἆπαξ;
1429 2918 1585 2972 Μετὰ
1617 2918 1716 2986 τῆς
1753 2916 1953 2986 πολλῆς

298 2993 513 3065 ἐκείνης
551 2997 884 3068 ἀγαθότητος
919 3001 1000 3054 ἐτι
1029 3003 1158 3072 μίαν
1187 3004 1394 3058 ἱκεσίαν
1446 3003 1593 3068 δέξαι
1620 3003 1749 3074 παρ’
1795 3003 1950 3073 ἐμοῦ.

309 3079 445 3133 Ἐὰν
472 3081 540 3134 δὲ
576 3084 904 3150 εὑρεθῶσιν
953 3088 1080 3141 ἐκεῖ
1111 3087 1284 3153 δέκας
1338 3089 1451 3145 Kal
1493 3086 1692 3144 εἶπεν·
1727 3091 1810 3142 Οὐ
1865 3089 1952 3158 μὴ

295 3167 573 3224 ἀπολέσω
608 3171 818 3227 ἕνεκεν
872 3173 990 3228 τῶν
1045 3174 1209 3229 δέκα.
1267 3177 1378 3230 Καὶ
1427 3176 1614 3248 ἐπειδὴ
1673 3174 1953 3248 προλαϐὼν

294 3249 468 3319 εἶπεν,
520 3257 640 3310 Ἔτι
670 3257 833 3323 ἅπαξ
883 3260 1172 3327 λαλήσω;
1218 3260 1494 3330 Ἀπῆλθε,
1527 3263 1682 3333 φησὶ,
1714 3263 1950 3330 Κύριος,

293 3341 374 3408 ὡς
403 3343 710 3399 ἐπαύσατο
731 3345 938 3401 λαλῶν
963 3345 1043 3412 τῷ
1077 3347 1323 3418 Ἀϐραάμ
1343 3365 1357 3379 ο
1386 3349 1484 3402 καὶ
1539 3349 1793 3419 Ἀϐραὰμ
1839 3348 1954 3404 fm-

296 3427 588 3498 έστρεψεν
617 3434 705 3499 είς
733 3435 839 3487 τὸν
868 3435 1054 3489 τόπον
1084 3436 1293 3490 αὐτοῦ.
1347 3435 1528 3489 Εἴδετε
1556 3435 1647 3489 τοῦ
1682 3436 1951 3489 Δεσπότου

294 3515 394 3586 τὴν
429 3519 832 3586 συγκατάϐασιν
853 3539 866 3586 ;
888 3523 1054 3576 εἰδετε
1080 3521 1172 3575 τοῦ
1195 3521 1402 3576 δικαίου
1419 3523 1516 3594 τὴν
1542 3523 1949 3595 φιλοστοργίανς

295 3601 526 3670 ἐμάθετε
555 3605 654 3675 ὅση
686 3606 718 3676 ἡ
757 3608 906 3675 ίσχίις
938 3608 1046 3661 τῶν
1078 3609 1176 3678 τὴν
1226 3609 1426 3680 ἀρετὴν
1461 3610 1787 3679 μετιόντων;
1827 3611 1952 3663 Ἐάν

295 3688 404 3758 γὰρ
425 3690 710 3760 εὑρεθῶσι,
743 3695 896 3763 φησὶ,
923 3695 1053 3748 δέκα
1077 3696 1296 3759 δίκαιοι,
1323 3699 1389 3750 δι’
1419 3699 1660 3761 ἐκείνους
1689 3700 1822 3751 πᾶσι
1855 3699 1953 3768 τὴν

298 3774 646 3847 συγχώρησιν
682 3778 790 3831 τῶν
821 3782 1228 3851 ἡμαρτημένων
1291 3784 1592 3854 δωροῦμαι.
1646 3786 1720 3839 οὺ
1775 3785 1954 3847 καλῶς

295 3859 503 3930 ἔλεγον,
542 3864 624 3918 δτι
652 3865 825 3920 ταῦτα
853 3867 1030 3921 πάντα
1051 3867 1287 3937 ἐγένετο,
1323 3870 1408 3923 ἴνα
1449 3872 1689 3942 μηδεμία
1734 3871 1955 3926 καταλί-

292 3961 466 4018 πηται
502 3951 616 4014 τοῖς
648 3951 788 4022 μετά
835 3953 1008 4008 ταῦτα
1033 3956 1474 4026 ἀναισχυντοῦσιν
1495 3959 1804 4028 ἀντιλογίας
1851 3960 1955 4028 ἀφ-

291 4035 436 4106 ορμή
459 4052 473 4100 ;
501 4036 620 4090 Είσὶ
639 4039 745 4108 γὰρ
762 4040 944 4094 πολλοὶ
968 4041 1074 4094 τῶν
1105 4045 1442 4114 μεμηνότων,
1460 4045 1757 4100 ἀκόλαστον
1783 4045 1953 4115 γλῶτ-

293 4138 392 4176 ταν
404 4122 732 4194 ἔχοντεςριαὶ
747 4129 1022 4183 αίτιᾶσθαι
1047 4129 1360 4202 βουλόμενοι
1383 4134 1476 4186 καὶ
1495 4133 1741 4202 λέγοντες
1757 4151 1772 4166 ο
1791 4134 1951 4197 Τίνος

293 4209 478 4264 ἓνεκεν
504 4213 813 4288 ἐνεπρήσθη
838 4218 907 4271 τά
934 4218 1142 4289 Σόδομα
1164 4236 1178 4284 ;
1208 4220 1270 4272 Εἰ
1304 4220 1684 4291 μακροθυμίας
1709 4221 1952 4294 ἀπήλαυ-

299 4313 420 4361 σαν,
453 4301 581 4364 ἴσως
610 4302 677 4356 ἂν
717 4306 1072 4377 μετενόησαν.
1105 4307 1202 4359 Διά
1235 4307 1391 4361 τοῦτο
1449 4307 1684 4362 δείκνυσί
1741 4326 1822 4362 σοι
1853 4309 1952 4380 τῆς

298 4384 494 4449 κακίας
530 4387 626 4458 τὴν
653 4390 963 4457 ἐπίτασινιδ,
993 4392 1086 4447 καὶ
1128 4393 1212 4446 ὅτι
1244 4393 1302 4444 ἐν
1327 4393 1565 4463 τοσούτῳ
1624 4394 1819 4464 πλήθει
1860 4412 1950 4448 το-

297 4470 468 4544 σαύτη
496 4469 563 4545 ῆν
594 4475 789 4539 σπάνις
812 4477 1032 4549 ἀρετῆς,
1065 4478 1140 4542 ώς
1175 4479 1360 4550 ἐτέρου
1391 4479 1680 4534 κλυδωνίου
1707 4482 1948 4534 τοιούτου

291 4557 519 4623 δεῖσθαι,
545 4555 657 4614 οἷον
686 4563 948 4634 πρότερον
978 4565 1240 4620 κατέλαϐε
1264 4566 1360 4638 τὴν
1415 4567 1758 4639 οἰκουμένην.
1811 4569 1948 4623 Ἀλλ’

292 4645 481 4718 ἐπειδὴ
510 4647 802 4720 ὑπόσχεσίς
826 4653 941 4704 ἐστι
971 4651 1066 4704 τοῦ
1099 4653 1231 4707 Θεοῦ
1249 4696 1263 4721 ,
1291 4654 1430 4709 ὥστε
1467 4654 1665 4726 μηκέτι
1698 4654 1950 4726 τοιαύτην

290 4735 648 4806 ἐπενεχθῆναι
681 4737 971 4809 τιμωρίαν,
997 4738 1084 4792 διά
1126 4741 1280 4796 τοῦτο
1326 4744 1512 4818 ἕτερον
1555 4744 1754 4815 τρόπον
1781 4763 1952 4816 τιμω-

294 4820 415 4889 ρίας
447 4823 662 4891 ἐπάγει,
689 4823 826 4895 ὀμοῦ
881 4824 1165 4890 κάκείνους
1195 4829 1298 4882 ὑπὸ
1347 4831 1444 4902 τὴν
1485 4833 1752 4903 τιμωρίαν
1779 4833 1946 4900 ἄγων,

294 4909 389 4960 καὶ
424 4913 536 4975 τοῖς
566 4911 695 4984 ἐξῆς
731 4912 903 4966 ἅπασι
941 4913 1161 4986 διηνεκῆ
1187 4915 1286 4986 τὴν
1339 4916 1683 4972 διδασκαλίαν
1712 4920 1948 4991 παρεχό-

295 5012 474 5064 μενος.
511 4998 727 5072 Ἐπειδὴ
753 5000 862 5073 γὰρ
890 5000 1190 5072 ἀνέτρεψαν
1211 5003 1335 5066 τοὺς
1372 5004 1472 5074 τῆς
1497 5006 1710 5075 φύσεως
1731 5007 1946 5077 νόμους,

291 5082 388 5135 καὶ
420 5081 576 5148 ξένας
598 5087 691 5138 καὶ
720 5088 1070 5160 παρανόμους
1102 5089 1406 5160 ἐπενόησαν
1444 5092 1636 5163 μίξεις,
1669 5094 1757 5147 διά
1795 5095 1949 5148 τοῦτο

295 5167 443 5231 ξένον
469 5173 736 5243 τιμωρίας
775 5175 866 5228 τὸν
911 5176 1110 5248 τρόπον
1137 5178 1404 5250 ἐπήγαγε,
1447 5179 1533 5233 διὰ
1580 5182 1678 5252 τὴν
1727 5183 1949 5237 ἐκείνων

292 5257 638 5327 παρανομίαν
664 5262 756 5313 καὶ
778 5261 878 5331 τῆς
894 5263 995 5333 γῆς
1013 5263 1109 5334 τὴν
1124 5264 1364 5337 γαστέρα
1379 5284 1451 5338 πη
1459 5267 1660 5339 ρώσας,
1676 5271 1768 5322 καὶ
1785 5287 1949 5323 κατα-

291 5339 466 5395 λιπὼν
516 5344 814 5418 ὑπόμνημα
861 5349 1102 5419 διηνεκὲς
1139 5356 1258 5419 ταῖς
1304 5356 1440 5426 μετά
1493 5355 1665 5410 ταῦτα
1711 5361 1944 5425 γενεαῖς,

291 5427 431 5479 ὥστε
464 5429 538 5498 μὴ
565 5435 676 5496 τοῖς
707 5435 888 5499 αὐτοῖς
918 5437 1231 5510 ἐπιχειρεῖν,
1269 5444 1353 5498 ἵνα
1381 5447 1454 5517 μὴ
1486 5446 1594 5507 τοῖς
1636 5444 1814 5508 αὐτοῖς
1846 5463 1945 5498 πε·-

362 5589 387 5645 ξ
405 5578 601 5645 ᾼΙίιιιιοι
623 5593 735 5630 Μαι.
757 5585 1058 5645 παραλαϐών.

366 5639 499 5691 bScx
526 5655 638 5693 ωω.
664 5649 745 5701 τῆς
771 5639 920 5701 αἰτίας
938 5649 1021 5704 τήν
1038 5649 1260 5707 ἄπίτασιν.

1372 286 1432 341 ΙΝ
1467 288 1622 344 CAP.
1662 284 1827 342 XVIII
1864 282 2105 338 GENES.
2151 283 2382 338 IIOMIL.
2424 283 2578 340 XLII.

3597 285 3701 342 δια

2050 400 2333 471 ριπέσωσι.
2388 402 2496 454 Καὶ
2529 399 2704 465 ἔξεστι
2743 400 2819 469 τῷ
2883 397 3186 468 βουλομένῳ
3231 397 3310 460 εἰς
3342 398 3466 460 τοὺς
3506 401 3700 466 τόπους

2049 496 2396 566 ἀφικνεῖσθαι
2426 497 2687 559 ἐκείνους,
2719 496 2811 547 καὶ¹
2832 496 2962 565 ὀρᾷν
3013 493 3200 563 αὐτὴν,
3251 493 3326 556 ώς
3373 495 3564 560 εἰπεῖν,
3600 497 3700 566 τὴν

2047 591 2151 661 γῆν
2179 591 2387 661 βοῶσαν
2416 592 2510 646 καὶ
2545 589 2891 644 δεικνύουσαν
2921 590 3017 659 τῆς
3041 589 3308 658 τιμωρίας
3331 590 3400 643 τὰ
3431 590 3572 662 ἴχνη,
3605 592 3698 645 καὶ

2055 687 2193 756 μετά
2225 685 2491 739 τοσούτων
2513 685 2649 738 ἐτῶν
2678 683 2930 756 ἀριθμὸν,
2969 683 3043 747 ὡς
3088 683 3212 752 χθές
3244 685 3338 737 καὶ
3387 685 3578 756 πρώην
3604 687 3700 739 ἐπ’

1977 802 1983 810 ·
2009 829 2014 836 .
2046 781 2301 853 αχθείσης
2330 783 2428 854 τῆς
2455 781 2743 854 τιμωρίας,
2766 780 2906 833 οὕτω
2932 780 3244 849 καταφανὴς
3273 781 3305 850 ἡ
3331 780 3699 851 ἀγανάκτησις

2046 878 2334 933 δείκνυται.
2376 881 2454 931 Δι’
2483 879 2531 943 δ,
2573 876 2873 948 παρακαλῶ
2898 918 2912 942 ,
2949 874 3007 938 ἐξ
3052 868 3123 928 ὧν
3161 874 3337 945 ἕτεροι
3392 877 3490 945 τὴν
3545 876 3699 948 δίκην

2051 975 2236 1029 ἔδοσαν
2295 976 2454 1047 ἡμεῖς
2485 971 2968 1044 σωφρονιζώμεθα.
2987 971 3125 1023 Ἀλλ’
3158 972 3286 1033 ἴσως
3313 972 3452 1024 εἴποι
3479 989 3560 1035 τις
3591 973 3656 1026 άν
3679 991 3694 1006 ·

2050 1072 2115 1124 Τί
2152 1067 2273 1136 οῦν;
2311 1070 2498 1141 ἐπειδὴ
2514 1071 2709 1123 ἐκεῖνοι
2735 1068 2906 1132 οὕτως
2935 1066 3322 1136 ἐκολάσθησαν,
3349 1067 3448 1119 οὐκ
3469 1067 3575 1120 είσὶ
3606 1069 3700 1122 καὶ

2046 1164 2139 1218 νῦν
2192 1165 2379 1217 πολλοὶ
2405 1162 2473 1217 τά
2523 1163 2662 1217 αὑτὰ
2707 1162 2934 1224 ἐκείνοις
2985 1159 3444 1231 παρανομοῦντες,
3495 1161 3586 1214 καὶ
3623 1160 3698 1234 μὴ

2047 1259 2394 1328 κολαζόμενοι
2421 1275 2434 1322 ;
2499 1257 2638 1309 Ναί·
2681 1255 2817 1310 ἀλλὰ
2845 1254 3002 1310 τοῦτο
3031 1255 3229 1325 μᾶλλον
3269 1254 3534 1324 τιμωρίαν
3563 1271 3712 1327 πρυζι

2048 1357 2258 1426 ξενήσει
2285 1368 2306 1395 ο
2340 1358 2448 1418 τοῖς
2469 1353 2690 1408 τοιαῦτα
2715 1352 3111 1425 παρανομοῦσι.
3134 1353 3300 1406 Ὅταν
3329 1352 3438 1423 γὰρ
3474 1353 3606 1423 μήτε
3633 1355 3701 1407 ἐκ

2045 1448 2152 1500 τῶν
2197 1451 2274 1512 είς
2311 1450 2550 1512 ἐκείνους
2595 1446 3016 1518 συμϐεϐηκότων
3045 1443 3521 1516 σωφρονιζώμεθα,
3560 1445 3697 1514 μήτε

2047 1541 2154 1594 ἀπὸ
2174 1541 2272 1610 τῆς
2291 1541 2668 1612 μακροθυμίας
2697 1540 2788 1595 τοῦ
2822 1539 2954 1594 Θεοῦ
2979 1538 3345 1609 κερδαίνωμέν
3365 1537 3700 1604 τι,ἐννόησον

2045 1627 2136 1680 καὶ
2153 1629 2298 1691 ὅπως
2313 1630 2486 1680 ἐκεῖνο
2499 1627 2560 1680 τδ
2575 1628 2831 1681 ἄσϐεστον
2847 1626 2960 1696 πῦρ
2991 1625 3341 1695 σφοδρότερον
3366 1626 3574 1686 ἐαυτοῖς
3601 1624 3704 1676 ὐπ-

2044 1717 2266 1770 ανάπτω
2273 1735 2390 1788 μεν,
2405 1719 2496 1771 καὶ
2509 1719 2600 1770 τὸν
2617 1717 2870 1788 σκώληκα
2886 1716 3078 1788 πικρὸν
3101 1713 3477 1786 ἐργαζώμεθα.
3497 1712 3703 1776 ’Ἄλλως

2043 1804 2118 1864 δέ,
2137 1805 2322 1876 ἐπειδὴ
2341 1805 2522 1858 πολλοὶ
2535 1804 2621 1858 διὰ
2643 1804 2742 1875 τὴν
2759 1805 2853 1858 τοῦ
2869 1803 3003 1856 Θεοῦ
3021 1804 3178 1873 χάριν
3200 1802 3304 1854 εἰσὶ
3323 1799 3472 1872 [451]
3495 1802 3586 1854 καὶ
3608 1801 3704 1854 νῦν

2044 1891 2306 1960 ἐνάρετοι,
2320 1891 2589 1944 δυσωπεῖν
2601 1891 2884 1959 δυνάμενοι
2900 1891 2990 1942 τὸν
3009 1888 3301 1957 Δεσπότην,
3315 1886 3562 1956 καθάπερ
3583 1885 3704 1938 τότε

2046 1978 2074 2028 ὀ
2106 1977 2446 2045 πατριάρχης
2465 1993 2478 2006 ·
2505 1977 2554 2027 εί
2579 1977 2672 2028 καὶ
2701 1976 2856 2045 ἡμεῖς
2885 1976 2950 2028 ἐκ
2972 1973 3065 2028 τοῦ
3097 1973 3164 2026 τά
3192 1973 3311 2026 καθ’
3328 1971 3554 2034 ἑαυτοὺς
3575 1987 3702 2024 σκο-

2052 2065 2191 2124 πεῖν,
2224 2063 2486 2131 καὶπρὸς
2512 2063 2611 2133 τὴν
2663 2061 2935 2133 ρᾳθυμίαν
2987 2062 3196 2132 dupopr
3255 2059 3354 2129 τὴν
3400 2058 3703 2129 ἡμετέραν,

2051 2149 2343 2218 νομίζομεν
2375 2149 2573 2219 πολλὴν
2597 2146 2735 2200 εἶναι
2762 2149 2861 2218 τὴν
2908 2149 3104 2202 σπάνιν
3154 2147 3256 2216 τῆς
3281 2145 3514 2216 ἀρετῆς·
3555 2147 3704 2215 ὅμως

2049 2235 2139 2289 διὰ
2167 2236 2266 2307 τὴν
2293 2235 2512 2289 ἐκείνων
2539 2233 2738 2306 ἀρετὴν
2767 2235 2866 2305 τὴν
2897 2235 3022 2303 περὶ
3057 2233 3279 2296 τούτους
3327 2231 3704 2301 μακροθυμίαν

2051 2323 2437 2377 ἐπιδείκνυται.
2467 2323 2576 2375 Καὶ
2597 2323 2682 2375 ἵνα
2712 2321 2888 2392 μάθῃς
2917 2321 2998 2373 ὅτι
3044 2321 3078 2390 ἡ
3116 2318 3223 2372 τῶν
3259 2316 3514 2370 τοιούτων
3563 2320 3706 2388 παρ-

2053 2408 2215 2478 ρησία
2243 2409 2341 2476 τῆς
2368 2409 2747 2480 μακροθυμίας
2769 2410 2900 2477 ἡμῖν
2926 2405 3184 2476 πρόξενος
3219 2403 3450 2472 γίνεται,
3475 2403 3705 2456 ἄκουσον

2048 2493 2106 2557 ἐξ
2135 2493 2304 2561 αὐτῆς
2327 2492 2531 2564 ταύτης
2544 2494 2643 2561 τῆς
2665 2491 2922 2562 ἱστορίας,
2947 2490 3000 2542 τί
3024 2506 3156 2559 φησι
3174 2489 3307 2559 πρὸς
3333 2487 3422 2541 τὸν
3447 2488 3707 2558 πατριάρ-

2046 2595 2168 2649 χην,
2193 2581 2274 2632 δτι
2319 2579 2459 2633 Ἐὰν
2486 2577 2630 2631 δέκα
2671 2577 2942 2642 δικαίους
2974 2575 3146 2642 εὕρω,
3185 2576 3258 2628 οὐ
3280 2573 3368 2642 μὴ
3425 2572 3708 2627 ἀπολέσω

2048 2664 2163 2732 τὴν
2183 2667 2382 2719 πόλιν.
2414 2665 2523 2716 Καὶ
2542 2665 2593 2716 τί
2617 2663 2760 2731 λέγω
2792 2663 2924 2716 δέκα
2958 2661 3232 2724 δικαίους;
3277 2658 3466 2722 Οὐδεὶς
3507 2659 3705 2730 εὑρέθη

2051 2755 2169 2805 ἐκεῖ
2187 2755 2286 2822 τῆς
2309 2751 2649 2823 παρανομίας
2673 2749 2849 2813 ἐκτὸς,
2887 2750 2936 2802 εί
2962 2749 3036 2820 μὴ
3066 2747 3221 2818 μόνος
3255 2746 3377 2800 Λὼτ
3407 2747 3436 2799 ὀ
3481 2745 3705 2811 δίκαιος,

2051 2840 2146 2892 καὶ
2177 2840 2232 2891 αί
2254 2838 2441 2891 τούτου
2484 2837 2576 2890 δύο
2624 2837 2942 2907 θυγατέρες.
3003 2837 3068 2888 Ἦ
3099 2835 3208 2906 γὰρ
3239 2833 3375 2905 γυνὴ
3431 2834 3498 2887 δι’
3547 2833 3707 2886 αὐτὸν

2053 2928 2182 2988 ἴσως
2204 2925 2303 2996 τὴν
2331 2927 2388 2978 ἐν
2415 2927 2480 2996 τῇ
2505 2925 2658 2978 πόλει
2683 2923 2954 2996 τιμωρίαν
2976 2921 3330 2992 διαφυγοῦσα,
3361 2921 3582 2990 ὕστερον
3609 2919 3708 2990 τὴν

2050 3010 2206 3080 δίκην
2255 3010 2421 3063 ἔδωκε
2476 3009 2540 3062 δι’
2592 3010 2798 3062 οίκείαν
2851 3007 3143 3080 ρᾳθυμίαν.
3198 3007 3333 3060 Νυνὶ⁹
3368 3006 3424 3058 δέ
3459 3005 3547 3057 διά
3607 3004 3708 3076 τὴν

2051 3098 2256 3166 ἄφατον
2289 3096 2382 3156 τοῦ
2413 3096 2546 3150 Θεοῦ
2569 3095 2999 3166 φιλανθρωπίαν,
3033 3093 3220 3164 ἐπειδὴ
3248 3091 3487 3145 ἐπέδωκε
3511 3091 3579 3143 τά
3609 3091 3710 3160 τῆς

2053 3183 2353 3246 εὐσεϐείας,
2386 3182 2570 3236 πολλοὶ
2600 3184 2694 3236 καὶ
2723 3185 2782 3235 ἐν
2815 3182 3006 3252 μέσαις
3043 3184 3163 3244 ταῖς
3191 3180 3376 3232 πόλεσι
3414 3178 3707 3232 λανθάνον-

2051 3272 2144 3336 τές
2175 3274 2299 3334 εἰσι,
2356 3271 2640 3341 δυνάμενοι
2672 3271 2943 3324 δυσωπεῖν
2989 3271 3078 3323 τὸν
3128 3269 3280 3333 Θεὸν,
3334 3267 3430 3322 καὶ
3461 3268 3520 3320 ἐν
3557 3265 3708 3336 ϐρεσι

2052 3359 2147 3412 καὶ
2177 3357 2458 3429 σπηλαίοις
2485 3359 2680 3429 ἕτεροι,
2719 3359 2814 3410 καὶ
2845 3359 2878 3426 ἡ
2908 3355 3015 3408 τῶν
3062 3355 3258 3424 ὀλίγων
3306 3353 3509 3406 τούτων
3539 3351 3708 3423 ἀρετὴ

2052 3444 2148 3515 τὴν
2177 3443 2285 3499 τῶν
2329 3444 2536 3498 πολλῶν
2589 3443 2786 3497 κακίαν
2846 3441 3161 3512 ἀποκρύψαι
3212 3439 3432 3495 δύναται
3468 3456 3481 3470 ·
3518 3437 3706 3508 ἐπειδὴ

2053 3531 2221 3602 πολλὴ
2259 3531 2353 3585 τοῦ
2379 3531 2650 3585 Δεσπὸτου
2676 3532 2710 3601 ἡ
2741 3529 3036 3599 άγαθότης,
3080 3528 3176 3582 καὶ
3214 3527 3470 3589 πολλάκις
3499 3522 3605 3578 οἶδε
3639 3524 3708 3577 δι’

2051 3619 2265 3687 ὀλίγους
2287 3619 2525 3682 δικαίους
2549 3619 2658 3672 τῶν
2681 3617 2892 3672 πολλῶν
2920 3615 3240 3689 χαρίζεσθαι
3271 3615 3370 3686 τὴν
3415 3613 3706 3683 σωτηρίαν.

2051 3707 2162 3759 Καὶ
2190 3707 2241 3759 τί
2271 3705 2413 3773 λέγω
2439 3705 2508 3758 δι’
2537 3706 2749 3772 ὀλίγους
2797 3705 3074 3770 δικαίους;
3111 3703 3393 3765 Πολλάκις,
3451 3701 3581 3755 ὅταν
3633 3700 3708 3773 μὴ

2053 3791 2252 3862 εὑρεθῇ
2279 3793 2335 3843 ἐν
2363 3792 2439 3860 τῷ
2463 3793 2687 3859 παρόντι
2721 3791 2821 3859 βίῳ
2844 3791 3071 3852 δίκαιος,
3091 3789 3180 3840 διὰ
3207 3789 3304 3858 τὴν
3331 3789 3440 3840 τῶν
3470 3787 3710 3842 τετελευ-

2053 3877 2294 3947 τηκότων
2317 3877 2515 3948 ἀρετὴν
2545 3875 2654 3928 τῶν
2695 3874 2909 3939 ζώντων
2952 3876 3198 3946 κήδεται,
3233 3875 3327 3928 καὶ
3357 3874 3455 3946 βοᾷ
3484 3874 3656 3944 λέγων
3688 3891 3706 3906 ·

2064 3965 2428 4034 Ύπερασπιῶ
2472 3965 2582 4033 τῆς
2621 3967 2853 4031 πόλεως
2893 3966 3115 4032 ταύτης
3161 3963 3233 4018 δι’
3270 3964 3376 4034 ἐμὲ
3395 4004 3410 4029 ,
3463 3966 3561 4019 καί
3610 3965 3710 4018 διὰ

2050 4053 2231 4108 Δαυῒδ
2255 4055 2360 4107 τὸν
2379 4052 2560 4107 παῖδά
2582 4069 2720 4122 μου.
2751 4053 2812 4106 Εἰ
2834 4052 2929 4106 καὶ
2956 4052 3128 4116 αὐτοὶ,
3155 4051 3341 4123 φησὶν,
3365 4051 3569 4119 ἀνάξιοί
3599 4053 3708 4109 είσι

2049 4140 2147 4194 τοῦ
2178 4139 2466 4203 σώζεσθαι,
2499 4141 2591 4194 καὶ
2619 4139 2874 4210 οὐδεμίαν
2903 4139 3158 4211 ἀφορμὴν
3197 4139 3378 4210 έχουσι
3411 4139 3705 4211 σωτηρίας,

2052 4227 2166 4281 ἀλλ’
2206 4226 2392 4298 ἐπειδὴ
2430 4227 2492 4279 τὸ
2543 4225 3085 4296 φιλανθρωπεύεσθαι
3135 4225 3362 4295 σύνηθες
3415 4225 3558 4294 ἐμοὶ,
3613 4223 3714 4283 καὶ

2051 4314 2180 4385 περὶ
2204 4313 2263 4366 τὸ
2289 4313 2460 4366 ἐλεεῖν
2484 4314 2598 4384 είμι
2631 4313 2866 4383 ἕτοιμος,
2897 4313 2992 4365 καὶ
3012 4310 3339 4379 ἐξαρπάζειν
3358 4309 3466 4363 τῶν
3495 4310 3705 4374 δεινῶν,

2049 4400 2117 4453 δι’
2145 4397 2378 4470 ἐμαυτὸν
2411 4401 2620 4470 ποιήσω
2649 4401 2741 4452 καὶ
2766 4399 2854 4452 διὰ
2880 4398 2967 4452 τὸν
2996 4397 3161 4451 παῖδά
3206 4413 3305 4467 μου
3351 4395 3513 4451 Δαυῖδ
3536 4396 3706 4468 ὑπερ-

2051 4489 2322 4556 ασπισμόν
2351 4502 2366 4517 ο
2425 4487 2519 4540 καὶ
2543 4488 2571 4540 ὁ
2612 4486 2717 4557 πρὸ
2757 4485 3026 4540 τοσούτων
3056 4485 3190 4538 ἐτῶν
3238 4482 3332 4536 τοῦ
3379 4482 3494 4554 βίου
3552 4501 3711 4554 μετα-

2052 4574 2204 4638 στὰς,
2229 4569 2380 4638 οὗτος
2406 4573 2575 4637 αἴτιος
2600 4574 2697 4644 τῆς
2754 4572 3024 4644 σωτηρίας
3056 4572 3263 4641 γίνεται
3298 4574 3411 4634 τοῖς
3469 4570 3575 4624 ὑπὸ
3601 4571 3701 4640 τῆς

2047 4662 2255 4725 οίκείας
2292 4661 2561 4733 ῥᾳθυμίας
2619 4660 3048 4732 προδεδομένοις.
3101 4655 3254 4722 Εἶδες
3296 4656 3706 4729 φιλανθρωπίαν

2049 4749 2342 4813 Δεσπότου,
2370 4748 2486 4812 πῶς
2514 4749 2650 4820 τιμᾷ
2673 4749 2800 4812 τοὺς
2837 4749 2894 4800 ἐν
2919 4749 3086 4819 ἀρετῇ
3119 4746 3519 4817 διαλάμποντας
3545 4759 3560 4775 ⁸
3587 4741 3706 4806 πῶς

2049 4839 2247 4900 αὐτοὺς
2271 4835 2577 4907 προτίθησι,
2637 4835 2732 4889 καὶ
2759 4833 3038 4900 άνταξίους
3090 4835 3329 4888 δείκνυσι
3383 4829 3578 4891 παντὸς
3608 4828 3703 4881 τοῦ

2052 4924 2288 4995 πλήθους
2322 4923 2456 4986 ;Διά
2489 4922 2645 4976 τοῦτο
2677 4923 2773 4977 καὶ
2806 4923 3018 4987 Παῦλος
3053 4922 3241 4990 ἐλεγεσσ
3267 4915 3595 4985 Περιῆιιϐον
3635 4918 3705 4969 ἐν

2043 5010 2366 5081 μηλωταῖς,
2391 5009 2461 5064 ἐν
2487 5011 2731 5080 αἰγείοις
2765 5010 3072 5080 δέρμασιν,
3101 5005 3544 5074 ὑστερούμενοι,
3579 5006 3706 5059 θλι-

2049 5103 2303 5168 ϐόμενοι,
2347 5102 2837 5170 κακουχούμενοι,
2858 5096 2945 5154 ὧν
2961 5103 3072 5154 οὐκ
3102 5094 3181 5166 ἦν
3207 5096 3377 5160 ἄξιος
3395 5096 3428 5148 ό
3453 5094 3699 5162 κόσμος.

1999 5211 2006 5216 -
2048 5180 2217 5249 Οὗτος
2247 5187 2411 5251 ἄπας,
2445 5187 2629 5258 φησὶν,
2662 5189 2691 5241 6
2729 5188 2951 5257 κόσμος,
2998 5185 3028 5236 ὀ
3056 5182 3195 5236 κατὰ
3235 5182 3334 5250 τὴν
3374 5179 3704 5252 οἰκουμένην

2051 5275 2290 5340 ἃπασαν,
2317 5275 2419 5328 οὐκ
2443 5274 2508 5329 ἂν
2532 5275 2618 5346 εἴη
2652 5272 2951 5334 ἰσοστάσιος
2970 5269 3174 5324 τούτων
3198 5269 3307 5324 τῶν
3351 5269 3411 5322 ἐν
3464 5268 3702 5338 θλίψεσι,

2048 5363 2158 5414 τῶν
2189 5365 2246 5416 ἐν
2278 5363 2615 5433 κακουχίαις,
2659 5361 2768 5415 τῶν
2813 5357 3280 5428 γυμνητευόντων,
3317 5357 3428 5411 τῶν
3462 5356 3700 5429 περιιόν·

2050 5466 2179 5515 των,
2209 5449 2316 5504 τῶν
2346 5452 2406 5504 ἐν
2428 5448 2712 5517 σπηλαίοις
2727 5446 3022 5516 διαγόντων
3042 5447 3129 5500 διὰ
3165 5449 3256 5502 τὸν
3283 5446 3437 5501 Θεόν.

2112 5598 2134 5626 ε
2161 5596 2310 5646 Savil.
2362 5601 2414 5646 et
2435 5600 2645 5656 quatuor
2679 5611 2792 5646 mss.
2837 5596 2957 5644 ἀλλὰ
3003 5595 3145 5647 τοῦτο
3171 5596 3347 5654 μᾶλλον
3382 5596 3571 5644 πλείονα
3594 5589 3700 5652 ἡμῖν

2048 5658 2130 5714 τὴν
2151 5659 2350 5719 ἀγωνίαι
2371 5659 2626 5716 ἐμποιῆσαι
2648 5660 2910 5719 δυνήσεται.
