4084 6214
377 420 430 475 6.
471 415 658 488 lgitur,
677 415 887 483 dilecte,
909 413 1112 486 quando
1128 411 1336 469 videris
1358 415 1529 468 virum
1553 410 1640 464 vili
1666 418 1894 466 externo

310 509 494 564 habitu
533 508 804 575 vestitum,
854 507 1046 561 virtute
1075 519 1208 560 vero
1239 505 1566 560 intrinsecus
1614 502 1892 568 amictum,

306 617 376 656 ne
396 599 542 658 hunc
567 599 900 670 vilipenderis
940 605 1150 668 pr0pter
1202 597 1257 652 id
1311 595 1454 667 quod
1498 602 1718 664 apparet
1753 611 1766 646 :
1800 591 1895 647 sed

308 696 503 750 anima:
554 694 762 749 divitias
789 692 955 758 disce,
994 701 1046 747 et
1072 693 1339 746 internam
1396 689 1642 759 gloriam,
1686 697 1740 740 et
1769 695 1894 740 tunc

310 786 512 840 videbis
531 785 762 854 undique
796 784 1080 854 fulgentem
1101 783 1376 836 virtutem.
1406 779 1547 834 Talis
1571 787 1687 833 erat
1707 778 1894 831 beatus

308 877 470 942 Elias,
499 877 586 946 qui
628 877 883 931 melotem
917 885 1118 929 tantum
1162 873 1377 936 habuit;
1432 880 1486 926 et
1527 871 1615 940 qui
1659 883 1891 940 purpura

305 967 529 1020 vestitus
569 975 684 1020 erat
711 964 916 1030 Achab,
950 964 1092 1019 illius
1122 963 1320 1018 melote
1362 960 1650 1029 indigebat.
1705 956 1892 1012 Vidisti

303 1054 505 1111 Achabi
537 1055 792 1125 inopiam,
827 1055 954 1109 Elia:
998 1063 1172 1108 autem
1192 1053 1439 1107 divitias?
1486 1050 1616 1105 Vide
1642 1059 1695 1104 et
1721 1065 1891 1117 quan-

305 1155 416 1200 tum
443 1156 708 1215 potestate
751 1147 969 1200 distent.
1020 1145 1215 1200 Melote
1258 1143 1416 1212 hujus
1445 1142 1632 1196 caelum
1678 1139 1888 1205 clausit,

302 1235 602 1306 pluviarum
662 1235 981 1290 descensum
1039 1234 1295 1299 inhibuit;
1361 1234 1539 1302 lingua
1616 1230 1890 1302 preplieta:

304 1326 514 1383 frenum
558 1328 657 1384 fuit
711 1330 865 1394 caelo,
894 1328 1156 1398 annisque
1201 1328 1371 1382 tribus
1396 1335 1451 1380 et
1479 1339 1571 1379 sex
1616 1323 1892 1377 mensibus

303 1417 479 1486 pluvia
511 1433 616 1472 non
641 1417 736 1472 fuit
764 1437 777 1474 :
811 1419 897 1473 ille
925 1427 1124 1484 autem,
1171 1432 1403 1487 purpura
1425 1418 1652 1470 amictus
1676 1422 1731 1467 et
1774 1413 1891 1482 dia-

302 1510 512 1565 demate
541 1511 842 1578 redimitus,
882 1511 1196 1566 circumibat
1237 1521 1484 1578 quaerens
1533 1504 1845 1575 prephetam
1871 1543 1887 1569 ,

301 1610 358 1657 et
411 1601 541 1656 nihil
584 1603 714 1656 lucri
745 1618 811 1656 ex
854 1610 996 1655 tanta
1035 1610 1294 1668 potestate
1324 1597 1570 1651 habebat.
1625 1595 1888 1652 Cancrum

300 1693 424 1749 vide
455 1694 662 1749 Domini
683 1692 1040 1748 clementiam.
1071 1690 1202 1758 Quia
1227 1689 1355 1742 vidit
1379 1687 1692 1758 prephetam
1724 1686 1889 1740 multo

301 1785 417 1839 zelo
434 1795 488 1839 et
509 1784 716 1838 fervore
746 1783 967 1850 moveri,
990 1791 1042 1836 et
1060 1797 1299 1851 magnam
1322 1782 1457 1834 lianc
1484 1794 1693 1849 poenam
1709 1776 1889 1834 inferri

302 1884 488 1930 contra
520 1882 683 1926 totam
715 1882 928 1940 terram,
950 1889 1015 1927 ne
1043 1881 1097 1927 et
1142 1871 1254 1940 ipse
1281 1871 1439 1925 simul
1490 1870 1542 1923 in
1574 1867 1889 1937 supplicium

304 1965 566 2020 incideret
589 1980 710 2018 cum
769 1965 894 2029 illis,
940 1972 994 2017 et
1026 1977 1208 2016 eorum
1231 1961 1478 2029 nequitia:
1509 1974 1690 2027 poenas
1717 1956 1889 2021 daret,

305 2054 435 2110 dicit
461 2055 509 2110 ei
537 2070 550 2108 :
581 2054 766 2124 Surge,
792 2063 839 2108 et
878 2053 1002 2107 vade
1044 2053 1096 2105 in
1136 2051 1356 2121 Sarepta
1398 2049 1746 2104 Sidoniorum.
1774 2045 1891 2099 Illic

304 2147 437 2200 enim
467 2146 760 2216 prwcipiam
787 2143 988 2198 mulieri
1001 2143 1182 2206 vidule,
1207 2151 1258 2195 ut
1276 2151 1324 2195 te
1345 2147 1538 2211 pascat.
1565 2138 1627 2192 Et
1653 2137 1889 2200 surrexit,

301 2247 350 2292 et
361 2237 479 2290 abiit
497 2239 574 2307 (5.
596 2237 720 2308 Reg.
743 2237 826 2291 17.
845 2233 1157 2307 9.10).Vide
1168 2233 1396 2304 Spiritus
1417 2232 1660 2303 gratiam,
1679 2229 1889 2283 dilecte.

302 2329 514 2384 Etenim
541 2339 594 2384 et
625 2328 738 2384 heri
757 2328 909 2383 nobis
940 2337 1080 2383 totus
1111 2341 1290 2382 sermo
1315 2326 1456 2380 circa
1478 2321 1890 2392 hospitalitatem

303 2421 603 2490 insumptus
631 2429 732 2486 est,
773 2430 826 2475 et
852 2419 1010 2474 hodie
1051 2418 1326 2488 hospitalis
1355 2416 1454 2470 ista
1485 2416 1638 2469 vidua
1673 2413 1747 2485 (α)
1773 2427 1892 2466 ser-

301 2528 514 2568 monem
569 2522 806 2568 nostrum
839 2512 1142 2582 complebit.
1181 2511 1248 2564 Et
1279 2511 1431 2577 venit,
1481 2509 1682 2579 inquit,
1713 2508 1782 2559 ad
1817 2507 1890 2558 vi-

300 2605 477 2673 duum,
501 2617 547 2660 et
576 2606 759 2660 invenit
797 2621 906 2659 eam
927 2605 1245 2676 colligentem
1268 2604 1426 2673 ligna,
1455 2611 1500 2655 et
1535 2601 1656 2654 dicit
1685 2601 1730 2652 ei
1756 2616 1775 2652 :
1807 2598 1891 2653 Da

299 2697 425 2750 milii
463 2713 642 2767 parum
663 2712 827 2765 aquw,
857 2707 904 2750 et
935 2697 1117 2750 bibam.
1150 2695 1240 2750 Illa
1289 2693 1543 2748 obedivit.
1581 2693 1642 2746 Et
1672 2691 1800 2745 dixit
1822 2691 1890 2743 ad

302 2807 410 2845 eam
431 2790 611 2844 iterum
637 2806 652 2844 :
674 2789 923 2844 Facmilii
970 2789 1328 2844 subcinericios
1369 2805 1542 2858 panes,
1565 2796 1609 2840 et
1631 2785 1890 2839 comedam

301 2881 478 2952 (Ibid.
507 2897 554 2936 υ.
606 2882 725 2954 Η).
782 2883 870 2936 llta
919 2897 1042 2936 vero
1086 2891 1267 2949 postea
1313 2879 1510 2948 detegit
1553 2878 1890 2932 immodicam

300 2987 453 3026 suam
465 2981 776 3042 egestatem,
798 2972 904 3025 imo
920 2971 1300 3025 inenarrabiles
1315 2967 1734 3036 divitiaslllagna
1748 2968 1888 3021 enim

301 3070 585 3132 paupertas
615 3061 814 3117 indicat
844 3061 1149 3115 divitiarum
1187 3060 1326 3114 illius
1353 3057 1788 3130 magnitudinem.
1824 3057 1891 3110 Et

301 3155 430 3209 dicit
457 3172 471 3208 :
504 3153 624 3209 Non
660 3165 734 3209 est
772 3155 972 3208 ancilla:
998 3164 1098 3208 tua:
1121 3155 1218 3208 nisi
1262 3154 1482 3224 pugillus
1504 3153 1705 3222 [ai-ium,
1730 3162 1774 3206 et
1797 3169 1892 3223 pa-

301 3263 415 3300 rum
435 3247 531 3300 olei
555 3248 606 3300 in
632 3247 900 3315 culp/tom,
929 3256 974 3300 et
1002 3231 1318 3300 comedemus
1346 3263 1436 3316 ego
1458 3256 1504 3298 et
1535 3248 1699 3316 pueri,
1716 3254 1762 3298 et
1779 3263 1891 3299 mo-

301 3337 490 3390 riemur
523 3336 682 3408 (Ibid.
729 3354 776 3391 v.
809 3337 922 3408 12).
966 3337 1281 3392 Miserabilia
1318 3337 1478 3391 verba
1503 3378 1516 3401 ,
1558 3352 1677 3406 qua:
1721 3337 1891 3406 ipsam

301 3430 562 3500 lapideam
597 3433 826 3486 animam
882 3430 1153 3486 inﬂectere
1183 3441 1418 3500 possent.
1471 3429 1621 3484 Nulla
1672 3431 1893 3499 posthac

301 3522 458 3576 nobis
494 3536 617 3592 spes
663 3523 868 3576 salutis.
900 3522 1041 3576 Mors
1073 3524 1124 3576 in
1167 3521 1372 3576 foribus
1410 3530 1511 3576 est.
1565 3521 1677 3576 lloc
1719 3523 1889 3577 solum

301 3616 457 3671 nobis
486 3617 730 3672 relictum
781 3627 863 3672 est
893 3617 959 3670 ad
992 3619 1173 3682 vitam,
1208 3618 1346 3687 quod
1374 3619 1461 3671 vix
1505 3618 1734 3672 sufficiet
1761 3618 1890 3673 mihi

301 3717 357 3762 et
384 3707 636 3775 puerulis.
663 3707 717 3761 Id
741 3707 884 3776 quod
902 3716 1015 3762 erat
1043 3709 1093 3760 in
1122 3723 1238 3761 mea
1267 3717 1528 3775 potestate
1551 3709 1670 3769 feci;
1700 3725 1890 3776 aquam

301 3798 713 3854 communicavi.
746 3798 944 3852 Verum
987 3807 1046 3851 ut
1073 3799 1340 3851 discamus
1368 3808 1420 3851 et
1450 3799 1685 3851 mulieris
1708 3799 1892 3867 hospi-

303 3893 583 3957 talitatem,
616 3901 671 3948 et
693 3891 820 3961 justi
851 3906 1098 3961 magnam
1144 3891 1425 3956 fiduciam,
1458 3890 1579 3944 vide
1617 3889 1741 3960 quid
1780 3890 1888 3943 fiat.

303 3983 404 4040 Ubi
436 3985 693 4055 propheta
740 3983 1022 4054 diligenter
1057 3983 1171 4038 lure
1199 3983 1374 4036 omnia
1397 3983 1599 4046 didicit,
1649 3993 1704 4036 ut
1747 3983 1894 4037 dete-

302 4084 455 4146 geret
477 4076 629 4132 nobis
654 4077 903 4130 virtutem
935 4075 1170 4132 mulieris
1196 4075 1337 4148 (nam
1373 4074 1511 4130 Deus
1541 4075 1630 4144 qui
1656 4075 1888 4129 dixerat:

307 4166 538 4238 Pra’cepi
562 4166 785 4234 mulieri,
806 4175 861 4219 ut
883 4174 930 4220 te
955 4176 1129 4237 pascat
1151 4165 1314 4236 (Ibid.
1335 4182 1382 4220 υ.
1416 4166 1496 4237 9),
1532 4167 1642 4235 ipse
1663 4175 1778 4220 crat
1803 4167 1893 4234 qui

305 4267 432 4314 tunc
475 4273 570 4328 per
600 4258 912 4328 pr0phetam
935 4258 1256 4327 Operabatur
1276 4263 1315 4328 ),
1346 4257 1474 4312 dicit
1497 4257 1544 4311 ei
1575 4271 1588 4310 :
1624 4255 1733 4309 Fac
1768 4255 1894 4309 mihi

304 4353 544 4422 priurum,
574 4359 621 4402 et
639 4349 918 4416 comedam,
948 4361 992 4404 et
1014 4359 1131 4404 tunc
1155 4351 1276 4418 ﬁliis
1301 4351 1418 4404 luis.
1445 4350 1659 4413 Audite,
1697 4350 1890 4404 mulie-

307 4458 412 4508 res,
441 4456 560 4511 qua:
585 4439 783 4495 divitiis
811 4439 1050 4508 aflluilis,
1082 4451 1136 4496 ct
1161 4441 1214 4495 in
1247 4442 1412 4495 multa
1450 4441 1656 4496 inutilia
1688 4452 1893 4497 vestras

305 4532 588 4587 facultates
617 4531 904 4598 insumitis,
932 4547 995 4586 ac
1033 4543 1152 4602 post
1200 4533 1285 4586 illa
1316 4533 1492 4587 omnia
1539 4533 1672 4588 duos
1707 4533 1895 4588 obolos

304 4622 686 4693 indigentibus,
711 4623 793 4678 vel
810 4623 924 4677 viro
948 4625 1176 4694 cuipiam
1200 4626 1398 4680 virtute
1424 4626 1648 4696 prmdito
1675 4637 1897 4697 propter

310 4715 476 4770 Deum
499 4729 689 4785 egeno,
724 4715 1032 4784 impendere
1075 4731 1182 4771 non
1209 4719 1388 4773 vultis.
1421 4718 1524 4773 ista
1555 4729 1732 4775 autem
1759 4721 1896 4775 nihil

306 4805 497 4860 horum
517 4806 817 4876 possidens,
843 4807 938 4862 sed
963 4815 1162 4861 tantum
1186 4810 1438 4880 pugillum
1455 4811 1662 4878 farinzn,
1689 4823 1737 4868 et
1768 4827 1899 4882 pau-

307 4899 361 4953 lo
399 4909 521 4970 post
560 4899 852 4956 secundum
884 4915 1034 4954 suam
1060 4900 1364 4969 opinionem
1396 4904 1623 4960 filiorum
1667 4915 1896 4960 mortem

310 5002 630 5062 spectatura,
663 5004 720 5050 ut
744 4994 948 5049 audivit
968 5009 999 5049 a
1031 4993 1289 5064 propinata
1319 5013 1332 5048 :
1365 4995 1475 5050 Fac
1498 4999 1623 5052 milii
1648 5000 1892 5069 primum,

309 5095 356 5139 et
385 5095 502 5140 tunc
532 5087 620 5141 tibi
647 5097 694 5141 et
725 5087 948 5157 puerulis
979 5087 1078 5140 tuis
1105 5102 1124 5139 :
1152 5101 1260 5140 non
1289 5103 1429 5156 :cgre
1455 5091 1590 5155 tulit,
1624 5105 1729 5145 non
1760 5105 1893 5144 cun-

311 5187 450 5232 ctata
493 5186 596 5241 est,
647 5179 740 5233 sed
782 5177 906 5234 fecit
931 5180 1187 5248 imperata
1217 5195 1232 5232 :
1263 5178 1513 5233 erudiens
1548 5197 1736 5236 omnes
1776 5196 1895 5248 nos,

313 5268 677 5338 przeferendos
697 5280 891 5324 nostra:
921 5269 1294 5326 refocillationi
1325 5285 1511 5324 servos
1543 5273 1634 5325 Dei
1669 5289 1682 5324 :
1713 5281 1769 5327 et
1790 5288 1896 5326 non

317 5368 516 5416 temere
540 5361 660 5415 talia
680 5361 821 5416 lucra
842 5361 1227 5432 prmtcreunda,
1244 5361 1339 5416 sed
1362 5362 1738 5417 attendendum
1752 5363 1895 5417 mul-

318 5463 423 5506 tam
452 5453 576 5509 hinc
599 5454 754 5509 nobis
785 5454 1011 5509 futuram
1055 5469 1175 5510 esse
1212 5453 1538 5509 mercedem.
1571 5453 1706 5509 Vide
1738 5454 1898 5524 igitur

380 5607 455 5672 (α)
486 5617 616 5659 Hanc
635 5617 938 5674 Sareptanam
974 5608 1168 5674 viduam,
1185 5608 1680 5674 pluribushcelehrat
1699 5609 1898 5674 chryso-

316 5679 503 5784 sﬁutoémis
523 5679 668 5722 Temo
691 5671 921 5740 ttt'supra
943 5675 989 5724 in
1019 5671 1220 5725 Homilia
1242 5673 1306 5723 de
1336 5671 1474 5724 ttelia
1514 5677 1566 5722 et
1603 5671 1747 5724 vidua
1774 5671 1900 5724 circa

1301 315 1364 371 IN
1402 312 1555 369 CM’.
1598 311 1786 368 XV’lll.
1826 310 2074 369 GENES.
2122 313 2354 369 llOMlL.
2398 313 2560 370 XLll.

3486 325 3591 383 5M

2002 409 2141 464 hanc
2173 408 2416 476 viduam,
2460 427 2556 480 pro
2595 411 2789 481 pugillo
2810 412 3028 480 farina},
3093 424 3149 472 et
3188 418 3423 486 pauxillo
3468 421 3590 476 oleo

2001 499 2269 568 quomodo
2295 509 2607 570 perpetuum
2644 500 2895 557 horreum
2943 505 3044 560 sibi
3075 511 3464 578 comparaverit
3498 500 3586 580 (Ei

1999 593 2130 664 Reg.
2163 593 2250 646 l7.
2276 593 2384 662 M)-
2411 593 2543 648 Nam
2571 605 2850 666 postquam
2879 599 3018 666 pavit
3047 602 3589 686 propltctamhncque

2001 683 2226 752 pugillus
2255 682 2436 738 farina!
2463 685 2672 750 defecit,
2713 703 2884 757 neque
2912 689 3169 759 amphora
3212 693 3338 759 olei,
3363 682 3482 749 cum
3507 698 3588 751 in-

2003 775 2155 827 terim
2184 773 2320 830 fame
2354 785 2491 829 terra
2529 778 2702 831 omnis
2735 791 3162 838 consumeretur.
3195 784 3288 837 Est
3317 796 3490 841 autem
3533 801 3589 843 ct

1999 864 2102 920 hoc
2129 866 2438 922 admirabile
2472 876 2525 921 et
2563 867 2881 938 stupendum
2931 887 3048 925 eam
3099 889 3269 943 neque
3316 875 3587 933 laboribus

1999 963 2180 1022 postea
2209 970 2343 1024 opus
2369 957 2650 1021 habuisse,
2684 959 2775 1013 sed
2816 969 3055 1029 paratum
3115 973 3372 1033 perpetuo
3424 966 3588 1023 fuisse

1996 1044 2220 1098 farinam
2276 1056 2330 1100 et
2371 1047 2568 1115 oleum,
2607 1059 2661 1103 et
2704 1066 2875 1120 neque
2909 1053 3230 1123 agricultura
3275 1057 3584 1127 indiguiss«-,

1998 1151 2172 1204 neque
2220 1136 2381 1190 boum
2433 1142 2846 1209 cooperatione,
2903 1158 3078 1213 neque
3127 1146 3232 1200 ulla
3279 1147 3380 1200 alia
3422 1164 3583 1213 cura;

1995 1228 2090 1282 sed
2118 1229 2297 1283 videre
2327 1238 2443 1283 erat
2490 1233 2668 1284 omnia
2701 1245 2893 1300 prmter
2948 1246 3194 1291 naturam
3239 1241 3474 1295 evenire.
3518 1243 3587 1300 Et

1996 1333 2116 1372 cum
2165 1335 2280 1385 rex,
2313 1321 2400 1388 qui
2440 1335 2690 1375 coronam
2719 1325 2888 1392 capite
2915 1327 3176 1394 gestabat,
3205 1331 3394 1385 anxius
3420 1344 3584 1403 esset,

1997 1417 2052 1460 et
2101 1407 2240 1462 fame
2282 1409 2583 1477 laboraret,
2631 1412 2785 1482 inops
2825 1414 2977 1468 vidua
3019 1417 3266 1471 onmibus
3307 1421 3581 1488 destituta,

1996 1497 2118 1565 quia
2144 1499 2452 1567 prophetam
2473 1513 2800 1571 susceperat,
2830 1505 2881 1558 in
2913 1514 3219 1575 perpetuam
3244 1511 3384 1564 venit
3412 1511 3584 1567 abun-

1995 1586 2249 1640 dantiam.
2282 1589 2567 1658 Propterea
2598 1591 2915 1647 etCln-istus
2931 1594 3140 1650 dicebat
3171 1615 3183 1650 :
3217 1598 3318 1664 Qui
3345 1617 3577 1671 suscepe-

1993 1678 2058 1730 rit
2097 1680 2393 1747 prop/ictam
2439 1681 2490 1733 in
2533 1683 2732 1735 nomine
2752 1684 3031 1752 prop/cette,
3059 1689 3334 1743 mercedem
3362 1695 3582 1762 prophe-

1995 1780 2059 1824 ta:
2087 1772 2291 1843 recipiet
2323 1770 2535 1844 (Matth.
2572 1768 3260 1848 10.“).Vidistiheriquid
3279 1785 3578 1850 patriarcha

1994 1866 2249 1920 meruerit
2274 1865 2421 1936 larga
2448 1881 2546 1921 sua
2576 1865 2939 1938 hospitalitate
2994 1878 3048 1922 et
3064 1867 3262 1924 fervida
3284 1870 3577 1927 alacritate:

1994 1947 2115 2002 vide
2139 1959 2192 2003 et
2215 1966 2362 2004 nunc
2393 1953 2528 2004 hanc
2557 1952 2832 2009 Sidoniam
2862 1968 3084 2026 repente
3106 1959 3346 2029 ingentes
3371 1961 3584 2018 divitias

1997 2040 2375 2108 possidentem.
2399 2043 2598 2112 Lingua
2617 2046 2755 2098 enim
2775 2049 3048 2118 propheta:
3069 2067 3186 2119 qum
3205 2053 3318 2106 caeli
3348 2053 3583 2110 habenas

1996 2131 2391 2197 moderabatur,
2422 2133 2544 2189 fecit
2570 2145 2626 2189 ut
2652 2137 2837 2193 farina:
2859 2141 3086 2209 pugillus
3111 2153 3164 2196 et
3190 2145 3294 2198 olei
3320 2147 3578 2216 amphora

1992 2221 2188 2292 jugiter
2239 2225 2576 2280 scaturirent.

1979 2361 1983 2368 .
2069 2318 2121 2370 7.
2165 2316 2384 2371 Moralis
2413 2320 2787 2373 exliortalio.~——
2812 2321 2960 2377 llanc
3008 2339 3196 2379 omnes
3231 2327 3507 2383 imitentur
3529 2340 3584 2385 ct

1996 2411 2093 2464 viri
2123 2419 2177 2464 et
2200 2411 2470 2465 mulieres.
2503 2411 2614 2481 Ego
2636 2414 2848 2481 quidem
2877 2415 3065 2470 vellem
3099 2432 3190 2472 vos
3213 2420 3278 2473 ad
3311 2422 3583 2490 propheta:

1994 2502 2186 2567 zelum,
2216 2513 2269 2556 et
2291 2501 2356 2555 ad
2384 2501 2498 2571 ejus
2527 2502 2736 2556 virtutis
2762 2505 3110 2560 imitationem
3142 2508 3406 2564 deducere
3439 2527 3452 2562 :
3486 2514 3580 2567 sed

1993 2597 2113 2664 quia
2138 2594 2238 2648 hoc
2259 2611 2544 2651 onerosum
2591 2596 2742 2652 vobis
2795 2598 3006 2653 videtur
3049 2615 3188 2666 esse,
3241 2606 3485 2672 quamvis
3527 2617 3583 2661 et

1994 2688 2083 2742 ille
2113 2688 2272 2742 homo
2301 2697 2435 2754 erat,
2465 2705 2790 2761 carnemque
2835 2694 2973 2747 sicut
3007 2708 3104 2750 nos
3148 2695 3579 2762 circumferebat,

1993 2789 2048 2835 et
2069 2780 2310 2834 eamdem
2336 2796 2492 2850 quam
2535 2797 2634 2836 nos
2675 2782 2901 2838 habebat
2929 2794 3171 2841 naturam
3206 2807 3218 2844 :
3249 2804 3431 2844 verum
3459 2793 3580 2858 quia

1994 2888 2111 2942 qua}
2138 2887 2231 2926 sua
2253 2882 2405 2928 erant
2431 2875 2858 2945 largiterattulit,
2888 2889 3046 2948 atque
3097 2881 3343 2937 virtutem
3371 2885 3580 2953 ample-

1995 2971 2148 3017 xatus
2177 2973 2279 3031 est,
2312 2980 2596 3034 supernam
2629 2984 2838 3038 quoque
2862 2972 3084 3040 gratiam
3113 2985 3430 3044 asseqnntus
3459 2986 3577 3041 est;

1993 3065 2244 3110 Ctlllel‘llnl
2274 3057 2484 3112 interim
2527 3076 2626 3114 nos
2669 3062 2749 3115 vel
2783 3063 3066 3118 mulierem
3117 3067 3254 3120 hanc
3290 3066 3579 3134 imitemur,

1995 3157 2049 3203 et
2073 3149 2149 3202 sic
2171 3150 2424 3218 paulatim
2455 3167 2520 3206 eo
2549 3153 2843 3221 veniemus,
2888 3159 3124 3211 utetiam
3156 3159 3428 3228 pl‘OpltCla:
3459 3161 3563 3215 imi-

1996 3249 2194 3295 tatores
2216 3241 2396 3296 simus.
2434 3241 2770 3299 Emulemur
2801 3246 2976 3316 itaque
3004 3249 3118 3317 ejus
3145 3249 3579 3318 hoSpitalitatcm,

1995 3344 2051 3389 et
2095 3336 2271 3391 nullus
2309 3335 2530 3406 prs-Iliae
2562 3339 2792 3408 inopiam
2822 3351 3098 3408 prretexat.
3124 3343 3254 3396 Nam
3296 3355 3582 3412 quantum-

1994 3428 2075 3483 vis
2104 3429 2258 3498 inops
2288 3431 2358 3484 si.
2403 3431 2613 3500 aliquis,
2651 3449 2753 3486 non
2801 3436 2900 3487 erit
2942 3433 3040 3488 hac
3089 3435 3351 3505 egentior,
3377 3438 3460 3492 cui
3516 3437 3581 3491 ad

1996 3534 2157 3572 unum
2193 3528 2394 3573 tantu‘n
2441 3521 2580 3575 diem
2633 3531 2748 3576 (Ἶίιι
2796 3523 3150 3578 alimentum:
3183 3535 3238 3580 et
3285 3541 3458 3596 neque
3506 3527 3585 3581 sic

1995 3607 2093 3662 fuit
2120 3611 2332 3678 segnior
2359 3611 2423 3665 ad
2452 3612 2758 3680 petitionem
2792 3615 3088 3683 prophetae,
3132 3617 3225 3670 sed
3257 3632 3443 3686 magna
3470 3618 3582 3670 ala-

1996 3701 2186 3754 critate
2211 3702 2258 3754 ei
2289 3704 2480 3769 paruit,
2533 3713 2587 3757 et
2618 3705 2916 3759 mercedem
2955 3708 3196 3774 protinus
3233 3711 3454 3777 recepit.
3483 3711 3586 3762 Ta-

1997 3792 2065 3844 lia
2095 3791 2404 3856 enimsunt,
2446 3809 2562 3860 quae
2589 3809 2618 3845 a
2666 3796 2772 3846 Deo
2805 3797 2952 3848 liunt.
3001 3797 3114 3848 Mos
3144 3798 3192 3850 ei
3219 3797 3348 3851 dare
3393 3814 3582 3867 magna

2000 3896 2096 3950 pro
2118 3881 2312 3950 parvis.
2341 3881 2476 3948 Quid
2503 3882 2664 3946 enim,
2696 3883 2802 3948 dic,
2828 3899 2942 3951 oro,
2969 3894 3168 3939 tantum
3191 3888 3384 3956 attulit,
3410 3906 3580 3958 quan-

1999 3982 2109 4028 tum
2151 3971 2404 4041 accepit?
2461 3972 2655 4026 Verum
2716 3975 2973 4030 Dominus
3015 3985 3197 4031 noster
3243 3994 3344 4033 non
3390 3991 3585 4049 quanta

1997 4066 2191 4121 dentur
2235 4063 2512 4121 consuevit
2552 4067 2848 4134 attendere,
2899 4069 2992 4123 sed
3045 4070 3331 4125 voluntatis
3372 4073 3587 4144 largita-

2000 4167 2142 4223 tem;
2188 4169 2242 4212 ct
2290 4158 2358 4213 ab
2405 4159 2504 4213 hac
2529 4176 2648 4229 quae
2679 4175 2837 4230 parva
2883 4172 3006 4217 sunt
3031 4179 3218 4234 magna
3264 4166 3582 4232 redduntur,

1998 4258 2052 4305 et
2077 4264 2264 4319 magna
2306 4265 2450 4319 saepe
2501 4251 2622 4306 vilia
2653 4251 2987 4320 efficiuntur,
3041 4256 3253 4326 quando
3295 4273 3399 4311 non
3428 4257 3583 4313 hilari

1998 4353 2177 4407 animo
2215 4369 2333 4422 quae.
2381 4355 2514 4409 ﬁunt
2567 4365 2909 4425 peraguntur.
2965 4357 3260 4426 EaprOpter
3290 4357 3445 4411 vidua
3498 4357 3585 4411 illa

1999 4444 2324 4514 evangelica,
2350 4446 2532 4500 multis
2571 4447 2735 4501 multa
2773 4447 2840 4501 in
2870 4448 3303 4520 gazophylacium
3331 4450 3590 4504 mittenti-

1999 4537 2118 4600 bus.
2174 4537 2422 4608 projectis
2471 4538 2681 4593 duobus
2709 4541 2925 4594 minutis
2953 4555 3138 4594 omnes
3162 4541 3286 4594 vicit
3313 4540 3463 4610 (Luc.
3491 4541 3582 4596 21.

2000 4630 2052 4684 '5.
2082 4630 2156 4698 4),
2189 4646 2292 4684 non
2324 4630 2466 4698 quod
2512 4631 2793 4685 immiserit
2820 4633 2968 4701 plura
2989 4633 3128 4698 aliis,
3158 4634 3252 4688 sed
3283 4633 3425 4704 quod
3453 4635 3586 4689 Iibe-

1999 4722 2251 4777 raliorem
2299 4722 2625 4778 voluntatem
2675 4723 2991 4778 ostenderit.
3025 4725 3129 4779 Alii
3175 4727 3348 4789 enim,
3396 4727 3584 4794 inquit,

2001 4829 2069 4869 ex
2116 4831 2180 4869 eo
2207 4814 2346 4884 quod
2384 4815 2484 4870 sibi
2527 4816 2833 4871 abundabat
2863 4818 3254 4890 eleemosynam
3277 4818 3587 4887 erogabant,

2002 4905 2101 4959 ista
2126 4914 2303 4959 autent
2364 4906 2543 4959 omnia
2593 4924 2942 4978 qumcutttque
2992 4911 3298 4980 possidebat
3348 4908 3583 4962 immisit.

2002 4997 2225 5052 Omnem
2279 4997 2423 5051 enim
2449 4998 2644 5052 victum
2691 5015 2865 5065 suum,
2902 5003 3089 5072 inquit,
3134 5003 3332 5072 injecit.

2077 5089 2408 5161 Elcemosyna
2430 5091 2924 5162 eroganda.—-Ergo
2942 5095 3190 5147 mulieres
3211 5093 3398 5146 saltem
3425 5091 3590 5144 imite-

2004 5198 2122 5236 mur
2143 5182 2264 5247 viri,
2283 5191 2333 5238 et
2348 5199 2450 5236 non
2471 5183 2837 5240 inferioreseis
2854 5185 3151 5238 videamur:
3173 5183 3265 5237 sed
3284 5183 3592 5236 Studeamus

2004 5289 2110 5328 non
2130 5275 2304 5329 solum
2323 5275 2388 5329 ad
2424 5285 2666 5330 nostrum
2693 5291 2846 5330 usum
2874 5290 3086 5328 onmem
3113 5273 3461 5328 substantiam
3494 5290 3593 5326 nn-

2005 5375 2170 5418 stram
2200 5364 2530 5432 impendere,
2571 5365 2665 5418 sed
2707 5373 2762 5418 et
2804 5378 3092 5432 egenorum
3120 5379 3367 5434 magnam
3397 5363 3595 5418 habere

2005 5469 2222 5519 curam,
2273 5453 2434 5523 idque
2473 5469 2593 5508 cum
2639 5452 2913 5507 alacritate
2962 5462 3017 5508 et
3053 5454 3338 5511 hilaritate.
3383 5454 3593 5509 Etenim

2007 5544 2236 5615 agricola
2254 5528 2420 5598 terra:
2458 5542 2790 5599 concredens
2815 5543 3040 5612 semina,
3069 5561 3175 5600 non
3216 5544 3317 5602 hoc
3343 5559 3468 5600 cum
3497 5544 3595 5598 tri-

2007 5637 2149 5692 stitia
2175 5635 2319 5704 facit,
2348 5635 2441 5692 scd
2471 5635 2708 5707 gaudens
2755 5645 2810 5692 et
2837 5635 3189 5705 hetabundus,
3226 5647 3280 5694 et
3308 5638 3458 5710 quasi
3483 5636 3610 5713 jam.

2011 5743 2106 5802 spe
2129 5729 2427 5802 manipulos
2449 5727 2629 5787 videre
2653 5743 2712 5788 sc
2737 5728 3068 5803 existimans,
3097 5729 3150 5787 in
3181 5739 3322 5789 terra
3346 5723 3595 5784 seminat.
