4072 6216
643 374 750 434 395

648 489 712 543 Et
744 497 822 554 tu,
854 485 1066 550 dilecte,
1103 499 1170 538 ne
1208 481 1379 537 solum
1408 477 1709 547 respexeris
1737 475 1800 529 ad
1831 489 1952 530 eum
1980 473 2068 544 qui
2098 469 2232 526 reci-

649 577 744 647 pit.
774 592 947 647 neque
981 575 1047 630 ad
1087 581 1327 641 sumptus
1353 569 1441 640 qui
1490 567 1657 631 ﬁunt;
1705 565 1796 622 sed
1835 565 2040 637 cogita,
2087 562 2237 618 illum

645 669 862 739 quidem
890 669 979 738 qui
1009 683 1036 720 a
1069 676 1119 719 te
1145 665 1335 733 accipit
1380 677 1499 718 esse
1523 660 1786 716 visibilem
1807 701 1820 723 ,
1861 659 2024 712 alium
2057 666 2234 712 autem

646 775 768 829 qua:
794 761 844 814 in
867 760 1014 813 illum
1049 757 1201 817 fiunt,
1231 755 1332 810 sibi
1370 754 1506 809 facta
1535 753 1850 814 declarare;
1885 767 2058 820 neque
2086 751 2234 804 illum

646 852 916 918 vulgarem
956 847 1259 918 quempiam
1314 861 1466 912 esse,
1515 844 1610 900 sed
1653 844 1887 898 omnium
1932 842 2230 906 Dominum,

645 939 759 994 caeli
799 950 1062 1008 terrisque
1103 936 1478 1000 Conditorem;
1508 943 1562 990 et
1601 942 1870 1003 sumptum
1902 933 2047 986 illum
2097 932 2236 986 redi-

645 1039 796 1084 tuum
823 1028 999 1083 locum
1029 1029 1291 1093 obtinere,
1323 1041 1422 1082 nec
1461 1026 1635 1081 διιιιιηι
1677 1040 1780 1078 non
1824 1025 2064 1078 minuere
2103 1025 2233 1077 sub-

643 1119 893 1173 stantiam
923 1126 1089 1186 tuam,
1118 1118 1210 1173 sed
1239 1133 1434 1189 augere
1459 1117 1623 1187 magis
1661 1116 1704 1169 si
1748 1131 1870 1169 cum
1900 1114 2002 1169 ﬁde
2032 1125 2083 1169 et
2123 1114 2228 1166 ala-

641 1209 830 1263 critate
876 1207 977 1263 hoc
1007 1207 1215 1264 feceris.
1260 1206 1467 1263 Addam
1514 1207 1565 1260 id
1608 1205 1746 1276 quod
1789 1205 2111 1274 prmcipuum
2154 1214 2231 1260 csl

643 1298 840 1353 bonum
865 1316 878 1352 :
913 1309 1107 1370 pra-ter
1136 1300 1232 1354 hos
1264 1299 1464 1354 reditus
1493 1307 1546 1353 et
1588 1297 1752 1364 lucra,
1783 1313 1900 1366 qme
1929 1313 1993 1352 ex
2020 1307 2231 1367 sumptu

645 1399 920 1456 parantur,
956 1399 1169 1459 peccata
1199 1389 1359 1444 etiam
1387 1388 1754 1444 condonantur
1786 1405 1798 1442 :
1826 1389 1909 1442 cui
1939 1389 2079 1442 bono
2107 1387 2232 1458 quid

645 1492 740 1548 par
767 1493 886 1534 esse
913 1482 1143 1549 poterit?
1186 1481 1242 1535 Si
1275 1479 1432 1551 igitur
1459 1480 1704 1534 volumus
1733 1493 1860 1534 vcre
1897 1479 2230 1548 locupletari,

644 1579 847 1625 etcum
876 1570 1071 1626 divitiis
1111 1572 1271 1627 etiam
1307 1580 1643 1641 peccatorum
1688 1569 1925 1624 invenire
1967 1568 2232 1624 remissio-

645 1678 791 1727 nem,
833 1663 1165 1720 eﬁ'undamus
1213 1680 1299 1720 res
1340 1673 1548 1719 nostras
1598 1663 1649 1718 in
1694 1677 1983 1733 egenorum
2021 1677 2230 1728 manus,

645 1753 1031 1822 prmmittamus
1057 1770 1149 1811 eas
1181 1756 1234 1811 in
1261 1756 1472 1822 eielum,
1507 1755 1594 1810 tibi
1627 1769 1798 1824 neque
1828 1754 1925 1818 fur,
1960 1769 2132 1824 neque
2153 1755 2230 1808 la-

647 1853 752 1910 tro,
785 1860 959 1914 neque
990 1847 1247 1916 parietum
1290 1846 1533 1912 elfossor,
1578 1859 1750 1914 neque
1792 1843 1972 1898 famuli
2011 1845 2230 1912 malitia,

645 1949 819 2004 neque
847 1935 990 1990 aliud
1019 1937 1305 2007 quidquam
1349 1951 1543 1992 nocere
1571 1937 1763 2006 pulerit
1789 1935 1985 1989 divitiis
2017 1936 2228 1990 nostris.

645 2024 812 2096 Regio
839 2027 979 2082 enim
1010 2029 1094 2083 illa
1137 2029 1384 2083 omnibus
1429 2027 1725 2083 istiusmodi
1756 2026 1964 2082 damnis
1993 2027 2233 2098 superior

644 2127 746 2171 est.
775 2117 1001 2173 Tantum
1030 2135 1096 2174 ne
1125 2135 1312 2174 vanam
1340 2120 1560 2190 gloriam
1592 2129 1877 2178 sectemur,
1907 2119 1999 2174 sed
2039 2134 2232 2188 sequa-

646 2224 770 2264 mur
797 2210 941 2280 lcges
977 2226 1006 2263 a
1051 2210 1261 2265 Christo
1307 2211 1546 2277 traditas,
1595 2220 1649 2265 ut
1687 2226 1791 2265 non
1828 2211 1894 2265 ab
1935 2210 2234 2264 hominibus

644 2301 831 2358 laudes
855 2303 1230 2372 percipiamus,
1255 2303 1348 2358 sed
1370 2319 1398 2356 τι
1425 2301 1694 2358 communi
1721 2300 1958 2354 omnium
1988 2301 2231 2367 Domino,

645 2409 713 2449 ne
741 2403 794 2448 et
834 2403 1076 2465 sumptus
1119 2393 1375 2449 faciamus
1401 2436 1415 2457 ,
1465 2403 1519 2448 et
1562 2394 1710 2448 lucro
1753 2391 2122 2447 destituamur.
2166 2390 2235 2445 Ut

642 2484 785 2539 enim
813 2484 881 2540 ab
910 2483 1114 2539 insidiis
1139 2483 1257 2538 aliis
1281 2484 1529 2537 onmibus
1570 2491 1696 2536 tutas
1735 2490 1858 2535 sunt
1901 2481 2097 2536 divitiae
2141 2495 2236 2549 per

643 2592 831 2632 manus
861 2591 1153 2645 pauperum
1181 2589 1247 2629 eo
1277 2574 1566 2639 translata‘,
1609 2573 1678 2626 ita
1719 2587 1814 2641 per
1845 2586 2033 2626 vanam
2063 2571 2233 2626 solum

645 2666 864 2736 gloriam
903 2663 1291 2729 absumuntur;
1343 2672 1482 2717 etut
1527 2664 1666 2718 tinea
1710 2672 1765 2717 et
1800 2676 2009 2717 vermes
2055 2671 2234 2718 vestes

644 2762 1014 2823 corrumpunt,
1059 2755 1130 2808 ita
1178 2763 1232 2809 et
1271 2753 1442 2808 inanis
1470 2753 1633 2824 gloria
1675 2753 1884 2808 divitias
1909 2768 2026 2822 qum
2067 2753 2232 2809 mise-

645 2845 872 2900 ricordia
903 2845 1244 2915 colliguntur.
1276 2845 1494 2910 Idcirco,
1528 2845 1769 2910 obsecro,
1812 2859 1916 2899 non
1945 2845 2114 2899 solum
2149 2843 2229 2898 fa-

645 2940 846 2993 ciamus
870 2939 1258 3010 eleemosynas,
1285 2937 1378 2993 sed
1409 2948 1461 2993 et
1485 2948 1638 2992 caute
1662 2936 1933 3002 faciamus,
1963 2946 2020 2991 ut
2045 2951 2233 3006 magna

647 3031 785 3086 bona
811 3033 1162 3103 percipiamus
1187 3046 1282 3102 pro
1301 3030 1496 3102 parvis,
1539 3039 1592 3086 et
1637 3046 1730 3101 pro
1759 3029 2026 3101 fragilibus
2054 3030 2235 3084 incor-

645 3124 936 3194 ruptibilia,
979 3133 1033 3178 et
1080 3138 1180 3195 pro
1225 3123 1602 3193 temporalibus
1642 3131 1862 3189 aeterna,
1909 3131 2110 3176 etcum
2151 3120 2235 3176 his

647 3218 896 3273 omnibus
923 3218 1080 3272 etiam
1112 3226 1445 3287 peccatorum
1476 3216 1840 3272 remissionem
1867 3215 2076 3285 assequi
2104 3228 2236 3285 pos-

648 3309 836 3372 simus,
878 3308 1122 3378 bonaque
1162 3308 1248 3362 illa
1291 3307 1574 3363 iuelfabilia
1623 3325 1637 3367 :
1681 3307 1870 3378 quibus
1909 3322 2007 3362 nos
2048 3322 2236 3363 omnes

647 3398 806 3470 potiri
850 3398 1143 3468 contingat,
1183 3397 1348 3468 gratia
1386 3407 1440 3452 et
1485 3397 1844 3453 misericordia
1891 3397 2099 3452 Domini
2142 3412 2239 3452 no-

646 3491 744 3547 stri
771 3490 898 3548 Jesu
922 3489 1142 3554 Christi,
1169 3490 1254 3546 cui
1284 3504 1410 3545 cum
1451 3489 1608 3544 Patre
1636 3498 1691 3545 et
1715 3499 1901 3546 sancto
1927 3486 2239 3558 vivillcoque

647 3586 847 3659 Spiritu
874 3585 943 3640 sit
961 3585 1148 3656 gloria,
1181 3597 1320 3637 nunc
1347 3590 1399 3638 et
1420 3595 1650 3650 semper,
1681 3589 1734 3636 et
1763 3581 1813 3634 in
1841 3583 2035 3637 smeula
2063 3595 2239 3635 srecu-

651 3677 844 3733 lorum.
876 3677 1070 3731 Amen.

1199 3803 1471 3858 Il0.\lll.l.\
1509 3800 1689 3856 XLIII.

662 3917 910 3975 Venerunt
937 3929 1128 3988 autem,
1171 3918 1355 3986 inquit,
1402 3916 1505 3968 duo
1539 3915 1707 3986 angeli
1739 3915 1965 3970 Sodoma
2014 3929 2240 3984 vespere.

1259 4007 1410 4075 (Gen.
1446 4006 1532 4062 I9.
1567 4007 1639 4075 I).

728 4159 776 4210 l.
807 4151 1261 4222 Quemadmodum
1279 4147 1521 4201 lloridum
1535 4143 1801 4212 quoddam
1820 4149 2031 4209 pratum
2047 4137 2227 4194 varios

655 4260 709 4303 et
737 4245 1049 4314 omnigenos
1069 4239 1226 4294 liores
1253 4238 1304 4292 in
1333 4251 1391 4291 se
1419 4242 1679 4298 ostentat,
1710 4233 1781 4286 ita
1809 4243 1863 4286 et
1883 4231 2062 4285 divina
2084 4229 2228 4284 Scri-

656 4348 812 4409 ptura
847 4335 1115 4403 justorum
1152 4330 1378 4383 virtutes
1413 4325 1568 4380 nobis
1596 4323 1927 4377 demonstrat
1958 4338 1972 4373 :
2003 4334 2107 4374 non
2146 4329 2226 4383 ut,

657 4407 794 4483 sicut
822 4425 1030 4479 illorum
1059 4421 1246 4474 ﬁorum
1277 4414 1590 4486 fragrantia,
1616 4427 1783 4481 parvo
1811 4419 2051 4478 tempore
2082 4407 2228 4461 frua-

659 4531 800 4577 mur,
838 4514 932 4567 sed
959 4522 1014 4565 ut
1040 4516 1355 4580 perpetuam
1406 4505 1527 4559 inde
1569 4502 1852 4556 utilitatem
1881 4498 2224 4567 recipiamus.

659 4607 770 4664 Illic
794 4620 952 4660 manu
987 4611 1189 4657 tantum
1219 4600 1490 4670 carpimus
1519 4595 1700 4657 ﬁeres,
1727 4601 1780 4647 et
1813 4589 2060 4660 protinus
2085 4603 2228 4642 mar-

658 4705 934 4753 cescentcs
949 4711 1098 4750 suam
1122 4694 1348 4763 gratiam
1379 4689 1630 4745 amittunt
1648 4704 1660 4739 :
1677 4685 1764 4740 hic
1786 4692 1964 4737 autem
1981 4697 2090 4736 non
2114 4680 2227 4735 sic:

657 4785 754 4846 sed
778 4785 992 4856 quando
1019 4784 1239 4838 auribus
1270 4783 1540 4852 justorum
1571 4776 1796 4829 virtutes
1825 4772 2144 4841 accipimus,
2175 4777 2231 4822 et

656 4895 749 4935 eas
780 4877 834 4932 in
861 4877 983 4931 sinu
1020 4875 1219 4930 mentis
1244 4872 1573 4943 reponimus,
1606 4882 1702 4938 per
1730 4879 1890 4920 omne
1921 4873 2154 4936 tempus,
2183 4861 2229 4917 si

656 4973 903 5026 volumus
932 5011 947 5035 ,
1002 4984 1184 5025 eorum
1226 4967 1374 5022 suavi
1417 4966 1584 5022 odore
1629 4963 1731 5018 frui
1779 4958 2092 5032 poterimus.
2140 4958 2250 5026 Ago

653 5078 805 5134 ergo,
839 5062 963 5132 quia
1008 5071 1150 5115 tanta
1191 5067 1497 5112 sanctorum
1528 5059 1579 5110 in
1607 5055 1784 5109 divina
1819 5052 2098 5122 Scriptura
2141 5047 2252 5104 fra-

655 5154 864 5224 grantia
889 5161 991 5219 est,
1022 5150 1180 5206 hodie
1210 5149 1326 5203 Loti
1352 5148 1548 5202 bonum
1574 5144 1795 5200 odorem
1821 5145 2171 5214 inquiramus,
2193 5147 2252 5195 ut

658 5245 886 5299 sciamus
911 5241 1131 5312 liquido,
1160 5239 1360 5308 justum
1391 5236 1531 5291 hunc
1574 5237 1625 5290 in
1667 5243 1872 5288 tantum
1898 5235 2110 5288 virtutis
2135 5231 2250 5300 api-

656 5347 774 5387 cem
805 5343 1052 5389 evectum
1076 5347 1198 5386 esse
1227 5328 1544 5401 patriarcha:
1583 5325 1990 5390 consuetudine,
2028 5339 2149 5394 quze
2175 5321 2251 5376 ef-

657 5424 781 5480 fecit
809 5437 866 5481 ut
901 5426 1124 5496 vestigia
1167 5427 1308 5482 illius
1348 5431 1679 5495 sequeretur,
1712 5429 1766 5474 et
1796 5420 2131 5488 peculiariter
2159 5419 2252 5471 ho-

658 5519 994 5586 spita-litatcm
1023 5530 1316 5574 exerceret.
1339 5520 1532 5573 Verum
1558 5527 1614 5570 ut
1640 5513 1968 5569 manifestior
1993 5512 2059 5566 sit
2076 5526 2252 5566 sermo

659 5621 856 5675 noster,
883 5627 1060 5681 operre
1080 5612 1310 5681 pretium
1345 5610 1502 5665 fuerit
1542 5608 1832 5678 Scripturie
1861 5604 2022 5660 verba
2045 5601 2248 5657 audire.

663 5698 976 5756 I.Vmerunt
997 5714 1182 5767 autem,
1205 5703 1393 5771 inquit,
1427 5702 1526 5754 duo
1556 5700 1724 5770 angeli
1757 5699 1984 5754 Sodoma
2004 5695 2250 5766 ((1019.19)

662 5792 870 5864 vesperi.
908 5791 1085 5858 Quare
1131 5794 1206 5848 sic
1251 5793 1446 5862 incepit
1485 5801 1539 5849 ct
1568 5791 1744 5847 dixit:
1789 5788 2041 5842 Venerunt
2088 5794 2254 5841 autem

1417 365 1478 425 S.
1520 361 1795 423 JOANNIS
1833 347 2314 416 CIIRYSOSTOMI
2350 349 2665 410 ARCIIIEP.
2710 351 3239 410 CONSTANTINOP.

3833 363 3912 419 ὅθι

2347 466 2448 522 duo
2476 465 2645 528 angeli
2668 465 2894 522 Sodinna
2913 468 3102 538 vesperi
3124 465 3436 536 ?'Quoniam
3455 481 3734 544 postquam
3750 476 3908 535 diver

2343 556 2442 612 sati
2473 564 2598 611 sunt
2624 555 2761 622 apud
2808 555 3184 626 patriarcham,
3213 565 3270 612 et
3313 558 3434 615 inde
3471 575 3755 633 surgentes
3785 568 3905 623 abie

2342 659 2498 715 runt;
2541 665 2604 704 ac
2640 647 2876 704 clemens
2913 649 3169 704 Dominus
3193 661 3248 706 et
3271 660 3506 720 curator,
3535 669 3632 724 pro
3657 671 3753 711 sua
3782 657 3910 714 boni

2345 749 2452 797 tate
2498 743 2548 794 in
2593 739 2822 796 humana
2857 739 3023 810 ﬁgura
3063 741 3230 808 visus,
3279 745 3476 798 mansit
3519 747 3661 815 apud
3707 751 3911 818 patriar

2341 833 2516 895 chain,
2553 834 2773 903 loquens
2796 845 2916 888 cum
2947 849 3034 899 eo,
3066 833 3206 889 sicut
3249 835 3363 890 heri
3389 837 3665 895 audivistis
3699 860 3713 895 :
3746 846 3911 898 volun;

2343 938 2439 976 nos
2463 937 2650 977 omnes
2679 923 2875 979 docere
2899 932 2954 979 et
2994 923 3264 995 ingentem
3309 929 3613 996 patientiam
3656 945 3837 998 suam,
3879 952 3909 989 e

2343 1014 2655 1082 patriarchae
2679 1015 2974 1082 caritatem,
2993 1016 3166 1087 angeli
3193 1026 3369 1072 autem
3389 1021 3784 1076 contendebant
3806 1031 3912 1078 tum

2342 1119 2526 1158 versus
2551 1105 2780 1160 Sodoma
2806 1123 2820 1160 :
2851 1121 3072 1161 servans
3095 1106 3366 1176 Scriptura
3396 1123 3552 1164 suum
3572 1111 3820 1168 ordinem
3844 1115 3912 1170 di-

2341 1195 2412 1250 cit
2437 1197 2623 1250 iterum
2651 1214 2664 1250 :
2704 1194 2950 1250 Venerunt
2979 1206 3145 1251 autem
3170 1199 3271 1252 duo
3300 1201 3469 1271 angeli
3495 1201 3724 1256 Sodoma
3752 1217 3912 1272 vespe-

2339 1288 2404 1355 ri,
2432 1285 2620 1342 facturi
2641 1287 2781 1358 quod
2812 1288 3126 1358 imperatum
3156 1298 3291 1344 erat.

2411 1376 2526 1432 Leti
2555 1379 2871 1447 hospitalitas
2899 1379 3300 1434 lamlatnr.—-Et
3331 1381 3450 1437 vide
3466 1382 3798 1454 diligentiam
3828 1389 3905 1441 ob

2339 1472 2801 1541 servationcmque
2825 1471 3019 1526 divina:
3057 1472 3367 1541 Scriptura},
3407 1476 3676 1542 quomodo
3716 1487 3912 1546 tempu'

2357 1593 2465 1648 quo
2482 1577 2816 1634 advenerunt
2843 1577 2996 1631 uobis
3021 1576 3306 1630 declararit
3322 1593 3336 1629 :
3355 1577 3482 1630 dicit
3499 1575 3668 1641 enim,
3691 1574 3906 1645 Vesperi

2354 1672 2421 1728 Et
2450 1687 2618 1743 quare
2657 1680 2867 1740 tempus
2895 1669 3250 1740 signiﬁcavit?
3278 1677 3332 1724 et
3359 1684 3525 1740 quare
3553 1669 3618 1724 ad
3645 1683 3912 1738 vesperau

2353 1779 2418 1818 co
2444 1763 2744 1818 venerunt?
2774 1761 2842 1816 Ut
2871 1761 3250 1814 ostenderetur
3277 1760 3430 1814 nobis
3456 1775 3647 1830 magna
3677 1759 3795 1813 Loti
3826 1760 3912 1813 ho

2349 1851 2632 1922 spitalitas.
2660 1851 2810 1906 Sicut
2828 1851 2970 1904 enim
2997 1848 3301 1917 patriarcha
3325 1849 3518 1904 sedens
3549 1858 3790 1919 tempore
3816 1865 3912 1902 me.

2349 1940 2523 2007 ridiei,
2545 1941 2866 1996 observabat
2885 1948 3272 2010 praetereuntes
3288 1981 3302 2005 ,
3331 1949 3386 1994 et
3411 1943 3747 1995 venationem
3771 1957 3911 1996 suan‘

2349 2029 2486 2084 hanc
2524 2029 2762 2084 studiose
2805 2028 3106 2092 exercebat,
3154 2038 3209 2082 et
3251 2032 3568 2085 occurrebat
3615 2046 3680 2085 ac
3729 2046 3911 2101 magnt

2347 2119 2542 2190 gaudio
2569 2118 2802 2173 viatores
2837 2118 3164 2187 suscipiebat
3203 2137 3217 2171 :
3264 2117 3430 2172 simili
3460 2119 3619 2174 modo
3659 2130 3712 2175 et
3745 2119 3912 2187 justo:

2347 2209 2455 2272 ille,
2483 2208 2736 2278 quoniam
2759 2205 2963 2262 sciebat
2987 2207 3396 2277 perversitatem
3420 2223 3605 2262 eorum
3628 2209 3716 2276 qui
3744 2209 3795 2260 in
3821 2207 3911 2262 So—

2345 2299 2517 2353 domis
2550 2297 2865 2352 habitabant
2893 2311 3067 2365 neque
3089 2297 3298 2366 vesperi
3321 2296 3650 2361 discedebat,
3680 2298 3772 2352 sed
3805 2313 3912 2351 ma-

2343 2391 2522 2454 nebat,
2555 2405 2622 2444 ne
2653 2391 2938 2444 thesaurus
2957 2387 3149 2456 aliquis
3177 2388 3274 2456 ipsi
3299 2387 3619 2452 elaberetur,
3649 2397 3705 2442 et
3735 2399 3793 2442 ut
3822 2388 3912 2441 he-

2342 2481 2649 2552 spitalitstis
2676 2481 2907 2536 fructum
2946 2480 3236 2549 decerpere
3262 2487 3463 2549 posset.
3495 2478 3633 2534 Vere
3659 2480 3912 2534 admirari

2341 2575 2689 2630 vehementer
2708 2572 2831 2628 licet
2851 2571 2982 2640 justi
3008 2572 3168 2641 hujus
3188 2572 3462 2638 virtutem,
3491 2573 3585 2641 qui
3609 2587 3835 2627 versans
3863 2573 3912 2625 iu

2339 2668 2518 2723 medio
2547 2679 2651 2723 tam
2679 2669 2961 2738 impiorum
2990 2666 3288 2730 hominum,
3317 2682 3423 2720 non
3459 2664 3631 2721 solum
3662 2681 3768 2720 non
3799 2667 3912 2722 inde

2336 2759 2688 2830 negligentior
2715 2767 2796 2812 est
2832 2759 3020 2823 factus,
3049 2757 3142 2812 sed
3173 2765 3227 2812 et
3258 2757 3518 2826 majorem
3543 2758 3790 2813 virtutem
3815 2774 3912 2828 pra

2339 2865 2398 2905 sc
2424 2851 2540 2904 tulit
2575 2867 2588 2903 :
2619 2864 2848 2919 cumque
2890 2863 3095 2916 omnes,
3147 2858 3204 2904 ut
3255 2849 3325 2904 ita
3351 2850 3545 2915 dicam,
3599 2851 3651 2904 in
3687 2865 3912 2920 prteceps

2339 2953 2574 3008 ruerent,
2607 2944 2717 3013 ipse
2743 2943 2888 2998 solus
2913 2944 2963 2996 iu
2987 2951 3129 2997 tanta
3154 2942 3488 2997 multitudine
3515 2952 3713 2997 rectam
3741 2945 3912 2998 ambu-

2339 3035 2468 3089 lavit
2486 3035 2646 3088 viam.
2665 3032 2766 3089 Ubi
2793 3048 2935 3088 nunc
2960 3042 3084 3088 sunt
3103 3033 3193 3104 qui
3216 3033 3416 3096 dicunt,
3441 3048 3544 3086 non
3573 3047 3727 3102 posse
3746 3048 3912 3103 quem

2343 3128 2479 3196 piam
2498 3127 2549 3180 iu
2572 3125 2744 3180 media
2756 3127 2968 3181 civitate
2980 3135 3278 3181 versantem
3300 3125 3543 3179 virtutem
3571 3138 3784 3179 set-vane
3801 3139 3815 3179 :
3835 3139 3910 3180 set

2341 3235 2474 3290 opus
2487 3233 2606 3274 esse
2623 3231 2859 3284 secessu,
2874 3227 2927 3272 et
2949 3226 3196 3271 montana
3214 3215 3438 3286 quadam
3457 3214 3780 3271 habitatione
3799 3236 3811 3270 :
3832 3233 3910 3272 net

2345 3325 2501 3380 posse
2539 3308 2719 3365 domui
2766 3323 2877 3362 sure
2919 3307 3248 3378 prrefectum,
3286 3316 3339 3361 et
3369 3322 3592 3360 uxorem
3622 3306 3903 3364 habentem

2343 3413 2396 3456 et
2423 3401 2562 3456 ﬁlios
2585 3410 2860 3456 curantem
2881 3415 2943 3454 ac
2965 3397 3209 3462 famulos,
3241 3397 3434 3452 virtute
3460 3399 3742 3467 prasditum
3769 3406 3910 3456 esse‘

2344 3492 2569 3547 Videant
2595 3506 2723 3561 ergo
2747 3491 2948 3558 justum
2991 3490 3136 3544 illum
3184 3503 3304 3544 eum
3347 3489 3591 3556 muliere,
3649 3491 3851 3560 pueris,
3878 3507 3909 3547 e

2342 3583 2574 3648 famulis,
2605 3583 2658 3638 in
2687 3582 2902 3637 civitate
2929 3580 3232 3651 degentem,
3269 3589 3427 3651 atque
3449 3581 3588 3634 inter
3616 3589 3722 3635 tam
3766 3582 3910 3636 malo.

2342 3692 2405 3731 ac
2435 3676 2624 3745 impios
2648 3683 3050 3730 conversantem
3077 3683 3130 3727 et
3155 3673 3304 3743 quasi
3330 3673 3611 3728 scintillam
3645 3673 3906 3742 quamdau

2345 3771 2398 3824 iu
2425 3768 2600 3824 medio
2629 3768 2762 3822 mari
2805 3768 3088 3832 lucentem,
3135 3781 3235 3821 nec
3272 3766 3444 3820 solum
3495 3781 3598 3819 non
3645 3766 3904 3835 exstingui

2345 3861 2440 3917 sed
2469 3860 2705 3932 quotidie
2746 3860 2916 3916 lucem
2945 3858 3224 3914 clariorem
3253 3858 3515 3913 emittere.
3561 3857 3626 3912 Et
3667 3857 3779 3913 haec
3814 3857 3910 3912 (IICt

2352 3967 2456 4007 non
2488 3949 2775 4021 prohibens
2804 3963 3075 4005 secessum
3099 3949 3167 4002 ab
3202 3948 3443 4012 urbibus,
3475 3964 3648 4017 neque
3676 3949 3910 4004 interdici

2349 4041 2605 4097 moutimn
2635 4049 2686 4094 et
2711 4040 3056 4094 solitudinum
3083 4040 3543 4095 conversationem
3562 4055 3579 4106 ;
3597 4038 3687 4093 sed
3711 4038 3908 4092 ostendi

2355 4132 2553 4191 volenti
2583 4130 2762 4186 sobrie
2787 4142 2948 4198 agere
2979 4135 3033 4182 et
3058 4127 3310 4197 vigilare,
3345 4127 3474 4181 nihil
3507 4127 3627 4180 inde
3662 4123 3907 4180 obstacul.

2353 4239 2492 4280 esse.
2527 4221 2679 4277 Sicut
2708 4219 2868 4289 igitur
2897 4217 3183 4288 negligeuti
3211 4232 3274 4270 ac
3309 4217 3501 4286 supino
3543 4214 3672 4268 nihil
3709 4211 3908 4282 prodest

2354 4312 2584 4368 solitudo
2607 4330 2618 4365 :
2643 4324 2816 4378 neque
2838 4309 2980 4364 enim
3003 4307 3153 4362 locus
3179 4322 3276 4361 nos
3295 4307 3495 4361 virtute
3509 4303 3636 4360 facit
3653 4303 3902 4373 praditos

2361 4405 2454 4462 sed
2486 4418 2636 4458 mens
2666 4412 2720 4457 et
2760 4415 2940 4455 mores
2970 4419 2982 4452 :
3026 4399 3096 4453 ita
3129 4407 3183 4452 et
3204 4399 3440 4469 prudens
3467 4406 3628 4466 atque
3657 4396 3783 4466 vigil
3820 4410 3908 4448 nor

2361 4495 2662 4557 oﬂ'enditur,
2695 4494 2859 4549 etiam
2885 4491 2939 4546 in
2969 4491 3140 4546 media
3169 4489 3384 4545 civitate
3412 4488 3632 4558 degens.
3668 4486 3908 4553 Quocirc:

2358 4587 2570 4649 vellem,
2592 4585 2732 4639 sicut
2757 4583 2969 4636 beatum
2993 4580 3160 4644 illum,
3184 4580 3383 4634 virtute
3403 4586 3722 4648 praestantes
3743 4577 3796 4631 in
3819 4591 3907 4628 me

2359 4679 2464 4734 diis
2493 4676 2801 4732 civitatibus
2827 4688 2976 4736 esse,
3005 4681 3064 4726 ut
3095 4672 3247 4742 quasi
3282 4671 3605 4726 fermentum
3631 4669 3755 4724 facti
3787 4667 3902 4722 aliis

2356 4768 2552 4824 multos
2594 4769 2661 4822 ad
2701 4765 2782 4821 sui
2835 4764 3192 4818 imitationem
3223 4763 3520 4817 traherent.
3561 4761 3758 4814 Verum
3803 4759 3908 4826 qui:

2357 4861 2459 4915 hoc
2482 4858 2694 4914 difﬁcile
2742 4858 2951 4912 videtur
2978 4871 3120 4922 esse,
3162 4856 3351 4911 saltem
3394 4854 3520 4909 illud
3551 4853 3777 4907 alterum
3816 4851 3900 4903 liat

2357 4954 2565 5010 Transit
2603 4953 2738 5006 enim
2783 4951 2953 5020 ﬁgura
3003 4950 3186 5004 mundi
3224 4950 3384 5019 hujus
3412 4947 3465 5013 (Ι
3497 4946 3620 5001 Cor.
3648 4946 3700 4998 7.
3732 4943 3846 5012 5|),
3875 4959 3903 4995 e

2355 5046 2533 5102 brevis
2573 5051 2660 5097 est
2695 5043 2805 5097 vita
2843 5056 3079 5111 praesens
3115 5056 3131 5094 :
3163 5049 3216 5096 et
3255 5039 3355 5094 nisi
3388 5053 3546 5099 nunc,
3586 5051 3709 5092 cum
3753 5035 3906 5090 adhm

2355 5141 2407 5194 in
2431 5137 2605 5193 stadio
2619 5151 2826 5200 sumus,
2851 5135 3062 5190 labores
3085 5134 3347 5187 virtutum
3371 5131 3762 5202 aggrediamur,
3777 5137 3829 5182 et
3851 5127 3906 5179 Ia.

2354 5243 2522 5298 queos
2562 5225 2776 5281 malitia:
2800 5225 3137 5295 ell‘ugiamus,
3165 5231 3354 5291 postea
3386 5224 3439 5277 in
3469 5236 3668 5275 vanum
3693 5227 3906 5274 nosmet.

2356 5317 2498 5388 ipsos
2526 5317 2979 5386 reprehendemus
2998 5356 3011 5378 ,
3041 5315 3254 5384 quando
3295 5313 3439 5368 nulla
3465 5314 3570 5368 erit
3596 5309 3906 5382 pmnitentia

2358 5409 2586 5462 utilitas.
2627 5407 2758 5461 Nam
2776 5406 3012 5477 quandiu
3035 5405 3088 5458 in
3111 5404 3360 5473 praesenti
3377 5405 3485 5458 vita
3505 5402 3780 5461 fuerimus,
3799 5413 3906 5466 post

2355 5508 2480 5556 sunt
2522 5499 2642 5553 inde
2692 5499 3013 5567 pmnitentes
3061 5495 3269 5550 lucrum
3317 5497 3584 5563 accipere,
3627 5501 3682 5548 et
3727 5490 3906 5545 ablutis

2357 5591 2623 5659 prioribus
2667 5590 2900 5658 peccatis
2943 5586 3363 5640 misericordiam
3412 5585 3620 5639 Domini
3661 5582 3865 5650 assequi
3900 5597 3906 5632 :

2356 5684 2496 5753 quod
2538 5683 2580 5736 si
2620 5679 3039 5752 prieterierimus
3077 5685 3284 5744 tempus
3314 5691 3571 5746 praesens,
3602 5685 3906 5744 repentequc

2322 5759 2324 5762 ﬁ
2359 5775 2562 5846 abrepti
2587 5773 2879 5828 fuerimus:
2908 5768 3226 5841 pwnitentia
3251 5769 3466 5844 quidem
3495 5779 3620 5824 tunc
3650 5767 3906 5831 ducentur,
