  <div class='ocr_page' id='page_1' title='image "/cluster/home/n/w/nwhite01/storage/ocr_20150623/54/hvd.32044073501926/025.png"; bbox 0 0 4072 6216; ppageno 0'>
   <div class='ocr_carea' id='block_1_1' title="bbox 597 390 704 449">
    <p class='ocr_par' dir='ltr' id='par_1_1' title="bbox 597 390 704 449">
     <span class='ocr_line' id='line_1_1' title="bbox 597 390 704 449; baseline -0.037 0"><span class='ocrx_word' id='word_1_1' title='bbox 597 390 704 449; x_wconf 71' lang='lat'>397</span> 
     </span>
    </p>
   </div>
   <div class='ocr_carea' id='block_1_2' title="bbox 592 500 2244 576">
    <p class='ocr_par' dir='ltr' id='par_1_2' title="bbox 592 500 2244 576">
     <span class='ocr_line' id='line_1_2' title="bbox 592 500 2244 576; baseline -0.004 -16"><span class='ocrx_word' id='word_1_2' title='bbox 592 505 855 576; x_wconf 78' lang='grc' dir='ltr'>νοήσομεν</span> <span class='ocrx_word' id='word_1_3' title='bbox 893 503 993 573; x_wconf 73' lang='grc' dir='ltr'>μὲν</span> <span class='ocrx_word' id='word_1_4' title='bbox 1043 503 1137 558; x_wconf 68' lang='grc' dir='ltr'>καὶ</span> <span class='ocrx_word' id='word_1_5' title='bbox 1168 504 1307 567; x_wconf 87' lang='grc' dir='ltr'>τότε,</span> <span class='ocrx_word' id='word_1_6' title='bbox 1351 503 1608 576; x_wconf 76' lang='grc' dir='ltr'>οὐδεμίαν</span> <span class='ocrx_word' id='word_1_7' title='bbox 1649 505 1706 558; x_wconf 85' lang='grc' dir='ltr'>δὲ</span> <span class='ocrx_word' id='word_1_8' title='bbox 1741 505 1926 575; x_wconf 75' lang='grc' dir='ltr'>ὄνησιν</span> <span class='ocrx_word' id='word_1_9' title='bbox 1959 503 2022 555; x_wconf 86' lang='grc' dir='ltr'>ἐκ</span> <span class='ocrx_word' id='word_1_10' title='bbox 2054 500 2244 556; x_wconf 88' lang='grc' dir='ltr'>τούτου</span> 
     </span>
    </p>
   </div>
   <div class='ocr_carea' id='block_1_3' title="bbox 592 589 2247 663">
    <p class='ocr_par' dir='ltr' id='par_1_3' title="bbox 592 589 2247 663">
     <span class='ocr_line' id='line_1_3' title="bbox 592 589 2247 663; baseline -0.001 -21"><span class='ocrx_word' id='word_1_11' title='bbox 592 590 805 661; x_wconf 74' lang='grc' dir='ltr'>ἕξομεν.</span> <span class='ocrx_word' id='word_1_12' title='bbox 836 591 947 643; x_wconf 72' lang='grc' dir='ltr'>Καὶ</span> <span class='ocrx_word' id='word_1_13' title='bbox 980 592 1064 644; x_wconf 82' lang='grc' dir='ltr'>ἴνα</span> <span class='ocrx_word' id='word_1_14' title='bbox 1095 591 1288 663; x_wconf 79' lang='grc' dir='ltr'>μάθῃς,</span> <span class='ocrx_word' id='word_1_15' title='bbox 1330 591 1489 645; x_wconf 70' lang='grc' dir='ltr'>ἄκουε</span> <span class='ocrx_word' id='word_1_16' title='bbox 1519 592 1614 645; x_wconf 82' lang='grc' dir='ltr'>τοῦ</span> <span class='ocrx_word' id='word_1_17' title='bbox 1654 591 1937 663; x_wconf 73' lang='grc' dir='ltr'>Προφήτω</span> <span class='ocrx_word' id='word_1_18' title='bbox 1976 589 2247 658; x_wconf 78' lang='grc' dir='ltr'>λέγοντος,</span> 
     </span>
    </p>
   </div>
   <div class='ocr_carea' id='block_1_4' title="bbox 602 676 2247 748">
    <p class='ocr_par' dir='ltr' id='par_1_4' title="bbox 602 676 2247 748">
     <span class='ocr_line' id='line_1_4' title="bbox 602 676 2247 748; baseline -0.002 -17"><span class='ocrx_word' id='word_1_19' title='bbox 602 677 708 731; x_wconf 83' lang='grc' dir='ltr'><em>Ἔν</em></span> <span class='ocrx_word' id='word_1_20' title='bbox 739 677 806 731; x_wconf 89' lang='grc' dir='ltr'>δὲ</span> <span class='ocrx_word' id='word_1_21' title='bbox 830 676 910 741; x_wconf 85' lang='grc' dir='ltr'>τῷ</span> <span class='ocrx_word' id='word_1_22' title='bbox 936 677 1051 744; x_wconf 77' lang='grc' dir='ltr'>ᾅδῃ</span> <span class='ocrx_word' id='word_1_23' title='bbox 1097 678 1190 742; x_wconf 84' lang='grc' dir='ltr'>τίς</span> <span class='ocrx_word' id='word_1_24' title='bbox 1220 678 1725 748; x_wconf 71' lang='grc' dir='ltr'>ἐξομολογήσεται</span> <span class='ocrx_word' id='word_1_25' title='bbox 1761 694 1894 743; x_wconf 88' lang='grc' dir='ltr'>σοι;</span> <span class='ocrx_word' id='word_1_26' title='bbox 1940 677 2032 730; x_wconf 78' lang='grc' dir='ltr'>καὶ</span> <span class='ocrx_word' id='word_1_27' title='bbox 2063 676 2247 743; x_wconf 88' lang='grc' dir='ltr'>πάλιν,</span> 
     </span>
    </p>
   </div>
   <div class='ocr_carea' id='block_1_5' title="bbox 605 765 2249 834">
    <p class='ocr_par' dir='ltr' id='par_1_5' title="bbox 605 765 2249 834">
     <span class='ocr_line' id='line_1_5' title="bbox 605 765 2249 834; baseline 0 -17"><span class='ocrx_word' id='word_1_28' title='bbox 605 765 882 833; x_wconf 70' lang='grc' dir='ltr'>Ἆδελφὸς</span> <span class='ocrx_word' id='word_1_29' title='bbox 919 767 990 817; x_wconf 87' lang='grc' dir='ltr'>οὐ</span> <span class='ocrx_word' id='word_1_30' title='bbox 1010 765 1348 832; x_wconf 78' lang='grc' dir='ltr'>λυτροῢται,</span> <span class='ocrx_word' id='word_1_31' title='bbox 1389 765 1754 834; x_wconf 74' lang='grc' dir='ltr'>λυτρώσεται</span> <span class='ocrx_word' id='word_1_32' title='bbox 1775 766 2116 833; x_wconf 71' lang='grc' dir='ltr'>ἅνθρωποςς</span> <span class='ocrx_word' id='word_1_33' title='bbox 2143 765 2249 818; x_wconf 89' lang='grc' dir='ltr'>Οὐ-</span> 
     </span>
    </p>
   </div>
   <div class='ocr_carea' id='block_1_6' title="bbox 590 850 2248 923">
    <p class='ocr_par' dir='ltr' id='par_1_6' title="bbox 590 850 2248 923">
     <span class='ocr_line' id='line_1_6' title="bbox 590 850 2248 923; baseline 0.001 -20"><span class='ocrx_word' id='word_1_34' title='bbox 590 851 719 915; x_wconf 77' lang='grc' dir='ltr'>δεὶς,</span> <span class='ocrx_word' id='word_1_35' title='bbox 751 851 932 921; x_wconf 74' lang='grc' dir='ltr'>φησὶν,</span> <span class='ocrx_word' id='word_1_36' title='bbox 975 851 1125 904; x_wconf 78' lang='grc' dir='ltr'>ἔσται</span> <span class='ocrx_word' id='word_1_37' title='bbox 1172 853 1288 905; x_wconf 83' lang='grc' dir='ltr'>ἐκεῖ</span> <span class='ocrx_word' id='word_1_38' title='bbox 1327 852 1511 906; x_wconf 75' lang='grc' dir='ltr'>λοιπὸν</span> <span class='ocrx_word' id='word_1_39' title='bbox 1562 856 1590 906; x_wconf 98' lang='lat'>6</span> <span class='ocrx_word' id='word_1_40' title='bbox 1627 852 2009 923; x_wconf 82' lang='grc' dir='ltr'>ἐξαιρούμενος</span> <span class='ocrx_word' id='word_1_41' title='bbox 2031 851 2119 904; x_wconf 82' lang='grc' dir='ltr'>τὸν</span> <span class='ocrx_word' id='word_1_42' title='bbox 2146 850 2248 904; x_wconf 84' lang='grc' dir='ltr'>ὐπύ</span> 
     </span>
    </p>
   </div>
   <div class='ocr_carea' id='block_1_7' title="bbox 588 933 2246 1011">
    <p class='ocr_par' dir='ltr' id='par_1_7' title="bbox 588 933 2246 1011">
     <span class='ocr_line' id='line_1_7' title="bbox 588 933 2246 1011; baseline 0.001 -22"><span class='ocrx_word' id='word_1_43' title='bbox 588 938 685 1007; x_wconf 86' lang='grc' dir='ltr'>τῆς</span> <span class='ocrx_word' id='word_1_44' title='bbox 708 937 914 1000; x_wconf 78' lang='grc' dir='ltr'>οἰκείας</span> <span class='ocrx_word' id='word_1_45' title='bbox 946 939 1214 1009; x_wconf 73' lang='grc' dir='ltr'>ῥᾳθυμίας</span> <span class='ocrx_word' id='word_1_46' title='bbox 1238 939 1642 1011; x_wconf 85' lang='grc' dir='ltr'>προδεδομένον,</span> <span class='ocrx_word' id='word_1_47' title='bbox 1672 938 1794 992; x_wconf 72' lang='grc' dir='ltr'>οὔτε</span> <span class='ocrx_word' id='word_1_48' title='bbox 1828 940 1894 992; x_wconf 88' lang='grc' dir='ltr'>ἂν</span> <span class='ocrx_word' id='word_1_49' title='bbox 1925 938 2151 1005; x_wconf 85' lang='grc' dir='ltr'>ἀδελφὸς</span> <span class='ocrx_word' id='word_1_50' title='bbox 2189 933 2246 1008; x_wconf 80' lang='grc' dir='ltr'>ᾖ,</span> 
     </span>
    </p>
   </div>
   <div class='ocr_carea' id='block_1_8' title="bbox 589 1022 2246 1097">
    <p class='ocr_par' dir='ltr' id='par_1_8' title="bbox 589 1022 2246 1097">
     <span class='ocr_line' id='line_1_8' title="bbox 589 1022 2246 1097; baseline -0.001 -21"><span class='ocrx_word' id='word_1_51' title='bbox 589 1022 711 1076; x_wconf 76' lang='grc' dir='ltr'>οὔτε</span> <span class='ocrx_word' id='word_1_52' title='bbox 740 1024 805 1078; x_wconf 84' lang='grc' dir='ltr'>ἂν</span> <span class='ocrx_word' id='word_1_53' title='bbox 839 1025 1038 1097; x_wconf 79' lang='grc' dir='ltr'>πατὴρ,</span> <span class='ocrx_word' id='word_1_54' title='bbox 1065 1024 1187 1080; x_wconf 78' lang='grc' dir='ltr'>οὗτε</span> <span class='ocrx_word' id='word_1_55' title='bbox 1227 1024 1292 1078; x_wconf 83' lang='grc' dir='ltr'>ἂν</span> <span class='ocrx_word' id='word_1_56' title='bbox 1337 1027 1538 1097; x_wconf 82' lang='grc' dir='ltr'>μήτηρ.</span> <span class='ocrx_word' id='word_1_57' title='bbox 1581 1026 1690 1078; x_wconf 78' lang='grc' dir='ltr'>Καὶ</span> <span class='ocrx_word' id='word_1_58' title='bbox 1721 1025 1774 1077; x_wconf 88' lang='grc' dir='ltr'>τί</span> <span class='ocrx_word' id='word_1_59' title='bbox 1802 1024 1965 1093; x_wconf 87' lang='grc' dir='ltr'>λέγω,</span> <span class='ocrx_word' id='word_1_60' title='bbox 2001 1023 2246 1091; x_wconf 83' lang='grc' dir='ltr'>ἀδελφὸς,</span> 
     </span>
    </p>
   </div>
   <div class='ocr_carea' id='block_1_9' title="bbox 590 1109 2247 1183">
    <p class='ocr_par' dir='ltr' id='par_1_9' title="bbox 590 1109 2247 1183">
     <span class='ocr_line' id='line_1_9' title="bbox 590 1109 2247 1183; baseline -0.001 -19"><span class='ocrx_word' id='word_1_61' title='bbox 590 1111 683 1164; x_wconf 79' lang='grc' dir='ltr'>καὶ</span> <span class='ocrx_word' id='word_1_62' title='bbox 715 1111 913 1182; x_wconf 83' lang='grc' dir='ltr'>πατὴρ,</span> <span class='ocrx_word' id='word_1_63' title='bbox 943 1113 1033 1165; x_wconf 77' lang='grc' dir='ltr'>καὶ</span> <span class='ocrx_word' id='word_1_64' title='bbox 1069 1113 1279 1183; x_wconf 85' lang='grc' dir='ltr'>μήτηρ;</span> <span class='ocrx_word' id='word_1_65' title='bbox 1306 1109 1443 1165; x_wconf 77' lang='grc' dir='ltr'>Οὔτε</span> <span class='ocrx_word' id='word_1_66' title='bbox 1473 1111 1627 1164; x_wconf 75' lang='grc' dir='ltr'>αὐτοὶ</span> <span class='ocrx_word' id='word_1_67' title='bbox 1660 1113 1707 1163; x_wconf 74' lang='grc' dir='ltr'>οἱ</span> <span class='ocrx_word' id='word_1_68' title='bbox 1738 1111 1933 1164; x_wconf 88' lang='grc' dir='ltr'>δίκαιοι</span> <span class='ocrx_word' id='word_1_69' title='bbox 1963 1112 2247 1180; x_wconf 81' lang='grc' dir='ltr'>οίπαρῥη-</span> 
     </span>
    </p>
   </div>
   <div class='ocr_carea' id='block_1_10' title="bbox 591 1196 2247 1267">
    <p class='ocr_par' dir='ltr' id='par_1_10' title="bbox 591 1196 2247 1267">
     <span class='ocr_line' id='line_1_10' title="bbox 591 1196 2247 1267; baseline -0.001 -18"><span class='ocrx_word' id='word_1_70' title='bbox 591 1197 712 1250; x_wconf 88' lang='grc' dir='ltr'>σίαν</span> <span class='ocrx_word' id='word_1_71' title='bbox 738 1198 933 1267; x_wconf 85' lang='grc' dir='ltr'>πολλὴν</span> <span class='ocrx_word' id='word_1_72' title='bbox 962 1198 1284 1266; x_wconf 80' lang='grc' dir='ltr'>κεκτημένοι</span> <span class='ocrx_word' id='word_1_73' title='bbox 1316 1198 1434 1250; x_wconf 89' lang='grc' dir='ltr'>τότε</span> <span class='ocrx_word' id='word_1_74' title='bbox 1458 1196 1827 1266; x_wconf 87' lang='grc' dir='ltr'>συμϐαλέσθαι</span> <span class='ocrx_word' id='word_1_75' title='bbox 1847 1214 1900 1249; x_wconf 93' lang='grc' dir='ltr'>τι</span> <span class='ocrx_word' id='word_1_76' title='bbox 1931 1196 2247 1267; x_wconf 82' lang='grc' dir='ltr'>δυνήσονται</span> 
     </span>
    </p>
   </div>
   <div class='ocr_carea' id='block_1_11' title="bbox 588 1282 2248 1355">
    <p class='ocr_par' dir='ltr' id='par_1_11' title="bbox 588 1282 2248 1355">
     <span class='ocr_line' id='line_1_11' title="bbox 588 1282 2248 1355; baseline 0.001 -20"><span class='ocrx_word' id='word_1_77' title='bbox 588 1285 737 1352; x_wconf 78' lang='grc' dir='ltr'>ἡμῖν,</span> <span class='ocrx_word' id='word_1_78' title='bbox 765 1287 812 1337; x_wconf 87' lang='grc' dir='ltr'>εί</span> <span class='ocrx_word' id='word_1_79' title='bbox 842 1284 935 1337; x_wconf 82' lang='grc' dir='ltr'>νῦν</span> <span class='ocrx_word' id='word_1_80' title='bbox 974 1283 1407 1355; x_wconf 79' lang='grc' dir='ltr'>ῥᾳθυμήσαιμεν.</span> <span class='ocrx_word' id='word_1_81' title='bbox 1447 1284 1581 1337; x_wconf 80' lang='grc' dir='ltr'><em>Ἐὰν</em></span> <span class='ocrx_word' id='word_1_82' title='bbox 1617 1283 1735 1351; x_wconf 82' lang='grc' dir='ltr'>στῇ</span> <span class='ocrx_word' id='word_1_83' title='bbox 1782 1284 1909 1354; x_wconf 82' lang='grc' dir='ltr'>γάρ,</span> <span class='ocrx_word' id='word_1_84' title='bbox 1950 1283 2103 1353; x_wconf 75' lang='grc' dir='ltr'>φησὶ,</span> <span class='ocrx_word' id='word_1_85' title='bbox 2120 1282 2248 1336; x_wconf 82' lang='grc' dir='ltr'>Νῶε</span> 
     </span>
    </p>
   </div>
   <div class='ocr_carea' id='block_1_12' title="bbox 587 1369 2249 1439">
    <p class='ocr_par' dir='ltr' id='par_1_12' title="bbox 587 1369 2249 1439">
     <span class='ocr_line' id='line_1_12' title="bbox 587 1369 2249 1439; baseline 0.001 -17"><span class='ocrx_word' id='word_1_86' title='bbox 587 1369 685 1422; x_wconf 81' lang='grc' dir='ltr'>καί</span> <span class='ocrx_word' id='word_1_87' title='bbox 734 1369 852 1423; x_wconf 81' lang='grc' dir='ltr'>Ἰὼϐ</span> <span class='ocrx_word' id='word_1_88' title='bbox 868 1371 963 1423; x_wconf 82' lang='grc' dir='ltr'>καὶ</span> <span class='ocrx_word' id='word_1_89' title='bbox 996 1370 1237 1438; x_wconf 79' lang='grc' dir='ltr'>Δανιὴλ,</span> <span class='ocrx_word' id='word_1_90' title='bbox 1268 1369 1438 1435; x_wconf 80' lang='grc' dir='ltr'>υἱοὺς</span> <span class='ocrx_word' id='word_1_91' title='bbox 1457 1370 1653 1424; x_wconf 83' lang='grc' dir='ltr'>αὐτῶν</span> <span class='ocrx_word' id='word_1_92' title='bbox 1673 1369 1769 1423; x_wconf 78' lang='grc' dir='ltr'>καὶ</span> <span class='ocrx_word' id='word_1_93' title='bbox 1805 1369 2125 1439; x_wconf 77' lang='grc' dir='ltr'>θυγατέρας</span> <span class='ocrx_word' id='word_1_94' title='bbox 2143 1372 2249 1423; x_wconf 82' lang='grc' dir='ltr'>αὐ-</span> 
     </span>
    </p>
   </div>
   <div class='ocr_carea' id='block_1_13' title="bbox 587 1455 2246 1528">
    <p class='ocr_par' dir='ltr' id='par_1_13' title="bbox 587 1455 2246 1528">
     <span class='ocr_line' id='line_1_13' title="bbox 587 1455 2246 1528; baseline -0.001 -19"><span class='ocrx_word' id='word_1_95' title='bbox 587 1457 706 1509; x_wconf 82' lang='grc' dir='ltr'>τῶν</span> <span class='ocrx_word' id='word_1_96' title='bbox 733 1456 899 1525; x_wconf 67' lang='grc' dir='ltr'>οὺμὴ</span> <span class='ocrx_word' id='word_1_97' title='bbox 924 1455 1259 1519; x_wconf 74' lang='grc' dir='ltr'>ἐξέλωνται.</span> <span class='ocrx_word' id='word_1_98' title='bbox 1279 1459 1389 1510; x_wconf 80' lang='grc' dir='ltr'>Καὶ</span> <span class='ocrx_word' id='word_1_99' title='bbox 1411 1459 1511 1528; x_wconf 82' lang='grc' dir='ltr'>ὅρα</span> <span class='ocrx_word' id='word_1_100' title='bbox 1539 1459 1637 1527; x_wconf 82' lang='grc' dir='ltr'>τῆς</span> <span class='ocrx_word' id='word_1_101' title='bbox 1660 1457 1889 1526; x_wconf 79' lang='grc' dir='ltr'>ἀπειλῆς</span> <span class='ocrx_word' id='word_1_102' title='bbox 1912 1457 1973 1509; x_wconf 85' lang='grc' dir='ltr'>τὸ</span> <span class='ocrx_word' id='word_1_103' title='bbox 1999 1456 2246 1527; x_wconf 84' lang='grc' dir='ltr'>μέγεθος,</span> 
     </span>
    </p>
   </div>
   <div class='ocr_carea' id='block_1_14' title="bbox 587 1539 2247 1616">
    <p class='ocr_par' dir='ltr' id='par_1_14' title="bbox 587 1539 2247 1616">
     <span class='ocr_line' id='line_1_14' title="bbox 587 1539 2247 1616; baseline 0.002 -23"><span class='ocrx_word' id='word_1_104' title='bbox 587 1542 681 1594; x_wconf 78' lang='grc' dir='ltr'>καὶ</span> <span class='ocrx_word' id='word_1_105' title='bbox 710 1543 854 1605; x_wconf 75' lang='grc' dir='ltr'>οἴους</span> <span class='ocrx_word' id='word_1_106' title='bbox 891 1543 1129 1605; x_wconf 76' lang='grc' dir='ltr'>δικαίους</span> <span class='ocrx_word' id='word_1_107' title='bbox 1163 1545 1243 1606; x_wconf 89' lang='grc' dir='ltr'>είς</span> <span class='ocrx_word' id='word_1_108' title='bbox 1276 1543 1437 1613; x_wconf 81' lang='grc' dir='ltr'>μέσον</span> <span class='ocrx_word' id='word_1_109' title='bbox 1468 1546 1815 1616; x_wconf 82' lang='grc' dir='ltr'>παρήγαγεν.</span> <span class='ocrx_word' id='word_1_110' title='bbox 1858 1544 2072 1615; x_wconf 81' lang='grc' dir='ltr'>Ἐπειδὴ</span> <span class='ocrx_word' id='word_1_111' title='bbox 2104 1539 2247 1597; x_wconf 72' lang='grc' dir='ltr'>οὗτοι</span> 
     </span>
    </p>
   </div>
   <div class='ocr_carea' id='block_1_15' title="bbox 585 1628 2247 1703">
    <p class='ocr_par' dir='ltr' id='par_1_15' title="bbox 585 1628 2247 1703">
     <span class='ocr_line' id='line_1_15' title="bbox 585 1628 2247 1703; baseline 0.002 -23"><span class='ocrx_word' id='word_1_112' title='bbox 585 1628 693 1697; x_wconf 85' lang='grc' dir='ltr'>γάρ</span> <span class='ocrx_word' id='word_1_113' title='bbox 717 1628 855 1681; x_wconf 86' lang='grc' dir='ltr'>κατά</span> <span class='ocrx_word' id='word_1_114' title='bbox 879 1630 1069 1701; x_wconf 85' lang='grc' dir='ltr'>καιρὸν</span> <span class='ocrx_word' id='word_1_115' title='bbox 1100 1632 1193 1683; x_wconf 72' lang='grc' dir='ltr'>καὶ</span> <span class='ocrx_word' id='word_1_116' title='bbox 1228 1633 1433 1703; x_wconf 78' lang='grc' dir='ltr'>ἑτέροις</span> <span class='ocrx_word' id='word_1_117' title='bbox 1479 1633 1749 1703; x_wconf 76' lang='grc' dir='ltr'>σωτηρίας</span> <span class='ocrx_word' id='word_1_118' title='bbox 1789 1632 2046 1695; x_wconf 83' lang='grc' dir='ltr'>ὑπόθεσις</span> <span class='ocrx_word' id='word_1_119' title='bbox 2088 1631 2247 1699; x_wconf 82' lang='grc' dir='ltr'>γεγό-</span> 
     </span>
    </p>
   </div>
   <div class='ocr_carea' id='block_1_16' title="bbox 584 1718 2246 1790">
    <p class='ocr_par' dir='ltr' id='par_1_16' title="bbox 584 1718 2246 1790">
     <span class='ocr_line' id='line_1_16' title="bbox 584 1718 2246 1790; baseline 0.002 -23"><span class='ocrx_word' id='word_1_120' title='bbox 584 1732 753 1769; x_wconf 72' lang='grc' dir='ltr'>νασινο</span> <span class='ocrx_word' id='word_1_121' title='bbox 786 1718 815 1770; x_wconf 84' lang='grc' dir='ltr'><strong>ὅ</strong></span> <span class='ocrx_word' id='word_1_122' title='bbox 841 1734 898 1769; x_wconf 88' lang='grc' dir='ltr'>τε</span> <span class='ocrx_word' id='word_1_123' title='bbox 926 1718 1034 1787; x_wconf 86' lang='grc' dir='ltr'>γὰρ</span> <span class='ocrx_word' id='word_1_124' title='bbox 1061 1718 1204 1781; x_wconf 88' lang='grc' dir='ltr'>Νῶε,</span> <span class='ocrx_word' id='word_1_125' title='bbox 1227 1720 1319 1772; x_wconf 82' lang='grc' dir='ltr'>τοῦ</span> <span class='ocrx_word' id='word_1_126' title='bbox 1337 1720 1566 1790; x_wconf 86' lang='grc' dir='ltr'>φοϐεροῦ</span> <span class='ocrx_word' id='word_1_127' title='bbox 1592 1720 1884 1772; x_wconf 79' lang='grc' dir='ltr'>κλυδωνίου</span> <span class='ocrx_word' id='word_1_128' title='bbox 1916 1718 2121 1771; x_wconf 88' lang='grc' dir='ltr'>ἐκείνου</span> <span class='ocrx_word' id='word_1_129' title='bbox 2147 1718 2246 1787; x_wconf 86' lang='grc' dir='ltr'>τὴν</span> 
     </span>
    </p>
   </div>
   <div class='ocr_carea' id='block_1_17' title="bbox 582 1802 2242 1874">
    <p class='ocr_par' dir='ltr' id='par_1_17' title="bbox 582 1802 2242 1874">
     <span class='ocr_line' id='line_1_17' title="bbox 582 1802 2242 1874; baseline 0.001 -21"><span class='ocrx_word' id='word_1_130' title='bbox 582 1804 728 1854; x_wconf 88' lang='grc' dir='ltr'>οίκου</span> <span class='ocrx_word' id='word_1_131' title='bbox 737 1802 903 1872; x_wconf 83' lang='grc' dir='ltr'>μένην</span> <span class='ocrx_word' id='word_1_132' title='bbox 919 1806 1323 1873; x_wconf 78' lang='grc' dir='ltr'>κατειληφότος,</span> <span class='ocrx_word' id='word_1_133' title='bbox 1351 1808 1445 1858; x_wconf 78' lang='grc' dir='ltr'>καὶ</span> <span class='ocrx_word' id='word_1_134' title='bbox 1462 1806 1559 1874; x_wconf 82' lang='grc' dir='ltr'>τὴν</span> <span class='ocrx_word' id='word_1_135' title='bbox 1579 1807 1808 1872; x_wconf 87' lang='grc' dir='ltr'>γυναῖκα</span> <span class='ocrx_word' id='word_1_136' title='bbox 1823 1804 1916 1857; x_wconf 76' lang='grc' dir='ltr'>καὶ</span> <span class='ocrx_word' id='word_1_137' title='bbox 1939 1805 2063 1867; x_wconf 74' lang='grc' dir='ltr'>τοὺς</span> <span class='ocrx_word' id='word_1_138' title='bbox 2095 1805 2242 1867; x_wconf 82' lang='grc' dir='ltr'>υἱοὺς</span> 
     </span>
    </p>
   </div>
   <div class='ocr_carea' id='block_1_18' title="bbox 583 1888 2243 1963">
    <p class='ocr_par' dir='ltr' id='par_1_18' title="bbox 583 1888 2243 1963">
     <span class='ocr_line' id='line_1_18' title="bbox 583 1888 2243 1963; baseline 0.002 -24"><span class='ocrx_word' id='word_1_139' title='bbox 583 1888 771 1940; x_wconf 79' lang='grc' dir='ltr'>ἔσωσε·</span> <span class='ocrx_word' id='word_1_140' title='bbox 796 1891 886 1942; x_wconf 79' lang='grc' dir='ltr'>καὶ</span> <span class='ocrx_word' id='word_1_141' title='bbox 923 1893 950 1943; x_wconf 91' lang='grc' dir='ltr'>ό</span> <span class='ocrx_word' id='word_1_142' title='bbox 994 1890 1111 1943; x_wconf 80' lang='grc' dir='ltr'>Ἰὼϐ</span> <span class='ocrx_word' id='word_1_143' title='bbox 1140 1892 1338 1961; x_wconf 72' lang='grc' dir='ltr'>ὁμοίως</span> <span class='ocrx_word' id='word_1_144' title='bbox 1367 1893 1456 1945; x_wconf 78' lang='grc' dir='ltr'>καὶ</span> <span class='ocrx_word' id='word_1_145' title='bbox 1495 1893 1698 1963; x_wconf 79' lang='grc' dir='ltr'>ἑτέροις</span> <span class='ocrx_word' id='word_1_146' title='bbox 1737 1891 2008 1962; x_wconf 77' lang='grc' dir='ltr'>σωτηρίας</span> <span class='ocrx_word' id='word_1_147' title='bbox 2047 1890 2243 1943; x_wconf 83' lang='grc' dir='ltr'>ὑπόθε-</span> 
     </span>
    </p>
   </div>
   <div class='ocr_carea' id='block_1_19' title="bbox 584 1976 2241 2049">
    <p class='ocr_par' dir='ltr' id='par_1_19' title="bbox 584 1976 2241 2049">
     <span class='ocr_line' id='line_1_19' title="bbox 584 1976 2241 2049; baseline 0.002 -24"><span class='ocrx_word' id='word_1_148' title='bbox 584 1990 667 2037; x_wconf 88' lang='grc' dir='ltr'>σις</span> <span class='ocrx_word' id='word_1_149' title='bbox 704 1976 913 2043; x_wconf 84' lang='grc' dir='ltr'>γέγονε·</span> <span class='ocrx_word' id='word_1_150' title='bbox 945 1977 1038 2030; x_wconf 75' lang='grc' dir='ltr'>καὶ</span> <span class='ocrx_word' id='word_1_151' title='bbox 1066 1981 1092 2031; x_wconf 93' lang='lat'>6</span> <span class='ocrx_word' id='word_1_152' title='bbox 1115 1978 1312 2049; x_wconf 87' lang='grc' dir='ltr'>Δανιὴλ</span> <span class='ocrx_word' id='word_1_153' title='bbox 1341 1979 1397 2032; x_wconf 80' lang='grc' dir='ltr'>δὲ</span> <span class='ocrx_word' id='word_1_154' title='bbox 1423 1979 1648 2041; x_wconf 76' lang='grc' dir='ltr'>πολλοὺς</span> <span class='ocrx_word' id='word_1_155' title='bbox 1680 1978 1956 2049; x_wconf 81' lang='grc' dir='ltr'>ἐξήρπασε</span> <span class='ocrx_word' id='word_1_156' title='bbox 1989 1977 2241 2039; x_wconf 86' lang='grc' dir='ltr'>θανάτου,</span> 
     </span>
    </p>
   </div>
   <div class='ocr_carea' id='block_1_20' title="bbox 581 2062 2243 2136">
    <p class='ocr_par' dir='ltr' id='par_1_20' title="bbox 581 2062 2243 2136">
     <span class='ocr_line' id='line_1_20' title="bbox 581 2062 2243 2136; baseline 0.003 -24"><span class='ocrx_word' id='word_1_157' title='bbox 581 2062 742 2131; x_wconf 77' lang='grc' dir='ltr'>⁴ὴνίκα</span> <span class='ocrx_word' id='word_1_158' title='bbox 764 2066 792 2115; x_wconf 92' lang='lat'>6</span> <span class='ocrx_word' id='word_1_159' title='bbox 820 2063 1090 2134; x_wconf 87' lang='grc' dir='ltr'>βάρϐαρος</span> <span class='ocrx_word' id='word_1_160' title='bbox 1117 2067 1321 2129; x_wconf 79' lang='grc' dir='ltr'>ἐκεῖνος</span> <span class='ocrx_word' id='word_1_161' title='bbox 1344 2065 1617 2135; x_wconf 79' lang='grc' dir='ltr'>ἐπιζητῶν</span> <span class='ocrx_word' id='word_1_162' title='bbox 1633 2065 1701 2119; x_wconf 89' lang='grc' dir='ltr'>τά</span> <span class='ocrx_word' id='word_1_163' title='bbox 1732 2064 1868 2135; x_wconf 83' lang='grc' dir='ltr'>ὑπὲρ</span> <span class='ocrx_word' id='word_1_164' title='bbox 1902 2064 2243 2136; x_wconf 77' lang='grc' dir='ltr'>ἀνθρωπίνην</span> 
     </span>
    </p>
   </div>
   <div class='ocr_carea' id='block_1_21' title="bbox 582 2142 2242 2226">
    <p class='ocr_par' dir='ltr' id='par_1_21' title="bbox 582 2142 2242 2226">
     <span class='ocr_line' id='line_1_21' title="bbox 582 2142 2242 2226; baseline 0.002 -24"><span class='ocrx_word' id='word_1_165' title='bbox 582 2150 741 2218; x_wconf 88' lang='grc' dir='ltr'>φύσιν</span> <span class='ocrx_word' id='word_1_166' title='bbox 759 2142 1112 2222; x_wconf 78' lang='grc' dir='ltr'>τυγχάνοντα,</span> <span class='ocrx_word' id='word_1_167' title='bbox 1131 2156 1339 2208; x_wconf 81' lang='grc' dir='ltr'>ἀνελεῖν</span> <span class='ocrx_word' id='word_1_168' title='bbox 1361 2156 1635 2226; x_wconf 76' lang='grc' dir='ltr'>ἐπεχείρει</span> <span class='ocrx_word' id='word_1_169' title='bbox 1658 2156 1781 2217; x_wconf 78' lang='grc' dir='ltr'>τοὺς</span> <span class='ocrx_word' id='word_1_170' title='bbox 1809 2153 2124 2217; x_wconf 83' lang='grc' dir='ltr'>Χαλδαίους,</span> <span class='ocrx_word' id='word_1_171' title='bbox 2150 2155 2242 2206; x_wconf 78' lang='grc' dir='ltr'>καὶ</span> 
     </span>
    </p>
   </div>
   <div class='ocr_carea' id='block_1_22' title="bbox 579 2237 1632 2314">
    <p class='ocr_par' dir='ltr' id='par_1_22' title="bbox 579 2237 1632 2314">
     <span class='ocr_line' id='line_1_22' title="bbox 579 2237 1632 2314; baseline 0.009 -26"><span class='ocrx_word' id='word_1_172' title='bbox 579 2237 705 2300; x_wconf 77' lang='grc' dir='ltr'>τοὺς</span> <span class='ocrx_word' id='word_1_173' title='bbox 737 2239 959 2306; x_wconf 78' lang='grc' dir='ltr'>Μάγους</span> <span class='ocrx_word' id='word_1_174' title='bbox 992 2241 1088 2294; x_wconf 78' lang='grc' dir='ltr'>καὶ</span> <span class='ocrx_word' id='word_1_175' title='bbox 1119 2243 1244 2306; x_wconf 77' lang='grc' dir='ltr'>τοὺς</span> <span class='ocrx_word' id='word_1_176' title='bbox 1269 2242 1632 2314; x_wconf 78' lang='grc' dir='ltr'>Γαζαρηνούς.</span> 
     </span>
    </p>
   </div>
   <div class='ocr_carea' id='block_1_23' title="bbox 651 2325 2240 2403">
    <p class='ocr_par' dir='ltr' id='par_1_23' title="bbox 651 2325 2240 2403">
     <span class='ocr_line' id='line_1_23' title="bbox 651 2325 2240 2403; baseline 0.001 -23"><span class='ocrx_word' id='word_1_177' title='bbox 651 2325 717 2396; x_wconf 81' lang='grc' dir='ltr'>β’.</span> <span class='ocrx_word' id='word_1_178' title='bbox 757 2329 866 2381; x_wconf 76' lang='grc' dir='ltr'>Καὶ</span> <span class='ocrx_word' id='word_1_179' title='bbox 901 2328 989 2382; x_wconf 84' lang='grc' dir='ltr'>ἴνα</span> <span class='ocrx_word' id='word_1_180' title='bbox 1041 2330 1115 2400; x_wconf 90' lang='grc' dir='ltr'>μὴ</span> <span class='ocrx_word' id='word_1_181' title='bbox 1166 2331 1477 2401; x_wconf 88' lang='grc' dir='ltr'>νομίσωμεν</span> <span class='ocrx_word' id='word_1_182' title='bbox 1532 2334 1615 2386; x_wconf 84' lang='grc' dir='ltr'>ὅτι</span> <span class='ocrx_word' id='word_1_183' title='bbox 1660 2334 1754 2387; x_wconf 74' lang='grc' dir='ltr'>καὶ</span> <span class='ocrx_word' id='word_1_184' title='bbox 1791 2335 1848 2386; x_wconf 87' lang='grc' dir='ltr'>ἐν</span> <span class='ocrx_word' id='word_1_185' title='bbox 1885 2332 1962 2403; x_wconf 80' lang='grc' dir='ltr'>τῷ</span> <span class='ocrx_word' id='word_1_186' title='bbox 1997 2331 2240 2402; x_wconf 86' lang='grc' dir='ltr'>μέλλοντι</span> 
     </span>
    </p>
   </div>
   <div class='ocr_carea' id='block_1_24' title="bbox 578 2413 2239 2492">
    <p class='ocr_par' dir='ltr' id='par_1_24' title="bbox 578 2413 2239 2492">
     <span class='ocr_line' id='line_1_24' title="bbox 578 2413 2239 2492; baseline 0.002 -25"><span class='ocrx_word' id='word_1_187' title='bbox 578 2413 735 2467; x_wconf 72' lang='grc' dir='ltr'>αἰῶνι</span> <span class='ocrx_word' id='word_1_188' title='bbox 777 2416 925 2469; x_wconf 74' lang='grc' dir='ltr'>ἔσται</span> <span class='ocrx_word' id='word_1_189' title='bbox 977 2417 1099 2470; x_wconf 89' lang='grc' dir='ltr'>τινά</span> <span class='ocrx_word' id='word_1_190' title='bbox 1150 2418 1393 2483; x_wconf 79' lang='grc' dir='ltr'>τοιαῦτα,</span> <span class='ocrx_word' id='word_1_191' title='bbox 1428 2421 1520 2473; x_wconf 76' lang='grc' dir='ltr'>καὶ</span> <span class='ocrx_word' id='word_1_192' title='bbox 1574 2424 1622 2474; x_wconf 86' lang='grc' dir='ltr'>οἱ</span> <span class='ocrx_word' id='word_1_193' title='bbox 1664 2423 1903 2492; x_wconf 81' lang='grc' dir='ltr'>ἐνάρετοι</span> <span class='ocrx_word' id='word_1_194' title='bbox 1959 2421 2053 2473; x_wconf 77' lang='grc' dir='ltr'>καὶ</span> <span class='ocrx_word' id='word_1_195' title='bbox 2101 2420 2239 2489; x_wconf 79' lang='grc' dir='ltr'>παρ⁴</span> 
     </span>
    </p>
   </div>
   <div class='ocr_carea' id='block_1_25' title="bbox 580 2504 2241 2575">
    <p class='ocr_par' dir='ltr' id='par_1_25' title="bbox 580 2504 2241 2575">
     <span class='ocr_line' id='line_1_25' title="bbox 580 2504 2241 2575; baseline 0 -19"><span class='ocrx_word' id='word_1_196' title='bbox 580 2504 773 2575; x_wconf 81' lang='grc' dir='ltr'>ῥησίαν</span> <span class='ocrx_word' id='word_1_197' title='bbox 800 2504 1014 2572; x_wconf 77' lang='grc' dir='ltr'>ἔχοντες</span> <span class='ocrx_word' id='word_1_198' title='bbox 1043 2508 1167 2568; x_wconf 86' lang='grc' dir='ltr'>τοὺς</span> <span class='ocrx_word' id='word_1_199' title='bbox 1200 2506 1335 2575; x_wconf 84' lang='grc' dir='ltr'>μετά</span> <span class='ocrx_word' id='word_1_200' title='bbox 1381 2506 1651 2575; x_wconf 70' lang='grc' dir='ltr'>ῥᾳθυμίας</span> <span class='ocrx_word' id='word_1_201' title='bbox 1688 2506 1920 2558; x_wconf 78' lang='grc' dir='ltr'>ἐνταῦθα</span> <span class='ocrx_word' id='word_1_202' title='bbox 1960 2505 2241 2572; x_wconf 84' lang='grc' dir='ltr'>διάγοντας</span> 
     </span>
    </p>
   </div>
   <div class='ocr_carea' id='block_1_26' title="bbox 577 2590 2241 2661">
    <p class='ocr_par' dir='ltr' id='par_1_26' title="bbox 577 2590 2241 2661">
     <span class='ocr_line' id='line_1_26' title="bbox 577 2590 2241 2661; baseline 0.001 -19"><span class='ocrx_word' id='word_1_203' title='bbox 577 2590 934 2659; x_wconf 70' lang='grc' dir='ltr'>ἐλευθερῶσαι</span> <span class='ocrx_word' id='word_1_204' title='bbox 988 2591 1089 2660; x_wconf 83' lang='grc' dir='ltr'>τῆς</span> <span class='ocrx_word' id='word_1_205' title='bbox 1147 2592 1263 2642; x_wconf 85' lang='grc' dir='ltr'>ἐκεῖ</span> <span class='ocrx_word' id='word_1_206' title='bbox 1298 2592 1563 2661; x_wconf 80' lang='grc' dir='ltr'>τιμωρίας</span> <span class='ocrx_word' id='word_1_207' title='bbox 1608 2592 1927 2661; x_wconf 77' lang='grc' dir='ltr'>δυνήσονται</span> <span class='ocrx_word' id='word_1_208' title='bbox 1985 2593 2108 2654; x_wconf 73' lang='grc' dir='ltr'>τοὺς</span> <span class='ocrx_word' id='word_1_209' title='bbox 2146 2593 2241 2644; x_wconf 84' lang='grc' dir='ltr'>αύ-</span> 
     </span>
    </p>
   </div>
   <div class='ocr_carea' id='block_1_27' title="bbox 576 2673 2235 2743">
    <p class='ocr_par' dir='ltr' id='par_1_27' title="bbox 576 2673 2235 2743">
     <span class='ocr_line' id='line_1_27' title="bbox 576 2673 2235 2743; baseline 0.002 -17"><span class='ocrx_word' id='word_1_210' title='bbox 576 2675 685 2727; x_wconf 80' lang='grc' dir='ltr'>τῶν</span> <span class='ocrx_word' id='word_1_211' title='bbox 749 2673 1121 2743; x_wconf 87' lang='grc' dir='ltr'>ἐπιτηδείους·</span> <span class='ocrx_word' id='word_1_212' title='bbox 1184 2675 1271 2728; x_wconf 83' lang='grc' dir='ltr'>διά</span> <span class='ocrx_word' id='word_1_213' title='bbox 1312 2676 1471 2728; x_wconf 85' lang='grc' dir='ltr'>τοῦτο</span> <span class='ocrx_word' id='word_1_214' title='bbox 1526 2679 1651 2740; x_wconf 69' lang='grc' dir='ltr'>τοὺς</span> <span class='ocrx_word' id='word_1_215' title='bbox 1715 2677 1955 2740; x_wconf 84' lang='grc' dir='ltr'>δικαίους</span> <span class='ocrx_word' id='word_1_216' title='bbox 2015 2677 2235 2741; x_wconf 81' lang='grc' dir='ltr'>τούτους</span> 
     </span>
    </p>
   </div>
   <div class='ocr_carea' id='block_1_28' title="bbox 578 2761 2239 2834">
    <p class='ocr_par' dir='ltr' id='par_1_28' title="bbox 578 2761 2239 2834">
     <span class='ocr_line' id='line_1_28' title="bbox 578 2761 2239 2834; baseline 0.001 -19"><span class='ocrx_word' id='word_1_217' title='bbox 578 2761 898 2833; x_wconf 86' lang='grc' dir='ltr'>παρήγαγεν</span> <span class='ocrx_word' id='word_1_218' title='bbox 943 2762 1097 2831; x_wconf 76' lang='grc' dir='ltr'>ἡμῖν,</span> <span class='ocrx_word' id='word_1_219' title='bbox 1140 2761 1230 2814; x_wconf 83' lang='grc' dir='ltr'>τὸν</span> <span class='ocrx_word' id='word_1_220' title='bbox 1286 2762 1449 2830; x_wconf 90' lang='grc' dir='ltr'>φόϐον</span> <span class='ocrx_word' id='word_1_221' title='bbox 1493 2766 1625 2833; x_wconf 78' lang='grc' dir='ltr'>ἡμῖν</span> <span class='ocrx_word' id='word_1_222' title='bbox 1668 2764 2097 2834; x_wconf 83' lang='grc' dir='ltr'>ἀνατεινόμενος,</span> <span class='ocrx_word' id='word_1_223' title='bbox 2145 2765 2239 2817; x_wconf 75' lang='grc' dir='ltr'>καὶ</span> 
     </span>
    </p>
   </div>
   <div class='ocr_carea' id='block_1_29' title="bbox 576 2847 2234 2921">
    <p class='ocr_par' dir='ltr' id='par_1_29' title="bbox 576 2847 2234 2921">
     <span class='ocr_line' id='line_1_29' title="bbox 576 2847 2234 2921; baseline 0.002 -21"><span class='ocrx_word' id='word_1_224' title='bbox 576 2847 849 2902; x_wconf 80' lang='grc' dir='ltr'>παιδεύων</span> <span class='ocrx_word' id='word_1_225' title='bbox 883 2849 940 2900; x_wconf 90' lang='grc' dir='ltr'>ἐν</span> <span class='ocrx_word' id='word_1_226' title='bbox 972 2850 1083 2912; x_wconf 84' lang='grc' dir='ltr'>τοῖς</span> <span class='ocrx_word' id='word_1_227' title='bbox 1123 2849 1342 2913; x_wconf 85' lang='grc' dir='ltr'>οἰκείοις</span> <span class='ocrx_word' id='word_1_228' title='bbox 1373 2849 1760 2921; x_wconf 82' lang='grc' dir='ltr'>κατορθώμασι</span> <span class='ocrx_word' id='word_1_229' title='bbox 1793 2850 1933 2920; x_wconf 87' lang='grc' dir='ltr'>μετά</span> <span class='ocrx_word' id='word_1_230' title='bbox 1970 2850 2064 2919; x_wconf 80' lang='grc' dir='ltr'>τὴν</span> <span class='ocrx_word' id='word_1_231' title='bbox 2094 2850 2234 2904; x_wconf 82' lang='grc' dir='ltr'>ἄνω-</span> 
     </span>
    </p>
   </div>
   <div class='ocr_carea' id='block_1_30' title="bbox 574 2935 2237 3009">
    <p class='ocr_par' dir='ltr' id='par_1_30' title="bbox 574 2935 2237 3009">
     <span class='ocr_line' id='line_1_30' title="bbox 574 2935 2237 3009; baseline 0.002 -20"><span class='ocrx_word' id='word_1_232' title='bbox 574 2935 668 2989; x_wconf 89' lang='grc' dir='ltr'>θεν</span> <span class='ocrx_word' id='word_1_233' title='bbox 711 2935 869 3007; x_wconf 82' lang='grc' dir='ltr'>χάριν</span> <span class='ocrx_word' id='word_1_234' title='bbox 918 2935 1015 2999; x_wconf 78' lang='grc' dir='ltr'>τὰς</span> <span class='ocrx_word' id='word_1_235' title='bbox 1047 2936 1264 2999; x_wconf 87' lang='grc' dir='ltr'>ἐλπίδας</span> <span class='ocrx_word' id='word_1_236' title='bbox 1305 2937 1405 3006; x_wconf 81' lang='grc' dir='ltr'>τῆς</span> <span class='ocrx_word' id='word_1_237' title='bbox 1441 2938 1718 3009; x_wconf 83' lang='grc' dir='ltr'>σωτηρίας</span> <span class='ocrx_word' id='word_1_238' title='bbox 1753 2938 1910 3008; x_wconf 84' lang='grc' dir='ltr'>ἡμῶν</span> <span class='ocrx_word' id='word_1_239' title='bbox 1950 2938 2112 3008; x_wconf 79' lang='grc' dir='ltr'>ἔχειν,</span> <span class='ocrx_word' id='word_1_240' title='bbox 2143 2941 2237 2992; x_wconf 82' lang='grc' dir='ltr'>καὶ</span> 
     </span>
    </p>
   </div>
   <div class='ocr_carea' id='block_1_31' title="bbox 575 3022 2236 3095">
    <p class='ocr_par' dir='ltr' id='par_1_31' title="bbox 575 3022 2236 3095">
     <span class='ocr_line' id='line_1_31' title="bbox 575 3022 2236 3095; baseline 0.003 -22"><span class='ocrx_word' id='word_1_241' title='bbox 575 3023 714 3094; x_wconf 80' lang='grc' dir='ltr'>μήτε</span> <span class='ocrx_word' id='word_1_242' title='bbox 745 3022 834 3074; x_wconf 79' lang='grc' dir='ltr'>ἐπὶ</span> <span class='ocrx_word' id='word_1_243' title='bbox 867 3023 1142 3093; x_wconf 88' lang='grc' dir='ltr'>προγόνων</span> <span class='ocrx_word' id='word_1_244' title='bbox 1187 3024 1352 3095; x_wconf 82' lang='grc' dir='ltr'>ἀρετῇ</span> <span class='ocrx_word' id='word_1_245' title='bbox 1414 3024 1557 3092; x_wconf 90' lang='grc' dir='ltr'>μέγα</span> <span class='ocrx_word' id='word_1_246' title='bbox 1593 3026 1811 3094; x_wconf 68' lang='grc' dir='ltr'>φρονεῖ)</span> <span class='ocrx_word' id='word_1_247' title='bbox 1845 3025 1893 3088; x_wconf 75' lang='grc'>⁸,</span> <span class='ocrx_word' id='word_1_248' title='bbox 1919 3026 1967 3077; x_wconf 86' lang='grc' dir='ltr'>εί</span> <span class='ocrx_word' id='word_1_249' title='bbox 1996 3025 2151 3077; x_wconf 73' lang='grc' dir='ltr'>αὐτοὶ</span> <span class='ocrx_word' id='word_1_250' title='bbox 2179 3026 2236 3079; x_wconf 87' lang='grc' dir='ltr'>ἐν</span> 
     </span>
    </p>
   </div>
   <div class='ocr_carea' id='block_1_32' title="bbox 574 3109 2235 3181">
    <p class='ocr_par' dir='ltr' id='par_1_32' title="bbox 574 3109 2235 3181">
     <span class='ocr_line' id='line_1_32' title="bbox 574 3109 2235 3181; baseline 0.003 -21"><span class='ocrx_word' id='word_1_251' title='bbox 574 3109 744 3179; x_wconf 70' lang='grc' dir='ltr'>κακία</span> <span class='ocrx_word' id='word_1_252' title='bbox 767 3109 1106 3178; x_wconf 74' lang='grc' dir='ltr'>τυγχάνομεν</span> <span class='ocrx_word' id='word_1_253' title='bbox 1153 3109 1330 3172; x_wconf 72' lang='grc' dir='ltr'>ὄντες,</span> <span class='ocrx_word' id='word_1_254' title='bbox 1388 3111 1523 3181; x_wconf 86' lang='grc' dir='ltr'>μήτε</span> <span class='ocrx_word' id='word_1_255' title='bbox 1574 3111 1659 3163; x_wconf 78' lang='grc' dir='ltr'>ἐπ’</span> <span class='ocrx_word' id='word_1_256' title='bbox 1690 3110 1835 3181; x_wconf 84' lang='grc' dir='ltr'>ἄλλῳ</span> <span class='ocrx_word' id='word_1_257' title='bbox 1884 3112 2010 3174; x_wconf 73' lang='grc' dir='ltr'>τινὶ,</span> <span class='ocrx_word' id='word_1_258' title='bbox 2037 3111 2151 3164; x_wconf 83' lang='grc' dir='ltr'>ἀλλ’</span> <span class='ocrx_word' id='word_1_259' title='bbox 2178 3111 2235 3165; x_wconf 80' lang='grc' dir='ltr'>ἓν</span> 
     </span>
    </p>
   </div>
   <div class='ocr_carea' id='block_1_33' title="bbox 572 3194 2235 3272">
    <p class='ocr_par' dir='ltr' id='par_1_33' title="bbox 572 3194 2235 3272">
     <span class='ocr_line' id='line_1_33' title="bbox 572 3194 2235 3272; baseline 0.004 -24"><span class='ocrx_word' id='word_1_260' title='bbox 572 3194 730 3249; x_wconf 82' lang='grc' dir='ltr'>τοῦτο</span> <span class='ocrx_word' id='word_1_261' title='bbox 757 3195 914 3266; x_wconf 85' lang='grc' dir='ltr'>μόνον</span> <span class='ocrx_word' id='word_1_262' title='bbox 944 3197 1278 3260; x_wconf 75' lang='grc' dir='ltr'>σπουδάζειν·</span> <span class='ocrx_word' id='word_1_263' title='bbox 1316 3197 1418 3251; x_wconf 81' lang='grc' dir='ltr'>κᾶν</span> <span class='ocrx_word' id='word_1_264' title='bbox 1448 3200 1743 3270; x_wconf 81' lang='grc' dir='ltr'>προγόνους</span> <span class='ocrx_word' id='word_1_265' title='bbox 1775 3195 1922 3272; x_wconf 81' lang='grc' dir='ltr'>ὦμεν</span> <span class='ocrx_word' id='word_1_266' title='bbox 1952 3201 2235 3272; x_wconf 77' lang='grc' dir='ltr'>ἐναρέτους</span> 
     </span>
    </p>
   </div>
   <div class='ocr_carea' id='block_1_34' title="bbox 576 3281 2235 3358">
    <p class='ocr_par' dir='ltr' id='par_1_34' title="bbox 576 3281 2235 3358">
     <span class='ocr_line' id='line_1_34' title="bbox 576 3281 2235 3358; baseline 0.002 -22"><span class='ocrx_word' id='word_1_267' title='bbox 576 3281 727 3354; x_wconf 67' lang='grc'>[457]</span> <span class='ocrx_word' id='word_1_268' title='bbox 773 3282 1079 3352; x_wconf 76' lang='grc' dir='ltr'>ἐσχηκότες,</span> <span class='ocrx_word' id='word_1_269' title='bbox 1142 3284 1423 3353; x_wconf 88' lang='grc' dir='ltr'>μιμεῖσθαι</span> <span class='ocrx_word' id='word_1_270' title='bbox 1450 3286 1625 3338; x_wconf 84' lang='grc' dir='ltr'>αὐτῶν</span> <span class='ocrx_word' id='word_1_271' title='bbox 1649 3286 1749 3357; x_wconf 88' lang='grc' dir='ltr'>τὴν</span> <span class='ocrx_word' id='word_1_272' title='bbox 1780 3288 1999 3358; x_wconf 79' lang='grc' dir='ltr'>ἀρετήν·</span> <span class='ocrx_word' id='word_1_273' title='bbox 2039 3286 2142 3340; x_wconf 69' lang='grc' dir='ltr'>κᾶν</span> <span class='ocrx_word' id='word_1_274' title='bbox 2174 3286 2235 3340; x_wconf 88' lang='lat'>:6</span> 
     </span>
    </p>
   </div>
   <div class='ocr_carea' id='block_1_35' title="bbox 573 3367 2231 3443">
    <p class='ocr_par' dir='ltr' id='par_1_35' title="bbox 573 3367 2231 3443">
     <span class='ocr_line' id='line_1_35' title="bbox 573 3367 2231 3443; baseline 0.001 -20"><span class='ocrx_word' id='word_1_275' title='bbox 573 3371 813 3424; x_wconf 87' lang='grc' dir='ltr'>ἐναντίον</span> <span class='ocrx_word' id='word_1_276' title='bbox 841 3371 1004 3426; x_wconf 85' lang='grc' dir='ltr'>πάλιν</span> <span class='ocrx_word' id='word_1_277' title='bbox 1032 3370 1327 3441; x_wconf 69' lang='grc' dir='ltr'>συμϐαίηιι,</span> <span class='ocrx_word' id='word_1_278' title='bbox 1358 3372 1451 3425; x_wconf 74' lang='grc' dir='ltr'>καὶ</span> <span class='ocrx_word' id='word_1_279' title='bbox 1478 3372 1694 3440; x_wconf 84' lang='grc' dir='ltr'>φαύλων</span> <span class='ocrx_word' id='word_1_280' title='bbox 1736 3367 1884 3443; x_wconf 85' lang='grc' dir='ltr'>ὦμεν</span> <span class='ocrx_word' id='word_1_281' title='bbox 1931 3373 2231 3443; x_wconf 90' lang='grc' dir='ltr'>προγόνων,</span> 
     </span>
    </p>
   </div>
   <div class='ocr_carea' id='block_1_36' title="bbox 576 3456 2234 3530">
    <p class='ocr_par' dir='ltr' id='par_1_36' title="bbox 576 3456 2234 3530">
     <span class='ocr_line' id='line_1_36' title="bbox 576 3456 2234 3530; baseline 0.001 -20"><span class='ocrx_word' id='word_1_282' title='bbox 576 3456 652 3528; x_wconf 86' lang='grc' dir='ltr'>μὴ</span> <span class='ocrx_word' id='word_1_283' title='bbox 673 3457 987 3526; x_wconf 79' lang='grc' dir='ltr'>νομίζεινέκ</span> <span class='ocrx_word' id='word_1_284' title='bbox 1004 3456 1191 3510; x_wconf 88' lang='grc' dir='ltr'>τούτου</span> <span class='ocrx_word' id='word_1_285' title='bbox 1213 3475 1263 3511; x_wconf 91' lang='grc' dir='ltr'>τι</span> <span class='ocrx_word' id='word_1_286' title='bbox 1285 3458 1922 3527; x_wconf 86' lang='grc' dir='ltr'>παραϐλάπτεσθαι,άλλά</span> <span class='ocrx_word' id='word_1_287' title='bbox 1952 3458 2086 3530; x_wconf 82' lang='grc' dir='ltr'>πρὸς</span> <span class='ocrx_word' id='word_1_288' title='bbox 2108 3460 2234 3522; x_wconf 79' lang='grc' dir='ltr'>τοὺς</span> 
     </span>
    </p>
   </div>
   <div class='ocr_carea' id='block_1_37' title="bbox 571 3543 2233 3617">
    <p class='ocr_par' dir='ltr' id='par_1_37' title="bbox 571 3543 2233 3617">
     <span class='ocr_line' id='line_1_37' title="bbox 571 3543 2233 3617; baseline 0.002 -21"><span class='ocrx_word' id='word_1_289' title='bbox 571 3543 675 3612; x_wconf 82' lang='grc' dir='ltr'>τῆς</span> <span class='ocrx_word' id='word_1_290' title='bbox 701 3544 901 3614; x_wconf 85' lang='grc' dir='ltr'>ἀρετῆς</span> <span class='ocrx_word' id='word_1_291' title='bbox 950 3544 1144 3607; x_wconf 86' lang='grc' dir='ltr'>πόνους</span> <span class='ocrx_word' id='word_1_292' title='bbox 1190 3544 1606 3599; x_wconf 84' lang='grc' dir='ltr'>ἐπαποδύεσθαι·</span> <span class='ocrx_word' id='word_1_293' title='bbox 1657 3546 1808 3598; x_wconf 83' lang='grc' dir='ltr'>οὐδὲν</span> <span class='ocrx_word' id='word_1_294' title='bbox 1854 3546 1960 3617; x_wconf 88' lang='grc' dir='ltr'>γάρ</span> <span class='ocrx_word' id='word_1_295' title='bbox 2006 3548 2137 3617; x_wconf 74' lang='grc' dir='ltr'>ἡμῖν</span> <span class='ocrx_word' id='word_1_296' title='bbox 2169 3547 2233 3600; x_wconf 87' lang='grc' dir='ltr'>ἐκ</span> 
     </span>
    </p>
   </div>
   <div class='ocr_carea' id='block_1_38' title="bbox 572 3627 2228 3705">
    <p class='ocr_par' dir='ltr' id='par_1_38' title="bbox 572 3627 2228 3705">
     <span class='ocr_line' id='line_1_38' title="bbox 572 3627 2228 3705; baseline 0.002 -23"><span class='ocrx_word' id='word_1_297' title='bbox 572 3629 763 3683; x_wconf 86' lang='grc' dir='ltr'>τούτου</span> <span class='ocrx_word' id='word_1_298' title='bbox 814 3630 1005 3699; x_wconf 81' lang='grc' dir='ltr'>βλάϐος</span> <span class='ocrx_word' id='word_1_299' title='bbox 1037 3630 1208 3684; x_wconf 78' lang='grc' dir='ltr'>ἔσται.</span> <span class='ocrx_word' id='word_1_300' title='bbox 1240 3632 1506 3696; x_wconf 86' lang='grc' dir='ltr'>Ἕκαστος</span> <span class='ocrx_word' id='word_1_301' title='bbox 1546 3631 1654 3703; x_wconf 79' lang='grc' dir='ltr'>γὰρ</span> <span class='ocrx_word' id='word_1_302' title='bbox 1687 3633 1745 3699; x_wconf 78' lang='grc' dir='ltr'>ἐξ</span> <span class='ocrx_word' id='word_1_303' title='bbox 1775 3627 1849 3686; x_wconf 83' lang='grc' dir='ltr'>ὧν</span> <span class='ocrx_word' id='word_1_304' title='bbox 1883 3633 2228 3705; x_wconf 80' lang='grc' dir='ltr'>διεπράξατο,</span> 
     </span>
    </p>
   </div>
   <div class='ocr_carea' id='block_1_39' title="bbox 572 3715 2231 3792">
    <p class='ocr_par' dir='ltr' id='par_1_39' title="bbox 572 3715 2231 3792">
     <span class='ocr_line' id='line_1_39' title="bbox 572 3715 2231 3792; baseline 0.004 -23"><span class='ocrx_word' id='word_1_305' title='bbox 572 3717 605 3787; x_wconf 79' lang='grc' dir='ltr'><strong>ἢ</strong></span> <span class='ocrx_word' id='word_1_306' title='bbox 647 3715 1021 3785; x_wconf 83' lang='grc' dir='ltr'>στεφανοῦται,</span> <span class='ocrx_word' id='word_1_307' title='bbox 1055 3717 1088 3788; x_wconf 79' lang='grc' dir='ltr'><strong>ἢ</strong></span> <span class='ocrx_word' id='word_1_308' title='bbox 1124 3718 1528 3789; x_wconf 85' lang='grc' dir='ltr'>κατακρίνεται,</span> <span class='ocrx_word' id='word_1_309' title='bbox 1588 3719 1837 3792; x_wconf 86' lang='grc' dir='ltr'>καθάπερ</span> <span class='ocrx_word' id='word_1_310' title='bbox 1868 3722 1959 3775; x_wconf 75' lang='grc' dir='ltr'>καὶ</span> <span class='ocrx_word' id='word_1_311' title='bbox 1985 3724 2013 3774; x_wconf 95' lang='lat'>6</span> <span class='ocrx_word' id='word_1_312' title='bbox 2051 3720 2231 3791; x_wconf 85' lang='grc' dir='ltr'>μακά-</span> 
     </span>
    </p>
   </div>
   <div class='ocr_carea' id='block_1_40' title="bbox 573 3803 2235 3875">
    <p class='ocr_par' dir='ltr' id='par_1_40' title="bbox 573 3803 2235 3875">
     <span class='ocr_line' id='line_1_40' title="bbox 573 3803 2235 3875; baseline 0.004 -19"><span class='ocrx_word' id='word_1_313' title='bbox 573 3820 690 3875; x_wconf 90' lang='grc' dir='ltr'>ριος</span> <span class='ocrx_word' id='word_1_314' title='bbox 724 3803 932 3868; x_wconf 68' lang='lat' dir='ltr'>nam;</span> <span class='ocrx_word' id='word_1_315' title='bbox 951 3821 1134 3874; x_wconf 86' lang='grc' dir='ltr'>φησιν,</span> <span class='ocrx_word' id='word_1_316' title='bbox 1182 3804 1307 3858; x_wconf 86' lang='grc' dir='ltr'>Ἵνα</span> <span class='ocrx_word' id='word_1_317' title='bbox 1356 3806 1672 3875; x_wconf 82' lang='grc' dir='ltr'>κομίσηται</span> <span class='ocrx_word' id='word_1_318' title='bbox 1727 3807 1984 3873; x_wconf 78' lang='grc' dir='ltr'>ἕκαστος</span> <span class='ocrx_word' id='word_1_319' title='bbox 2029 3806 2099 3860; x_wconf 88' lang='grc' dir='ltr'>τὰ</span> <span class='ocrx_word' id='word_1_320' title='bbox 2136 3807 2235 3862; x_wconf 86' lang='grc' dir='ltr'>διὰ</span> 
     </span>
    </p>
   </div>
   <div class='ocr_carea' id='block_1_41' title="bbox 569 3889 2232 3963">
    <p class='ocr_par' dir='ltr' id='par_1_41' title="bbox 569 3889 2232 3963">
     <span class='ocr_line' id='line_1_41' title="bbox 569 3889 2232 3963; baseline 0.003 -19"><span class='ocrx_word' id='word_1_321' title='bbox 569 3890 677 3944; x_wconf 85' lang='grc' dir='ltr'>τοῦ</span> <span class='ocrx_word' id='word_1_322' title='bbox 714 3890 1005 3961; x_wconf 85' lang='grc' dir='ltr'>σώματος,</span> <span class='ocrx_word' id='word_1_323' title='bbox 1048 3891 1198 3959; x_wconf 77' lang='grc' dir='ltr'>πρὸς</span> <span class='ocrx_word' id='word_1_324' title='bbox 1237 3889 1277 3944; x_wconf 77' lang='grc' dir='ltr'>ά</span> <span class='ocrx_word' id='word_1_325' title='bbox 1299 3890 1561 3960; x_wconf 77' lang='grc' dir='ltr'>ἔπραξεν</span> <span class='ocrx_word' id='word_1_326' title='bbox 1585 3936 1599 3959; x_wconf 95' lang='grc'>,</span> <span class='ocrx_word' id='word_1_327' title='bbox 1638 3894 1758 3949; x_wconf 77' lang='grc' dir='ltr'>εἶτε</span> <span class='ocrx_word' id='word_1_328' title='bbox 1812 3895 2056 3963; x_wconf 73' lang='grc' dir='ltr'>ἀγαθὸν,</span> <span class='ocrx_word' id='word_1_329' title='bbox 2114 3895 2232 3949; x_wconf 78' lang='grc' dir='ltr'>εἴτε</span> 
     </span>
    </p>
   </div>
   <div class='ocr_carea' id='block_1_42' title="bbox 570 3977 2233 4052">
    <p class='ocr_par' dir='ltr' id='par_1_42' title="bbox 570 3977 2233 4052">
     <span class='ocr_line' id='line_1_42' title="bbox 570 3977 2233 4052; baseline 0.004 -21"><span class='ocrx_word' id='word_1_330' title='bbox 570 3979 779 4031; x_wconf 78' lang='grc' dir='ltr'>κακόν·</span> <span class='ocrx_word' id='word_1_331' title='bbox 804 3978 898 4030; x_wconf 72' lang='grc' dir='ltr'>καὶ</span> <span class='ocrx_word' id='word_1_332' title='bbox 926 3977 1107 4042; x_wconf 87' lang='grc' dir='ltr'>πάλιν,</span> <span class='ocrx_word' id='word_1_333' title='bbox 1138 3980 1237 4044; x_wconf 87' lang='grc' dir='ltr'>Ὃς</span> <span class='ocrx_word' id='word_1_334' title='bbox 1260 3979 1554 4033; x_wconf 76' lang='grc' dir='ltr'>ἀποδώσει</span> <span class='ocrx_word' id='word_1_335' title='bbox 1577 3981 1809 4047; x_wconf 76' lang='grc' dir='ltr'>ἑκάστῳ</span> <span class='ocrx_word' id='word_1_336' title='bbox 1828 3981 1976 4036; x_wconf 83' lang='grc' dir='ltr'>κατὰ</span> <span class='ocrx_word' id='word_1_337' title='bbox 2001 3983 2071 4035; x_wconf 85' lang='grc' dir='ltr'>τὰ</span> <span class='ocrx_word' id='word_1_338' title='bbox 2091 3984 2233 4052; x_wconf 79' lang='grc' dir='ltr'>ἔργα</span> 
     </span>
    </p>
   </div>
   <div class='ocr_carea' id='block_1_43' title="bbox 569 4063 2231 4138">
    <p class='ocr_par' dir='ltr' id='par_1_43' title="bbox 569 4063 2231 4138">
     <span class='ocr_line' id='line_1_43' title="bbox 569 4063 2231 4138; baseline 0.002 -21"><span class='ocrx_word' id='word_1_339' title='bbox 569 4063 776 4117; x_wconf 83' lang='grc' dir='ltr'>αὑτοῦ.</span> <span class='ocrx_word' id='word_1_340' title='bbox 809 4063 989 4131; x_wconf 81' lang='grc' dir='ltr'>Ἀπερ</span> <span class='ocrx_word' id='word_1_341' title='bbox 1018 4064 1231 4118; x_wconf 78' lang='grc' dir='ltr'>ἅπαντα</span> <span class='ocrx_word' id='word_1_342' title='bbox 1252 4065 1451 4128; x_wconf 86' lang='grc' dir='ltr'>εἰδότες</span> <span class='ocrx_word' id='word_1_343' title='bbox 1485 4064 1576 4121; x_wconf 74' lang='grc' dir='ltr'>καὶ</span> <span class='ocrx_word' id='word_1_344' title='bbox 1603 4069 1780 4121; x_wconf 83' lang='grc' dir='ltr'>πᾶσαν</span> <span class='ocrx_word' id='word_1_345' title='bbox 1802 4068 2074 4138; x_wconf 69' lang='grc' dir='ltr'>ῥαθυμίαν</span> <span class='ocrx_word' id='word_1_346' title='bbox 2098 4070 2231 4121; x_wconf 84' lang='grc' dir='ltr'>ἀπο-</span> 
     </span>
    </p>
   </div>
   <div class='ocr_carea' id='block_1_44' title="bbox 569 4149 2230 4225">
    <p class='ocr_par' dir='ltr' id='par_1_44' title="bbox 569 4149 2230 4225">
     <span class='ocr_line' id='line_1_44' title="bbox 569 4149 2230 4225; baseline 0.005 -23"><span class='ocrx_word' id='word_1_347' title='bbox 569 4149 933 4219; x_wconf 75' lang='grc' dir='ltr'>τιναξάμενοι,</span> <span class='ocrx_word' id='word_1_348' title='bbox 961 4149 1128 4202; x_wconf 82' lang='grc' dir='ltr'>πολὺν</span> <span class='ocrx_word' id='word_1_349' title='bbox 1155 4151 1254 4220; x_wconf 85' lang='grc' dir='ltr'>τῆς</span> <span class='ocrx_word' id='word_1_350' title='bbox 1281 4152 1480 4222; x_wconf 84' lang='grc' dir='ltr'>ἀρετῆς</span> <span class='ocrx_word' id='word_1_351' title='bbox 1521 4155 1871 4225; x_wconf 82' lang='grc' dir='ltr'>ποιησώμεθα</span> <span class='ocrx_word' id='word_1_352' title='bbox 1903 4156 2078 4224; x_wconf 89' lang='grc' dir='ltr'>λόγον.</span> <span class='ocrx_word' id='word_1_353' title='bbox 2122 4158 2230 4210; x_wconf 79' lang='grc' dir='ltr'>Καὶ</span> 
     </span>
    </p>
   </div>
   <div class='ocr_carea' id='block_1_45' title="bbox 570 4235 2230 4314">
    <p class='ocr_par' dir='ltr' id='par_1_45' title="bbox 570 4235 2230 4314">
     <span class='ocr_line' id='line_1_45' title="bbox 570 4235 2230 4314; baseline 0.004 -25"><span class='ocrx_word' id='word_1_354' title='bbox 570 4237 646 4300; x_wconf 80' lang='grc' dir='ltr'>ὡς</span> <span class='ocrx_word' id='word_1_355' title='bbox 670 4236 749 4290; x_wconf 84' lang='grc' dir='ltr'>ἐτι</span> <span class='ocrx_word' id='word_1_356' title='bbox 792 4238 851 4290; x_wconf 86' lang='grc' dir='ltr'>ἐν</span> <span class='ocrx_word' id='word_1_357' title='bbox 886 4235 965 4306; x_wconf 84' lang='grc' dir='ltr'>τῷ</span> <span class='ocrx_word' id='word_1_358' title='bbox 1010 4236 1292 4309; x_wconf 85' lang='grc' dir='ltr'>σκάμματί</span> <span class='ocrx_word' id='word_1_359' title='bbox 1346 4238 1511 4308; x_wconf 88' lang='grc' dir='ltr'>ἐσμεν</span> <span class='ocrx_word' id='word_1_360' title='bbox 1532 4281 1546 4302; x_wconf 95' lang='grc'>,</span> <span class='ocrx_word' id='word_1_361' title='bbox 1611 4243 1740 4310; x_wconf 70' lang='grc' dir='ltr'>πρὶν</span> <span class='ocrx_word' id='word_1_362' title='bbox 1770 4242 1802 4311; x_wconf 86' lang='grc' dir='ltr'>ἢ</span> <span class='ocrx_word' id='word_1_363' title='bbox 1833 4240 2142 4314; x_wconf 70' lang='grc' dir='ltr'>διαλυθῆναι</span> <span class='ocrx_word' id='word_1_364' title='bbox 2170 4243 2230 4295; x_wconf 86' lang='grc' dir='ltr'>τὸ</span> 
     </span>
    </p>
   </div>
   <div class='ocr_carea' id='block_1_46' title="bbox 571 4320 2227 4399">
    <p class='ocr_par' dir='ltr' id='par_1_46' title="bbox 571 4320 2227 4399">
     <span class='ocr_line' id='line_1_46' title="bbox 571 4320 2227 4399; baseline 0.004 -25"><span class='ocrx_word' id='word_1_365' title='bbox 571 4320 825 4393; x_wconf 85' lang='grc' dir='ltr'>θέατρον,</span> <span class='ocrx_word' id='word_1_366' title='bbox 870 4322 1240 4397; x_wconf 82' lang='grc' dir='ltr'>φροντίσωμεν</span> <span class='ocrx_word' id='word_1_367' title='bbox 1286 4324 1442 4393; x_wconf 83' lang='grc' dir='ltr'>ήμῶν</span> <span class='ocrx_word' id='word_1_368' title='bbox 1490 4323 1588 4395; x_wconf 80' lang='grc' dir='ltr'>τῆς</span> <span class='ocrx_word' id='word_1_369' title='bbox 1621 4327 1912 4398; x_wconf 83' lang='grc' dir='ltr'>σωτηρίας,</span> <span class='ocrx_word' id='word_1_370' title='bbox 1950 4327 2035 4381; x_wconf 82' lang='grc' dir='ltr'>ἵνα</span> <span class='ocrx_word' id='word_1_371' title='bbox 2065 4330 2121 4382; x_wconf 87' lang='grc' dir='ltr'>ἐν</span> <span class='ocrx_word' id='word_1_372' title='bbox 2150 4327 2227 4399; x_wconf 81' lang='grc' dir='ltr'>τῷ</span> 
     </span>
    </p>
   </div>
   <div class='ocr_carea' id='block_1_47' title="bbox 571 4407 2229 4486">
    <p class='ocr_par' dir='ltr' id='par_1_47' title="bbox 571 4407 2229 4486">
     <span class='ocr_line' id='line_1_47' title="bbox 571 4407 2229 4486; baseline 0.004 -26"><span class='ocrx_word' id='word_1_373' title='bbox 571 4407 762 4479; x_wconf 84' lang='grc' dir='ltr'>βραχεῖ</span> <span class='ocrx_word' id='word_1_374' title='bbox 790 4411 960 4480; x_wconf 88' lang='grc' dir='ltr'>τούτῳ</span> <span class='ocrx_word' id='word_1_375' title='bbox 1014 4411 1191 4479; x_wconf 83' lang='grc' dir='ltr'>χρόνῳ</span> <span class='ocrx_word' id='word_1_376' title='bbox 1236 4409 1332 4481; x_wconf 82' lang='grc' dir='ltr'>τὴν</span> <span class='ocrx_word' id='word_1_377' title='bbox 1378 4411 1578 4483; x_wconf 86' lang='grc' dir='ltr'>ἀρετὴν</span> <span class='ocrx_word' id='word_1_378' title='bbox 1628 4412 1973 4484; x_wconf 87' lang='grc' dir='ltr'>μετελθόντες</span> <span class='ocrx_word' id='word_1_379' title='bbox 1996 4454 2010 4476; x_wconf 89' lang='grc'>,</span> <span class='ocrx_word' id='word_1_380' title='bbox 2062 4416 2120 4468; x_wconf 87' lang='grc' dir='ltr'>ἐν</span> <span class='ocrx_word' id='word_1_381' title='bbox 2151 4415 2229 4486; x_wconf 86' lang='grc' dir='ltr'>τῷ</span> 
     </span>
    </p>
   </div>
   <div class='ocr_carea' id='block_1_48' title="bbox 567 4495 2225 4572">
    <p class='ocr_par' dir='ltr' id='par_1_48' title="bbox 567 4495 2225 4572">
     <span class='ocr_line' id='line_1_48' title="bbox 567 4495 2225 4572; baseline 0.004 -24"><span class='ocrx_word' id='word_1_382' title='bbox 567 4495 803 4563; x_wconf 75' lang='grc' dir='ltr'>διηνεκεῖ</span> <span class='ocrx_word' id='word_1_383' title='bbox 822 4495 975 4549; x_wconf 81' lang='grc' dir='ltr'>αἰῶνι</span> <span class='ocrx_word' id='word_1_384' title='bbox 1002 4498 1101 4558; x_wconf 67' lang='grc' dir='ltr'>τὰς</span> <span class='ocrx_word' id='word_1_385' title='bbox 1129 4496 1269 4566; x_wconf 80' lang='grc' dir='ltr'>ὑπὲρ</span> <span class='ocrx_word' id='word_1_386' title='bbox 1308 4496 1512 4569; x_wconf 87' lang='grc' dir='ltr'>ταύτης</span> <span class='ocrx_word' id='word_1_387' title='bbox 1570 4499 1805 4568; x_wconf 82' lang='grc' dir='ltr'>ἀμοιϐὰς</span> <span class='ocrx_word' id='word_1_388' title='bbox 1851 4500 2225 4572; x_wconf 81' lang='grc' dir='ltr'>κομισώμεθα·</span> 
     </span>
    </p>
   </div>
   <div class='ocr_carea' id='block_1_49' title="bbox 568 4580 2228 4659">
    <p class='ocr_par' dir='ltr' id='par_1_49' title="bbox 568 4580 2228 4659">
     <span class='ocr_line' id='line_1_49' title="bbox 568 4580 2228 4659; baseline 0.004 -22"><span class='ocrx_word' id='word_1_389' title='bbox 568 4582 818 4653; x_wconf 89' lang='grc' dir='ltr'>καθάπερ</span> <span class='ocrx_word' id='word_1_390' title='bbox 841 4586 934 4636; x_wconf 78' lang='grc' dir='ltr'>καὶ</span> <span class='ocrx_word' id='word_1_391' title='bbox 961 4585 989 4636; x_wconf 91' lang='lat'>6</span> <span class='ocrx_word' id='word_1_392' title='bbox 1022 4583 1227 4645; x_wconf 86' lang='grc' dir='ltr'>δίκαιος</span> <span class='ocrx_word' id='word_1_393' title='bbox 1263 4580 1435 4649; x_wconf 75' lang='grc' dir='ltr'>οὗτος,</span> <span class='ocrx_word' id='word_1_394' title='bbox 1474 4587 1502 4638; x_wconf 96' lang='lat'>6</span> <span class='ocrx_word' id='word_1_395' title='bbox 1530 4586 1729 4656; x_wconf 82' lang='grc' dir='ltr'>μεταξύ</span> <span class='ocrx_word' id='word_1_396' title='bbox 1764 4587 2031 4642; x_wconf 88' lang='grc' dir='ltr'>τοσούτων</span> <span class='ocrx_word' id='word_1_397' title='bbox 2063 4605 2228 4659; x_wconf 87' lang='grc' dir='ltr'>πονη-</span> 
     </span>
    </p>
   </div>
   <div class='ocr_carea' id='block_1_50' title="bbox 569 4669 2229 4747">
    <p class='ocr_par' dir='ltr' id='par_1_50' title="bbox 569 4669 2229 4747">
     <span class='ocr_line' id='line_1_50' title="bbox 569 4669 2229 4747; baseline 0.004 -24"><span class='ocrx_word' id='word_1_398' title='bbox 569 4670 678 4742; x_wconf 87' lang='grc' dir='ltr'>ρῶν</span> <span class='ocrx_word' id='word_1_399' title='bbox 708 4669 890 4731; x_wconf 88' lang='grc' dir='ltr'>οἰκῶν,</span> <span class='ocrx_word' id='word_1_400' title='bbox 925 4671 1017 4723; x_wconf 71' lang='grc' dir='ltr'>καὶ</span> <span class='ocrx_word' id='word_1_401' title='bbox 1049 4670 1240 4726; x_wconf 78' lang='grc' dir='ltr'>οὐδένα</span> <span class='ocrx_word' id='word_1_402' title='bbox 1294 4672 1431 4743; x_wconf 82' lang='grc' dir='ltr'>ἔχων</span> <span class='ocrx_word' id='word_1_403' title='bbox 1464 4672 1726 4743; x_wconf 77' lang='grc' dir='ltr'>ζηλοῦντα</span> <span class='ocrx_word' id='word_1_404' title='bbox 1757 4674 1921 4728; x_wconf 79' lang='grc' dir='ltr'>αὐτοῦ</span> <span class='ocrx_word' id='word_1_405' title='bbox 1972 4675 2070 4746; x_wconf 82' lang='grc' dir='ltr'>τὴν</span> <span class='ocrx_word' id='word_1_406' title='bbox 2103 4677 2229 4747; x_wconf 88' lang='grc' dir='ltr'>ἀρε-</span> 
     </span>
    </p>
   </div>
   <div class='ocr_carea' id='block_1_51' title="bbox 564 4754 2225 4832">
    <p class='ocr_par' dir='ltr' id='par_1_51' title="bbox 564 4754 2225 4832">
     <span class='ocr_line' id='line_1_51' title="bbox 564 4754 2225 4832; baseline 0.002 -20"><span class='ocrx_word' id='word_1_407' title='bbox 564 4757 682 4829; x_wconf 82' lang='grc' dir='ltr'>τὴν,</span> <span class='ocrx_word' id='word_1_408' title='bbox 709 4754 845 4809; x_wconf 83' lang='grc' dir='ltr'>ἀλλά</span> <span class='ocrx_word' id='word_1_409' title='bbox 872 4757 966 4809; x_wconf 62' lang='grc' dir='ltr'>καλ⁵</span> <span class='ocrx_word' id='word_1_410' title='bbox 989 4758 1193 4820; x_wconf 86' lang='grc' dir='ltr'>πάντας</span> <span class='ocrx_word' id='word_1_411' title='bbox 1218 4759 1358 4829; x_wconf 89' lang='grc' dir='ltr'>ὀρῶν</span> <span class='ocrx_word' id='word_1_412' title='bbox 1386 4758 1744 4829; x_wconf 78' lang='grc' dir='ltr'>χλευάζοντας</span> <span class='ocrx_word' id='word_1_413' title='bbox 1764 4801 1778 4824; x_wconf 93' lang='grc'>,</span> <span class='ocrx_word' id='word_1_414' title='bbox 1806 4761 2225 4832; x_wconf 81' lang='grc' dir='ltr'>κωμῳδοῦντας,</span> 
     </span>
    </p>
   </div>
   <div class='ocr_carea' id='block_1_52' title="bbox 563 4844 2227 4917">
    <p class='ocr_par' dir='ltr' id='par_1_52' title="bbox 563 4844 2227 4917">
     <span class='ocr_line' id='line_1_52' title="bbox 563 4844 2227 4917; baseline 0.005 -21"><span class='ocrx_word' id='word_1_415' title='bbox 563 4848 624 4901; x_wconf 86' lang='grc' dir='ltr'>οὐ</span> <span class='ocrx_word' id='word_1_416' title='bbox 661 4845 820 4917; x_wconf 90' lang='grc' dir='ltr'>μόνον</span> <span class='ocrx_word' id='word_1_417' title='bbox 858 4844 1211 4915; x_wconf 84' lang='grc' dir='ltr'>ὀκνηρότερος</span> <span class='ocrx_word' id='word_1_418' title='bbox 1262 4846 1360 4899; x_wconf 81' lang='grc' dir='ltr'>οὐκ</span> <span class='ocrx_word' id='word_1_419' title='bbox 1393 4847 1625 4914; x_wconf 82' lang='grc' dir='ltr'>ἐγένετο,</span> <span class='ocrx_word' id='word_1_420' title='bbox 1652 4849 1787 4902; x_wconf 86' lang='grc' dir='ltr'>ἀλλά</span> <span class='ocrx_word' id='word_1_421' title='bbox 1818 4852 1910 4902; x_wconf 77' lang='grc' dir='ltr'>καὶ</span> <span class='ocrx_word' id='word_1_422' title='bbox 1956 4849 2098 4903; x_wconf 76' lang='grc' dir='ltr'>οὕτω</span> <span class='ocrx_word' id='word_1_423' title='bbox 2149 4851 2227 4904; x_wconf 86' lang='grc' dir='ltr'>δι-</span> 
     </span>
    </p>
   </div>
   <div class='ocr_carea' id='block_1_53' title="bbox 563 4932 2219 5006">
    <p class='ocr_par' dir='ltr' id='par_1_53' title="bbox 563 4932 2219 5006">
     <span class='ocr_line' id='line_1_53' title="bbox 563 4932 2219 5006; baseline 0.003 -18"><span class='ocrx_word' id='word_1_424' title='bbox 563 4933 821 5006; x_wconf 80' lang='grc' dir='ltr'>έλαμψεν,</span> <span class='ocrx_word' id='word_1_425' title='bbox 863 4932 938 4996; x_wconf 89' lang='grc' dir='ltr'>ὡς</span> <span class='ocrx_word' id='word_1_426' title='bbox 969 4932 1363 5003; x_wconf 80' lang='grc' dir='ltr'>καταξιωθῆναι</span> <span class='ocrx_word' id='word_1_427' title='bbox 1392 4937 1484 4988; x_wconf 79' lang='grc' dir='ltr'>καὶ</span> <span class='ocrx_word' id='word_1_428' title='bbox 1528 4936 1790 5005; x_wconf 79' lang='grc' dir='ltr'>ἀγγέλους</span> <span class='ocrx_word' id='word_1_429' title='bbox 1838 4938 2219 5005; x_wconf 76' lang='grc' dir='ltr'>ὐποδέξασθαι·</span> 
     </span>
    </p>
   </div>
   <div class='ocr_carea' id='block_1_54' title="bbox 563 5018 2225 5094">
    <p class='ocr_par' dir='ltr' id='par_1_54' title="bbox 563 5018 2225 5094">
     <span class='ocr_line' id='line_1_54' title="bbox 563 5018 2225 5094; baseline 0.003 -20"><span class='ocrx_word' id='word_1_430' title='bbox 563 5022 657 5075; x_wconf 74' lang='grc' dir='ltr'>καὶ</span> <span class='ocrx_word' id='word_1_431' title='bbox 684 5021 899 5075; x_wconf 86' lang='grc' dir='ltr'>πάντων</span> <span class='ocrx_word' id='word_1_432' title='bbox 920 5018 1090 5091; x_wconf 77' lang='grc' dir='ltr'>ἄρδην</span> <span class='ocrx_word' id='word_1_433' title='bbox 1118 5018 1519 5090; x_wconf 81' lang='grc' dir='ltr'>ἀπολλυμένων,</span> <span class='ocrx_word' id='word_1_434' title='bbox 1550 5024 1711 5086; x_wconf 82' lang='grc' dir='ltr'>αὐτὸς</span> <span class='ocrx_word' id='word_1_435' title='bbox 1763 5024 1923 5094; x_wconf 87' lang='grc' dir='ltr'>μόνος</span> <span class='ocrx_word' id='word_1_436' title='bbox 1969 5026 2065 5078; x_wconf 79' lang='grc' dir='ltr'>σὺν</span> <span class='ocrx_word' id='word_1_437' title='bbox 2105 5030 2225 5091; x_wconf 87' lang='grc' dir='ltr'>ταῖς</span> 
     </span>
    </p>
   </div>
   <div class='ocr_carea' id='block_1_55' title="bbox 563 5106 2224 5181">
    <p class='ocr_par' dir='ltr' id='par_1_55' title="bbox 563 5106 2224 5181">
     <span class='ocr_line' id='line_1_55' title="bbox 563 5106 2224 5181; baseline 0.004 -19"><span class='ocrx_word' id='word_1_438' title='bbox 563 5108 860 5179; x_wconf 85' lang='grc' dir='ltr'>θυγατράσι</span> <span class='ocrx_word' id='word_1_439' title='bbox 892 5106 1113 5176; x_wconf 72' lang='grc' dir='ltr'>διέφυγε</span> <span class='ocrx_word' id='word_1_440' title='bbox 1159 5108 1256 5178; x_wconf 78' lang='grc' dir='ltr'>τὴν</span> <span class='ocrx_word' id='word_1_441' title='bbox 1309 5108 1688 5176; x_wconf 76' lang='grc' dir='ltr'>ἐπενεχθεῖσαν</span> <span class='ocrx_word' id='word_1_442' title='bbox 1729 5110 1905 5181; x_wconf 85' lang='grc' dir='ltr'>δίκην.</span> <span class='ocrx_word' id='word_1_443' title='bbox 1964 5111 2102 5165; x_wconf 76' lang='grc' dir='ltr'>Ἀλλ’</span> <span class='ocrx_word' id='word_1_444' title='bbox 2132 5115 2224 5169; x_wconf 78' lang='grc' dir='ltr'>ἐπὶ</span> 
     </span>
    </p>
   </div>
   <div class='ocr_carea' id='block_1_56' title="bbox 561 5192 2219 5268">
    <p class='ocr_par' dir='ltr' id='par_1_56' title="bbox 561 5192 2219 5268">
     <span class='ocr_line' id='line_1_56' title="bbox 561 5192 2219 5268; baseline 0.004 -21"><span class='ocrx_word' id='word_1_445' title='bbox 561 5194 660 5263; x_wconf 84' lang='grc' dir='ltr'>τὴν</span> <span class='ocrx_word' id='word_1_446' title='bbox 706 5194 1023 5248; x_wconf 86' lang='grc' dir='ltr'>ἀκολουθίαν</span> <span class='ocrx_word' id='word_1_447' title='bbox 1070 5192 1163 5247; x_wconf 76' lang='grc' dir='ltr'>τοῦ</span> <span class='ocrx_word' id='word_1_448' title='bbox 1213 5193 1371 5262; x_wconf 90' lang='grc' dir='ltr'>λόγου</span> <span class='ocrx_word' id='word_1_449' title='bbox 1418 5194 1816 5264; x_wconf 80' lang='grc' dir='ltr'>ἐπανέλθωμεν.</span> <span class='ocrx_word' id='word_1_450' title='bbox 1880 5193 2102 5253; x_wconf 75' lang='grc' dir='ltr'>Ἦλθον</span> <span class='ocrx_word' id='word_1_451' title='bbox 2133 5200 2219 5268; x_wconf 76' lang='grc' dir='ltr'>δὲ,</span> 
     </span>
    </p>
   </div>
   <div class='ocr_carea' id='block_1_57' title="bbox 562 5280 2222 5353">
    <p class='ocr_par' dir='ltr' id='par_1_57' title="bbox 562 5280 2222 5353">
     <span class='ocr_line' id='line_1_57' title="bbox 562 5280 2222 5353; baseline 0.007 -22"><span class='ocrx_word' id='word_1_452' title='bbox 562 5281 747 5352; x_wconf 77' lang='grc' dir='ltr'>φησὶν,</span> <span class='ocrx_word' id='word_1_453' title='bbox 777 5285 830 5336; x_wconf 84' lang='grc' dir='ltr'>οί</span> <span class='ocrx_word' id='word_1_454' title='bbox 862 5281 971 5336; x_wconf 81' lang='grc' dir='ltr'>δύο</span> <span class='ocrx_word' id='word_1_455' title='bbox 1005 5280 1247 5351; x_wconf 75' lang='grc' dir='ltr'>ἄγγελοι</span> <span class='ocrx_word' id='word_1_456' title='bbox 1287 5284 1374 5347; x_wconf 79' lang='grc' dir='ltr'>είς</span> <span class='ocrx_word' id='word_1_457' title='bbox 1414 5280 1645 5350; x_wconf 77' lang='grc' dir='ltr'>Σόδομα</span> <span class='ocrx_word' id='word_1_458' title='bbox 1685 5282 1966 5353; x_wconf 77' lang='grc' dir='ltr'>ἑσπέρας.</span> <span class='ocrx_word' id='word_1_459' title='bbox 2009 5286 2068 5341; x_wconf 84' lang='grc' dir='ltr'>ὐ</span> <span class='ocrx_word' id='word_1_460' title='bbox 2096 5305 2222 5341; x_wconf 80' lang='grc' dir='ltr'>και-</span> 
     </span>
    </p>
   </div>
   <div class='ocr_carea' id='block_1_58' title="bbox 562 5358 2220 5447">
    <p class='ocr_par' dir='ltr' id='par_1_58' title="bbox 562 5358 2220 5447">
     <span class='ocr_line' id='line_1_58' title="bbox 562 5358 2220 5447; baseline 0.005 -27"><span class='ocrx_word' id='word_1_461' title='bbox 562 5365 656 5437; x_wconf 81' lang='grc' dir='ltr'>ρὺς</span> <span class='ocrx_word' id='word_1_462' title='bbox 712 5367 942 5437; x_wconf 83' lang='grc' dir='ltr'>μάλιστα</span> <span class='ocrx_word' id='word_1_463' title='bbox 990 5367 1261 5424; x_wconf 84' lang='grc' dir='ltr'>δείκνυσιν</span> <span class='ocrx_word' id='word_1_464' title='bbox 1310 5371 1441 5441; x_wconf 81' lang='grc' dir='ltr'>ἡμῖν</span> <span class='ocrx_word' id='word_1_465' title='bbox 1476 5369 1571 5426; x_wconf 80' lang='grc' dir='ltr'>τού</span> <span class='ocrx_word' id='word_1_466' title='bbox 1616 5369 1822 5425; x_wconf 87' lang='grc' dir='ltr'>δικαίου</span> <span class='ocrx_word' id='word_1_467' title='bbox 1877 5372 2066 5428; x_wconf 89' lang='grc' dir='ltr'>τούτου</span> <span class='ocrx_word' id='word_1_468' title='bbox 2124 5358 2220 5447; x_wconf 81' lang='grc' dir='ltr'>τὴν</span> 
     </span>
    </p>
   </div>
   <div class='ocr_carea' id='block_1_59' title="bbox 561 5454 2219 5536">
    <p class='ocr_par' dir='ltr' id='par_1_59' title="bbox 561 5454 2219 5536">
     <span class='ocr_line' id='line_1_59' title="bbox 561 5454 2219 5536; baseline 0.008 -30"><span class='ocrx_word' id='word_1_469' title='bbox 561 5454 999 5523; x_wconf 80' lang='grc' dir='ltr'>ὑπερϐάλλουσαν</span> <span class='ocrx_word' id='word_1_470' title='bbox 1021 5457 1244 5528; x_wconf 82' lang='grc' dir='ltr'>ἀρετὴν,</span> <span class='ocrx_word' id='word_1_471' title='bbox 1286 5459 1367 5512; x_wconf 78' lang='grc' dir='ltr'>ὅτι</span> <span class='ocrx_word' id='word_1_472' title='bbox 1397 5459 1491 5514; x_wconf 75' lang='grc' dir='ltr'>καὶ</span> <span class='ocrx_word' id='word_1_473' title='bbox 1539 5459 1776 5532; x_wconf 78' lang='grc' dir='ltr'>ἑσπέρας</span> <span class='ocrx_word' id='word_1_474' title='bbox 1810 5463 2219 5536; x_wconf 87' lang='grc' dir='ltr'>καταλαϐούσης</span> 
     </span>
    </p>
   </div>
   <div class='ocr_carea' id='block_1_60' title="bbox 558 5540 2218 5621">
    <p class='ocr_par' dir='ltr' id='par_1_60' title="bbox 558 5540 2218 5621">
     <span class='ocr_line' id='line_1_60' title="bbox 558 5540 2218 5621; baseline 0.008 -30"><span class='ocrx_word' id='word_1_475' title='bbox 558 5540 853 5610; x_wconf 80' lang='grc' dir='ltr'>παρέμενε,</span> <span class='ocrx_word' id='word_1_476' title='bbox 885 5542 980 5596; x_wconf 77' lang='grc' dir='ltr'>καὶ</span> <span class='ocrx_word' id='word_1_477' title='bbox 1003 5543 1103 5596; x_wconf 91' lang='grc' dir='ltr'>οὐκ</span> <span class='ocrx_word' id='word_1_478' title='bbox 1130 5544 1411 5612; x_wconf 84' lang='grc' dir='ltr'>ἀφίστατο.</span> <span class='ocrx_word' id='word_1_479' title='bbox 1451 5546 1666 5619; x_wconf 79' lang='grc' dir='ltr'>Ἐπειδὴ</span> <span class='ocrx_word' id='word_1_480' title='bbox 1685 5547 1794 5621; x_wconf 79' lang='grc' dir='ltr'>γὰρ</span> <span class='ocrx_word' id='word_1_481' title='bbox 1819 5549 1934 5620; x_wconf 71' lang='grc' dir='ltr'>ᾔδει</span> <span class='ocrx_word' id='word_1_482' title='bbox 1953 5551 2015 5603; x_wconf 78' lang='grc' dir='ltr'>τὸ</span> <span class='ocrx_word' id='word_1_483' title='bbox 2037 5551 2218 5605; x_wconf 81' lang='grc' dir='ltr'>ἐντεῦ-</span> 
     </span>
    </p>
   </div>
   <div class='ocr_carea' id='block_1_61' title="bbox 560 5624 2217 5707">
    <p class='ocr_par' dir='ltr' id='par_1_61' title="bbox 560 5624 2217 5707">
     <span class='ocr_line' id='line_1_61' title="bbox 560 5624 2217 5707; baseline 0.009 -30"><span class='ocrx_word' id='word_1_484' title='bbox 560 5624 651 5677; x_wconf 82' lang='grc' dir='ltr'>θεν</span> <span class='ocrx_word' id='word_1_485' title='bbox 672 5626 818 5695; x_wconf 87' lang='grc' dir='ltr'>αὐτῷ</span> <span class='ocrx_word' id='word_1_486' title='bbox 848 5629 1163 5698; x_wconf 89' lang='grc' dir='ltr'>τικτόμενον</span> <span class='ocrx_word' id='word_1_487' title='bbox 1189 5631 1393 5703; x_wconf 86' lang='grc' dir='ltr'>κέρδος,</span> <span class='ocrx_word' id='word_1_488' title='bbox 1426 5632 1512 5685; x_wconf 75' lang='grc' dir='ltr'>διὰ</span> <span class='ocrx_word' id='word_1_489' title='bbox 1537 5635 1692 5689; x_wconf 81' lang='grc' dir='ltr'>τοῦτο</span> <span class='ocrx_word' id='word_1_490' title='bbox 1719 5635 2000 5707; x_wconf 77' lang='grc' dir='ltr'>ἐπιθυμῶν</span> <span class='ocrx_word' id='word_1_491' title='bbox 2030 5638 2217 5692; x_wconf 87' lang='grc' dir='ltr'>ἐπιτυ-</span> 
     </span>
    </p>
   </div>
   <div class='ocr_carea' id='block_1_62' title="bbox 557 5709 2216 5796">
    <p class='ocr_par' dir='ltr' id='par_1_62' title="bbox 557 5709 2216 5796">
     <span class='ocr_line' id='line_1_62' title="bbox 557 5709 2216 5796; baseline 0.009 -33"><span class='ocrx_word' id='word_1_492' title='bbox 557 5714 671 5784; x_wconf 80' lang='grc' dir='ltr'>χεῖν</span> <span class='ocrx_word' id='word_1_493' title='bbox 691 5709 783 5764; x_wconf 79' lang='grc' dir='ltr'>τοῦ</span> <span class='ocrx_word' id='word_1_494' title='bbox 810 5712 1057 5796; x_wconf 88' lang='grc' dir='ltr'>πλούτου,</span> <span class='ocrx_word' id='word_1_495' title='bbox 1085 5718 1246 5789; x_wconf 83' lang='grc' dir='ltr'>πολλῇ</span> <span class='ocrx_word' id='word_1_496' title='bbox 1275 5721 1338 5788; x_wconf 82' lang='grc' dir='ltr'>τῇ</span> <span class='ocrx_word' id='word_1_497' title='bbox 1371 5722 1659 5793; x_wconf 70' lang='grc' dir='ltr'>προσεδρίᾳ</span> <span class='ocrx_word' id='word_1_498' title='bbox 1693 5723 1972 5792; x_wconf 82' lang='grc' dir='ltr'>ἐκέχρητο,</span> <span class='ocrx_word' id='word_1_499' title='bbox 2000 5725 2093 5776; x_wconf 82' lang='grc' dir='ltr'>καὶ</span> <span class='ocrx_word' id='word_1_500' title='bbox 2118 5727 2216 5796; x_wconf 81' lang='grc' dir='ltr'>τῆς</span> 
     </span>
    </p>
   </div>
   <div class='ocr_carea' id='block_1_63' title="bbox 556 5795 2209 5883">
    <p class='ocr_par' dir='ltr' id='par_1_63' title="bbox 556 5795 2209 5883">
     <span class='ocr_line' id='line_1_63' title="bbox 556 5795 2209 5883; baseline 0.009 -35"><span class='ocrx_word' id='word_1_501' title='bbox 556 5796 767 5868; x_wconf 70' lang='grc' dir='ltr'>ἡμέρας</span> <span class='ocrx_word' id='word_1_502' title='bbox 805 5795 1178 5871; x_wconf 79' lang='grc' dir='ltr'>πληρωθείσης</span> <span class='ocrx_word' id='word_1_503' title='bbox 1201 5804 1301 5855; x_wconf 82' lang='grc' dir='ltr'>οὐκ</span> <span class='ocrx_word' id='word_1_504' title='bbox 1327 5802 1608 5874; x_wconf 88' lang='grc' dir='ltr'>ἀνεχώρει.</span> <span class='ocrx_word' id='word_1_505' title='bbox 1661 5805 1910 5861; x_wconf 78' lang='grc' dir='ltr'>Τοιοῦτον</span> <span class='ocrx_word' id='word_1_506' title='bbox 1930 5806 2038 5879; x_wconf 75' lang='grc' dir='ltr'>γὰρ</span> <span class='ocrx_word' id='word_1_507' title='bbox 2064 5795 2209 5883; x_wconf 77' lang='grc' dir='ltr'>ψυχὴ</span> 
     </span>
    </p>
   </div>
   <div class='ocr_carea' id='block_1_64' title="bbox 619 5898 1657 5969">
    <p class='ocr_par' dir='ltr' id='par_1_64' title="bbox 619 5898 1657 5969">
     <span class='ocr_line' id='line_1_64' title="bbox 619 5898 1657 5969; baseline 0.008 -22"><span class='ocrx_word' id='word_1_508' title='bbox 619 5900 645 5969; x_wconf 71' lang='lat'>_‘</span> <span class='ocrx_word' id='word_1_509' title='bbox 668 5898 797 5969; x_wconf 58' lang='grc' dir='ltr'>ξαῖίί</span> <span class='ocrx_word' id='word_1_510' title='bbox 844 5904 893 5949; x_wconf 77' lang='lat' dir='ltr'><strong>et</strong></span> <span class='ocrx_word' id='word_1_511' title='bbox 914 5899 1099 5969; x_wconf 56' lang='lat' dir='ltr'>aliquot</span> <span class='ocrx_word' id='word_1_512' title='bbox 1123 5915 1234 5953; x_wconf 83' lang='lat' dir='ltr'>mss.</span> <span class='ocrx_word' id='word_1_513' title='bbox 1265 5905 1443 5965; x_wconf 84' lang='grc' dir='ltr'>μεγάλα</span> <span class='ocrx_word' id='word_1_514' title='bbox 1462 5907 1657 5969; x_wconf 78' lang='grc' dir='ltr'>φρονεῖν.</span> 
     </span>
    </p>
   </div>
   <div class='ocr_carea' id='block_1_65' title="bbox 618 5959 1091 6025">
    <p class='ocr_par' dir='ltr' id='par_1_65' title="bbox 618 5959 1091 6025">
     <span class='ocr_line' id='line_1_65' title="bbox 618 5959 1091 6025; baseline 0 -15"><span class='ocrx_word' id='word_1_515' title='bbox 618 5959 646 5998; x_wconf 69' lang='grc' dir='ltr'>δ</span> <span class='ocrx_word' id='word_1_516' title='bbox 669 5962 812 6010; x_wconf 66' lang='grc'>(10181.</span> <span class='ocrx_word' id='word_1_517' title='bbox 840 5959 1091 6025; x_wconf 80' lang='grc' dir='ltr'>συμϐαίνῃ.</span> 
     </span>
    </p>
   </div>
   <div class='ocr_carea' id='block_1_66' title="bbox 1380 385 3217 450">
    <p class='ocr_par' dir='ltr' id='par_1_66' title="bbox 1380 385 3217 450">
     <span class='ocr_line' id='line_1_66' title="bbox 1380 385 3217 450; baseline -0.001 -3"><span class='ocrx_word' id='word_1_518' title='bbox 1380 391 1439 450; x_wconf 90' lang='lat' dir='ltr'>S.</span> <span class='ocrx_word' id='word_1_519' title='bbox 1473 386 1755 447; x_wconf 80' lang='lat' dir='ltr'>JOANNIS</span> <span class='ocrx_word' id='word_1_520' title='bbox 1789 385 2275 444; x_wconf 73' lang='lat' dir='ltr'>CHRYSOSTOMI</span> <span class='ocrx_word' id='word_1_521' title='bbox 2311 386 2637 444; x_wconf 75' lang='lat' dir='ltr'>ARCHIEI’.</span> <span class='ocrx_word' id='word_1_522' title='bbox 2673 388 3217 448; x_wconf 75' lang='lat' dir='ltr'>CONSTANTINOP.</span> 
     </span>
    </p>
   </div>
   <div class='ocr_carea' id='block_1_67' title="bbox 2351 501 3886 577">
    <p class='ocr_par' dir='ltr' id='par_1_67' title="bbox 2351 501 3886 577">
     <span class='ocr_line' id='line_1_67' title="bbox 2351 501 3886 577; baseline 0.003 -21"><span class='ocrx_word' id='word_1_523' title='bbox 2351 501 2546 567; x_wconf 80' lang='grc' dir='ltr'>ζέουσα</span> <span class='ocrx_word' id='word_1_524' title='bbox 2603 506 2695 558; x_wconf 79' lang='grc' dir='ltr'>καὶ</span> <span class='ocrx_word' id='word_1_525' title='bbox 2753 505 3165 577; x_wconf 83' lang='grc' dir='ltr'>διεγηγερμένη·</span> <span class='ocrx_word' id='word_1_526' title='bbox 3219 505 3317 577; x_wconf 84' lang='grc' dir='ltr'>οὐχ</span> <span class='ocrx_word' id='word_1_527' title='bbox 3361 507 3465 561; x_wconf 88' lang='grc' dir='ltr'>ὐπό</span> <span class='ocrx_word' id='word_1_528' title='bbox 3494 524 3648 561; x_wconf 88' lang='grc' dir='ltr'>τινων</span> <span class='ocrx_word' id='word_1_529' title='bbox 3687 504 3886 561; x_wconf 70' lang='grc' dir='ltr'>κωλυτιν</span> 
     </span>
    </p>
   </div>
   <div class='ocr_carea' id='block_1_68' title="bbox 2351 586 3868 664">
    <p class='ocr_par' dir='ltr' id='par_1_68' title="bbox 2351 586 3868 664">
     <span class='ocr_line' id='line_1_68' title="bbox 2351 586 3868 664; baseline 0.003 -22"><span class='ocrx_word' id='word_1_530' title='bbox 2351 589 2699 660; x_wconf 80' lang='grc' dir='ltr'>ἐμποδίζεται</span> <span class='ocrx_word' id='word_1_531' title='bbox 2724 590 2819 662; x_wconf 89' lang='grc' dir='ltr'>τὴν</span> <span class='ocrx_word' id='word_1_532' title='bbox 2852 593 3056 645; x_wconf 88' lang='grc' dir='ltr'>οίκείαν</span> <span class='ocrx_word' id='word_1_533' title='bbox 3103 586 3304 664; x_wconf 67' lang='grc' dir='ltr'>ἀᾷετὴν</span> <span class='ocrx_word' id='word_1_534' title='bbox 3343 592 3718 659; x_wconf 78' lang='grc' dir='ltr'>ἐπιδείξασθαι,</span> <span class='ocrx_word' id='word_1_535' title='bbox 3748 593 3868 647; x_wconf 85' lang='grc' dir='ltr'>ἀλλὰ</span> 
     </span>
    </p>
   </div>
   <div class='ocr_carea' id='block_1_69' title="bbox 2346 677 3886 752">
    <p class='ocr_par' dir='ltr' id='par_1_69' title="bbox 2346 677 3886 752">
     <span class='ocr_line' id='line_1_69' title="bbox 2346 677 3886 752; baseline 0.001 -23"><span class='ocrx_word' id='word_1_536' title='bbox 2346 677 2412 729; x_wconf 81' lang='grc' dir='ltr'>δι’</span> <span class='ocrx_word' id='word_1_537' title='bbox 2445 677 2623 730; x_wconf 86' lang='grc' dir='ltr'>αὐτῶν</span> <span class='ocrx_word' id='word_1_538' title='bbox 2663 678 2894 748; x_wconf 88' lang='grc' dir='ltr'>μάλιστα</span> <span class='ocrx_word' id='word_1_539' title='bbox 2939 679 3046 733; x_wconf 85' lang='grc' dir='ltr'>τῶν</span> <span class='ocrx_word' id='word_1_540' title='bbox 3075 678 3392 734; x_wconf 90' lang='grc' dir='ltr'>κωλυόντων</span> <span class='ocrx_word' id='word_1_541' title='bbox 3446 681 3714 735; x_wconf 86' lang='grc' dir='ltr'>ἐπιπλείον</span> <span class='ocrx_word' id='word_1_542' title='bbox 3760 680 3886 752; x_wconf 64' lang='grc' dir='ltr'>αἴρει</span> 
     </span>
    </p>
   </div>
   <div class='ocr_carea' id='block_1_70' title="bbox 2348 764 3886 836">
    <p class='ocr_par' dir='ltr' id='par_1_70' title="bbox 2348 764 3886 836">
     <span class='ocr_line' id='line_1_70' title="bbox 2348 764 3886 836; baseline 0.002 -19"><span class='ocrx_word' id='word_1_543' title='bbox 2348 765 2442 817; x_wconf 72' lang='grc' dir='ltr'>καὶ</span> <span class='ocrx_word' id='word_1_544' title='bbox 2476 764 2696 835; x_wconf 76' lang='grc' dir='ltr'>μείζονα</span> <span class='ocrx_word' id='word_1_545' title='bbox 2722 764 2820 835; x_wconf 86' lang='grc' dir='ltr'>τὴν</span> <span class='ocrx_word' id='word_1_546' title='bbox 2850 765 3020 835; x_wconf 87' lang='grc' dir='ltr'>φλόγα</span> <span class='ocrx_word' id='word_1_547' title='bbox 3050 765 3148 834; x_wconf 82' lang='grc' dir='ltr'>τῆς</span> <span class='ocrx_word' id='word_1_548' title='bbox 3201 765 3496 836; x_wconf 78' lang='grc' dir='ltr'>ἐπιθυμίας</span> <span class='ocrx_word' id='word_1_549' title='bbox 3538 767 3775 821; x_wconf 75' lang='grc' dir='ltr'>ἀνάπτει.</span> <span class='ocrx_word' id='word_1_550' title='bbox 3825 767 3886 823; x_wconf 75' lang='grc' dir='ltr'>ἰἐ</span> 
     </span>
    </p>
   </div>
   <div class='ocr_carea' id='block_1_71' title="bbox 2346 850 3886 922">
    <p class='ocr_par' dir='ltr' id='par_1_71' title="bbox 2346 850 3886 922">
     <span class='ocr_line' id='line_1_71' title="bbox 2346 850 3886 922; baseline 0.003 -19"><span class='ocrx_word' id='word_1_551' title='bbox 2346 850 2433 915; x_wconf 81' lang='grc' dir='ltr'>δὲ,</span> <span class='ocrx_word' id='word_1_552' title='bbox 2489 860 2642 922; x_wconf 75' lang='grc' dir='ltr'>φησι,</span> <span class='ocrx_word' id='word_1_553' title='bbox 2701 851 2850 918; x_wconf 87' lang='grc' dir='ltr'>Λὼτ,</span> <span class='ocrx_word' id='word_1_554' title='bbox 2888 851 3181 919; x_wconf 79' lang='grc' dir='ltr'>ἐξανέστη</span> <span class='ocrx_word' id='word_1_555' title='bbox 3236 854 3322 917; x_wconf 78' lang='grc' dir='ltr'>εις</span> <span class='ocrx_word' id='word_1_556' title='bbox 3354 851 3723 920; x_wconf 76' lang='grc' dir='ltr'>συνάντησιν</span> <span class='ocrx_word' id='word_1_557' title='bbox 3769 856 3886 907; x_wconf 76' lang='grc' dir='ltr'>οὐτε</span> 
     </span>
    </p>
   </div>
   <div class='ocr_carea' id='block_1_72' title="bbox 2360 937 3886 1008">
    <p class='ocr_par' dir='ltr' id='par_1_72' title="bbox 2360 937 3886 1008">
     <span class='ocr_line' id='line_1_72' title="bbox 2360 937 3886 1008; baseline 0.001 -18"><span class='ocrx_word' id='word_1_558' title='bbox 2360 937 2732 992; x_wconf 75' lang='grc' dir='ltr'>Ἀκουέιωσαν</span> <span class='ocrx_word' id='word_1_559' title='bbox 2770 940 2817 991; x_wconf 86' lang='grc' dir='ltr'>οί</span> <span class='ocrx_word' id='word_1_560' title='bbox 2847 938 2940 992; x_wconf 80' lang='grc' dir='ltr'>καὶ</span> <span class='ocrx_word' id='word_1_561' title='bbox 2972 937 3438 1008; x_wconf 83' lang='grc' dir='ltr'>παραγινομένους</span> <span class='ocrx_word' id='word_1_562' title='bbox 3463 938 3711 1002; x_wconf 88' lang='grc' dir='ltr'>πολλάκις</span> <span class='ocrx_word' id='word_1_563' title='bbox 3730 940 3817 992; x_wconf 74' lang='grc' dir='ltr'>καὶ</span> <span class='ocrx_word' id='word_1_564' title='bbox 3857 958 3886 992; x_wconf 92' lang='grc' dir='ltr'>κ</span> 
     </span>
    </p>
   </div>
   <div class='ocr_carea' id='block_1_73' title="bbox 2351 1024 3886 1095">
    <p class='ocr_par' dir='ltr' id='par_1_73' title="bbox 2351 1024 3886 1095">
     <span class='ocr_line' id='line_1_73' title="bbox 2351 1024 3886 1095; baseline 0.001 -19"><span class='ocrx_word' id='word_1_565' title='bbox 2351 1026 2808 1091; x_wconf 66' lang='grc' dir='ltr'>ικετεδοντας,καὶ</span> <span class='ocrx_word' id='word_1_566' title='bbox 2838 1024 3037 1095; x_wconf 90' lang='grc' dir='ltr'>πολλὴν</span> <span class='ocrx_word' id='word_1_567' title='bbox 3054 1025 3153 1095; x_wconf 87' lang='grc' dir='ltr'>τὴν</span> <span class='ocrx_word' id='word_1_568' title='bbox 3185 1024 3510 1095; x_wconf 85' lang='grc' dir='ltr'>προσεδρίαν</span> <span class='ocrx_word' id='word_1_569' title='bbox 3539 1024 3886 1095; x_wconf 85' lang='grc' dir='ltr'>ἐπιδεικνυμέν</span> 
     </span>
    </p>
   </div>
   <div class='ocr_carea' id='block_1_74' title="bbox 2345 1110 3886 1183">
    <p class='ocr_par' dir='ltr' id='par_1_74' title="bbox 2345 1110 3886 1183">
     <span class='ocr_line' id='line_1_74' title="bbox 2345 1110 3886 1183; baseline 0.001 -18"><span class='ocrx_word' id='word_1_570' title='bbox 2345 1111 2776 1183; x_wconf 83' lang='grc' dir='ltr'>διακρουόμενοι,</span> <span class='ocrx_word' id='word_1_571' title='bbox 2801 1113 2897 1165; x_wconf 73' lang='grc' dir='ltr'>καὶ</span> <span class='ocrx_word' id='word_1_572' title='bbox 2947 1111 3144 1182; x_wconf 85' lang='grc' dir='ltr'>πολλὴν</span> <span class='ocrx_word' id='word_1_573' title='bbox 3176 1112 3273 1182; x_wconf 84' lang='grc' dir='ltr'>τὴν</span> <span class='ocrx_word' id='word_1_574' title='bbox 3294 1110 3678 1183; x_wconf 88' lang='grc' dir='ltr'>ἀπανθρωπίαν</span> <span class='ocrx_word' id='word_1_575' title='bbox 3701 1112 3886 1166; x_wconf 83' lang='grc' dir='ltr'>ἐπιδεικ</span> 
     </span>
    </p>
   </div>
   <div class='ocr_carea' id='block_1_75' title="bbox 2348 1196 3886 1270">
    <p class='ocr_par' dir='ltr' id='par_1_75' title="bbox 2348 1196 3886 1270">
     <span class='ocr_line' id='line_1_75' title="bbox 2348 1196 3886 1270; baseline 0.001 -19"><span class='ocrx_word' id='word_1_576' title='bbox 2348 1199 2663 1269; x_wconf 80' lang='grc' dir='ltr'>μενοι.”ορα</span> <span class='ocrx_word' id='word_1_577' title='bbox 2688 1198 2797 1269; x_wconf 78' lang='grc' dir='ltr'>γάρ</span> <span class='ocrx_word' id='word_1_578' title='bbox 2825 1199 2914 1251; x_wconf 86' lang='grc' dir='ltr'>τὸν</span> <span class='ocrx_word' id='word_1_579' title='bbox 2942 1198 3148 1251; x_wconf 91' lang='grc' dir='ltr'>δίκαιον</span> <span class='ocrx_word' id='word_1_580' title='bbox 3172 1196 3381 1264; x_wconf 78' lang='grc' dir='ltr'>τοῦτον,</span> <span class='ocrx_word' id='word_1_581' title='bbox 3413 1198 3563 1261; x_wconf 85' lang='grc' dir='ltr'>ὅπως</span> <span class='ocrx_word' id='word_1_582' title='bbox 3613 1199 3704 1252; x_wconf 86' lang='grc' dir='ltr'>οὐκ</span> <span class='ocrx_word' id='word_1_583' title='bbox 3749 1200 3886 1270; x_wconf 81' lang='grc' dir='ltr'>ἀνέμι</span> 
     </span>
    </p>
   </div>
   <div class='ocr_carea' id='block_1_76' title="bbox 2347 1283 3886 1357">
    <p class='ocr_par' dir='ltr' id='par_1_76' title="bbox 2347 1283 3886 1357">
     <span class='ocr_line' id='line_1_76' title="bbox 2347 1283 3886 1357; baseline 0.001 -20"><span class='ocrx_word' id='word_1_584' title='bbox 2347 1284 2749 1355; x_wconf 82' lang='grc' dir='ltr'>παραγενέσθαι</span> <span class='ocrx_word' id='word_1_585' title='bbox 2777 1284 2912 1356; x_wconf 79' lang='grc' dir='ltr'>πρὸς</span> <span class='ocrx_word' id='word_1_586' title='bbox 2934 1284 3115 1348; x_wconf 82' lang='grc' dir='ltr'>αὐτὸν,</span> <span class='ocrx_word' id='word_1_587' title='bbox 3164 1283 3297 1339; x_wconf 86' lang='grc' dir='ltr'>ἀλλά</span> <span class='ocrx_word' id='word_1_588' title='bbox 3317 1283 3567 1354; x_wconf 88' lang='grc' dir='ltr'>καθάπερ</span> <span class='ocrx_word' id='word_1_589' title='bbox 3593 1286 3619 1338; x_wconf 94' lang='lat'>6</span> <span class='ocrx_word' id='word_1_590' title='bbox 3645 1287 3886 1357; x_wconf 76' lang='grc' dir='ltr'>πατριάρχ</span> 
     </span>
    </p>
   </div>
   <div class='ocr_carea' id='block_1_77' title="bbox 2344 1368 3886 1443">
    <p class='ocr_par' dir='ltr' id='par_1_77' title="bbox 2344 1368 3886 1443">
     <span class='ocr_line' id='line_1_77' title="bbox 2344 1368 3886 1443; baseline 0.003 -21"><span class='ocrx_word' id='word_1_591' title='bbox 2344 1372 2443 1423; x_wconf 90' lang='grc' dir='ltr'>οὐκ</span> <span class='ocrx_word' id='word_1_592' title='bbox 2468 1372 2622 1434; x_wconf 84' lang='grc' dir='ltr'>είδὼς</span> <span class='ocrx_word' id='word_1_593' title='bbox 2637 1371 2780 1435; x_wconf 91' lang='grc' dir='ltr'>τίνες</span> <span class='ocrx_word' id='word_1_594' title='bbox 2803 1368 2942 1443; x_wconf 83' lang='grc' dir='ltr'>ἦσαν</span> <span class='ocrx_word' id='word_1_595' title='bbox 2968 1373 3016 1425; x_wconf 82' lang='grc' dir='ltr'>οί</span> <span class='ocrx_word' id='word_1_596' title='bbox 3040 1371 3489 1442; x_wconf 86' lang='grc' dir='ltr'>παραγεγονότες,</span> <span class='ocrx_word' id='word_1_597' title='bbox 3517 1371 3628 1425; x_wconf 88' lang='grc' dir='ltr'>ἀλλ’</span> <span class='ocrx_word' id='word_1_598' title='bbox 3656 1373 3821 1437; x_wconf 85' lang='grc' dir='ltr'>ὀδίτας</span> <span class='ocrx_word' id='word_1_599' title='bbox 3840 1391 3886 1426; x_wconf 89' lang='grc' dir='ltr'>τι</span> 
     </span>
    </p>
   </div>
   <div class='ocr_carea' id='block_1_78' title="bbox 2343 1456 3886 1531">
    <p class='ocr_par' dir='ltr' id='par_1_78' title="bbox 2343 1456 3886 1531">
     <span class='ocr_line' id='line_1_78' title="bbox 2343 1456 3886 1531; baseline 0.003 -20"><span class='ocrx_word' id='word_1_600' title='bbox 2343 1458 2539 1521; x_wconf 81' lang='grc' dir='ltr'>αὐτοὺς</span> <span class='ocrx_word' id='word_1_601' title='bbox 2564 1456 2700 1511; x_wconf 74' lang='grc' dir='ltr'>εἶναι</span> <span class='ocrx_word' id='word_1_602' title='bbox 2726 1459 3141 1527; x_wconf 82' lang='grc' dir='ltr'>ὑπολαμϐάνων,</span> <span class='ocrx_word' id='word_1_603' title='bbox 3161 1460 3491 1530; x_wconf 87' lang='grc' dir='ltr'>θεασάμενος</span> <span class='ocrx_word' id='word_1_604' title='bbox 3517 1461 3784 1531; x_wconf 76' lang='grc' dir='ltr'>μονονουχὶ</span> <span class='ocrx_word' id='word_1_605' title='bbox 3811 1463 3886 1515; x_wconf 62' lang='grc' dir='ltr'>ἐστ</span> 
     </span>
    </p>
   </div>
   <div class='ocr_carea' id='block_1_79' title="bbox 2342 1545 3886 1619">
    <p class='ocr_par' dir='ltr' id='par_1_79' title="bbox 2342 1545 3886 1619">
     <span class='ocr_line' id='line_1_79' title="bbox 2342 1545 3886 1619; baseline 0.003 -22"><span class='ocrx_word' id='word_1_606' title='bbox 2342 1562 2497 1615; x_wconf 90' lang='grc' dir='ltr'>τησε,</span> <span class='ocrx_word' id='word_1_607' title='bbox 2527 1545 2617 1598; x_wconf 76' lang='grc' dir='ltr'>καὶ</span> <span class='ocrx_word' id='word_1_608' title='bbox 2649 1548 2948 1617; x_wconf 85' lang='grc' dir='ltr'>περιχαρὴς</span> <span class='ocrx_word' id='word_1_609' title='bbox 2979 1548 3230 1615; x_wconf 83' lang='grc' dir='ltr'>γέγονεν,</span> <span class='ocrx_word' id='word_1_610' title='bbox 3262 1547 3336 1610; x_wconf 85' lang='grc' dir='ltr'>ὡς</span> <span class='ocrx_word' id='word_1_611' title='bbox 3381 1547 3645 1617; x_wconf 81' lang='grc' dir='ltr'>ἐπιτυχὼν</span> <span class='ocrx_word' id='word_1_612' title='bbox 3677 1549 3771 1618; x_wconf 77' lang='grc' dir='ltr'>τῆς</span> <span class='ocrx_word' id='word_1_613' title='bbox 3802 1549 3886 1619; x_wconf 66' lang='grc' dir='ltr'>θὴς</span> 
     </span>
    </p>
   </div>
   <div class='ocr_carea' id='block_1_80' title="bbox 2343 1626 3886 1704">
    <p class='ocr_par' dir='ltr' id='par_1_80' title="bbox 2343 1626 3886 1704">
     <span class='ocr_line' id='line_1_80' title="bbox 2343 1626 3886 1704; baseline 0.001 -20"><span class='ocrx_word' id='word_1_614' title='bbox 2343 1633 2436 1684; x_wconf 68' lang='grc' dir='ltr'>καὶ</span> <span class='ocrx_word' id='word_1_615' title='bbox 2470 1626 2557 1701; x_wconf 75' lang='grc' dir='ltr'>μὴ’</span> <span class='ocrx_word' id='word_1_616' title='bbox 2594 1630 2906 1703; x_wconf 68' lang='grc' dir='ltr'>διαμαρτίαν</span> <span class='ocrx_word' id='word_1_617' title='bbox 2933 1632 3026 1685; x_wconf 80' lang='grc' dir='ltr'>τοῦ</span> <span class='ocrx_word' id='word_1_618' title='bbox 3060 1633 3510 1704; x_wconf 78' lang='grc' dir='ltr'>σπουδαζομένου.</span> <span class='ocrx_word' id='word_1_619' title='bbox 3555 1633 3707 1687; x_wconf 77' lang='grc' dir='ltr'>Ἰδὼν</span> <span class='ocrx_word' id='word_1_620' title='bbox 3733 1633 3855 1704; x_wconf 85' lang='grc' dir='ltr'>γὰρ,</span> <span class='ocrx_word' id='word_1_621' title='bbox 3883 1656 3886 1676; x_wconf 69' lang='grc' dir='ltr'>ι</span> 
     </span>
    </p>
   </div>
   <div class='ocr_carea' id='block_1_81' title="bbox 2344 1710 3886 1787">
    <p class='ocr_par' dir='ltr' id='par_1_81' title="bbox 2344 1710 3886 1787">
     <span class='ocr_line' id='line_1_81' title="bbox 2344 1710 3886 1787; baseline 0.003 -18"><span class='ocrx_word' id='word_1_622' title='bbox 2344 1717 2445 1781; x_wconf 79' lang='grc' dir='ltr'>σὶν,</span> <span class='ocrx_word' id='word_1_623' title='bbox 2470 1716 2766 1783; x_wconf 80' lang='grc' dir='ltr'>ἐξανέστη</span> <span class='ocrx_word' id='word_1_624' title='bbox 2799 1721 2889 1783; x_wconf 80' lang='grc' dir='ltr'>είς</span> <span class='ocrx_word' id='word_1_625' title='bbox 2931 1710 3309 1787; x_wconf 63' lang='grc' dir='ltr'>συνάντησιν</span> <span class='ocrx_word' id='word_1_626' title='bbox 3334 1719 3555 1784; x_wconf 87' lang='grc' dir='ltr'>αὐτοῖς,</span> <span class='ocrx_word' id='word_1_627' title='bbox 3589 1719 3681 1773; x_wconf 74' lang='grc' dir='ltr'>καὶ</span> <span class='ocrx_word' id='word_1_628' title='bbox 3710 1732 3886 1787; x_wconf 81' lang='grc' dir='ltr'>προσε</span> 
     </span>
    </p>
   </div>
   <div class='ocr_carea' id='block_1_82' title="bbox 2340 1803 3886 1878">
    <p class='ocr_par' dir='ltr' id='par_1_82' title="bbox 2340 1803 3886 1878">
     <span class='ocr_line' id='line_1_82' title="bbox 2340 1803 3886 1878; baseline 0.004 -24"><span class='ocrx_word' id='word_1_629' title='bbox 2340 1816 2492 1869; x_wconf 81' lang='grc' dir='ltr'>νησε</span> <span class='ocrx_word' id='word_1_630' title='bbox 2520 1803 2598 1867; x_wconf 85' lang='grc' dir='ltr'>τῷ</span> <span class='ocrx_word' id='word_1_631' title='bbox 2625 1805 2920 1871; x_wconf 77' lang='grc' dir='ltr'>προσώπῳ</span> <span class='ocrx_word' id='word_1_632' title='bbox 2941 1804 3040 1856; x_wconf 78' lang='grc' dir='ltr'>ἐπὶ</span> <span class='ocrx_word' id='word_1_633' title='bbox 3064 1804 3181 1870; x_wconf 76' lang='grc' dir='ltr'>τὴν</span> <span class='ocrx_word' id='word_1_634' title='bbox 3206 1803 3340 1875; x_wconf 78' lang='grc' dir='ltr'>γῆν.</span> <span class='ocrx_word' id='word_1_635' title='bbox 3370 1806 3742 1878; x_wconf 81' lang='grc' dir='ltr'>Ηύχαρίστησε</span> <span class='ocrx_word' id='word_1_636' title='bbox 3764 1806 3886 1877; x_wconf 60' lang='lat' dir='ltr'>ape</span> 
     </span>
    </p>
   </div>
   <div class='ocr_carea' id='block_1_83' title="bbox 2338 1883 3886 1964">
    <p class='ocr_par' dir='ltr' id='par_1_83' title="bbox 2338 1883 3886 1964">
     <span class='ocr_line' id='line_1_83' title="bbox 2338 1883 3886 1964; baseline 0.003 -25"><span class='ocrx_word' id='word_1_637' title='bbox 2338 1888 2418 1940; x_wconf 85' lang='grc' dir='ltr'>ὅτι</span> <span class='ocrx_word' id='word_1_638' title='bbox 2450 1883 2781 1957; x_wconf 82' lang='grc' dir='ltr'>κατηξίωσεν</span> <span class='ocrx_word' id='word_1_639' title='bbox 2808 1890 2967 1943; x_wconf 82' lang='grc' dir='ltr'>αὐτὸν</span> <span class='ocrx_word' id='word_1_640' title='bbox 2996 1890 3355 1956; x_wconf 82' lang='grc' dir='ltr'>ὐποδέξασθαι</span> <span class='ocrx_word' id='word_1_641' title='bbox 3390 1892 3515 1956; x_wconf 86' lang='grc' dir='ltr'>τοὺς</span> <span class='ocrx_word' id='word_1_642' title='bbox 3542 1894 3839 1964; x_wconf 86' lang='grc' dir='ltr'>παριόντας.</span> <span class='ocrx_word' id='word_1_643' title='bbox 3857 1894 3886 1944; x_wconf 86' lang='grc' dir='ltr'>Σ</span> 
     </span>
    </p>
   </div>
   <div class='ocr_carea' id='block_1_84' title="bbox 2339 1974 3886 2050">
    <p class='ocr_par' dir='ltr' id='par_1_84' title="bbox 2339 1974 3886 2050">
     <span class='ocr_line' id='line_1_84' title="bbox 2339 1974 3886 2050; baseline 0.005 -24"><span class='ocrx_word' id='word_1_644' title='bbox 2339 1992 2429 2026; x_wconf 87' lang='grc' dir='ltr'>πει</span> <span class='ocrx_word' id='word_1_645' title='bbox 2455 1974 2633 2044; x_wconf 72' lang='grc' dir='ltr'>ψυχῆς</span> <span class='ocrx_word' id='word_1_646' title='bbox 2660 1977 2880 2046; x_wconf 83' lang='grc' dir='ltr'>ἀρετήν.</span> <span class='ocrx_word' id='word_1_647' title='bbox 2908 1977 3169 2046; x_wconf 87' lang='grc' dir='ltr'>Μεγάλην</span> <span class='ocrx_word' id='word_1_648' title='bbox 3211 1977 3527 2049; x_wconf 85' lang='grc' dir='ltr'>εὐεργεσίαν</span> <span class='ocrx_word' id='word_1_649' title='bbox 3563 1979 3709 2050; x_wconf 83' lang='grc' dir='ltr'>παρὰ</span> <span class='ocrx_word' id='word_1_650' title='bbox 3735 1979 3823 2032; x_wconf 84' lang='grc' dir='ltr'>τοῦ</span> <span class='ocrx_word' id='word_1_651' title='bbox 3856 1978 3886 2034; x_wconf 73' lang='grc'>8</span> 
     </span>
    </p>
   </div>
   <div class='ocr_carea' id='block_1_85' title="bbox 2337 2060 3849 2135">
    <p class='ocr_par' dir='ltr' id='par_1_85' title="bbox 2337 2060 3849 2135">
     <span class='ocr_line' id='line_1_85' title="bbox 2337 2060 3849 2135; baseline 0.002 -22"><span class='ocrx_word' id='word_1_652' title='bbox 2337 2060 2538 2131; x_wconf 91' lang='grc' dir='ltr'>ταύτην</span> <span class='ocrx_word' id='word_1_653' title='bbox 2559 2063 2820 2133; x_wconf 78' lang='grc' dir='ltr'>ἡγήσατο,</span> <span class='ocrx_word' id='word_1_654' title='bbox 2848 2063 2909 2116; x_wconf 87' lang='lat'>:6</span> <span class='ocrx_word' id='word_1_655' title='bbox 2938 2064 3212 2133; x_wconf 85' lang='grc' dir='ltr'>ἐπιτυχεῖν</span> <span class='ocrx_word' id='word_1_656' title='bbox 3236 2064 3341 2117; x_wconf 88' lang='grc' dir='ltr'>τῶν</span> <span class='ocrx_word' id='word_1_657' title='bbox 3374 2064 3599 2135; x_wconf 89' lang='grc' dir='ltr'>ἀνδρῶν,</span> <span class='ocrx_word' id='word_1_658' title='bbox 3656 2066 3745 2118; x_wconf 73' lang='grc' dir='ltr'>καὶ</span> <span class='ocrx_word' id='word_1_659' title='bbox 3768 2064 3849 2117; x_wconf 87' lang='grc' dir='ltr'>διά</span> 
     </span>
    </p>
   </div>
   <div class='ocr_carea' id='block_1_86' title="bbox 2338 2146 3886 2220">
    <p class='ocr_par' dir='ltr' id='par_1_86' title="bbox 2338 2146 3886 2220">
     <span class='ocr_line' id='line_1_86' title="bbox 2338 2146 3886 2220; baseline 0.003 -21"><span class='ocrx_word' id='word_1_660' title='bbox 2338 2150 2417 2208; x_wconf 79' lang='grc' dir='ltr'>εἰς</span> <span class='ocrx_word' id='word_1_661' title='bbox 2453 2147 2673 2215; x_wconf 83' lang='grc' dir='ltr'>τούτους</span> <span class='ocrx_word' id='word_1_662' title='bbox 2698 2146 2994 2214; x_wconf 77' lang='grc' dir='ltr'>δεξιώσεως</span> <span class='ocrx_word' id='word_1_663' title='bbox 3030 2150 3121 2201; x_wconf 87' lang='grc' dir='ltr'>τόν</span> <span class='ocrx_word' id='word_1_664' title='bbox 3152 2152 3348 2202; x_wconf 69' lang='grc' dir='ltr'>οἰκεῖον</span> <span class='ocrx_word' id='word_1_665' title='bbox 3393 2150 3552 2203; x_wconf 82' lang='grc' dir='ltr'>πόθον</span> <span class='ocrx_word' id='word_1_666' title='bbox 3578 2151 3886 2220; x_wconf 74' lang='grc' dir='ltr'>άποπληρῶε</span> 
     </span>
    </p>
   </div>
   <div class='ocr_carea' id='block_1_87' title="bbox 2336 2232 3886 2307">
    <p class='ocr_par' dir='ltr' id='par_1_87' title="bbox 2336 2232 3886 2307">
     <span class='ocr_line' id='line_1_87' title="bbox 2336 2232 3886 2307; baseline -0.001 -19"><span class='ocrx_word' id='word_1_667' title='bbox 2336 2235 2428 2306; x_wconf 84' lang='grc' dir='ltr'>Μὴ</span> <span class='ocrx_word' id='word_1_668' title='bbox 2457 2236 2563 2307; x_wconf 87' lang='grc' dir='ltr'>γάρ</span> <span class='ocrx_word' id='word_1_669' title='bbox 2597 2252 2685 2305; x_wconf 89' lang='grc' dir='ltr'>μοι</span> <span class='ocrx_word' id='word_1_670' title='bbox 2706 2236 2849 2303; x_wconf 85' lang='grc' dir='ltr'>λέγε,</span> <span class='ocrx_word' id='word_1_671' title='bbox 2885 2237 2966 2289; x_wconf 80' lang='grc' dir='ltr'>ὃτι</span> <span class='ocrx_word' id='word_1_672' title='bbox 2989 2235 3204 2305; x_wconf 82' lang='grc' dir='ltr'>ἄγγελοι</span> <span class='ocrx_word' id='word_1_673' title='bbox 3235 2232 3391 2306; x_wconf 80' lang='grc' dir='ltr'>ἦσαν·</span> <span class='ocrx_word' id='word_1_674' title='bbox 3419 2235 3530 2289; x_wconf 81' lang='grc' dir='ltr'>ἀλλ’</span> <span class='ocrx_word' id='word_1_675' title='bbox 3555 2238 3722 2289; x_wconf 88' lang='grc' dir='ltr'>ἐκεῖνο</span> <span class='ocrx_word' id='word_1_676' title='bbox 3749 2236 3886 2304; x_wconf 77' lang='grc' dir='ltr'>λογίς</span> 
     </span>
    </p>
   </div>
   <div class='ocr_carea' id='block_1_88' title="bbox 2337 2319 3886 2394">
    <p class='ocr_par' dir='ltr' id='par_1_88' title="bbox 2337 2319 3886 2394">
     <span class='ocr_line' id='line_1_88' title="bbox 2337 2319 3886 2394; baseline 0 -18"><span class='ocrx_word' id='word_1_677' title='bbox 2337 2324 2416 2376; x_wconf 81' lang='grc' dir='ltr'>ὅτι</span> <span class='ocrx_word' id='word_1_678' title='bbox 2467 2326 2495 2376; x_wconf 94' lang='lat'>6</span> <span class='ocrx_word' id='word_1_679' title='bbox 2532 2324 2738 2387; x_wconf 87' lang='grc' dir='ltr'>δίκαιος</span> <span class='ocrx_word' id='word_1_680' title='bbox 2771 2319 2923 2387; x_wconf 72' lang='grc' dir='ltr'>οὗτος</span> <span class='ocrx_word' id='word_1_681' title='bbox 2957 2324 3166 2377; x_wconf 89' lang='grc' dir='ltr'>οὐδέπω</span> <span class='ocrx_word' id='word_1_682' title='bbox 3201 2323 3357 2376; x_wconf 81' lang='grc' dir='ltr'>τοῦτο</span> <span class='ocrx_word' id='word_1_683' title='bbox 3390 2321 3543 2394; x_wconf 64' lang='grc'>[458]</span> <span class='ocrx_word' id='word_1_684' title='bbox 3564 2322 3886 2392; x_wconf 77' lang='grc' dir='ltr'>ὴπίστατο,ἐ</span> 
     </span>
    </p>
   </div>
   <div class='ocr_carea' id='block_1_89' title="bbox 2337 2404 3886 2480">
    <p class='ocr_par' dir='ltr' id='par_1_89' title="bbox 2337 2404 3886 2480">
     <span class='ocr_line' id='line_1_89' title="bbox 2337 2404 3886 2480; baseline -0.001 -19"><span class='ocrx_word' id='word_1_685' title='bbox 2337 2409 2412 2473; x_wconf 82' lang='grc' dir='ltr'>ὡς</span> <span class='ocrx_word' id='word_1_686' title='bbox 2465 2409 2784 2480; x_wconf 83' lang='grc' dir='ltr'>ἀνθρώπους</span> <span class='ocrx_word' id='word_1_687' title='bbox 2833 2409 3079 2477; x_wconf 87' lang='grc' dir='ltr'>ἀγνῶτας</span> <span class='ocrx_word' id='word_1_688' title='bbox 3137 2404 3529 2477; x_wconf 84' lang='grc' dir='ltr'>παροδεύοντας</span> <span class='ocrx_word' id='word_1_689' title='bbox 3590 2406 3886 2478; x_wconf 73' lang='grc' dir='ltr'>ὑποδεχόμε·</span> 
     </span>
    </p>
   </div>
   <div class='ocr_carea' id='block_1_90' title="bbox 2335 2494 3886 2560">
    <p class='ocr_par' dir='ltr' id='par_1_90' title="bbox 2335 2494 3886 2560">
     <span class='ocr_line' id='line_1_90' title="bbox 2335 2494 3886 2560; baseline -0.002 -12"><span class='ocrx_word' id='word_1_690' title='bbox 2335 2495 2477 2548; x_wconf 79' lang='grc' dir='ltr'>οὓτω</span> <span class='ocrx_word' id='word_1_691' title='bbox 2500 2496 2748 2549; x_wconf 82' lang='grc' dir='ltr'>διέκειτο.</span> <span class='ocrx_word' id='word_1_692' title='bbox 2775 2496 2885 2548; x_wconf 81' lang='grc' dir='ltr'>Καὶ</span> <span class='ocrx_word' id='word_1_693' title='bbox 2906 2495 3098 2548; x_wconf 76' lang='grc' dir='ltr'>εἷπεν·</span> <span class='ocrx_word' id='word_1_694' title='bbox 3142 2494 3318 2557; x_wconf 85' lang='grc' dir='ltr'>Ἰδοὺ,</span> <span class='ocrx_word' id='word_1_695' title='bbox 3349 2494 3558 2560; x_wconf 82' lang='grc' dir='ltr'>κύριοι,</span> <span class='ocrx_word' id='word_1_696' title='bbox 3585 2494 3886 2547; x_wconf 73' lang='grc' dir='ltr'>έκκλίνατε</span> 
     </span>
    </p>
   </div>
   <div class='ocr_carea' id='block_1_91' title="bbox 2337 2578 3828 2648">
    <p class='ocr_par' dir='ltr' id='par_1_91' title="bbox 2337 2578 3828 2648">
     <span class='ocr_line' id='line_1_91' title="bbox 2337 2578 3828 2648; baseline -0.002 -14"><span class='ocrx_word' id='word_1_697' title='bbox 2337 2581 2443 2635; x_wconf 83' lang='grc' dir='ltr'>τὸν</span> <span class='ocrx_word' id='word_1_698' title='bbox 2469 2578 2635 2636; x_wconf 79' lang='grc' dir='ltr'>οἷκον</span> <span class='ocrx_word' id='word_1_699' title='bbox 2661 2581 2766 2634; x_wconf 86' lang='grc' dir='ltr'>τοῦ</span> <span class='ocrx_word' id='word_1_700' title='bbox 2809 2579 3023 2645; x_wconf 79' lang='grc' dir='ltr'>παιδὸς</span> <span class='ocrx_word' id='word_1_701' title='bbox 3070 2580 3253 2648; x_wconf 75' lang='grc' dir='ltr'>ὑμῶν,</span> <span class='ocrx_word' id='word_1_702' title='bbox 3284 2579 3379 2632; x_wconf 80' lang='grc' dir='ltr'>καί</span> <span class='ocrx_word' id='word_1_703' title='bbox 3432 2580 3828 2641; x_wconf 77' lang='grc' dir='ltr'>καταλύσατε,</span> 
     </span>
    </p>
   </div>
   <div class='ocr_carea' id='block_1_92' title="bbox 2333 2664 3885 2736">
    <p class='ocr_par' dir='ltr' id='par_1_92' title="bbox 2333 2664 3885 2736">
     <span class='ocr_line' id='line_1_92' title="bbox 2333 2664 3885 2736; baseline -0.004 -14"><span class='ocrx_word' id='word_1_704' title='bbox 2333 2669 2594 2736; x_wconf 69' lang='grc' dir='ltr'>νίψασθε</span> <span class='ocrx_word' id='word_1_705' title='bbox 2618 2667 2756 2731; x_wconf 92' lang='grc' dir='ltr'>τοὺς</span> <span class='ocrx_word' id='word_1_706' title='bbox 2783 2666 2972 2730; x_wconf 77' lang='grc' dir='ltr'>πόδας</span> <span class='ocrx_word' id='word_1_707' title='bbox 3001 2666 3186 2734; x_wconf 78' lang='grc' dir='ltr'>ὑμῶν,</span> <span class='ocrx_word' id='word_1_708' title='bbox 3217 2664 3313 2718; x_wconf 77' lang='grc' dir='ltr'>καί</span> <span class='ocrx_word' id='word_1_709' title='bbox 3335 2665 3713 2732; x_wconf 76' lang='grc' dir='ltr'>ὀρθρίσαντες</span> <span class='ocrx_word' id='word_1_710' title='bbox 3736 2664 3885 2717; x_wconf 59' lang='lat' dir='ltr'>daal</span> 
     </span>
    </p>
   </div>
   <div class='ocr_carea' id='block_1_93' title="bbox 2335 2751 3882 2823">
    <p class='ocr_par' dir='ltr' id='par_1_93' title="bbox 2335 2751 3882 2823">
     <span class='ocr_line' id='line_1_93' title="bbox 2335 2751 3882 2823; baseline -0.004 -14"><span class='ocrx_word' id='word_1_711' title='bbox 2335 2757 2520 2809; x_wconf 84' lang='grc' dir='ltr'>σεσθε</span> <span class='ocrx_word' id='word_1_712' title='bbox 2569 2758 2654 2820; x_wconf 84' lang='grc' dir='ltr'>είς</span> <span class='ocrx_word' id='word_1_713' title='bbox 2684 2754 2798 2821; x_wconf 79' lang='grc' dir='ltr'>τὴν</span> <span class='ocrx_word' id='word_1_714' title='bbox 2822 2753 2966 2807; x_wconf 80' lang='grc' dir='ltr'>ὀδόν</span> <span class='ocrx_word' id='word_1_715' title='bbox 3006 2751 3191 2822; x_wconf 79' lang='grc' dir='ltr'>ὑμῶν.</span> <span class='ocrx_word' id='word_1_716' title='bbox 3253 2752 3435 2805; x_wconf 83' lang='grc' dir='ltr'>Ἱκανά</span> <span class='ocrx_word' id='word_1_717' title='bbox 3460 2751 3529 2806; x_wconf 85' lang='grc' dir='ltr'>τά</span> <span class='ocrx_word' id='word_1_718' title='bbox 3577 2752 3792 2823; x_wconf 84' lang='grc' dir='ltr'>ῥήματα</span> <span class='ocrx_word' id='word_1_719' title='bbox 3817 2767 3882 2803; x_wconf 87' lang='grc' dir='ltr'>τα</span> 
     </span>
    </p>
   </div>
   <div class='ocr_carea' id='block_1_94' title="bbox 2332 2837 3886 2912">
    <p class='ocr_par' dir='ltr' id='par_1_94' title="bbox 2332 2837 3886 2912">
     <span class='ocr_line' id='line_1_94' title="bbox 2332 2837 3886 2912; baseline -0.002 -20"><span class='ocrx_word' id='word_1_720' title='bbox 2332 2841 2432 2912; x_wconf 85' lang='grc' dir='ltr'>τὴν</span> <span class='ocrx_word' id='word_1_721' title='bbox 2455 2841 2879 2910; x_wconf 83' lang='grc' dir='ltr'>ἐναποκειμένην</span> <span class='ocrx_word' id='word_1_722' title='bbox 2909 2840 3109 2910; x_wconf 84' lang='grc' dir='ltr'>ἀρετὴν</span> <span class='ocrx_word' id='word_1_723' title='bbox 3135 2841 3200 2910; x_wconf 77' lang='grc' dir='ltr'>τῇ</span> <span class='ocrx_word' id='word_1_724' title='bbox 3231 2838 3322 2892; x_wconf 77' lang='grc' dir='ltr'>τοῦ</span> <span class='ocrx_word' id='word_1_725' title='bbox 3343 2837 3548 2892; x_wconf 90' lang='grc' dir='ltr'>δικαίου</span> <span class='ocrx_word' id='word_1_726' title='bbox 3573 2838 3717 2908; x_wconf 65' lang='grc' dir='ltr'>ψυχῇ</span> <span class='ocrx_word' id='word_1_727' title='bbox 3756 2838 3886 2890; x_wconf 89' lang='grc' dir='ltr'>ἐκκα</span> 
     </span>
    </p>
   </div>
   <div class='ocr_carea' id='block_1_95' title="bbox 2332 2922 3886 2997">
    <p class='ocr_par' dir='ltr' id='par_1_95' title="bbox 2332 2922 3886 2997">
     <span class='ocr_line' id='line_1_95' title="bbox 2332 2922 3886 2997; baseline -0.003 -17"><span class='ocrx_word' id='word_1_728' title='bbox 2332 2925 2451 2995; x_wconf 78' lang='grc' dir='ltr'>ψαι.</span> <span class='ocrx_word' id='word_1_729' title='bbox 2481 2927 2545 2979; x_wconf 93' lang='grc' dir='ltr'>Τί</span> <span class='ocrx_word' id='word_1_730' title='bbox 2597 2926 2706 2996; x_wconf 78' lang='grc' dir='ltr'>γὰρ</span> <span class='ocrx_word' id='word_1_731' title='bbox 2758 2926 2823 2981; x_wconf 81' lang='grc' dir='ltr'>ἀν</span> <span class='ocrx_word' id='word_1_732' title='bbox 2879 2942 2962 2990; x_wconf 90' lang='grc' dir='ltr'>τις</span> <span class='ocrx_word' id='word_1_733' title='bbox 3015 2925 3313 2996; x_wconf 88' lang='grc' dir='ltr'>ἐκπλαγείη</span> <span class='ocrx_word' id='word_1_734' title='bbox 3353 2924 3450 2997; x_wconf 81' lang='grc' dir='ltr'>τὴν</span> <span class='ocrx_word' id='word_1_735' title='bbox 3497 2922 3886 2994; x_wconf 77' lang='grc' dir='ltr'>ταπεινοφροσύ</span> 
     </span>
    </p>
   </div>
   <div class='ocr_carea' id='block_1_96' title="bbox 2334 3009 3886 3085">
    <p class='ocr_par' dir='ltr' id='par_1_96' title="bbox 2334 3009 3886 3085">
     <span class='ocr_line' id='line_1_96' title="bbox 2334 3009 3886 3085; baseline -0.003 -20"><span class='ocrx_word' id='word_1_736' title='bbox 2334 3012 2790 3083; x_wconf 80' lang='grc' dir='ltr'>ὑπερϐάλλουσαν,</span> <span class='ocrx_word' id='word_1_737' title='bbox 2819 3012 2915 3084; x_wconf 87' lang='grc' dir='ltr'>τὴν</span> <span class='ocrx_word' id='word_1_738' title='bbox 2947 3011 3275 3085; x_wconf 85' lang='grc' dir='ltr'>θερμότητα,</span> <span class='ocrx_word' id='word_1_739' title='bbox 3296 3012 3363 3083; x_wconf 75' lang='grc' dir='ltr'>ἦν</span> <span class='ocrx_word' id='word_1_740' title='bbox 3418 3013 3543 3082; x_wconf 76' lang='grc' dir='ltr'>περὶ</span> <span class='ocrx_word' id='word_1_741' title='bbox 3568 3011 3666 3080; x_wconf 84' lang='grc' dir='ltr'>τὴν</span> <span class='ocrx_word' id='word_1_742' title='bbox 3693 3009 3886 3078; x_wconf 53' lang='grc' dir='ltr'>φιλοξεη</span> 
     </span>
    </p>
   </div>
   <div class='ocr_carea' id='block_1_97' title="bbox 2332 3098 3843 3170">
    <p class='ocr_par' dir='ltr' id='par_1_97' title="bbox 2332 3098 3843 3170">
     <span class='ocr_line' id='line_1_97' title="bbox 2332 3098 3843 3170; baseline -0.002 -18"><span class='ocrx_word' id='word_1_743' title='bbox 2332 3100 2710 3163; x_wconf 84' lang='grc' dir='ltr'>ἐπεδείκνυτο;</span> <span class='ocrx_word' id='word_1_744' title='bbox 2742 3100 2910 3162; x_wconf 85' lang='grc' dir='ltr'>Ἰδοὺ,</span> <span class='ocrx_word' id='word_1_745' title='bbox 2947 3100 3100 3170; x_wconf 77' lang='grc' dir='ltr'>φησὶ,</span> <span class='ocrx_word' id='word_1_746' title='bbox 3142 3100 3352 3167; x_wconf 80' lang='grc' dir='ltr'>κύριοι,</span> <span class='ocrx_word' id='word_1_747' title='bbox 3408 3098 3723 3151; x_wconf 77' lang='grc' dir='ltr'>ὲκκλίνατε</span> <span class='ocrx_word' id='word_1_748' title='bbox 3760 3099 3843 3161; x_wconf 82' lang='grc' dir='ltr'>εις</span> 
     </span>
    </p>
   </div>
   <div class='ocr_carea' id='block_1_98' title="bbox 2331 3182 3866 3254">
    <p class='ocr_par' dir='ltr' id='par_1_98' title="bbox 2331 3182 3866 3254">
     <span class='ocr_line' id='line_1_98' title="bbox 2331 3182 3866 3254; baseline -0.004 -14"><span class='ocrx_word' id='word_1_749' title='bbox 2331 3182 2499 3240; x_wconf 74' lang='grc' dir='ltr'>οἷκον</span> <span class='ocrx_word' id='word_1_750' title='bbox 2526 3185 2630 3240; x_wconf 83' lang='grc' dir='ltr'>τοῦ</span> <span class='ocrx_word' id='word_1_751' title='bbox 2657 3185 2868 3251; x_wconf 79' lang='grc' dir='ltr'>παιδὸς</span> <span class='ocrx_word' id='word_1_752' title='bbox 2893 3183 3080 3254; x_wconf 83' lang='grc' dir='ltr'>ὑμῶν.</span> <span class='ocrx_word' id='word_1_753' title='bbox 3111 3184 3409 3247; x_wconf 84' lang='grc' dir='ltr'>Κάκείνους</span> <span class='ocrx_word' id='word_1_754' title='bbox 3435 3183 3655 3254; x_wconf 76' lang='grc' dir='ltr'>κυρίους</span> <span class='ocrx_word' id='word_1_755' title='bbox 3692 3182 3866 3248; x_wconf 86' lang='grc' dir='ltr'>καλεῖ,</span> 
     </span>
    </p>
   </div>
   <div class='ocr_carea' id='block_1_99' title="bbox 2331 3267 3883 3340">
    <p class='ocr_par' dir='ltr' id='par_1_99' title="bbox 2331 3267 3883 3340">
     <span class='ocr_line' id='line_1_99' title="bbox 2331 3267 3883 3340; baseline -0.002 -17"><span class='ocrx_word' id='word_1_756' title='bbox 2331 3270 2521 3324; x_wconf 82' lang='grc' dir='ltr'>ἐαυτὸν</span> <span class='ocrx_word' id='word_1_757' title='bbox 2552 3270 2714 3324; x_wconf 84' lang='grc' dir='ltr'>παῖδα</span> <span class='ocrx_word' id='word_1_758' title='bbox 2745 3270 2925 3324; x_wconf 85' lang='grc' dir='ltr'>αὐτῶν</span> <span class='ocrx_word' id='word_1_759' title='bbox 2970 3268 3244 3340; x_wconf 80' lang='grc' dir='ltr'>ὀνομάζει.</span> <span class='ocrx_word' id='word_1_760' title='bbox 3287 3268 3651 3338; x_wconf 80' lang='grc' dir='ltr'>Ἀκούσωμεν,</span> <span class='ocrx_word' id='word_1_761' title='bbox 3694 3267 3883 3338; x_wconf 85' lang='grc' dir='ltr'>άγαπη</span> 
     </span>
    </p>
   </div>
   <div class='ocr_carea' id='block_1_100' title="bbox 2329 3353 3886 3427">
    <p class='ocr_par' dir='ltr' id='par_1_100' title="bbox 2329 3353 3886 3427">
     <span class='ocr_line' id='line_1_100' title="bbox 2329 3353 3886 3427; baseline -0.003 -18"><span class='ocrx_word' id='word_1_762' title='bbox 2329 3356 2438 3410; x_wconf 87' lang='grc' dir='ltr'>τῶν</span> <span class='ocrx_word' id='word_1_763' title='bbox 2472 3357 2731 3427; x_wconf 78' lang='grc' dir='ltr'>ῥημάτων</span> <span class='ocrx_word' id='word_1_764' title='bbox 2754 3355 2959 3410; x_wconf 89' lang='grc' dir='ltr'>τούτων</span> <span class='ocrx_word' id='word_1_765' title='bbox 2993 3356 3130 3426; x_wconf 88' lang='grc' dir='ltr'>μετά</span> <span class='ocrx_word' id='word_1_766' title='bbox 3158 3354 3462 3426; x_wconf 88' lang='grc' dir='ltr'>ἀκριϐείας,</span> <span class='ocrx_word' id='word_1_767' title='bbox 3496 3354 3589 3408; x_wconf 77' lang='grc' dir='ltr'>καὶ</span> <span class='ocrx_word' id='word_1_768' title='bbox 3614 3353 3886 3407; x_wconf 84' lang='grc' dir='ltr'>παιδευθῶ</span> 
     </span>
    </p>
   </div>
   <div class='ocr_carea' id='block_1_101' title="bbox 2331 3439 3860 3512">
    <p class='ocr_par' dir='ltr' id='par_1_101' title="bbox 2331 3439 3860 3512">
     <span class='ocr_line' id='line_1_101' title="bbox 2331 3439 3860 3512; baseline -0.002 -17"><span class='ocrx_word' id='word_1_769' title='bbox 2331 3442 2425 3495; x_wconf 75' lang='grc' dir='ltr'>καὶ</span> <span class='ocrx_word' id='word_1_770' title='bbox 2470 3443 2629 3512; x_wconf 78' lang='grc' dir='ltr'>ἡμεῖς</span> <span class='ocrx_word' id='word_1_771' title='bbox 2652 3440 2720 3493; x_wconf 81' lang='grc' dir='ltr'>τά</span> <span class='ocrx_word' id='word_1_772' title='bbox 2751 3442 2911 3511; x_wconf 87' lang='grc' dir='ltr'>ὃμοια</span> <span class='ocrx_word' id='word_1_773' title='bbox 2959 3440 3402 3512; x_wconf 88' lang='grc' dir='ltr'>διαπράττεσθαι.</span> <span class='ocrx_word' id='word_1_774' title='bbox 3445 3439 3503 3493; x_wconf 90' lang='lat'><strong>&#39;0</strong></span> <span class='ocrx_word' id='word_1_775' title='bbox 3535 3439 3802 3506; x_wconf 79' lang='grc' dir='ltr'>ἐπίδοξος,</span> <span class='ocrx_word' id='word_1_776' title='bbox 3832 3442 3860 3492; x_wconf 92' lang='lat'>6</span> 
     </span>
    </p>
   </div>
   <div class='ocr_carea' id='block_1_102' title="bbox 2331 3528 3886 3601">
    <p class='ocr_par' dir='ltr' id='par_1_102' title="bbox 2331 3528 3886 3601">
     <span class='ocr_line' id='line_1_102' title="bbox 2331 3528 3886 3601; baseline -0.002 -18"><span class='ocrx_word' id='word_1_777' title='bbox 2331 3529 2579 3601; x_wconf 76' lang='grc' dir='ltr'>ριφανὴς,</span> <span class='ocrx_word' id='word_1_778' title='bbox 2600 3531 2627 3583; x_wconf 91' lang='lat'>6</span> <span class='ocrx_word' id='word_1_779' title='bbox 2658 3531 2716 3582; x_wconf 85' lang='grc' dir='ltr'>ἐν</span> <span class='ocrx_word' id='word_1_780' title='bbox 2735 3528 2967 3601; x_wconf 78' lang='grc' dir='ltr'>τοσαύτῃ</span> <span class='ocrx_word' id='word_1_781' title='bbox 2993 3530 3279 3601; x_wconf 87' lang='grc' dir='ltr'>περιουσίᾳ</span> <span class='ocrx_word' id='word_1_782' title='bbox 3307 3528 3608 3600; x_wconf 87' lang='grc' dir='ltr'>τυγχάνων,</span> <span class='ocrx_word' id='word_1_783' title='bbox 3642 3529 3671 3581; x_wconf 87' lang='grc' dir='ltr'>ό</span> <span class='ocrx_word' id='word_1_784' title='bbox 3688 3528 3886 3581; x_wconf 75' lang='grc' dir='ltr'>οἰκοδει</span> 
     </span>
    </p>
   </div>
   <div class='ocr_carea' id='block_1_103' title="bbox 2329 3615 3886 3688">
    <p class='ocr_par' dir='ltr' id='par_1_103' title="bbox 2329 3615 3886 3688">
     <span class='ocr_line' id='line_1_103' title="bbox 2329 3615 3886 3688; baseline -0.002 -19"><span class='ocrx_word' id='word_1_785' title='bbox 2329 3634 2445 3688; x_wconf 87' lang='grc' dir='ltr'>της,</span> <span class='ocrx_word' id='word_1_786' title='bbox 2476 3617 2598 3679; x_wconf 78' lang='grc' dir='ltr'>τοὺς</span> <span class='ocrx_word' id='word_1_787' title='bbox 2617 3615 2812 3679; x_wconf 85' lang='grc' dir='ltr'>όδίτας,</span> <span class='ocrx_word' id='word_1_788' title='bbox 2842 3616 2966 3680; x_wconf 76' lang='grc' dir='ltr'>τοὺς</span> <span class='ocrx_word' id='word_1_789' title='bbox 3000 3616 3201 3683; x_wconf 83' lang='grc' dir='ltr'>ξένους,</span> <span class='ocrx_word' id='word_1_790' title='bbox 3227 3617 3355 3678; x_wconf 82' lang='grc' dir='ltr'>τοὺς</span> <span class='ocrx_word' id='word_1_791' title='bbox 3393 3615 3662 3684; x_wconf 83' lang='grc' dir='ltr'>ἀγνῶτας,</span> <span class='ocrx_word' id='word_1_792' title='bbox 3693 3615 3821 3677; x_wconf 83' lang='grc' dir='ltr'>τοὺς</span> <span class='ocrx_word' id='word_1_793' title='bbox 3849 3631 3886 3666; x_wconf 78' lang='grc' dir='ltr'>ει</span> 
     </span>
    </p>
   </div>
   <div class='ocr_carea' id='block_1_104' title="bbox 2328 3701 3886 3773">
    <p class='ocr_par' dir='ltr' id='par_1_104' title="bbox 2328 3701 3886 3773">
     <span class='ocr_line' id='line_1_104' title="bbox 2328 3701 3886 3773; baseline -0.002 -20"><span class='ocrx_word' id='word_1_794' title='bbox 2328 3701 2437 3765; x_wconf 83' lang='grc' dir='ltr'>λεῐς</span> <span class='ocrx_word' id='word_1_795' title='bbox 2490 3701 2552 3754; x_wconf 84' lang='grc' dir='ltr'>τὸ</span> <span class='ocrx_word' id='word_1_796' title='bbox 2599 3701 2944 3773; x_wconf 72' lang='grc' dir='ltr'>φαινόμενον,</span> <span class='ocrx_word' id='word_1_797' title='bbox 2996 3704 3125 3766; x_wconf 78' lang='grc' dir='ltr'>τοὺς</span> <span class='ocrx_word' id='word_1_798' title='bbox 3180 3702 3496 3773; x_wconf 84' lang='grc' dir='ltr'>παριόντας,</span> <span class='ocrx_word' id='word_1_799' title='bbox 3544 3702 3671 3765; x_wconf 75' lang='grc' dir='ltr'>τοὺς</span> <span class='ocrx_word' id='word_1_800' title='bbox 3705 3701 3886 3769; x_wconf 67' lang='grc' dir='ltr'>οὐδαμς</span> 
     </span>
    </p>
   </div>
   <div class='ocr_carea' id='block_1_105' title="bbox 2330 3788 3886 3860">
    <p class='ocr_par' dir='ltr' id='par_1_105' title="bbox 2330 3788 3886 3860">
     <span class='ocr_line' id='line_1_105' title="bbox 2330 3788 3886 3860; baseline -0.003 -18"><span class='ocrx_word' id='word_1_801' title='bbox 2330 3789 2476 3859; x_wconf 82' lang='grc' dir='ltr'>αὐτῷ</span> <span class='ocrx_word' id='word_1_802' title='bbox 2508 3790 2881 3860; x_wconf 84' lang='grc' dir='ltr'>προσήκοντας</span> <span class='ocrx_word' id='word_1_803' title='bbox 2897 3789 3116 3860; x_wconf 90' lang='grc' dir='ltr'>κυρίους</span> <span class='ocrx_word' id='word_1_804' title='bbox 3147 3788 3401 3860; x_wconf 77' lang='grc' dir='ltr'>ὀνομάζει</span> <span class='ocrx_word' id='word_1_805' title='bbox 3429 3789 3521 3843; x_wconf 92' lang='grc' dir='ltr'>καί</span> <span class='ocrx_word' id='word_1_806' title='bbox 3540 3803 3725 3859; x_wconf 85' lang='grc' dir='ltr'>φησιν·</span> <span class='ocrx_word' id='word_1_807' title='bbox 3765 3789 3886 3841; x_wconf 63' lang='grc' dir='ltr'>Ἐκι</span> 
     </span>
    </p>
   </div>
   <div class='ocr_carea' id='block_1_106' title="bbox 2331 3872 3886 3944">
    <p class='ocr_par' dir='ltr' id='par_1_106' title="bbox 2331 3872 3886 3944">
     <span class='ocr_line' id='line_1_106' title="bbox 2331 3872 3886 3944; baseline -0.003 -15"><span class='ocrx_word' id='word_1_808' title='bbox 2331 3893 2472 3929; x_wconf 70' lang='lat' dir='ltr'>rate</span> <span class='ocrx_word' id='word_1_809' title='bbox 2501 3879 2587 3942; x_wconf 87' lang='grc' dir='ltr'>εὶς</span> <span class='ocrx_word' id='word_1_810' title='bbox 2612 3876 2717 3930; x_wconf 81' lang='grc' dir='ltr'>τὸν</span> <span class='ocrx_word' id='word_1_811' title='bbox 2736 3872 2905 3930; x_wconf 75' lang='grc' dir='ltr'>οἷκον</span> <span class='ocrx_word' id='word_1_812' title='bbox 2934 3875 3040 3929; x_wconf 89' lang='grc' dir='ltr'>τοῦ</span> <span class='ocrx_word' id='word_1_813' title='bbox 3066 3875 3276 3940; x_wconf 79' lang='grc' dir='ltr'>παιδὸς</span> <span class='ocrx_word' id='word_1_814' title='bbox 3298 3874 3465 3944; x_wconf 77' lang='grc' dir='ltr'>ὑμῶν</span> <span class='ocrx_word' id='word_1_815' title='bbox 3479 3876 3574 3931; x_wconf 67' lang='grc' dir='ltr'>καί</span> <span class='ocrx_word' id='word_1_816' title='bbox 3592 3875 3886 3928; x_wconf 71' lang='grc' dir='ltr'>καταλύσι</span> 
     </span>
    </p>
   </div>
   <div class='ocr_carea' id='block_1_107' title="bbox 2345 3960 3882 4034">
    <p class='ocr_par' dir='ltr' id='par_1_107' title="bbox 2345 3960 3882 4034">
     <span class='ocr_line' id='line_1_107' title="bbox 2345 3960 3882 4034; baseline -0.004 -17"><span class='ocrx_word' id='word_1_817' title='bbox 2345 3965 2579 4034; x_wconf 82' lang='grc' dir='ltr'>Ἐσπέρα</span> <span class='ocrx_word' id='word_1_818' title='bbox 2617 3963 2745 4033; x_wconf 78' lang='grc' dir='ltr'>γάρ,</span> <span class='ocrx_word' id='word_1_819' title='bbox 2786 3962 2939 4033; x_wconf 78' lang='grc' dir='ltr'>φησὶ,</span> <span class='ocrx_word' id='word_1_820' title='bbox 2990 3961 3270 4016; x_wconf 87' lang='grc' dir='ltr'>κατέλαϐε.</span> <span class='ocrx_word' id='word_1_821' title='bbox 3325 3960 3589 4029; x_wconf 86' lang='grc' dir='ltr'>Πείσθητέ</span> <span class='ocrx_word' id='word_1_822' title='bbox 3642 3978 3756 4031; x_wconf 88' lang='grc' dir='ltr'>μοι,</span> <span class='ocrx_word' id='word_1_823' title='bbox 3785 3961 3882 4013; x_wconf 76' lang='grc' dir='ltr'>καὶ</span> 
     </span>
    </p>
   </div>
   <div class='ocr_carea' id='block_1_108' title="bbox 2331 4042 3878 4121">
    <p class='ocr_par' dir='ltr' id='par_1_108' title="bbox 2331 4042 3878 4121">
     <span class='ocr_line' id='line_1_108' title="bbox 2331 4042 3878 4121; baseline -0.003 -19"><span class='ocrx_word' id='word_1_824' title='bbox 2331 4050 2573 4121; x_wconf 86' lang='grc' dir='ltr'>κάματον</span> <span class='ocrx_word' id='word_1_825' title='bbox 2598 4049 2697 4116; x_wconf 83' lang='grc' dir='ltr'>τῆς</span> <span class='ocrx_word' id='word_1_826' title='bbox 2730 4048 2941 4118; x_wconf 75' lang='grc' dir='ltr'>ἡμέρας</span> <span class='ocrx_word' id='word_1_827' title='bbox 2971 4047 3456 4119; x_wconf 77' lang='grc' dir='ltr'>παραμυθήσασθε,</span> <span class='ocrx_word' id='word_1_828' title='bbox 3498 4048 3578 4110; x_wconf 85' lang='grc' dir='ltr'>είς</span> <span class='ocrx_word' id='word_1_829' title='bbox 3602 4046 3695 4099; x_wconf 80' lang='grc' dir='ltr'>τὸν</span> <span class='ocrx_word' id='word_1_830' title='bbox 3724 4042 3878 4098; x_wconf 73' lang='grc' dir='ltr'>οἷκον</span> 
     </span>
    </p>
   </div>
   <div class='ocr_carea' id='block_1_109' title="bbox 2329 4130 3886 4206">
    <p class='ocr_par' dir='ltr' id='par_1_109' title="bbox 2329 4130 3886 4206">
     <span class='ocr_line' id='line_1_109' title="bbox 2329 4130 3886 4206; baseline -0.002 -19"><span class='ocrx_word' id='word_1_831' title='bbox 2329 4136 2518 4198; x_wconf 82' lang='grc' dir='ltr'>παιδὸς</span> <span class='ocrx_word' id='word_1_832' title='bbox 2532 4134 2685 4204; x_wconf 83' lang='grc' dir='ltr'>ὑμῶν</span> <span class='ocrx_word' id='word_1_833' title='bbox 2716 4130 3137 4197; x_wconf 82' lang='grc' dir='ltr'>καταλύσαντες.</span> <span class='ocrx_word' id='word_1_834' title='bbox 3166 4135 3257 4206; x_wconf 87' lang='grc' dir='ltr'>Μὴ</span> <span class='ocrx_word' id='word_1_835' title='bbox 3283 4134 3411 4203; x_wconf 81' lang='grc' dir='ltr'>γὰρ,</span> <span class='ocrx_word' id='word_1_836' title='bbox 3436 4134 3586 4202; x_wconf 79' lang='grc' dir='ltr'>φησὶ,</span> <span class='ocrx_word' id='word_1_837' title='bbox 3621 4131 3766 4202; x_wconf 88' lang='grc' dir='ltr'>μέγα</span> <span class='ocrx_word' id='word_1_838' title='bbox 3782 4147 3837 4183; x_wconf 92' lang='grc' dir='ltr'>τι</span> <span class='ocrx_word' id='word_1_839' title='bbox 3870 4131 3886 4184; x_wconf 79' lang='grc' dir='ltr'>ί</span> 
     </span>
    </p>
   </div>
   <div class='ocr_carea' id='block_1_110' title="bbox 2330 4219 3844 4295">
    <p class='ocr_par' dir='ltr' id='par_1_110' title="bbox 2330 4219 3844 4295">
     <span class='ocr_line' id='line_1_110' title="bbox 2330 4219 3844 4295; baseline -0.003 -21"><span class='ocrx_word' id='word_1_840' title='bbox 2330 4222 2735 4292; x_wconf 79' lang='grc' dir='ltr'>ἐπαγγέλλομαι</span> <span class='ocrx_word' id='word_1_841' title='bbox 2754 4240 2768 4288; x_wconf 91' lang='grc'>;</span> <span class='ocrx_word' id='word_1_842' title='bbox 2788 4222 3066 4295; x_wconf 39' lang='grc' dir='ltr'>,Νιψασθε</span> <span class='ocrx_word' id='word_1_843' title='bbox 3097 4222 3240 4288; x_wconf 85' lang='grc' dir='ltr'>τοὺς</span> <span class='ocrx_word' id='word_1_844' title='bbox 3272 4222 3461 4287; x_wconf 81' lang='grc' dir='ltr'>πόδας</span> <span class='ocrx_word' id='word_1_845' title='bbox 3506 4219 3675 4290; x_wconf 81' lang='grc' dir='ltr'>ὑμῶν</span> <span class='ocrx_word' id='word_1_846' title='bbox 3708 4220 3844 4281; x_wconf 82' lang='grc' dir='ltr'>τοὺς</span> 
     </span>
    </p>
   </div>
   <div class='ocr_carea' id='block_1_111' title="bbox 2329 4304 3886 4380">
    <p class='ocr_par' dir='ltr' id='par_1_111' title="bbox 2329 4304 3886 4380">
     <span class='ocr_line' id='line_1_111' title="bbox 2329 4304 3886 4380; baseline -0.001 -19"><span class='ocrx_word' id='word_1_847' title='bbox 2329 4310 2426 4378; x_wconf 78' lang='grc' dir='ltr'>τῆς</span> <span class='ocrx_word' id='word_1_848' title='bbox 2450 4308 2754 4380; x_wconf 80' lang='grc' dir='ltr'>ὁδοιπορίας</span> <span class='ocrx_word' id='word_1_849' title='bbox 2784 4307 3149 4379; x_wconf 88' lang='grc' dir='ltr'>κεκμηκότας,</span> <span class='ocrx_word' id='word_1_850' title='bbox 3186 4307 3286 4361; x_wconf 78' lang='grc' dir='ltr'>καὶ</span> <span class='ocrx_word' id='word_1_851' title='bbox 3329 4307 3713 4376; x_wconf 76' lang='grc' dir='ltr'>ὀρθρίσαντες</span> <span class='ocrx_word' id='word_1_852' title='bbox 3739 4304 3886 4360; x_wconf 74' lang='grc' dir='ltr'>ἀπεὰ</span> 
     </span>
    </p>
   </div>
   <div class='ocr_carea' id='block_1_112' title="bbox 2328 4389 3871 4466">
    <p class='ocr_par' dir='ltr' id='par_1_112' title="bbox 2328 4389 3871 4466">
     <span class='ocr_line' id='line_1_112' title="bbox 2328 4389 3871 4466; baseline -0.003 -18"><span class='ocrx_word' id='word_1_853' title='bbox 2328 4398 2512 4450; x_wconf 82' lang='grc' dir='ltr'>σεσθε</span> <span class='ocrx_word' id='word_1_854' title='bbox 2547 4396 2663 4463; x_wconf 81' lang='grc' dir='ltr'>τὴν</span> <span class='ocrx_word' id='word_1_855' title='bbox 2682 4394 2828 4450; x_wconf 75' lang='grc' dir='ltr'>ὁδὸν</span> <span class='ocrx_word' id='word_1_856' title='bbox 2861 4393 3047 4464; x_wconf 77' lang='grc' dir='ltr'>ὑμῶν.</span> <span class='ocrx_word' id='word_1_857' title='bbox 3079 4394 3390 4466; x_wconf 84' lang='grc' dir='ltr'>Χαρίσασθε</span> <span class='ocrx_word' id='word_1_858' title='bbox 3418 4389 3511 4448; x_wconf 80' lang='grc' dir='ltr'>οὖν</span> <span class='ocrx_word' id='word_1_859' title='bbox 3542 4409 3632 4465; x_wconf 87' lang='grc' dir='ltr'>μοι</span> <span class='ocrx_word' id='word_1_860' title='bbox 3656 4391 3871 4463; x_wconf 88' lang='grc' dir='ltr'>ταύτην</span> 
     </span>
    </p>
   </div>
   <div class='ocr_carea' id='block_1_113' title="bbox 2327 4472 3886 4555">
    <p class='ocr_par' dir='ltr' id='par_1_113' title="bbox 2327 4472 3886 4555">
     <span class='ocr_line' id='line_1_113' title="bbox 2327 4472 3886 4555; baseline -0.003 -17"><span class='ocrx_word' id='word_1_861' title='bbox 2327 4472 2506 4555; x_wconf 83' lang='grc' dir='ltr'>χάριν,</span> <span class='ocrx_word' id='word_1_862' title='bbox 2538 4483 2631 4536; x_wconf 72' lang='grc' dir='ltr'>καὶ</span> <span class='ocrx_word' id='word_1_863' title='bbox 2675 4482 2749 4554; x_wconf 88' lang='grc' dir='ltr'>μὴ</span> <span class='ocrx_word' id='word_1_864' title='bbox 2809 4482 3138 4553; x_wconf 82' lang='grc' dir='ltr'>ἀνανεύσητέ</span> <span class='ocrx_word' id='word_1_865' title='bbox 3187 4499 3287 4552; x_wconf 92' lang='grc' dir='ltr'>μου</span> <span class='ocrx_word' id='word_1_866' title='bbox 3316 4481 3452 4553; x_wconf 84' lang='grc' dir='ltr'>πρὸς</span> <span class='ocrx_word' id='word_1_867' title='bbox 3485 4481 3585 4553; x_wconf 82' lang='grc' dir='ltr'>τὴν</span> <span class='ocrx_word' id='word_1_868' title='bbox 3618 4480 3886 4552; x_wconf 79' lang='grc' dir='ltr'>παράκλη</span> 
     </span>
    </p>
   </div>
   <div class='ocr_carea' id='block_1_114' title="bbox 2327 4566 3886 4640">
    <p class='ocr_par' dir='ltr' id='par_1_114' title="bbox 2327 4566 3886 4640">
     <span class='ocr_line' id='line_1_114' title="bbox 2327 4566 3886 4640; baseline -0.002 -16"><span class='ocrx_word' id='word_1_869' title='bbox 2327 4570 2438 4624; x_wconf 85' lang='grc' dir='ltr'>Καὶ</span> <span class='ocrx_word' id='word_1_870' title='bbox 2475 4567 2671 4635; x_wconf 77' lang='grc' dir='ltr'>εἶπαν,</span> <span class='ocrx_word' id='word_1_871' title='bbox 2706 4569 2886 4640; x_wconf 79' lang='grc' dir='ltr'>φησίν·</span> <span class='ocrx_word' id='word_1_872' title='bbox 2947 4569 3114 4639; x_wconf 80' lang='grc' dir='ltr'>οὐχί,</span> <span class='ocrx_word' id='word_1_873' title='bbox 3146 4569 3284 4624; x_wconf 66' lang='grc' dir='ltr'>ἀλλ’</span> <span class='ocrx_word' id='word_1_874' title='bbox 3320 4568 3391 4623; x_wconf 76' lang='grc' dir='ltr'>ἐν</span> <span class='ocrx_word' id='word_1_875' title='bbox 3429 4566 3505 4636; x_wconf 76' lang='grc' dir='ltr'>τῇ</span> <span class='ocrx_word' id='word_1_876' title='bbox 3536 4569 3800 4634; x_wconf 72' lang='grc' dir='ltr'>πλατείᾳ</span> <span class='ocrx_word' id='word_1_877' title='bbox 3831 4584 3886 4621; x_wconf 69' lang='lat' dir='ltr'>au</span> 
     </span>
    </p>
   </div>
   <div class='ocr_carea' id='block_1_115' title="bbox 2326 4653 3886 4727">
    <p class='ocr_par' dir='ltr' id='par_1_115' title="bbox 2326 4653 3886 4727">
     <span class='ocr_line' id='line_1_115' title="bbox 2326 4653 3886 4727; baseline -0.003 -16"><span class='ocrx_word' id='word_1_878' title='bbox 2326 4658 2614 4726; x_wconf 70' lang='grc' dir='ltr'>λύσομεν.</span> <span class='ocrx_word' id='word_1_879' title='bbox 2651 4656 2760 4708; x_wconf 76' lang='grc' dir='ltr'>Καὶ</span> <span class='ocrx_word' id='word_1_880' title='bbox 2795 4655 2933 4725; x_wconf 87' lang='grc' dir='ltr'>μετά</span> <span class='ocrx_word' id='word_1_881' title='bbox 2976 4654 3240 4727; x_wconf 87' lang='grc' dir='ltr'>τοσαύτην</span> <span class='ocrx_word' id='word_1_882' title='bbox 3269 4655 3613 4727; x_wconf 78' lang='grc' dir='ltr'>παράκλησιν</span> <span class='ocrx_word' id='word_1_883' title='bbox 3649 4653 3777 4708; x_wconf 84' lang='grc' dir='ltr'>ίδὼν</span> <span class='ocrx_word' id='word_1_884' title='bbox 3806 4654 3886 4707; x_wconf 64' lang='grc' dir='ltr'>αὐ·</span> 
     </span>
    </p>
   </div>
   <div class='ocr_carea' id='block_1_116' title="bbox 2328 4740 3886 4814">
    <p class='ocr_par' dir='ltr' id='par_1_116' title="bbox 2328 4740 3886 4814">
     <span class='ocr_line' id='line_1_116' title="bbox 2328 4740 3886 4814; baseline -0.003 -17"><span class='ocrx_word' id='word_1_885' title='bbox 2328 4741 2685 4803; x_wconf 85' lang='grc' dir='ltr'>ἀνανεύοντας</span> <span class='ocrx_word' id='word_1_886' title='bbox 2716 4742 2817 4794; x_wconf 90' lang='grc' dir='ltr'>οὐκ</span> <span class='ocrx_word' id='word_1_887' title='bbox 2844 4741 3163 4813; x_wconf 86' lang='grc' dir='ltr'>ἐνάρκησεν,</span> <span class='ocrx_word' id='word_1_888' title='bbox 3189 4743 3289 4797; x_wconf 90' lang='grc' dir='ltr'>οὐκ</span> <span class='ocrx_word' id='word_1_889' title='bbox 3311 4743 3520 4814; x_wconf 85' lang='grc' dir='ltr'>ἀπέστη</span> <span class='ocrx_word' id='word_1_890' title='bbox 3562 4740 3657 4795; x_wconf 82' lang='grc' dir='ltr'>τοῦ</span> <span class='ocrx_word' id='word_1_891' title='bbox 3699 4741 3886 4794; x_wconf 79' lang='grc' dir='ltr'>σπουδ‹</span> 
     </span>
    </p>
   </div>
   <div class='ocr_carea' id='block_1_117' title="bbox 2329 4824 3886 4902">
    <p class='ocr_par' dir='ltr' id='par_1_117' title="bbox 2329 4824 3886 4902">
     <span class='ocr_line' id='line_1_117' title="bbox 2329 4824 3886 4902; baseline -0.002 -19"><span class='ocrx_word' id='word_1_892' title='bbox 2329 4831 2513 4902; x_wconf 90' lang='grc' dir='ltr'>μένου,</span> <span class='ocrx_word' id='word_1_893' title='bbox 2561 4829 2681 4883; x_wconf 81' lang='grc' dir='ltr'>οὐδὲ</span> <span class='ocrx_word' id='word_1_894' title='bbox 2725 4827 2892 4882; x_wconf 76' lang='grc' dir='ltr'>ἔπαθέ</span> <span class='ocrx_word' id='word_1_895' title='bbox 2924 4846 2975 4882; x_wconf 89' lang='grc' dir='ltr'>τι</span> <span class='ocrx_word' id='word_1_896' title='bbox 3019 4829 3291 4895; x_wconf 77' lang='grc' dir='ltr'>τοιούτον,</span> <span class='ocrx_word' id='word_1_897' title='bbox 3351 4824 3460 4884; x_wconf 78' lang='grc' dir='ltr'>οἷον</span> <span class='ocrx_word' id='word_1_898' title='bbox 3508 4831 3675 4900; x_wconf 81' lang='grc' dir='ltr'>ἡμεῖς</span> <span class='ocrx_word' id='word_1_899' title='bbox 3736 4828 3886 4882; x_wconf 69' lang='grc' dir='ltr'>πόλλ</span> 
     </span>
    </p>
   </div>
   <div class='ocr_carea' id='block_1_118' title="bbox 2326 4914 3886 4987">
    <p class='ocr_par' dir='ltr' id='par_1_118' title="bbox 2326 4914 3886 4987">
     <span class='ocr_line' id='line_1_118' title="bbox 2326 4914 3886 4987; baseline -0.002 -17"><span class='ocrx_word' id='word_1_900' title='bbox 2326 4917 2604 4987; x_wconf 75' lang='grc' dir='ltr'>ποιοῦμεν·</span> <span class='ocrx_word' id='word_1_901' title='bbox 2629 4914 2724 4968; x_wconf 71' lang='grc' dir='ltr'>καὶ</span> <span class='ocrx_word' id='word_1_902' title='bbox 2746 4916 2840 4968; x_wconf 83' lang='grc' dir='ltr'>ἐάν</span> <span class='ocrx_word' id='word_1_903' title='bbox 2869 4915 2979 4987; x_wconf 84' lang='grc' dir='ltr'>άρα</span> <span class='ocrx_word' id='word_1_904' title='bbox 3008 4916 3138 4970; x_wconf 89' lang='grc' dir='ltr'>ποτέ</span> <span class='ocrx_word' id='word_1_905' title='bbox 3169 4933 3291 4972; x_wconf 92' lang='grc' dir='ltr'>τινα</span> <span class='ocrx_word' id='word_1_906' title='bbox 3338 4914 3754 4987; x_wconf 79' lang='grc' dir='ltr'>προτρέψασθαι</span> <span class='ocrx_word' id='word_1_907' title='bbox 3806 4915 3886 4986; x_wconf 72' lang='grc' dir='ltr'>βοι</span> 
     </span>
    </p>
   </div>
   <div class='ocr_carea' id='block_1_119' title="bbox 2325 4996 3864 5074">
    <p class='ocr_par' dir='ltr' id='par_1_119' title="bbox 2325 4996 3864 5074">
     <span class='ocr_line' id='line_1_119' title="bbox 2325 4996 3864 5074; baseline 0.001 -18"><span class='ocrx_word' id='word_1_908' title='bbox 2325 5002 2568 5073; x_wconf 87' lang='grc' dir='ltr'>θείημεν,</span> <span class='ocrx_word' id='word_1_909' title='bbox 2598 4996 2714 5053; x_wconf 78' lang='grc' dir='ltr'>εἶτα</span> <span class='ocrx_word' id='word_1_910' title='bbox 2747 5000 3067 5074; x_wconf 84' lang='grc' dir='ltr'>θεασώμεθα</span> <span class='ocrx_word' id='word_1_911' title='bbox 3117 5002 3253 5073; x_wconf 84' lang='grc' dir='ltr'>πρὸς</span> <span class='ocrx_word' id='word_1_912' title='bbox 3288 5000 3464 5070; x_wconf 82' lang='grc' dir='ltr'>ὀλίγον</span> <span class='ocrx_word' id='word_1_913' title='bbox 3493 4999 3864 5066; x_wconf 85' lang='grc' dir='ltr'>ἀνανεύοντα,</span> 
     </span>
    </p>
   </div>
   <div class='ocr_carea' id='block_1_120' title="bbox 2326 5086 3885 5161">
    <p class='ocr_par' dir='ltr' id='par_1_120' title="bbox 2326 5086 3885 5161">
     <span class='ocr_line' id='line_1_120' title="bbox 2326 5086 3885 5161; baseline -0.003 -18"><span class='ocrx_word' id='word_1_914' title='bbox 2326 5089 2420 5153; x_wconf 83' lang='grc' dir='ltr'>θὺς</span> <span class='ocrx_word' id='word_1_915' title='bbox 2440 5086 2805 5157; x_wconf 82' lang='grc' dir='ltr'>ἀφιστάμεθα·</span> <span class='ocrx_word' id='word_1_916' title='bbox 2858 5090 2952 5141; x_wconf 77' lang='grc' dir='ltr'>καὶ</span> <span class='ocrx_word' id='word_1_917' title='bbox 2996 5087 3154 5143; x_wconf 86' lang='grc' dir='ltr'>τοῦτο</span> <span class='ocrx_word' id='word_1_918' title='bbox 3181 5088 3466 5159; x_wconf 87' lang='grc' dir='ltr'>συμϐαίνει</span> <span class='ocrx_word' id='word_1_919' title='bbox 3490 5087 3600 5143; x_wconf 82' lang='grc' dir='ltr'>ἀπὸ</span> <span class='ocrx_word' id='word_1_920' title='bbox 3627 5087 3730 5142; x_wconf 80' lang='grc' dir='ltr'>τοῦ</span> <span class='ocrx_word' id='word_1_921' title='bbox 3768 5089 3848 5161; x_wconf 77' lang='grc' dir='ltr'>μὴ</span> <span class='ocrx_word' id='word_1_922' title='bbox 3884 5100 3885 5123; x_wconf 57' lang='grc' dir='ltr'>ι</span> 
     </span>
    </p>
   </div>
   <div class='ocr_carea' id='block_1_121' title="bbox 2327 5174 3885 5247">
    <p class='ocr_par' dir='ltr' id='par_1_121' title="bbox 2327 5174 3885 5247">
     <span class='ocr_line' id='line_1_121' title="bbox 2327 5174 3885 5247; baseline 0 -19"><span class='ocrx_word' id='word_1_923' title='bbox 2327 5175 2516 5246; x_wconf 90' lang='grc' dir='ltr'>μότητι</span> <span class='ocrx_word' id='word_1_924' title='bbox 2549 5174 2640 5227; x_wconf 77' lang='grc' dir='ltr'>καὶ</span> <span class='ocrx_word' id='word_1_925' title='bbox 2673 5174 2822 5247; x_wconf 82' lang='grc' dir='ltr'>πόθῳ</span> <span class='ocrx_word' id='word_1_926' title='bbox 2851 5174 3005 5228; x_wconf 80' lang='grc' dir='ltr'>τοῦτο</span> <span class='ocrx_word' id='word_1_927' title='bbox 3028 5177 3221 5240; x_wconf 82' lang='grc' dir='ltr'>ποιεῖν,</span> <span class='ocrx_word' id='word_1_928' title='bbox 3248 5174 3382 5229; x_wconf 84' lang='grc' dir='ltr'>ἀλλά</span> <span class='ocrx_word' id='word_1_929' title='bbox 3431 5176 3673 5247; x_wconf 88' lang='grc' dir='ltr'>μάλιστα</span> <span class='ocrx_word' id='word_1_930' title='bbox 3708 5176 3812 5230; x_wconf 74' lang='grc' dir='ltr'>καὶ</span> <span class='ocrx_word' id='word_1_931' title='bbox 3851 5192 3885 5228; x_wconf 85' lang='grc' dir='ltr'>ν</span> 
     </span>
    </p>
   </div>
   <div class='ocr_carea' id='block_1_122' title="bbox 2323 5259 3886 5332">
    <p class='ocr_par' dir='ltr' id='par_1_122' title="bbox 2323 5259 3886 5332">
     <span class='ocr_line' id='line_1_122' title="bbox 2323 5259 3886 5332; baseline -0.001 -19"><span class='ocrx_word' id='word_1_932' title='bbox 2323 5261 2436 5327; x_wconf 83' lang='grc' dir='ltr'>ζειν</span> <span class='ocrx_word' id='word_1_933' title='bbox 2455 5259 2728 5332; x_wconf 76' lang='grc' dir='ltr'>ἀρκοῦσαν</span> <span class='ocrx_word' id='word_1_934' title='bbox 2749 5261 3044 5330; x_wconf 82' lang='grc' dir='ltr'>ἀπολογίαν</span> <span class='ocrx_word' id='word_1_935' title='bbox 3072 5261 3236 5332; x_wconf 83' lang='grc' dir='ltr'>ἐχειν,</span> <span class='ocrx_word' id='word_1_936' title='bbox 3264 5261 3325 5315; x_wconf 90' lang='lat'>:6</span> <span class='ocrx_word' id='word_1_937' title='bbox 3356 5261 3535 5331; x_wconf 82' lang='grc' dir='ltr'>λέγειν</span> <span class='ocrx_word' id='word_1_938' title='bbox 3566 5263 3651 5317; x_wconf 84' lang='grc' dir='ltr'>ὃτι</span> <span class='ocrx_word' id='word_1_939' title='bbox 3694 5261 3759 5316; x_wconf 88' lang='grc' dir='ltr'>τό</span> <span class='ocrx_word' id='word_1_940' title='bbox 3784 5278 3853 5329; x_wconf 90' lang='grc' dir='ltr'>γε</span> <span class='ocrx_word' id='word_1_941' title='bbox 3883 5288 3886 5311; x_wconf 67' lang='grc' dir='ltr'><em>ε</em></span> 
     </span>
    </p>
   </div>
   <div class='ocr_carea' id='block_1_123' title="bbox 2329 5348 2843 5422">
    <p class='ocr_par' dir='ltr' id='par_1_123' title="bbox 2329 5348 2843 5422">
     <span class='ocr_line' id='line_1_123' title="bbox 2329 5348 2843 5422; baseline 0.006 -22"><span class='ocrx_word' id='word_1_942' title='bbox 2329 5348 2428 5401; x_wconf 82' lang='grc' dir='ltr'>τῶν</span> <span class='ocrx_word' id='word_1_943' title='bbox 2447 5350 2843 5422; x_wconf 85' lang='grc' dir='ltr'>πεποιήκαμεν.</span> 
     </span>
    </p>
   </div>
   <div class='ocr_carea' id='block_1_124' title="bbox 2391 5434 3886 5510">
    <p class='ocr_par' dir='ltr' id='par_1_124' title="bbox 2391 5434 3886 5510">
     <span class='ocr_line' id='line_1_124' title="bbox 2391 5434 3886 5510; baseline 0.001 -19"><span class='ocrx_word' id='word_1_944' title='bbox 2391 5436 2461 5504; x_wconf 90' lang='grc' dir='ltr'>γ’.</span> <span class='ocrx_word' id='word_1_945' title='bbox 2476 5437 2541 5490; x_wconf 84' lang='grc' dir='ltr'>Τί</span> <span class='ocrx_word' id='word_1_946' title='bbox 2569 5437 2763 5505; x_wconf 89' lang='grc' dir='ltr'>λέγεις,</span> <span class='ocrx_word' id='word_1_947' title='bbox 2783 5438 2864 5491; x_wconf 81' lang='grc' dir='ltr'>ὅτι</span> <span class='ocrx_word' id='word_1_948' title='bbox 2885 5435 2946 5489; x_wconf 84' lang='lat'>:6</span> <span class='ocrx_word' id='word_1_949' title='bbox 2962 5434 3164 5491; x_wconf 80' lang='grc' dir='ltr'>σαυτοῦ</span> <span class='ocrx_word' id='word_1_950' title='bbox 3182 5438 3516 5510; x_wconf 89' lang='grc' dir='ltr'>πεποίηκας;</span> <span class='ocrx_word' id='word_1_951' title='bbox 3551 5437 3886 5502; x_wconf 81' lang='grc' dir='ltr'>’Δπώλεσας</span> 
     </span>
    </p>
   </div>
   <div class='ocr_carea' id='block_1_125' title="bbox 2322 5523 3871 5598">
    <p class='ocr_par' dir='ltr' id='par_1_125' title="bbox 2322 5523 3871 5598">
     <span class='ocr_line' id='line_1_125' title="bbox 2322 5523 3871 5598; baseline -0.001 -18"><span class='ocrx_word' id='word_1_952' title='bbox 2322 5524 2512 5597; x_wconf 85' lang='grc' dir='ltr'>θήραν,</span> <span class='ocrx_word' id='word_1_953' title='bbox 2546 5524 2839 5594; x_wconf 83' lang='grc' dir='ltr'>διήμαρτες</span> <span class='ocrx_word' id='word_1_954' title='bbox 2886 5523 2979 5577; x_wconf 80' lang='grc' dir='ltr'>τοῦ</span> <span class='ocrx_word' id='word_1_955' title='bbox 3033 5524 3335 5598; x_wconf 83' lang='grc' dir='ltr'>θησαυροῦ,</span> <span class='ocrx_word' id='word_1_956' title='bbox 3365 5524 3569 5580; x_wconf 74' lang='grc' dir='ltr'>καὶτὸ</span> <span class='ocrx_word' id='word_1_957' title='bbox 3621 5526 3871 5581; x_wconf 81' lang='grc' dir='ltr'>σεαυτοῦ</span> 
     </span>
    </p>
   </div>
   <div class='ocr_carea' id='block_1_126' title="bbox 2321 5606 3886 5686">
    <p class='ocr_par' dir='ltr' id='par_1_126' title="bbox 2321 5606 3886 5686">
     <span class='ocr_line' id='line_1_126' title="bbox 2321 5606 3886 5686; baseline 0.001 -20"><span class='ocrx_word' id='word_1_958' title='bbox 2321 5614 2578 5681; x_wconf 76' lang='grc' dir='ltr'>ποίηκαςς</span> <span class='ocrx_word' id='word_1_959' title='bbox 2609 5612 2739 5664; x_wconf 91' lang='grc' dir='ltr'>Τότε</span> <span class='ocrx_word' id='word_1_960' title='bbox 2767 5610 2833 5664; x_wconf 81' lang='grc' dir='ltr'>ἂν</span> <span class='ocrx_word' id='word_1_961' title='bbox 2864 5606 2932 5683; x_wconf 80' lang='grc' dir='ltr'>ἦς</span> <span class='ocrx_word' id='word_1_962' title='bbox 2955 5613 3016 5665; x_wconf 85' lang='lat'>:6</span> <span class='ocrx_word' id='word_1_963' title='bbox 3042 5613 3241 5667; x_wconf 82' lang='grc' dir='ltr'>σαυτοῦ</span> <span class='ocrx_word' id='word_1_964' title='bbox 3272 5612 3607 5685; x_wconf 81' lang='grc' dir='ltr'>πεποιηκὼς,</span> <span class='ocrx_word' id='word_1_965' title='bbox 3649 5617 3705 5669; x_wconf 77' lang='grc' dir='ltr'>εί</span> <span class='ocrx_word' id='word_1_966' title='bbox 3748 5615 3833 5686; x_wconf 78' lang='grc' dir='ltr'>μὴ</span> <span class='ocrx_word' id='word_1_967' title='bbox 3858 5615 3886 5667; x_wconf 78' lang='grc' dir='ltr'><strong>ἒ</strong></span> 
     </span>
    </p>
   </div>
   <div class='ocr_carea' id='block_1_127' title="bbox 2319 5699 3886 5775">
    <p class='ocr_par' dir='ltr' id='par_1_127' title="bbox 2319 5699 3886 5775">
     <span class='ocr_line' id='line_1_127' title="bbox 2319 5699 3886 5775; baseline 0 -17"><span class='ocrx_word' id='word_1_968' title='bbox 2319 5703 2425 5772; x_wconf 74' lang='grc' dir='ltr'>ψας</span> <span class='ocrx_word' id='word_1_969' title='bbox 2455 5701 2562 5755; x_wconf 75' lang='grc' dir='ltr'>ἀπὸ</span> <span class='ocrx_word' id='word_1_970' title='bbox 2586 5700 2693 5754; x_wconf 87' lang='grc' dir='ltr'>τῶν</span> <span class='ocrx_word' id='word_1_971' title='bbox 2719 5700 2912 5771; x_wconf 90' lang='grc' dir='ltr'>χειρῶν</span> <span class='ocrx_word' id='word_1_972' title='bbox 2933 5699 3022 5754; x_wconf 78' lang='grc' dir='ltr'>τὸν</span> <span class='ocrx_word' id='word_1_973' title='bbox 3042 5701 3390 5774; x_wconf 75' lang='grc' dir='ltr'>θεησαυρὸν,εί</span> <span class='ocrx_word' id='word_1_974' title='bbox 3414 5703 3488 5774; x_wconf 86' lang='grc' dir='ltr'>μὴ</span> <span class='ocrx_word' id='word_1_975' title='bbox 3513 5702 3886 5775; x_wconf 82' lang='grc' dir='ltr'>παρέδραμες</span> 
     </span>
    </p>
   </div>
   <div class='ocr_carea' id='block_1_128' title="bbox 2322 5786 3886 5862">
    <p class='ocr_par' dir='ltr' id='par_1_128' title="bbox 2322 5786 3886 5862">
     <span class='ocr_line' id='line_1_128' title="bbox 2322 5786 3886 5862; baseline 0 -19"><span class='ocrx_word' id='word_1_976' title='bbox 2322 5789 2391 5856; x_wconf 79' lang='grc' dir='ltr'>ἅγ</span> <span class='ocrx_word' id='word_1_977' title='bbox 2398 5804 2512 5859; x_wconf 88' lang='grc' dir='ltr'>ραν,</span> <span class='ocrx_word' id='word_1_978' title='bbox 2527 5789 2575 5841; x_wconf 84' lang='grc' dir='ltr'>εί</span> <span class='ocrx_word' id='word_1_979' title='bbox 2595 5788 2667 5858; x_wconf 86' lang='grc' dir='ltr'>μὴ</span> <span class='ocrx_word' id='word_1_980' title='bbox 2682 5786 2972 5856; x_wconf 85' lang='grc' dir='ltr'>ἀφοσιώσει</span> <span class='ocrx_word' id='word_1_981' title='bbox 2987 5798 3009 5827; x_wconf 74' lang='grc' dir='ltr'>ί</span> <span class='ocrx_word' id='word_1_982' title='bbox 3031 5791 3101 5859; x_wconf 77' lang='grc' dir='ltr'>τῇ</span> <span class='ocrx_word' id='word_1_983' title='bbox 3122 5788 3284 5860; x_wconf 87' lang='grc' dir='ltr'>μέχρι</span> <span class='ocrx_word' id='word_1_984' title='bbox 3299 5790 3557 5862; x_wconf 80' lang='grc' dir='ltr'>ῥημάτων</span> <span class='ocrx_word' id='word_1_985' title='bbox 3572 5790 3677 5860; x_wconf 83' lang='grc' dir='ltr'>τὴν</span> <span class='ocrx_word' id='word_1_986' title='bbox 3690 5788 3886 5860; x_wconf 78' lang='grc' dir='ltr'>φιλοξε</span> 
     </span>
    </p>
   </div>
   <div class='ocr_carea' id='block_1_129' title="bbox 2317 5873 3886 5944">
    <p class='ocr_par' dir='ltr' id='par_1_129' title="bbox 2317 5873 3886 5944">
     <span class='ocr_line' id='line_1_129' title="bbox 2317 5873 3886 5944; baseline 0.003 -18"><span class='ocrx_word' id='word_1_987' title='bbox 2317 5873 2745 5938; x_wconf 77' lang='grc' dir='ltr'>ἐπεδείξω.Ἀλλ’</span> <span class='ocrx_word' id='word_1_988' title='bbox 2773 5874 2870 5944; x_wconf 87' lang='grc' dir='ltr'>οὐχ</span> <span class='ocrx_word' id='word_1_989' title='bbox 2920 5875 2949 5927; x_wconf 92' lang='lat'>6</span> <span class='ocrx_word' id='word_1_990' title='bbox 3004 5874 3209 5940; x_wconf 86' lang='grc' dir='ltr'>δίκαιος</span> <span class='ocrx_word' id='word_1_991' title='bbox 3234 5876 3408 5942; x_wconf 82' lang='grc' dir='ltr'>οὓτως</span> <span class='ocrx_word' id='word_1_992' title='bbox 3433 5894 3450 5910; x_wconf 87' lang='grc'>·</span> <span class='ocrx_word' id='word_1_993' title='bbox 3488 5875 3624 5931; x_wconf 83' lang='grc' dir='ltr'>ἀλλὰ</span> <span class='ocrx_word' id='word_1_994' title='bbox 3681 5877 3740 5931; x_wconf 88' lang='grc' dir='ltr'>τί</span> <span class='ocrx_word' id='word_1_995' title='bbox 3766 5894 3785 5943; x_wconf 89' lang='lat'><strong>;</strong></span> <span class='ocrx_word' id='word_1_996' title='bbox 3833 5874 3886 5930; x_wconf 78' lang='lat' dir='ltr'>&#39;(J</span> 
     </span>
    </p>
   </div>
   <div class='ocr_carea' id='block_1_130' title="bbox 2379 5977 3886 6049">
    <p class='ocr_par' dir='ltr' id='par_1_130' title="bbox 2379 5977 3886 6049">
     <span class='ocr_line' id='line_1_130' title="bbox 2379 5977 3886 6049; baseline 0.001 -19"><span class='ocrx_word' id='word_1_997' title='bbox 2379 5980 2404 6011; x_wconf 68' lang='grc' dir='ltr'>ε</span> <span class='ocrx_word' id='word_1_998' title='bbox 2429 5977 2520 6030; x_wconf 76' lang='lat' dir='ltr'>llic</span> <span class='ocrx_word' id='word_1_999' title='bbox 2541 5979 2774 6030; x_wconf 74' lang='lat' dir='ltr'>observes</span> <span class='ocrx_word' id='word_1_1000' title='bbox 2794 5982 2972 6031; x_wconf 74' lang='lat' dir='ltr'>iterum</span> <span class='ocrx_word' id='word_1_1001' title='bbox 3000 5983 3282 6048; x_wconf 76' lang='grc' dir='ltr'>ἀφοσιώσει,</span> <span class='ocrx_word' id='word_1_1002' title='bbox 3305 5982 3649 6049; x_wconf 61' lang='lat' dir='ltr'>perfunctorie,</span> <span class='ocrx_word' id='word_1_1003' title='bbox 3679 5989 3741 6036; x_wconf 78' lang='lat' dir='ltr'><strong>ut</strong></span> <span class='ocrx_word' id='word_1_1004' title='bbox 3764 5995 3886 6047; x_wconf 62' lang='lat' dir='ltr'>sup:</span> 
     </span>
    </p>
   </div>
  </div>
