4084 6214
277 372 390 432 ’397

273 488 492 545 'iiullam
521 495 700 542 autem
729 486 996 540 utilitatem
1023 479 1154 536 inde
1186 480 1486 552 capiemus.
1525 477 1677 545 Quod
1718 484 1774 531 ut
1804 473 1886 530 di-

274 597 434 647 .scas,
469 581 596 635 andi
623 581 921 650 prephetam
947 577 1254 632 dicentem:
1283 573 1348 627 In
1375 573 1572 641 inferno
1594 569 1886 638 autemquis

300 673 615 741 confitebitur
633 675 717 726 tibi
742 672 761 746 (
790 672 929 726 Psal.
959 672 1012 727 6.
1039 669 1111 740 6)
1139 669 1165 722 ?
1213 678 1268 724 et
1312 669 1500 722 iterum
1535 684 1548 720 :
1581 663 1762 717 Frater
1785 678 1886 716 non

297 764 518 829 redimit,
547 764 748 816 redimet
766 763 914 815 ltOtttO
935 760 1103 832 (Psal.
1127 759 1218 814 48.
1235 755 1548 827 8)?Nullus,
1574 754 1760 823 inquit,
1787 752 1887 804 trit

294 856 404 910 illic
434 855 939 925 postea,quieripiat
967 869 1087 908 eum
1114 867 1275 922 quem
1303 865 1392 902 sua
1415 846 1614 902 desidia
1645 843 1886 915 prodide-

291 947 553 1016 rit,ueque
575 947 616 1001 si
642 947 802 1001 frater
827 945 1001 1011 fuerit,
1035 961 1206 1014 neque
1227 942 1274 998 εἰ
1302 950 1466 1010 pater,
1501 953 1672 1008 neque
1702 937 1746 989 si
1774 952 1886 989 nia-

289 1047 388 1090 ter.
420 1038 481 1092 Et
506 1037 634 1107 quid
655 1037 798 1103 dico,
819 1036 1003 1102 frater,
1026 1044 1195 1106 pater,
1229 1043 1283 1088 et
1305 1042 1473 1087 mater
1493 1033 1515 1085 ?
1532 1030 1715 1100 Neque
1732 1029 1879 1098 justi,

283 1127 478 1197 quibus
508 1137 653 1182 tanta
696 1129 834 1199 apud
867 1129 1034 1182 Deum
1077 1126 1270 1180 ﬁducia
1313 1132 1410 1189 est,
1445 1131 1692 1192 poterunt
1730 1121 1882 1174 nobis

286 1228 414 1273 tunc
441 1220 642 1290 aliquid
677 1220 949 1290 prodesse,
990 1219 1035 1273 si
1072 1233 1212 1272 nunc
1242 1215 1452 1270 desides
1483 1215 1755 1268 fuerimus.
1789 1213 1880 1266 Di-

282 1311 358 1363 cit
383 1311 523 1366 enim
551 1330 563 1365 :
590 1312 650 1366 Si
677 1313 902 1366 steterint
949 1310 1062 1364 Noe
1093 1319 1138 1364 et
1166 1308 1264 1363 Job
1292 1317 1336 1362 et
1363 1307 1566 1370 Daniel,
1599 1307 1732 1375 ﬁlios
1761 1322 1880 1358 suos

282 1410 331 1454 et
355 1403 491 1465 ﬁlias
516 1420 615 1457 non
645 1406 856 1475 eripient
879 1402 1088 1475 (Ezeclt.
1109 1404 1196 1456 14.
1225 1401 1339 1467 20).
1373 1401 1441 1454 Et
1466 1399 1585 1453 vide
1615 1397 1876 1451 minarum

292 1496 631 1564 gravitatem,
663 1497 956 1566 qualesque
995 1496 1168 1566 justos
1209 1495 1263 1548 in
1304 1491 1536 1546 medium
1573 1487 1874 1542 adduxerit.

279 1589 543 1654 Quoniam
584 1589 658 1642 illi
688 1590 801 1643 suis
825 1587 1149 1655 temporibus
1175 1585 1334 1637 etiam
1362 1581 1478 1633 aliis
1502 1579 1687 1633 salutis
1717 1592 1875 1631 causa

281 1677 494 1734 fuerunt
522 1697 534 1732 :
565 1680 678 1736 Noe
703 1680 870 1741 enim,
901 1692 1021 1730 cum
1066 1673 1316 1728 terribilis
1345 1671 1429 1725 illa
1463 1670 1642 1725 diluvii
1677 1679 1877 1739 tempe-

279 1779 391 1824 stas
421 1780 614 1825 terram
642 1777 973 1836 occupasset,
1002 1776 1055 1820 et
1084 1781 1328 1827 uxorem.
1353 1774 1406 1819 et
1437 1764 1571 1819 ﬁlios
1602 1763 1828 1819 servavit
1857 1781 1870 1814 :

279 1871 334 1915 et
354 1861 455 1914 Job
481 1862 728 1914 similiter
749 1858 868 1912 aliis
896 1858 1080 1912 salutis
1101 1867 1284 1911 auctor
1306 1855 1400 1910 fuit
1424 1874 1436 1908 :
1463 1856 1644 1911 Daniel
1664 1871 1874 1926 quoque

280 1949 477 2003 inultos
522 1949 716 2019 eripuit
758 1963 788 2001 a
821 1957 1011 2012 morte,
1053 1947 1264 2015 quando
1294 1947 1549 2000 barbarus
1583 1947 1668 1999 ille
1697 1947 1872 2014 inqui-

282 2039 438 2092 rebat
481 2054 601 2107 qua:
649 2053 810 2106 supra
856 2039 1140 2090 humanam
1185 2045 1308 2089 sunt
1355 2044 1594 2088 naturam
1622 2074 1638 2098 ,
1685 2043 1739 2088 ct
1790 2036 1870 2087 in-

285 2129 536 2185 terimere
571 2130 784 2184 volebat
820 2128 1101 2183 Chaldzeos
1125 2169 1138 2193 ,
1185 2137 1236 2182 et
1283 2127 1458 2197 Magos
1506 2135 1662 2196 atque
1701 2125 1870 2181 Gaza-

281 2233 464 2272 l‘CﬂOS.

350 2309 406 2361 2.
429 2308 491 2362 In
518 2314 690 2380 futuro
719 2309 903 2363 swculo
922 2309 1258 2379 unusquisque
1279 2325 1370 2378 pro
1400 2324 1453 2362 se
1462 2307 1873 2377 judicabitur.—-

276 2400 345 2453 Et
375 2415 442 2454 ne
471 2409 714 2468 putemus
744 2399 797 2452 in
829 2399 1006 2453 futuro
1032 2398 1226 2453 saeculo
1255 2397 1368 2452 fore
1411 2398 1551 2460 talia,
1583 2409 1633 2451 et
1659 2413 1752 2452 eos
1782 2398 1867 2466 qui

271 2490 474 2543 virtute
497 2490 701 2559 prirditi
723 2498 864 2552 sunt,
883 2499 935 2544 et
959 2489 1200 2542 fiduciam
1224 2487 1419 2542 habent
1438 2490 1485 2540 in
1508 2489 1692 2550 Deum,
1713 2489 1866 2553 alios,

273 2584 366 2653 qui
395 2583 481 2638 hic
503 2583 830 2653 negligenter
849 2583 1111 2648 vixerunt,
1139 2584 1465 2637 necessarios
1492 2595 1616 2635 suos
1639 2582 1867 2636 liberare

274 2675 384 2729 illic
409 2690 436 2728 a
468 2675 727 2744 supplicio
753 2689 946 2744 posse:
975 2683 1254 2744 propterea
1282 2673 1499 2728 adduxit
1519 2673 1672 2728 nobis
1693 2673 1866 2742 justos

273 2767 417 2832 illos,
454 2778 711 2821 terrorem
743 2766 897 2820 nubis
940 2766 1190 2831 inferens,
1222 2774 1276 2820 et
1316 2765 1515 2819 docens
1558 2765 1608 2817 iu
1636 2765 1865 2834 proisriis

272 2857 430 2911 bonis
453 2857 707 2926 operibus
734 2873 854 2912 cum
885 2872 1112 2927 superna
1151 2857 1320 2926 gratia
1351 2871 1500 2926 spem
1534 2855 1722 2908 salutis
1763 2871 1863 2909 no-

277 2959 396 3002 sirm
417 2949 736 3014 habendam,
759 2959 812 3002 ct
834 2964 936 3002 non
961 2950 1012 3002 in
1034 2948 1426 3018 progenitorum
1447 2946 1749 3010 virtutibus,
1774 2961 1866 3000 ne-

269 3054 377 3107 que
409 3038 460 3091 in
489 3037 593 3091 alio
617 3039 866 3108 quopiam
890 3037 1326 3108 superbiendum,
1349 3037 1433 3091 vel
1463 3036 1858 3103 conﬁdendum,

269 3128 316 3182 si
349 3143 448 3182 nos
475 3128 526 3181 in
557 3129 796 3197 peccatis
820 3143 941 3183 esse
970 3143 1073 3182 non
1106 3127 1422 3195 desinimus,
1454 3127 1548 3182 sed
1577 3129 1676 3183 hoc
1698 3144 1862 3182 unum

267 3217 588 3281 curandum,
625 3227 681 3273 ut
709 3219 754 3273 si
795 3226 1044 3288 parentes
1073 3218 1414 3274 habuerimus
1442 3220 1639 3275 virtute
1664 3222 1858 3286 claros,

267 3310 541 3365 imitemur
559 3326 745 3366 eorum
772 3312 1056 3367 virtutem:
1088 3322 1142 3368 et
1167 3313 1268 3368 sie
1298 3315 1510 3370 diverso
1539 3315 1767 3381 accidat,
1806 3326 1860 3370 et

269 3417 333 3455 ex
363 3401 616 3471 improbis
646 3404 812 3458 simus
843 3404 1185 3473 parentibus,
1221 3419 1325 3459 non
1359 3405 1654 3475 putandum
1701 3406 1856 3460 nobis

269 3491 467 3560 aliquid
519 3493 761 3548 accidere
806 3495 1132 3559 nocumeuti,
1177 3495 1469 3551 dummodo
1512 3512 1858 3552 exerceamur

267 3581 334 3635 ad
382 3582 631 3636 virtutum
674 3584 919 3640 labores:
959 3586 1159 3640 nullum
1202 3587 1342 3640 enim
1402 3587 1523 3642 hinc
1569 3588 1722 3643 nobis
1759 3589 1856 3644 da-

267 3688 450 3725 mnum
479 3674 597 3728 crit.
617 3674 747 3728 Nam
772 3677 1130 3748 unusquisque
1144 3693 1240 3747 per
1260 3693 1318 3732 ea
1339 3679 1420 3733 vel
1445 3689 1748 3744 coronatur,
1769 3681 1855 3736 vel

266 3766 679 3832 condemnatur,
733 3784 850 3837 qua:
904 3771 1014 3838 ipse
1053 3771 1239 3839 gessit,
1297 3771 1748 3840 quemadmodum
1802 3781 1856 3827 et

266 3855 456 3909 beatus
495 3855 688 3910 Paulus
715 3859 918 3928 inquit:
955 3858 1022 3913 Ut
1047 3869 1264 3930 reportet
1293 3862 1632 3930 unusquisque
1656 3879 1713 3915 ea
1742 3879 1855 3932 qua:

267 3963 362 4016 per
391 3963 574 4015 corpus
612 3949 760 4016 ﬁunt,
797 3951 950 4019 juxta
978 3951 1030 4004 id
1058 3953 1192 4022 quod
1217 3953 1354 4023 fecit,
1388 3953 1489 4006 sive
1515 3952 1719 4016 bonum,
1752 3956 1854 4008 sive

265 4038 682 4105 malum(2.Cor.
710 4041 892 4110 5J0);
925 4049 977 4096 et
1003 4043 1190 4097 iterum
1216 4061 1229 4096 :
1267 4044 1366 4110 Qui
1391 4044 1562 4097 reddet
1588 4045 1850 4109 unicuique

254 4133 408 4200 juxta
433 4148 586 4202 apem
613 4151 704 4187 sua
727 4134 745 4205 (
769 4134 919 4188 Rom.
946 4135 1000 4189 2.
1032 4135 1125 4207 6).
1157 4135 1288 4202 Qua:
1319 4138 1496 4191 omnia
1547 4152 1669 4192 cum
1707 4139 1847 4193 scia-

262 4239 401 4290 mus,
447 4239 668 4280 excussa
725 4229 869 4282 omni
920 4229 1260 4299 negligentia,
1311 4231 1521 4321 virtutis
1561 4232 1846 4286 maximam

257 4316 552 4372 habeamus
589 4320 867 4373 rationem.
901 4321 965 4374 Et
1001 4336 1124 4375 cum
1152 4321 1326 4376 adhuc
1353 4316 1417 4376 in'
1437 4322 1610 4376 stadio
1638 4337 1841 4390 sumus,

257 4416 311 4465 et
335 4408 574 4463 certandi
604 4417 814 4478 tempus
835 4420 938 4479 est,
968 4411 1272 4482 priusquam
1299 4412 1623 4469 dissolvatur
1644 4424 1845 4484 specta-

249 4501 455 4565 culum,
506 4501 722 4556 solliciti
748 4503 915 4559 simus
953 4505 1021 4560 de
1063 4515 1243 4560 nostra
1283 4507 1474 4573 salute,
1513 4517 1570 4560 ut
1604 4508 1654 4561 in
1695 4507 1842 4562 brevi

260 4587 350 4646 i'lo
381 4602 620 4662 tempore
648 4593 876 4649 virtutes
900 4597 1219 4661 exercendo,
1262 4597 1315 4651 in
1356 4599 1552 4652 sarculo
1581 4609 1842 4668 perpztuo

251 4679 464 4738 illarum
516 4685 792 4742 mercedes
835 4689 1196 4758 recipiamus:
1247 4691 1383 4748 sicut
1422 4700 1477 4746 et
1517 4691 1692 4760 justus
1729 4691 1837 4759 ille,

251 4775 339 4840 cui
382 4775 434 4829 in
481 4776 661 4830 medio
705 4786 782 4831 tot
818 4771 1077 4834 malorum
1122 4780 1385 4846 habitans,
1418 4792 1471 4838 et
1506 4784 1707 4838 nullum
1740 4784 1835 4838 ha-

249 4863 381 4920 bens
409 4867 498 4936 qui
525 4882 676 4922 suam
703 4869 999 4926 imitaretur
1024 4873 1294 4939 virtutem,
1315 4874 1408 4929 sed
1437 4875 1622 4930 videns
1651 4891 1837 4931 omnes

250 4955 533 5013 irridentes
557 4969 611 5014 et
637 4959 1030 5015 subsannantes
1055 5003 1069 5028 ,
1098 4977 1200 5017 non
1231 4965 1402 5018 solum
1431 4980 1535 5021 non
1565 4965 1732 5021 factus
1756 4977 1839 5022 est

253 5049 482 5116 segnior,
529 5067 714 5105 verum
763 5061 906 5107 tanta
955 5054 1148 5107 virtute
1179 5055 1416 5122 emicuit,
1455 5065 1512 5110 ut
1537 5067 1592 5112 et
1618 5059 1837 5126 angelos

245 5141 516 5213 suscipere
537 5147 793 5201 meruerit
821 5154 1015 5216 :atque
1039 5162 1160 5201 cum
1189 5147 1263 5202 illi
1295 5147 1450 5202 simul
1481 5164 1669 5204 omnes
1702 5166 1829 5221 pcr-

247 5230 414 5299 i-cnt,
455 5233 602 5288 solus
641 5234 753 5304 ipse
782 5252 903 5292 eum
932 5236 1138 5292 ﬁliabus
1189 5237 1434 5308 effugerit
1465 5255 1674 5310 pinnam
1715 5258 1833 5311 quae

247 5321 346 5375 illis
393 5323 540 5378 illata
581 5333 682 5378 est.
715 5325 979 5383 Caeterum
1013 5328 1079 5384 ad
1116 5329 1310 5384 seriem
1351 5334 1614 5392 sermonis
1639 5332 1831 5393 redea-

247 5429 381 5468 mus.
420 5412 674 5470 Venerunt
715 5429 885 5472 autem
935 5420 1037 5474 duo
1060 5422 1227 5491 angeli
1269 5423 1322 5476 in
1359 5421 1586 5478 Sodoma
1618 5426 1828 5494 vesperi.

243 5500 373 5557 .lusti
401 5505 558 5574 hujus
579 5509 932 5566 excellentem
959 5512 1212 5568 virtutem
1245 5522 1452 5585 tempus
1494 5513 1595 5569 hoc
1623 5516 1831 5584 potissi-

244 5611 382 5648 mum
430 5597 652 5666 indicat,
684 5601 806 5670 quia
844 5609 902 5657 et
939 5602 1219 5674 ingruente
1257 5620 1479 5676 vespera
1518 5608 1828 5677 permansit,

241 5698 286 5739 ct
331 5703 436 5742 non
482 5687 710 5744 destitit.
749 5690 880 5748 Nam
917 5696 1040 5766 quia
1069 5697 1268 5753 sciebat
1294 5699 1496 5757 lucrum
1528 5701 1666 5770 quod
1709 5701 1830 5758 inde

243 5780 578 5846 nascebatur,
605 5778 727 5835 ideo
747 5781 909 5843 hasce
937 5789 1147 5848 divitias
1175 5798 1386 5866 assequi
1409 5799 1648 5869 cupiens,
1672 5795 1824 5853 valde

1332 363 1399 420 IN
1429 359 1583 418 CAP.
1622 358 1770 414 XIX.
1810 358 2055 419 GENES.
2100 359 2331 416 llOilllL.
2367 360 2550 416 XLIII.

3481 367 3586 426 398

2001 473 2220 532 sedulus
2270 485 2404 540 erat,
2447 485 2502 531 et
2546 491 2718 546 neque
2763 477 2849 533 die
2894 480 3110 550 iuzpleto
3151 481 3475 539 discedebat.
3513 483 3583 540 lla

1997 568 2138 623 enim
2180 585 2239 624 se
2280 569 2439 624 habet
2487 571 2662 623 anima
2714 569 2914 625 fervida
2953 584 3006 627 et
3049 575 3290 643 vigilans,
3331 587 3386 631 ut
3425 577 3583 631 nuliis

1996 658 2392 729 impedimentis
2441 661 2816 730 prmpediatur,
2861 667 3143 732 quominus
3173 683 3323 724 suam
3349 669 3579 725 declaret

1994 753 2242 808 virtutem
2279 773 2292 808 :
2323 754 2447 823 quin
2487 763 2541 809 et
2587 755 2770 810 istha-c
2810 756 2921 826 ipsa
2953 773 3068 827 qum
3102 759 3384 827 prohibent
3410 763 3576 816 maxio

1995 861 2101 908 me,
2135 845 2571 916 magisincitant,
2604 857 2656 902 et
2684 862 2936 916 majorem
2967 848 3270 916 cupiditatis
3312 851 3581 907 flammam

1992 936 2308 989 accendunt.
2347 935 2412 990 Ut
2456 947 2620 990 autem
2662 938 2813 1004 vidit,
2847 939 3047 1006 inquit,
3094 937 3227 1003 Lot,
3269 941 3484 992 surrexit
3527 943 3579 995 in

1993 1043 2256 1082 occursum
2284 1030 2404 1082 illis.
2440 1031 2670 1084 Audiant
2701 1031 2733 1084 ii
2755 1032 2843 1100 qui
2875 1031 3106 1086 advenas
3133 1041 3351 1086 orantes
3374 1040 3430 1085 et
3454 1046 3578 1100 sup-

1990 1118 2278 1186 plicantes,
2316 1135 2376 1172 ac
2403 1119 2592 1173 sedulo
2631 1137 2689 1174 se
2725 1135 2902 1174 coram
2937 1122 3013 1174 eis
3043 1120 3383 1174 dentiltentcs
3415 1120 3576 1175 multa

1989 1209 2374 1264 inhumanitate
2424 1222 2739 1264 aversantur
2794 1221 2846 1265 et
2901 1213 3185 1280 repellunt.
3250 1211 3382 1265 Vide
3432 1211 3574 1265 enim

1988 1301 2256 1367 quomodo
2280 1303 2454 1368 justus
2486 1302 2572 1354 ille
2603 1317 2706 1354 non
2732 1302 3059 1369 exspectavit
3088 1303 3260 1357 donec
3285 1303 3350 1356 ad
3381 1318 3440 1357 se
3481 1319 3578 1356 ve‘

1989 1391 2182 1454 nirert,
2213 1389 2306 1444 sed
2338 1391 2472 1442 sicut
2497 1391 2795 1458 patriarcha
2816 1434 2828 1456 ,
2860 1393 3109 1462 ignorans
3158 1394 3245 1464 qui
3273 1403 3454 1450 essent
3476 1394 3576 1448 ho-

1986 1479 2171 1546 Spites,
2202 1488 2256 1534 et
2284 1480 2558 1548 suspicans
2586 1483 2816 1538 viatores
2847 1485 3101 1553 quosdam
3132 1501 3272 1552 esse,
3297 1487 3444 1556 quasi
3464 1502 3574 1556 pra)

1981 1585 2085 1638 ga-u
2106 1571 2176 1624 lio
2219 1572 2463 1637 saltabat,
2500 1575 2618 1642 quia
2649 1588 2963 1646 assequutus
2991 1587 3106 1632 erat
3131 1581 3406 1648 qua-sitam
3439 1596 3574 1650 pra:—

1981 1660 2125 1726 dam,
2171 1673 2221 1716 et
2250 1678 2352 1717 non
2396 1664 2671 1720 aberrarat
2709 1667 2777 1720 ab
2806 1684 2870 1723 eo
2897 1670 3036 1738 quod
3069 1671 3333 1738 cupiebat.
3375 1671 3442 1726 Ut
3479 1689 3574 1725 au-

1980 1761 2076 1804 tem
2102 1753 2243 1817 vidit,
2287 1755 2477 1824 inquit,
2519 1759 2733 1812 surrexit
2777 1762 2828 1812 in
2870 1776 3127 1814 occursum
3155 1763 3277 1828 illis,
3310 1771 3355 1815 et
3382 1763 3568 1816 adora-

1980 1843 2062 1901 bat
2111 1845 2239 1914 facie
2284 1863 2436 1915 super
2471 1858 2674 1902 terram.
2717 1849 2925 1904 Gratias
2963 1853 3069 1921 egit
3118 1853 3249 1916 Deo,
3303 1853 3443 1924 quod
3489 1853 3571 1908 di—

1979 1942 2170 2000 gnatas
2209 1948 2352 1992 esset
2388 1955 2508 1992 eum
2539 1946 2976 2008 prmterenntium
2998 1948 3357 2013 susceptione.
3383 1947 3570 2000 Anim-

1979 2023 2200 2078 adverte
2247 2027 2383 2081 illius
2427 2030 2619 2084 anima:
2663 2034 2933 2088 virtutem.
2978 2035 3223 2105 Magnum
3267 2037 3360 2091 Dei
3395 2037 3566 2092 bene-

1979 2115 2153 2169 ﬁcium
2182 2118 2538 2175 arbitrabatur
2566 2123 2815 2179 incidisse
2861 2127 2915 2179 in
2961 2127 3058 2182 hes
3088 2129 3230 2184 viros
3250 2171 3264 2193 ,
3298 2139 3355 2184 ut
3384 2145 3567 2186 susce-

1979 2205 2082 2273 ptis
2109 2205 2212 2260 illis
2246 2223 2397 2262 suum
2423 2211 2700 2279 perﬁceret
2721 2214 3066 2270 desiderium.
3097 2218 3215 2272 Jam
3247 2235 3314 2273 ne
3342 2221 3564 2286 dixeris,

1977 2297 2121 2366 ipsos
2163 2301 2385 2370 angelos
2429 2302 2623 2358 fuisse:
2669 2306 2763 2359 sed
2809 2307 2909 2360 hoc
2949 2311 3124 2377 potius
3147 2319 3324 2364 tecum
3350 2323 3563 2380 reputa,

1971 2388 2174 2457 justum
2222 2394 2368 2446 illum
2401 2395 2635 2449 nondum
2681 2397 2783 2451 hoc
2823 2400 3062 2464 scivisse,
3093 2400 3187 2455 sed
3211 2402 3361 2471 quasi
3388 2403 3564 2456 homi-

1975 2495 2071 2532 nes
2098 2481 2309 2549 ignotos
2331 2495 2382 2537 et
2412 2496 2795 2552 praetereuntes
2832 2491 3149 2560 suscipiens,
3193 2493 3263 2546 ita
3308 2493 3562 2548 affectum

1973 2569 2156 2625 fuisse.
2204 2573 2256 2626 2.
2290 2574 2359 2627 Et
2392 2576 2564 2629 dixit:
2594 2573 2746 2646 Ecce,
2775 2579 2984 2646 domini,
3017 2582 3240 2635 divertile
3272 2583 3324 2636 in
3355 2584 3561 2637 domum

1969 2662 2116 2728 pueri
2153 2665 2328 2730 vestri,
2365 2674 2411 2718 et
2453 2677 2666 2731 manete,
2717 2669 2970 2738 quiescile,
3004 2682 3050 2724 et
3088 2672 3252 2725 lavate
3285 2674 3433 2741 pedes
3474 2690 3560 2728 re-

1969 2761 2120 2812 stros,
2150 2761 2196 2806 et
2229 2753 2452 2809 diluculo
2481 2760 2618 2826 facta
2647 2760 3036 2827 proﬁciscemini
3070 2762 3121 2815 in
3152 2763 3285 2816 viam
3320 2775 3556 2818 vestram.

1972 2843 2255 2900 Sufﬁciunt
2303 2848 2418 2903 hmc
2459 2850 2619 2905 verba
2651 2851 2718 2904 ad
2763 2851 3115 2922 detegendam
3158 2857 3409 2910 virtutem
3438 2873 3560 2926 qua:

1969 2935 2021 2989 in
2050 2947 2264 3004 pectore
2283 2939 2412 3008 justi
2443 2940 2654 2995 latebat.
2685 2942 2753 2996 Et
2773 2944 2895 3012 quid
2926 2946 3118 3000 mirum
3140 2947 3184 3002 si
3214 2949 3335 3018 quis
3367 2948 3558 3003 obstu-

1969 3037 2153 3096 pescat
2189 3030 2445 3085 eximiam
2492 3031 2867 3103 humilitatem,
2914 3051 2975 3091 ac
3015 3037 3282 3093 fervorem
3315 3057 3470 3111 quem
3502 3042 3555 3096 in

1971 3116 2334 3187 hospitalitate
2361 3123 2667 3178 declarabat
2693 3125 2715 3177 ?
2746 3125 2892 3190 Ecce,
2924 3126 3113 3197 inquit,
3147 3127 3358 3195 domini,
3388 3131 3558 3186 diver-

1966 3209 2054 3263 tite
2078 3211 2131 3263 in
2168 3211 2372 3264 domum
2397 3215 2538 3283 pueri
2564 3216 2729 3269 vestri.
2760 3217 2824 3271 Et
2853 3217 2969 3273 iIIOs
2995 3217 3243 3274 dominos
3275 3229 3449 3288 vocat,
3491 3236 3557 3278 ac

1965 3299 2200 3368 seipsum
2250 3303 2460 3358 illorum
2501 3321 2713 3361 servum
2741 3309 2995 3377 appellat.
3029 3310 3327 3366 Audiamus
3351 3319 3556 3370 attente

1963 3390 2079 3447 haec
2107 3394 2286 3460 verba,
2325 3396 2679 3464 dilectissimi,
2712 3409 2767 3455 et
2810 3403 3004 3456 similia
3050 3419 3148 3458 nos
3173 3420 3386 3474 quoque
3413 3422 3554 3476 prse-

1964 3493 2106 3540 stare
2132 3487 2422 3542 discamus.
2446 3490 2536 3544 Vir
2564 3492 2849 3562 gloriosus,
2876 3496 3087 3560 nobilis,
3119 3507 3222 3552 tam
3248 3500 3550 3566 abundans,

1963 3584 2144 3632 tantus
2190 3581 2595 3650 paterfamilias,
2651 3585 2906 3652 viatores,
2949 3587 3206 3658 hospites,
3235 3591 3464 3660 ignotos,
3494 3603 3554 3647 ut

1960 3669 2307 3738 apparebant,
2348 3673 2502 3740 viles,
2534 3684 2942 3744 prxtereuntes,
2974 3679 3210 3748 nihilque
3241 3680 3309 3734 ad
3339 3696 3396 3736 se
3421 3684 3549 3736 atti-

1960 3771 2170 3826 nentes,
2209 3762 2456 3818 dominos
2493 3767 2752 3832 nominat,
2790 3777 2844 3822 et
2879 3769 3047 3838 inquit
3075 3787 3087 3823 :
3116 3769 3361 3825 Divertite
3385 3773 3435 3825 in
3456 3773 3551 3825 do-

1958 3869 2094 3906 mum
2128 3856 2267 3924 pueri
2305 3858 2474 3921 vestri,
2515 3867 2560 3910 et
2587 3860 2842 3927 quiescite.
2873 3860 3103 3930 Vespera
3145 3863 3310 3926 enim,
3353 3863 3543 3932 inquit,

1957 3944 2175 4015 ingruit.
2210 3945 2412 4001 Morem
2444 3947 2576 4002 mihi
2606 3949 2797 4018 gerite,
2842 3959 2896 4004 et
2935 3951 3300 4007 lassitudinem
3327 3952 3431 4007 diei
3459 3967 3546 4006 Sn-

1957 4037 2140 4093 lamini
2170 4040 2222 4094 in
2249 4039 2467 4095 domum
2508 4042 2648 4096 servi
2689 4044 2850 4097 vestri
2889 4044 3240 4102 divertentes.
3278 4045 3544 4117 Numquid

1955 4145 2205 4200 maguum
2237 4133 2390 4187 vobis
2421 4134 2716 4203 promitto?
2742 4133 2932 4189 Lavate
2966 4137 3114 4206 pedes
3140 4147 3325 4192 vestros
3354 4139 3546 4194 itinere

1954 4221 2111 4292 longo
2152 4221 2419 4294 fatigatos,
2463 4235 2512 4281 et
2552 4227 2775 4282 diluculo
2806 4229 3018 4299 pergetis
3051 4230 3104 4283 in
3141 4232 3270 4284 viam
3306 4241 3537 4285 vestram.

1954 4313 2102 4369 lianc
2130 4317 2351 4386 gratiam
2392 4317 2588 4374 donate
2637 4319 2787 4384 mihi,
2819 4327 2874 4373 et
2913 4320 3225 4389 petitionem
3270 4337 3443 4376 meam
3475 4338 3541 4378 ue

1954 4404 2302 4462 frustretnini.
2334 4408 2398 4462 Et
2429 4410 2685 4476 dixerunt,
2721 4410 2911 4480 inquit,
2947 4409 3177 4475 Minime,
3216 4411 3304 4464 sed
3337 4412 3392 4466 in
3426 4413 3539 4483 plu-
3585 4395 3593 4412 ’

1955 4506 2034 4550 tea
2084 4499 2412 4553 manebimus.
2464 4500 2637 4554 Etiam
2689 4510 2810 4572 post
2865 4510 3062 4556 tantam
3111 4503 3541 4562 exhortationem

1948 4605 2106 4659 quam
2144 4590 2368 4656 fecerat,
2397 4607 2518 4648 cum
2551 4594 2682 4648 vidit
2710 4610 2804 4648 eos
2834 4610 3082 4659 renuere,
3109 4611 3213 4650 non
3245 4596 3537 4668 obtorpuit,

1948 4695 2121 4752 neque
2155 4684 2223 4738 ab
2263 4685 2507 4738 instituto
2550 4700 2647 4739 suo
2693 4685 2922 4752 destitit,
2966 4702 3140 4757 neque
3182 4688 3304 4743 fecit
3335 4691 3408 4745 uti
3441 4706 3540 4746 nos

1949 4773 2214 4828 interdum
2270 4775 2496 4830 facimus
2541 4794 2555 4830 :
2601 4775 2692 4846 qui
2744 4777 2788 4832 si
2849 4777 3063 4847 quando
3117 4779 3347 4850 aliquem
3412 4779 3537 4834 hor.

1947 4869 2048 4922 tari
2094 4867 2393 4938 dignamur,
2436 4877 2491 4923 et
2529 4877 2712 4938 postea
2748 4869 2990 4923 videmus
3027 4886 3311 4941 parumper
3360 4871 3534 4926 ἀρα-θα

1943 4969 2174 5016 ctantem
2220 4971 2274 5017 et
2325 4971 2662 5026 renuentem,
2709 4961 2888 5016 statim
2932 4962 3245 5019 desistimus
3275 4964 3362 5017 :id
3390 4963 3533 5033 quod

1943 5053 2225 5122 contingit,
2279 5053 2400 5123 quia
2453 5052 2583 5108 citra
2649 5051 2978 5108 desiderium
3019 5067 3076 5110 et
3115 5055 3384 5110 fervorem
3425 5054 3528 5110 hoc

1943 5143 2170 5214 agimus,
2199 5152 2253 5199 et
2274 5144 2506 5199 maxime
2533 5143 2654 5214 quia
2685 5152 2932 5214 putamus
2961 5145 3211 5200 sufﬁcere
3231 5146 3530 5200 excusatim

1941 5253 2088 5303 nem,
2107 5238 2149 5291 si
2173 5239 2351 5294 dicere
2373 5239 2642 5308 possimus
2669 5237 2861 5292 fecisse
2881 5253 2978 5292 nos
3003 5237 3236 5291 cilicium
3259 5245 3525 5293 nostrum.

2014 5329 2067 5382 ὅ.
2095 5328 2231 5396 Quid
2262 5329 2362 5396 ais,
2394 5329 2630 5384 officium
2671 5335 2724 5381 te
2759 5337 2902 5379 tuum
2935 5325 3168 5380 fecisse?
3193 5327 3433 5383 Amisisti
3469 5330 3523 5385 in

1942 5421 2224 5478 venatione
2241 5419 2495 5491 praedam;
2519 5417 2777 5474 aberraSti
2794 5431 2823 5470 a
2844 5416 3115 5484 thesauro;
3139 5428 3192 5474 et
3209 5429 3302 5475 tuo
3315 5419 3527 5478 functus

1938 5528 1999 5570 es
2009 5512 2482 5567 ofﬁciot'l'unetuo
2497 5510 2712 5564 functus
2727 5520 2877 5563 esses
2897 5509 3092 5577 ofﬁcio,
3111 5510 3276 5566 sinon
3295 5511 3526 5582 abiecis-

1936 5621 2072 5662 sese
2096 5605 2337 5661 manibus
2368 5597 2760 5666 thesaurum,“
2791 5615 2898 5655 non
2927 5603 3257 5672 praeterisses
3282 5603 3336 5658 in
3366 5620 3517 5660 vena-

1941 5701 2084 5756 tione
2097 5698 2352 5771 prtedam,
2370 5695 2415 5752 si
2443 5708 2552 5750 non
2569 5687 2934 5763 perfunctorie
2962 5703 3016 5750 et
3041 5694 3204 5751 verbo
3232 5705 3382 5752 tenus
3414 5707 3529 5754 tan-

1944 5803 2054 5850 tum
2081 5791 2498 5868 hospitalitatem
2525 5783 2840 5844 iudicasses.
2867 5789 2932 5845 At
2966 5803 3072 5845 non
3103 5788 3278 5864 justus
3305 5787 3395 5846 ille
3410 5789 3526 5849 sic:
