4084 6214
579 311 688 369 309

586 431 682 487 sed
706 431 873 502 quid?
904 432 1126 492 Videbat
1143 437 1477 498 obluctantes
1492 443 1604 498 suis
1618 443 1887 516 precibus,
1904 450 1962 499 et
1976 441 2029 496 in
2056 438 2170 510 plac

588 530 671 577 tea
695 538 913 581 manere
935 526 1200 585 volentes.
1222 529 1333 587 lloc
1364 542 1541 591 autem
1568 534 1832 592 faciebant
1852 534 2047 606 angeli,
2064 533 2173 588 vir-

589 624 756 669 tutem
765 615 895 686 justi
915 618 1090 688 palam
1112 619 1290 679 facere
1310 625 1571 693 volentes,
1586 637 1639 682 et
1660 641 1759 683 nos
1771 640 1959 683 omnes
1977 624 2172 697 docere

588 715 784 773 quanta
806 707 925 778 ejus
949 708 1111 766 fuerit
1136 711 1489 786 hospitalitas.
1519 717 1710 775 Postea
1735 728 1914 774 autem
1935 731 2043 774 non
2060 715 2172 786 jam

588 798 768 853 verbis
787 810 1068 859 contentus
1090 814 1176 860 est
1193 807 1488 875 exhortari,
1514 809 1611 866 sed
1647 820 1702 865 et
1727 810 1834 864 vim
1863 809 2008 864 facit.
2041 808 2174 864 Pro-

589 896 774 956 pterea
794 900 849 946 et
868 890 1111 950 Christus
1126 895 1364 952 dicebat:
1383 899 1597 955 i’iolenti
1621 903 1827 972 rapiunt
1847 916 2057 973 regnum
2074 915 2175 954 cte-

589 978 753 1034 lorum
793 981 1006 1054 (Matth.
1040 987 1129 1042 ll.
1164 988 1277 1060 l2).
1308 989 1411 1047 Ubi
1440 991 1584 1047 enim
1614 992 1889 1063 spirituale
1914 991 2175 1048 aﬂ‘ulserit

588 1067 816 1141 lucrum,
841 1077 1150 1146 tempestiva
1186 1080 1345 1135 fuerit
1381 1081 1656 1150 violentia,
1677 1092 1733 1140 et
1768 1082 2048 1138 laudabilis
2083 1095 2176 1138 co-

588 1161 751 1217 aetio.
783 1164 838 1218 5.
852 1164 921 1219 Et
949 1169 1297 1240 compellebat,
1328 1172 1519 1243 inquit,
1537 1191 1642 1229 eos.
1670 1174 1796 1229 Mihi
1824 1182 2004 1231 autem
2026 1172 2176 1231 vide-

589 1261 679 1308 tur
711 1263 766 1312 et
800 1256 993 1315 invitos
1020 1275 1117 1317 eos
1143 1265 1438 1322 attrahere.
1473 1266 1678 1323 Deinde
1701 1266 1794 1322 ubi
1815 1266 2068 1324 viderunt
2089 1265 2175 1336 ju-

587 1353 731 1401 stum
763 1347 834 1403 ita
875 1350 1191 1420 ferventem,
1219 1355 1597 1429 nolentemque
1622 1358 1904 1424 desistere,
1932 1357 2040 1413 nisi
2063 1357 2174 1412 voti

587 1450 809 1508 compos
850 1440 1018 1509 ﬂeret,
1065 1444 1472 1515 Declinaverunt,
1522 1451 1710 1521 inquit,
1751 1451 1820 1506 ad
1858 1467 1993 1517 eum,
2023 1458 2067 1505 et
2095 1451 2175 1504 iu-

588 1536 845 1584 trarerunt
869 1532 921 1584 in
937 1533 1145 1589 domum
1171 1538 1300 1605 ejus.
1322 1536 1391 1592 Et
1406 1541 1525 1609 fecit
1546 1542 1617 1595 eis
1645 1542 1948 1608 convivium,
1974 1549 2022 1594 et
2043 1539 2175 1597 coxit

588 1619 992 1694 infermentatos,
1025 1637 1073 1682 et
1101 1631 1441 1698 comederunt,
1482 1634 1532 1689 4.
1578 1645 1847 1705 antequam
1880 1636 2008 1687 irent
2033 1631 2173 1687 cubi-

591 1721 718 1768 tum.
755 1713 941 1772 Vidisti
972 1728 1028 1775 et
1058 1722 1144 1778 hic
1173 1739 1278 1780 non
1307 1724 1358 1779 in
1386 1735 1698 1796 sumptuosa
1725 1740 1907 1782 mensa
1934 1725 2174 1795 hospita-

591 1804 794 1863 litatem
845 1811 1081 1880 ostendi,
1131 1814 1226 1869 sed
1265 1816 1443 1885 potius
1496 1818 1548 1872 in
1586 1816 1904 1873 liberalitate
1931 1815 2176 1871 mentis?

589 1896 722 1953 Nam
749 1902 927 1957 statim
955 1913 1012 1958 ut
1039 1920 1135 1961 eos
1161 1905 1413 1963 inducere
1450 1910 1622 1979 potuit
1659 1910 1711 1964 in
1748 1908 1963 1963 domum
1997 1921 2171 1970 suam,

590 1990 797 2046 nullum
843 1992 1222 2066 hospitalitatis
1269 1998 1504 2055 ofﬁcium
1550 1999 1913 2070 praetermisit.
1951 1998 2020 2053 Et
2064 1999 2178 2066 ipse

589 2081 805 2151 quidem
835 2085 888 2140 in
918 2087 1217 2145 ministerio
1246 2100 1538 2162 occupatus
1561 2100 1697 2156 erat,
1729 2098 1786 2147 et
1813 2090 1964 2149 cibos
2006 2102 2177 2160 appo-

590 2174 717 2239 suit,
755 2185 813 2231 et
844 2192 1059 2237 omnem
1082 2179 1344 2238 honorem
1375 2183 1683 2255 cultumque
1711 2182 1971 2254 impendit
1995 2181 2180 2252 hospi-

592 2262 755 2333 tibus,
790 2265 1036 2325 homines
1060 2284 1155 2326 eos
1180 2280 1237 2327 et
1268 2274 1503 2330 viatores
1525 2274 1786 2345 quosdam
1813 2288 1936 2330 esse
1961 2282 2175 2344 putans.

600 2354 711 2412 Viri
733 2368 900 2414 autem
941 2362 1155 2419 civitatis
1184 2363 1466 2421 Sodomita.-
1502 2367 1938 2425 circumdederunt
1971 2366 2180 2422 domum

589 2462 623 2500 α
654 2448 844 2518 juvene
867 2466 1024 2523 usque
1059 2453 1129 2507 ad
1164 2471 1354 2523 senem,
1389 2458 1554 2511 omnis
1591 2456 1810 2526 populus
1838 2455 2012 2519 simul,
2050 2456 2105 2512 5.
2131 2464 2180 2509 et

589 2551 917 2597 evocaverunt
937 2541 1055 2609 Lat,
1087 2552 1136 2598 et
1164 2546 1399 2599 dixerunt
1423 2548 1501 2601 ei:
1533 2543 1632 2600 Ubi
1658 2555 1777 2599 sunt
1800 2546 1915 2609 viri,
1943 2546 2031 2614 qui
2061 2554 2180 2598 sunt

592 2630 805 2700 ingressi
826 2632 895 2685 ad
923 2641 971 2686 te
999 2634 1184 2687 nocte?
1203 2633 1353 2688 Educ
1377 2650 1460 2689 eos
1483 2634 1551 2688 ad
1579 2650 1692 2699 nos,
1722 2643 1780 2688 ttt
1812 2648 2047 2691 coeamus
2062 2649 2179 2686 cum

592 2720 684 2773 eis.
717 2720 791 2775 Ne
821 2720 1179 2791 perfunctorie
1209 2732 1541 2780 transeamus
1568 2739 1688 2794 qua:
1714 2723 1857 2780 dicta
1886 2731 2047 2789 sunt,
2090 2737 2182 2779 ca-

594 2809 814 2878 rissimi,
856 2821 911 2867 et
956 2826 1063 2867 non
1108 2813 1281 2873 solum
1333 2815 1556 2871 istorum
1598 2814 1873 2873 videamus
1914 2814 2179 2873 insaniam

597 2902 741 2957 nulla
770 2903 923 2963 venia
956 2903 1278 2977 dignandam
1313 2923 1328 2973 ;
1359 2906 1455 2962 sed
1484 2913 1540 2961 et
1563 2906 1880 2976 cogitemus,
1910 2904 2180 2977 quomodo

594 2993 767 3064 justus
809 2995 863 3051 in
908 2996 1088 3053 medio
1114 3009 1220 3053 tam
1252 2998 1673 3057 truculentarum
1702 2997 1993 3057 bestiarum
2026 2997 2182 3055 habi-

596 3099 738 3156 tans,
763 3092 833 3146 ita
854 3092 1135 3147 excellenti
1160 3092 1353 3151 virtute
1379 3093 1608 3160 fulserit,
1634 3093 1906 3165 quomodo
1925 3093 2068 3150 ferre
2088 3107 2182 3163 po-

601 3183 760 3238 tuerit
791 3184 1121 3256 iniquitatem
1151 3200 1361 3254 eorum,
1402 3187 1672 3259 quomodo
1711 3203 1816 3245 non
1847 3186 2043 3258 fugerit
2083 3200 2180 3242 eo-

598 3288 715 3330 rum
737 3276 1026 3342 civitatem,
1051 3277 1320 3347 quomodo
1343 3279 1423 3334 eis
1451 3278 1593 3350 loqui
1622 3276 2181 3350 potuerit.Quomodo,

598 3379 699 3434 ego
727 3365 923 3421 dicam.
956 3366 1199 3422 Universi
1232 3369 1488 3426 Dominus
1531 3369 1834 3440 prmvidcns
1867 3367 2183 3439 stupendum

602 3457 812 3513 illorum
844 3459 1156 3532 nequitiam,
1186 3460 1535 3530 dispensavit,
1564 3469 1623 3514 ut
1652 3460 1830 3531 justus
1856 3472 1922 3515 eo
1952 3458 2056 3517 loci
2082 3457 2185 3515 do-

604 3549 861 3605 tnicilium
893 3550 1146 3616 haberet,
1175 3561 1235 3607 ut
1270 3553 1407 3611 sicut
1436 3552 1671 3620 optimus
1700 3550 1941 3608 medicus
1970 3547 2187 3605 morbos

600 3652 786 3695 eorum
829 3640 1159 3697 emendaret.
1193 3642 1389 3698 Verum
1429 3641 1619 3696 videns
1657 3655 1718 3696 se
1761 3654 1888 3697 cura
1917 3653 2012 3697 sua
2055 3638 2186 3695 nihil

603 3730 885 3801 prolicere,
933 3740 990 3788 et
1030 3730 1151 3787 illos
1194 3730 1393 3786 nullam
1425 3729 1562 3785 velle
1598 3730 1864 3786 medelam
1888 3729 2185 3799 suscipere,

604 3835 711 3879 non
742 3832 1025 3893 propterea
1048 3836 1079 3875 a
1108 3837 1239 3878 cura
1265 3820 1489 3877 destitit.
1534 3821 1706 3881 Habet
1729 3822 1874 3879 enim
1905 3822 2049 3879 hunc
2072 3835 2188 3877 mo—

604 3928 721 3970 rem
745 3915 1019 3970 medicus:
1045 3914 1289 3986 quamvis
1314 3915 1488 3971 videat
1527 3916 1743 3972 morbos
1770 3930 1891 3970 esse
1915 3914 2191 3986 graviores

605 4020 766 4074 quam
798 4014 854 4063 ut
883 4014 999 4063 arte
1028 4007 1202 4063 curari
1243 4008 1469 4077 possint,
1504 4022 1611 4063 non
1640 4007 1838 4064 omittit
1859 4017 2037 4065 tamen
2065 4003 2189 4063 ofﬂ-

606 4095 749 4149 cium
776 4110 958 4161 suum.
981 4105 1058 4164 ut,
1084 4098 1132 4153 si
1163 4097 1298 4155 forte
1329 4100 1496 4170 possit
1522 4115 1723 4172 aegrum
1752 4101 1835 4155 vel
1864 4100 2024 4171 longo
2053 4107 2190 4153 tem-

609 4200 738 4257 pore
757 4201 1030 4258 reparare,
1059 4191 1419 4259 prtestautiam
1437 4191 1568 4245 artis
1584 4190 1859 4245 ostendat:
1877 4189 2021 4261 quod
2042 4188 2089 4245 si
2115 4188 2195 4245 ni-

609 4279 683 4334 hil
710 4280 939 4351 amplius
967 4282 1228 4353 proliciat,
1262 4283 1453 4340 habeat
1484 4283 1884 4343 excusationem
1911 4282 2191 4353 majorem,

607 4385 676 4426 eo
699 4372 843 4444 quod
872 4373 1005 4429 nihil
1027 4374 1435 4446 pratermiserit
1460 4373 1601 4445 quod
1626 4373 1695 4429 ad
1720 4387 1780 4429 se
1807 4372 2120 4442 pertineret.

683 4464 1014 4521 Esset-renda
1040 4466 1422 4525 Sodomitarum
1439 4466 1677 4538 nequitia.
1706 4496 1777 4508 -
1804 4465 1859 4519 Id
1880 4479 2010 4521 sane
2027 4471 2082 4520 et
2110 4463 2199 4519 hic

612 4555 809 4611 factum
830 4566 935 4611 est.
960 4556 1147 4614 Justus
1176 4560 1318 4615 enim
1348 4558 1437 4613 hic
1472 4557 1563 4628 qui
1592 4555 1904 4612 versabatur
1924 4555 1978 4615 in
2020 4554 2197 4611 medio

613 4647 852 4713 illorum,
882 4649 1044 4704 etiam
1074 4650 1151 4706 sic
1170 4651 1366 4706 mansit
1385 4650 1582 4722 justus,
1613 4647 1941 4718 multamque
1963 4646 2198 4717 philoso—

613 4738 799 4807 phiam
845 4739 1131 4797 exhibuit:
1165 4743 1242 4797 illi
1294 4750 1472 4798 autem
1519 4748 1803 4811 propterea
1853 4737 2000 4793 omni
2044 4737 2199 4793 venia

613 4840 740 4889 sunt
765 4830 1026 4901 destituti,
1073 4833 1215 4902 quod
1254 4847 1360 4887 non
1407 4831 1579 4891 solum
1600 4845 1633 4885 a
1659 4829 1860 4885 malitia
1889 4844 1996 4887 non
2017 4842 2199 4885 cessa-

615 4925 742 4992 rint,
772 4922 866 4979 sed
892 4932 948 4980 et
970 4924 1139 4996 magis
1160 4938 1278 4985 eam
1304 4922 1564 4981 auxerint.
1597 4919 1733 4977 Vide
1759 4919 1900 4977 enim
1933 4938 1946 4972 :
1976 4918 2206 4975 Circam-

616 5019 885 5081 dederttnt,
931 5015 1119 5087 inquit,
1161 5014 1368 5068 domum
1401 5029 1434 5067 a
1462 5014 1651 5086 juvene
1692 5028 1846 5080 usque
1896 5011 1964 5065 ad
2010 5026 2200 5078 senem,

617 5110 785 5165 omnis
809 5108 1029 5181 populus
1051 5106 1222 5163 simul.
1250 5106 1466 5163 Summa
1493 5103 1713 5165 malitia:
1736 5103 2083 5174 conspiratio,
2108 5118 2205 5160 ve.

618 5199 843 5259 hemeus
878 5200 1020 5259 male
1053 5198 1245 5270 agendi
1276 5197 1534 5263 studium,
1585 5196 1953 5255 inenarrabilis
1980 5210 2202 5267 perver-

621 5292 796 5348 sitatis
837 5289 1170 5364 magnitudo,
1219 5298 1443 5346 conatus
1470 5287 1617 5347 nulla
1633 5287 1788 5345 venia
1817 5287 2026 5357 dignus.
2051 5286 2093 5340 Α
2113 5288 2206 5360 ju-

620 5397 778 5448 vene,
816 5380 1008 5453 inquit,
1063 5395 1222 5450 usque
1260 5378 1329 5433 ad
1363 5394 1551 5437 senem.
1592 5375 1709 5435 Non
1737 5377 1941 5443 solum,
1989 5376 2202 5450 inquit,

623 5473 874 5542 juventus
903 5472 1019 5528 haec
1038 5472 1177 5529 mala
1201 5471 1506 5547 inquirebat
1531 5488 1544 5523 :
1579 5469 1676 5531 sed
1696 5478 1752 5533 et
1789 5479 2054 5541 provectu:
2075 5478 2206 5523 mia-

627 5572 697 5627 tis
745 5566 842 5622 viri
878 5564 1136 5631 aderant,
1193 5573 1251 5623 et
1300 5565 1477 5623 omnis
1524 5565 1754 5638 populus
1796 5564 1976 5623 simul.
2019 5560 2205 5631 Neque

623 5658 1014 5717 erubescebant
1034 5669 1142 5714 tam
1168 5669 1343 5729 turpe,
1369 5667 1580 5728 tamque
1608 5654 1889 5729 impudens
1925 5652 2204 5727 ﬂagitium,

626 5766 800 5825 neque
829 5752 1128 5809 insomnem
1155 5750 1365 5813 oculum
1406 5746 1746 5821 cogitabant,
1784 5758 1961 5817 neque
2003 5742 2207 5814 justum

1297 324 1355 380 S.
1397 316 1676 380 JOANNlS
1710 308 2190 371 CllRVSOSTOMl
2232 306 2548 365 ARCHIEP.
2580 304 3109 363 CONSTANTINOP.

3755 304 3858 361 ωε)

2281 419 2686 485 reverebantur,
2711 434 2882 491 neque
2907 419 2971 475 iis
2996 432 3131 489 quos
3158 416 3398 489 hospites
3419 415 3811 472 arbitrabantur
3840 454 3860 480 ,

2281 514 2479 586 quique
2532 512 2673 583 apud
2717 512 2922 582 justum
2954 511 3283 567 divertcrant
3317 510 3681 582 hospitalitate
3731 508 3863 563 insi-

2278 618 2436 674 gnem
2461 644 2477 668 ,
2522 603 2811 674 parcebant
2843 620 2856 656 :
2891 601 2986 659 sed
3018 601 3222 671 absque
3242 600 3461 668 rubore,
3494 609 3549 655 et
3578 598 3756 664 nudo,
3802 606 3864 653 ut

2276 696 2462 760 aiunt,
2495 695 2690 764 capite,
2722 694 2957 750 libidinis
2982 708 3096 748 sua:
3132 692 3292 750 verba
3321 692 3583 759 dicentes,
3609 704 3861 748 accesse-

2278 797 2425 854 runt,
2452 798 2508 843 et
2554 796 2744 844 vocato
2768 786 2936 858 justo,
2968 785 3220 841 dixerunt
3240 785 3329 841 ei:
3366 783 3465 838 Ubi
3490 793 3608 838 sunt
3634 783 3732 838 viri
3776 783 3864 854 qui

2278 881 2493 953 ingressi
2516 890 2634 936 sunt
2678 883 2747 934 ad
2775 880 2900 935 vos?
2922 877 3070 932 Educ
3113 893 3234 943 eos,
3274 883 3329 931 ut
3353 891 3717 948 cognoscamus
3755 890 3862 928 eos.

2280 974 2507 1044 Propter
2546 972 2688 1029 hunc
2729 987 2914 1029 eorum
2964 971 3206 1026 illicitum
3230 978 3511 1034 conatum,
3541 976 3598 1023 et
3643 967 3862 1036 impiam

2281 1064 2691 1134 perversitatem
2715 1104 2731 1129 ,
2784 1062 2975 1133 Opinor
3014 1062 3216 1131 justum
3251 1073 3421 1131 usque
3455 1057 3522 1112 ad
3575 1070 3861 1129 vesperam

2280 1155 2506 1222 sedisse,
2538 1162 2597 1208 ut
2621 1169 2688 1209 ne
2711 1153 2914 1209 sineret
2941 1152 3173 1207 viatores
3199 1151 3411 1222 ignaros
3436 1148 3675 1205 incidere
3703 1148 3759 1206 in
3787 1147 3863 1203 il-

2281 1246 2454 1301 lorum
2477 1245 2717 1315 laqueos.
2748 1244 2815 1300 Et
2832 1243 3010 1314 justus
3035 1242 3251 1315 quidem
3276 1256 3398 1298 cum
3418 1238 3780 1309 hospitalitate
3805 1244 3867 1294 et

2280 1350 2468 1406 magna
2496 1335 2745 1406 pudicitia
2772 1333 2908 1389 hanc
2932 1349 3146 1406 quoque
3170 1331 3415 1388 adhibuit
3432 1330 3787 1400 diligentiam,
3806 1336 3871 1382 ut

2278 1440 2467 1482 omnes
2492 1434 2876 1496 praetereuntes
2905 1425 3222 1495 susciperet,
3254 1422 3537 1493 nullusque
3574 1435 3699 1476 eum
3729 1419 3867 1475 late-

2279 1529 2395 1586 ret,
2425 1519 2550 1575 licet
2577 1533 2671 1574 eos
2709 1527 2833 1574 tunc
2879 1533 2985 1573 non
3016 1501 3235 1589 angelos
3267 1557 3281 1581 ,
3322 1514 3415 1571 sed
3463 1511 3709 1568 homines
3744 1524 3867 1566 esse

2283 1621 2518 1684 putaret.
2553 1611 2704 1682 lmpii
2731 1619 2909 1666 autem
2935 1609 3011 1665 illi
3039 1618 3394 1681 praeterquam
3431 1604 3573 1676 quod
3597 1604 3727 1659 nihil
3762 1602 3870 1659 tale

2280 1706 2526 1776 agebant,
2558 1703 2715 1776 quale
2745 1703 2923 1775 justus
2950 1701 3058 1768 ille,
3089 1716 3151 1756 ea
3181 1700 3356 1754 solum
3400 1703 3717 1769 perpetrare
3744 1701 3867 1749 stu-

2279 1797 2480 1853 debant
2502 1836 2519 1862 ,
2559 1811 2679 1867 quae
2704 1794 2995 1869 nequitiam
3019 1807 3230 1848 omnem
3262 1791 3421 1863 longo
3449 1786 3729 1845 intervallo
3775 1801 3870 1842 su-

2282 1897 2554 1959 perarent.
2601 1887 2828 1957 Propter
2848 1886 2950 1941 hoc
2973 1900 3103 1957 ergo
3134 1885 3188 1939 in
3216 1885 3386 1954 platea
3413 1880 3660 1936 volebant
3684 1893 3871 1934 mane-

2280 1996 2360 2046 re,
2392 1990 2451 2039 ut
2480 1979 2673 2033 darent
2703 1977 2857 2048 justo
2881 1976 3222 2032 occasionem
3243 1972 3549 2030 declarandi
3582 1969 3866 2041 hospitali-

2285 2081 2448 2129 tatem
2474 2086 2598 2143 erga
2625 2072 2772 2141 ipsos
2792 2086 2965 2136 suam,
2984 2077 3041 2126 et
3064 2077 3424 2125 monstrarent
3450 2067 3499 2123 ei
3516 2067 3688 2139 reipsa
3709 2079 3871 2135 quam

2280 2165 2439 2236 digne
2456 2162 2731 2234 suppliciis
2756 2162 2832 2216 illi
2855 2162 3212 2232 plecterentur
3240 2159 3334 2229 qui
3370 2159 3422 2214 in
3452 2166 3560 2212 tam
3601 2154 3868 2227 stupenda

2280 2255 2480 2326 ﬂagitia
2524 2260 2952 2325 prorumperent.

2352 2350 2409 2404 4.
2456 2346 2565 2403 Sed
2609 2345 2885 2402 videamus
2939 2344 3008 2400 de
3043 2352 3241 2400 caetero
3288 2342 3556 2413 ingentem
3596 2338 3726 2410 justi
3768 2336 3873 2393 viri

2284 2439 2555 2492 virtutem.
2586 2435 2641 2490 6.
2669 2435 2935 2506 Egressus,
2968 2433 3164 2502 inquit,
3196 2432 3264 2484 ad
3286 2446 3371 2485 eos
3413 2429 3485 2484 ad
3524 2428 3819 2483 vestibulum
3848 2467 3870 2494 ,

2275 2530 2495 2600 januam
2539 2525 2742 2596 quidem
2768 2525 2951 2579 clausit
2977 2534 3091 2593 post
3108 2539 3182 2588 se,
3212 2522 3437 2592 dixitque
3481 2522 3549 2580 ad
3577 2537 3682 2575 eos.
3734 2518 3876 2573 Vide

2281 2613 2557 2687 quomodo
2584 2615 2738 2669 timet
2760 2614 2958 2684 justus,
2989 2622 3044 2668 et
3074 2612 3253 2667 tremit
3276 2625 3374 2681 pro
3417 2610 3685 2679 hOSpitum
3714 2623 3877 2663 secn-

2282 2709 2457 2764 ritate.
2495 2705 2678 2775 Neque
2719 2705 2863 2760 enim
2893 2711 3098 2758 tantum
3122 2702 3339 2774 januam
3387 2699 3578 2756 clausit
3622 2705 3744 2769 post
3783 2710 3870 2762 se,

2283 2796 2378 2854 sed
2398 2796 2574 2853 sciens
2596 2809 2781 2851 eorum
2812 2793 3073 2849 insaniam
3099 2801 3155 2848 et
3182 2790 3484 2857 audaciam,
3513 2797 3567 2844 et
3590 2787 3875 2858 suspicans

2284 2904 2471 2949 eorum
2505 2888 2883 2955 temeritatem,
2910 2884 3107 2941 deinde
3155 2884 3327 2955 inquit
3372 2881 3439 2938 ad
3485 2895 3620 2937 eos:
3652 2877 3875 2947 Nequa-

2287 3000 2462 3057 quam,
2495 2986 2702 3054 fratres.
2749 2980 2795 3035 Ο
2818 2978 2946 3049 justi
2989 2977 3094 3032 viri
3142 2973 3510 3031 tolerantiam!
3540 2987 3574 3026 ο
3599 2971 3873 3041 ingentem

2287 3074 2677 3132 humilitatem!
2713 3072 2837 3127 llaec
2875 3085 3005 3127 vera
3029 3069 3199 3124 virtus
3223 3074 3326 3132 est,
3363 3066 3436 3122 ita
3469 3070 3748 3120 mansuete
3788 3061 3875 3115 al-

2286 3169 2431 3240 loqui
2464 3168 2597 3223 tales
2631 3165 2902 3221 homines.
2932 3162 3119 3218 Nullus
3164 3160 3307 3216 enim
3337 3173 3537 3229 tegrum
3561 3156 3748 3211 volens
3773 3168 3876 3208 cu-

2288 3274 2430 3326 rare,
2456 3268 2510 3315 et
2547 3257 2900 3311 insanientem
2929 3253 3210 3322 castigare,
3240 3265 3363 3306 cum
3398 3246 3671 3303 iracundia
3699 3254 3754 3300 et
3778 3259 3880 3297 an-

2288 3350 2529 3407 steritatc
2561 3347 2664 3403 hoc
2691 3345 2838 3401 facit.
2871 3344 2938 3399 Et
2961 3341 3326 3398 animadverte
3354 3337 3625 3411 quomodo
3645 3350 3758 3399 eos,
3781 3335 3873 3405 qui

2289 3451 2400 3498 tam
2437 3438 2666 3497 absurda
2721 3446 2933 3508 patrare
2977 3434 3256 3496 volebant,
3280 3431 3477 3487 fratres
3513 3437 3688 3492 vocat,
3719 3434 3781 3480 ut
3822 3434 3881 3481 et

2290 3549 2477 3591 eorum
2505 3530 2863 3588 conscientias
2893 3535 3155 3600 tangeret,
3178 3533 3233 3581 et
3257 3541 3288 3580 a
3305 3523 3506 3580 nefario
3525 3520 3726 3592 ﬂagitio
3752 3517 3882 3572 illos

2292 3625 2599 3683 abduceret.
2635 3621 3008 3692 Nequaquam,
3063 3617 3251 3690 inquit,
3288 3619 3501 3688 fratres;
3531 3612 3686 3667 nolite
3708 3609 3883 3679 inique

2293 3736 2461 3793 agere.
2513 3717 2657 3775 Nihil
2689 3717 2797 3772 tale
2825 3714 3071 3786 cogitetis
3096 3754 3111 3780 ,
3140 3727 3209 3767 ne
3234 3707 3528 3765 admittatis
3560 3713 3665 3760 tam
3714 3716 3883 3774 grave

2294 3792 2470 3872 scelus
2494 3812 2547 3868 in
2578 3817 2811 3867 mentem
2838 3817 3096 3870 vestram,
3125 3819 3194 3859 ne
3214 3810 3459 3858 naturam
3498 3799 3666 3868 ipsam
3693 3792 3882 3848 tradu-

2294 3909 2452 3975 catis,
2499 3920 2566 3963 ne
2590 3905 2807 3961 illicitos
2837 3899 3150 3972 excogitetis
3174 3897 3346 3952 coitus
3375 3909 3388 3945 :
3412 3890 3506 3947 sed
3534 3891 3579 3945 si
3605 3885 3885 3943 volueritis

2297 3998 2519 4055 insaniae
2568 4003 2763 4051 vestrm
2808 3991 3045 4047 furorem
3092 3985 3432 4047 demulcere,
3474 3995 3574 4049 ego
3626 3976 3885 4046 quiddam

2297 4086 2567 4161 praebebo,
2611 4098 2721 4154 quo
2765 4080 3026 4151 ﬂagitium
3050 4084 3288 4132 vestrum
3314 4071 3486 4127 levius
3513 4069 3622 4122 tiat.
3658 4067 3711 4121 8.
3747 4066 3888 4161 Sunt

2298 4154 2422 4233 inihi
2449 4176 2565 4230 dua:
2591 4174 2734 4244 ﬁliae,
2753 4185 2866 4241 qua:
2892 4169 3025 4224 viros
3053 4181 3153 4221 non
3178 4166 3532 4234 cognoverunt.
3566 4156 3773 4222 Adhuc,
3801 4154 3890 4211 in-

2300 4271 2446 4343 quit,
2477 4269 2773 4338 inexpertae
2825 4268 2952 4319 sunt
3003 4255 3256 4327 nuptialis
3280 4264 3626 4325 congressus,
3672 4250 3888 4304 intacta:

2301 4341 2447 4429 sunt,
2470 4360 2694 4432 juvenes
2719 4363 2864 4420 sunt,
2894 4360 2949 4409 et
2977 4349 3151 4405 adhuc
3180 4347 3233 4402 in
3262 4344 3393 4400 ﬂore
3416 4341 3589 4398 aetatis
3619 4357 3632 4395 :
3663 4353 3756 4395 eas
3769 4354 3890 4394 om-

2302 4455 2458 4510 nibus
2488 4451 2759 4522 expositas
2787 4446 2881 4513 do,
2928 4453 2982 4501 et
3005 4441 3213 4499 utimini
3239 4439 3318 4495 cis
3340 4437 3478 4493 sicut
3506 4433 3661 4490 vobis
3689 4433 3885 4503 placet.

2305 4545 2557 4616 Acceptis
2604 4542 2712 4598 illis
2736 4582 2752 4607 ,
2783 4537 2971 4609 inquit,
3003 4534 3213 4606 explete
3242 4540 3473 4588 vestram
3503 4528 3556 4582 in
3597 4526 3676 4583 eis
3708 4523 3891 4579 libidi-

2306 4655 2427 4696 nem
2454 4680 2469 4705 ,
2517 4644 2573 4692 et
2641 4633 2909 4702 indulgete
2960 4638 3153 4684 vestrm
3193 4624 3349 4680 malae
3398 4616 3887 4692 concupiscentia:

2306 4733 2529 4789 Tantum
2567 4730 2621 4783 in
2641 4728 2773 4782 viros
2798 4724 2913 4778 illos
2941 4721 3069 4777 nihil
3099 4719 3316 4792 feceritis
3344 4716 3591 4789 iniquum,
3623 4717 3893 4781 propterea

2304 4825 2440 4897 quod
2464 4824 2773 4877 intraverunt
2800 4816 2890 4872 sub
2912 4824 3037 4870 tecta
3067 4814 3319 4884 tignorum
3341 4822 3580 4864 meorum.
3603 4800 3890 4870 Quoaiam,

2311 4914 2500 4985 inquit,
2528 4910 2677 4981 coegi
2709 4923 2802 4966 eos
2824 4916 2880 4963 et
2917 4903 3102 4962 induxi
3130 4902 3230 4960 sub
3261 4908 3455 4956 tectum
3492 4907 3688 4958 meum,
3720 4898 3779 4946 ut
3823 4906 3895 4945 ne

2311 4982 2440 5062 mihi
2481 5000 2819 5058 adscribatur
2868 4997 3119 5068 iniquitas
3149 4993 3202 5048 in
3229 5004 3322 5046 eos
3349 4993 3576 5059 patrata,
3602 4990 3658 5038 et
3683 4996 3784 5053 ego
3813 4982 3893 5068 eis

2310 5105 2497 5153 auctor
2516 5093 2615 5147 sim
2638 5066 2997 5152 contumeliae,
3030 5083 3230 5140 idcirco
3270 5093 3367 5149 pro
3392 5076 3472 5132 eis
3492 5074 3625 5130 duas
3650 5088 3799 5129 meas
3835 5066 3903 5119 li-

2311 5188 2410 5243 lias
2436 5184 2526 5246 do,
2558 5192 2617 5238 ut
2649 5182 2722 5237 illi
2768 5195 2799 5236 a
2826 5177 3074 5237 manibus
3100 5170 3295 5227 vestris
3336 5168 3655 5223 liberentur.
3680 5164 3898 5230 Quanta

2308 5280 2435 5351 justi
2465 5276 2675 5333 virtus?
2700 5286 2914 5331 omnem
2961 5268 3211 5323 virtutem
3265 5258 3644 5332 hospitalitatis
3670 5269 3896 5325 supcra-

2314 5343 2406 5427 vil.
2441 5368 2578 5439 Quid
2609 5368 2751 5422 enim
2799 5363 2919 5434 quis
2963 5357 3093 5431 justi
3151 5354 3307 5423 hujus
3336 5350 3659 5423 benignitate
3688 5353 3770 5439 sat
3806 5343 3897 5400 di.
3965 5380 3971 5387 ι

2313 5434 2487 5536 ειιιιιιι
2505 5455 2808 5531 protulerit,
2837 5451 2929 5524 qui
2979 5462 3152 5519 neque
3177 5445 3385 5501 filiabus
3426 5452 3647 5514 parcere
3675 5434 3847 5491 voluit
3873 5475 3893 5503 ,

2316 5532 2375 5611 ut
2397 5551 2676 5611 exhiberet
2702 5543 2997 5617 hospitibus
3025 5539 3306 5600 honorem,
3334 5544 3389 5591 et
3437 5532 3686 5588 liberaret
3728 5542 3824 5585 eos
3863 5542 3893 5581 a

2318 5643 2667 5717 perversitate
2690 5631 3128 5697 Sodomitarum?
3156 5629 3223 5684 Et
3255 5627 3344 5683 ille
3377 5624 3591 5698 quidem
3622 5620 3754 5678 tilias
3771 5632 3899 5717 suas

2323 5708 2609 5810 prostituit,
2656 5738 2714 5786 ut
2760 5725 2998 5800 hospites
3026 5723 3257 5780 viatores
3285 5719 3501 5791 (iterum
3532 5713 3673 5772 enim
3703 5708 3894 5767 eadem
