4084 6214
234 355 336 412 399

228 467 629 531 ἀντιτείνοντας
659 467 754 522 καὶ
777 468 856 531 εἰς
885 468 984 537 τὴν
1020 469 1276 522 πλατεῖαν
1309 471 1612 526 καταλῦσαι
1645 471 1906 544 βουλομέ-

234 573 356 619 νους
379 555 561 622 (τοῦτο
589 554 647 608 δέ
682 555 900 608 ἐποίουν
925 556 974 608 οἱ
1003 555 1245 625 ἄγγελοι,
1292 558 1384 610 ἐπὶ
1411 559 1572 612 πλέον
1606 559 1910 628 ἐκκαλύψαι

229 642 330 712 τὴν
351 642 552 711 ἀρετὴν
579 640 892 712 βουλόμενοι
940 641 1034 695 τοῦ
1082 643 1314 708 δικαίου,
1342 645 1436 698 καὶ
1459 644 1745 700 παιδεῦσαι
1775 645 1912 700 πάν-

230 746 333 791 τας
355 730 521 800 ἡμᾶς,
558 730 658 800 ὅση
687 727 854 783 αὐτοῦ
879 731 913 799 ή
947 730 1262 799 φιλοξενία),
1298 731 1484 786 λοιπον
1512 734 1671 796 αὐτὸς
1699 733 1799 785 οὐκ
1828 733 1910 786 έτι

235 817 487 886 ἀνέχεται
513 817 602 870 διὰ
627 817 803 886 λόγων
832 817 930 886 τὴν
959 816 1304 887 παράκλησιν
1327 819 1613 883 ποιεῖσθαι,
1645 819 1778 872 ἀλλὰ
1817 820 1910 872 καὶ

239 903 358 973 βίαν
386 903 680 974 ἐπιτίθησι.
706 903 804 958 Διά
833 903 988 956 τοῦτο
1009 903 1103 956 καὶ
1128 906 1156 956 ό
1185 904 1417 974 Χριστὸς
1454 905 1628 973 έλεγε⁹
1656 904 1907 959 Βιασταί

236 991 563 1059 ἁρπάζουσι
609 991 726 1059 τὴν
763 991 1094 1056 ,ϐασιλείαν
1129 991 1249 1043 τῶν
1279 990 1566 1058 οὐρανῶν.
1601 992 1766 1044 Ἔνθα
1797 996 1904 1064 γὰρ

237 1079 304 1131 ἂν
339 1079 708 1148 πνευματικὸν
746 1078 1032 1150 πρόκειται
1077 1077 1288 1148 κέρδος.
1329 1076 1582 1149 εὔκαιρος
1623 1079 1658 1148 ἡ
1690 1079 1905 1151 ἀνάγκη

237 1165 331 1219 καὶ
357 1167 390 1235 ἡ
427 1165 517 1234 βία
550 1167 824 1237 ἐπαινετή.
855 1165 965 1219 Καί
993 1162 1378 1228 κατεϐιάζετο,
1425 1164 1610 1234 φησὶν,
1662 1167 1902 1232 αὐτούς.

251 1253 404 1322 Ἐμοὶ
434 1252 582 1304 δοκεῖ
604 1253 697 1304 καὶ
717 1251 947 1315 ἀκοντας
970 1250 1166 1314 αὐτοὺς
1187 1250 1383 1303 ἕλκειν.
1415 1245 1546 1304 Εἶτα
1565 1251 1753 1323 ἐπειδὴ
1769 1249 1907 1306 εἶδον

236 1338 326 1390 τὸν
348 1338 554 1391 δίκαιον
572 1337 733 1407 ἔργον
769 1337 926 1390 τοῦτο
949 1336 1252 1406 τιθέμενον,
1282 1337 1376 1390 καὶ
1406 1337 1464 1389 ού
1490 1337 1757 1409 πρότερον
1801 1339 1908 1408 ἀφ-

239 1425 553 1497 ιστάμενον,
587 1426 635 1477 εἰ
663 1424 740 1496 μὴ
767 1423 828 1477 τὸ
854 1424 1284 1493 σπουδαζόμενον
1315 1423 1464 1494 αὐτῷ
1488 1426 1566 1488 είς
1585 1424 1744 1496 ἔργον
1771 1425 1908 1494 ἀγά-

237 1526 346 1578 γοι,
393 1509 756 1574 Ἐξέκνιιναν,
791 1508 943 1577 φησι,
967 1506 1115 1573 πρὸς
1143 1505 1347 1572 αὐτὸν,
1381 1507 1480 1561 καὶ
1513 1507 1801 1575 εἰσῆλθον
1820 1510 1907 1574 εις

238 1598 344 1651 τὸν
373 1598 543 1651 οἷκον
561 1596 766 1651 αὐτοῦ.
813 1595 924 1649 Καὶ
966 1595 1255 1660 ἐποίησεν
1283 1593 1487 1660 αὐτοῖς
1515 1593 1665 1666 [459]
1697 1596 1903 1658 πότον,

238 1685 339 1737 καὶ
368 1682 625 1752 ἀζύμους
674 1685 904 1751 ἐπεψεν
964 1680 1188 1746 αὐτοῖς,
1223 1680 1323 1734 καὶ
1377 1681 1606 1750 ἔφαγον
1642 1681 1756 1749 πρὸ
1797 1683 1904 1737 τοῦ

237 1765 615 1836 κοιμηθῆναι.
669 1761 825 1829 Εἶδες
858 1765 951 1818 καλ⁵
977 1764 1206 1818 ἐνταῦθα
1235 1765 1337 1818 οὐκ
1360 1765 1418 1818 ἐν
1458 1763 1525 1834 τῇ
1586 1765 1905 1836 πολυτελείᾳ

237 1855 338 1924 τῆς
372 1851 650 1924 τραπέζης
671 1851 768 1923 τὴν
789 1851 1086 1922 φιλοξενίαν
1106 1851 1570 1923 ἐπιδεικνυμένην,
1602 1852 1736 1906 ἀλλά
1751 1852 1806 1907 ἐν
1837 1855 1902 1925 τῇ

240 1940 497 2010 δαψιλείᾳ
521 1941 614 2010 τῆς
643 1939 892 2011 γνώμης;
933 1940 1145 2011 Ἐπειδὴ
1173 1940 1280 2011 γάρ
1301 1942 1521 2010 ἴσχυσεν
1549 1940 1746 2004 αὐτοὺς
1795 1943 1904 1994 εἱσ-

246 2030 477 2093 αγαγεῖν
511 2028 588 2090 εἰς
621 2027 708 2080 τὸν
739 2021 882 2080 οἷκον
911 2026 1090 2090 αὐτοῦ,
1115 2027 1315 2090 εὐθέως
1345 2027 1414 2080 τά
1457 2027 1558 2098 τῆς
1603 2027 1902 2096 φιλοξενίας

249 2113 608 2166 ἐπεδείκνυτο.
635 2114 742 2167 Kal
769 2114 972 2176 ἐκεῖνος
1003 2114 1098 2184 μὲν
1129 2114 1265 2185 πρὸς
1293 2114 1390 2185 τὴν
1411 2113 1704 2185 θεραπείαν
1725 2115 1901 2168 αὐτῶν

243 2200 698 2270 παρεσκευάζετο,
733 2199 910 2252 καὶτὰ
945 2201 1044 2271 τῆς
1071 2200 1364 2264 ἑστιάσεως
1389 2203 1640 2273 παρεῖχε,
1671 2204 1765 2256 καὶ
1796 2204 1902 2256 πᾶο

239 2304 339 2342 σαν
360 2287 694 2341 ἐπεδείκνυτο
718 2286 881 2359 τιμὴν
927 2289 1021 2342 καὶ
1053 2287 1347 2359 θεραπείαν
1404 2289 1540 2360 πρὸς
1571 2291 1698 2354 τούς
1723 2307 1903 2362 παρα-

235 2375 581 2444 γενομένους,
626 2375 938 2446 ἀνθρώπους
978 2374 1176 2439 αὐτούς
1234 2391 1386 2439 τινας
1415 2375 1594 2440 όδίτας
1633 2374 1774 2430 εἶναι
1817 2394 1903 2430 νο·

237 2461 431 2531 μίζων.
460 2463 524 2513 Οί
560 2459 628 2513 δὲ
663 2460 876 2528 ἄνδρες
903 2460 1016 2530 τῆς
1036 2463 1268 2527 πόλεως
1288 2463 1342 2514 οι
1375 2461 1682 2530 Σοδομῖται
1743 2476 1902 2530 περι·

232 2551 590 2602 εκύκλωσαν
614 2548 728 2616 τὴν
760 2549 956 2603 οὶκίαν
1000 2548 1120 2604 ἀπὸ
1159 2551 1486 2606 νεανίσκου
1513 2551 1622 2617 ἕως
1652 2553 1903 2620 πρεσϐυ-

231 2635 424 2703 τέρου,
459 2634 576 2701 πᾱς
603 2638 636 2690 ό
659 2636 808 2702 λαός
836 2635 978 2706 ἅμα,
1009 2635 1106 2690 καί
1151 2635 1552 2702 ἐξεκαλοῦντο
1586 2637 1697 2691 τὸν
1747 2637 1899 2706 Λὼτ,

231 2725 328 2778 καὶ
359 2725 572 2795 ἔλεγον
602 2726 750 2792 πρὸς
786 2727 991 2780 αὐτόν’
1024 2725 1151 2780 Ποῦ
1187 2729 1344 2781 εἰσιν
1369 2729 1425 2782 οἱ
1451 2726 1666 2797 ἄνδρες
1693 2730 1744 2783 οί
1775 2731 1901 2782 εισ-

227 2812 504 2876 ελθόντες
585 2812 735 2880 πρὸς
786 2812 862 2866 σὲ
911 2812 1028 2882 τὴν
1060 2814 1282 2878 νύκτα;
1352 2813 1635 2884 Ἐξάγαγε
1678 2814 1902 2883 αὐτοὺς

229 2899 378 2967 πρὸς
401 2897 579 2968 ἡμᾶς,
613 2900 714 2954 ἵνα
749 2900 1170 2970 συγγενώμεθα
1189 2901 1410 2967 αὐτοῖς.
1447 2902 1539 2972 Μὴ
1569 2901 1755 2966 ἁπλῶς
1801 2919 1902 2956 πα-

233 2986 621 3057 ραδράμωμεν,
655 2987 950 3058 ἀγαπητοὶ,
981 2986 1052 3040 τὰ
1079 2988 1361 3059 εἰρημένα,
1398 2989 1531 3059 μηδέ
1566 2989 1725 3059 μόνον
1778 2987 1903 3043 τού⁴

230 3089 336 3126 των
363 3073 562 3143 ἴδωμεν
589 3073 686 3144 τὴν
721 3075 919 3143 μανίαν
943 3074 1040 3146 τὴν
1093 3075 1274 3146 πάσης
1296 3074 1623 3147 συγγνώμης
1669 3077 1902 3132 ἀπεστε-

233 3161 499 3232 ρημένηψ
538 3160 666 3212 ,ἀλλ’
723 3161 1106 3233 ἐννοήσωμεν,
1152 3163 1268 3226 πῶς
1319 3165 1347 3216 ὁ
1393 3161 1598 3226 δίκαιος
1653 3165 1710 3218 ἐν
1750 3165 1901 3238 μέσῳ

229 3249 484 3303 τοιούτων
517 3247 722 3320 θηρίων
743 3249 913 3313 οὕτως
946 3250 1248 3304 ἀλλοκὰτων
1269 3249 1452 3315 οἰκῶν,
1469 3250 1611 3304 οὓτω
1640 3251 1899 3324 διέλαμψε

231 3339 324 3392 καὶ
349 3337 612 3409 τοσαύτης
632 3339 832 3411 ἀρετῆς
853 3339 1156 3411 ὑπερϐολὴν
1181 3339 1506 3407 ἐπεδείξατο,
1523 3341 1641 3405 πῶς
1660 3343 1901 3411 ἐνεγκεῖν

231 3425 464 3498 ἠδυνήθη
493 3425 592 3497 τὴν
613 3425 842 3496 ἀνομίαν
875 3427 1075 3491 αὐτῶν,
1117 3426 1234 3490 πῶς
1253 3428 1354 3480 οὐκ
1391 3427 1558 3498 ἔφυγε
1584 3430 1682 3501 τὴν
1715 3431 1900 3484 αὐτόθι

229 3513 465 3583 οἴκησιν,
495 3513 612 3577 πῶς
631 3515 728 3585 τῆς
758 3515 896 3586 πρὸς
916 3514 1112 3578 αὐτοὺς
1138 3513 1421 3580 διαλέξεως
1466 3517 1726 3587 ἠνείχετο.
1757 3518 1898 3583 Πῶς,

231 3600 341 3669 ἐγὼ
357 3601 519 3669 λέγω.
552 3601 823 3673 Προειδὼς
856 3604 884 3655 ὁ
903 3603 1010 3655 τῶν
1035 3602 1172 3655 ὅλων
1206 3603 1480 3674 Δεσπότης
1502 3604 1598 3676 τὴν
1629 3606 1902 3676 ὑπερϐάλ-

231 3686 426 3740 λουσαν
467 3688 644 3740 αὐτῶν
671 3689 954 3761 πονηρίαν,
1007 3688 1324 3761 ᾠκονόμησε
1357 3690 1448 3742 τὸν
1473 3691 1679 3745 δίκαιον
1713 3693 1900 3748 τοῦτον

188 3781 190 3783 ’
233 3774 419 3827 αὐτόθι
444 3776 787 3846 κατοικῆσαι,
812 3776 899 3828 ἵνα
926 3775 1177 3848 καθάπερ
1212 3777 1394 3848 ἰατρὸς
1418 3778 1639 3848 ἀριστος
1676 3779 1782 3832 τῶν
1799 3781 1900 3851 ἀρ-

234 3863 605 3932 ρωστημάτων
660 3861 839 3916 αὐτῶν
880 3864 1257 3933 περιγενέσθαι
1300 3864 1523 3935 δυνηθῇ.
1582 3865 1721 3917 Ἀλλ’
1759 3866 1902 3936 ὁρῶν

231 3949 428 4012 αὐτοὺς
458 3949 650 4002 ἀνίατα
691 3949 1002 4015 νοσοῦντας,
1033 3951 1127 4004 καὶ
1165 3950 1434 4022 μηδεμίαν
1463 3951 1757 4023 θεραπείαν
1782 3954 1902 4006 ἐπι-

230 4034 484 4101 δέξασθαι
517 4035 900 4106 βουλομένους,
927 4036 1046 4090 οὐδὲ
1072 4037 1244 4100 οὕτως
1287 4037 1600 4108 ἀφίσταται.
1654 4038 1902 4094 Τοιοῦτον

231 4119 340 4189 γὰρ
367 4119 395 4170 ό
431 4120 632 4189 ίατρόςο
672 4119 777 4173 κᾶν
807 4120 889 4190 ῐδῃ
923 4120 990 4174 τά
1019 4120 1165 4191 πάθη
1201 4120 1437 4175 νικῶντα
1460 4121 1561 4192 τὴν
1591 4122 1806 4194 τέχνην,
1839 4124 1901 4177 οὐ

231 4201 466 4254 παύεται
493 4203 561 4255 τὰ
588 4205 718 4274 παρ’
763 4203 959 4257 ἐαυτοῦ
987 4202 1232 4275 πληρῶν,
1258 4204 1366 4272 ἵνα,
1400 4203 1466 4258 ἂν
1499 4205 1598 4275 μὲν
1627 4206 1705 4276 τῷ
1729 4207 1902 4278 χρόνῳ

228 4285 637 4356 ἀνακτήσασθαι
654 4298 678 4326 ο
719 4287 918 4358 δυνηθῇ
941 4287 1032 4340 τὸν
1063 4287 1360 4358 κάμνοντα,
1383 4288 1531 4361 δείξῃ
1555 4290 1654 4360 τὴν
1679 4308 1901 4362 περιου-

231 4367 354 4419 σίαν
381 4368 481 4438 τῆς
501 4367 717 4438 τέχνης·
755 4370 804 4422 εί
855 4369 913 4422 δὲ
942 4368 1111 4442 μηδὲν
1140 4369 1300 4423 πλέον
1329 4369 1502 4434 ἀνύει,
1544 4370 1641 4442 ἔχῃ
1674 4371 1774 4443 τὴν
1804 4389 1902 4442 με-

227 4449 420 4519 γίστην
454 4449 866 4517 ἁπολογίαν,ὅτι
894 4451 1045 4504 οὐδὲν
1078 4451 1186 4505 τῶν
1218 4451 1604 4523 προσηκόντων
1633 4456 1713 4517 εἰς
1743 4452 1902 4506 αὐτὸν

228 4531 546 4602 παρέλιπεν·
578 4531 606 4584 ὅ
627 4531 690 4603 δὴ
717 4533 808 4585 καὶ
839 4532 1074 4586 ἐνταῦθα
1111 4533 1420 4604 γεγένηται.
1462 4534 1520 4587 '0
1568 4535 1666 4605 μὲν
1690 4533 1798 4605 γάρ
1820 4533 1900 4586 δί-

226 4627 382 4675 καιος
405 4607 558 4676 οὗτος
592 4615 684 4666 καὶ
727 4613 935 4668 τούτων
969 4616 1026 4668 ἐν
1079 4616 1230 4687 μέσῳ
1281 4617 1771 4687 ἀναστρεφόμενος,
1809 4617 1902 4670 καὶ

224 4695 400 4759 οὕτως
434 4697 589 4766 ἔμενε
630 4697 837 4762 δίκαιος
871 4698 1074 4770 πολλὴν
1122 4699 1222 4771 τὴν
1271 4698 1586 4767 φιλοσοφίαν
1627 4698 1901 4754 ἐκδεικνύ-

228 4794 409 4849 μενος·
451 4779 723 4834 ἐκεῖνοιδέ
764 4781 858 4834 καὶ
889 4781 977 4836 διὰ
1001 4781 1160 4836 τοῦτο
1186 4778 1328 4852 ἦσαν
1354 4781 1535 4854 πάσης
1574 4782 1901 4855 συγγνώμης

225 4861 684 4933 ἀπεστερημένοι,
731 4863 814 4918 ὅτι
843 4864 904 4918 οὐ
960 4865 1120 4936 μόνον
1153 4865 1252 4918 οὐκ
1283 4863 1478 4936 ἔληξαν
1531 4865 1631 4936 τῆς
1680 4867 1897 4935 κακίας,

225 4942 360 4996 ἀλλὰ
381 4943 472 4995 καὶ
505 4944 702 5014 μᾶλλον
736 4945 905 5018 αὐτὴν
937 4945 1238 5000 ἐπέτειναν.
1278 4947 1419 5016 Ὅρα
1467 4948 1597 5018 γάρ·
1627 4951 1901 5016 Περιεκύο

228 5032 493 5094 κλωσαν,
513 5031 666 5102 φησὶ,
682 5031 796 5099 τὴν
810 5033 1008 5086 οὶκίαν
1034 5031 1152 5085 ἀπὸ
1167 5033 1493 5088 νεανίσκου
1514 5033 1620 5100 ἕως
1645 5038 1902 5102 πρεσϐύ-

220 5132 357 5174 του,
394 5119 426 5168 ό
455 5117 602 5184 ,λαὸς
638 5119 777 5188 ἅμα.
831 5120 1076 5190 Μεγίστη
1111 5119 1210 5188 τῆς
1248 5120 1510 5189 πονηρίας
1532 5123 1564 5191 ή
1590 5125 1897 5191 συμφωνία,

221 5195 402 5267 πολλὴ
446 5197 542 5267 τῆς
571 5201 769 5265 κακίας
819 5201 1046 5274 ήφορά,
1087 5202 1292 5271 ἄφατος
1320 5202 1420 5270 τῆς
1467 5205 1813 5274 παρανομίας
1866 5209 1900 5277 ἡ

222 5282 527 5356 ὑπερϐολὴ,
577 5287 955 5357 ἀσύγγνωστος
1002 5291 1036 5361 ἡ
1087 5288 1447 5359 ἐπιχείρησις.
1513 5290 1656 5342 Ἀπὸ
1706 5293 1901 5344 νεανί-

224 5385 414 5433 σκου,
448 5369 632 5438 φησὶν,
661 5369 772 5437 ἕως
810 5375 1168 5441 πρεσϐύτου.
1204 5372 1279 5424 οὐ
1313 5368 1473 5438 μόνον
1499 5371 1532 5439 ἡ
1565 5371 1773 5440 νεότης,
1794 5391 1894 5444 φης
1933 5404 1947 5424 .

226 5453 336 5514 σιν,
365 5447 436 5522 ἦν
471 5452 504 5522 ή
541 5451 610 5506 τὰ
633 5455 921 5526 παράνομα
950 5457 1124 5511 ταῦτα
1157 5448 1508 5522 ἐπιζητοῦσα,
1568 5451 1705 5506 ἀλλά
1731 5456 1823 5507 καὶ
1850 5456 1900 5508 οἱ

223 5533 532 5603 πρεσϐῦται
567 5535 665 5607 τὴν
687 5537 924 5608 ἡλικίαν,
974 5539 1068 5592 καὶ
1106 5539 1261 5600 πᾶςό
1304 5531 1432 5593 λαὸς
1464 5531 1600 5600 ἅμα.
1637 5535 1746 5589 Καὶ
1776 5537 1899 5591 οὔτε

223 5615 326 5686 τὴν
352 5615 558 5686 τόλμαν
586 5619 685 5689 τὴν
713 5621 905 5690 ἀναιδῆ
935 5623 1028 5674 καὶ
1051 5620 1405 5689 ἀναίσχυντον
1424 5611 1627 5684 ταύτην
1653 5617 1896 5686 ᾐδοῦντο,

223 5696 350 5751 οὔτε
372 5697 464 5752 τὸν
488 5698 784 5771 ἀκοίμητον
807 5703 1082 5775 ὀφθαλμὸν
1099 5704 1179 5764 είς
1204 5700 1411 5752 ἔννοιαν
1433 5692 1754 5762 ἐλάμϐανον,
1772 5700 1897 5756 οῦτε

297 5831 320 5858 ⁸
367 5829 608 5897 Savil.__el.
629 5832 820 5897 quidam
850 5846 963 5897 mags.
987 5837 1056 5896 τῷ
1080 5833 1237 5897 χρρνῳ
1265 5824 1582 5897 περιγένῃτᾳιν
1623 5827 1895 5897 ἀνακῖῆσα-

230 5889 360 5947 σθαι,
382 5897 482 5938 elc.
513 5889 573 5939 Et
597 5889 744 5952 pa'ulo
763 5902 874 5956 post
910 5889 1058 5950 iidem
1080 5889 1292 5952 "ailiqiwt
1313 5889 1592 5936 discrimina
1633 5890 1768 5949 parvi
1789 5902 1897 5941 mo-

229 5951 387 6001 menti
413 5950 667 5999 exhibent.
1095 5997 1117 6001 _

626 5997 895 6091 Pmoi.
941 6035 1056 6096 Gn.
1081 5997 1270 6092 'LIV.

1359 356 1425 412 IN
1467 359 1619 416 CAP.
1660 357 1780 413 XIX
1818 357 2062 416 GENES.
2106 359 2338 416 IIOIIIL.
2379 362 2558 418 XLIII.

2015 474 2105 528 τὸν
2131 475 2336 529 δίκαιον
2364 477 2674 548 ᾐσχύνοντο,
2726 475 2849 531 ούτε
2880 476 2988 531 τῶν
3015 475 3179 543 ξένων
3198 477 3562 549 νομιζομένων
3584 483 3680 532 καὶ

2011 560 2106 612 ἐπὶ
2152 560 2250 632 τὴν
2302 562 2397 615 τοῦ
2454 563 2661 616 δικαίου
2695 562 3000 634 φιλοξενίαν
3049 563 3234 618 αὐτόθι
3264 563 3680 616 καταλυσάντων

2010 645 2281 712 ἐφείδοντο
2304 688 2320 713 ,
2363 649 2490 702 ἀλλ’
2541 650 3073 722 ἀπηρυθριασμένως
3116 651 3212 705 καὶ
3246 653 3450 722 γυμνῇ,
3480 649 3557 713 ὼς
3597 649 3680 702 εί-

2009 735 2150 797 πεῖν,
2201 737 2267 805 τῇ
2299 735 2504 807 κεφαλῇ
2537 737 2604 791 τά
2655 738 2755 808 τῆς
2799 737 3084 804 ἀσελγείας
3121 740 3304 791 ἐκεῖνα
3347 740 3565 809 ῥήματα
3591 735 3680 788 λέ-

2009 836 2195 887 γοντες
2225 821 2374 894 [410]
2402 824 2676 895 προσίασι,
2717 825 2810 878 καὶ
2838 825 3166 888 καλέσαντες
3196 826 3288 878 τὸν
3319 825 3546 880 δίκαιον.
3570 823 3680 876 ἐλε-

2009 923 2105 974 γον
2141 908 2278 978 πρὸς
2304 910 2488 962 αὐτόν’
2518 911 2642 964 Ποῦ
2682 913 2840 965 εἰσιν
2876 914 2927 964 οἱ
2972 911 3187 980 ἄνδρες
3211 914 3265 965 οἱ
3297 912 3680 976 εἰσελθόντες

2009 994 2160 1062 πρὸς
2179 995 2333 1064 ὑμᾶς
2357 1015 2376 1062 ;
2418 997 2704 1069 Ἐξάγαγε
2735 999 2976 1063 αὐτοὺς,
3003 1001 3103 1053 ἵνα
3131 999 3551 1069 συγγενώμεθα
3570 999 3679 1051 αὺ-

2008 1083 2151 1149 τοῖς.
2178 1084 2277 1137 Διά
2307 1085 2510 1157 ταύτην
2541 1086 2721 1142 αὐτῶν
2743 1082 2894 1159 οἶμαι
2917 1089 3014 1158 τὴν
3057 1089 3419 1160 ἐπιχείρησιν,
3445 1088 3540 1140 καὶ
3577 1086 3677 1156 τὴν

2008 1172 2320 1242 παράνομον
2353 1174 2636 1245 πονηρίαν,
2675 1175 2882 1228 καὶτὸν
2912 1175 3116 1228 δίκαιον
3154 1175 3312 1246 μέχρι
3375 1174 3473 1244 τῆς
3513 1171 3678 1226 ἐσπέ-

2011 1274 2110 1328 ρας
2146 1259 2592 1330 παρακαθῆσθαι,
2641 1260 2780 1314 ὥστε
2820 1263 3010 1332 μηδενὶ
3046 1262 3398 1332 συγχωρῆσαι
3426 1261 3536 1313 τῶν
3567 1260 3679 1313 όδι-

2005 1345 2113 1399 τῶν
2141 1346 2418 1414 ἀγνοοῦντι
2450 1351 2766 1418 περιπεσεῖν
2817 1351 2937 1412 ταῖς
2968 1349 3191 1402 ἐκείνων
3223 1349 3448 1416 πάγαις.
3498 1347 3608 1400 Καὶ
3647 1347 3676 1399 ὁ

2008 1430 2106 1501 μὲν
2143 1431 2346 1496 δίκαιος
2377 1434 2513 1504 μετὰ
2539 1435 2639 1502 τῆς
2691 1434 3016 1503 φιλοξενίας,
3073 1435 3167 1487 καὶ
3193 1435 3292 1504 τῆς
3321 1432 3676 1504 σωφροσύνης

2003 1517 2102 1589 τῆς
2165 1520 2369 1583 οἰκείας
2419 1520 2858 1591 ἐπιδεικνύμενος
2917 1521 3014 1592 τὴν
3063 1521 3408 1592 ὑπερϐολὴν,
3465 1519 3674 1589 ταύτην

2003 1605 2238 1659 ἐποιεῖτο
2268 1606 2368 1675 τὴν
2400 1607 2631 1677 σπουδὴν
2672 1607 2813 1661 ὥστε
2867 1608 3076 1671 πάντας
3105 1609 3232 1670 τοὺς
3281 1605 3675 1678 παροδεύοντας

2002 1690 2376 1762 ὑποδέχεσθαι,
2411 1694 2506 1746 καὶ
2558 1694 2749 1765 μηδεὶς
2776 1695 2937 1748 αὐτὸν
2993 1693 3166 1752 λάθοι,
3203 1694 3251 1746 εἰ
3281 1693 3376 1746 καὶ
3415 1691 3551 1755 τέως
3573 1693 3676 1746 οὐκ

2003 1776 2287 1845 ἀγγέλους,
2321 1778 2435 1832 ἀλλ’
2470 1779 2792 1850 ἀνθρώπους
2820 1776 2957 1833 εἶναι
2992 1779 3264 1850 ἐνόμιζεν.
3296 1780 3360 1832 Οἱ
3391 1779 3448 1832 δὲ
3499 1778 3677 1848 παρά-

2003 1880 2158 1933 νομοι
2179 1865 2374 1918 ἐκεῖνοι
2395 1865 2534 1936 μετά
2561 1866 2656 1920 τοῦ
2685 1867 2849 1937 μηδὲν
2871 1865 3111 1920 τοιοῦτον
3134 1863 3536 1919 ἐπιδείκνυσθαι
3561 1859 3674 1918 οἷον

2001 1949 2031 2000 ὁ
2067 1949 2293 2014 δίκαιος,
2317 1952 2388 2004 τὰ
2415 1953 2592 2005 πᾶσαν
2619 1952 2817 2005 κακίαν
2842 1952 3266 2021 ἀποκρύπτοντα
3303 1953 3439 2022 μόνα
3470 1950 3674 2021 τολμᾷν

2001 2036 2342 2106 ἐπετήδευον.
2384 2037 2482 2091 Διά
2523 2038 2680 2091 τοῦτο
2720 2036 2814 2092 οὖν
2852 2040 2930 2102 είς
2970 2039 3068 2108 τὴν
3099 2038 3358 2092 πλατεῖαν
3390 2037 3672 2092 ἐϐούλοντο

2001 2122 2317 2187 καταλῦσαι,
2342 2125 2428 2177 ἵνα
2463 2126 2786 2195 παράσχωσι
2807 2124 2884 2196 τῷ
2904 2125 3099 2195 δικαίῳ
3120 2126 3372 2196 ἀφορμὴν
3404 2123 3672 2188 ἐπιδείξα-

2003 2208 2125 2262 σθαι
2152 2211 2249 2282 τὴν
2277 2214 2404 2282 περὶ
2432 2212 2628 2275 αὐτοὺς
2653 2211 2980 2280 φιλοξενίαν,
3009 2213 3104 2265 καί⁸
3142 2212 3388 2278 δείξωσιν
3414 2210 3561 2280 αὐτῷ
3584 2210 3675 2263 διά

1999 2296 2108 2350 τῶν
2137 2297 2312 2369 ἐργων
2331 2299 2405 2362 ὡς
2433 2299 2588 2365 ἀξίαν
2616 2298 2898 2368 μέλλουσιν
2922 2298 3248 2365 ὑφίστασθαι
3264 2297 3361 2366 τὴν
3379 2295 3669 2367 τιμωρίαν,

1998 2382 2143 2437 οὕτω
2169 2384 2265 2454 τὴν
2298 2384 2638 2455 παρανομίαν
2669 2383 2786 2455 μεθ’
2813 2383 3115 2454 ὑπερϐολῆς
3149 2381 3597 2452 ἐπιδεικνύμενοι.

2069 2469 2129 2522 δ.
2185 2469 2322 2523 Ἀλλ’
2357 2471 2554 2540 ἴδωμεν
2605 2470 2788 2523 λοιπὸν
2831 2469 2926 2523 τοῦ
2966 2469 3172 2523 δικαίου
3219 2472 3318 2539 τῆς
3361 2469 3565 2538 ἀρετῆς
3609 2466 3672 2520 τὸ

2003 2555 2249 2626 μέγεθος.
2267 2556 2749 2627 Ἐξελθὼν,φησὶ,
2768 2555 2917 2625 πρὸς
2945 2555 3166 2622 αὐτοὺς
3195 2555 3344 2623 πρὸς
3370 2553 3437 2607 τὸ
3453 2552 3672 2622 πρόθυ-

1992 2659 2126 2710 ρον,
2147 2642 2262 2710 τὴν
2281 2642 2399 2712 μὲν
2425 2644 2614 2710 θύραν
2640 2638 3149 2711 προσέῳξεν,εἷπε
3177 2639 3243 2693 δὲ
3257 2640 3407 2708 πρὸς
3426 2639 3672 2703 αὐτούς.

2003 2729 2142 2800 Ὅρα
2191 2729 2308 2793 πῶς
2334 2729 2573 2784 δέδοικεν
2616 2731 2645 2782 ό
2671 2729 2875 2793 δίκαιος
2903 2730 2996 2783 καὶ
3031 2728 3223 2799 τρέμει
3248 2727 3387 2798 ὑπὲρ
3417 2726 3518 2796 τῆς
3560 2725 3673 2780 τῶν

2001 2815 2167 2881 ξένων
2209 2816 2526 2886 ἀσφαλείας.
2571 2816 2702 2870 Οὑδέ
2750 2815 2856 2887 γὰρ
2908 2815 3093 2879 ἁπλῶς
3142 2815 3241 2886 τὴν
3298 2814 3466 2886 θύραν
3506 2829 3673 2884 προσο

1999 2903 2164 2975 έῳξεν
2196 2905 2370 2958 ὀπίσω
2407 2903 2596 2969 αὐτοῦ,
2623 2902 2736 2957 ἀλλ’
2767 2903 2927 2967 είδὼς
2971 2901 3151 2956 αὐτῶν
3197 2901 3294 2974 τὴν
3334 2900 3532 2972 μανίαν
3578 2899 3676 2954 καὶ

1996 2991 2058 3045 τὺ
2080 2993 2366 3065 τολμηρὸν.
2406 2994 2500 3047 καὶ
2531 2991 2879 3064 ὑφορώμενος
2920 2992 3099 3046 αὐτῶν
3150 2990 3249 3062 τὴν
3306 2991 3670 3061 προπέτειαν,

1999 3075 2118 3134 εἶτά
2147 3097 2278 3150 φησι
2309 3080 2445 3151 πρὸς
2471 3079 2670 3143 αὐτούς
2693 3096 2706 3111 ⁸
2740 3077 3052 3149 Μηδαμῶς,
3076 3076 3346 3147 ἀδελφοί.
3371 3079 3434 3130 ’Ὠ
3455 3077 3553 3148 τῆς
3572 3076 3668 3130 τοῦ

1997 3167 2204 3222 δικαίου
2259 3167 2666 3238 μακροθυμίας,
2706 3165 2752 3220 ὣ
2801 3165 3304 3237 ταπεινοφροσύνης
3364 3165 3664 3236 ὑπερϐολή.

2003 3253 2176 3307 Τοῦτο
2209 3253 2424 3323 ἀληθῶς
2455 3252 2654 3324 ἀρετὴ,
2676 3252 2736 3306 τὸ
2779 3253 2894 3324 μετ’
2926 3253 3226 3316 ἐπιεικείας
3269 3254 3384 3314 τοῖς
3412 3251 3675 3315 τοιούτοις

2005 3340 2431 3412 προσφέρεσθαι.
2491 3339 2678 3404 Οὐδεὶς
2729 3341 2840 3409 γὰρ
2886 3340 2976 3393 τὸν
3041 3337 3300 3394 νοσοῦντα
3339 3337 3674 3410 θεραπεῦσαι

2002 3427 2341 3498 βουλόμενος,
2371 3427 2464 3480 καὶ
2493 3426 2585 3479 τὸν
2616 3428 2935 3498 μαινόμενον
2963 3427 3315 3499 σωφρονίσαι,
3337 3427 3474 3496 μετά
3497 3425 3672 3496 θυμοῦ

1999 3516 2092 3568 καὶ
2128 3517 2425 3588 αὐστηρίας
2469 3514 2624 3569 τοῦτο
2672 3517 2813 3568 ποεῖ.
2868 3515 3068 3569 Σκόπει
3123 3514 3250 3585 γάρ,
3294 3513 3412 3576 πῶς
3442 3510 3570 3572 τοὺς
3604 3511 3675 3563 τὰ

1998 3602 2222 3656 τοιαῦτα
2267 3606 2604 3674 παρανομεῖν
2657 3601 3012 3673 βουλομένους
3053 3601 3316 3672 ἀδελφοὺς
3363 3599 3554 3664 καλεῖ,
3581 3598 3676 3651 ἐνο

1997 3689 2193 3762 τρέψαι
2221 3689 2415 3754 αὐτοὺς
2447 3690 2786 3760 βουλόμενος,
2842 3690 2937 3742 καὶ
2981 3688 3302 3744 καθικέσθαι
3350 3685 3531 3741 αὐτῶν
3566 3684 3670 3753 τῆς

2002 3775 2376 3846 συνειδήσεως,
2408 3777 2502 3829 καὶ
2554 3776 2860 3844 ἀποστῆσαι
2897 3775 3093 3838 αὐτοὺς
3136 3776 3234 3844 τῆς
3276 3773 3672 3843 ἐπιχειρήσεως

1997 3862 2094 3932 τῆς
2131 3863 2347 3931 μιαρᾶς.
2378 3860 2690 3929 Μηδαμῶς,
2727 3861 2909 3930 φησιν,
2935 3860 3188 3928 ἀδελφοί
3221 3876 3234 3890 υ
3257 3858 3344 3928 μὴ
3373 3857 3675 3924 πονηρεύ-

1999 3951 2213 4016 σησθε.
2238 3947 2441 4018 Μηδὲν,
2476 3947 2628 4018 φησὶ,
2656 3945 2896 3999 τοιοῦτον
2926 3944 3237 4017 λογίσησθε,
3268 3944 3342 4015 μὴ
3371 3943 3471 4014 τὴν
3503 3959 3675 4012 πονη-

2005 4038 2102 4109 ρὰν
2141 4037 2346 4108 ταύτην
2376 4035 2573 4106 πρᾶξιν
2598 4035 2920 4105 ἐννοήσητε,
2966 4033 3098 4104 μηδὲ
3145 4031 3244 4104 τὴν
3295 4031 3458 4102 φύσιν
3501 4029 3676 4099 αὐτὴν

2003 4123 2562 4194 παραδειγματίσητε,
2599 4121 2731 4193 μηδὲ
2782 4121 3054 4192 ἀθέσμους
3095 4120 3418 4192 ἐπινοήσητε
3447 4118 3620 4191 μίξεις
3655 4132 3671 4148 ·

2004 4212 2119 4267 ἀλλ’
2156 4212 2203 4265 εί
2228 4213 2322 4267 καὶ
2355 4209 2610 4280 βούλεσθε
2638 4210 2738 4280 τῆς
2769 4210 2965 4280 μανίας
3003 4209 3158 4280 ὐμῶν
3197 4208 3288 4262 τὸν
3318 4206 3531 4279 οἶστρον
3571 4223 3676 4259 πα-

2008 4299 2446 4371 ραμυθήσασθαι,
2486 4297 2596 4366 ἐγὼ
2635 4297 2792 4350 τοῦτο
2852 4295 3110 4369 παρέξω,
3163 4296 3304 4350 ὥστε
3347 4294 3677 4365 κουφότερον

2003 4389 2158 4458 ὐμῶν
2188 4387 2440 4456 γενέσθαι
2467 4386 2529 4439 τὸ
2555 4385 2830 4457 τόλμημα.
2853 4385 2989 4438 Εἰσί
2998 4401 3096 4453 μοι
3118 4383 3227 4436 δύο
3255 4379 3678 4452 auram;qu

2002 4474 2115 4526 οὐκ
2139 4473 2412 4542 ἔγνωσαν
2441 4471 2688 4539 ἄνδρας.
2737 4471 2880 4537 Ἔτι,
2934 4471 3122 4538 φησιν,
3164 4468 3381 4542 ἄπειροί
3425 4469 3531 4520 εἰσι
3564 4482 3680 4534 γα-

2006 4561 2170 4631 μικῆς
2202 4560 2522 4623 συνουσίας,
2575 4558 2845 4628 ἀνέπαφοι
2885 4557 3274 4628 τυγχάνουσιν,
3323 4558 3380 4609 ἐν
3426 4555 3562 4626 αὐτῇ
3610 4555 3677 4625 τῇ

2003 4647 2155 4717 ἀκμῇ
2184 4647 2283 4716 τῆς
2315 4647 2529 4717 ήλικίας
2547 4646 2673 4710 εἰσὶ,
2700 4645 3012 4716 λάμπουσαι
3034 4647 3098 4715 τῇ
3120 4643 3260 4716 ῶρᾳ·
3297 4642 3494 4708 ταύτας
3513 4642 3676 4695 πᾶσιν

2003 4733 2252 4796 ἐκδότους
2295 4733 2505 4803 δίδωμι,
2533 4733 2628 4784 καὶ
2677 4731 2877 4803 χρᾶσθε
2913 4732 3103 4795 αὐταῖς
3140 4731 3215 4794 ὡς
3248 4730 3468 4802 ἀρέσκει
3527 4729 3676 4798 ὑμῖν.

2002 4819 2272 4883 Λαϐόντες
2299 4820 2488 4883 αὐτὰς,
2524 4819 2677 4890 φησὶ,
2705 4818 3028 4890 πληρώσατε
3074 4818 3228 4890 ὑμῶν
3263 4819 3342 4880 είς
3385 4814 3555 4875 αὐτάς
3579 4813 3678 4883 τὴν

2002 4907 2307 4975 ἀσέλγειαν,
2329 4909 2420 4961 καὶ
2451 4907 2798 4979 ἐμφορήθητε
2835 4907 2936 4978 τῆς
2963 4906 3254 4976 ἐπιθυμίας
3282 4902 3434 4973 ὐμῶν
3459 4902 3557 4972 τῆς
3581 4918 3678 4954 πο-

2007 4995 2196 5067 νηρᾶς.
2238 4995 2442 5048 Μόνον
2470 4996 2557 5059 είς
2585 4995 2725 5061 τοὺς
2763 4995 2992 5063 ἄνδρας
3020 4995 3270 5058 τούτους
3285 4989 3481 5056 μηδὲν
3515 4988 3680 5054 ποιή.

2005 5097 2156 5150 σητε
2181 5081 2409 5146 ἄδικον,
2447 5075 2519 5136 οὗ
2552 5081 2786 5135 εἵνεκεν
2839 5079 3135 5145 εἰσῆλθον
3156 5075 3272 5131 ὑπὸ
3294 5073 3410 5142 τὴν
3436 5073 3676 5142 σκέπην

2002 5170 2122 5222 τῶν
2141 5166 2336 5222 δοκῶν
2356 5186 2496 5237 μου.
2535 5168 2753 5240 Ἐπειδὴ
2781 5167 3107 5237 ἐϐιασάμην,
3128 5162 3311 5233 φησὶν,
3329 5161 3549 5226 αὐτοὺς,
3578 5164 3673 5215 καὶ

2002 5258 2291 5326 εἰσήγαγον
2324 5255 2429 5308 ὐπὸ
2453 5254 2550 5319 τὰς
2571 5256 2759 5317 δοκούς
2799 5271 2920 5324 μου,
2941 5253 3025 5304 ἵνα
3062 5253 3136 5320 μὴ
3175 5249 3298 5318 ἐμοὶ
3323 5249 3600 5321 ἐπιγραφῇ
3641 5253 3676 5323 ἡ

2004 5342 2085 5405 είς
2117 5341 2316 5405 αὐτοὺς
2349 5341 2609 5411 γινομένη
2639 5338 2950 5410 παρανομία
2971 5376 2985 5399 ,
3017 5337 3111 5389 καὶ
3141 5333 3253 5403 ἐγὼ
3291 5336 3472 5396 αὐτοῖς
3505 5336 3676 5401 αῐτιος

2001 5428 2102 5497 τῆς
2149 5427 2360 5500 ὕϐρεως
2390 5428 2595 5497 ταύτης
2643 5427 2916 5494 γένωμαι,
2964 5424 3053 5478 διὰ
3113 5421 3270 5476 τοῦτο
3321 5423 3463 5495 ὐπέρ
3496 5423 3677 5479 αὐτῶν

2002 5513 2100 5576 τὰς
2129 5513 2224 5566 δύο
2248 5532 2350 5584 μου
2365 5513 2668 5582 θυγατέρας
2688 5511 2900 5581 δίδωμι,
2921 5511 3060 5564 ὥστε
3072 5510 3294 5574 τούτους
3317 5510 3675 5582 ἐλευθερῶσαι

2002 5600 2109 5654 τῶν
2139 5601 2421 5670 ὑμετέρων
2435 5599 2650 5668 χειρῶν.
2676 5598 2824 5669 Πόση
2849 5599 2942 5653 τοῦ
2966 5598 3174 5653 δικαίου
3210 5599 3459 5671 ήάρετή;
3493 5601 3674 5653 πᾶσαν

2006 5689 2210 5763 ἀρετὴν
2239 5685 2547 5756 φιλοξενίας
2576 5688 2813 5755 ἐνίκησε.
2850 5688 2914 5740 Τί
2965 5688 3076 5758 γάρ
3128 5687 3193 5742 ἄν
3240 5705 3325 5753 τις
3369 5688 3513 5741 εἴποι
3553 5691 3673 5742 κατ’

2009 5775 2167 5841 ἀξίαν
2192 5776 2290 5846 τῆς
2317 5773 2409 5826 τοῦ
2439 5772 2647 5827 δικαίου
2671 5771 2861 5826 τούτου
2891 5774 3308 5848 φιλοφροσύνης,
3336 5775 3392 5839 ὃς
3423 5774 3543 5827 οὐδέ
3565 5775 3674 5827 τῶν

2009 5861 2323 5934 θυγατέρων
2349 5858 2636 5928 φείσασθαι
2669 5860 2947 5929 ἠνέσχετο,
2985 5863 3074 5916 ἵνα
3109 5864 3204 5935 τὴν
3234 5865 3313 5925 είς
3337 5863 3461 5924 τοὺς
3492 5861 3672 5927 ξένους

2007 5948 2174 6018 τιμὴν
2199 5945 2553 6018 ἐπιδείξηται,
2581 5950 2673 6004 καὶ
2697 5948 3036 6022 ἐλευθερώσῃ
3073 5952 3170 6022 τῆς
3198 5949 3544 6018 παρανομίας
3564 5952 3667 6004 τιῖιν

3173 6043 3212 6086 9

3177 6083 3213 6100 θ
