4072 6216
346 337 443 395 801
1356 338 1424 397 lN
1460 340 1612 397 CAP.
1654 339 1799 397 XIX.
1840 338 1945 396 GE]

2051 341 2083 396 i.
2127 339 2360 399 HOMIL.
2401 341 2585 399 XLIII.

346 449 495 523 dico)
517 450 742 507 omnino
768 449 978 523 ignotos
994 450 1231 522 eriperet
1247 451 1317 509 ab
1345 453 1630 525 impiorum
1659 462 1941 511 contume-

347 542 416 597 lia
445 559 461 596 :
493 557 593 599 nos
616 552 795 598 autem
822 542 1068 600 videntes
1081 558 1226 615 saepe
1244 543 1440 601 fratres
1454 554 1667 601 nostros
1694 546 1748 601 in
1765 544 1941 615 ipsum

349 633 642 705 impietatis
670 633 1017 704 profundum,
1052 644 1107 691 et
1144 649 1310 707 prope
1363 636 1629 703 dixerim,
1661 637 1714 693 in
1760 636 1943 692 fauces

347 723 548 779 diaboli
585 724 799 792 cadere,
828 739 1004 797 neque
1030 740 1280 782 sermone
1319 741 1415 783 eos
1440 727 1742 797 dignamur,
1770 742 1943 799 neque

349 814 653 880 consulere,
687 829 863 886 neque
906 815 1085 872 verbis
1109 815 1428 880 admonere,
1455 826 1510 872 et
1533 818 1743 889 eripere
1767 833 1798 872 a
1824 833 1942 873 ma-

353 904 466 959 litia
484 945 499 970 ,
524 912 580 959 et
598 904 664 959 ad
692 904 951 962 virtutem
986 907 1368 965 manuducere.
1396 909 1621 977 Qualem
1648 909 1810 981 igitur
1841 911 1940 964 ha-

349 994 593 1052 bebimus
621 998 1025 1055 excusationem
1056 1038 1072 1063 ,
1119 1014 1241 1055 cum
1284 1000 1464 1071 justus
1504 1015 1677 1073 neque
1730 1001 1943 1057 filiabus

350 1096 553 1157 parcat,
578 1098 636 1142 ut
656 1087 925 1160 hospitum
956 1101 1136 1147 servet
1160 1106 1344 1148 curam
1369 1111 1382 1148 :
1407 1110 1507 1151 nos
1535 1104 1715 1151 autem
1747 1096 1818 1151 ita
1840 1096 1940 1151 im-

350 1177 775 1235 misericorditer
796 1196 921 1252 erga
938 1180 1133 1237 fratres
1159 1191 1370 1239 nostros
1393 1185 1708 1254 afficiamur,
1726 1195 1779 1242 et
1799 1200 1944 1256 saepe

351 1266 543 1339 frigida
573 1269 660 1324 illa
698 1280 754 1327 et
800 1271 1149 1328 absurditatis
1176 1276 1332 1345 plena
1380 1276 1539 1331 verba
1571 1277 1943 1349 proferamus?

351 1358 488 1427 Quid
517 1362 696 1430 enim,
753 1362 967 1435 inquit,
1022 1365 1152 1422 mihi
1196 1382 1317 1423 eum
1346 1383 1412 1425 eo
1453 1370 1774 1425 commune?
1810 1370 1943 1425 mihi

353 1465 459 1506 non
489 1460 574 1507 est
594 1468 758 1518 curae,
789 1455 920 1511 nihil
952 1458 1083 1512 mihi
1128 1459 1322 1530 negotii
1356 1476 1479 1515 cum
1500 1475 1584 1516 eo.
1610 1459 1749 1529 Quid
1768 1460 1901 1517 dicis
1922 1498 1941 1528 ,

355 1540 558 1597 homo?
586 1542 725 1599 Nihil
747 1546 840 1602 tibi
858 1561 1143 1604 commune
1170 1564 1292 1605 cum
1336 1551 1441 1605 eo?
1480 1550 1669 1607 Frater
1694 1561 1814 1609 tuus
1836 1562 1939 1621 est,

351 1632 592 1703 ejusdem
625 1644 802 1692 tecum
856 1649 1079 1704 naturae,
1137 1641 1238 1696 sub
1265 1640 1454 1697 eodem
1492 1645 1622 1699 estis
1675 1644 1937 1712 Domino,

356 1738 503 1796 saepe
527 1727 688 1783 etiam
717 1728 959 1799 ejusdem
990 1732 1277 1802 participes
1303 1748 1522 1800 mensze,
1558 1736 1849 1806 spiritualis
1870 1738 1937 1793 il-

355 1817 492 1885 lius,
534 1821 771 1892 inquam,
802 1830 857 1877 et
890 1824 1162 1893 terribilis,
1195 1836 1249 1882 et
1283 1826 1417 1883 dicis
1448 1845 1462 1883 :
1494 1827 1939 1887 Nihilcommune

360 1908 532 1965 habeo
565 1927 684 1967 eum
708 1928 803 1980 eo;
830 1924 883 1970 et
913 1916 1407 1974 immisericorditcr
1437 1921 1698 1989 prmteris,
1738 1930 1794 1977 et
1834 1937 1939 1977 non

356 2000 583 2071 porrigis
606 2002 807 2072 jacenti
838 2005 1093 2059 manum?
1113 2007 1179 2061 Et
1207 2006 1404 2064 Judaeis
1427 2009 1641 2079 quidem
1665 2012 1751 2065 lex
1776 2013 1943 2081 impc-

361 2089 534 2159 rabat,
596 2108 665 2148 ne
736 2093 1072 2151 inimicorum
1110 2096 1259 2167 lapsa
1306 2098 1550 2168 jutnenta
1613 2101 1945 2172 negligerent

357 2179 552 2249 (Exod.
584 2183 675 2239 23.
699 2184 757 2253 5)
784 2201 798 2239 :
833 2193 888 2239 tn
908 2195 1086 2241 autem
1110 2186 1330 2245 fratrem
1346 2198 1493 2245 tuum
1520 2205 1549 2246 a
1567 2191 1780 2247 diabolo
1799 2207 1945 2262 saepe

354 2273 647 2329 sauciatam
668 2284 724 2331 et
756 2276 1023 2347 jacentem
1068 2295 1175 2336 non
1223 2297 1385 2352 super
1415 2291 1635 2352 terram,
1658 2285 1753 2342 sed
1783 2301 1945 2357 super

357 2366 559 2434 peccati
582 2366 894 2424 barathrum
932 2369 1143 2439 videns,
1172 2382 1261 2428 tua
1288 2373 1665 2431 exhortatione
1703 2391 1811 2431 non
1857 2392 1945 2433 re-

359 2454 547 2521 trabis,
576 2472 684 2513 non
704 2458 1122 2517 admonitionem
1148 2472 1289 2518 tuam
1315 2464 1560 2533 adhibes,
1590 2481 1695 2521 non
1730 2468 1868 2522 alios
1890 2468 1944 2523 in

356 2547 613 2603 auxilium
657 2565 840 2619 vocas,
872 2559 934 2607 ut
957 2556 1000 2608 si
1032 2552 1147 2609 fieri
1182 2555 1370 2625 possit,
1404 2571 1434 2610 a
1469 2556 1711 2613 faucibus
1756 2557 1944 2614 bestia:

357 2640 655 2695 membrum
679 2649 827 2696 tuum
853 2658 1043 2700 eruere
1059 2645 1267 2710 valeas,
1296 2656 1351 2702 et
1376 2647 1443 2701 ad
1470 2663 1623 2703 suam
1670 2647 1934 2705 reducere

360 2730 690 2788 nobilitatem
720 2749 734 2787 :
763 2742 822 2789 ut
871 2743 926 2790 et
976 2736 1113 2806 ipse,
1164 2738 1208 2792 si
1234 2738 1449 2809 quando
1497 2739 1778 2803 cecideris,
1800 2740 1943 2811 quod

358 2822 535 2889 absit,
566 2824 620 2879 in
640 2820 868 2895 laqueos
887 2828 1011 2882 mali
1027 2829 1288 2885 daemonis
1316 2830 1461 2886 illius
1482 2873 1497 2897 ,
1543 2832 1720 2902 possis
1746 2831 1945 2889 habere

357 2911 571 2982 aliquos
602 2916 692 2985 qui
715 2924 768 2971 te
791 2915 1005 2986 juvent,
1038 2928 1094 2974 et
1121 2919 1350 2975 liberant
1375 2935 1404 2973 a
1430 2922 1676 2977 manibus
1709 2922 1945 2978 diaboli?

342 3000 453 3057 .Sic
472 3012 525 3058 et
551 3004 747 3061 Paulus
772 3009 1017 3065 excitare
1048 3012 1235 3066 volens
1276 3012 1511 3079 Galatas,
1538 3023 1596 3070 ut
1622 3016 1736 3070 suis
1762 3016 1945 3088 provi-

360 3091 523 3149 deant
541 3095 824 3162 membris,
854 3098 1026 3171 inquit
1056 3118 1070 3154 :
1105 3100 1445 3159 Cansiderans
1478 3106 1793 3175 temetipsum
1823 3149 1838 3175 ,
1885 3124 1949 3163 ne

359 3192 408 3237 et
429 3192 483 3238 tu
507 3187 710 3240 tenteris
744 3186 939 3258 (Galat.
980 3190 1037 3246 6.
1092 3192 1147 3265 i)
1172 3209 1186 3247 :
1210 3195 1362 3264 quasi
1394 3194 1619 3264 diceret,
1654 3196 1712 3254 Si
1743 3199 1946 3271 absque

360 3276 830 3336 commiseratione
854 3290 911 3337 et
936 3281 1226 3340 inhumane
1252 3286 1472 3343 fratrem
1503 3291 1769 3359 praeteris,
1809 3291 1949 3350 forte

360 3375 417 3420 et
447 3376 519 3435 te,
550 3368 593 3423 si
611 3370 903 3437 cecideris,
930 3373 1067 3430 alius
1097 3375 1345 3433 similiter
1367 3380 1679 3447 praeteribit.
1712 3382 1765 3439 Si
1789 3383 1948 3454 igitur

364 3461 449 3515 vis
482 3477 586 3517 non
626 3463 827 3535 deSpici
873 3468 1046 3523 sicubi
1091 3468 1325 3537 labaris,
1359 3487 1427 3527 ne
1474 3472 1591 3542 ipse
1634 3474 1947 3546 despexeris

362 3551 528 3607 alium
557 3554 683 3609 :sed
710 3571 956 3627 magnam
984 3573 1097 3628 pra:
1130 3567 1183 3616 te
1202 3559 1284 3615 fer
1307 3560 1713 3634 benignitatem,
1740 3575 1796 3622 et
1831 3567 1948 3623 the-
1975 3614 1983 3619 _

364 3657 582 3700 snurum
604 3646 767 3703 crede
797 3651 1121 3718 maximum,
1149 3654 1193 3707 si
1230 3668 1450 3711 servare
1485 3658 1660 3727 possis
1704 3659 1943 3716 fratrem.

365 3734 504 3791 Nihil
534 3738 676 3793 enim
705 3739 829 3796 huic
870 3758 1119 3814 umquam
1160 3760 1256 3815 par
1296 3746 1409 3802 fieri
1462 3750 1679 3817 poterit,
1708 3752 1849 3822 quod
1877 3752 1948 3808 ad

368 3826 616 3882 virtutem
645 3831 857 3885 attinet.
884 3832 1017 3888 Nam
1057 3835 1101 3888 si
1151 3836 1327 3889 solum
1382 3837 1703 3907 cogitaveris
1759 3842 1943 3909 illum,

367 3932 525 3987 quem
549 3918 780 3990 despicis
803 3931 858 3977 et
893 3924 1159 3993 prmteris,
1181 3941 1212 3980 a
1236 3925 1463 3981 Domino
1494 3936 1584 3984 tuo
1606 3938 1753 3985 tanto
1769 3930 1822 3985 in
1844 3931 1947 3987 hoc

371 4024 503 4065 nare
549 4009 786 4068 habitum
832 4014 1016 4081 fuisse,
1051 4024 1111 4069 ut
1155 4025 1375 4087 prapter
1406 4018 1578 4088 ipsum
1606 4035 1712 4076 non
1741 4020 1949 4094 refugo-

364 4103 434 4157 rit
457 4113 513 4158 et
533 4107 845 4176 sanguinem
867 4124 1028 4163 suum
1056 4108 1359 4180 effundere,
1385 4113 1527 4167 sicut
1550 4122 1609 4169 et
1627 4114 1825 4171 Paulus
1860 4117 1947 4173 di-

367 4194 484 4249 cit:
517 4193 587 4249 Et
613 4198 791 4267 peribit
839 4200 1076 4270 inrmus
1100 4202 1257 4271 frater
1301 4202 1353 4256 in
1383 4212 1470 4257 tua
1488 4205 1716 4272 scientia,
1745 4218 1951 4278 propter

364 4302 511 4357 quem
548 4286 777 4346 Christus
806 4302 1029 4347 mortuus
1054 4302 1126 4347 est
1173 4292 1251 4364 (l.
1284 4293 1402 4349 Car.
1430 4295 1483 4351 8.
1521 4295 1648 4367 il):
1679 4300 1949 4367 quomodo

368 4398 472 4439 non
515 4400 624 4455 pra:
663 4381 867 4455 pudore
899 4383 1001 4443 sub
1031 4392 1175 4443 terra
1230 4394 1284 4445 te
1314 4384 1658 4443 abscondas?
1687 4388 1745 4444 Si
1788 4390 1950 4461 igitur

364 4485 584 4545 propter
614 4476 762 4531 illum
806 4476 1047 4536 Christus
1090 4481 1403 4554 sanguinem
1442 4476 1647 4553 effudit,
1675 4479 1802 4556 quid
1843 4496 1949 4543 ma-

363 4579 528 4635 gnum
553 4562 739 4632 facies,
770 4566 813 4621 si
848 4578 989 4623 tuam
1019 4569 1071 4624 in
1096 4585 1218 4626 eum
1247 4570 1491 4628 declares
1520 4573 1947 4633 benevolentiam

365 4664 421 4711 ct
445 4655 816 4713 exhortatione
834 4660 1116 4716 verborum
1140 4662 1409 4732 jacentem
1433 4664 1629 4735 erigas,
1647 4668 1946 4724 etanimam

362 4763 595 4804 mersam
625 4748 761 4804 forte
795 4757 851 4804 et
878 4750 1207 4809 submersam
1237 4756 1437 4811 referas
1466 4771 1531 4812 ex
1558 4758 1821 4828 profundo
1837 4774 1951 4814 ma-

365 4844 514 4909 litiae,
547 4852 605 4898 et
634 4843 764 4898 illud
792 4853 1003 4914 satagas
1024 4854 1081 4899 ut
1106 4846 1274 4903 videat
1304 4850 1515 4906 virtutis
1538 4849 1733 4919 lucem,
1762 4868 1825 4908 ac
1841 4869 1947 4909 non

365 4944 607 4990 recurrat
633 4934 700 4989 ad
732 4935 983 4990 vitiorum
1022 4935 1339 5006 caliginem?

436 5026 490 5081 5.
524 5026 805 5082 Imitemur
832 5027 1011 5097 igitur,
1053 5027 1300 5095 obsecro,
1325 5030 1528 5099 justum
1560 5034 1709 5089 illum
1732 5078 1747 5109 ,
1797 5045 1854 5091 et
1904 5038 1947 5092 si

364 5115 779 5186 periclitandum
817 5118 976 5173 etiam
1007 5116 1171 5172 fuerit
1202 5134 1298 5188 pro
1330 5124 1501 5178 salute
1540 5127 1788 5194 proximi,
1843 5142 1947 5183 non

366 5208 467 5264 hoc
495 5209 962 5281 subterfugiamus.
992 5210 1127 5266 Nam
1148 5213 1251 5268 tale
1278 5215 1568 5283 periculum
1596 5219 1748 5273 nobis
1764 5220 1950 5277 salutis

366 5301 524 5357 fuerit
543 5303 775 5370 occasio,
802 5304 1129 5375 multamque
1155 5306 1460 5361 conciliabit
1505 5308 1773 5366 fiduciam.
1802 5312 1949 5368 Con-

367 5394 542 5450 sidera
570 5395 736 5460 enim,
770 5396 1017 5462 obsecro,
1063 5398 1336 5467 quomodo
1356 5400 1531 5469 justus
1557 5402 1646 5458 ille
1667 5405 1763 5459 toti
1783 5420 1951 5476 popu-

370 5487 441 5554 lo,
481 5490 570 5558 qui
604 5488 674 5543 ita
701 5489 753 5543 in
779 5489 1036 5544 malitiam
1068 5491 1495 5561 conspiraverat,
1526 5497 1949 5565 seopposuerit,

367 5591 421 5637 et
447 5595 691 5652 magnam
722 5581 1061 5637 clementiam
1109 5583 1539 5657 inenabilemque
1584 5587 1951 5644 fortitudinem

370 5688 483 5744 pra:
508 5686 568 5729 se
597 5672 801 5736 tulerit.
823 5673 1065 5743 quamvis
1111 5687 1286 5746 neque
1330 5675 1407 5732 sic
1427 5678 1697 5750 corrigere
1720 5680 1954 5748 potuerit

374 5765 685 5823 indomitam
710 5763 916 5821 illorum
944 5765 1222 5823 insaniam.
1250 5767 1453 5843 Quippe
1480 5780 1603 5846 post
1632 5770 1793 5829 verba
1820 5771 1909 5828 illa
1930 5811 1946 5841 ,

3529 348 3635 406 402

2051 460 2108 509 et
2138 462 2247 509 tam
2291 454 2541 509 eximiam
2591 456 3053 514 mansuetudinem
3079 497 3097 523 ,
3149 471 3271 514 cum
3320 458 3503 515 verbis
3531 464 3643 513 suis

2046 544 2197 614 quasi
2223 544 2469 601 manibus
2484 545 2847 615 prostituisset
2868 548 3023 614 filias,
3049 548 3176 619 quid
3201 548 3385 605 dicunt
3399 548 3468 604 ad
3485 550 3643 604 eum?

2047 636 2103 692 9.
2131 636 2328 692 Recede
2374 636 2518 692 illuc.
2549 637 2594 693 0
2634 653 2849 707 gravem
2895 640 3245 697 ebrietatem!
3282 656 3318 697 o
3366 641 3640 713 ingentem

2049 725 2442 799 insipientiam!
2477 727 2533 783 ln
2579 727 2721 784 hunc
2769 729 2983 784 modum
3014 745 3072 786 se
3120 731 3283 788 habet
3340 732 3560 788 efferata
3588 742 3641 786 ct

2050 817 2188 873 mala
2218 818 2386 874 bestia
2414 819 2845 890 concupiscentia
2870 839 2883 874 :
2910 821 3123 891 quando
3145 822 3405 878 rationem
3426 822 3639 888 vicerit,

2049 908 2182 965 nihil
2206 908 2465 966 decorum
2485 919 2541 966 et
2568 911 2850 967 honestum
2889 912 3071 968 videre
3098 913 3248 981 sinit,
3278 912 3377 969 sed
3401 915 3552 985 quasi
3586 914 3641 970 in

2048 998 2291 1055 tenebris
2317 1011 2371 1055 et
2398 1015 2570 1071 pugna
2604 1013 2866 1057 nocturna
2890 1002 3068 1057 omnia
3095 1001 3238 1057 facit.
3277 1003 3468 1058 Recede
3492 1004 3638 1067 illuc,

2047 1090 2263 1147 dicunt:
2288 1093 2463 1147 veniin
2490 1102 2543 1147 ut
2572 1108 2703 1147 esses
2722 1093 2940 1161 advena,
2965 1094 3388 1169 numquidetiam
3412 1103 3466 1148 ut
3484 1095 3638 1165 judi-

2045 1182 2180 1236 cium
2210 1183 2457 1253 judices?
2483 1182 2623 1254 Ergo
2649 1200 2783 1239 nunc
2805 1195 2853 1239 te
2871 1185 3145 1257 amigemus
3174 1186 3355 1256 magis,
3387 1202 3541 1253 quam
3570 1186 3639 1239 il-

2048 1272 2143 1327 los.
2174 1273 2309 1329 Vide
2337 1275 2607 1344 quomodo
2630 1276 2806 1345 justus
2829 1287 3106 1331 mansuete
3131 1291 3252 1332 cum
3270 1277 3349 1332 eis
3370 1277 3626 1347 loquitor,

2048 1363 2124 1418 illi
2162 1374 2340 1420 autem
2370 1376 2567 1435 quanta
2609 1367 2884 1423 ferocitate
2919 1367 3266 1438 respondent.
3317 1368 3474 1423 Enim
3507 1383 3638 1423 vero

2046 1455 2197 1525 quasi
2224 1470 2252 1509 a
2279 1455 2494 1512 diabolo
2532 1458 2806 1529 exagitati,
2849 1466 2997 1515 eteo
3044 1459 3295 1515 ducatum
3323 1459 3631 1531 prmbcntc,

2046 1548 2120 1603 ita
2142 1556 2328 1603 contra
2352 1547 2557 1618 justum
2586 1550 2885 1621 insurgunt,
2917 1560 2973 1607 et
2996 1550 3181 1606 dicunt
3208 1568 3222 1605 :
3251 1549 3443 1606 Venisti
3464 1560 3517 1605 ut
3542 1553 3637 1603 mt-

2046 1653 2172 1693 vena
2200 1654 2351 1706 esses,
2380 1640 2626 1712 numquid
2650 1641 2801 1695 etiam
2820 1650 2875 1695 ut
2904 1641 3158 1712 judicium
3173 1642 3377 1713 jndices
3397 1643 3424 1697 ?
3450 1641 3633 1697 Adve-

2046 1745 2169 1784 nam
2225 1738 2297 1797 te,
2329 1730 2591 1800 inquiunt,
2631 1732 2964 1802 suscepimus
2996 1750 3009 1786 :
3038 1749 3161 1788 num
3183 1741 3238 1789 et
3261 1732 3426 1803 judex
3452 1742 3639 1789 noster

2046 1835 2105 1876 es
2157 1818 2371 1876 factus?
2411 1820 2456 1877 0
2498 1831 2793 1877 extremam
2861 1822 3298 1893 improbitatem!
3342 1822 3638 1893 Oportebat

2045 1913 2383 1975 erubescere,
2412 1913 2692 1984 Oportebat
2713 1914 2944 1971 revereri
2965 1915 3385 1985 consiliumjusti
3411 1933 3426 1969 :
3450 1930 3633 1971 verum

2048 2003 2185 2057 sicut
2209 2005 2381 2059 insani
2403 2007 2562 2061 etiam
2587 2005 2851 2060 medicum
2896 2007 3157 2076 impetere
3177 2014 3459 2071 conantur,
3484 2006 3553 2058 ita
3580 2016 3637 2058 et

2048 2092 2126 2147 illi
2158 2110 2171 2146 :
2205 2092 2296 2159 Te,
2326 2096 2495 2159 aiunt,
2543 2096 2703 2167 magis
2729 2096 3023 2167 amigemus,
3052 2113 3206 2167 quant
3250 2097 3386 2151 illos.
3441 2096 3495 2151 Si
3526 2111 3633 2150 non

2049 2185 2150 2251 vis,
2172 2186 2340 2253 aiunt,
2368 2188 2531 2243 silere
2554 2196 2609 2242 et
2638 2189 2940 2257 quiescere,
2969 2188 3148 2245 disces
3165 2197 3215 2244 te
3232 2188 3526 2259 patrocinio
3544 2196 3635 2242 tuo

2047 2275 2181 2331 nihil
2209 2276 2351 2333 aliud
2377 2277 2713 2345 effecturum,
2744 2289 3099 2348 praeterquam
3145 2279 3289 2348 quod
3312 2278 3388 2333 illi
3417 2279 3633 2349 quidem

2047 2366 2344 2436 periculum
2366 2366 2645 2437 effugient,
2677 2378 2732 2422 tu
2753 2375 2929 2422 autem
2958 2368 3010 2422 in
3052 2368 3225 2437 ipsum
3254 2366 3480 2423 incides.
3522 2367 3634 2421 Fa-

2046 2458 2243 2515 ciebent
2267 2470 2435 2513 autem
2454 2461 2552 2514 vim
2580 2460 2676 2514 Lat
2706 2462 2870 2515 valde.
2894 2460 3028 2516 Vide
3048 2461 3247 2530 justum
3280 2461 3429 2516 illum
3457 2476 3631 2530 quan.

2049 2558 2156 2604 tam
2182 2550 2547 2604 fortitudinem
2580 2550 2852 2617 declarat,
2887 2561 2942 2605 et
2994 2560 3152 2605 tantze
3178 2551 3501 2605 multitudini
3531 2566 3630 2619 ap-

2047 2654 2248 2711 ponere
2278 2655 2336 2696 se
2382 2649 2565 2697 tentat.
2602 2640 2668 2694 Et
2707 2642 3264 2711 appropinquavenml,
3313 2641 3519 2711 inquit,
3579 2650 3635 2693 ut

2052 2740 2363 2786 contereth
2380 2732 2619 2802 januam.
2647 2731 2781 2787 Nam
2807 2733 3059 2801 quoniam
3092 2746 3425 2802 egressurus,
3453 2740 3507 2787 et
3536 2730 3631 2786 ho-

2052 2838 2171 2878 rum
2200 2823 2459 2878 insaniam
2482 2824 2782 2894 praevidens
2807 2823 2998 2879 clausit
3025 2831 3143 2893 post
3171 2837 3233 2879 se
3256 2822 3496 2891 januam,
3528 2838 3634 2876 non

2050 2915 2282 2971 ferentes
2327 2915 2474 2984 impii
2514 2924 2569 2972 et
2614 2915 2826 2971 scelesti
2890 2915 2967 2970 illi
3018 2913 3437 2970 admonitionem
3479 2915 3633 2983 justi,

2051 3006 2223 3076 ipsum
2250 3007 2299 3061 vi
2326 3007 2659 3077 premebant,
2698 3005 2987 3076 etjanuam
3031 3012 3312 3061 conterere
3340 3003 3635 3058 molieban-

2052 3106 2157 3153 tur.
2191 3097 2298 3153 Sed
2328 3098 2454 3169 quia
2480 3098 2734 3168 operibus
2760 3098 2892 3153 satis
2916 3097 3279 3153 demonstrata
3310 3094 3482 3151 fuerat
3501 3095 3631 3165 justi

2051 3191 2239 3259 virtus,
2284 3200 2339 3246 et
2376 3190 2709 3261 hospitalitas
2745 3205 2870 3261 erga
2922 3204 3018 3246 eos
3046 3189 3136 3260 qui
3187 3189 3451 3260 peregrini
3478 3199 3631 3259 puta-

2052 3282 2263 3345 bantur,
2290 3297 2389 3338 nec
2432 3298 2537 3338 non
2561 3291 2617 3336 et
2653 3281 2981 3351 conspiratio
3022 3280 3184 3337 totius
3213 3280 3393 3350 pepuli
3431 3280 3483 3335 in
3515 3294 3632 3333 nia-

2052 3371 2181 3439 lum,
2217 3381 2344 3427 tunc
2365 3381 2420 3428 et
2451 3372 2484 3427 ii
2516 3372 2605 3443 qui
2626 3372 2976 3439 advenerant,
3008 3370 3421 3426 manifestarunt
3456 3383 3536 3426 se.
3565 3369 3634 3425 Et

2051 3466 2176 3535 quia
2214 3466 2453 3521 viderant
2486 3465 2687 3535 justum
2715 3479 2875 3521 omne
2901 3462 3139 3520 officium
3162 3479 3315 3521 suum
3345 3463 3593 3533 implesse
3616 3502 3631 3527 ,

2051 3573 2203 3615 suam
2232 3558 2570 3614 declarantes
2619 3558 2930 3628 potentiam,
2953 3557 3225 3629 suppetias
3248 3555 3424 3611 ferunt
3447 3555 3595 3625 justo
3616 3593 3634 3620 ,

2051 3650 2137 3707 cui
2170 3649 2251 3704 vis
2282 3648 2444 3704 ebat
2470 3648 2539 3703 ab
2571 3648 2783 3704 illorum
2833 3647 3057 3703 insania.
3091 3646 3177 3702 10.
3213 3644 3414 3714 Itaque,
3442 3645 3635 3715 inquit,

2051 3742 2143 3796 viri
2170 3741 2401 3795 manibus
2425 3742 2635 3796 extentis
2677 3749 2990 3796 attraxerant
3018 3739 3115 3794 Lat
3138 3740 3208 3793 ad
3226 3756 3281 3794 se
3308 3740 3360 3794 in
3385 3739 3589 3794 domum
3618 3780 3634 3805 ,

2051 3841 2098 3885 et
2113 3831 2334 3901 januam
2360 3830 2542 3885 damus
2571 3831 2859 3884 clauserunt
2879 3848 2900 3895 ;
2932 3832 3019 3885 .
3050 3830 3181 3885 viras
3200 3839 3369 3884 autem
3389 3830 3475 3901 qui
3498 3840 3641 3884 erant

2052 3922 2192 3992 apud
2217 3921 2436 3991 jonuam
2482 3929 2831 3991 percusserunt
2874 3920 3100 3975 cwcitate
3202 3935 3357 3991 parva
3382 3936 3536 3990 usque
3572 3920 3641 3973 ad

2053 4030 2315 4085 magnum,
2340 4023 2389 4069 et
2412 4014 2644 4069 dissoluti
2660 4023 2778 4068 sunt
2794 4023 3071 4084 qua'rentrs
3090 4014 3328 4084 ianuam.
3356 4013 3515 4069 Vides
3534 4029 3641 4083 quo

2054 4115 2213 4176 pacto
2248 4105 2426 4176 justus
2467 4104 2561 4162 ille
2589 4105 2769 4159 statim
2801 4106 3180 4175 hospitalitatis
3218 4106 3412 4175 accipit
3438 4121 3645 4160 merce-

2052 4197 2217 4263 dem,
2252 4205 2315 4253 et
2556 4195 2637 4253 illi
2676 4196 2835 4267 digna
2888 4196 3191 4267 plectuntur
3250 4196 3453 4267 paena?
3496 4196 3637 4252 Dicit

2053 4287 2198 4344 enim
2230 4305 2242 4341 :
2274 4288 2599 4343 Attraxeruut
2624 4286 2723 4342 Lat
2747 4289 2800 4341 in
2826 4287 3057 4355 domum,
3108 4298 3155 4341 et
3198 4288 3407 4354 ianuam
3434 4288 3633 4341 clause.

2053 4389 2210 4445 runt;
2233 4382 2367 4434 viros
2391 4390 2559 4433 autem
2606 4389 2959 4450 percusserunt
2988 4379 3213 4433 cantitata
3311 4394 3463 4449 parvo
3483 4394 3641 4453 usque

2054 4472 2123 4533 ad
2143 4488 2404 4549 magnum,
2435 4481 2486 4531 et
2512 4470 2751 4531 dissoluti
2790 4486 2907 4530 sunt
2927 4484 3206 4545 quaerentes
3226 4476 3468 4546 januam.
3498 4474 3640 4544 Quo-

2055 4570 2197 4626 niam
2223 4569 2421 4624 mentis
2451 4582 2637 4623 eorum
2681 4567 2871 4622 oculus
2910 4574 3212 4622 excaecatus
3260 4572 3397 4631 erat,
3428 4576 3647 4637 propter

2057 4664 2161 4720 hoc
2185 4672 2238 4719 et
2257 4662 2369 4717 visu
2400 4663 2586 4733 privati
2613 4668 2737 4715 sunt
2764 4677 2777 4712 :
2802 4668 2857 4714 ut
2879 4659 3085 4728 discant
3105 4658 3233 4714 nihil
3264 4659 3362 4714 sibi
3391 4658 3646 4730 prodesse

2054 4754 2362 4827 corporales
2389 4753 2574 4809 oculos
2598 4793 2614 4819 ,
2646 4752 2690 4806 si
2716 4748 2858 4806 oculi
2910 4751 3106 4806 mentis
3148 4750 3345 4805 fuerint
3369 4750 3642 4805 excacati.

2058 4848 2125 4903 Et
2145 4847 2268 4916 quia
2294 4844 2741 4913 conspiraverant
2779 4843 2833 4897 in
2868 4842 3089 4909 malitia,
3121 4850 3179 4897 et
3223 4856 3252 4894 a
3283 4841 3425 4896 malo
3451 4847 3644 4893 conatu

2058 4954 2233 5009 neque
2254 4953 2410 4992 senes
2433 4951 2604 5005 neque
2634 4934 2861 5005 juvenes
2903 4933 3263 4997 abstinebant,
3304 4930 3429 4984 ideo
3455 4943 3646 4983 omnes

2056 5030 2307 5087 cxczecati
2337 5038 2460 5082 sunt
2491 5037 2582 5081 :et
2608 5040 2713 5081 non
2740 5024 2911 5080 solum
2942 5023 3215 5086 excmcati,
3247 5020 3339 5076 sed
3371 5029 3426 5073 et
3446 5019 3647 5073 viribus

2056 5122 2302 5193 corporis
2338 5119 2575 5175 destituti
2603 5126 2768 5173 sunt:
2801 5113 3230 5185 quandoquidem
3265 5110 3408 5165 enim
3438 5108 3563 5178 poti:
3588 5125 3647 5164 re

2058 5214 2291 5268 hominis
2321 5221 2474 5281 parte
2501 5210 2677 5265 anima
2712 5205 2976 5263 debilitati
3006 5213 3181 5267 erant,
3215 5202 3412 5257 idcirco
3444 5200 3647 5256 viribus

2059 5307 2222 5360 etiam
2268 5302 2513 5371 corporis
2539 5310 2665 5355 sunt
2706 5297 3059 5353 destituti:et
3108 5294 3198 5362 qui
3247 5292 3393 5361 prius
3429 5292 3647 5361 januain

2059 5407 2339 5451 conterere
2393 5392 2699 5449 nitebantur
2736 5386 3095 5455 adhibitisque
3145 5384 3303 5438 minis
3337 5399 3460 5438 cum
3502 5383 3649 5452 justo

2060 5486 2430 5557 loquebantur,
2456 5483 2632 5538 subito
2651 5488 2913 5536 steterunt
2938 5476 3131 5532 luxatis
3152 5474 3427 5542 membris,
3450 5487 3499 5531 et
3525 5485 3651 5531 ante

2061 5580 2246 5636 oculos
2266 5578 2421 5634 sitam
2448 5577 2666 5646 januam
2701 5589 2805 5629 non
2829 5571 3086 5627 videntes.
3114 5570 3265 5625 Tunc
3292 5568 3444 5639 quasi
3476 5571 3650 5639 respi-

2067 5676 2204 5732 ravit
2255 5673 2450 5743 justus.
2498 5669 2686 5723 videns
2744 5666 2935 5739 quales
3000 5663 3239 5734 hospites
3305 5672 3525 5730 essent,
3593 5670 3647 5714 et

2066 5784 2223 5841 quam
2254 5779 2458 5840 magna:
2498 5764 2727 5823 virtutis.
2762 5761 2848 5821 l2.
2892 5758 3103 5817 Etenim
3146 5758 3397 5816 Dixerunt
3438 5760 3505 5814 ad
3534 5767 3649 5814 eum
