4084 6214
263 353 366 411 403

262 469 412 538 πρὸς
450 469 639 526 αὐτὸν
656 473 710 526 οἰ
751 469 982 540 ἄνδρες·
1026 471 1197 526 Ἔστι
1240 473 1330 539 τίς
1365 489 1464 528 σοι
1495 474 1611 529 ὦδε
1647 477 1926 546 γαμϐρὸς,

265 557 303 627 ἢ
325 557 514 627 υἰοί,ἣ
541 559 873 629 θυγατέρες,
907 558 945 628 ἢ
971 559 1028 613 ει
1055 561 1146 626 τίς
1179 577 1278 615 σοι
1303 561 1489 629 ἄλλος
1523 563 1696 618 ἐστὶν
1740 565 1810 617 ἐν
1855 551 1930 635 toﬁ

267 647 438 698 πόλει
457 659 480 706 ;
501 646 642 710 Ὥρα
672 646 788 708 πῶς
808 647 906 716 τῆς
932 643 1232 715 φιλοξενίας
1247 647 1567 719 ἀμείϐονται
1586 649 1679 704 τὸν
1705 649 1930 717 δίκαιον,

267 735 363 787 καὶ
391 733 509 796 πῶς
534 731 682 803 αύτῷ
702 732 1029 803 χαρίσασθαι
1058 733 1336 803 βούλονται
1361 733 1468 788 τῶν
1483 736 1698 789 οἰκείων
1716 737 1932 791 πάντων

267 819 365 888 τὴν
405 819 695 890 σωτηρίαν.
739 819 808 872 Εἴ
853 819 936 882 τίς
961 837 1064 882 σοι,
1106 821 1293 891 φησὶν,
1327 821 1386 874 ἐν
1417 825 1482 893 τῇ
1519 821 1692 887 πόλει,
1720 825 1773 877 εί
1788 839 1932 886 τινος

270 905 486 976 ἀντέχῃ,
517 905 572 958 εί
594 923 714 958 τινα
743 900 890 969 οἶδας
918 905 1074 970 ἐκτὸς
1111 908 1370 976 γεγονότα
1400 907 1500 979 τῆς
1526 908 1729 962 τούτων
1756 927 1933 982 παρα-

269 993 474 1062 νπμίας,
526 992 812 1064 Ἕξάγαγε
847 995 916 1048 ἐκ
960 994 1064 1049 τοῦ
1103 995 1296 1050 τόπου
1345 997 1560 1050 τούτου
1601 999 1694 1051 καί¹
1741 999 1804 1052 ἐκ
1831 1001 1930 1070 τῆς

269 1079 390 1148 γῆς,
416 1080 510 1132 καὶ
533 1080 739 1145 πάντας
760 1079 886 1145 τούς
916 1098 996 1134 σοι
1021 1083 1396 1153 προσήκοντας
1430 1083 1685 1152 ἐξάγαγε.
1734 1085 1933 1138 Ἁπόλ-

265 1171 460 1234 λυμεν
483 1168 592 1236 γὰρ
630 1167 799 1236 ἡμεῖς
827 1167 935 1221 τὸν
954 1169 1140 1223 τόπον
1167 1168 1398 1224 τοῦτον.
1429 1167 1560 1225 Είτα
1588 1172 1681 1226 καὶ
1725 1172 1824 1242 τὴν
1853 1172 1932 1226 αἰ-

263 1255 386 1308 τίαν
421 1254 706 1323 ἐπάγουσι,
757 1255 1096 1320 διδάσκοντες
1144 1257 1235 1310 τὸν
1279 1258 1486 1313 δίκαιον
1520 1258 1739 1313 ἅπαντα
1791 1260 1931 1329 μετὰ

265 1341 568 1412 ἀκριϐείας.
609 1343 735 1395 Ὀτι
763 1341 992 1410 ὑψώθη,
1011 1342 1195 1412 φησὶν,
1221 1345 1259 1412 ἡ
1280 1343 1510 1413 κραυγὴ
1543 1345 1742 1399 αὐτῶν
1755 1346 1931 1398 ἐναν-

265 1429 396 1482 τίον
421 1427 660 1496 Κυρίου,
695 1429 794 1482 καί
831 1430 1190 1485 ἀπέστειλεν
1227 1432 1386 1502 ημᾶς
1417 1433 1632 1501 Κύριος
1653 1433 1928 1502 ἐκτρῖψαι

265 1517 506 1582 αὐτούς.
528 1516 696 1570 Τοῦτο
717 1513 786 1589 ἦν
822 1517 957 1588 ὅπερ
987 1518 1138 1586 ἔλεγε
1166 1518 1246 1590 τῷ
1279 1521 1612 1591 πατριάρχῃ,
1643 1521 1922 1589 ὅτιΚραυ-

264 1603 644 1676 γὴοΣοδόμων
687 1607 786 1661 καὶ
827 1609 1133 1677 Γομόρρας
1181 1609 1594 1677 πεπλήθυνται
1636 1613 1787 1678 πρός
1832 1627 1927 1680 με.

277 1689 536 1760 ’λ’ψώθη,
579 1693 836 1764 (malm-1}
875 1693 1106 1763 κραυγὴ
1152 1693 1353 1748 αὐτῶν
1379 1695 1658 1750 ἐναντίον
1683 1697 1929 1766 Κυρίου.

338 1809 412 1868 ς’.
451 1804 591 1857 Πολὺ
625 1806 724 1875 τῆς
755 1805 1098 1877 παρανομίας
1127 1807 1304 1861 αὐτῶν
1337 1808 1398 1862 16
1431 1809 1688 1879 μέγεθος,
1718 1809 1813 1863 καὶ
1843 1808 1931 1862 διὰ

262 1890 444 1954 τοῦτο,
501 1891 691 1962 ἐπειδὴ
737 1891 955 1955 ἀνίατός
997 1894 1146 1947 ἐστιν
1181 1895 1215 1964 ὴ
1245 1895 1420 1960 νόσος,
1470 1896 1564 1950 καὶ
1609 1895 1669 1948 τὸ
1711 1895 1931 1967 τραῦμα

263 1977 523 2046 οὐδεμίαν
554 1978 846 2048 θεραπείαν
873 1979 1202 2049 ἐπιδέχεται,
1225 1980 1512 2034 ἀπέστειλε
1551 1980 1754 2051 Κύριος
1781 1983 1930 2052 ἡμᾶς

266 2063 522 2136 ἐκτρῖψαι
583 2066 774 2134 αὐτήν.
843 2064 1013 2118 Τοῦτό
1063 2067 1210 2119 ἐστιν
1262 2066 1291 2119 6
1338 2066 1523 2134 ἔλεγεν
1573 2069 1602 2119 6
1665 2069 1932 2138 μακάριος

265 2150 448 2206 Δαυῖδ·
509 2151 564 2205 '0
609 2151 797 2206 ποιῶν
834 2152 973 2218 τοὺς
1017 2152 1312 2222 ἀγγέλους
1360 2153 1548 2208 αὐτοῦ
1597 2156 1926 2223 πνεύματα,

263 2239 365 2290 καί
409 2236 552 2302 τοὺς
615 2236 997 2307 λειτουργοὺς
1053 2238 1242 2292 αὑτοῦ
1318 2238 1508 2306 πυρὸς
1563 2240 1780 2309 φλόγα.
1846 2240 1932 2293 Ἑ-

265 2323 424 2394 πειδὴ
473 2323 762 2394 ἀφανίσαι,
823 2323 976 2394 φησὶ,
1049 2325 1502 2396 παραγεγόναμεν
1564 2327 1740 2379 πᾶσαν
1797 2325 1931 2379 ταύ-

266 2428 368 2482 την
409 2410 507 2482 τὴν
554 2411 861 2481 περίχωρον
904 2409 1014 2479 (διὰ
1065 2411 1175 2482 γὰρ
1213 2411 1313 2482 τὴν
1367 2412 1629 2483 πονηρίαν
1661 2412 1769 2465 τῶν
1793 2415 1930 2466 ἐνοι-

267 2499 506 2553 κιύντων
547 2499 641 2552 καὶ
693 2499 726 2568 ή
775 2498 846 2568 γῆ
897 2499 994 2569 τὴν
1041 2499 1314 2569 τιμωρίαν
1369 2499 1619 2571 δέξεται),
1655 2500 1836 2565 ἔξελθε
1868 2502 1932 2555 σὺ

266 2585 537 2640 ἐντεῦθεν.
589 2583 788 2638 Ταῦτα·
826 2583 1065 2648 ἀκούσας
1111 2587 1140 2638 6
1183 2585 1412 2651 δίκαιος,
1465 2587 1560 2640 καὶ
1613 2587 1800 2657 μαθὼν
1833 2588 1932 2657 τὴν

267 2674 467 2735 αἰτίαν,
510 2671 578 2725 δι’
630 2672 698 2743 ἢν
735 2672 1177 2744 παραγεγόνασιν
1233 2671 1427 2744 ἄνδρες
1464 2673 1564 2743 μὲν
1587 2673 1649 2726 16
1670 2673 1932 2744 φαινόμε-

267 2778 378 2826 νον,
419 2761 636 2829 ἄγγελοι
689 2761 748 2814 δέ
791 2761 1156 2831 τυγχάνοντες
1193 2760 1289 2814 καὶ
1343 2760 1614 2832 ὑπηρέται
1669 2760 1766 2814 τοῦ
1823 2761 1932 2816 τῶν

264 2849 399 2902 ὅλων
433 2848 588 2914 θεοῦ,
631 2849 924 2914 Ἐξελθὼν
949 2849 1217 2916 ἐλάλησε
1262 2849 1413 2917 πρὸς
1455 2849 1598 2916 τοὺς
1637 2849 1934 2920 γαμϐροὺς

266 2935 453 2989 αὑτοῦ
491 2935 632 3001 τοὺς
670 2935 994 3003 εἰληφότας
1035 2937 1142 3000 τὰς
1197 2933 1519 3003 θυγατέρας
1573 2934 1779 2990 αὐτοῦ.
1823 2934 1935 2988 Καὶ

270 3020 378 3091 μὴν
405 3021 518 3074 ἄνω
541 3021 693 3088 ἔλεγε
722 3024 832 3084 τοῖς
861 3021 1196 3091 παρανόμοις
1232 3023 1480 3086 ἐκείνοις,
1511 3022 1594 3074 ὅτι
1613 3020 1764 3092 [444]
1786 3021 1934 3075 Ἰδοὺ

266 3109 380 3161 δύο
401 3108 721 3176 θυγατέρας
752 3107 890 3177 ἔχω,
928 3108 1150 3173 αἵτινες
1201 3110 1312 3162 οὐκ
1364 3107 1640 3178 ἔγνωσαν
1681 3107 1930 3178 ἄνδρας*

266 3193 387 3256 πῶς
417 3189 511 3246 οὖν
540 3195 773 3248 ἐνταῦθά
815 3211 968 3264 φησι,
1011 3193 1166 3262 Πρὸς
1220 3193 1363 3262 τοὺς
1412 3195 1708 3264 γαμϐροὺς
1750 3195 1936 3250 αὐτοῦ

268 3281 412 3347 τοὺς
443 3282 768 3350 εἰληφότας
795 3281 902 3347 τὰς
945 3280 1272 3350 θυγατέρας
1303 3281 1524 3348 αὐτοῦ;
1557 3283 1648 3354 Μὴ
1709 3283 1938 3354 νομίσῃς

269 3367 486 3421 ἐναντία
521 3364 659 3422 εἶναι
697 3367 868 3422 ταῦτα
919 3370 1031 3430 τοῖς
1087 3369 1348 3440 πρότερον
1377 3369 1531 3441 παρὰ
1586 3368 1682 3422 τοῦ
1721 3369 1932 3422 δικαίου

271 3454 533 3526 ῥηθεῖσιν.
572 3455 734 3519 Ἐθος
757 3454 867 3526 γὰρ
900 3454 1060 3508 τοῦτο
1083 3450 1151 3526 ἦν
1182 3457 1294 3516 τοῖς
1324 3455 1574 3518 παλαιοῖς
1605 3456 1712 3526 πρὸ
1741 3455 1935 3508 πολλοῦ

266 3542 363 3594 τοῦ
389 3541 581 3612 χρόνου
611 3541 710 3606 τὰς
736 3543 1030 3612 μνηστείας
1079 3542 1371 3609 ποιεῖσθαι,
1412 3543 1508 3597 καὶ
1537 3542 1795 3606 πολλάκις
1843 3542 1938 3595 καὶ

271 3629 538 3681 συνοικεῖν
559 3630 677 3691 ταῖς
704 3629 1166 3700 μνηστευθείσαις,
1190 3631 1285 3684 καὶ
1306 3632 1423 3700 ἅμα
1447 3633 1560 3694 τοῖς
1584 3629 1800 3698 γονεῦσι
1821 3629 1938 3681 δια-

269 3716 478 3784 τρίϐειν
497 3731 511 3745 ·
538 3715 568 3768 6
599 3715 692 3769 καὶ
709 3715 804 3768 νῦν
827 3719 946 3769 ἐστι
975 3716 1242 3786 πολλαχοῦ
1292 3717 1594 3786 γινόμενον.
1669 3715 1820 3768 Ἐπεὶ
1846 3712 1939 3768 οὖν

270 3805 370 3873 ἤδη
401 3803 471 3855 τὰ
493 3801 593 3871 τῆς
621 3802 914 3874 μνηστείας
938 3803 1202 3870 ἐγεγόνει,
1223 3803 1308 3855 διά
1344 3801 1502 3855 τοῦτο
1536 3803 1630 3853 κα)⁵
1657 3801 1939 3871 γαμϐροὺς

272 3891 470 3952 αότοὺς
497 3887 750 3960 ὀνομάζει
781 3892 873 3942 καί
906 3906 1062 3958 φησι,
1091 3889 1238 3953 Τοὺς
1265 3889 1588 3957 εἰληφότας
1621 3888 1727 3954 τὰς
1757 3893 1936 3957 θυγα-

275 3977 447 4044 τέρας
473 3974 659 4029 αὐτοῦ
681 3978 776 4046 ’τῇ
803 3976 996 4048 γνώμῃ
1030 3975 1138 4046 γὰρ
1166 3975 1261 4028 καὶ
1285 3977 1350 4046 τῇ
1382 3973 1776 4043 συγκαταθέσει
1796 3975 1940 4046 εἰλη-

277 4065 438 4132 φότες
473 4059 633 4134 ἦσαν.
669 4064 779 4116 Καί
803 4078 994 4131 φησιν
1013 4077 1029 4093 ⁸
1073 4061 1419 4128 Ἀνάστητε,
1450 4061 1548 4115 καί
1579 4060 1852 4126 ἐξέλθετε
1871 4063 1940 4116 ἐκ

278 4150 381 4204 tu)
407 4151 594 4204 τόπου
641 4151 875 4214 τούτου,
909 4148 1000 4203 ὅτι
1037 4149 1288 4215 ἐκτρίσει
1325 4149 1540 4217 Κύριος
1581 4146 1698 4226 τῂν
1737 4149 1936 4204 πόλιν.

279 4237 486 4301 Ἔδοξε
528 4236 596 4290 δὲ
627 4236 948 4306 γελοιάζειν
973 4236 1252 4290 ἐναντίον
1280 4234 1399 4288 τῶν
1427 4233 1701 4305 γαμϐρῶν
1729 4234 1936 4290 αὐτοῦ.

279 4324 421 4394 Ὅρα
441 4323 558 4386 πῶς
577 4325 641 4376 ἐκ
664 4323 762 4393 τῆς
785 4323 964 4394 ζύμης
989 4322 1204 4392 ἐκείνης
1218 4317 1358 4392 ἦσαν
1379 4321 1478 4391 τῆς
1507 4322 1749 4391 πονηρᾶς
1769 4313 1936 4374 οὗτοι.

276 4411 385 4464 Καὶ
417 4410 506 4463 διὰ
537 4408 694 4464 τοῦτο
728 4409 1045 4480 βουλόμενος
1072 4411 1101 4462 6
1145 4408 1278 4472 Θεὸς
1319 4408 1532 4478 ταχέως
1576 4407 1939 4480 ἐλευθερῶσαι

276 4499 365 4551 τὸν
395 4498 599 4552 δίκαιον
619 4499 721 4567 τῆς
755 4496 890 4568 πρὸς
916 4497 1156 4560 ἐκείνους
1189 4496 1513 4565 συγγενείας
1532 4536 1547 4562 ,
1579 4497 1642 4548 οὐ
1695 4495 1940 4567 συνεχώ-

280 4602 443 4656 ρησεν
471 4584 592 4638 ούδέ
630 4584 854 4654 μιγῆναι
893 4585 1077 4649 αὐτοῖς
1109 4585 1208 4648 τὰς
1248 4583 1555 4655 θυγατέρας
1580 4583 1674 4636 τοῦ
1707 4583 1938 4650 δικαίου,

277 4674 412 4727 ἀλλὰ
437 4671 830 4744 προανήρπασε
867 4672 1000 4742 μετὰ
1031 4671 1139 4725 τῶν
1170 4671 1424 4742 πονηρῶν
1456 4671 1550 4724 καὶ
1581 4669 1824 4736 τούτους,
1854 4671 1944 4725 ἵνα

277 4757 508 4825 ἐξελθὼν
533 4759 561 4812 6
592 4757 800 4820 δίκαιος
841 4756 984 4828 μετὰ
1024 4757 1134 4810 τῶν
1184 4755 1501 4828 θυγατέρων
1553 4755 1790 4826 διαφύγῃ
1841 4755 1943 4826 τὴν

277 4848 412 4916 πρὸς
437 4847 680 4909 ἐκείνους
709 4844 1048 4915 συγγένειαν.
1089 4843 1444 4909 Ἀκούσαντες
1464 4845 1642 4899 τοίνυν
1670 4845 1819 4914 παρὰ
1845 4843 1942 4898 τοῦ

275 4928 484 4984 δικαίου
499 4928 598 5000 τὴν
618 4926 856 4999 φοϐερὰν
875 4925 1079 4996 ταύτην
1100 4927 1347 4998 ἀπειλὴν,
1370 4928 1652 4998 μονονουχὶ
1669 4927 1943 4997 διεχλεύαο

277 5014 390 5082 ζον,
421 5017 513 5070 καὶ
543 5015 792 5086 ἐνόμιζον
820 5013 1093 5086 ληρῳδίαν
1141 5008 1282 5066 εἶναι
1315 5014 1382 5067 τὰ
1416 5016 1544 5086 παρ’
1593 5014 1757 5068 αὑτοῦ
1788 5015 1942 5084 λεγό-

280 5119 436 5172 μενα.
485 5103 626 5156 Ἀλλ’
645 5103 806 5173 «ὅμως
825 5087 874 5154 ’ὁ
922 5100 1133 5162 δίκαιος
1173 5098 1241 5152 τά
1275 5099 1402 5171 παρ’
1434 5101 1626 5154 ἐαυτοῦ
1682 5102 1942 5172 ἐπλήρου,

277 5190 373 5243 καὶ
397 5190 584 5261 ἐπειδὴ
617 5189 762 5255 ἅπαξ
809 5187 1244 5260 ἐμνηστεύσαντο
1293 5185 1456 5240 αὑτοῦ
1483 5187 1582 5250 τὰς
1616 5187 1941 5258 θυγατέρας,

278 5277 544 5350 ἐϐουλήθη
575 5277 878 5349 ἐξαρπάσαι
909 5276 1106 5338 αὐτοὺς
1139 5274 1238 5344 τῆς
1269 5273 1567 5343 τιμωρίας·
1601 5272 1714 5326 ἀλλ’
1744 5275 1943 5327 ἐκεῖνοι

276 5363 398 5418 οὐδὲ
425 5364 599 5427 οὕτως
630 5364 940 5435 ἠνέσχοντο,
972 5361 1088 5416 ἀλλ’
1121 5361 1386 5432 ἐπέμενον
1414 5359 1492 5430 τῷ
1519 5359 1703 5430 οἰκείῳ
1731 5360 1939 5432 τρόπῳ,

281 5451 372 5503 καὶ⁸
396 5450 694 5522 ἐμάνθανον
719 5451 906 5503 λοιπὸν
942 5449 1009 5502 δι’
1035 5449 1214 5503 αὐτῶν
1251 5448 1360 5502 τῶν
1389 5446 1585 5516 ἔργων,
1619 5447 1694 5510 ὡς
1713 5448 1774 5500 ού
1805 5464 1870 5500 συ
1879 5466 1946 5519 μ-

282 5539 553 5606 φερόντως
598 5540 780 5600 αὐτοῖς
822 5536 916 5590 τοῦ
959 5536 1169 5590 δικαίου
1227 5536 1328 5606 τὴν
1366 5531 1675 5603 συμϐουλὴν
1701 5533 1947 5604 ἀπεπέμ-

281 5621 467 5690 ψαντο.
501 5623 711 5677 ἰινίκα
737 5623 824 5686 δὲ,
855 5625 1040 5693 φησὶν,
1065 5622 1272 5692 ὄρθρος
1287 5621 1544 5690 ἐγένετο,
1569 5618 1947 5673 ἐπεσπούδα-

285 5706 382 5766 Cor
409 5711 466 5763 οἰ
501 5707 738 5777 ἄγγελοι
777 5708 886 5763 τὸν
910 5709 1058 5774 Λὼτ,
1098 5708 1406 5776 λέγοντεςο
1459 5704 1752 5770 Ἀναστὰς
1799 5704 1949 5760 λάϐε

287 5793 399 5857 τὴν
418 5793 679 5863 γυναῖκά·
697 5808 833 5858 σου,
864 5794 965 5849 καί
988 5795 1095 5862 τὰς
1121 5794 1231 5849 δύο
1262 5791 1609 5863 θυγατέρας,
1659 5790 1732 5856 ἀς
1762 5790 1942 5859 ἔχεις,

290 5879 387 5931 καὶ
408 5881 634 5944 ἔξελθε,
660 5880 761 5934 ἵνα
783 5880 869 5950 μὴ
899 5880 998 5934 καί
1029 5880 1111 5935 σὺ
1148 5881 1469 5946 συναπόλῃ
1508 5876 1638 5941 ταῖς
1668 5877 1943 5946 ἀνομίαις

291 5963 397 6034 τῆς
425 5966 668 6034 πόλεως.
704 5968 807 6024 Καὶ
833 5965 1270 6036 ἐταράχθησαν.
1296 5964 1387 6035 Μὴ
1419 5964 1578 6036 μέλλε
1598 6002 1612 6031 ,
1653 5963 1821 6036 φησί’
1859 5964 1944 6020 δεῖ

1378 355 1446 413 ΙΝ
1479 358 1632 417 CAP.
1675 359 1795 416 XIX
1823 359 2069 420 GENES.
2113 361 2346 422 EOHIL.
2390 365 2571 424 XLIII.

3590 369 3693 425 ιω

2033 478 2143 550 γάρ
2178 481 2278 552 ἢδη
2310 481 2403 535 τὸν
2427 483 2648 554 ὄλεθρον
2667 483 2874 548 τούτοις
2899 483 3206 554 ἐπιστῆναι.
3246 481 3448 536 Σαυτὸν
3477 477 3568 536 οὗ»
3602 482 3695 536 καὶ

2030 558 2129 628 τὴν
2144 562 2379 626 γυναῖκά
2409 577 2501 613 σου
2523 563 2616 615 καὶ
2645 562 2744 624 τὰς
2767 561 2861 614 δύο
2880 561 3182 632 θυγατέρας
3208 561 3496 624 διάρωσον.
3525 559 3703 612 Ἐκεῖ·-

2029 653 2109 690 νοι
2133 637 2242 708 γάρ
2275 641 2324 692 οἱ
2360 638 2434 710 μὴ
2463 639 2788 711 θελήσαντες
2826 639 3109 709 πεισθῆναί
3135 657 3228 692 σου
3254 642 3320 710 τῇ
3348 637 3696 708 παραινέσει,

2028 716 2128 768 οιίκ
2151 719 2231 780 εἰς
2257 718 2474 788 μακρὰν
2501 720 2599 789 τῆς
2629 719 2900 781 ἀπωλείας
2922 719 3304 788 κοινωνήσουσι
3333 721 3445 780 τοῖς
3468 717 3674 780 λοιποῖς

2029 792 2120 863 Μὴ
2149 795 2326 847 τοίνυν
2357 797 2536 866 μέλλε,
2579 797 2664 849 ἵνα
2696 796 2771 867 μὴ
2820 796 2913 849 καὶ
2965 795 3128 858 αὐτὸς
3184 799 3248 866 τῇ
3300 794 3546 866 ἀπωλείᾳ
3588 793 3700 848 τῶν

2031 873 2361 942 παρανόμων
2414 873 2615 927 τούτων
2687 874 3038 945 κοινωνήσῃς.
3121 873 3228 928 Καὶ
3284 871 3701 940 ἐταράχθησαν

2028 950 2201 1006 ταῦτα
2235 952 2566 1016 ἀκούσαντες
2589 953 2638 1006 οί
2666 952 2794 1022 περὶ
2824 953 2916 1004 τὸν
2948 949 3070 1005 Λὼτ
3100 952 3191 1005 καὶ
3215 951 3315 1024 τὴν
3344 953 3576 1018 γυναῖκα
3605 955 3701 1005 καὶ

2029 1029 2130 1093 τὰς
2187 1029 2491 1102 θυγατέρας
2516 1047 2531 1063 ’
2579 1030 3032 1098 Ἐταράχθησαν
3055 1070 3070 1091 ,
3120 1030 3285 1101 φησὶ,
3340 1027 3484 1083 τοῦτ’
3530 1029 3698 1094 ἐστιν,

2030 1108 2258 1178 ἔμφοϐοι
2290 1109 2597 1179 γεγόνασιν,
2625 1112 2704 1173 είς
2729 1109 2930 1179 πολλὴν
2956 1107 3154 1164 δειλίαν
3175 1109 3537 1179 κατέστησαν,
3553 1111 3701 1178 ὴγω-

2030 1188 2220 1242 νίασαν
2241 1189 2340 1259 τὴν
2362 1188 2608 1261 ἀπειλήν.
2640 1189 2733 1242 Διὸ
2758 1188 3044 1258 κηδόμενοι
3075 1187 3170 1240 τοῦ
3203 1187 3414 1242 δικαίου
3440 1189 3503 1240 Ol
3526 1187 3700 1256 ἀγγε-

2029 1272 2125 1321 λοι
2155 1266 2518 1336 ἐκράτησαν,
2551 1268 2703 1336 φησί,
2735 1265 2844 1334 τῆς
2876 1266 3074 1335 χειρὸς
3097 1265 3306 1320 αὐτοῦ.
3338 1266 3453 1318 Ούκ
3485 1264 3565 1318 ἐτι
3592 1265 3704 1318 λοι-

2032 1345 2135 1400 πδν
2159 1349 2234 1412 ὡς
2263 1349 2390 1419 περ)⁸
2421 1349 2631 1420 ἀνδρῶν
2679 1348 2988 1416 διαλέγεται
3027 1351 3060 1419 ή
3110 1347 3324 1419 Γραφὴ,
3369 1345 3483 1400 ἀλλ’
3513 1348 3702 1416 ἐπειδὴ

2033 1425 2316 1496 μέλλουσιν
2341 1427 2571 1495 ἐπάγειν
2609 1427 2708 1498 τὴν
2736 1426 3029 1497 τιμωρίαν,
3067 1426 3333 1494 ἀγγέλους
3358 1426 3555 1488 αὐτοὺς
3590 1425 3709 1481 ὅνο-

2034 1502 2194 1573 μάζει
2217 1504 2312 1557 καί
2335 1521 2500 1574 φησιν
2522 1521 2536 1534 ο
2577 1503 2952 1572 Ἐκράτησαν
2978 1501 3089 1571 τῆς
3135 1501 3334 1572 χειρὸς
3361 1501 3568 1567 αὐτοῦ,
3601 1502 3702 1555 καί

2029 1581 2139 1649 τῆς
2167 1583 2366 1651 χειρὸς
2398 1581 2507 1650 τῆς
2527 1583 2811 1651 γυναικὸς
2837 1581 3044 1646 αὐτοῦ,
3076 1582 3174 1634 καί
3203 1580 3323 1634 τῶν
3345 1578 3558 1648 χειρῶν
3585 1577 3704 1632 τῶν

2030 1659 2368 1728 θυγατέρων
2411 1658 2620 1722 αὑτοῦ,
2675 1659 2744 1712 ἐν
2773 1659 2852 1724 τῷ
2880 1659 3208 1728 φείσασθαι
3243 1657 3430 1712 αὐτοῦ
3461 1657 3701 1726 Κύριον.

2032 1735 2454 1807 Παρεθάρρυναν
2476 1737 2670 1799 αὐτοὺς
2685 1736 2772 1788 διὰ
2801 1737 2897 1805 τῆς
2919 1736 3063 1805 ἁφῆς
3085 1737 3184 1806 τῆς
3205 1735 3411 1807 χειρὸς,
3443 1735 3539 1788 καὶ
3554 1732 3704 1787 ἐνεύ-

2032 1830 2210 1882 ρωσαν
2259 1815 2436 1867 αὐτῶν
2476 1817 2573 1884 τὴν
2601 1814 2932 1884 προθυμίαν,
2983 1814 3070 1866 ἵνα
3121 1814 3196 1885 μὴ
3231 1817 3259 1868 6
3295 1813 3456 1882 φόϐος
3477 1812 3703 1884 διαλύσῃ

2029 1891 2206 1944 αὐτῶν
2239 1891 2335 1961 τὴν
2375 1890 2526 1960 ίσχύν
2547 1909 2559 1920 ·
2592 1891 2681 1943 διὰ
2716 1893 2876 1944 τοῦτο
2903 1891 3206 1960 ἐπήγαγεν,
3258 1892 3361 1945 Ἐν
3390 1890 3484 1956 τῷ·
3496 1892 3704 1959 φείσα-

2029 1975 2168 2022 σθαι
2197 1969 2384 2023 αὐτοῦ
2409 1971 2648 2036 Κύριον.
2697 1968 2912 2039 Ἐπειδὴ
2941 1968 3072 2039 γὰρ,
3110 1970 3264 2040 φησὶ,
3302 1970 3576 2040 σωτηρίας
3604 1968 3707 2021 αύ-

2028 2047 2119 2099 τὸν
2152 2045 2300 2110 ἄξιον
2329 2045 2540 2117 ἔκρινεν
2570 2051 2598 2100 6
2651 2047 2876 2118 Κύριος,
2929 2047 3018 2100 διά
3050 2047 3208 2101 τοῦτο
3257 2049 3352 2102 καὶ
3398 2050 3445 2101 οἰ
3483 2047 3706 2116 ἄγγελοι

2033 2124 2343 2195 βουλόμενοι
2398 2125 2550 2197 [445]
2587 2127 2855 2196 νευρῶσαι
2903 2125 3084 2180 αὐτῶν
3123 2125 3223 2198 τὴν
3271 2125 3580 2198 προθυμίαν
3605 2126 3707 2196 τῆς

2033 2203 2213 2272 χειρὸς
2235 2201 2416 2256 αὐτῶν
2444 2202 2728 2273 κρατοῦσι,
2762 2204 2871 2257 Καὶ
2897 2204 3298 2273 ἐξαγαγόντες
3323 2203 3548 2269 αὐτοὺς
3589 2203 3708 2266 ἔξω

2031 2276 2208 2332 εἶπαν
2228 2296 2241 2309 ·
2275 2277 2428 2340 Σώζε
2451 2282 2566 2348 τὴν
2607 2281 2868 2335 σεαυτοῦ
2899 2282 3110 2350 ¹ςίινυχήν
3129 2298 3142 2312 ο
3194 2281 3281 2351 μὴ
3339 2280 3707 2350 περιϐλέψῃς

2031 2362 2116 2424 εἰς
2149 2357 2220 2411 τὰ
2242 2358 2454 2424 ὀπίσω,
2479 2359 2565 2428 μὴ
2589 2359 2746 2427 στῆς
2768 2362 2838 2413 ἐν
2856 2360 3019 2429 πάσῃ
3053 2358 3127 2428 τῇ
3158 2359 3485 2428 περιχώρῳ,
3519 2362 3606 2425 εἰς
3639 2357 3707 2412 τὸ

2034 2438 2170 2506 ὅρος
2190 2435 2402 2502 σώζου,
2415 2437 2500 2505 μή
2533 2454 2676 2491 ποτε
2703 2437 3246 2508 συμπαραληφθῇς.
3281 2438 3518 2508 Ἐπειδὴ,
3549 2437 3706 2507 φησὶ,

2031 2515 2216 2567 λοιπὸν
2251 2514 2640 2585 ἀπηλλάξαμέν
2674 2533 2732 2568 σε
2767 2517 2873 2568 τῶν
2902 2517 3236 2587 παρανόμων
3259 2516 3483 2580 τούτων,
3512 2514 3707 2586 μηκέτι

2032 2590 2331 2662 περιϐλέψῃ
2361 2592 2441 2654 εἰς
2477 2593 2545 2644 τὰ
2576 2591 2770 2655 ὀπίσω,
2799 2595 2936 2664 μήτε
2971 2593 3204 2665 θελήσῃς
3233 2594 3359 2646 ἰδεῖν
3391 2594 3462 2646 τά
3496 2593 3710 2655 τούτοις

2033 2670 2446 2742 συμϐησόμενα,
2475 2669 2614 2724 ἀλλὰ
2640 2669 2875 2725 σπεῦσον
2899 2675 2996 2725 καὶ
3020 2670 3236 2742 μακρὰν
3264 2670 3444 2740 γενοῦ,
3484 2671 3569 2723 ίνα
3595 2671 3711 2722 δια-

2033 2751 2224 2817 φυγεῖν
2247 2747 2480 2818 δυνηθῇς
2526 2748 2628 2818 τὴν
2656 2749 3008 2819 ἐπαγομένην
3037 2747 3246 2812 τούτοις
3265 2743 3709 2819 τιμωρίαν.Εἷτα

2032 2825 2282 2889 δεδοικὼς
2315 2826 2344 2878 6
2377 2825 2605 2891 δίκαιος,
2643 2828 2853 2898 μήποτε
2885 2827 2948 2880 ού
3005 2827 3208 2898 δυνηθῇ
3244 2827 3570 2880 καταλαϐεῖν
3617 2825 3710 2878 τὸν

2035 2907 2126 2958 ὑπ’
2164 2904 2344 2959 αὐτῶν
2371 2905 2730 2976 ἀφορισθέντα
2758 2905 2922 2976 τόπον
2945 2944 2960 2968 ,
2993 2905 3088 2976 καὶ
3127 2909 3208 2967 εἰς
3249 2905 3308 2958 16
3328 2905 3455 2976 690;
3483 2905 3709 2974 φθάσαι,

2036 2976 2207 3046 φησί·
2238 2971 2694 3043 ΔέομαιίΚύριε,
2725 2975 2932 3040 ἐπειδὴ
2963 2971 3142 3042 εὗρεν
3175 2977 3208 3027 ό
3232 2971 3375 3040 παῖς
3397 2971 3514 3028 σου
3539 2976 3712 3038 ὲλεος

2034 3053 2312 3107 ἐναντίον
2345 3067 2463 3107 σου
2489 3093 2504 3117 ,
2568 3055 2667 3107 καί
2728 3053 3104 3124 ἐμεγάλυνας
3162 3052 3279 3122 τὴν
3315 3053 3712 3119 δικαιοσύνην

2036 3149 2175 3195 σου,
2201 3132 2234 3185 6
2283 3131 2471 3197 ποιεῖς
2513 3134 2602 3197 εἰς
2635 3131 2740 3200 ἐμὲ
2764 3132 2870 3186 τοῦ
2896 3130 3002 3200 ζῇν
3034 3131 3148 3200 τὴν
3172 3130 3386 3200 ψυχήν
3411 3146 3560 3200 μου·
3595 3129 3712 3198 ἐγὼ

2036 3210 2104 3264 δὲ
2130 3213 2202 3264 οὐ
2234 3209 2572 3278 δυνήσομαι
2601 3209 2965 3278 διασωθῆναι
2991 3212 3079 3276 εἰς
3107 3209 3174 3264 τὸ
3205 3210 3364 3277 ὅρος,
3398 3210 3484 3278 μὴ
3530 3225 3711 3261 κατα-

2038 3290 2196 3357 λάϐῃ
2221 3306 2297 3358 με
2326 3293 2398 3342 τὰ
2427 3287 2603 3352 κακὰ,
2639 3289 2738 3342 καὶ
2765 3288 3065 3343 ἀποθάνω.
3101 3288 3256 3342 Ἰδοὺ
3285 3290 3323 3357 ἠ
3362 3291 3541 3354 πόλις
3559 3288 3710 3354 αὕτη

2037 3369 2216 3442 ἐγγὺς
2245 3368 2350 3422 τοῦ
2377 3367 2743 3437 καταφυγεῖν
2769 3385 2846 3437 με
2891 3368 3030 3434 ἐκεῖ,
3063 3367 3250 3437 μικρὰ
3276 3369 3450 3422 ἐστιν
3485 3381 3510 3406 ι
3530 3383 3544 3396 ·
3590 3367 3717 3419 ἐκεῖ

2037 3449 2407 3515 σωθήσομαι,
2458 3447 2557 3499 καί
2608 3446 2846 3512 ζήσεται
2893 3448 2932 3515 ἠ
2970 3447 3141 3515 ψυχή
3187 3464 3306 3516 μου
3334 3445 3542 3500 ἕνεκεν
3570 3443 3710 3500 σοῦ.

2051 3527 2269 3596 Ἐπειδὴ
2296 3524 2462 3590 ἅπαξ,
2488 3526 2668 3595 φησὶν,
2691 3525 2942 3596 ἐκρίνατε
2964 3525 3061 3596 τὴν
3082 3525 3355 3595 σωτηρίαν
3382 3523 3712 3595 χαρίσασθαί

2043 3622 2153 3675 μοι,
2172 3603 2488 3675 ὑπερϐαίνει
2504 3603 2561 3656 δέ
2587 3620 2689 3673 μου
2705 3605 2804 3674 τὴν
2827 3605 2978 3673 ἰσχὺν
3000 3603 3061 3657 16
3087 3602 3288 3672 φθάσαι
3315 3603 3412 3673 τὴν
3438 3601 3531 3654 τοῦ
3553 3601 3714 3672 ὅρους

2040 3683 2306 3753 κορυφὴν,
2345 3683 2566 3735 πλείονα
2599 3683 2728 3753 περὶ
2753 3683 2853 3752 ἐμὲ
2871 3683 2968 3753 τὴν
3007 3681 3417 3752 φιλανθρωπίαν
3447 3679 3715 3744 ἐπιδείξα-

2042 3765 2157 3827 σθε,
2189 3763 2282 3816 καὶ
2313 3763 2639 3831 κουφότερόν
2674 3779 2762 3831 μοι
2783 3761 2874 3814 τὸν
2890 3762 3136 3832 κάματον
3173 3763 3458 3830 ποιήσατε.
3485 3762 3714 3829 Μήποτε

2040 3837 2134 3892 οὖν
2160 3839 2490 3908 καταληφθῶ
2517 3839 2621 3890 ὑπὸ
2652 3839 2750 3907 τῆς
2770 3838 3118 3907 ἐπαγομένης
3147 3837 3442 3906 τιμωρίας,
3473 3839 3566 3890 καὶ
3597 3851 3713 3889 κοι-

2040 3918 2266 3985 νωνήσω
2293 3916 2391 3984 τῆς
2426 3915 2579 3986 δίκης
2597 3914 2827 3978 τούτοις,
2853 3915 2952 3984 τὴν
2980 3913 3132 3968 πόλιν
3160 3913 3364 3984 ταύτην
3392 3913 3419 3953 ι)
3446 3913 3544 3986 τὴν
3577 3916 3716 3984 πλη-

2045 3999 2157 4050 σίον
2184 3993 2480 4062 ἁφορίσατέ
2513 4010 2624 4063 μοι.
2659 3993 2722 4045 Εἰ
2748 3992 2855 4064 γὰρ
2888 3993 2984 4046 καὶ
3007 3992 3230 4062 εὐτελής
3251 3994 3368 4044 ἐστι
3393 3993 3488 4046 καὶ
3517 3994 3711 4064 μικρὰ,

2043 4075 2158 4129 ἀλλ’
2191 4075 2309 4126 ἐκεῖ
2323 4071 2608 4134 διασωθεὶς
2625 4070 2924 4142 δυνήσομαι
2949 4073 3007 4124 ἐν
3039 4070 3309 4142 ἀσφαλείᾳ
3327 4066 3466 4126 εἶναι
3505 4071 3710 4126 λοιπόν.

2042 4154 2150 4208 Καὶ
2179 4149 2348 4205 εἷπεν
2374 4149 2531 4214 αὐτῷ
2548 4166 2562 4181 ο
2602 4149 2750 4203 Ἰδοὺ
2775 4147 3088 4219 ἐθαύμασα
3117 4166 3233 4203 σου
3263 4149 3330 4202 τὸ
3365 4150 3711 4216 πρόσωπον,

2042 4232 2140 4284 καί
2189 4230 2287 4282 ἐπί
2343 4225 2424 4294 τῷ
2462 4226 2684 4296 ῥήματι
2741 4230 2928 4295 τούτῳ
2951 4267 2966 4294 ,
3027 4227 3133 4281 τοῦ
3173 4227 3260 4296 μὴ
3311 4225 3717 4297 καταστρέψαι

2045 4309 2161 4378 τὴν
2191 4310 2374 4362 πόλιν
2395 4347 2412 4373 ,
2459 4306 2593 4375 περί
2623 4303 2701 4377 ἧς
2747 4307 3082 4375 ὲλάλησας.
3135 4305 3433 4377 Ἐδεξάμην
3467 4322 3561 4359 σου
3613 4309 3716 4378 τὴν

2047 4389 2280 4451 ἱκεσίαν,
2315 4388 2468 4458 φησὶ,
2517 4387 2610 4439 καὶ
2651 4387 2862 4456 ποιήσω
2893 4387 2990 4440 καὶ
3019 4385 3199 4451 τοῦτο,
3247 4386 3342 4439 καὶ
3379 4385 3600 4457 παρέξω
3631 4403 3716 4442 σοι

2043 4469 2104 4522 τὸ
2125 4467 2318 4536 αἰτηθέ
2331 4484 2369 4530 ι,
2396 4469 2490 4520 καὶ
2515 4466 2605 4519 διὰ
2635 4465 2693 4519 οὲ
2719 4467 2814 4520 καὶ
2839 4467 2936 4536 τῆς
2969 4465 3179 4530 πόλεως
3219 4466 3496 4538 φείσομαι.
3521 4469 3712 4522 Σπεῦ-

2045 4564 2162 4600 σον
2184 4543 2318 4608 οὗν,
2348 4546 2445 4598 καί
2479 4546 2775 4599 κατάλαϐε
2800 4545 2908 4598 τὸν
2926 4546 3134 4610 τόπον,
3181 4545 3279 4598 καί
3323 4544 3542 4606 σώζουο
3575 4546 3719 4602 οὐδὲ

2046 4628 2155 4698 γὰρ
2183 4626 2417 4692 ποιήσω
2441 4642 2496 4678 τι
2521 4625 2696 4694 μέχρι
2717 4627 2822 4680 τοῦ
2848 4624 3293 4696 παραγενέσθαι
3323 4642 3397 4680 σε
3418 4625 3545 4680 ἐκεῖ
3570 4634 3612 4680 ο.
3639 4626 3715 4679 UO

2047 4712 2156 4778 γαρ
2182 4707 2504 4776 δυνήσομαι,
2542 4707 2696 4775 φησὶ,
2728 4704 2823 4758 τοῦ
2863 4705 3083 4776 ποιῆσαι
3141 4706 3373 4776 πρᾶγμα
3406 4747 3421 4771 ,
3469 4705 3574 4768 ἐως
3621 4705 3714 4760 τοῦ

2048 4785 2308 4839 εἰσελθεῖν
2342 4802 2402 4837 σε
2438 4786 2573 4838 ἐκεῖ.
2613 4785 2829 4856 Ἐπειδὴ
2871 4785 3106 4857 κήδομαί
3158 4802 3252 4838 σου
3274 4787 3372 4855 τῆς
3419 4785 3714 4854 σωτηρίας,

2048 4865 2305 4936 ἀναμενῶ
2329 4865 2429 4935 τὴν
2481 4867 2596 4918 ἐκεῖ
2626 4882 2720 4918 σου
2764 4865 2969 4935 ἄφιξιν,
3011 4870 3106 4922 καὶ
3141 4868 3264 4920 τότε
3291 4866 3499 4928 τούτοις
3527 4865 3716 4933 ἐπάγω

2049 4946 2148 5016 τὴν
2187 4945 2476 5015 τιμωρίαν.
2530 4945 2594 4997 '0
2636 4944 2807 5012 ἣλιος
2844 4944 3103 5014 ἐξῆλθεν
3149 4946 3246 4998 ἐπὶ
3279 4943 3392 5010 τὴν
3423 4941 3560 5012 γῆν,
3616 4943 3718 4996 καί

2048 5027 2178 5080 Λὼτ
2199 5023 2485 5093 εἰσῆλθεν
2503 5026 2592 5089 εἰς
2614 5024 2838 5094 Σηγώρ.
2869 5025 2942 5077 Πε
2953 5027 3004 5096 ρὶ
3033 5025 3133 5094 τὴν
3159 5023 3251 5076 τοῦ
3273 5022 3422 5092 ήλίου
3453 5021 3717 5093 ἀνατολὴν

2051 5107 2253 5176 ἔφθασε
2275 5106 2374 5176 τὴν
2407 5103 2562 5158 πόλιν
2585 5120 2600 5135 ο
2621 5104 2714 5158 καὶ
2747 5105 2947 5168 εὐθέως
2975 5105 3183 5158 ἐκείνου
3210 5104 3360 5167 ἐντὸς
3389 5102 3488 5172 τῆς
3509 5101 3718 5166 πόλεως

2050 5185 2367 5254 γενομένου,
2402 5179 2548 5237 οῦτοι
2576 5182 2672 5254 τὴν
2703 5184 2973 5254 τιμωρίαν
3022 5182 3284 5252 ἐδέχοντο.
3317 5181 3559 5250 Ἐϐρεξε
3586 5181 3716 5254 γὰρ,

2050 5267 2206 5334 φησι,
2242 5266 2461 5333 Κύριος
2487 5265 2586 5317 ἐπί
2617 5263 2847 5333 Σόδομα
2870 5265 2965 5317 καί
2988 5264 3260 5332 Γόμορρα
3292 5263 3451 5315 θεῖον
3479 5263 3577 5316 καί
3599 5265 3719 5331 πῦρ

2052 5346 2210 5413 παρὰ
2236 5345 2453 5412 Κυρίου
2503 5345 2572 5397 ἐκ
2599 5344 2706 5397 τοῦ
2731 5342 3012 5409 οὐρανοῦ,
3051 5342 3150 5395 καί
3203 5341 3570 5411 κατέστρεψε
3612 5344 3720 5412 τὰς

2052 5428 2264 5492 πόλεις
2285 5426 2503 5491 ταύτας
2532 5426 2630 5479 καί
2652 5422 2861 5479 πᾶσαν
2880 5422 2996 5490 τὴν
3018 5424 3339 5493 περίοικον,
3363 5425 3462 5479 καί
3491 5423 3720 5491 πάντας

2048 5505 2191 5570 τοὺς
2217 5505 2645 5568 κατοικοῦντας
2668 5504 2739 5558 ἐν
2771 5501 2899 5569 ταῖς
2923 5503 3162 5566 πόλεσι,
3192 5504 3290 5557 καί
3315 5503 3438 5559 πᾶν
3469 5504 3720 5558 ἀνατέλ-

2051 5588 2164 5638 λον
2186 5585 2254 5636 ἐκ
2283 5582 2394 5651 τῆς
2411 5581 2522 5652 γῆς
2547 5579 2601 5636 ἀ.
2625 5581 2718 5654 Μὴ
2744 5581 3000 5649 ξενιζέτω
3033 5599 3115 5648 σε,
3151 5584 3403 5656 ἀγαπητὲ
3427 5623 3442 5648 ,
3486 5584 3594 5638 τῶν
3618 5585 3718 5654 ῥη-

2053 5671 2515 5797 μιίρὲἰρὲξὲᾁμικρά
2541 5671 2683 5720 ἐστιν.
2707 5670 2858 5721 Savil.
2888 5668 2924 5725 ἢ
2948 5671 3093 5736 μικρά
3116 5671 3260 5724 ἐστιν.
3285 5672 3506 5734 Quatuor
3523 5683 3637 5722 ms.
3661 5672 3718 5721 οὐ

2116 5791 2151 5834 δ’
2168 5795 2316 5842 Savil.
2345 5794 2426 5841 καὶ
2446 5794 2532 5850 τήν
2557 5810 2608 5842 π.
2630 5809 2673 5842 τ.
2694 5791 2842 5843 Cois].
2867 5793 2954 5842 κᾶν
2970 5793 3055 5852 τήν
3077 5794 3214 5842 πόλιν
3243 5812 3288 5844 τ.

2123 5862 2143 5890 ε
2174 5857 2224 5904 In
2253 5855 2425 5904 Bibliis
2443 5854 2624 5904 Grecis
2646 5855 2830 5917 legitur
2855 5869 2866 5902 :
2913 5854 3232 5917 Σπεῦσον-οὗν
3248 5856 3333 5906 τοῦ
3367 5858 3571 5914 σωθῆναι
3593 5856 3714 5906 έκεῖ-
