4084 6214
331 342 438 400 405

333 458 518 528 μάτων
544 460 578 530 ἠ
618 462 858 534 συνθήκη
879 483 892 496 ·
928 465 1122 536 ἰδίωμα
1143 466 1252 537 γάρ
1277 465 1437 519 τοῦτό
1463 467 1580 518 ἐστι
1609 464 1711 534 τῆς
1749 461 1992 534 Γραφῆςι

332 548 427 600 καὶ
451 547 764 620 ἀδιαφόρως
807 551 949 605 οὑτω
977 553 1236 616 πολλάκις
1267 553 1448 622 τίθησι
1480 553 1548 605 τὰ
1591 554 1814 624 ῥήματα
1833 567 1845 581 ·
1877 550 1906 604 ὃ
1932 550 1997 622 δὴ

330 634 425 687 καὶ
451 635 546 688 νῦν
573 635 722 689 ἐστιν
763 637 909 692 ίδεῖν.
941 639 1174 706 Ἕόρεεε
1195 639 1329 708 γὰρ,
1382 639 1539 710 φησὶ,
1572 639 1786 706 Κύριος
1837 637 1998 691 θεῖον

331 720 430 774 καί
479 722 599 788 πῦρ
627 725 786 791 παρὰ
831 725 1052 792 Κυρίου
1079 726 1147 779 ἐκ
1178 727 1286 781 τοῦ
1335 727 1614 793 οὐρανοῦ,
1645 726 1730 778 ἵνα
1758 726 1887 796 είπῃ
1915 725 1998 778 ὅτι

331 806 536 879 Κύριος
559 809 658 879 τὴν
684 811 953 881 τιμωρίαν
990 812 1257 884 ἐπήγαγε,
1287 813 1382 866 καὶ
1409 813 1471 866 οὐ
1501 813 1659 883 μόνον
1685 812 1786 875 τὰς
1815 811 1999 874 πόλεις

333 893 667 966 κατέστρεψε
690 933 706 962 ,
759 897 853 950 καὶ
904 899 1085 952 πᾶσαν
1128 899 1227 970 τὴν
1272 899 1549 971 περίοικον
1583 940 1598 963 ,
1649 897 1745 952 καὶ
1791 898 2000 962 πάντας

331 980 458 1044 τοὺς
479 982 882 1048 κατοικοῦντας,
910 984 1048 1039 ἀλλά
1083 987 1176 1040 καὶ
1199 987 1268 1042 τὰ
1293 987 1653 1042 ἀνατέλλοντα
1677 989 1742 1040 ἐκ
1765 985 1866 1056 τῆς
1895 988 1999 1056 γῆς·

332 1067 617 1138 ἠφάνισεν.
682 1069 902 1142 Ἐπειδὴ
947 1072 1058 1145 γὰρ
1083 1077 1132 1127 οἱ
1163 1074 1365 1146 ταύτην
1393 1075 1669 1140 οἰκοῦντες
1723 1073 2000 1145 ἄνθρωποι

332 1153 501 1208 πολὺν
523 1156 622 1228 τῆς
650 1157 914 1230 πονηρίας
944 1159 1034 1213 τὸν
1064 1161 1276 1230 καρπὸν
1326 1160 1687 1227 ἐπεδείξαντο,
1733 1160 1824 1214 διὰ
1845 1159 2000 1214 τοῦτο

331 1241 549 1312 καὶτῆς
578 1244 701 1314 γῆς,
728 1246 883 1316 φησὶ,
912 1247 1041 1309 τοὺς
1065 1248 1312 1318 καρποὺς
1339 1248 1646 1318 ἀχρήστους
1671 1249 1998 1319 ἐργάζομαι,

329 1328 416 1383 ῖνα
437 1329 533 1383 καὶ
560 1330 785 1386 ἐκείνων
813 1332 1222 1403 ἀφανισθέντων
1247 1333 1386 1404 αὐτη
1420 1333 1667 1404 διηνεκὲς
1701 1334 2001 1404 ὑπόμνημα

331 1418 480 1492 [416]
503 1420 727 1491 γένηται
747 1425 869 1486 ταῖς
900 1421 1039 1493 μετὰ
1057 1423 1233 1477 ταῦτα
1262 1426 1498 1492 γενεαῖς,
1549 1421 1638 1476 διά
1668 1423 1768 1493 τῆς
1795 1423 2001 1487 οἰκείας

332 1507 610 1577 ἀκαρπίας
636 1509 844 1572 πάντας
861 1509 1111 1564 διδάσκου
1119 1529 1186 1564 σα
1207 1511 1314 1564 τῶν
1332 1511 1727 1581 ἐνοικησάντων
1747 1510 1884 1581 αὐτῇ
1903 1510 2003 1582 τὴν

333 1593 616 1664 πονηρίαν.
644 1591 796 1658 Εἶδες
833 1595 958 1650 ὅσον
1005 1597 1150 1651 ἐστὶν
1203 1598 1392 1668 ἀρετὴ,
1422 1598 1517 1652 καὶ
1545 1597 1666 1651 ὅσον
1689 1595 1875 1662 κακία,
1907 1597 2001 1650 καὶ

333 1677 451 1743 πῶς
477 1681 505 1734 6
536 1680 634 1750 μὲν
656 1680 860 1746 δίκαιος
883 1682 1085 1755 ἐσώθη,
1125 1684 1278 1738 αὐτοὶ
1310 1683 1369 1738 δὲ
1408 1683 1566 1751 ἀξίαν
1601 1683 1702 1756 τὴν
1732 1683 2000 1754 τιμωρίαν

332 1764 522 1820 ἔδοσαν
549 1767 647 1839 τῆς
668 1771 964 1842 πονηρίας;
1001 1772 1111 1825 Καὶ
1140 1770 1330 1842 ὥσπερ
1357 1773 1386 1823 6
1423 1771 1629 1834 δίκαιος
1677 1771 1764 1824 διὰ
1799 1771 1898 1843 τὴν
1924 1773 1999 1824 οξ-

334 1851 490 1907 κείαν
521 1853 724 1926 ἀρετὴν
743 1857 946 1921 καὶτὰς
970 1857 1276 1928 θυγατέρας
1289 1856 1537 1922 διέσωσε,
1556 1857 1771 1928 καὶτῆς
1795 1859 2002 1923 πόλεως

331 1937 548 2010 ἐκείνης
583 1939 680 2012 τὴν
717 1944 1100 2016 καταστροφὴν
1150 1943 1475 1998 διεκώλυσεν
1498 1962 1512 1975 ·
1545 1942 1689 1998 οὑτω
1737 1944 1832 1997 κα)⁸
1858 1937 2003 1999 οὗτοι

331 2025 420 2079 διὰ
450 2024 549 2098 τὴν
586 2027 891 2100 ὑπερϐολὴν
919 2031 1022 2102 τῆς
1045 2031 1254 2096 οἰκείας
1279 2031 1562 2104 πονηρίας,
1585 2032 1646 2085 οὐ
1671 2031 1830 2103 μόνον
1849 2031 2004 2085 αὐτοὶ

331 2110 610 2167 emam
637 2115 738 2168 καὶ
780 2116 1171 2190 διεφθάρησαν,
1221 2119 1358 2174 ἀλλὰ
1383 2120 1479 2174 καὶ
1507 2118 1604 2190 τὴν
1628 2120 1732 2190 γῆν
1757 2119 2003 2191 ἄκαρπον

333 2200 415 2260 είς
443 2199 505 2253 τὸ
535 2200 664 2271 ἑξῆς
684 2202 938 2270 γενέσθαι
963 2205 1403 2277 παρεσκεύασαν.
1435 2206 1544 2260 Καὶ
1585 2206 1922 2275 ἐπέϐλεψεν
1961 2207 2001 2276 ἡ

331 2285 509 2355 γυνὴ,
547 2288 732 2360 φησὶν,
771 2291 858 2357 εις
883 2291 954 2346 τὰ
979 2293 1190 2360 ὀπίσω,
1215 2293 1314 2347 καὶ
1336 2293 1572 2363 ἐγένετο
1596 2293 1798 2362 στήλη
1831 2294 2000 2360 ἁλός.

341 2371 559 2444 Ἐπειδὴ
578 2374 688 2448 γὰρ
715 2376 999 2434 ἀκούσασα
1022 2379 1130 2432 τῶν
1155 2379 1400 2448 ἀγγέλων
1432 2379 1543 2432 τῶν
1571 2379 2003 2449 διαταττομένων

330 2459 408 2531 τῷ
433 2460 648 2534 δικαίῳ,
682 2462 823 2518 ὥστε
859 2467 934 2537 μὴ
963 2465 1252 2537 προσέχειν
1275 2467 1355 2530 είς
1386 2466 1455 2520 τὰ
1488 2467 1683 2530 ὀπίσω,
1706 2465 1842 2518 ἀλλὰ
1864 2466 2004 2535 μετά

332 2547 536 2619 πολλῆς
562 2551 662 2620 τῆς
694 2551 954 2616 ἐπείξεως
979 2553 1079 2622 τὴν
1103 2551 1452 2622 ἀναχώρησιν
1483 2549 1837 2621 ποιήσασθαι,
1870 2566 2004 2620 παρ-

331 2633 532 2702 ήκουσε
554 2634 664 2687 τῶν
694 2635 990 2706 ῥηθέντων,
1022 2638 1117 2690 καὶ
1141 2636 1202 2690 τὸ
1221 2635 1600 2708 παραγγελθὲν
1627 2635 1728 2690 οὐκ
1747 2633 2000 2706 ἐφύλαξε,

331 2718 419 2772 διὰ
442 2719 601 2772 τοῦτο
629 2721 730 2791 τῆς
757 2721 966 2784 οἰκείας
998 2721 1272 2792 ῥᾳθυμίας
1300 2723 1482 2776 δίδωσι
1509 2723 1688 2794 δίκην.

400 2803 468 2870 ζ’.
521 2805 659 2858 Ἀλλ’
688 2807 852 2878 ἡμεῖς
875 2805 1047 2862 ταῦτα
1075 2806 1387 2874 ἀκούοντες,
1425 2809 1626 2882 πολλὴν
1657 2809 1759 2879 τῆς
1796 2808 2003 2874 οἰκείας

332 2891 607 2962 σωτηρίας
623 2893 722 2965 τὴν
744 2893 999 2964 πρόνοιαν
1023 2893 1401 2966 ποιησώμεθα,
1417 2895 1511 2949 καὶ
1533 2897 1632 2967 τῆς
1653 2895 1752 2967 μὲν
1778 2895 2002 2950 ἐκείνων

332 2978 679 3050 παρανομίας
704 2980 965 3051 φύγωμεν
987 2982 1086 3055 τὴν
1120 2983 1352 3054 μίμησιν
1375 2999 1390 3016 ο
1434 2981 1528 3036 τοῦ
1559 2983 1615 3036 δέ
1643 2983 1854 3036 δικαίου
1883 2983 2006 3037 τού-

333 3079 426 3116 του
458 3064 560 3136 τὴν
595 3065 898 3133 φιλοξενίαν
921 3066 1254 3140 ζηλώσωμεν
1291 3070 1387 3122 καὶ
1440 3067 1538 3140 τὴν
1586 3068 1750 3139 ἀλλην
1780 3068 2000 3141 ἀρετὴν,

333 3149 420 3202 ῐνα
454 3151 769 3224 δυνηθῶμεν
797 3155 892 3208 καὶ
934 3154 1033 3226 τὴν
1060 3154 1267 3209 ἄνωθεν
1312 3155 1480 3227 ὀργὴν
1535 3154 2000 3226 ἀποκρούσασθαι.

334 3239 407 3293 Οὐ
440 3239 549 3309 γὰρ
585 3238 751 3302 ἔστιν,
778 3242 878 3295 οὐκ
907 3241 1022 3296 ἔστι
1057 3242 1147 3296 τὸν
1177 3242 1314 3313 μετὰ
1350 3243 1584 3315 σπουδῆς
1643 3243 1848 3315 ταύτην
1877 3261 2006 3314 μετ-

338 3320 503 3386 ιόντα,
531 3322 605 3392 μὴ
637 3323 801 3377 πολὺν
830 3323 1076 3379 ἐντεῦθεν
1105 3326 1430 3396 κομίσασθαι
1455 3326 1548 3380 τὸν
1587 3325 1875 3397 θησαυρόν.
1893 3327 2006 3380 Καὶ

335 3409 443 3482 γὰρ
465 3410 514 3462 οί
544 3409 740 3464 δίκαιοι
765 3404 912 3466 οὗτοι
940 3412 1082 3467 οὑτω
1110 3415 1209 3485 τῆς
1238 3413 1442 3469 ἄνωθεν
1470 3414 1643 3486 ῥοπῆς
1671 3413 2002 3485 ἠξιώθησαν,

335 3495 432 3549 καὶ
459 3498 487 3549 6
523 3498 868 3569 πατριάρχης
893 3501 986 3553 καὶ
1006 3501 1036 3554 6
1063 3500 1208 3565 Λὼτ,
1232 3500 1326 3554 καὶ
1348 3500 1667 3570 ἀνθρώπους
1696 3499 2005 3568 νομίζοντες

339 3581 711 3652 ὑποδέχεσθαι,
749 3585 1168 3657 κατηξιώθησαν
1197 3588 1293 3641 καὶ
1338 3587 1602 3656 ἀγγέλους
1630 3585 2002 3656 ὑποδέχεσθαι,

337 3668 549 3722 καὶτὸν
579 3670 688 3724 τῶν
712 3672 957 3742 ἀγγέλων
989 3674 1287 3746 Δεσπότην.
1313 3675 1531 3739 Ἔξεστι
1579 3675 1672 3728 καὶ
1728 3677 1879 3745 ἡμῖν,
1909 3675 2006 3729 ἐὰν

339 3754 684 3826 βουλώμεθα,
736 3762 831 3815 καὶ
887 3761 983 3816 νῦν
1035 3762 1196 3816 αὐτὸν
1258 3762 1640 3827 ὑποδέξασθαι.
1687 3763 1857 3826 Αὐτὸς
1897 3763 2006 3836 γάρ

337 3846 484 3898 ἐστιν
537 3846 568 3898 6
599 3847 859 3920 εἰρηκὼς,
926 3849 990 3902 ὐ
1017 3849 1340 3918 δεχόμενος
1376 3849 1553 3921 ὑμᾶς,
1609 3849 1712 3921 ἐμὲ
1747 3849 2002 3920 δέχεται.

338 3930 498 3985 Οὕτω
531 3934 710 3988 τοίνυν
741 3937 869 3999 τοὺς
918 3935 1102 4003 ξένους
1155 3938 1568 4010 ὑποδεχώμεθα,
1627 3941 1719 3993 καὶ
1756 3941 1829 4012 μὴ
1871 3941 2006 4011 πρὸς

338 4019 566 4090 τὴντῶν
599 4021 939 4092 φαινομένων
972 4023 1250 4078 εὐτέλειαν
1297 4024 1578 4094 άπίδωμέν
1618 4042 1768 4078 ποτε.
1808 4025 2006 4080 Ἐνίοτε

338 4107 470 4176 γὰρ,
501 4108 550 4160 εἰ
578 4107 801 4180 τοιαύτῃ
826 4107 1022 4182 γνώμῃ
1039 4111 1109 4164 τά
1139 4110 1239 4181 τῆς
1267 4109 1570 4180 φιλοξενίας
1589 4110 2004 4182 ἐπιδειξώμεθα,

340 4194 863 4267 καταξιωθησόμεθα
895 4197 988 4252 καὶ
1015 4201 1177 4270 ἡμεῖς
1207 4199 1482 4262 τοιούτους
1511 4198 1884 4268 ὑποδέχεσθαι,
1911 4201 2004 4254 άν-

339 4279 471 4352 δρας
510 4283 610 4355 μὲν
643 4283 1052 4355 νομιζομένους,
1106 4284 1215 4338 τῶν
1271 4285 1518 4353 ἀγγέλων
1563 4285 1619 4340 δὲ
1673 4285 1772 4356 τὴν
1803 4287 2006 4359 ἀρετὴν

344 4372 626 4442 μετιόντας
645 4391 658 4405 ο
684 4373 843 4445 μόνον
884 4373 961 4445 μὴ
989 4371 1501 4444 περιεργαζιὶψεθα,
1549 4371 1685 4442 μηδὲ
1722 4373 2004 4445 πολυπρα-

340 4458 653 4529 γμονῶμεν,
709 4461 798 4514 ἵνα
825 4461 900 4531 μὴ
945 4461 1333 4532 διαμάρτωμεν
1383 4460 1477 4513 τοῦ
1511 4459 1810 4530 θησαυροῦ.
1854 4461 2006 4516 Ἐπεὶ

341 4545 438 4598 καὶ
461 4546 491 4597 6
522 4544 788 4614 μακάριος
818 4544 1030 4608 Παῦλος
1079 4546 1304 4609 τούτους
1347 4547 1474 4610 τοὺς
1509 4547 1752 4610 δικαίους
1776 4549 2006 4603 αἰνιττό-

347 4646 524 4701 μενος,
552 4630 647 4683 καὶ
681 4630 945 4686 διδάσκων
971 4633 1118 4702 ἡμᾶς
1158 4633 1276 4697 πῶς
1308 4633 1569 4702 ἐπέτυχον
1601 4632 1856 4704 τοιαύτης
1882 4637 2008 4690 ὐπο-

339 4716 521 4788 δοχῆς,
547 4717 715 4789 φησί·
759 4717 875 4786 Τῆς
899 4719 1248 4787 φιλοξενίας
1260 4720 1346 4790 μὴ
1380 4719 1884 4776 ἐπιλανθάνεσθε·
1910 4722 2007 4778 διὰ

342 4806 562 4872 ταύτης
615 4803 724 4874 γὰρ
767 4806 986 4861 ἔλαθόν
1054 4825 1212 4875 τινες
1275 4807 1627 4874 ξενίσαντες
1687 4806 2003 4878 ἀγγέλους.

343 4891 514 4945 Τοῦτο
539 4891 648 4964 γὰρ
674 4893 870 4958 αὐτοὺς
899 4893 1134 4964 μάλιστα
1189 4896 1536 4968 θαυμαστοὺς
1589 4895 1685 4949 καὶ
1738 4897 2006 4967 μεγάλους

343 4976 644 5046 ἀπέδειξεν,
674 4980 758 5033 ὃτι
789 4980 889 5034 οὐκ
916 4979 1116 5045 εἰδότες
1150 4981 1367 5046 αὐτοὺς,
1401 4981 1500 5054 τὴν
1547 4982 1842 5056 θεραπείαν
1908 4984 2006 5035 ἐπ-

344 5061 666 5121 εδείκνυντο.
712 5066 822 5120 Καὶ
855 5068 1015 5140 ἡμεῖς
1051 5068 1230 5122 τοίνυν
1284 5067 1461 5122 πίστει
1494 5069 1588 5122 καὶ
1638 5069 1896 5140 εὐλαϐείᾳ.
1946 5070 2007 5124 τὸ

348 5152 575 5222 πρᾶγμα
603 5151 897 5223 μετίωμεν,
921 5152 1007 5208 ἵνα
1033 5153 1129 5208 καὶ
1164 5153 1256 5209 τοῦ
1295 5153 1572 5225 θησαυροῦ
1610 5154 1885 5224 ἐπιτυχεῖν
1915 5154 2006 5208 δυ-

347 5237 630 5308 νηθῶμεν·
673 5233 734 5296 οὗ
763 5240 969 5310 γένοιτο
1003 5240 1209 5306 πάντας
1255 5242 1402 5312 ἡμᾶς
1429 5239 1735 5296 ἀπολαῦσαι
1758 5281 1774 5306 ,
1823 5241 2006 5313 χάριτι

349 5325 441 5379 καὶ
473 5326 850 5400 φιλανθρωπίᾳ
867 5329 962 5384 τοῦ
993 5326 1199 5400 Κυρίου
1224 5328 1379 5400 ἡμῶν
1414 5327 1588 5400 Ἰησοῦ
1605 5329 1864 5400 Χριστοῦ,
1887 5331 2004 5401 μεθ’

346 5406 408 5466 οὐ
439 5412 517 5484 τῷ
552 5416 727 5486 Πατρὶ
755 5416 791 5488 ἠ
822 5415 977 5481 δόξα,
1007 5415 1126 5488 ἀμα
1157 5416 1235 5488 τῷ
1257 5417 1398 5487 ἀγίῳ
1441 5415 1718 5488 Πνεὺματι
1741 5457 1760 5484 ,
1791 5417 1889 5473 νῦν
1911 5421 2008 5474 καὶ

347 5500 456 5566 ἀεὶ,
487 5501 582 5556 καὶ
610 5505 688 5567 εἰς
713 5505 839 5566 τούς
871 5502 1077 5567 αἰῶνας
1100 5503 1210 5557 τῶν
1230 5503 1460 5558 αἰώνων.
1498 5505 1688 5577 ’Δμήν.

881 5588 1032 5662 [ιι-ι]
1063 5590 1304 5645 omum
1348 5590 1478 5645 MA'.

426 5667 698 5736 Ὠρθρισε
719 5666 790 5722 δὲ
825 5669 1072 5740 Ἀϐραὰμ
1095 5669 1176 5738 τῷ
1196 5671 1347 5740 πρωῒ
1378 5672 1468 5738 εις
1495 5671 1601 5725 τόν
1628 5671 1833 5737 τόπον,
1858 5665 1931 5727 οὗ

728 5739 993 5809 εἱστήκει
1021 5739 1296 5798 ἐναντίον
1330 5740 1438 5797 τοῦ
1472 5741 1640 5796 Θεοῦ.

422 5831 496 5884 α’.
513 5824 576 5879 Ἡ
596 5824 733 5880 κατά
755 5826 854 5900 τῆν
873 5829 1195 5904 Σαμαρεῖτιν
1219 5829 1471 5897 ὑπόθεσις,
1494 5827 1691 5893 ἱκανῶς
1720 5829 1864 5902 ἡμᾶς
1885 5828 2011 5902 χθὲς

1099 352 1154 408 S.
1195 351 1477 414 JOANNIS
1513 345 1998 407 CHRYSOSTOMI
2036 344 2354 403 ARCIIIEP.
2390 344 2936 403 CONSTANTINOP.

3661 340 3767 396 606

2102 461 2303 526 ἐδίδαξε
2328 462 2422 516 καὶ
2457 460 2552 515 τοῦ
2587 461 2856 514 Δεσπότου
2886 459 2985 530 τὴν
3017 455 3222 526 ἄφατον
3256 453 3654 528 μακροθυμίαν,
3672 455 3767 508 καὶ

2098 557 2198 628 τὴν
2236 557 2675 628 ὑπερϐάλλουσαν
2705 557 2833 628 περὶ
2851 554 3022 627 αὐτὴν
3052 553 3401 625 κηδεμονίαν,
3430 555 3524 608 καὶ
3552 551 3769 620 ἐκείνης

2097 653 2196 720 τὴν
2221 651 2656 723 εὐγνωμοσύνην.
2688 651 2868 705 Εἴδετε
2899 649 3014 714 πῶς
3047 649 3191 720 ὕδωρ
3218 647 3474 720 αἰσθητὸν
3506 643 3769 717 ὑδρεύσα-

2102 747 2226 803 σθαι
2261 748 2702 820 παραγενομένη,
2734 748 2797 800 ἐκ
2821 745 2918 816 τῆς
2943 744 3142 815 νοητῆς
3185 743 3368 815 πηγῆς
3397 744 3466 797 τά
3509 742 3630 796 θεῖα
3672 741 3769 795 νά-

2103 859 2248 912 ματα
2273 842 2613 914 ἀρυσαμένη,
2644 841 2817 905 οῦτως
2845 839 3028 894 οἴκαδε
3073 837 3364 909 ἐπανῆλθε,
3392 835 3682 914 πληροῦσα
3706 835 3770 888 τὸ

2101 937 2254 1007 παρὰ
2279 936 2373 992 τοῦ
2399 937 2671 991 Δεσπότου
2698 935 2984 1008 εἰρημένον
3007 953 3021 966 ο
3056 935 3124 989 Τὸ
3149 932 3330 1003 ὕδωρ,
3358 931 3390 986 ὃ
3426 931 3541 1002 ἐγὼ
3571 931 3764 999 δώσω,

2100 1031 2416 1102 γενήσεται
2445 1033 2516 1088 ἐν
2543 1031 2704 1099 αὐτῷ
2730 1032 2892 1102 πηγὴ
2911 1032 3128 1098 ὕδατος
3152 1027 3490 1098 ἁλλομένου
3505 1031 3592 1094 εἰς
3613 1028 3772 1096 («chr

2101 1129 2356 1186 αἰώνιον.
2374 1130 2776 1202 Ἐμφορηθεῖσα
2812 1128 2920 1201 γὰρ
2950 1127 3087 1199 αὐτη
3110 1127 3209 1197 τῆς
3234 1124 3383 1189 θείας
3411 1123 3627 1192 ἐκείνης
3673 1128 3763 1179 καὶ

2103 1223 2479 1295 πνευματικῆς
2501 1224 2705 1296 πηγῆς,
2740 1223 2800 1278 οὐ
2831 1221 3096 1292 κατέσχεν
3116 1220 3248 1274 εἵσω
3272 1219 3342 1273 τά
3374 1217 3612 1289 νάματα,
3650 1214 3766 1269 ἀλλ’

2103 1319 2532 1390 ὑπερϐλὺζουσα,
2560 1320 2636 1385 ώς
2656 1321 2848 1383 εἰπεῖν,
2877 1317 3055 1390 ἐκχέει
3092 1316 3186 1372 καὶ
3212 1316 3293 1380 εἰς
3316 1314 3443 1378 τούς
3483 1313 3581 1384 τὴν
3612 1311 3768 1366 πόλιν

2101 1413 2384 1480 οἰκοῦντας
2409 1415 2509 1486 τῆς
2532 1414 2973 1486 παρασχεθείσης
3005 1413 3144 1483 αὐτῇ
3186 1411 3394 1484 δωρεᾶς
3413 1409 3475 1462 τὸ
3497 1407 3765 1479 χάρισμα,

2102 1509 2198 1565 καὶ
2225 1509 2401 1582 κῆρυξ
2431 1510 2647 1578 ἐγένετο
2665 1509 2858 1582 ἀθρόον
2883 1510 2917 1580 ὴ
2934 1509 3093 1580 γυνὴ,
3116 1510 3148 1579 ἡ
3174 1507 3526 1576 Σαμαρεῖτις,
3553 1505 3588 1575 ἡ
3611 1503 3772 1558 ἀλλό-

2103 1600 2286 1668 φυλος.
2321 1601 2501 1656 Εῐδετε
2548 1601 2671 1655 ὅσον
2720 1601 2837 1654 ἐστὶ
2882 1600 3062 1671 ψυχῆς
3117 1596 3502 1668 εὐγνωμοσύνη
3523 1635 3540 1662 ,
3596 1594 3766 1648 εἴδετε

2101 1691 2374 1745 Δεσπότου
2413 1691 2844 1764 φιλανθρωπίαν,
2903 1691 3050 1755 ὅπως
3075 1689 3287 1754 οὐδενὸς
3319 1687 3581 1759 ὑπερορᾷ,
3630 1684 3767 1740 ἀλλὰ

2103 1775 2203 1831 κᾶν
2231 1779 2290 1831 ἐν
2321 1779 2542 1846 γυναικί
2568 1817 2582 1842 ,
2616 1777 2718 1834 κᾶν
2771 1779 2828 1831 ἐν
2860 1778 3036 1848 πενίᾳ,
3091 1776 3197 1830 κᾶν
3243 1776 3378 1829 ὅπου
3407 1773 3602 1846 δήποτε
3629 1771 3768 1844 εὕρῃ

2101 1863 2530 1937 διεγηγερμένην
2556 1863 2734 1936 ψυχὴν
2759 1865 2852 1918 καὶ
2876 1864 3124 1931 ζέουσαν,
3154 1863 3497 1935 παραχρῆμα
3517 1860 3614 1932 τὴν
3635 1862 3766 1930 παρ’

2103 1951 2298 2005 ἐαυτοῦ
2322 1952 2480 2022 χάριν
2507 1950 2790 2020 ἐπαφίησι.
2811 1949 3197 2021 Μιμησώμεθα
3211 1948 3412 2012 τοίνυν,
3439 1944 3766 2017 παρακαλῶ,

2103 2039 2199 2091 καὶ
2233 2039 2392 2110 ἡμεῖς
2427 2038 2526 2110 τὴν
2553 2039 2784 2106 γυναῖκα
2816 2036 3042 2108 ταύτην,
3073 2037 3169 2091 καὶ
3197 2035 3337 2108 μετὰ
3369 2023 3569 2105 πολλῆς
3600 2050 3769 2104 προσ-

2101 2127 2234 2197 οχῆς
2251 2125 2535 2198 δεχώμεθα
2565 2125 2634 2180 τά
2654 2124 2804 2196 παρὰ
2825 2123 2920 2178 τοῦ
2953 2123 3271 2195 Πνεὺματος
3288 2123 3614 2192 διδάγματα.
3633 2120 3767 2173 Οὐδέ

2102 2214 2210 2286 γὰρ
2248 2213 2492 2286 ἡμέτερά
2513 2215 2629 2266 ἐστι
2652 2211 2720 2267 τὰ
2748 2212 3034 2282 λεγόμενα,
3069 2211 3191 2264 οὐδὲ
3214 2211 3274 2277 ἐξ
3299 2209 3500 2272 οἰκείας
3523 2206 3769 2277 γλώττης

2103 2300 2472 2372 φθεγγόμεθα,
2503 2301 2647 2372 άπερ
2673 2299 2740 2354 ἂν
2777 2300 3040 2372 εἴπωμεν,
3077 2297 3192 2353 ἀλλ’
3221 2297 3288 2351 ἐκ
3314 2297 3412 2368 τῆς
3443 2295 3537 2350 τοῦ
3564 2294 3771 2349 Δεσπό-

2101 2406 2193 2441 του
2221 2387 2631 2459 φιλανθρωπίας
2663 2385 3015 2456 ὁδηγούμενοι
3045 2397 3072 2426 ι
3103 2383 3197 2439 διὰ
3241 2382 3342 2456 τὴν
3372 2383 3642 2452 ὠφέλειαν
3669 2381 3770 2452 τὴν

2103 2474 2375 2544 ὑμετέραν
2408 2474 2504 2528 καὶ
2524 2473 2624 2542 τὴν
2651 2473 2944 2543 οἰκοδομὴν
2970 2472 3071 2543 τῆς
3112 2470 3212 2524 τοῦ
3241 2470 3377 2524 Θεοῦ
3419 2468 3765 2538 Ἐκκλησίας.

2102 2559 2188 2630 Μὴ
2223 2561 2401 2614 τοίνυν
2424 2559 2560 2630 πρὸς
2589 2558 2692 2629 ἐμὲ
2717 2558 2810 2612 τὸν
2837 2558 3066 2626 λέγοντα
3091 2557 3307 2628 ἀπίδῃς,
3336 2556 3608 2626 ἀγαπητὴ
3631 2553 3768 2625 μηδὲ

2103 2647 2240 2719 πρὸς
2270 2645 2368 2716 τὴν
2390 2645 2662 2699 εὐτέλειαν
2689 2645 2790 2717 τὴν
2818 2645 2980 2717 ἐμὴν,
3003 2643 3118 2698 ἀλλ’
3147 2645 3231 2698 ὅτι
3256 2642 3325 2697 τά
3361 2641 3514 2712 παρὰ
3545 2640 3639 2695 τοῦ
3671 2645 3770 2692 Ae-

2105 2735 2303 2788 σπότου
2330 2732 2653 2804 διακομίζω,
2688 2731 2784 2786 καὶ
2811 2732 2948 2804 πρὸς
2976 2731 3070 2786 τὸν
3091 2729 3486 2784 ἀποστείλαντα
3509 2727 3648 2798 ἔχων
3667 2726 3770 2798 τὴν

2101 2821 2339 2876 διάνοιαν
2367 2819 2694 2891 τεταμένην,
2729 2817 2872 2872 οὑτω
2905 2817 3045 2887 μετά
3069 2815 3282 2888 νήψεως
3314 2815 3470 2885 δέχου
3519 2812 3590 2868 τὰ
3617 2811 3771 2882 λεγό·

2106 2923 2263 2978 μενα.
2306 2906 2458 2960 Ἐπεὶ
2487 2906 2581 2960 καὶ
2607 2907 2667 2959 ἐν
2698 2907 2809 2969 τοῖς
2839 2903 3201 2975 ἀνθρωπίνοις
3248 2903 3592 2973 πράγμασιν,
3627 2902 3771 2954 ἐπει·

2100 2994 2196 3048 δᾶν
2223 2994 2253 3047 6
2279 2993 2553 3064 βασιλεὺς,
2582 2994 2611 3046 ὁ
2631 2991 2693 3046 τὺ
2719 2991 2961 3062 διάδημα
2984 2990 3368 3063 περικείμενος
3388 3028 3410 3052 ,
3462 2988 3768 3060 γράμματα

2101 3081 2496 3152 διαπέμψηται,
2522 3082 2551 3135 6
2591 3079 2692 3150 μὲν
2745 3077 3139 3149 ἐπιφερόμενος
3189 3075 3363 3130 ταῦτα
3404 3074 3529 3129 καθ’
3576 3074 3768 3129 ἐαυτὸν

2107 3170 2204 3239 μὲν
2231 3167 2443 3230 οὐδενὸς
2474 3166 2632 3234 λόγου
2656 3164 2804 3232 ἄξιος
2833 3164 3110 3234 τυγχάνει,
3139 3163 3254 3218 ἀλλ’
3281 3161 3502 3234 εὐτελής
3525 3162 3609 3225 τίς
3628 3163 3766 3225 ἐστι,

2103 3255 2198 3308 καὶ
2235 3253 2494 3316 πολλάκις
2521 3251 2642 3306 οὐδὲ
2675 3249 2977 3322 προγόνους
3001 3248 3254 3320 ἀριθμεῖν
3285 3247 3444 3318 ἔχων,
3495 3246 3610 3301 ἀλλ’
3638 3245 3770 3301 ἀνώ-

2102 3357 2271 3410 νυμος
2297 3341 2392 3393 καὶ
2413 3339 2472 3406 ἐξ
2510 3337 2842 3409 ἀνωνύμων·
2885 3335 3000 3390 ἀλλ’
3034 3336 3134 3390 οὐκ
3165 3335 3358 3406 ἐκείνῳ
3409 3334 3770 3405 προσέχουσιν

2103 3429 2151 3480 οί
2176 3426 2346 3481 ταῦτα
2371 3425 2623 3497 δέχεσθαι
2669 3424 2976 3496 μέλλοντες,
3007 3422 3146 3478 ἀλλὰ
3169 3422 3258 3477 διά
3287 3423 3356 3477 τὰ
3384 3422 3478 3476 τοῦ
3508 3421 3770 3494 βασιλέως

2103 3515 2406 3587 γράμματα
2451 3511 2652 3584 πολλὴν
2697 3512 2936 3583 κάκείνῳ
2984 3510 3149 3582 τιμὴν
3191 3509 3546 3582 ἀπονέμουσι,
3581 3509 3674 3563 καὶ
3700 3508 3770 3564 τά

2104 3602 2407 3674 γράμματα
2439 3599 2580 3671 μετά
2614 3598 2811 3653 πολλοῦ
2830 3597 2925 3652 τοῦ
2955 3597 3120 3667 φόϐου
3159 3597 3256 3652 καὶ
3289 3597 3490 3669 πολλῆς
3516 3597 3620 3668 τῆς
3646 3598 3772 3667 ησυ-

2103 3691 2228 3762 χίας
2249 3691 2515 3761 δέχονται.
2552 3689 2615 3743 Εἰ
2648 3688 2826 3742 τοίνυν
2859 3688 3067 3750 ἐκεῖνος
3106 3684 3394 3759 ἀνθρώπου
3435 3685 3772 3756 ἐπαγόμενος

2105 3778 2426 3851 γράμματα,
2453 3777 2544 3832 καὶ
2567 3778 2774 3849 χάρτην
2799 3775 2986 3839 ἁπλῶς
3007 3775 3418 3847 ἐπιφερόμενος,
3435 3771 3589 3846 παρὰ
3608 3774 3772 3826 πᾶσιν

2106 3867 2504 3938 ἐναποδέχεται,
2552 3865 2729 3938 πολλῷ
2783 3864 2982 3936 μᾶλλον
3017 3864 3046 3905 ιι
3076 3864 3235 3934 ὑμεῖς
3265 3863 3332 3917 ἂν
3385 3863 3533 3931 εῖητε
3575 3859 3771 3914 δίκαιοι

2104 3956 2174 4009 τὰ
2203 3955 2355 4026 παρὰ
2382 3953 2475 4008 τοῦ
2494 3953 2811 4024 Πνεύματος
2840 3951 2908 4004 δι’
2935 3949 3094 4020 ἡμῶν
3127 3950 3256 4018 ὑμῖν
3277 3945 3593 4017 πεμφθέντα
3616 3944 3771 4012 λόγια

2109 4042 2247 4114 μετά
2293 4040 2493 4109 πολλῆς
2524 4040 2622 4108 τῆς
2671 4035 2947 4107 προσοχῆς
2983 4032 3364 4103 ὑποδέχεσθαι,
3420 4032 3505 4084 ῖνα
3545 4031 3646 4098 τῆς
3683 4032 3772 4083 εὑ-

2105 4125 2459 4197 γνωμοσύνης
2488 4123 2686 4194 πολλὴν
2711 4120 3014 4191 κομίσησθε
3044 4118 3140 4190 τὴν
3172 4117 3426 4188 ἀμοιϐήν.
3454 4115 3602 4188 [ΗΒ]
3645 4116 3771 4172 Ἐὰν

2105 4214 2214 4282 γάρ
2234 4211 2320 4283 ίδῃ
2348 4212 2377 4262 ό
2405 4209 2514 4262 τῶν
2534 4208 2670 4262 ὅλων
2697 4207 2975 4276 Δεσπότης
2999 4205 3097 4276 τῆς
3128 4204 3304 4274 ψυχῆς
3327 4203 3482 4274 ὑμῶν
3504 4204 3602 4274 τὴν
3632 4219 3770 4276 προ-

2107 4297 2338 4368 θυμίαν,
2381 4295 2474 4350 καὶ
2517 4296 2648 4366 ἡμῖν
2675 4291 3068 4362 δαψιλεστέραν
3105 4289 3331 4362 παρέξει
3371 4289 3470 4362 τὴν
3507 4293 3771 4363 χορηγίαν

2105 4385 2195 4439 διά
2218 4381 2317 4454 τὴν
2339 4381 2628 4452 οἰκοδομὴν
2649 4379 2747 4451 τὴν
2767 4378 3062 4450 ὑμετέραν,
3093 4378 3188 4435 καὶ
3203 4378 3333 4448 ὑμῖν
3364 4378 3583 4433 πλείονα
3601 4379 3774 4450 δωρή.

2109 4489 2258 4526 σεται
2286 4471 2385 4541 τὴν
2417 4467 2631 4522 σύνεσιν
2664 4478 2713 4532 ο,
2739 4466 2882 4519 ὥστε
2923 4463 3160 4520 συνιέναι
3190 4464 3261 4519 τὰ
3287 4464 3575 4536 λεγόμενα.
3605 4465 3771 4535 Δαψι-

2106 4558 2201 4630 λης
2218 4557 2328 4630 γὰρ
2354 4559 2387 4628 ἡ
2416 4554 2513 4609 τοῦ
2559 4553 2878 4625 Πνεύματος
2911 4551 3092 4630 χάρις,
3121 4552 3214 4606 καὶ⁵
3251 4553 3333 4616 είς
3361 4554 3567 4617 πάντας
3593 4555 3773 4623 ἐκχεο-

2109 4628 2244 4716 μένη
2265 4628 2454 4698 οὐδένα
2479 4641 2746 4714 μερισμὸν
2773 4628 3058 4711 ὑπομένει,
3083 4639 3221 4696 ἀλλά
3239 4643 3305 4712 τῇ
3327 4641 3553 4713 διανομῇ
3573 4641 3770 4710 μᾶλλον

2106 4732 2347 4799 αὒξεται,
2381 4731 2474 4785 καὶ
2501 4733 2611 4801 ὅσῳ
2633 4729 2700 4786 ἂν
2726 4727 2942 4792 πλείους
2965 4723 3100 4782 ὦσιν
3120 4731 3171 4783 οἱ
3198 4729 3402 4800 ταύτης
3432 4729 3768 4800 μετέχοντες,

2103 4818 2345 4890 τοσούτῳ
2375 4818 2470 4872 καὶ
2497 4817 2567 4870 τά
2586 4817 2686 4888 τῆς
2714 4815 2935 4887 χάριτος
2967 4817 3059 4871 ἐπὶ
3089 4815 3249 4870 πλέον
3287 4816 3605 4870 ἐκτείνεται.
3634 4815 3772 4886 Φέρε

2105 4899 2218 4968 οὖν,
2243 4906 2292 4958 εί
2319 4904 2483 4968 δοκεῖ,
2517 4904 2609 4957 καὶ
2663 4904 2900 4974 σήμερον
2929 4903 3028 4973 τῆς
3073 4901 3392 4964 ἀκολουθίας
3439 4900 3547 4954 τῶν
3577 4900 3770 4971 πρώην

2105 4993 2237 5062 ἡμῖν
2267 4991 2571 5062 εἰρημένων
2599 4989 3008 5062 ἐπιλαϐώμεθα,
3040 4990 3134 5043 καὶ
3167 4989 3363 5058 ίδωμεν
3393 4988 3526 5041 ὅπου
3557 4987 3648 5042 τὸν
3679 4987 3771 5041 λό-

2105 5096 2200 5148 γον
2243 5077 2647 5150 κατελύσαμεν,
2685 5077 2781 5133 καὶ⁹
2817 5077 2938 5131 ὅθεν
2970 5076 3134 5131 αὐτὸν
3185 5075 3476 5131 ἀναλαϐεῖν
3531 5075 3770 5148 σήμερον

2107 5167 2371 5240 προσῆκε.
2437 5165 2549 5219 Ποῦ
2577 5160 2670 5220 οὖν
2713 5165 2803 5219 τὸν
2848 5165 3004 5233 λόγον
3032 5161 3223 5234 πρώην
3276 5163 3766 5234 προσορμίσαντες.

2104 5253 2248 5308 οὕτω
2267 5254 2368 5325 τῆς
2395 5252 2742 5317 διδασκαλίας
2761 5251 2788 5295 ά
2819 5249 3207 5321 ἐπαυσάμεθα;
3242 5250 3323 5306 Ta
3360 5250 3504 5306 κατά
3524 5250 3615 5304 τὸν
3640 5249 3764 5304 Λὼτ

2169 5411 2194 5472 F
2219 5409 2345 5472 Tres
2364 5421 2476 5458 mss.
2501 5407 2850 5472 φιλανθρωπίας
2867 5405 3167 5472 ὸηχοὺμενοι

2167 5470 2372 5544 {Sevi};
2385 5479 2441 5544 ει
2457 5465 2676 5544 ﬁlim“?
2694 5483 2818 5544 "998-,
2834 5465 3161 5544 ἐπιφέῖάιλεγος
3184 5467 3310 5516 οὕτω
3330 5465 3765 5544 περίδὶεπτίςιοτιο

2108 5535 2269 5607 πο).λῷ
2290 5528 2486 5607 μᾶλλον-ξ
2509 5528 2680 5607 Μοίρι.
2709 5535 2765 5579 et
2803 5530 2888 5578 alii
2912 5528 3240 5592 ἐπιφερόμενος
3269 5528 3404 5592 παρά
3421 5533 3565 5578 πᾶσιν
3598 5528 3768 5579 ἐναποο

2110 5596 2316 5656 δέχεται,
2331 5593 2494 5653 πολλῷ
2517 5593 2710 5654 μᾶλλον.

2173 5657 2196 5685 ε
2223 5655 2322 5702 Sex
2347 5665 2462 5702 mss.
2482 5653 2675 5700 πλείονα
2694 5651 2878 5712 παρέξει
2898 5651 2983 5707 τήν
3002 5649 3204 5699 σύνεσιν.

2174 5714 2201 5753 δ
2223 5714 2376 5763 Savil.
2397 5719 2447 5762 et
2475 5720 2586 5762 octo
2603 5725 2716 5760 mss.
2745 5710 2910 5773 πρῴην
2924 5712 3193 5767 τελέσαντες
3215 5718 3298 5770 τῆς
3319 5711 3634 5767 διδασκαλίας.
3661 5710 3765 5773 M0-

2118 5777 2212 5824 rel.
2239 5777 2403 5837 πρῴην
2423 5772 2838 5837 προσορμίσαντες,
2867 5773 2993 5837 οὕτω
3015 5779 3098 5829 τῆς
3134 5774 3452 5837 διδασκαλίας.
3478 5773 3587 5824 Mox
3611 5772 3760 5826 Savil.

2121 5842 2173 5890 τι
2193 5833 2412 5900 ςυίὶιέιιιε
2433 5833 2545 5886 mss.
2570 5833 2862 5898 ἐμπρησμὸν,
2887 5835 3031 5898 μέχρι,
3047 5837 3215 5886 τούτου
3235 5836 3315 5886 τὸν
3343 5835 3497 5901 λόγον.
