  <div class='ocr_page' id='page_1' title='image "/cluster/home/n/w/nwhite01/storage/ocr_20150623/54/hvd.32044073501926/035.png"; bbox 0 0 4084 6214; ppageno 0'>
   <div class='ocr_carea' id='block_1_1' title="bbox 413 316 522 378">
    <p class='ocr_par' dir='ltr' id='par_1_1' title="bbox 413 316 522 378">
     <span class='ocr_line' id='line_1_1' title="bbox 413 316 522 378; baseline -0.064 0"><span class='ocrx_word' id='word_1_1' title='bbox 413 316 522 378; x_wconf 67' lang='grc'><strong>4617</strong></span> 
     </span>
    </p>
   </div>
   <div class='ocr_carea' id='block_1_2' title="bbox 404 426 1989 498">
    <p class='ocr_par' dir='ltr' id='par_1_2' title="bbox 404 426 1989 498">
     <span class='ocr_line' id='line_1_2' title="bbox 404 426 1989 498; baseline 0.004 -21"><span class='ocrx_word' id='word_1_2' title='bbox 404 427 654 494; x_wconf 78' lang='lat' dir='ltr'><strong>Quonam</strong></span> <span class='ocrx_word' id='word_1_3' title='bbox 709 426 867 498; x_wconf 89' lang='lat' dir='ltr'><strong>igitur</strong></span> <span class='ocrx_word' id='word_1_4' title='bbox 903 443 1069 498; x_wconf 82' lang='lat' dir='ltr'><strong>nuper</strong></span> <span class='ocrx_word' id='word_1_5' title='bbox 1104 429 1424 498; x_wconf 90' lang='lat' dir='ltr'><strong>appulimus,</strong></span> <span class='ocrx_word' id='word_1_6' title='bbox 1455 443 1518 484; x_wconf 90' lang='lat' dir='ltr'><strong>ac</strong></span> <span class='ocrx_word' id='word_1_7' title='bbox 1557 429 1782 486; x_wconf 86' lang='lat' dir='ltr'><strong>docendi</strong></span> <span class='ocrx_word' id='word_1_8' title='bbox 1828 431 1989 484; x_wconf 85' lang='lat' dir='ltr'><strong>linem</strong></span> 
     </span>
    </p>
   </div>
   <div class='ocr_carea' id='block_1_3' title="bbox 407 514 1995 586">
    <p class='ocr_par' dir='ltr' id='par_1_3' title="bbox 407 514 1995 586">
     <span class='ocr_line' id='line_1_3' title="bbox 407 514 1995 586; baseline 0.005 -17"><span class='ocrx_word' id='word_1_9' title='bbox 407 514 677 572; x_wconf 77' lang='lat' dir='ltr'><strong>fecimus?</strong></span> <span class='ocrx_word' id='word_1_10' title='bbox 700 517 775 572; x_wconf 86' lang='lat' dir='ltr'><strong>De</strong></span> <span class='ocrx_word' id='word_1_11' title='bbox 799 517 896 574; x_wconf 88' lang='lat' dir='ltr'><strong>Lot</strong></span> <span class='ocrx_word' id='word_1_12' title='bbox 915 519 1062 575; x_wconf 82' lang='lat' dir='ltr'><strong>vobis</strong></span> <span class='ocrx_word' id='word_1_13' title='bbox 1088 519 1455 586; x_wconf 89' lang='lat' dir='ltr'><strong>narrabamus,</strong></span> <span class='ocrx_word' id='word_1_14' title='bbox 1476 530 1532 578; x_wconf 91' lang='lat' dir='ltr'><strong>et</strong></span> <span class='ocrx_word' id='word_1_15' title='bbox 1555 521 1623 577; x_wconf 90' lang='lat' dir='ltr'><strong>de</strong></span> <span class='ocrx_word' id='word_1_16' title='bbox 1641 521 1995 578; x_wconf 90' lang='lat' dir='ltr'><strong>Sodomorum</strong></span> 
     </span>
    </p>
   </div>
   <div class='ocr_carea' id='block_1_4' title="bbox 404 604 1998 682">
    <p class='ocr_par' dir='ltr' id='par_1_4' title="bbox 404 604 1998 682">
     <span class='ocr_line' id='line_1_4' title="bbox 404 604 1998 682; baseline 0.008 -24"><span class='ocrx_word' id='word_1_17' title='bbox 404 604 678 674; x_wconf 89' lang='lat' dir='ltr'><strong>incendio,</strong></span> <span class='ocrx_word' id='word_1_18' title='bbox 707 607 816 663; x_wconf 92' lang='lat' dir='ltr'><strong>illic</strong></span> <span class='ocrx_word' id='word_1_19' title='bbox 838 623 868 663; x_wconf 88' lang='lat' dir='ltr'><strong>a</strong></span> <span class='ocrx_word' id='word_1_20' title='bbox 892 623 1140 664; x_wconf 76' lang='lat' dir='ltr'><strong>somnone</strong></span> <span class='ocrx_word' id='word_1_21' title='bbox 1166 609 1488 678; x_wconf 86' lang='lat' dir='ltr'><strong>destitimus,</strong></span> <span class='ocrx_word' id='word_1_22' title='bbox 1511 612 1600 668; x_wconf 91' lang='lat' dir='ltr'><strong>ubi</strong></span> <span class='ocrx_word' id='word_1_23' title='bbox 1623 615 1797 682; x_wconf 88' lang='lat' dir='ltr'><strong>justus</strong></span> <span class='ocrx_word' id='word_1_24' title='bbox 1817 613 1870 668; x_wconf 92' lang='lat' dir='ltr'><strong>in</strong></span> <span class='ocrx_word' id='word_1_25' title='bbox 1898 612 1998 670; x_wconf 86' lang='lat' dir='ltr'><strong>Sc-</strong></span> 
     </span>
    </p>
   </div>
   <div class='ocr_carea' id='block_1_5' title="bbox 404 700 1996 777">
    <p class='ocr_par' dir='ltr' id='par_1_5' title="bbox 404 700 1996 777">
     <span class='ocr_line' id='line_1_5' title="bbox 404 700 1996 777; baseline 0.006 -27"><span class='ocrx_word' id='word_1_26' title='bbox 404 710 506 766; x_wconf 79' lang='lat' dir='ltr'><strong>gor</strong></span> <span class='ocrx_word' id='word_1_27' title='bbox 534 708 776 755; x_wconf 88' lang='lat' dir='ltr'><strong>servatus</strong></span> <span class='ocrx_word' id='word_1_28' title='bbox 800 709 903 755; x_wconf 89' lang='lat' dir='ltr'><strong>est.</strong></span> <span class='ocrx_word' id='word_1_29' title='bbox 935 700 1032 756; x_wconf 83' lang='lat' dir='ltr'><strong>Sol</strong></span> <span class='ocrx_word' id='word_1_30' title='bbox 1066 702 1207 757; x_wconf 90' lang='lat' dir='ltr'><strong>enim</strong></span> <span class='ocrx_word' id='word_1_31' title='bbox 1234 719 1463 774; x_wconf 85' lang='lat' dir='ltr'><strong>egressus</strong></span> <span class='ocrx_word' id='word_1_32' title='bbox 1491 715 1565 760; x_wconf 87' lang='lat' dir='ltr'><strong>est</strong></span> <span class='ocrx_word' id='word_1_33' title='bbox 1593 723 1745 777; x_wconf 84' lang='lat' dir='ltr'><strong>super</strong></span> <span class='ocrx_word' id='word_1_34' title='bbox 1771 716 1996 772; x_wconf 87' lang='lat' dir='ltr'><strong>terram;</strong></span> 
     </span>
    </p>
   </div>
   <div class='ocr_carea' id='block_1_6' title="bbox 403 787 1997 862">
    <p class='ocr_par' dir='ltr' id='par_1_6' title="bbox 403 787 1997 862">
     <span class='ocr_line' id='line_1_6' title="bbox 403 787 1997 862; baseline 0.006 -20"><span class='ocrx_word' id='word_1_35' title='bbox 403 796 452 842; x_wconf 82' lang='lat' dir='ltr'><strong>et</strong></span> <span class='ocrx_word' id='word_1_36' title='bbox 482 787 581 842; x_wconf 83' lang='lat' dir='ltr'><strong>Lat</strong></span> <span class='ocrx_word' id='word_1_37' title='bbox 599 790 804 844; x_wconf 78' lang='lat' dir='ltr'><strong>intrarit</strong></span> <span class='ocrx_word' id='word_1_38' title='bbox 826 792 879 845; x_wconf 87' lang='lat' dir='ltr'><strong>in</strong></span> <span class='ocrx_word' id='word_1_39' title='bbox 899 791 1084 862; x_wconf 86' lang='lat' dir='ltr'><strong>Segor,</strong></span> <span class='ocrx_word' id='word_1_40' title='bbox 1113 801 1168 848; x_wconf 89' lang='lat' dir='ltr'><strong>et</strong></span> <span class='ocrx_word' id='word_1_41' title='bbox 1193 802 1318 850; x_wconf 88' lang='lat' dir='ltr'><strong>tunc</strong></span> <span class='ocrx_word' id='word_1_42' title='bbox 1345 795 1421 851; x_wconf 87' lang='lat' dir='ltr'><strong>ira</strong></span> <span class='ocrx_word' id='word_1_43' title='bbox 1445 811 1476 852; x_wconf 87' lang='lat' dir='ltr'><strong>a</strong></span> <span class='ocrx_word' id='word_1_44' title='bbox 1507 797 1619 852; x_wconf 87' lang='lat' dir='ltr'><strong>Deo</strong></span> <span class='ocrx_word' id='word_1_45' title='bbox 1639 797 1873 853; x_wconf 83' lang='lat' dir='ltr'><strong>immissa</strong></span> <span class='ocrx_word' id='word_1_46' title='bbox 1895 797 1997 854; x_wconf 90' lang='lat' dir='ltr'><strong>So-</strong></span> 
     </span>
    </p>
   </div>
   <div class='ocr_carea' id='block_1_7' title="bbox 405 877 2032 962">
    <p class='ocr_par' dir='ltr' id='par_1_7' title="bbox 405 877 2032 962">
     <span class='ocr_line' id='line_1_7' title="bbox 405 877 2032 962; baseline 0.01 -30"><span class='ocrx_word' id='word_1_47' title='bbox 405 877 636 936; x_wconf 79' lang='lat' dir='ltr'><strong>domitas</strong></span> <span class='ocrx_word' id='word_1_48' title='bbox 661 881 1032 951; x_wconf 74' lang='lat' dir='ltr'><strong>apprehendit,</strong></span> <span class='ocrx_word' id='word_1_49' title='bbox 1055 894 1110 941; x_wconf 91' lang='lat' dir='ltr'><strong>et</strong></span> <span class='ocrx_word' id='word_1_50' title='bbox 1127 894 1322 942; x_wconf 90' lang='lat' dir='ltr'><strong>terram</strong></span> <span class='ocrx_word' id='word_1_51' title='bbox 1349 888 1492 944; x_wconf 85' lang='lat' dir='ltr'><strong>illam</strong></span> <span class='ocrx_word' id='word_1_52' title='bbox 1513 889 1765 958; x_wconf 77' lang='lat' dir='ltr'><strong>abolevit,</strong></span> <span class='ocrx_word' id='word_1_53' title='bbox 1782 893 1996 962; x_wconf 83' lang='lat' dir='ltr'><strong>quando</strong></span> <span class='ocrx_word' id='word_1_54' title='bbox 2029 948 2032 949; x_wconf 30' lang='grc' dir='ltr'><em>ν</em></span> 
     </span>
    </p>
   </div>
   <div class='ocr_carea' id='block_1_8' title="bbox 401 971 1998 1048">
    <p class='ocr_par' dir='ltr' id='par_1_8' title="bbox 401 971 1998 1048">
     <span class='ocr_line' id='line_1_8' title="bbox 401 971 1998 1048; baseline 0.008 -22"><span class='ocrx_word' id='word_1_55' title='bbox 401 979 458 1026; x_wconf 87' lang='lat' dir='ltr'><strong>et</strong></span> <span class='ocrx_word' id='word_1_56' title='bbox 489 985 623 1024; x_wconf 77' lang='lat' dir='ltr'><strong>uxor</strong></span> <span class='ocrx_word' id='word_1_57' title='bbox 643 971 773 1042; x_wconf 85' lang='lat' dir='ltr'><strong>justi</strong></span> <span class='ocrx_word' id='word_1_58' title='bbox 799 988 984 1030; x_wconf 87' lang='lat' dir='ltr'><strong>eorum</strong></span> <span class='ocrx_word' id='word_1_59' title='bbox 1013 991 1132 1047; x_wconf 66' lang='lat' dir='ltr'><strong>quae</strong></span> <span class='ocrx_word' id='word_1_60' title='bbox 1156 978 1225 1034; x_wconf 89' lang='lat' dir='ltr'><strong>ab</strong></span> <span class='ocrx_word' id='word_1_61' title='bbox 1248 981 1453 1048; x_wconf 79' lang='lat' dir='ltr'><strong>angelis</strong></span> <span class='ocrx_word' id='word_1_62' title='bbox 1489 980 1628 1038; x_wconf 89' lang='lat' dir='ltr'><strong>dicta</strong></span> <span class='ocrx_word' id='word_1_63' title='bbox 1661 982 1870 1039; x_wconf 83' lang='lat' dir='ltr'><strong>fuerant</strong></span> <span class='ocrx_word' id='word_1_64' title='bbox 1897 985 1998 1038; x_wconf 83' lang='lat' dir='ltr'><strong>im-</strong></span> 
     </span>
    </p>
   </div>
   <div class='ocr_carea' id='block_1_9' title="bbox 403 1067 1996 1133">
    <p class='ocr_par' dir='ltr' id='par_1_9' title="bbox 403 1067 1996 1133">
     <span class='ocr_line' id='line_1_9' title="bbox 403 1067 1996 1133; baseline 0.011 -19"><span class='ocrx_word' id='word_1_65' title='bbox 403 1077 632 1122; x_wconf 89' lang='lat' dir='ltr'><strong>memor.</strong></span> <span class='ocrx_word' id='word_1_66' title='bbox 659 1067 918 1132; x_wconf 80' lang='lat' dir='ltr'><strong>spectavit</strong></span> <span class='ocrx_word' id='word_1_67' title='bbox 941 1077 1252 1133; x_wconf 90' lang='lat' dir='ltr'><strong>retrorsum,</strong></span> <span class='ocrx_word' id='word_1_68' title='bbox 1279 1079 1335 1126; x_wconf 91' lang='lat' dir='ltr'><strong>et</strong></span> <span class='ocrx_word' id='word_1_69' title='bbox 1362 1070 1497 1126; x_wconf 86' lang='lat' dir='ltr'><strong>facta</strong></span> <span class='ocrx_word' id='word_1_70' title='bbox 1525 1081 1607 1128; x_wconf 90' lang='lat' dir='ltr'><strong>est</strong></span> <span class='ocrx_word' id='word_1_71' title='bbox 1633 1073 1883 1129; x_wconf 86' lang='lat' dir='ltr'><strong>columna</strong></span> <span class='ocrx_word' id='word_1_72' title='bbox 1911 1089 1996 1130; x_wconf 81' lang='lat' dir='ltr'><strong>sa-</strong></span> 
     </span>
    </p>
   </div>
   <div class='ocr_carea' id='block_1_10' title="bbox 401 1154 1994 1234">
    <p class='ocr_par' dir='ltr' id='par_1_10' title="bbox 401 1154 1994 1234">
     <span class='ocr_line' id='line_1_10' title="bbox 401 1154 1994 1234; baseline 0.009 -26"><span class='ocrx_word' id='word_1_73' title='bbox 401 1154 485 1218; x_wconf 91' lang='lat' dir='ltr'><strong>lis,</strong></span> <span class='ocrx_word' id='word_1_74' title='bbox 546 1165 860 1226; x_wconf 85' lang='lat' dir='ltr'><strong>perpetuum</strong></span> <span class='ocrx_word' id='word_1_75' title='bbox 921 1162 1304 1218; x_wconf 88' lang='lat' dir='ltr'><strong>monimentum</strong></span> <span class='ocrx_word' id='word_1_76' title='bbox 1353 1167 1738 1234; x_wconf 79' lang='lat' dir='ltr'><strong>posterioribus</strong></span> <span class='ocrx_word' id='word_1_77' title='bbox 1784 1168 1994 1224; x_wconf 73' lang='lat' dir='ltr'><strong>szeculis</strong></span> 
     </span>
    </p>
   </div>
   <div class='ocr_carea' id='block_1_11' title="bbox 399 1249 1993 1327">
    <p class='ocr_par' dir='ltr' id='par_1_11' title="bbox 399 1249 1993 1327">
     <span class='ocr_line' id='line_1_11' title="bbox 399 1249 1993 1327; baseline 0.014 -29"><span class='ocrx_word' id='word_1_78' title='bbox 399 1259 512 1301; x_wconf 75' lang='lat' dir='ltr'><strong>stne</strong></span> <span class='ocrx_word' id='word_1_79' title='bbox 541 1249 875 1320; x_wconf 63' lang='lat' dir='ltr'><strong>negligentiae</strong></span> <span class='ocrx_word' id='word_1_80' title='bbox 914 1254 1176 1322; x_wconf 67' lang='lat' dir='ltr'><strong>praebens.</strong></span> <span class='ocrx_word' id='word_1_81' title='bbox 1206 1255 1397 1324; x_wconf 78' lang='lat' dir='ltr'><strong>Opera:</strong></span> <span class='ocrx_word' id='word_1_82' title='bbox 1437 1260 1663 1327; x_wconf 88' lang='lat' dir='ltr'><strong>pretium</strong></span> <span class='ocrx_word' id='word_1_83' title='bbox 1711 1279 1850 1319; x_wconf 90' lang='lat' dir='ltr'><strong>nunc</strong></span> <span class='ocrx_word' id='word_1_84' title='bbox 1877 1263 1993 1321; x_wconf 87' lang='lat' dir='ltr'><strong>fue-</strong></span> 
     </span>
    </p>
   </div>
   <div class='ocr_carea' id='block_1_12' title="bbox 400 1335 1994 1416">
    <p class='ocr_par' dir='ltr' id='par_1_12' title="bbox 400 1335 1994 1416">
     <span class='ocr_line' id='line_1_12' title="bbox 400 1335 1994 1416; baseline 0.014 -28"><span class='ocrx_word' id='word_1_85' title='bbox 400 1335 471 1389; x_wconf 91' lang='lat' dir='ltr'><strong>rit</strong></span> <span class='ocrx_word' id='word_1_86' title='bbox 511 1336 830 1394; x_wconf 75' lang='lat' dir='ltr'><strong>intermissa:</strong></span> <span class='ocrx_word' id='word_1_87' title='bbox 858 1342 1015 1398; x_wconf 87' lang='lat' dir='ltr'><strong>seriei</strong></span> <span class='ocrx_word' id='word_1_88' title='bbox 1056 1345 1319 1413; x_wconf 84' lang='lat' dir='ltr'><strong>insistere,</strong></span> <span class='ocrx_word' id='word_1_89' title='bbox 1362 1357 1416 1402; x_wconf 86' lang='lat' dir='ltr'><strong>et</strong></span> <span class='ocrx_word' id='word_1_90' title='bbox 1461 1364 1626 1416; x_wconf 88' lang='lat' dir='ltr'><strong>pauca</strong></span> <span class='ocrx_word' id='word_1_91' title='bbox 1670 1361 1866 1407; x_wconf 65' lang='lat' dir='ltr'><strong>vestrae</strong></span> <span class='ocrx_word' id='word_1_92' title='bbox 1905 1369 1994 1410; x_wconf 89' lang='lat' dir='ltr'><strong>ca-</strong></span> 
     </span>
    </p>
   </div>
   <div class='ocr_carea' id='block_1_13' title="bbox 399 1425 1993 1502">
    <p class='ocr_par' dir='ltr' id='par_1_13' title="bbox 399 1425 1993 1502">
     <span class='ocr_line' id='line_1_13' title="bbox 399 1425 1993 1502; baseline 0.014 -24"><span class='ocrx_word' id='word_1_93' title='bbox 399 1425 546 1480; x_wconf 86' lang='lat' dir='ltr'><strong>ritati</strong></span> <span class='ocrx_word' id='word_1_94' title='bbox 577 1427 743 1498; x_wconf 81' lang='lat' dir='ltr'><strong>loqui,</strong></span> <span class='ocrx_word' id='word_1_95' title='bbox 762 1439 833 1483; x_wconf 86' lang='grc' dir='ltr'><strong>⁶ιιι</strong></span> <span class='ocrx_word' id='word_1_96' title='bbox 859 1429 1050 1486; x_wconf 85' lang='lat' dir='ltr'><strong>iterum</strong></span> <span class='ocrx_word' id='word_1_97' title='bbox 1078 1434 1298 1490; x_wconf 84' lang='lat' dir='ltr'><strong>videatis</strong></span> <span class='ocrx_word' id='word_1_98' title='bbox 1326 1439 1600 1495; x_wconf 80' lang='lat' dir='ltr'><strong>caritatem</strong></span> <span class='ocrx_word' id='word_1_99' title='bbox 1629 1449 1682 1496; x_wconf 90' lang='lat' dir='ltr'><strong>et</strong></span> <span class='ocrx_word' id='word_1_100' title='bbox 1706 1445 1993 1502; x_wconf 84' lang='lat' dir='ltr'><strong>commise-</strong></span> 
     </span>
    </p>
   </div>
   <div class='ocr_carea' id='block_1_14' title="bbox 401 1517 1989 1596">
    <p class='ocr_par' dir='ltr' id='par_1_14' title="bbox 401 1517 1989 1596">
     <span class='ocr_line' id='line_1_14' title="bbox 401 1517 1989 1596; baseline 0.016 -26"><span class='ocrx_word' id='word_1_101' title='bbox 401 1517 665 1574; x_wconf 81' lang='lat' dir='ltr'><strong>rationem</strong></span> <span class='ocrx_word' id='word_1_102' title='bbox 696 1524 1027 1591; x_wconf 74' lang='lat' dir='ltr'><strong>patriarchze.</strong></span> <span class='ocrx_word' id='word_1_103' title='bbox 1059 1539 1112 1582; x_wconf 89' lang='lat' dir='ltr'><strong>et</strong></span> <span class='ocrx_word' id='word_1_104' title='bbox 1142 1529 1234 1584; x_wconf 87' lang='lat' dir='ltr'><strong>Dei</strong></span> <span class='ocrx_word' id='word_1_105' title='bbox 1275 1532 1326 1585; x_wconf 93' lang='lat' dir='ltr'><strong>in</strong></span> <span class='ocrx_word' id='word_1_106' title='bbox 1367 1532 1514 1588; x_wconf 91' lang='lat' dir='ltr'><strong>illum</strong></span> <span class='ocrx_word' id='word_1_107' title='bbox 1543 1534 1989 1596; x_wconf 81' lang='lat' dir='ltr'><strong>benevolentiam.</strong></span> 
     </span>
    </p>
   </div>
   <div class='ocr_carea' id='block_1_15' title="bbox 403 1605 1989 1700">
    <p class='ocr_par' dir='ltr' id='par_1_15' title="bbox 403 1605 1989 1700">
     <span class='ocr_line' id='line_1_15' title="bbox 403 1605 1989 1700; baseline 0.016 -39"><span class='ocrx_word' id='word_1_108' title='bbox 403 1605 538 1661; x_wconf 84' lang='lat' dir='ltr'><strong>Nam</strong></span> <span class='ocrx_word' id='word_1_109' title='bbox 571 1609 680 1676; x_wconf 87' lang='lat' dir='ltr'><strong>ubi,</strong></span> <span class='ocrx_word' id='word_1_110' title='bbox 713 1623 833 1665; x_wconf 88' lang='lat' dir='ltr'><strong>orto</strong></span> <span class='ocrx_word' id='word_1_111' title='bbox 859 1619 992 1682; x_wconf 91' lang='lat' dir='ltr'><strong>sole,</strong></span> <span class='ocrx_word' id='word_1_112' title='bbox 1018 1617 1192 1686; x_wconf 87' lang='lat' dir='ltr'><strong>justus</strong></span> <span class='ocrx_word' id='word_1_113' title='bbox 1218 1620 1320 1676; x_wconf 90' lang='lat' dir='ltr'><strong>Lot</strong></span> <span class='ocrx_word' id='word_1_114' title='bbox 1347 1623 1399 1678; x_wconf 91' lang='lat' dir='ltr'><strong>in</strong></span> <span class='ocrx_word' id='word_1_115' title='bbox 1431 1623 1599 1695; x_wconf 89' lang='lat' dir='ltr'><strong>Segor</strong></span> <span class='ocrx_word' id='word_1_116' title='bbox 1622 1639 1863 1685; x_wconf 84' lang='lat' dir='ltr'><strong>servatus</strong></span> <span class='ocrx_word' id='word_1_117' title='bbox 1885 1642 1989 1700; x_wconf 86' lang='lat' dir='ltr'><strong>est,</strong></span> 
     </span>
    </p>
   </div>
   <div class='ocr_carea' id='block_1_16' title="bbox 405 1697 1992 1790">
    <p class='ocr_par' dir='ltr' id='par_1_16' title="bbox 405 1697 1992 1790">
     <span class='ocr_line' id='line_1_16' title="bbox 405 1697 1992 1790; baseline 0.017 -39"><span class='ocrx_word' id='word_1_118' title='bbox 405 1697 494 1766; x_wconf 87' lang='lat' dir='ltr'><strong>qui</strong></span> <span class='ocrx_word' id='word_1_119' title='bbox 520 1710 695 1755; x_wconf 88' lang='lat' dir='ltr'><strong>autem</strong></span> <span class='ocrx_word' id='word_1_120' title='bbox 725 1701 972 1760; x_wconf 80' lang='lat' dir='ltr'><strong>Sodomis</strong></span> <span class='ocrx_word' id='word_1_121' title='bbox 998 1720 1171 1775; x_wconf 89' lang='lat' dir='ltr'><strong>erant,</strong></span> <span class='ocrx_word' id='word_1_122' title='bbox 1199 1727 1408 1779; x_wconf 76' lang='lat' dir='ltr'><strong>pomam</strong></span> <span class='ocrx_word' id='word_1_123' title='bbox 1437 1716 1663 1780; x_wconf 90' lang='lat' dir='ltr'><strong>luerunt,</strong></span> <span class='ocrx_word' id='word_1_124' title='bbox 1692 1697 1992 1790; x_wconf 75' lang='lat' dir='ltr'><strong>patriarcha</strong></span> 
     </span>
    </p>
   </div>
   <div class='ocr_carea' id='block_1_17' title="bbox 308 1790 1993 1883">
    <p class='ocr_par' dir='ltr' id='par_1_17' title="bbox 308 1790 1993 1883">
     <span class='ocr_line' id='line_1_17' title="bbox 308 1790 1993 1883; baseline 0.017 -41"><span class='ocrx_word' id='word_1_125' title='bbox 308 1831 319 1842; x_wconf 91' lang='lat'><strong>.</strong></span> <span class='ocrx_word' id='word_1_126' title='bbox 403 1790 560 1844; x_wconf 85' lang='lat' dir='ltr'><strong>simul</strong></span> <span class='ocrx_word' id='word_1_127' title='bbox 601 1801 656 1847; x_wconf 89' lang='lat' dir='ltr'><strong>et</strong></span> <span class='ocrx_word' id='word_1_128' title='bbox 701 1795 910 1852; x_wconf 89' lang='lat' dir='ltr'><strong>illorum</strong></span> <span class='ocrx_word' id='word_1_129' title='bbox 949 1799 1218 1856; x_wconf 67' lang='lat' dir='ltr'><strong>interitum</strong></span> <span class='ocrx_word' id='word_1_130' title='bbox 1261 1805 1539 1871; x_wconf 62' lang='lat' dir='ltr'><strong>miserans,</strong></span> <span class='ocrx_word' id='word_1_131' title='bbox 1580 1825 1737 1879; x_wconf 89' lang='lat' dir='ltr'><strong>quem</strong></span> <span class='ocrx_word' id='word_1_132' title='bbox 1775 1822 1993 1883; x_wconf 76' lang='lat' dir='ltr'><strong>propter</strong></span> 
     </span>
    </p>
   </div>
   <div class='ocr_carea' id='block_1_18' title="bbox 401 1894 1992 1969">
    <p class='ocr_par' dir='ltr' id='par_1_18' title="bbox 401 1894 1992 1969">
     <span class='ocr_line' id='line_1_18' title="bbox 401 1894 1992 1969; baseline 0.018 -35"><span class='ocrx_word' id='word_1_133' title='bbox 401 1895 558 1936; x_wconf 90' lang='lat' dir='ltr'><strong>suum</strong></span> <span class='ocrx_word' id='word_1_134' title='bbox 592 1896 861 1953; x_wconf 88' lang='lat' dir='ltr'><strong>peccatum</strong></span> <span class='ocrx_word' id='word_1_135' title='bbox 900 1894 1284 1960; x_wconf 78' lang='lat' dir='ltr'><strong>Sustinuerunt,</strong></span> <span class='ocrx_word' id='word_1_136' title='bbox 1321 1907 1374 1952; x_wconf 91' lang='lat' dir='ltr'><strong>et</strong></span> <span class='ocrx_word' id='word_1_137' title='bbox 1396 1899 1466 1955; x_wconf 90' lang='lat' dir='ltr'><strong>de</strong></span> <span class='ocrx_word' id='word_1_138' title='bbox 1483 1900 1629 1969; x_wconf 88' lang='lat' dir='ltr'><strong>justo</strong></span> <span class='ocrx_word' id='word_1_139' title='bbox 1652 1904 1807 1960; x_wconf 88' lang='lat' dir='ltr'><strong>valde</strong></span> <span class='ocrx_word' id='word_1_140' title='bbox 1839 1907 1992 1962; x_wconf 90' lang='lat' dir='ltr'><strong>solli-</strong></span> 
     </span>
    </p>
   </div>
   <div class='ocr_carea' id='block_1_19' title="bbox 399 1973 1986 2060">
    <p class='ocr_par' dir='ltr' id='par_1_19' title="bbox 399 1973 1986 2060">
     <span class='ocr_line' id='line_1_19' title="bbox 399 1973 1986 2060; baseline 0.02 -35"><span class='ocrx_word' id='word_1_141' title='bbox 399 1973 560 2043; x_wconf 75' lang='lat' dir='ltr'><strong>citus,</strong></span> <span class='ocrx_word' id='word_1_142' title='bbox 590 1992 746 2034; x_wconf 88' lang='lat' dir='ltr'><strong>mane</strong></span> <span class='ocrx_word' id='word_1_143' title='bbox 771 1983 992 2038; x_wconf 87' lang='lat' dir='ltr'><strong>veniens</strong></span> <span class='ocrx_word' id='word_1_144' title='bbox 1021 1989 1294 2056; x_wconf 89' lang='lat' dir='ltr'><strong>spectabat</strong></span> <span class='ocrx_word' id='word_1_145' title='bbox 1319 2006 1439 2060; x_wconf 68' lang='lat' dir='ltr'><strong>quae</strong></span> <span class='ocrx_word' id='word_1_146' title='bbox 1478 1994 1547 2048; x_wconf 87' lang='lat' dir='ltr'><strong>ibi</strong></span> <span class='ocrx_word' id='word_1_147' title='bbox 1586 1993 1723 2051; x_wconf 89' lang='lat' dir='ltr'><strong>facta</strong></span> <span class='ocrx_word' id='word_1_148' title='bbox 1753 1997 1986 2057; x_wconf 80' lang='lat' dir='ltr'><strong>fuerant.</strong></span> 
     </span>
    </p>
   </div>
   <div class='ocr_carea' id='block_1_20' title="bbox 400 2065 1988 2151">
    <p class='ocr_par' dir='ltr' id='par_1_20' title="bbox 400 2065 1988 2151">
     <span class='ocr_line' id='line_1_20' title="bbox 400 2065 1988 2151; baseline 0.018 -33"><span class='ocrx_word' id='word_1_149' title='bbox 400 2065 491 2120; x_wconf 85' lang='lat'><strong>27.</strong></span> <span class='ocrx_word' id='word_1_150' title='bbox 524 2067 764 2126; x_wconf 81' lang='lat' dir='ltr'><strong>Diluculo</strong></span> <span class='ocrx_word' id='word_1_151' title='bbox 790 2084 958 2129; x_wconf 89' lang='lat' dir='ltr'><strong>autem</strong></span> <span class='ocrx_word' id='word_1_152' title='bbox 978 2079 1129 2142; x_wconf 81' lang='lat' dir='ltr'><strong>venit,</strong></span> <span class='ocrx_word' id='word_1_153' title='bbox 1155 2080 1343 2151; x_wconf 89' lang='lat' dir='ltr'><strong>inquit,</strong></span> <span class='ocrx_word' id='word_1_154' title='bbox 1371 2082 1628 2140; x_wconf 82' lang='lat' dir='ltr'><strong>Abraham</strong></span> <span class='ocrx_word' id='word_1_155' title='bbox 1651 2105 1800 2144; x_wconf 91' lang='lat' dir='ltr'><strong>ntane</strong></span> <span class='ocrx_word' id='word_1_156' title='bbox 1820 2092 1890 2145; x_wconf 85' lang='lat' dir='ltr'><strong>ad</strong></span> <span class='ocrx_word' id='word_1_157' title='bbox 1909 2092 1988 2146; x_wconf 85' lang='lat' dir='ltr'><strong>lo-</strong></span> 
     </span>
    </p>
   </div>
   <div class='ocr_carea' id='block_1_21' title="bbox 401 2161 1990 2252">
    <p class='ocr_par' dir='ltr' id='par_1_21' title="bbox 401 2161 1990 2252">
     <span class='ocr_line' id='line_1_21' title="bbox 401 2161 1990 2252; baseline 0.02 -44"><span class='ocrx_word' id='word_1_158' title='bbox 401 2173 535 2220; x_wconf 77' lang='lat' dir='ltr'><strong>cum,</strong></span> <span class='ocrx_word' id='word_1_159' title='bbox 560 2161 645 2214; x_wconf 87' lang='lat' dir='ltr'><strong>ubi</strong></span> <span class='ocrx_word' id='word_1_160' title='bbox 677 2173 883 2219; x_wconf 76' lang='lat' dir='ltr'><strong>steterat</strong></span> <span class='ocrx_word' id='word_1_161' title='bbox 908 2184 1079 2222; x_wconf 90' lang='lat' dir='ltr'><strong>coram</strong></span> <span class='ocrx_word' id='word_1_162' title='bbox 1114 2169 1246 2238; x_wconf 89' lang='lat' dir='ltr'><strong>Deo,</strong></span> <span class='ocrx_word' id='word_1_163' title='bbox 1270 2173 1360 2229; x_wconf 89' lang='lat'><strong>28.</strong></span> <span class='ocrx_word' id='word_1_164' title='bbox 1386 2185 1433 2230; x_wconf 88' lang='lat' dir='ltr'><strong>et</strong></span> <span class='ocrx_word' id='word_1_165' title='bbox 1461 2181 1680 2248; x_wconf 75' lang='lat' dir='ltr'><strong>respexit</strong></span> <span class='ocrx_word' id='word_1_166' title='bbox 1713 2182 1766 2235; x_wconf 92' lang='lat' dir='ltr'><strong>in</strong></span> <span class='ocrx_word' id='word_1_167' title='bbox 1807 2183 1990 2252; x_wconf 81' lang='lat' dir='ltr'><strong>facient</strong></span> 
     </span>
    </p>
   </div>
   <div class='ocr_carea' id='block_1_22' title="bbox 403 2251 1990 2346">
    <p class='ocr_par' dir='ltr' id='par_1_22' title="bbox 403 2251 1990 2346">
     <span class='ocr_line' id='line_1_22' title="bbox 403 2251 1990 2346; baseline 0.016 -40"><span class='ocrx_word' id='word_1_168' title='bbox 403 2251 748 2310; x_wconf 81' lang='lat' dir='ltr'><strong>Sodomorum</strong></span> <span class='ocrx_word' id='word_1_169' title='bbox 786 2271 835 2313; x_wconf 89' lang='lat' dir='ltr'><strong>et</strong></span> <span class='ocrx_word' id='word_1_170' title='bbox 865 2259 1180 2330; x_wconf 76' lang='lat' dir='ltr'><strong>Gontorrltte,</strong></span> <span class='ocrx_word' id='word_1_171' title='bbox 1209 2277 1260 2320; x_wconf 85' lang='lat' dir='ltr'><strong>et</strong></span> <span class='ocrx_word' id='word_1_172' title='bbox 1289 2269 1341 2322; x_wconf 82' lang='lat' dir='ltr'><strong>in</strong></span> <span class='ocrx_word' id='word_1_173' title='bbox 1371 2271 1552 2339; x_wconf 70' lang='lat' dir='ltr'><strong>faciem</strong></span> <span class='ocrx_word' id='word_1_174' title='bbox 1590 2275 1990 2346; x_wconf 81' lang='lat' dir='ltr'><strong>circuntjacentis</strong></span> 
     </span>
    </p>
   </div>
   <div class='ocr_carea' id='block_1_23' title="bbox 399 2343 1986 2436">
    <p class='ocr_par' dir='ltr' id='par_1_23' title="bbox 399 2343 1986 2436">
     <span class='ocr_line' id='line_1_23' title="bbox 399 2343 1986 2436; baseline 0.019 -44"><span class='ocrx_word' id='word_1_175' title='bbox 399 2343 641 2413; x_wconf 79' lang='lat' dir='ltr'><strong>regionis,</strong></span> <span class='ocrx_word' id='word_1_176' title='bbox 670 2358 716 2401; x_wconf 89' lang='lat' dir='ltr'><strong>et</strong></span> <span class='ocrx_word' id='word_1_177' title='bbox 757 2350 898 2404; x_wconf 76' lang='lat' dir='ltr'><strong>vidit.</strong></span> <span class='ocrx_word' id='word_1_178' title='bbox 929 2351 997 2407; x_wconf 82' lang='lat' dir='ltr'><strong>Et</strong></span> <span class='ocrx_word' id='word_1_179' title='bbox 1021 2371 1136 2410; x_wconf 91' lang='lat' dir='ltr'><strong>ecce</strong></span> <span class='ocrx_word' id='word_1_180' title='bbox 1171 2360 1470 2415; x_wconf 79' lang='lat' dir='ltr'><strong>ascendebat</strong></span> <span class='ocrx_word' id='word_1_181' title='bbox 1497 2363 1710 2432; x_wconf 81' lang='lat' dir='ltr'><strong>flamma</strong></span> <span class='ocrx_word' id='word_1_182' title='bbox 1743 2343 1807 2420; x_wconf 78' lang='lat' dir='ltr'><strong>de</strong></span> <span class='ocrx_word' id='word_1_183' title='bbox 1830 2377 1986 2436; x_wconf 88' lang='lat' dir='ltr'><strong>terra,</strong></span> 
     </span>
    </p>
   </div>
   <div class='ocr_carea' id='block_1_24' title="bbox 399 2434 1988 2525">
    <p class='ocr_par' dir='ltr' id='par_1_24' title="bbox 399 2434 1988 2525">
     <span class='ocr_line' id='line_1_24' title="bbox 399 2434 1988 2525; baseline 0.02 -42"><span class='ocrx_word' id='word_1_184' title='bbox 399 2434 547 2498; x_wconf 86' lang='lat' dir='ltr'><strong>quasi</strong></span> <span class='ocrx_word' id='word_1_185' title='bbox 571 2439 744 2506; x_wconf 82' lang='lat' dir='ltr'><strong>[mnus</strong></span> <span class='ocrx_word' id='word_1_186' title='bbox 769 2442 975 2496; x_wconf 83' lang='lat' dir='ltr'><strong>camini.</strong></span> <span class='ocrx_word' id='word_1_187' title='bbox 1009 2444 1064 2498; x_wconf 84' lang='lat' dir='ltr'><strong>In</strong></span> <span class='ocrx_word' id='word_1_188' title='bbox 1094 2460 1180 2511; x_wconf 92' lang='lat' dir='ltr'><strong>eo,</strong></span> <span class='ocrx_word' id='word_1_189' title='bbox 1207 2448 1395 2517; x_wconf 83' lang='lat' dir='ltr'><strong>inquit,</strong></span> <span class='ocrx_word' id='word_1_190' title='bbox 1430 2452 1569 2517; x_wconf 83' lang='lat' dir='ltr'><strong>loco,</strong></span> <span class='ocrx_word' id='word_1_191' title='bbox 1601 2454 1653 2508; x_wconf 91' lang='lat' dir='ltr'><strong>in</strong></span> <span class='ocrx_word' id='word_1_192' title='bbox 1682 2471 1789 2525; x_wconf 89' lang='lat' dir='ltr'><strong>quo</strong></span> <span class='ocrx_word' id='word_1_193' title='bbox 1816 2434 1988 2513; x_wconf 41' lang='lat' dir='ltr'><strong>collo;</strong></span> 
     </span>
    </p>
   </div>
   <div class='ocr_carea' id='block_1_25' title="bbox 399 2533 1989 2616">
    <p class='ocr_par' dir='ltr' id='par_1_25' title="bbox 399 2533 1989 2616">
     <span class='ocr_line' id='line_1_25' title="bbox 399 2533 1989 2616; baseline 0.018 -40"><span class='ocrx_word' id='word_1_194' title='bbox 399 2533 595 2588; x_wconf 79' lang='lat' dir='ltr'><strong>quotus</strong></span> <span class='ocrx_word' id='word_1_195' title='bbox 619 2539 700 2583; x_wconf 90' lang='lat' dir='ltr'><strong>est</strong></span> <span class='ocrx_word' id='word_1_196' title='bbox 718 2547 840 2586; x_wconf 88' lang='lat' dir='ltr'><strong>cmn</strong></span> <span class='ocrx_word' id='word_1_197' title='bbox 866 2534 1110 2601; x_wconf 91' lang='lat' dir='ltr'><strong>Domino,</strong></span> <span class='ocrx_word' id='word_1_198' title='bbox 1140 2547 1194 2593; x_wconf 90' lang='lat' dir='ltr'><strong>et</strong></span> <span class='ocrx_word' id='word_1_199' title='bbox 1219 2554 1315 2608; x_wconf 92' lang='lat' dir='ltr'><strong>pro</strong></span> <span class='ocrx_word' id='word_1_200' title='bbox 1337 2540 1627 2598; x_wconf 91' lang='lat' dir='ltr'><strong>Sodomitis</strong></span> <span class='ocrx_word' id='word_1_201' title='bbox 1651 2547 1874 2616; x_wconf 79' lang='lat' dir='ltr'><strong>rogavit,</strong></span> <span class='ocrx_word' id='word_1_202' title='bbox 1907 2549 1989 2604; x_wconf 91' lang='lat' dir='ltr'><strong>vi-</strong></span> 
     </span>
    </p>
   </div>
   <div class='ocr_carea' id='block_1_26' title="bbox 399 2614 1987 2708">
    <p class='ocr_par' dir='ltr' id='par_1_26' title="bbox 399 2614 1987 2708">
     <span class='ocr_line' id='line_1_26' title="bbox 399 2614 1987 2708; baseline 0.019 -41"><span class='ocrx_word' id='word_1_203' title='bbox 399 2614 563 2682; x_wconf 78' lang='lat' dir='ltr'><strong>debat</strong></span> <span class='ocrx_word' id='word_1_204' title='bbox 592 2621 843 2676; x_wconf 87' lang='lat' dir='ltr'><strong>terribilis</strong></span> <span class='ocrx_word' id='word_1_205' title='bbox 886 2625 1027 2682; x_wconf 90' lang='lat' dir='ltr'><strong>illius</strong></span> <span class='ocrx_word' id='word_1_206' title='bbox 1064 2643 1237 2697; x_wconf 73' lang='lat' dir='ltr'><strong>ptenze</strong></span> <span class='ocrx_word' id='word_1_207' title='bbox 1262 2633 1500 2704; x_wconf 87' lang='lat' dir='ltr'><strong>vestigia,</strong></span> <span class='ocrx_word' id='word_1_208' title='bbox 1540 2644 1596 2690; x_wconf 90' lang='lat' dir='ltr'><strong>et</strong></span> <span class='ocrx_word' id='word_1_209' title='bbox 1627 2636 1696 2692; x_wconf 88' lang='lat' dir='ltr'><strong>de</strong></span> <span class='ocrx_word' id='word_1_210' title='bbox 1718 2614 1872 2708; x_wconf 81' lang='lat' dir='ltr'><strong>justo</strong></span> <span class='ocrx_word' id='word_1_211' title='bbox 1902 2641 1987 2696; x_wconf 91' lang='lat' dir='ltr'><strong>di-</strong></span> 
     </span>
    </p>
   </div>
   <div class='ocr_carea' id='block_1_27' title="bbox 400 2709 1990 2798">
    <p class='ocr_par' dir='ltr' id='par_1_27' title="bbox 400 2709 1990 2798">
     <span class='ocr_line' id='line_1_27' title="bbox 400 2709 1990 2798; baseline 0.019 -39"><span class='ocrx_word' id='word_1_212' title='bbox 400 2721 553 2762; x_wconf 84' lang='lat' dir='ltr'><strong>scere</strong></span> <span class='ocrx_word' id='word_1_213' title='bbox 589 2709 788 2780; x_wconf 88' lang='lat' dir='ltr'><strong>aliquid</strong></span> <span class='ocrx_word' id='word_1_214' title='bbox 823 2715 1050 2772; x_wconf 90' lang='lat' dir='ltr'><strong>volebat.</strong></span> <span class='ocrx_word' id='word_1_215' title='bbox 1077 2719 1126 2775; x_wconf 92' lang='lat' dir='ltr'><strong>ls</strong></span> <span class='ocrx_word' id='word_1_216' title='bbox 1151 2722 1294 2778; x_wconf 91' lang='lat' dir='ltr'><strong>enim</strong></span> <span class='ocrx_word' id='word_1_217' title='bbox 1325 2736 1630 2782; x_wconf 90' lang='lat' dir='ltr'><strong>sanctorum</strong></span> <span class='ocrx_word' id='word_1_218' title='bbox 1661 2745 1776 2786; x_wconf 91' lang='lat' dir='ltr'><strong>mos</strong></span> <span class='ocrx_word' id='word_1_219' title='bbox 1801 2741 1901 2798; x_wconf 89' lang='lat' dir='ltr'><strong>est,</strong></span> <span class='ocrx_word' id='word_1_220' title='bbox 1932 2742 1990 2789; x_wconf 88' lang='lat' dir='ltr'><strong>ut</strong></span> 
     </span>
    </p>
   </div>
   <div class='ocr_carea' id='block_1_28' title="bbox 403 2795 1991 2890">
    <p class='ocr_par' dir='ltr' id='par_1_28' title="bbox 403 2795 1991 2890">
     <span class='ocr_line' id='line_1_28' title="bbox 403 2795 1991 2890; baseline 0.02 -41"><span class='ocrx_word' id='word_1_221' title='bbox 403 2795 688 2890; x_wconf 81' lang='lat' dir='ltr'><strong>plurimum</strong></span> <span class='ocrx_word' id='word_1_222' title='bbox 723 2803 914 2861; x_wconf 72' lang='lat' dir='ltr'><strong>affectu</strong></span> <span class='ocrx_word' id='word_1_223' title='bbox 941 2822 1276 2882; x_wconf 86' lang='lat' dir='ltr'><strong>moveantur,</strong></span> <span class='ocrx_word' id='word_1_224' title='bbox 1317 2825 1373 2870; x_wconf 91' lang='lat' dir='ltr'><strong>et</strong></span> <span class='ocrx_word' id='word_1_225' title='bbox 1397 2821 1802 2890; x_wconf 70' lang='lat' dir='ltr'><strong>compatiantur.</strong></span> <span class='ocrx_word' id='word_1_226' title='bbox 1839 2795 1902 2879; x_wconf 82' lang='lat' dir='ltr'><strong>Et</strong></span> <span class='ocrx_word' id='word_1_227' title='bbox 1932 2835 1991 2880; x_wconf 88' lang='lat' dir='ltr'><strong>ut</strong></span> 
     </span>
    </p>
   </div>
   <div class='ocr_carea' id='block_1_29' title="bbox 401 2885 1986 2982">
    <p class='ocr_par' dir='ltr' id='par_1_29' title="bbox 401 2885 1986 2982">
     <span class='ocr_line' id='line_1_29' title="bbox 401 2885 1986 2982; baseline 0.021 -43"><span class='ocrx_word' id='word_1_228' title='bbox 401 2885 592 2982; x_wconf 81' lang='lat' dir='ltr'><strong>doceat</strong></span> <span class='ocrx_word' id='word_1_229' title='bbox 628 2906 726 2948; x_wconf 89' lang='lat' dir='ltr'><strong>nos</strong></span> <span class='ocrx_word' id='word_1_230' title='bbox 764 2894 945 2952; x_wconf 90' lang='lat' dir='ltr'><strong>divina</strong></span> <span class='ocrx_word' id='word_1_231' title='bbox 975 2899 1246 2973; x_wconf 89' lang='lat' dir='ltr'><strong>Scriptura</strong></span> <span class='ocrx_word' id='word_1_232' title='bbox 1283 2885 1774 2982; x_wconf 34' lang='lat' dir='ltr'><strong>Spiritusvgratiam</strong></span> <span class='ocrx_word' id='word_1_233' title='bbox 1811 2918 1986 2972; x_wconf 86' lang='lat' dir='ltr'><strong>statim</strong></span> 
     </span>
    </p>
   </div>
   <div class='ocr_carea' id='block_1_30' title="bbox 401 2977 1986 3078">
    <p class='ocr_par' dir='ltr' id='par_1_30' title="bbox 401 2977 1986 3078">
     <span class='ocr_line' id='line_1_30' title="bbox 401 2977 1986 3078; baseline 0.021 -46"><span class='ocrx_word' id='word_1_234' title='bbox 401 2977 501 3047; x_wconf 78' lang='lat' dir='ltr'><strong>ipsi</strong></span> <span class='ocrx_word' id='word_1_235' title='bbox 533 2980 692 3054; x_wconf 86' lang='lat' dir='ltr'><strong>hujus</strong></span> <span class='ocrx_word' id='word_1_236' title='bbox 729 2991 805 3042; x_wconf 89' lang='lat' dir='ltr'><strong>rei</strong></span> <span class='ocrx_word' id='word_1_237' title='bbox 833 2991 1074 3048; x_wconf 85' lang='lat' dir='ltr'><strong>notitiam</strong></span> <span class='ocrx_word' id='word_1_238' title='bbox 1111 2999 1464 3069; x_wconf 88' lang='lat' dir='ltr'><strong>concessisse,</strong></span> <span class='ocrx_word' id='word_1_239' title='bbox 1509 2977 1576 3058; x_wconf 72' lang='lat' dir='ltr'><strong>et</strong></span> <span class='ocrx_word' id='word_1_240' title='bbox 1597 3003 1799 3074; x_wconf 90' lang='lat' dir='ltr'><strong>justum</strong></span> <span class='ocrx_word' id='word_1_241' title='bbox 1837 3023 1986 3078; x_wconf 87' lang='lat' dir='ltr'><strong>cura,</strong></span> 
     </span>
    </p>
   </div>
   <div class='ocr_carea' id='block_1_31' title="bbox 399 3076 1988 3165">
    <p class='ocr_par' dir='ltr' id='par_1_31' title="bbox 399 3076 1988 3165">
     <span class='ocr_line' id='line_1_31' title="bbox 399 3076 1988 3165; baseline 0.021 -44"><span class='ocrx_word' id='word_1_242' title='bbox 399 3082 559 3138; x_wconf 84' lang='lat' dir='ltr'><strong>quam</strong></span> <span class='ocrx_word' id='word_1_243' title='bbox 607 3088 704 3142; x_wconf 87' lang='lat' dir='ltr'><strong>pro</strong></span> <span class='ocrx_word' id='word_1_244' title='bbox 745 3076 844 3132; x_wconf 89' lang='lat' dir='ltr'><strong>Lot</strong></span> <span class='ocrx_word' id='word_1_245' title='bbox 883 3083 1121 3149; x_wconf 78' lang='lat' dir='ltr'><strong>gerebat,</strong></span> <span class='ocrx_word' id='word_1_246' title='bbox 1167 3085 1458 3158; x_wconf 87' lang='lat' dir='ltr'><strong>liberasse,</strong></span> <span class='ocrx_word' id='word_1_247' title='bbox 1491 3093 1700 3165; x_wconf 89' lang='lat' dir='ltr'><strong>inquit:</strong></span> <span class='ocrx_word' id='word_1_248' title='bbox 1728 3095 1822 3154; x_wconf 81' lang='lat'><strong>29.</strong></span> <span class='ocrx_word' id='word_1_249' title='bbox 1862 3076 1988 3154; x_wconf 81' lang='lat' dir='ltr'><strong>Cum</strong></span> 
     </span>
    </p>
   </div>
   <div class='ocr_carea' id='block_1_32' title="bbox 399 3165 1990 3253">
    <p class='ocr_par' dir='ltr' id='par_1_32' title="bbox 399 3165 1990 3253">
     <span class='ocr_line' id='line_1_32' title="bbox 399 3165 1990 3253; baseline 0.022 -42"><span class='ocrx_word' id='word_1_250' title='bbox 399 3171 674 3218; x_wconf 86' lang='lat' dir='ltr'><strong>contereret</strong></span> <span class='ocrx_word' id='word_1_251' title='bbox 705 3165 950 3226; x_wconf 85' lang='lat' dir='ltr'><strong>Dominus</strong></span> <span class='ocrx_word' id='word_1_252' title='bbox 981 3175 1206 3231; x_wconf 78' lang='lat' dir='ltr'><strong>civitates</strong></span> <span class='ocrx_word' id='word_1_253' title='bbox 1231 3181 1451 3251; x_wconf 80' lang='lat' dir='ltr'><strong>regionis</strong></span> <span class='ocrx_word' id='word_1_254' title='bbox 1488 3185 1649 3253; x_wconf 88' lang='lat' dir='ltr'><strong>illius,</strong></span> <span class='ocrx_word' id='word_1_255' title='bbox 1692 3190 1990 3246; x_wconf 81' lang='lat' dir='ltr'><strong>recordatus</strong></span> 
     </span>
    </p>
   </div>
   <div class='ocr_carea' id='block_1_33' title="bbox 399 3252 1984 3335">
    <p class='ocr_par' dir='ltr' id='par_1_33' title="bbox 399 3252 1984 3335">
     <span class='ocr_line' id='line_1_33' title="bbox 399 3252 1984 3335; baseline 0.021 -31"><span class='ocrx_word' id='word_1_256' title='bbox 399 3262 477 3306; x_wconf 87' lang='lat' dir='ltr'><strong>est</strong></span> <span class='ocrx_word' id='word_1_257' title='bbox 510 3252 652 3312; x_wconf 81' lang='lat' dir='ltr'><strong>Deus</strong></span> <span class='ocrx_word' id='word_1_258' title='bbox 680 3259 918 3329; x_wconf 63' lang='lat' dir='ltr'><strong>Abrahae,</strong></span> <span class='ocrx_word' id='word_1_259' title='bbox 964 3274 1011 3319; x_wconf 86' lang='lat' dir='ltr'><strong>et</strong></span> <span class='ocrx_word' id='word_1_260' title='bbox 1047 3268 1210 3322; x_wconf 81' lang='lat' dir='ltr'><strong>emisit</strong></span> <span class='ocrx_word' id='word_1_261' title='bbox 1245 3270 1346 3326; x_wconf 90' lang='lat' dir='ltr'><strong>Lot</strong></span> <span class='ocrx_word' id='word_1_262' title='bbox 1381 3289 1410 3328; x_wconf 90' lang='lat' dir='ltr'><strong>e</strong></span> <span class='ocrx_word' id='word_1_263' title='bbox 1454 3278 1619 3330; x_wconf 87' lang='lat' dir='ltr'><strong>media</strong></span> <span class='ocrx_word' id='word_1_264' title='bbox 1638 3252 1984 3335; x_wconf 84' lang='lat' dir='ltr'><strong>subversione.</strong></span> 
     </span>
    </p>
   </div>
   <div class='ocr_carea' id='block_1_34' title="bbox 400 3345 1988 3443">
    <p class='ocr_par' dir='ltr' id='par_1_34' title="bbox 400 3345 1988 3443">
     <span class='ocr_line' id='line_1_34' title="bbox 400 3345 1988 3443; baseline 0.02 -44"><span class='ocrx_word' id='word_1_265' title='bbox 400 3345 539 3413; x_wconf 84' lang='lat' dir='ltr'><strong>Quid</strong></span> <span class='ocrx_word' id='word_1_266' title='bbox 568 3357 670 3412; x_wconf 83' lang='lat' dir='ltr'><strong>est,</strong></span> <span class='ocrx_word' id='word_1_267' title='bbox 697 3349 1009 3412; x_wconf 81' lang='lat' dir='ltr'><strong>Recordatus</strong></span> <span class='ocrx_word' id='word_1_268' title='bbox 1029 3368 1102 3412; x_wconf 87' lang='lat' dir='ltr'><strong>est</strong></span> <span class='ocrx_word' id='word_1_269' title='bbox 1129 3359 1270 3416; x_wconf 85' lang='lat' dir='ltr'><strong>Deus</strong></span> <span class='ocrx_word' id='word_1_270' title='bbox 1299 3364 1559 3421; x_wconf 77' lang='lat' dir='ltr'><strong>Abraltw?</strong></span> <span class='ocrx_word' id='word_1_271' title='bbox 1586 3369 1699 3424; x_wconf 86' lang='lat' dir='ltr'><strong>Hoc</strong></span> <span class='ocrx_word' id='word_1_272' title='bbox 1723 3381 1825 3434; x_wconf 89' lang='lat' dir='ltr'><strong>est,</strong></span> <span class='ocrx_word' id='word_1_273' title='bbox 1853 3382 1988 3443; x_wconf 89' lang='lat' dir='ltr'><strong>peti-</strong></span> 
     </span>
    </p>
   </div>
   <div class='ocr_carea' id='block_1_35' title="bbox 401 3438 1990 3532">
    <p class='ocr_par' dir='ltr' id='par_1_35' title="bbox 401 3438 1990 3532">
     <span class='ocr_line' id='line_1_35' title="bbox 401 3438 1990 3532; baseline 0.018 -40"><span class='ocrx_word' id='word_1_274' title='bbox 401 3438 564 3494; x_wconf 88' lang='lat' dir='ltr'><strong>tionis</strong></span> <span class='ocrx_word' id='word_1_275' title='bbox 602 3457 759 3510; x_wconf 88' lang='lat' dir='ltr'><strong>quam</strong></span> <span class='ocrx_word' id='word_1_276' title='bbox 807 3445 950 3516; x_wconf 88' lang='lat' dir='ltr'><strong>fecit,</strong></span> <span class='ocrx_word' id='word_1_277' title='bbox 1002 3449 1231 3508; x_wconf 79' lang='lat' dir='ltr'><strong>dicens:</strong></span> <span class='ocrx_word' id='word_1_278' title='bbox 1261 3453 1347 3508; x_wconf 86' lang='lat' dir='ltr'><strong>Ne</strong></span> <span class='ocrx_word' id='word_1_279' title='bbox 1383 3458 1538 3512; x_wconf 83' lang='lat' dir='ltr'><strong>simul</strong></span> <span class='ocrx_word' id='word_1_280' title='bbox 1578 3460 1763 3529; x_wconf 84' lang='lat' dir='ltr'><strong>perdas</strong></span> <span class='ocrx_word' id='word_1_281' title='bbox 1790 3438 1990 3532; x_wconf 77' lang='lat' dir='ltr'><strong>justum</strong></span> 
     </span>
    </p>
   </div>
   <div class='ocr_carea' id='block_1_36' title="bbox 398 3532 1987 3626">
    <p class='ocr_par' dir='ltr' id='par_1_36' title="bbox 398 3532 1987 3626">
     <span class='ocr_line' id='line_1_36' title="bbox 398 3532 1987 3626; baseline 0.019 -45"><span class='ocrx_word' id='word_1_282' title='bbox 398 3545 517 3584; x_wconf 85' lang='lat' dir='ltr'><strong>cum</strong></span> <span class='ocrx_word' id='word_1_283' title='bbox 561 3532 717 3603; x_wconf 84' lang='lat' dir='ltr'><strong>impio</strong></span> <span class='ocrx_word' id='word_1_284' title='bbox 755 3535 907 3606; x_wconf 80' lang='lat' dir='ltr'><strong>(Gen.</strong></span> <span class='ocrx_word' id='word_1_285' title='bbox 945 3540 1033 3596; x_wconf 79' lang='grc'>18.</span> <span class='ocrx_word' id='word_1_286' title='bbox 1062 3541 1180 3614; x_wconf 87' lang='grc'>22).</span> <span class='ocrx_word' id='word_1_287' title='bbox 1208 3543 1316 3601; x_wconf 89' lang='lat' dir='ltr'><strong>Cur</strong></span> <span class='ocrx_word' id='word_1_288' title='bbox 1338 3546 1515 3618; x_wconf 89' lang='lat' dir='ltr'><strong>igitur,</strong></span> <span class='ocrx_word' id='word_1_289' title='bbox 1560 3549 1754 3608; x_wconf 71' lang='lat' dir='ltr'><strong>dixerit</strong></span> <span class='ocrx_word' id='word_1_290' title='bbox 1777 3554 1987 3626; x_wconf 85' lang='lat' dir='ltr'><strong>aliquis,</strong></span> 
     </span>
    </p>
   </div>
   <div class='ocr_carea' id='block_1_37' title="bbox 403 3629 1991 3707">
    <p class='ocr_par' dir='ltr' id='par_1_37' title="bbox 403 3629 1991 3707">
     <span class='ocr_line' id='line_1_37' title="bbox 403 3629 1991 3707; baseline 0.019 -33"><span class='ocrx_word' id='word_1_291' title='bbox 403 3632 620 3693; x_wconf 88' lang='lat' dir='ltr'><strong>pr0pter</strong></span> <span class='ocrx_word' id='word_1_292' title='bbox 634 3629 925 3686; x_wconf 88' lang='lat' dir='ltr'><strong>orationem</strong></span> <span class='ocrx_word' id='word_1_293' title='bbox 943 3633 1256 3701; x_wconf 74' lang='lat' dir='ltr'><strong>patriarcha:</strong></span> <span class='ocrx_word' id='word_1_294' title='bbox 1266 3636 1444 3707; x_wconf 89' lang='lat' dir='ltr'><strong>justus</strong></span> <span class='ocrx_word' id='word_1_295' title='bbox 1458 3650 1709 3699; x_wconf 87' lang='lat' dir='ltr'><strong>servatus</strong></span> <span class='ocrx_word' id='word_1_296' title='bbox 1718 3656 1801 3701; x_wconf 90' lang='lat' dir='ltr'><strong>est</strong></span> <span class='ocrx_word' id='word_1_297' title='bbox 1815 3654 1869 3702; x_wconf 89' lang='lat' dir='ltr'><strong>et</strong></span> <span class='ocrx_word' id='word_1_298' title='bbox 1885 3662 1991 3704; x_wconf 91' lang='lat' dir='ltr'><strong>non</strong></span> 
     </span>
    </p>
   </div>
   <div class='ocr_carea' id='block_1_38' title="bbox 404 3723 1990 3806">
    <p class='ocr_par' dir='ltr' id='par_1_38' title="bbox 404 3723 1990 3806">
     <span class='ocr_line' id='line_1_38' title="bbox 404 3723 1990 3806; baseline 0.014 -38"><span class='ocrx_word' id='word_1_299' title='bbox 404 3725 623 3786; x_wconf 83' lang='lat' dir='ltr'><strong>propter</strong></span> <span class='ocrx_word' id='word_1_300' title='bbox 645 3731 794 3774; x_wconf 89' lang='lat' dir='ltr'><strong>suam</strong></span> <span class='ocrx_word' id='word_1_301' title='bbox 821 3723 1119 3791; x_wconf 84' lang='lat' dir='ltr'><strong>justitiam?</strong></span> <span class='ocrx_word' id='word_1_302' title='bbox 1147 3727 1221 3782; x_wconf 92' lang='lat' dir='ltr'><strong>lta</strong></span> <span class='ocrx_word' id='word_1_303' title='bbox 1247 3738 1412 3798; x_wconf 89' lang='lat' dir='ltr'><strong>certe,</strong></span> <span class='ocrx_word' id='word_1_304' title='bbox 1442 3733 1599 3788; x_wconf 90' lang='lat' dir='ltr'><strong>etiam</strong></span> <span class='ocrx_word' id='word_1_305' title='bbox 1631 3745 1848 3806; x_wconf 87' lang='lat' dir='ltr'><strong>propter</strong></span> <span class='ocrx_word' id='word_1_306' title='bbox 1865 3752 1990 3794; x_wconf 77' lang='lat' dir='ltr'><strong>ora-</strong></span> 
     </span>
    </p>
   </div>
   <div class='ocr_carea' id='block_1_39' title="bbox 403 3806 1995 3894">
    <p class='ocr_par' dir='ltr' id='par_1_39' title="bbox 403 3806 1995 3894">
     <span class='ocr_line' id='line_1_39' title="bbox 403 3806 1995 3894; baseline 0.018 -36"><span class='ocrx_word' id='word_1_307' title='bbox 403 3806 601 3862; x_wconf 89' lang='lat' dir='ltr'><strong>tionem</strong></span> <span class='ocrx_word' id='word_1_308' title='bbox 632 3812 948 3880; x_wconf 63' lang='lat' dir='ltr'><strong>patriarchaa</strong></span> <span class='ocrx_word' id='word_1_309' title='bbox 979 3834 993 3870; x_wconf 93' lang='lat'><strong>:</strong></span> <span class='ocrx_word' id='word_1_310' title='bbox 1021 3818 1234 3887; x_wconf 92' lang='lat' dir='ltr'><strong>quando</strong></span> <span class='ocrx_word' id='word_1_311' title='bbox 1274 3821 1417 3876; x_wconf 91' lang='lat' dir='ltr'><strong>enim</strong></span> <span class='ocrx_word' id='word_1_312' title='bbox 1459 3823 1601 3894; x_wconf 89' lang='lat' dir='ltr'><strong>quod</strong></span> <span class='ocrx_word' id='word_1_313' title='bbox 1625 3839 1692 3880; x_wconf 83' lang='lat' dir='ltr'><strong>ex</strong></span> <span class='ocrx_word' id='word_1_314' title='bbox 1720 3827 1875 3884; x_wconf 88' lang='lat' dir='ltr'><strong>nobis</strong></span> <span class='ocrx_word' id='word_1_315' title='bbox 1911 3839 1995 3886; x_wconf 89' lang='lat' dir='ltr'><strong>est</strong></span> 
     </span>
    </p>
   </div>
   <div class='ocr_carea' id='block_1_40' title="bbox 399 3898 1989 3978">
    <p class='ocr_par' dir='ltr' id='par_1_40' title="bbox 399 3898 1989 3978">
     <span class='ocr_line' id='line_1_40' title="bbox 399 3898 1989 3978; baseline 0.016 -26"><span class='ocrx_word' id='word_1_316' title='bbox 399 3898 561 3954; x_wconf 86' lang='lat' dir='ltr'><strong>simul</strong></span> <span class='ocrx_word' id='word_1_317' title='bbox 607 3901 912 3972; x_wconf 77' lang='lat' dir='ltr'><strong>aﬂ‘erimus,</strong></span> <span class='ocrx_word' id='word_1_318' title='bbox 964 3907 1077 3978; x_wconf 91' lang='lat' dir='ltr'><strong>ipsa</strong></span> <span class='ocrx_word' id='word_1_319' title='bbox 1121 3911 1281 3966; x_wconf 87' lang='lat' dir='ltr'><strong>etiam</strong></span> <span class='ocrx_word' id='word_1_320' title='bbox 1330 3913 1644 3972; x_wconf 89' lang='lat' dir='ltr'><strong>intercessio</strong></span> <span class='ocrx_word' id='word_1_321' title='bbox 1680 3929 1989 3978; x_wconf 86' lang='lat' dir='ltr'><strong>sanctorum</strong></span> 
     </span>
    </p>
   </div>
   <div class='ocr_carea' id='block_1_41' title="bbox 404 3989 1990 4077">
    <p class='ocr_par' dir='ltr' id='par_1_41' title="bbox 404 3989 1990 4077">
     <span class='ocr_line' id='line_1_41' title="bbox 404 3989 1990 4077; baseline 0.015 -34"><span class='ocrx_word' id='word_1_322' title='bbox 404 3989 686 4058; x_wconf 86' lang='lat' dir='ltr'><strong>plurimum</strong></span> <span class='ocrx_word' id='word_1_323' title='bbox 709 3994 864 4051; x_wconf 90' lang='lat' dir='ltr'><strong>nobis</strong></span> <span class='ocrx_word' id='word_1_324' title='bbox 884 3999 1108 4052; x_wconf 90' lang='lat' dir='ltr'><strong>confert.</strong></span> <span class='ocrx_word' id='word_1_325' title='bbox 1137 4001 1288 4068; x_wconf 84' lang='lat' dir='ltr'><strong>Quod</strong></span> <span class='ocrx_word' id='word_1_326' title='bbox 1319 4003 1363 4056; x_wconf 89' lang='lat' dir='ltr'><strong>si</strong></span> <span class='ocrx_word' id='word_1_327' title='bbox 1390 4003 1488 4072; x_wconf 90' lang='lat' dir='ltr'><strong>ipsi</strong></span> <span class='ocrx_word' id='word_1_328' title='bbox 1520 4005 1847 4077; x_wconf 69' lang='lat' dir='ltr'><strong>negligentes</strong></span> <span class='ocrx_word' id='word_1_329' title='bbox 1873 4010 1990 4067; x_wconf 82' lang='lat' dir='ltr'><strong>fue-</strong></span> 
     </span>
    </p>
   </div>
   <div class='ocr_carea' id='block_1_42' title="bbox 402 4079 1992 4156">
    <p class='ocr_par' dir='ltr' id='par_1_42' title="bbox 402 4079 1992 4156">
     <span class='ocr_line' id='line_1_42' title="bbox 402 4079 1992 4156; baseline 0.016 -25"><span class='ocrx_word' id='word_1_330' title='bbox 402 4079 592 4146; x_wconf 84' lang='lat' dir='ltr'><strong>rimus,</strong></span> <span class='ocrx_word' id='word_1_331' title='bbox 621 4090 676 4136; x_wconf 90' lang='lat' dir='ltr'><strong>et</strong></span> <span class='ocrx_word' id='word_1_332' title='bbox 701 4097 851 4151; x_wconf 89' lang='lat' dir='ltr'><strong>spem</strong></span> <span class='ocrx_word' id='word_1_333' title='bbox 880 4087 929 4139; x_wconf 93' lang='lat' dir='ltr'><strong>in</strong></span> <span class='ocrx_word' id='word_1_334' title='bbox 959 4087 1066 4141; x_wconf 90' lang='lat' dir='ltr'><strong>illis</strong></span> <span class='ocrx_word' id='word_1_335' title='bbox 1089 4090 1218 4142; x_wconf 91' lang='lat' dir='ltr'><strong>solis</strong></span> <span class='ocrx_word' id='word_1_336' title='bbox 1247 4099 1444 4146; x_wconf 66' lang='lat' dir='ltr'><strong>nostra:</strong></span> <span class='ocrx_word' id='word_1_337' title='bbox 1472 4095 1657 4152; x_wconf 86' lang='lat' dir='ltr'><strong>salutis</strong></span> <span class='ocrx_word' id='word_1_338' title='bbox 1685 4099 1992 4156; x_wconf 86' lang='lat' dir='ltr'><strong>collocave-</strong></span> 
     </span>
    </p>
   </div>
   <div class='ocr_carea' id='block_1_43' title="bbox 405 4170 1994 4256">
    <p class='ocr_par' dir='ltr' id='par_1_43' title="bbox 405 4170 1994 4256">
     <span class='ocr_line' id='line_1_43' title="bbox 405 4170 1994 4256; baseline 0.016 -34"><span class='ocrx_word' id='word_1_339' title='bbox 405 4170 593 4236; x_wconf 91' lang='lat' dir='ltr'><strong>rimus,</strong></span> <span class='ocrx_word' id='word_1_340' title='bbox 622 4172 753 4228; x_wconf 88' lang='lat' dir='ltr'><strong>nihil</strong></span> <span class='ocrx_word' id='word_1_341' title='bbox 783 4177 1012 4245; x_wconf 86' lang='lat' dir='ltr'><strong>amplius</strong></span> <span class='ocrx_word' id='word_1_342' title='bbox 1037 4178 1194 4234; x_wconf 89' lang='lat' dir='ltr'><strong>nobis</strong></span> <span class='ocrx_word' id='word_1_343' title='bbox 1222 4181 1436 4247; x_wconf 85' lang='lat' dir='ltr'><strong>prodest</strong></span> <span class='ocrx_word' id='word_1_344' title='bbox 1463 4198 1477 4235; x_wconf 90' lang='lat'><strong>:</strong></span> <span class='ocrx_word' id='word_1_345' title='bbox 1511 4200 1616 4240; x_wconf 92' lang='lat' dir='ltr'><strong>non</strong></span> <span class='ocrx_word' id='word_1_346' title='bbox 1647 4189 1788 4256; x_wconf 90' lang='lat' dir='ltr'><strong>quod</strong></span> <span class='ocrx_word' id='word_1_347' title='bbox 1815 4193 1994 4248; x_wconf 91' lang='lat' dir='ltr'><strong>minus</strong></span> 
     </span>
    </p>
   </div>
   <div class='ocr_carea' id='block_1_44' title="bbox 403 4261 1992 4340">
    <p class='ocr_par' dir='ltr' id='par_1_44' title="bbox 403 4261 1992 4340">
     <span class='ocr_line' id='line_1_44' title="bbox 403 4261 1992 4340; baseline 0.017 -29"><span class='ocrx_word' id='word_1_348' title='bbox 403 4261 615 4317; x_wconf 81' lang='lat' dir='ltr'><strong>valeant</strong></span> <span class='ocrx_word' id='word_1_349' title='bbox 643 4263 793 4331; x_wconf 90' lang='lat' dir='ltr'><strong>justi,</strong></span> <span class='ocrx_word' id='word_1_350' title='bbox 820 4265 916 4322; x_wconf 87' lang='lat' dir='ltr'><strong>sed</strong></span> <span class='ocrx_word' id='word_1_351' title='bbox 941 4268 1063 4338; x_wconf 90' lang='lat' dir='ltr'><strong>quia</strong></span> <span class='ocrx_word' id='word_1_352' title='bbox 1093 4279 1310 4340; x_wconf 88' lang='lat' dir='ltr'><strong>propter</strong></span> <span class='ocrx_word' id='word_1_353' title='bbox 1343 4282 1577 4329; x_wconf 91' lang='lat' dir='ltr'><strong>nostram</strong></span> <span class='ocrx_word' id='word_1_354' title='bbox 1606 4275 1866 4334; x_wconf 84' lang='lat' dir='ltr'><strong>desidiam</strong></span> <span class='ocrx_word' id='word_1_355' title='bbox 1892 4297 1992 4338; x_wconf 89' lang='lat' dir='ltr'><strong>nos</strong></span> 
     </span>
    </p>
   </div>
   <div class='ocr_carea' id='block_1_45' title="bbox 402 4350 862 4423">
    <p class='ocr_par' dir='ltr' id='par_1_45' title="bbox 402 4350 862 4423">
     <span class='ocr_line' id='line_1_45' title="bbox 402 4350 862 4423; baseline 0.013 -19"><span class='ocrx_word' id='word_1_356' title='bbox 402 4350 548 4420; x_wconf 81' lang='lat' dir='ltr'><strong>ipsos</strong></span> <span class='ocrx_word' id='word_1_357' title='bbox 570 4354 862 4423; x_wconf 85' lang='lat' dir='ltr'><strong>prodimus.</strong></span> 
     </span>
    </p>
   </div>
   <div class='ocr_carea' id='block_1_46' title="bbox 473 4442 1990 4530">
    <p class='ocr_par' dir='ltr' id='par_1_46' title="bbox 473 4442 1990 4530">
     <span class='ocr_line' id='line_1_46' title="bbox 473 4442 1990 4530; baseline 0.011 -34"><span class='ocrx_word' id='word_1_358' title='bbox 473 4442 530 4496; x_wconf 80' lang='lat'><strong>2.</strong></span> <span class='ocrx_word' id='word_1_359' title='bbox 561 4443 631 4498; x_wconf 87' lang='lat' dir='ltr'><strong>Et</strong></span> <span class='ocrx_word' id='word_1_360' title='bbox 659 4454 716 4499; x_wconf 93' lang='lat' dir='ltr'><strong>ut</strong></span> <span class='ocrx_word' id='word_1_361' title='bbox 741 4447 918 4502; x_wconf 88' lang='lat' dir='ltr'><strong>discas</strong></span> <span class='ocrx_word' id='word_1_362' title='bbox 941 4450 1211 4518; x_wconf 91' lang='lat' dir='ltr'><strong>quomodo</strong></span> <span class='ocrx_word' id='word_1_363' title='bbox 1227 4492 1245 4517; x_wconf 93' lang='lat'><strong>,</strong></span> <span class='ocrx_word' id='word_1_364' title='bbox 1270 4467 1393 4508; x_wconf 91' lang='lat' dir='ltr'><strong>cum</strong></span> <span class='ocrx_word' id='word_1_365' title='bbox 1418 4457 1748 4528; x_wconf 85' lang='lat' dir='ltr'><strong>negligentes</strong></span> <span class='ocrx_word' id='word_1_366' title='bbox 1775 4471 1990 4530; x_wconf 77' lang='lat' dir='ltr'><strong>sumus,</strong></span> 
     </span>
    </p>
   </div>
   <div class='ocr_carea' id='block_1_47' title="bbox 404 4531 1992 4619">
    <p class='ocr_par' dir='ltr' id='par_1_47' title="bbox 404 4531 1992 4619">
     <span class='ocr_line' id='line_1_47' title="bbox 404 4531 1992 4619; baseline 0.012 -33"><span class='ocrx_word' id='word_1_367' title='bbox 404 4531 614 4586; x_wconf 88' lang='lat' dir='ltr'><strong>etiamsi</strong></span> <span class='ocrx_word' id='word_1_368' title='bbox 649 4532 778 4602; x_wconf 90' lang='lat' dir='ltr'><strong>justi</strong></span> <span class='ocrx_word' id='word_1_369' title='bbox 821 4538 931 4592; x_wconf 87' lang='lat' dir='ltr'><strong>sint</strong></span> <span class='ocrx_word' id='word_1_370' title='bbox 966 4541 1057 4610; x_wconf 93' lang='lat' dir='ltr'><strong>qui</strong></span> <span class='ocrx_word' id='word_1_371' title='bbox 1096 4555 1194 4610; x_wconf 89' lang='lat' dir='ltr'><strong>pro</strong></span> <span class='ocrx_word' id='word_1_372' title='bbox 1230 4543 1384 4598; x_wconf 90' lang='lat' dir='ltr'><strong>nobis</strong></span> <span class='ocrx_word' id='word_1_373' title='bbox 1409 4557 1600 4613; x_wconf 87' lang='lat' dir='ltr'><strong>orant,</strong></span> <span class='ocrx_word' id='word_1_374' title='bbox 1629 4547 1839 4604; x_wconf 88' lang='lat' dir='ltr'><strong>etiamsi</strong></span> <span class='ocrx_word' id='word_1_375' title='bbox 1866 4565 1992 4619; x_wconf 80' lang='lat' dir='ltr'><strong>pro-</strong></span> 
     </span>
    </p>
   </div>
   <div class='ocr_carea' id='block_1_48' title="bbox 409 4623 1994 4708">
    <p class='ocr_par' dir='ltr' id='par_1_48' title="bbox 409 4623 1994 4708">
     <span class='ocr_line' id='line_1_48' title="bbox 409 4623 1994 4708; baseline 0.013 -32"><span class='ocrx_word' id='word_1_376' title='bbox 409 4623 620 4692; x_wconf 73' lang='lat' dir='ltr'><strong>phette,</strong></span> <span class='ocrx_word' id='word_1_377' title='bbox 662 4627 806 4682; x_wconf 88' lang='lat' dir='ltr'><strong>nulla</strong></span> <span class='ocrx_word' id='word_1_378' title='bbox 847 4630 1001 4686; x_wconf 91' lang='lat' dir='ltr'><strong>nobis</strong></span> <span class='ocrx_word' id='word_1_379' title='bbox 1045 4632 1168 4688; x_wconf 90' lang='lat' dir='ltr'><strong>inde</strong></span> <span class='ocrx_word' id='word_1_380' title='bbox 1211 4635 1281 4689; x_wconf 89' lang='lat' dir='ltr'><strong>sit</strong></span> <span class='ocrx_word' id='word_1_381' title='bbox 1321 4636 1523 4692; x_wconf 85' lang='lat' dir='ltr'><strong>utilitas</strong></span> <span class='ocrx_word' id='word_1_382' title='bbox 1548 4637 1649 4708; x_wconf 93' lang='lat' dir='ltr'><strong>(illi</strong></span> <span class='ocrx_word' id='word_1_383' title='bbox 1674 4638 1817 4694; x_wconf 88' lang='lat' dir='ltr'><strong>enim</strong></span> <span class='ocrx_word' id='word_1_384' title='bbox 1842 4655 1994 4697; x_wconf 89' lang='lat' dir='ltr'><strong>suam</strong></span> 
     </span>
    </p>
   </div>
   <div class='ocr_carea' id='block_1_49' title="bbox 405 4716 1992 4792">
    <p class='ocr_par' dir='ltr' id='par_1_49' title="bbox 405 4716 1992 4792">
     <span class='ocr_line' id='line_1_49' title="bbox 405 4716 1992 4792; baseline 0.011 -23"><span class='ocrx_word' id='word_1_385' title='bbox 405 4716 658 4773; x_wconf 88' lang='lat' dir='ltr'><strong>virtutem</strong></span> <span class='ocrx_word' id='word_1_386' title='bbox 699 4733 797 4785; x_wconf 88' lang='lat' dir='ltr'><strong>per</strong></span> <span class='ocrx_word' id='word_1_387' title='bbox 838 4722 942 4776; x_wconf 90' lang='lat' dir='ltr'><strong>hoc</strong></span> <span class='ocrx_word' id='word_1_388' title='bbox 975 4724 1380 4792; x_wconf 90' lang='lat' dir='ltr'><strong>demonstrant,</strong></span> <span class='ocrx_word' id='word_1_389' title='bbox 1411 4726 1564 4782; x_wconf 90' lang='lat' dir='ltr'><strong>nobis</strong></span> <span class='ocrx_word' id='word_1_390' title='bbox 1588 4736 1769 4783; x_wconf 89' lang='lat' dir='ltr'><strong>autem</strong></span> <span class='ocrx_word' id='word_1_391' title='bbox 1795 4730 1866 4785; x_wconf 93' lang='lat' dir='ltr'><strong>ob</strong></span> <span class='ocrx_word' id='word_1_392' title='bbox 1892 4731 1992 4786; x_wconf 86' lang='lat' dir='ltr'><strong>im-</strong></span> 
     </span>
    </p>
   </div>
   <div class='ocr_carea' id='block_1_50' title="bbox 405 4807 1994 4889">
    <p class='ocr_par' dir='ltr' id='par_1_50' title="bbox 405 4807 1994 4889">
     <span class='ocr_line' id='line_1_50' title="bbox 405 4807 1994 4889; baseline 0.011 -31"><span class='ocrx_word' id='word_1_393' title='bbox 405 4807 603 4875; x_wconf 88' lang='lat' dir='ltr'><strong>probos</strong></span> <span class='ocrx_word' id='word_1_394' title='bbox 636 4823 817 4865; x_wconf 88' lang='lat' dir='ltr'><strong>mores</strong></span> <span class='ocrx_word' id='word_1_395' title='bbox 855 4812 995 4866; x_wconf 90' lang='lat' dir='ltr'><strong>nulla</strong></span> <span class='ocrx_word' id='word_1_396' title='bbox 1021 4815 1127 4870; x_wconf 89' lang='lat' dir='ltr'><strong>erit</strong></span> <span class='ocrx_word' id='word_1_397' title='bbox 1145 4816 1366 4889; x_wconf 90' lang='lat' dir='ltr'><strong>utilitas)</strong></span> <span class='ocrx_word' id='word_1_398' title='bbox 1393 4857 1408 4881; x_wconf 96' lang='lat'><strong>,</strong></span> <span class='ocrx_word' id='word_1_399' title='bbox 1441 4817 1564 4873; x_wconf 89' lang='lat' dir='ltr'><strong>audi</strong></span> <span class='ocrx_word' id='word_1_400' title='bbox 1592 4819 1758 4874; x_wconf 90' lang='lat' dir='ltr'><strong>Deum</strong></span> <span class='ocrx_word' id='word_1_401' title='bbox 1779 4820 1994 4876; x_wconf 83' lang='lat' dir='ltr'><strong>univer-</strong></span> 
     </span>
    </p>
   </div>
   <div class='ocr_carea' id='block_1_51' title="bbox 403 4899 1992 4981">
    <p class='ocr_par' dir='ltr' id='par_1_51' title="bbox 403 4899 1992 4981">
     <span class='ocr_line' id='line_1_51' title="bbox 403 4899 1992 4981; baseline 0.012 -30"><span class='ocrx_word' id='word_1_402' title='bbox 403 4915 603 4965; x_wconf 80' lang='lat' dir='ltr'><strong>sorum,</strong></span> <span class='ocrx_word' id='word_1_403' title='bbox 637 4899 708 4957; x_wconf 87' lang='lat' dir='ltr'><strong>ad</strong></span> <span class='ocrx_word' id='word_1_404' title='bbox 731 4917 876 4971; x_wconf 86' lang='lat' dir='ltr'><strong>eum,</strong></span> <span class='ocrx_word' id='word_1_405' title='bbox 901 4905 990 4976; x_wconf 91' lang='lat' dir='ltr'><strong>qui</strong></span> <span class='ocrx_word' id='word_1_406' title='bbox 1021 4906 1090 4962; x_wconf 90' lang='lat' dir='ltr'><strong>de</strong></span> <span class='ocrx_word' id='word_1_407' title='bbox 1113 4917 1266 4963; x_wconf 88' lang='lat' dir='ltr'><strong>utero</strong></span> <span class='ocrx_word' id='word_1_408' title='bbox 1290 4911 1476 4966; x_wconf 87' lang='lat' dir='ltr'><strong>matris</strong></span> <span class='ocrx_word' id='word_1_409' title='bbox 1497 4911 1856 4968; x_wconf 89' lang='lat' dir='ltr'><strong>sanctificatus</strong></span> <span class='ocrx_word' id='word_1_410' title='bbox 1882 4923 1992 4981; x_wconf 90' lang='lat' dir='ltr'><strong>est,</strong></span> 
     </span>
    </p>
   </div>
   <div class='ocr_carea' id='block_1_52' title="bbox 403 4988 2000 5074">
    <p class='ocr_par' dir='ltr' id='par_1_52' title="bbox 403 4988 2000 5074">
     <span class='ocr_line' id='line_1_52' title="bbox 403 4988 2000 5074; baseline 0.01 -28"><span class='ocrx_word' id='word_1_411' title='bbox 403 4988 696 5048; x_wconf 77' lang='lat' dir='ltr'><strong>Jcretniam</strong></span> <span class='ocrx_word' id='word_1_412' title='bbox 724 4995 1039 5066; x_wconf 83' lang='lat' dir='ltr'><strong>prophetam</strong></span> <span class='ocrx_word' id='word_1_413' title='bbox 1059 4999 1362 5068; x_wconf 87' lang='lat' dir='ltr'><strong>loquentem</strong></span> <span class='ocrx_word' id='word_1_414' title='bbox 1387 5018 1403 5054; x_wconf 88' lang='lat'><strong>:</strong></span> <span class='ocrx_word' id='word_1_415' title='bbox 1431 5000 1515 5056; x_wconf 86' lang='lat' dir='ltr'><strong>Ne</strong></span> <span class='ocrx_word' id='word_1_416' title='bbox 1532 5019 1646 5057; x_wconf 89' lang='lat' dir='ltr'><strong>om</strong></span> <span class='ocrx_word' id='word_1_417' title='bbox 1666 5021 1758 5073; x_wconf 89' lang='lat' dir='ltr'><strong>pro</strong></span> <span class='ocrx_word' id='word_1_418' title='bbox 1805 5005 2000 5074; x_wconf 82' lang='lat' dir='ltr'><strong>populo</strong></span> 
     </span>
    </p>
   </div>
   <div class='ocr_carea' id='block_1_53' title="bbox 403 5083 1994 5162">
    <p class='ocr_par' dir='ltr' id='par_1_53' title="bbox 403 5083 1994 5162">
     <span class='ocr_line' id='line_1_53' title="bbox 403 5083 1994 5162; baseline 0.009 -26"><span class='ocrx_word' id='word_1_419' title='bbox 403 5083 526 5151; x_wconf 75' lang='lat' dir='ltr'><strong>hoc,</strong></span> <span class='ocrx_word' id='word_1_420' title='bbox 574 5087 693 5156; x_wconf 85' lang='lat' dir='ltr'><strong>quia</strong></span> <span class='ocrx_word' id='word_1_421' title='bbox 729 5103 831 5142; x_wconf 84' lang='lat' dir='ltr'><strong>non</strong></span> <span class='ocrx_word' id='word_1_422' title='bbox 874 5090 1144 5144; x_wconf 75' lang='lat' dir='ltr'><strong>exaudiant</strong></span> <span class='ocrx_word' id='word_1_423' title='bbox 1185 5100 1233 5145; x_wconf 90' lang='lat' dir='ltr'><strong>te</strong></span> <span class='ocrx_word' id='word_1_424' title='bbox 1261 5090 1393 5158; x_wconf 81' lang='lat' dir='ltr'><strong>(Jer.</strong></span> <span class='ocrx_word' id='word_1_425' title='bbox 1419 5092 1506 5148; x_wconf 80' lang='lat' dir='ltr'><strong>l6.</strong></span> <span class='ocrx_word' id='word_1_426' title='bbox 1533 5093 1610 5162; x_wconf 90' lang='grc'><strong>7).</strong></span> <span class='ocrx_word' id='word_1_427' title='bbox 1633 5093 1768 5150; x_wconf 80' lang='lat' dir='ltr'><strong>Vide</strong></span> <span class='ocrx_word' id='word_1_428' title='bbox 1787 5091 1994 5151; x_wconf 86' lang='lat' dir='ltr'><strong>Domini</strong></span> 
     </span>
    </p>
   </div>
   <div class='ocr_carea' id='block_1_54' title="bbox 407 5177 1996 5260">
    <p class='ocr_par' dir='ltr' id='par_1_54' title="bbox 407 5177 1996 5260">
     <span class='ocr_line' id='line_1_54' title="bbox 407 5177 1996 5260; baseline 0.009 -29"><span class='ocrx_word' id='word_1_429' title='bbox 407 5177 790 5249; x_wconf 78' lang='lat' dir='ltr'><strong>benignitatem</strong></span> <span class='ocrx_word' id='word_1_430' title='bbox 835 5199 851 5237; x_wconf 90' lang='lat'><strong>:</strong></span> <span class='ocrx_word' id='word_1_431' title='bbox 897 5183 1137 5252; x_wconf 70' lang='lat' dir='ltr'><strong>praedicit</strong></span> <span class='ocrx_word' id='word_1_432' title='bbox 1179 5186 1489 5256; x_wconf 75' lang='lat' dir='ltr'><strong>prophetae,</strong></span> <span class='ocrx_word' id='word_1_433' title='bbox 1539 5195 1597 5241; x_wconf 90' lang='grc' dir='ltr'><strong>ιιι</strong></span> <span class='ocrx_word' id='word_1_434' title='bbox 1641 5201 1707 5240; x_wconf 88' lang='lat' dir='ltr'><strong>ne</strong></span> <span class='ocrx_word' id='word_1_435' title='bbox 1731 5202 1853 5243; x_wconf 89' lang='lat' dir='ltr'><strong>cum</strong></span> <span class='ocrx_word' id='word_1_436' title='bbox 1876 5200 1996 5260; x_wconf 92' lang='lat' dir='ltr'><strong>post</strong></span> 
     </span>
    </p>
   </div>
   <div class='ocr_carea' id='block_1_55' title="bbox 404 5270 1992 5349">
    <p class='ocr_par' dir='ltr' id='par_1_55' title="bbox 404 5270 1992 5349">
     <span class='ocr_line' id='line_1_55' title="bbox 404 5270 1992 5349; baseline 0.009 -27"><span class='ocrx_word' id='word_1_437' title='bbox 404 5270 705 5326; x_wconf 89' lang='lat' dir='ltr'><strong>orationem</strong></span> <span class='ocrx_word' id='word_1_438' title='bbox 735 5288 840 5329; x_wconf 90' lang='lat' dir='ltr'><strong>non</strong></span> <span class='ocrx_word' id='word_1_439' title='bbox 866 5276 1211 5342; x_wconf 77' lang='lat' dir='ltr'><strong>exaudiatur,</strong></span> <span class='ocrx_word' id='word_1_440' title='bbox 1240 5276 1344 5332; x_wconf 90' lang='lat' dir='ltr'><strong>hoc</strong></span> <span class='ocrx_word' id='word_1_441' title='bbox 1362 5276 1474 5332; x_wconf 91' lang='lat' dir='ltr'><strong>suis</strong></span> <span class='ocrx_word' id='word_1_442' title='bbox 1499 5279 1729 5348; x_wconf 84' lang='lat' dir='ltr'><strong>peccatis</strong></span> <span class='ocrx_word' id='word_1_443' title='bbox 1757 5280 1950 5336; x_wconf 81' lang='lat' dir='ltr'><strong>tribuat</strong></span> <span class='ocrx_word' id='word_1_444' title='bbox 1977 5299 1992 5349; x_wconf 89' lang='lat'><strong>;</strong></span> 
     </span>
    </p>
   </div>
   <div class='ocr_carea' id='block_1_56' title="bbox 406 5361 1993 5444">
    <p class='ocr_par' dir='ltr' id='par_1_56' title="bbox 406 5361 1993 5444">
     <span class='ocr_line' id='line_1_56' title="bbox 406 5361 1993 5444; baseline 0.009 -30"><span class='ocrx_word' id='word_1_445' title='bbox 406 5370 463 5415; x_wconf 86' lang='lat' dir='ltr'><strong>et</strong></span> <span class='ocrx_word' id='word_1_446' title='bbox 487 5361 610 5416; x_wconf 88' lang='lat' dir='ltr'><strong>ideo</strong></span> <span class='ocrx_word' id='word_1_447' title='bbox 631 5361 744 5431; x_wconf 88' lang='lat' dir='ltr'><strong>jam</strong></span> <span class='ocrx_word' id='word_1_448' title='bbox 771 5369 1091 5433; x_wconf 66' lang='lat' dir='ltr'><strong>praenuntiat</strong></span> <span class='ocrx_word' id='word_1_449' title='bbox 1110 5369 1158 5423; x_wconf 91' lang='lat' dir='ltr'><strong>ei</strong></span> <span class='ocrx_word' id='word_1_450' title='bbox 1185 5368 1363 5440; x_wconf 89' lang='lat' dir='ltr'><strong>p0puli</strong></span> <span class='ocrx_word' id='word_1_451' title='bbox 1393 5370 1702 5440; x_wconf 80' lang='lat' dir='ltr'><strong>nequitiam,</strong></span> <span class='ocrx_word' id='word_1_452' title='bbox 1730 5381 1784 5427; x_wconf 91' lang='lat' dir='ltr'><strong>et</strong></span> <span class='ocrx_word' id='word_1_453' title='bbox 1808 5373 1993 5444; x_wconf 81' lang='lat' dir='ltr'><strong>prohi-</strong></span> 
     </span>
    </p>
   </div>
   <div class='ocr_carea' id='block_1_57' title="bbox 409 5449 1995 5533">
    <p class='ocr_par' dir='ltr' id='par_1_57' title="bbox 409 5449 1995 5533">
     <span class='ocr_line' id='line_1_57' title="bbox 409 5449 1995 5533; baseline 0.008 -27"><span class='ocrx_word' id='word_1_454' title='bbox 409 5449 504 5506; x_wconf 85' lang='lat' dir='ltr'><strong>bet</strong></span> <span class='ocrx_word' id='word_1_455' title='bbox 537 5465 604 5506; x_wconf 92' lang='lat' dir='ltr'><strong>ne</strong></span> <span class='ocrx_word' id='word_1_456' title='bbox 633 5464 879 5521; x_wconf 88' lang='lat' dir='ltr'><strong>precetur</strong></span> <span class='ocrx_word' id='word_1_457' title='bbox 897 5497 914 5523; x_wconf 96' lang='lat'><strong>,</strong></span> <span class='ocrx_word' id='word_1_458' title='bbox 944 5466 1001 5512; x_wconf 87' lang='lat' dir='ltr'><strong>ut</strong></span> <span class='ocrx_word' id='word_1_459' title='bbox 1028 5467 1084 5514; x_wconf 87' lang='lat' dir='ltr'><strong>et</strong></span> <span class='ocrx_word' id='word_1_460' title='bbox 1111 5460 1227 5530; x_wconf 89' lang='lat' dir='ltr'><strong>ipse</strong></span> <span class='ocrx_word' id='word_1_461' title='bbox 1251 5460 1393 5517; x_wconf 91' lang='lat' dir='ltr'><strong>scire</strong></span> <span class='ocrx_word' id='word_1_462' title='bbox 1417 5470 1578 5532; x_wconf 83' lang='lat' dir='ltr'><strong>queat</strong></span> <span class='ocrx_word' id='word_1_463' title='bbox 1604 5463 1869 5533; x_wconf 89' lang='lat' dir='ltr'><strong>ingentem</strong></span> <span class='ocrx_word' id='word_1_464' title='bbox 1894 5463 1995 5520; x_wconf 77' lang='lat' dir='ltr'><strong>Ju-</strong></span> 
     </span>
    </p>
   </div>
   <div class='ocr_carea' id='block_1_58' title="bbox 405 5541 1999 5626">
    <p class='ocr_par' dir='ltr' id='par_1_58' title="bbox 405 5541 1999 5626">
     <span class='ocr_line' id='line_1_58' title="bbox 405 5541 1999 5626; baseline 0.011 -30"><span class='ocrx_word' id='word_1_465' title='bbox 405 5541 645 5615; x_wconf 74' lang='lat' dir='ltr'><strong>dteorum</strong></span> <span class='ocrx_word' id='word_1_466' title='bbox 665 5548 1064 5614; x_wconf 82' lang='lat' dir='ltr'><strong>perversitatem</strong></span> <span class='ocrx_word' id='word_1_467' title='bbox 1086 5567 1104 5607; x_wconf 87' lang='lat'><strong>:</strong></span> <span class='ocrx_word' id='word_1_468' title='bbox 1124 5560 1182 5609; x_wconf 90' lang='lat' dir='ltr'><strong>et</strong></span> <span class='ocrx_word' id='word_1_469' title='bbox 1207 5552 1280 5609; x_wconf 93' lang='lat' dir='ltr'><strong>illi</strong></span> <span class='ocrx_word' id='word_1_470' title='bbox 1307 5554 1478 5610; x_wconf 84' lang='lat' dir='ltr'><strong>sciant</strong></span> <span class='ocrx_word' id='word_1_471' title='bbox 1505 5553 1633 5610; x_wconf 91' lang='lat' dir='ltr'><strong>nihil</strong></span> <span class='ocrx_word' id='word_1_472' title='bbox 1655 5556 1734 5612; x_wconf 92' lang='lat' dir='ltr'><strong>eis</strong></span> <span class='ocrx_word' id='word_1_473' title='bbox 1746 5554 1999 5626; x_wconf 86' lang='lat' dir='ltr'><strong>prodesse</strong></span> 
     </span>
    </p>
   </div>
   <div class='ocr_carea' id='block_1_59' title="bbox 411 5634 1994 5718">
    <p class='ocr_par' dir='ltr' id='par_1_59' title="bbox 411 5634 1994 5718">
     <span class='ocr_line' id='line_1_59' title="bbox 411 5634 1994 5718; baseline 0.009 -28"><span class='ocrx_word' id='word_1_474' title='bbox 411 5634 730 5706; x_wconf 77' lang='lat' dir='ltr'><strong>prophetam</strong></span> <span class='ocrx_word' id='word_1_475' title='bbox 749 5679 765 5706; x_wconf 94' lang='lat'><strong>,</strong></span> <span class='ocrx_word' id='word_1_476' title='bbox 799 5639 900 5696; x_wconf 88' lang='lat' dir='ltr'><strong>nisi</strong></span> <span class='ocrx_word' id='word_1_477' title='bbox 928 5652 984 5698; x_wconf 91' lang='lat' dir='ltr'><strong>et</strong></span> <span class='ocrx_word' id='word_1_478' title='bbox 1011 5643 1113 5714; x_wconf 91' lang='lat' dir='ltr'><strong>ipsi</strong></span> <span class='ocrx_word' id='word_1_479' title='bbox 1138 5661 1256 5716; x_wconf 69' lang='lat' dir='ltr'><strong>qua:</strong></span> <span class='ocrx_word' id='word_1_480' title='bbox 1279 5661 1376 5702; x_wconf 89' lang='lat' dir='ltr'><strong>sua</strong></span> <span class='ocrx_word' id='word_1_481' title='bbox 1397 5654 1522 5702; x_wconf 90' lang='lat' dir='ltr'><strong>sunt</strong></span> <span class='ocrx_word' id='word_1_482' title='bbox 1544 5645 1786 5718; x_wconf 86' lang='lat' dir='ltr'><strong>proferre</strong></span> <span class='ocrx_word' id='word_1_483' title='bbox 1806 5647 1994 5705; x_wconf 90' lang='lat' dir='ltr'><strong>velint.</strong></span> 
     </span>
    </p>
   </div>
   <div class='ocr_carea' id='block_1_60' title="bbox 483 5722 1990 5810">
    <p class='ocr_par' dir='ltr' id='par_1_60' title="bbox 483 5722 1990 5810">
     <span class='ocr_line' id='line_1_60' title="bbox 483 5722 1990 5810; baseline 0.014 -31"><span class='ocrx_word' id='word_1_484' title='bbox 483 5722 746 5784; x_wconf 70' lang='lat' dir='ltr'><strong>[avocatio</strong></span> <span class='ocrx_word' id='word_1_485' title='bbox 787 5741 835 5787; x_wconf 86' lang='lat' dir='ltr'><strong>et</strong></span> <span class='ocrx_word' id='word_1_486' title='bbox 876 5733 1164 5796; x_wconf 81' lang='lat' dir='ltr'><strong>intercessio</strong></span> <span class='ocrx_word' id='word_1_487' title='bbox 1203 5750 1515 5798; x_wconf 78' lang='lat' dir='ltr'><strong>sanctorum.</strong></span> <span class='ocrx_word' id='word_1_488' title='bbox 1540 5769 1613 5783; x_wconf 90' lang='lat'><strong>—-</strong></span> <span class='ocrx_word' id='word_1_489' title='bbox 1641 5739 1700 5798; x_wconf 88' lang='lat' dir='ltr'><strong>id</strong></span> <span class='ocrx_word' id='word_1_490' title='bbox 1722 5741 1951 5800; x_wconf 82' lang='lat' dir='ltr'><strong>scientes</strong></span> <span class='ocrx_word' id='word_1_491' title='bbox 1972 5783 1990 5810; x_wconf 89' lang='lat'><strong>,</strong></span> 
     </span>
    </p>
   </div>
   <div class='ocr_carea' id='block_1_61' title="bbox 1151 305 2956 372">
    <p class='ocr_par' dir='ltr' id='par_1_61' title="bbox 1151 305 2956 372">
     <span class='ocr_line' id='line_1_61' title="bbox 1151 305 2956 372; baseline -0.004 0"><span class='ocrx_word' id='word_1_492' title='bbox 1151 313 1206 372; x_wconf 89' lang='lat' dir='ltr'><strong>S.</strong></span> <span class='ocrx_word' id='word_1_493' title='bbox 1247 314 1523 372; x_wconf 79' lang='lat' dir='ltr'><strong>JOANNIS</strong></span> <span class='ocrx_word' id='word_1_494' title='bbox 1559 305 2030 370; x_wconf 69' lang='lat' dir='ltr'><strong>CllRYSOSTOMI</strong></span> <span class='ocrx_word' id='word_1_495' title='bbox 2067 307 2382 365; x_wconf 81' lang='lat' dir='ltr'><strong>ARCIIIEP.</strong></span> <span class='ocrx_word' id='word_1_496' title='bbox 2423 307 2956 368; x_wconf 73' lang='lat' dir='ltr'><strong>CONSTANTINOP.</strong></span> 
     </span>
    </p>
   </div>
   <div class='ocr_carea' id='block_1_62' title="bbox 3583 307 3687 364">
    <p class='ocr_par' dir='ltr' id='par_1_62' title="bbox 3583 307 3687 364">
     <span class='ocr_line' id='line_1_62' title="bbox 3583 307 3687 364; baseline 0 0"><span class='ocrx_word' id='word_1_497' title='bbox 3583 307 3687 364; x_wconf 73' lang='grc' dir='ltr'><strong>ωε</strong></span> 
     </span>
    </p>
   </div>
   <div class='ocr_carea' id='block_1_63' title="bbox 2103 425 3688 500">
    <p class='ocr_par' dir='ltr' id='par_1_63' title="bbox 2103 425 3688 500">
     <span class='ocr_line' id='line_1_63' title="bbox 2103 425 3688 500; baseline 0.001 -19"><span class='ocrx_word' id='word_1_498' title='bbox 2103 425 2315 493; x_wconf 89' lang='lat' dir='ltr'><strong>dilecti,</strong></span> <span class='ocrx_word' id='word_1_499' title='bbox 2342 427 2709 498; x_wconf 87' lang='lat' dir='ltr'><strong>confugiamus</strong></span> <span class='ocrx_word' id='word_1_500' title='bbox 2736 429 2802 484; x_wconf 88' lang='lat' dir='ltr'><strong>ad</strong></span> <span class='ocrx_word' id='word_1_501' title='bbox 2823 439 3127 486; x_wconf 88' lang='lat' dir='ltr'><strong>sanctorum</strong></span> <span class='ocrx_word' id='word_1_502' title='bbox 3148 444 3333 500; x_wconf 88' lang='lat' dir='ltr'><strong>preces</strong></span> <span class='ocrx_word' id='word_1_503' title='bbox 3356 471 3370 493; x_wconf 91' lang='lat'><strong>.</strong></span> <span class='ocrx_word' id='word_1_504' title='bbox 3399 440 3453 485; x_wconf 92' lang='lat' dir='ltr'><strong>et</strong></span> <span class='ocrx_word' id='word_1_505' title='bbox 3471 445 3688 486; x_wconf 58' lang='lat' dir='ltr'><strong>oremus</strong></span> 
     </span>
    </p>
   </div>
   <div class='ocr_carea' id='block_1_64' title="bbox 2103 520 3689 592">
    <p class='ocr_par' dir='ltr' id='par_1_64' title="bbox 2103 520 3689 592">
     <span class='ocr_line' id='line_1_64' title="bbox 2103 520 3689 592; baseline 0.004 -21"><span class='ocrx_word' id='word_1_506' title='bbox 2103 527 2160 573; x_wconf 84' lang='grc' dir='ltr'><strong>ιιι</strong></span> <span class='ocrx_word' id='word_1_507' title='bbox 2201 533 2299 588; x_wconf 91' lang='lat' dir='ltr'><strong>pro</strong></span> <span class='ocrx_word' id='word_1_508' title='bbox 2347 520 2500 575; x_wconf 92' lang='lat' dir='ltr'><strong>nobis</strong></span> <span class='ocrx_word' id='word_1_509' title='bbox 2542 521 2873 576; x_wconf 85' lang='lat' dir='ltr'><strong>intercedant</strong></span> <span class='ocrx_word' id='word_1_510' title='bbox 2911 539 2926 576; x_wconf 89' lang='lat'><strong>:</strong></span> <span class='ocrx_word' id='word_1_511' title='bbox 2959 521 3052 576; x_wconf 88' lang='lat' dir='ltr'><strong>sed</strong></span> <span class='ocrx_word' id='word_1_512' title='bbox 3079 538 3182 576; x_wconf 90' lang='lat' dir='ltr'><strong>non</strong></span> <span class='ocrx_word' id='word_1_513' title='bbox 3211 522 3422 577; x_wconf 85' lang='lat' dir='ltr'><strong>illorum</strong></span> <span class='ocrx_word' id='word_1_514' title='bbox 3445 523 3689 592; x_wconf 60' lang='lat' dir='ltr'><strong>prcctbus</strong></span> 
     </span>
    </p>
   </div>
   <div class='ocr_carea' id='block_1_65' title="bbox 2101 610 3687 682">
    <p class='ocr_par' dir='ltr' id='par_1_65' title="bbox 2101 610 3687 682">
     <span class='ocr_line' id='line_1_65' title="bbox 2101 610 3687 682; baseline 0.004 -20"><span class='ocrx_word' id='word_1_515' title='bbox 2101 617 2306 664; x_wconf 88' lang='lat' dir='ltr'><strong>tantum</strong></span> <span class='ocrx_word' id='word_1_516' title='bbox 2346 610 2678 666; x_wconf 86' lang='lat' dir='ltr'><strong>confidamus</strong></span> <span class='ocrx_word' id='word_1_517' title='bbox 2697 653 2713 678; x_wconf 94' lang='lat'><strong>,</strong></span> <span class='ocrx_word' id='word_1_518' title='bbox 2751 611 2846 668; x_wconf 91' lang='lat' dir='ltr'><strong>sed</strong></span> <span class='ocrx_word' id='word_1_519' title='bbox 2874 622 2928 668; x_wconf 89' lang='lat' dir='ltr'><strong>et</strong></span> <span class='ocrx_word' id='word_1_520' title='bbox 2957 613 3056 682; x_wconf 87' lang='lat' dir='ltr'><strong>ipsi</strong></span> <span class='ocrx_word' id='word_1_521' title='bbox 3085 623 3262 667; x_wconf 84' lang='lat' dir='ltr'><strong>nostra</strong></span> <span class='ocrx_word' id='word_1_522' title='bbox 3285 653 3301 678; x_wconf 96' lang='lat'><strong>,</strong></span> <span class='ocrx_word' id='word_1_523' title='bbox 3331 622 3391 668; x_wconf 91' lang='lat' dir='ltr'><strong>ut</strong></span> <span class='ocrx_word' id='word_1_524' title='bbox 3438 625 3651 682; x_wconf 74' lang='lat' dir='ltr'><strong>opttrlt-l</strong></span> <span class='ocrx_word' id='word_1_525' title='bbox 3671 655 3687 676; x_wconf 84' lang='lat'><strong>.</strong></span> 
     </span>
    </p>
   </div>
   <div class='ocr_carea' id='block_1_66' title="bbox 2099 699 3688 773">
    <p class='ocr_par' dir='ltr' id='par_1_66' title="bbox 2099 699 3688 773">
     <span class='ocr_line' id='line_1_66' title="bbox 2099 699 3688 773; baseline 0.005 -21"><span class='ocrx_word' id='word_1_526' title='bbox 2099 699 2470 766; x_wconf 86' lang='lat' dir='ltr'><strong>dispettsemus</strong></span> <span class='ocrx_word' id='word_1_527' title='bbox 2515 712 2690 768; x_wconf 84' lang='lat' dir='ltr'><strong>recte,</strong></span> <span class='ocrx_word' id='word_1_528' title='bbox 2735 713 2789 758; x_wconf 89' lang='lat' dir='ltr'><strong>et</strong></span> <span class='ocrx_word' id='word_1_529' title='bbox 2830 703 2896 758; x_wconf 88' lang='lat' dir='ltr'><strong>ad</strong></span> <span class='ocrx_word' id='word_1_530' title='bbox 2936 704 3157 758; x_wconf 89' lang='lat' dir='ltr'><strong>meliora</strong></span> <span class='ocrx_word' id='word_1_531' title='bbox 3198 719 3412 773; x_wconf 71' lang='lat' dir='ltr'><strong>semttcr</strong></span> <span class='ocrx_word' id='word_1_532' title='bbox 3447 707 3688 760; x_wconf 74' lang='lat' dir='ltr'><strong>converti</strong></span> 
     </span>
    </p>
   </div>
   <div class='ocr_carea' id='block_1_67' title="bbox 2099 790 3692 865">
    <p class='ocr_par' dir='ltr' id='par_1_67' title="bbox 2099 790 3692 865">
     <span class='ocr_line' id='line_1_67' title="bbox 2099 790 3692 865; baseline 0.003 -23"><span class='ocrx_word' id='word_1_533' title='bbox 2099 790 2367 856; x_wconf 88' lang='lat' dir='ltr'><strong>ttitamur,</strong></span> <span class='ocrx_word' id='word_1_534' title='bbox 2415 800 2472 846; x_wconf 90' lang='grc' dir='ltr'><strong>ιιι</strong></span> <span class='ocrx_word' id='word_1_535' title='bbox 2513 792 2689 847; x_wconf 91' lang='lat' dir='ltr'><strong>locum</strong></span> <span class='ocrx_word' id='word_1_536' title='bbox 2735 793 2926 848; x_wconf 89' lang='lat' dir='ltr'><strong>demus</strong></span> <span class='ocrx_word' id='word_1_537' title='bbox 2971 794 3198 850; x_wconf 81' lang='lat' dir='ltr'><strong>orationi</strong></span> <span class='ocrx_word' id='word_1_538' title='bbox 3242 810 3360 865; x_wconf 74' lang='lat' dir='ltr'><strong>qum</strong></span> <span class='ocrx_word' id='word_1_539' title='bbox 3400 809 3500 865; x_wconf 89' lang='lat' dir='ltr'><strong>pro</strong></span> <span class='ocrx_word' id='word_1_540' title='bbox 3537 794 3692 851; x_wconf 80' lang='lat' dir='ltr'><strong>tubis</strong></span> 
     </span>
    </p>
   </div>
   <div class='ocr_carea' id='block_1_68' title="bbox 2099 879 3690 959">
    <p class='ocr_par' dir='ltr' id='par_1_68' title="bbox 2099 879 3690 959">
     <span class='ocr_line' id='line_1_68' title="bbox 2099 879 3690 959; baseline 0.004 -25"><span class='ocrx_word' id='word_1_541' title='bbox 2099 879 2356 937; x_wconf 89' lang='lat' dir='ltr'><strong>funditur.</strong></span> <span class='ocrx_word' id='word_1_542' title='bbox 2397 884 2514 940; x_wconf 85' lang='lat' dir='ltr'><strong>Hoc</strong></span> <span class='ocrx_word' id='word_1_543' title='bbox 2549 895 2602 940; x_wconf 89' lang='lat' dir='ltr'><strong>et</strong></span> <span class='ocrx_word' id='word_1_544' title='bbox 2628 886 2693 940; x_wconf 91' lang='lat' dir='ltr'><strong>ad</strong></span> <span class='ocrx_word' id='word_1_545' title='bbox 2720 887 2885 941; x_wconf 90' lang='lat' dir='ltr'><strong>alium</strong></span> <span class='ocrx_word' id='word_1_546' title='bbox 2911 889 3222 956; x_wconf 85' lang='lat' dir='ltr'><strong>prophetam</strong></span> <span class='ocrx_word' id='word_1_547' title='bbox 3243 887 3319 959; x_wconf 89' lang='lat' dir='ltr'><strong>(a)</strong></span> <span class='ocrx_word' id='word_1_548' title='bbox 3346 887 3474 943; x_wconf 88' lang='lat' dir='ltr'><strong>dicit</strong></span> <span class='ocrx_word' id='word_1_549' title='bbox 3505 888 3690 942; x_wconf 82' lang='lat' dir='ltr'><strong>Domi-</strong></span> 
     </span>
    </p>
   </div>
   <div class='ocr_carea' id='block_1_69' title="bbox 2098 976 3688 1051">
    <p class='ocr_par' dir='ltr' id='par_1_69' title="bbox 2098 976 3688 1051">
     <span class='ocr_line' id='line_1_69' title="bbox 2098 976 3688 1051; baseline 0.003 -22"><span class='ocrx_word' id='word_1_550' title='bbox 2098 988 2200 1029; x_wconf 71' lang='lat' dir='ltr'><strong>nzts</strong></span> <span class='ocrx_word' id='word_1_551' title='bbox 2242 976 2615 1033; x_wconf 84' lang='lat' dir='ltr'><strong>universorum</strong></span> <span class='ocrx_word' id='word_1_552' title='bbox 2657 997 2671 1033; x_wconf 92' lang='lat'><strong>:</strong></span> <span class='ocrx_word' id='word_1_553' title='bbox 2718 977 2839 1033; x_wconf 89' lang='lat' dir='ltr'><strong>Non</strong></span> <span class='ocrx_word' id='word_1_554' title='bbox 2869 981 3005 1033; x_wconf 84' lang='lat' dir='ltr'><strong>vides</strong></span> <span class='ocrx_word' id='word_1_555' title='bbox 3039 981 3160 1050; x_wconf 88' lang='lat' dir='ltr'><strong>quid</strong></span> <span class='ocrx_word' id='word_1_556' title='bbox 3202 981 3302 1049; x_wconf 84' lang='lat' dir='ltr'><strong>ipsi</strong></span> <span class='ocrx_word' id='word_1_557' title='bbox 3327 982 3564 1051; x_wconf 81' lang='lat' dir='ltr'><strong>faciunt?</strong></span> <span class='ocrx_word' id='word_1_558' title='bbox 3592 977 3688 1033; x_wconf 81' lang='lat' dir='ltr'><strong>ln—</strong></span> 
     </span>
    </p>
   </div>
   <div class='ocr_carea' id='block_1_70' title="bbox 2098 1069 3690 1142">
    <p class='ocr_par' dir='ltr' id='par_1_70' title="bbox 2098 1069 3690 1142">
     <span class='ocr_line' id='line_1_70' title="bbox 2098 1069 3690 1142; baseline 0.006 -25"><span class='ocrx_word' id='word_1_559' title='bbox 2098 1069 2314 1121; x_wconf 82' lang='lat' dir='ltr'><strong>cendunt</strong></span> <span class='ocrx_word' id='word_1_560' title='bbox 2343 1069 2567 1138; x_wconf 84' lang='lat' dir='ltr'><strong>adipem,</strong></span> <span class='ocrx_word' id='word_1_561' title='bbox 2590 1080 2636 1123; x_wconf 89' lang='lat' dir='ltr'><strong>et</strong></span> <span class='ocrx_word' id='word_1_562' title='bbox 2662 1071 2919 1140; x_wconf 84' lang='lat' dir='ltr'><strong>placentas</strong></span> <span class='ocrx_word' id='word_1_563' title='bbox 2943 1071 3140 1140; x_wconf 78' lang='lat' dir='ltr'><strong>faciunt</strong></span> <span class='ocrx_word' id='word_1_564' title='bbox 3168 1072 3407 1125; x_wconf 74' lang='lat' dir='ltr'><strong>exercitui</strong></span> <span class='ocrx_word' id='word_1_565' title='bbox 3426 1073 3536 1127; x_wconf 68' lang='lat' dir='ltr'><strong>curti</strong></span> <span class='ocrx_word' id='word_1_566' title='bbox 3553 1071 3690 1142; x_wconf 78' lang='lat' dir='ltr'><strong>(.Ier.</strong></span> 
     </span>
    </p>
   </div>
   <div class='ocr_carea' id='block_1_71' title="bbox 2098 1143 3687 1232">
    <p class='ocr_par' dir='ltr' id='par_1_71' title="bbox 2098 1143 3687 1232">
     <span class='ocr_line' id='line_1_71' title="bbox 2098 1143 3687 1232; baseline 0.004 -22"><span class='ocrx_word' id='word_1_567' title='bbox 2098 1155 2152 1210; x_wconf 90' lang='lat'><strong>7.</strong></span> <span class='ocrx_word' id='word_1_568' title='bbox 2198 1158 2284 1212; x_wconf 76' lang='lat' dir='ltr'><strong>I7.</strong></span> <span class='ocrx_word' id='word_1_569' title='bbox 2337 1143 2423 1229; x_wconf 68' lang='lat' dir='ltr'><strong>l8}</strong></span> <span class='ocrx_word' id='word_1_570' title='bbox 2458 1177 2470 1212; x_wconf 93' lang='lat'>:</span> <span class='ocrx_word' id='word_1_571' title='bbox 2499 1176 2565 1215; x_wconf 84' lang='lat' dir='ltr'><strong>ac</strong></span> <span class='ocrx_word' id='word_1_572' title='bbox 2593 1161 2636 1214; x_wconf 89' lang='lat' dir='ltr'><strong>si</strong></span> <span class='ocrx_word' id='word_1_573' title='bbox 2666 1161 2874 1218; x_wconf 86' lang='lat' dir='ltr'><strong>diceret</strong></span> <span class='ocrx_word' id='word_1_574' title='bbox 2901 1179 2914 1216; x_wconf 92' lang='lat'>:</span> <span class='ocrx_word' id='word_1_575' title='bbox 2949 1162 3050 1217; x_wconf 86' lang='lat' dir='ltr'><strong>Pro</strong></span> <span class='ocrx_word' id='word_1_576' title='bbox 3078 1161 3184 1216; x_wconf 92' lang='lat' dir='ltr'><strong>illis</strong></span> <span class='ocrx_word' id='word_1_577' title='bbox 3209 1178 3296 1217; x_wconf 89' lang='lat' dir='ltr'><strong>me</strong></span> <span class='ocrx_word' id='word_1_578' title='bbox 3319 1176 3507 1232; x_wconf 88' lang='lat' dir='ltr'><strong>rogas,</strong></span> <span class='ocrx_word' id='word_1_579' title='bbox 3539 1163 3624 1231; x_wconf 87' lang='lat' dir='ltr'><strong>qui</strong></span> <span class='ocrx_word' id='word_1_580' title='bbox 3656 1178 3687 1216; x_wconf 89' lang='lat' dir='ltr'><strong>a</strong></span> 
     </span>
    </p>
   </div>
   <div class='ocr_carea' id='block_1_72' title="bbox 2099 1251 3689 1323">
    <p class='ocr_par' dir='ltr' id='par_1_72' title="bbox 2099 1251 3689 1323">
     <span class='ocr_line' id='line_1_72' title="bbox 2099 1251 3689 1323; baseline 0.005 -21"><span class='ocrx_word' id='word_1_581' title='bbox 2099 1260 2320 1316; x_wconf 83' lang='lat' dir='ltr'><strong>peccato</strong></span> <span class='ocrx_word' id='word_1_582' title='bbox 2361 1265 2466 1305; x_wconf 91' lang='lat' dir='ltr'><strong>non</strong></span> <span class='ocrx_word' id='word_1_583' title='bbox 2506 1251 2804 1316; x_wconf 89' lang='lat' dir='ltr'><strong>desistunt,</strong></span> <span class='ocrx_word' id='word_1_584' title='bbox 2845 1253 2934 1323; x_wconf 86' lang='lat' dir='ltr'><strong>qui</strong></span> <span class='ocrx_word' id='word_1_585' title='bbox 2968 1263 3152 1309; x_wconf 87' lang='lat' dir='ltr'><strong>carent</strong></span> <span class='ocrx_word' id='word_1_586' title='bbox 3177 1268 3337 1308; x_wconf 87' lang='lat' dir='ltr'><strong>sensu</strong></span> <span class='ocrx_word' id='word_1_587' title='bbox 3365 1253 3689 1310; x_wconf 80' lang='lat' dir='ltr'><strong>infirmitatis</strong></span> 
     </span>
    </p>
   </div>
   <div class='ocr_carea' id='block_1_73' title="bbox 2097 1342 3688 1410">
    <p class='ocr_par' dir='ltr' id='par_1_73' title="bbox 2097 1342 3688 1410">
     <span class='ocr_line' id='line_1_73' title="bbox 2097 1342 3688 1410; baseline 0.005 -20"><span class='ocrx_word' id='word_1_588' title='bbox 2097 1352 2207 1393; x_wconf 69' lang='lat' dir='ltr'><strong>suae</strong></span> <span class='ocrx_word' id='word_1_589' title='bbox 2242 1356 2345 1410; x_wconf 90' lang='lat' dir='ltr'><strong>qua</strong></span> <span class='ocrx_word' id='word_1_590' title='bbox 2390 1342 2669 1408; x_wconf 89' lang='lat' dir='ltr'><strong>laborant,</strong></span> <span class='ocrx_word' id='word_1_591' title='bbox 2716 1344 2810 1400; x_wconf 85' lang='lat' dir='ltr'><strong>sed</strong></span> <span class='ocrx_word' id='word_1_592' title='bbox 2835 1345 2914 1399; x_wconf 88' lang='lat' dir='ltr'><strong>sic</strong></span> <span class='ocrx_word' id='word_1_593' title='bbox 2946 1345 3092 1400; x_wconf 87' lang='lat' dir='ltr'><strong>nullo</strong></span> <span class='ocrx_word' id='word_1_594' title='bbox 3111 1344 3300 1400; x_wconf 91' lang='lat' dir='ltr'><strong>dolore</strong></span> <span class='ocrx_word' id='word_1_595' title='bbox 3326 1355 3449 1400; x_wconf 89' lang='lat' dir='ltr'><strong>sunt</strong></span> <span class='ocrx_word' id='word_1_596' title='bbox 3470 1344 3688 1399; x_wconf 78' lang='lat' dir='ltr'><strong>affecti?</strong></span> 
     </span>
    </p>
   </div>
   <div class='ocr_carea' id='block_1_74' title="bbox 2095 1426 3688 1505">
    <p class='ocr_par' dir='ltr' id='par_1_74' title="bbox 2095 1426 3688 1505">
     <span class='ocr_line' id='line_1_74' title="bbox 2095 1426 3688 1505; baseline 0.006 -23"><span class='ocrx_word' id='word_1_597' title='bbox 2095 1426 2213 1483; x_wconf 89' lang='lat' dir='ltr'><strong>Non</strong></span> <span class='ocrx_word' id='word_1_598' title='bbox 2241 1430 2391 1486; x_wconf 82' lang='lat' dir='ltr'><strong>vides</strong></span> <span class='ocrx_word' id='word_1_599' title='bbox 2433 1447 2703 1488; x_wconf 90' lang='lat' dir='ltr'><strong>summum</strong></span> <span class='ocrx_word' id='word_1_600' title='bbox 2741 1449 2927 1489; x_wconf 87' lang='lat' dir='ltr'><strong>eorum</strong></span> <span class='ocrx_word' id='word_1_601' title='bbox 2966 1437 3379 1505; x_wconf 77' lang='lat' dir='ltr'><strong>contemptura?</strong></span> <span class='ocrx_word' id='word_1_602' title='bbox 3408 1453 3511 1491; x_wconf 91' lang='lat' dir='ltr'><strong>non</strong></span> <span class='ocrx_word' id='word_1_603' title='bbox 3538 1436 3688 1492; x_wconf 72' lang='lat' dir='ltr'><strong>vidt-s</strong></span> 
     </span>
    </p>
   </div>
   <div class='ocr_carea' id='block_1_75' title="bbox 2097 1524 3690 1596">
    <p class='ocr_par' dir='ltr' id='par_1_75' title="bbox 2097 1524 3690 1596">
     <span class='ocr_line' id='line_1_75' title="bbox 2097 1524 3690 1596; baseline 0.005 -24"><span class='ocrx_word' id='word_1_604' title='bbox 2097 1533 2281 1574; x_wconf 88' lang='lat' dir='ltr'><strong>eorum</strong></span> <span class='ocrx_word' id='word_1_605' title='bbox 2317 1536 2564 1591; x_wconf 87' lang='lat' dir='ltr'><strong>magnam</strong></span> <span class='ocrx_word' id='word_1_606' title='bbox 2602 1524 2899 1580; x_wconf 77' lang='lat' dir='ltr'><strong>insaniam?</strong></span> <span class='ocrx_word' id='word_1_607' title='bbox 2935 1526 3203 1596; x_wconf 86' lang='lat' dir='ltr'><strong>quomodo</strong></span> <span class='ocrx_word' id='word_1_608' title='bbox 3225 1527 3458 1583; x_wconf 87' lang='lat' dir='ltr'><strong>nondum</strong></span> <span class='ocrx_word' id='word_1_609' title='bbox 3491 1529 3690 1582; x_wconf 82' lang='lat' dir='ltr'><strong>satien—</strong></span> 
     </span>
    </p>
   </div>
   <div class='ocr_carea' id='block_1_76' title="bbox 2097 1611 3686 1685">
    <p class='ocr_par' dir='ltr' id='par_1_76' title="bbox 2097 1611 3686 1685">
     <span class='ocr_line' id='line_1_76' title="bbox 2097 1611 3686 1685; baseline 0.006 -23"><span class='ocrx_word' id='word_1_610' title='bbox 2097 1617 2184 1663; x_wconf 90' lang='lat' dir='ltr'><strong>tur</strong></span> <span class='ocrx_word' id='word_1_611' title='bbox 2225 1611 2530 1681; x_wconf 85' lang='lat' dir='ltr'><strong>impietate,</strong></span> <span class='ocrx_word' id='word_1_612' title='bbox 2577 1615 2672 1671; x_wconf 83' lang='lat' dir='ltr'><strong>sed</strong></span> <span class='ocrx_word' id='word_1_613' title='bbox 2710 1617 2860 1685; x_wconf 84' lang='lat' dir='ltr'><strong>quasi</strong></span> <span class='ocrx_word' id='word_1_614' title='bbox 2897 1632 2990 1672; x_wconf 88' lang='lat' dir='ltr'><strong>sus</strong></span> <span class='ocrx_word' id='word_1_615' title='bbox 3031 1618 3082 1672; x_wconf 92' lang='lat' dir='ltr'><strong>in</strong></span> <span class='ocrx_word' id='word_1_616' title='bbox 3123 1618 3332 1684; x_wconf 87' lang='lat' dir='ltr'><strong>luto,se</strong></span> <span class='ocrx_word' id='word_1_617' title='bbox 3362 1619 3598 1674; x_wconf 91' lang='lat' dir='ltr'><strong>volutent</strong></span> <span class='ocrx_word' id='word_1_618' title='bbox 3633 1618 3686 1672; x_wconf 93' lang='lat' dir='ltr'><strong>in</strong></span> 
     </span>
    </p>
   </div>
   <div class='ocr_carea' id='block_1_77' title="bbox 2096 1700 3689 1779">
    <p class='ocr_par' dir='ltr' id='par_1_77' title="bbox 2096 1700 3689 1779">
     <span class='ocr_line' id='line_1_77' title="bbox 2096 1700 3689 1779; baseline 0.008 -25"><span class='ocrx_word' id='word_1_619' title='bbox 2096 1700 2464 1766; x_wconf 78' lang='lat' dir='ltr'><strong>iniquitatibus</strong></span> <span class='ocrx_word' id='word_1_620' title='bbox 2507 1706 2655 1762; x_wconf 87' lang='lat' dir='ltr'><strong>suis?</strong></span> <span class='ocrx_word' id='word_1_621' title='bbox 2685 1710 2880 1764; x_wconf 86' lang='lat' dir='ltr'><strong>Annon</strong></span> <span class='ocrx_word' id='word_1_622' title='bbox 2919 1710 2963 1765; x_wconf 91' lang='lat' dir='ltr'><strong>si</strong></span> <span class='ocrx_word' id='word_1_623' title='bbox 3004 1711 3206 1767; x_wconf 86' lang='lat' dir='ltr'><strong>vellent</strong></span> <span class='ocrx_word' id='word_1_624' title='bbox 3231 1712 3467 1766; x_wconf 85' lang='lat' dir='ltr'><strong>converti</strong></span> <span class='ocrx_word' id='word_1_625' title='bbox 3491 1752 3511 1779; x_wconf 93' lang='lat'><strong>,</strong></span> <span class='ocrx_word' id='word_1_626' title='bbox 3539 1711 3689 1767; x_wconf 80' lang='lat' dir='ltr'><strong>audi-</strong></span> 
     </span>
    </p>
   </div>
   <div class='ocr_carea' id='block_1_78' title="bbox 2094 1795 3682 1874">
    <p class='ocr_par' dir='ltr' id='par_1_78' title="bbox 2094 1795 3682 1874">
     <span class='ocr_line' id='line_1_78' title="bbox 2094 1795 3682 1874; baseline 0.006 -27"><span class='ocrx_word' id='word_1_627' title='bbox 2094 1804 2214 1848; x_wconf 89' lang='lat' dir='ltr'><strong>rent</strong></span> <span class='ocrx_word' id='word_1_628' title='bbox 2242 1795 2627 1854; x_wconf 85' lang='lat' dir='ltr'><strong>coltortantcs?</strong></span> <span class='ocrx_word' id='word_1_629' title='bbox 2651 1799 2840 1856; x_wconf 89' lang='lat' dir='ltr'><strong>Nonne</strong></span> <span class='ocrx_word' id='word_1_630' title='bbox 2865 1817 2965 1872; x_wconf 84' lang='lat' dir='ltr'><strong>ego</strong></span> <span class='ocrx_word' id='word_1_631' title='bbox 2989 1817 3108 1857; x_wconf 89' lang='lat' dir='ltr'><strong>sum</strong></span> <span class='ocrx_word' id='word_1_632' title='bbox 3140 1819 3235 1872; x_wconf 88' lang='lat' dir='ltr'><strong>per</strong></span> <span class='ocrx_word' id='word_1_633' title='bbox 3263 1805 3549 1874; x_wconf 87' lang='lat' dir='ltr'><strong>prophetas</strong></span> <span class='ocrx_word' id='word_1_634' title='bbox 3575 1806 3682 1859; x_wconf 82' lang='lat' dir='ltr'><strong>cla-</strong></span> 
     </span>
    </p>
   </div>
   <div class='ocr_carea' id='block_1_79' title="bbox 2094 1889 3688 1964">
    <p class='ocr_par' dir='ltr' id='par_1_79' title="bbox 2094 1889 3688 1964">
     <span class='ocr_line' id='line_1_79' title="bbox 2094 1889 3688 1964; baseline 0.008 -26"><span class='ocrx_word' id='word_1_635' title='bbox 2094 1900 2247 1940; x_wconf 88' lang='lat' dir='ltr'><strong>mans</strong></span> <span class='ocrx_word' id='word_1_636' title='bbox 2267 1928 2282 1950; x_wconf 93' lang='lat'><strong>,</strong></span> <span class='ocrx_word' id='word_1_637' title='bbox 2313 1898 2369 1943; x_wconf 88' lang='lat' dir='ltr'><strong>et</strong></span> <span class='ocrx_word' id='word_1_638' title='bbox 2405 1889 2591 1946; x_wconf 87' lang='lat' dir='ltr'><strong>dicens</strong></span> <span class='ocrx_word' id='word_1_639' title='bbox 2617 1909 2631 1942; x_wconf 91' lang='lat'><strong><em>:</em></strong></span> <span class='ocrx_word' id='word_1_640' title='bbox 2664 1891 2730 1945; x_wconf 79' lang='lat' dir='ltr'><strong>Et</strong></span> <span class='ocrx_word' id='word_1_641' title='bbox 2755 1893 2865 1946; x_wconf 78' lang='lat' dir='ltr'><strong>dixi</strong></span> <span class='ocrx_word' id='word_1_642' title='bbox 2892 1904 3157 1964; x_wconf 83' lang='lat' dir='ltr'><strong>postquam</strong></span> <span class='ocrx_word' id='word_1_643' title='bbox 3183 1895 3296 1963; x_wconf 86' lang='lat' dir='ltr'><strong>ipsa</strong></span> <span class='ocrx_word' id='word_1_644' title='bbox 3319 1905 3538 1949; x_wconf 80' lang='lat' dir='ltr'><strong>scortatu</strong></span> <span class='ocrx_word' id='word_1_645' title='bbox 3569 1907 3643 1949; x_wconf 85' lang='lat' dir='ltr'><strong>est</strong></span> <span class='ocrx_word' id='word_1_646' title='bbox 3667 1911 3688 1950; x_wconf 91' lang='lat'><strong><em>:</em></strong></span> 
     </span>
    </p>
   </div>
   <div class='ocr_carea' id='block_1_80' title="bbox 2101 1974 3686 2052">
    <p class='ocr_par' dir='ltr' id='par_1_80' title="bbox 2101 1974 3686 2052">
     <span class='ocr_line' id='line_1_80' title="bbox 2101 1974 3686 2052; baseline 0.007 -23"><span class='ocrx_word' id='word_1_647' title='bbox 2101 1974 2224 2032; x_wconf 85' lang='lat' dir='ltr'><strong>Post</strong></span> <span class='ocrx_word' id='word_1_648' title='bbox 2264 1981 2372 2034; x_wconf 74' lang='lat' dir='ltr'><strong>lucc</strong></span> <span class='ocrx_word' id='word_1_649' title='bbox 2409 1983 2582 2035; x_wconf 89' lang='lat' dir='ltr'><strong>omnia</strong></span> <span class='ocrx_word' id='word_1_650' title='bbox 2619 1983 2688 2036; x_wconf 90' lang='lat' dir='ltr'><strong>ad</strong></span> <span class='ocrx_word' id='word_1_651' title='bbox 2713 2000 2792 2037; x_wconf 90' lang='lat' dir='ltr'><strong>me</strong></span> <span class='ocrx_word' id='word_1_652' title='bbox 2815 1995 3100 2040; x_wconf 82' lang='lat' dir='ltr'><strong>convertere</strong></span> <span class='ocrx_word' id='word_1_653' title='bbox 3117 2025 3133 2052; x_wconf 92' lang='lat'><strong>,</strong></span> <span class='ocrx_word' id='word_1_654' title='bbox 3157 1996 3323 2040; x_wconf 90' lang='lat' dir='ltr'><strong>etnon</strong></span> <span class='ocrx_word' id='word_1_655' title='bbox 3351 1996 3423 2039; x_wconf 87' lang='lat' dir='ltr'><strong>est</strong></span> <span class='ocrx_word' id='word_1_656' title='bbox 3447 2003 3686 2042; x_wconf 83' lang='lat' dir='ltr'><strong>conversa</strong></span> 
     </span>
    </p>
   </div>
   <div class='ocr_carea' id='block_1_81' title="bbox 2095 2069 3685 2148">
    <p class='ocr_par' dir='ltr' id='par_1_81' title="bbox 2095 2069 3685 2148">
     <span class='ocr_line' id='line_1_81' title="bbox 2095 2069 3685 2148; baseline 0.006 -26"><span class='ocrx_word' id='word_1_657' title='bbox 2095 2069 2205 2140; x_wconf 89' lang='lat' dir='ltr'><strong>(Id.</strong></span> <span class='ocrx_word' id='word_1_658' title='bbox 2237 2071 2291 2125; x_wconf 77' lang='lat'><strong>5.</strong></span> <span class='ocrx_word' id='word_1_659' title='bbox 2337 2073 2435 2143; x_wconf 86' lang='lat'><strong>7)?</strong></span> <span class='ocrx_word' id='word_1_660' title='bbox 2475 2073 2611 2128; x_wconf 91' lang='lat' dir='ltr'><strong>Num</strong></span> <span class='ocrx_word' id='word_1_661' title='bbox 2649 2075 2793 2130; x_wconf 89' lang='lat' dir='ltr'><strong>aliud</strong></span> <span class='ocrx_word' id='word_1_662' title='bbox 2837 2093 3054 2146; x_wconf 75' lang='lat' dir='ltr'><strong>qua-ro,</strong></span> <span class='ocrx_word' id='word_1_663' title='bbox 3083 2093 3246 2147; x_wconf 89' lang='lat' dir='ltr'><strong>quam</strong></span> <span class='ocrx_word' id='word_1_664' title='bbox 3270 2086 3322 2131; x_wconf 87' lang='lat' dir='ltr'><strong>ut</strong></span> <span class='ocrx_word' id='word_1_665' title='bbox 3351 2079 3628 2148; x_wconf 85' lang='lat' dir='ltr'><strong>quiescant</strong></span> <span class='ocrx_word' id='word_1_666' title='bbox 3655 2093 3685 2132; x_wconf 91' lang='lat' dir='ltr'><strong>a</strong></span> 
     </span>
    </p>
   </div>
   <div class='ocr_carea' id='block_1_82' title="bbox 2095 2166 3688 2236">
    <p class='ocr_par' dir='ltr' id='par_1_82' title="bbox 2095 2166 3688 2236">
     <span class='ocr_line' id='line_1_82' title="bbox 2095 2166 3688 2236; baseline 0.007 -25"><span class='ocrx_word' id='word_1_667' title='bbox 2095 2169 2313 2229; x_wconf 77' lang='lat' dir='ltr'><strong>p::cc:tto</strong></span> <span class='ocrx_word' id='word_1_668' title='bbox 2343 2171 2581 2232; x_wconf 87' lang='lat' dir='ltr'><strong>tantum,</strong></span> <span class='ocrx_word' id='word_1_669' title='bbox 2610 2173 2666 2219; x_wconf 91' lang='lat' dir='ltr'><strong>et</strong></span> <span class='ocrx_word' id='word_1_670' title='bbox 2693 2166 2886 2220; x_wconf 78' lang='lat' dir='ltr'><strong>sistant</strong></span> <span class='ocrx_word' id='word_1_671' title='bbox 2916 2167 3052 2221; x_wconf 88' lang='lat' dir='ltr'><strong>mala</strong></span> <span class='ocrx_word' id='word_1_672' title='bbox 3074 2167 3098 2221; x_wconf 89' lang='lat'><strong>?</strong></span> <span class='ocrx_word' id='word_1_673' title='bbox 3124 2183 3250 2221; x_wconf 90' lang='lat' dir='ltr'><strong>ntnn</strong></span> <span class='ocrx_word' id='word_1_674' title='bbox 3280 2184 3376 2236; x_wconf 89' lang='lat' dir='ltr'><strong>pro</strong></span> <span class='ocrx_word' id='word_1_675' title='bbox 3403 2169 3688 2236; x_wconf 74' lang='lat' dir='ltr'><strong>praeteritis</strong></span> 
     </span>
    </p>
   </div>
   <div class='ocr_carea' id='block_1_83' title="bbox 2093 2251 3686 2328">
    <p class='ocr_par' dir='ltr' id='par_1_83' title="bbox 2093 2251 3686 2328">
     <span class='ocr_line' id='line_1_83' title="bbox 2093 2251 3686 2328; baseline 0.006 -24"><span class='ocrx_word' id='word_1_676' title='bbox 2093 2251 2354 2306; x_wconf 87' lang='lat' dir='ltr'><strong>rationem</strong></span> <span class='ocrx_word' id='word_1_677' title='bbox 2399 2254 2594 2325; x_wconf 76' lang='lat' dir='ltr'><strong>exigo,</strong></span> <span class='ocrx_word' id='word_1_678' title='bbox 2641 2255 2686 2310; x_wconf 90' lang='lat' dir='ltr'><strong>si</strong></span> <span class='ocrx_word' id='word_1_679' title='bbox 2725 2255 2933 2312; x_wconf 89' lang='lat' dir='ltr'><strong>videam</strong></span> <span class='ocrx_word' id='word_1_680' title='bbox 2979 2257 3100 2312; x_wconf 92' lang='lat' dir='ltr'><strong>illos</strong></span> <span class='ocrx_word' id='word_1_681' title='bbox 3141 2257 3279 2313; x_wconf 86' lang='lat' dir='ltr'><strong>velle</strong></span> <span class='ocrx_word' id='word_1_682' title='bbox 3326 2257 3686 2328; x_wconf 50' lang='lat' dir='ltr'><strong>resipiscere?</strong></span> 
     </span>
    </p>
   </div>
   <div class='ocr_carea' id='block_1_84' title="bbox 2094 2347 3688 2421">
    <p class='ocr_par' dir='ltr' id='par_1_84' title="bbox 2094 2347 3688 2421">
     <span class='ocr_line' id='line_1_84' title="bbox 2094 2347 3688 2421; baseline 0.004 -24"><span class='ocrx_word' id='word_1_683' title='bbox 2094 2358 2272 2400; x_wconf 90' lang='lat' dir='ltr'><strong>nonne</strong></span> <span class='ocrx_word' id='word_1_684' title='bbox 2313 2347 2553 2415; x_wconf 88' lang='lat' dir='ltr'><strong>quotidie</strong></span> <span class='ocrx_word' id='word_1_685' title='bbox 2593 2349 2800 2418; x_wconf 89' lang='lat' dir='ltr'><strong>clamo,</strong></span> <span class='ocrx_word' id='word_1_686' title='bbox 2837 2349 3022 2405; x_wconf 89' lang='lat' dir='ltr'><strong>dicens</strong></span> <span class='ocrx_word' id='word_1_687' title='bbox 3067 2368 3083 2405; x_wconf 89' lang='lat'><strong><em>:</em></strong></span> <span class='ocrx_word' id='word_1_688' title='bbox 3135 2349 3399 2421; x_wconf 81' lang='lat' dir='ltr'><strong>Numquid</strong></span> <span class='ocrx_word' id='word_1_689' title='bbox 3437 2351 3688 2405; x_wconf 83' lang='lat' dir='ltr'><strong>voluntate</strong></span> 
     </span>
    </p>
   </div>
   <div class='ocr_carea' id='block_1_85' title="bbox 2093 2432 3688 2506">
    <p class='ocr_par' dir='ltr' id='par_1_85' title="bbox 2093 2432 3688 2506">
     <span class='ocr_line' id='line_1_85' title="bbox 2093 2432 3688 2506; baseline 0.006 -20"><span class='ocrx_word' id='word_1_690' title='bbox 2093 2432 2207 2488; x_wconf 75' lang='lat' dir='ltr'><strong>colo</strong></span> <span class='ocrx_word' id='word_1_691' title='bbox 2247 2446 2457 2490; x_wconf 89' lang='lat' dir='ltr'><strong>mortem</strong></span> <span class='ocrx_word' id='word_1_692' title='bbox 2503 2440 2809 2506; x_wconf 87' lang='lat' dir='ltr'><strong>peccatoris,</strong></span> <span class='ocrx_word' id='word_1_693' title='bbox 2853 2440 2984 2494; x_wconf 84' lang='lat' dir='ltr'><strong>sicut</strong></span> <span class='ocrx_word' id='word_1_694' title='bbox 3025 2441 3243 2494; x_wconf 80' lang='lat' dir='ltr'><strong>converti</strong></span> <span class='ocrx_word' id='word_1_695' title='bbox 3280 2458 3395 2494; x_wconf 86' lang='lat' dir='ltr'><strong>eum</strong></span> <span class='ocrx_word' id='word_1_696' title='bbox 3437 2451 3484 2496; x_wconf 89' lang='lat' dir='ltr'><strong>et</strong></span> <span class='ocrx_word' id='word_1_697' title='bbox 3524 2443 3688 2496; x_wconf 43' lang='lat' dir='ltr'><strong>trivere</strong></span> 
     </span>
    </p>
   </div>
   <div class='ocr_carea' id='block_1_86' title="bbox 2097 2524 3687 2600">
    <p class='ocr_par' dir='ltr' id='par_1_86' title="bbox 2097 2524 3687 2600">
     <span class='ocr_line' id='line_1_86' title="bbox 2097 2524 3687 2600; baseline 0.004 -22"><span class='ocrx_word' id='word_1_698' title='bbox 2097 2524 2309 2597; x_wconf 76' lang='lat' dir='ltr'><strong>(Ezeclt.</strong></span> <span class='ocrx_word' id='word_1_699' title='bbox 2344 2528 2429 2584; x_wconf 78' lang='lat'><strong>18.</strong></span> <span class='ocrx_word' id='word_1_700' title='bbox 2453 2527 2546 2598; x_wconf 78' lang='lat'><strong>23)</strong></span> <span class='ocrx_word' id='word_1_701' title='bbox 2568 2531 2591 2583; x_wconf 89' lang='lat'><strong>?</strong></span> <span class='ocrx_word' id='word_1_702' title='bbox 2613 2529 2799 2584; x_wconf 85' lang='lat' dir='ltr'><strong>Nonne</strong></span> <span class='ocrx_word' id='word_1_703' title='bbox 2829 2539 3108 2600; x_wconf 86' lang='lat' dir='ltr'><strong>prOptcrca</strong></span> <span class='ocrx_word' id='word_1_704' title='bbox 3137 2533 3314 2585; x_wconf 89' lang='lat' dir='ltr'><strong>omnia</strong></span> <span class='ocrx_word' id='word_1_705' title='bbox 3346 2531 3512 2596; x_wconf 87' lang='lat' dir='ltr'><strong>facio,</strong></span> <span class='ocrx_word' id='word_1_706' title='bbox 3535 2541 3592 2586; x_wconf 91' lang='lat' dir='ltr'><strong>ut</strong></span> <span class='ocrx_word' id='word_1_707' title='bbox 3617 2534 3687 2586; x_wconf 86' lang='lat' dir='ltr'><strong>ah</strong></span> 
     </span>
    </p>
   </div>
   <div class='ocr_carea' id='block_1_87' title="bbox 2093 2617 3686 2695">
    <p class='ocr_par' dir='ltr' id='par_1_87' title="bbox 2093 2617 3686 2695">
     <span class='ocr_line' id='line_1_87' title="bbox 2093 2617 3686 2695; baseline 0.004 -24"><span class='ocrx_word' id='word_1_708' title='bbox 2093 2617 2312 2673; x_wconf 89' lang='lat' dir='ltr'><strong>interitu</strong></span> <span class='ocrx_word' id='word_1_709' title='bbox 2350 2620 2573 2690; x_wconf 86' lang='lat' dir='ltr'><strong>eripiam</strong></span> <span class='ocrx_word' id='word_1_710' title='bbox 2601 2637 2696 2676; x_wconf 90' lang='lat' dir='ltr'><strong>eos</strong></span> <span class='ocrx_word' id='word_1_711' title='bbox 2719 2622 2808 2692; x_wconf 91' lang='lat' dir='ltr'><strong>qui</strong></span> <span class='ocrx_word' id='word_1_712' title='bbox 2839 2623 2908 2676; x_wconf 90' lang='lat' dir='ltr'><strong>ab</strong></span> <span class='ocrx_word' id='word_1_713' title='bbox 2936 2637 3119 2678; x_wconf 87' lang='lat' dir='ltr'><strong>errore</strong></span> <span class='ocrx_word' id='word_1_714' title='bbox 3149 2629 3500 2695; x_wconf 69' lang='lat' dir='ltr'><strong>prmoccupati</strong></span> <span class='ocrx_word' id='word_1_715' title='bbox 3522 2637 3640 2679; x_wconf 78' lang='lat' dir='ltr'><strong>sunt</strong></span> <span class='ocrx_word' id='word_1_716' title='bbox 3663 2625 3686 2678; x_wconf 84' lang='lat'><strong>?</strong></span> 
     </span>
    </p>
   </div>
   <div class='ocr_carea' id='block_1_88' title="bbox 2094 2709 3686 2786">
    <p class='ocr_par' dir='ltr' id='par_1_88' title="bbox 2094 2709 3686 2786">
     <span class='ocr_line' id='line_1_88' title="bbox 2094 2709 3686 2786; baseline 0.005 -23"><span class='ocrx_word' id='word_1_717' title='bbox 2094 2709 2287 2764; x_wconf 84' lang='lat' dir='ltr'><strong>Annon</strong></span> <span class='ocrx_word' id='word_1_718' title='bbox 2313 2710 2358 2765; x_wconf 93' lang='lat' dir='ltr'><strong>si</strong></span> <span class='ocrx_word' id='word_1_719' title='bbox 2384 2711 2592 2767; x_wconf 89' lang='lat' dir='ltr'><strong>videam</strong></span> <span class='ocrx_word' id='word_1_720' title='bbox 2619 2728 2907 2769; x_wconf 84' lang='lat' dir='ltr'><strong>conversos</strong></span> <span class='ocrx_word' id='word_1_721' title='bbox 2931 2755 2946 2781; x_wconf 94' lang='lat'><strong>,</strong></span> <span class='ocrx_word' id='word_1_722' title='bbox 2979 2714 3208 2770; x_wconf 74' lang='lat' dir='ltr'><strong>differo?</strong></span> <span class='ocrx_word' id='word_1_723' title='bbox 3233 2715 3418 2771; x_wconf 79' lang='lat' dir='ltr'><strong>Nonne</strong></span> <span class='ocrx_word' id='word_1_724' title='bbox 3443 2731 3544 2786; x_wconf 84' lang='lat' dir='ltr'><strong>ego</strong></span> <span class='ocrx_word' id='word_1_725' title='bbox 3565 2733 3686 2771; x_wconf 87' lang='lat' dir='ltr'><strong>sum</strong></span> 
     </span>
    </p>
   </div>
   <div class='ocr_carea' id='block_1_89' title="bbox 2092 2801 3685 2878">
    <p class='ocr_par' dir='ltr' id='par_1_89' title="bbox 2092 2801 3685 2878">
     <span class='ocr_line' id='line_1_89' title="bbox 2092 2801 3685 2878; baseline 0.006 -24"><span class='ocrx_word' id='word_1_726' title='bbox 2092 2801 2184 2870; x_wconf 90' lang='lat' dir='ltr'><strong>qui</strong></span> <span class='ocrx_word' id='word_1_727' title='bbox 2209 2801 2333 2856; x_wconf 90' lang='lat' dir='ltr'><strong>dico</strong></span> <span class='ocrx_word' id='word_1_728' title='bbox 2364 2819 2379 2856; x_wconf 89' lang='lat'><strong>:</strong></span> <span class='ocrx_word' id='word_1_729' title='bbox 2413 2803 2595 2857; x_wconf 76' lang='lat' dir='ltr'><strong>Adhuc</strong></span> <span class='ocrx_word' id='word_1_730' title='bbox 2624 2813 2672 2857; x_wconf 88' lang='lat' dir='ltr'><strong>te</strong></span> <span class='ocrx_word' id='word_1_731' title='bbox 2691 2803 2925 2875; x_wconf 83' lang='lat' dir='ltr'><strong>loquente</strong></span> <span class='ocrx_word' id='word_1_732' title='bbox 2951 2805 3118 2860; x_wconf 81' lang='lat' dir='ltr'><strong>dicam</strong></span> <span class='ocrx_word' id='word_1_733' title='bbox 3148 2822 3166 2860; x_wconf 93' lang='lat'><strong><em>:</em></strong></span> <span class='ocrx_word' id='word_1_734' title='bbox 3195 2823 3306 2862; x_wconf 82' lang='lat' dir='ltr'><strong>ecce</strong></span> <span class='ocrx_word' id='word_1_735' title='bbox 3329 2806 3512 2861; x_wconf 82' lang='lat' dir='ltr'><strong>adsum</strong></span> <span class='ocrx_word' id='word_1_736' title='bbox 3547 2806 3685 2878; x_wconf 83' lang='lat' dir='ltr'><strong>(lsa.</strong></span> 
     </span>
    </p>
   </div>
   <div class='ocr_carea' id='block_1_90' title="bbox 2093 2895 3685 2969">
    <p class='ocr_par' dir='ltr' id='par_1_90' title="bbox 2093 2895 3685 2969">
     <span class='ocr_line' id='line_1_90' title="bbox 2093 2895 3685 2969; baseline 0.003 -18"><span class='ocrx_word' id='word_1_737' title='bbox 2093 2895 2182 2951; x_wconf 81' lang='lat'><strong>58.</strong></span> <span class='ocrx_word' id='word_1_738' title='bbox 2207 2896 2266 2966; x_wconf 90' lang='lat'><strong>9)</strong></span> <span class='ocrx_word' id='word_1_739' title='bbox 2287 2897 2311 2951; x_wconf 88' lang='lat'><strong>?</strong></span> <span class='ocrx_word' id='word_1_740' title='bbox 2331 2897 2468 2952; x_wconf 90' lang='lat' dir='ltr'><strong>Num</strong></span> <span class='ocrx_word' id='word_1_741' title='bbox 2489 2898 2566 2953; x_wconf 90' lang='lat' dir='ltr'><strong>sic</strong></span> <span class='ocrx_word' id='word_1_742' title='bbox 2587 2898 2686 2969; x_wconf 89' lang='lat' dir='ltr'><strong>ipsi</strong></span> <span class='ocrx_word' id='word_1_743' title='bbox 2713 2912 2823 2954; x_wconf 72' lang='lat' dir='ltr'><strong>sua:</strong></span> <span class='ocrx_word' id='word_1_744' title='bbox 2843 2899 3030 2954; x_wconf 88' lang='lat' dir='ltr'><strong>salutis</strong></span> <span class='ocrx_word' id='word_1_745' title='bbox 3057 2901 3198 2955; x_wconf 90' lang='lat' dir='ltr'><strong>avidi</strong></span> <span class='ocrx_word' id='word_1_746' title='bbox 3226 2909 3371 2966; x_wconf 88' lang='lat' dir='ltr'><strong>sunt,</strong></span> <span class='ocrx_word' id='word_1_747' title='bbox 3397 2911 3455 2955; x_wconf 91' lang='lat' dir='ltr'><strong>ut</strong></span> <span class='ocrx_word' id='word_1_748' title='bbox 3478 2901 3605 2956; x_wconf 87' lang='lat' dir='ltr'><strong>mihi</strong></span> <span class='ocrx_word' id='word_1_749' title='bbox 3633 2901 3685 2956; x_wconf 91' lang='lat' dir='ltr'><strong>in</strong></span> 
     </span>
    </p>
   </div>
   <div class='ocr_carea' id='block_1_91' title="bbox 2096 2990 3688 3063">
    <p class='ocr_par' dir='ltr' id='par_1_91' title="bbox 2096 2990 3688 3063">
     <span class='ocr_line' id='line_1_91' title="bbox 2096 2990 3688 3063; baseline 0.003 -19"><span class='ocrx_word' id='word_1_750' title='bbox 2096 2990 2298 3059; x_wconf 87' lang='lat' dir='ltr'><strong>optatis</strong></span> <span class='ocrx_word' id='word_1_751' title='bbox 2325 3000 2408 3047; x_wconf 88' lang='lat' dir='ltr'><strong>est</strong></span> <span class='ocrx_word' id='word_1_752' title='bbox 2437 3007 2625 3047; x_wconf 86' lang='lat' dir='ltr'><strong>omnes</strong></span> <span class='ocrx_word' id='word_1_753' title='bbox 2652 2991 2894 3048; x_wconf 89' lang='lat' dir='ltr'><strong>homines</strong></span> <span class='ocrx_word' id='word_1_754' title='bbox 2921 2992 3100 3049; x_wconf 85' lang='lat' dir='ltr'><strong>salvos</strong></span> <span class='ocrx_word' id='word_1_755' title='bbox 3129 2993 3272 3060; x_wconf 84' lang='lat' dir='ltr'><strong>fieri,</strong></span> <span class='ocrx_word' id='word_1_756' title='bbox 3299 3002 3354 3048; x_wconf 88' lang='lat' dir='ltr'><strong>ct</strong></span> <span class='ocrx_word' id='word_1_757' title='bbox 3372 2993 3438 3048; x_wconf 90' lang='lat' dir='ltr'><strong>ad</strong></span> <span class='ocrx_word' id='word_1_758' title='bbox 3459 2993 3688 3063; x_wconf 79' lang='lat' dir='ltr'><strong>agnitio-</strong></span> 
     </span>
    </p>
   </div>
   <div class='ocr_carea' id='block_1_92' title="bbox 2094 3083 3684 3154">
    <p class='ocr_par' dir='ltr' id='par_1_92' title="bbox 2094 3083 3684 3154">
     <span class='ocr_line' id='line_1_92' title="bbox 2094 3083 3684 3154; baseline 0.002 -18"><span class='ocrx_word' id='word_1_759' title='bbox 2094 3097 2217 3137; x_wconf 88' lang='lat' dir='ltr'><strong>nem</strong></span> <span class='ocrx_word' id='word_1_760' title='bbox 2241 3085 2482 3139; x_wconf 80' lang='lat' dir='ltr'><strong>veritatis</strong></span> <span class='ocrx_word' id='word_1_761' title='bbox 2501 3083 2684 3140; x_wconf 87' lang='lat' dir='ltr'><strong>vcnire</strong></span> <span class='ocrx_word' id='word_1_762' title='bbox 2710 3085 2788 3153; x_wconf 83' lang='lat' dir='ltr'><strong>(l.</strong></span> <span class='ocrx_word' id='word_1_763' title='bbox 2814 3083 3000 3138; x_wconf 85' lang='lat' dir='ltr'><strong>Tim.2.</strong></span> <span class='ocrx_word' id='word_1_764' title='bbox 3032 3084 3132 3154; x_wconf 71' lang='lat' dir='ltr'><strong>tl)?</strong></span> <span class='ocrx_word' id='word_1_765' title='bbox 3157 3083 3294 3138; x_wconf 83' lang='lat' dir='ltr'><strong>Nunt</strong></span> <span class='ocrx_word' id='word_1_766' title='bbox 3323 3085 3466 3139; x_wconf 88' lang='lat' dir='ltr'><strong>enim</strong></span> <span class='ocrx_word' id='word_1_767' title='bbox 3497 3099 3593 3139; x_wconf 85' lang='lat' dir='ltr'><strong>vos</strong></span> <span class='ocrx_word' id='word_1_768' title='bbox 3621 3101 3684 3140; x_wconf 80' lang='lat' dir='ltr'><strong>ex</strong></span> 
     </span>
    </p>
   </div>
   <div class='ocr_carea' id='block_1_93' title="bbox 2095 3172 3684 3248">
    <p class='ocr_par' dir='ltr' id='par_1_93' title="bbox 2095 3172 3684 3248">
     <span class='ocr_line' id='line_1_93' title="bbox 2095 3172 3684 3248; baseline 0.003 -22"><span class='ocrx_word' id='word_1_769' title='bbox 2095 3172 2262 3228; x_wconf 88' lang='lat' dir='ltr'><strong>nihilo</strong></span> <span class='ocrx_word' id='word_1_770' title='bbox 2299 3174 2563 3244; x_wconf 77' lang='lat' dir='ltr'><strong>produxi,</strong></span> <span class='ocrx_word' id='word_1_771' title='bbox 2595 3185 2654 3230; x_wconf 90' lang='lat' dir='ltr'><strong>ut</strong></span> <span class='ocrx_word' id='word_1_772' title='bbox 2683 3175 2944 3244; x_wconf 82' lang='lat' dir='ltr'><strong>perdant?</strong></span> <span class='ocrx_word' id='word_1_773' title='bbox 2972 3191 3099 3230; x_wconf 89' lang='lat' dir='ltr'><strong>nttm</strong></span> <span class='ocrx_word' id='word_1_774' title='bbox 3129 3175 3244 3230; x_wconf 87' lang='lat' dir='ltr'><strong>sine</strong></span> <span class='ocrx_word' id='word_1_775' title='bbox 3273 3190 3432 3229; x_wconf 82' lang='lat' dir='ltr'><strong>causa</strong></span> <span class='ocrx_word' id='word_1_776' title='bbox 3465 3191 3684 3248; x_wconf 84' lang='lat' dir='ltr'><strong>regnum</strong></span> 
     </span>
    </p>
   </div>
   <div class='ocr_carea' id='block_1_94' title="bbox 2094 3262 3690 3336">
    <p class='ocr_par' dir='ltr' id='par_1_94' title="bbox 2094 3262 3690 3336">
     <span class='ocr_line' id='line_1_94' title="bbox 2094 3262 3690 3336; baseline 0.004 -20"><span class='ocrx_word' id='word_1_777' title='bbox 2094 3262 2328 3317; x_wconf 89' lang='lat' dir='ltr'><strong>futurum</strong></span> <span class='ocrx_word' id='word_1_778' title='bbox 2376 3273 2432 3318; x_wconf 89' lang='lat' dir='ltr'><strong>ct</strong></span> <span class='ocrx_word' id='word_1_779' title='bbox 2469 3265 2748 3319; x_wconf 89' lang='lat' dir='ltr'><strong>innumera</strong></span> <span class='ocrx_word' id='word_1_780' title='bbox 2793 3264 2930 3319; x_wconf 91' lang='lat' dir='ltr'><strong>bona</strong></span> <span class='ocrx_word' id='word_1_781' title='bbox 2972 3265 3308 3334; x_wconf 59' lang='lat' dir='ltr'><strong>praeparati?</strong></span> <span class='ocrx_word' id='word_1_782' title='bbox 3345 3268 3538 3322; x_wconf 87' lang='lat' dir='ltr'><strong>Annon</strong></span> <span class='ocrx_word' id='word_1_783' title='bbox 3569 3283 3690 3336; x_wconf 77' lang='lat' dir='ltr'><strong>pro-</strong></span> 
     </span>
    </p>
   </div>
   <div class='ocr_carea' id='block_1_95' title="bbox 2095 3354 3687 3426">
    <p class='ocr_par' dir='ltr' id='par_1_95' title="bbox 2095 3354 3687 3426">
     <span class='ocr_line' id='line_1_95' title="bbox 2095 3354 3687 3426; baseline 0.003 -19"><span class='ocrx_word' id='word_1_784' title='bbox 2095 3363 2216 3423; x_wconf 91' lang='lat' dir='ltr'><strong>pter</strong></span> <span class='ocrx_word' id='word_1_785' title='bbox 2246 3354 2348 3410; x_wconf 81' lang='lat' dir='ltr'><strong>ltoc</strong></span> <span class='ocrx_word' id='word_1_786' title='bbox 2385 3363 2440 3410; x_wconf 91' lang='lat' dir='ltr'><strong>et</strong></span> <span class='ocrx_word' id='word_1_787' title='bbox 2465 3355 2764 3426; x_wconf 86' lang='lat' dir='ltr'><strong>gehennam</strong></span> <span class='ocrx_word' id='word_1_788' title='bbox 2802 3357 3032 3410; x_wconf 83' lang='lat' dir='ltr'><strong>minatus</strong></span> <span class='ocrx_word' id='word_1_789' title='bbox 3068 3371 3222 3419; x_wconf 81' lang='lat' dir='ltr'><strong>sum,</strong></span> <span class='ocrx_word' id='word_1_790' title='bbox 3256 3366 3313 3412; x_wconf 90' lang='lat' dir='ltr'><strong>ut</strong></span> <span class='ocrx_word' id='word_1_791' title='bbox 3349 3357 3506 3424; x_wconf 80' lang='lat' dir='ltr'><strong>hujus</strong></span> <span class='ocrx_word' id='word_1_792' title='bbox 3545 3368 3687 3412; x_wconf 87' lang='lat' dir='ltr'><strong>metu</strong></span> 
     </span>
    </p>
   </div>
   <div class='ocr_carea' id='block_1_96' title="bbox 2094 3445 3686 3518">
    <p class='ocr_par' dir='ltr' id='par_1_96' title="bbox 2094 3445 3686 3518">
     <span class='ocr_line' id='line_1_96' title="bbox 2094 3445 3686 3518; baseline 0.001 -18"><span class='ocrx_word' id='word_1_793' title='bbox 2094 3445 2339 3501; x_wconf 87' lang='lat' dir='ltr'><strong>homines</strong></span> <span class='ocrx_word' id='word_1_794' title='bbox 2379 3447 2431 3502; x_wconf 92' lang='lat' dir='ltr'><strong>in</strong></span> <span class='ocrx_word' id='word_1_795' title='bbox 2463 3462 2688 3517; x_wconf 86' lang='lat' dir='ltr'><strong>regnum</strong></span> <span class='ocrx_word' id='word_1_796' title='bbox 2713 3450 2964 3503; x_wconf 70' lang='lat' dir='ltr'><strong>actorum</strong></span> <span class='ocrx_word' id='word_1_797' title='bbox 2993 3447 3368 3504; x_wconf 89' lang='lat' dir='ltr'><strong>introducam?</strong></span> <span class='ocrx_word' id='word_1_798' title='bbox 3393 3447 3471 3504; x_wconf 89' lang='lat' dir='ltr'><strong>Ne</strong></span> <span class='ocrx_word' id='word_1_799' title='bbox 3498 3449 3686 3518; x_wconf 87' lang='lat' dir='ltr'><strong>igitur,</strong></span> 
     </span>
    </p>
   </div>
   <div class='ocr_carea' id='block_1_97' title="bbox 2094 3535 3690 3612">
    <p class='ocr_par' dir='ltr' id='par_1_97' title="bbox 2094 3535 3690 3612">
     <span class='ocr_line' id='line_1_97' title="bbox 2094 3535 3690 3612; baseline 0.001 -20"><span class='ocrx_word' id='word_1_800' title='bbox 2094 3551 2128 3591; x_wconf 95' lang='lat' dir='ltr'><strong>o</strong></span> <span class='ocrx_word' id='word_1_801' title='bbox 2157 3537 2311 3593; x_wconf 85' lang='lat' dir='ltr'><strong>beate</strong></span> <span class='ocrx_word' id='word_1_802' title='bbox 2339 3537 2598 3608; x_wconf 85' lang='lat' dir='ltr'><strong>pr0pheta</strong></span> <span class='ocrx_word' id='word_1_803' title='bbox 2620 3580 2636 3606; x_wconf 94' lang='lat'><strong>,</strong></span> <span class='ocrx_word' id='word_1_804' title='bbox 2671 3539 2793 3594; x_wconf 90' lang='lat' dir='ltr'><strong>illos</strong></span> <span class='ocrx_word' id='word_1_805' title='bbox 2823 3541 3128 3612; x_wconf 85' lang='lat' dir='ltr'><strong>relinquens</strong></span> <span class='ocrx_word' id='word_1_806' title='bbox 3150 3583 3166 3608; x_wconf 95' lang='lat'><strong>,</strong></span> <span class='ocrx_word' id='word_1_807' title='bbox 3193 3540 3323 3596; x_wconf 90' lang='lat' dir='ltr'><strong>mihi</strong></span> <span class='ocrx_word' id='word_1_808' title='bbox 3347 3535 3540 3595; x_wconf 71' lang='lat' dir='ltr'><strong>afferas</strong></span> <span class='ocrx_word' id='word_1_809' title='bbox 3564 3553 3690 3595; x_wconf 87' lang='lat' dir='ltr'><strong>ora-</strong></span> 
     </span>
    </p>
   </div>
   <div class='ocr_carea' id='block_1_98' title="bbox 2097 3629 3689 3695">
    <p class='ocr_par' dir='ltr' id='par_1_98' title="bbox 2097 3629 3689 3695">
     <span class='ocr_line' id='line_1_98' title="bbox 2097 3629 3689 3695; baseline 0.001 -12"><span class='ocrx_word' id='word_1_810' title='bbox 2097 3629 2294 3684; x_wconf 85' lang='lat' dir='ltr'><strong>tionem</strong></span> <span class='ocrx_word' id='word_1_811' title='bbox 2342 3647 2356 3686; x_wconf 90' lang='lat'><strong>:</strong></span> <span class='ocrx_word' id='word_1_812' title='bbox 2401 3630 2496 3686; x_wconf 88' lang='lat' dir='ltr'><strong>sed</strong></span> <span class='ocrx_word' id='word_1_813' title='bbox 2540 3630 2665 3686; x_wconf 92' lang='lat' dir='ltr'><strong>illud</strong></span> <span class='ocrx_word' id='word_1_814' title='bbox 2712 3649 2876 3688; x_wconf 90' lang='lat' dir='ltr'><strong>unum</strong></span> <span class='ocrx_word' id='word_1_815' title='bbox 2933 3634 3026 3689; x_wconf 90' lang='lat' dir='ltr'><strong>tibi</strong></span> <span class='ocrx_word' id='word_1_816' title='bbox 3076 3649 3218 3688; x_wconf 71' lang='lat' dir='ltr'><strong>cura:</strong></span> <span class='ocrx_word' id='word_1_817' title='bbox 3251 3632 3358 3695; x_wconf 85' lang='lat' dir='ltr'><strong>sit,</strong></span> <span class='ocrx_word' id='word_1_818' title='bbox 3389 3643 3443 3686; x_wconf 92' lang='lat' dir='ltr'><strong>ut</strong></span> <span class='ocrx_word' id='word_1_819' title='bbox 3478 3631 3689 3686; x_wconf 90' lang='lat' dir='ltr'><strong>illorum</strong></span> 
     </span>
    </p>
   </div>
   <div class='ocr_carea' id='block_1_99' title="bbox 2095 3722 3693 3794">
    <p class='ocr_par' dir='ltr' id='par_1_99' title="bbox 2095 3722 3693 3794">
     <span class='ocr_line' id='line_1_99' title="bbox 2095 3722 3693 3794; baseline 0.001 -17"><span class='ocrx_word' id='word_1_820' title='bbox 2095 3722 2315 3778; x_wconf 85' lang='lat' dir='ltr'><strong>morbus</strong></span> <span class='ocrx_word' id='word_1_821' title='bbox 2347 3733 2602 3792; x_wconf 68' lang='lat' dir='ltr'><strong>sanetur,</strong></span> <span class='ocrx_word' id='word_1_822' title='bbox 2632 3733 2689 3780; x_wconf 90' lang='lat' dir='ltr'><strong>et</strong></span> <span class='ocrx_word' id='word_1_823' title='bbox 2718 3725 2770 3780; x_wconf 90' lang='lat' dir='ltr'><strong>in</strong></span> <span class='ocrx_word' id='word_1_824' title='bbox 2798 3741 3016 3782; x_wconf 81' lang='lat' dir='ltr'><strong>sensum</strong></span> <span class='ocrx_word' id='word_1_825' title='bbox 3047 3723 3370 3781; x_wconf 85' lang='lat' dir='ltr'><strong>infirmitatis</strong></span> <span class='ocrx_word' id='word_1_826' title='bbox 3395 3740 3507 3780; x_wconf 79' lang='lat' dir='ltr'><strong>sua:</strong></span> <span class='ocrx_word' id='word_1_827' title='bbox 3531 3733 3693 3794; x_wconf 86' lang='lat' dir='ltr'><strong>atque</strong></span> 
     </span>
    </p>
   </div>
   <div class='ocr_carea' id='block_1_100' title="bbox 2096 3814 3692 3888">
    <p class='ocr_par' dir='ltr' id='par_1_100' title="bbox 2096 3814 3692 3888">
     <span class='ocr_line' id='line_1_100' title="bbox 2096 3814 3692 3888; baseline 0.002 -20"><span class='ocrx_word' id='word_1_828' title='bbox 2096 3814 2164 3869; x_wconf 90' lang='lat' dir='ltr'><strong>ad</strong></span> <span class='ocrx_word' id='word_1_829' title='bbox 2199 3815 2554 3872; x_wconf 86' lang='lat' dir='ltr'><strong>valetudinem</strong></span> <span class='ocrx_word' id='word_1_830' title='bbox 2593 3817 2693 3888; x_wconf 91' lang='lat' dir='ltr'><strong>ipsi</strong></span> <span class='ocrx_word' id='word_1_831' title='bbox 2733 3819 3095 3885; x_wconf 79' lang='lat' dir='ltr'><strong>reducantur;</strong></span> <span class='ocrx_word' id='word_1_832' title='bbox 3139 3827 3193 3873; x_wconf 87' lang='lat' dir='ltr'><strong>ct</strong></span> <span class='ocrx_word' id='word_1_833' title='bbox 3219 3834 3334 3872; x_wconf 85' lang='lat' dir='ltr'><strong>mea</strong></span> <span class='ocrx_word' id='word_1_834' title='bbox 3362 3817 3580 3872; x_wconf 87' lang='lat' dir='ltr'><strong>omnino</strong></span> <span class='ocrx_word' id='word_1_835' title='bbox 3607 3831 3692 3872; x_wconf 88' lang='lat' dir='ltr'><strong>se-</strong></span> 
     </span>
    </p>
   </div>
   <div class='ocr_carea' id='block_1_101' title="bbox 2096 3907 3692 3978">
    <p class='ocr_par' dir='ltr' id='par_1_101' title="bbox 2096 3907 3692 3978">
     <span class='ocr_line' id='line_1_101' title="bbox 2096 3907 3692 3978; baseline 0.002 -18"><span class='ocrx_word' id='word_1_836' title='bbox 2096 3917 2345 3976; x_wconf 90' lang='lat' dir='ltr'><strong>quentur.</strong></span> <span class='ocrx_word' id='word_1_837' title='bbox 2391 3908 2576 3978; x_wconf 79' lang='lat' dir='ltr'><strong>Neque</strong></span> <span class='ocrx_word' id='word_1_838' title='bbox 2625 3911 2770 3964; x_wconf 86' lang='lat' dir='ltr'><strong>enim</strong></span> <span class='ocrx_word' id='word_1_839' title='bbox 2817 3928 3036 3976; x_wconf 91' lang='lat' dir='ltr'><strong>moror,</strong></span> <span class='ocrx_word' id='word_1_840' title='bbox 3087 3910 3170 3965; x_wconf 87' lang='lat' dir='ltr'><strong>vel</strong></span> <span class='ocrx_word' id='word_1_841' title='bbox 3215 3909 3439 3975; x_wconf 77' lang='lat' dir='ltr'><strong>differo,</strong></span> <span class='ocrx_word' id='word_1_842' title='bbox 3480 3907 3692 3976; x_wconf 90' lang='lat' dir='ltr'><strong>quando</strong></span> 
     </span>
    </p>
   </div>
   <div class='ocr_carea' id='block_1_102' title="bbox 2096 3999 3679 4070">
    <p class='ocr_par' dir='ltr' id='par_1_102' title="bbox 2096 3999 3679 4070">
     <span class='ocr_line' id='line_1_102' title="bbox 2096 3999 3679 4070; baseline -0.001 -17"><span class='ocrx_word' id='word_1_843' title='bbox 2096 3999 2253 4054; x_wconf 87' lang='lat' dir='ltr'><strong>video</strong></span> <span class='ocrx_word' id='word_1_844' title='bbox 2290 4003 2521 4055; x_wconf 90' lang='lat' dir='ltr'><strong>animam</strong></span> <span class='ocrx_word' id='word_1_845' title='bbox 2549 4009 2756 4070; x_wconf 85' lang='lat' dir='ltr'><strong>gratam</strong></span> <span class='ocrx_word' id='word_1_846' title='bbox 2787 4017 2800 4053; x_wconf 88' lang='lat'><strong>:</strong></span> <span class='ocrx_word' id='word_1_847' title='bbox 2836 4017 2998 4054; x_wconf 91' lang='lat' dir='ltr'><strong>unum</strong></span> <span class='ocrx_word' id='word_1_848' title='bbox 3023 4001 3166 4054; x_wconf 90' lang='lat' dir='ltr'><strong>cnint</strong></span> <span class='ocrx_word' id='word_1_849' title='bbox 3192 4010 3395 4052; x_wconf 88' lang='lat' dir='ltr'><strong>tantum</strong></span> <span class='ocrx_word' id='word_1_850' title='bbox 3423 3999 3638 4067; x_wconf 72' lang='lat' dir='ltr'><strong>requiro</strong></span> <span class='ocrx_word' id='word_1_851' title='bbox 3663 4039 3679 4064; x_wconf 95' lang='lat'><strong>,</strong></span> 
     </span>
    </p>
   </div>
   <div class='ocr_carea' id='block_1_103' title="bbox 2099 4089 3684 4160">
    <p class='ocr_par' dir='ltr' id='par_1_103' title="bbox 2099 4089 3684 4160">
     <span class='ocr_line' id='line_1_103' title="bbox 2099 4089 3684 4160; baseline 0 -16"><span class='ocrx_word' id='word_1_852' title='bbox 2099 4106 2289 4159; x_wconf 88' lang='lat' dir='ltr'><strong>ncntpc</strong></span> <span class='ocrx_word' id='word_1_853' title='bbox 2318 4101 2374 4145; x_wconf 90' lang='lat' dir='ltr'><strong>ut</strong></span> <span class='ocrx_word' id='word_1_854' title='bbox 2401 4092 2761 4144; x_wconf 87' lang='lat' dir='ltr'><strong>confiteantur</strong></span> <span class='ocrx_word' id='word_1_855' title='bbox 2787 4099 3000 4160; x_wconf 85' lang='lat' dir='ltr'><strong>peccata</strong></span> <span class='ocrx_word' id='word_1_856' title='bbox 3019 4131 3034 4156; x_wconf 97' lang='lat'><strong>,</strong></span> <span class='ocrx_word' id='word_1_857' title='bbox 3065 4101 3119 4144; x_wconf 89' lang='lat' dir='ltr'><strong>et</strong></span> <span class='ocrx_word' id='word_1_858' title='bbox 3143 4090 3212 4144; x_wconf 87' lang='lat' dir='ltr'><strong>ab</strong></span> <span class='ocrx_word' id='word_1_859' title='bbox 3239 4091 3318 4144; x_wconf 90' lang='lat' dir='ltr'><strong>eis</strong></span> <span class='ocrx_word' id='word_1_860' title='bbox 3346 4089 3684 4156; x_wconf 76' lang='lat' dir='ltr'><strong>abstineant,</strong></span> 
     </span>
    </p>
   </div>
   <div class='ocr_carea' id='block_1_104' title="bbox 2097 4178 3692 4250">
    <p class='ocr_par' dir='ltr' id='par_1_104' title="bbox 2097 4178 3692 4250">
     <span class='ocr_line' id='line_1_104' title="bbox 2097 4178 3692 4250; baseline 0.001 -15"><span class='ocrx_word' id='word_1_861' title='bbox 2097 4188 2154 4235; x_wconf 88' lang='lat' dir='ltr'><strong>et</strong></span> <span class='ocrx_word' id='word_1_862' title='bbox 2195 4195 2299 4234; x_wconf 81' lang='lat' dir='ltr'><strong>non</strong></span> <span class='ocrx_word' id='word_1_863' title='bbox 2348 4181 2484 4235; x_wconf 89' lang='lat' dir='ltr'><strong>ultra</strong></span> <span class='ocrx_word' id='word_1_864' title='bbox 2525 4178 2700 4234; x_wconf 86' lang='lat' dir='ltr'><strong>infero</strong></span> <span class='ocrx_word' id='word_1_865' title='bbox 2745 4195 2956 4250; x_wconf 77' lang='lat' dir='ltr'><strong>pmnam</strong></span> <span class='ocrx_word' id='word_1_866' title='bbox 2996 4182 3252 4250; x_wconf 86' lang='lat' dir='ltr'><strong>peccatis.</strong></span> <span class='ocrx_word' id='word_1_867' title='bbox 3287 4179 3422 4234; x_wconf 80' lang='lat' dir='ltr'><strong>Num</strong></span> <span class='ocrx_word' id='word_1_868' title='bbox 3447 4194 3610 4250; x_wconf 84' lang='lat' dir='ltr'><strong>grave</strong></span> <span class='ocrx_word' id='word_1_869' title='bbox 3637 4191 3692 4237; x_wconf 90' lang='lat' dir='ltr'><strong>et</strong></span> 
     </span>
    </p>
   </div>
   <div class='ocr_carea' id='block_1_105' title="bbox 2097 4271 3690 4341">
    <p class='ocr_par' dir='ltr' id='par_1_105' title="bbox 2097 4271 3690 4341">
     <span class='ocr_line' id='line_1_105' title="bbox 2097 4271 3690 4341; baseline 0.002 -15"><span class='ocrx_word' id='word_1_870' title='bbox 2097 4272 2384 4327; x_wconf 89' lang='lat' dir='ltr'><strong>molestum</strong></span> <span class='ocrx_word' id='word_1_871' title='bbox 2430 4280 2515 4326; x_wconf 90' lang='lat' dir='ltr'><strong>est</strong></span> <span class='ocrx_word' id='word_1_872' title='bbox 2560 4271 2704 4341; x_wconf 88' lang='lat' dir='ltr'><strong>quod</strong></span> <span class='ocrx_word' id='word_1_873' title='bbox 2754 4287 2784 4325; x_wconf 91' lang='lat' dir='ltr'><strong>a</strong></span> <span class='ocrx_word' id='word_1_874' title='bbox 2833 4288 2920 4326; x_wconf 89' lang='lat' dir='ltr'><strong>tne</strong></span> <span class='ocrx_word' id='word_1_875' title='bbox 2964 4271 3314 4340; x_wconf 88' lang='lat' dir='ltr'><strong>proponitur?</strong></span> <span class='ocrx_word' id='word_1_876' title='bbox 3356 4271 3468 4326; x_wconf 82' lang='lat' dir='ltr'><strong>Nisi</strong></span> <span class='ocrx_word' id='word_1_877' title='bbox 3495 4271 3690 4329; x_wconf 88' lang='lat' dir='ltr'><strong>scirem</strong></span> 
     </span>
    </p>
   </div>
   <div class='ocr_carea' id='block_1_106' title="bbox 2097 4362 3693 4433">
    <p class='ocr_par' dir='ltr' id='par_1_106' title="bbox 2097 4362 3693 4433">
     <span class='ocr_line' id='line_1_106' title="bbox 2097 4362 3693 4433; baseline 0.002 -15"><span class='ocrx_word' id='word_1_878' title='bbox 2097 4363 2394 4419; x_wconf 89' lang='lat' dir='ltr'><strong>deteriores</strong></span> <span class='ocrx_word' id='word_1_879' title='bbox 2425 4363 2539 4418; x_wconf 84' lang='lat' dir='ltr'><strong>fieri</strong></span> <span class='ocrx_word' id='word_1_880' title='bbox 2557 4404 2572 4427; x_wconf 90' lang='lat'><strong>,</strong></span> <span class='ocrx_word' id='word_1_881' title='bbox 2606 4362 2819 4432; x_wconf 89' lang='lat' dir='ltr'><strong>quando</strong></span> <span class='ocrx_word' id='word_1_882' title='bbox 2846 4363 3023 4433; x_wconf 87' lang='lat' dir='ltr'><strong>priora</strong></span> <span class='ocrx_word' id='word_1_883' title='bbox 3054 4371 3266 4432; x_wconf 85' lang='lat' dir='ltr'><strong>peccata</strong></span> <span class='ocrx_word' id='word_1_884' title='bbox 3291 4379 3399 4419; x_wconf 91' lang='lat' dir='ltr'><strong>non</strong></span> <span class='ocrx_word' id='word_1_885' title='bbox 3427 4364 3693 4421; x_wconf 85' lang='lat' dir='ltr'><strong>confiten-</strong></span> 
     </span>
    </p>
   </div>
   <div class='ocr_carea' id='block_1_107' title="bbox 2099 4454 3679 4526">
    <p class='ocr_par' dir='ltr' id='par_1_107' title="bbox 2099 4454 3679 4526">
     <span class='ocr_line' id='line_1_107' title="bbox 2099 4454 3679 4526; baseline 0.001 -16"><span class='ocrx_word' id='word_1_886' title='bbox 2099 4465 2213 4522; x_wconf 89' lang='lat' dir='ltr'><strong>tur,</strong></span> <span class='ocrx_word' id='word_1_887' title='bbox 2245 4470 2417 4525; x_wconf 87' lang='lat' dir='ltr'><strong>neque</strong></span> <span class='ocrx_word' id='word_1_888' title='bbox 2438 4454 2665 4525; x_wconf 91' lang='lat' dir='ltr'><strong>idipsum</strong></span> <span class='ocrx_word' id='word_1_889' title='bbox 2692 4454 3040 4524; x_wconf 89' lang='lat' dir='ltr'><strong>requirerem.</strong></span> <span class='ocrx_word' id='word_1_890' title='bbox 3072 4454 3267 4510; x_wconf 80' lang='lat' dir='ltr'><strong>Verum</strong></span> <span class='ocrx_word' id='word_1_891' title='bbox 3293 4456 3416 4526; x_wconf 90' lang='lat' dir='ltr'><strong>quia</strong></span> <span class='ocrx_word' id='word_1_892' title='bbox 3439 4457 3552 4512; x_wconf 91' lang='lat' dir='ltr'><strong>scio</strong></span> <span class='ocrx_word' id='word_1_893' title='bbox 3579 4457 3679 4512; x_wconf 84' lang='lat' dir='ltr'><strong>lto-</strong></span> 
     </span>
    </p>
   </div>
   <div class='ocr_carea' id='block_1_108' title="bbox 2100 4545 3688 4619">
    <p class='ocr_par' dir='ltr' id='par_1_108' title="bbox 2100 4545 3688 4619">
     <span class='ocr_line' id='line_1_108' title="bbox 2100 4545 3688 4619; baseline 0.003 -18"><span class='ocrx_word' id='word_1_894' title='bbox 2100 4546 2302 4602; x_wconf 91' lang='lat' dir='ltr'><strong>minum</strong></span> <span class='ocrx_word' id='word_1_895' title='bbox 2337 4561 2505 4616; x_wconf 81' lang='lat' dir='ltr'><strong>genus</strong></span> <span class='ocrx_word' id='word_1_896' title='bbox 2535 4545 2704 4616; x_wconf 91' lang='lat' dir='ltr'><strong>magis</strong></span> <span class='ocrx_word' id='word_1_897' title='bbox 2731 4545 2799 4600; x_wconf 91' lang='lat' dir='ltr'><strong>ad</strong></span> <span class='ocrx_word' id='word_1_898' title='bbox 2831 4555 3104 4615; x_wconf 89' lang='lat' dir='ltr'><strong>peccatum</strong></span> <span class='ocrx_word' id='word_1_899' title='bbox 3133 4561 3373 4617; x_wconf 84' lang='lat' dir='ltr'><strong>vergere,</strong></span> <span class='ocrx_word' id='word_1_900' title='bbox 3407 4558 3688 4619; x_wconf 87' lang='lat' dir='ltr'><strong>propterea</strong></span> 
     </span>
    </p>
   </div>
   <div class='ocr_carea' id='block_1_109' title="bbox 2099 4637 3693 4708">
    <p class='ocr_par' dir='ltr' id='par_1_109' title="bbox 2099 4637 3693 4708">
     <span class='ocr_line' id='line_1_109' title="bbox 2099 4637 3693 4708; baseline 0.004 -16"><span class='ocrx_word' id='word_1_901' title='bbox 2099 4638 2224 4693; x_wconf 89' lang='lat' dir='ltr'><strong>volo</strong></span> <span class='ocrx_word' id='word_1_902' title='bbox 2267 4649 2324 4693; x_wconf 88' lang='grc' dir='ltr'><strong>ιιι</strong></span> <span class='ocrx_word' id='word_1_903' title='bbox 2372 4638 2729 4693; x_wconf 86' lang='lat' dir='ltr'><strong>confiteantur</strong></span> <span class='ocrx_word' id='word_1_904' title='bbox 2771 4637 2946 4708; x_wconf 85' lang='lat' dir='ltr'><strong>priora</strong></span> <span class='ocrx_word' id='word_1_905' title='bbox 2988 4647 3236 4708; x_wconf 87' lang='lat' dir='ltr'><strong>peccata,</strong></span> <span class='ocrx_word' id='word_1_906' title='bbox 3277 4648 3332 4696; x_wconf 87' lang='lat' dir='ltr'><strong>et</strong></span> <span class='ocrx_word' id='word_1_907' title='bbox 3355 4641 3693 4699; x_wconf 73' lang='lat' dir='ltr'><strong>confessione</strong></span> 
     </span>
    </p>
   </div>
   <div class='ocr_carea' id='block_1_110' title="bbox 2103 4727 3158 4799">
    <p class='ocr_par' dir='ltr' id='par_1_110' title="bbox 2103 4727 3158 4799">
     <span class='ocr_line' id='line_1_110' title="bbox 2103 4727 3158 4799; baseline -0.001 -15"><span class='ocrx_word' id='word_1_908' title='bbox 2103 4727 2484 4799; x_wconf 79' lang='lat' dir='ltr'><strong>prohibeantur</strong></span> <span class='ocrx_word' id='word_1_909' title='bbox 2512 4743 2578 4784; x_wconf 89' lang='lat' dir='ltr'><strong>ne</strong></span> <span class='ocrx_word' id='word_1_910' title='bbox 2605 4727 2658 4783; x_wconf 90' lang='lat' dir='ltr'><strong>in</strong></span> <span class='ocrx_word' id='word_1_911' title='bbox 2680 4727 2868 4784; x_wconf 85' lang='lat' dir='ltr'><strong>eadem</strong></span> <span class='ocrx_word' id='word_1_912' title='bbox 2897 4728 3158 4784; x_wconf 87' lang='lat' dir='ltr'><strong>recidant.</strong></span> 
     </span>
    </p>
   </div>
   <div class='ocr_carea' id='block_1_111' title="bbox 2171 4819 3693 4890">
    <p class='ocr_par' dir='ltr' id='par_1_111' title="bbox 2171 4819 3693 4890">
     <span class='ocr_line' id='line_1_111' title="bbox 2171 4819 3693 4890; baseline 0.002 -16"><span class='ocrx_word' id='word_1_913' title='bbox 2171 4819 2225 4874; x_wconf 81' lang='grc'>5.</span> <span class='ocrx_word' id='word_1_914' title='bbox 2262 4819 2389 4874; x_wconf 74' lang='lat' dir='ltr'><strong>llaec</strong></span> <span class='ocrx_word' id='word_1_915' title='bbox 2414 4819 2574 4889; x_wconf 89' lang='lat' dir='ltr'><strong>igitur</strong></span> <span class='ocrx_word' id='word_1_916' title='bbox 2603 4821 2898 4890; x_wconf 87' lang='lat' dir='ltr'><strong>cogitantes</strong></span> <span class='ocrx_word' id='word_1_917' title='bbox 2917 4861 2932 4884; x_wconf 94' lang='lat'><strong>,</strong></span> <span class='ocrx_word' id='word_1_918' title='bbox 2965 4820 3182 4888; x_wconf 84' lang='lat' dir='ltr'><strong>dilecti,</strong></span> <span class='ocrx_word' id='word_1_919' title='bbox 3212 4837 3276 4876; x_wconf 87' lang='lat' dir='ltr'><strong>ac</strong></span> <span class='ocrx_word' id='word_1_920' title='bbox 3306 4822 3512 4877; x_wconf 89' lang='lat' dir='ltr'><strong>Domini</strong></span> <span class='ocrx_word' id='word_1_921' title='bbox 3535 4822 3693 4878; x_wconf 87' lang='lat' dir='ltr'><strong>beni-</strong></span> 
     </span>
    </p>
   </div>
   <div class='ocr_carea' id='block_1_112' title="bbox 2099 4909 3690 4982">
    <p class='ocr_par' dir='ltr' id='par_1_112' title="bbox 2099 4909 3690 4982">
     <span class='ocr_line' id='line_1_112' title="bbox 2099 4909 3690 4982; baseline 0.003 -17"><span class='ocrx_word' id='word_1_922' title='bbox 2099 4910 2354 4982; x_wconf 88' lang='lat' dir='ltr'><strong>gnitatem</strong></span> <span class='ocrx_word' id='word_1_923' title='bbox 2383 4910 2435 4965; x_wconf 91' lang='lat' dir='ltr'><strong>in</strong></span> <span class='ocrx_word' id='word_1_924' title='bbox 2461 4909 2639 4964; x_wconf 90' lang='lat' dir='ltr'><strong>animo</strong></span> <span class='ocrx_word' id='word_1_925' title='bbox 2664 4921 2940 4967; x_wconf 85' lang='lat' dir='ltr'><strong>versantes</strong></span> <span class='ocrx_word' id='word_1_926' title='bbox 2962 4952 2977 4976; x_wconf 91' lang='lat'><strong>,</strong></span> <span class='ocrx_word' id='word_1_927' title='bbox 3010 4927 3077 4968; x_wconf 89' lang='lat' dir='ltr'><strong>ne</strong></span> <span class='ocrx_word' id='word_1_928' title='bbox 3105 4913 3274 4967; x_wconf 90' lang='lat' dir='ltr'><strong>simus</strong></span> <span class='ocrx_word' id='word_1_929' title='bbox 3300 4912 3514 4969; x_wconf 84' lang='lat' dir='ltr'><strong>desides</strong></span> <span class='ocrx_word' id='word_1_930' title='bbox 3549 4931 3563 4968; x_wconf 89' lang='lat'><strong>:</strong></span> <span class='ocrx_word' id='word_1_931' title='bbox 3595 4914 3690 4970; x_wconf 85' lang='lat' dir='ltr'><strong>sed</strong></span> 
     </span>
    </p>
   </div>
   <div class='ocr_carea' id='block_1_113' title="bbox 2102 5001 3680 5073">
    <p class='ocr_par' dir='ltr' id='par_1_113' title="bbox 2102 5001 3680 5073">
     <span class='ocr_line' id='line_1_113' title="bbox 2102 5001 3680 5073; baseline 0.001 -17"><span class='ocrx_word' id='word_1_932' title='bbox 2102 5017 2346 5072; x_wconf 89' lang='lat' dir='ltr'><strong>magnam</strong></span> <span class='ocrx_word' id='word_1_933' title='bbox 2375 5001 2541 5056; x_wconf 90' lang='lat' dir='ltr'><strong>nostri</strong></span> <span class='ocrx_word' id='word_1_934' title='bbox 2565 5001 2799 5071; x_wconf 89' lang='lat' dir='ltr'><strong>ipsorum</strong></span> <span class='ocrx_word' id='word_1_935' title='bbox 2820 5017 3069 5072; x_wconf 89' lang='lat' dir='ltr'><strong>geramus</strong></span> <span class='ocrx_word' id='word_1_936' title='bbox 3097 5017 3278 5057; x_wconf 89' lang='lat' dir='ltr'><strong>curam</strong></span> <span class='ocrx_word' id='word_1_937' title='bbox 3302 5043 3316 5066; x_wconf 92' lang='lat'><strong>,</strong></span> <span class='ocrx_word' id='word_1_938' title='bbox 3346 5012 3402 5057; x_wconf 89' lang='lat' dir='ltr'><strong>et</strong></span> <span class='ocrx_word' id='word_1_939' title='bbox 3429 5013 3680 5073; x_wconf 87' lang='lat' dir='ltr'><strong>peccato-</strong></span> 
     </span>
    </p>
   </div>
   <div class='ocr_carea' id='block_1_114' title="bbox 2102 5092 3692 5162">
    <p class='ocr_par' dir='ltr' id='par_1_114' title="bbox 2102 5092 3692 5162">
     <span class='ocr_line' id='line_1_114' title="bbox 2102 5092 3692 5162; baseline 0.001 -14"><span class='ocrx_word' id='word_1_940' title='bbox 2102 5108 2222 5148; x_wconf 89' lang='lat' dir='ltr'><strong>rum</strong></span> <span class='ocrx_word' id='word_1_941' title='bbox 2270 5092 2506 5147; x_wconf 89' lang='lat' dir='ltr'><strong>maculas</strong></span> <span class='ocrx_word' id='word_1_942' title='bbox 2531 5106 2815 5162; x_wconf 90' lang='lat' dir='ltr'><strong>purgemus</strong></span> <span class='ocrx_word' id='word_1_943' title='bbox 2837 5133 2854 5156; x_wconf 91' lang='lat'><strong>,</strong></span> <span class='ocrx_word' id='word_1_944' title='bbox 2885 5101 3044 5160; x_wconf 87' lang='lat' dir='ltr'><strong>atque</strong></span> <span class='ocrx_word' id='word_1_945' title='bbox 3072 5092 3151 5147; x_wconf 86' lang='lat' dir='ltr'><strong>sic</strong></span> <span class='ocrx_word' id='word_1_946' title='bbox 3173 5092 3239 5146; x_wconf 88' lang='lat' dir='ltr'><strong>ad</strong></span> <span class='ocrx_word' id='word_1_947' title='bbox 3265 5101 3573 5148; x_wconf 87' lang='lat' dir='ltr'><strong>sanctorum</strong></span> <span class='ocrx_word' id='word_1_948' title='bbox 3603 5095 3692 5150; x_wconf 83' lang='lat' dir='ltr'><strong>in-</strong></span> 
     </span>
    </p>
   </div>
   <div class='ocr_carea' id='block_1_115' title="bbox 2105 5182 3691 5254">
    <p class='ocr_par' dir='ltr' id='par_1_115' title="bbox 2105 5182 3691 5254">
     <span class='ocr_line' id='line_1_115' title="bbox 2105 5182 3691 5254; baseline 0.002 -16"><span class='ocrx_word' id='word_1_949' title='bbox 2105 5183 2485 5240; x_wconf 88' lang='lat' dir='ltr'><strong>tercessionem</strong></span> <span class='ocrx_word' id='word_1_950' title='bbox 2535 5198 2901 5254; x_wconf 84' lang='lat' dir='ltr'><strong>properemus.</strong></span> <span class='ocrx_word' id='word_1_951' title='bbox 2941 5182 3074 5237; x_wconf 82' lang='lat' dir='ltr'><strong>Nam</strong></span> <span class='ocrx_word' id='word_1_952' title='bbox 3119 5183 3165 5237; x_wconf 91' lang='lat' dir='ltr'><strong>si</strong></span> <span class='ocrx_word' id='word_1_953' title='bbox 3201 5183 3366 5239; x_wconf 83' lang='lat' dir='ltr'><strong>sobrii</strong></span> <span class='ocrx_word' id='word_1_954' title='bbox 3411 5194 3466 5240; x_wconf 90' lang='lat' dir='ltr'><strong>et</strong></span> <span class='ocrx_word' id='word_1_955' title='bbox 3505 5185 3691 5252; x_wconf 77' lang='lat' dir='ltr'><strong>vigiles</strong></span> 
     </span>
    </p>
   </div>
   <div class='ocr_carea' id='block_1_116' title="bbox 2101 5275 3689 5346">
    <p class='ocr_par' dir='ltr' id='par_1_116' title="bbox 2101 5275 3689 5346">
     <span class='ocr_line' id='line_1_116' title="bbox 2101 5275 3689 5346; baseline -0.002 -13"><span class='ocrx_word' id='word_1_956' title='bbox 2101 5291 2224 5333; x_wconf 90' lang='lat' dir='ltr'><strong>esse</strong></span> <span class='ocrx_word' id='word_1_957' title='bbox 2268 5275 2593 5331; x_wconf 89' lang='lat' dir='ltr'><strong>voluerimus</strong></span> <span class='ocrx_word' id='word_1_958' title='bbox 2611 5316 2626 5340; x_wconf 89' lang='lat'><strong>,</strong></span> <span class='ocrx_word' id='word_1_959' title='bbox 2664 5275 2825 5330; x_wconf 90' lang='lat' dir='ltr'><strong>etiam</strong></span> <span class='ocrx_word' id='word_1_960' title='bbox 2865 5288 2962 5344; x_wconf 88' lang='lat' dir='ltr'><strong>per</strong></span> <span class='ocrx_word' id='word_1_961' title='bbox 2990 5289 3090 5328; x_wconf 89' lang='lat' dir='ltr'><strong>nos</strong></span> <span class='ocrx_word' id='word_1_962' title='bbox 3119 5275 3262 5343; x_wconf 88' lang='lat' dir='ltr'><strong>ipsos</strong></span> <span class='ocrx_word' id='word_1_963' title='bbox 3285 5284 3501 5332; x_wconf 91' lang='lat' dir='ltr'><strong>orantes</strong></span> <span class='ocrx_word' id='word_1_964' title='bbox 3523 5275 3689 5346; x_wconf 84' lang='lat' dir='ltr'><strong>pluri-</strong></span> 
     </span>
    </p>
   </div>
   <div class='ocr_carea' id='block_1_117' title="bbox 2103 5366 3687 5438">
    <p class='ocr_par' dir='ltr' id='par_1_117' title="bbox 2103 5366 3687 5438">
     <span class='ocr_line' id='line_1_117' title="bbox 2103 5366 3687 5438; baseline 0 -14"><span class='ocrx_word' id='word_1_965' title='bbox 2103 5385 2249 5424; x_wconf 89' lang='lat' dir='ltr'><strong>mum</strong></span> <span class='ocrx_word' id='word_1_966' title='bbox 2293 5369 2447 5424; x_wconf 91' lang='lat' dir='ltr'><strong>nobis</strong></span> <span class='ocrx_word' id='word_1_967' title='bbox 2479 5367 2832 5438; x_wconf 89' lang='lat' dir='ltr'><strong>proderimus.</strong></span> <span class='ocrx_word' id='word_1_968' title='bbox 2875 5366 3005 5420; x_wconf 87' lang='lat' dir='ltr'><strong>Nam</strong></span> <span class='ocrx_word' id='word_1_969' title='bbox 3047 5368 3297 5436; x_wconf 88' lang='lat' dir='ltr'><strong>quoniam</strong></span> <span class='ocrx_word' id='word_1_970' title='bbox 3337 5368 3573 5424; x_wconf 81' lang='lat' dir='ltr'><strong>clemens</strong></span> <span class='ocrx_word' id='word_1_971' title='bbox 3607 5379 3687 5424; x_wconf 76' lang='lat' dir='ltr'><strong>est</strong></span> 
     </span>
    </p>
   </div>
   <div class='ocr_carea' id='block_1_118' title="bbox 2109 5457 3689 5528">
    <p class='ocr_par' dir='ltr' id='par_1_118' title="bbox 2109 5457 3689 5528">
     <span class='ocr_line' id='line_1_118' title="bbox 2109 5457 3689 5528; baseline -0.001 -13"><span class='ocrx_word' id='word_1_972' title='bbox 2109 5460 2364 5515; x_wconf 89' lang='lat' dir='ltr'><strong>Dominus</strong></span> <span class='ocrx_word' id='word_1_973' title='bbox 2390 5469 2573 5514; x_wconf 84' lang='lat' dir='ltr'><strong>noster</strong></span> <span class='ocrx_word' id='word_1_974' title='bbox 2597 5500 2612 5524; x_wconf 93' lang='lat'><strong>,</strong></span> <span class='ocrx_word' id='word_1_975' title='bbox 2636 5473 2741 5514; x_wconf 92' lang='lat' dir='ltr'><strong>non</strong></span> <span class='ocrx_word' id='word_1_976' title='bbox 2771 5457 2850 5513; x_wconf 90' lang='lat' dir='ltr'><strong>sic</strong></span> <span class='ocrx_word' id='word_1_977' title='bbox 2878 5457 3065 5512; x_wconf 90' lang='lat' dir='ltr'><strong>annuit</strong></span> <span class='ocrx_word' id='word_1_978' title='bbox 3087 5473 3208 5512; x_wconf 89' lang='lat' dir='ltr'><strong>cum</strong></span> <span class='ocrx_word' id='word_1_979' title='bbox 3237 5457 3307 5513; x_wconf 89' lang='lat' dir='ltr'><strong>ab</strong></span> <span class='ocrx_word' id='word_1_980' title='bbox 3333 5458 3451 5513; x_wconf 90' lang='lat' dir='ltr'><strong>aliis</strong></span> <span class='ocrx_word' id='word_1_981' title='bbox 3473 5474 3568 5528; x_wconf 89' lang='lat' dir='ltr'><strong>pro</strong></span> <span class='ocrx_word' id='word_1_982' title='bbox 3594 5475 3689 5514; x_wconf 87' lang='lat' dir='ltr'><strong>no-</strong></span> 
     </span>
    </p>
   </div>
   <div class='ocr_carea' id='block_1_119' title="bbox 2104 5547 3687 5620">
    <p class='ocr_par' dir='ltr' id='par_1_119' title="bbox 2104 5547 3687 5620">
     <span class='ocr_line' id='line_1_119' title="bbox 2104 5547 3687 5620; baseline -0.003 -11"><span class='ocrx_word' id='word_1_983' title='bbox 2104 5553 2187 5609; x_wconf 89' lang='lat' dir='ltr'><strong>bis</strong></span> <span class='ocrx_word' id='word_1_984' title='bbox 2213 5561 2425 5620; x_wconf 89' lang='lat' dir='ltr'><strong>oratur,</strong></span> <span class='ocrx_word' id='word_1_985' title='bbox 2453 5559 2513 5606; x_wconf 92' lang='lat' dir='ltr'><strong>ut</strong></span> <span class='ocrx_word' id='word_1_986' title='bbox 2538 5565 2659 5607; x_wconf 90' lang='lat' dir='ltr'><strong>cum</strong></span> <span class='ocrx_word' id='word_1_987' title='bbox 2687 5565 2718 5605; x_wconf 88' lang='lat' dir='ltr'><strong>a</strong></span> <span class='ocrx_word' id='word_1_988' title='bbox 2745 5548 2898 5604; x_wconf 87' lang='lat' dir='ltr'><strong>nobis</strong></span> <span class='ocrx_word' id='word_1_989' title='bbox 2927 5548 3077 5619; x_wconf 91' lang='lat' dir='ltr'><strong>ipsis.</strong></span> <span class='ocrx_word' id='word_1_990' title='bbox 3106 5547 3238 5604; x_wconf 82' lang='lat' dir='ltr'><strong>Vide</strong></span> <span class='ocrx_word' id='word_1_991' title='bbox 3261 5548 3552 5604; x_wconf 89' lang='lat' dir='ltr'><strong>bonitatem</strong></span> <span class='ocrx_word' id='word_1_992' title='bbox 3573 5550 3687 5606; x_wconf 77' lang='lat' dir='ltr'><strong>exi-</strong></span> 
     </span>
    </p>
   </div>
   <div class='ocr_carea' id='block_1_120' title="bbox 2169 5680 3690 5750">
    <p class='ocr_par' dir='ltr' id='par_1_120' title="bbox 2169 5680 3690 5750">
     <span class='ocr_line' id='line_1_120' title="bbox 2169 5680 3690 5750; baseline -0.012 -12"><span class='ocrx_word' id='word_1_993' title='bbox 2169 5688 2244 5750; x_wconf 81' lang='grc' dir='ltr'><strong>(τι)</strong></span> <span class='ocrx_word' id='word_1_994' title='bbox 2277 5687 2412 5749; x_wconf 80' lang='lat' dir='ltr'><strong>Atqui</strong></span> <span class='ocrx_word' id='word_1_995' title='bbox 2437 5685 2566 5750; x_wconf 83' lang='lat' dir='ltr'><strong>idem</strong></span> <span class='ocrx_word' id='word_1_996' title='bbox 2586 5686 2689 5750; x_wconf 64' lang='lat' dir='ltr'><strong>ipse</strong></span> <span class='ocrx_word' id='word_1_997' title='bbox 2713 5681 2950 5745; x_wconf 79' lang='lat' dir='ltr'><strong>prapheta</strong></span> <span class='ocrx_word' id='word_1_998' title='bbox 2975 5681 3112 5750; x_wconf 79' lang='lat' dir='ltr'><strong>estis</strong></span> <span class='ocrx_word' id='word_1_999' title='bbox 3139 5681 3220 5741; x_wconf 90' lang='lat' dir='ltr'><strong>qui</strong></span> <span class='ocrx_word' id='word_1_1000' title='bbox 3238 5680 3323 5750; x_wconf 75' lang='lat' dir='ltr'><strong>hic</strong></span> <span class='ocrx_word' id='word_1_1001' title='bbox 3344 5692 3690 5735; x_wconf 81' lang='lat' dir='ltr'><strong>commemora-</strong></span> 
     </span>
    </p>
   </div>
   <div class='ocr_carea' id='block_1_121' title="bbox 2108 5745 3320 5815">
    <p class='ocr_par' dir='ltr' id='par_1_121' title="bbox 2108 5745 3320 5815">
     <span class='ocr_line' id='line_1_121' title="bbox 2108 5745 3320 5815; baseline -0.006 -15"><span class='ocrx_word' id='word_1_1002' title='bbox 2108 5745 2207 5815; x_wconf 79' lang='lat' dir='ltr'><strong>tur,</strong></span> <span class='ocrx_word' id='word_1_1003' title='bbox 2224 5745 2436 5814; x_wconf 65' lang='lat' dir='ltr'><strong>&#39;etcu&#39;jus</strong></span> <span class='ocrx_word' id='word_1_1004' title='bbox 2459 5747 2594 5800; x_wconf 86' lang='lat' dir='ltr'><strong>locus</strong></span> <span class='ocrx_word' id='word_1_1005' title='bbox 2615 5745 2835 5806; x_wconf 67' lang='lat' dir='ltr'><strong>adfertur,</strong></span> <span class='ocrx_word' id='word_1_1006' title='bbox 2859 5754 3040 5806; x_wconf 84' lang='lat' dir='ltr'><strong>nempe</strong></span> <span class='ocrx_word' id='word_1_1007' title='bbox 3069 5745 3320 5793; x_wconf 83' lang='lat' dir='ltr'><strong>Jeremias.</strong></span> 
     </span>
    </p>
   </div>
  </div>
