4084 6214
240 309 336 367 467

236 423 357 493 ὑμῖν
405 419 772 492 διηγούμενοι,
831 419 924 474 καὶ
955 418 1044 473 τὸν
1072 418 1182 472 τῶν
1224 419 1475 490 Σοδόμων
1530 419 1886 491 ἐμπρησμὸν,

237 509 345 562 ἐκεῖ
362 508 448 562 τὸν
479 508 638 576 λόγον
659 509 987 577 ἐστήσαμεν,
1014 506 1149 560 ὅπου
1182 506 1210 557 ό
1232 505 1440 568 δίκαιος
1469 508 1548 569 εἰς
1576 505 1673 576 τὴν
1697 504 1892 575 Σηγὼρ

239 597 483 666 διεσώθη.
527 597 591 650 '0
625 596 796 664 ἥλιος
819 596 926 666 γάρ
963 594 1223 663 ἐξῆλθεν
1261 594 1359 648 ὲπί
1398 593 1508 662 τῆς
1553 593 1665 661 γῆς
1689 633 1704 656 ,
1738 594 1889 662 φησὶ,

238 686 332 740 καί
376 684 502 740 Λὼτ
549 681 832 750 εἰσῆλθεν
867 685 955 750 είς
1005 680 1243 752 Σηγὼρ,
1276 683 1370 736 καὶ
1416 683 1536 735 τότε
1567 685 1600 752 ἡ
1635 681 1892 752 θεήλατος

235 773 414 842 ἐκείνη
446 771 579 841 όργὴ
612 770 740 834 τούς
762 787 820 822 τε
854 771 911 824 ἐν
939 759 1191 840 Σοδόμοις
1225 769 1510 832 κατέλαϐε,
1548 768 1763 837 καὶτῆς
1788 769 1890 836 γῆς

233 859 324 912 τίον
366 857 662 927 ἀφανισμὸν
707 857 1022 928 εἰργάσατο,
1057 857 1146 910 ὅτε
1175 856 1270 909 καὶ
1305 857 1337 927 ἡ
1369 857 1506 928 γυνὴ
1552 856 1644 908 τοῦ
1680 855 1889 909 δικαίου

235 945 588 1014 ἐπιλαϐομένη
623 943 729 996 τῶν
765 943 1038 1015 ῥηθέντων
1069 943 1220 1015 παρὰ
1245 943 1353 996 τῶν
1385 944 1654 1012 ἀγγέλων,
1676 943 1892 996 ἐπιϐλέ-

233 1031 375 1105 ψασα
395 1033 473 1094 εἰς
507 1030 577 1084 τὰ
601 1031 797 1094 ὀπίσω,
827 1031 1043 1099 ἐγένετο
1088 1030 1257 1102 στήλη
1305 1031 1450 1096 mg,
1484 1031 1726 1101 διηνεκὲς
1761 1031 1892 1083 ὑπό-

235 1134 417 1189 μνημα
445 1121 566 1181 ταῖς
613 1117 753 1188 μετά
780 1117 953 1170 ταῦτα
991 1119 1206 1185 γενεαῖς
1257 1118 1354 1188 τῆς
1381 1118 1584 1180 οἰκείας
1619 1116 1892 1188 ῥᾳθυμίας

229 1206 596 1276 παρεχομένη.
645 1207 964 1274 Ἀναγκαῖον
1001 1201 1095 1258 οῦν
1119 1206 1357 1276 σήμερον
1386 1203 1454 1257 τά
1483 1205 1610 1274 ἐξῆς
1638 1204 1892 1257 ἐπελθόν-

227 1310 324 1352 τας
347 1295 519 1364 μικρά
543 1311 663 1346 τινα
689 1291 1037 1362 διαλεχθῆναι
1063 1292 1197 1363 πρὸς
1218 1292 1316 1364 τὴν
1351 1293 1620 1364 ὑμετέραν
1650 1293 1891 1362 ἀγάπην,

230 1381 315 1433 Eva
345 1381 506 1434 πάλιν
529 1381 703 1451 εἰδῆτε
735 1379 828 1432 τοῦ
863 1379 1202 1452 πατριάρχου
1225 1380 1286 1433 τὸ
1311 1379 1593 1450 συμπαθὲς
1622 1380 1715 1432 καὶ
1746 1379 1890 1448 φιλόο

232 1485 474 1538 στοργον,
511 1468 720 1521 καὶτοῦ
749 1466 884 1520 Θεοῦ
919 1467 1014 1537 τὴν
1043 1469 1172 1539 περὶ
1213 1469 1374 1522 αὐτὸν
1404 1468 1633 1524 εὐνοιαν.
1678 1467 1892 1538 Ἐπειδὴ

230 1555 354 1623 γὰρ.
391 1554 494 1624 τῆς
520 1554 782 1624 ἀνατολῆς
803 1553 894 1606 τοῦ
931 1554 1083 1622 ἡλίου
1125 1552 1423 1622 γενομένης
1445 1591 1459 1615 ,
1501 1555 1528 1605 ό
1560 1551 1659 1621 μὲν
1687 1552 1892 1615 δίκαιος

225 1640 346 1693 Λὼτ
372 1643 454 1702 εἰς
481 1642 578 1711 τὴν
599 1640 795 1710 Σηγὼρ
824 1639 1079 1708 διεσώθη.
1103 1640 1152 1691 οἰ
1178 1640 1235 1692 δὲ
1259 1641 1328 1692 τά
1350 1641 1553 1710 Σόδομα
1580 1641 1891 1694 κατοικοῦνο

225 1743 314 1790 τες
343 1727 452 1779 ὐπὸ
477 1727 576 1798 τὴν
599 1727 754 1798 δίκην
779 1726 1082 1794 γεγόνασιν,
1109 1726 1139 1777 ό
1165 1726 1508 1796 πατριάρχης
1537 1728 1670 1796 όμοῦ
1706 1728 1893 1781 κάκεί-

225 1829 345 1876 νους
367 1813 654 1884 οἰκτείρων
681 1813 782 1881 τῆς
809 1811 1103 1875 ἀπωλείας,
1137 1812 1205 1882 ἡν
1227 1812 1317 1865 διά
1344 1813 1443 1880 τὴν
1470 1813 1676 1865 οἰκείαν
1713 1829 1890 1882 παρα-

225 1901 420 1969 νομίαν
443 1900 766 1968 ὑπέμειναν,
799 1899 892 1952 καὶ
925 1899 1054 1969 περὶ
1081 1899 1174 1952 τοῦ
1200 1899 1411 1953 δικαίου
1435 1900 1639 1969 σφόδρα
1676 1900 1894 1969 φροντί-

224 1984 355 2048 ζων.
393 1985 674 2056 ὀρθρίσας,
707 1985 860 2054 φησὶ,
885 1986 1240 2054 περιεσκόπει
1269 1987 1336 2038 τὰ
1369 1987 1728 2055 γεγενημένα.
1763 1989 1895 2052 Ὤρ-

224 2076 396 2140 θρισε
421 2071 550 2142 γὰρ,
593 2071 778 2142 φησὶν,
821 2071 1077 2139 Ἀϐραὰμ
1121 2070 1203 2136 τῷ
1235 2072 1384 2138 πρωῒ
1412 2074 1500 2136 εἰς
1541 2071 1646 2124 τὸν
1685 2071 1892 2137 τόπον,

223 2153 296 2211 οὗ
320 2155 586 2222 εἱστήκει
611 2157 893 2210 ἐναντίον
938 2156 1043 2210 τοῦ
1093 2157 1262 2218 Θεοῦ,
1298 2158 1392 2209 καί
1425 2157 1760 2225 ἐπέϐλεψεν
1795 2157 1896 2210 ἐπὶ

223 2244 553 2310 πρόσωπον
599 2241 710 2310 τῆς
746 2241 1075 2311 περιχώρου
1109 2245 1387 2312 Σοδόμων
1426 2243 1518 2298 καὶ
1567 2245 1893 2312 Γομόρρας,

223 2330 323 2383 καί
365 2327 508 2383 εἶδε.
534 2330 644 2384 Kal
669 2329 800 2384 ἰδοὺ
833 2331 1106 2384 ἀνέϐαινε
1143 2330 1302 2399 φλὸξ
1322 2331 1390 2384 ἐκ
1435 2331 1546 2397 τῆς
1575 2330 1709 2400 τῆς,
1751 2332 1894 2385 ὡσεὶ

227 2417 402 2486 ἀτμὶς
431 2417 703 2486 καμίνου.
756 2419 845 2470 Ἐν
877 2418 1092 2488 ἐκείνῳ,
1135 2418 1287 2489 φησί,
1340 2418 1418 2488 τῷ
1448 2420 1598 2488 τόπῳ
1635 2417 1893 2486 γεγονὼς⁹

226 2503 354 2558 ἔνθα
384 2504 480 2576 τὴν
509 2503 741 2569 διάλεξιν
767 2504 902 2578 πρὸς
928 2504 1016 2558 τὸν
1038 2506 1313 2575 Δεσπότην
1349 2508 1658 2574 ἐποιήσατο,
1687 2506 1780 2557 καὶ
1802 2504 1896 2575 τὴν

228 2590 358 2661 περὶ
404 2589 514 2643 τῶν
539 2591 596 2644 ἐν
649 2590 899 2661 Σοδόμοις
947 2590 1313 2662 παράκλησιν,
1348 2590 1492 2660 ἐώρα
1525 2592 1622 2659 τῆς
1663 2589 1897 2660 φοϐερᾶς

225 2678 444 2750 ἐκείνης
467 2679 735 2749 τιμωρίας
767 2677 835 2731 τά
857 2679 996 2749 ίχνη,
1022 2679 1226 2732 καὶτοῦ
1257 2678 1465 2731 δικαίου
1488 2679 1671 2731 ἕνεκεν
1707 2677 1896 2747 μαθεῖν

225 2781 277 2817 τι
310 2764 596 2836 ἐπεθύμει.
621 2765 872 2818 Τοιοῦτον
897 2765 1006 2836 γάρ
1033 2766 1138 2817 τῶν
1167 2765 1336 2834 ἁγίων
1363 2765 1422 2817 τὸ
1449 2765 1586 2827 ἔθος,
1618 2764 1899 2834 φιλόστορ-

227 2866 322 2918 γον
359 2851 450 2903 καὶ
485 2850 920 2921 συμπαθητικόν.
976 2851 1085 2903 Καὶ
1131 2852 1220 2904 Eva
1278 2850 1464 2922 διδάξῃ
1514 2853 1658 2921 ἡμᾶς
1710 2853 1744 2921 ἡ
1780 2850 1898 2904 θεία

226 2936 441 3008 Γραφὴ,
471 2937 552 2990 ὅτι
587 2937 788 2998 εὐθέως
830 2937 976 3006 αὐτῷ
1004 2937 1194 2989 τούτου
1235 2937 1334 3007 τὴν
1364 2937 1564 3005 γνῶσιν
1588 2937 1897 3008 ἐνέθηκενὴ

225 3023 322 3076 τοῦ
360 3022 677 3092 Πνεύματος
715 3023 896 3094 χάρις,
951 3025 1082 3093 ὁμοῦ
1123 3023 1178 3076 δὲ
1210 3024 1304 3076 καὶ
1335 3024 1424 3077 τὸν
1454 3023 1660 3076 δίκαιον
1685 3025 1771 3078 ἵνα
1800 3025 1898 3095 τῆς

227 3109 484 3182 περὶτοῦ
522 3109 647 3163 Λὼτ
697 3109 980 3181 ἀπαλλάξῃ
1017 3110 1291 3181 φροντίδος
1323 3123 1370 3173 α,
1424 3112 1622 3181 φησιν’
1666 3113 1770 3166 Ἔν
1820 3112 1899 3178 τῷ

227 3197 743 3266 ἐκτρῖψαιΚύριον
778 3199 882 3264 τὰς
907 3202 1114 3265 πόλεις
1148 3197 1254 3266 τῆς
1281 3202 1600 3267 περιοίκου,
1624 3201 1898 3270 ἐμνήσθη

228 3287 264 3340 ὀ
288 3286 434 3351 Θεὸς
459 3286 568 3340 τοῦ
625 3287 678 3340 Ἀ
690 3287 900 3355 ϐραὰμ,
954 3287 1051 3340 καί
1107 3287 1498 3351 ἐξαπέστειλε
1526 3287 1632 3341 τὸν
1664 3290 1794 3344 Λὼτ
1829 3289 1898 3342 ἐκ

223 3372 423 3442 μέσου
451 3372 562 3439 τῆς
584 3373 1024 3441 καταστροφῆς.
1052 3375 1116 3426 Τί
1144 3377 1311 3437 ἐστιν,
1347 3375 1653 3444 Ἐμνήσθη
1685 3379 1717 3429 ό
1757 3377 1900 3442 Θεὸς

229 3455 339 3509 τοῦ
385 3455 631 3525 Ἀϐραάμ
655 3473 674 3520 ;
704 3457 816 3527 Τῆς
845 3457 1258 3528 παρακλήσεως,
1284 3460 1468 3529 φησὶν,
1490 3456 1556 3531 ῆς
1586 3461 1896 3531 ἐποιήσατο,

229 3541 425 3611 λέγων,
455 3543 553 3611 Μὴ
589 3545 1024 3611 συναπολέσῃς
1056 3544 1290 3598 δίκαιον
1335 3548 1485 3613 μετὰ
1523 3547 1804 3613 ἀσεϐοῦς.
1835 3548 1899 3600 Τί

230 3628 346 3692 οὖν,
373 3630 438 3684 ἂν
467 3631 612 3684 εῖποι
637 3647 741 3694 τις,
788 3631 876 3684 διὰ
902 3631 1000 3701 τὴν
1042 3631 1384 3702 παράκλησιν
1430 3633 1524 3686 τοῦ
1559 3635 1897 3705 πατριάρχου

231 3719 260 3771 ὁ
297 3717 502 3780 δίκαιος
525 3715 777 3786 διεσώθη,
808 3717 902 3770 καὶ
939 3717 1060 3787 οὐχ).
1098 3717 1185 3769 διά
1213 3718 1310 3788 τὴν
1352 3719 1485 3771 ἰδίαν
1517 3721 1897 3789 δικαιοσύνην;

232 3803 361 3867 Ναὶ,
394 3804 488 3856 καὶ
543 3803 632 3856 διὰ
661 3803 760 3874 τὴν
791 3803 1136 3873 παράκλησιν
1187 3804 1279 3855 τοῦ
1343 3806 1713 3875 πατριάρχου·
1773 3807 1900 3858 ὃταν

235 3891 342 3960 γὰρ
365 3890 432 3943 τὰ
457 3891 587 3960 παρ’
620 3889 828 3942 ἑαυτῶν
861 3889 1378 3958 συνεισενέγκωμεν,
1409 3891 1502 3942 καὶ
1528 3893 1560 3961 ἡ
1606 3891 1757 3961 παρά
1794 3891 1898 3944 τῶν

233 3977 458 4032 δικαίων
491 3976 637 4050 [449]
661 3977 926 4049 πρεσϐεία
942 3976 1011 4029 τά
1039 3977 1274 4046 μέγιστα
1300 3979 1448 4048 ἡμᾶς
1471 3979 1729 4047 ὀνίνησιν.
1749 3979 1900 4031 Ἐπεὶ

235 4066 331 4118 ἐὰν
361 4065 513 4118 αὐτοὶ
539 4065 636 4134 μὲν
673 4064 1028 4136 ῥαθυμῶμεν,
1062 4063 1156 4126 τὰς
1179 4064 1234 4117 δὲ
1259 4064 1478 4126 ἐλπίδας
1503 4064 1601 4135 τῆς
1628 4065 1900 4135 ἡμετέρας

238 4153 508 4223 σωτηρίας
557 4154 642 4205 ἐπ’
696 4152 926 4215 ἐκείνοις
987 4151 1168 4224 μόνοις
1219 4150 1519 4221 ποιώμεθα,
1569 4152 1718 4205 οὐδὲν
1769 4153 1900 4223 ἡμῖν

237 4239 388 4293 ἐσται
420 4239 609 4292 πλέον’
640 4239 739 4293 οὐκ
767 4239 952 4310 ἐπειδὴ
979 4238 1222 4302 ἀσθενεῖς
1253 4239 1302 4291 οἰ
1325 4239 1542 4301 δίκαιοι,
1575 4239 1690 4292 ἀλλ’
1713 4239 1899 4310 ἐπειδὴ

235 4329 396 4398 ἡμεῖς
423 4327 510 4380 διὰ
541 4327 640 4398 τῆς
662 4327 869 4390 οἰκείας
900 4325 1169 4398 ῥᾳθυμίας
1196 4327 1418 4390 ἑαυτοὺς
1451 4327 1792 4398 προδίδομεν.

310 4415 376 4485 β’.
419 4417 528 4468 Καὶ
569 4415 656 4468 ἵνα
701 4413 876 4484 μάθῃς
913 4415 1027 4474 ὅτι,
1064 4415 1190 4467 ὅταν
1224 4413 1537 4484 ἀμελῶμεν,
1574 4415 1678 4468 κᾶν
1701 4415 1898 4467 δίκαιοι

236 4493 367 4554 ὦσιν
405 4503 455 4554 οἰ
485 4498 643 4570 ’ὑπὲρ
671 4500 826 4569 ἡμῶν
878 4499 1321 4571 παρακαλοῦντες
1349 4543 1364 4566 ,
1410 4501 1512 4555 κᾶν
1580 4501 1896 4571 προφῆται,

235 4592 385 4644 οὐδὲν
417 4591 546 4659 ἡμῖν
579 4591 643 4642 ἐκ
663 4589 850 4642 τούτου
879 4590 1067 4658 ὄφελος
1097 4591 1304 4658 γίνεται
1357 4590 1587 4661 (ἐκεῖνοι
1643 4591 1742 4661 μὲν
1789 4590 1899 4661 γάρ

236 4679 333 4748 τὴν
365 4675 572 4729 ἑαυτῶν
604 4675 801 4746 ἀρετὴν
828 4677 920 4728 καὶ
951 4676 1038 4729 διὰ
1066 4677 1270 4730 τούτων
1302 4677 1717 4741 ἐπιδείκνυνται,
1767 4679 1898 4746 ἡμῖν

237 4764 293 4817 δὲ
318 4763 544 4834 οὐδεμία
570 4761 722 4815 ἐσται
758 4762 943 4832 δνησις
983 4762 1071 4815 διά
1097 4763 1186 4816 τὸν
1211 4765 1407 4816 οἰκεῖον
1435 4763 1690 4834 τρόπον),
1737 4763 1900 4816 ἀκου-

240 4869 330 4906 σον
357 4852 450 4905 τοῦ
475 4851 582 4904 τῶν
606 4850 742 4904 δλων
780 4848 914 4903 Θεοῦ
934 4850 1068 4919 πρὸς
1093 4851 1184 4902 τὸν
1217 4852 1281 4904 ἐκ
1313 4851 1524 4915 κοιλίας
1566 4851 1898 4920 ἀγιασθέντα

247 4940 514 5009 Ἱερεμίαν
533 4939 624 4992 τὸν
652 4938 938 5009 προφήτην
967 4935 1191 5004 λέγοντα
1213 4953 1227 4968 ο
1256 4937 1350 5005 Μὴ
1383 4941 1726 5008 προσεύχου
1771 4937 1898 5006 περί

237 5027 344 5080 τοῦ
393 5026 546 5081 λαοῦ
575 5028 811 5090 τούτου,
862 5023 954 5079 ὅτι
980 5025 1093 5077 οὐκ
1125 5025 1555 5093 εἰσακούσομαί
1575 5042 1710 5078 σου.
1755 5026 1898 5095 Ὅρα

237 5113 329 5165 τοῦ
353 5112 619 5166 Δεσπότου
645 5109 1054 5182 φιλανθρωπίαν
1072 5125 1088 5142 ο
1115 5109 1368 5180 προλέγει
1398 5110 1476 5180 τῷ
1507 5113 1776 5182 προφήτῃ,
1811 5113 1898 5166 ἵνα

243 5210 316 5270 μη
351 5199 490 5269 μετά
530 5198 592 5250 τδ
635 5195 1034 5269 προσεύξασθαι
1094 5195 1491 5266 παρακουσθεὶς
1514 5235 1530 5260 ,
1579 5197 1772 5269 νομίσῃ
1815 5199 1896 5252 ὅτι

237 5286 327 5339 διὰ
347 5285 446 5356 τὴν
475 5285 603 5354 παρ’
639 5283 804 5338 αὐτοῦ
837 5284 1014 5337 αἰτίαν
1041 5281 1200 5336 τοῦτο
1244 5282 1555 5351 γεγένηται.
1607 5283 1705 5336 Διά
1741 5287 1898 5339 τοῦτο

241 5371 343 5439 ἤδη
370 5368 676 5442 προμηνύει
705 5369 852 5440 αὐτῷ
876 5369 975 5440 τὴν
999 5368 1196 5423 κακίαν
1228 5367 1322 5420 τοῦ
1347 5367 1500 5430 λαοῦ,
1530 5369 1624 5420 καὶ
1651 5370 1896 5424 διαστέλ-

239 5455 386 5510 λεται
419 5459 495 5528 μὴ
541 5457 941 5527 προσεύξασθαι
963 5496 979 5522 ,
1015 5457 1100 5510 ῖνα
1130 5455 1225 5508 καὶ
1255 5455 1414 5518 αὐτὸς
1445 5454 1640 5508 εἰδέναι
1675 5457 1772 5528 ἐχῃ
1797 5459 1898 5528 τῆς

242 5544 503 5614 πονηρίας
543 5543 764 5598 ἐκείνων
812 5546 906 5616 τὴν
945 5545 1214 5606 ἐπίτασιν,
1263 5544 1503 5596 κάκεῖνοι
1545 5542 1787 5613 μάθωσιν
1824 5545 1900 5608 ὡς

241 5629 389 5683 οὐδὲν
417 5631 598 5693 αὐτοῖς
625 5631 654 5682 ό
683 5633 966 5702 προφήτης
996 5629 1394 5700 συμϐάλλεται,
1428 5630 1475 5682 εἰ
1512 5629 1585 5700 μὴ
1620 5632 1713 5683 καὶ
1745 5631 1897 5684 αὐτοὶ

243 5716 308 5770 τὰ
339 5719 468 5787 παρ’
495 5716 700 5770 ἐαυτῶν
726 5719 1052 5786 εἰσενεγκεῖν
1082 5715 1433 5787 βουληθῶσιν.
1471 5717 1647 5788 Ὅπερ
1672 5717 1889 5784 εἰδότες,

256 5879 264 5890 ⁸
304 5820 496 5890 ’ξαχὶι
523 5825 573 5890 e_t
602 5821 809 5890 miltiam
848 5824 930 5874 alii
972 5824 1049 5871 ἵνα
1081 5828 1163 5882 τῆς
1198 5823 1303 5882 περὶ
1342 5820 1427 5872 τοῦ
1447 5821 1630 5872 δικαίου
1650 5825 1890 5886 φροντίδος

244 5882 480 5944 ἀπαλλάξῃ
501 5882 658 5932 αὐτόν.

1343 305 1413 361 IN
1449 304 1600 363 CAP.
1647 304 1764 361 XIX
1807 298 2049 363 GENES.
2095 305 2324 362 IIOMIL.
2367 305 2547 363 XLW.

3540 315 3648 369 408
3680 293 3684 298 ’

1991 420 2303 490 ἀγαπητοὶ,
2360 419 2789 490 καταφεύγωμεν
2850 420 2950 492 μὲν
3015 421 3110 478 ἐπὶ
3167 421 3267 486 τάς
3318 423 3428 478 τῶν
3483 425 3692 494 ἁγίων¹

1994 508 2310 576 πρεσϐείας,
2337 509 2428 561 καὶ
2446 508 2851 578 παρακαλῶμεν
2872 508 3008 562 ῶστε
3026 509 3166 579 ὑπὲρ
3191 509 3347 580 ἡμῶν
3372 510 3646 582 δεηθῆναι,

1987 594 2121 646 ἀλλά
2163 595 2236 664 μὴ
2277 597 2395 658 ταῖς
2435 596 2653 648 ἐκείνων
2687 597 2913 659 ἱκεσίαις
2961 597 3118 666 μόνον
3150 597 3474 668 θαρρῶμεν,
3516 599 3652 652 ἀλλά

1989 682 2081 734 καὶ
2108 682 2260 734 αὐτοὶ
2284 680 2350 734 τά
2379 680 2498 733 καθ’
2535 683 2756 745 ἐαυτοὺς
2779 683 3003 744 δεόντως
3031 685 3424 754 οἰκονομῶμεν,
3444 683 3651 756 καὶτῆς

1992 767 2085 818 ἐπὶ
2117 765 2176 818 τὸ
2210 766 2416 836 βέλτιον
2448 767 2750 836 μεταϐολῆς
2783 768 3061 837 ἐχώμεθα,
3111 769 3198 822 ἵνα
3249 769 3432 840 χώραν
3475 771 3654 841 δῶμεν

1989 858 2054 925 τῇ
2093 856 2356 926 πρεσϐεία
2383 860 2451 928 τῇ
2481 857 2621 927 ὑπὲρ
2647 856 2803 926 ἡμῶν
2845 858 3121 928 γινομένῃ.
3166 857 3336 910 Τοῦτο
3383 860 3475 911 καὶ
3518 859 3654 929 πρὸς

1989 941 2176 1013 ἕτερον
2217 944 2502 1014 προφήτην
2609 942 2772 1012 φησὶν
2818 944 2845 995 ό
2889 943 2993 994 τῶν
3037 944 3292 996 ἁπάντων
3333 944 3607 1014 Δεσπότης
3636 959 3650 972 ⁶

1985 1033 2108 1100 Οὐχ
2162 1030 2304 1098 δρᾷς
2352 1032 2408 1084 τί
2459 1031 2627 1084 αὐτοί
2679 1029 2952 1091 ποιοῦσι;
3009 1029 3268 1098 Θυμιῶσι
3314 1031 3516 1099 στέαρ,
3555 1031 3655 1085 καί

1990 1113 2267 1181 χαυῶνας
2288 1114 2527 1168 ποιοῦσι
2556 1113 2631 1181 τῇ
2657 1110 2906 1181 στρατιᾷ
2932 1112 3038 1166 τοῦ
3059 1115 3348 1182 οὐρανοῦο
3376 1118 3656 1185 μονονουχὶ

1990 1199 2163 1266 λέγων
2202 1200 2334 1270 πρὸς
2359 1201 2520 1253 αὐτόν
2545 1215 2560 1229 '
2604 1199 2772 1270 Ὑπὲρ
2811 1200 3015 1253 τούτων
3047 1218 3113 1270 με
3144 1201 3480 1270 παρακαλεῖς
3501 1241 3516 1261 ,
3547 1204 3656 1255 τῶν

1989 1286 2088 1355 οὐχ
2135 1286 2436 1356 ἰσταμένων
2473 1286 2574 1355 τῆς
2613 1287 2914 1355 πονηρίας,
2950 1287 3059 1338 τῶν
3106 1287 3358 1356 οὐδεμίαν
3406 1289 3658 1357 αἴσθησιν

1990 1373 2378 1444 λαμϐανόντων
2423 1374 2524 1443 τῆς
2572 1374 2729 1426 νόσου
2777 1376 2835 1426 ἐν
2965 1376 3306 1444 κατέχονται,
3354 1376 3464 1430 ἀλλ’
3487 1376 3658 1440 οὕτως

1990 1460 2311 1530 ἀναλγήτως
2335 1461 2720 1531 διακειμένων;
2761 1461 2870 1530 Οὐχ
2895 1460 3026 1532 ὁρᾷς
3051 1462 3228 1516 αὐτῶν
3256 1463 3357 1533 τὴν
3383 1465 3483 1516 ύπε
3494 1464 3655 1534 ρϐἀλ-

1989 1548 2186 1600 λουσαν
2237 1550 2675 1619 καταφρόνησιν;
2725 1549 2784 1601 οὐ
2832 1549 3046 1616 βλέπεις
3097 1549 3276 1603 αὐτῶν
3320 1551 3419 1621 τὴν
3463 1551 3658 1621 μανίαν

1988 1635 2086 1704 τὴν
2119 1635 2358 1706 πολλήν;
2395 1635 2510 1697 πῶς
2539 1635 2750 1688 οὐδέπω
2779 1635 2937 1706 κόρον
2961 1637 3214 1707 εἰλήφασι
3247 1637 3346 1707 τῆς
3383 1638 3656 1702 ἀσεϐείας,

1989 1719 2125 1774 ἀλλά
2171 1721 2421 1792 καθάπερ
2466 1714 2530 1785 ῦς
2578 1724 2635 1774 ἐν
2680 1722 2960 1794 βορϐόρῳ,
3007 1723 3180 1787 οὕτως
3222 1723 3656 1792 ἐγκαλινδοῦνται

1989 1811 2108 1870 ταῖς
2132 1809 2361 1871 οἰκείαις
2406 1809 2803 1879 παρανομίαις;
2846 1810 2936 1880 Μὴ
2964 1811 3070 1882 1&9
3094 1851 3109 1872 ,
3143 1813 3192 1864 εἰ
3221 1811 3502 1866 ἐϐούλοντο
3533 1815 3651 1865 ἐπιο

1993 1893 2268 1962 στρέφειν,
2304 1895 2719 1964 παρακληθῆναι
2759 1895 3047 1965 ἀνέμενον;
3091 1898 3204 1949 Οὐκ
3235 1897 3344 1965 ἐγώ
3371 1899 3488 1967 εἰμι
3516 1901 3544 1952 ό
3571 1899 3658 1952 διὰ

1990 1977 2098 2029 τῶν
2135 1978 2430 2048 προφητῶν
2473 1979 2609 2048 βοῶν
2655 1982 2748 2032 καὶ
2780 1981 2952 2047 λέγων
2981 1999 2994 2012 °
3040 1984 3148 2035 Καὶ
3192 1979 3365 2036 εἷπον
3397 1985 3546 2052 μετὰ
3590 1986 3655 2038 τὸ

1993 2064 2321 2130 πορνεῦσαι
2377 2064 2610 2130 αὑτήνο
2646 2066 2806 2119 Μετά
2872 2067 3052 2120 ταῦτα
3120 2068 3316 2121 πάντα
3379 2071 3520 2138 πρός
3582 2088 3660 2138 με

1991 2149 2402 2219 ἀνάστρεψον,
2433 2152 2530 2204 καί
2559 2155 2668 2206 οὐκ
2701 2154 3072 2223 ἀνέστρεψε;
3103 2156 3193 2224 Mi)
3235 2157 3342 2226 γάρ
3379 2157 3566 2229 ἐτερόδ
3599 2173 3653 2211 τι

1994 2237 2160 2305 ζητῶ,
2189 2237 2222 2307 ἢ
2256 2236 2567 2290 παύσασθαι
2587 2239 2688 2307 τῆς
2717 2243 2979 2310 πονηρίας
3009 2241 3188 2310 μόνον,
3216 2243 3311 2295 καί⁵
3341 2245 3529 2309 στῆναι
3551 2244 3661 2295 τῶν

1996 2322 2182 2376 κακῶν
2202 2341 2216 2387 ;
2249 2323 2324 2394 μὴ
2353 2324 2462 2395 1&9
2485 2325 2625 2396 ὑπὲρ
2647 2326 2756 2379 τῶν
2777 2327 3153 2397 παρελθόντων
3180 2329 3408 2392 εὐθύνας
3423 2329 3658 2394 ἀπαιτῶ,

1995 2410 2090 2462 ἐάν
2134 2411 2227 2463 ῖδω
2284 2411 2712 2480 μεταϐάλλεσθαι
2755 2413 3146 2484 βουλομένους;
3179 2416 3238 2468 οὐ
3273 2415 3394 2469 καθ’
3424 2416 3662 2486 ἑκάστην

1995 2499 2210 2569 ἡμέραν
2262 2499 2369 2568 βοῶ
2408 2499 2578 2568 λέγων
2603 2517 2616 2528 ·
2644 2503 2726 2554 Οὐ
2771 2503 3016 2570 θελήσει
3068 2504 3221 2558 θέλω
3261 2505 3367 2557 τιίν
3403 2503 3664 2560 θάνατον

1995 2585 2099 2639 τοῦ
2143 2585 2516 2654 ἁμαρτωλοῦ,
2559 2587 2640 2652 ὡς
2682 2588 2749 2641 τὸ
2793 2589 3148 2658 ἐπιστρέψαι
3177 2590 3412 2659 καὶζῆν
3441 2594 3664 2655 αὑτόνς

1995 2672 2070 2724 Οὐ
2100 2671 2187 2724 διὰ
2216 2671 2375 2726 τοῦτο
2402 2674 2578 2727 πάντα
2612 2674 2750 2727 ποιῶ
2769 2715 2784 2739 ,
2818 2675 2904 2727 ῖνα
2932 2675 3032 2744 τῆς
3075 2677 3344 2739 ἀπωλείας
3371 2677 3664 2748 ἐξαρπάσω

1994 2759 2120 2822 τοὺς
2135 2760 2224 2812 ἐπὶ
2249 2763 2314 2831 τῇ
2341 2760 2516 2832 πλάνῃ
2542 2761 2870 2832 προκατειλη
2883 2762 3152 2832 μμένους;
3176 2763 3270 2834 Μὴ
3293 2763 3422 2834 1&9,
3450 2763 3544 2817 ἐὰν
3572 2764 3664 2818 τίω

2001 2845 2524 2916 μεταϐαλλομένους,
2551 2847 2944 2919 ὑπερτίθεμαι;
2971 2850 3082 2901 Οὐκ
3103 2849 3212 2917 ἐγώ
3240 2850 3355 2919 εἰμι
3385 2852 3415 2902 ό
3447 2849 3619 2916 λέγων
3646 2867 3662 2883 ο

2000 2934 2128 2986 Ἔτι
2172 2933 2514 2998 λαλοῦντός
2563 2951 2680 2988 σου
2726 2933 2875 3002 ἐρῶ*
2922 2935 3066 2988 Ἰδοὺ
3109 2935 3381 3004 «apum;
3433 2937 3524 3008 Μὴ
3557 2936 3667 3006 γὰρ

1997 3019 2169 3083 οὓτως
2205 3021 2358 3074 αὐτοί
2389 3021 2714 3091 ἐπιθυμοῦσι
2742 3022 2838 3093 τῆς
2865 3021 3070 3075 ἑαυτῶν
3097 3022 3390 3094 σωτηρίας,
3439 3023 3514 3086 ὼς
3543 3025 3668 3095 ἐμοὶ

1999 3107 2464 3179 περισπούδαστόν
2493 3109 2640 3162 ἐστιν
2673 3109 2917 3173 ἅπαντας
2946 3109 3262 3180 ἀνθρώπους
3293 3111 3551 3181 σωθῆναι,
3573 3111 3668 3164 καὶ

1998 3199 2077 3260 εἰς
2101 3197 2394 3264 ἐπίγνωσιν
2419 3197 2673 3268 ἀληθείας
2707 3197 2881 3250 ἐλθεῖν
2906 3217 2922 3261 ;
2953 3197 3104 3269 [450]
3144 3197 3234 3266 Μὴ
3264 3198 3371 3268 γὰρ
3399 3198 3485 3251 διά
3511 3197 3668 3251 τοῦτό

2000 3299 2056 3335 σε
2095 3284 2203 3337 ἀπὸ
2232 3283 2326 3337 τοῦ
2355 3285 2430 3355 μὴ
2463 3286 2612 3350 ὄντος
2648 3287 2987 3356 παρήγαγον,
3027 3287 3114 3341 Eva
3141 3287 3423 3352 ἀπολέσω;
3459 3287 3532 3358 μὴ
3558 3289 3666 3358 γάρ

1997 3370 2121 3441 εἰκῆ
2155 3373 2254 3443 τὴν
2287 3371 2562 3442 βασιλείαν
2601 3373 2694 3426 καὶ
2736 3373 2806 3426 τὰ
2854 3374 3023 3444 μυρία
3052 3373 3144 3427 καὶ
3173 3374 3456 3446 ἀπόρρητα
3487 3375 3668 3442 ἀγαθά

1998 3460 2334 3531 ηὐτρέπισα;
2361 3462 2496 3532 Οὐχί
2533 3462 2620 3515 διὰ
2661 3462 2817 3515 τοῦτο
2857 3463 2952 3516 καὶ
2993 3465 3215 3531 γέενναν
3259 3465 3552 3536 ἡπείλησα,
3579 3465 3668 3519 ἵνα

1999 3553 2077 3615 εἰς
2109 3551 2209 3623 τὴν
2243 3552 2518 3622 βασιλείαν
2551 3553 2794 3617 ἅπαντας
2824 3554 2918 3607 καὶ
2953 3554 3042 3608 διά
3081 3553 3272 3608 τούτου
3305 3555 3530 3626 δραμεῖν
3558 3573 3667 3608 πα-

2001 3641 2362 3709 ρασκευάσω;
2392 3643 2483 3714 Μὴ
2508 3643 2686 3695 τοίνυν
2712 3684 2727 3706 ,
2756 3637 2800 3696 ὧ
2837 3644 3070 3714 μακάριε
3101 3643 3354 3714 προφῆτα
3375 3685 3388 3707 ,
3427 3643 3668 3708 ἐκείνους

2000 3726 2447 3796 καταλιμπάνων,
2481 3730 2604 3799 ἐμοὶ
2632 3731 2872 3799 πρόσαγε
2915 3731 3013 3800 τὴν
3045 3731 3389 3801 παράκλησιν
3412 3773 3427 3796 ,
3457 3730 3570 3784 ἀλλ’
3609 3731 3667 3783 ἐν

2002 3829 2082 3865 σοι
2105 3812 2262 3864 τοῦτο
2285 3815 2373 3866 διά
2393 3816 2627 3884 σπουδῆς
2654 3817 2814 3878 ἔστω,
2846 3816 2986 3868 ὥστε
3012 3817 3112 3884 τῆς
3138 3817 3360 3868 ἐκείνων
3384 3817 3539 3869 νόσου
3571 3835 3666 3869 περ

2003 3901 2327 3971 ριγενέσθαι,
2367 3901 2460 3955 καὶ
2502 3903 2582 3963 εἰς
2624 3901 2874 3972 αἴσθησιν
2915 3903 3138 3968 ἀγαγεῖν
3186 3900 3286 3970 τῆς
3332 3902 3662 3971 ἀρρωστίας,

2001 3992 2093 4044 καὶ
2124 3991 2258 4061 πρὸς
2288 3989 2496 4058 ὑγίειαν
2537 3991 2900 4058 ἐπαναγαγεῖν
2923 4032 2938 4054 ,
2968 3990 3061 4042 καὶ
3099 3989 3168 4042 τὰ
3199 3990 3328 4060 παρ’
3361 3989 3497 4061 ἐμοῦ
3527 3991 3665 4044 πάν-

1999 4095 2106 4141 τως
2138 4075 2348 4145 ἐψεται.
2377 4077 2450 4130 Οὐ
2477 4076 2585 4148 γάρ
2618 4075 2814 4146 μέλλω,
2843 4076 2960 4129 οὐδέ
3000 4075 3406 4146 ἀναϐάλλομαι,
3445 4077 3665 4131 ἐπειδάν

2003 4165 2096 4218 ίδω
2121 4164 2298 4235 ψυχὴν
2324 4163 2640 4234 εὐγνώμονα
2663 4181 2679 4195 ·
2703 4163 2761 4216 ἓν
2781 4165 2888 4234 1&9
2912 4164 3070 4234 μόνον
3091 4163 3350 4233 ἐπιζητῶ,
3375 4165 3663 4234 ὁμολογίαν

1999 4252 2108 4304 τῶν
2139 4251 2535 4321 ἐπταισμένων,
2563 4251 2656 4305 καὶ
2681 4251 2780 4305 οὐκ
2803 4251 2882 4304 ἔτι
2911 4251 3009 4322 τὴν
3033 4252 3124 4304 ἐπὶ
3155 4255 3264 4315 τοῖς
3285 4253 3664 4322 ἐπταισμένοις

1999 4337 2154 4408 δίκην
2207 4338 2416 4406 ἐπάγω.
2471 4338 2563 4410 Μὴ
2601 4338 2711 4409 1&9
2758 4337 2895 4409 βαρύ
2946 4357 2998 4392 τι
3043 4340 3136 4392 καὶ
3182 4339 3414 4410 ἐπαχθὲς
3443 4339 3504 4392 τὸ
3535 4342 3662 4410 παρ’

1999 4425 2134 4494 ἐμοῦ
2174 4425 2616 4497 προτεινόμενον;
2660 4425 2721 4476 Εἰ
2761 4425 2836 4494 μὴ
2878 4425 3024 4494 ᾔδειν
3067 4424 3279 4495 χείρους
3322 4426 3660 4495 γινομένους,

1999 4513 2064 4564 ἐκ
2110 4512 2204 4564 τοῦ
2252 4513 2326 4583 μὴ
2365 4511 2696 4582 ὁμολογῆσαι
2733 4511 2804 4564 τά
2839 4511 3076 4582 πρότερα
3120 4513 3488 4582 ἁμαρτήματα
3514 4552 3528 4571 .
3561 4514 3662 4565 οὐκ

1999 4597 2065 4651 ἂν
2085 4599 2204 4651 οὐδὲ
2232 4596 2387 4652 τδῦτο
2417 4599 2660 4668 ἐζήτουν.
2703 4598 2843 4651 Ἀλλ’
2878 4599 3063 4669 ἐπειδὴ
3091 4594 3206 4651 οἶδα
3237 4599 3294 4651 τὸ
3328 4599 3436 4652 τῶν
3458 4599 3664 4671 ἀνθρώ-

1999 4705 2116 4740 πων
2153 4687 2306 4755 γένος
2352 4687 2550 4757 μᾶλλον
2595 4689 2730 4757 πρὸς
2771 4687 2964 4742 κακίαν
2988 4689 3172 4760 ῥέπον,
3212 4687 3300 4742 διὰ
3333 4689 3490 4742 τοῦτο
3538 4689 3660 4758 βού-

1997 4773 2162 4843 λομαι
2185 4775 2255 4827 τά
2281 4775 2520 4845 πρότερα
2546 4775 2872 4844 ὁμολογῆσαι
2903 4776 3270 4846 ἁμαρτήματα
3293 4817 3307 4838 ,
3351 4777 3438 4830 Eva
3471 4779 3502 4845 ἡ
3537 4779 3664 4844 ὁμο-

1997 4861 2152 4928 λογία
2194 4861 2422 4932 κώλυμα
2471 4862 2654 4924 αὐτοῖς
2697 4863 2924 4933 γένηται
2958 4864 3095 4934 πρὸς
3131 4863 3193 4916 τὸ
3236 4863 3310 4934 μὴ
3339 4865 3450 4925 τοῖς
3481 4863 3662 4927 αὐτοῖς

1998 4954 2335 5022 περιπεσεῖν.

2067 5111 2135 5167 γ’.
2178 5097 2361 5153 Ταῦτα
2391 5095 2594 5160 τοίνυν,
2629 5095 2924 5166 ἀγαπητοὶ,
2957 5095 3425 5166 ἀναλογιζόμενοι,
3459 5096 3552 5146 καὶ
3575 5095 3660 5148 ἐν-

1996 5185 2244 5247 νοοῦντες
2268 5184 2361 5237 τοῦ
2390 5183 2664 5255 ἡμετέρου
2689 5184 2958 5238 Δεσπότου
2992 5184 3091 5254 τὴν
3124 5181 3550 5251 φιλανθρωπίαν,
3583 5180 3659 5252 μὴ

1999 5271 2354 5343 ῥαθυμῶμεν,
2396 5270 2532 5324 ἀ).λά
2575 5271 2836 5342 πρότερον
2897 5268 3088 5338 πολλὴν
3135 5267 3346 5321 ἐαυτῶν
3395 5265 3493 5337 τὴν
3540 5269 3660 5319 ἐπι-

2001 5361 2220 5432 μέλειαν
2249 5357 2550 5428 ποιώμεθα,
2574 5361 2667 5411 καὶ
2696 5359 2786 5410 τὸν
2820 5359 2990 5426 ῥύπον
3022 5356 3116 5409 τὸν
3144 5356 3251 5409 ἀπὸ
3276 5355 3383 5408 τῶν
3413 5357 3661 5426 ἁμαρτη-

2001 5447 2184 5517 μάτων
2210 5443 2623 5513 ἐκκαθάρωμεν,
2651 5445 2744 5496 καὶ
2773 5441 2943 5505 οὓτως
2972 5442 3062 5494 ἐπὶ
3093 5442 3190 5505 τάς
3232 5441 3526 5512 πρεσϐείας
3552 5441 3661 5494 τῶν

1997 5533 2186 5600 ἁγίων,
2219 5530 2553 5600 σπεύδωμεν.
2611 5531 2736 5582 Ἐἀν
2785 5529 2889 5602 γάρ
2947 5529 3265 5600 βουλώμεθα
3320 5531 3507 5600 νήφειν
3568 5531 3661 5582 καὶ

1999 5617 2376 5688 ἐγρηγορέναι,
2417 5617 2510 5668 καὶ
2534 5616 2602 5668 δι’
2631 5617 2837 5670 ἐαυτῶν
2862 5616 3300 5688 παρακαλοῦντες
3333 5617 3412 5669 τά·
3429 5616 3661 5685 μέγιστα

2004 5702 2328 5774 όνησόμεθα.
2373 5702 2588 5773 Ἐπειδὴ
2613 5702 2721 5774 γάρ
2746 5702 3121 5774 φιλάνθρωπός
3157 5704 3302 5756 ἐστιν
3339 5703 3366 5756 ό
3388 5702 3662 5770 Δεσπότης

1997 5792 2026 5843 ό
2059 5790 2323 5862 ἡμέτερος
2343 5831 2358 5853 ,
2389 5791 2488 5860 οὐχ
2528 5789 2670 5843 οὓτω
2691 5789 2757 5842 δι’
2790 5789 2992 5861 ἐτέρων
3022 5789 3502 5861 παρακαλούμενος
3520 5787 3658 5872 ὑπὲρ

1999 5876 2154 5948 ἡμῶν
2197 5877 2455 5948 ἐπινεύει,
2500 5877 2574 5943 ὡς
2610 5877 2674 5931 δι’
2718 5876 2877 5949 ἡμῶν
2919 5877 3116 5934 αὐτῶν.
3157 5879 3298 5949 Ὅρα
3329 5875 3666 5944 ἀγαθότητος
