4084 6214
294 321 395 377 409

292 439 451 491 ιιιῑιιιιι
479 451 493 490 :
519 448 641 489 nam
668 433 713 489 si
742 430 929 488 viderit
952 444 1050 484 nos
1075 428 1166 499 qui
1196 427 1514 483 oﬂ'eudimus
1534 466 1550 492 ,
1572 434 1625 480 et
1652 421 1880 494 ignomi-

297 527 432 583 niosi
471 526 596 582 facti
620 540 825 591 sumus,
857 523 1163 592 nullamque
1190 519 1449 576 habemus
1473 516 1736 584 fiduciam,
1759 528 1887 584 pau-

298 618 465 675 lulum
489 616 731 683 excitari,
758 625 810 670 et
831 615 897 669 ad
919 613 1216 669 clementiae
1237 628 1347 667 suae
1367 609 1580 666 divitias
1600 606 1889 677 confugere

300 718 548 765 votentcs
570 749 585 774 ,
616 707 792 762 statim
824 705 1071 777 precibus
1095 704 1312 771 annuit,
1340 712 1396 759 et
1424 716 1638 757 manum
1672 698 1892 770 porrigit

301 800 599 869 jacentibus
625 807 679 854 et
704 798 882 869 lapsos
910 796 1127 863 excitat,
1155 796 1455 864 clamatque
1482 794 1698 848 dicens:
1720 789 1891 845 Num-

306 889 429 957 quid
469 888 553 957 qui
600 887 768 953 cadit,
820 903 921 940 non
959 894 1181 957 resurget
1227 883 1441 955 (Jerem.
1485 883 1539 938 8.
1568 881 1666 955 4)?
1696 880 1892 935 Verum

310 990 365 1033 ut
417 980 574 1034 etiam
613 994 679 1032 ex
718 978 881 1034 rebus
912 978 1041 1049 ipsis
1080 977 1296 1033 discatis
1324 973 1592 1046 quomodo
1622 971 1771 1026 multi
1803 986 1897 1041 per

266 1136 269 1137 ν
306 1072 625 1141 semctipsos
663 1079 880 1125 orantes
909 1071 960 1125 id
987 1069 1127 1140 quod
1154 1068 1439 1139 cupiebant
1465 1068 1657 1123 melius
1685 1064 1895 1135 assequi

308 1163 617 1229 valuerunt,
649 1177 804 1233 quam
844 1177 940 1231 per
966 1162 1192 1216 aliorum
1221 1175 1437 1230 preces,
1464 1173 1644 1231 Operae
1670 1157 1897 1228 pretium

310 1254 469 1310 fuerit
496 1269 623 1319 eos,
654 1254 846 1324 quibus
872 1254 921 1307 id
947 1252 1201 1322 contigit,
1234 1252 1285 1307 in
1309 1251 1540 1307 medium
1569 1249 1898 1320 producere,

310 1358 367 1400 ut
395 1358 446 1402 et
477 1362 573 1403 nos
596 1346 896 1413 imitemur,
930 1356 979 1401 et
1013 1344 1079 1399 ad
1110 1344 1499 1399 aemulationem
1528 1353 1900 1414 provocemur.

314 1441 606 1502 Audiamus
637 1441 795 1513 igitur
821 1439 1091 1513 quomodo
1115 1438 1418 1494 Chananma
1445 1435 1536 1490 illa
1564 1432 1756 1488 mulier
1779 1445 1901 1485 cum

314 1542 463 1590 esset
509 1533 828 1603 alienigena,
861 1540 917 1587 et
943 1532 1119 1586 anima
1140 1530 1291 1584 valde
1309 1528 1675 1592 cruciaretur,
1704 1524 1793 1578 ubi
1822 1522 1904 1578 vi-

316 1625 395 1680 dit
433 1623 692 1679 Medicum
732 1622 1029 1678 animarum
1051 1662 1067 1687 ,
1093 1629 1149 1675 et
1178 1620 1356 1675 Solem
1378 1617 1598 1689 iustitia:
1627 1616 1717 1687 qui
1744 1628 1907 1671 exor-

302 1726 404 1773 tus
424 1725 507 1772 est
530 1716 594 1770 iis
619 1715 709 1786 qui
736 1713 927 1768 sedent
951 1713 1003 1766 in
1034 1711 1268 1766 tenebris
1283 1750 1300 1777 ,
1332 1708 1556 1764 accessit
1575 1706 1641 1762 ad
1664 1721 1782 1761 eum
1806 1706 1908 1762 fcr-

316 1809 443 1863 vido
471 1817 523 1862 et
548 1806 711 1860 alacri
740 1803 918 1859 studio
945 1811 1086 1858 mota
1121 1820 1134 1856 :
1166 1817 1337 1874 neque
1365 1801 1484 1856 ideo
1507 1799 1720 1870 segnior
1748 1797 1906 1866 facta,

320 1899 466 1970 quod
506 1898 589 1953 vel
630 1897 855 1965 mulier,
885 1896 969 1953 vel
996 1896 1291 1966 alienigena
1323 1903 1467 1949 esset
1494 1910 1509 1947 :
1538 1892 1633 1949 sed
1661 1890 1909 1945 omnibus

288 2050 291 2051 ν
322 1990 724 2060 impedimentis
750 1990 1017 2061 repulsis,
1044 1995 1101 2043 ut
1124 1987 1382 2051 accessit,
1413 1984 1584 2054 inquit
1610 1999 1624 2036 :
1658 1981 1908 2047 Domine,

294 2162 297 2165 γ
323 2084 561 2137 miserere
590 2081 720 2148 mei,
746 2083 864 2151 quia
892 2080 1000 2149 ﬁlia
1027 2096 1137 2133 mea
1163 2079 1295 2132 male
1316 2094 1347 2131 a
1378 2075 1628 2131 dwmonio
1657 2080 1915 2142 torquetur

325 2174 538 2245 (.tlattlt.
570 2174 657 2229 15.
688 2172 806 2244 2‘2).
832 2173 1031 2227 Verum
1058 2170 1148 2242 qui
1175 2170 1275 2224 scit
1300 2166 1607 2223 abscondita
1637 2164 1876 2222 cordium
1894 2201 1913 2229 ,

326 2278 467 2322 tacet
496 2275 548 2322 et
576 2281 682 2322 non
714 2264 1024 2337 respondet,
1049 2278 1221 2334 neque
1242 2276 1488 2317 sermone
1508 2274 1625 2314 eam
1645 2258 1912 2327 dignatur,

326 2374 504 2429 neque
545 2359 829 2414 miseretur
871 2356 1145 2422 mulieris,
1187 2369 1346 2425 quam
1383 2352 1597 2408 videbat
1627 2357 1773 2404 tanto
1796 2361 1917 2402 cum

326 2450 526 2520 ejulatu
551 2448 840 2513 accedere;
865 2447 961 2503 sed
989 2447 1167 2502 dilfert
1186 2486 1200 2510 ,
1222 2446 1408 2500 volens
1430 2442 1699 2499 occultum
1731 2439 1921 2493 mulie-

330 2543 407 2598 ris
455 2540 764 2596 thesaurum
813 2538 1062 2594 omnibus
1098 2534 1439 2592 manifestum
1481 2534 1674 2588 facere.
1703 2529 1920 2586 Sciebat

328 2634 473 2689 enim
500 2632 827 2688 reconditam
856 2630 1231 2701 margaritam,
1262 2642 1420 2699 quam
1447 2640 1546 2681 nos
1571 2624 1736 2679 latere
1764 2621 1922 2677 nole-

332 2726 423 2782 bat
456 2744 469 2780 :
497 2736 552 2781 et
582 2725 780 2781 idcirco
817 2722 1096 2779 differebat
1115 2762 1131 2785 .
1159 2731 1215 2777 ct
1244 2735 1345 2775 nec
1373 2731 1632 2788 responso
1660 2712 1922 2786 dignaba-

332 2826 437 2884 tur,
461 2826 517 2871 ιιι
538 2817 765 2888 posteris
789 2814 1035 2869 omnibus
1056 2811 1293 2867 mulieris
1312 2809 1566 2866 sedulitas
1583 2821 1771 2877 magna
1790 2805 1925 2860 foret

326 2908 595 2963 doctrina.
650 2906 718 2962 Et
767 2905 887 2961 vide
930 2903 1249 2960 inell'abilem
1298 2901 1391 2957 Dei
1437 2900 1749 2955 bonitatem.
1804 2895 1923 2965 Ipse

332 2998 477 3053 enim
498 3038 514 3063 ,
545 2997 749 3068 inquit,
777 3011 885 3052 non
922 2993 1278 3064 respondebat
1306 2992 1355 3047 ei
1379 3007 1395 3056 ;
1430 2989 1677 3071 discipuli
1703 2997 1879 3042 autem
1902 3025 1922 3055 ,

334 3087 428 3159 qui
467 3087 755 3142 admodum
787 3084 1160 3141 misericordes
1186 3093 1239 3138 et
1266 3082 1482 3153 benigni
1512 3096 1633 3137 esse
1661 3078 1918 3134 videban-

334 3186 456 3244 tur,
484 3192 591 3233 non
631 3176 827 3232 audent
854 3173 1132 3230 manifeste
1160 3172 1337 3228 dicere
1356 3213 1372 3237 ,
1405 3172 1477 3227 Da
1506 3170 1554 3226 ei
1580 3168 1722 3242 quod
1754 3168 1883 3238 petit
1905 3209 1921 3235 ,

336 3268 594 3324 miserere
619 3268 689 3332 ei,
710 3280 825 3323 esm
851 3268 899 3322 ei
926 3266 1199 3322 clemens:
1230 3264 1323 3321 sed
1351 3263 1473 3334 quid
1494 3263 1517 3317 τ
1540 3261 1751 3316 Dimitte
1778 3277 1886 3315 eam
1904 3299 1922 3328 ,

336 3360 455 3430 quia
498 3360 684 3415 clamat
731 3368 841 3428 post
887 3374 979 3412 nos
1021 3356 1183 3426 (Ibid.
1226 3372 1274 3411 υ.
1302 3355 1435 3427 25),
1465 3354 1617 3426 quasi
1644 3353 1922 3407 dicerent:

338 3451 528 3508 Libera
571 3466 672 3506 nos
710 3465 743 3505 a
781 3450 1058 3515 molestia,
1107 3448 1273 3503 libera
1316 3461 1416 3502 nos
1453 3461 1481 3499 a
1510 3445 1740 3499 clamore
1767 3456 1924 3513 quem

338 3542 555 3598 excitat.
599 3541 738 3610 Quid
785 3540 944 3612 igitur
992 3539 1294 3595 Dominus?
1336 3538 1539 3593 Putatis
1571 3551 1692 3601 me,
1722 3534 1923 3604 inquit,

340 3635 545 3706 absque
583 3648 742 3689 causa
778 3634 1044 3698 tacuisse,
1088 3644 1141 3688 et
1195 3645 1455 3701 responso
1481 3644 1598 3684 eam
1625 3643 1732 3683 non
1765 3627 1928 3682 fuisse

337 3725 650 3797 digttatum?
682 3725 873 3780 Audite
912 3742 927 3778 :
972 3723 1091 3777 Non
1130 3740 1240 3778 sum
1268 3723 1450 3776 missus
1476 3722 1574 3775 nisi
1596 3721 1663 3774 ad
1683 3736 1794 3774 oves
1817 3734 1931 3788 quae

340 3818 596 3888 perierunt
641 3817 820 3870 domus
864 3815 1029 3870 Israel
1057 3808 1215 3888 (Ibid.
1241 3831 1287 3868 v.
1315 3814 1429 3881 9.5).
1461 3812 1707 3876 Nescitis,
1739 3810 1925 3879 inquit,

340 3908 694 3980 afienigenam
737 3907 1015 3963 mulierem
1059 3920 1178 3961 esse
1207 3905 1230 3959 ?
1261 3902 1480 3958 nescitis
1522 3917 1610 3956 me
1640 3899 1789 3954 vobis
1819 3900 1929 3969 jam

342 4005 665 4073 praecepisse
706 4016 776 4057 ne
815 4001 966 4056 iretis
993 4000 1046 4053 iu
1084 3998 1221 4054 viam
1246 3995 1529 4069 gentium?
1566 3993 1743 4061 Quare
1770 3992 1930 4063 igitur

340 4098 460 4153 sine
487 4098 731 4153 examine
754 4095 1273 4152 commiserationem
1304 4108 1428 4164 erga
1454 4107 1573 4149 eam
1603 4090 1887 4147 declaratis
1904 4092 1930 4144 ἲ

343 4189 634 4245 Considera
662 4189 1004 4253 multifariam
1028 4189 1117 4245 Dei
1145 4187 1459 4258 sapientiam
1479 4226 1493 4249 ,
1518 4183 1788 4257 quomodo
1807 4199 1929 4239 cum

346 4280 671 4351 respondere
698 4280 1007 4345 videbatur,
1038 4278 1317 4334 mulierem
1348 4276 1516 4347 magis
1544 4275 1933 4345 perstringebat

346 4389 503 4443 quam
538 4374 745 4433 silendo
781 4392 794 4429 :
831 4382 885 4429 et
918 4372 1068 4443 quasi
1100 4372 1313 4428 letalem
1349 4371 1555 4440 plagam
1585 4368 1779 4432 dabat,
1806 4382 1934 4438 pro-

346 4480 539 4521 vocare
568 4465 820 4535 paulatim
847 4480 965 4520 eam
989 4464 1209 4531 volens,
1244 4470 1300 4518 ut
1328 4462 1596 4517 discerent
1628 4460 1933 4531 ignorantes

346 4556 633 4625 discipuli,
676 4564 872 4625 quanta
917 4555 970 4610 in
1010 4570 1070 4611 ea
1111 4554 1298 4610 lateret
1342 4553 1492 4608 fides.
1524 4551 1832 4620 Sedneque
1854 4550 1934 4605 sic

347 4647 552 4703 tardior
591 4646 1004 4716 negligentiorve
1046 4645 1179 4700 facta
1217 4654 1301 4701 est
1327 4644 1454 4699 visis
1491 4642 1765 4713 discipulis
1796 4640 1933 4696 nihil

352 4739 750 4813 proficientibus
770 4777 786 4803 ,
816 4752 988 4807 neque
1016 4736 1152 4792 dixit
1170 4738 1308 4792 intra
1336 4735 1679 4806 scmetipsam
1710 4753 1723 4787 :
1748 4733 1803 4789 Si
1826 4749 1933 4789 non

353 4841 637 4903 potuerunt
683 4830 758 4886 illi
792 4829 1072 4884 Dominum
1122 4844 1220 4898 pro
1248 4844 1337 4885 me
1360 4844 1584 4885 exorare
1602 4869 1618 4895 ,
1646 4824 1809 4899 quare
1835 4843 1936 4898 ego

354 4931 547 4985 frustra
589 4940 878 4997 sequerer,
918 4933 972 4979 et
1020 4922 1271 4978 continuo
1316 4921 1614 4979 instarem?
1652 4921 1746 4981 sed
1785 4921 1936 4992 quasi

353 5030 532 5077 mente
554 5020 624 5076 ab
652 5020 773 5089 igne
800 5017 1129 5072 inflammata
1152 5022 1209 5069 et
1228 5028 1483 5074 succensa
1500 5058 1516 5081 ,
1540 5014 1938 5083 visceribusque

354 5114 658 5178 conseissis,
682 5111 887 5168 accedit
913 5109 1165 5175 adorans,
1184 5117 1239 5165 et
1260 5109 1443 5165 dicens
1466 5127 1479 5163 :
1501 5109 1735 5175 Domine,
1753 5109 1939 5179 adjuva

357 5222 436 5260 nte
472 5204 634 5274 (Ibid.
660 5221 710 5258 υ.
749 5202 867 5275 25).
895 5203 988 5260 Ille
1015 5210 1194 5259 autem
1220 5215 1394 5270 neque
1417 5201 1495 5256 sic
1518 5200 1734 5270 adjuvat
1755 5200 1942 5254 mulie-

357 5312 505 5363 rem,
540 5294 636 5352 sed
672 5310 984 5365 responsum
1011 5294 1101 5350 dat
1127 5293 1404 5365 superiore
1423 5293 1658 5362 gravius.
1689 5290 1811 5345 Non
1832 5301 1938 5357 est,

358 5388 549 5459 inquit,
581 5388 763 5442 bonum
786 5397 840 5442 ut
856 5388 1068 5443 tollatur
1090 5384 1244 5457 panis
1261 5386 1521 5456 ﬁliorum,
1550 5392 1597 5436 et
1627 5383 1770 5437 detur
1799 5383 1943 5436 caui-

360 5481 448 5535 bus
473 5478 631 5552 (Ibid.
664 5494 715 5534 υ.
741 5480 853 5550 26).
881 5478 1171 5535 Considera
1194 5519 1210 5545 ,
1241 5478 1454 5543 dilecte,
1483 5485 1537 5532 et
1566 5475 1653 5531 hic
1677 5476 1943 5531 admirare

362 5572 553 5627 anima:
577 5572 693 5641 ejus
712 5570 1061 5635 desiderium,
1091 5578 1148 5625 et
1169 5568 1327 5626 fidem
1350 5568 1621 5623 eximiam.
1648 5565 1716 5622 Ut
1737 5564 1945 5621 audivit

362 5678 422 5719 se
453 5678 639 5718 canem
681 5664 786 5720 dici
806 5702 822 5731 ,
847 5678 954 5720 non
980 5662 1235 5734 gravatim
1264 5661 1425 5728 tulit,
1455 5675 1561 5715 non
1592 5657 1898 5714 retrocessit
1925 5673 1941 5711 :

364 5755 458 5812 sed
497 5771 686 5828 magno
728 5766 781 5814 et
821 5758 909 5829 pio
934 5758 1126 5816 affectu
1171 5757 1344 5829 inquit
1382 5774 1396 5813 :
1438 5755 1646 5824 Etiam,
1674 5752 1889 5809 Domine
1920 5769 1936 5808 :

1309 311 1373 366 IN
1412 310 1562 368 CAP.
1604 306 1748 365 XIX.
1790 301 2034 363 CENES.
2080 301 2311 360 ιιοιιιι.
2353 302 2539 361 XLIV.

3477 299 3583 354 810

1993 437 2109 473 nam
2142 431 2185 474 et
2208 421 2367 474 catuli
2395 419 2548 475 edunt
2576 418 2639 472 de
2666 418 2806 472 micis
2831 431 3015 473 meum
3035 414 3356 471 dominorum
3378 430 3584 469 suorum

1994 515 2206 585 (Matth.
2234 514 2459 585 15.27).
2491 512 2792 576 Confiteor,
2817 510 3020 582 inquit,
3056 507 3290 564 catulum
3317 520 3404 562 me
3424 521 3586 563 esse:

1996 606 2159 676 igitur
2181 606 2320 661 sicut
2344 604 2578 660 catulum
2601 603 2821 673 dignare
2849 616 2934 657 me
2951 600 3105 655 micis
3126 613 3326 654 mensae
3344 610 3587 668 pascere.

1998 696 2188 753 Vidisti
2231 696 2471 750 mulieris
2505 694 2664 749 fidem
2703 703 2758 748 et
2786 690 3148 762 probitatem?
3176 686 3417 758 Suscepit
3444 684 3588 758 quod

1996 789 2197 846 dictum
2225 797 2309 844 est
2326 830 2340 852 ,
2366 795 2420 844 et
2443 787 2622 842 statim
2649 785 2698 843 id
2724 786 2791 842 de
2812 800 2918 854 quo
2940 782 3163 839 sollicita
3189 789 3301 834 erat
3323 779 3551 834 obtinuit
3573 818 3591 843 ,

2000 880 2334 951 obtinuitque
2384 880 2552 950 magis
2597 892 2718 931 cum
2768 874 3032 931 laudibus.
3086 869 3224 939 Quid
3270 870 3411 925 enim
3460 868 3592 924 dicit

2000 973 2289 1030 Christus?
2321 972 2365 1027 0
2395 972 2593 1035 mulier,
2612 986 2797 1040 magna
2824 976 2895 1021 est
2924 966 3049 1035 ﬁdes
3075 973 3160 1016 tua
3190 977 3209 1016 :
3236 961 3327 1030 ﬁat
3348 958 3437 1012 tibi
3463 959 3595 1013 sicut

2002 1069 2075 1123 vis
2118 1065 2280 1135 (Ibid.
2321 1082 2367 1119 υ.
2415 1063 2531 1135 28).
2573 1060 2618 1116 0
2644 1060 2852 1124 mulier,
2899 1052 3267 1113 admirationis
3291 1050 3511 1107 verbum
3540 1056 3596 1102 et

2002 1162 2206 1219 dictum
2254 1156 2409 1214 laude
2450 1157 2687 1227 plenum.
2732 1152 3010 1223 Magnam,
3061 1149 3262 1221 inquit,
3311 1142 3594 1200 declarasti

2007 1253 2209 1317 ﬁdem;
2256 1259 2537 1320 propterea
2583 1255 2727 1301 tanta
2764 1244 2858 1298 tibi
2901 1251 3086 1307 erunt,
3114 1248 3307 1311 quanta
3336 1237 3433 1291 vis.
3464 1235 3597 1290 Vide

2008 1342 2341 1401 liberalitatis
2383 1338 2824 1409 amplitudinem,
2872 1342 2928 1390 et
2969 1332 3232 1387 admirare
3258 1327 3468 1384 Domini
3504 1342 3595 1382 sa-

2009 1437 2284 1509 pientiam.
2328 1434 2519 1488 Annon
2567 1430 2635 1485 ab
2681 1428 2832 1484 initio
2868 1425 3213 1498 putabamus,
3260 1437 3380 1478 cum
3407 1420 3485 1475 sic
3513 1434 3601 1473 re-

2009 1530 2231 1602 pelleret
2268 1542 2386 1583 eam
2405 1567 2423 1595 ,
2466 1522 2933 1581 commiseratione
2961 1519 3104 1573 illum
3135 1516 3361 1572 carere?
3391 1513 3458 1567 Et
3483 1511 3601 1584 pri-

2010 1637 2157 1679 mum
2184 1619 2399 1691 quidem
2425 1633 2530 1673 non
2551 1616 2872 1687 dignabatur
2894 1625 3153 1682 reSpouso
3172 1650 3189 1675 ,
3214 1615 3400 1678 postea
3420 1612 3598 1661 autem

2012 1730 2109 1784 per
2150 1712 2377 1784 primum
2399 1719 2455 1766 et
2480 1707 2774 1765 secundum
2801 1718 3114 1775 responsum
3144 1699 3295 1771 quasi
3318 1695 3562 1768 abigebat
3582 1735 3599 1762 ,

2008 1815 2067 1863 et
2106 1819 2227 1861 eam
2269 1818 2390 1873 qua:
2417 1816 2539 1857 cum
2580 1809 2729 1854 tanto
2771 1796 3060 1851 advenerat
3103 1790 3372 1848 desiderio
3409 1796 3465 1844 et
3500 1788 3605 1842 fer-

2012 1912 2163 1963 vore,
2213 1893 2523 1965 repellebat.
2557 1891 2751 1946 Verum
2780 1903 2810 1942 a
2841 1888 2946 1943 fine
2971 1885 3116 1940 disce
3143 1881 3235 1939 Dei
3266 1880 3556 1936 bonitatem
3585 1892 3601 1940 ;

2013 2002 2140 2044 cum
2187 2000 2379 2055 nempe
2412 1983 2682 2037 volentem
2721 1994 2839 2033 eam
2861 1975 3143 2033 clariorem
3170 1971 3428 2036 reddere,
3461 1976 3604 2022 tanta

2016 2081 2272 2137 dilatione
2312 2078 2476 2133 fuisse
2514 2090 2691 2129 usum.
2733 2070 2940 2126 Etenim
2986 2068 3032 2123 si
3068 2066 3246 2122 statim
3294 2062 3605 2125 annuisset,

2020 2171 2432 2229 nescivisscmus
2459 2179 2558 2221 nos
2581 2161 2823 2218 mulieris
2842 2161 3091 2215 virtutem
3123 2175 3137 2210 :
3168 2154 3291 2225 quia
3311 2161 3488 2207 autem
3510 2164 3608 2220 pa-

2020 2278 2237 2332 rumper
2274 2259 2512 2323 diallliil,
2558 2265 2611 2310 et
2650 2250 2859 2308 Domini
2898 2248 3244 2319 cognovimus
3292 2240 3608 2299 ineffabilem

2022 2353 2442 2418 humanitatem,
2471 2358 2525 2406 et
2544 2348 2685 2403 il'.ius
2707 2344 2864 2400 fidem
2887 2339 3159 2396 eximiam.

2095 2449 2150 2503 ι.
2182 2445 2305 2501 Non
2335 2453 2529 2498 tantum
2558 2439 2848 2511 perﬁcimus
2877 2449 2968 2504 per
2994 2432 3125 2485 alios
3161 2436 3365 2483 orantes
3387 2467 3403 2492 ,
3446 2439 3611 2495 quan-

1989 2593 1993 2597 .
2025 2548 2132 2595 tum
2160 2552 2249 2607 per
2277 2550 2367 2589 uos
2394 2534 2551 2601 ipsos.
2586 2557 2660 2570 ---
2695 2527 2884 2581 Totam
2926 2533 3106 2577 autem
3151 2518 3289 2575 hanc
3330 2513 3608 2571 historiam

2024 2631 2077 2686 in
2103 2628 2340 2685 medium
2365 2623 2560 2679 afferre
2581 2618 2754 2679 coacti
2779 2630 2987 2679 sumus,
3014 2622 3074 2666 ut
3090 2610 3362 2666 discamus
3388 2620 3486 2660 uos
3506 2619 3611 2659 non

2028 2732 2234 2778 tantum
2262 2716 2521 2789 perficere
2546 2727 2645 2783 per
2670 2709 2806 2765 alios
2826 2714 3064 2769 orantes,
3092 2709 3349 2772 quantum
3375 2713 3472 2769 per
3492 2710 3615 2749 nos-

2024 2815 2201 2885 ipsos,
2229 2785 2278 2864 si
2298 2807 2512 2879 quidem
2539 2818 2662 2860 cum
2691 2798 2855 2856 alacri
2898 2806 2954 2853 et
2991 2794 3140 2866 vigili
3169 2799 3348 2847 mente
3389 2785 3615 2843 acceda-

2026 2920 2167 2960 mus.
2197 2902 2488 2957 Enimvero
2511 2896 2602 2951 illa
2628 2902 2682 2950 et
2705 2889 2996 2960 discipulos
3022 2886 3225 2941 habens
3253 2897 3352 2953 pro
3376 2895 3435 2935 se
3459 2893 3615 2933 oran-

2030 3006 2131 3060 tes,
2157 2992 2288 3049 nihil
2316 2990 2561 3062 profecit,
2587 2986 2760 3042 douec
2784 2984 2897 3052 ipsa
2931 2993 3027 3049 per
3052 2991 3112 3032 se
3140 2986 3380 3046 praesens
3405 2980 3458 3026 et
3489 2984 3613 3039 per-

2028 3100 2281 3143 severans
2320 3079 2660 3137 clementiam
2692 3072 2899 3131 Domini
2930 3068 3031 3125 sibi
3067 3064 3399 3122 conciliaret.
3442 3063 3617 3129 Atque

2029 3176 2280 3251 parabola
2305 3174 2395 3229 illa
2417 3171 2573 3226 amici
2602 3170 2921 3236 intempesta
2944 3169 3100 3219 nocte
3123 3155 3405 3219 venientis,
3427 3162 3482 3208 et
3508 3162 3619 3205 tres

2028 3244 2195 3343 panes
2222 3265 2472 3338 petentis,
2498 3261 2637 3319 idem
2668 3260 2842 3329 ipsum
2881 3251 3202 3311 subiudicat.
3234 3247 3374 3302 Nam
3397 3244 3615 3307 etiamsi,

2028 3339 2223 3420 amicus
2249 3362 2383 3423 licet,
2414 3373 2517 3412 non
2549 3353 2806 3416 exaudiat,
2839 3358 3061 3404 attamen
3088 3344 3165 3398 vel
3192 3351 3395 3411 propter
3425 3339 3618 3407 impor-

2028 3457 2291 3511 tunitatem
2321 3458 2513 3521 surget,
2543 3457 2589 3501 et
2615 3446 2660 3499 ei
2685 3442 2823 3497 dabit
2862 3441 2881 3511 (
2898 3440 3025 3494 Luc.
3056 3437 3142 3492 ll.
3173 3433 3267 3504 8).
3292 3432 3469 3521 Itaque
3495 3442 3620 3483 cum

2030 3547 2308 3604 videamus
2332 3519 2655 3596 iueﬂ‘abilcm
2677 3531 3014 3589 clementiam
3048 3523 3260 3583 Domini
3300 3519 3491 3585 nostri,
3530 3532 3621 3570 ac-

2030 3639 2287 3695 cedamus
2316 3633 2382 3689 ad
2426 3647 2550 3687 eum
2574 3669 2590 3693 ,
2632 3623 2954 3685 declaratis,
2998 3627 3055 3675 et
3081 3616 3231 3686 quasi
3271 3623 3397 3668 ante
3434 3607 3623 3664 oculos

2034 3739 2249 3788 nostros
2278 3724 2568 3796 propositis
2593 3718 2872 3790 speciatim
2900 3711 3125 3782 singulis
3150 3705 3381 3778 peccatis
3402 3701 3619 3764 nostris,

2031 3824 2193 3878 etiam
2227 3833 2323 3885 pro
2364 3812 2646 3883 praeteritis
2677 3808 2887 3862 veniam
2933 3813 3211 3871 petamus,
3243 3805 3300 3850 ut
3343 3794 3399 3848 in
3443 3791 3622 3845 futuro

2033 3882 2238 3983 majori
2252 3905 2521 3978 diligentia
2543 3903 2803 3963 viventes,
2827 3893 3132 3951 uberiorem
3151 3888 3267 3958 ejus
3289 3882 3618 3941 benevolen-

2035 4008 2161 4063 tiam
2207 4012 2577 4069 asscquanmr.
2632 3992 2845 4047 Verunr
2875 3985 3157 4042 redeamus
3180 4020 3196 4048 ,
3239 3980 3284 4035 si
3316 3978 3521 4047 placet,
3552 3972 3618 4027 ad

2034 4098 2277 4156 lectionis
2318 4068 2536 4149 seriem.
2568 4088 2657 4145 50.
2694 4082 2931 4139 Ascendit
2970 4088 3137 4132 autem
3159 4116 3175 4137 ,
3208 4074 3408 4143 inqttit,
3440 4068 3534 4123 Lot
3566 4068 3619 4120 iu

2035 4194 2234 4262 SegOr,
2276 4197 2322 4242 et
2350 4184 2479 4240 sedit
2522 4182 2576 4236 in
2617 4185 2822 4241 monte,
2865 4182 2912 4227 et
2951 4170 3072 4223 dum
3100 4167 3222 4236 ﬁlim
3248 4172 3357 4233 ejus
3398 4176 3512 4214 cum
3540 4174 3619 4212 eo.

2034 4252 2332 4339 Titiniorum
2361 4275 2491 4330 enim
2518 4271 2745 4326 habitare
2771 4267 2824 4320 in
2846 4264 3045 4335 Seqor;
3071 4269 3119 4313 et
3155 4255 3394 4310 habitavit
3421 4252 3475 4304 in
3509 4265 3624 4317 spe-

2037 4375 2185 4429 lunca
2213 4371 2352 4442 ipse,
2393 4376 2439 4419 et
2462 4365 2578 4419 duo:
2608 4360 2728 4431 ﬁlia:
2766 4358 2875 4428 ejus
2917 4368 3031 4407 cum
3070 4366 3151 4404 eo.
3196 4347 3381 4401 Justus
3423 4339 3626 4395 invale-

2036 4431 2424 4521 scente'adhue
2450 4457 2662 4518 timore,
2690 4464 2848 4520 quem
2871 4448 3191 4513 conceperat
3218 4454 3247 4492 a
3274 4436 3425 4507 plaga
3454 4431 3624 4488 Sodo-

2034 4559 2184 4616 mitis
2212 4555 2449 4615 inducta,
2476 4545 2666 4621 procul
2697 4543 2828 4608 abit,
2856 4547 2912 4596 et
2938 4538 2989 4593 in
3017 4542 3219 4597 monte,
3251 4528 3440 4599 inquit,
3469 4525 3623 4580 habi-

2038 4659 2115 4706 lat
2153 4662 2274 4704 cum
2325 4618 2532 4698 filiabus
2572 4638 2684 4693 suis
2716 4651 2731 4689 :
2762 4640 2819 4688 et
2855 4632 2909 4686 iu
2954 4625 3242 4683 solitudine
3282 4628 3338 4679 et
3379 4618 3625 4672 vastitate

2037 4750 2277 4799 extrema
2319 4742 2507 4807 postea
2553 4729 2653 4784 fuit
2679 4740 2800 4781 cum
2845 4720 3093 4784 ﬁliabus,
3135 4716 3191 4769 in
3232 4718 3414 4767 monte
3442 4707 3625 4763 sedem

2040 4834 2264 4890 habens.
2297 4799 2392 4883 ἐι.
2420 4823 2562 4879 Dixit
2587 4830 2773 4883 autem,
2802 4814 2992 4884 inquit,
3023 4810 3191 4880 major
3215 4816 3339 4860 natu
3365 4802 3432 4855 ad
3448 4799 3632 4871 junio-

2039 4942 2146 4981 rem
2172 4939 2190 4977 :
2215 4920 2369 4975 Pater
2394 4925 2562 4972 noster
2585 4926 2742 4967 senex
2768 4917 2863 4972 est,
2892 4915 2938 4961 et
2963 4904 3134 4959 nullus
3164 4907 3238 4952 est
3262 4909 3412 4964 super
3440 4900 3626 4943 terram

2040 5018 2127 5089 qui
2150 5011 2463 5085 ingrediatur
2500 5006 2569 5059 ad
2612 5019 2725 5066 nos,
2762 5002 2916 5072 juxta
2956 5009 3145 5051 morem
3182 4988 3425 5043 universte
3459 4990 3627 5080 terrm,

2042 5070 2134 5167 ἑνὶ.
2168 5070 2313 5171 vina,
2341 5113 2386 5158 et
2416 5110 2641 5173 petemus
2672 5070 2865 5166 patrem
2895 5097 3123 5143 nostrum
3147 5080 3262 5135 uino
3281 5117 3297 5144 ,
3326 5084 3372 5129 et
3401 5070 3628 5173 dormia-

2043 5219 2157 5258 mus
2186 5216 2299 5255 cum
2325 5213 2383 5251 eo
2400 5237 2414 5261 ,
2444 5203 2492 5248 et
2517 5192 2787 5246 excitemus
2823 5198 2991 5238 semen
3017 5194 3079 5232 ea:
3106 5183 3249 5245 patre
3273 5175 3463 5223 nostro.
3494 5160 3627 5216 Cum

2044 5289 2345 5348 reverentia
2372 5254 2428 5342 et
2452 5284 2645 5338 timore
2672 5277 2841 5333 multo
2864 5270 3143 5326 audiamus
3172 5275 3257 5323 ea,
3286 5254 3487 5317 dilecti,
3512 5267 3630 5322 qua:

2047 5385 2098 5439 in
2129 5380 2323 5436 divinis
2352 5373 2643 5445 Scripturis
2681 5365 3059 5424 cmuiuentur;
3105 5368 3219 5445 non
3254 5348 3401 5445 enim
3430 5354 3633 5399 temere

2046 5484 2101 5529 et
2126 5472 2328 5540 absque
2356 5439 2515 5523 causa
2543 5462 2738 5529 scripta
2766 5463 2919 5517 sunt,
2946 5448 3042 5506 sed
3078 5444 3257 5503 omnia
3288 5439 3490 5499 utiliter
3518 5442 3575 5490 et
3600 5448 3633 5488 e

2049 5580 2107 5621 re
2136 5526 2340 5626 nosira,
2370 5553 2579 5613 etiamsi
2606 5526 2704 5607 nos
2723 5544 2966 5618 qumdam
2997 5544 3323 5611 ignoremus.
3351 5529 3464 5586 Non
3489 5526 3632 5582 enim

2050 5656 2227 5714 omnia
2258 5662 2542 5724 possumus
2583 5642 2859 5700 evidenter
2900 5635 3039 5693 scire
3071 5650 3087 5688 :
3118 5628 3213 5687 sed
3256 5628 3301 5683 si
3347 5633 3402 5680 et
3445 5632 3635 5678 causas

2055 5719 2278 5807 reddere
2306 5759 2402 5817 pro
2450 5748 2635 5799 nostro
2675 5740 2833 5807 captu
2878 5737 3176 5793 teutemus,
3219 5719 3416 5777 habent
3458 5724 3637 5772 tamen
