4084 6214
472 271 611 341 ιη

468 397 644 451 adhuc
670 395 922 450 latentem
950 389 1228 463 quemdam
1261 387 1569 442 thesaurum
1599 385 1615 417 '
1643 399 1674 439 a
1704 383 1887 439 multis
1923 379 2050 439 abs-

467 479 764 549 conditum,
829 499 925 538 nec
953 477 1398 550 investigabiicm.
1422 475 1712 532 Considera
1743 475 1901 545 igitur
1919 488 2056 544 quo-

468 591 504 630 n
528 576 634 631 odo
663 575 932 644 Scriptum
965 571 1141 625 omnia
1187 569 1468 624 manifeste
1513 566 1773 628 narrarit,
1812 576 1866 622 ct
1905 565 2056 620 nobis

471 681 692 736 scopum
721 665 786 718 ad
827 665 982 718 ﬁnem
1012 662 1306 717 ostenderit
1347 661 1574 716 ﬁliarum
1611 659 1775 730 justi,
1819 667 1872 713 et
1916 671 2057 712 nune

467 757 680 828 quidem
715 770 810 826 pro
840 756 978 818 illis,
1013 771 1156 809 nunc
1194 768 1326 808 vero
1354 767 1454 824 pro
1477 752 1623 823 justo
1650 752 1865 822 dignam
1893 764 2055 804 excu-

469 847 731 900 sationem
778 845 1052 900 all'erens:
1085 853 1142 900 ut
1181 845 1358 898 nullus
1387 843 1452 897 ad
1493 841 1692 897 factum
1739 840 2052 910 respiciens,

465 937 553 990 vel
572 936 774 1004 justum
797 936 1139 1002 condemnet,
1167 937 1250 991 vel
1271 935 1401 1005 justi
1433 934 1590 1001 ﬁlias,
1619 933 1768 1004 quasi
1797 946 2054 1002 congres-

464 1042 557 1082 sus
587 1027 678 1081 ille
707 1038 926 1099 propter
954 1029 1389 1083 incontinentiam
1434 1027 1612 1083 fuerit.
1643 1025 1922 1094 Quomodo
1952 1025 2056 1096 igi-

464 1126 552 1172 tur
581 1117 806 1172 ﬁliarum
832 1119 961 1187 justi
1005 1120 1405 1173 excusationem
1433 1117 1628 1172 affert?
1657 1116 1831 1182 Dixit,
1862 1116 2052 1186 inquit,

462 1204 631 1274 major
671 1218 792 1262 natu
833 1209 903 1262 ad
935 1210 1197 1277 juniorem
1219 1224 1239 1262 .·
1267 1207 1428 1262 Pater
1461 1217 1628 1262 noster
1666 1217 1741 1262 est
1781 1224 1964 1272 senex,
2008 1215 2054 1261 et

464 1298 637 1352 nullus
662 1307 736 1352 est
778 1316 931 1368 super
959 1309 1148 1354 terram
1173 1300 1263 1369 qui
1302 1298 1618 1369 ingrediatur
1643 1299 1713 1350 ad
1751 1314 1876 1361 nos,
1899 1299 2054 1368 juxta

462 1406 656 1444 merent
702 1393 950 1445 universe
987 1402 1156 1450 terra).
1201 1390 1331 1447 Vide
1374 1404 1594 1460 scopum
1637 1389 1953 1459 diligenter,
1999 1397 2056 1444 ct

468 1484 616 1538 enini
661 1498 752 1538 eas
800 1484 1053 1538 liberabis
1079 1484 1318 1539 crimine.
1354 1483 1678 1537 Putaverunt
1714 1481 1856 1536 enim
1885 1495 2056 1551 gene-

465 1574 634 1627 ralem
673 1575 833 1627 totius
861 1574 1008 1628 orbis
1037 1573 1230 1628 factum
1260 1573 1531 1628 interitum
1551 1613 1566 1636 ,
1595 1571 1907 1640 nullumque
1934 1586 2052 1624 am-

467 1663 606 1732 ptius
649 1679 770 1718 esse
815 1665 1156 1733 superstitem
1205 1681 1219 1718 :
1260 1662 1455 1718 deinde
1502 1670 1557 1717 et
1603 1663 1767 1731 patris
1807 1661 2054 1716 viderunt

465 1765 813 1812 senectutem.
860 1755 928 1812 Ut
965 1757 1155 1827 igitur,
1189 1755 1390 1825 inquit,
1427 1770 1532 1809 non
1563 1754 1838 1808 aboleatur
1861 1767 2051 1823 genus,

470 1863 569 1902 nec
595 1857 776 1918 pereat
803 1862 998 1902 nomen
1027 1857 1267 1902 nostrum
1293 1845 1432 1916 (base
1452 1845 1594 1900 enim
1619 1854 1735 1900 erat
1759 1844 2054 1914 priscorum

467 1938 702 1992 maxima
729 1953 854 1993 cura
878 1978 892 2002 ,
924 1937 1193 2008 quomodo
1215 1952 1384 2008 genus
1410 1951 1565 1992 suum
1606 1934 1906 1990 liberorum
1927 1948 2052 1989 suc-

385 2021 402 2036 ”
464 2030 714 2084 ccssione
739 2030 1052 2100 dil-atarent)
1081 2047 1095 2084 :
1127 2044 1193 2084 ne
1217 2045 1379 2098 ergo,
1413 2028 1616 2098 inquit,
1645 2028 1813 2083 nostri
1840 2025 2054 2096 generis

468 2128 576 2174 tota
602 2119 690 2174 ﬁat
714 2120 954 2185 abolitio,
986 2120 1278 2189 prarscrtim
1300 2119 1408 2188 jam
1436 2118 1588 2173 senio
1615 2127 1764 2188 patre
1784 2116 2050 2184 coniecto,

467 2219 523 2263 et
552 2210 731 2264 nullus
763 2211 1065 2266 inveniatur
1094 2211 1175 2265 vir
1198 2210 1295 2280 qui
1318 2210 1472 2264 nobis
1497 2210 1783 2280 jungatur,
1829 2217 1887 2263 ut
1925 2223 2053 2278 pos-

465 2299 635 2354 simus
663 2301 959 2357 extendere
989 2311 1045 2356 et
1073 2301 1377 2371 relinquere
1416 2301 1638 2356 seminis
1666 2299 1832 2355 nostri
1864 2313 2054 2369 propa-

464 2391 732 2460 gationem
764 2409 776 2444 :
815 2391 963 2457 Veni,
998 2393 1196 2462 inquit,
1232 2401 1383 2446 utne
1428 2390 1528 2446 hoc
1555 2390 1646 2444 ﬁat
1666 2431 1681 2457 ,
1712 2401 1940 2459 petemus
1964 2406 2058 2461 pa-

465 2491 592 2534 trem
620 2492 845 2537 nostrum
873 2484 1009 2536 vino.
1035 2483 1195 2550 Quasi
1216 2481 1399 2536 dicere
1421 2481 1548 2535 velit
1571 2498 1586 2534 :
1609 2481 1743 2547 Quia
1765 2497 2054 2551 numquam

469 2571 634 2626 ferret
665 2573 748 2626 vel
785 2573 1003 2626 auribus
1033 2572 1135 2626 hoc
1182 2581 1350 2641 pater,
1382 2571 1507 2625 vino
1550 2570 1879 2641 decipiamus
1906 2587 2051 2628 cum.

471 2660 564 2715 35.
597 2659 907 2714 Potaverunt
941 2669 1106 2713 autem
1137 2670 1332 2730 patrem
1353 2676 1499 2713 suum
1528 2661 1642 2713 vino
1680 2671 1825 2715 nocte
1851 2661 1981 2728 ista,
2009 2672 2056 2716 et

469 2751 697 2820 ingressa
721 2762 792 2804 est
814 2751 1000 2817 senior,
1025 2759 1072 2804 et
1097 2751 1332 2804 dormivit
1358 2766 1474 2804 cum
1499 2761 1642 2820 patre
1661 2768 1751 2806 suo
1775 2767 1796 2806 :
1818 2761 1866 2806 et
1892 2755 2056 2807 ηειδε-

469 2843 538 2896 vit
571 2843 776 2913 quando
817 2843 908 2896 illa
932 2843 1217 2897 accubuerit
1236 2884 1252 2910 ,
1283 2844 1361 2897 vel
1383 2845 1673 2898 surrexerit.
1704 2843 1894 2900 Vidisti
1923 2860 2057 2915 quo-

471 2937 632 2990 modo
673 2933 854 2988 divina
897 2933 1171 3004 Scriptura
1219 2949 1318 3004 pro
1357 2934 1504 3004 justo
1547 2935 1806 2992 rationem
1847 2935 2056 2992 dederit

471 3042 576 3079 non
619 3025 788 3080 semel
833 3033 1062 3088 tantum,
1105 3024 1201 3080 sed
1245 3032 1301 3080 et
1341 3024 1582 3080 iterum?
1625 3026 1778 3082 Prius
1813 3025 2054 3098 quidem,

473 3119 591 3187 quia
624 3117 746 3172 ﬁlia:
775 3117 899 3172 vino
927 3117 1099 3187 ipsum
1126 3116 1482 3188 deceperunt,
1513 3117 1803 3174 declaravit
1825 3133 1919 3174 eas
1947 3132 2055 3174 non

478 3207 631 3263 aliter
659 3207 895 3278 potuisse
923 3209 1246 3278 persuadere
1289 3211 1459 3280 patri,
1487 3226 1646 3280 quam
1671 3212 1750 3266 sic
1779 3211 2055 3268 faciendo:

472 3315 613 3354 nime
641 3308 820 3355 autem
847 3299 1038 3370 opinor
1065 3310 1120 3356 et
1157 3315 1388 3371 superna
1408 3301 1804 3371 dispensatione
1823 3317 1944 3358 esse
1974 3301 2054 3356 fa-

474 3401 638 3456 ctum,
670 3390 741 3444 ita
767 3389 932 3446 fuisse
955 3406 1077 3447 cum
1102 3402 1444 3463 aggravatum
1468 3392 1624 3460 vino,
1657 3403 1714 3448 ut
1740 3410 1852 3449 rem
1880 3393 2057 3449 omni-

477 3498 546 3538 no
591 3483 892 3564 ignoraret,
939 3495 997 3539 ut
1038 3495 1173 3540 noxa
1205 3493 1262 3540 et
1300 3487 1524 3542 crimine
1551 3501 1751 3542 vacuus
1785 3499 1948 3546 esset.
1980 3491 2058 3548 Ea

475 3575 617 3630 enim
663 3583 874 3646 peccata
918 3591 1017 3632 nos
1043 3578 1434 3647 condemnant,
1461 3595 1583 3650 quae
1621 3581 1854 3638 scientes
1877 3592 1932 3639 et
1959 3600 2059 3640 vo-

475 3668 705 3724 luntarie
747 3666 989 3726 facimus.
1018 3670 1178 3727 Vides
1217 3673 1484 3743 quomodo
1524 3675 1886 3734 testimonium
1919 3695 2060 3751 pra:-

479 3759 600 3814 lieat
643 3760 792 3831 justo
839 3761 1147 3833 Scriptum,
1202 3765 1375 3835 ipsum
1423 3767 1645 3822 omnino
1692 3785 1805 3824 rem
1853 3781 2058 3842 gestam

477 3851 798 3919 ignorasse?
827 3851 1022 3908 Verum
1047 3855 1216 3911 altera
1242 3857 1466 3925 qua'stio
1489 3859 1656 3930 surgit
1683 3859 1751 3915 de
1775 3861 2056 3920 ebrietate.

475 3941 705 4012 Oportet
729 3943 871 3996 enim
898 3947 1075 3998 omnia
1108 3947 1448 4016 investigare,
1475 3959 1532 4002 ut
1557 3949 1699 4003 nulla
1727 3950 1982 4019 improbis
2008 3962 2063 4008 et

480 4031 877 4100 impudentibus
915 4034 1272 4090 calumniandi
1305 4037 1637 4108 relinquatur
1662 4042 1895 4096 occasio.
1922 4043 2061 4110 Quid

483 4121 635 4189 igitur
666 4119 736 4172 de
763 4119 862 4173 bac
892 4136 952 4176 re
980 4123 1218 4177 dicemus
1238 4127 1261 4176 ἲ
1285 4124 1400 4179 Non
1429 4135 1532 4180 tam
1561 4143 1625 4182 ex
1655 4130 2062 4200 intemperantia

481 4210 557 4264 illi
587 4211 846 4265 accidisse
870 4211 1208 4277 ebrietatem,
1240 4228 1398 4283 quam
1424 4230 1488 4269 ex
1517 4217 1750 4271 tristitia.

553 4303 608 4358 5.
642 4300 821 4373 Neque
851 4301 947 4356 Lot
977 4320 1134 4372 neque
1158 4305 1282 4373 ﬁlia:
1314 4306 1422 4376 ejus
1449 4305 1746 4359 damnandi.
1770 4337 1843 4348 —
1879 4309 2064 4366 Nullus

484 4395 643 4464 igitur
669 4394 865 4449 audeat
891 4403 983 4449 aut
1006 4396 1229 4464 justum,
1250 4403 1344 4449 aut
1364 4395 1490 4464 justi
1523 4396 1656 4451 filias
1679 4397 2059 4456 condemnare.

481 4487 760 4554 Quomodo
787 4489 929 4541 enim
966 4503 1072 4542 non
1099 4497 1242 4543 esset
1281 4498 1534 4542 extrema:
1562 4488 1845 4545 dementia:
1886 4500 1940 4546 et
1982 4493 2064 4546 in-

485 4579 767 4647 sipientiae,
799 4580 844 4632 si
876 4593 970 4634 eos
1004 4595 1139 4649 quos
1162 4580 1338 4634 divina
1364 4579 1636 4649 Scriptura
1661 4581 1728 4635 ab
1756 4585 1899 4638 omni
1931 4584 2066 4639 libe-

484 4684 563 4728 rat
591 4672 816 4727 crimine
835 4713 850 4738 ,
881 4673 988 4727 imo
1015 4687 1111 4741 pro
1144 4674 1334 4743 quibus
1369 4682 1570 4728 tantam
1597 4675 1893 4746 apologiam
1919 4691 2066 4732 como

483 4767 676 4836 ponit,
724 4780 823 4819 nos
878 4765 1170 4820 innumeris
1229 4774 1570 4835 peccatorum
1638 4767 1864 4823 sarcinis
1925 4770 2066 4839 pleni

484 4857 904 4912 condemnemus
932 4873 946 4909 :
977 4865 1030 4909 et
1057 4873 1162 4910 non
1191 4856 1470 4911 audiamus
1496 4857 1720 4912 Paulum
1760 4858 2025 4916 dicentem
2051 4880 2064 4916 :

491 4949 629 5004 Deus
658 4950 741 5018 qui
762 4949 1014 5018 justiﬁcat
1036 4991 1051 5015 ,
1088 4951 1200 5020 quis
1245 4960 1317 5005 est
1346 4953 1432 5017 qui
1459 4953 1748 5007 condemnet
1789 4956 1806 5022 (
1833 4955 1979 5009 Rom.
2011 4958 2065 5012 8.

484 5041 570 5095 55.
603 5041 752 5106 '54)?
780 5039 846 5094 Et
870 5050 924 5095 ut
953 5040 1161 5110 discas,
1190 5041 1294 5097 hoc
1332 5059 1437 5096 non
1470 5044 1520 5097 in
1550 5059 1741 5098 vanum
1772 5055 1828 5099 et
1859 5047 2068 5118 simpli-

487 5133 620 5186 t'ilt‘l‘
661 5132 856 5188 factttm
895 5147 1037 5199 esse,
1077 5133 1172 5190 sed
1217 5135 1482 5188 tristitiam
1527 5136 1744 5190 nimiam
1780 5140 2070 5196 accedente

490 5223 612 5276 vino
642 5223 845 5278 nullum
874 5224 923 5279 ei
967 5222 1249 5293 reliquisse
1287 5238 1540 5291 sensum,
1577 5225 1699 5280 andi
1737 5227 1864 5296 quid
1904 5229 2065 5285 dicat.

485 5314 576 5368 δι.
609 5315 672 5370 Et
703 5321 893 5388 factum
921 5327 993 5371 est
1020 5317 1102 5372 die
1124 5319 1381 5388 sequenti,
1413 5318 1637 5390 dixitque
1663 5322 1830 5391 major
1855 5334 1976 5376 natu
2003 5323 2071 5376 ad

477 5400 734 5470 juniorem
761 5422 781 5462 :
810 5407 942 5461 Ecce
970 5407 1185 5462 dormivi
1212 5410 1320 5464 heri
1362 5425 1477 5464 cum
1523 5420 1667 5481 patre
1694 5422 1864 5468 nostra
1887 5428 1908 5468 :
1934 5425 2072 5485 pote-

553 5560 571 5592 ⁸
605 5562 746 5627 δυ’ἰιἶ
771 5571 823 5613 et
840 5563 1022 5627 aliquot
1045 5572 1172 5625 \tss.,
1196 5577 1290 5614 non
1309 5565 1454 5627 enim
1492 5565 1702 5616 omnium
1727 5580 1974 5627 possumus
1990 5583 2072 5619 ar-

478 5622 801 5729 ‘scire
823 5622 1042 5689 casiam,
1063 5622 1274 5678 quamet:
1298 5626 1468 5679 habent
1490 5627 1698 5690 aliquem
1722 5622 1946 5681 latentem
1969 5629 2070 5684 the-

1182 276 1239 332 s.
1280 269 1558 331 somnus
1591 246 2070 325 cnnvsosrout
2108 265 2422 325 ARClilEP.
2459 268 2999 327 CONST‘AN'I‘INOP.

3651 276 3755 325 (tl!

2165 399 2275 437 mus
2296 384 2452 454 igitur
2471 400 2583 438 eum
2608 385 2722 439 vino
2743 395 2794 439 et
2819 395 2964 438 nocte
2983 384 3099 450 ista,
3127 394 3182 439 et'
3197 385 3420 456 ingressa
3447 385 3612 439 dormi
3638 401 3750 440 cum

2162 490 2240 537 eo,
2267 485 2314 527 et
2339 475 2609 528 excitemus
2637 492 2700 529 ex
2726 487 2869 544 patre
2887 485 3061 530 nostro
3089 492 3276 531 semen.
3301 474 3464 530 Vides
3483 481 3750 546 quomodo

2161 575 2306 620 recta
2329 568 2588 621 sententia
2618 566 2719 622 Itoc
2740 566 3025 622 faciebant.
3059 566 3188 621 Nam
3215 567 3335 636 quia
3360 567 3530 638 potui,
3557 565 3749 637 inquit,

2159 670 2260 724 ego
2289 655 2430 724 quod
2460 657 2763 727 qumrebam
2808 657 3032 728 implere
3052 699 3068 725 ,
3101 657 3462 712 necessarium
3492 667 3576 714 est
3615 667 3673 714 et
3701 669 3751 716 te

2162 745 2301 800 idem
2334 748 2512 804 facere
2540 766 2554 804 :
2588 750 2723 804 forte
2749 751 2890 805 enim
2919 760 3163 806 votorum
3193 762 3498 806 noSIrorum
3525 768 3751 824 compa-

2161 845 2242 890 tes
2268 838 2499 905 erimus,
2531 849 2588 893 et
2619 856 2728 894 non
2757 839 2810 895 in
2851 851 3108 896 :etcrnum
3136 857 3303 912 genus
3333 851 3572 897 nostrum
3627 861 3748 913 per-

2159 927 2274 983 ibit.
2309 930 2398 985 55.
2438 929 2746 986 Potaverunt
2792 942 3038 988 autemet
3076 945 3218 988 nocte
3246 934 3338 989 illa
3382 946 3575 1003 patrem
3609 945 3757 989 tuum

2160 1021 2295 1082 vino.
2326 1031 2374 1076 et
2402 1022 2629 1094 ingressa
2654 1033 2728 1077 est
2744 1025 2945 1095 junior,
2974 1033 3021 1077 et
3050 1025 3283 1079 dormivit
3308 1041 3422 1078 eum
3452 1035 3597 1095 patre
3621 1043 3712 1081 suo
3730 1046 3750 1083 .'

2158 1123 2205 1167 et
2234 1115 2480 1184 ignoravit
2508 1116 2594 1170 ille
2615 1118 2819 1187 quando
2847 1117 2959 1186 ipsa
2987 1117 3065 1172 vel
3088 1117 3395 1180 accubuerit,
3421 1117 3499 1171 vel
3517 1134 3750 1172 surrexe-

2158 1204 2241 1257 rit.
2275 1205 2569 1260 Considera
2592 1247 2607 1270 ,
2647 1205 2878 1272 dilecte,
2916 1214 3084 1261 totum
3129 1205 3322 1261 factum
3368 1207 3530 1262 fuisse
3569 1207 3746 1264 divina

2157 1293 2594 1364 dispensatione,
2637 1297 2776 1352 sicut
2805 1306 2860 1352 ct
2904 1297 3077 1368 primo
3122 1296 3324 1351 homini
3367 1297 3564 1352 evenit.
3612 1296 3746 1351 Nam

2157 1387 2296 1442 sicut
2322 1388 2428 1443 illic
2459 1405 2524 1443 ex
2553 1388 2872 1444 dormientis
2903 1389 3070 1444 latere
3100 1390 3273 1459 portio
3299 1399 3507 1459 sumpta
3537 1397 3620 1445 est
3638 1432 3653 1455 ,
3681 1405 3748 1445 eo

2159 1493 2265 1532 non
2290 1479 2554 1535 sentiente
2579 1497 2594 1546 ;
2627 1480 2723 1536 sed
2748 1481 2837 1552 qui
2866 1480 3092 1535 ﬁnxerat
3117 1481 3258 1535 latus
3286 1481 3436 1543 illud.
3468 1482 3589 1537 inde
3615 1497 3749 1537 uxo-

2157 1584 2270 1624 rem
2303 1570 2432 1625 Adae
2474 1571 2722 1641 produxit
2763 1589 2778 1625 :
2818 1571 2981 1626 simili
3026 1571 3187 1626 modo
3224 1581 3278 1628 et
3321 1588 3479 1628 nunc.
3526 1573 3657 1628 Nam
3700 1575 3746 1629 si

2159 1671 2324 1716 costa:
2349 1663 2577 1731 creptio.
2602 1677 2824 1718 excessu
2851 1662 3045 1717 mentis
3070 1678 3099 1716 a
3130 1663 3238 1718 Deo
3263 1663 3523 1731 immisso,
3547 1665 3748 1734 absque

2158 1752 2301 1807 illius
2330 1767 2491 1808 sensu
2518 1754 2616 1809 fuit
2645 1773 2658 1805 :
2689 1754 2858 1810 murto
2881 1755 3046 1824 magis
3067 1763 3127 1810 et‘
3142 1770 3285 1810 nunc
3313 1757 3385 1811 ita
3413 1755 3611 1811 factum
3639 1765 3744 1813 est.

2156 1843 2288 1898 Nam
2322 1843 2373 1898 id
2403 1844 2545 1914 quod
2573 1844 2705 1899 dixit
2737 1845 3044 1901 illic-divina
3071 1846 3367 1915 Scriptura,
3411 1845 3630 1902 Immisit
3653 1863 3746 1902 es:-

2156 1938 2329 1991 stasim
2357 1937 2409 1990 in
2438 1937 2632 2005 A‘dam,
2665 1947 2711 1992 et
2740 1937 2972 1993 dormivit
2999 1937 3164 2008 (Gen.
3191 1937 3246 1991 2.
3273 1938 3334 1993 21
3359 1937 3381 2010 )ί
3405 1956 3418 1992 :
3453 1939 3552 1993 hoc
3581 1951 3634 1993 et
3660 1938 3748 1995 bie

2157 2027 2478 2098 signiﬁcavit
2517 2027 2781 2092 dicendo,
2823 2028 3041 2084 Nescivit
3078 2029 3281 2100 quando
3323 2030 3413 2083 vel‘
3438 2030 3744 2099 accrdluerit,

2157 2119 2236 2174 vel
2261 2120 2552 2174 surrexerit.
2581 2120 2668 2176 56.
2696 2119 2766 2174 Et
2789 2128 3143 2190 conceperant,
3168 2120 3357 2190 inquit,
3381 2120 3444 2173 de
3472 2130 3614 2190 patre
3631 2137 3744 2174 suo.

2157 2211 2247 2266 57.
2277 2210 2344 2263 Et
2373 2213 2566 2279 peperit
2592 2213 2757 2282 major
2794 2223 2917 2266 natu
2946 2212 3111 2281 ﬁlium
3139 2221 3184 2266 et
3211 2213 3401 2266 vocavit
3430 2229 3608 2266 nomen
3636 2214 3748 2284 ejus

2159 2301 2334 2369 Moab,
2353 2305 2544 2369 dicens,
2565 2303 2650 2358 Ex
2677 2314 2822 2375 patre
2849 2321 2974 2358 meo.
3001 2303 3103 2358 Hic
3126 2314 3266 2375 pater
3290 2315 3360 2359 est
3382 2304 3435 2358 Μ
3441 2306 3744 2360 oabitarum.

2158 2395 2248 2451 38.
2288 2395 2490 2465 Peperit
2528 2406 2694 2449 autem
2730 2405 2778 2449 et
2812 2397 2995 2464 junior
3019 2397 3214 2465 ﬁlium,
3257 2407 3304 2450 et
3347 2399 3538 2450 vocavit
3568 2415 3747 2452 nomen

2156 2487 2268 2554 ejus
2289 2485 2504 2538 Autumn
2525 2527 2539 2550 ,
2576 2486 2746 2539 dicens
2765 2527 2780 2552 ,
2820 2485 2985 2539 Filius
3013 2486 3208 2556 generis
3234 2488 3348 2539 mei.
3382 2485 3482 2540 Hic
3507 2497 3578 2540 est
3605 2497 3748 2556 pater

2159 2577 2580 2631 Ammanitarum.
2600 2576 2764 2632 Vides
2786 2576 2836 2631 id
2859 2592 2965 2631 non
2989 2577 3149 2630 fuisse
3170 2577 3565 2632 incontinentiae
3586 2593 3744 2647 opus,

2161 2685 2280 2724 cum
2313 2669 2530 2723 nomina
2558 2669 2735 2724 statim
2776 2668 2914 2723 natis
2951 2666 3278 2734 indiderint,
3317 2668 3507 2738 quibus
3547 2668 3746 2724 factum

2159 2761 2565 2831 signiﬁcabant,
2597 2769 2654 2816 et
2681 2760 2734 2815 in
2761 2760 2989 2815 ﬁliorum
3021 2761 3327 2815 nominibus
3367 2761 3522 2830 quasi
3564 2761 3617 2815 in
3643 2775 3747 2816 co-

2161 2853 2340 2907 lumna
2384 2852 2554 2907 ferme
2579 2850 2809 2921 quadam
2836 2851 3150 2912 memoriam
3187 2850 3313 2906 facti
3355 2849 3745 2921 inscripserint,

2172 2966 2224 3013 et
2249 2957 2361 3025 jam
2378 2964 2503 3008 tum
2542 2952 2922 3022 praesignarint
2945 2954 3131 3017 gentes
3162 2958 3226 2997 ex
3258 2941 3338 2996 eis
3367 2940 3576 2994 futuras
3602 2953 3748 3004 esse,

2170 3059 2226 3104 ct
2263 3049 2314 3101 in
2345 3043 2741 3100 multitudinem
2763 3054 2822 3095 se
2847 3044 3264 3109 propagaturum
3281 3042 3527 3088 natorum
3557 3045 3745 3102 genus.

2172 3140 2304 3195 Nam
2333 3138 2421 3193 ille
2445 3136 2684 3205 quidem,
2707 3131 2901 3201 inquit,
2926 3135 3086 3198 pater
3109 3126 3212 3181 erit
3235 3123 3615 3188 Moabitarum,
3649 3122 3749 3178 iste

2173 3239 2351 3286 autem
2378 3224 2831 3280 Ammonitarum.

2240 3319 2294 3373 6.
2341 3313 2558 3371 Moralis
2582 3310 2896 3368 exhortatio.
2926 3306 3151 3362 Collatia
3178 3303 3394 3374 Iosephi
3419 3302 3753 3358 continentia:

2170 3429 2288 3469 cum
2327 3405 2650 3478 Babylonica
2686 3397 3192 3472 fornace—Verum
3219 3395 3751 3464 tuncquidem,qno-

2171 3503 2315 3559 niam
2331 3499 2482 3570 origo
2501 3507 2552 3551 et
2571 3493 2723 3550 initia
2745 3499 2920 3556 erant,
2939 3499 2996 3546 et
3009 3504 3104 3561 per
3120 3487 3332 3562 generis
3349 3485 3752 3541 successionem

2170 3592 2484 3650 memoriam
2508 3603 2661 3645 suam
2684 3584 2937 3640 volebant
2956 3595 3294 3643 conservare,
3314 3585 3522 3632 tantum
3538 3574 3652 3644 ejus
3675 3576 3751 3630 rei

2172 3685 2404 3741 studium
2425 3681 2524 3737 fuit
2531 3679 2662 3749 justi
2679 3676 3068 3733 ﬁliabusz-nunc
3081 3671 3398 3741 autem-quia
3413 3685 3511 3739 per
3522 3667 3751 3739 gratiam

2171 3779 2266 3836 Dei
2296 3776 2480 3846 religio
2502 3771 2713 3842 majora
2733 3767 2965 3838 sumpsit
2989 3767 3343 3825 incrementa,
3374 3769 3429 3814 et
3456 3758 3750 3814 secundum

2171 3873 2388 3928 beatum
2411 3868 2656 3930 Paulum,
2678 3861 2915 3917 Praeterit
2929 3860 3102 3927 ﬁgura
3115 3855 3296 3909 mundi
3310 3853 3470 3920 hujus
3489 3850 3538 3921 (I
3561 3849 3752 3904 Cor.7.

2170 3965 2284 4033 51),
2312 3975 2478 4030 opera
2509 3960 2649 4012 bona
2681 3953 2890 4022 agendo
2927 3947 3244 4002 memoriam
3271 3941 3442 3996 nostri
3474 3941 3750 4008 relinqua-

2170 4066 2290 4108 mus
2313 4069 2327 4103 :
2359 4062 2417 4103 ut
2433 4063 2556 4102 cum
2580 4047 2706 4100 hinc
2720 4040 3003 4112 migraveri
3013 4054 3150 4102 mus,
3172 4037 3298 4091 vita:
3313 4041 3511 4088 nostra:
3527 4033 3756 4103 diligens

2170 4148 2226 4197 et
2259 4145 2509 4193 accurata
2541 4134 2682 4188 ratio
2705 4132 2776 4186 sit
2807 4128 3196 4182 monimentum
3225 4133 3281 4179 et
3307 4123 3553 4177 doctrina
3585 4123 3734 4178 omni

2170 4229 2275 4284 bus
2300 4227 2390 4296 qui
2424 4225 2475 4278 in
2513 4238 2612 4277 nos
2653 4217 2964 4288 respicient.
3008 4213 3143 4268 Nam
3176 4213 3268 4283 qui
3308 4213 3514 4265 virtute
3542 4210 3755 4280 prtediti

2172 4327 2318 4382 stunt,
2345 4324 2400 4370 et
2423 4322 2629 4369 castam
2656 4311 2819 4364 vitam
2842 4306 3080 4370 ducunt,
3102 4319 3208 4358 non
3233 4302 3416 4359 solum
3437 4301 3490 4356 in
3521 4302 3620 4356 hac
3642 4302 3753 4357 vita

2171 4410 2446 4480 degentes.
2470 4405 2565 4460 sed
2589 4408 2781 4472 etpost
2805 4399 2936 4453 vita:
2949 4397 3174 4461 exitum,
3192 4393 3485 4466 plurimum
3497 4393 3754 4464 prodesse

2173 4505 2426 4571 poterunt
2453 4496 2518 4550 iis
2549 4493 2641 4564 qui
2669 4493 2722 4546 in
2754 4505 2813 4545 se
2842 4486 3202 4557 respexerint.
3237 4485 3304 4540 Et
3335 4491 3394 4539 ut
3423 4484 3524 4538 hoc
3551 4483 3752 4546 discas.

2171 4590 2590 4660 vide,obsecro,
2636 4591 2867 4654 quantus
2917 4594 3181 4634 annorum
3238 4590 3496 4632 numerus
3541 4575 3756 4630 transiit

2173 4697 2341 4753 usque
2365 4682 2417 4735 in
2432 4679 2751 4734 hodiernum
2772 4674 2936 4737 diem,
2963 4686 3028 4726 ac
3047 4669 3259 4740 quoties
3273 4667 3519 4722 volumus
3544 4664 3756 4735 aliquos

2173 4775 2227 4830 in
2262 4771 2660 4829 aunulationem
2702 4764 3046 4822 continentia:
3091 4773 3410 4833 provocare.
3456 4755 3654 4825 Joseph
3697 4755 3752 4810 in

2175 4864 2410 4921 medium
2443 4859 2716 4915 aderimus
2737 4856 3064 4926 speciosum,
3094 4851 3412 4912 formosum,
3443 4845 3756 4900 adolescen-

2176 4969 2307 5024 tem,
2344 4957 2397 5010 in
2439 4955 2554 5024 ipso
2581 4952 2757 5006 aetatis
2797 4949 2929 5004 ﬁore
2975 4954 3177 5002 tantam
3203 4941 3474 4998 castitatis
3504 4946 3757 4993 constan-

2173 5046 2298 5098 tiam
2345 5058 2453 5111 pra:
2503 5056 2564 5098 se
2610 5041 2907 5096 ferentem:
2937 5047 2992 5094 et
3040 5037 3118 5092 sic
3159 5036 3225 5092 ad
3257 5036 3605 5091 imitationem
3625 5033 3751 5105 justi

2172 5139 2330 5206 huius
2371 5137 2640 5192 auditores
2676 5149 2965 5205 provocare
3002 5131 3294 5186 studemus.
3323 5130 3454 5198 Quis
3477 5133 3621 5187 enim
3648 5144 3756 5190 non

2171 5231 2526 5284 admiraretur
2548 5227 2758 5282 butum
2785 5225 2956 5290 illum,
2987 5223 3076 5293 qui
3106 5223 3159 5278 in
3187 5224 3443 5278 servitute
3467 5221 3749 5287 assistens,

2172 5327 2228 5375 et
2246 5320 2296 5375 in
2325 5321 2440 5390 ipso
2464 5318 2598 5374 ﬂore
2623 5317 2815 5381 aetatis,
2844 5313 3058 5385 quando
3087 5315 3316 5368 maxime
3349 5313 3533 5369 l'ornax
3554 5327 3762 5369 concu-

2174 5411 2552 5483 piscentiarnm
2572 5407 2901 5473 accenditur,
2927 5421 3050 5460 cum
3081 5404 3284 5460 videret
3305 5404 3575 5458 dominam
3603 5418 3755 5458 suam

2176 5500 2534 5564 invsdentem,
2584 5507 2640 5555 et
2683 5497 3034 5551 insanientem
3079 5496 3132 5550 in
3176 5509 3256 5560 se,
3291 5504 3490 5550 tantam
3521 5493 3760 5550 ostendit

2176 5592 2562 5653 fortitudinem,
2606 5599 2661 5645 et
2705 5589 2774 5642 ita
2821 5587 2886 5640 ad
2914 5585 3170 5640 castitatis
3197 5601 3394 5656 agones
3419 5588 3756 5652 seexcrcuit,

2179 5697 2237 5740 ut
2275 5688 2340 5740 ab
2389 5684 2775 5753 intemperante
2802 5679 2887 5734 illa
2915 5677 3135 5734 muliere
3160 5678 3333 5734 nudus
3355 5676 3564 5750 quidem
3595 5675 3759 5734 vesti-
