4084 6214
213 325 304 380 Ml

204 438 519 512 πειρώμεθά
540 455 704 493 τινων
725 437 1031 493 ἀποδιδόναι
1062 436 1200 492 κατά
1232 436 1296 491 τὺ
1322 439 1453 510 ἡμῖν
1479 439 1730 510 ἐφικτὸν,
1755 442 1869 496 ἀλλ’

205 527 350 597 ὅμως
394 529 486 581 καὶ
522 525 697 590 οὕτως
743 525 856 596 ἔχει
894 525 1344 596 ἐγκεκρυμμένον
1383 525 1509 580 τινά
1545 527 1821 600 θησαυρὸν
1843 541 1868 571 ⁸

205 611 353 686 [455]
390 613 524 667 πολύ
568 613 887 684 ἀπόκρυφῶ
921 629 979 665 τε
1020 613 1113 666 καὶ
1166 612 1626 684 δυσερμήνευτον.
1673 616 1872 670 Σκόπει

201 703 400 764 τοίνυν,
431 701 606 772 πῶςή
645 701 832 772 Γραφὴ
880 699 1062 754 πάντα
1109 701 1296 768 σαφῶς
1337 701 1740 773 διηγησαμένη,
1777 703 1874 756 καὶ

200 787 294 840 τὸν
331 787 529 841 σκοπὸν
546 789 677 858 ήμῖν
704 786 1018 857 γνωρίσασα
1047 787 1155 841 τῶν
1181 785 1277 839 106
1299 787 1508 842 δικαίου
1535 787 1868 861 θυγατέρων,

202 873 298 926 νῦν
326 873 424 942 μέν
455 872 594 943 ὑπὲρ
621 872 804 926 αὐτῶν
838 871 1115 944 ἀρκοῦσαν
1161 872 1458 942 ἀπολογίαν
1489 878 1744 941 ποιεῖται,
1775 875 1871 930 νῦν

201 959 258 1013 δέ
289 960 425 1030 ὑπὲρ
450 957 544 1012 106
573 959 803 1023 δικαίου,
837 959 927 1013 ἵνα
959 959 1149 1031 μηδεὶς
1183 960 1408 1031 ἀφορῶν
1437 961 1576 1033 πρὸς
1600 963 1662 1016 τὸ
1703 979 1870 1033 γεγο-

203 1044 311 1108 νὸς,
350 1047 483 1116 μήτε
511 1045 607 1100 106
630 1045 840 1100 δικαίου
866 1045 1186 1116 καταγνοίη,
1219 1048 1355 1118 μήτε
1379 1047 1486 1101 τῶν
1509 1049 1674 1102 αὐτοῦ
1705 1050 1873 1118 θυγα-

195 1131 385 1202 τέρων,
404 1131 479 1195 ὡς
499 1130 567 1184 δι’
595 1131 886 1201 ἀσέλγειαν
909 1133 1013 1202 τῆς
1033 1133 1230 1203 μίξεως
1245 1133 1449 1204 ταύτης
1471 1135 1870 1207 γεγενημένης.

195 1218 320 1280 Πῶς
352 1214 445 1271 οὖν
474 1217 617 1290 ὑπὲρ
647 1219 754 1272 τῶν
780 1219 1096 1292 θυγατέρων
1120 1219 1216 1274 106
1246 1221 1453 1275 δικαίου
1484 1223 1868 1292 ἀπολογεῖται;

196 1300 362 1366 Εἶπε,
395 1307 580 1376 φησὶν,
613 1307 651 1374 ἠ
697 1306 1072 1376 πρεσϐυτέρα
1117 1307 1266 1376 πρὸς
1305 1307 1419 1376 τὴν
1446 1310 1761 1378 νεωτέραν·
1807 1313 1870 1367 '0

192 1389 390 1457 πατὴρ
420 1391 588 1460 ἡμῶν
615 1393 1040 1461 πρεσϐύτερος,
1069 1393 1168 1446 καὶ
1207 1393 1409 1460 οὐδείς
1433 1395 1604 1449 ἐστιν
1634 1395 1734 1449 ἐπὶ
1758 1395 1870 1466 τῆς

193 1473 322 1544 γῆς,
355 1474 424 1542 ὃς
451 1477 868 1531 είσελεύσεται
903 1477 1054 1546 πρὸς
1093 1478 1270 1547 ἡμᾶς,
1305 1479 1385 1544 ὡς
1419 1478 1670 1545 καθήκει
1701 1480 1869 1552 πάσῃ

192 1563 264 1633 τῇ
293 1563 389 1634 γῇ.
419 1566 565 1637 Ὅρα
596 1568 686 1620 τὸν
716 1568 917 1621 σκοπὸν
971 1568 1108 1638 μετά
1163 1567 1450 1639 ἀκριϐείας
1471 1607 1484 1629 ,
1527 1571 1622 1622 καὶ
1667 1570 1870 1634 παντὸς

192 1651 359 1715 αὐτὲις
403 1653 738 1721 ἀπαλλάξεις
810 1654 1179 1724 ἐγκλήματος.
1251 1655 1535 1726 Ἐνόμισαν
1577 1656 1683 1728 γάρ
1734 1675 1870 1711 παν-

189 1738 452 1810 ωλεθρίαν
479 1739 930 1809 γεγενῆσθαι,καὶ
963 1739 1165 1808 μηδένα
1188 1739 1266 1793 ἔτι
1300 1739 1869 1814 καταλειφθῆναι-εἶτα

190 1824 282 1875 καὶ
323 1824 420 1877 106
457 1827 666 1896 πατρὸς
712 1825 898 1896 ἐώρων
933 1826 994 1878 τὸ
1034 1826 1230 1897 γῆρας.
1263 1829 1380 1882 Ἵνα
1417 1825 1540 1892 οὖν,
1569 1832 1735 1899 φησὶ,
1791 1830 1867 1903 μή

190 1909 463 1982 ἀφανισθῇ
493 1913 554 1965 τὸ
577 1912 754 1980 γένος,
790 1916 884 1966 καὶ
923 1913 1195 1984 ἀνώνυμοι
1227 1915 1512 1986 γενώμεθα
1541 1918 1719 1986 (10610
1757 1921 1868 1990 γάρ

189 1991 256 2066 ἦν
285 1997 346 2050 τὸ
380 1999 635 2061 παλαιοῖς
669 2001 1166 2070 περισπούδαστον,
1203 2001 1342 2055 ὥστε
1376 2003 1463 2056 διά
1495 2005 1594 2070 τῆς
1635 2005 1742 2057 τῶν
1776 2007 1866 2058 ἐκ·

188 2083 365 2150 γόνων
393 2083 648 2154 διαδοχῆς
693 2085 1031 2140 ὲκτείνεσθαι
1073 2087 1251 2140 αὐτῶν
1297 2089 1358 2141 τὸ
1391 2089 1590 2158 γένος)·
1623 2090 1709 2142 ἵνα
1739 2087 1864 2156 οὖν,

188 2172 347 2238 φησὶ,
380 2170 457 2239 μὴ
498 2171 736 2241 παντελῆ
789 2174 882 2226 καὶ
924 2175 1086 2243 ήμεῖς
1119 2175 1425 2245 ἀφανισμὸν
1461 2176 1864 2247 ὑπομείνωμεν,

188 2255 282 2307 106
318 2256 420 2322 μὲν
451 2257 656 2328 πατρὸς
683 2256 821 2327 πρὸς
854 2260 1030 2330 γῆρας
1074 2260 1388 2325 ἐλάσαντος,
1429 2262 1643 2327 οὐδενὸς
1682 2263 1740 2316 δὲ
1773 2265 1866 2317 εὐ-

191 2341 522 2411 ρισκομένου
550 2342 774 2413 ἀνδρὸς,
805 2336 848 2410 ᾧ
889 2346 1281 2417 συγγενόμεναι
1319 2347 1658 2418 δυνησόμεθα
1708 2351 1868 2404 ἐκτα-

192 2427 372 2497 θῆναι,
410 2430 506 2481 καὶ
543 2429 861 2483 καταλιπεῖν
884 2431 979 2484 τοῦ
1005 2433 1319 2504 σπέρματος
1350 2434 1618 2505 διαδοχήν,
1658 2435 1864 2503 Δεῦρο,

192 2514 378 2584 φησὶν,
417 2516 502 2568 ἵνα
528 2517 604 2586 μὴ
636 2516 796 2570 τοῦτο
837 2519 1062 2589 γένηται
1087 2561 1102 2585 ,
1134 2520 1480 2589 ποτίσωμεν
1509 2522 1615 2575 τὸν
1639 2521 1867 2590 πατέρα

191 2601 361 2668 ἡμῶν
389 2604 582 2656 οἷνον.
631 2604 850 2675 Ἐπειδὴ
896 2606 996 2659 οὐκ
1030 2605 1095 2660 ἀν
1148 2623 1301 2669 ποτε,
1347 2608 1533 2678 φησὶν,
1582 2609 1867 2680 ἀνάσχοιτο

190 2689 310 2741 οὐδέ
335 2691 476 2761 ἀκοῇ
504 2691 662 2744 10610
705 2692 1117 2762 παραδέξασθαι
1147 2694 1175 2745 ὁ
1207 2694 1389 2764 πατὴρ
1409 2737 1422 2758 ,
1470 2694 1559 2747 διὰ
1586 2695 1678 2748 τοῦ
1722 2697 1864 2749 οῐνου

189 2777 288 2846 τὴν
342 2777 561 2848 ἀπάτην
596 2779 980 2850 ἐργασώμεθα.
1037 2781 1355 2834 Ἐπότισαν
1395 2781 1463 2834 δὲ
1503 2781 1610 2834 τὸν
1642 2783 1868 2852 πατέρα

189 2862 388 2916 αὐτῶν
426 2861 594 2918 οἶνον
626 2865 696 2917 ἐν
716 2864 792 2934 τῇ
825 2866 998 2919 νυκτὶ
1040 2869 1246 2934 ταύτῃ,
1289 2868 1387 2921 καὶ
1424 2869 1787 2923 εἰσελθοῦσα
1825 2871 1864 2938 ἡ

189 2951 566 3020 πρεσϐυτέρα
613 2952 899 3022 ἐκοιμήθη
939 2956 1088 3021 μετὰ
1117 2956 1224 3008 τοῦ
1255 2955 1480 3022 πατρὸς
1508 2956 1697 3024 αὐτῆς
1722 2975 1735 2988 ·
1767 2957 1868 3011 καὶ

188 3041 299 3092 οὐκ
333 3039 469 3109 ῇδει
498 3040 568 3092 ἐν
597 3039 677 3105 τῷ
723 3039 1076 3109 κοιμηθῆναι
1111 3041 1328 3110 αὐτὴν,
1363 3042 1461 3096 καὶ
1495 3043 1855 3112 ἀναστῆναι.

189 3122 341 3186 Εἶδες
386 3125 508 3188 πῶς
540 3127 635 3178 καὶ
673 3126 812 3195 ὑπὲρ
861 3125 954 3179 τοῦ
1001 3126 1212 3181 δικαίου
1259 3128 1637 3200 ἀπελογήσατο
1680 3133 1712 3202 ή
1749 3131 1866 3184 θεία

186 3209 401 3282 Γραφὴ,
451 3212 550 3282 οὐχ
586 3211 755 3276 ἅπαξ,
801 3212 937 3266 ἀλλά
987 3214 1081 3267 καὶ
1125 3213 1412 3287 δεύτερον;
1452 3217 1724 3288 Πρότερον
1768 3218 1866 3288 μέν

185 3298 291 3368 γάρ
318 3299 378 3363 ἐξ
416 3292 496 3352 ὧν
535 3300 588 3352 αί
631 3299 930 3372 θυγατέρες
956 3301 1056 3373 τὴν
1087 3303 1175 3356 διά
1207 3302 1298 3356 τοῦ
1326 3305 1469 3357 οἴνου
1503 3305 1720 3377 ἀπάτην
1749 3307 1866 3378 είρ-

184 3387 444 3454 γάσαντο,
484 3386 682 3452 ἔδειξεν
712 3389 789 3452 ὡς
820 3391 920 3443 οὐκ
961 3389 1027 3442 ἀν
1060 3391 1261 3461 ἑτέρως
1293 3391 1640 3464 ἠδυνήθησαν
1680 3396 1866 3448 πεῖσαι

183 3474 276 3527 τδν
307 3475 525 3546 πατέρα
555 3475 716 3528 τοῦτο
758 3476 1159 3542 καταδέξασθαι
1182 3495 1196 3508 ο
1242 3480 1358 3532 νυνὶ
1405 3480 1461 3533 δὲ
1495 3481 1677 3534 λοιπὸν
1711 3477 1865 3552 οἶμαι

186 3558 279 3610 καὶ
309 3558 632 3628 οἰκονομίας
663 3553 801 3612 εἶναι
821 3561 920 3630 τῆς
937 3560 1143 3615 ἄνωθεν
1174 3561 1234 3614 τὸ
1259 3564 1500 3631 γεγονὸς,
1518 3563 1657 3617 ὥστε
1680 3565 1867 3617 τοσοῦ-

185 3660 276 3697 τον
302 3645 457 3717 αὐτῷ
503 3645 672 3714 κάρον
703 3647 1046 3715 ἐγγενέσθαι,
1098 3649 1174 3712 ώς
1219 3649 1397 3720 πάντη
1448 3652 1746 3723 ἀγνοῆσαι,
1779 3653 1865 3705 ἵνα

187 3733 487 3796 ἀνεύθυνος
512 3733 736 3803 γένηται
782 3734 890 3787 τῶν
917 3735 1299 3806 ἐγκλημάτων.
1333 3738 1414 3790 Τά
1461 3738 1570 3808 γάρ
1613 3740 1865 3810 ἁμαρτή-

191 3840 337 3894 ματα
373 3826 564 3877 ἐκεῖνα
611 3825 758 3894 ἡμᾶς
797 3826 1117 3895 κατακρίνει
1153 3830 1248 3878 καὶ
1293 3828 1676 3890 καταδικάζει,
1721 3828 1866 3900 άπερ

185 3911 250 3964 ἂν
281 3913 490 3974 εἰδότες
527 3911 621 3964 καὶ
662 3911 879 3975 ἐκόντες
910 3913 1268 3984 ἀμάρτωμεν.
1312 3914 1473 3986 Ὁρᾷς
1507 3914 1564 3967 δέ
1599 3915 1695 3985 τὴν
1725 3915 1866 3986 Γρα-

188 3999 294 4068 ιρὴν
343 3997 733 4070 μαρτυροῦσαν
778 3997 857 4068 τῷ
907 3999 1122 4070 δικαίῳ,
1176 4001 1260 4053 ὅτι
1300 4001 1438 4064 ὅλως
1487 4002 1588 4055 οὐκ
1642 4002 1760 4073 ᾔδει
1803 4001 1866 4054 τὸ

184 4087 438 4153 γεγονός;
476 4085 636 4139 Ἀλλά
664 4086 823 4139 πάλιν
851 4085 1039 4157 ἕτερον
1073 4086 1374 4141 ἀνακόπτει
1408 4087 1632 4159 ζήτημα
1665 4088 1726 4142 τὺ
1763 4088 1864 4160 τῆς

189 4173 382 4243 μέθης.
416 4175 510 4226 Δεῖ
529 4175 635 4245 γὰρ
659 4173 836 4228 πάντα
859 4173 1258 4246 διερευνᾶσθαι,
1291 4174 1431 4229 ὥστε
1459 4175 1732 4246 μηδεμίαν
1763 4194 1866 4230 κα-

182 4262 437 4316 ταλιπεῖν
479 4265 591 4328 τοῖς
633 4262 914 4335 ἀγνώμοσι
943 4265 1040 4318 καὶ
1067 4265 1446 4335 ἀναισχύντοις
1489 4267 1765 4338 ἀφορμήν.
1797 4267 1862 4320 Τί

185 4343 277 4402 οὖν
311 4351 408 4403 καὶ
434 4351 564 4421 περὶ
587 4350 778 4404 τούτου
799 4353 1072 4422 είπωμενς
1105 4353 1224 4405 Ὅτι
1251 4353 1312 4405 οὐ
1335 4352 1588 4406 τοσοῦτον
1617 4354 1674 4419 ἐξ
1698 4355 1865 4424 ἀκρα-

186 4436 308 4501 σίας
337 4438 409 4492 τά
441 4437 543 4506 τῆς
575 4437 743 4508 μέθης
774 4438 920 4509 αὐτῷ
949 4441 1190 4509 γέγονεν,
1226 4442 1350 4494 ὅσον
1383 4441 1494 4494 ἀπὸ
1527 4441 1786 4512 ἀθυμίας.

256 4525 318 4580 ε’.
365 4525 569 4595 Μηδεὶς
597 4525 777 4579 τοίνυν
803 4526 1053 4597 τολμάτω
1095 4528 1129 4599 ἢ
1159 4529 1251 4585 106
1274 4529 1483 4583 δικαίου
1531 4531 1662 4583 ποτέ
1692 4547 1861 4583 κατα-

184 4610 556 4683 ψηφίσασθαι,
589 4609 622 4679 ἥ
661 4610 768 4664 τῶν
792 4613 979 4666 τούτου
1013 4613 1346 4687 θυγατέρων.
1383 4617 1508 4680 Πῶς
1536 4617 1646 4690 γάρ
1670 4619 1769 4670 οὐκ
1794 4618 1860 4672 ἄν

188 4699 270 4772 εἴη
307 4697 511 4770 μανίας
539 4697 773 4768 ἐσχάτης
798 4699 892 4751 καὶ⁵
915 4701 1362 4774 παραφροσύνης,
1391 4701 1485 4766 οὒς
1507 4705 1541 4774 ή
1574 4704 1692 4757 θεία
1716 4704 1858 4776 Γρα-

188 4786 263 4859 φὴ
294 4792 500 4848 παντὸς
536 4784 842 4856 ἀπήλλαξεν
874 4786 1234 4859 ἐγκλήματος,
1275 4790 1474 4861 μᾶλλον
1516 4791 1572 4843 δὲ
1615 4792 1757 4862 ὐπέρ
1785 4784 1860 4845 ὧν

185 4874 458 4944 τοσαύτην
487 4873 784 4943 ἀπολογίαν
803 4873 1115 4943 συνέθηκεν,
1137 4876 1282 4945 ἡμᾶς
1300 4878 1424 4941 τούς
1448 4877 1661 4949 μυρίοις
1681 4880 1861 4950 ἀμαρ-

186 4962 450 5031 τημάτων
480 4962 718 5033 φορτίοις
747 4960 1208 5032 πεπληρωμένους
1232 4963 1635 5030 καταδικάζειν,
1659 4967 1752 5019 καὶ
1782 4965 1856 5038 μὴ

185 5048 410 5102 ἀκούειν
441 5051 652 5103 Παύλου
685 5050 960 5119 λέγοντος,
987 5049 1131 5116 Θεὸς
1173 5054 1204 5104 ὁ
1245 5050 1506 5117 δικαιῶν,
1559 5055 1651 5118 τίς
1695 5057 1727 5107 ὀ
1757 5071 1860 5107 κα-

186 5138 520 5206 τακρίνων;
548 5140 656 5192 Καὶ
680 5139 766 5192 ἵνα
797 5139 972 5213 μάθῃς
988 5139 1070 5192 ὅτι
1096 5139 1193 5209 οὐχ
1215 5139 1400 5204 ἀπλῶς
1417 5141 1536 5194 οὐδέ
1559 5143 1681 5213 είκῆ
1703 5141 1859 5196 τοῦτο

187 5224 439 5292 γέγονεν,
459 5225 574 5278 ἀλλ’
591 5227 625 5297 ἡ
646 5227 746 5279 ὐπε
757 5226 920 5298 ρϐολὴ
947 5227 1044 5298 τῆς
1057 5227 1296 5298 ἀθυμίας
1322 5227 1460 5297 μετά
1478 5229 1582 5298 τῆς
1601 5229 1692 5282 τοῦ
1709 5227 1856 5302 [454]

188 5311 334 5363 οτνου
359 5311 677 5383 προσθήκης
704 5313 962 5384 οὐδεμίαν
1016 5313 1166 5385 αὐτῴ
1205 5313 1458 5384 αἴσθησιν
1512 5315 1855 5386 συνεχώρησε

189 5393 448 5460 γενέσθαι
477 5394 528 5457 δ,
564 5395 794 5450 ἄκουσον
841 5396 892 5450 τί
945 5414 1131 5466 φησιν.
1175 5395 1444 5468 Ἐγένετο
1472 5397 1542 5451 δὲ
1570 5395 1644 5465 τῇ
1675 5399 1858 5454 ἐπαύ-

183 5495 342 5546 ριον,
395 5482 491 5536 καί
526 5478 697 5537 εἶπεν
729 5485 768 5552 ἠ
811 5485 1184 5553 πρεσϐυτέρα
1216 5484 1366 5554 πρὸς
1395 5484 1509 5553 τὴν
1541 5484 1834 5554 νεωτέραν

203 5566 360 5621 Ἰδοὺ
399 5567 725 5638 ἐκοιμήθην
766 5570 909 5639 χθὲς
939 5572 1090 5640 μετὰ
1124 5572 1230 5626 τοῦ
1263 5572 1486 5640 πατρός
1519 5571 1708 5642 ἡμῶν·
1747 5588 1858 5627 πο-

254 5690 280 5757 θ
311 5689 462 5757 δανίι.
488 5695 542 5739 et
563 5691 751 5757 ξιιίῳξοτ
781 5693 1082 5757 πιεβ.ᾠγάρ
1105 5693 1294 5757 πάντων
1329 5693 1565 5757 δυνάμεθα
1597 5694 1698 5757 μετ’
1719 5694 1856 5757 ἀκρι-

254 5710 280 5717 -·
311 5710 462 5739 aavu.
488 5710 542 5739 ιιι
563 5710 751 5751 ωιψιοι
781 5710 894 5741 mss.
920 5710 975 5741 ου
995 5710 1082 5757 γαρ
1105 5710 1294 5742 παντων
1330 5710 1565 5756 ουναμευα
1597 5710 1697 5755 μετ’
1719 5711 1780 5742 ακ
1814 5711 1827 5741 ι

191 5750 507 5818 ϐείαςηείδέναι
528 5753 615 5808 τήν
651 5753 822 5818 αἰτίαν,
970 5755 1099 5816 ὅμως
1133 5755 1229 5817 ἔχει
1249 5756 1352 5804 τινὰ
1384 5756 1758 5818 ἐγκεκρυμμένον
1777 5710 1832 5813 δη

190 5811 382 5879 εαυρρν.
429 5813 483 5861 In
524 5813 853 5879 sequentibus
886 5811 1073 5876 aliquot
1113 5811 1380 5879 va'iielales
1418 5811 1679 5868 'occu'rr'um
1718 5811 1848 5879 apud

193 5871 676 5940 εα-νιιίιιλιημιιιωηηρυ
697 5876 756 5925 ad
779 5871 982 5926 sensum"
999 5878 1262 5940 pertineat.

251 5933 280 5974 ιο
303 5935 398 5984 Alii
423 5933 700 5996 ἐγγενέσθαι.

1290 320 1359 378 ΙΝ
1390 321 1543 380 CAP.
1589 322 1728 379 XIX.
1773 324 2023 384 GENES.
2068 325 2303 386 IIOMIL.
2338 330 2524 387 XLIV.

3536 339 3644 395 H2

1976 445 2241 514 τίσωμεν
2281 448 2401 502 οὖν
2433 447 2626 503 αὑτὸν
2656 443 2826 504 οἶνον
2855 450 2954 505 καί
2995 451 3111 520 τὴν
3157 453 3344 506 νύκτα
3379 453 3606 515 ταύτην
3627 496 3643 521 ,

1975 530 2073 582 καὶ
2103 531 2469 585 εἰσελθοῦσα
2512 533 2828 601 κοιμήθητι
2877 537 3002 603 μετ’
3033 536 3220 588 αὑτοῦ
3241 577 3254 598 ,
3286 537 3385 590 καὶ
3425 535 3632 601 ἐξανα-

1973 612 2297 682 στήσωμεν
2315 615 2384 669 ἐκ
2425 616 2533 670 τοῦ
2571 618 2797 684 πατρὸς
2824 616 2994 686 ἡμῶν
3014 620 3271 687 σπέρμα.
3332 621 3494 691 Ὁρᾷς
3527 621 3644 684 πῶς

1973 697 2032 762 ἐξ
2064 697 2231 768 ὀρθῆς
2260 698 2484 769 γνώμης
2518 698 2674 752 τοῦτο
2697 701 2936 756 ἐποίουν.
2975 700 3194 771 Ἐπειδὴ
3217 702 3327 773 γάρ
3348 702 3640 774 ⁴Ιγδυνήθην,

1975 779 2162 849 φησὶν,
2195 778 2308 846 ἐγὼ
2331 782 2392 832 τὸ
2429 780 2862 852 σπουδαζόμενόν
2897 800 2987 852 μοι
3012 784 3321 854 πληρῶσαι,
3351 786 3644 854 ἀναγκαῖον

1971 862 2068 914 καὶ
2113 861 2171 914 σὲ
2193 861 2254 914 τὸ
2272 862 2403 916 αὐτὸ
2431 862 2850 936 διαπράξασθαι·
2909 866 3038 929 ἴσως
3071 869 3177 937 γάρ
3211 869 3290 929 είς
3328 867 3487 938 ἔργον
3509 871 3643 938 ήμῖν

1971 944 2264 1017 ἐκϐήσεται
2297 946 2367 1000 τά
2386 948 2484 1019 τῆς
2513 948 2859 1020 προσδοκίας,
2879 949 2974 1001 καὶ
3001 950 3101 1002 οὐκ
3130 951 3208 1013 εἰς
3223 951 3376 1012 τέλος
3402 951 3462 1002 τὸ
3488 953 3642 1018 γένος

1972 1028 2129 1098 ἡμῶν
2177 1030 2624 1101 ἀφανισθήσεται.
2675 1033 3001 1085 Ἐπότισαν
3053 1031 3122 1084 δὲ
3172 1032 3269 1086 καὶ
3330 1031 3407 1101 τῇ
3467 1035 3642 1087 νυκτὶ

1971 1112 2172 1182 ἐκείνῃ
2201 1113 2308 1166 τὸν
2334 1113 2560 1182 πατέρα
2591 1113 2794 1168 αὐτῶν
2833 1111 3022 1179 οἶνον,
3056 1115 3156 1169 καὶ
3197 1116 3562 1170 εἰσελθοῦσα
3599 1116 3639 1185 ἠ

1970 1194 2225 1263 νεωτέρα
2257 1196 2542 1266 ἐκοιμήθη
2565 1197 2714 1266 μετὰ
2740 1197 2846 1250 τοῦ
2881 1197 3104 1267 πατρὸς
3142 1196 3351 1266 αὐτῆς·
3387 1199 3482 1251 καὶ
3527 1199 3640 1252 οὐκ

1971 1281 2105 1350 ᾔδει
2159 1282 2238 1335 ἐν
2291 1282 2374 1348 τῷ
2432 1282 2788 1352 κοιμηθῆναι
2833 1284 3063 1352 αὐτὴν,
3124 1283 3222 1337 καί
3276 1282 3637 1351 ἀναστῆναι.

1971 1369 2273 1441 Σκόπησον,
2306 1371 2576 1440 ἀγαπητὲ,
2631 1371 2713 1424 ὅτι
2745 1369 2805 1422 τὸ
2850 1371 2958 1424 πᾶν
2997 1370 3097 1441 τῆς
3134 1370 3229 1423 106
3258 1370 3393 1423 Θεοῦ
3435 1373 3640 1424 οἰκονο-

1976 1458 2104 1527 μίας
2131 1453 2200 1529 ἦν
2221 1457 2380 1528 ἔργον
2394 1458 2454 1512 τὸ
2472 1459 2715 1528 γεγονὸς,
2739 1459 2926 1531 ῶσπερ
2946 1460 3037 1513 ἐπὶ
3061 1460 3155 1513 106
3186 1459 3636 1530 πρωτοπλάστου.

1971 1545 2238 1618 Καθάπερ
2269 1546 2377 1616 γάρ
2405 1547 2539 1612 ἐκεῖ,
2568 1547 2918 1610 καθεύδοντος
2946 1546 3133 1612 αὐτοῦ,
3169 1549 3234 1600 ἐκ
3264 1547 3367 1617 τῆς
3399 1545 3636 1615 πλευρᾶς

1973 1633 2136 1705 μέρος
2188 1633 2368 1688 λαϐὼν
2428 1635 2684 1706 οὐδεμίαν
2748 1635 2999 1706 αἴσθησιν
3069 1634 3219 1706 αὐτῷ
3288 1634 3634 1706 συνεχώρησε

1968 1721 2246 1788 γενέσθαι,
2281 1721 2419 1775 ἀλλά
2453 1723 2551 1792 τὴν
2586 1722 2824 1793 πλευράν
2867 1723 3082 1794 ἐκείνην
3128 1723 3209 1786 είς
3256 1725 3490 1791 γυναῖκα
3521 1723 3632 1776 διας

1968 1809 2180 1872 πλάσας
2216 1809 2527 1882 παρέστησε
2556 1809 2634 1880 τῷ
2666 1811 2854 1881 ’Λδάμο
2893 1811 2983 1864 τὸν
3016 1810 3178 1864 αὐτὸν
3216 1809 3280 1882 δὴ
3301 1810 3505 1881 τρόπον
3540 1812 3635 1863 καὶ

1967 1896 2083 1950 νῦν.
2111 1896 2174 1950 El
2207 1897 2316 1968 γὰρ
2352 1900 2386 1970 ἡ
2416 1898 2515 1968 τῆς
2553 1897 2792 1968 πλευρᾶς
2837 1897 3146 1968 ἀφαίρεσις,
3178 1896 3365 1968 ἐπειδὴ
3399 1896 3497 1968 τὴν
3541 1896 3634 1950 ἐκ·

1971 2005 2156 2041 στασιν
2181 1989 2330 2059 αὐτῷ
2359 1985 2406 2041 ό
2450 1988 2582 2052 Θεὸς
2629 1990 2927 2059 ἐπήγαγεν,
2959 1986 3373 2057 ἀνεπαισθήτως
3407 1985 3598 2053 γέγονε
3618 2025 3634 2051 ,

1969 2074 2148 2144 πολλῷ
2183 2055 2385 2145 μᾶλλον
2419 2073 2512 2128 νῦν
2547 2055 2808 2128 τοῦτο-ἂν
2827 2055 3074 2142 ἐγένετο.
3110 2055 3289 2144 Ὅπερ
3328 2073 3438 2143 γάρ
3482 2055 3656 2128 εἷπεν⁴

1968 2161 2085 2214 ἐκεῖ
2113 2163 2146 2232 ή
2184 2161 2302 2214 θεία
2330 2160 2539 2233 Γραφὴ,
2569 2162 2650 2214 ὅτι
2696 2160 3018 2214 Ἐπέϐαλεν
3045 2163 3344 2214 ἔκστασιν
3389 2160 3488 2214 ἐπὶ
3529 2161 3632 2214 τὸν

1982 2249 2170 2318 Ἀδὰμ,
2218 2248 2316 2301 καὶ
2345 2249 2610 2302 ὕπνωσε
2644 2247 2804 2301 τοῦτο
2835 2249 2930 2302 καὶ
2971 2248 3204 2302 ἐνταῦθα
3258 2250 3502 2318 ἐσήμανε
3547 2248 3632 2301 διά

1967 2337 2061 2391 τοῦ
2117 2339 2310 2402 εἰπεῖν,
2357 2338 2438 2390 ὅτι
2497 2338 2618 2391 οὐκ
2672 2337 2802 2405 ᾔδει
2848 2337 2918 2390 ἐν
2962 2334 3042 2401 τῷ
3089 2335 3479 2404 κοιμηθῆναι,
3534 2335 3632 2390 καί

1967 2423 2322 2492 ἀναστῆναι.
2377 2423 2488 2479 Καὶ
2520 2425 2884 2487 συνέλαϐον,
2941 2423 3126 2494 φησὶν,
3159 2423 3228 2476 ἐκ
3259 2423 3364 2477 τοῦ
3412 2426 3630 2490 πατρὸς

1966 2511 2182 2565 αὐτῶν.
2241 2511 2350 2565 Καὶ
2384 2511 2592 2565 ἔτεκεν
2621 2513 2659 2579 ἠ
2702 2510 3099 2579 πρεσϐυτέρα,
3145 2511 3244 2565 καὶ
3283 2511 3539 2566 ἐκάλεσε
3569 2510 3636 2565 τὸ

1968 2599 2155 2668 ὄνομα
2191 2598 2380 2652 αὐτοῦ
2409 2599 2604 2662 Μωὰϐ,
2630 2599 2920 2667 λέγουσαο
2970 2599 3065 2651 Ἐκ
3098 2599 3205 2652 τοῦ
3247 2600 3468 2667 πατρός
3491 2617 3632 2669 μου.

1970 2682 2159 2752 Οὗτος
2192 2685 2391 2754 πατὴρ
2439 2683 2780 2740 Μωαϐιτῶν.
2817 2687 3018 2739 Ἕτεκε
3044 2684 3113 2738 δὲ
3141 2685 3241 2739 καὶ
3273 2687 3312 2754 ἡ
3355 2686 3632 2754 νεωτέρα,

1965 2773 2065 2827 καὶ
2093 2773 2349 2828 ἐκάλεσε
2385 2773 2452 2827 τὸ
2493 2773 2679 2841 ὄνομα
2711 2770 2872 2837 αὐτῷ
2905 2772 3142 2842 Ἆμμᾶν,
3171 2774 3459 2844 λέγουσιν
3502 2777 3630 2844 Υἱὸς

1966 2861 2073 2915 τοῦ
2111 2861 2326 2931 γένους
2357 2879 2498 2930 μου.
2551 2857 2741 2927 Οὗτος
2791 2860 2989 2929 πατὴρ
3042 2862 3432 2930 Ἀμμανιτῶν.
3474 2863 3636 2935 Ὁρᾷς

1967 2949 2085 3011 πῶς
2113 2950 2211 3002 οὐκ
2231 2948 2516 3017 ἀσελγείας
2543 2944 2610 3020 ἦν
2642 2949 2703 3001 τὸ
2749 2948 2972 3017 γεγονὸς
2991 2992 3005 3012 ,
3049 2950 3130 3002 ὅτι
3169 2953 3508 3022 παραχρῆμα
3542 2952 3635 3006 καὶ

1966 3037 2064 3100 τάς
2103 3037 2470 3109 προσηγορίας
2493 3039 2604 3100 τοῖς
2628 3036 2896 3107 τεχθεῖσιν
2926 3036 3191 3090 ἐπέθεσαν
3243 3038 3543 3110 μηνύουσαι
3574 3039 3638 3093 τὸ

1967 3123 2356 3195 γεγενημένον,
2381 3124 2474 3177 καὶ
2499 3124 2782 3194 μονονουχὶ
2815 3123 3067 3195 καθάπερ
3097 3127 3155 3178 ἐν
3181 3127 3350 3200 στήλῃ
3379 3129 3484 3180 τινὶ
3521 3130 3640 3191 τοῖς

1964 3214 2074 3268 τῶν
2103 3212 2328 3268 παιδίων
2355 3212 2608 3282 ὀνόμασιν
2630 3213 3078 3284 ἐναποτιθέμεναι
3107 3213 3203 3268 τοῦ
3231 3217 3514 3284 γεγονότος
3535 3217 3637 3287 τὴν

1969 3304 2221 3374 μνήμην,
2269 3303 2365 3354 καὶ
2409 3301 2508 3372 ήδη
2564 3301 2994 3372 προμηνύουσαι,
3048 3302 3130 3355 ὃτι
3189 3302 3314 3374 ἔθνη
3363 3303 3422 3368 ἐξ
3455 3303 3634 3359 αὐτῶν

1966 3393 2140 3455 ἔσται,
2169 3390 2265 3444 καὶ⁸
2306 3391 2386 3453 είς
2419 3389 2620 3461 πλῆθος
2671 3389 3030 3460 ἐκταθήσεται
3083 3390 3192 3444 τῶν
3231 3391 3532 3462 τεχθέντων
3573 3390 3634 3446 το

1965 3483 2139 3550 γένος.
2186 3480 2242 3534 '0
2273 3479 2372 3551 μέν
2405 3477 2534 3549 γὰρ,
2580 3478 2766 3548 φησὶν,
2798 3477 2951 3532 ἔσται
3008 3479 3190 3552 πατὴρ
3238 3481 3566 3546 Μωαϐιτῶν,
3603 3481 3633 3533 ὁ

1964 3569 2046 3634 δὲ,
2075 3569 2258 3639 πατὴρ
2304 3566 2671 3637 Ἀμμανιτῶν.
3614 3630 3616 3632 τ

2036 3664 2110 3721 ς’.
2145 3655 2303 3709 ’Λλλά
2328 3656 2450 3708 τότε
2477 3655 2597 3726 μὲν,
2622 3655 2813 3726 ἐπειδὴ
2839 3655 2984 3726 ἀρχὴ
3014 3655 3108 3708 καὶ
3134 3657 3392 3728 προοίμια
3417 3653 3505 3728 ἦν,
3539 3659 3636 3713 καὶ

1964 3744 2052 3797 διά
2078 3743 2176 3812 τῆς
2207 3742 2299 3795 τοῦ
2328 3742 2518 3810 γένους
2546 3741 2797 3811 διαδοχῆς
2849 3741 2944 3812 τὴν
2998 3744 3219 3813 μνήμην
3262 3745 3442 3807 αὐτοῖς
3471 3745 3619 3800 ἐσού.

1964 3831 2116 3883 λοντο
2165 3827 2557 3895 διατηρεῖσθαι,
2593 3826 2863 3896 τοσαύτην
2911 3829 3147 3895 σπουδὴν
3198 3828 3292 3881 τοῦ
3337 3830 3544 3882 δικαίου
3574 3833 3628 3887 αί

1966 3916 2263 3986 θυγατέρες
2289 3915 2631 3984 ἐποιήσαντο·
2665 3915 2783 3967 νυνὶ
2813 3914 2889 3977 δὲ,
2925 3914 3110 3985 ἐπειδὴ
3138 3914 3227 3968 διά
3249 3913 3345 3986 τὴν
3364 3915 3460 3969 106
3495 3918 3628 3974 Θεοῦ

1964 4005 2124 4077 χάριν
2153 4003 2222 4057 τά
2246 4001 2346 4072 τῆς
2375 4001 2655 4064 εὐσεϐείας
2677 4000 2985 4064 ἐπιδέδωκε,
3031 4002 3126 4055 καὶ
3157 4003 3299 4056 κατά
3324 4003 3416 4057 τὸν
3447 4008 3618 4076 μακάο

1967 4109 2080 4167 ριον
2111 4089 2344 4153 Παῦλον,
2369 4086 2626 4157 Παράγει
2661 4087 2875 4142 λοιπὸν
2902 4087 2968 4141 τὸ
3005 4087 3216 4157 σχῆμα
3255 4089 3363 4144 τοῦ
3396 4091 3628 4160 κόσμου

1963 4183 2202 4244 τούτου,
2241 4179 2338 4250 τὴν
2362 4177 2452 4231 διὰ
2480 4177 2576 4248 τῆς
2603 4174 2712 4229 τῶν
2741 4174 2963 4245 ἀγαθῶν
2997 4175 3249 4248 πράξεως
3293 4177 3469 4250 ἔργων
3501 4183 3608 4252 μνή

1966 4290 2075 4343 μην
2102 4271 2314 4331 ἐαυτοίς
2344 4263 2870 4335 καταλιμπάνωμεν,
2902 4264 2989 4317 ἵνα
3016 4266 3110 4318 καὶ
3143 4265 3282 4336 μετά
3311 4266 3410 4338 τὴν
3445 4267 3626 4322 ἐντεῦ-

1963 4360 2054 4414 θεν
2089 4356 2438 4430 μετάστασιν,
2459 4355 2492 4424 ή
2516 4353 2614 4423 τῆς
2645 4351 2875 4425 ἀρίστης
2901 4353 3056 4424 ήμῶν
3081 4352 3356 4418 πολιτείας
3373 4355 3628 4426 ἀκρίϐεια

1961 4447 2268 4518 ὑπόμνησις
2287 4444 2381 4496 καὶ
2415 4439 2729 4495 διδασκαλία
2750 4439 2974 4512 γένηται
2991 4442 3102 4503 τοῖς
3130 4441 3210 4504 είς
3233 4442 3382 4512 ήμᾶς
3405 4443 3626 4513 ὁρῶσιν.

1963 4537 2024 4590 Οί
2060 4534 2168 4603 γάρ
2202 4531 2465 4603 ἐνάρετοι,
2499 4529 2594 4582 καὶ
2622 4530 2712 4582 τὸν
2752 4527 3004 4601 σώφρονα
3039 4527 3152 4599 βίον
3193 4530 3496 4600 μετιόντες,
3526 4533 3628 4588 οὐκ

1961 4625 2019 4676 ἐν
2060 4624 2125 4693 τῇ
2165 4620 2276 4692 ζωῇ
2305 4618 2476 4692 ταύτῃ
2525 4616 2683 4688 μόνον
2729 4617 3082 4686 τυγχάνοντες
3129 4616 3199 4671 τά
3231 4617 3462 4688 μέγιστα
3501 4619 3626 4684 106;

1960 4709 2041 4771 είς
2071 4707 2264 4769 αὐτοὺς
2295 4704 2539 4776 δρῶντας
2571 4701 2802 4772 ὠφελεῖν
2854 4701 3127 4766 δύνανται,
3183 4702 3318 4758 άλλά
3350 4705 3444 4759 καὶ
3489 4704 3626 4775 μετά

1959 4797 2056 4868 τὴν
2088 4794 2182 4848 τοῦ
2218 4795 2332 4864 βίου
2379 4793 2629 4865 πάροδον.
2681 4793 2792 4846 Καὶ
2823 4791 2910 4844 ἵνα
2945 4791 3144 4864 μάθῃς,
3189 4792 3291 4863 δρα
3328 4811 3418 4863 μοι
3459 4792 3628 4855 πόσος

1960 4883 2095 4937 ἐτῶν
2124 4880 2353 4952 ἀριθμὸς
2397 4879 2641 4950 παρῆλθε
2683 4878 2843 4949 μέχρι
2869 4877 3022 4950 [455]
3067 4879 3166 4950 τῆς
3215 4880 3475 4949 σήμερον,
3531 4879 3624 4932 καὶ

1960 4971 2146 5034 ὁσάκις
2180 4969 2246 5023 ἀν
2279 4967 2670 5038 βουληθείημεν
2700 4968 2779 5030 είς
2817 4965 2907 5020 τὸν
2937 4967 3038 5036 τῆς
3082 4965 3436 5036 σωφροσύνης
3463 4962 3626 5034 ζῆλόν

1957 5075 2107 5122 τινας
2127 5058 2360 5126 ἐνάγειν,
2389 5055 2478 5108 τὸν
2519 5053 2714 5125 Ἰωσὴφ
2736 5057 2816 5118 είς
2849 5053 3011 5124 μέσον
3035 5053 3276 5122 ἄγοντες.
3299 5051 3390 5106 τὸν
3419 5051 3623 5122 εὐειδῆ,

1957 5145 2048 5199 τὸν
2071 5143 2256 5206 καλὸν,
2289 5143 2380 5196 τὸν
2407 5141 2543 5204 νέον,
2585 5140 2679 5195 τὸν
2719 5142 2777 5193 ἐν
2814 5141 2952 5210 αὐτῇ
2991 5141 3058 5210 τῇ
3096 5141 3247 5208 ἀκμῇ
3283 5137 3381 5206 τῆς
3409 5137 3624 5207 ήλικίας

1956 5232 2224 5302 τοσαύτην
2244 5230 2493 5302 ἀνδρείαν
2522 5245 2587 5281 πε
2597 5228 2651 5300 ρὶ
2679 5228 2779 5296 τὴν
2809 5225 3162 5296 σωφροσύνην
3192 5222 3620 5293 ἐπιδειξάμενον,

1956 5321 2104 5375 οὕτω
2151 5318 2288 5388 πρὸς
2332 5316 2431 5387 τὴν
2483 5316 2712 5386 μίμησιν
2757 5313 2849 5367 106
2901 5311 3104 5364 δικαίου
3151 5310 3276 5374 τοὺς
3333 5309 3624 5376 ἀκούοντας

1955 5404 2240 5474 διεγείρειν
2290 5402 2684 5470 σπουδάζομεν.
2729 5399 2825 5461 Τίς
2873 5396 2981 5468 γὰρ
3038 5396 3124 5460 ἂν,
3168 5397 3289 5450 είπέ
3337 5414 3461 5467 μοι.
3497 5399 3621 5452 κατ’

1957 5493 2114 5559 ἀξίαν
2147 5489 2444 5559 θαυμάσειε
2475 5487 2566 5539 τὸν
2627 5484 2893 5555 μακάριον
2924 5481 3133 5548 τοῦτον,
3186 5483 3267 5536 ὅτι
3318 5484 3376 5535 ἐν
3407 5482 3622 5556 δουλείᾳ

1953 5579 2256 5649 τυγχάνων,
2294 5577 2388 5628 καὶ
2419 5575 2478 5627 ἐν
2507 5573 2658 5644 αὐτῷ
2686 5572 2763 5644 τῷ
2795 5572 2945 5628 ἄνθει
2989 5573 3087 5641 τῆς
3124 5573 3360 5642 ἡλικίας,
3390 5573 3478 5626 ὅτε
3525 5574 3621 5627 καὶ

1957 5666 2191 5738 μάλιστα
2223 5667 2256 5737 ὴ
2283 5664 2511 5734 κάμινος
2532 5664 2626 5716 ἐπὶ
2651 5661 2812 5716 πλέον
2841 5661 3132 5726 ἐξάπτεται
3151 5660 3260 5715 τῶν
3293 5659 3618 5732 ἐπιθυμιῶν,

1954 5758 2098 5830 δρῶν
2135 5756 2234 5828 τὴν
2269 5755 2434 5811 αὐτοῦ
2475 5755 2762 5810 δέσποιναν
2795 5750 3144 5823 ἐπιπηδῶσαν
3189 5749 3338 5822 αὐτῷ
3370 5751 3463 5805 καὶ
3500 5752 3622 5804 ἐπι-

1959 5845 2315 5918 μαινομένην,
2330 5843 2598 5916 τοσαύτην
2623 5841 2932 5909 ἐπεδείξατο
2951 5840 3050 5912 τὴν
3070 5838 3342 5912 ἀνδρείαν,
3365 5838 3459 5892 καὶ
3477 5837 3621 5892 οὕτω

1963 5933 2099 6007 πρὸς
2133 5934 2257 5998 τοὺς
2283 5932 2381 6005 τῆς
2417 5931 2770 6008 σωφροσύνης
2799 5929 3016 6001 ἀγῶνας
3052 5928 3375 5984 ἀπεδύσατο.
3407 5925 3484 5988 ὼς
3515 5924 3617 5994 τῆς
