4072 6216
615 310 720 370 415

617 433 917 494 ἀκολάστου
954 429 1212 503 γυναικὸς
1263 425 1479 496 ἐκείνης
1523 422 1730 494 γυμνὸς
1781 422 1880 493 μὲν
1904 422 2016 476 τῶν
2053 423 2284 492 ίματίων

618 522 988 593 ἀποπηδῆσαι,
1003 519 1066 572 τὸ
1081 519 1137 571 δὲ
1157 517 1258 586 τῆς
1277 510 1633 583 σωφροσύνης
1646 509 1850 579 ἔνδυμα
1868 507 2252 581 περιϐαλέσθαι
2269 525 2286 575 ;

618 610 724 662 Καὶ
747 603 816 680 ἦν
849 607 975 661 ίδεῖν
1007 608 1239 675 πρᾶγμα
1268 599 1454 655 καινὸν
1487 599 1584 651 καὶ
1611 597 1934 669 παράδοξον,
1962 596 2149 666 ἀρνίον
2168 597 2288 658 ταῖς

613 697 710 752 τοῦ
733 697 899 750 λύκου
932 695 1120 766 χερσὶν
1157 689 1417 762 ἐμπεσὸν,
1462 686 1662 758 μᾶλλον
1701 685 1756 738 δὲ
1788 687 1888 755 τῆς
1921 684 2161 753 λεαίνης,
2195 681 2288 736 καὶ

613 784 945 854 διασωθῆναι
975 778 1220 850 δυνηθὲν,
1251 777 1345 831 καὶ
1370 774 1621 847 καθάπερ
1653 772 1985 844 περιστεράν
2009 771 2105 824 τοῦ
2137 770 2288 842 ἱέρα-

615 887 713 935 κος
758 866 1124 938 διαφυγοῦσαν
1175 864 1274 936 τὴν
1328 860 1555 934 βλάϐην,
1598 859 1742 913 οὕτω
1788 858 1879 912 τὸν
1927 857 2134 912 δίκαιον
2179 857 2288 911 τῶν

615 957 831 1028 ἐκείνης
863 937 1240 1025 διαρπαγέντα
1294 949 1493 1022 χειρῶν
1514 961 1562 1000 ι.
1616 947 1730 1018 Οὐχ
1783 937 1944 1000 οὕτω
1974 945 2287 1016 θαυμαστὸν

615 1039 753 1096 εἷναί
788 1058 878 1113 μοι
904 1040 1053 1094 δοκεῖ
1083 1037 1144 1093 τὸ
1172 1038 1298 1100 τοὺς
1339 1037 1488 1108 τρεῖς
1537 1034 1735 1096 παῖδας
1777 1032 2018 1096 ἐκείνους
2055 1031 2112 1085 ἐν
2147 1031 2288 1104 μέσῃ

612 1133 681 1202 τῇ
709 1127 926 1198 καμίνῳ
952 1127 1019 1196 τῇ
1063 1123 1383 1194 Βαϐυλωνία
1416 1122 1600 1192 ἐκείνῃ
1640 1117 1732 1173 τοῦ
1765 1119 1935 1194 πυρὸς
1977 1118 2287 1190 ἀνωτέρους

615 1215 888 1287 γενέσθαι,
940 1213 1036 1268 καὶ
1083 1209 1248 1284 μηδὲν
1282 1209 1442 1264 πλέον
1469 1209 1538 1262 τὰ
1585 1206 1814 1278 σώματα
1847 1205 2026 1260 αὐτῶν
2068 1206 2286 1274 παθεῖν,

614 1305 689 1370 ὡς
716 1299 1027 1374 θαυμαστὸν
1056 1301 1151 1354 καὶ
1180 1296 1506 1370 παράδοξον,
1528 1294 1620 1348 τὸν
1645 1295 1851 1348 δίκαιον
1867 1293 2054 1347 τοῦτον
2080 1295 2159 1358 είς
2187 1294 2286 1366 τὴν

616 1391 846 1462 κάμινον
883 1388 1084 1459 ταύτην
1121 1387 1222 1460 τὴν
1242 1385 1342 1456 τῆς
1368 1383 1717 1446 Βαϐυλωνίας
1760 1381 2147 1454 χαλεπωτέραν
2191 1383 2289 1452 ἑμ-

615 1477 964 1540 πεπτωκότα,
989 1474 1087 1547 τὴν
1113 1473 1403 1543 ἀσέλγειαν
1431 1471 1572 1540 λέγω
1603 1469 1706 1540 τῆς
1731 1469 2052 1537 Αἰγυπτίας,
2083 1469 2288 1522 ἀνέπα-

619 1583 718 1635 φον
747 1565 1039 1635 διαμεῖναι,
1071 1561 1165 1616 καὶ
1197 1559 1438 1630 καθαρὸν
1473 1558 1574 1628 τῆς
1603 1556 1958 1628 σωφροσύνης
1993 1557 2054 1610 τὸ
2083 1555 2287 1626 ἔνδυμα

616 1654 1059 1727 διατηρήσαντα,
1115 1650 1290 1714 οῦτως
1342 1647 1600 1716 ἐξελθεῖν.
1665 1647 1775 1699 Καὶ
1831 1646 1905 1718 μὴ
1955 1644 2244 1727 θαυμάσῃς
2269 1686 2284 1710 ,

617 1726 889 1814 ἀγαπητέο
919 1738 1106 1812 ἐπειδὴ
1136 1739 1246 1809 γάρ
1277 1737 1348 1790 τά
1379 1737 1508 1807 παρ’
1545 1733 1743 1789 ἑαυτοῦ
1794 1734 2131 1805 είσὴνεγκεν,
2175 1726 2287 1802 εἷχε

620 1829 714 1884 καὶ
744 1828 842 1900 τὴν
867 1827 1071 1882 ἀνωθεν
1090 1825 1262 1897 ροπὴν
1284 1823 1432 1895 αὐτῷ
1458 1820 1870 1894 συμπαροῦσαν,
1888 1820 1981 1873 καὶ
1998 1820 2094 1889 τὴν
2109 1820 2287 1890 πυράν

617 1917 832 1988 ἐκείνην
861 1911 1382 1975 κατασϐεννύουσαν,
1415 1911 1508 1964 καὶ
1540 1911 1596 1962 ἐν
1639 1909 1780 1981 μέσῃ
1823 1907 1889 1978 τῇ
1938 1907 2154 1978 καμίνῳ
2187 1906 2288 1977 τὴν

603 2003 806 2073 δρόσον
837 2000 936 2073 τὴν
965 2000 1115 2071 παρά
1158 1997 1251 2052 τοῦ
1304 1996 1621 2066 Πνεύματος
1662 1993 2050 2065 χαριζομένην.
2103 1992 2286 2079 Ιξῖδετε

618 2088 735 2156 πῶς
762 2093 810 2145 οἱ
839 2091 1104 2162 ἐνάρετοι,
1148 2087 1242 2142 καὶ
1274 2084 1510 2139 ἐνταῦθα
1552 2082 1838 2154 παρόντες.
1870 2082 1965 2135 καὶ
2007 2080 2144 2152 μετὰ
2187 2081 2287 2151 τὴν

617 2179 866 2234 ἐντεῦθεν
898 2178 1248 2250 μετάστασιν,
1274 2173 1542 2244 ὡφελείας
1563 2173 1696 2244 ἡμῖν
1727 2169 1984 2234 ὑπόθεσις
2007 2169 2283 2238 γίνονταις

615 2266 716 2325 Διά
740 2267 847 2339 γὰρ
871 2266 1030 2321 τοῦτο
1058 2264 1148 2318 τὸν
1179 2263 1388 2317 δίκαιον
1427 2259 1616 2315 τοῦτον
1655 2259 1734 2321 είς
1778 2257 1943 2328 μέσον
2015 2255 2111 2309 νῦν
2149 2273 2290 2326 παρ-

615 2356 918 2427 ηγάγομεν,
951 2354 1040 2407 ῖνα
1069 2351 1244 2423 τούτῳ
1266 2350 1466 2413 πάντες
1490 2343 1976 2417 ἑπώμεθα.Τοῦτον
2003 2339 2096 2396 οὖν
2116 2342 2289 2396 ἀπαν-

615 2457 707 2505 τες
739 2441 1090 2513 ζηλῶσωμεν,
1118 2437 1212 2492 καὶ
1259 2434 1526 2506 ἀνώτεροι
1569 2433 1678 2487 τῶν
1725 2431 1928 2502 ἡδονῶν
1973 2427 2286 2513 γενώμεθα,

615 2529 711 2583 καὶ
754 2511 978 2590 είδότες,
1014 2527 1145 2579 Ὀτι
1168 2526 1280 2578 οὐκ
1315 2524 1489 2575 ἐστιν
1515 2518 1661 2588 ἡμῖν
1689 2518 1728 2585 ἠ
1758 2516 1922 2583 πάλη
1951 2516 2102 2583 πρὸς
2148 2511 2292 2583 αἷμα

616 2617 717 2670 καὶ
753 2616 974 2683 σάρκα,
1007 2613 1169 2667 ἀλλὰ
1209 2601 1361 2678 πρὸς
1391 2607 1500 2673 τὰς
1533 2606 1754 2675 ἀρχὰς,
1800 2604 1949 2672 πρὸς
1982 2606 2090 2668 τὰς
2115 2602 2290 2667 ἐξου-

617 2705 778 2768 σίας,
835 2700 986 2769 πρὸς
1014 2697 1158 2764 τοὺς
1198 2694 1686 2766 κοσμοκράτορας
1729 2692 1836 2746 τοῦ
1882 2691 2144 2757 σκότους
2183 2689 2289 2744 τοῦ

617 2788 831 2856 αἰῶνος
864 2788 1102 2850 τούτου,
1137 2784 1311 2848 οὕτως
1341 2782 1568 2846 ἑαυτοὺς
1596 2779 2036 2850 καθοπλίςωμεν·
2073 2777 2168 2831 καὶ
2201 2780 2292 2831 ἐν-

619 2877 863 2942 νοοῦντες
885 2877 969 2930 ὅτι
1001 2873 1158 2944 σῶμα
1177 2871 1574 2945 περικείμενοι,
1617 2868 1754 2940 πρδς
1785 2865 2109 2938 ἀσωμάτους
2138 2864 2290 2919 δυνά-

619 2984 742 3040 μεις
775 2963 1066 3019 πυκτεύειν
1094 2958 1538 3032 ἀναγκαζόμεθα,
1573 2955 1941 3030 φραττὼμεθα
1969 2957 2079 3020 τοῖς
2103 2955 2290 3018 ὅπλοις

617 3055 710 3110 τοῦ
743 3053 1078 3124 ηνεύματος.
1100 3051 1198 3104 Διά
1219 3049 1329 3120 γάρ
1353 3047 1510 3102 τοῦτο
1534 3047 1563 3099 6
1585 3045 1965 3117 φιλάνθρωπος
1987 3043 2288 3116 Δεσπότης,

619 3142 805 3215 ἐπειδὴ
837 3142 1015 3212 σάρκα
1045 3139 1420 3210 περικείμενοι
1451 3135 1588 3208 πρὸς
1619 3135 1716 3199 τάς
1747 3134 2014 3204 ἀοράτους
2033 3132 2292 3202 δυνάμεις

616 3230 716 3303 τὴν
770 3230 948 3301 πάλην
1001 3226 1228 3299 ἔχομεν,
1273 3227 1368 3279 καὶ
1420 3223 1490 3278 τά
1535 3223 1676 3277 ὅπλα
1705 3221 1863 3292 ἡμῶν
1909 3221 2116 3292 ἀόρατα
2159 3235 2292 3272 κατ-ι

618 3317 936 3383 ισκεύασεν,
1007 3317 1094 3370 ίνα
1141 3315 1208 3387 τῇ
1241 3313 1468 3384 δυνάμει
1510 3312 1619 3366 τῶν
1663 3310 1843 3364 ὃπλων
1882 3307 2292 3380 περιγινώμεθα

618 3407 718 3479 τῆς
749 3405 962 3477 φύσεως
991 3403 1100 3458 τῶν
1134 3401 1466 3457 ἀντιπάλων.
1497 3397 1840 3471 Θαρροῦντες
1864 3398 2046 3452 τοίνυν
2086 3399 2153 3468 τῇ
2184 3396 2292 3450 τῶν

619 3494 798 3548 ὃπλων
827 3491 1076 3563 δυνάμει,
1102 3489 1170 3542 τά
1190 3491 1319 3561 παρ’
1337 3487 1545 3542 ἑαυτῶν
1572 3486 1937 3558 είσφέρωμεν,
1961 3485 2054 3539 καὶ
2069 3484 2293 3556 δυνησό-

625 3579 763 3652 μεθα
791 3583 857 3652 τῇ
898 3578 1198 3649 παντευχίᾳ
1225 3576 1398 3648 ταύτῃ
1432 3579 1498 3647 τῇ
1549 3575 1888 3645 πνευματικῇ
1933 3571 2294 3644 φραττόμενοι

623 3667 790 3738 αὐτὴν
817 3665 910 3720 τοῦ
945 3665 1191 3719 διαϐόλου
1225 3664 1491 3734 συγκόψαι
1520 3661 1618 3734 τὴν
1646 3661 1789 3732 ὄψιν.
1830 3661 1965 3715 Οὐδὲ
1995 3661 2104 3732 γάρ
2143 3663 2295 3729 ἑνεγ-

623 3757 739 3808 κεῖν
752 3753 974 3807 δύναται
990 3753 1088 3826 τὴν
1109 3751 1359 3806 ἐντεῦθεν
1377 3751 1684 3823 ἀστραπὴν,
1700 3749 1833 3804 ἀλλά
1850 3748 1951 3804 κάν
1968 3750 2295 3821 ἐπιχειρήσῃ

624 3841 814 3912 στῆναι
861 3837 920 3905 ἑξ
961 3839 1229 3905 ἐναντίας,
1267 3838 1469 3902 εὐθέως
1522 3837 1922 3909 ἀποτυφλοῦται
1966 3837 2068 3900 τὰς
2119 3836 2291 3905 ὄψεις.

626 3929 794 3983 Ἔνθα
823 3928 934 4001 γὰρ
977 3927 1042 3982 ἀν
1173 3927 1514 3997 σωφροσύνη,
1547 3926 1640 3978 καὶ
1670 3925 1954 3996 σεμνότης,
1995 3926 2088 3978 καὶ
2125 3922 2293 3996 πολλὴ

622 4018 731 4070 τῶν
751 4016 925 4071 ἀλλων
948 4015 1158 4086 ἀρετῶν
1185 4015 1219 4086 ἡ
1251 4011 1652 4085 σύνοδος,[456]
1681 4014 1797 4067 ἐκεῖ
1825 4013 1920 4068 καὶ
1943 4015 1975 4084 ἡ
2009 4011 2103 4065 τοῦ
2123 4010 2297 4064 Πνεύ-

627 4121 795 4177 ματος
833 4103 992 4174 χάρις
1029 4101 1165 4172 μετὰ
1205 4099 1484 4170 δαψιλείας
1531 4101 1844 4168 ἐφίπταται.
1876 4100 1973 4154 Διά
2001 4099 2160 4153 τοῦτο
2199 4098 2296 4152 καὶ

629 4189 836 4252 Παῦλος
878 4188 1080 4256 ἔλεγεν·
1129 4187 1397 4254 Εἰρήνην
1428 4183 1666 4238 διώκετε
1697 4187 1848 4254 μετά
1886 4185 2150 4248 πάντων,
2194 4184 2295 4238 καί

630 4275 733 4330 τόν
756 4276 1071 4346 ἁγιασμόν.
1125 4273 1549 4344 Ἐκκαθάρωμεν
1589 4272 1768 4324 τοίνυν
1825 4272 2068 4337 ἑαυτῶν,
2117 4288 2296 4342 παρα-

621 4363 800 4426 καλῶ,
849 4363 911 4419 τὸ
965 4360 1223 4426 συνειδὸς,
1286 4361 1381 4415 καὶ
1427 4360 1834 4429 ἀποσμήξωμεν
1878 4357 2034 4429 ἡμῶν
2084 4360 2176 4412 τὸν
2216 4358 2298 4411 λο-

627 4451 842 4522 γισμδν,
871 4452 958 4506 ῐνα
989 4453 1170 4522 πάσης
1203 4449 1454 4521 ρυπαρᾶς
1485 4447 1695 4510 ἐννοίας
1733 4447 2168 4519 ἀπηλλαγμένοι,
2200 4445 2295 4500 τοῦ

630 4537 942 4608 Πνεύματος
969 4539 1067 4609 τὴν
1092 4539 1254 4608 χάριν
1291 4532 1744 4605 ἑπισπασώμεθα,
1785 4535 1879 4588 καὶ
1916 4533 2025 4586 τῶν
2055 4533 2148 4588 τοῦ
2181 4533 2297 4587 δια-

628 4625 785 4679 ϐόλου
813 4624 1226 4696 περιγενώμεθα
1263 4623 1692 4696 μηχανημάτων,
1739 4623 1836 4676 καὶ
1868 4619 2296 4692 καταξιωθῶμεν

627 4711 735 4765 τῶν
762 4711 1084 4782 ἀπορρήτων
1105 4711 1326 4764 ἐκείνων
1347 4707 1568 4778 ἀγαθῶν
1589 4709 1895 4764 ἀπολαῦσαι
1913 4709 1966 4775 ιι,
1993 4702 2068 4763 ὧν
2088 4708 2297 4778 γένοιτο

629 4799 835 4863 πάντας
870 4799 1017 4870 ἡμᾶς
1055 4799 1362 4868 ἐπιτυχεῖν,
1412 4795 1595 4868 χάριτι
1642 4799 1736 4850 καὶ
1778 4795 2158 4868 φιλανθρωπίᾳ
2201 4795 2294 4849 τοῦ

627 4887 833 4958 Κυρίου
865 4883 1024 4957 ἡμῶν
1062 4884 1235 4952 Ἰησοῦ
1267 4883 1526 4955 Χριστοῦ,
1551 4883 1668 4955 μεθ’
1689 4879 1751 4938 οῦ
1779 4881 1856 4954 τῷ
1887 4883 2063 4954 Πατρὶ
2090 4881 2294 4954 ἡδόξα,

628 4975 742 5046 ἄμα
769 4974 849 5046 τῷ
874 4973 1017 5046 ἀγίῳ
1043 4972 1342 5045 Πνεύματι,
1359 4969 1453 5028 νῦν
1473 4971 1565 5026 καὶ
1588 4973 1695 5040 ἀεὶ,
1715 4973 1809 5028 καὶ
1836 4975 1915 5037 είς
1939 4971 2068 5037 τοὺς
2093 4969 2296 5037 αίῶνας

627 5063 735 5116 τῶν
766 5061 998 5118 αἰώνων.
1015 5063 1208 5135 Ἀμήν.

1237 5139 1406 5197 ΟΜῙΛ
1415 5143 1480 5196 [Α
1507 5140 1641 5196 ME’.

628 5229 735 5283 Καὶ
767 5229 1056 5301 ἐκίνησεν
1102 5229 1342 5301 ἐκεῖθεν,
1374 5229 1629 5301 Ἀϐραὰμ
1664 5227 1750 5294 εις

700 5299 801 5372 καί
842 5297 1082 5372 ᾤκησεν
1123 5302 1238 5372 ἀνὰ
1269 5297 1482 5372 μέσον⁷
1512 5297 1733 5372 Κάδης,
1791 5297 1889 5353 καί
1937 5298 2055 5353 ἀνὰ
2098 5297 2297 5366 μέσον

697 5368 874 5436 Σοὺρ,
901 5368 1002 5424 καὶ
1035 5368 1397 5440 παρῴκησεν
1431 5373 1502 5426 ἐν
1526 5371 1832 5440 Γεράροις.

698 5469 768 5518 α’.
787 5464 974 5538 Χαίρω
994 5467 1137 5538 ὁρῶν
1153 5469 1296 5539 ὑμᾶς
1320 5470 1708 5542 συντρέχοντας
1728 5468 1822 5521 ἐπὶ
1846 5465 1947 5538 τὴν
1962 5476 1985 5505 ε
2007 5463 2292 5537 ἀκρόασιν,

627 5552 724 5605 καὶ
760 5553 898 5622 μετὰ
929 5555 1131 5626 πολλῆς
1150 5557 1252 5627 τῆς
1274 5558 1468 5629 ἡδονῆς
1491 5557 1811 5628 δεχομένους
1841 5554 1938 5626 τὴν
1969 5554 2101 5625 παρ’
2136 5553 2296 5624 ἡμῶν

624 5637 989 5704 διδασκαλίανο
1016 5643 1111 5696 καὶ
1141 5643 1230 5697 διὰ
1264 5643 1423 5698 τοῦτο
1441 5644 1538 5697 καὶ
1566 5643 1728 5706 αὐτὸς
1761 5641 1902 5712 μετά
1930 5640 2174 5705 πλείονος
2195 5640 2294 5711 τῆς

627 5723 933 5797 προθυμίας
959 5728 1078 5782 καθ’
1105 5730 1342 5802 ἑκάστην
1364 5730 1578 5802 ἡμέραν
1610 5731 1740 5801 ύμῖν
1759 5730 1860 5802 τὴν
1889 5728 2111 5799 πτωχὴν
2134 5731 2168 5798 ἡ
2177 5727 2293 5799 μῶν

1797 5225 1917 5298 γῆν
1943 5223 2094 5295 πίὸς
2116 5227 2293 5298 Λίϐα,

689 5847 718 5915 ξι
745 5845 829 5915 §Ic
845 5845 961 5915 ξαν.
986 5854 1038 5898 ει
1058 5859 1143 5897 se:
1168 5862 1284 5898 mss.
1313 5849 1571 5915 M‘Mqrel.
1593 5849 1778 5915 ἐκείνης
1808 5847 2078 5914 ἀποδράντα
2098 5850 2286 5915 χειρῶν.

689 5907 722 5950 δ
743 5908 894 5960 Savil.
929 5916 984 5960 ει
1000 5917 1212 5970 quatuor
1232 5924 1346 5960 mss.
1373 5911 1564 5958 ἐκείνων
1584 5907 1912 5961 ἀπολαύσεων.

695 5980 718 6008 ε
743 5971 896 6023 Savll.
921 5979 973 6024 et
995 5972 1190 6036 quidam
1211 5984 1327 6026 mss.
1353 5972 1687 6037 συντρέχοντας
1706 5974 1810 6037 περὶ
1832 5975 1935 6032 τήν.

1412 308 1472 365 S.
1514 306 1801 364 JOANNIS
1837 304 2330 364 CIIRYSOSTOSII
2373 300 2691 360 ARCIIIEP.
2728 299 3282 361 CONSTANTINOP.

2389 421 2594 493 ταύτην
2645 421 2740 474 καὶ
2791 418 2982 490 εὐτελῆ
3033 419 3310 490 τράπεζαν
3351 416 3708 488 παρατιθέναι
3755 433 3852 470 σπο

2397 503 2461 557 Ἢ
2488 505 2597 574 γὰρ
2628 502 2991 574 ἑπιτεταμένη
3019 501 3174 573 ὐμῶν
3215 501 3396 572 ὄρεξις
3427 500 3765 570 ἀποκρύπτει
3797 500 3852 553 τί

2387 586 2560 655 πέζης
2581 586 2680 656 τὴν
2712 584 3008 647 εὐτέλειαν,
3046 584 3142 638 καὶ
3183 583 3254 637 τά
3291 583 3463 656 μικρά
3499 581 3713 654 μεγάλα
3757 599 3852 635 που

2385 669 2592 724 νεσθαι.
2619 668 2791 722 Τοῦτο
2828 668 2922 722 καὶ
2968 667 3062 720 ἐπὶ
3100 666 3209 720 τῶν
3249 666 3524 738 αἰσθητῶν
3569 665 3852 736 ἐδεσμάτω

2391 753 2538 807 ἰδεῖν.
2573 753 2786 823 Ὥσπερ
2813 751 2924 823 γὰρ
2961 752 2990 804 6
3021 751 3453 822 κεκορεσμένους
3501 748 3681 803 λαϐὼν
3713 750 3838 812 τοὺς

2391 833 2581 904 μόνας,
2612 833 2716 888 κᾶν
2747 834 2956 906 μεγάλα
2985 835 3080 888 καὶ
3115 833 3381 905 πολυτελῆ
3413 831 3632 905 παραθῇ
3661 831 3730 885 τά
3768 832 3847 885 ἑδέ

2388 918 2418 971 6
2443 916 2549 971 τῶν
2588 917 2934 987 ἑστιωμένων
2961 916 3123 987 κόρος
3150 913 3554 986 ὑποτέμνεταιά
3589 914 3696 968 τῶν
3733 930 3852 985 παρα

2389 1015 2496 1052 των
2526 998 2622 1071 τὴν
2669 999 3038 1065 πολυτέλειαν,
3074 1000 3171 1053 καὶ
3199 999 3268 1053 τά
3307 999 3521 1070 μεγάλα
3550 997 3808 1062 πολλάκις
3845 1016 3852 1046 ι

2389 1081 2515 1146 ἀξια
2550 1082 2709 1151 λόγου
2742 1084 3026 1152 φαίνεται.
3062 1082 3150 1136 διά
3184 1082 3244 1136 τὸ
3287 1082 3360 1153 μὴ
3398 1082 3516 1153 μεθ’
3552 1081 3746 1152 ἡδονῆς
3787 1097 3852 1151 πε

2389 1163 2500 1218 λειν
2527 1167 2708 1228 αὐτοῖς
2750 1166 2876 1229 τοὺς
2919 1165 3315 1235 ἑστιωμένους·
3358 1164 3530 1228 οὓτως
3571 1166 3599 1218 6
3637 1162 3852 1216 πεινῶνι

2389 1245 2566 1316 ὄρεξιν
2610 1246 2832 1316 ἔχοντας
2876 1246 3210 1318 παραλαϐὼν
3254 1248 3378 1310 τοὺς
3421 1246 3700 1300 ἑστιᾶσθαι
3733 1245 3852 1316 μέλ)

2393 1330 2494 1384 κᾶν
2526 1332 2717 1404 εὐτελῆ
2755 1332 2973 1403 παραϐῇ
3004 1332 3102 1403 τὴν
3140 1330 3440 1402 τράπεζαν,
3479 1328 3689 1400 μεγάλη
3718 1329 3852 1400 αὐτὴ

2393 1430 2502 1476 ται,
2533 1415 2630 1485 τῆς
2660 1414 2965 1486 προθυμίας
2989 1415 3098 1468 τῶν
3125 1415 3472 1484 ἑστιωμένων
3493 1413 3628 1484 μετὰ
3646 1413 3843 1484 πολλῆς

2393 1497 2892 1552 καταναλισκόντων
2939 1496 3006 1550 τὰ
3044 1497 3472 1568 παρατιθέμενα.
3505 1496 3607 1548 Τὸν
3649 1497 3810 1548 αὐτὸν
3849 1523 3852 1537 ι

2391 1595 2492 1633 πον
2531 1582 2625 1634 καὶ
2667 1582 2826 1652 ἡμεῖς
2871 1579 3198 1652 θαρροῦντες
3239 1580 3394 1650 ὐμῶν
3426 1581 3490 1650 τῇ
3519 1577 3694 1650 ὀρέξει
3728 1580 3791 1648 τῇ
3826 1595 3852 1628 11

2388 1667 2512 1736 τικῇ
2544 1665 2643 1716 οὐκ
2686 1663 2983 1734 ὀκνοῦμεν,
3030 1665 3134 1718 κᾶν
3181 1662 3374 1734 εὐτελῆ
3430 1663 3524 1715 καὶ
3573 1661 3794 1732 πτωχὴν
3847 1662 3852 1710 5

2388 1747 2705 1818 τράπεζαν,
2757 1746 2960 1818 ταύτην
3008 1747 3367 1818 παρατιθέναι
3413 1746 3651 1816 συνεχῶς
3704 1748 3768 1816 τῇ
3821 1746 3850 1796 ὐ

2389 1831 2595 1904 ἀγάπῃ.
2617 1831 2785 1884 Τοῦτο
2815 1832 2910 1885 καὶ
2939 1832 3101 1901 σοφός
3121 1848 3205 1894 τις
3238 1830 3410 1899 ἔλεγε·
3439 1831 3752 1896 Κρείσσων
3778 1828 3852 1893 ξεῖ

2387 1914 2671 1982 λαχάνων
2699 1913 2850 1983 μετὰ
2892 1914 3158 1981 ἀγάπης,
3191 1913 3229 1982 ἢ
3270 1913 3429 1978 ,βοῦς
3470 1911 3590 1967 ἀπὸ
3636 1911 3852 1980 φάτνης

2389 1997 2626 2065 ἔχθρας·
2665 1997 2883 2060 δεικνὺς
2915 1998 2997 2050 ὃτι
3030 1999 3064 2067 ἡ
3111 1998 3300 2067 ἀγάπη
3346 1996 3548 2066 ἑτέρως
3583 1995 3686 2066 ὁρᾷ
3721 1995 3789 2047 τὰ
3830 2011 3852 2046 τ

2391 2078 2612 2149 θέμενοι,
2653 2082 2746 2133 καὶ
2784 2082 2899 2144 τοῖς
2929 2080 3147 2150 ἐκείνης
3186 2079 3487 2150 ὀφθαλμοῖς
3518 2079 3613 2132 καὶ
3644 2077 3711 2131 τὰ
3742 2077 3852 2129 εὐτε

2391 2160 2585 2232 λυτελῆ
2615 2162 2906 2224 δείκνυται,
2947 2163 3041 2216 καὶ
3073 2162 3140 2215 τά
3173 2162 3346 2233 μικρά
3375 2161 3604 2232 μεγάλα.
3648 2161 3713 2212 Τί
3753 2156 3846 2212 οῦν

2395 2246 2856 2318 μακαριστότερον
2891 2247 3047 2317 ἡμῶν
3077 2247 3170 2299 ἐπὶ
3201 2245 3468 2298 τοσούτων
3507 2244 3792 2314 ἀκροατῶν
3828 2243 3852 2294 δ

2396 2332 2572 2402 μένων
2597 2343 2644 2396 ο,
2688 2332 2830 2386 οὕτω
2863 2333 3072 2403 θερμὴν
3116 2332 3211 2386 καὶ
3249 2331 3679 2401 διεγηγερμένην
3709 2346 3852 2382 κεκτη

2393 2415 2647 2484 άγάπην;
2689 2415 2912 2478 Οὐδενὸς
2940 2415 3049 2484 γὰρ
3077 2415 3218 2468 οὔτω
3257 2415 3494 2484 μάλιστα
3519 2413 3599 2466 δεῖ
3626 2413 3703 2484 τῷ
3731 2411 3852 2480 λέγο

2393 2495 2605 2560 εὐνοίας
2637 2496 2926 2568 ἀκροατοῦ.
2948 2498 3116 2549 Ὅταν
3136 2496 3243 2566 γάρ
3267 2497 3354 2568 ίδῃ
3376 2497 3474 2566 τὴν
3505 2495 3852 2566 προθυμίανζ

2393 2577 2501 2631 τῶν
2539 2579 2841 2650 ἀκροατῶν,
2873 2578 3155 2650 νευροῦται
3201 2581 3296 2632 καὶ
3347 2579 3528 2642 αὐτὸς,
3579 2579 3672 2632 καὶ
3720 2579 3852 2630 πολλ

2394 2663 2601 2728 είπεῖν,
2657 2662 2753 2732 τὴν
2805 2663 2956 2732 ἰσχὺν
3009 2660 3441 2732 προσλαμϐάνει,
3499 2659 3653 2724 είδὼς
3705 2659 3786 2712 ὅτι
3833 2661 3852 2712 ε

2395 2744 2611 2798 πλείονα
2630 2743 2852 2816 παραθῇ
2869 2745 2967 2814 τὴν
2987 2743 3268 2815 τράπεζαν
3298 2743 3500 2812 ταύτην
3533 2742 3632 2812 τὴν
3655 2758 3852 2810 πνευμι

2393 2827 2633 2897 τοσούτῳ
2681 2826 2750 2879 τά
2797 2827 2896 2897 τῆς
2946 2826 3204 2896 εὐπορίας
3244 2825 3394 2895 αὐτῷ
3437 2823 3589 2896 [457]
3633 2821 3852 2889 αὒξεται

2393 2910 2642 2973 ἐναντίας
2667 2909 2773 2982 γὰρ
2798 2913 2910 2973 τοῖς
2942 2909 3220 2980 αἰσθητοῖς
3259 2907 3330 2962 τὰ
3368 2907 3731 2978 πνευματικά.
3775 2905 3852 2958 ‘E:

2392 2998 2426 3067 ἡ
2461 2995 2708 3065 δαψίλεια
2741 2995 2840 3066 τῆς
2874 2994 3159 3068 τραπέζης
3207 2992 3454 3062 δαπάνην
3494 2989 3807 3062 ἐργάζεται,
3840 3007 3852 3041 1

2393 3079 2581 3133 οὐσίαν
2614 3078 2826 3132 ἐλαττοῖ
2853 3077 2946 3130 τοῦ
2971 3077 3304 3148 ἑστιάτοροςο
3325 3073 3559 3128 ἐνταῦθα
3591 3072 3648 3126 δὲ
3674 3073 3820 3127 ἀπαν
3845 3088 3852 3103 ·

2393 3163 2527 3227 τίον,
2556 3162 2666 3233 ὅσῳ
2701 3161 2768 3215 ἀν
2800 3161 3018 3225 πλείους
3036 3154 3173 3214 ὦσιν
3196 3161 3247 3212 οἱ
3281 3158 3619 3230 μετέχοντες,
3636 3156 3852 3226 τοσούτς

2392 3261 2482 3298 ται
2506 3247 2636 3317 ἡμῖν
2665 3246 2734 3298 τά
2762 3239 2861 3314 τῆς
2890 3242 3225 3316 περιουσίας.
3280 3242 3414 3296 Οὐδὲ
3460 3241 3570 3314 γὰρ
3602 3241 3678 3305 τά,
3701 3240 3852 3311 ἡμέτε

2395 3344 2584 3398 γομεν,
2633 3326 2745 3382 ἀλλ’
2778 3327 2922 3398 άπερ
2963 3325 3028 3380 ἂν
3057 3327 3092 3396 ἡ
3118 3324 3211 3378 τοῦ
3244 3322 3379 3378 Θεοῦ
3410 3325 3568 3396 χάρις
3594 3322 3684 3376 διὰ
3719 3322 3815 3389 τὴν

2397 3411 2806 3485 φιλανθρωπίαν
2854 3412 2948 3465 καὶ
2991 3410 3090 3483 τὴν
3123 3409 3395 3481 ὑμετέραν
3435 3406 3723 3478 οἰκοδομὴν
3757 3424 3852 3477 χορ

2394 3497 2531 3566 Φέρε
2557 3492 2673 3558 οῦν,
2707 3494 2892 3566 ἐπειδὴ
2926 3494 3065 3565 μετὰ
3088 3491 3358 3563 τοσαύτης
3391 3490 3586 3562 ἡδονῆς
3615 3490 3710 3543 καὶ
3761 3505 3852 3558 πρ<

2394 3580 2461 3650 τῇ
2493 3578 2753 3650 ἀκροάσει
2780 3576 3170 3650 προσϐάλλετε,
3214 3575 3377 3628 πάλιν
3405 3573 3513 3626 τῶν
3559 3571 3852 3643 προσφάτω

2395 3661 2850 3731 ἀναγνωσθέντων
2885 3660 3110 3732 ἔρευναν
3165 3659 3507 3730 ποιήσωμεν,
3553 3655 3649 3708 καὶ⁵
3701 3655 3760 3708 τὸ
3819 3656 3852 3705 ἑ*

2397 3745 2588 3817 κέρδος
2612 3744 3056 3818 καρπωσώμεθα.
3109 3741 3329 3812 Ἐπειδὴ
3375 3739 3485 3812 γάρ
3523 3738 3666 3793 κατά
3693 3736 3791 3809 τὴν
3824 3755 3852 3807 μ

2397 3831 2721 3901 παραίνεσιν
2749 3827 2842 3881 τοῦ
2869 3826 3103 3900 Χριστοῦ
3135 3825 3406 3893 λέγοντος,
3447 3821 3758 3892 Ἐρευνᾶτε
3779 3823 3851 3875 τὰ

2397 3914 2538 3984 φὰς,
2559 3911 2835 3983 θησαυρός
2864 3913 2980 3964 ἑστι
3005 3909 3171 3969 πολὺς
3199 3908 3619 3979 ἐναποκείμενος
3646 3909 3766 3970 ταῖς
3801 3907 3852 3978 Γι

2397 3997 2495 4050 καὶ
2519 3997 2577 4048 ἐν
2610 3994 2689 4064 τῷ
2713 3993 2866 4063 βάθει
2887 3993 2905 4032 τ
2939 3992 3337 4064 κρυπτόμενος,
3353 3989 3442 4043 διὰ
3459 3989 3618 4042 τοῦτο
3638 3988 3852 4060 ἐρεύνης

2399 4081 2487 4133 ίνα
2521 4078 2620 4151 τὴν
2653 4079 2882 4149 δύναμιν
2911 4076 3012 4148 τὴν
3031 4078 3090 4130 ἐν
3115 4074 3195 4147 τῷ
3226 4074 3381 4145 βάθει
3406 4072 3790 4144 κρυπτομένην
3820 4090 3852 4124 κ

2399 4162 2602 4226 θόντες,
2639 4161 2838 4216 πολλὴν
2868 4160 3076 4214 ἐκεῖθεν
3097 4161 3196 4231 τὴν
3219 4157 3486 4228 ὠφέλειαν
3515 4156 3695 4226 εὑρεῖν
3722 4155 3852 4226 δυνη

2398 4246 2498 4299 Διά
2525 4245 2634 4318 γὰρ
2665 4245 2823 4300 τοῦτο
2850 4245 2945 4300 καὶ
2973 4243 3073 4308 τάς
3105 4241 3310 4315 ἀρετὰς
3341 4241 3449 4295 τῶν
3479 4239 3703 4295 δικαίων
3737 4240 3852 4293 ἀπά

2397 4329 2492 4383 τοῦ
2540 4329 2855 4400 Πνεύματος
2888 4327 3046 4399 χάρις
3076 4325 3264 4398 Γραφῇ
3306 4323 3676 4395 παραδοθῆναι
3725 4323 3852 4394 ᾡκοι

2400 4412 2486 4466 ἶνα
2519 4414 2680 4485 ἡμεῖς
2711 4411 2922 4482 ἔχωμεν
2950 4410 3174 4481 διηνεκῆ
3198 4407 3567 4473 διδασκαλίαν,
3609 4406 3704 4461 καὶ
3735 4405 3852 4477 πρὸ‹

2399 4497 2491 4550 καὶ⁹
2527 4496 2758 4566 μίμησιν
2790 4493 2899 4548 τῶν
2925 4493 3149 4548 δικαίων
3175 4493 3266 4547 τδν
3291 4491 3498 4546 ἑαυτῶν
3530 4491 3643 4561 βίον
3671 4491 3847 4544 οίκονο

2413 4577 2760 4647 Ἀκούσωμεν
2789 4577 2968 4631 τοίνυν
2996 4575 3094 4646 τῆς
3131 4574 3283 4637 θείας
3318 4573 3564 4644 Γραφῆς,
3605 4572 3659 4625 τί
3693 4573 3786 4625 καὶ
3825 4588 3852 4623 σ

2398 4662 2531 4734 ἡμῖν
2571 4659 2699 4731 περί¹
2734 4658 2827 4713 τοῦ
2869 4659 3206 4730 πατριάρχου
3249 4656 3612 4728 διηγήσασθαι
3645 4653 3852 4724 βούλετι

2397 4745 2668 4810 ἐκίνησε,
2701 4743 2886 4812 φησὶν,
2921 4741 3162 4808 ἐκεῖθενΔ
3196 4741 3452 4810 Ἀϐραὰμ
3477 4741 3564 4806 εις
3595 4738 3714 4809 γῆν
3734 4738 3846 4805 πρὸ

2398 4827 2495 4882 καί
2527 4825 2766 4893 ᾤκησεν
2793 4826 2909 4879 ἀνὰ
2929 4828 3125 4894 μέσον
3147 4823 3367 4893 Κὰδης,
3397 4824 3492 4878 καὶ
3517 4825 3635 4878 ἀνὰ
3667 4823 3852 4892 μέσον

2400 4908 2498 4963 καὶ
2528 4904 2886 4975 παρῴκησεν
2927 4909 2996 4960 ἐν
3045 4906 3349 4977 Γεράροις.
3398 4907 3507 4960 Καὶ
3556 4905 3825 4971 ἐκίνησε,

2395 4989 2643 5044 ἐκεῖθεν.
2703 4988 2874 5043 Πόθεν
2926 4989 3210 5063 ἑκίνησεν;
3276 4989 3407 5042 Ἀπὸ
3459 4987 3551 5042 τοῦ
3603 4988 3770 5040 τόπου
3818 4984 3852 5036 ξ’

2400 5071 2848 5144 ἑνσκηνούμενος,
2896 5073 3028 5126 ὅπου
3073 5074 3165 5127 καὶ
3208 5075 3298 5126 τὸν
3347 5074 3455 5126 τῶν
3499 5071 3752 5126 ἁπάντων
3793 5073 3852 5122 As

2401 5157 2540 5226 μετά
2577 5156 2686 5209 τῶν
2720 5157 2966 5225 ἀγγέλων
2998 5156 3354 5221 ὐποδέξασθαι
3407 5155 3740 5227 κατηξιώθη.
3790 5155 3846 5207 ‘E

2399 5238 2552 5310 φησὶ,
2586 5241 2834 5311 κινήσας,
2858 5238 3224 5310 Παρῴκησεν
3250 5241 3319 5294 ἐν
3347 5241 3809 5311 Γεράροις.Ὂρα
3843 5256 3852 5271 ν

2399 5323 2568 5376 καίων
2596 5325 2694 5394 τὴν
2724 5321 2995 5394 διαγωγὴν
3021 5363 3036 5388 ,
3079 5325 3226 5386 ὅπως
3257 5319 3325 5395 ἦν
3362 5323 3760 5395 συνεσταλμένη
3806 5341 3852 5375 κε

2399 5402 2780 5473 έριττος,ὅπως
2799 5406 2914 5476 μετ’
2933 5405 3180 5469 εὐκολίας
3205 5407 3303 5470 τὰς
3322 5407 3740 5478 μεταναστάσεις
3762 5407 3852 5458 ἐπε

2399 5488 2491 5540 καὶ
2520 5488 2767 5560 καθάπερ
2795 5490 2844 5541 οί
2877 5488 3126 5558 πάροικοι
3175 5491 3267 5542 καὶ
3318 5489 3718 5560 -παρεπίδημοι,
3773 5487 3852 5542 οὔτ

2397 5569 2606 5624 ἑαυτῶν
2647 5571 2760 5641 βίον
2811 5571 3142 5641 ᾠκονόμουν,
3197 5573 3291 5627 καὶ
3325 5575 3458 5628 ποτέ
3509 5575 3610 5645 μὲν
3647 5567 3790 5634 ὧδε.
3841 5587 3852 5624 1

2438 5661 2491 5738 ’ά
2514 5663 2664 5738 Βενὶι.
2687 5669 2768 5738 ,ει
2809 5663 3162 5738 (ιυὶόήοιηηιηεε.
3197 5668 3338 5738 κόρος
3377 5665 3852 5738 λυμαίνεται.ηΜοΓρ]

2395 5726 2534 5787 κόρος
2552 5726 2880 5787 ὑποτέμνεται.
2908 5726 3142 5787 ὃιιξὶιίυιη
3191 5726 3312 5787 item
3343 5737 3395 5777 et
3430 5726 3545 5777 mss.
3589 5729 3786 5779 codices
3806 5739 3852 5776 se

2395 5785 2538 5844 infra,
2562 5786 2643 5835 ubi
2667 5785 2793 5846 apud
2823 5785 3079 5832 Morelium
3103 5785 3262 5837 series
3278 5791 3604 5840 interlurbala
3631 5795 3753 5839 erat.

2465 5862 2489 5890 ο
2508 5849 2544 5896 Α
2556 5848 2606 5896 lii
2623 5846 2869 5894 τοσούτων
2886 5847 3089 5906 γνησίων
3122 5849 3243 5896 διαλ.

2467 5907 2662 5975 [SayiL
2690 5914 2744 5956 ει
2759 5907 2954 5975 quidam
2998 5921 3115 5975 ιηβε.
3149 5911 3345 5973 Γραφάς·
3388 5913 3549 5970 ἐπειδὴ
3580 5913 3660 5962 καὶ
3683 5913 3852 5975 θησαυε

2394 5971 2546 6029 πυλὺ(
2559 5970 2918 6032 ἑναποκείμενος
2937 5971 3015 6020 καὶ
3038 5971 3085 6022 ἐν
3107 5970 3350 6039 τῲήβάθει,
3373 5981 3469 6024 etc.
