4084 6214
238 338 344 397 ιιδ

238 453 337 509 bus
352 447 679 521 profugeret,
692 441 949 502 castitatis
965 447 1141 496 autem
1164 437 1529 493 indumentum
1551 434 1821 491 servaret?

240 545 563 611 Licebatque
592 539 770 595 videre
797 550 908 591 rem
935 548 1125 588 novam
1143 540 1197 585 et
1216 527 1604 591 admirabilem,
1631 540 1825 597 agnum

240 638 293 690 in
323 631 451 704 lupi,
490 634 598 687 imo
623 632 805 685 temore
831 642 1033 697 ungues
1055 624 1325 689 incidisse,
1348 631 1404 679 et
1426 621 1627 677 servari
1650 629 1826 676 tamen

239 726 518 798 potuisse:
567 731 621 778 et
664 722 802 777 sicut
830 718 1075 774 columba
1106 717 1301 785 aquila:
1330 715 1581 769 damnum
1611 713 1823 782 effugit,

242 820 314 875 ita
335 830 388 873 et
416 817 586 887 justus
613 813 682 868 ab
723 812 863 867 illius
907 808 1151 865 manibus
1177 808 1364 862 ev..sit.
1397 806 1511 860 Non
1555 804 1632 859 sic
1658 803 1828 858 admi-

245 910 410 965 rabile
457 907 582 961 mihi
626 904 836 959 videtur
877 917 1018 965 esse,
1067 908 1175 955 tres
1205 913 1397 968 pueros
1429 897 1547 951 illos
1574 897 1626 950 in
1648 894 1826 949 medio

242 999 571 1072 Babylonica
619 994 848 1051 fornacis
883 993 1059 1063 ignem
1098 990 1290 1045 vicisse
1312 989 1330 1061 (
1354 988 1491 1043 Dan.
1515 989 1614 1057 3),
1643 987 1827 1042 illaesis

236 1108 423 1149 eorum
467 1090 802 1159 corporibus,
846 1096 903 1141 ut
949 1084 1191 1140 mirabile
1211 1092 1266 1138 et
1289 1098 1470 1137 rarum
1495 1089 1595 1145 est,
1622 1081 1824 1149 justum

235 1186 431 1251 istum,_
467 1185 557 1253 qui
581 1183 631 1236 in
676 1181 943 1235 fornacem
989 1179 1127 1233 hanc
1156 1176 1472 1248 Babylonica
1516 1176 1684 1232 multo
1706 1191 1827 1247 gra-

232 1280 459 1344 viorem,
506 1277 560 1331 in
602 1273 1063 1340 incontinentiam,
1107 1272 1343 1343 inquam,
1400 1269 1668 1341 IEgyptia:
1696 1269 1827 1324 inci-

231 1369 424 1433 disset,
476 1368 728 1422 intactum
770 1364 1150 1435 permansisse,
1196 1376 1435 1432 puroque
1459 1360 1721 1414 castitatis
1750 1359 1828 1412 in-

232 1459 494 1514 dumento
514 1467 749 1522 servato,
767 1456 983 1511 exiisse.
1013 1454 1080 1508 Et
1104 1469 1169 1507 ne
1192 1453 1423 1517 mireris,
1445 1451 1638 1505 dilecte
1664 1467 1677 1503 :
1704 1449 1825 1518 quia

231 1552 377 1605 enim
405 1549 547 1621 quod
573 1564 729 1603 suum
762 1557 876 1602 erat
923 1545 1119 1607 attulit,
1151 1543 1334 1596 habuit
1374 1555 1658 1609 supernam
1706 1554 1826 1609 gra-

234 1641 360 1695 tiam
408 1641 686 1705 comitem,
718 1652 839 1707 quae
882 1635 1185 1689 incendium
1213 1631 1340 1687 illud
1368 1632 1741 1701 restingueret,
1773 1639 1828 1685 et

232 1730 285 1786 in
318 1732 492 1787 media
523 1732 739 1787 fornace
771 1743 947 1783 rorem
978 1725 1208 1794 Spiritus
1232 1726 1403 1778 daret.
1447 1722 1665 1778 Vidistis
1694 1740 1827 1793 quo-

230 1824 395 1879 modo
416 1824 517 1879 viri
538 1824 734 1875 virtute
760 1818 987 1888 pra-diti,
1017 1827 1069 1872 et
1089 1832 1209 1872 cum
1237 1816 1323 1870 hic
1337 1816 1512 1869 adhuc
1536 1825 1827 1884 praesentes

226 1923 381 1979 sunt,
425 1922 477 1966 et
526 1920 647 1981 post
686 1909 1053 1979 migrationem
1081 1922 1145 1961 ex
1179 1907 1277 1960 hac
1305 1907 1429 1971 vita,
1458 1920 1661 1974 magna:
1689 1904 1828 1957 utili-

230 2007 360 2061 tatis
388 2014 641 2059 auctores
668 2001 823 2056 nobis
862 2000 1008 2054 sint?
1054 2000 1228 2068 Atque
1258 1997 1327 2051 ob
1352 2012 1469 2052 eam
1500 2010 1715 2051 causam
1744 1995 1828 2064 ju-

227 2103 375 2151 stum
410 2094 558 2148 illum
583 2093 635 2147 in
665 2091 899 2146 medium
925 2089 1264 2152 adduximus,
1294 2096 1353 2141 ut
1372 2102 1494 2142 eum
1521 2100 1710 2140 omnes
1737 2101 1824 2140 se-

225 2200 483 2258 qnnmnr.
518 2184 669 2237 llunc
692 2182 849 2252 igitur
870 2196 1059 2235 omnes
1076 2180 1364 2244 imitemur,
1388 2179 1830 2248 etconcupiscen—

231 2282 336 2337 tias
361 2286 572 2331 nostras
590 2275 884 2339 vincamus,
913 2274 1250 2343 scientesque
1269 2272 1419 2339 illud,
1453 2272 1569 2326 Non
1595 2282 1666 2326 est
1686 2272 1828 2326 nobis

230 2384 404 2439 pugna
447 2365 687 2419 adversus
732 2366 1027 2435 sanguinem
1068 2375 1114 2419 et
1167 2380 1400 2427 carnem,
1452 2364 1542 2418 sed
1591 2365 1828 2418 adversus

232 2460 545 2529 principatus
568 2468 615 2511 et
642 2466 927 2527 potestates,
955 2457 1196 2511 adversus
1225 2457 1404 2509 mundi
1433 2467 1647 2509 rectores
1688 2464 1827 2509 tene-

230 2554 435 2605 brarum
481 2550 633 2622 hujus
685 2549 859 2603 παιιί
905 2548 1145 2621 (Ephcs.
1195 2546 1411 2619 6.12),
1456 2547 1533 2601 sic
1560 2562 1656 2601 nos
1684 2549 1827 2617 ipsos

230 2659 539 2699 armemus:
569 2651 624 2698 et
664 2643 984 2712 cogitantes,
1032 2655 1140 2695 non
1182 2654 1410 2709 corpore
1446 2639 1823 2705 circumdatos,

231 2737 487 2791 adversus
510 2737 851 2805 incorporeas
877 2734 994 2804 cogi
1023 2733 1249 2789 virtutes
1272 2740 1497 2798 certare,
1523 2737 1827 2787 munianmr

228 2830 398 2884 armis
442 2829 826 2899 spiritualibus.
875 2827 1099 2896 Propter
1128 2825 1231 2879 hoc
1257 2826 1399 2879 enim
1431 2824 1686 2894 benignus
1716 2826 1824 2879 Do-

228 2922 432 2985 minus,
465 2920 589 2990 quia
613 2934 776 2974 carne
806 2918 982 2973 vestiti
1022 2931 1230 2981 sumus,
1260 2924 1315 2970 et
1342 2925 1424 2971 est
1452 2915 1606 2970 nobis
1632 2916 1824 2970 adver-

227 3028 325 3068 sus
372 3011 670 3067 invisibiles
716 3010 940 3064 virtutes
987 3018 1280 3073 certamen,
1332 3007 1616 3062 invisibilia
1671 3007 1826 3063 nobis

228 3102 555 3176 praeparavit
577 3115 748 3168 arma,
795 3108 855 3155 ut
878 3099 1076 3154 auxilio
1103 3114 1374 3154 armorum
1409 3106 1610 3153 natura:
1638 3098 1828 3154 adver-

227 3196 405 3250 sarios
452 3207 838 3263 cxpugnemus.
885 3191 1029 3246 Bene
1081 3191 1240 3261 igitur
1280 3190 1507 3246 fidentes
1552 3206 1823 3245 armorum

230 3289 504 3361 potentizc,
555 3286 696 3357 quod
739 3301 769 3339 a
802 3285 955 3340 nobis
983 3293 1066 3339 est
1096 3284 1404 3345 aiferamus,
1452 3294 1504 3338 et
1533 3283 1825 3353 poterimus

232 3384 331 3439 hac
357 3381 616 3452 spirituali
644 3388 911 3434 armatura
943 3378 1151 3443 muniti,
1181 3377 1351 3447 ipsam
1398 3377 1591 3431 diaboli
1632 3374 1822 3431 faciem

232 3476 411 3530 ferire.
460 3472 645 3542 Neque
687 3470 831 3526 enim
872 3470 1012 3524 ferre
1052 3469 1249 3538 poterit
1288 3468 1543 3539 fulgorem
1572 3468 1662 3537 qui
1696 3467 1820 3523 inde

228 3565 521 3636 egreditur,
564 3562 659 3619 sed
700 3564 799 3618 etsi
840 3570 1065 3617 conetur
1092 3570 1236 3615 stare
1273 3575 1337 3614 ex
1368 3560 1614 3624 adverso,
1643 3562 1820 3614 statim

228 3658 605 3716 evcatc'ibitnr.
632 3655 734 3711 Ubi
772 3656 914 3710 enim
945 3652 1272 3708 continentia
1302 3662 1356 3706 et
1392 3651 1662 3714 honesms,
1689 3651 1822 3706 alia-

229 3765 455 3820 rumque
499 3748 749 3802 virtutum
796 3758 1110 3809 concursus,
1154 3743 1280 3797 illuc
1324 3752 1378 3796 et
1420 3743 1560 3811 larga
1592 3742 1823 3812 Spiritus

227 3841 395 3911 gratia
444 3836 676 3890 advolat.
724 3834 1061 3902 Quapropter
1102 3832 1299 3885 Paulus
1344 3831 1592 3885 dicebat:
1636 3831 1824 3884 Pacem

228 3928 483 3984 sectamini
507 3943 623 3980 cum
652 3924 902 3989 omnibus,
924 3933 972 3977 et
1012 3922 1462 3990 sanctiﬁcationem
1490 3922 1509 3991 (
1536 3920 1695 3974 Hebr.
1731 3921 1818 3978 12.

234 4024 342 4091 Μ).
376 4020 722 4076 Ριιτίῐὶεθιηυε
749 4014 1177 4087 igitur,obsecro,
1203 4013 1562 4069 conscientias
1590 4023 1823 4084 nostras,

228 4126 281 4170 et
309 4124 649 4182 extergamns
694 4119 932 4165 mentem
981 4119 1264 4163 nostram:
1315 4120 1373 4163 ut
1413 4108 1560 4163 omni
1606 4109 1822 4164 sordida

229 4204 548 4274 cogitatione
596 4201 830 4267 liberati,
874 4198 1105 4268 Spiritus
1130 4197 1350 4268 gratiam
1382 4199 1534 4253 nobis
1568 4199 1823 4254 concilie-

234 4311 373 4355 mus.
406 4306 825 4363 supercmusque
867 4290 1062 4346 diaboli
1109 4289 1554 4356 machinationes,
1602 4305 1665 4345 ac
1703 4306 1820 4345 nte-

230 4402 443 4443 reamur
464 4384 817 4439 iucll’abilibus
850 4383 952 4437 illis
976 4384 1128 4438 bonis
1156 4382 1279 4449 frui,
1308 4382 1474 4452 gratia
1506 4391 1559 4435 et
1584 4381 1823 4452 benigni-

233 4489 337 4534 tate
384 4476 596 4532 Domini
642 4476 811 4530 nostri
859 4475 983 4530 Jesu
1022 4476 1242 4540 Christi,
1288 4477 1371 4528 cui
1419 4490 1539 4530 cum
1587 4475 1742 4529 Patre
1769 4484 1824 4530 et

232 4582 417 4627 sancto
437 4569 637 4638 Spiritu
662 4568 934 4637 sitgloria,
963 4583 1105 4623 nunc
1132 4577 1188 4623 et
1215 4582 1449 4638 semper,
1472 4578 1526 4623 et
1546 4569 1597 4623 in
1626 4570 1821 4624 smeula

231 4663 570 4720 smculorum.
600 4660 795 4715 Amen.

788 4830 1061 4887 IlOMllJA
1104 4832 1265 4889 XLV.

238 4994 303 5048 Et
328 4993 479 5047 movit
522 4991 663 5045 illinc
702 4987 958 5042 Abraham
1001 4986 1052 5039 in
1081 4995 1263 5040 terram
1288 5001 1456 5041 versus
1492 4988 1742 5059 africum,
1774 4997 1822 5040 et

313 5084 542 5140 habitavit
580 5083 709 5135 inter
728 5078 912 5142 Cudes,
939 5086 989 5129 et
1011 5078 1145 5130 inter
1174 5074 1299 5143 Sor,
1332 5086 1375 5131 et
1403 5081 1697 5148 peregrinus
1726 5079 1822 5149 fuit

303 5176 355 5229 in
383 5173 587 5227 Geraris
616 5170 765 5243 (Gen.
793 5169 885 5225 20.
918 5170 994 5241 Ι).

308 5310 359 5365 i.
383 5306 621 5370 Gaudeo,
644 5321 764 5361 cum
786 5321 878 5362 vos
903 5305 1209 5375 frequenter
1232 5302 1387 5359 video
1414 5303 1481 5358 ad
1511 5305 1821 5360 concionem

268 5416 534 5465 ccnrrerc,
550 5413 614 5454 ac
630 5414 816 5468 magna
839 5414 960 5452 cum
978 5399 1245 5468 voluptate
1265 5396 1562 5451 doctrinam
1586 5406 1823 5452 nostram

234 5494 547 5563 suscipere;
598 5490 821 5560 ideoque
870 5491 921 5543 in
950 5489 1067 5544 dies
1092 5488 1277 5557 majori
1317 5487 1590 5542 alacritate
1623 5501 1823 5557 paupe-

236 5594 347 5637 rem
381 5584 517 5637 hanc
540 5591 776 5637 nostram
800 5590 854 5637 et
885 5592 1096 5635 tenuem
1121 5594 1357 5634 mensam
1384 5578 1535 5634 vobis
1553 5592 1823 5648 apponere

238 5675 446 5731 studeo.
497 5673 682 5727 Vestra
724 5675 868 5729 enim
907 5674 1147 5729 ciborum
1192 5672 1475 5728 immodica
1519 5673 1822 5744 appetentia

241 5776 435 5821 mensa:
485 5775 682 5821 nosme
728 5764 985 5823 vilitatem
1030 5763 1253 5839 obtegit,
1302 5780 1572 5837 parvaque
1617 5764 1740 5821 facit
1765 5774 1821 5821 ut

1266 320 1333 378 IN
1370 320 1523 378 CAP.
1566 318 1686 376 XX.
1724 316 1967 377 GENES.
2008 318 2240 379 HOMIL.
2282 320 2446 381 XLV.

3404 330 3515 391 ΔΗ

1940 448 2131 506 magna
2173 446 2503 508 appareant:
2533 438 2587 495 id
2628 439 2771 511 quod
2815 448 2870 497 et
2892 440 2946 498 in
2972 442 3311 503 sensibilibus
3333 449 3524 507 eduliis

1933 528 2117 585 videre
2142 527 2286 584 licet.
2314 528 2445 585 Nam
2475 531 2613 587 sicut
2639 546 2761 587 cum
2788 533 3007 589 satiatos
3034 536 3155 607 quis
3172 537 3370 609 excipit
3396 556 3522 597 con-

1932 623 2103 687 vivas,
2144 622 2270 678 licet
2319 637 2510 694 magna
2551 634 2969 695 sumptuosaque
3008 638 3241 698 apponat
3289 632 3522 702 fercula,

1934 711 2149 767 illorum
2196 713 2444 769 satietate
2488 715 2745 771 minuitur
2787 717 3151 787 appositorum
3196 723 3433 791 lautitia;
3472 738 3521 782 et

1934 817 2127 873 magna
2168 819 2568 876 nonnumquam
2614 807 2812 862 nullius
2838 808 3088 864 videntur
3131 816 3409 883 momenti,
3459 833 3520 872 ec

1932 894 2074 964 quod
2129 897 2377 951 conviva:
2423 896 2625 967 absque
2656 898 2847 955 edendi
2877 901 3130 957 aviditate
3155 904 3520 965 advenerunt:

1932 983 2005 1039 ita
2044 994 2228 1040 contra
2269 988 2313 1042 si
2356 988 2475 1059 quis
2518 990 2790 1047 famelicos
2826 993 3079 1064 suscipiat
3116 1004 3171 1049 et
3200 998 3516 1062 esurientes,

1933 1075 2060 1132 licet
2089 1077 2195 1133 illis
2218 1087 2430 1135 tenuem
2461 1092 2722 1152 proponat
2745 1099 3008 1149 mensam,
3038 1086 3313 1154 Splendida
3346 1097 3523 1144 tamen

1934 1167 2026 1223 illa
2070 1170 2347 1241 apparebit
2393 1173 2653 1240 convivis,
2697 1175 2861 1229 multa
2901 1190 3018 1230 cum
3049 1178 3319 1249 voluptate
3364 1188 3524 1249 atque

1933 1262 2188 1319 aviditate
2231 1266 2473 1334 apposita
2523 1267 2948 1322 comedentibus.
3001 1270 3092 1325 Sic
3147 1280 3202 1325 et
3242 1287 3339 1328 nos
3386 1272 3525 1329 bene

1934 1355 2163 1410 fidentes
2210 1357 2469 1426 spirituali
2515 1366 2697 1413 vestro
2742 1359 3039 1429 appetitui,
3091 1376 3195 1416 non
3244 1378 3526 1433 gravamur

1934 1460 2223 1516 pauperem
2249 1456 2305 1502 et
2324 1448 2480 1502 vilem
2510 1449 2645 1504 hanc
2673 1466 2913 1506 mensam
2936 1461 3127 1507 vestra:
3155 1454 3359 1508 caritati
3389 1457 3526 1509 assi—

1933 1539 2040 1594 due
2069 1555 2358 1611 apponere.
2404 1542 2518 1598 Hoc
2556 1553 2609 1598 et
2647 1544 2861 1614 sapiens
2887 1546 3102 1615 quidam
3130 1547 3375 1602 dicebat:
3410 1548 3527 1603 Mc-

1933 1634 2033 1688 lius
2076 1644 2148 1688 est
2192 1637 2474 1690 convivium
2521 1638 2712 1691 olerum
2742 1654 2855 1691 cum
2900 1640 3131 1702 caritate,
3161 1656 3310 1710 quam
3346 1641 3434 1695 bos
3464 1642 3528 1696 de

1934 1728 2181 1797 prasepio
2226 1744 2339 1780 cum
2369 1728 2485 1781 odio
2518 1726 2697 1799 (Prov.
2725 1729 2813 1784 15.
2839 1729 2930 1799 i7)
2956 1749 2968 1783 :
3002 1746 3109 1800 quo
3134 1731 3309 1796 docet,
3336 1734 3528 1787 carita-

1934 1824 2039 1871 tem
2068 1816 2225 1871 aliter
2251 1817 2433 1872 videre
2460 1820 2723 1887 apposita,
2758 1820 3003 1889 illiusque
3023 1821 3191 1876 oculis
3214 1821 3335 1875 vilia
3362 1837 3528 1891 appa—

1932 1922 2053 1961 rere
2081 1921 2143 1962 ea
2188 1923 2306 1976 qua:
2346 1919 2654 1977 sumptuosa
2704 1921 2847 1975 sunt,
2880 1922 2932 1966 et
2957 1927 3120 1982 parva
3154 1927 3271 1982 qua:
3312 1928 3521 1983 magna.

2002 1996 2264 2050 Auditoris
2287 1997 2627 2051 benevolentia
2650 2001 2951 2054 necessaria.
2975 2000 3180 2068 -—Quid
3211 2003 3367 2072 igitur
3394 2003 3525 2058 bcao

1933 2087 2038 2143 tius
2089 2088 2242 2143 nobis
2291 2090 2378 2157 qui
2435 2090 2573 2159 apud
2620 2100 2694 2145 tot
2739 2093 3029 2157 auditores,
3062 2104 3276 2166 tamque
3320 2097 3529 2151 ferven-

1933 2180 1971 2235 ti
2010 2190 2064 2235 et
2118 2181 2344 2236 sollicita
2396 2182 2618 2237 caritate
2676 2186 2926 2252 praiditos
2975 2186 3336 2242 disserimus?
3385 2188 3526 2243 Nihil

1932 2271 2075 2325 enim
2116 2279 2392 2341 tant0pere
2435 2273 2632 2329 dicenti
2686 2275 3047 2330 necessarium
3098 2286 3220 2342 est,
3276 2287 3333 2332 ut
3376 2278 3529 2333 audi-

1934 2364 2066 2418 toris
2117 2363 2509 2424 benevolentia.
2552 2366 2989 2436 Quandoquidem
3037 2383 3157 2422 cum
3202 2368 3347 2424 videt
3374 2369 3525 2423 audi-

1934 2463 2078 2509 tores
2108 2454 2315 2511 fervere
2340 2457 2629 2523 desiderio,
2673 2459 2913 2514 firmatur
2941 2470 2997 2514 et
3022 2458 3158 2531 ipse,
3186 2470 3241 2516 et
3274 2476 3525 2532 magnum

1932 2559 2077 2615 saepe
2120 2546 2304 2611 robur,
2359 2556 2417 2602 ut
2469 2549 2540 2602 ita
2592 2550 2787 2614 dicam,
2842 2551 3054 2620 accipit,
3110 2553 3287 2608 sciens
3326 2564 3528 2624 quanto

1929 2640 2380 2709 sumptuosiorem
2428 2656 2667 2697 mensam
2710 2643 3040 2712 spiritualem
3076 2646 3347 2714 proponit,
3381 2656 3529 2701 tanto

1930 2729 2188 2799 majorem
2213 2730 2312 2785 sibi
2338 2732 2546 2801 copiam
2574 2732 2852 2788 accedere.
2885 2733 3053 2789 Secus
3079 2734 3221 2790 enim
3244 2750 3303 2791 se
3330 2735 3522 2793 habent

1930 2821 2224 2890 sensibilia,
2253 2838 2414 2893 quam
2442 2824 2755 2893 spiritualia.
2778 2825 2889 2881 lllic
2917 2826 3059 2881 enim
3087 2842 3287 2881 mensa:
3309 2828 3527 2898 largitas

1929 2922 2202 2982 sumptum
2256 2915 2418 2984 parit,
2469 2925 2525 2970 et
2569 2915 2871 2970 convivium
2918 2916 3220 2971 eshibcntis
3261 2918 3527 2977 imminuit

1929 3005 2319 3069 substantiam;
2352 3007 2438 3063 hic
2465 3018 2643 3064 autem
2669 3010 2892 3064 omnino
2915 3010 3088 3076 aliter,
3118 3020 3317 3081 quanto
3348 3011 3529 3081 plures

1929 3108 2056 3154 sunt
2100 3099 2407 3169 participes,
2455 3109 2603 3156 tanto
2643 3101 2760 3170 plus
2805 3101 3102 3156 substantia
3130 3110 3309 3157 nostra
3338 3118 3525 3157 accre-

1928 3192 2053 3245 scit.
2094 3190 2277 3259 Neque
2307 3192 2450 3246 enim
2483 3200 2665 3247 nostra
2694 3192 2941 3259 dicimus,
2972 3192 3067 3249 sed
3113 3208 3174 3248 ea
3206 3209 3326 3264 qna:
3354 3193 3405 3248 in
3434 3210 3525 3249 ve-

1928 3294 2095 3340 stram
2146 3286 2423 3340 utilitatem
2469 3285 2561 3341 Dei
2610 3287 2779 3357 gratia
2826 3302 2923 3357 per
2951 3301 3101 3341 suam
3142 3287 3523 3357 benignitatem

1928 3376 2254 3447 suppeditat.
2303 3376 2416 3446 Age
2448 3376 2626 3447 igitur,
2675 3377 2797 3447 quia
2845 3392 2967 3433 cum
2999 3386 3143 3432 tanta
3167 3378 3441 3433 alacritate
3472 3387 3527 3433 ct

1930 3478 2073 3522 tanta
2133 3468 2313 3523 lzetitia
2362 3468 2430 3523 ad
2482 3468 2807 3524 audiendum
2855 3468 3130 3536 acceditis,
3178 3469 3369 3525 iterum
3409 3469 3522 3540 jam

1928 3558 2067 3615 lecta
2092 3560 2423 3628 indagemus,
2452 3569 2507 3616 et
2535 3560 2674 3630 quod
2703 3559 2823 3615 inde
2850 3560 3095 3630 provenit
3123 3560 3327 3615 lucrum
3351 3563 3525 3631 perci-

1928 3651 2157 3719 piamus.
2198 3650 2329 3705 Natn
2378 3652 2527 3720 quia,
2556 3650 2846 3706 secundum
2875 3665 3119 3720 magnam
3158 3651 3300 3707 illam
3330 3651 3525 3707 exhor-

1929 3741 2183 3795 tationem
2206 3740 2403 3795 (lhristi
2424 3728 2675 3807 dicentis,»
2702 3740 3015 3795 Scrutamini
3032 3740 3326 3810 Scriptaras
3342 3740 3521 3809 (Joan.

1928 3830 1981 3884 5.
2009 3830 2122 3897 59),
2157 3828 2439 3883 thesaurus
2458 3845 2681 3898 magnus
2699 3831 2751 3884 in
2780 3829 3070 3898 Scriptnris
3095 3838 3177 3884 est
3195 3830 3521 3893 reconditus,

1929 3930 1984 3975 et
2028 3919 2084 3973 in
2129 3916 2395 3990 profundo
2436 3917 2609 3973 latet:
2638 3918 2839 3973 ideirco
2882 3919 3212 3974 scrutatione
3260 3934 3416 3991 opus,
3465 3931 3523 3977 ut

1927 4026 2049 4067 cum
2097 4010 2444 4065 didicerimus
2492 4010 2740 4064 virtutem
2770 4024 2889 4080 qua:
2919 4008 2973 4063 in
3018 4008 3286 4081 profundo
3314 4010 3523 4066 occulta

1925 4112 2030 4167 est,
2063 4103 2287 4158 multam
2314 4101 2437 4157 inde
2466 4102 2748 4157 utilitatem
2794 4102 3088 4174 decerpere
3122 4117 3400 4173 queamus.
3433 4103 3526 4159 Et-

1928 4196 2070 4251 enim
2123 4204 2402 4266 propterea
2436 4200 2699 4265 justorum
2731 4197 2971 4251 omnium
3020 4197 3261 4261 virtutes,
3294 4196 3525 4267 Spiritus

1928 4288 2099 4343 sancti
2130 4289 2298 4359 gratia
2324 4298 2380 4342 et
2405 4289 2827 4359 dispensatione,
2859 4289 2911 4343 in
2955 4289 3242 4357 Scripturis
3267 4298 3392 4344 sunt
3416 4297 3524 4345 ira-

1930 4380 2075 4448 ditce,
2111 4392 2167 4435 ut
2191 4396 2287 4436 nos
2311 4383 2615 4437 continuam
2645 4381 2903 4437 habentes
2926 4382 3243 4447 doctrinam,
3267 4381 3333 4436 ad
3359 4398 3525 4436 :emn-

1930 4473 2182 4529 lationem
2214 4468 2293 4529 et
2354 4475 2703 4530 imitationem
2747 4475 3015 4544 justorum
3066 4476 3228 4528 vitam
3284 4483 3522 4530 nostram

1930 4564 2288 4619 instituamus.
2338 4564 2632 4621 Audiamus
2675 4566 2834 4637 igitur
2876 4566 3111 4621 divinam
3164 4566 3519 4636 Scripturam,

1927 4657 2055 4727 quid
2110 4668 2165 4712 et
2217 4658 2375 4714 hodie
2424 4661 2579 4715 nobis
2622 4660 2690 4716 de
2723 4660 3015 4730 patriarcha
3046 4675 3265 4716 narrare
3291 4662 3439 4716 velit.
3469 4662 3521 4715 i.

1929 4752 2079 4820 (Cap.
2102 4752 2192 4819 20)
2211 4751 2275 4805 Et
2298 4755 2468 4818 movit,
2496 4754 2683 4824 inquit,
2708 4755 2849 4808 illinc
2865 4754 3118 4807 Abraham
3136 4754 3187 4807 in
3205 4742 3390 4808 terram
3411 4769 3525 4807 ver-

1927 4860 2015 4897 sas
2035 4844 2270 4912 africum,
2295 4854 2342 4898 et
2370 4844 2605 4899 habitavit
2627 4844 2755 4898 inter
2779 4843 2939 4899 Gades
2966 4854 3012 4897 et
3040 4846 3170 4897 inter
3196 4843 3321 4908 Sur,
3352 4852 3396 4896 et
3417 4858 3526 4910 per-

1927 4936 2130 5003 egrinus
2161 4936 2257 5005 fuit
2295 4936 2346 4988 in
2388 4933 2611 4988 Geraris.
2646 4934 2713 4988 Et
2738 4935 2889 4988 ntovit
2910 4974 2925 4998 ,
2954 4933 3156 5003 inquit,
3186 4932 3344 4985 illinc.
3372 4930 3525 4985 Unde

1929 5028 2128 5080 movit?
2169 5027 2209 5080 A
2260 5026 2376 5079 loco
2418 5026 2505 5079 ubi
2537 5026 2935 5080 tabernaculum
2965 5025 3179 5084 ﬁxerat,
3206 5022 3293 5075 ubi
3315 5030 3370 5075 et
3401 5021 3525 5074 uni-

1929 5122 2066 5177 versi
2090 5120 2435 5175 Conditorem
2457 5134 2578 5174 cum
2600 5120 2805 5190 angelis
2830 5118 3103 5187 suscipere
3133 5114 3179 5169 ei
3205 5128 3524 5167 concessum

1928 5212 2043 5267 fuit.
2088 5211 2257 5278 illinc,
2300 5212 2489 5282 inquit,
2536 5226 2658 5267 cum
2682 5211 2953 5275 movisset,
2996 5208 3302 5277 Peregrinus
3327 5204 3423 5274 {uit
3474 5205 3525 5258 in

1930 5304 2155 5359 Geraris.

1999 5396 2217 5449 Abrahte
2236 5396 2462 5450 modesta
2480 5395 2677 5449 vivendi
2713 5392 2940 5446 ratio.-—
2965 5390 3094 5445 Vide
3112 5390 3373 5460 justorum
3398 5388 3523 5443 vita!

1927 5488 2211 5549 rationem,
2228 5502 2383 5556 quam
2395 5494 2666 5541 contracta
2682 5486 2785 5539 illis
2798 5483 2953 5538 fuerit
2970 5493 3023 5537 et
3046 5482 3263 5537 minime
3276 5495 3521 5549 superva-

1928 5594 2030 5635 cua
2044 5578 2278 5648 supellex
2298 5595 2311 5630 :
2328 5575 2595 5645 quomodo
2612 5575 2764 5630 facile
2783 5574 3229 5643 transmigrabant
3254 5572 3523 5640 vitamque

1928 5684 2078 5725 suam
2095 5668 2434 5723 instituebant
2447 5666 2583 5721 sicut
2596 5664 2860 5737 peregrini
2875 5674 2927 5720 et
2937 5663 3177 5728 advenae,
3192 5670 3242 5717 et
3259 5676 3398 5717 nunc
3411 5660 3518 5727 hic,

1930 5777 2073 5820 nunc
2090 5762 2195 5819 illic
2211 5755 2548 5818 tabernacula
2564 5757 2864 5831 erigebant,
2886 5753 3035 5827 quasi
3066 5767 3289 5825 peregre
3322 5748 3524 5828 degen-
