4084 6214
508 419 513 424 ε
564 334 673 393 tis

557 459 661 515 tes;
678 463 785 504 non
810 447 947 504 sicut
972 456 1069 500 nos
1083 440 1323 506 facimus,
1336 439 1425 508 qui
1440 437 1737 492 habitantes
1755 434 1808 493 in
1822 435 2148 492 alienaterta

559 539 711 611 quasi
755 538 808 593 in
839 535 1030 608 patria,
1057 532 1246 587 domos
1264 529 1590 584 exstruimus
1614 525 1949 596 splendidas,
1980 528 2154 599 porti-

559 646 656 687 cus
681 639 736 686 et
773 625 1170 690 deambulacra,
1192 631 1249 677 et
1292 620 1447 675 villas
1492 619 1850 692 possidemus,
1883 628 1937 675 et
1967 618 2152 673 balnea

559 736 806 794 paramus
841 719 1050 788 aliaque
1070 715 1369 770 innumera.
1397 712 1503 768 Sed
1536 712 1657 767 vide
1679 710 1948 782 quomodo
1979 710 2155 782 justus

556 812 904 870 substantiam
944 823 1096 864 suam
1128 810 1182 863 in
1211 806 1513 862 vernaculis
1546 814 1750 859 tantum
1788 812 1837 859 et
1875 803 2156 874 pectrribus

561 904 863 979 possidens,
893 911 949 957 et
976 915 1264 969 numquam
1288 899 1340 953 in
1361 897 1549 953 eodem
1577 898 1695 950 loco
1723 896 2031 965 persistens,
2058 893 2156 947 ali-

556 994 769 1068 quando
796 993 1011 1064 quidem
1042 992 1095 1046 in
1120 990 1308 1047 Betltel
1336 989 1446 1060 figit
1471 987 1835 1052 tabernacula,
1865 986 2153 1057 aliquando

555 1099 733 1142 autem
760 1086 899 1157 apud
921 1099 1175 1156 quercum
1198 1082 1454 1148 Mambre,
1477 1080 1763 1152 aliquando
1786 1080 1837 1134 in
1864 1079 2152 1151 Egyptum

560 1176 860 1241 descendit,
895 1190 1034 1230 nunc
1061 1183 1239 1229 autem
1268 1173 1321 1227 in
1341 1171 1561 1228 Geraris
1594 1171 1988 1226 tabernaculum
2022 1171 2152 1241 figit,

555 1279 612 1325 et
656 1268 837 1324 omnia
883 1268 1041 1323 facile
1084 1265 1334 1329 sustinet,
1377 1271 1690 1335 gratamque
1712 1278 1836 1331 erga
1870 1263 2152 1317 Dominum

557 1367 793 1415 mentem
823 1374 919 1429 per
945 1357 1123 1412 omnia
1150 1354 1433 1411 manifeste
1459 1354 1716 1409 declarat.
1748 1353 1814 1408 Et
1844 1363 1962 1422 post
1983 1364 2156 1409 tantas

560 1451 944 1523 promissiones
991 1465 1110 1520 qua:
1138 1448 1187 1503 ei
1212 1462 1242 1502 a
1284 1447 1394 1501 Deo
1416 1445 1571 1500 facta:
1596 1453 1772 1511 erant,
1796 1444 1986 1499 videns
2014 1460 2073 1500 se
2101 1445 2153 1501 in

560 1542 724 1597 tantis
746 1541 945 1596 versari
984 1538 1406 1604 difficultatibus,
1453 1546 1508 1594 et
1537 1539 1590 1591 in
1619 1537 1794 1591 varias
1813 1536 2156 1607 diversasque

564 1634 888 1687 tentationes
937 1630 1198 1697 incidere,
1242 1629 1395 1700 quasi
1442 1629 1662 1684 adamas
1708 1628 1960 1682 immotus
1984 1628 2155 1698 persi-

560 1724 693 1790 stit;
735 1727 985 1794 piamque
1009 1735 1163 1776 suam
1194 1731 1428 1775 mentem
1454 1718 1764 1784 ostendens,
1790 1718 1951 1773 nullis
1978 1718 2160 1774 obsta-

560 1815 700 1870 culis
728 1814 1081 1885 negligentior
1103 1811 1302 1868 evadit.
1334 1810 1469 1867 Vide
1497 1810 1640 1866 enim
1671 1818 1724 1865 et
1746 1825 1908 1877 nunc,
1936 1809 2149 1875 dilecte,

562 1906 740 1977 qualis
785 1905 1009 1960 tentatio
1052 1920 1176 1960 eum
1205 1905 1257 1958 in
1286 1903 1500 1961 Geraris
1530 1903 1770 1957 invadit:
1802 1912 1857 1959 et
1874 1896 2156 1958 admirare

562 1996 928 2054 fortitudinem
974 2004 1028 2051 et
1056 1996 1306 2050 virtutem
1329 1993 1482 2064 justi,
1513 1993 1782 2064 quomodo
1810 1992 1951 2063 quod
1985 1994 2156 2048 omni-

564 2089 665 2145 bus
704 2087 1062 2154 intolerabile,
1110 2095 1168 2142 et
1212 2087 1353 2155 quod
1401 2099 1577 2156 neque
1619 2085 1839 2140 auribus
1883 2085 2157 2156 suscipere

562 2180 685 2251 quis
718 2180 904 2245 vellet,
933 2178 1035 2233 hoc
1064 2178 1179 2248 ipse
1200 2176 1471 2241 sustinuit,
1503 2190 1607 2231 non
1636 2191 1781 2246 aegre
1823 2174 2025 2243 ferens,
2056 2192 2154 2232 ne-

562 2287 668 2342 que
689 2273 909 2342 exigens
949 2286 979 2324 a
1021 2271 1248 2325 Domino
1278 2269 1538 2329 rationem
1581 2282 1766 2322 eorum
1796 2282 1914 2338 quae
1935 2266 2153 2334 fiebant,

562 2365 701 2420 sicut
729 2364 967 2435 plerique
991 2361 1238 2417 homines
1267 2360 1485 2425 faciunt,
1519 2359 1680 2428 hique
1708 2358 2002 2413 innumeris
2036 2373 2160 2428 pee-

561 2464 805 2511 catorum
855 2453 1081 2509 sarcinis
1125 2453 1315 2523 pressi.
1364 2450 1498 2506 Nam
1543 2465 1663 2504 cum
1710 2452 1761 2505 in
1818 2450 2157 2506 difficultates

564 2545 825 2615 quasdam
871 2543 1177 2606 inciderint,
1218 2541 1398 2595 statim
1445 2538 1869 2604 obmurmurant,
1904 2547 1958 2593 et
1981 2540 2159 2594 curio-

564 2637 677 2691 sius
720 2634 1013 2704 inquirunt,
1035 2632 1323 2701 dicuntque
1350 2647 1363 2684 :
1387 2629 1564 2698 Quare
1590 2627 1693 2683 hoc
1721 2638 1776 2684 et
1803 2628 1903 2685 hoc
1943 2631 2159 2687 evenit?

564 2735 621 2783 et
649 2741 815 2797 quare
860 2724 961 2780 hoc
1000 2724 1321 2797 permissum
1351 2720 1472 2777 est?
1504 2722 1571 2775 At
1592 2721 1768 2791 justus
1789 2722 1878 2777 ille
1902 2736 2006 2777 non
2036 2723 2115 2779 sic
2139 2740 2154 2778 :

567 2818 709 2872 unde
761 2825 815 2872 et
872 2815 949 2871 illi
1004 2815 1233 2885 amplius
1276 2826 1568 2882 supernum
1623 2812 1878 2867 auxilium
1905 2820 1989 2868 est
2029 2828 2159 2869 con-

564 2925 797 2967 cessum.
826 2908 938 2964 Hoc
958 2908 1099 2963 enim
1122 2920 1246 2960 vere
1265 2906 1400 2975 grati
1421 2904 1561 2959 servi
1579 2903 1755 2970 fuerit,
1783 2914 1840 2959 ut
1867 2919 2156 2974 numquam

564 3004 828 3058 curiosior
865 3000 936 3055 sit
978 3001 1034 3054 in
1060 3000 1122 3053 iis
1147 2995 1492 3067 explorandis
1538 3012 1657 3067 qua:
1695 3010 1727 3049 a
1753 2995 1973 3051 domino
2002 2997 2155 3064 fiunt,

564 3094 660 3150 sed
689 3095 742 3149 in
785 3091 999 3148 silentio
1038 3098 1092 3146 et
1130 3090 1421 3160 gratiarum
1444 3085 1658 3144 actione
1677 3088 1934 3159 suscipiat
1953 3089 2154 3144 omnia.

635 3183 690 3237 9».
732 3182 802 3238 Et
828 3179 1213 3247 animadverte,
1241 3177 1512 3249 quomodo
1536 3177 1704 3232 etiam
1735 3193 1830 3248 per
1859 3178 1983 3233 illas
2011 3180 2156 3249 ipsas

566 3291 686 3347 qua:
717 3272 1360 3345 sequuntur'fentationes
1379 3269 1509 3339 justi
1530 3270 1699 3324 virtus
1725 3270 1895 3340 magis
1915 3271 2152 3337 emicuit,

570 3369 682 3425 Deo
712 3368 916 3422 clarum
943 3365 1094 3420 illum
1122 3380 1217 3435 per
1244 3363 1424 3419 omnia
1462 3361 1799 3417 ostendente.
1832 3362 1966 3418 Nam
2014 3364 2157 3419 sicut

567 3460 784 3531 quando
829 3458 882 3513 in
913 3457 1204 3528 Egyptum
1235 3453 1547 3520 descendit,
1590 3462 1650 3507 ut
1690 3452 1902 3523 ignotus
1941 3463 1995 3510 et
2036 3470 2155 3526 per-

567 3555 806 3626 egrinus,
845 3561 901 3608 ct
926 3553 1054 3607 nulli
1081 3551 1313 3621 agnitus,
1340 3549 1520 3604 subito
1559 3563 1753 3618 magno
1792 3563 1913 3602 cum
1955 3546 2158 3602 ltoutore

568 3646 693 3702 inde
734 3644 873 3701 redit
902 3660 917 3697 :
951 3644 1019 3698 ita
1049 3655 1103 3698 et
1158 3656 1332 3707 nunc,
1378 3656 1499 3721 cum
1549 3644 1862 3712 peregrinus
1915 3648 2059 3694 esset
2103 3640 2156 3695 in

567 3737 805 3803 Geraris,
828 3736 879 3791 in
907 3736 1036 3806 ipsis
1062 3733 1275 3804 quidem
1308 3732 1476 3787 initiis
1500 3731 1644 3803 quod
1671 3747 1826 3786 suum
1853 3738 1971 3785 erat
1997 3730 2153 3785 fecit:

569 3836 756 3901 postea
786 3842 913 3882 vero
941 3837 1088 3881 tanto
1110 3824 1205 3880 Dei
1226 3823 1466 3880 subsidio
1493 3825 1733 3879 munitus
1760 3832 1864 3891 est,
1886 3829 1946 3876 ιιι
1967 3831 2027 3878 et
2061 3837 2155 3877 rex

566 3934 620 3978 et
648 3937 835 3978 omnes
875 3923 965 3992 qui
992 3922 1045 3975 in
1073 3935 1135 3976 ea
1165 3919 1387 3990 regione
1418 3917 1764 3981 habitabant,
1787 3915 1933 3970 omni
1978 3914 2157 3969 studio

568 4017 875 4071 ministrare
922 4013 1071 4081 justo
1117 4012 1417 4067 studerent.
1457 4007 1513 4062 2.
1554 4007 1700 4061 Dixit
1746 4015 1935 4072 autent,
1964 4006 2153 4076 inquit,

569 4109 825 4164 Abraham
859 4111 923 4159 de
961 4106 1124 4161 Sarra
1162 4120 1321 4158 uxore
1361 4118 1486 4168 sua,
1519 4099 1683 4156 Soror
1709 4116 1822 4154 mea
1849 4109 1941 4156 est.
1966 4099 2157 4155 Timuit

568 4202 701 4253 euim
722 4197 908 4260 dicere,
944 4193 1087 4249 Uxor
1109 4210 1218 4247 inca
1239 4202 1334 4259 est,
1366 4207 1427 4245 ne
1458 4194 1590 4263 forte
1616 4191 1898 4245 occiderent
1920 4206 2032 4245 eum
2061 4192 2156 4246 viri

570 4291 787 4345 civitatis
814 4297 1019 4359 propter
1041 4285 1205 4339 illam.
1232 4283 1368 4339 Vide
1395 4282 1666 4354 quomodo
1693 4297 1724 4338 a
1751 4284 2156 4342 violentissimis

570 4379 944 4436 affectionibus
986 4376 1160 4430 anima
1182 4374 1313 4444 justi
1354 4372 1719 4443 impugnetur,
1749 4382 1805 4429 et
1841 4375 2004 4430 timor
2033 4392 2154 4431 eum

575 4472 831 4526 incessat.
864 4469 929 4523 Et
951 4468 1197 4537 quamvis
1219 4466 1367 4536 prior
1392 4465 1573 4532 timor,
1600 4481 1667 4521 uc
1691 4466 1968 4523 mulierem
1999 4470 2157 4524 amit-

514 4617 519 4623 ,
575 4571 672 4627 tat,
697 4561 873 4630 gravis
904 4557 1101 4625 fuerit,
1127 4557 1287 4612 timor
1317 4565 1494 4611 tamen
1538 4557 1727 4613 mortis
1751 4559 1899 4613 illum
1930 4561 2154 4630 expulit.

575 4651 644 4709 Ut
675 4652 816 4719 enim
844 4650 984 4704 hunc
1014 4648 1303 4719 effugeret,
1326 4649 1580 4704 sustinuit
1609 4651 1722 4706 suis
1749 4650 1922 4706 oculis
1951 4651 2154 4717 videre,

569 4747 771 4803 sociam
799 4745 921 4797 vitae
956 4756 1067 4796 sua:
1098 4742 1149 4794 in
1189 4741 1331 4811 regis
1373 4755 1563 4796 manus
1606 4741 1863 4797 incidere.
1894 4742 2061 4810 Quam
2089 4744 2160 4797 sit

570 4845 752 4892 autem
790 4833 891 4887 hoc
938 4833 1163 4886 toleratu
1195 4830 1444 4897 difficile,
1486 4830 1663 4886 sciunt
1706 4833 1796 4903 qui
1828 4847 2021 4886 uxores
2064 4831 2159 4885 ha-

574 4933 724 4985 bcnt.
751 4925 903 4983 Unde
927 4933 984 4979 et
1011 4924 1229 4993 sapiens
1272 4924 1489 4994 quidam
1533 4923 1779 4979 diccbat:
1814 4922 2006 4977 Plenus
2047 4923 2158 4975 zelo

574 5021 716 5091 {uror
736 5020 831 5074 viri
860 5020 971 5088 ejus
989 5059 1004 5082 ,
1041 5034 1142 5072 non
1186 5026 1355 5087 parcet
1382 5017 1435 5071 in
1476 5017 1560 5072 die
1576 5017 1763 5088 judicii
1785 5057 1801 5084 ,
1827 5016 1969 5069 nullo
1998 5018 2158 5085 pretio

573 5112 783 5166 nmtabit
810 5109 1099 5163 inimicitias
1120 5107 1303 5179 (Prov.
1319 5108 1479 5164 6.54.
1502 5108 1615 5178 35).
1638 5107 1834 5162 Verum
1867 5120 2028 5176 grave
2058 5104 2160 5159 hoc

571 5216 627 5260 ct
650 5205 900 5259 ontnibus
922 5202 1278 5269 intolerabile,
1292 5202 1415 5258 vide
1436 5198 1707 5271 quomodo
1734 5209 1951 5269 propter
1972 5197 2160 5252 ttlol‘lis

573 5306 774 5354 metum
799 5296 887 5352 ille
910 5297 1049 5351 tulit.
1069 5295 1182 5352 Hoc
1211 5310 1343 5351 sane
1368 5303 1425 5349 et
1449 5295 1502 5348 in
1525 5291 1894 5362 corporalibus
1921 5288 2161 5344 aliectio-

578 5391 736 5447 nibus
766 5390 1081 5460 contingere
1101 5389 1276 5444 solet:
1309 5401 1432 5443 nam
1464 5383 1683 5455 quando
1723 5382 1833 5437 duo
1869 5381 2042 5438 morbi
2080 5381 2158 5436 si-

570 5482 682 5540 mul
718 5480 972 5537 infestant
995 5494 1195 5550 corpus
1236 5487 1517 5539 nostrum,
1562 5471 1721 5527 unius
1769 5472 2156 5527 incrementum

571 5577 703 5648 tegit
754 5575 948 5641 alium,
1001 5582 1058 5629 et
1107 5581 1250 5627 totos
1299 5582 1399 5625 nos
1462 5567 1555 5621 ille
1602 5563 1816 5635 gravior
1858 5564 2013 5620 dolor
2056 5565 2158 5621 sibi

576 5669 852 5736 vindicat,
889 5669 960 5723 ita
1011 5674 1071 5722 ut
1115 5677 1261 5734 saepe
1305 5660 1568 5716 minorem
1617 5655 1859 5711 dolorem
1893 5671 1924 5711 a
1970 5657 2157 5729 majori

572 5759 818 5819 distracti
845 5773 953 5817 non
984 5755 1297 5814 sentiamus.
1330 5748 1533 5809 Eodem
1553 5748 1717 5805 modo
1740 5746 1919 5819 justus
1946 5764 2159 5826 quoque

1273 329 1333 387 S.
1370 323 1650 385 JOANNIS
1681 318 2163 382 CHRYSOSTOMI
2199 322 2519 381 ARCHIEP.
2559 324 3094 384 CONSTANTINOP.
3747 333 3847 391 “6

2268 437 2359 493 ille
2398 453 2540 494 nunc
2588 438 2778 495 videns
2847 457 3038 512 urgere
3087 440 3329 498 dolorem
3382 444 3609 513 mortis,
3656 458 3847 504 caetera

2264 528 2445 584 omnia
2478 528 2776 585 tolerabilia
2806 531 3084 588 censebat.

2340 620 2484 676 Mors
2513 622 2645 676 niltil
2669 633 2743 678 est
2770 624 2913 678 aliud
2939 641 3093 695 quant
3121 641 3423 680 sonmtts.—
3450 625 3714 681 Cancrum
3737 626 3851 685 hinc

2268 711 2514 780 audiens,
2541 712 2737 771 dilecte
2758 757 2772 780 ,
2803 731 2871 771 ne
2895 716 3224 771 condemnes
3240 717 3443 787 justum
3473 717 3543 773 ob
3572 720 3845 787 pusillani.

2270 805 2530 867 mitatem,
2564 807 2705 873 quod
2737 814 2968 860 mortem
3010 807 3250 861 timuerit
3279 825 3293 861 :
3326 808 3418 862 sed
3469 810 3648 877 potius
3692 809 3851 865 admi-

2268 907 2389 948 rare
2414 893 2724 949 Conditoris
2751 896 2983 951 universi
3009 912 3133 968 erga
3156 914 3255 953 nos
3282 899 3685 970 benignitatem,
3713 904 3849 970 quod

2269 994 2497 1040 mortem
2533 983 2700 1056 justis
2730 986 2831 1042 illis
2856 997 2910 1041 ct
2937 989 3137 1043 sanctis
3164 997 3293 1044 tunc
3334 988 3630 1046 terribilem
3651 1034 3667 1057 ,
3706 1007 3850 1047 nunc

2268 1074 2339 1129 ita
2364 1076 2761 1146 despiciendam
2792 1078 3003 1134 dederit
3026 1079 3296 1148 Christus,
3328 1091 3384 1135 ut
3413 1097 3571 1152 quant
3599 1083 3850 1138 formida-

2267 1166 2396 1221 bant
2423 1168 2521 1221 viri
2547 1168 2624 1222 illi
2656 1169 2856 1225 virtute
2877 1171 3007 1225 clari
3032 1212 3047 1238 ,
3071 1181 3127 1227 et
3154 1183 3294 1227 tanta
3323 1189 3447 1244 erga
3477 1175 3641 1229 Deum
3666 1175 3850 1230 fiducia

2268 1257 2414 1322 freti,
2447 1275 2588 1315 nunc
2614 1260 2894 1316 derideant
2918 1270 2972 1317 et
2994 1262 3254 1333 juvenes,
3284 1274 3340 1319 et
3368 1276 3566 1321 tenera:
3604 1268 3852 1338 virgines.

2266 1347 2407 1401 Nihil
2434 1350 2578 1404 enim
2607 1349 2751 1405 aliud
2792 1366 2937 1406 mors
2962 1361 3065 1417 est,
3092 1369 3251 1423 quam
3279 1369 3501 1412 somnus
3528 1364 3586 1411 et
3622 1359 3852 1427 peregri-

2268 1438 2435 1506 natio,
2457 1449 2616 1510 atque
2650 1443 3044 1514 transmigratio
3069 1460 3099 1500 a
3136 1444 3490 1502 deterioribus
3515 1448 3585 1504 ad
3612 1450 3851 1504 meliora.

2266 1528 2407 1585 Mors
2431 1532 2572 1586 enim
2602 1533 2813 1588 Domini
2841 1534 3294 1592 immortalitatem
3338 1538 3490 1595 nobis
3516 1539 3729 1595 donavit
3755 1581 3771 1607 ,
3800 1551 3854 1596 et

2268 1631 2324 1675 ut
2345 1620 2621 1678 descendit
2641 1623 2694 1678 in
2717 1626 3003 1692 infernum,
3029 1626 3271 1683 diSsolvit
3290 1629 3406 1699 ejus
3426 1645 3645 1699 nervos,
3668 1632 3852 1686 robur-

2268 1725 2373 1782 que
2405 1715 2679 1769 desmtxit
2706 1732 2721 1770 :
2746 1726 2801 1771 et
2824 1717 2967 1788 quod
2991 1728 3149 1775 antea
3177 1721 3415 1776 terribile
3432 1733 3550 1778 erat
3574 1733 3628 1779 et
3660 1724 3848 1793 impla-

2265 1804 2437 1858 cabile
2456 1845 2473 1871 ,
2504 1805 2606 1860 hoc
2643 1822 2786 1862 nunc
2811 1807 3214 1879 despiciendam
3243 1813 3425 1881 dedit,
3459 1815 3598 1870 adeo
3624 1824 3682 1870 ιιι
3716 1831 3848 1870 non-

2267 1897 2397 1951 nulli
2427 1898 2675 1954 exsiliant
2700 1909 2755 1954 et
2788 1901 3181 1959 festiuentcunt
3212 1905 3336 1961 hinc
3373 1917 3458 1962 est
3499 1909 3849 1979 migrandum.

2268 1988 2499 2047 Proinde
2547 2001 2602 2047 et
2646 1993 2841 2049 Paulus
2882 1995 3101 2064 clamat,
3130 1997 3316 2054 dicens
3347 2015 3363 2055 :
3396 2000 3623 2056 Dissolvi
3663 2012 3708 2056 et
3742 2018 3854 2056 cum

2266 2081 2468 2138 Christo
2495 2100 2603 2141 esse
2626 2088 2784 2141 multo
2812 2089 2992 2143 melius
3018 2089 3275 2162 (Philipp.
3307 2095 3357 2149 1.
3380 2092 3498 2165 23).
3529 2096 3720 2151 Verum
3745 2096 3854 2150 lucc

2267 2177 2482 2246 quidem
2527 2194 2671 2233 nunc
2699 2188 2819 2249 post
2855 2180 3052 2236 Christi
3080 2182 3386 2251 adventum,
3406 2195 3685 2255 postquam
3726 2201 3857 2240 con-

2269 2263 2451 2320 fracta:
2479 2279 2598 2321 sunt
2624 2277 2794 2337 porta:
2821 2270 3013 2326 inferni
3035 2288 3210 2338 mrem,
3235 2285 3514 2345 postquam
3536 2276 3613 2330 Sol
3639 2276 3856 2346 justitia:

2267 2357 2465 2428 ubique
2496 2367 2758 2416 terrarum
2803 2363 3023 2420 affulsit.
3052 2365 3203 2420 Tunc
3227 2376 3404 2422 autem
3449 2370 3739 2424 terribilem
3765 2369 3856 2424 ad-

2267 2447 2373 2503 huc
2403 2449 2635 2507 habebat
2662 2451 2871 2519 faciem,
2905 2458 3346 2528 concutiebatque
3380 2459 3648 2530 justorum
3686 2460 3856 2515 homi-

2268 2555 2396 2594 num
2426 2540 2641 2597 illorum
2660 2553 2893 2599 mentem
2916 2565 2928 2601 :
2949 2544 3068 2601 ideo
3094 2556 3151 2603 et
3171 2549 3346 2603 omnia
3370 2549 3473 2604 alia
3499 2550 3695 2607 leviter
3722 2551 3855 2605 fere-

2266 2633 2415 2700 bant,
2435 2636 2593 2690 etiam
2612 2652 2731 2706 qua:
2751 2638 3099 2694 intolerabilia
3116 2655 3236 2697 esse
3258 2640 3597 2698 videbantur.
3626 2643 3755 2698 llinc
3778 2651 3855 2697 est

2265 2726 2409 2796 quod
2438 2736 2492 2783 et
2528 2729 2705 2800 justus
2733 2730 2824 2786 ille
2845 2732 3038 2786 timens
3078 2747 3286 2797 eorum,
3315 2735 3405 2805 qui
3437 2736 3487 2789 in
3520 2735 3737 2793 Cet-aris
3764 2735 3855 2790 ha-

2265 2814 2545 2885 bitabant,
2578 2820 2826 2884 insidias,
2854 2820 3179 2877 domicilium
3226 2824 3296 2878 ibi
3343 2824 3624 2893 habuerit,
3655 2842 3756 2881 non
3802 2833 3857 2879 ut

2266 2925 2509 2975 uxorem.
2541 2913 2634 2969 sed
2662 2922 2719 2968 ut
2755 2929 2995 2969 sororem
3036 2930 3219 2971 secum
3259 2915 3500 2986 habens;
3538 2921 3609 2975 ita
3642 2935 3778 2975 nunc
3803 2919 3853 2972 iu

2268 3000 2368 3057 hac
2395 3003 2615 3073 regione
2656 3005 2969 3076 peregrinus
3001 3005 3163 3078 degit.
3196 3007 3264 3062 Et
3288 3007 3427 3063 sicut
3456 3025 3584 3065 cum
3617 3010 3668 3066 in
3697 3007 3856 3079 Egy-

2266 3102 2416 3162 ptum
2448 3109 2572 3149 eum
2605 3094 2934 3151 descendere
2962 3098 3206 3167 permisit
3234 3097 3404 3167 Deus,
3427 3100 3620 3157 volens
3656 3101 3853 3170 impro-

2265 3182 2365 3238 bos
2389 3183 2511 3238 illos
2536 3193 2591 3238 et
2613 3184 2870 3241 socordes
2890 3185 3100 3243 discere
3120 3188 3250 3258 justi
3272 3190 3524 3246 virtutem
3546 3211 3561 3250 :
3582 3193 3651 3247 ita
3681 3201 3736 3247 et
3768 3190 3853 3244 hic

2268 3277 2603 3332 tolerantiam
2631 3293 2781 3333 suam
2812 3279 3030 3335 exhibet
3055 3281 3313 3338 Dominus
3332 3326 3346 3348 ,
3366 3293 3423 3339 ut
3443 3285 3578 3354 justi
3602 3284 3849 3356 patientia

2267 3369 2322 3424 in
2343 3370 2592 3426 omnibus
2617 3371 2845 3439 eluceat,
2866 3371 3062 3443 fiatque
3079 3374 3171 3430 Dei
3196 3375 3248 3430 in
3270 3376 3443 3446 ipsum
3476 3376 3849 3434 benevolentia

2267 3459 2552 3517 manifesta
2578 3461 2850 3517 omnibus.
2883 3462 3026 3517 Misit
3056 3476 3224 3521 autem
3261 3466 3550 3523 Abimeleclt
3587 3484 3678 3523 rex
3697 3466 3852 3522 Cera-

2265 3568 2459 3618 rortmt,
2491 3562 2547 3607 ut
2574 3554 2858 3625 acciperent
2885 3555 3120 3612 Sarram.
3143 3558 3329 3629 Cogita
3361 3562 3691 3632 hic,qu:cso,
3721 3569 3852 3614 tem-

2265 3652 2526 3714 pestatcm
2551 3647 2932 3716 cogitationum
2957 3664 3115 3720 quam
3149 3652 3269 3706 tulit
3294 3651 3473 3721 justus
3494 3655 3681 3710 videns
3715 3668 3848 3708 uxo-

2266 3749 2380 3789 rem
2409 3750 2561 3813 suam
2582 3737 2796 3807 abduci,
2814 3747 2870 3794 et
2884 3753 2943 3795 se
2964 3741 3095 3796 nihil
3118 3757 3275 3813 posse
3291 3743 3479 3813 juvare
3498 3761 3640 3802 eam.
3669 3745 3847 3802 Silen-

2267 3835 2351 3881 ter
2374 3830 2517 3883 enim
2549 3829 2751 3887 ferebat
2775 3832 2986 3900 omnia,
3014 3835 3190 3890 sciens
3221 3834 3334 3890 fore
3363 3848 3421 3892 ut
3450 3852 3509 3893 se
3537 3854 3642 3893 non
3675 3836 3854 3907 despi-

2265 3932 2408 3975 ceret
2429 3923 2706 3990 Dominus,
2725 3925 2818 3980 sed
2846 3926 3201 3981 aceclcratum
3230 3928 3510 3984 adhiberet
3535 3930 3848 3985 Sllbsidlttlllo

2266 4011 2613 4070 Admirabilis
2651 4030 2864 4086 quoque
2904 4017 3077 4072 Sarra:
3108 4031 3259 4070 amor
3301 4028 3419 4090 cst,
3448 4035 3567 4086 qua:
3615 4022 3854 4090 periculo

2267 4105 2460 4160 utortis
2485 4105 2686 4176 justum
2712 4106 2924 4176 eripere
2950 4107 3132 4161 voluit.
3157 4106 3365 4161 Poterat
3397 4109 3538 4161 enim
3567 4109 3681 4179 ipsa
3704 4111 3855 4167 dcte-

2265 4198 2440 4270 gendo
2488 4199 2718 4265 factum,
2767 4208 2967 4253 certam
3017 4197 3391 4253 contumeliam
3439 4201 3718 4272 effugere:
3759 4202 3851 4259 sed

2266 4290 2479 4360 pertulit
2518 4291 2695 4346 omnia
2728 4289 2972 4355 fortiter,
3004 4299 3061 4343 ut
3102 4289 3220 4344 viro
3258 4290 3484 4346 salutem
3526 4305 3756 4365 pararet.
3791 4296 3853 4351 Et

2265 4380 2540 4449 impletum
2564 4389 2647 4434 est
2673 4378 2800 4433 illud
2823 4377 3042 4445 dictum,
3078 4377 3240 4434 Erunt
3261 4380 3362 4434 duo
3388 4382 3441 4436 in
3464 4400 3670 4439 carnem
3702 4401 3853 4439 iurant

2266 4469 2420 4542 (Cen.
2448 4468 2502 4522 2.
2528 4468 2644 4540 ει).
2675 4468 2970 4539 Tamquam
3019 4470 3163 4525 enim
3210 4487 3313 4526 ttna
3361 4485 3542 4529 essent
3592 4490 3750 4541 caro,
3782 4476 3851 4530 ita

2265 4571 2463 4616 mutua:
2488 4560 2677 4616 salutis
2702 4574 2885 4614 curam
2913 4560 3147 4616 vicissim
3178 4565 3427 4633 agebant,
3446 4577 3502 4622 et
3529 4575 3730 4621 tantam
3754 4565 3852 4621 dc-

2263 4651 2539 4707 clarabant
2566 4651 2927 4719 concordiam,
2959 4655 3109 4723 quasi
3148 4671 3311 4711 unum
3351 4668 3534 4714 essent
3575 4673 3772 4729 corpus
3799 4667 3854 4713 ct

2265 4758 2369 4798 una
2395 4743 2591 4798 anima.
2615 4743 2846 4798 Audiant
2870 4744 2986 4801 haec
3010 4747 3132 4813 viri,
3164 4748 3382 4804 audiant
3407 4758 3462 4804 et
3491 4750 3747 4806 mulieres
3766 4768 3780 4804 :
3798 4757 3854 4803 et

2265 4834 2380 4889 ista:
2403 4832 2648 4904 quidem,
2676 4843 2735 4889 ut
2773 4835 3022 4893 eumdem
3063 4853 3186 4909 erga
3228 4854 3355 4893 suos
3410 4839 3556 4895 viros
3603 4853 3845 4895 amorem

2265 4923 2579 4993 declarent,
2606 4925 2847 4998 nihilque
2885 4929 3028 4985 aliud
3070 4931 3283 4986 illorum
3330 4933 3615 5002 pra-ferant
3656 4930 3848 4989 Saluti:

2266 5015 2366 5070 viri
2390 5024 2588 5084 autem,
2620 5027 2678 5074 ut
2702 5034 2828 5091 erga
2850 5037 3047 5077 uxores
3065 5023 3305 5078 habeant
3336 5011 3852 5091 benevolentiam,et

2265 5106 2416 5176 quasi
2441 5124 2597 5163 unam
2617 5111 2850 5167 animam
2877 5112 3137 5168 haberent
3165 5122 3221 5168 et
3247 5131 3410 5170 unum
3435 5132 3631 5189 corpus
3652 5124 3849 5180 essent,

2265 5196 2445 5254 omnia
2475 5198 2692 5257 faciant.

2334 5289 2390 5345 5.
2428 5287 2725 5365 Conjugalis
2744 5294 3030 5349 concordia:
3047 5294 3443 5354 bonrum—Hoc
3481 5298 3625 5355 enim
3667 5310 3848 5352 venint

2265 5392 2352 5439 est
2373 5384 2677 5457 conjugium
2695 5425 2714 5453 ,
2735 5386 2950 5458 quando
2980 5395 3127 5443 tanta
3156 5389 3296 5444 inter
3318 5404 3413 5446 eos
3439 5402 3523 5447 est
3545 5390 3852 5454 concordia,

2263 5477 2478 5548 quando
2490 5479 2703 5534 vinculo
2713 5480 2951 5536 caritatis
2968 5480 3038 5536 ita
3051 5491 3177 5537 sunt
3187 5484 3521 5540 concatenati
3531 5483 3697 5541 .Sicut
3710 5482 3850 5538 enim

2263 5585 2462 5642 corpus
2487 5584 2774 5643 numquam
2819 5589 2851 5629 a
2889 5580 3180 5646 semetipso
3207 5574 3452 5645 dissidet,
3475 5592 3649 5648 neque
3677 5575 3852 5630 anima

2262 5662 2525 5720 adversus
2565 5664 2797 5734 seipsam
2827 5681 2844 5718 :
2871 5664 2941 5720 ita
2978 5664 3153 5720 virum
3180 5675 3235 5723 et
3264 5667 3545 5725 mulierem
3584 5682 3691 5725 non
3734 5680 3854 5721 con-

2266 5753 2414 5812 venit
2439 5752 2725 5821 dissidere,
2747 5752 2844 5811 sed
2875 5754 3054 5814 unitos
3079 5769 3226 5815 esse.
3253 5756 3406 5821 Tunc
3424 5758 3568 5816 enim
3596 5758 3735 5815 bona
3774 5757 3854 5814 in-

3983 287 4002 340 ll

4006 286 4020 335 5

3982 404 4023 452 ξεῖ

3979 498 4015 543 ις’
4027 509 4029 523 ι

3978 581 4030 616 ω.

3977 651 4007 698 si
4021 665 4030 697 τ

3976 750 4027 785 tm

3976 833 4030 869 ω

3975 900 4009 967 ait
4021 919 4030 952 ι

3976 1164 4024 1227 l‘ft

3976 1246 4008 1295 ni
4021 1261 4030 1294 τ

3975 1329 4029 1395 at}

3998 4356 4029 4423 ἐ

3997 4445 4030 4500 l1

3998 4531 4029 4591 .0

4000 4623 4030 4674 a7

4002 4723 4030 4761 11

4002 4794 4030 4866 τῇ

4006 4885 4030 4946 tl

4007 4971 4029 5025 tl

4009 5072 4030 5112 ll

4013 5146 4030 5197 ι

4016 5250 4030 5285 l

4017 5334 4030 5369 Β

4019 5427 4029 5460 l

4020 5515 4030 5549 'l

4021 5599 4030 5648 ι
