4072 6216
212 281 332 337 415

213 399 341 451 ἐκεῖ
365 396 461 458 τάς
499 395 699 466 σκηνάς
737 396 1054 466 ἐπήγνυντο,
1107 397 1355 468 καθάπερ
1398 400 1454 451 ἐν
1501 400 1624 470 ξένῃ
1667 400 1881 468 διάγον-

193 472 323 542 τσέο
351 479 412 531 οὑ
437 479 686 549 καθάπερ
707 480 865 549 ἡμεῖς
892 477 1171 548 ποιοῦμεν,
1222 481 1318 551 τὴν
1350 481 1504 551 ξένην
1538 483 1612 545 ὡς
1649 482 1876 554 πατρίδα

193 561 504 624 οἰκοῦντες,
540 563 633 616 καὶ
651 561 827 624 οἰκίας
849 561 1251 631 οἰκοδομοῦντες
1281 562 1558 634 λαμπρὰς,
1588 566 1680 616 καὶ
1710 565 1868 627 στοὰς

191 646 301 697 καὶ
335 645 689 715 περιπάτους,
730 645 825 698 καὶ
877 645 1080 714 ἀγροὺς
1138 647 1502 715 κεκτημένοι,
1548 649 1640 699 καὶ
1677 647 1877 714 λουτρά

191 732 727 795 κατασκευάζοντες,
767 730 859 783 καὶ
889 731 1049 802 ἔτερα
1100 733 1288 804 μυρία.
1338 732 1475 784 Ἀλλ’
1508 734 1608 803 ὅρα
1660 733 1751 785 τὸν
1793 733 1868 784 δι’.

193 830 362 868 καιον
387 814 478 866 καὶ
516 815 574 866 ἐν
608 816 719 875 τοῖς
750 814 1048 881 οἰκογενὲσι
1097 815 1277 882 μόνοις
1309 816 1402 868 καὶ
1446 819 1559 878 τοῖς
1604 818 1875 885 ποιμνίοις

190 895 304 966 στὴν
331 897 517 950 οὑσίαν
547 897 762 950 ἃπασαν
793 897 1148 965 κεκτημένον,
1180 899 1272 950 καὶ
1291 898 1526 967 οὑδαμοῦ
1560 900 1867 969 ἱστάμενον,

193 983 340 1036 ἀλλά
368 983 498 1035 ποτέ
533 982 630 1052 μὲν
665 983 745 1044 είς
794 981 891 1052 τὴν
941 982 1111 1052 Βεθὴλ
1166 983 1260 1053 τὴν
1305 984 1508 1055 σκηνὴν
1568 987 1868 1056 πηγνύντα,

195 1070 336 1124 ποτέ
385 1071 442 1124 δὲ
498 1069 648 1139 παρά
691 1070 790 1140 τὴν
839 1069 970 1140 δρῦν
1009 1072 1278 1141 Μαμϐρῆ,
1327 1073 1419 1125 καὶ
1469 1073 1597 1126 ποτέ
1649 1073 1744 1144 μὲν
1794 1077 1871 1137 εἰς

193 1159 478 1226 Αἴγυπτον
515 1156 787 1220 κατιόντα,
810 1160 925 1211 νυνὶ
952 1159 1007 1211 δὲ
1033 1160 1089 1211 ἐν
1112 1160 1371 1230 Γεράροις
1398 1162 1864 1230 κατασκηνοῦντα,

196 1241 300 1293 καὶ
330 1239 508 1293 πάντα
554 1239 669 1308 μετ’
715 1240 961 1303 εὐκολίας
997 1241 1353 1310 ὑπομένοντα,
1402 1242 1497 1296 καὶ
1533 1244 1632 1312 τὴν
1661 1244 1868 1312 εὑγνω-

199 1325 447 1396 μοσύνην
487 1325 584 1396 τὴν
622 1325 760 1396 πρὸς
795 1327 886 1378 τὸν
923 1327 1118 1380 οἰκεῖον
1172 1328 1452 1396 Δεσπότην
1513 1327 1602 1380 διά
1649 1329 1865 1381 πάντων

198 1407 395 1476 σαφῶς
428 1407 888 1478 ἐπιδεικνύμενον.
921 1408 1029 1461 Καὶ
1063 1409 1198 1478 μετά
1240 1409 1504 1471 τοσαύτας
1550 1411 1870 1476 ὑποσχέσεις

198 1491 298 1543 καὶ
327 1491 656 1560 ἐπαγγελίας
694 1491 793 1554 τάς
838 1491 990 1562 παρά
1022 1491 1113 1543 τοῦ
1149 1492 1283 1543 Θεοῦ
1327 1495 1406 1554 εἰς
1440 1492 1600 1544 αὑτὸν
1641 1509 1870 1563 γεγενη-

204 1576 398 1645 μένας,
433 1577 573 1648 ὁρῶν
617 1578 805 1630 ἐαυτὸν
833 1578 1122 1640 τοσαύταις
1163 1579 1516 1647 περιστάσεσι
1564 1579 1870 1650 κυκλούμε-

200 1674 316 1721 νον,
341 1660 432 1712 καί
453 1659 719 1720 ποικίλοις
750 1660 843 1712 καὶ
872 1659 1150 1727 διαφόροις
1173 1663 1493 1730 πειρασμοῖς
1511 1661 1867 1732 ἐμπίπτοντα,

198 1746 458 1816 καθάπερ
487 1747 698 1816 ἀδάμας
735 1762 818 1807 τις
862 1745 1261 1816 ἀπερίτρεπτος
1307 1748 1583 1818 εἱστήκει,
1637 1749 1736 1818 τὴν
1784 1767 1871 1817 φι-

198 1832 388 1886 λόθεον
414 1831 578 1884 αὑτοῦ
616 1829 838 1900 γνώμην
889 1831 1129 1895 δεικνὺς,
1177 1833 1268 1884 καὶ
1321 1833 1497 1885 οὑδενὶ
1540 1833 1647 1887 τῶν
1699 1835 1753 1886 ἐν
1791 1834 1870 1904 τῷ

203 1912 363 1978 μέσῳ
397 1908 733 1978 κωλυμάτων
769 1906 1099 1977 νωθρότερος
1130 1909 1430 1977 γινόμενος.
1465 1910 1607 1980 Ὅρα
1637 1911 1741 1979 γάρ
1777 1912 1871 1963 καὶ

201 1987 325 2052 νῦν,
349 1981 742 2056 ἀγαπητέ,οἷος
767 1986 928 2039 αὑτὸν
955 1987 1257 2054 πειρασμὸς
1280 1988 1357 2048 εἰς
1374 1987 1440 2040 τά
1466 1988 1680 2058 Γέραρα
1705 2006 1871 2041 κατα-

204 2073 496 2143 λαμϐάνει,
521 2073 614 2124 καί
639 2071 915 2142 θαύμασον
944 2072 1035 2124 τοῦ
1061 2071 1268 2125 δικαίου
1297 2073 1395 2142 τῆς
1425 2075 1622 2144 ἀρετῆς
1649 2075 1746 2142 τὴν
1779 2075 1860 2128 ἀνο

200 2155 409 2226 δρείαν,
443 2155 588 2225 [458]
619 2155 762 2217 ὅπως
790 2155 849 2206 τὸ
881 2156 1043 2207 πᾶσιν
1070 2155 1360 2224 ἀφόρητον,
1398 2157 1490 2208 καὶ
1517 2156 1544 2208 ὃ
1585 2156 1704 2209 οὑδέ
1734 2157 1868 2228 ἀκοῇ

199 2257 287 2304 τις
318 2239 724 2311 παραδέξασθαι
753 2241 1056 2309 ἀνάσχοιτο,
1093 2240 1249 2295 τοῦτο
1279 2237 1428 2304 οὗτος
1467 2243 1780 2312 ὑπέμεινεν,
1808 2246 1869 2296 οὑ

200 2328 591 2398 δυσχεραίνων,
619 2329 738 2381 οὑδέ
763 2328 1006 2382 ἀπαιτῶν
1052 2329 1280 2391 εὑθύνας
1309 2329 1415 2382 τῶν
1440 2330 1739 2399 γινομένων
1780 2331 1869 2382 τὸν

200 2414 500 2484 Δεσπότην,
531 2415 778 2486 καθάπερ
821 2416 868 2467 οἰ
910 2414 1090 2466 πολλοὶ
1137 2414 1244 2468 τῶν
1273 2415 1574 2484 ἀνθρώπων
1625 2415 1866 2481 ποιοῦσι,

201 2501 497 2554 καὶταῦτα
535 2500 749 2569 μυρίοις
795 2501 1205 2570 ἁμαρτημάτων
1248 2501 1488 2569 φορτίοις
1537 2502 1867 2571 πιεζόμενοι·

203 2589 302 2640 ἐπε
311 2587 424 2641 ιδὰν
438 2587 720 2656 δυσχερέσι
736 2589 846 2638 τισὶ
861 2587 1250 2656 περιπέσωσιν,
1267 2585 1467 2649 εὐθέως
1492 2587 1870 2660 πολυπραγμο-

202 2674 417 2738 νοῦντες
442 2676 533 2728 καὶ
559 2673 1041 2744 περιεργαζόμενοι
1069 2673 1286 2742 λέγουσι
1312 2690 1326 2703 ·
1359 2674 1454 2727 Διά
1501 2674 1550 2726 τί
1590 2675 1648 2727 τὸ
1678 2676 1770 2728 καὶ
1806 2677 1867 2728 τὸ

204 2762 436 2832 συνέϐη;
467 2764 562 2816 καὶ
589 2762 732 2824 τίνος
779 2761 966 2814 ἓνεκεν
1014 2761 1134 2813 τόδε
1175 2761 1558 2834 συνεχωρήθη;
1604 2762 1740 2814 Ἀλλ’
1770 2765 1867 2835 οὑχ

201 2851 232 2902 6
253 2849 458 2912 δίκαιος
481 2844 652 2910 οὗτοςσ
684 2848 752 2901 δι’
775 2848 803 2900 ὃ
829 2849 921 2900 καὶ
947 2848 1192 2910 πλείονος
1220 2849 1502 2918 ἀπήλαυσε
1529 2848 1627 2918 τῆς
1656 2849 1863 2903 ἀνωθεν

206 2938 400 3008 ροπῆςο
430 2936 595 2988 Τοῦτο
630 2938 739 3004 γὰρ
773 2935 987 3004 ἀληθῶς
1037 2934 1377 3004 εὐγνώμονος
1417 2937 1648 2998 οἰκέτου,
1703 2939 1865 3007 μηδὲν

201 3022 312 3076 τῶν
344 3022 449 3076 ὑπὸ
479 3021 571 3074 τοῦ
600 3022 858 3074 δεσπότου
884 3022 1181 3091 γινομένων
1213 3022 1706 3092 πολυπραγμονεῖν,
1733 3025 1867 3078 ἀλλά

205 3114 332 3182 σιγῇ
363 3111 539 3164 πάντα
570 3109 1001 3180 καταδέχεσθαι,
1041 3109 1132 3162 καὶ
1165 3108 1304 3179 μετά
1339 3109 1540 3179 πολλῆς
1577 3111 1674 3182 τῆς
1704 3113 1865 3182 εὑχα-

207 3199 436 3269 ριστίας.

277 3305 344 3377 β’.
367 3305 477 3358 Καὶ
498 3303 708 3366 σκόπει,
740 3302 856 3366 πῶς
877 3303 972 3356 καὶ
992 3303 1058 3356 δι’
1081 3303 1260 3357 αὑτῶν
1276 3303 1382 3356 τῶν
1402 3305 1868 3374 παρακολουθοῦν-

201 3406 310 3443 των
346 3389 663 3461 πειρασμῶν
691 3391 724 3460 ἡ
778 3390 871 3443 τοῦ
897 3390 1106 3443 δικαίου
1130 3391 1298 3462 ἀρετὴ
1341 3391 1538 3460 μᾶλλον
1571 3391 1862 3462 ἐξέλαμπε,

202 3477 297 3530 τοῦ
321 3477 454 3531 Θεοῦ
488 3479 720 3549 φανερὸν
754 3479 916 3530 αὑτὸν
945 3478 1030 3531 διὰ
1059 3480 1273 3532 πάντων
1306 3478 1630 3542 δεικνύντος.
1657 3481 1867 3550 Ὥσπερ

203 3563 311 3636 γάρ
332 3565 492 3635 ἡνίκα
518 3566 597 3627 εἰς
631 3564 730 3635 τὴν
753 3564 1028 3633 Αἴγυπτον
1054 3565 1340 3632 κατῆλθεν,
1374 3565 1446 3627 ὡς
1468 3567 1743 3632 ἄγνωστος
1773 3567 1866 3618 καὶ

207 3647 350 3713 ξένος
365 3649 459 3701 καὶ
476 3648 650 3701 οὑδενὶ
669 3646 964 3716 γνώριμος,
987 3646 1180 3716 ἀθρόον
1210 3648 1347 3716 μετά
1366 3647 1560 3717 πολλῆς
1583 3648 1680 3717 τῆς
1700 3647 1866 3717 τιμῆς

205 3735 410 3788 ἐκεῖθεν
433 3735 658 3803 ἐπανῄει
679 3751 692 3765 ο
720 3733 863 3785 οὕτω
891 3734 983 3785 καὶ
1001 3732 1096 3785 νῦν
1124 3735 1464 3802 παροικήσας
1495 3737 1552 3786 ἐν
1585 3735 1863 3804 Γεράροις,

206 3823 266 3875 ἐν
295 3821 390 3891 μὲν
421 3824 533 3883 τοῖς
583 3820 887 3890 προοιμίοις
941 3819 1012 3871 τὰ
1045 3821 1174 3890 παρ’
1223 3820 1416 3872 ἐαυτοῦ
1467 3820 1862 3874 ἐπιδείκνυται’

209 3908 343 3980 μετά
375 3908 432 3961 δέ
479 3907 647 3960 ταῦτα
682 3906 950 3977 τοσαύτης
981 3905 1240 3959 ἀπολαύει
1277 3907 1377 3978 τῆς
1407 3909 1559 3977 παρά
1607 3907 1699 3960 τοῦ
1731 3907 1864 3960 Θεοῦ

207 3995 539 4067 συμμαχίας,
560 3995 637 4058 ὡς
663 3995 870 4047 καὶτὸν
899 3994 1144 4063 βασιλέα,
1175 3995 1268 4046 καὶ
1300 3994 1424 4056 τοὺς
1450 3994 1630 4047 αὑτόοι
1659 3995 1865 4059 πάντας

204 4082 498 4148 οἰκοῦντας,
537 4084 666 4153 περὶ
707 4083 807 4154 τὴν
835 4081 1130 4152 θεραπείαν
1162 4081 1255 4134 τοῦ
1289 4081 1498 4135 δικαίου
1531 4085 1710 4135 πᾶσαν
1741 4085 1864 4134 ἐπι-

204 4170 506 4224 δείκνυσθαι
531 4171 628 4242 τὴν
662 4170 918 4241 σπουδήν.
950 4168 1099 4224 Ehe
1130 4170 1218 4234 δὲ,
1249 4172 1433 4240 φησὶν,
1467 4171 1708 4240 Ἀϐραὰμ
1730 4172 1861 4238 περὶ

205 4256 430 4326 Σάρῤας
477 4257 578 4325 τῆς
634 4259 920 4326 γυναικὸς
971 4257 1184 4311 αὑτοῦ·
1220 4257 1468 4326 Ἀδελφή
1501 4275 1622 4325 μου
1669 4259 1859 4312 ἐστίν.

217 4344 502 4413 Ἐροσήθη
533 4343 643 4412 γὰρ
681 4344 894 4405 εἰπεῖν,
929 4345 1016 4398 ὅτι
1046 4345 1212 4410 Γυνή
1245 4364 1364 4414 μου
1401 4345 1554 4409 ἐστὶ,
1585 4344 1670 4415 μή
1719 4363 1862 4400 ποτε

205 4432 632 4486 ἀποκτείνωσιν
651 4432 837 4485 αὑτὸν
857 4435 910 4485 οἰ
938 4433 1152 4501 ἄνδρες
1172 4433 1280 4500 τῆς
1305 4435 1534 4498 πόλεως
1555 4433 1626 4486 δι’
1645 4436 1856 4500 αὐτὴν.

207 4519 340 4586 Ὅρα
373 4520 486 4581 πῶς
519 4519 622 4570 ὑπὸ
666 4521 1147 4588 τυραννικωτάτων
1196 4519 1382 4574 παθῶν
1420 4519 1786 4590 ἐπολιορκεῖτο
1825 4523 1857 4592 ή

205 4604 294 4657 τοῦ
328 4605 535 4657 δικαίου
565 4603 730 4674 ψυχὴ,
765 4607 859 4658 καὶ
907 4609 935 4659 6
976 4608 1137 4675 φόϐος
1183 4607 1342 4661 αὑτὸν
1376 4605 1646 4672 ἐξωθεῖτο.
1701 4606 1858 4660 Ἀλλά

206 4692 373 4745 καίτοι
411 4691 615 4763 σφόδρα
668 4692 901 4761 χαλεπὸν
941 4693 1068 4746 ὄντα
1096 4694 1186 4746 τὸν
1231 4695 1492 4766 πρότερον
1529 4694 1726 4764 φόϐον,
1766 4693 1856 4748 τὸν

205 4776 300 4847 τῆς
337 4777 623 4847 προδοσίας
660 4778 758 4847 τῆς
786 4779 1059 4846 γυναικὸς,
1103 4781 1402 4850 παρωθεῖτο
1439 4783 1468 4833 ὁ
1498 4781 1594 4834 τοῦ
1625 4781 1856 4834 θανάτου

205 4864 380 4933 φόϐος.
413 4866 528 4920 Ἵνα
559 4867 666 4939 γὰρ
708 4866 896 4920 τοῦτον
939 4866 1174 4937 διαφύγῃ
1199 4907 1213 4929 ,
1248 4867 1537 4938 ὑπέμεινεν
1579 4869 1716 4942 όρᾷν
1744 4872 1855 4932 τοῖς

205 4952 410 5016 οἰκείοις
431 4953 725 5025 ὀφθαλμοῖς
749 4955 847 5024 τὴν
882 4954 1132 5007 κοινωνὸν
1156 4953 1303 5023 αὑτῷ
1330 4955 1422 5007 τοῦ
1453 4955 1567 5024 βίου
1599 4955 1708 5008 ὑπὸ
1739 4960 1854 5020 ταῖς

205 5039 293 5094 τοῦ
337 5040 593 5110 βασιλέως
633 5043 789 5113 χερσὶ
831 5040 1145 5110 γενομένην.
1195 5040 1356 5092 Ὅσον
1396 5041 1451 5094 δὲ
1491 5043 1654 5098 τοῦτό
1707 5046 1853 5097 ἐστιν

205 5127 484 5199 ἀφόρητον,
517 5128 692 5181 ῖσασιν
719 5130 833 5182 ὅσοι
876 5130 1136 5196 γυναῖκας
1179 5126 1379 5195 ἔχουσι.
1415 5129 1513 5181 Διά
1556 5132 1712 5185 τοῦτο
1760 5132 1853 5184 καὶ

209 5214 355 5283 σοφός
379 5233 459 5279 τις
489 5215 669 5284 ελεγεο
704 5216 932 5279 Μεστὸς
960 5214 1138 5279 ζήλου
1163 5213 1346 5282 θυμὸς
1373 5214 1588 5282 ἀνδρὸς
1624 5217 1849 5285 αὐτῆς·

207 5302 276 5354 οὐ
311 5302 574 5369 φείσεται
612 5301 681 5354 ἐν
723 5299 907 5370 ἡμέρᾳ
952 5301 1221 5368 κρίσεως,
1259 5301 1368 5352 οὐκ
1410 5301 1851 5367 ἀνταλλάξεται

207 5391 440 5458 οὐδενὸς
465 5393 684 5461 λύτρον
715 5391 828 5459 τὴν
853 5391 1089 5460 ἔχθραν.
1125 5389 1283 5443 Ἀλλά
1303 5391 1363 5442 τὸ
1398 5389 1535 5461 βαρὺ
1561 5393 1715 5447 τοῦτο
1753 5396 1852 5450 καὶ

208 5481 361 5533 πᾶσιν
408 5480 676 5549 ἀφόρητον
718 5479 818 5548 ὅρα
857 5476 971 5540 πῶς
1001 5477 1088 5530 διὰ
1127 5477 1220 5529 τὸν
1262 5476 1355 5529 τοῦ
1400 5476 1632 5531 θανάτου
1681 5483 1849 5549 φόϐον

206 5565 449 5633 γενναίως
474 5565 503 5615 ὁ
539 5564 739 5628 δίκαιος
771 5566 987 5634 ἧνεγκε.
1019 5563 1187 5616 Τοῦτο
1208 5563 1264 5616 δὲ
1289 5563 1381 5617 καὶ
1403 5564 1494 5617 ἐπὶ
1525 5564 1634 5617 τῶν
1661 5583 1844 5638 σωμα-

206 5653 359 5706 τικῶν
408 5651 592 5704 παθῶν
628 5651 941 5721 συμϐαίνειν
987 5650 1138 5714 ἐθος·
1181 5651 1397 5706 ἐπειδὰν
1423 5653 1533 5724 γὰρ
1565 5655 1658 5708 δύο
1703 5660 1843 5713 κατά

207 5738 355 5792 ταὺτδ
387 5737 531 5808 πάθη
572 5737 828 5808 πολιορκῇ
852 5738 913 5791 τὸ
951 5736 1106 5807 σῶμα
1142 5737 1202 5790 τὸ
1229 5739 1513 5810 ἡμέτερον,
1540 5743 1573 5812 ἡ
1599 5741 1692 5796 τοῦ
1720 5745 1838 5811 ἐνὸς

209 5826 433 5888 ἐπίτασις
478 5825 820 5896 ἀποκρύπτει
872 5825 932 5878 τὸ
976 5826 1197 5897 ἕτερον,
1232 5828 1326 5881 καὶ
1369 5828 1477 5883 ὅλοι
1517 5832 1615 5902 τῆς
1645 5831 1836 5907 ὀδύνης

209 5914 395 5983 ἐκείνης
424 5911 702 5982 γινόμεθα,
724 5913 817 5965 καὶ
839 5911 1091 5975 πολλάκις
1115 5915 1234 5970 οὑδὲ
1256 5916 1502 5988 αἴσθησιν
1528 5919 1620 5974 τοῦ
1650 5921 1832 5994 ἐτέρου

464 6009 734 6068 Ρλτκοι..
770 6006 887 6066 Gn.
924 6004 1075 6065 LIV.

1340 282 1403 334 IN
1437 283 1584 337 CAP.
1630 283 1725 337 XX
1767 284 2014 340 GENES.
2058 289 2288 344 "OMIL.
2333 293 2490 351 XLV.

3535 315 3638 369 “6

1986 403 2352 479 λαμϐάνομεν,
2391 410 2490 479 τῆς
2525 412 2723 484 πολλῆς
2754 415 2940 484 ὀδύνης
2977 417 3329 489 περισπώσης
3370 421 3534 491 ήμίς,
3558 428 3649 478 καὶ

1983 491 2083 542 οὑκ
2117 494 2368 566 ἀφιείσης
2393 497 2487 549 τοῦ
2520 498 2799 562 ἐλάττονος
2837 502 3040 565 πάθους
3080 507 3272 575 πεῖραν
3319 507 3522 562 λαϐεῖν.
3553 513 3656 564 Τὸν

1986 577 2148 630 αὑτὸν
2177 579 2241 650 δὴ
2276 583 2474 649 τρόπον
2501 586 2592 636 καί
2618 587 2644 637 6
2668 585 2872 650 δίκαιος
2897 581 3050 652 οὗτος
3079 591 3172 643 νῦν
3197 594 3338 664 ὁρῶν
3366 594 3456 647 τοῦ
3491 595 3653 652 θανά-

1980 680 2074 716 του
2093 665 2181 717 τὸν
2201 667 2362 730 φόϐον
2377 671 2740 741 ἐπικείμενον,
2758 674 2933 726 πάντα
2955 676 3020 727 τὰ
3041 677 3200 731 λοιπά
3218 681 3425 750 φορητά
3445 685 3653 752 ἠγεῖτο.

1993 749 2152 802 Ἀλλά
2179 753 2345 806 ταῦτα
2370 755 2601 820 ἀκούων,
2624 760 2893 828 ἀγαπητὲ,
2924 763 2998 831 μὴ
3025 765 3308 833 καταγνῷς
3331 749 3421 819 τοῦ
3445 749 3654 822 δικαίου

1983 838 2370 908 μικροψυχίαν,
2403 843 2450 893 εἰ
2492 843 2582 896 τὸν
2613 845 2839 898 θάνατον
2865 848 3119 902 ἐδεδοίκει
3143 863 3157 876 ⁸
3201 851 3335 904 ἀλλά
3371 853 3654 923 Θαύμασον

1977 923 2071 976 τοῦ
2096 925 2308 978 πάντων
2327 929 2481 996 ήμῶν
2499 932 2768 985 Δεσπὸτου
2786 933 2880 1004 τὴν
2901 936 2998 986 ὑπε
3008 935 3234 1005 ρϐάλλου
3244 955 3339 990 σαν
3362 957 3426 990 πε
3437 941 3488 1009 ρὶ
3508 943 3654 1011 ήμᾶς

1978 1011 2416 1082 φιλανθρωπίαν,
2442 1016 2523 1068 ὃτι
2552 1019 2642 1069 τὸν
2673 1018 2900 1072 θάνατον
2929 1022 3020 1073 τὸν
3044 1025 3154 1086 τοῖς
3175 1024 3400 1085 δικαίοις
3427 1029 3654 1094 ἐκείνοις

1977 1099 2070 1150 καὶ
2122 1100 2296 1167 ἁγίοις
2352 1103 2472 1154 τότε
2509 1105 2771 1176 φοϐερὸν,
2803 1108 2989 1161 τοῦτον
3043 1110 3137 1162 νῦν
3183 1114 3650 1186 εὐκαταφρόνητον

1977 1186 2268 1254 εἰργάσατο
2294 1188 2322 1238 ὁ
2373 1190 2638 1259 Χριστὸς,
2687 1194 2781 1244 καὶ
2813 1193 2872 1244 ὃν
2915 1195 3270 1251 ἐδεδοίκεισαν
3307 1201 3356 1252 οἰ
3408 1202 3653 1273 ἐνάρετοι

1977 1273 2172 1325 ἐκεῖνοι
2224 1274 2318 1326 καὶ
2365 1275 2633 1346 τοσαύτην
2669 1281 2980 1350 παρρησίαν
3013 1284 3146 1351 πρὸς
3189 1286 3280 1338 τὸν
3321 1286 3452 1340 Θεὸν
3485 1290 3649 1360 ἐσχη-

1975 1361 2150 1423 κότες,
2178 1361 2362 1414 τοῦτον
2397 1364 2490 1415 νῦν
2519 1365 2858 1434 καταγελῶσι
2884 1382 2909 1409 λ
2940 1371 3033 1422 καὶ
3061 1372 3168 1425 νέοι
3200 1376 3292 1427 καὶ
3321 1377 3478 1445 κόραι
3511 1379 3652 1431 ἀπα-

1974 1445 2084 1500 λαί.
2118 1448 2254 1500 Οὑδέ
2291 1449 2398 1519 γάρ
2449 1449 2675 1514 θάνατός
2717 1451 2867 1525 [459]
2917 1456 3032 1508 ἐστι
3072 1457 3288 1524 λοιπὸν,
3329 1461 3443 1513 ἀλλ’
3486 1462 3651 1528 ὕπνος

1975 1532 2070 1584 καὶ
2098 1533 2394 1603 ἀποδημία,
2433 1537 2522 1588 καὶ
2551 1539 2879 1606 μετάστασις
2906 1542 3012 1594 ἀπὸ
3041 1544 3148 1596 τῶν
3182 1546 3441 1616 χειρόνων
3463 1550 3552 1602 ἐπὶ
3580 1554 3651 1604 τά

1976 1618 2188 1687 βελτίω.
2241 1619 2298 1672 '0
2340 1622 2448 1692 γάρ
2496 1622 2723 1688 θάνατος
2767 1627 2862 1679 τοῦ
2896 1629 3166 1683 Δεσπότου
3211 1634 3309 1702 τὴν
3351 1634 3650 1688 ἀθανασίαν

1973 1707 2104 1774 ἡμῖν
2144 1707 2458 1777 ἐδωρήσατο
2481 1749 2495 1771 ,
2534 1712 2628 1763 καὶ
2660 1713 2934 1768 κατελθὼν
2969 1717 3047 1778 εἰς
3094 1717 3182 1769 τὸν
3227 1719 3357 1788 ᾅδην
3398 1721 3650 1787 ἐξέλυσεν

1973 1791 2139 1844 αὑτοῦ
2179 1794 2246 1845 τά
2279 1794 2462 1865 νεῦρα,
2504 1798 2597 1849 καὶ
2630 1799 2727 1868 τὴν
2762 1801 2913 1870 ἰσχὺν
2949 1802 3111 1854 αὑτοῦ
3145 1804 3390 1858 καθεῖλε⁸
3430 1809 3520 1860 καὶ
3557 1810 3648 1862 τὸν

1975 1879 2204 1948 φοϐερὸν
2234 1879 2339 1950 πρὸ
2366 1882 2555 1934 τούτου
2585 1885 2677 1936 καὶ
2705 1886 3040 1955 ἀμείλικτον,
3077 1889 3264 1943 τοῦτον
3293 1893 3464 1956 οῦτως
3486 1897 3651 1949 εὑκα-

1971 1969 2307 2035 ταφρόνητον
2335 1970 2646 2035 εἰργάσατο,
2674 1972 2748 2035 ὡς
2772 1975 2861 2026 καὶ
2895 1977 3165 2047 ἐπιπηδᾷν
3197 1996 3345 2042 τινας
3383 1983 3476 2034 καὶ
3509 1984 3650 2036 ἐπεί-

1972 2053 2162 2118 γεσθαι
2202 2054 2336 2124 πρὸς
2377 2056 2474 2125 τὴν
2514 2058 2760 2110 ἐντεῦθεν
2804 2062 3155 2130 μετάστασιν.
3203 2068 3297 2118 Διὰ
3342 2067 3500 2121 τοῦτο
3552 2072 3648 2124 καὶ

1974 2139 2184 2201 Παῦλος
2211 2142 2311 2212 βοᾷ
2327 2142 2518 2210 λέγων,
2545 2145 2614 2196 Τὸ
2646 2146 2947 2201 ἀναλῦσαι
2978 2151 3073 2203 καί
3103 2152 3225 2204 σὺν
3243 2156 3473 2220 Χοιστῴ
3493 2154 3646 2210 εἶναι

1973 2226 2180 2290 πολλῷ
2203 2228 2447 2295 μᾶλλον
2484 2231 2794 2298 κρεῖσσον.
2837 2234 2997 2287 Ἀλλά
3030 2237 3199 2292 ταῦτα
3238 2241 3335 2308 μὲν
3377 2243 3469 2293 νῦν
3505 2245 3646 2312 μετὰ

1973 2313 2069 2380 τὴν
2101 2313 2194 2364 τοῦ
2227 2315 2462 2386 Χριστοῦ
2492 2319 2811 2388 παρουσίαν,
2848 2321 2984 2390 μετά
3031 2323 3087 2376 τὸ
3122 2325 3521 2396 συγκλασθῆναι
3547 2331 3646 2393 τὰς

1973 2399 2143 2462 πύλας
2178 2401 2275 2464 τὰς
2305 2404 2541 2471 χαλκᾶς,
2583 2406 2719 2474 μετά
2768 2407 2826 2459 τὸ
2860 2411 3133 2480 πανταχοῦ
3175 2413 3274 2481 τῆς
3327 2417 3645 2487 οἰκουμένης

1971 2485 2062 2538 τὸν
2098 2486 2245 2553 ἥλιον
2289 2491 2386 2558 τῆς
2418 2490 2760 2563 δικαιοσύνης
2800 2495 3097 2565 ἐκλάμψαι.
3134 2499 3263 2552 Τότε
3287 2501 3340 2553 δέ
3380 2503 3458 2554 ἔτι
3482 2485 3643 2571 φοϐε-

1973 2569 2070 2638 ράν
2098 2566 2209 2640 εἶχε
2231 2573 2327 2642 τὴν
2355 2576 2752 2644 πρόσοψιν,καί
2776 2581 3023 2634 κατέσειε
3049 2583 3152 2634 τῶν
3179 2585 3401 2638 δικαίων
3425 2590 3644 2642 ἐκείνων

1971 2656 2177 2727 ἀνδρῶν
2213 2659 2308 2728 τὴν
2351 2660 2622 2714 διάνοιανο
2656 2664 2737 2716 διὸ
2782 2667 2874 2718 καὶ
2927 2669 3101 2721 πάντα
3134 2669 3201 2723 τά
3257 2672 3390 2725 ἄλλα
3429 2675 3642 2744 κούφως

1971 2743 2184 2814 ἔφερον,
2215 2746 2319 2799 κᾶν
2363 2749 2611 2819 ἀφόρητα
2648 2751 2943 2821 ἐτύγχανεν
2971 2754 3118 2809 ὄντα.
3151 2757 3248 2810 Διά
3283 2759 3440 2813 τοῦτο
3478 2763 3570 2816 καὶ
3615 2767 3642 2817 6

1969 2831 2176 2895 δίκαιος
2230 2831 2382 2899 οὗτος
2429 2837 2758 2908 φοϐούμενος
2790 2839 2899 2893 τῶν
2934 2843 2991 2895 ἐν
3044 2844 3306 2916 Γεράροις
3352 2849 3641 2903 οἰκούντων

1970 2918 2064 2989 τὴν
2096 2921 2404 2993 ἐπιϐουλὴν,
2445 2925 2544 2995 οὑχ
2577 2925 2652 2988 ὡς
2687 2931 2950 2995 γυναῖκα,
2984 2931 3096 2983 ἀλλ’
3143 2933 3218 2996 ὡς
3275 2935 3507 3008 ἀδελφὴν
3541 2941 3639 2992 ἐπ-

1969 3007 2263 3076 αγόμενος,
2299 3010 2440 3064 οὑτω
2467 3012 2564 3084 τὴν
2599 3015 2830 3069 ἐνταῦθα
2872 3019 3200 3090 παροίκησιν
3241 3007 3488 3080 ποιεῖται.
3531 3027 3639 3082 Καὶ

1969 3094 2218 3166 καθάπερ
2249 3098 2327 3158 εἰς
2348 3097 2445 3168 τὴν
2471 3101 2742 3167 Αἴγυπτον
2773 3103 3054 3158 κατελθεῖν
3075 3107 3235 3159 αὑτὸν
3261 3111 3638 3184 συνεχώρησεν

1967 3182 1996 3234 ὁ
2028 3181 2181 3246 Θεὸς,
2221 3182 2540 3254 βουλόμενος
2585 3188 2675 3240 καὶ
2719 3191 2839 3253 τοὺς
2877 3192 3198 3262 ἀγνώμονας
3247 3181 3495 3262 ἐκείνους
3529 3181 3639 3254 ’καὶ

1971 3269 2326 3340 ἀναισθήτους
2357 3271 2450 3324 τοῦ
2492 3273 2700 3328 δικαίου
2737 3276 2929 3346 μαθεῖν
2957 3281 3056 3350 τὴν
3104 3282 3332 3351 ἀρετήν·
3371 3283 3514 3339 οὕτω
3545 3289 3636 3340 καὶ

1969 3355 2200 3409 ἐνταῦθα
2245 3357 2342 3428 τὴν
2387 3361 2594 3414 οἰκείαν
2637 3363 3015 3434 μακροθυμίαν
3061 3367 3425 3423 ἐπιδείκνυται
3463 3373 3491 3424 ὑ
3541 3377 3635 3426 Δε-

1970 3442 2193 3513 σπότης,
2223 3444 2308 3497 ἵνα
2341 3445 2434 3497 καὶ
2466 3445 2558 3499 τοῦ
2594 3447 2856 3520 δικαίουὴ
2896 3452 3140 3524 ὑπομονὴ
3173 3454 3261 3509 διὰ
3302 3457 3518 3511 πάντων
3543 3461 3636 3512 ἐκ·

1967 3529 2174 3600 λάμψῃ,
2211 3533 2304 3584 καὶ
2348 3534 2381 3604 ἡ
2412 3533 2503 3586 τοῦ
2537 3535 2670 3588 Θεοῦ
2709 3539 2836 3608 περ)⁸
2881 3540 3042 3593 αὑτὸν
3081 3541 3260 3596 εὔνοια
3299 3547 3429 3598 πᾶσι
3463 3548 3633 3600 κατάο

1965 3617 2124 3688 δηλος
2157 3619 2398 3690 γένηται.
2441 3623 2778 3700 Ἀπέστειλε
2807 3625 2875 3678 δὲ
2911 3629 3216 3699 ’Λόιμέλεχ
3257 3634 3290 3684 ό
3330 3633 3634 3700 βασιλεὺς

1967 3708 2264 3777 Γεράρων,
2301 3713 2509 3765 λαϐεῖν
2537 3699 2927 3784 τῆν’Σάῤῥαν.
2973 3720 3249 3790 Ἐννόησόν
3281 3739 3368 3791 μοι
3399 3723 3490 3778 τὸν
3519 3743 3631 3795 χει-

1971 3795 2124 3864 μῶνα
2149 3796 2254 3848 τῶν
2275 3795 2570 3867 λογισμῶν,
2595 3794 2670 3852 ὧν
2706 3803 2996 3871 ὑπέμεινεν
3019 3805 3047 3854 ὁ
3073 3805 3278 3870 δίκαιος
3297 3808 3438 3878 ὁρῶν
3464 3794 3630 3865 αὑτοῦ

1965 3883 2064 3952 τὴν
2085 3886 2312 3950 γυναῖκα
2337 3886 2710 3956 ἀπαγομένην,
2729 3891 2820 3943 καὶ
2849 3890 3000 3942 οὑδέν
3018 3891 3310 3962 δυνάμενος
3333 3897 3625 3967 ἐπαμῦναι.

1967 3971 2097 4043 Σιγῇ
2133 3973 2241 4044 γὰρ
2272 3975 2485 4030 ἅπαντα
2512 3975 2724 4048 ἔφερεν,
2743 3977 2896 4041 εἰδὼς
2921 3980 2999 4032 ὃτι
3040 3982 3102 4032 οὑ
3133 3983 3443 4052 περιόψεται
3467 3987 3627 4040 αὑτὸν

1964 4064 1993 4116 6
2021 4064 2314 4134 Δεσπότης,
2346 4065 2480 4118 ἀλλά
2514 4070 2736 4136 ταχεῖαν
2764 4067 2990 4139 παρέξει
3024 4071 3123 4141 τὴν
3154 4075 3490 4143 συμμαχίαν.
3517 4078 3628 4130 Καὶ

1964 4147 2064 4218 τῆς
2098 4149 2311 4218 Σάρρας
2334 4149 2389 4201 δέ
2421 4149 2696 4220 θαυμάσαι
2719 4150 2832 4204 ἐστι
2863 4152 2958 4222 τὴν
2985 4154 3182 4224 πολλὴν
3222 4156 3622 4230 φιλοστοργίαν,

1965 4232 2083 4296 πῶς
2118 4234 2211 4285 τοῦ
2250 4235 2491 4288 κινδύνου
2535 4236 2628 4289 τοῦ
2674 4237 2902 4291 θανάτου
2945 4239 3036 4292 τὸν
3081 4241 3285 4296 δίκαιον
3318 4243 3623 4315 ἐξαρπάσαι

1964 4317 2262 4388 βουλομένη
2283 4337 2294 4348 ⁸
2323 4319 2448 4390 ἐξῆν
2477 4321 2583 4394 γάρ
2610 4322 2776 4393 αὐτὴν
2802 4323 3184 4394 ἐκκαλύψασαν
3204 4329 3262 4380 τὸ
3286 4329 3484 4400 δρᾶμα,
3511 4332 3623 4386 δια-

1963 4409 2152 4473 φυγεῖν
2176 4407 2273 4475 τὴν
2298 4407 2730 4479 ὁμολογουμένην
2749 4410 2903 4481 ὓϐριν
2919 4429 2931 4442 ·
2957 4413 3068 4465 ἀλλ’
3097 4415 3384 4485 ὑπέμεινεν
3409 4419 3622 4476 ἅπαντα

1961 4494 2240 4559 γενναίως,
2265 4495 2349 4545 ἵνα
2376 4493 2452 4563 τῷ
2479 4495 2667 4567 δικαίῳ
2689 4497 2784 4566 τὴν
2811 4500 3081 4569 σωτηρίαν
3111 4505 3616 4577 πραγματεύσηται.

1962 4578 2072 4632 Καὶ
2109 4579 2412 4650 ἐπληροῦτο
2445 4582 2620 4636 ἐκεῖνο
2661 4584 2722 4636 τὸ
2767 4586 3074 4657 εἰρημένον,
3119 4589 3199 4642 ὅτι
3246 4592 3526 4647 Ἔσονται
3563 4598 3619 4648 οί

1958 4663 2067 4719 δύο
2093 4669 2180 4732 εἰς
2213 4665 2410 4734 σάρκα
2433 4669 2596 4737 μίαν.
2621 4669 2832 4741 Ὥσπερ
2861 4675 2968 4744 γὰρ
2999 4675 3092 4744 μία
3121 4676 3254 4747 σὰρξ
3276 4677 3445 4745 ὄντες,
3477 4679 3618 4733 οὕτω

1957 4753 2055 4823 τῆς
2084 4753 2326 4823 ἀλλήλων
2357 4756 2629 4826 σωτηρίας
2669 4757 2940 4828 ἐκήδοντο,
2979 4762 3073 4814 καὶ
3100 4765 3367 4833 τοσαύτην
3406 4765 3612 4819 ἐπεδεί-

1958 4857 2150 4892 κνυντο
2177 4841 2272 4910 τὴν
2299 4841 2570 4911 ὁμόνοιαν,
2605 4842 2679 4905 ὡς
2705 4844 2762 4897 ἓν
2797 4844 2954 4916 σῶμα
2998 4851 3354 4920 τυγχάνοντες
3384 4851 3476 4903 καὶ
3516 4853 3613 4921 μία

1955 4925 2123 4996 ψυχή.
2148 4927 2333 4980 Ταῦτα
2360 4929 2702 4982 ἀκουέτωσαν
2726 4931 2936 5002 ἄνδρες,
2960 4936 3300 4990 ἀκουέτωσαν
3326 4939 3574 5003 γυναῖκες
3595 4956 3610 4970 ·

1955 5017 2230 5081 γυναῖκες,
2265 5016 2348 5068 ῖνα
2381 5017 2648 5087 τοσαύτην
2674 5021 2802 5090 περὶ
2831 5023 2956 5084 τοὺς
2977 5024 3173 5093 ἄνδρας
3207 5024 3303 5092 τὴν
3335 5023 3612 5096 φιλοστορ-

1955 5103 2079 5170 γίαν
2134 5104 2544 5169 ἐπιδεικνύωσι,
2589 5107 2683 5159 καὶ
2731 5108 2895 5178 μηδὲν
2936 5110 3118 5178 ἕτερον
3161 5110 3464 5180 προτιμῶσι
3512 5114 3610 5182 τῆς

1955 5190 2174 5243 ἐκείνων
2202 5192 2471 5262 σωτηρίας
2489 5210 2504 5224 ·
2539 5194 2631 5246 καὶ
2659 5194 2866 5264 ἄνδρες,
2895 5195 2959 5247 ἵν’
2981 5195 3120 5246 οὑτω
3141 5195 3336 5264 πολλὴν
3359 5197 3457 5266 τὴν
3483 5202 3610 5270 περὶ

1953 5278 2121 5338 αὑτὰς
2143 5276 2355 5329 εῦνοιαν
2378 5279 2560 5348 ἔχωσι,
2579 5282 2673 5333 καὶ
2701 5280 2775 5342 ὡς
2808 5279 2931 5347 μίαν
2957 5281 3134 5349 ψυχήν
3166 5281 3486 5350 κεκτημένοι
3515 5288 3607 5338 καὶ

1951 5363 2010 5417 ἰν
2050 5363 2207 5432 σῶμα
2237 5364 2407 5427 ὄντες,
2431 5366 2573 5418 οὑτω
2600 5366 2773 5419 πάντα
2799 5365 3249 5437 διαπράττωνται.

2015 5473 2064 5543 γ’
2070 5474 2258 5528 ,Τοῦτο
2276 5475 2385 5544 γὰρ
2399 5474 2593 5543 ἀληθὲς
2608 5474 3088 5540 συνοικέσιον,ὅταν
3099 5478 3329 5549 τοσαύτη
3356 5480 3412 5530 ἐν
3429 5481 3608 5545 αὑτοῖς

1952 5560 2298 5630 πολιτεύηται
2346 5561 2633 5630 συμφωνία
2653 5601 2668 5624 ,
2699 5563 2826 5615 ὅταν
2854 5561 3103 5624 τοσοῦτος
3129 5559 3163 5636 ᾖ
3217 5567 3246 5618 ὁ
3281 5564 3572 5636 σύνδεσμος
3591 5609 3607 5633 ,

1951 5649 2077 5701 ὅταν
2105 5648 2273 5714 οὑτως
2297 5643 2399 5702 ὦσι
2427 5652 2491 5720 τῇ
2525 5650 2713 5721 ἀγάπῃ
2744 5650 3178 5720 συνεσφιγμένοι.
3208 5654 3475 5724 καθάπερ
3504 5654 3613 5725 γὰρ

1953 5735 2110 5806 σῶμα
2155 5739 2291 5808 πρὸς
2341 5738 2500 5792 ἑαυτὸ
2548 5737 2648 5790 οὑκ
2696 5740 2760 5792 άν
2795 5756 2924 5792 ποτε
2973 5737 3457 5801 διαστασιάσειεν,
3495 5740 3614 5792 οὑδὲ

1951 5824 2096 5894 ψυχὴ
2131 5825 2265 5894 πρὸς
2298 5827 2523 5896 ἑαυτήν·
2571 5825 2744 5891 οὑτως
2776 5828 2941 5898 ἄνδρα
2974 5826 3067 5879 καὶ⁵
3108 5839 3360 5894 γυναῖκα
3401 5827 3459 5877 οὑ
3509 5824 3616 5875 δια·

2017 5929 2039 5954 ³
2067 5926 2287 5990 Quinque
2310 5943 2419 5978 mss.
2442 5927 2612 5977 τούτου
2639 5931 2720 5979 νῦν
2741 5932 3057 5983 καταγελῶσι.

3197 5997 3248 6057 3
