4072 6216
271 336 370 395 4ίῖ

269 453 413 508 tinita
435 449 566 520 ipsis
592 445 814 502 afﬂuere
845 449 1116 516 poterunt.
1144 441 1276 496 Nam
1307 440 1395 496 ubi
1423 439 1707 496 concordia
1731 479 1747 505 ,
1777 437 1849 492 ibi

269 548 532 604 bonorum
560 541 859 604 conﬂuxus,
889 538 960 594 ibi
984 553 1108 608 pax,
1131 537 1200 591 ibi
1227 535 1442 598 caritas,
1471 534 1542 588 ibi
1564 531 1855 603 spiritualis

268 639 449 696 laetitia
481 655 494 691 :
527 636 724 690 nullum
762 633 994 698 bellum,
1022 631 1162 684 nulla
1194 630 1305 683 rixa
1332 646 1346 683 ε
1374 642 1633 696 nusquam
1675 625 1855 679 inimi-

268 731 407 786 citia:
438 735 492 782 et
518 723 791 781 contentio
822 723 951 778 :sed
982 723 1096 776 haec
1126 721 1303 775 omnia
1331 735 1361 775 e
1387 719 1565 773 medio
1595 717 1854 771 tolluntur

269 835 367 890 per
403 815 745 873 concordiam
771 857 786 882 ,
825 814 1087 868 bonorum
1145 813 1381 866 omnium
1427 810 1696 872 radicem,
1737 823 1854 876 qua:

271 911 444 966 omnia
476 909 564 964 illa
593 907 752 962 simul
777 905 975 960 abolet.
1006 906 1061 958 2.
1097 904 1238 957 Misit
1265 915 1431 957 autem
1454 901 1736 956 Abimeleclt
1768 915 1856 954 rex

273 1003 606 1066 (ierarorum,
635 1011 679 1054 et
707 1000 901 1068 accepit
947 999 1178 1052 Sarram.
1211 999 1262 1051 ὅ.
1289 996 1356 1049 Et
1394 997 1597 1050 intravit
1624 994 1756 1048 Dcus
1787 994 1854 1046 ad

269 1093 553 1150 Abimelech
579 1093 630 1146 in
655 1109 828 1146 somno
859 1093 871 1123 '
903 1100 1050 1144 noctu
1073 1133 1086 1156 ,
1119 1100 1163 1143 et
1192 1090 1320 1142 dixit
1345 1104 1362 1142 :
1390 1085 1520 1142 Ecce
1550 1098 1600 1140 tu
1630 1087 1854 1140 morieris

266 1195 472 1257 propter
498 1184 778 1248 mulierem,
797 1199 946 1253 quam
968 1181 1217 1236 abstulisti
1237 1198 1255 1235 :
1275 1181 1371 1234 ista
1400 1191 1566 1233 autem
1592 1180 1855 1232 contuber-

266 1277 400 1332 nalis
450 1287 521 1331 est
573 1277 698 1331 viro.
730 1275 864 1331 Vide
905 1275 998 1329 Dei
1039 1274 1375 1328 clementiam
1409 1293 1424 1326 :
1458 1274 1580 1344 quia
1615 1273 1746 1327 vidit
1771 1272 1854 1341 ju-

264 1377 405 1423 stum
429 1378 644 1438 propter
665 1378 862 1421 metum
889 1367 1074 1420 mortis
1113 1367 1324 1420 Sarram
1352 1366 1449 1418 sibi
1476 1365 1702 1418 ablatam
1735 1377 1854 1418 esse

265 1459 480 1516 fortiter
507 1460 649 1515 ferre
674 1502 688 1525 ,
723 1468 776 1514 et
808 1474 988 1528 regem
1010 1474 1133 1512 eam
1167 1466 1222 1512 ut
1252 1472 1494 1511 sororem
1519 1455 1646 1524 justi
1683 1454 1852 1508 abdu-

265 1566 424 1616 cere,
451 1566 604 1605 suam
645 1550 862 1605 demum
913 1550 1149 1604 declarat
1201 1547 1624 1617 providentiam,
1655 1547 1854 1614 justum

263 1657 479 1713 quoque
509 1641 851 1695 illustriorem
881 1639 1076 1703 reddit,
1100 1649 1152 1692 et
1179 1639 1391 1692 Sarram
1420 1638 1486 1691 ab
1529 1637 1738 1705 injuria,
1767 1653 1854 1692 re-

261 1749 388 1805 gem
416 1750 550 1790 vero
580 1749 606 1786 a
639 1741 860 1802 peccato
886 1733 1094 1786 liberat.
1125 1728 1191 1784 Et
1227 1731 1460 1796 intravit,
1482 1731 1686 1800 inquit,
1720 1728 1857 1784 Deus

261 1827 334 1880 ad
375 1825 662 1878 Abimelech
717 1824 770 1876 in
813 1839 989 1877 somno
1042 1833 1212 1876 noctu.
1257 1822 1361 1876 Per
1406 1823 1577 1890 ipsum
1605 1863 1620 1886 ,
1656 1821 1851 1890 inquit,

260 1918 446 1974 somni
477 1926 684 1986 tempus
713 1916 921 1984 eripere
941 1931 1060 1968 eum
1089 1915 1273 1967 volens
1299 1913 1366 1966 ab
1390 1913 1685 1981 iniquitate,
1711 1912 1857 1966 dedit

258 2009 439 2064 menti
477 2008 594 2077 ejus
634 2007 910 2062 scientiam
955 2015 1008 2060 et
1050 2004 1258 2058 occulta
1305 2004 1690 2066 manifestarit,
1722 2003 1858 2056 mul-

261 2109 489 2170 tumque
519 2107 717 2153 metum
757 2096 906 2151 auxit
927 2094 1324 2150 interminando
1348 2102 1596 2148 mortem.
1628 2092 1859 2146 Morieris

258 2191 436 2256 enim,
471 2189 660 2259 inquit,
691 2198 898 2257 propter
922 2185 1181 2240 mulierem
1200 2226 1214 2251 ,
1247 2201 1396 2255 quam
1426 2185 1678 2237 abstulisti
1711 2199 1729 2238 :
1759 2185 1856 2237 ista

257 2292 436 2336 autem
479 2280 853 2335 contubernalis
897 2288 968 2332 est
1012 2279 1136 2332 viro.
1170 2279 1224 2332 4.
1258 2277 1539 2331 Abimelech
1568 2286 1732 2330 autem
1760 2292 1860 2330 non

257 2375 502 2445 tetigerat
535 2373 699 2426 illam.
738 2371 863 2426 Hsec
888 2381 1066 2424 autem
1109 2369 1285 2425 omnia
1318 2368 1454 2423 facta
1483 2377 1637 2433 sunt,
1670 2377 1727 2421 ut
1769 2368 1860 2422 Dei

257 2465 556 2537 promissio
609 2463 745 2517 facta
812 2461 1132 2534 patriarcha:
1188 2459 1519 2529 impleretur.
1579 2459 1861 2512 Enimvero

255 2561 386 2630 quia
419 2558 579 2629 paulo
609 2564 766 2612 antea
793 2555 892 2625 ipsi
922 2554 1239 2624 promiserat
1283 2551 1429 2607 Isaac
1466 2565 1588 2606 esse
1626 2551 1859 2604 nascitu-

254 2669 408 2720 rum,
434 2661 490 2706 et
529 2665 696 2722 prope
733 2649 919 2704 aderat
963 2658 1209 2717 tempus:
1236 2653 1296 2700 ut
1333 2659 1401 2700 ne
1449 2645 1574 2714 quid
1622 2642 1863 2698 officeret

256 2744 612 2817 promissioni
639 2743 752 2807 Dei,
773 2749 976 2795 tantum
1001 2740 1247 2793 timerent
1276 2737 1326 2790 in
1351 2734 1658 2790 Abimelcch
1688 2732 1862 2788 immi-

254 2839 353 2904 sit,
373 2845 439 2892 ut
465 2835 742 2905 perculsus
767 2833 945 2888 animo
965 2831 1180 2886 Sarram
1207 2830 1465 2899 attingere
1487 2844 1590 2883 non
1617 2827 1853 2881 auderet.

253 2929 500 2998 Promer
533 2928 633 2981 hoc
662 2927 802 2980 enim
829 2924 1024 2992 adjecit
1043 2922 1220 2976 divina
1247 2921 1555 2990 Scriptura:
1576 2918 1858 2972 Αὸἱιηειεειι

253 3038 367 3076 non
405 3019 642 3089 tetigerat
669 3017 811 3070 illam
842 3029 861 3067 :
889 3013 981 3068 sed
1007 3022 1060 3067 et
1086 3013 1152 3067 de
1184 3012 1418 3065 facinore
1443 3025 1502 3064 se
1538 3009 1774 3064 defendit
1800 3024 1862 3065 ac

252 3113 398 3168 dicit
432 3131 446 3164 :
483 3109 720 3176 Domine,
746 3117 943 3179 gentem
975 3107 1168 3176 justam
1207 3113 1254 3158 et
1295 3105 1604 3174 ignorantem
1641 3102 1816 3172 perdes
1838 3102 1864 3156 ?

251 3202 540 3273 Numquid
572 3201 768 3266 sciens,
799 3199 986 3270 inquit,
1020 3212 1238 3253 uxorem
1262 3197 1378 3266 ejus
1400 3211 1516 3251 esse
1543 3237 1556 3261 ,
1583 3195 1686 3250 hoc
1717 3196 1860 3250 feci?

255 3295 532 3366 numquid
584 3294 773 3364 injuria
813 3293 1154 3362 peregrinum
1201 3289 1416 3344 afﬁcere
1453 3287 1674 3342 volens?
1703 3303 1861 3341 num-

253 3387 395 3458 quid
455 3394 513 3440 ut
565 3399 787 3438 uxorem
843 3382 958 3452 ejus
1011 3379 1297 3435 auferens?
1342 3379 1411 3435 Ut
1458 3394 1696 3434 sororem
1742 3395 1859 3433 eam

253 3486 589 3548 accepturus
611 3475 711 3529 hoc
740 3475 844 3545 egi,
873 3483 1020 3528 ratus
1043 3474 1143 3527 hoc
1163 3472 1378 3527 nomine
1403 3480 1455 3527 et
1479 3472 1620 3526 hunc
1646 3482 1699 3526 et
1717 3473 1858 3527 illam

253 3569 548 3626 honorari.
571 3566 777 3621 Gentem
799 3567 979 3636 igitur,
992 3565 1186 3634 justam
1209 3574 1253 3618 et
1297 3565 1612 3635 ignorantem
1651 3565 1862 3636 perdes?

256 3679 438 3720 mene
479 3661 606 3731 justi
651 3659 831 3714 ofﬁcio
874 3658 1108 3712 functum
1141 3657 1333 3726 perdes
1356 3657 1414 3710 ’ἲ
1441 3657 1640 3713 Deinde
1669 3658 1864 3712 clarius

248 3757 510 3813 atterens
558 3751 702 3821 quod
757 3750 998 3815 dicebat,
1033 3751 1240 3819 inquit:
1275 3750 1328 3805 5.
1367 3748 1549 3802 Nonne
1591 3752 1698 3820 ipse
1740 3752 1864 3803 mitti

251 3849 424 3909 dixit,
459 3844 622 3900 Soror
651 3859 762 3896 mea
800 3852 872 3895 est
893 3883 906 3906 ,
952 3850 998 3894 et
1027 3841 1141 3908 ipsa
1166 3841 1288 3893 nti/ti
1317 3840 1480 3905 dixit,
1514 3838 1698 3894 Frater
1725 3858 1864 3895 meus

249 3940 386 3997 est?
418 3935 556 3992 Vide
594 3950 713 3990 cum
764 3942 965 4004 quanto
1009 3946 1272 3987 consensu
1326 3941 1382 3987 et
1435 3933 1719 3987 concordia
1764 3933 1865 3988 hoc

247 4032 506 4105 egerint.
527 4029 593 4083 Et
618 4029 751 4098 ipse,
783 4027 970 4098 inquit,
992 4025 1092 4080 hoc
1119 4025 1248 4079 mihi
1279 4025 1411 4079 dixit
1432 4067 1445 4090 ,
1477 4034 1530 4080 et
1558 4024 1670 4095 ipsa
1698 4025 1864 4080 adsti-

247 4126 450 4200 pnlata
481 4130 565 4177 cst
583 4120 740 4176 dictis
766 4119 900 4188 ejus.
926 4116 990 4172 In
1014 4117 1164 4173 corde
1185 4134 1335 4186 puro,
1371 4128 1416 4172 et
1443 4119 1493 4170 in
1523 4119 1722 4187 justitia
1750 4135 1862 4171 ma-

247 4233 424 4272 nuum
451 4213 551 4286 feci
576 4213 688 4279 hoc,
722 4211 914 4282 inquit,
942 4225 1048 4265 non
1081 4219 1138 4265 ut
1180 4210 1413 4279 iniquam
1457 4225 1570 4263 rem
1594 4209 1860 4274 facturus,

246 4310 352 4367 sed
381 4317 446 4363 ut
478 4304 769 4376 legitimam
791 4313 844 4358 et
869 4303 1064 4357 licitam
1093 4301 1719 4372 irreprehcnsibilemque
1741 4302 1858 4358 feci.

243 4403 402 4473 Quid
456 4399 622 4471 igitur
677 4397 937 4466 benignus
972 4395 1268 4450 Dominus?
1320 4393 1372 4448 6.
1407 4392 1552 4448 Dixit
1597 4406 1765 4449 autem
1817 4395 1862 4450 ei

241 4494 402 4552 Deus
425 4494 487 4547 in
518 4505 713 4544 somno.
742 4488 869 4543 Vide
894 4485 1162 4557 quomodo
1189 4502 1248 4542 se
1277 4495 1594 4557 attemperat
1623 4488 1861 4542 omnium

244 4589 578 4650 Dominus,
619 4597 769 4638 suam
807 4581 1098 4636 bonitatem
1132 4595 1228 4650 per
1255 4579 1433 4635 omnia
1465 4580 1767 4636 declarans.
1797 4579 1865 4633 Et

243 4698 350 4753 ego
377 4679 500 4736 scio
530 4675 666 4746 quod
695 4674 843 4729 corde
869 4689 996 4743 puro
1015 4674 1107 4727 hoc
1128 4675 1324 4744 feceris.
1347 4673 1490 4739 Seio,
1511 4674 1700 4746 inquit,
1722 4675 1866 4744 ipsos

241 4777 399 4831 hanc
452 4769 691 4826 fabulam
736 4775 1070 4822 commentos
1114 4780 1265 4830 esse,
1298 4774 1351 4820 et
1381 4775 1431 4820 te
1461 4765 1741 4835 deceptum
1773 4782 1866 4821 eo-

240 4883 377 4924 rum
405 4863 583 4920 dictis
612 4860 715 4916 hoc
745 4857 940 4914 fecisse
967 4874 980 4910 :
1011 4856 1080 4910 ob
1107 4856 1238 4921 hoc,
1266 4865 1324 4910 ut
1353 4872 1420 4911 ne
1459 4873 1555 4927 per
1595 4857 1867 4928 deceptio-

241 4973 382 5015 nem
422 4958 574 5011 hanc
604 4967 814 5023 pecces,
849 4948 1061 5020 Peperci
1089 4948 1196 5012 tibi,
1232 4963 1292 5000 ne
1324 4956 1374 5000 tu
1401 4965 1628 5018 peccares
1669 4951 1722 5004 in
1765 4967 1862 5006 me.

240 5053 455 5124 Magna
515 5046 662 5101 verbi
709 5053 791 5099 est
843 5039 1239 5110 attemperatio,
1265 5040 1493 5094 maxima
1539 5041 1742 5096 Domini
1784 5052 1866 5096 est

240 5139 586 5201 clementia.
621 5138 676 5192 In
703 5151 789 5190 me
809 5178 821 5200 ,
857 5133 1061 5205 inquit,
1093 5132 1389 5188 rediturum
1421 5143 1536 5186 erat
1565 5145 1858 5202 peccatum.

329 5236 448 5305 Qui
499 5231 619 5286 colit
670 5245 836 5284 seri-os
881 5228 1012 5292 Dei,
1039 5226 1202 5281 Deum
1231 5227 1366 5280 colit.
1393 5255 1466 5266 ——
1485 5225 1614 5281 Nam
1645 5230 1780 5284 sicut
1813 5231 1862 5283 in

243 5327 592 5389 hominibus
619 5339 739 5379 cum
766 5323 886 5392 quis
926 5323 1157 5392 aliquem
1199 5319 1553 5375 domesticum
1596 5320 1646 5373 in
1701 5323 1865 5377 multo

245 5426 487 5480 honore
518 5414 658 5487 apud
679 5413 955 5469 dominum
981 5429 1134 5469 suum
1187 5412 1376 5482 injuria
1413 5413 1640 5484 quadam
1667 5411 1862 5480 allicit,

312 5549 332 5579 s
350 5551 477 5615 una:
509 5552 671 5615 faces,
697 5539 748 5615 in
765 5554 948 5615 popino,
968 5543 1050 5615 hic
1067 5553 1125 5615 _et
1170 5546 1288 5615 infra
1313 5549 1490 5615 desunt
1526 5556 1572 5606 in
1594 5555 1767 5607 sarilio
1808 5569 1861 5615 ct

233 5610 291 5720 ἐξ
556 5603 779 5664 Ilss.;sod
800 5602 1042 5656 habentur
1065 5608 1113 5656 in
1137 5611 1298 5661 Morel.
1327 5621 1378 5665 et
1398 5602 1858 5685 abigatque—8%

255 5744 352 5857 dp:
388 5728 601 5838 ,ootslin.
627 5731 805 5781 omittit
824 5728 1007 5789 verba.
1033 5729 1307 5794 lmjustt
1331 5730 1486 5801 ofﬁcio
1526 5735 1744 5801 [mictum
1766 5751 1874 5802 per-

1327 325 1394 383 IN
1429 325 1580 382 CAP.
1629 321 1743 380 XX.
1787 319 2032 378 GENES.
2075 321 2300 378 "OMIL.
2345 322 2502 381 XLV.

3445 331 3546 386 “8

1968 437 2067 493 sibi
2107 437 2358 508 iujuriam
2390 437 2581 493 factam
2633 446 2785 508 putat
2830 437 3107 502 dominus,
3135 449 3186 495 et
3218 441 3346 497 dicit
3379 459 3393 497 :
3421 440 3547 498 Mihi

1966 532 2213 602 injuriam
2245 531 2414 587 fecisti
2435 547 2528 602 per
2551 547 2612 587 ea
2643 532 2834 602 quibus
2861 548 2889 588 a
2922 543 2972 588 te
3001 533 3326 590 domesueus
3355 533 3546 606 injuria

1965 634 2042 678 est
2075 623 2297 679 affectus
2331 643 2343 678 :
2377 639 2437 677 ea
2466 624 2606 678 enim
2637 639 2754 694 quin
2785 625 2836 678 in
2867 625 3012 679 illum
3044 627 3465 692 committuntur,
3495 631 3550 684 in

1960 731 2045 768 nte
2072 723 2350 768 transeunt
2382 734 2395 768 :
2430 716 2622 770 eodem
2669 715 2828 770 modo
2851 725 2906 770 et
2928 715 3100 770 bonus
3133 717 3384 772 Dominus
3404 759 3420 784 ,
3444 717 3550 772 Pe-

1959 810 2092 879 perci
2123 810 2229 873 tibi,
2263 809 2451 880 inquit,
2477 820 2534 862 ut
2561 826 2621 863 ne
2648 825 2879 877 peccares
2896 810 2946 862 in
2975 825 3072 864 me.
3091 809 3214 875 Mei,
3249 810 3440 879 inquit,
3471 810 3549 865 fa-

1958 901 2085 954 muli
2121 908 2264 964 sunt,
2294 909 2348 954 et.
2399 901 2534 954 adeo
2583 901 2711 954 mihi
2753 900 3132 963 commendati,
3161 909 3218 955 ut
3254 900 3382 954 mihi
3434 902 3548 956 fieri

1960 993 2260 1046 existiment
2291 1007 2644 1061 quaecumque
2675 992 2779 1045 illis
2809 993 2961 1053 fiunt,
2984 991 3098 1046 sive
3121 992 3256 1046 bona
3291 993 3417 1060 sint,
3437 993 3550 1048 sive

1960 1102 2064 1139 non
2097 1086 2231 1140 bona
2269 1102 2280 1136 :
2318 1083 2596 1155 Pmpterea
2627 1101 2729 1137 non
2759 1083 2930 1136 dimisi
2952 1093 3026 1149 te,
3058 1093 3113 1136 ut
3156 1093 3388 1155 tangeres
3414 1099 3547 1138 ean'.

1958 1178 2218 1245 Quoniam
2275 1194 2520 1247 magnam
2577 1193 2762 1232 eorum
2809 1192 2990 1231 curam
3026 1193 3180 1248 gero,
3210 1180 3384 1233 sciens
3409 1181 3549 1249 quod

1961 1285 2056 1338 per
2086 1270 2436 1338 ignorantiam
2467 1269 2607 1324 hanc
2635 1270 2714 1323 eis
2735 1269 3112 1345 contumeliam
3144 1271 3377 1324 fat-turus
3405 1285 3545 1336 eras,

1965 1361 2176 1430 Peperci
2206 1361 2314 1426 tibi,
2345 1370 2398 1414 ut
2424 1377 2484 1414 nc
2513 1376 2742 1430 peccares
2781 1360 2835 1413 in
2880 1377 2976 1414 me.
3010 1360 3089 1415 Nc
3135 1361 3447 1431 simpliciter
3494 1370 3552 1416 ttt

1960 1454 2264 1524 quempiam
2291 1454 2585 1523 vulgarium
2610 1454 2867 1524 respicias
2889 1451 3031 1507 hunc
3058 1453 3262 1507 virum:
3288 1453 3380 1508 sed
3403 1453 3552 1508 disco

1962 1560 2083 1599 eum
2116 1561 2181 1600 ex
2207 1561 2430 1600 numero
2462 1546 2671 1599 illorum
2705 1560 2845 1612 esse,
2879 1560 3105 1616 quorum
3137 1561 3236 1616 ego
3262 1546 3550 1599 maximam

1961 1652 2141 1692 curam
2181 1653 2344 1708 gero,
2391 1648 2444 1693 et
2480 1639 2569 1708 qui
2597 1639 2939 1707 peculiariter
2964 1638 3069 1693 mei
3112 1647 3255 1693 sunt.
3290 1639 3341 1692 7.
3376 1638 3553 1694 Reddo

1960 1730 2116 1799 igitur
2147 1746 2352 1783 uxorem
2384 1729 2510 1793 viro,
2540 1729 2660 1800 quia
2691 1730 2937 1798 prapheta
2963 1739 3056 1796 est,
3085 1739 3131 1784 et
3161 1731 3326 1784 orabit
3359 1747 3452 1801 pro
3479 1741 3544 1796 te,

1962 1833 2008 1876 et
2035 1823 2184 1876 uiues.
2215 1823 2350 1878 Vide
2383 1823 2655 1893 quomodo
2694 1825 2948 1879 virtutem
2981 1824 3112 1894 justi
3157 1824 3392 1895 detegit:
3425 1841 3551 1896 pro-

1963 1915 2178 1982 phetam
2213 1915 2386 1983 ips::m
2418 1923 2608 1980 vocat,
2639 1924 2693 1969 et
2731 1915 3116 1984 propemodum
3148 1915 3344 1980 efficit,
3372 1926 3429 1970 ttt
3458 1931 3551 1972 rex

1963 2005 2256 2074 supplicem
2281 2019 2338 2059 se
2368 2005 2416 2058 ei
2444 2005 2699 2074 prmbeat.
2729 2004 2906 2059 Orabit
2929 2006 3073 2061 enim
3105 2023 3198 2077 pro
3225 2017 3302 2071 te,
3323 2016 3369 2060 et
3399 2008 3550 2062 vices.

1963 2096 2058 2152 Ille
2087 2097 2282 2152 etenim
2306 2138 2320 2164 ,
2355 2098 2546 2167 inquit,
2569 2099 2770 2153 veritus
2801 2112 2870 2152 ne
2900 2098 3237 2153 occideretur
3266 2114 3294 2151 a
3329 2107 3400 2162 te,
3415 2098 3553 2155 hanc

1964 2189 2282 2243 commdiam
2312 2188 2583 2254 instruxit,
2618 2198 2670 2242 et
2698 2188 2847 2258 quasi
2876 2198 3200 2258 c00peratus
3231 2197 3314 2243 est
3346 2189 3395 2243 in
3425 2204 3553 2244 con-

1964 2282 2236 2335 tumeliam
2289 2281 2464 2335 Sarra:
2495 2298 2508 2332 :
2543 2281 2682 2335 scias
2734 2293 2914 2335 autem
2966 2281 3106 2335 illius
3156 2296 3344 2351 preces
3387 2283 3550 2338 vitam

1965 2375 2058 2429 tibi
2114 2375 2429 2444 pra-bituras
2475 2389 2616 2429 esse.
2647 2374 2849 2429 Deinde
2898 2385 2955 2429 ut
3005 2391 3074 2430 ne
3121 2377 3552 2446 concupiscentia

1967 2467 2227 2538 flagrans,
2266 2477 2321 2521 et
2378 2467 2768 2536 pulchritudine
2821 2465 2998 2522 Sarra:
3049 2468 3259 2534 victus,
3301 2468 3550 2524 mandata

1965 2567 2292 2623 contemnat,
2317 2557 2553 2611 immittit
2581 2565 2637 2611 et
2661 2558 2908 2612 timorem
2931 2599 2945 2623 ,
2969 2567 3024 2612 et
3054 2558 3310 2628 majorem
3339 2573 3552 2629 penam

1968 2649 2197 2702 minatur
2216 2663 2276 2702 se
2301 2647 2662 2702 inducturum.
2695 2648 2845 2714 Quod
2875 2650 2918 2703 si
2946 2665 3046 2703 non
3076 2650 3271 2703 dederis
3295 2691 3308 2716 ,
3336 2651 3550 2722 inquit,

1965 2741 2097 2796 scias
2135 2739 2268 2809 quod
2311 2740 2539 2794 morieris
2575 2750 2627 2794 tu
2673 2751 2718 2794 et
2761 2741 2931 2795 omnia
2980 2751 3086 2796 tua.
3130 2740 3244 2796 Non
3294 2743 3468 2797 solum
3498 2753 3555 2798 tu

1966 2832 2342 2888 inobedientize
2372 2848 2586 2903 ptenam
2620 2832 2767 2900 lues,
2796 2832 2888 2888 sed
2919 2844 2974 2888 et
3002 2832 3180 2888 omnia
3213 2841 3300 2888 tua
3337 2845 3555 2908 propter

1971 2936 2020 2982 te
2047 2941 2192 2980 mors
2218 2925 2425 2996 perdet.
2454 2925 2536 2981 Ob
2564 2926 2664 2980 hoc
2685 2935 2861 2981 autem
2891 2941 2986 2997 per
3013 2935 3220 2996 tempus
3244 2929 3416 2983 noctis
3442 2927 3556 2984 lure

1967 3019 2146 3072 omnia
2174 3017 2314 3072 Deus
2345 3017 2394 3073 ei
2423 3017 2673 3088 loquitur,
2705 3027 2764 3072 ut
2785 3018 2835 3072 in
2861 3017 3039 3088 quiete
3069 3027 3286 3086 accepta
3315 3018 3556 3074 admoni-

1969 3111 2135 3176 tione,
2167 3125 2364 3181 magno
2394 3109 2585 3164 timore
2609 3111 2863 3180 imperata
2894 3110 3068 3165 faciat.
3097 3111 3150 3165 8.
3181 3109 3312 3164 Nam
3337 3108 3552 3177 Statim,

1968 3203 2159 3274 inquit,
2193 3220 2342 3258 mane
2372 3220 2585 3274 surgens
2609 3202 2894 3257 Abimeleclt
2923 3203 3111 3256 vocarit
3133 3220 3312 3274 pueros
3337 3220 3477 3270 suos,
3503 3215 3551 3258 et

1968 3295 2205 3369 loquutus
2224 3305 2295 3349 est
2325 3295 2494 3349 omnia
2527 3295 2672 3347 verba
2701 3292 2810 3347 lttec
2843 3294 2896 3347 in
2924 3310 3073 3348 aures
3094 3311 3286 3348 eorum.

2039 3388 2092 3442 4.
2129 3386 2261 3441 Vide
2299 3386 2568 3457 quomodo
2611 3401 2706 3439 rex
2753 3384 2811 3438 fit
2841 3400 3016 3454 pra'co
3047 3385 3256 3440 virtutis
3278 3385 3406 3456 justi
3443 3430 3457 3454 ,
3501 3397 3556 3444 et

1969 3494 2090 3535 eum
2122 3479 2369 3534 omnibus
2395 3477 2733 3533 manifestum
2774 3477 2970 3533 reddit.
3011 3477 3225 3533 Vocatis
3255 3479 3398 3534 enim
3430 3520 3445 3544 ,
3478 3480 3557 3534 in-

1967 3572 2102 3642 quit,
2135 3571 2384 3626 omnibus
2403 3571 2583 3640 pueris
2610 3570 2721 3626 suis
2744 3612 2758 3637 ,
2798 3570 3035 3626 narravit
3063 3571 3237 3625 omnia
3260 3571 3359 3626 sibi
3389 3586 3419 3626 a
3447 3573 3558 3628 Deo

1967 3663 2326 3731 manifestata,
2346 3673 2402 3718 ut
2427 3679 2614 3719 omnes
2637 3664 2838 3718 scirent
2861 3671 2916 3718 et
2941 3663 3033 3718 Dei
3060 3678 3182 3734 erga
3214 3663 3358 3718 illum
3391 3664 3558 3739 liene.-

1967 3758 2276 3821 volentiam,
2307 3765 2362 3812 et
2387 3766 2642 3827 quantum
2672 3756 2781 3810 Deo
2805 3771 2948 3811 cura:
2977 3765 3115 3810 esset
3147 3765 3364 3826 propter
3391 3756 3557 3826 ipsius

1969 3863 2149 3905 mores
2181 3857 2236 3904 et
2260 3849 2531 3903 virtutem.
2582 3846 2879 3900 Timuerunt
2909 3856 3072 3900 autem
3109 3862 3279 3902 omnes
3325 3848 3549 3902 homines

1968 3943 2135 3997 valde.
2162 3941 2352 3996 Vidisti
2380 3938 2649 4010 quomodo
2688 3953 2791 3993 non
2835 3938 3028 3993 frustra
3065 3948 3114 3994 et
3160 3938 3362 4009 absque
3391 3955 3551 3995 causa

1970 4037 2129 4091 toties
2158 4033 2568 4106 transmigrabat
2606 4032 2828 4102 justus?
2859 4031 2990 4086 Nam
3035 4031 3078 4085 si
3115 4031 3165 4085 in
3215 4032 3558 4088 tabernaculo

1969 4143 2066 4182 suo
2095 4127 2265 4198 primo
2292 4126 2572 4181 mansisset
2600 4165 2614 4191 ,
2647 4123 2789 4179 unde
2831 4124 3126 4194 potuissent
3151 4123 3410 4180 Gcrarittu.
3435 4141 3556 4180 om-

1972 4236 2064 4274 nes
2087 4218 2222 4274 scire
2242 4227 2492 4288 quantam
2507 4216 2680 4287 justus
2692 4215 2830 4286 apud
2851 4216 3017 4271 Deum
3043 4215 3256 4271 haberet
3285 4215 3556 4271 fiduciam?

1976 4310 2267 4365 Timuerunt
2301 4321 2468 4363 autem
2492 4325 2663 4363 omnes
2687 4309 2911 4362 homines
2938 4308 3101 4362 valde.
3134 4307 3349 4378 Magnus
3378 4308 3429 4362 in
3455 4323 3551 4364 cos

1975 4404 2134 4458 timor
2178 4402 2446 4456 immissus
2491 4400 2556 4455 de
2601 4415 2776 4456 rerum
2817 4414 3024 4454 summa
3075 4397 3300 4453 faciebat
3345 4400 3552 4455 anxios.

1970 4495 2160 4550 Postea
2204 4494 2478 4564 sequitur:
2511 4492 2564 4549 9.
2607 4493 2812 4546 Vocavit
2850 4492 3135 4546 Abimeleclt
3182 4492 3552 4549 Abrahamum.

1969 4587 2259 4642 Considera
2291 4587 2344 4640 in
2383 4594 2580 4656 quanta
2606 4584 2768 4654 gloria
2793 4585 2970 4653 justus
2997 4595 3178 4653 postea
3203 4584 3340 4654 apud
3371 4601 3550 4656 regem

1969 4679 2098 4749 agit,
2129 4678 2216 4749 qui
2247 4677 2403 4748 paulo
2424 4686 2578 4732 antea
2596 4676 2663 4730 ab
2686 4676 2932 4730 omnibus
2948 4676 3218 4746 despectui
3241 4677 3555 4747 habebatur,

1970 4771 2120 4842 quasi
2150 4785 2273 4826 erro
2299 4780 2352 4824 et
2379 4769 2707 4840 peregrinus.
2733 4768 2896 4839 Igitur
2923 4784 3039 4823 cum
3063 4785 3248 4824 omnes
3271 4769 3552 4824 convenis-

1971 4872 2108 4927 sent,
2140 4873 2360 4916 vocatur
2385 4863 2563 4915 statim
2592 4860 2912 4930 patriarcha,
2933 4861 3020 4930 qui
3047 4860 3173 4914 nihil
3199 4859 3386 4914 horum
3419 4858 3555 4912 scie-

1972 4956 2060 5011 bat
2093 4955 2399 5024 ,didicitquc
2429 4963 2608 5023 postea
2639 4967 2668 5006 a
2695 4967 2819 5022 rege
2847 4953 2961 5021 ipso
2995 4994 3008 5017 ,
3041 4967 3158 5021 qua:
3196 4959 3412 5021 propter
3436 4964 3497 5004 se
3523 4964 3555 5006 ιι

1973 5049 2084 5105 Deo
2110 5050 2183 5104 illi
2227 5047 2359 5102 facta
2396 5055 2570 5102 erant.
2596 5044 2742 5099 Dixit
2780 5046 2911 5098 enim
2941 5045 2985 5098 ei
3005 5061 3023 5097 :
3053 5043 3222 5108 Quare
3255 5045 3348 5095 hoc
3394 5043 3556 5114 fecisti

1971 5143 2111 5196 nobis
2137 5143 2162 5196 ?
2186 5141 2307 5212 quid
2333 5140 2642 5207 peccavimus
2669 5139 2721 5190 iu
2750 5148 2797 5191 te
2821 5180 2835 5202 ,
2867 5137 3002 5206 quod
3023 5134 3269 5188 induaisti
3293 5139 3439 5202 super
3476 5151 3556 5188 mc

1971 5244 2018 5289 et
2039 5249 2188 5303 super
2218 5248 2425 5300 regnum
2456 5248 2618 5283 meum
2638 5240 2893 5299 peccatum
2913 5241 3149 5293 magnum
3179 5225 3204 5276 .’
3225 5223 3372 5289 Rem,
3401 5242 3555 5292 quam

1971 5327 2142 5380 nullus
2163 5327 2368 5392 faceret,
2403 5323 2565 5392 fecisti
2594 5322 2756 5374 nobis.
2790 5319 2872 5376 10.
2898 5317 3034 5382 Quid
3055 5317 3226 5371 videns
3250 5317 3416 5386 fecisti
3436 5318 3556 5373 hoc?

1971 5418 2149 5484 Quare
2175 5416 2228 5470 in
2257 5424 2483 5476 tantum.
2515 5413 2704 5482 inquit,
2730 5410 2938 5465 voluisti
2973 5423 3058 5464 me
3097 5410 3331 5465 incidere
3361 5426 3555 5480 peccao

1972 5509 2123 5564 tum?
2149 5523 2245 5562 cur
2265 5518 2316 5562 et
2335 5505 2457 5576 quid
2486 5504 2726 5573 cogitans
2763 5503 2863 5559 hoc
2894 5502 3107 5558 fecisti?
3132 5501 3263 5557 Vide
3289 5504 3559 5574 quomodo

1971 5617 2069 5674 per
2103 5599 2264 5656 verba
2311 5615 2404 5654 sua
2451 5597 2650 5654 iudicat
2692 5599 2864 5653 minas
2894 5639 2908 5664 ,
2937 5612 3054 5666 qua:
3101 5612 3132 5652 a
3174 5597 3282 5653 Deo
3309 5597 3407 5653 sibi
3436 5609 3558 5656 sunt

1971 5695 2142 5751 factm.
2164 5693 2425 5762 Quoniam
2445 5691 2585 5749 enim
2624 5691 2835 5748 dixerat
2864 5691 2935 5756 ei,
2967 5688 3114 5756 Quod
3135 5691 3300 5747 sinon
3327 5693 3562 5748 reddide-

1981 5789 2072 5856 ris,
2100 5787 2331 5842 morieris
2359 5797 2410 5839 tu
2449 5794 2492 5839 et
2519 5786 2692 5839 omnia
2722 5796 2808 5840 tua
2829 5801 2848 5840 :
2880 5783 2980 5842 hoc
3011 5781 3180 5852 ipsum
3204 5783 3557 5854 interpretans
