4084 6214
527 321 632 375 -Ηθ

525 427 840 482 Aliiinelccli
880 425 1010 481 dicit
1045 443 1056 479 :
1093 423 1228 491 Quid
1262 422 1462 491 peccavi
1489 421 1542 476 in
1571 429 1618 474 te
1650 461 1665 486 ,
1696 419 1832 487 quod
1860 415 2110 471 indusiati

519 504 672 586 super
705 534 788 570 me
811 529 858 570 et
902 533 1054 587 super
1083 530 1289 584 regnum
1331 529 1496 566 meum
1544 519 1802 583 peccatum
1830 507 2110 580 magnum?

519 609 782 681 Numquid
826 608 972 665 solus
1014 622 1200 678 poenas
1231 622 1379 662 eram
1409 605 1633 662 daturus
1653 605 1676 658 Ἰ
1697 602 1867 658 Omne
1891 614 2112 672 regnum

521 717 699 757 meum
726 701 880 756 simul
907 699 1236 770 perdendum
1261 708 1385 754 erat
1405 715 1470 754 ex
1497 697 1809 766 deceptione
1836 708 1997 766 quam
2031 692 2112 747 fe-

519 793 662 850 cisti.
679 792 814 859 Quid
836 793 1004 848 vidisti
1028 802 1080 846 ut
1102 793 1194 847 Itoc
1216 791 1449 864 faceres?
1469 787 1882 852 Considerahic,
1899 785 2112 848 dilecte,

523 881 648 953 justi
668 883 1028 954 prudentiam,
1049 883 1317 954 quomodo
1334 881 1714 938 satisfactionis
1733 880 1856 934 loco
1887 877 1941 932 in
1967 877 2117 946 agni-

526 975 722 1029 tionem
775 975 870 1030 Dei
922 975 1044 1030 illos
1093 973 1416 1028 introducat.
1449 974 1534 1027 11.
1563 971 1688 1026 Dixi
1714 971 1879 1036 enim,
1906 967 2111 1037 inquit,

524 1064 666 1120 Num
705 1065 834 1134 forte
863 1076 1064 1121 nonest
1095 1066 1246 1119 timor
1271 1063 1367 1118 Dei
1403 1065 1456 1118 in
1493 1064 1603 1118 loco
1631 1063 1746 1127 isto,
1781 1077 1955 1130 meque
1984 1058 2118 1113 occi—

521 1163 641 1216 dent
668 1171 875 1232 propter
901 1177 1110 1216 uxorem
1131 1160 1204 1232 (a)
1231 1162 1257 1215 ?
1294 1159 1454 1228 Quasi
1475 1159 1697 1222 diceret,
1720 1157 1881 1211 Valde
1907 1168 2117 1210 mecum

521 1255 713 1307 anxius
742 1253 834 1318 fui,
865 1269 932 1306 ne
959 1255 1094 1306 forte
1121 1267 1186 1306 eo
1213 1251 1352 1321 quod
1383 1251 1556 1305 adhuc
1585 1248 1856 1304 erroribus
1885 1245 2114 1301 tenemi-

521 1346 612 1411 ni,
645 1345 789 1400 nulla
844 1341 994 1399 vobis
1048 1345 1266 1414 justiti-.c
1313 1359 1438 1398 cura
1490 1343 1598 1396 sit:
1635 1349 1849 1411 propter
1898 1339 2002 1393 hoc
2047 1337 2120 1391 si-

522 1437 742 1502 mulavi,
777 1437 924 1489 vobis
947 1451 1170 1505 parcens
1203 1476 1216 1499 ,
1262 1442 1320 1490 ut
1349 1450 1414 1488 ne
1446 1477 1460 1498 ,
1516 1434 1560 1488 si
1610 1431 1973 1500 intelliget-etis
2002 1443 2120 1484 eam

525 1543 748 1583 uxorem
791 1545 962 1581 meam
1005 1527 1213 1592 fuisse,
1244 1527 1382 1595 capti
1410 1525 1525 1596 ejus
1555 1539 1738 1579 amore
1762 1522 2008 1578 occidere
2037 1535 2122 1576 me

527 1620 830 1674 tentarctis.
864 1618 998 1674 Vide
1023 1619 1290 1689 quomodo
1338 1634 1433 1688 per
1473 1633 1637 1688 pauca
1680 1617 1771 1670 illa
1810 1615 1974 1670 verba
2003 1614 2124 1668 illos

525 1721 744 1782 carpat,
771 1722 825 1768 et
870 1713 1029 1768 simul
1070 1712 1260 1767 doceat
1299 1722 1547 1783 oportere
1595 1727 1716 1765 eum
1745 1711 1832 1780 qui
1875 1709 2039 1762 Deum
2068 1707 2123 1761 in

526 1813 706 1858 mente
736 1804 916 1871 habet,
946 1805 1073 1858 nihil
1101 1804 1336 1875 iniquum
1363 1818 1524 1874 agere
1551 1844 1565 1868 ,
1598 1801 1693 1857 sed
1722 1801 1935 1871 vigilem
1967 1798 2119 1853 illum

527 1896 742 1952 oculum
777 1898 964 1952 timere
987 1938 1002 1964 ,
1033 1906 1086 1952 et
1115 1898 1182 1953 ob
1212 1912 1424 1968 poenam
1456 1939 1471 1964 ,
1495 1912 1613 1966 qua:
1635 1895 1701 1950 ab
1724 1895 1814 1950 illo
1835 1893 2076 1948 imminet
2104 1931 2121 1958 ,

528 1990 748 2044 multam
786 1989 1006 2058 justitiae
1043 2005 1222 2045 curam
1267 2004 1474 2060 gerere.
1507 1989 1700 2044 Postea
1731 1987 1916 2042 volens
1944 2001 2040 2056 pro
2066 1999 2126 2042 se

529 2078 896 2135 defensionem
926 2081 1138 2147 afferre,
1163 2081 1241 2137 Ne
1271 2080 1486 2150 putetis,
1513 2080 1717 2150 inquit,
1752 2095 1837 2134 me
1858 2078 2017 2134 etiam
2043 2077 2123 2133 sic

529 2173 809 2228 mentitum
827 2188 975 2227 esse.
1006 2174 1091 2228 12.
1124 2171 1323 2228 Etenim
1345 2189 1489 2228 soror
1510 2188 1621 2226 mea
1640 2181 1711 2226 est
1741 2187 1804 2224 ea:
1825 2180 2000 2240 patre,
2031 2169 2125 2224 sed

529 2281 630 2319 non
664 2282 726 2319 ca:
755 2275 948 2330 matre;
977 2266 1099 2320 data
1139 2277 1307 2320 autem
1353 2265 1477 2320 milii
1521 2274 1592 2320 est
1635 2265 1686 2318 in
1734 2251 1965 2318 uiliorem.
1993 2262 2128 2330 Quia

529 2359 772 2414 eumdem
803 2369 1007 2430 patrem
1038 2369 1185 2414 voeal
1209 2402 1223 2425 ,
1261 2359 1465 2429 inquit,
1495 2373 1654 2428 quem
1681 2368 1734 2412 et
1755 2371 1886 2427 ego;
1917 2355 2038 2410 ideo
2066 2362 2122 2410 et

531 2467 774 2507 sororem
825 2453 992 2521 ipsam
1042 2452 1251 2505 vocavi.
1299 2451 1378 2505 Ne
1416 2449 1574 2519 igitur
1607 2447 1971 2503 condemnetis
2018 2461 2123 2501 me.

536 2541 668 2595 Nam
708 2541 810 2596 etsi
851 2559 880 2593 n
904 2550 1023 2595 ctus
1063 2540 1330 2595 mortisin
1358 2539 1493 2593 hanc
1521 2553 1607 2593 me
1635 2537 2006 2593 necessitatem
2032 2550 2128 2592 co-

537 2631 729 2702 egerit,
753 2641 805 2687 et
825 2631 945 2701 quia
977 2632 1124 2686 timui
1153 2647 1218 2686 ne
1235 2630 1380 2685 forte
1408 2641 1625 2703 propter
1649 2646 1768 2686 eam
1801 2645 1887 2686 me
1915 2629 2129 2685 occide-

532 2725 701 2788 retis,
733 2724 898 2792 ipsam
951 2735 1129 2779 autem
1183 2723 1236 2777 in
1285 2723 1393 2777 vita
1434 2722 1861 2778 conservaretis:
1891 2731 2128 2778 attamen

451 2809 456 2811 ’
534 2828 707 2884 neque
723 2814 802 2869 sic
829 2822 911 2869 est
935 2813 1268 2869 mendacium
1300 2813 1439 2885 quod
1470 2829 1499 2867 a
1523 2829 1607 2868 me
1636 2813 1832 2868 dietttm
1859 2821 1961 2868 est.
1995 2812 2126 2868 Vide

534 2921 694 2976 quam
722 2904 1007 2974 diligenter
1032 2905 1138 2976 agit
1170 2905 1378 2976 justus,
1410 2913 1467 2960 ut
1505 2911 1766 2960 monstret
1788 2917 1845 2959 se
1874 2919 2046 2974 neque
2075 2902 2128 2959 in

532 2996 638 3052 hoc
662 2998 967 3052 mentitum.
1002 2997 1068 3052 Et
1098 3007 1156 3052 ut
1182 2998 1358 3053 omnia
1384 3038 1398 3063 ,
1433 2996 1603 3067 inquit
1629 3037 1644 3064 ,
1672 2995 1952 3066 diligenter
1980 3011 2008 3050 a
2031 3011 2115 3051 me

533 3089 739 3156 sciatis,
765 3089 943 3145 audite
964 3098 1018 3146 et
1045 3090 1322 3145 consilium
1349 3130 1363 3154 ,
1393 3089 1534 3160 quod
1559 3090 1695 3144 inter
1734 3104 1833 3146 nos
1857 3089 2126 3156 inivimus,

536 3183 625 3238 i3.
658 3181 874 3247 Quando
930 3182 1105 3236 eduxit
1163 3199 1242 3237 me
1300 3181 1435 3236 Deus
1489 3182 1551 3236 de
1592 3181 1741 3236 domo
1800 3183 1957 3252 patris
2010 3181 2129 3238 mei.

540 3273 832 3329 Considera
860 3314 876 3340 ,
908 3274 1132 3330 obsecro
1161 3315 1176 3341 ,
1202 3274 1288 3329 hic
1335 3289 1580 3344 magnam
1608 3273 1738 3342 justi
1768 3272 2084 3343 sapientiam
2111 3313 2126 3331 .

535 3366 804 3438 quomodo
834 3367 885 3422 in
921 3368 1060 3422 serie
1094 3367 1413 3422 narrationis
1434 3367 1590 3422 docet
1617 3382 1712 3422 eos
1734 3407 1750 3434 ,
1779 3381 1839 3421 se
1865 3379 1893 3418 a
1922 3366 2126 3436 princi-

542 3458 632 3526 pio
660 3457 822 3514 fuisse
851 3458 1186 3528 peculiariter
1231 3458 1502 3514 addictum
1549 3457 1659 3514 Deo
1686 3499 1701 3524 ,
1734 3466 1789 3512 et
1819 3457 1988 3512 Deum
2015 3469 2073 3510 se
2099 3469 2131 3510 a

547 3551 710 3604 domo
736 3567 830 3606 sua
861 3551 1167 3606 evocavisse
1187 3594 1202 3619 ,
1234 3561 1290 3606 et
1327 3552 1378 3606 in
1424 3566 1545 3608 eum
1576 3551 1749 3606 locum
1793 3549 2045 3613 duxisse;
2075 3555 2135 3602 ut

539 3643 675 3698 sciat
703 3659 795 3698 rex
827 3684 843 3709 ,
873 3659 939 3698 ex
983 3659 1165 3698 eorum
1207 3657 1429 3699 numero
1469 3657 1588 3698 esse
1631 3640 1995 3697 Abrahamum
2037 3639 2131 3710 qui

537 3751 783 3806 magnam
833 3735 886 3790 in
922 3735 1031 3791 Deo
1075 3736 1268 3792 habent
1315 3735 1580 3791 ﬁduciam.
1627 3733 1844 3800 Quando
1869 3775 1885 3801 ,
1915 3731 2130 3803 inquit,

543 3829 722 3885 eduxit
746 3845 824 3884 me
846 3827 983 3882 Deus
1007 3846 1070 3884 ca:
1087 3830 1239 3884 domo
1266 3830 1426 3897 patris
1454 3830 1571 3894 mei,
1593 3827 1818 3882 dicebam
1847 3827 1890 3881 ei
1921 3841 1940 3880 :
1982 3823 2132 3879 Hanc

540 3921 783 3976 iustitiam
812 3920 968 3990 facies
995 3922 1047 3975 in
1070 3937 1166 3987 me,
1191 3923 1243 3975 in
1263 3922 1399 3975 omni
1421 3921 1552 3984 loco,
1577 3921 1628 3973 in
1657 3935 1804 3990 quem
1829 3917 2126 3983 venerimus,

540 4016 622 4068 dic
655 4031 674 4068 :
711 4013 892 4068 Frater
918 4031 1059 4069 utens
1081 4025 1173 4069 est.
1222 4014 1356 4080 Quia
1402 4016 1544 4068 enim
1589 4011 1835 4080 superius
1877 4008 2085 4064 dixerat
2115 4025 2128 4062 :

543 4106 667 4161 Dixi
698 4107 851 4172 enim,
885 4123 1008 4160 num
1036 4110 1170 4179 forte
1197 4122 1298 4160 non
1320 4114 1393 4160 est
1414 4105 1564 4158 timor
1579 4101 1676 4156 Dei
1695 4102 1750 4155 in
1772 4101 1882 4156 loco
1909 4101 2005 4154 isto
2035 4140 2048 4162 ,
2079 4109 2133 4154 ct

539 4197 818 4254 videbatur
854 4213 948 4254 eos
972 4198 1192 4253 nimium
1219 4211 1460 4266 carpere,
1493 4193 1678 4248 volens
1703 4193 1946 4262 mitigare
1973 4205 2130 4261 θερο-

479 4277 486 4284 ’
538 4291 752 4348 ritatem
779 4290 948 4357 verbi,
972 4290 1058 4345 hic
1096 4289 1244 4353 dicit,
1266 4287 1344 4342 Ne
1369 4285 1566 4356 putetis
1594 4299 1678 4338 me
1705 4282 1808 4338 hoc
1836 4282 2006 4336 solum
2044 4297 2132 4338 ve.

542 4382 640 4438 stri
666 4382 835 4452 gratia
857 4379 1066 4437 fecisse.
1087 4379 1273 4435 Statim
1296 4377 1436 4433 enim
1467 4373 1686 4443 Quando
1708 4373 1882 4428 eduxit
1901 4390 1978 4427 me
1997 4372 2133 4428 Deus

544 4477 605 4528 de
633 4475 781 4530 domo
818 4474 975 4543 patris
1001 4475 1120 4536 mei,
1153 4470 1378 4524 dicebam
1407 4469 1474 4522 ad
1519 4485 1629 4522 eam
1661 4482 1679 4520 :
1713 4465 1861 4520 Hanc
1874 4466 2132 4535 justitiam

543 4565 698 4637 {acies
737 4563 862 4619 mihi
891 4565 944 4618 in
978 4563 1114 4618 omni
1141 4560 1250 4615 loco
1277 4600 1292 4624 ,
1337 4561 1391 4613 in
1431 4575 1576 4629 quem
1604 4557 1799 4612 uenturi
1821 4573 2022 4611 sumus.
2059 4557 2132 4611 De

541 4658 811 4725 omnibus,
842 4657 1030 4726 inquit,
1058 4655 1147 4725 qui
1182 4666 1374 4710 terram
1394 4653 1533 4709 hanc
1560 4652 1879 4718 inhabitant,
1915 4652 2132 4707 manda-

544 4761 655 4804 tum
705 4748 754 4802 ei
803 4745 1039 4800 dedizet
1066 4745 1246 4800 docuit
1285 4745 1444 4800 etiam
1474 4744 1552 4800 sic
1591 4744 1984 4798 simulationem
2016 4744 2134 4800 sine

544 4837 822 4893 mendacio
843 4850 982 4890 esse.
1014 4834 1196 4890 Mortis
1232 4835 1373 4890 enim
1406 4837 1564 4892 timor
1611 4835 1676 4890 ad
1719 4835 1820 4890 hoc
1861 4849 1957 4890 nos
1982 4850 2132 4890 com-

543 4931 696 5001 pulit.
747 4928 872 4982 llazc
903 4935 960 4980 ut
995 4926 1124 4980 dixit
1170 4926 1344 4996 justus
1373 4969 1389 4994 ,
1438 4929 1568 4982 iram
1607 4942 1793 4984 eorum
1841 4927 2130 4994 demulsit,

541 5035 803 5090 suamque
827 5019 1026 5072 detexit
1057 5019 1300 5074 virtutem
1333 5061 1348 5084 ,
1400 5031 1454 5075 et
1481 5020 1830 5075 sufﬁcientem
1862 5019 2133 5090 religionis

544 5125 686 5165 verte
739 5108 1037 5163 doctrinam
1083 5110 1161 5163 cis
1205 5109 1438 5166 tradidit.
1495 5111 1777 5167 Reveritus
1821 5111 1982 5181 igitur
2039 5126 2129 5167 rex

545 5214 792 5270 magnam
814 5200 944 5271 justi
967 5200 1424 5256 mansuetudinem
1451 5244 1466 5269 ,
1497 5216 1684 5272 magna
1712 5201 2028 5257 liberalitate
2047 5217 2133 5258 re-

547 5305 798 5350 tnuncrat
845 5292 1219 5365 patriarcham.
1266 5294 1404 5350 Dicit
1449 5295 1590 5349 enim
1623 5311 1637 5348 :
1666 5295 1750 5350 M.
1784 5291 1988 5365 Accepit
2013 5294 2134 5348 Abi-

610 5427 682 5490 (a)
715 5435 824 5493 Haec
847 5427 1170 5493 Abrabamum
1192 5427 1503 5493 loquentem
1550 5427 1730 5493 inducit
1745 5429 2132 5493 phrysostomus,

539 5489 680 5555 quasi
701 5491 928 5555 videlicet
947 5490 1224 5555 Abimelecb
1249 5489 1301 5543 ei.
1321 5493 1502 5542 subditi
1524 5490 1652 5541 circa
1685 5489 2135 5555 religionemerta-

540 5553 672 5604 rent.
700 5553 749 5604 td
771 5562 953 5616 tamen,
978 5554 1231 5616 scripturae
1252 5555 1401 5616 seriei
1441 5566 1538 5602 non
1570 5561 1802 5616 consonat
1827 5567 1839 5602 :
1868 5553 2134 5616 exhibetur

542 5616 675 5664 enim
698 5614 977 5665 Ahimelech
999 5613 1136 5676 quasi
1160 5628 1256 5664 non
1287 5613 1430 5664 modo
1454 5615 1558 5663 veri
1580 5615 1666 5664 Dei
1681 5613 1854 5672 cultor,
1878 5613 1972 5664 sed
1987 5615 2133 5664 etiam

543 5677 671 5740 ajqui
694 5689 876 5740 amans.
899 5675 1052 5740 Quod
1078 5677 1213 5740 enim
1249 5676 1478 5740 [thraham
1501 5675 1634 5734 dicit,
1660 5676 1924 5740 Nunt/orte
1945 5686 2038 5740 non
2061 5681 2134 5740 est

540 5735 686 5802 timor
709 5737 797 5788 liei
818 5737 866 5787 in
891 5737 993 5786 loco
1014 5737 1103 5787 ista
1123 5738 1148 5802 ζ)
1171 5738 1216 5786 id
1247 5737 1511 5802 dubitantis
1533 5749 1670 5785 more
1705 5735 1838 5799 dicit,
1881 5739 1992 5802 quia
2016 5737 2131 5790 reli-

538 5797 660 5856 gion
676 5812 720 5848 ‘s
739 5806 791 5852 et
815 5811 978 5851 mores
998 5800 1164 5862 gentis
1186 5799 1396 5850 nondum
1420 5807 1658 5862 expertus
1679 5805 1802 5852 erat.

1327 306 1382 364 S.
1424 304 1702 363 JOANNIS
1736 251 2203 360 CllRYSDSTOMI
2231 297 2546 355 ARCIHEP.
2589 298 3120 358 CONSTANTINOP.

3705 306 3814 366 420

2221 413 2412 468 melech
2437 412 2578 469 mille
2605 414 2932 471 didrachmas
2955 456 2970 481 ,
2999 423 3045 471 et
3076 430 3214 483 oves,
3243 422 3288 470 et
3309 414 3512 484 vitulos,
3541 426 3591 472 et
3618 433 3808 483 servos,

2219 516 2266 561 et
2291 507 2510 562 ancillas
2533 549 2550 575 ,
2595 517 2644 562 et
2690 509 2911 564 reddidit
2935 510 3014 565 illi
3043 507 3260 566 Sarram
3287 527 3496 566 uxorem
3525 529 3691 568 suam.
3725 513 3811 569 Vi-

2219 598 2346 654 disti
2375 642 2390 667 ,
2422 599 2614 656 dilecte
2636 640 2652 666 ,
2684 605 3104 673 omnipotentem
3147 613 3200 658 et
3234 604 3446 659 variam
3474 604 3571 661 Dei
3599 606 3812 676 sapien—

2221 692 2349 748 tiam
2370 694 2393 747 ?
2413 692 2513 761 Qui
2541 695 2682 749 enim
2709 696 2762 749 in
2792 696 2981 752 mortis
3018 698 3255 767 periculo
3292 700 3613 756 constitutus
3647 711 3764 757 erat
3779 745 3810 768 te,

2221 794 2275 841 et
2296 786 2473 841 omnia
2494 785 2725 842 faciebat
2749 797 2804 841 ut
2830 796 3055 843 mortem
3088 798 3268 858 posset
3295 790 3530 862 cﬁ'ngere
3551 833 3564 856 ,
3598 807 3706 848 non
3729 808 3814 848 so~

2221 878 2331 932 lum
2359 887 2585 933 mortem
2610 877 2814 948 eﬁ‘ugit,
2835 879 2929 935 sed
2952 888 3005 934 et
3021 895 3264 951 magnam
3287 881 3515 938 obtinuit
3537 883 3811 956 fiduciam,

2222 977 2278 1023 et
2306 977 2525 1038 repente
2547 968 2811 1040 gloriosus
2837 972 3003 1026 factus
3028 980 3130 1027 est.

2296 1060 2351 1114 5.
2381 1059 2438 1113 1n
2468 1059 2610 1115 hunc
2634 1062 2776 1117 enim
2796 1061 3012 1117 modum
3030 1079 3189 1134 agere
3210 1064 3347 1121 solet
3374 1066 3512 1123 Deus
3544 1085 3558 1123 :
3587 1084 3693 1125 non
3719 1085 3812 1127 so-

2223 1151 2334 1206 lum
2364 1167 2392 1204 a
2431 1151 2669 1208 tristibus
2702 1153 2894 1209 liberat
2934 1169 3028 1211 eos
3069 1157 3160 1226 qui
3197 1156 3408 1214 fortiter
3450 1174 3508 1214 se
3542 1174 3734 1230 gerunt
3762 1167 3813 1218 in

2225 1243 2641 1313 tentationibus,
2673 1246 2726 1301 in
2752 1261 2885 1317 quas
2907 1247 3181 1316 incidunt;
3215 1249 3309 1305 sed
3334 1261 3386 1306 et
3413 1259 3610 1308 tantam
3637 1254 3690 1309 in
3719 1254 3815 1310 sd-

2224 1339 2394 1394 versis
2416 1339 2624 1408 praebet
2653 1340 2909 1407 laetitiam,
2942 1350 3000 1395 ut
3025 1341 3076 1396 in
3107 1358 3291 1398 eorum
3329 1344 3651 1401 oblivionem
3691 1363 3812 1403 om-

2227 1429 2353 1484 nino
2381 1431 2625 1496 veniant,
2653 1439 2706 1485 et
2732 1431 2785 1486 in
2816 1433 2980 1487 multa
3003 1433 3112 1488 sint
3136 1433 3395 1490 bonorum
3421 1437 3713 1494 afﬂuentia.
3747 1439 3816 1496 Et

2225 1520 2348 1576 vide
2390 1520 2608 1590 insuper
2647 1522 2788 1593 regis
2827 1538 2953 1594 erga
2988 1523 3190 1593 justum
3223 1526 3372 1581 illum
3409 1527 3664 1584 ofﬁcium.
3695 1530 3814 1587 Non

2227 1614 2396 1669 solum
2418 1614 2558 1667 enim
2578 1614 2737 1669 tantis
2762 1616 3072 1671 muneribus
3096 1616 3243 1672 illum
3263 1617 3510 1686 honorat,
3535 1621 3628 1676 sed
3652 1624 3814 1678 etiam

2234 1714 2549 1775 potestatem
2587 1705 2636 1760 ei
2681 1705 2804 1772 dat,
2861 1716 2918 1762 ut
2945 1707 2997 1761 in
3028 1720 3168 1764 terra
3193 1725 3286 1765 sua
3318 1710 3537 1767 habitet.
3570 1715 3656 1770 15.
3685 1713 3819 1772 Ecce

2229 1787 2360 1850 enim
2389 1838 2404 1861 ,
2439 1796 2608 1866 inquit
2633 1837 2649 1864 ,
2681 1805 2820 1852 terra
2841 1815 2954 1852 mea
2975 1815 3151 1854 coram
3179 1811 3229 1855 te
3251 1812 3324 1856 est
3349 1819 3370 1868 ;
3407 1803 3706 1876 ubicumque
3725 1809 3816 1864 tibi

2229 1886 2473 1956 placuerit
2497 1927 2512 1953 ,
2543 1887 2736 1944 habita.
2765 1888 2894 1944 Nam
2926 1891 3046 1960 quia
3075 1891 3258 1948 didicit
3287 1904 3505 1966 prOpter
3528 1897 3672 1952 illum
3707 1941 3722 1966 ,
3762 1909 3818 1955 et

2231 1991 2448 2050 propter
2475 1981 2614 2036 illius
2639 1997 2829 2053 preces
2867 1984 3030 2039 vitam
3059 1985 3158 2040 sibi
3185 1985 3363 2042 datam
3401 2003 3521 2045 esse
3548 2031 3564 2055 ,
3597 1991 3717 2046 ideo
3743 1993 3813 2046 ita

2228 2073 2286 2130 in
2326 2075 3002 2146 peregrinum,erronem,
3040 2088 3093 2134 ct
3137 2090 3295 2137 antea
3337 2083 3465 2138 nulli
3510 2087 3814 2157 cognitum,

2230 2169 2382 2238 quasi
2429 2169 2484 2224 in
2527 2169 2918 2227 benefactorem
2949 2180 3002 2227 et
3029 2181 3257 2229 tutorem
3285 2176 3514 2246 aliquem
3543 2178 3817 2235 ofﬁciosus

2231 2263 2349 2318 fuit.
2381 2264 2466 2318 16.
2499 2263 2678 2319 Sarra:
2702 2275 2871 2320 autem
2899 2307 2912 2331 ,
2945 2265 3134 2336 inquit,
3165 2269 3296 2323 dixit
3325 2285 3347 2324 :
3385 2269 3520 2326 Ecce
3543 2273 3659 2327 dedi
3681 2274 3820 2328 mille

2231 2355 2561 2410 didrachmas
2584 2358 2733 2428 fratri
2760 2367 2867 2412 tuo.
2895 2356 3031 2412 Vide
3060 2359 3348 2430 quomodo,
3381 2372 3596 2432 accepta
3622 2379 3652 2418 a
3674 2365 3819 2434 justo

2229 2445 2469 2502 doctrina
2494 2486 2510 2513 ,
2537 2447 2897 2519 crediditejus
2919 2448 3075 2505 dictis
3092 2492 3107 2514 ,
3139 2460 3297 2522 atque
3326 2452 3438 2522 ipse
3465 2453 3682 2510 fratrem
3716 2457 3820 2512 hu-

2231 2537 2318 2609 jus
2348 2539 2494 2594 illum
2521 2550 2694 2595 vocat.
2730 2540 2811 2594 Ea
2831 2558 2944 2613 qua:
2971 2541 3107 2608 dedi,
3141 2545 3329 2613 inquit,
3361 2546 3513 2615 fratri
3537 2556 3644 2614 tuo,
3671 2558 3822 2602 erunt

2231 2631 2286 2685 in
2311 2632 2550 2686 honorent
2579 2633 2748 2687 vultus
2775 2635 2874 2692 tui.
2895 2643 2941 2688 et
2957 2636 3126 2689 omnia
3153 2651 3265 2690 vere
3285 2637 3387 2693 die.
3417 2637 3553 2706 Quid
3581 2648 3666 2694 est
3684 2681 3701 2706 ,
3745 2640 3816 2696 In

2233 2725 2473 2779 Isonorem
2499 2726 2664 2781 uultus
2689 2727 2796 2792 tui,
2827 2735 2874 2780 et
2917 2728 3089 2780 omnia
3126 2744 3238 2782 uere
3274 2728 3356 2782 dic
3389 2729 3412 2783 ἲ
3465 2729 3569 2784 Pro
3597 2730 3664 2785 iis
3697 2747 3823 2802 qua

2235 2831 2331 2887 per
2354 2817 2704 2888 ignorantiam
2733 2832 3012 2889 aggressus
3031 2835 3184 2886 sum,
3215 2829 3264 2876 te
3288 2837 3406 2892 qua:
3431 2836 3490 2877 es
3514 2838 3649 2876 uxor
3664 2823 3818 2893 justi,

2235 2909 2288 2965 in
2319 2908 2536 2966 domum
2568 2926 2741 2966 meam
2780 2909 3168 2965 introducendo
3193 2930 3207 2966 :
3237 2927 3334 2981 pro
3363 2912 3467 2967 hoc
3493 2913 3670 2967 solum
3696 2914 3819 2984 quia

2232 3001 2568 3058 contumelia:
2595 3002 2689 3058 tibi
2709 3011 2895 3058 auctor
2914 3001 3008 3069 fni,
3038 3003 3180 3059 mille
3205 3003 3325 3059 dedi
3354 3003 3710 3069 didrachmas,
3735 3021 3820 3061 ro-

2234 3103 2477 3148 sarturus
2503 3109 2566 3148 ea
2596 3109 2715 3164 quae
2731 3109 2760 3148 a
2783 3109 2868 3149 me
2895 3094 2947 3148 in
2977 3103 3028 3150 te
3052 3095 3439 3150 suntadmissa.
3463 3094 3659 3151 Verum
3692 3095 3819 3150 Om-

2235 3183 2319 3237 nia
2341 3200 2452 3237 vere
2479 3185 2580 3237 die.
2610 3183 2746 3252 Quid
2767 3185 3062 3255 signiﬁcat,
3091 3185 3276 3239 Omnia
3302 3201 3414 3240 uere
3429 3186 3557 3240 dic?
3581 3185 3780 3242 Omnes
3802 3226 3818 3250 ,

2233 3275 2424 3346 inquit,
2453 3290 2482 3329 a
2516 3284 2566 3331 te
2595 3275 2804 3330 discant
2834 3275 2966 3331 nihil
3002 3277 3239 3347 iniquum
3268 3292 3298 3332 a
3333 3293 3421 3332 me
3447 3275 3640 3332 factum
3663 3291 3784 3333 esse
3803 3317 3819 3343 ,

2236 3369 2358 3438 quia
2383 3368 2576 3424 intacta
2603 3369 2811 3424 exivisti
2835 3369 2904 3426 de
2929 3368 3089 3424 domo
3115 3384 3255 3425 mea.
3287 3370 3460 3436 Doce,
3497 3371 3703 3441 inquit,
3738 3372 3821 3424 vi-

2237 3477 2354 3517 rum
2381 3470 2528 3516 tuum
2561 3504 2576 3529 ,
2611 3477 2730 3518 esse
2757 3477 2842 3518 me
2865 3463 3202 3518 innocentem
3231 3477 3258 3515 a
3289 3472 3506 3532 peccato
3538 3479 3550 3515 :
3595 3461 3765 3516 discat
3791 3475 3818 3514 a

2239 3561 2310 3619 te,
2340 3555 2472 3610 nihil
2493 3570 2522 3608 a
2553 3571 2638 3611 me
2668 3554 2864 3610 factum
2887 3569 3026 3611 esse.
3059 3556 3235 3622 Quare
3259 3570 3384 3609 vero
3417 3554 3529 3609 haec
3553 3553 3726 3609 dicit?
3754 3554 3822 3610 Ut

2237 3661 2358 3701 cum
2381 3646 2556 3717 justus
2593 3646 2664 3703 ab
2692 3661 2754 3702 ea
2783 3645 3070 3711 didicerit,
3099 3646 3384 3716 multisque
3421 3645 3577 3701 fuerit
3603 3643 3821 3700 rationi-

2238 3739 2340 3794 bus
2391 3737 2652 3807 edoctus,
2685 3754 2781 3808 pro
2823 3752 2888 3792 eo
2937 3751 3122 3806 preces
3173 3736 3394 3791 Domino
3437 3735 3645 3792 offerat.
3690 3734 3820 3789 Nam

2239 3842 2516 3904 postquam
2541 3832 2632 3888 ille
2655 3831 2784 3886 dixit
2813 3872 2828 3894 ,
2877 3830 3062 3886 Omnia
3089 3845 3201 3884 uere
3225 3829 3307 3882 dic
3327 3845 3346 3883 :
3389 3827 3490 3884 hoc
3524 3837 3639 3883 est:
3677 3827 3818 3883 Doce

2239 3927 2410 3979 virum
2439 3935 2584 3980 tuum
2621 3939 2683 3978 ea
2705 3939 2822 3992 quae
2850 3921 2985 3975 facta
3016 3931 3160 3986 sunt,
3189 3921 3364 3974 statim
3394 3918 3631 3974 subdidit
3673 3919 3822 3976 Scri-

2239 4028 2391 4087 ptura
2417 4036 2430 4071 :
2457 4019 2542 4071 I7.
2582 4017 2649 4069 Et
2687 4007 2848 4068 oravit
2873 4015 3128 4067 Abraham
3168 4011 3348 4076 Deum,
3383 4021 3430 4064 et
3462 4013 3659 4066 sanavit
3690 4012 3822 4070 Deus

2238 4108 2523 4164 Abimcleclt
2545 4149 2558 4172 ,
2581 4117 2627 4161 et
2656 4121 2860 4161 uxorem
2881 4106 2988 4174 ejus
3015 4145 3028 4167 ,
3059 4112 3104 4157 et
3121 4102 3334 4156 ancillas
3359 4102 3469 4168 eius
3496 4143 3511 4166 ,
3541 4112 3588 4154 et
3618 4119 3825 4172 peperc-

2238 4210 2356 4254 runt
2389 4215 2406 4254 :
2437 4198 2522 4254 18.
2552 4197 2670 4268 quia
2700 4195 3007 4249 concludens
3029 4191 3338 4246 concluserat
3368 4191 3674 4246 extrinsecus
3710 4210 3824 4248 ont-

2240 4310 2352 4346 nem
2385 4291 2581 4346 vulvam
2607 4290 2662 4344 in
2688 4288 2837 4341 donto
2869 4283 3147 4338 Abimeleclt
3164 4293 3368 4355 prapter
3384 4283 3599 4338 Sarram
3617 4301 3824 4339 uxorem

2239 4385 2478 4438 Abi-alue.
2511 4381 2641 4436 Vide
2679 4376 2949 4450 quomodo
2979 4377 3233 4431 Dominus
3272 4376 3460 4433 volens
3495 4375 3695 4444 justum
3729 4393 3824 4447 per

2240 4479 2416 4532 omnia
2449 4475 2673 4531 reddere
2699 4472 3042 4526 illustriorem
3069 4510 3085 4536 ,
3117 4469 3362 4539 precibus
3394 4467 3710 4539 patriarcha:
3737 4485 3826 4523 sa-

2242 4572 2404 4626 lutem
2438 4568 2576 4637 rcgis
2604 4577 2658 4622 et
2687 4562 2925 4620 omnium
2948 4577 3067 4632 qua:
3094 4562 3145 4616 in
3168 4563 3328 4616 domo
3358 4561 3497 4615 illius
3527 4568 3701 4627 erant,
3731 4559 3827 4615 do-

2240 4671 2350 4716 nat.
2385 4659 2557 4714 Oravit
2587 4659 2752 4723 enim,
2789 4655 2976 4726 inquit,
3009 4653 3264 4708 Abraham
3295 4651 3459 4706 Deum
3497 4692 3512 4718 ,
3541 4661 3588 4705 et
3627 4667 3825 4705 sanauit

2239 4753 2379 4808 Deus
2410 4747 2716 4814 Abimelech;
2741 4759 2787 4803 et
2814 4765 3020 4804 uxorem
3043 4750 3170 4818 ejus,
3203 4757 3248 4802 et
3273 4747 3486 4800 ancillas
3509 4752 3640 4814 ejus,
3666 4755 3711 4798 et
3741 4762 3829 4814 pe-

2241 4852 2476 4917 pererunt
2496 4857 2515 4895 :
2537 4843 2654 4911 quia
2682 4839 2985 4896 concludens
3011 4841 3323 4894 concluserat
3351 4836 3601 4890 Dominus
3625 4837 3822 4891 extrin-

2238 4953 2378 4993 secus
2416 4951 2615 4990 omnem
2642 4933 2838 4988 vulvam
2885 4935 2938 4988 in
2977 4933 3126 4987 domo
3150 4929 3456 4983 Abimeleclt.
3489 4927 3782 4997 Propterea
3807 4969 3824 4994 ,

2239 5027 2481 5101 quamvis
2529 5025 2734 5082 alienus
2771 5035 2915 5082 esset
2952 5041 2980 5077 a
3019 5031 3238 5093 peccato
3269 5036 3406 5085 rex,
3434 5018 3647 5090 plagam
3689 5019 3826 5074 hanc

2240 5121 2446 5178 induxit
2489 5122 2660 5177 bonus
2698 5120 2992 5181 Dominus,
3036 5125 3094 5170 ut
3137 5115 3380 5186 precibus
3415 5113 3546 5183 justi
3581 5126 3826 5167 annuens

2239 5231 2356 5270 eam
2385 5216 2618 5272 solveret
2642 5257 2657 5282 ,
2683 5221 2738 5268 et
2761 5213 2962 5282 justum
2985 5209 3265 5264 clariorem
3287 5217 3342 5262 et
3367 5206 3716 5262 illustriorem
3747 5205 3825 5260 el-

2240 5310 2440 5366 ﬁceret.
2488 5311 2620 5365 Nam
2665 5322 2877 5377 semper
2921 5305 3098 5359 omnia
3147 5302 3217 5358 ita
3252 5302 3376 5357 facit
3413 5311 3467 5356 et
3507 5309 3699 5355 tractat
3727 5339 3743 5365 ,
3772 5307 3828 5355 et

2236 5405 2441 5476 singula
2468 5403 2759 5473 dispensat,
2786 5409 2842 5454 ut
2862 5399 2950 5470 qui
2977 5399 3076 5453 sibi
3103 5396 3343 5453 serviunt
3366 5436 3382 5461 ,
3415 5395 3566 5466 quasi
3592 5394 3819 5448 lumina-

2239 5499 2318 5554 ria
2345 5494 2652 5560 rcluceant,
2695 5501 2750 5548 et
2778 5505 2962 5547 eorum
2993 5491 3159 5544 virtus
3192 5487 3387 5557 ubique
3415 5485 3733 5542 celebretur.
3757 5480 3820 5538 Et

2239 5592 2380 5658 vide,
2411 5589 2636 5646 obsecro
2657 5628 2672 5655 ,
2701 5585 2892 5642 dilecte
2911 5627 2925 5651 ,
2957 5591 3234 5654 postquam
3253 5579 3454 5650 justum
3484 5578 3555 5632 ita
3579 5574 3822 5632 liberavit

2239 5700 2268 5739 a
2297 5681 2561 5738 molestiis
2591 5720 2609 5747 ,
2637 5675 2906 5750 quomodo
2932 5676 3122 5729 iterum
3153 5685 3360 5726 summa
3391 5669 3652 5725 bonorum
3676 5665 3822 5734 justo

2241 5776 2482 5844 traditur,
2508 5768 2898 5848 pollicitationis
2923 5767 3161 5838 effectus,
3185 5775 3238 5822 et
3266 5775 3409 5819 nunc
3439 5758 3691 5816 eveniunt
3703 5769 3824 5827 qua:
