4084 6214
427 295 530 352 6‘“

1182 292 1245 350 S.
1288 291 1572 352 JOANNIS
1606 289 2093 346 CHRYSOSTOMI
2142 291 2463 346 ARCHIEP.
2502 292 3048 349 CONSTANTINOP.

3768 258 3876 358 ιε.

428 420 588 491 πητὲ,
644 417 782 490 μετὰ
819 417 918 489 τήν
951 414 1061 469 τῶν
1105 412 1367 484 λυπηρῶν
1397 408 1741 480 ἀπαλλαγὴν,
1794 408 1912 472 πῶς
1941 405 2102 460 πάλιν
2209 411 2548 480 παραχωρεῖ,
2580 409 2674 463 καί.
2704 411 2774 465 τὰ
2794 410 3028 465 δύσκολα
3057 411 3255 487 εὔκολα
3284 414 3512 484 γίνεται,
3532 418 3628 472 καὶ
3647 417 3717 472 τὰ
3742 419 3873 473 ἀδύ-

427 506 733 577 διαδέχεται
795 505 886 559 τὸν
922 503 1126 556 δίκαιον
1162 500 1197 571 ἡ
1226 498 1459 570 κορωνὶς
1501 496 1610 550 τῶν
1652 494 1892 564 ἀγαθῶν,
1931 496 1966 566 ή
2003 495 2105 564 τῆς
2203 514 2337 551 νατα
2379 498 2612 553 δυνατά·
2646 500 2807 570 μόνον
2841 501 2936 555 ἐὰν
2969 503 3131 573 ἡμεῖς
3186 504 3422 576 στερρὰν
3446 504 3546 578 τὴν
3588 509 3670 569 εἰς
3713 510 3875 564 αὑτὸν

429 593 759 663 ἐπαγγελίας
788 591 1100 661 ὑπόσχεσις,
1127 586 1221 640 καὶ
1241 588 1323 649 εἰς
1344 585 1503 657 ἔργον
1531 581 1715 636 λοιπὸν
1736 579 1881 653 ἐξῄει
1910 581 1977 635 τὰ
2006 582 2083 635 πά

429 683 521 738 λιιι
554 683 707 755 παρά
750 680 843 735 τοῦ
889 675 1025 732 Θεοῦ
1066 674 1473 744 ἐπαγγελθέντα
1508 671 1677 739 αὐτῷ.
1718 670 1841 755 Kal,
1862 672 2099 738 Κύριος,

432 773 617 844 φησιν,
644 754 649 755 7
681 767 1061 836 ἐπεσκέψατο
1116 763 1232 833 τὴν
1279 760 1536 832 Σάρραν,
1590 760 1744 817 καθὰ
1795 754 1946 821 εἷπε,
2005 756 2099 811 καί

430 859 686 928 ἐποίησε
723 854 794 925 τῇ
824 853 1042 924 Σάρρᾳ,
1068 852 1220 907 καθὰ
1239 849 1527 917 ἑλάλησε.
1553 848 1663 905 Καὶ
1698 846 2100 902 συλλαϐοῦσα

430 945 595 999 ἔτεκε
618 942 816 1012 Σάρρα
848 940 930 1007 τῷ
971 938 1218 1009 Ἀϐραὰμ
1250 940 1385 993 υἱὸν
1412 939 1500 1004 εἰς
1532 936 1600 990 τὸ
1627 934 1835 1006 γῆρας,
1866 936 1953 999 εἱς
2000 933 2098 987 τὸν

431 1030 656 1100 καιρὸν,
688 1029 841 1087 καθὰ
864 1028 1174 1096 ἐλάλησεν
1198 1025 1359 1092 αὐτῷ
1391 1023 1629 1094 Κύριος.
1661 1022 1725 1076 Τί
1763 1023 1899 1084 ἐστι,
1933 1021 2099 1077 Καθά

427 1114 712 1187 ἐλάλησα,
746 1118 861 1180 καὶ,
894 1116 1057 1172 Καθὰ
1083 1111 1248 1179 abls;
1282 1112 1570 1184 Καθάπερ,
1597 1113 1779 1183 φησὶν,
1807 1110 2094 1181 ὑπέσχετο,

426 1209 587 1279 ήνίκα
627 1205 933 1279 ἐπεξενώθη
983 1205 1121 1277 μετά
1162 1204 1267 1258 τῶν
1312 1203 1560 1272 ἀγγέλων
1592 1204 1672 1266 εἰς
1698 1201 1797 1272 τὴν
1839 1200 1970 1271 δρῦν
1996 1201 2095 1273 τήν

423 1296 693 1370 Μαμϐρῆ,
731 1294 967 1366 εἰρηκὼς
991 1295 1078 1348 ὅτι
1103 1295 1207 1359 Εἰς
1227 1293 1334 1346 τὸν
1358 1290 1566 1359 καιρὸν
1602 1289 1814 1344 τοῦτον
1844 1289 2097 1344 ἐλεύσο-

418 1403 544 1455 μαι,
580 1384 678 1440 καὶ
703 1383 874 1439 ἔσται
899 1382 974 1451 τῇ
1000 1383 1199 1452 Σάρῤςι
1225 1382 1374 1448 υἱός.
1406 1380 1590 1435 Ταῦτα
1617 1377 1794 1431 τοίνυν
1831 1379 1911 1441 εἰς
1935 1377 2096 1449 ἔργον

424 1474 635 1547 ἐξῆλθε,
660 1474 754 1528 καὶ
772 1475 840 1527 τά
863 1475 929 1544 τῇ
953 1472 1112 1542 φύσει
1134 1469 1576 1541 ἀπηγορευμένα,
1601 1468 1774 1523 ταῦτα
1799 1469 1987 1542 ἐώρων
2016 1472 2095 1533 εἰς

423 1563 582 1635 ἔργον
606 1562 962 1635 ἐκϐεϐηκότα,
981 1562 1039 1615 οὑ
1067 1559 1207 1615 κατὰ
1236 1560 1581 1631 ἀνθρωπίνην
1598 1559 1939 1624 ἀκολουθίαν,
1959 1558 2096 1613 ἀλλά

423 1658 565 1706 κατά
596 1651 743 1705 θείαν
772 1651 952 1722 χάριν.
978 1650 1087 1704 Καὶ
1109 1647 1365 1703 ἐκάλεσε
1387 1647 1454 1701 τὸ
1485 1646 1672 1718 ὄνομα
1696 1647 1802 1702 τοῦ
1825 1647 1959 1703 υἱοῦ
1989 1648 2095 1702 αὺ-

402 1728 550 1805 τοῦ,
575 1738 647 1793 ὃν
663 1740 865 1794 ἔτεκεν
880 1735 1039 1803 αὑτῷ
1059 1735 1276 1806 Σάρρα,
1304 1735 1529 1791 Ἰσαάκ.
1552 1736 1662 1807 Οὐχ
1678 1735 1866 1800 ἁπλῶς
1895 1738 2094 1807 ἐπεση-

425 1830 632 1901 μήνατο
660 1828 693 1899 ή
721 1825 840 1880 θεία
875 1825 1070 1898 Γραφῂ
1098 1825 1180 1889 τὸ,
1212 1825 1321 1877 “Or
1346 1822 1552 1877 ἔτεκεν
1583 1823 1742 1888 αὑτῷ
1781 1822 1993 1893 Σάρραο
2032 1823 2092 1876 οὑ

422 1917 531 1989 γὰρ
565 1913 716 1970 εἶπεν
745 1912 892 1987 [465]
924 1913 1128 1978 ἁπλῶς,
1170 1910 1459 1965 Ἐκάαίεσε
1507 1910 1575 1964 τὸ
1609 1910 1795 1980 ὄνομα
1825 1911 1932 1965 τοῦ
1960 1909 2095 1965 υἱοῦ

420 2005 629 2067 αὐτοῦ,
681 2003 818 2058 ἀλλά
858 2000 1215 2074 προσέθηκεν,
1259 2000 1368 2053 Ὃν
1418 1998 1625 2052 ἔτεκεν
1659 1998 1821 2064 αὐτῷ
1873 1997 2095 2068 Σάρρα,

422 2076 565 2148 τοῦτ’
599 2091 743 2145 ἔστιν
761 2093 795 2163 ή
825 2092 1034 2162 στεῖρα,
1058 2091 1092 2161 ή
1121 2088 1333 2158 ἄγονος,
1361 2089 1395 2158 ή
1421 2090 1784 2158 γεγηρακυῖα.
1802 2087 1911 2143 Καὶ
1934 2104 2095 2157 περι-

419 2181 627 2252 ἐτεμεν
654 2179 860 2245 αὑτὸν,
894 2178 1047 2249 φησὶ,
1086 2175 1160 2245 τῇ
1187 2174 1376 2246 ἡμέρᾳ
1396 2173 1472 2245 τῇ
1492 2174 1671 2247 ὀγδόῃ
1704 2176 1857 2230 καθὰ
1883 2176 2090 2232 ἐνετει.

418 2273 567 2324 lato
589 2264 984 2337 Κύριος.οῦτω
1008 2264 1115 2336 γὰρ
1135 2259 1202 2335 ἦν
1228 2262 1640 2335 διαταξάμενος,
1658 2263 1800 2318 ὥστε
1819 2268 1885 2337 τῇ
1908 2265 2092 2338 ἡμέρᾳ

416 2357 485 2429 τῇ
520 2356 683 2430 ὀγδόῃ
714 2352 1143 2427 περιτέμνεσθαι
1168 2352 1353 2405 λοιπὸν
1391 2350 1459 2406 τὰ
1486 2352 1798 2423 τικτόμενα.
1838 2347 1971 2404 Εἶτα
2005 2352 2089 2405 ἵνα

425 2445 689 2519 μάθωμεν
709 2443 896 2498 λοιπὸν
920 2443 1022 2515 τὴν
1048 2441 1253 2511 ἄφατον
1268 2440 1493 2512 δύναμιν
1510 2439 1604 2493 τοῦ
1621 2439 1776 2504 Θεοῦ,
1802 2440 1883 2493 ὅτι
1915 2440 2008 2494 καὶ
2022 2439 2093 2495 τὰ

420 2536 572 2610 παρά
599 2533 906 2606 ἀνθρώποις
939 2533 1178 2588 ἀδύνατα
1208 2530 1339 2602 παρ’
1368 2530 1518 2602 αὐτῷ
1556 2530 1779 2596 δυνατά,
1812 2530 1902 2585 διά
1933 2532 2091 2586 τοῦτο

417 2625 515 2678 καὶ
540 2624 632 2678 τὸν
658 2622 849 2693 χρόνον
877 2624 1012 2691 ἡμῖν
1032 2620 1194 2673 πάλιν
1218 2617 1636 2688 ἐπισημαίνεται
1662 2619 1695 2690 ή
1730 2617 1851 2673 θεία
1878 2619 1918 2671 Γ
1924 2621 2088 2692 ραφή,

418 2711 514 2767 καὶ
547 2710 684 2782 μετά
713 2710 805 2763 τὸν
827 2708 987 2762 τόκον
1010 2706 1251 2761 διδάσκει
1276 2709 1309 2777 ή
1318 2707 1425 2771 μᾶς
1452 2705 1705 2775 λέγουσα.
1748 2707 2003 2778 Ἀϐραὰμ
2023 2708 2092 2762 δὲ

417 2797 500 2870 ἦν
533 2797 685 2854 ἐτῶν
715 2797 952 2861 ἑκατὸν,
980 2795 1165 2864 ήνίκα
1204 2794 1442 2865 ἐγένετο
1474 2791 1635 2860 αὐτῷ
1675 2795 1871 2849 Ἰσαὰκ
1900 2799 1933 2850 ό
1962 2799 2091 2864 υίὸς

417 2880 629 2946 αὐτοῦῖ
655 2882 805 2941 Εἷπε
826 2882 896 2939 δὲ
933 2881 1150 2952 Σάρρα·
1187 2880 1429 2936 Γέλωτά
1457 2898 1561 2952 μοι
1588 2882 1878 2950 ἐποίησεν
1904 2887 1937 2937 ό
1969 2886 2089 2938 Κύ-

413 2991 562 3047 ριοςο
593 2974 665 3042 ὃς
714 2974 824 3046 γὰρ
867 2970 946 3027 ἂν
985 2972 1245 3040 ἀκούσῃ,
1281 2968 1670 3040 συγχαρεῗταί
1698 2988 1822 3040 μοι.
1856 2970 1921 3024 Τί
1948 2973 2085 3038 ἐστι,

415 3061 664 3121 Γέλωτά
684 3078 785 3132 μοι
807 3059 1099 3127 ἐποίησεν
1120 3061 1152 3113 ό
1176 3059 1393 3126 Κύριος
1407 3074 1427 3122 ;
1456 3057 1808 3129 Εὐφροσύνης
1836 3058 2089 3125 ὑπόθεσίς

420 3170 512 3226 μοι
540 3153 569 3205 6
591 3150 748 3214 τόκος
776 3149 943 3203 ἐστίν.
971 3147 1085 3202 Καὶ
1110 3146 1162 3200 τί
1191 3146 1520 3218 θαυμαστὸν,
1554 3148 1602 3200 εί
1632 3147 1789 3218 ἐμοῖς
1822 3149 1928 3202 Καὶ
1956 3148 2090 3203 πάν-

415 3256 516 3305 τας
545 3239 670 3301 τοὺς
701 3235 999 3298 ἀκούοντας
1031 3233 1425 3306 συνηδομένους
1452 3232 1579 3299 ἐξω,
1610 3235 1713 3288 οὐκ
1747 3235 1933 3308 ἐπειδὴ
1975 3236 2090 3289 ἐτε-

416 3345 534 3394 κον,
573 3325 687 3380 ἀλλ’
710 3323 898 3395 ἐπειδὴ
921 3321 1094 3385 οὕτως
1117 3321 1321 3377 ἔτεκον.
1355 3321 1428 3375 Τὸ
1466 3321 1768 3393 παράδοξον
1804 3324 1898 3377 τοῦ
1932 3341 2091 3394 γεγε-

416 3415 655 3487 νημένου
684 3413 894 3476 πάντας
928 3411 1007 3475 εἰς
1028 3409 1212 3483 θαῦμα
1238 3411 1588 3482 καταστήσει,
1623 3413 1717 3466 καὶ
1738 3411 1957 3466 πλείονα
1983 3415 2089 3468 πᾶ-

418 3522 472 3559 σι
505 3501 732 3575 παρέξει
762 3501 861 3573 τὴν
900 3499 1114 3572 ήδονήν,
1159 3499 1287 3553 ὅταν
1338 3498 1601 3570 μάθωσιν,
1635 3500 1717 3553 ὅτι
1757 3500 1931 3572 ἐγὼή
1978 3504 2088 3558 τῶν

418 3588 627 3663 νεκρῶν
651 3588 803 3644 οὐδὲν
831 3587 1052 3657 ἄμεινον
1082 3585 1418 3657 διακειμένη,
1440 3585 1634 3657 ἀθρόον
1656 3589 1839 3660 μήτηρ
1867 3588 2087 3658 γέγονα,

419 3679 516 3734 καὶ
551 3677 658 3732 ἀπὸ
680 3672 1100 3751 κατεψυγμένης
1136 3673 1346 3745 μήτρας
1379 3673 1589 3727 παιδίον
1617 3673 1821 3739 ἔτεκον,
1852 3676 1946 3729 καὶ
1981 3679 2088 3750 μὴν

419 3767 673 3841 θηλάζειν
698 3764 953 3835 δύναμαι,
981 3762 1077 3816 καὶ
1107 3761 1289 3849 πηγὰς
1313 3762 1584 3832 γάλακτος
1609 3764 1827 3835 ἀφιέναι
1861 3768 1893 3838 ή
1929 3767 2090 3839 μηδε-

422 3857 550 3930 μίαν
586 3853 775 3909 ἐλπίδα
811 3852 996 3907 λοιπὸν
1020 3850 1367 3920 τεκνογονίας
1403 3851 1622 3922 ἔχουσα.
1649 3854 1759 3908 Καὶ
1798 3851 1947 3910 εἶπεν
1990 3856 2089 3924 Τίς

417 3940 740 4014 ἀναγγελεῖ
754 3938 834 4007 τῷ
861 3939 1125 4009 Ἀϐραὰμ,
1155 3938 1244 3992 ὅτι
1265 3936 1499 4006 θηλάζει
1517 3939 1582 3994 τὸ
1604 3941 1847 3997 παιδίον
1860 3943 2057 4014 Σάρρα
2068 3962 2089 4011 ;

417 4032 516 4086 Διά
542 4032 650 4103 γὰρ
683 4030 842 4083 τοῦτο
879 4028 973 4082 καὶ
1014 4026 1108 4081 τοῦ
1134 4027 1405 4095 γάλακτος
1436 4028 1493 4080 αί
1537 4031 1711 4099 πηγαὶ
1744 4033 2088 4103 παρεσχέθη..

421 4138 542 4185 σαν,
575 4120 660 4173 ἵνα
690 4118 780 4172 τὸν
806 4116 963 4170 τόκον
997 4113 1397 4180 πιστώσωνται,
1435 4115 1529 4169 καί¹
1574 4118 1648 4187 μή
1680 4135 1763 4181 τις
1786 4120 2088 4191 ὑπόϐλητον

418 4205 557 4262 εἶναι
582 4206 777 4280 νομίσῃ
808 4204 869 4259 τδ
895 4204 1124 4259 παιδίον·
1162 4204 1220 4257 αί
1239 4202 1349 4274 γὰρ
1376 4204 1550 4273 πηγαὶ
1573 4202 1665 4257 τοῦ
1693 4206 1961 4273 γάλακτος
1982 4211 2087 4261 πᾶ-

420 4312 506 4351 σιν
536 4297 832 4368 ἐκήρυττον
866 4293 1017 4359 παρά
1048 4292 1228 4345 πᾶσαν
1261 4290 1605 4363 ἀνθρωπίνην
1655 4294 1979 4363 προσδοκίαν
2010 4292 2088 4350 εί·-

418 4402 507 4440 ναι
564 4384 626 4437 τὸ
682 4381 1065 4452 γεγενημένον.
1124 4380 1218 4446 Τίς
1281 4379 1628 4448 ἀναγγελεῖ,
1699 4378 1789 4432 ὅτι
1850 4381 2087 4449 θηλάζει

418 4471 659 4525 παιδίον
709 4467 947 4538 Σάρῤα;
996 4466 1086 4520 ὅτι
1141 4466 1351 4520 ἔτεκον
1406 4464 1540 4519 υἱὸν
1591 4465 1662 4519 ἐν
1723 4463 1877 4537 γήρᾳ
1932 4485 2052 4535 μου
2065 4485 2085 4533 ;

416 4561 499 4614 ὅτι
543 4556 654 4629 ἐγὼ
694 4560 727 4630 ή
758 4557 1097 4628 γεγηρακυῖα
1125 4556 1304 4607 τεκεῖν
1352 4552 1637 4624 ἠδυνήθην,
1675 4555 1767 4607 καὶ
1813 4556 1872 4608 ἐν
1900 4555 2087 4630 ἡλικίᾳ

417 4647 640 4722 τοιαύτῃ
679 4645 893 4702 παιδίον
932 4642 1152 4714 τρέφειν
1179 4641 1449 4711 δύναμαι;
1492 4641 1601 4695 Καὶ
1635 4641 1891 4711 ηὐξήθη,
1930 4646 2084 4715 φησὶ,

416 4726 484 4791 τὸ
554 4734 818 4798 παιδίον,
878 4731 990 4785 καὶι
1034 4728 1549 4797 ἀπεγαλακτίσθη.
1606 4727 1716 4782 Καὶ
1793 4729 2087 4799 ἐποίησεν

428 4824 676 4893 Ἀϐραὰμ
700 4818 896 4890 δοχὴν
923 4813 1217 4886 μεγάλην,
1245 4809 1286 4887 ᾖ
1309 4812 1499 4885 ἡμέρᾳ
1521 4813 2013 4888 ἀπεγαλακτίσθη
2053 4821 2085 4875 ὁ

415 4911 547 4978 υἱὸς
569 4908 778 4966 αὑτοῦ.

485 5007 550 5067 ς’.
574 4996 728 5062 Εἶδες
748 4993 993 5050 τοῦλΘεοῦ
1015 4990 1113 5063 τὴν
1138 4991 1344 5062 ἄφατον
1365 4993 1576 5062 σοφίαν,
1590 4996 1740 5058 ὅπως
1758 4994 1846 5050 διά
1868 4995 2084 5051 πάντων

415 5091 516 5161 τὴν
558 5085 836 5158 ὑπομονὴν
878 5081 975 5134 τοῦ
1007 5079 1219 5136 δικαίου
1252 5082 1566 5152 βασανίσας,
1601 5084 1690 5137 ὅτε
1719 5086 2085 5157 ἀπαγορεύειν

354 5184 357 5185 ⁷
415 5176 564 5241 εδοξε
596 5174 692 5227 καὶ
723 5169 886 5233 αὐτὸς
919 5170 1014 5223 καί⁵
1058 5168 1257 5234 πάντες
1283 5172 1353 5224 ὀί
1400 5173 1481 5233 εἰς
1520 5170 1683 5225 αὑτὸν
1725 5173 1979 5244 ὁρῶντες,
2012 5178 2077 5248 τῇ

416 5258 738 5332 ἀνθρωπεία
772 5256 931 5326 φύσει
979 5257 1525 5322 κατακολουθοῦντες,
1557 5259 1679 5314 τότε
1724 5260 1824 5334 τὴν
1874 5264 2080 5319 οἰκείαν

416 5349 711 5418 ὑπόσχεσιν
739 5346 820 5409 εις
841 5343 1000 5414 ἔργον
1020 5345 1227 5416 ἢγαγες
1252 5347 1361 5402 Καὶ
1382 5349 1547 5418 ἡμεῖς
1569 5349 1767 5415 τοίνυν,
1786 5351 2081 5423 ἀγαπητοὶ,

413 5439 516 5510 τὴν
567 5434 737 5506 αὐτὴν
769 5432 847 5506 τῷ
893 5434 1088 5506 δικαίῳ
1131 5434 1410 5507 ὑπομονὴν
1453 5436 1937 5511 ἐπιδεικνυώμεθα,
1989 5443 2083 5497 καὶ

417 5523 688 5599 μηδέποτε
714 5523 1027 5597 ναρκῶμεν,
1057 5521 1191 5577 ἀλλά
1215 5527 1335 5588 ταῖς
1359 5528 1624 5596 χρησταῖς
1660 5526 1842 5583 ἐλπίσι
1873 5530 2086 5600 τρεφώ.

417 5614 580 5686 μεθα,
605 5612 809 5677 εἰδότες
834 5613 917 5668 ὃτι
946 5610 1069 5667 οὔτε
1094 5611 1351 5666 δυσκολία
1368 5613 1728 5685 πραγμάτων,
1744 5614 1870 5669 οὔτε
1898 5617 2085 5686 ἕτεροι

412 5719 466 5760 τι
495 5702 605 5757 τῶν
635 5700 989 5773 ἀνθρωπίνων
1019 5700 1199 5757 ἰκανὸν
1232 5698 1461 5774 κώλυμα
1477 5704 1606 5774 ήμῖν
1636 5704 1910 5773 γενέσθαι,
1935 5707 2083 5759 ἐπει-

410 5791 508 5850 δὰν
541 5795 575 5865 ή
608 5788 703 5846 τοῦ
735 5789 869 5845 Θεοῦ
900 5792 1059 5865 χάρις
1085 5789 1184 5862 τὴν
1212 5789 1421 5845 οἰκείαν
1453 5791 1765 5863 φιλοτιμίαν
1809 5793 2079 5861 ἐπιδείξα-

413 5884 535 5939 σθχι
569 5882 823 5956 βουληθῇ.
856 5883 1026 5939 Ὅταν
1044 5881 1153 5954 γὰρ
1182 5881 1390 5946 ἐκεῖνος
1413 5881 1599 5953 νεύσῃ,
1624 5882 1800 5938 πάντα
1825 5883 1961 5939 είκει
1987 5888 2078 5941 καὶ

2204 584 2386 636 πίστιν
2414 585 2901 658 ἐπιδεικνυώμεθα,
2932 589 3024 643 καὶ
3057 590 3196 661 πρὸς
3227 591 3289 644 τὸ
3318 592 3549 663 μέγεθος
3584 596 3752 650 αὑτοῦ
3778 600 3877 668 ἀφ-

2200 670 2456 742 ορῶντες,
2489 671 2751 745 ἀνώτεροι
2781 675 3059 747 γινώμεθα
3084 677 3190 731 τῶν
3212 679 3567 752 ἀνθρωπίνων
3595 684 3870 742 ἁπάντων.

2162 813 2168 818 _
2212 757 2270 813 ‘0
2302 758 2412 830 γὰρ
2452 760 2521 814 τὰ
2561 761 2825 830 μέλλοντα
2868 763 3050 831 ἀγαθά
3094 768 3190 819 καὶ
3227 767 3297 821 τὰ
3354 768 3645 841 ἀπόρρητα
3688 774 3873 829 ἐκεῖνα

2200 846 2568 918 ὑποσχόμενος
2594 852 2707 913 τοῖς
2740 852 2859 920 μετ’
2887 852 3090 924 ἀρετῆς
3141 854 3239 924 τὴν
3290 855 3526 913 ἐνταῦθα
3564 858 3710 931 ζωήν
3751 861 3871 916 δια-

2199 933 2435 1003 νύουσιν,
2461 937 2523 989 οὐ
2552 936 2731 1009 πολλῷ
2769 939 2968 1010 μᾶλλον
3000 942 3099 995 καὶ
3127 943 3196 997 τὰ
3226 944 3465 998 ἐνταῦθα
3490 946 3739 1017 παρέξει,
3776 951 3871 1005 καὶ

2202 1020 2459 1092 μάλιστα,
2492 1021 2587 1076 ἐὰν
2621 1023 2782 1094 ἡμεῖς
2823 1026 3047 1082 ἐκείνων
3093 1028 3389 1101 ἐφιέμενοι,
3427 1031 3536 1085 τῶν
3585 1034 3870 1105 παρόντων

2199 1110 2557 1184 ὑπερορῶμεν
2573 1127 2588 1177 ;
2607 1112 2760 1188 [466]
2773 1114 2906 1170 Τότε
2922 1115 3031 1186 γάρ
3042 1117 3222 1171 αὐτῶν
3238 1118 3471 1188 μάλιστα
3486 1119 3869 1193 ἀπολαύσομεν

2198 1199 2338 1269 μετά
2352 1202 2652 1273 δαψιλείας,
2670 1205 2800 1258 ὅταν
2815 1204 2994 1259 αὐτῶν
3013 1205 3287 1277 ὑπεριδεῖν
3309 1206 3677 1278 βουληθῶμεν.
3701 1211 3869 1265 Ταῦτ’

2194 1282 2287 1341 οῦν
2311 1288 2513 1355 εἰδότες
2535 1301 2577 1360 ⁸,
2603 1293 2788 1347 ἐκεῖνα
2822 1292 3077 1365 ποθῶμεν
3104 1293 3173 1347 τά
3199 1292 3427 1365 μένοντα
3452 1297 3546 1349 καὶ
3575 1294 3728 1370 [466]
3748 1299 3871 1353 ἀκί-

2194 1391 2330 1445 νητα
2351 1377 2553 1446 άγαθά,
2581 1380 2651 1435 τὰ
2674 1380 2825 1445 τέλος
2848 1381 2948 1435 οὐκ
2975 1382 3332 1455 ἐπιστάμενα,
3363 1382 3448 1436 ῖνα
3481 1384 3575 1437 καὶ
3603 1386 3694 1439 τὸν
3726 1404 3868 1459 mp-

2193 1463 2323 1519 όντα
2377 1465 2489 1537 βίον
2517 1461 2768 1536 ’ἀλύπως
2827 1470 3197 1542 διανύσωμεν,
3256 1472 3525 1527 κάκείνων
3587 1474 3867 1545 ἐπιτυχεῖν

2196 1549 2536 1625 δυνηθῶμεν,
2560 1549 2634 1611 ὧν
2662 1558 2876 1626 γένοιτο
2903 1558 3112 1623 πάντας
3143 1561 3292 1631 ἡμᾶς
3319 1559 3645 1627 ἀπολαῦσαι,
3677 1562 3867 1634 χάριτι

2193 1641 2286 1693 καὶ
2319 1641 2700 1718 φιλανθρωπίᾳ
2742 1646 2838 1701 τοῦ
2883 1648 3090 1719 Κυρίου
3143 1647 3300 1719 ήμῶν
3362 1649 3536 1721 Ἰησοῦ
3591 1649 3863 1720 Χριστοῦ,

2196 1727 2317 1798 μεθ’
2346 1722 2409 1784 οῦ
2442 1731 2520 1802 τῷ
2554 1733 2732 1806 Πατρὶ
2771 1734 2982 1807 ήλδόξα,
3019 1736 3136 1807 ἅμα
3160 1736 3239 1808 τῷ
3272 1736 3413 1808 ἁγίῳ
3439 1737 3739 1808 Πνεύματι,
3768 1735 3866 1792 νῦν

2192 1816 2288 1870 καὶ
2314 1818 2420 1883 ἀεὶ,
2456 1822 2552 1874 καὶ
2579 1824 2659 1886 είς
2684 1824 2811 1885 τοὺς
2840 1823 3043 1887 αἰῶνας
3066 1824 3175 1877 τῶν
3207 1823 3438 1881 αἰώνων.
3457 1826 3651 1897 Ἀμήν.

2809 1912 3053 1964 OMIAIA
3098 1913 3249 1979 Μςν.

2189 1992 2299 2072 Καῖ
2325 1989 2458 2072 εἶπε
2482 1996 2682 2072 mappa
2704 2015 2718 2031 ο
2755 1999 2849 2072 Τίς
2884 2000 3208 2072 ἀναγγελεῖ
3225 1999 3307 2066 τῷ
3346 2001 3613 2072 Ἀϐραὰμ,
3648 2003 3739 2059 ὅτι
3760 2009 3864 2071 θη-

2259 2063 2419 2125 λάζει
2435 2063 2675 2122 παιδίον
2695 2063 2929 2138 Σάρῤα;
2954 2063 3517 2127 ὅέίὲτεκονύἱύίὲν
3537 2063 3691 2144 γήρᾳ
3708 2063 3847 2141 μου.

2182 2164 2187 2169 ’
2259 2160 2329 2207 α’.
2368 2154 2504 2226 Φέρε
2529 2156 2624 2210 καὶ
2650 2159 2912 2230 σήμερον,
2940 2161 3236 2232 ἀγαπητοὶ,
3264 2162 3363 2232 τὴν
3396 2163 3718 2219 ἀκολουθίαν
3753 2163 3860 2216 τῶν

2188 2239 2315 2311 χθὲς
2352 2242 2655 2315 εἰρημένων
2686 2246 3045 2310 ἀναλαϐόντες
3067 2285 3085 2313 ,
3121 2246 3264 2302 οὕτω
3315 2248 3414 2322 τὴν
3449 2252 3692 2307 ἑστίασιν
3729 2252 3860 2321 ὑμῖν

2190 2330 2524 2403 παραϐῶμεν
2540 2333 2743 2406 ταύτην
2753 2335 2853 2406 τὴν
2874 2338 3270 2409 πνευματικὴν,
3292 2339 3378 2392 ἵνα
3395 2340 3655 2411 μάθωμεν
3671 2340 3859 2407 πάλιν,

2189 2418 2441 2491 καθάπερ
2475 2420 2599 2492 χθὲς
2632 2422 2925 2494 ἠκούσατε,
2963 2426 3058 2479 τοῦ
3087 2425 3292 2495 ἀγαθοῦ
3339 2427 3476 2481 Θεοῦ
3510 2428 3608 2499 τὴν
3654 2430 3860 2498 ἄφατον

2189 2507 2516 2578 κηδεμονίαν
2543 2511 2637 2565 καὶ
2667 2512 3097 2580 συγκατάϐασιν,
3134 2515 3228 2567 καὶ
3269 2512 3363 2567 τοῦ
3395 2516 3732 2587 πατριάρχου
3759 2517 3863 2589 τὴν

2190 2594 2390 2667 πολλὴν
2430 2597 2677 2668 ὑπακοὴν
2708 2599 2802 2652 καὶ
2833 2600 3270 2671 εὐγνωμοσύνην.
3314 2602 3495 2654 Εῖδετε
3520 2603 3666 2666 ὅπως
3697 2604 3730 2675 ή
3761 2603 3860 2657 τοῦ

2201 2683 2389 2738 Ἰσαὰκ
2416 2685 2668 2756 γέννησις
2694 2688 2969 2760 περιχαρῆ
3001 2688 3101 2761 τήν
3147 2690 3364 2762 Σάρραν
3396 2690 3652 2761 ἐποίησεν
3664 2687 3691 2758 ’;
3709 2688 3862 2745 Εῖπε

2189 2770 2317 2843 γὰρ,
2350 2775 2503 2843 φησὶ,
2540 2773 2778 2828 Γέλωτά
2814 2793 2917 2844 μοι
2951 2776 3242 2844 ἐποίησεν
3271 2781 3303 2832 ό
3332 2780 3475 2845 Θεός
3496 2794 3509 2808 ο
3536 2777 3605 2844 ὃς
3639 2778 3751 2849 γὰρ
3779 2779 3862 2834 ἂν

2189 2860 2446 2930 ἀκούσῃ,
2473 2861 2862 2932 συγχαρεῖταί
2873 2881 2997 2933 μοι.
3014 2864 3302 2932 Ἕκαστον,
3329 2866 3609 2937 φησὶ,τῶν
3628 2867 3858 2923 ἀκουόν-

2187 2966 2295 3003 των
2330 2953 2410 3015 εἰς
2433 2950 2717 3005 κοινωνίαν
2742 2952 2841 3023 τῆς
2870 2954 3046 3025 χαρᾶς
3067 2953 3463 3025 ἐπισπάσομαι.
3494 2955 3721 3026 Μεγάλη
3747 2956 3855 3027 γάρ

2187 3040 2336 3094 ἐστιν
2372 3041 2405 3112 ή
2449 3040 2601 3112 παρά
2639 3041 2733 3095 τοῦ
2763 3042 2898 3096 Θεοῦ
2947 3043 3359 3116 παρασχεθεῖσά
3410 3060 3501 3115 μοι
3526 3043 3723 3115 δωρεὰ,
3764 3048 3856 3100 καὶ

2187 3127 2593 3199 ὑπερϐαίνουσα
2633 3130 2731 3202 τήν
2758 3130 3107 3202 ἀνθρωπίνην
3131 3130 3435 3186 ἀσθένειαν.
3465 3131 3561 3195 Τίς
3589 3132 3718 3202 γὰρ,
3752 3151 3858 3206 φη-

2188 3216 2295 3279 σὶν,
2318 3216 2419 3269 οὑκ
2446 3217 2512 3269 ἂν
2543 3218 2845 3287 ἐκπλαγείη
2875 3219 3017 3289 ὀρῶν
3045 3218 3147 3290 ἐμὲ
3169 3219 3717 3291 γαλακτοτροφοῦσαν
3761 3221 3856 3277 καὶ

2184 3305 2601 3377 τιθηνουμένην,
2627 3307 2728 3378 τὴν
2755 3307 2813 3360 ἐν
2837 3306 3054 3378 ἐσχάτῳ
3076 3307 3225 3379 γήρᾳ
3248 3307 3523 3380 καὶμέχρι
3541 3309 3635 3363 τοῦ
3659 3311 3858 3382 παρόν-

2184 3410 2274 3457 τος
2311 3395 2368 3446 ἐν
2397 3394 2625 3465 ἀπαιδίᾳ
2668 3394 3075 3467 γεγενημένην;
3124 3396 3234 3449 Καὶ
3265 3396 3465 3451 ὡσανεὶ
3502 3397 3857 3469 θαυμάζουσα

2186 3481 2279 3535 καί⁹
2308 3481 2720 3553 ἐκπληττομένη
2750 3483 2811 3535 τὸ
2834 3484 3076 3552 γεγονὸς,
3102 3484 3350 3556 ἐπήγαγε
3369 3502 3383 3516 ·
3421 3486 3514 3551 Τίς
3539 3487 3860 3557 ἀναγγελεῖ

2184 3567 2265 3634 τῷ
2308 3570 2572 3639 Ἀϐραὰμ,
2599 3569 2688 3624 ὅτι
2716 3569 2957 3640 θηλάζει
2980 3562 3233 3635 παιδίον
3261 3573 3494 3643 Σάρρα;
3526 3573 3614 3629 ὅτι
3645 3576 3858 3632 ἔτεκον

2185 3657 2320 3711 υἱὸν
2338 3656 2408 3710 ἐν
2429 3656 2582 3726 γήρᾳ
2607 3676 2727 3728 μου
2740 3675 2761 3723 ;
2789 3658 3004 3733 Ἐπειδὴ
3032 3661 3170 3732 ὑπὲρ
3192 3660 3352 3732 φύσιν
3384 3664 3500 3717 ἐστὶ
3530 3663 3589 3717 τὸ
3610 3665 3851 3733 γεγονὸς,

2185 3745 2274 3799 διά
2299 3745 2458 3799 τοῦτό
2483 3763 2637 3818 φησι,
2672 3748 2769 3815 Τίς
2799 3748 3152 3819 ἀναγγελεῖ;
3177 3751 3297 3804 ἀντὶ
3330 3750 3446 3815 τοῦ,
3478 3750 3574 3815 Τίς
3607 3752 3856 3818 ἀναλογὶ-

2191 3850 2380 3900 σεται;
2410 3835 2495 3899 τίς
2523 3834 2590 3890 ἂν
2619 3834 2982 3909 ἐνθυμηθείη;
3016 3838 3141 3892 ποία
3169 3838 3376 3892 διάνοια
3398 3838 3724 3893 καταλαϐεῖν
3760 3841 3855 3892 δυ-

2154 3938 2159 3943 ‘
2187 3923 2440 3992 νήσεται;
2468 3926 2621 3986 ποῖος
2648 3923 2906 3994 λογισμὸς
2938 3925 3117 3996 εὑρεῖν
3150 3924 3331 3987 ἱκανὸς
3364 3923 3456 3976 τοῦ
3485 3926 3854 3996 γεγενημένου

2185 4011 2284 4082 τὴν
2313 4014 2634 4083 ἀκρίϐειαν;
2670 4014 2781 4083 Οὐχ
2815 4012 2958 4065 οὑτω
2988 4012 3298 4080 θαυμαστὸν
3324 4008 3412 4083 ἦν,
3449 4013 3509 4064 τὸ
3537 4016 3600 4067 ὲκ
3629 4015 3727 4084 τῆς
3757 4018 3856 4070 πέ-

2183 4115 2322 4169 τρας
2359 4098 2500 4151 κατὰ
2528 4099 2626 4171 τὴν
2668 4098 2872 4169 ἔρημον
2902 4097 3201 4151 ἀναϐλύσαι
3235 4098 3333 4160 τὰς
3375 4098 3557 4167 πηγὰς
3589 4102 3699 4153 τῶν
3731 4104 3857 4159 ὑδά-

2184 4203 2311 4246 των,
2347 4186 2506 4256 ήνίκα
2534 4188 2601 4257 τῇ
2631 4184 2812 4257 ῥάϐδῳ
2839 4185 3082 4255 Μωῦσῆς
3103 4184 3309 4256 ταύτην
3335 4185 3576 4251 ἔπαισεν,
3594 4187 3669 4253 ὡς
3695 4191 3858 4245 τοῦτο

2183 4274 2245 4326 τὸ
2273 4273 2382 4327 ἀπὸ
2417 4275 2632 4345 μήτρας
2652 4273 2750 4345 ήδη
2781 4273 3195 4345 νενεκρωμένης
3215 4275 3732 4349 παιδίοντεχθῆναις
3762 4283 3854 4336 καὶ

2185 4361 2455 4429 γάλακτος
2483 4361 2663 4432 πηγάς
2678 4361 2998 4416 ἀναϐλύσαι.
3034 4362 3151 4415 Ἵνα
3184 4362 3292 4436 γὰρ
3319 4366 3482 4418 πᾶσιν
3512 4367 3541 4419 6
3568 4366 3726 4431 τόκος
3749 4386 3852 4423 κα-

2185 4447 2412 4519 τάδηλος
2448 4447 2692 4518 γένηται,
2743 4448 2839 4502 καὶ
2870 4449 3101 4514 πάντας,
3133 4452 3227 4521 καὶ
3254 4453 3380 4517 τοὺς
3428 4453 3549 4507 τότε
3578 4456 3855 4526 παρόντας

2186 4535 2430 4600 καὶτοὺς
2463 4535 2601 4607 μετά
2631 4536 2804 4591 ταῦτα
2834 4536 3155 4606 ἀκούοντας,
3182 4542 3263 4605 εἰς
3294 4541 3474 4596 πίστιν
3505 4542 3600 4596 τοῦ
3636 4543 3853 4615 θαύμα-

2184 4640 2273 4687 τος
2297 4623 2558 4696 ἐναγάγῃ,
2589 4624 2675 4679 διὰ
2705 4622 2861 4678 τοῦτο
2890 4626 2984 4679 καὶ
3009 4626 3145 4699 αὑτὴ
3176 4628 3366 4700 τρέφει
3390 4630 3601 4684 παιδίον
3631 4632 3723 4685 καὶ
3751 4633 3852 4703 τῆς
3968 4620 3975 4628 ’

2183 4710 2648 4782 γαλακτοτροφίας
2676 4711 2949 4783 ἀνέχεται.
2982 4715 3090 4769 Καί
3131 4732 3284 4787 φησι,
3320 4719 3415 4785 Τίς
3436 4719 3758 4789 ἀναγγελεῖ
3771 4719 3855 4786 τῷ

2197 4796 2471 4867 Ἀϐραὰμ,
2522 4798 2612 4851 ὅτι
2640 4799 2875 4869 θηλάζει
2914 4803 3156 4858 παιδίον
3180 4805 3379 4875 Σάρρα
3396 4824 3415 4872 ;
3442 4806 3600 4860 τοῦτο
3631 4807 3694 4861 τὸ
3726 4826 3853 4863 και-

2184 4884 2293 4948 νὸν,
2334 4885 2653 4957 παράδοξον,
2685 4890 2782 4942 καὶ
2816 4891 2945 4964 παρ’
2979 4892 3168 4947 ἐλπίδα
3204 4895 3328 4966 ἐμοὶ
3361 4895 3854 4966 παραηεθέν,Ὄτι

2182 4974 2391 5027 ἔτεκον
2416 4972 2633 5029 υἱὸνέν
2650 4976 2801 5046 γήρᾳ
2822 4997 2943 5049 μου
2967 4980 3029 5046 ιι;
3060 4982 3125 5035 Τί
3150 4982 3318 5048 ἐστιν,
3354 4983 3475 5035 Ὅτι
3494 4984 3703 5037 ἔτεκον
3720 4984 3854 5038 υἱὸν

2185 5061 2251 5115 ἐν
2282 5060 2435 5131 γήρα
2456 5080 2610 5131 μου;
2639 5064 2761 5119 Ὀτι
2792 5068 2886 5121 καὶ
2911 5067 3039 5123 ἀνευ
3064 5068 3167 5139 τῆς
3191 5069 3529 5142 στειρώσεως
3555 5070 3736 5135 ἱκανὸς
3761 5067 3847 5142 ἦν,

2184 5145 2342 5215 φησὶ,
2377 5146 2470 5199 καὶ
2491 5147 2518 5198 6
2552 5150 2651 5219 τῆς
2687 5148 2901 5220 ἡλικίας
2933 5153 3122 5222 χρόνος
3149 5153 3526 5224 ἀπαγορεῦσαι
3554 5153 3644 5206 τὸν
3671 5154 3848 5207 τόκον.

2197 5227 2356 5282 Ἀλλὰ
2400 5228 2574 5283 ταῦτα
2598 5231 2775 5286 πάντα
2820 5232 2891 5287 τὰ
2928 5234 3226 5304 κωλύματα
3246 5236 3275 5288 6
3301 5235 3581 5309 Δεσπότης
3606 5236 3852 5291 ἐκποδὼν

2185 5316 2572 5389 ποιησάμενος,
2595 5320 2687 5372 καὶ
2709 5320 2801 5373 τοῦ
2841 5320 3028 5385 παιδὸς
3052 5322 3146 5376 τὸν
3165 5322 3322 5378 τόκον
3352 5326 3477 5395 ἐμοὶ
3506 5325 3851 5395 κεχάρισται,

2186 5404 2282 5458 καί
2310 5404 2403 5458 τοῦ
2417 5406 2690 5475 γάλακτος
2707 5407 2806 5472 τὰς
2825 5409 3026 5478 πηγάς.
3047 5411 3184 5464 Ἀλλ’
3205 5411 3403 5482 ἴδωμεν
3418 5412 3602 5466 λοιπὸν
3616 5412 3683 5466 τά
3702 5412 3848 5483 ἑξῆς.

2195 5492 2415 5569 Ἐπειδὴ
2449 5493 2557 5565 γάρ
2588 5494 2889 5565 ἀπήρτιστο
2917 5496 2988 5550 τά
3016 5498 3118 5569 τῆς
3152 5497 3307 5571 [467]
3351 5500 3849 5569 γαλακτοτροφίας,

2181 5577 2335 5643 Εἶδε,
2362 5582 2515 5653 φησὶ,
2548 5581 2742 5651 Σάρρα
2769 5595 2878 5638 τον
2899 5584 3033 5639 υἱὸν
3058 5586 3243 5655 Ἅγαρ
3270 5585 3380 5656 τῆς
3409 5588 3751 5658 Αἰγυπτίας,
3782 5588 3855 5653 ὃς

2185 5670 2416 5740 ἐγένετο
2437 5670 2518 5737 τῷ
2555 5671 2831 5741 Ἀϐραὰμ,
2858 5672 3142 5734 παίζοντα
3167 5675 3319 5745 μετὰ
3355 5676 3551 5731 Ἰσαὰκ
3582 5675 3689 5730 τοῦ
3715 5676 3851 5730 υἱοῦ

2246 5778 2270 5805 ³
2300 5775 2471 5825 Morel.
2498 5781 2551 5825 et
2586 5777 2783 5837 quidam
2827 5792 2939 5829 mss.
2965 5777 3098 5827 ταῦτ’
3148 5779 3229 5828 οὖν
3268 5756 3467 5837 εἰδότες.Δ
3501 5780 3651 5831 διγὶι.
3675 5785 3729 5831 cl
3768 5775 3861 5829 alii.

2185 5838 2299 5899 ὅπερ
2321 5840 2645 5898 γινώσκοντες.

2254 5900 2281 5939 δ
2308 5899 2456 5949 Ξεινὶἰ.
2484 5899 2744 5961 etquidam
2767 5914 2884 5953 mss.
2906 5903 2953 5951 ἐν
2971 5902 3100 5968 γήρει
3125 5921 3232 5968 μου.
