4072 6216
368 227 462 283 HI

366 363 492 418 olim
526 363 654 416 illia
689 362 798 416 Deo
823 361 1077 430 promissa
1110 367 1249 414 sunt.
1299 358 1364 413 Et
1410 359 1654 412 Dominus
1681 400 1695 423 ,
1730 360 1897 427 inquit
1933 397 1948 422 ,

367 455 581 509 uisitauit
613 454 825 509 Sarram
847 496 861 516 ,
881 454 1005 506 sicut
1026 453 1152 506 dixit
1180 494 1193 514 ,
1216 462 1260 506 ct
1286 452 1400 524 fecit
1420 451 1594 506 Same
1618 455 1745 505 sicut
1777 453 1953 520 loquu-

367 555 445 600 tus
473 555 563 600 est.
596 545 648 598 2.
676 543 741 597 Et
768 545 1008 613 concepit,
1036 545 1324 614 peperitque
1354 543 1513 598 Sarra
1541 543 1758 596 Abt-aha:
1787 544 1952 611 [ilium

371 639 423 689 in
453 644 735 696 senectute,
777 636 830 688 in
868 647 1088 704 tempore
1113 636 1240 688 sicut
1270 635 1504 705 loquutus
1530 645 1601 688 est
1631 636 1676 689 ei
1703 633 1952 687 Dominus

371 727 518 799 (Cap.
549 727 674 802 91)..
689 726 824 794 Quid
851 735 953 792 est,
982 726 1124 781 Sicut
1147 727 1381 798 loquutus
1406 737 1497 788 est,
1517 736 1588 792 et,
1615 726 1760 780 Sicut
1781 727 1906 780 dixit
1928 726 1954 779 ἰ)

375 815 1058 885 Quemadmodum,inquit,
1084 819 1341 886 promisit,
1366 820 1575 888 quando
1604 819 1830 888 hospitio
1856 835 1951 873 ex—

367 917 548 978 ceptus
582 919 663 962 est
691 923 811 964 cum
847 911 1049 979 angelis
1077 912 1214 980 apud
1246 928 1499 982 quercum
1530 912 1783 966 Mambre.
1814 911 1944 965 Nam

362 1001 503 1069 quod
534 1000 704 1056 dixit:
740 1000 803 1055 In
833 1011 1053 1069 tempore
1078 1002 1170 1055 hoc
1196 1004 1408 1059 veniam.
1441 1013 1486 1056 et
1507 1003 1599 1058 erit
1619 1004 1794 1057 Sarra:
1809 1004 1947 1072 ﬁlius

369 1089 519 1159 (Gen.
553 1091 638 1146 I8.
670 1090 761 1162 Ἦ)
789 1110 799 1145 :
832 1092 931 1148 hoc
961 1108 1098 1146 nunc
1124 1109 1285 1160 opere
1313 1094 1582 1162 impletum
1611 1102 1709 1149 est.
1736 1094 1800 1147 Et
1830 1109 1947 1163 qua:

368 1190 554 1234 natura
583 1181 898 1251 denegabat,
931 1197 992 1236 ca
1019 1183 1268 1237 videbant
1303 1184 1544 1238 evenisse
1569 1226 1582 1248 ,
1615 1200 1720 1239 non
1753 1199 1945 1237 secun-

365 1269 490 1323 dum
534 1271 820 1324 humanum
861 1281 914 1325 et
943 1273 1155 1326 solitum
1186 1289 1385 1328 morem
1422 1315 1436 1339 ,
1467 1274 1561 1329 sed
1589 1290 1683 1344 per
1711 1274 1943 1328 divinam

363 1363 608 1431 gratiam.
652 1365 704 1418 3.
741 1362 803 1416 Et
843 1365 1032 1417 vocarit
1073 1382 1250 1418 nomen
1293 1366 1386 1433 ﬁlii
1421 1367 1540 1432 sui,
1582 1381 1724 1436 quem
1756 1366 1948 1435 peperit

363 1455 458 1523 ipsi
482 1453 664 1520 Sarra,
713 1455 880 1510 Isaac.
906 1457 1020 1511 Non
1049 1459 1246 1527 absque
1271 1473 1424 1511 causa
1450 1457 1756 1526 assignavit,
1789 1458 1948 1523 Quem

368 1547 560 1614 peperit
588 1547 684 1617 ipsi
709 1548 907 1601 Sarra:
936 1565 1038 1600 nun
1066 1547 1207 1601 enim
1234 1548 1366 1601 dixit
1388 1549 1734 1616 simpliciter,
1782 1547 1946 1601 Voca-

364 1640 432 1688 vit
453 1654 631 1690 nomen
645 1639 739 1705 ﬁlii
764 1639 842 1692 sui
861 1655 879 1702 ;
909 1639 1000 1692 sed
1017 1639 1226 1708 adjecit,
1255 1640 1409 1706 Quem
1425 1643 1615 1710 peperit
1638 1641 1735 1710 ipsi
1760 1641 1943 1705 Sarra,

363 1729 644 1783 infecunda
673 1731 757 1782 illa
785 1740 836 1784 et
861 1730 1053 1784 vetula.
1083 1731 1134 1783 4.
1161 1729 1227 1782 Et
1265 1731 1578 1784 circumcidit
1605 1749 1737 1799 eum,
1759 1733 1944 1800 inquit,

366 1821 449 1872 die
473 1829 645 1872 octavo
673 1860 687 1883 ,
719 1820 845 1873 sicut
886 1831 1190 1889 prwcepcrat
1218 1818 1488 1874 Dominus.
1517 1823 1603 1875 Sic
1635 1823 1778 1876 enim
1810 1839 1944 1891 pra:-

363 1917 576 1976 ceptum
618 1919 896 1978 acceperat
925 1950 940 1975 ,
989 1920 1044 1962 ut
1081 1910 1167 1965 die
1210 1921 1397 1964 octavo
1441 1911 1948 1967 circumcidercntur

365 1998 456 2067 qui
490 1998 708 2066 posthac
737 2013 1099 2054 nasceremur.

442 2088 626 2142 Omnia
657 2087 761 2143 Deo
792 2092 1146 2158 possibilia.-
1165 2091 1329 2146 Porro
1353 2101 1409 2146 ut
1437 2093 1656 2147 ulterius
1683 2094 1950 2149 discamus

366 2179 680 2234 ineffabilem
710 2181 997 2250 potentiam
1030 2183 1119 2238 Dei
1150 2225 1165 2248 ,
1195 2193 1248 2238 et
1287 2199 1348 2238 ea
1379 2199 1498 2254 qua:
1538 2186 1677 2255 apud
1706 2185 1950 2243 homines

366 2269 711 2338 impossibilia
738 2280 899 2337 sunt,
928 2274 1066 2342 apud
1091 2290 1209 2328 eum
1241 2275 1510 2344 possibilia
1538 2292 1656 2331 esse
1695 2295 1708 2330 :
1753 2277 1951 2334 idcirco

364 2363 521 2417 nobis
556 2373 763 2433 tempus
792 2366 1079 2436 assignavit
1113 2369 1300 2421 iterum
1341 2369 1518 2422 divina
1549 2368 1818 2436 Scriptura
1856 2411 1869 2433 ,
1899 2381 1952 2424 et

363 2465 484 2523 post
513 2464 717 2523 partum
753 2457 908 2512 docet
949 2472 1044 2512 nos
1091 2458 1174 2512 his
1219 2459 1395 2514 verbis
1425 2477 1436 2512 :
1468 2461 1521 2513 5.
1552 2459 1805 2513 Abraham
1846 2473 1952 2514 erat

361 2562 616 2598 annorum
643 2557 861 2610 centum,
884 2549 1086 2616 quando
1123 2561 1270 2603 natus
1303 2559 1375 2603 est
1403 2551 1448 2604 ei
1473 2548 1624 2604 Isaac
1643 2549 1783 2618 ﬁlius
1808 2569 1949 2606 suus.

363 2637 416 2689 ϐ.
453 2636 594 2690 Dixit
619 2649 784 2690 autent
809 2638 1004 2692 Sarra:
1027 2639 1203 2692 Risum
1232 2642 1347 2712 fecit
1373 2641 1496 2694 mihi
1518 2640 1772 2699 Dominus
1791 2659 1810 2698 .'
1836 2661 1954 2697 nam

359 2729 449 2799 qui
478 2730 668 2794 audiet,
686 2730 1174 2800 gaudebit'mecum.
1197 2733 1332 2800 Quid
1358 2741 1460 2799 est,
1484 2735 1659 2789 Risum
1689 2737 1805 2808 fecit
1829 2738 1953 2790 mihi

364 2821 615 2876 Dominus
647 2823 914 2878 ?La:titt:e
957 2827 1167 2878 occasio
1213 2825 1341 2878 ntihi
1383 2836 1561 2895 partus
1598 2838 1699 2882 est.
1734 2829 1793 2882 Et
1827 2828 1952 2898 qttid

364 2914 582 2978 mirum,
610 2916 655 2968 si
687 2915 814 2968 mihi
843 2917 1136 2985 gaudium?
1167 2918 1363 2972 Omnes
1391 2921 1552 2973 etiam
1577 2923 1664 2990 qui
1693 2922 1910 2978 audient
1929 2966 1944 2989 ,

364 3003 575 3061 habebo
601 3006 1048 3076 congratulantes,
1081 3023 1186 3061 non
1215 3010 1333 3078 quia
1370 3011 1579 3079 peperi,
1608 3013 1699 3066 sed
1728 3015 1848 3084 quia
1875 3017 1953 3070 sic

365 3096 570 3165 peperi.
601 3096 730 3150 Tam
775 3096 1103 3152 admirabilis
1146 3091 1624 3170 raruaque'jertus
1671 3120 1856 3161 omnes
1900 3109 1952 3160 in

366 3188 768 3243 admirationem
798 3190 984 3258 rapiet,
1010 3200 1061 3244 et
1084 3191 1338 3260 majorem
1357 3193 1604 3250 omnibus
1627 3195 1949 3266 voluptatem

363 3279 551 3335 aﬂ'eret
576 3323 590 3345 ,
619 3296 740 3336 cum
766 3282 1016 3336 sciverint
1041 3297 1126 3337 me
1150 3324 1164 3347 ,
1190 3299 1309 3353 qua:
1333 3283 1462 3338 nihil
1487 3301 1515 3338 a
1548 3289 1769 3341 mortuis
1797 3288 1951 3344 diffe-

365 3373 548 3427 rebam
596 3385 854 3441 quantum
896 3374 964 3428 ad
1007 3376 1405 3445 generationem
1440 3418 1455 3443 ,
1504 3378 1678 3432 subito
1724 3391 1950 3436 matrem

365 3464 556 3519 factam
578 3482 718 3530 esse,
747 3476 846 3520 etc
877 3467 1029 3520 vulva
1048 3469 1312 3524 exsiccata
1343 3471 1573 3539 puellum
1598 3475 1870 3542 peperisse
1897 3484 1951 3529 et

367 3555 564 3610 lactare
591 3572 746 3625 posse
771 3599 786 3624 ,
819 3567 872 3611 et
899 3557 1070 3613 fontes
1103 3559 1253 3614 Iactis
1283 3561 1525 3615 emittere
1555 3604 1569 3629 ,
1602 3578 1719 3631 qua.-
1752 3565 1950 3620 nullam

364 3662 514 3715 spem
557 3649 796 3717 pariendi
846 3649 1124 3703 habebam.
1156 3652 1209 3704 7.
1247 3651 1307 3703 Et
1337 3652 1465 3705 dixit
1486 3669 1503 3706 :
1525 3653 1652 3719 Quis
1672 3656 1950 3708 annuntia-

367 3736 434 3788 bit
466 3736 703 3801 Abrahce,
723 3738 858 3807 quod
884 3741 1037 3791 lactat
1073 3756 1283 3807 puerum
1315 3740 1475 3795 Sarra
1506 3743 1530 3794 ?
1573 3742 1705 3797 Nam
1735 3753 1950 3814 propter

369 3830 470 3884 hoc
513 3838 567 3883 et
613 3829 765 3884 lactis
796 3832 966 3885 fontes
994 3833 1233 3887 concessi
1263 3843 1424 3896 sunt,
1461 3844 1515 3887 ut
1546 3847 1751 3904 partum
1784 3839 1950 3908 magis

364 3920 673 3976 credibilem
695 3921 904 3985 faciant,
927 3932 1071 3977 etne
1098 3925 1215 3991 quis
1235 3926 1628 3994 supposititium
1656 3943 1776 3983 esse
1804 3939 1950 3998 putet

363 4028 586 4083 puerum
626 4031 638 4066 :
673 4013 846 4068 [mnes
886 4016 1026 4069 enim
1084 4015 1236 4070 Iactis
1279 4017 1527 4072 omnibus
1590 4019 1952 4088 praedicabant

362 4114 556 4175 praeter
598 4105 879 4160 humanam
911 4108 1364 4177 exspectationem
1395 4109 1496 4164 hoc
1532 4112 1790 4168 evenisse.
1821 4113 1946 4178 Quis

361 4201 680 4254 unnuntiabit
699 4242 714 4265 ,
755 4201 890 4268 quod
920 4201 1073 4254 lactat
1103 4218 1313 4270 puerum
1337 4203 1499 4257 Sarra
1521 4207 1547 4258 γ
1571 4207 1706 4276 quod
1735 4224 1943 4277 pepere-

358 4293 458 4346 rim
479 4293 642 4361 ﬁlium
666 4293 719 4346 in
750 4304 999 4347 senectute
1027 4310 1135 4347 mea
1161 4294 1187 4346 ?
1213 4294 1355 4364 quod
1384 4310 1483 4365 ego
1505 4312 1624 4366 quae
1643 4299 1818 4363 senui,
1853 4314 1942 4367 pa-

357 4399 481 4440 rere
509 4385 770 4454 potuerim
802 4424 816 4447 ,
858 4393 908 4438 et
940 4385 989 4438 in
1019 4385 1117 4439 hac
1142 4395 1298 4439 mtate
1326 4385 1490 4440 lilium
1530 4387 1673 4442 alere
1701 4390 1945 4457 possim?

357 4477 412 4533 8.
437 4475 501 4530 Et
547 4479 722 4542 crevit,
752 4477 939 4546 inquit,
987 4495 1128 4546 puer,
1179 4489 1226 4532 et
1269 4480 1549 4534 obluctatus
1594 4491 1685 4534 est.
1717 4481 1781 4534 Et
1825 4483 1944 4550 fecit

357 4568 618 4622 Abraham
662 4569 936 4622 convivium
976 4586 1213 4641 magnum
1248 4571 1329 4624 die
1358 4589 1454 4641 quo
1476 4571 1757 4627 obluctatus
1779 4586 1848 4628 est
1879 4577 1944 4644 ﬁ-

354 4660 456 4713 lius
489 4675 631 4713 suus.

425 4751 480 4807 6.
518 4750 732 4804 Muralis
751 4751 1050 4804 exhortatio.
1071 4749 1213 4805 Nihil
1231 4769 1328 4806 non
1350 4755 1479 4807 cedit
1500 4756 1644 4807 nutui
1661 4756 1847 4809 divino.
1871 4788 1941 4798 —

358 4842 544 4900 Vidisti
574 4842 667 4897 Dei
699 4841 1020 4896 ineffabilem
1056 4843 1370 4910 sapientiam
1391 4885 1406 4910 ,
1434 4845 1702 4914 quomodo
1737 4847 1942 4915 patien-

355 4938 482 4993 tiam
495 4936 624 5007 justi
643 4935 814 4990 modis
832 4935 1082 4989 omnibus
1108 4934 1370 5004 probavit,
1393 4938 1604 5007 quando
1622 4939 1736 5007 ipse
1756 4947 1810 4992 et
1826 4956 1939 4992 (ml-

355 5045 450 5088 nes
467 5029 555 5102 qui
573 5029 746 5100 ipsum
760 5027 1028 5093 videbant,
1054 5027 1298 5082 humanm
1317 5038 1517 5085 natura:
1531 5033 1668 5087 vires
1690 5043 1906 5103 spectan
1919 5065 1937 5075 -

356 5133 454 5182 tes,
480 5121 607 5176 nihil
633 5136 849 5190 sperare
880 5118 1165 5184 audebant,
1195 5128 1318 5173 tunc
1348 5119 1456 5190 ipsa
1486 5123 1766 5190 promissio
1792 5139 1938 5179 com-

356 5213 494 5279 pleta
511 5212 628 5266 est?
649 5210 828 5280 Igitur,
853 5209 1052 5273 dilecti,
1082 5219 1136 5264 et
1164 5226 1259 5265 nos
1286 5211 1551 5277 eamdem,
1581 5229 1738 5283 quam
1762 5215 1939 5284 justus

356 5302 444 5357 ille
473 5302 778 5372 patientiam
807 5300 1156 5357 exhibeamus
1180 5345 1194 5369 ,
1225 5313 1280 5357 et
1309 5319 1593 5374 numquam
1621 5306 1831 5362 desides
1858 5309 1934 5362 si-

356 5410 473 5448 mus
501 5393 628 5450 :scd
651 5410 747 5464 spe
776 5394 913 5450 bona
941 5411 1266 5462 recreemur,
1297 5397 1526 5454 scientes
1557 5415 1728 5468 neque
1757 5417 1932 5457 rerum

357 5487 722 5542 difficultatem
742 5530 756 5555 ,
787 5505 956 5561 neque
979 5491 1118 5545 aliud
1139 5491 1264 5563 quid
1293 5491 1579 5548 humanum
1603 5493 1932 5550 obstaculum

356 5578 509 5634 nobis
529 5593 648 5635 esse
673 5594 849 5649 posse,
874 5581 917 5636 si
943 5581 1157 5650 quando
1176 5583 1346 5652 gratia
1368 5583 1461 5640 Dei
1482 5599 1634 5641 suam
1657 5583 1932 5642 declarare

355 5671 582 5728 voluerit
607 5671 999 5729 liberalitatem.
1016 5674 1234 5744 Quoties
1250 5676 1391 5734 enim
1414 5677 1501 5736 illc
1523 5676 1730 5746 annuit,
1750 5678 1928 5733 omnia

1419 223 1477 277 IN
1521 223 1669 279 CAP.
1713 222 1855 279 XXI.
1901 218 2148 278 GENES.
2180 219 2410 276 HOMIL.
2453 220 2634 276 XLVI.

3530 222 3649 279 422‘

2062 336 2255 390 cedunt
2282 347 2335 391 ct
2371 337 2763 408 obtemperant,
2817 349 2866 394 et
2909 339 3141 395 difficilia
3185 339 3354 394 facilia
3401 353 3542 407 sunt,
3581 353 3638 399 et.

2060 428 2409 496 impossibilia
2439 431 2740 500 possibilia,
2772 433 2816 486 si
2844 433 3176 487 solummodo
3203 433 3407 486 firmam
3441 433 3493 487 in
3523 434 3638 503 ipso

2005 535 2007 537 ί
2059 516 2218 572 ii~lem
2239 533 2638 587 conservemus,
2655 531 2708 575 et
2729 521 2792 576 ad
2814 524 3230 593 magnitudinem
3249 525 3366 596 ejus
3387 527 3638 596 potentia!

2055 618 2362 677 spectantes
2388 609 2633 665 humanis
2669 612 2916 668 omnibus
2945 615 3249 681 superiores
3282 615 3468 668 simus.
3505 614 3636 668 Nam

2057 702 2146 770 qui
2176 701 2350 756 futura
2377 702 2515 757 bona
2537 713 2590 757 et
2622 704 2901 759 ineffabilia
2931 705 3016 758 illa
3037 705 3274 774 promisit
3307 706 3373 760 iis
3401 705 3488 775 qui
3515 721 3635 760 omn

2059 793 2252 848 virtute
2284 795 2442 848 vitam
2474 795 2557 848 hic
2588 799 2908 866 peregcrint,
2937 807 3134 866 quanto
3164 800 3330 868 magis
3357 808 3410 854 et
3431 815 3491 854 ea
3521 801 3638 869 qui-

2060 886 2156 938 bus
2189 885 2272 938 hic
2295 901 2427 954 opus
2457 897 2537 941 est
2562 887 2820 956 pra-bebit
2851 907 2862 942 :
2896 898 2949 942 et
2976 889 3205 942 maxime
3234 891 3279 943 si
3311 905 3407 945 nos
3431 891 3516 944 illa
3545 892 3638 945 de.

2058 977 2355 1032 siderantes
2403 980 2686 1047 praesentia
2740 980 3134 1050 despiciamus?
3177 984 3323 1039 Tunc
3366 986 3511 1040 cnim
3556 989 3638 1040 eis

2057 1069 2287 1121 maxime
2313 1078 2366 1122 et
2393 1069 2620 1123 ubertim
2655 1071 2890 1126 fruemur
2909 1113 2921 1131 .
2951 1073 3164 1142 quando
3193 1090 3255 1129 ea
3291 1085 3634 1133 contemnere

2058 1160 2411 1215 voluerimus.
2447 1161 2675 1217 Proinde
2713 1163 2826 1218 hch
2863 1165 3126 1230 scientes,
3158 1166 3244 1220 illa
3273 1167 3640 1222 desideremus

2059 1252 2196 1306 bona
2225 1269 2342 1321 qua:
2374 1263 2591 1309 manent
2629 1264 2683 1307 et
2725 1255 3013 1309 immobilia
3046 1266 3189 1320 sunt,
3236 1266 3292 1312 et
3319 1274 3437 1328 qua:
3481 1260 3638 1312 finem

2063 1344 2349 1398 nesciunt:
2399 1354 2448 1397 ut
2498 1355 2549 1398 et
2598 1356 2915 1414 pra-sentem
2964 1350 3124 1400 vitam
3181 1349 3312 1402 citra
3370 1350 3641 1404 tristitiam.

2057 1435 2500 1499 transmittamus,
2545 1444 2598 1489 et
2636 1436 2717 1489 illa
2755 1433 3001 1507 assequi,
3051 1438 3260 1506 illisque
3304 1454 3491 1495 onmes
3535 1440 3636 1494 hui

2057 1528 2344 1592 valeamus,
2377 1530 2545 1597 gratia
2579 1537 2632 1582 et
2659 1530 3023 1584 misericordia
3060 1530 3266 1584 Domini
3313 1533 3478 1586 nostri
3515 1532 3642 1586 .Iesu

2055 1616 2274 1684 Christi,
2306 1620 2389 1671 cui
2435 1634 2553 1672 cum
2600 1621 2753 1675 Patre
2799 1631 2851 1674 et
2879 1620 3077 1691 Spiritu
3123 1631 3308 1677 sancto
3334 1624 3401 1676 sit
3442 1625 3632 1692 gloria,

2057 1723 2196 1762 nunc
2223 1718 2274 1762 et
2303 1723 2534 1778 semper,
2563 1719 2616 1763 et
2643 1710 2691 1762 in
2721 1711 2914 1765 saecula
2943 1711 3278 1794 surculorum.
3315 1715 3507 1766 Amen.

2600 1822 2878 1877 IIOMILIA
2921 1823 3103 1879 XLVI.

2057 1914 2123 1968 Et
2149 1917 2273 1969 dixit
2316 1917 2476 1990 Sa_rra
2508 1935 2521 1971 :
2557 1917 2681 1990 Quis
2707 1920 3026 1990 annuntiabit
3059 1920 3300 1979 Abraham
3330 1926 3462 1990 quod
3485 1923 3634 1977 luctat

2127 2003 2336 2060 puerum
2359 1986 2531 2060 Sarra
2551 1989 2576 2041 ?
2601 1989 2736 2058 quod
2767 1990 2937 2060 peperi
2966 1991 3132 2057 [ilium
3163 1991 3211 2044 in
3242 1986 3493 2046 senectute
3523 2011 3633 2047 mea

2128 2055 2280 2125 (Gen.
2309 2056 2397 2110 2L
2433 2056 2527 2124 7)?

2132 2171 2178 2224 I.
2209 2172 2322 2241 Age
2352 2180 2404 2226 et
2434 2169 2591 2225 hodie
2612 2213 2626 2237 ,
2656 2171 2854 2235 dilecti,
2893 2173 3004 2227 heri
3044 2174 3302 2229 dictorum
3335 2176 3526 2230 seriem
3559 2192 3641 2232 rt'r

2062 2271 2322 2332 petentes,
2353 2264 2652 2318 convivium
2680 2264 2780 2318 hoc
2810 2265 2960 2320 vobis
2980 2267 3254 2336 spirituale
3279 2269 3600 2325 instruamus
3625 2289 3639 2322 :

2059 2363 2114 2409 ut
2147 2355 2358 2420 iterum,
2409 2356 2546 2410 sicut
2579 2355 2714 2423 heri,
2759 2357 3027 2412 discamus
3069 2367 3118 2414 et
3152 2359 3276 2414 boni
3318 2361 3412 2417 Dei
3453 2361 3642 2416 inclia-
3681 2351 3684 2356 ’

2057 2444 2219 2498 bilem
2246 2446 2646 2514 benignitatem,
2669 2463 2769 2517 qua
2791 2460 2970 2502 nostra
2993 2459 3164 2516 curat,
3193 2451 3346 2506 nobis
3367 2469 3424 2508 se
3446 2461 3640 2508 attem-

2060 2549 2278 2602 perans,
2331 2544 2383 2590 ct
2431 2551 2674 2606 magnam
2717 2539 3029 2606 patriarch
3070 2542 3428 2599 obedientiam
3477 2554 3636 2614 atque

2057 2634 2263 2693 gratum
2309 2627 2564 2680 animum.
2630 2627 2848 2683 Vidistis
2894 2631 3162 2698 quomodo
3206 2634 3451 2689 nativitas
3497 2636 3640 2691 Isaac

2059 2715 2272 2769 Sarram
2313 2715 2665 2772 exhilaravit?
2697 2719 2838 2772 Dixit
2875 2720 3025 2784 enim,
3074 2721 3273 2791 inquit,
3304 2722 3482 2779 Risum
3525 2726 3641 2796 fecit

2059 2807 2182 2860 mihi
2209 2808 2341 2862 Deus
2365 2825 2382 2860 :
2401 2825 2517 2862 nam
2539 2811 2623 2877 qui
2645 2811 2881 2869 audierit.
2906 2813 3143 2882 gaudebit
3175 2831 3386 2868 mecum.
3417 2817 3634 2883 Omnes,

2056 2897 2204 2964 dicit,
2251 2899 2523 2955 auditores
2574 2903 2857 2972 participes
2898 2905 3076 2973 gaudii
3126 2908 3228 2962 mei
3277 2907 3485 2963 faciam.
3529 2909 3640 2964 Ma-

2057 3008 2215 3061 gnum
2238 2992 2376 3046 enim
2396 2993 2591 3047 donum
2623 2995 2748 3048 mihi
2773 3011 2801 3049 a
2835 2997 2941 3053 Deo
2961 3014 3271 3055 concessum
3297 3011 3399 3068 est,
3426 3005 3642 3074 etquod

2059 3087 2344 3138 humanam
2389 3088 2714 3141 transcendit
2762 3088 3142 3146 infirmitatem.
3192 3093 3322 3161 Quis
3363 3095 3528 3162 enim,
3559 3097 3644 3151 in-

2057 3179 2193 3250 quit,
2229 3195 2332 3233 non
2359 3179 2724 3250 Obstupescat,
2758 3183 2944 3236 videns
2973 3201 3055 3238 me
3083 3185 3222 3240 lacte
3254 3203 3372 3242 meo
3403 3191 3642 3246 nutrien-

2059 3280 2164 3326 tem
2195 3287 2418 3341 puerum
2451 3272 2501 3326 in
2527 3283 2763 3328 extrema
2788 3285 3080 3338 senectute,
3105 3293 3223 3346 quae
3243 3277 3514 3350 hucusque
3536 3295 3642 3338 non

2059 3365 2278 3434 peperi?
2310 3365 2374 3418 Et
2400 3365 2550 3435 quasi
2579 3366 2850 3421 admirans
2890 3377 2943 3423 et
2972 3371 3191 3423 attonita
3223 3371 3290 3425 de
3320 3370 3481 3438 facto,
3508 3376 3640 3428 sub-

2057 3455 2189 3509 didit
2220 3473 2230 3508 :
2267 3457 2391 3521 Quis
2425 3459 2744 3512 annuntiabit
2786 3461 3034 3523 [lbra/ue,
3068 3465 3202 3531 quod
3243 3464 3396 3517 llt‘llll
3429 3483 3639 3533 puerum

2059 3547 2257 3602 Sarra?
2277 3549 2416 3616 quod
2447 3552 2620 3621 peperi
2647 3553 2808 3619 ﬁlium
2839 3553 2888 3606 in
2919 3566 3167 3609 senectute
3191 3557 3344 3610 mea?
3372 3558 3634 3626 Quoniam

2057 3653 2218 3708 super
2239 3650 2483 3694 naturam
2505 3650 2586 3696 est
2610 3643 2708 3698 hoc
2738 3642 2957 3710 factum,
2990 3655 3265 3714 propterea
3293 3649 3483 3718 inquit,
3511 3651 3637 3718 Quis

2056 3730 2416 3784 annuntiabit?
2458 3747 2520 3786 ac
2567 3733 2611 3786 si
2659 3733 2880 3801 diceret,
2936 3736 3065 3802 Quis
3113 3752 3292 3792 secum
3342 3743 3639 3810 reputabit?

2055 3819 2174 3887 quis
2207 3830 2382 3876 mente
2412 3823 2716 3892 concipiet?
2741 3841 2858 3894 (ιυιυ
2888 3842 3038 3880 mens
3059 3830 3512 3899 comprehendere
3541 3850 3636 3904 po:

2059 3914 2217 3966 terit?
2244 3931 2360 3983 qua:
2395 3916 2527 3967 ratio
2555 3915 2748 3971 sufﬁcit
2782 3930 2834 3971 ιιι
2866 3931 3110 3975 accurate
3152 3923 3274 3979 facti
3319 3924 3477 3995 hujus
3520 3944 3637 3981 mo-

2055 4006 2180 4060 dum
2211 4007 2482 4062 inveniat?
2511 4007 2623 4062 Non
2654 4010 2730 4063 sic
2768 4011 3078 4069 admirabile
3126 4014 3219 4069 fuit
3241 4057 3254 4081 ,
3283 4033 3345 4071 ex
3395 4028 3537 4087 petra
3586 4022 3636 4075 in

2054 4097 2269 4152 deserto
2317 4101 2626 4154 scaturiisse
2673 4101 2844 4155 fontes
2891 4119 3180 4172 aquarum,
3229 4109 3441 4178 quando
3491 4111 3632 4167 illaut

2054 4187 2229 4242 Moses
2253 4189 2392 4259 virga
2421 4193 2678 4259 percussit
2703 4192 2898 4262 (Exod.
2933 4195 3018 4266 I7)
3050 4215 3060 4248 :
3090 4197 3226 4252 sicut
3253 4199 3320 4253 de
3345 4201 3496 4254 vulva
3524 4203 3635 4270 j:rtll

2050 4292 2290 4336 emortua
2337 4299 2558 4352 pucrmn
2612 4287 2758 4340 nasci
2811 4286 2996 4358 (Num.
3029 4288 3153 4361 ΞΟ),
3184 4293 3414 4347 etlactis
3459 4293 3634 4352 fontes

2051 4375 2328 4430 scaturire.
2358 4373 2487 4429 Nam
2522 4387 2574 4430 ut
2605 4377 2852 4433 ()tltltlDtlS
2895 4392 3078 4450 partus
3125 4382 3435 4438 manifestus
3468 4399 3630 4454 esset,

2048 4475 2101 4520 et
2129 4482 2335 4529 omnes,
2371 4477 2477 4522 tam
2509 4483 2603 4522 eos
2631 4470 2718 4539 qui
2757 4478 2882 4525 tunc
2912 4471 3153 4540 aderant,
3185 4489 3343 4544 quam
3369 4477 3458 4547 qui
3490 4492 3635 4547 post~

2049 4575 2108 4612 ea
2152 4559 2438 4626 audierint,
2473 4561 2538 4615 ad
2592 4561 2748 4618 [idem
2795 4565 3035 4619 miraculi
3083 4566 3379 4637 induceret,
3431 4571 3631 4627 idcirco

2050 4651 2162 4721 ipsa
2190 4668 2410 4721 puerum
2439 4654 2530 4707 alit
2558 4664 2611 4708 et
2637 4655 2772 4710 lacte
2799 4641 2897 4711 suo
2923 4659 3033 4712 vult
3059 4661 3317 4718 enutrirc.
3351 4664 3415 4718 Et
3440 4665 3631 4734 inquit.

2051 4745 2177 4810 Quis
2202 4747 2520 4800 annuntiubit
2563 4747 2779 4802 Abrahw
2797 4793 2811 4815 ,
2839 4751 2976 4819 quod
3004 4752 3152 4808 lactet
3193 4772 3401 4826 puerum
3430 4756 3638 4812 Sarra?

2048 4836 2148 4891 hoc
2187 4853 2380 4892 novum
2409 4849 2461 4892 et
2491 4840 2829 4899 admirabile.
2863 4854 2918 4898 et
2960 4857 3152 4913 prmter
3177 4847 3627 4917 exspectationem

2048 4927 2174 4981 mihi
2202 4931 2546 4992 concessum.
2592 4931 2778 5003 inquit,
2812 4934 2960 5001 Quod
2994 4938 3165 5006 peperi
3208 4937 3370 5005 ﬁlium
3398 4938 3450 4990 in
3480 4954 3627 4992 sene-

2046 5031 2178 5076 ctute
2199 5039 2324 5076 mea.
2356 5023 2490 5090 Quid
2515 5023 2614 5078 hoc
2636 5035 2735 5089 est,
2759 5026 2941 5097 Peperi
2960 5029 3122 5095 [ilium
3145 5029 3194 5081 in
3215 5040 3462 5082 senectute
3477 5046 3586 5083 mea
3606 5032 3632 5086 .’

2045 5116 2177 5183 Quia
2209 5129 2402 5186 prreter
2427 5119 2758 5175 sterilitatem
2790 5119 3084 5174 sufficiebat
3116 5129 3346 5175 senecta:
3382 5129 3590 5191 tempus
3612 5165 3628 5189 ,

2047 5215 2101 5258 ut
2131 5217 2310 5274 partus
2355 5223 2474 5276 Spes
2506 5209 2798 5265 tolleretur.
2834 5210 3207 5265 Verumtamen
3247 5212 3627 5282 impedimenta

2047 5299 2157 5351 haec
2183 5299 2359 5353 omnia
2391 5317 2421 5355 e
2448 5301 2622 5354 medio
2666 5304 2878 5356 sustulit
2925 5302 3175 5357 Dominus
3199 5346 3211 5369 ,
3241 5314 3294 5360 ct
3332 5307 3478 5375 pueri
3502 5322 3624 5378 par-

2049 5402 2157 5446 tum
2187 5399 2240 5444 et
2266 5391 2414 5446 laetis
2445 5391 2619 5445 fontes
2650 5394 2777 5447 mihi
2808 5394 3092 5448 concessit.
3129 5393 3322 5450 Verum
3357 5397 3626 5454 videamus

2043 5487 2340 5555 sequentia.
2376 5486 2657 5554 Postquam
2708 5489 2982 5557 impletum
3014 5499 3094 5543 est
3130 5490 3355 5546 Iactendi
3389 5500 3620 5562 tempus.

2056 5577 2209 5642 Vidit,
2231 5581 2419 5650 inquit,
2453 5580 2613 5634 Sarra
2642 5583 2802 5650 ﬁlium
2848 5583 2983 5652 Agar
3021 5581 3320 5654 1E9gplitt',
3359 5588 3442 5652 qui
3471 5597 3619 5640 natus

2038 5685 2110 5729 est
2137 5675 2368 5744 Abrahae,
2396 5673 2645 5730 ludentem
2671 5696 2781 5734 cum
2807 5676 2953 5734 Isaac
2977 5694 3127 5745 puero
3151 5696 3259 5734 suo.
3297 5677 3362 5734 I0
3410 5678 3471 5732 Et
3492 5678 3620 5732 dixit
