4072 6216
528 243 631 304 423

526 359 745 417 Abrahae
769 375 789 414 :
820 357 964 430 Ejice
1004 355 1246 413 ancillam
1277 354 1410 409 hanc
1446 361 1492 408 et
1524 351 1690 422 lilium
1719 350 1850 420 ejus.
1899 346 2108 420 Nequa-

526 470 676 525 quam
697 452 830 508 enim
858 451 1000 506 heres
1016 449 1109 506 erit
1133 446 1273 519 ﬁlius
1296 442 1502 500 ancilla
1523 459 1639 498 cum
1666 442 1775 512 ﬁlio
1796 456 1905 496 meo
1932 438 2106 493 Isaac.

528 549 618 607 ιι.
648 546 839 600 Durum
864 551 1029 598 autem
1053 538 1291 611 apparuit
1310 535 1520 594 verbum
1539 538 1634 590 hoc
1659 549 1831 588 caram
1855 530 2113 586 Abraham

532 657 688 712 super
726 636 835 708 ﬁlio
866 651 976 691 suo.
1010 632 1159 696 Vide,
1201 629 1451 696 obsecro,
1504 627 1620 693 hic,
1652 624 1865 688 dilecte,
1896 625 2112 678 Sarram

528 733 720 787 iterum
753 744 856 784 non
888 726 1149 783 ferentem
1169 722 1408 779 lsmaelis
1438 720 1656 775 nimiam
1685 717 1978 780 licentiam,
2011 730 2111 770 ne-

530 838 633 892 que
664 819 924 891 patienter
948 815 1215 871 sustinere
1258 813 1526 868 volentem
1565 809 1774 864 ancilla:
1800 808 1964 862 lilium
1990 820 2112 861 cum

530 928 627 968 suo
664 911 811 966 lsaac
835 916 1266 964 conversantem.
1294 905 1443 961 Sicut
1470 904 1629 974 igitur
1654 902 1802 973 prius
1827 900 2112 970 superbum

531 1000 774 1073 spiritum
812 1001 954 1071 Agar
982 997 1266 1053 humiliare
1296 995 1504 1060 volens,
1536 993 1841 1049 vehementi
1876 991 2116 1061 indigna-

530 1096 675 1149 tione
706 1092 880 1162 l'ugam
921 1091 1055 1145 inire
1079 1104 1195 1144 eam
1223 1086 1436 1158 coegit:
1464 1086 1537 1140 ita
1581 1094 1635 1140 et
1661 1099 1803 1139 nunc
1840 1082 2022 1137 volens
2048 1080 2115 1137 ab

535 1184 685 1240 initio
716 1182 1008 1254 reprimere
1035 1180 1272 1235 lsmaelis
1300 1178 1680 1243 temeritatem,
1702 1185 1758 1231 et
1782 1191 1886 1231 non
1912 1173 2112 1241 ferens,

531 1290 654 1330 cum
681 1273 888 1328 videret
915 1286 1139 1343 puerum
1168 1283 1324 1325 suum
1353 1283 1385 1323 a
1420 1267 1530 1322 Deo
1559 1266 1663 1321 sibi
1696 1262 1951 1321 donatum
1993 1279 2116 1320 cum

530 1364 737 1421 ancill-.0
757 1363 1088 1435 Egyptiacae
1109 1359 1219 1418 lilio
1242 1358 1401 1413 simul
1432 1357 1657 1421 versari,
1684 1355 1814 1411 dicit
1841 1355 2068 1411 Abrahae
2098 1372 2112 1409 :

536 1455 682 1526 Ejiee
704 1452 959 1507 ancillam
990 1461 1036 1507 et
1062 1451 1226 1521 ﬁlium
1249 1451 1375 1518 eius.
1406 1448 1527 1503 Non
1549 1448 1683 1502 enim
1701 1448 1793 1502 erit
1814 1447 1956 1501 heres
1980 1446 2118 1515 ﬁlius

535 1548 739 1602 ancilla:
762 1545 914 1617 hujus
940 1561 1055 1600 cum
1080 1544 1189 1614 ﬁlio
1211 1559 1343 1598 meo.
1366 1542 1628 1611 Quoniam
1648 1551 1703 1597 et
1728 1556 1787 1596 se
1807 1541 1860 1595 in
1881 1548 2118 1595 extrema

537 1650 635 1696 tcta
645 1649 695 1694 te
714 1653 834 1694 esse
856 1636 1090 1705 videbat,
1113 1642 1165 1690 et
1188 1634 1540 1704 patriarcham
1561 1647 1770 1704 quoque
1789 1631 2119 1700 decrepitum

538 1733 719 1802 (erant
738 1729 880 1785 enim
906 1728 1098 1792 ambo,
1132 1727 1321 1797 inquit,
1355 1726 1496 1796 pleni
1526 1725 1790 1795 dierum),
1820 1723 2117 1792 suspicans,

541 1824 586 1878 si
616 1823 752 1878 forte
779 1831 999 1893 repente
1024 1827 1381 1886 morerentur,
1425 1833 1491 1872 ne
1517 1817 1705 1871 lsmael
1724 1855 1741 1882 ,
1771 1831 1838 1872 eo
1874 1814 2015 1886 quod
2053 1829 2118 1870 ex

540 1914 856 1987 patriarcha:
885 1912 1168 1968 concubitu
1198 1924 1354 1965 natus
1380 1918 1556 1974 esset,
1588 1922 1649 1964 se
1676 1908 1728 1963 in
1769 1906 1937 1978 patris
1964 1907 2120 1962 here-

537 2009 758 2063 ditatem
786 2005 1094 2067 intrudere.
1125 2003 1540 2073 participemque
1567 2009 1619 2055 et
1644 1999 1901 2070 mqualcm
1940 1998 2120 2053 lsaaco

541 2099 660 2155 ﬁeri
704 2104 933 2153 tentaret
974 2115 988 2151 :
1033 2095 1229 2150 idcirco
1266 2092 1412 2160 dicit,
1455 2090 1604 2164 Ejice
1640 2092 1880 2146 ancillam
1922 2092 2041 2145 ltinc'
2075 2099 2123 2146 et

539 2190 705 2259 filium
742 2190 870 2259 ejus.
917 2186 1112 2254 Discat,
1150 2185 1350 2256 inquit,
1385 2183 1496 2255 jam
1537 2183 1673 2238 nihil
1703 2199 1985 2239 commune
2023 2182 2122 2238 ha-

538 2281 771 2337 biturum
812 2279 980 2335 tilium
1010 2277 1215 2333 ancilla:
1248 2292 1369 2332 cum
1418 2277 1528 2332 lilio
1568 2291 1688 2331 meo
1728 2275 1891 2331 Isaae.
1940 2275 2124 2346 Neque

539 2369 683 2427 enim
718 2385 927 2441 mquam
965 2376 1049 2425 est
1085 2379 1141 2422 ut
1181 2367 1319 2422 ﬁlius
1358 2365 1625 2438 Egyptiae
1662 2375 1717 2421 et
1750 2366 1958 2421 ancillae
2002 2380 2124 2420 cum

540 2464 653 2519 tilio
680 2477 802 2518 meo
836 2470 891 2518 ct
916 2460 1148 2517 domina:
1184 2460 1343 2516 simul
1376 2469 1636 2515 versetur.
1667 2457 1931 2514 Caeterum
1966 2458 2124 2514 Sarra

539 2570 648 2609 non
706 2554 825 2609 sine
868 2567 1029 2608 causa
1071 2567 1187 2606 rem
1234 2550 1372 2605 hanc
1399 2550 1539 2621 egit,
1583 2548 1680 2605 sed
1724 2548 1847 2619 jure
1899 2564 1963 2603 ac
2009 2564 2127 2603 me-

542 2648 667 2715 rito,
708 2656 867 2717 atque
910 2645 984 2699 ita
1020 2651 1402 2714 congruenter,
1445 2652 1503 2697 ut
1540 2650 1596 2697 et
1627 2642 1769 2696 Deus
1813 2639 2128 2696 collaudarit

539 2737 658 2809 ejus
708 2736 868 2792 dicta.
920 2733 1224 2791 Patriarcba
1267 2748 1397 2788 vero
1437 2732 1576 2789 bene
1619 2731 1841 2787 allectus
1883 2747 2010 2803 erga
2046 2730 2125 2787 lss

545 2831 797 2897 maelem,
829 2829 1053 2886 moleste
1077 2827 1372 2898 accipiebat
1403 2842 1521 2897 qua:
1550 2842 1579 2882 a
1605 2827 1764 2882 Sarra
1791 2826 2124 2882 dicebantur.

543 2923 747 2980 Durum
801 2922 976 2986 enim,
1022 2921 1225 2991 inquit,
1278 2920 1519 2993 apparuit
1569 2920 1771 2974 uerbum
1813 2921 1910 2975 hoc
1958 2935 2128 2975 coram

544 3015 803 3073 Abraham
847 3012 911 3067 de
939 3011 1049 3082 ﬁlio
1081 3027 1192 3065 suo.
1223 3010 1408 3082 Neque
1435 3012 1575 3066 enim
1621 3009 1688 3066 de
1716 3012 1859 3080 Agar
1899 3011 2126 3066 multum

542 3104 806 3162 sollicitus
830 3112 966 3166 erat,
1004 3100 1099 3157 sed
1137 3116 1263 3172 erga
1303 3116 1523 3171 puerum
1556 3102 1629 3157 ita
1656 3103 2008 3170 afﬁciebatur,
2041 3110 2128 3156 ut-

544 3207 675 3264 pote
698 3194 807 3267 jam
832 3194 1250 3250 adolescentem.
1280 3193 1387 3251 Sed
1413 3196 1692 3255 considera
1712 3238 1727 3261 ,
1754 3178 2006 3263 obsecro,
2043 3197 2129 3255 hic

545 3288 830 3345 clementis
858 3287 951 3342 Dei
980 3287 1171 3342 miram
1200 3288 1558 3344 clementiam.
1599 3287 1731 3343 Nam
1763 3289 1884 3359 quia
1914 3289 2044 3343 vidit
2070 3298 2125 3344 et

547 3384 765 3438 Sarram
803 3382 912 3452 pati
941 3381 1144 3453 aliquid
1173 3381 1497 3446 humanum,
1533 3392 1588 3437 et
1612 3395 1754 3451 aegre
1780 3381 1921 3436 ferre
1947 3397 2126 3452 parem

547 3476 782 3532 ﬁliorum
826 3476 1130 3532 honorem:
1169 3474 1329 3544 idque
1364 3475 1556 3528 merito
1588 3491 1601 3526 :
1645 3473 1914 3529 Abraham
1953 3484 2128 3531 autem

548 3583 656 3625 non
679 3566 820 3624 ferre
847 3582 1002 3638 aequo
1027 3567 1208 3622 animo
1238 3565 1550 3637 ejectionem
1582 3565 1818 3620 lsmaelis
1844 3578 1895 3621 et
1924 3568 2131 3623 ancillae

532 3662 700 3734 '(nam
743 3660 865 3717 licet
912 3676 1021 3716 non
1063 3659 1428 3715 obluctaretur
1470 3657 1644 3714 Sarra:
1687 3659 1757 3714 ob
1807 3660 2131 3731 singularem

550 3751 1011 3808 mansuetudinem
1036 3794 1051 3817 ,
1089 3760 1321 3806 attamen
1365 3749 1557 3805 durum
1583 3752 1634 3806 ei
1680 3750 1958 3808 videbatur
1987 3771 2000 3808 :
2029 3753 2133 3810 hoc

549 3852 635 3900 est
649 3858 833 3915 grave,
858 3842 1142 3898 molestum
1164 3852 1220 3896 et
1242 3840 1575 3914 onerosum),
1601 3853 1725 3897 tunc
1746 3841 1961 3899 demum
1979 3860 2130 3899 suam

549 3935 760 3991 solitam
785 3949 1005 3990 servans
1033 3933 1450 3991 miscricordiam
1470 3974 1485 3999 ,
1516 3943 1570 3989 et
1592 3934 1895 3989 concordia:
1920 3934 2131 3989 illorum

551 4026 796 4096 copulam
818 4025 1204 4092 constringens,
1227 4022 1354 4077 dicit
1375 4023 1440 4077 ad
1473 4023 1740 4080 Abraham
1765 4042 1778 4078 :
1807 4024 1895 4080 12.
1928 4025 2010 4079 Ne
2033 4025 2135 4080 du-

552 4133 667 4171 rum
687 4118 753 4183 sit
778 4132 949 4171 coram
969 4124 1017 4169 te
1039 4116 1238 4168 verbum
1263 4114 1356 4168 hoc
1383 4115 1446 4169 de
1471 4132 1626 4185 puero
1649 4125 1698 4171 et
1716 4117 1927 4172 ancilla.
1950 4117 2134 4172 Omnia

554 4223 876 4277 quaecumque
895 4206 1077 4259 dixerit
1107 4206 1196 4259 tibi
1221 4205 1381 4261 Sarra
1400 4247 1415 4272 ,
1446 4206 1569 4260 audi
1593 4222 1760 4262 vocem
1785 4209 1915 4278 ejus.
1942 4209 2019 4265 Ne
2046 4224 2134 4264 ac-

554 4298 741 4369 cipias,
762 4297 951 4368 inquit,
969 4296 1202 4367 graviter
1223 4296 1363 4367 quod
1389 4296 1455 4352 ab
1479 4313 1541 4352 ea
1562 4297 1759 4354 dictum
1783 4299 1873 4355 tibi
1889 4310 1974 4356 est
1995 4317 2011 4355 :
2037 4301 2133 4356 sed

559 4389 747 4445 Omnia
771 4404 1096 4459 quacumque
1118 4387 1302 4442 dixerit
1335 4389 1422 4443 tibi
1449 4389 1632 4458 Sarra,
1655 4391 1780 4445 audi
1807 4408 1975 4446 vocem
2000 4395 2131 4466 ejus.

627 4479 685 4534 2.
711 4479 851 4549 Agar
864 4478 1094 4550 ejicitur;
1112 4477 1393 4533 obedientia
1412 4479 1668 4546 Abrahw;
1685 4483 1995 4551 prouidentia
2016 4482 2131 4538 Dei.

558 4567 775 4625 --lla:c
798 4568 996 4637 omnia,
1025 4568 1214 4640 inquit,
1236 4584 1355 4640 quae
1371 4585 1522 4635 nunc
1548 4570 1640 4625 tibi
1669 4571 1798 4627 dicit
1816 4572 1884 4629 de
1914 4574 2137 4631 lsmaele

560 4660 712 4718 etde
740 4660 914 4731 Agar,
942 4660 1125 4732 accipe
1153 4676 1167 4713 :
1197 4671 1250 4716 et
1287 4661 1409 4716 audi
1460 4676 1645 4718 vocem
1686 4662 1823 4731 ejus.
1875 4664 1951 4720 Ne
1980 4665 2131 4734 velis,

555 4753 749 4825 inquit,
777 4751 1094 4807 contristare
1135 4766 1252 4806 eam
1274 4794 1290 4819 ,
1320 4768 1437 4823 qua:
1476 4760 1624 4809 tanto
1664 4763 1905 4825 tempore
1932 4766 2135 4811 tantum

558 4858 798 4899 amorem
832 4856 957 4913 erga
989 4851 1040 4898 te
1068 4841 1356 4897 declaravit
1388 4861 1402 4897 :
1429 4859 1548 4914 qua:
1588 4859 1693 4899 non
1721 4846 1895 4901 solum
1929 4848 2131 4914 semel,

558 4935 654 4993 sed
680 4946 737 4992 et
763 4934 1021 5002 secundo,
1053 4944 1112 4989 ut
1146 4944 1196 4990 te
1221 4952 1251 4990 a
1291 4943 1466 4991 morte
1493 4937 1748 5007 eriperet,
1780 4940 2007 5010 seipsam
2039 4953 2135 5008 pro

557 5034 646 5081 tua
671 5027 842 5081 salute
860 5027 1141 5096 exposuit,
1185 5036 1238 5081 et
1262 5037 1447 5081 auctor
1472 5035 1578 5081 tuae
1620 5028 1777 5099 hujus
1806 5031 1987 5100 glorize
2015 5030 2133 5086 luit.

557 5117 796 5173 Primum
816 5117 1030 5188 quidem
1055 5116 1178 5171 fecit
1203 5126 1259 5171 ut
1278 5131 1398 5171 eum
1420 5119 1586 5173 tantis
1607 5118 1802 5175 divitiis
1820 5122 1889 5176 ab
1906 5119 2136 5193 Egypto

554 5208 785 5275 redires,
816 5217 999 5278 postea
1027 5223 1155 5263 vero
1183 5207 1373 5263 iterum
1402 5208 1453 5263 in
1475 5224 1634 5265 causa
1658 5211 1754 5266 luit
1782 5221 1839 5267 ut
1864 5213 1937 5268 ita
1965 5223 2018 5269 te
2046 5228 2136 5268 ve~

557 5309 842 5353 neraretur
892 5307 949 5353 et
990 5297 1301 5354 observaret
1348 5299 1675 5357 Abintelech.
1732 5302 1811 5357 Ne
1849 5304 2006 5373 igitur
2055 5304 2137 5360 dt-

556 5401 712 5443 versa
753 5388 824 5444 ab
864 5387 951 5444 his
990 5404 1110 5459 qua:
1152 5391 1365 5461 loquuta
1395 5401 1479 5448 est
1523 5394 1657 5449 velis
1700 5395 1837 5451 inire
1873 5397 2135 5453 consilia:

558 5480 834 5535 enimvero
862 5498 968 5537 non
992 5482 1147 5539 aliter
1166 5485 1394 5540 eveniet.
1421 5485 1477 5540 ln
1500 5484 1647 5542 Isaac
1665 5488 1807 5544 enim
1830 5505 1894 5545 ex
1920 5504 1982 5545 ea
2011 5500 2136 5545 nato

559 5581 706 5624 tuum
727 5586 911 5628 semen
937 5575 1234 5641 vocabitur,
1264 5585 1315 5631 et
1338 5576 1449 5646 ipse
1470 5579 1572 5633 erit
1595 5588 1717 5636 tuus
1739 5581 1895 5638 heres
1922 5582 1992 5656 (υ.
2018 5583 2137 5653 12).

559 5659 647 5717 ιδ.
678 5657 873 5715 Filium
908 5673 1073 5718 autem
1112 5664 1258 5720 illum
1278 5667 1480 5724 ancilla:
1513 5685 1733 5728 crescere
1757 5673 1966 5746 faciam,
1995 5686 2043 5730 et
2081 5676 2132 5731 in

1294 233 1354 292 S.
1393 228 1673 290 JOANNIS
1695 221 2169 286 CHRYSOSTOMI
2207 223 2525 282 ARCHIEP.
2562 226 3099 287 CONSTANTINOP.

3724 234 3851 292 ιει

2220 356 2416 418 gentem
2439 364 2678 420 magnam
2704 351 2892 420 faciam
2911 394 2927 419 ,
2952 352 3191 423 quoniam
3216 368 3384 408 semen
3410 362 3552 407 tuum
3576 363 3685 408 est.
3719 352 3844 413 Fac

2220 438 2378 510 igitur
2394 457 2513 512 quae
2542 441 2632 496 illa
2661 442 2754 498 tibi
2775 442 2991 513 dixerit,
3017 453 3072 500 et
3104 443 3258 500 obedi
3286 444 3403 500 voci
3429 445 3565 516 ejus.
3627 444 3847 515 Cogita

2222 530 2328 596 hic,
2357 532 2603 601 obsecro,
2635 544 2830 605 quanta
2858 536 3036 591 subito
3063 535 3349 591 concordia
3375 544 3430 592 et
3457 551 3560 607 pax
3589 536 3651 591 in
3687 550 3841 591 con-

2223 626 2524 681 tubernium
2564 643 2750 683 eorum
2790 629 3143 696 concesserit,
3180 629 3417 685 bonitate
3464 628 3655 684 divina
3705 629 3845 683 vin-

2221 719 2401 775 culum
2444 736 2628 776 eorum
2672 722 3088 793 constringente.
3118 723 3207 778 ﬂ.
3258 722 3493 778 Surrexit
3537 722 3713 787 enim,
3750 722 3841 776 in-

2222 820 2357 883 quit,
2370 827 2538 879 mane,
2553 822 2600 868 et
2618 814 2807 884 accepit
2820 829 2995 884 panes,
3013 821 3059 868 et
3070 822 3230 867 utrem
3249 828 3416 883 aqum,
3430 822 3475 866 et
3492 812 3641 866 dedit
3658 811 3840 883 Agar,

2223 912 2275 973 et
2309 903 2549 973 imposuit
2583 919 2736 974 super
2761 904 3024 958 humerum
3050 905 3160 974 ejus
3189 913 3238 959 et
3278 920 3520 975 puerum,
3547 912 3597 956 et
3627 903 3841 957 dimisit

2224 1011 2354 1050 eam.
2377 996 2511 1053 Vide
2531 996 2616 1052 hic
2634 997 2826 1053 iterum
2846 997 2975 1068 justi
3003 997 3250 1052 eximiam
3278 996 3624 1067 probitatem,
3644 1003 3708 1051 et
3725 1009 3843 1065 qua

2224 1086 2432 1143 ratione
2478 1088 2537 1143 in
2582 1088 2831 1143 omnibus
2883 1088 3186 1159 religiosam
3235 1102 3387 1143 suam
3434 1095 3681 1142 mentem
3734 1084 3842 1140 de-

2225 1178 2415 1234 claret.
2450 1177 2582 1233 Nam
2612 1178 2825 1248 quando
2851 1177 3052 1235 audivit
3077 1178 3293 1235 Sarram
3327 1177 3599 1233 dicentem
3623 1217 3640 1243 ,
3680 1175 3845 1247 Ejice

2225 1270 2467 1326 ancillam
2489 1280 2536 1325 et
2565 1271 2729 1341 [ilium
2756 1273 2869 1344 ejus
2891 1288 2910 1326 :
2935 1272 3127 1327 durum
3157 1270 3207 1326 ei
3236 1269 3516 1325 videbatur
3535 1310 3551 1337 ,
3580 1282 3653 1324 eo
3682 1267 3843 1337 quod

2226 1362 2362 1418 bene
2382 1361 2711 1433 afﬁciebatur
2731 1378 2856 1434 erga
2884 1361 3161 1418 lsmaelem
3186 1379 3200 1416 :
3224 1375 3411 1417 verum
3440 1359 3532 1415 ubi
3560 1358 3842 1413 Dominus

2227 1454 2501 1524 praecepit,
2544 1454 2721 1508 statim
2759 1453 2886 1508 fecit
2911 1452 3054 1524 quod
3102 1453 3418 1521 imperatum
3461 1458 3611 1516 erat,
3659 1448 3837 1505 etiam

2227 1545 2483 1600 naturalis
2503 1544 2702 1600 amoris
2729 1544 2947 1612 oblitus,
2969 1545 3119 1616 quasi
3139 1540 3342 1599 diceret
3362 1559 3377 1596 :
3400 1542 3499 1599 Ubi
3528 1540 3662 1613 quid
3692 1556 3839 1611 prac-

2228 1637 2357 1707 cipit
2386 1637 2663 1703 Dominus,
2686 1636 2953 1692 lacessant
2973 1650 3161 1692 omnes
3186 1635 3492 1690 aﬂ'ectiones
3521 1650 3536 1687 :
3568 1633 3701 1704 quia
3730 1648 3838 1687 na-

2228 1735 2361 1782 tura:
2390 1727 2646 1783 Dominus
2668 1736 2770 1793 est,
2799 1726 2890 1798 qui
2922 1727 3182 1797 prsccipit.
3215 1724 3283 1781 Ut
3303 1726 3495 1796 accepit
3522 1725 3709 1796 igitur,
3744 1724 3837 1778 in-

2230 1820 2366 1891 quit,
2413 1820 2602 1875 ancilla
2642 1836 2819 1892 panes.
2850 1827 2897 1874 et
2935 1830 3098 1874 utrem
3135 1834 3311 1887 aqum,
3339 1833 3540 1890 egressa
3580 1826 3662 1872 est
3703 1832 3829 1870 cum

2233 1911 2642 1983 puero.Verum,
2664 1913 2910 1979 obsecro,
2933 1913 3055 1968 vide
3075 1901 3288 1976 iterum,
3311 1911 3582 1982 quomodo
3606 1917 3839 1980 propter

2229 2005 2677 2075 benevolentiam,
2708 2021 2812 2078 qua
2843 2006 3260 2078 prosequebatur
3280 2004 3483 2075 justum
3513 2004 3680 2068 Deus,
3713 2004 3836 2057 haec

2230 2114 2442 2171 quoque
2472 2116 2703 2172 superna
2729 2115 2859 2156 cura
2889 2100 3047 2171 digna
3087 2098 3364 2153 habeatur.
3397 2096 3465 2153 Ut
3499 2111 3632 2166 ergo
3669 2094 3829 2159 abiit,

2230 2191 2523 2261 vagabatur
2564 2208 2658 2261 per
2685 2191 3029 2248 solitudinem
3051 2232 3067 2257 ,
3105 2198 3303 2245 etcum
3330 2203 3466 2259 aqua
3499 2194 3829 2254 consumpta

2231 2284 2432 2338 nullam
2474 2299 2697 2354 usquam
2726 2283 2990 2338 inveniret
3015 2281 3435 2345 consolationem
3455 2320 3471 2347 ,
3504 2278 3595 2334 1.5.
3630 2276 3833 2347 Abjecit

2234 2391 2469 2446 puerum,
2496 2375 2685 2445 inquit,
2715 2374 2883 2429 subter
2909 2390 3060 2427 unam
3083 2373 3312 2426 abietem.
3342 2368 3831 2438 Disrumpchantur

2232 2468 2374 2523 enim
2405 2467 2522 2538 ejus
2542 2467 2768 2532 viscera,
2799 2474 2855 2520 et
2877 2464 3091 2519 dolebat
3128 2462 3353 2518 multum
3382 2461 3451 2515 ob
3476 2459 3825 2514 immodicam

2233 2576 2358 2633 erga
2384 2575 2607 2632 puerum
2638 2558 2994 2614 affectionem.
3026 2555 3111 2612 l6.
3141 2554 3317 2620 Sedit,
3346 2552 3543 2622 inquit,
3578 2551 3826 2603 adversus

2233 2670 2378 2721 eum,
2405 2651 2550 2723 quasi
2573 2651 2642 2705 ad
2671 2651 2869 2723 jactum
2905 2664 3073 2702 arcus.
3116 2645 3326 2700 Dicebat
3366 2643 3542 2697 enim:
3581 2639 3707 2697 Non
3747 2642 3826 2693 vi-

2234 2741 2358 2797 debo
2387 2751 2596 2795 mortem
2624 2740 2768 2811 pueri
2802 2738 2919 2792 mei.
2960 2735 3030 2790 Et
3055 2736 3183 2791 sedit
3211 2752 3238 2790 e
3262 2735 3466 2805 regione
3506 2731 3672 2803 pueri.
3702 2730 3827 2783 Clu-

2233 2848 2380 2888 mans
2408 2842 2575 2886 autem
2603 2847 2747 2902 puer,
2780 2829 2995 2901 ploravit
3021 2828 3120 2899 (α).
3144 2825 3409 2882 Caeterum
3434 2823 3746 2879 misericors
3771 2830 3825 2875 et

2232 2927 2496 2998 benignus
2524 2925 2664 2980 Deus
2683 2966 2696 2990 ,
2728 2922 2896 2994 patris
2937 2930 2991 2976 et
3018 2920 3203 2975 matris
3240 2933 3366 2989 erga
3394 2931 3493 2971 nos
3516 2930 3699 2971 curam
3728 2928 3824 2968 sua

2236 3016 2620 3074 transcendens
2654 3017 2868 3088 pietate,
2917 3014 3005 3067 i7.
3043 3011 3323 3067 Exaudivit
3361 3025 3528 3063 vocem
3571 3007 3716 3087 pueri
3760 3006 3826 3058 de

2235 3110 2349 3165 loco
2377 3108 2464 3164 ubi
2507 3117 2616 3162 erat
2654 3123 2675 3160 :
2718 3108 2969 3160 misertus
3015 3110 3176 3158 estet
3221 3100 3370 3171 pueri
3415 3108 3470 3155 et
3509 3097 3822 3153 calamitatis

2234 3203 2414 3274 Agar:
2439 3199 2682 3271 permisit
2700 3205 2900 3253 tantum
2929 3210 3046 3248 eam
3071 3192 3299 3263 experiri
3327 3190 3455 3261 quid
3477 3191 3549 3244 sit
3566 3187 3816 3253 solitudo,

2235 3306 2290 3352 et
2304 3297 2481 3352 statim
2499 3308 2652 3349 suum
2668 3289 2936 3347 concessit
2957 3287 3282 3359 prmsidium.
3304 3283 3371 3337 Et
3393 3283 3601 3348 vocavit,
3626 3280 3813 3351 inquit,

2237 3386 2447 3460 angelus
2478 3384 2575 3440 Dei
2600 3384 2740 3454 Agar
2763 3382 2824 3435 de
2852 3380 2993 3444 ctelo,
3028 3387 3075 3433 et
3104 3377 3293 3432 dixitei
3311 3391 3331 3430 :
3354 3374 3490 3441 Quid
3517 3383 3610 3441 est,
3640 3373 3774 3443 Agar
3791 3372 3817 3425 .’

2240 3479 2324 3534 Ne
2353 3479 2531 3534 timeas
2554 3493 2572 3531 :
2600 3475 2793 3530 audivit
2821 3473 2954 3528 enim
2977 3469 3118 3529 Deus
3143 3485 3311 3525 vocem
3334 3467 3479 3539 pueri
3507 3466 3571 3520 de
3597 3464 3815 3545 locoxubi

2237 3583 2328 3631 est.
2358 3573 2447 3629 18.
2486 3571 2673 3643 Surge,
2711 3571 2885 3638 accipe
2913 3584 3153 3639 puerum,
3180 3575 3228 3620 et
3262 3564 3583 3635 apprehende
3613 3580 3813 3616 manum

2239 3669 2349 3735 eius
2378 3666 2473 3721 :in'
2499 3674 2695 3737 gentem
2723 3665 2857 3718 enim
2885 3677 3123 3734 magnam
3149 3660 3334 3734 faciam
3371 3674 3506 3712 eum.
3535 3656 3578 3711 Ο
3612 3655 3814 3710 miseri-

2238 3758 2476 3814 cordiam
2525 3756 2773 3811 Domini!
2817 3754 2932 3809 Non
2982 3753 3105 3824 quia
3148 3750 3338 3806 ancilla
3386 3759 3523 3816 erat,
3572 3746 3810 3817 despexit

2239 3865 2398 3914 eam;
2429 3848 2523 3903 sed
2550 3849 2669 3918 quia
2711 3845 3024 3917 patriarcha:
3063 3843 3409 3913 promiserat,
3440 3851 3493 3896 et
3527 3840 3644 3911 quia
3674 3839 3809 3893 illius

2240 3955 2425 3996 semen
2451 3950 2583 4006 erat,
2611 3948 2808 3993 tantam
2831 3951 3044 4007 quoque
3062 3950 3243 3990 curam
3266 3949 3392 4004 erga
3415 3949 3530 3988 eam
3551 3933 3808 3987 declarare

2241 4031 2507 4103 dignatur.
2538 4030 2706 4083 Dicit:
2736 4027 2873 4094 Quid
2895 4037 2986 4093 est,
3012 4025 3185 4097 Agar?
3217 4024 3300 4079 Ne
3324 4027 3498 4078 timeas
3524 4040 3547 4078 :l
3569 4022 3805 4077 exaudivit

2239 4127 2372 4181 enim
2410 4124 2657 4178 Dominus
2697 4136 2866 4176 vocem
2897 4120 3058 4191 pueri.
3096 4119 3261 4190 Surge
3292 4127 3339 4172 et
3366 4117 3538 4187 accipe
3580 4116 3731 4179 illum,
3760 4125 3805 4168 et

2238 4216 2562 4290 apprehende
2589 4229 2794 4269 manum
2815 4214 2923 4284 ejus
2947 4228 2967 4267 :
2996 4213 3048 4266 in
3075 4221 3270 4283 gentem
3315 4209 3448 4264 enim
3482 4224 3703 4281 magnam
3728 4211 3804 4279 fa-

2240 4309 2371 4363 ciam
2386 4306 2554 4363 illum.
2576 4305 2653 4361 Ne
2674 4318 2922 4369 mmreas,
2944 4303 3132 4374 inquit,
3155 4317 3220 4358 eo
3241 4299 3385 4371 quod
3416 4315 3449 4355 e
3475 4300 3630 4355 domo
3646 4298 3799 4370 ejecta

2241 4400 2335 4456 sis.
2366 4397 2592 4453 Tantam
2617 4395 2757 4452 enim
2798 4409 2982 4450 curam
3034 4408 3134 4463 ego
3164 4393 3316 4466 pueri
3363 4408 3545 4462 agam,
3570 4401 3621 4445 ut
3659 4401 3710 4445 et
3750 4392 3796 4444 in

2240 4499 2450 4563 gentem
2478 4504 2724 4561 magnam
2744 4488 2857 4559 ipse
2876 4487 2965 4542 sit.
2995 4487 3082 4542 l9.
3106 4485 3174 4540 Et
3197 4486 3412 4558 aperuit,
3440 4485 3622 4556 inquit,
3640 4485 3795 4538 oculos

2242 4585 2351 4655 ejus
2375 4598 2392 4637 :
2420 4597 2528 4637 non
2557 4579 2699 4652 quod
2719 4587 2873 4634 antea
2904 4592 3011 4634 non
3041 4577 3256 4645 viderit,
3286 4575 3380 4631 sed
3400 4575 3525 4646 quia
3544 4574 3662 4629 nihil
3686 4588 3795 4645 pro-

2241 4673 2431 4728 derant
2463 4673 2510 4727 ei
2555 4672 2724 4743 aperti
2760 4671 2901 4726 oeuli
2945 4679 3070 4723 ante
3109 4683 3395 4740 supernam
3438 4665 3786 4722 visitationem.

2244 4749 2562 4824 Propterea,
2589 4761 2713 4799 cum
2734 4749 2894 4800 vehet
2924 4762 3076 4801 suam
3104 4747 3494 4816 providentiam
3518 4748 3787 4815 declarare,

2246 4841 2418 4910 inquit
2447 4855 2459 4890 :
2491 4838 2706 4906 Aperuit
2729 4839 2902 4893 oculos
2931 4842 3044 4910 ejus
3066 4857 3085 4895 :
3109 4840 3163 4896 id
3187 4850 3288 4905 est,
3321 4841 3631 4896 indicavitei
3652 4842 3785 4914 igno-

2245 4931 2405 4998 ranti,
2427 4938 2481 4985 et
2505 4938 2743 4983 mentem
2771 4931 2890 5000 ejus
2911 4934 3186 4993 excitavit.
3211 4932 3459 5003 viamque
3483 4934 3534 4988 ei
3553 4936 3778 4997 ostendit,

2244 5034 2305 5079 ut
2330 5022 2536 5078 videret
2557 5021 2735 5076 locum
2763 5023 2818 5078 in
2843 5039 2949 5094 quo
2975 5024 3147 5079 fontes
3167 5040 3319 5094 aquae
3340 5027 3705 5082 scaturiebant.
3724 5028 3780 5080 Et

2243 5118 2389 5181 vidit,
2413 5116 2607 5186 inquit,
2629 5126 2841 5185 puteum
2867 5134 3019 5188 aqum
3045 5118 3280 5183 viventis,
3309 5128 3357 5172 et
3378 5119 3488 5183 ivit,
3515 5129 3561 5174 et
3581 5120 3780 5190 implevit

2303 5242 2376 5311 la)
2402 5245 2457 5325 tu
2480 5246 2692 5325 Hebraeo
2713 5245 2900 5325 legitpr
2924 5246 3067 5325 Ῥω
3088 5223 3314 5325 riip-na
3333 5250 3487 5325 nan}
3503 5251 3634 5325 van:
3648 5251 3779 5325 sum

2245 5318 2300 5386 Et
2327 5316 2459 5386 sedit
2480 5316 2754 5386 gregique,
2775 5324 2818 5367 et
2837 5316 3190 5386 levavitgocerit
3206 5331 3362 5373 suam.
3385 5325 3430 5368 et
3448 5318 3588 5381 ﬂevit.
3613 5317 3778 5386 scilicet

2240 5383 2390 5438 Agar,
2415 5383 2471 5427 et
2482 5377 2792 5442 sigqjulgata
2823 5383 2988 5427 nostra
3013 5377 3304 5428 Hebraicum
3331 5377 3524 5442 textum
3547 5393 3575 5428 e
3596 5379 3779 5442 vestigio

2239 5439 2602 5503 sequutaiLXX
2628 5439 2747 5488 vero
2770 5453 2977 5502 puerum
2999 5440 3552 5503 plorantemergbibent,
3567 5444 3667 5502 quia
3681 5439 3777 5503 quas

2240 5498 2352 5572 tuo}:
2376 5500 2665 5572 tolleber
2679 5498 2975 5572 seqnpntur,
2993 5498 3308 5572 Ebexauditjt
3330 5501 3455 5550 Deus
3478 5498 3622 5551 vocem
3637 5498 3770 5564 pueri.

2238 5560 2355 5632 huic
2376 5560 2776 5632 interpretationi
2799 5563 2965 5632 lavere
2990 5560 3237 5610 videntur.
3258 5562 3618 5632 Chrysostomus
3633 5560 3777 5632 autem

2242 5622 2292 5672 in
2336 5622 2687 5685 explanatione
2726 5638 2815 5687 sua
2855 5628 3121 5684 utrumque
3161 5622 3445 5674 exauditam
3489 5622 3692 5687 exhibet,
3726 5627 3779 5675 et

2243 5688 2453 5749 Agarem
2475 5690 2700 5748 matrem,
2726 5691 2780 5735 et
2803 5686 3058 5736 lsmaelem
3088 5697 3310 5748 puerum.
