4084 6214
205 438 408 512 αὐτῆς.
449 436 559 491 Kal
592 430 722 490 εἶπε
767 431 848 498 τῷ
887 429 1175 500 Ἀϐραάμ·
1208 431 1471 485 Ἔκϐαλε
1515 428 1631 498 τὴν
1675 429 1869 484 παιδί.

204 547 366 598 σκην
383 526 610 591 ταύτην
640 520 866 578 καὶτὸν
893 519 1027 574 υίὸν
1063 517 1274 587 αὐτῆς.
1301 520 1384 573 Οὐ
1409 518 1520 588 γὰρ
1543 517 1630 588 μὴ
1663 521 1869 586 κληρο-

205 617 442 689 νομήσῃ
474 617 506 667 ὁ
531 611 662 678 υίὸς
698 609 804 681 τῆς
851 606 1176 673 παιδίσκης
1217 605 1368 675 μετὰ
1417 605 1524 660 τοῦ
1572 605 1708 660 υίοῦ
1749 623 1868 674 μου

217 702 435 761 Ἰσαάκ.
461 697 737 766 Σκληρὸν
753 695 821 749 δὲ
831 693 1026 764 ἐφάνη
1040 692 1108 747 τὸ
1123 692 1292 763 ῥῆμα
1305 693 1586 747 ἐναντίον
1614 693 1869 762 Ἀϐραὰμ

207 791 340 859 περὶ
372 786 480 842 τοῦ
505 785 638 840 υἱοῦ
660 782 866 838 αὑτοῦ.
892 783 1036 854 Ὅρα
1069 799 1180 852 μοι,
1215 782 1484 852 ἀγαπητὴ
1515 780 1745 834 ἐνταῦθα
1769 781 1866 850 τὴν

207 880 424 950 Σάρραν
461 874 620 928 πάλιν
663 873 723 925 ού
774 871 1046 944 φέρουσαν
1089 868 1181 923 τοῦ
1239 869 1462 940 Ἰσμαὴλ
1514 869 1612 942 τὴν
1667 869 1867 940 πολλὴν

206 961 536 1036 παρρησίαν,
561 957 690 1022 ούδέ
722 956 963 1019 ἀνεκτῶς
996 959 1239 1025 ἐνεγκεῖν
1283 956 1589 1027 δυναμένην
1626 955 1718 1008 τὸν
1767 955 1868 1025 τῆς

197 1050 498 1119 ’παιδίσκης
517 1047 630 1100 υἱὸν
667 1048 803 1117 μετὰ
829 1045 921 1099 τοῦ
950 1045 1134 1098 Ἰσαὰκ
1170 1045 1658 1115 ἀναστρεφόμενον.
1682 1042 1870 1098 Καθά-

206 1155 308 1209 περ
360 1133 453 1190 οὖν
492 1133 685 1206 πρώην
712 1145 739 1175 ο
787 1131 1133 1186 καταστεῖλαι
1178 1132 1278 1203 τῆς
1305 1133 1482 1202 Ἅγαρ
1525 1132 1585 1184 τὸ
1615 1131 1868 1202 φρόνημα

205 1222 531 1295 βουλομένη,
583 1221 670 1275 διὰ
702 1222 800 1288 τῆς
844 1220 1080 1290 σφοδρᾶς
1111 1220 1534 1290 ἀγανακτήσεως
1574 1220 1655 1282 εἰς
1691 1220 1868 1289 φυγὴν

202 1311 369 1380 αὐτὴν
393 1308 665 1380 τραπῆναι
697 1307 1106 1378 παρεσκεύασεν
1127 1323 1138 1336 ·
1173 1305 1313 1358 οὕτω
1335 1307 1428 1359 καὶ
1451 1305 1545 1360 νῦν
1569 1304 1864 1377 βουλομένη

155 1409 180 1440 κ
202 1399 264 1450 ἐκ
300 1395 600 1467 προοιμίων
630 1395 942 1448 ἀναστεῖλαι
974 1395 1067 1448 τοῦ
1121 1395 1345 1466 Ἰσμαὴλ
1371 1395 1471 1466 τὴν
1511 1395 1862 1466 προπέτειαν,

201 1484 296 1538 καὶ
327 1483 403 1554 μὴ
430 1483 671 1554 φέρουσα
706 1484 838 1554 ὁρᾷν
864 1483 956 1535 τὸν
989 1484 1052 1536 ἐκ
1083 1483 1302 1553 χάριτος
1332 1482 1592 1552 τεχθέντα
1627 1481 1741 1533 υἱὸν
1770 1481 1865 1534 καὶ

199 1571 260 1635 ἐξ
286 1571 456 1640 αὐτῆς
483 1569 579 1624 τοῦ
601 1569 735 1624 Θεοῦ
761 1570 864 1641 τῆς
889 1570 1097 1641 δωρεᾶς
1151 1569 1288 1639 μετά
1316 1569 1409 1622 τοῦ
1452 1569 1551 1638 τῆς
1579 1568 1866 1640 παιδίσκης

198 1659 297 1729 τῆς
365 1659 670 1727 Αἰγυπτίας
743 1657 1343 1726 συναναστρεφόμενον,
1405 1658 1538 1727 φησὶ
1596 1657 1732 1728 πρὸς
1773 1657 1864 1711 τὸν

212 1744 481 1815 Ἁϐραάμ·
510 1746 769 1798 Ἔκϐαλε
786 1743 900 1811 τὴν
915 1743 1244 1818 παιδίσκην
1265 1743 1485 1797 καὶτὸν
1503 1743 1637 1797 υίὸν
1651 1743 1860 1814 αὐτῆς.

201 1833 281 1885 Οὐ
308 1833 418 1901 γὰρ
445 1831 534 1901 μὴ
565 1830 993 1901 κληρονομῆσῃ
1017 1834 1051 1884 δ
1079 1831 1208 1898 υίὸς
1236 1831 1346 1900 τῆς
1373 1832 1697 1901 παιδίσκης
1725 1834 1864 1887 ταύ-

195 1934 302 1984 της
331 1918 487 1985 μετὰ
517 1917 624 1971 τοῦ
652 1918 787 1972 υἱοῦ
820 1925 960 1988 μου.
1000 1917 1217 1990 Ἐπειδὴ
1255 1920 1371 1990 ⁴ᾔδει
1397 1921 1478 1974 ὅτι
1509 1921 1603 1975 καὶ
1631 1921 1768 1991 αὑτὴ
1804 1922 1863 1976 ἐν

202 2005 417 2076 ἐσχάτῳ
437 2007 586 2077 γήρᾳ
617 2006 875 2076 τυγχάνει
901 2006 992 2060 καὶ
1019 2007 1109 2059 τὸν
1134 2008 1480 2078 πατριάρχην
1503 2008 1649 2080 ἐώρα
1675 2009 1866 2080 προϐε-

195 2091 403 2163 ϐηκότα
448 2088 609 2162 (ἦσαν
645 2093 754 2165 γάρ
798 2092 1096 2165 ἀμφότεροι
1147 2093 1548 2165 προόεϐηκότες
1588 2095 1858 2167 ἡμερῶν),

195 2177 454 2248 ύφορῶσα
515 2180 722 2249 μήποτε
749 2219 764 2243 ,
817 2179 1012 2250 ἀθρόον
1061 2179 1242 2234 αὐτῶν
1308 2182 1778 2254 τελευτησάντων,
1834 2187 1862 2239 6

207 2263 429 2335 Ἰσμαὴλ
453 2264 544 2319 διὰ
575 2265 638 2318 τὸ
665 2267 728 2319 ἐκ
745 2267 849 2336 τῆς
877 2265 972 2320 τοῦ
993 2266 1332 2338 πατριάρχου
1357 2270 1640 2334 συνουσίας
1667 2271 1862 2342 τεχθῆ-

195 2367 300 2415 ναι,
323 2352 666 2424 ἐπιχειρήσει
695 2354 776 2417 είς
805 2355 897 2407 τὸν
924 2354 1122 2425 κλῆρον
1152 2356 1342 2410 ἑαυτὸν
1367 2357 1461 2410 τοῦ
1486 2359 1692 2429 πατρὸς
1715 2361 1862 2413 εἰσα-

197 2442 406 2507 γαγεῖν,
437 2440 535 2493 καὶ
558 2442 814 2504 κοινωνὸς
833 2441 1085 2511 γενέσθαι
1112 2443 1190 2513 τῷ
1226 2443 1432 2510 Ἰσαὰκ,
1460 2445 1548 2498 διὰ
1569 2445 1726 2499 τοῦτό
1759 2465 1860 2518 φη-

197 2543 300 2591 σιν,
337 2529 597 2582 Ἔκϐαλε
624 2528 740 2596 τὴν
772 2529 1104 2597 παιδίσκην
1122 2531 1422 2597 ἐντεῦθεν,
1454 2533 1554 2587 καί
1588 2534 1698 2587 τὸν
1723 2536 1859 2589 υἱὸν

195 2615 402 2684 αὐτῆς.
445 2618 801 2686 Μανθανέτω,
832 2620 1015 2688 φησὶν,
1053 2620 1150 2690 ἤδη
1179 2622 1260 2674 ὅτι
1292 2621 1442 2676 οὐδὲν
1476 2624 1654 2677 κοινὸν
1687 2625 1798 2691 ἐξει
1831 2626 1859 2677 6

193 2703 289 2774 τῆς
319 2705 612 2776 παιδίσκης
637 2707 750 2770 υίὸς
777 2706 915 2777 μετὰ
943 2706 1035 2759 τοῦ
1061 2707 1177 2760 υἱοῦ
1207 2725 1308 2779 μου
1354 2709 1556 2764 Ἰσαάκ.
1590 2712 1726 2765 Οὐδὲ
1749 2713 1858 2782 γὰρ

193 2790 409 2863 εὔλογον
436 2795 530 2849 τὸν
556 2797 651 2866 τῆς
670 2796 862 2867 δούλης
886 2797 1000 2849 υἱὸν
1029 2798 1166 2868 μετὰ
1195 2797 1290 2850 τοῦ
1321 2799 1438 2852 υἱοῦ
1470 2799 1562 2852 τοῦ
1597 2800 1733 2869 ἐμοῦ
1757 2803 1858 2873 τῆς

193 2877 478 2954 δεσποίνης
525 2883 1078 2954 συναναστρέφεσθαι.
1140 2883 1278 2936 Ἀλλ’
1320 2887 1354 2956 ἡ
1409 2887 1506 2955 μὲν
1540 2889 1727 2959 Σάρρα
1758 2890 1859 2944 οὐκ

194 2967 420 3032 ἀπεικὸς
446 2973 682 3041 πρᾶγμα
707 2971 997 3033 πέπονθεν,
1018 2971 1154 3024 ἀλλά
1184 2973 1274 3025 καὶ
1301 2974 1506 3045 σφόδρα
1543 2975 1853 3043 ἀκόλουθον,

192 3055 285 3108 καὶ
317 3055 494 3120 οὕτως
526 3057 838 3121 ἀκόλουθον,
867 3058 942 3120 ὡς
975 3059 1068 3110 καὶ
1114 3058 1204 3111 τὸν
1249 3059 1380 3113 Θεὸν
1407 3063 1716 3116 συναινέσαι
1746 3069 1858 3130 τοῖς

197 3142 323 3213 παρ’
352 3144 526 3214 αὐτῆς
563 3143 888 3215 εἰρημένοις.
934 3145 991 3197 '0
1027 3146 1084 3198 δέ
1123 3147 1465 3218 πατριάρχης
1511 3150 1856 3222 φιλόστοργος

194 3225 264 3279 ὢν
282 3229 376 3281 καὶ
394 3229 699 3300 συμπαθῶς
718 3231 1058 3299 διακείμενος
1084 3233 1219 3305 πρὸς
1232 3235 1320 3288 τὸν
1345 3236 1584 3309 Ἰσμαὴλ,
1606 3240 1858 3311 ἐπαχθῶς

144 3315 147 3317 ’
195 3313 410 3375 ἐδέξατο
441 3316 510 3370 τά
550 3318 701 3386 παρὰ
730 3317 829 3388 τῆς
863 3320 1078 3390 Σάρρας
1103 3321 1386 3392 εἰρημένα.
1423 3316 1854 3397 Σκληρὸνγὰρ,

195 3403 380 3470 φησὶν,
410 3403 606 3473 ἐφάνη
640 3406 705 3457 τὸ
749 3402 908 3475 ῥῆμα
944 3407 1224 3463 ἐναντίον
1280 3411 1525 3480 Ἀϐραὰμ
1565 3414 1698 3480 περὶ
1751 3416 1856 3470 τοῦ

195 3486 325 3540 υίοῦ
350 3491 560 3544 αὑτοῦ.
582 3490 718 3543 Οὐδὲ
747 3491 855 3562 γὰρ
885 3494 981 3561 τῆς
1005 3494 1147 3560 ’Ἃγα
1157 3511 1184 3564 ρ
1204 3497 1496 3567 ἐποιήσατο
1512 3497 1666 3567 λόγον
1684 3517 1697 3529 ⁸
1723 3500 1856 3553 ἀλλὰ

199 3577 500 3645 συμπαθῶς
547 3579 683 3648 πρὸς
723 3579 816 3632 τὸν
857 3582 1022 3633 παῖδα
1055 3582 1304 3646 διέκειτο,
1348 3585 1443 3637 ac:
1470 3586 1533 3656 δὴ
1583 3587 1766 3643 λοιπὸν
1800 3591 1856 3643 ἐν

196 3663 375 3738 ἡλικίᾳ
406 3668 691 3736 γεγονότα.
742 3668 900 3721 Ἄ).λᾶ
926 3669 1116 3722 σκόπει
1147 3688 1237 3740 μοι
1282 3673 1514 3726 ἐνταῦθα
1543 3675 1640 3727 τοῦ
1667 3677 1854 3743 φιλαν-

199 3748 412 3820 θρώπου
441 3754 578 3807 Θεοῦ
600 3754 694 3824 τὴν
718 3754 1159 3824 ὑπερϐάλλουσαν
1185 3760 1606 3826 συγκατάθοισιν.
1639 3763 1854 3834 Ἐπειδὴ

197 3838 300 3910 γὰρ
327 3835 434 3894 εἶδε
467 3842 564 3894 καὶ
604 3843 702 3913 τὴν
757 3841 971 3912 Σάρραν
1015 3844 1155 3896 κατὰ
1207 3845 1267 3896 τὸ
1314 3846 1460 3908 εἰκὸς
1495 3846 1772 3900 παθοῦσάν
1803 3868 1854 3901 τι

198 3925 553 3997 ἀνθρώπινον,
593 3931 686 3982 καὶ
723 3929 1182 4000 δυσχεραίνουσαν
1210 3933 1301 3986 ἐπὶ
1344 3936 1409 4003 τῇ
1445 3937 1703 4008 ὁμοτιμία
1749 3939 1856 3992 τῶν

196 4015 415 4079 παίδων,
452 4019 547 4072 καὶ
576 4019 668 4072 τὸν
706 4020 959 4092 Ἀϐραὰμ
993 4022 1052 4073 ού
1083 4023 1315 4092 φέροντα
1358 4025 1546 4096 πράως
1571 4027 1669 4096 τὴν
1699 4027 1856 4080 ἐκϐοα

197 4097 290 4174 λην
337 4106 432 4159 τοῦ
473 4107 699 4180 Ἰσμαὴλ
725 4109 818 4162 καὶ
840 4109 939 4178 τῆς
969 4110 1260 4180 παιδίσκης
1292 4112 1360 4178 (εἰ
1383 4113 1490 4183 γὰρ
1517 4115 1610 4167 καὶ
1641 4115 1713 4185 μὴ
1739 4116 1858 4169 άντ-

198 4185 361 4242 έτεινε
401 4195 468 4265 τῇ
503 4194 688 4267 Σάρρᾳ
718 4195 806 4248 διὰ
842 4196 1039 4268 πολλὴν
1080 4197 1180 4267 τὴν
1219 4199 1538 4264 ἐπιείκειαν,
1571 4201 1682 4254 ἀλλ’
1707 4203 1854 4272 ὅμως

200 4272 423 4348 σκληρὸν
455 4280 604 4350 αύτῷ
634 4283 1006 4350 κατεφαίνετο,
1043 4283 1187 4336 τοῦτ’
1224 4285 1359 4347 ἔστι,
1390 4286 1548 4358 βαρὺ,
1575 4291 1726 4359 φησί,
1760 4292 1854 4344 καὶ

199 4359 426 4447 ἐπαχθὲς
464 4368 558 4421 καὶ
603 4371 902 4441 φορτικὸν),
945 4372 1064 4424 τότε
1093 4372 1276 4426 λοιπόν
1310 4375 1408 4446 τὴν
1433 4377 1638 4429 οἰκείαν
1667 4379 1852 4447 φιλαν-

199 4441 432 4530 θρωπίαν
477 4453 809 4524 μιμούμενος
850 4457 879 4507 6
905 4457 1200 4528 Δεσπότης,
1229 4459 1321 4512 καὶ
1352 4460 1452 4530 τῆς
1487 4462 1739 4530 ὁμονοίας
1761 4465 1851 4517 τὸν

201 4529 486 4607 σύνδεσμον
517 4540 698 4594 αὐτῶν
727 4542 1068 4611 συσφίγγων,
1112 4547 1246 4617 φησὶ
1275 4529 1414 4617 πρὸς
1439 4529 1531 4600 τὸν
1571 4549 1846 4621 Ἀϐραάμ·

198 4619 287 4688 Μὴ
323 4627 601 4694 σκληρὸν
633 4627 788 4681 ἔστω
829 4631 1106 4686 ἐναντίον
1132 4649 1247 4688 σου
1285 4635 1348 4688 τὸ
1368 4635 1533 4704 ῥῆμα
1575 4638 1708 4706 περὶ
1745 4619 1850 4692 τοῦ

197 4711 427 4768 παιδίου
455 4715 553 4770 καὶ
581 4714 690 4784 τῆς
722 4717 1064 4785 παιδίσκης.
1101 4721 1303 4775 Πάντα
1336 4723 1452 4776 ὅσα
1482 4724 1557 4778 ἂν
1581 4728 1719 4794 εἴπῃ
1749 4741 1849 4782 σοι

197 4796 405 4884 ξιίρῤα,
438 4804 708 4859 ἄκουσον
744 4804 855 4873 τῆς
883 4805 1088 4874 φωνῆς
1120 4808 1330 4875 αὐτῆς.
1390 4811 1480 4881 Μὴ
1512 4813 1656 4884 δέξῃ,
1694 4817 1846 4884 φησὶ,

199 4879 399 4953 βαρέως
426 4890 486 4942 τδ
511 4892 642 4962 παρ’
679 4890 852 4960 αὐτῆς
877 4889 1039 4961 ῥηθέν
1070 4909 1170 4956 σοι,
1205 4893 1339 4945 ἀλλὰ
1382 4879 1583 4950 Πάντα
1609 4879 1726 4954 ἐνσά
1753 4879 1848 4955 ἐιν

191 4969 325 5037 ἐἴπῃ
367 4974 394 5012 b
421 4993 516 5030 σοι
537 4976 756 5045 Σάρῤα,
791 4977 1062 5031 ἄκουσον
1094 4977 1204 5046 τῆς
1235 4979 1439 5048 φωνῆς
1462 4985 1672 5052 αὐτῆς.

261 5057 325 5124 β’.
360 5059 508 5134 [468]
525 5063 709 5118 Ταῦτα
731 5065 929 5130 πάντα,
954 5082 1024 5135 φη
1035 5066 1139 5128 σὶν,
1166 5066 1307 5136 άπερ
1325 5083 1406 5120 σοι
1427 5068 1520 5121 νῦν
1541 5071 1844 5141 διαλέγεται

195 5145 316 5214 περὶ
339 5147 430 5200 τοῦ
461 5150 683 5222 Ἰσμαὴλ
705 5154 797 5205 καὶ
815 5155 914 5223 τῆς
935 5153 1137 5222 Ἅγαρ,
1167 5154 1480 5220 κατὰδεξαι,
1495 5159 1588 5211 καλ¹
1606 5160 1843 5215 ὑπάκου-

196 5244 280 5282 σον
297 5233 394 5302 τῆς
420 5238 604 5307 φωνῆς
630 5239 819 5308 αὐτῆς.
845 5241 935 5310 Μὴ
967 5240 1199 5313 θελήσῃς
1223 5240 1460 5312 λυπῆσαι
1476 5245 1576 5315 τὴν
1602 5248 1658 5300 ἐν
1681 5251 1843 5301 παντὶ

192 5317 265 5386 τῷ
296 5321 472 5396 χρόνῳ
503 5324 769 5395 τοσαύτην
795 5327 924 5398 περὶ¹
955 5327 1014 5380 σέ
1042 5327 1140 5398 τὴν
1165 5328 1549 5401 φιλοστοργίαν
1576 5334 1844 5401 ἐπιδειξα-

199 5405 375 5490 μένην,
403 5411 502 5482 τὴν
532 5413 590 5465 ού
627 5413 787 5483 μόνον
819 5414 987 5478 ἅπαξ,
1020 5415 1154 5469 ἀλλά
1189 5418 1283 5470 καὶ⁸
1323 5417 1595 5490 δεύτερον,
1625 5422 1709 5474 ἵνα
1747 5426 1840 5478 τοῦ

194 5489 412 5548 θανάτου
442 5516 500 5551 σε
527 5497 831 5572 ἐξαρπάσῃ,
858 5501 1058 5572 ἑαυτὴν
1076 5503 1433 5558 ἐκδεδωκυῖαν
1457 5506 1596 5577 ὑπὲρ
1617 5509 1715 5578 τῆς
1745 5513 1842 5582 σῆς

197 5585 477 5654 σωτηρίας,
515 5592 607 5642 καὶ
651 5589 902 5642 ὑπόθεσίν
941 5606 1022 5642 σοι
1055 5593 1353 5663 γενομένην
1387 5595 1650 5664 τοσαύτης
1684 5615 1837 5667 περι-

199 5673 409 5738 φανείας
431 5692 445 5706 ⁸
478 5678 570 5729 καὶ
599 5676 861 5747 πρότερον
904 5681 1000 5750 μὲν
1031 5683 1168 5748 μετὰ
1192 5682 1444 5736 τοσούτου
1478 5683 1704 5737 πλούτου
1734 5689 1842 5741 ἀπὸ

199 5752 287 5821 τῆς
320 5757 585 5824 Αἰγύπτου
622 5761 935 5814 ἐπανελθεῖν
981 5768 1344 5834 πεποιηκυῖαν
1368 5783 1380 5796 ’
1420 5766 1557 5836 μετὰ
1582 5767 1750 5820 ταῦτα
1781 5770 1837 5823 δέ

255 5844 278 5923 ξ
307 5844 410 5923 ξεν.
438 5857 491 5896 et
510 5858 699 5921 scplpm
713 5865 824 5899 mss.
849 5852 1267 5923 ἀναστρερομενοαν
1285 5858 1403 5905 ὰ)λά
1430 5861 1636 5923 καθάπερ
1658 5862 1834 5922 πρώην.

201 5897 355 5977 Wlfﬁn.
380 5897 1020 5977 ivaggpg'96uevov,_j¢gﬂfénaf;
1041 5897 1122 5962 δὺν
1139 5909 1316 5977 πρώην.

254 5963 278 6003 δ
302 5969 422 6032 him;
443 5963 594 6020 (Συὶὲιί
612 5963 759 6022 νεαρ.
782 5963 1033 6023 Ἐιίρὺλιιίν
1056 5963 1350 6030 εἷποιΙίΕυιγῐ.

1301 314 1370 370 ΙΝ
1403 313 1559 370 CAP.
1603 311 1746 368 XXI.
1790 309 2033 372 GENES.
2077 313 2312 372 HOMIL.
2354 311 2538 368 XLVI.

3525 317 3630 372 «HI»

1976 430 2244 502 τοσαύτης
2269 428 2434 500 τιμῆς
2472 427 2775 500 ποιήσασαν
2803 425 3101 498 ἀξιωθῆναί
3120 445 3194 481 ησε
3223 428 3329 483 ὑπὸ
3354 429 3449 484 τοῦ
3487 432 3636 486 Ἀϐι-

1978 514 2166 585 μέλεχ.
2190 515 2282 586 Μὴ
2309 514 2493 568 τοίνυν
2505 513 2717 584 ἀνάσχῃ
2749 512 2966 566 ἐναντία
2993 515 3106 577 τοῖς
3137 517 3268 586 παρ’
3298 516 3468 588 αὐτῆς
3487 516 3638 587 λεγο-

1979 610 2162 673 μένοις
2197 600 2622 672 βουλεύσασθαι⁸
2660 601 2754 654 καὶ
2794 601 2902 672 γὰρ
2949 600 3070 654 οὐδὲ
3102 601 3276 665 άλλως
3320 602 3493 656 ἔσται.
3548 605 3637 658 Ἐν

1977 688 2085 758 γὰρ
2115 687 2192 758 τῷ
2243 688 2428 742 Ἰσαὰκ
2459 689 2536 760 τῷ
2565 689 2693 760 παρ’
2727 688 2899 758 αὐτῆς
2924 688 3168 759 τεχθέντι
3200 689 3261 741 τὸ
3295 691 3520 762 σπέρμα
3556 709 3639 745 σοι

1978 778 2332 848 κληθήσεται,
2375 777 2470 830 καλ⁸
2497 771 2650 840 οὗτος
2691 776 2843 829 ἔσται
2886 793 2980 829 σου
3011 776 3363 847 κληρονόμος.
3393 779 3499 831 Kal
3532 779 3641 833 τὸν

1977 865 2111 919 υἱὸν
2156 865 2225 918 δὲ
2269 865 2486 919 τοῦτον
2525 863 2635 932 τῆς
2688 863 3016 930 παιδίσκης
3064 861 3398 931 αὐξηθῆναι
3451 879 3640 933 παρα-

1976 952 2283 1018 σκευάσω,
2311 953 2411 1006 καὶ
2440 955 2527 1018 είς
2552 953 2728 1017 ἔθνος
2749 952 2904 1022 μέγα
2935 951 3170 1020 ποιήσω
3199 951 3402 1017 αὑτὸν,
3431 952 3638 1022 ἐπειδὴ

1976 1040 2216 1108 σπέρμα
2233 1039 2350 1094 σόν
2374 1039 2527 1094 ἐστι.
2545 1040 2696 1092 Ποίει
2713 1035 2804 1093 οῦν
2826 1039 2894 1092 τὰ
2915 1040 3044 1110 παρ’
3066 1039 3238 1109 αὐτῆς
3252 1056 3332 1092 σοι
3347 1039 3637 1110 λεγόμενα,

1976 1127 2069 1182 καὶ
2099 1129 2406 1182 ὑπάκουσον
2434 1131 2533 1198 τῆς
2563 1127 2748 1198 φωνῆς
2777 1128 2968 1198 αὐτῆς.
3003 1127 3285 1199 Ἐννόησόν
3314 1145 3402 1198 μοι
3430 1127 3636 1193 λοιπὸν,

1973 1219 2075 1293 ὅση
2100 1218 2293 1290 ἁθρόον
2321 1220 2353 1289 ή
2386 1220 2573 1289 εἰρήνη
2592 1219 2686 1272 καὶ
2710 1220 2742 1289 ἡ
2765 1218 2985 1290 ὁμόνοια
3007 1220 3087 1282 είς
3103 1219 3163 1271 τὸ
3187 1219 3517 1273 συνοικέσιον
3542 1220 3642 1275 αύ-

1973 1307 2082 1359 τῶν
2106 1306 2468 1372 ἐπολιτεύετο,
2483 1309 2581 1377 τῆς
2597 1306 2690 1360 τοῦ
2717 1306 2852 1359 Θεοῦ
2877 1307 3212 1378 ἀγαθότητος
3237 1307 3328 1361 τὸν
3347 1307 3639 1379 σύνδεσμον

1975 1395 2153 1449 αὐτῶν
2219 1393 2646 1465 συσφιγγούσης.
2693 1392 2934 1462 Ἀνέστη
2982 1394 3111 1464 γὰρ,
3152 1395 3308 1464 φησὶ,
3339 1391 3419 1459 τῷ
3467 1395 3636 1462 πρωῒ,

1971 1482 2071 1536 καὶ
2120 1482 2338 1536 ἔλαϐεν
2373 1482 2590 1550 ἄρτους
2635 1482 2734 1536 καὶ
2767 1482 2960 1537 ἀσκὸν
2991 1482 3230 1547 ὕδατος,
3286 1483 3385 1535 καὶ
3418 1481 3641 1536 ἔδωκεν

1974 1569 2175 1639 Ἅγαρ,
2200 1571 2297 1623 καὶ
2321 1567 2613 1637 ἐπέθηκεν
2633 1569 2865 1624 ἐπὶτῶν
2890 1569 3062 1639 ὤμων
3076 1569 3264 1638 αὐτῆς
3289 1569 3388 1622 καὶ
3419 1569 3486 1622 τὸ
3507 1586 3640 1624 παι-

1971 1656 2124 1721 δίον,
2161 1657 2260 1710 καὶ
2297 1657 2658 1711 ἀπέστειλεν
2699 1656 2912 1724 αὑτήν.
2951 1657 3093 1729 Ὀρα
3131 1673 3222 1727 μοι
3251 1656 3415 1709 πάλιν
3444 1656 3537 1709 τοῦ
3562 1657 3640 1710 δι-

1971 1743 2131 1798 καίου
2161 1744 2260 1814 τὴν
2300 1743 2501 1814 πολλὴν
2530 1744 2974 1815 εὐγνωμοσύνην,
3007 1745 3102 1798 καὶ
3129 1745 3276 1807 ὅπως
3295 1744 3382 1798 διὰ
3420 1746 3638 1802 πάντων

1968 1833 2061 1886 τὸν
2094 1831 2341 1902 φιλόθεον
2385 1831 2552 1886 αὑτοῦ
2605 1831 2806 1886 σκοπὸν
2847 1833 3150 1918 δείκνυσινἱ
3191 1830 3322 1886 Ὅτε
3376 1833 3474 1904 μὲν
3528 1834 3636 1905 γὰρ

1970 1921 2171 1992 ήκουσε
2195 1919 2296 1990 τῆς
2322 1919 2541 1992 Σάρρας
2569 1919 2854 1991 λεγούσης,
2883 1922 3144 1974 Ἔκϐαλε
3166 1919 3281 1989 τὴν
3305 1921 3639 1990 παιδίσκην

1971 2006 2069 2059 καὶ
2109 2006 2216 2059 τὸν
2247 2007 2386 2060 υἱὸν
2413 2005 2624 2073 αὐτῆς,
2658 2007 2893 2076 πονηρὸν
2927 2005 3076 2078 αὐτῷ
3110 2007 3302 2079 ἐφάνη,
3337 2008 3524 2079 ἐπειδὴ
3558 2027 3640 2078 φι-

1969 2091 2278 2165 λοστόργως
2310 2093 2447 2165 πρὸς
2478 2093 2570 2146 τὸν
2616 2093 2843 2164 Ἰσμαὴλ
2877 2094 3106 2149 διέκειτο
3128 2113 3142 2126 ·
3177 2096 3362 2169 ἐπειδὴ
3395 2097 3451 2150 δὲ
3479 2101 3506 2150 6
3543 2102 3637 2150 Δε-

1971 2180 2176 2249 σπότης
2208 2180 2516 2244 ἐκέλευσεν,
2547 2179 2753 2243 εὐθέως
2787 2180 2960 2234 ἐποίει
2993 2182 3056 2234 τὸ
3086 2184 3397 2255 ἐπιταχθὲν,
3422 2186 3513 2238 καὶ
3538 2187 3636 2238 ἐπ·-

1967 2267 2287 2323 ελανθάνετο
2308 2268 2409 2338 τῆς
2429 2267 2667 2337 φυσικῆς
2696 2268 3272 2340 φιλοστοργίας.”οταν
3296 2273 3424 2345 γὰρ,
3447 2274 3634 2342 φησὶν,

1969 2355 2131 2418 αὐτὸς
2165 2356 2450 2428 ἐπιτάττῃ,
2483 2356 2791 2425 σχολαζέτω
2821 2356 2999 2409 πάντα
3029 2357 3098 2409 τὰ
3126 2359 3301 2428 πάθη·
3337 2361 3365 2411 ὁ
3397 2358 3503 2432 γὰρ
3537 2361 3635 2431 τῆς

1968 2441 2183 2510 φύσεώς
2213 2443 2330 2494 ἐστι
2375 2442 2651 2513 Δεσπότης
2681 2445 2709 2496 6
2747 2443 3004 2497 κελεύων.
3035 2444 3315 2498 Λαόοῦσα
3358 2448 3568 2500 τοίνυν
3593 2449 3633 2516 ή

1965 2528 2275 2596 παιδίσκη,
2308 2529 2461 2599 φησὶ,
2491 2530 2633 2595 τοὺς
2654 2529 2870 2597 ἄρτους
2898 2531 2995 2584 καὶ
3017 2532 3123 2585 τὸν
3150 2532 3346 2587 ἀσκὸν
3369 2533 3474 2587 τοῦ
3491 2534 3636 2588 ὓδα-

1964 2635 2087 2684 τος,
2118 2617 2283 2686 ἐξῄει
2304 2618 2455 2687 μετὰ
2480 2619 2587 2672 τοῦ
2614 2619 2876 2674 παιδίου.
2925 2620 3062 2672 Ἀλλ’
3093 2621 3193 2692 ὅρα
3221 2639 3310 2691 μοι
3343 2622 3523 2687 πάλιν,
3547 2625 3636 2680 δια

1965 2706 2062 2776 τὴν
2090 2705 2226 2776 πρὸς
2247 2706 2338 2759 τὸν
2358 2706 2566 2760 δίκαιον
2599 2705 2812 2760 εὔνοιαν
2843 2705 2960 2770 πῶς
2986 2707 3080 2761 καλ⁸
3104 2708 3242 2778 αὑτὴ
3265 2709 3506 2773 ἀξιοῦται
3533 2714 3634 2783 τῆς

1965 2793 2296 2863 κηδεμονίας
2331 2794 2434 2865 τῆς
2481 2793 2709 2849 ἄνωθεν.
2756 2794 3094 2849 Ἀπελθοῦσα
3139 2797 3319 2850 τοίνυν
3366 2797 3635 2852 ἐπλανᾶτο

1966 2880 2109 2935 κατὰ
2134 2881 2233 2952 τὴν
2273 2880 2372 2952 ἐρη
2382 2898 2500 2952 μον,
2537 2881 2631 2935 καὶ
2663 2881 2758 2935 τοῦ
2783 2881 2976 2946 ὓδατος
3001 2882 3386 2949 ἀναλωθέντος,
3421 2887 3514 2939 καὶ
3539 2887 3632 2938 ού-

1964 2969 2156 3039 δεμίαν
2194 2967 2493 3038 οὐδαμόθεν
2542 2969 2874 3038 εὑρίσκουσα
2931 2970 3317 3042 παραμυθίαν,
3362 2974 3631 3042 ἝῤῥιιῦἝ,

1966 3063 2120 3134 φησὶ,
2143 3061 2207 3115 τὸ
2236 3061 2476 3114 παιδίον
2494 3060 2772 3115 ὑποκάτω
2788 3059 2931 3130 μιᾶς
2955 3061 3177 3130 ἐλάτης
3193 3079 3206 3094 ο
3230 3064 3321 3116 καὶ
3344 3063 3630 3119 διακόπτο-

1967 3151 2104 3222 μένη
2137 3150 2207 3202 τὰ
2232 3147 2534 3217 σπλάγχνα,
2569 3149 2664 3201 καὶ
2686 3148 2790 3202 ὑπὸ
2818 3150 2918 3220 τῆς
2952 3149 3144 3220 ὀδύνης
3179 3151 3506 3223 συνεχομένη
3538 3154 3634 3206 καὶ

1961 3239 2062 3307 τῆς
2098 3239 2234 3309 πρὸς
2265 3237 2325 3290 τὸ
2369 3237 2581 3290 παιδίον
2630 3237 3031 3310 φιλοστοργίας,
3093 3239 3396 3308 Ἐκὰθητο,
3444 3243 3629 3312 φησὶν,

1963 3325 2250 3379 ἀπέναντι
2298 3323 2504 3388 αὐτοῦ,
2546 3324 2690 3378 ὡσεί
2723 3324 2905 3389 τόξου
2929 3325 3152 3394 βολήν.
3209 3323 3356 3381 Εἶπε
3387 3327 3516 3398 γάρ·
3547 3331 3632 3384 Οὐ

1957 3414 2043 3482 μὴ
2080 3413 2184 3465 ἴδω
2213 3412 2318 3466 τὸν
2349 3412 2610 3466 θάνατον
2633 3412 2739 3466 τοῦ
2768 3413 3007 3468 παιδίου
3033 3433 3170 3484 μου.
3213 3416 3319 3470 Καὶ
3348 3415 3632 3471 ἐκάθισεν

1960 3501 2248 3555 ἀπέναντι
2280 3500 2541 3554 παιδίου.
2559 3500 2670 3553 Kal
2698 3499 3050 3568 draé’oﬁo‘ar
3068 3502 3133 3555 τὸ
3153 3502 3393 3556 παιδίον
3409 3505 3630 3558 ἔκλαυ-

1962 3605 2092 3641 σεν.
2147 3587 2285 3639 Ἀλλ’
2320 3590 2347 3640 ὁ
2380 3588 2628 3658 ἐλεήμων
2661 3587 2753 3640 καὶ
2791 3587 3172 3659 φιλάνθρωπος
3201 3589 3353 3654 Θεὸς,
3389 3592 3483 3643 καὶ
3524 3609 3631 3646 πα-

1960 3671 2087 3740 τρὸς
2127 3671 2220 3722 καὶ
2257 3670 2464 3741 μητρὸς
2493 3670 2873 3740 φιλοστοργίαν
2893 3671 2974 3733 εἰς
3001 3671 3098 3741 τὴν
3131 3673 3259 3743 περὶ
3291 3671 3438 3743 ἡμᾶς
3468 3674 3629 3744 κηδε-

1966 3751 2153 3822 μονίαν
2195 3751 2657 3821 ὑπερακοντίζων,
2707 3753 3050 3816 Εἱσήκουσε
3096 3752 3208 3820 τῆς
3260 3753 3467 3822 φωνῆς
3521 3757 3630 3810 τοῦ

1961 3832 2200 3886 παιδίου
2221 3834 2287 3886 ἐκ
2315 3832 2421 3885 τοῦ
2446 3835 2630 3886 τόπου
2649 3829 2720 3885 οὗ
2738 3829 2816 3900 ῆν
2834 3849 2846 3862 ⁸
2866 3833 3096 3903 ᾤκτειρε
3113 3833 3172 3886 τὸ
3185 3835 3411 3896 παιδίον,
3427 3836 3628 3906 ἠλέησε

1962 3915 2058 3986 τὴν
2089 3915 2374 3985 συμφορὰν
2397 3915 2494 3984 τῆς
2533 3914 2715 3983 ’Ἅγαρ
2737 3930 2750 3942 ’
2786 3913 3162 3995 συνεχώρησεν
3187 3915 3438 3987 αἴσθησιν
3457 3919 3628 3990 αὐτὴν

1960 3999 2144 4052 λαϐεῖν
2181 3999 2279 4067 τῆς
2317 3997 2572 4067 ἐρημίας,
2608 3997 2700 4050 καὶ
2732 3995 2934 4057 εὐθέως
2965 3997 3063 4067 τήν
3096 4000 3225 4069 παρ’
3256 3999 3450 4054 ἐαυτοῦ
3478 4001 3626 4054 ἀντί-

1959 4080 2119 4150 ληψιν
2145 4081 2451 4150 ἐχαρίσατο,
2484 4077 2634 4150 [469]
2674 4076 2783 4130 Kal
2811 4077 3098 4144 ἐκάλεσε,
3134 4081 3319 4152 φησὶν,
3371 4082 3626 4153 ἄγγελος

1961 4163 2064 4216 τοῦ
2086 4163 2232 4216 Θεοῦ
2255 4161 2370 4229 τὴν
2389 4162 2563 4229 ’Ἅγαρ
2584 4163 2650 4214 ὲιι
2675 4160 2781 4214 τοῦ
2813 4163 3093 4229 οὐρανοῦ,
3122 4165 3217 4218 καὶ
3244 4161 3412 4219 εἶπεν
3435 4168 3589 4238 αὐτῇ
3609 4189 3623 4204 ο

1964 4248 2025 4301 Τί
2041 4248 2233 4307 ἐστιν,
2260 4245 2318 4298 Ἄ
2329 4260 2467 4313 γιιρ;
2491 4245 2588 4313 Μὴ
2611 4245 2799 4313 φοϐοῦ
2819 4264 2830 4276 ·
2857 4246 3161 4313 ἑπακήκοε
3177 4250 3286 4318 γὰρ
3304 4253 3336 4303 ὀ
3355 4252 3498 4318 Θεὸς
3513 4251 3624 4321 τῆς

1957 4329 2161 4398 φωνῆς
2184 4328 2287 4382 τοῦ
2309 4327 2547 4380 παιδίου
2563 4344 2678 4380 σου
2706 4328 2774 4380 ἐκ
2799 4329 2905 4382 τοῦ
2925 4329 3110 4383 τόπου
3133 4327 3206 4386 οὗ
3230 4333 3418 4388 ἐστιν.
3465 4335 3625 4389 Ἆνιῇ

1957 4414 2153 4477 στῆθι,
2203 4409 2347 4464 λάϐε
2377 4409 2441 4462 τὸ
2478 4409 2740 4472 παιδίον,
2786 4412 2882 4464 καὶ
2919 4412 3228 4480 κράτησον
3269 4416 3378 4485 τῆς
3425 4419 3625 4487 χειρὸς

1955 4489 2142 4544 αὐτοῦ
2167 4507 2179 4520 ·
2220 4492 2308 4553 είς
2337 4489 2447 4558 γὰρ
2483 4491 2658 4554 ἔθνος
2683 4489 2836 4558 μέγα
2871 4491 3102 4557 ποιήσω
3130 4495 3296 4549 αὐτό.
3337 4498 3398 4549 Ὢ
3443 4497 3625 4568 φιλαν.

1960 4574 2204 4646 θρωπίας
2240 4573 2543 4626 Δεσπότουῐ·
2565 4575 2679 4626 Ούκ
2706 4574 2896 4645 ἐπειδὴ
2924 4576 3180 4649 παιδίσκη
3212 4573 3302 4649 ἦν,
3340 4579 3623 4652 ὑπερεῖδεν

1902 4699 1910 4710 .
1957 4657 2144 4728 αὐτὴν,
2173 4657 2289 4710 ἀλλ’
2329 4656 2515 4728 ἐπειδὴ
2551 4657 2880 4725 ἐπαγγελίαν
2914 4660 3206 4730 ἐποιήσατο
3241 4662 3375 4732 πρὸς
3403 4664 3494 4717 τὸν
3515 4683 3622 4719 πα-

1954 4739 2244 4810 τριάρχην,
2275 4740 2370 4792 καὶ
2414 4739 2601 4810 ἐπειδὴ
2631 4739 2841 4792 ἐκείνου
2878 4740 2939 4793 τὺ
2970 4742 3190 4814 σπέρμα
3224 4744 3505 4816 ἐτύγχανε,
3532 4766 3621 4801 το-

1956 4821 2158 4892 σαύτης
2189 4821 2444 4891 προνοίας
2485 4822 2577 4873 καὶ
2605 4821 2774 4892 αὐτὴν
2806 4822 2963 4888 ἀξιοῖ,
3001 4825 3092 4876 καί
3131 4842 3294 4895 φησιο
3339 4827 3403 4880 Τί
3423 4829 3614 4891 ἐστιν,

1955 4905 2156 4974 "Amp;
2192 4903 2290 4971 Μὴ
2323 4904 2530 4972 φοϐοῦ·
2562 4903 2870 4970 ἐπήκουσε
2897 4905 3004 4974 γὰρ
3035 4909 3068 4960 ό
3110 4909 3253 4973 Θεὸς
3279 4907 3390 4975 τῆς
3411 4908 3618 4977 φωνῆς

1949 4988 2054 5040 τοῦ
2075 4988 2336 5040 παιδίου.
2354 4986 2663 5053 Ἀνάστηθι
2696 4988 2792 5041 καί
2817 4987 2962 5040 λάϐε
2987 4989 3152 5053 αὐτὸ,
3172 4989 3270 5041 καὶ
3313 4989 3617 5058 κράτησον

1949 5066 2059 5134 τῆς
2092 5065 2288 5135 χειρὸς
2328 5065 2542 5117 αὐτοῦ’
2567 5067 2650 5129 είς
2675 5065 2783 5136 γὰρ
2807 5066 2980 5132 ἔθνος
2995 5066 3148 5136 μέγα
3183 5067 3414 5133 ποιήσω
3442 5071 3612 5128 αὑτό.

1949 5148 2038 5216 Μὴ
2065 5146 2287 5216 ἀθύμει,
2320 5145 2473 5216 φησὶ,
2497 5142 2665 5197 διὰτὸ
2698 5143 3026 5215 ἐκϐληθῆναί
3046 5162 3106 5198 σε
3139 5146 3236 5214 τῆς
3267 5145 3462 5210 οἰκίας.
3481 5149 3616 5203 Τοσ.

1950 5227 2120 5297 αύτης
2150 5226 2258 5297 γὰρ
2289 5225 2655 5279 ἀπολαύσεται
2681 5227 2777 5295 τῆς
2807 5226 2937 5296 παρ’
2957 5224 3091 5295 ἐμοῦ
3121 5225 3396 5294 προνοίας,
3419 5227 3493 5290 ὡς
3518 5231 3616 5284 καὶ

1947 5311 2026 5372 είς
2055 5307 2208 5369 ἔθνος
2237 5306 2384 5376 μέγα
2411 5307 2664 5373 γενέσθαι
2697 5308 2793 5358 καὶ
2822 5306 2974 5358 αὑτό.
3023 5306 3134 5357 Kal
3164 5305 3402 5372 ἤνοιξε,
3447 5307 3618 5375 φησι,

1947 5390 2090 5456 τοὺς
2126 5389 2475 5459 ὀφθαλμοὺς
2507 5387 2730 5456 αὐτῆς·
2767 5389 2868 5440 οὐκ
2916 5388 3108 5453 ἐπειδὴ
3148 5388 3256 5459 πρὸ
3289 5389 3482 5443 τούτου
3518 5390 3620 5461 οὐχ

1947 5476 2114 5546 ἐώρα,
2134 5473 2248 5527 ἀλλ’
2267 5473 2454 5544 ἐπειδὴ
2478 5475 2572 5525 καὶ
2595 5472 2705 5524 τῶν
2745 5471 3044 5542 ὀφθαλμῶν
3072 5473 3436 5543 ἀνεῳγμένων
3459 5475 3616 5529 οὐδὲν

1947 5561 2084 5628 αὐτῇ
2100 5557 2310 5627 ὄφελος,
2330 5557 2550 5624 ἐγένετο
2568 5557 2672 5627 πρὸ
2688 5556 3014 5626 τῆςάνωθεν
3035 5557 3365 5626 ἐπισκοπῆς.
3381 5558 3481 5610 Διά
3496 5557 3618 5610 τοῦο

1945 5658 2024 5706 το,
2043 5641 2130 5694 ὅτε
2155 5638 2422 5710 ἐϐουλήθη
2448 5638 2546 5708 τὴν
2583 5639 2710 5706 παρ’
2741 5638 2938 5693 ἐαυτοῦ
2971 5639 3306 5708 κηδεμονίαν
3337 5640 3615 5706 ἐπιδείξας

1947 5723 2091 5786 σθαι,
2117 5739 2190 5792 φη
2200 5723 2302 5786 σὶν,
2321 5722 2561 5786 Ἀνέῳξε
2579 5722 2718 5788 τοὺς
2736 5723 3086 5792 ὀφθαλμοὺς
3104 5722 3296 5792 αὐτῆς
3319 5741 3330 5755 ο
3349 5724 3473 5778 ἀντὶ
3493 5723 3616 5786 τοῦ,

1951 5806 1970 5875 γ’
1985 5806 2270 5870 ι’πέδειξεν
2287 5807 2424 5877 αὐτῇ
2442 5807 2636 5875 ἁγνοού
2649 5825 2733 5880 σῃ,
2753 5807 2852 5879 τὴν
2869 5808 3109 5864 διάνοιαν
3129 5809 3303 5878 αὐτῆς
3321 5809 3618 5876 διέγειρεν,

1945 5887 2225 5958 ὡδήγησεν
2251 5889 2442 5960 αὐτὴν,
2480 5889 2620 5944 ὣστε
2659 5893 2792 5946 ἰδεῖν
2824 5892 2918 5946 τὸν
2941 5894 3106 5947 τόπον
3128 5893 3218 5946 τὸν
3243 5889 3618 5954 ἀναϐλύζοντα

1945 5972 2037 6026 τοῦ
2076 5973 2266 6040 ὓδατος
2288 5977 2380 6041 τὰς
2406 5978 2608 6047 πηγάς.
2637 5979 2744 6036 Καὶ
2784 5976 2940 6046 εἶδε,
2977 5980 3111 6051 φησὶ
3136 6019 3149 6044 ,
3180 5976 3367 6045 φρέαρ
3403 5975 3618 6037 ἰτιθιιτςς
