4084 6214
321 345 420 403 425

322 474 500 523 utrem,
539 468 587 514 et
616 459 804 530 potavit
827 438 1057 528 puerum.
1091 457 1146 513 In
1191 457 1349 514 inviis
1376 459 1513 514 viam
1560 453 1818 528 praebuit,
1847 459 1904 508 et

325 551 589 621 perplexae
616 551 779 605 menti
802 547 1102 619 nullamque
1123 549 1309 604 salutis
1325 564 1473 619 spem
1497 547 1730 611 habenti,
1751 561 1899 600 suam
1941 585 1968 613 π,

326 641 699 697 liberalitatem
727 639 986 702 exhibuit,
1019 639 1180 693 simul
1200 655 1318 693 eam
1343 638 1646 699 consolans,
1670 645 1722 691 et
1755 634 1904 706 pueri

325 748 506 788 curam
532 745 711 800 agens.
737 731 834 791 .Sic
861 728 1306 799 quandocumque
1330 729 1556 784 voluerit
1578 729 1715 782 Deus
1735 767 1749 793 ,
1783 727 1906 780 licet

327 825 378 878 in
409 820 691 877 solitudine
717 819 905 884 simus,
937 821 1066 874 etin
1093 821 1346 875 extremis
1366 819 1757 883 afﬂictionibus,
1783 817 1904 871 nul.

329 917 537 986 iamque
565 929 713 984 spem
759 914 947 970 salutis
971 913 1286 980 habeamus,
1326 913 1473 968 nullo
1513 912 1616 966 alio
1647 926 1778 980 Opus
1805 911 1905 964 ha-

329 1007 584 1070 bebimus,
631 1005 811 1059 divino
853 1005 1050 1058 auxilio
1093 1004 1246 1059 nobis
1281 1006 1459 1058 omnia
1505 1002 1901 1072 suppeditante.

325 1096 452 1151 Nam
471 1096 515 1150 si
538 1096 654 1165 ejus
673 1095 1092 1150 benevolentiam
1116 1095 1268 1151 nobis
1284 1094 1762 1159 conciliaverimus,
1791 1093 1908 1146 nul-

324 1190 405 1243 lus
450 1190 606 1243 nobis
651 1188 978 1258 prmvalebit,
1025 1188 1119 1242 sed
1170 1203 1267 1242 nos
1313 1187 1616 1257 superiores
1658 1186 1908 1240 omnibus

325 1281 542 1334 erimus.
573 1279 662 1335 20.
696 1279 762 1334 Et
782 1291 889 1334 erat
918 1279 1060 1334 Deus
1083 1295 1195 1333 cum
1224 1295 1408 1350 puero,
1439 1279 1634 1348 inqttit,
1663 1288 1709 1332 et
1733 1283 1904 1344 crevit,

324 1382 370 1425 et
396 1374 634 1426 habitavit
674 1375 725 1426 in
754 1373 1043 1427 solitudine.
1077 1372 1166 1428 Sic
1201 1371 1415 1442 quando
1457 1373 1686 1425 anticum
1727 1381 1781 1426 et
1811 1371 1908 1424 be-

324 1467 569 1522 nevolum
596 1466 852 1522 habemus
874 1467 1064 1533 Deum,
1087 1465 1294 1520 etiamsi
1317 1466 1366 1518 in
1394 1465 1609 1519 deserto
1629 1463 1906 1530 fuerimus,

323 1558 490 1611 multo
520 1557 820 1612 securiores
843 1557 1103 1622 vivemus,
1134 1571 1293 1624 quam
1329 1554 1364 1608 ii
1389 1554 1479 1624 qui
1524 1554 1576 1608 in
1607 1553 1907 1608 civitatibus

325 1657 624 1703 versontur.
655 1648 884 1702 Maxima
928 1646 1069 1700 enim
1100 1645 1358 1699 securitas
1395 1655 1446 1698 et
1487 1643 1908 1713 inexpugnabilis

323 1759 509 1801 murus
536 1753 617 1798 est
644 1743 899 1796 auxilium
930 1740 1190 1795 divinum.
1222 1739 1287 1793 Et
1317 1747 1376 1792 ut
1413 1737 1609 1804 discas,
1637 1737 1907 1808 quomodo

321 1838 413 1907 qui
439 1837 491 1890 in
519 1833 898 1888 solitudinibus
923 1832 1052 1901 agit,
1079 1831 1317 1886 securior
1344 1830 1433 1895 sit,
1463 1837 1518 1884 et
1547 1830 1814 1899 potentior
1843 1829 1907 1884 iis

321 1928 413 1998 qui
445 1927 498 1980 in
529 1924 719 1978 mediis
743 1923 1043 1978 civitatibus
1071 1931 1372 1986 versantur,
1401 1921 1600 1991 ingenti
1631 1919 1907 1974 hominum

325 2015 577 2087 praesidio
609 2013 752 2078 freti,
782 2013 1057 2068 videamus
1096 2011 1363 2082 quomodo
1391 2011 1556 2065 David
1590 2011 1657 2064 de
1693 2011 1811 2064 loco
1852 2009 1907 2064 in

324 2109 503 2163 locum
536 2107 817 2169 transiens,
850 2113 906 2161 et
931 2105 1080 2176 quasi
1107 2106 1365 2160 erraticus
1392 2120 1610 2175 vagans,
1639 2121 1796 2158 manu
1822 2119 1911 2159 su-

326 2215 492 2270 perna
516 2199 749 2252 munitus
773 2197 966 2253 fuerit:
993 2197 1119 2252 Saﬁl
1141 2206 1318 2252 autem
1341 2213 1462 2253 cum
1485 2206 1627 2253 esset
1653 2198 1703 2252 in
1723 2197 1910 2254 mediis

323 2290 649 2355 civitatibus,
682 2297 736 2343 et
763 2299 964 2343 tantum
1003 2303 1184 2344 secum
1215 2289 1434 2344 duceret
1463 2291 1753 2346 exercitum
1777 2329 1792 2356 ,
1822 2304 1913 2344 sa-

327 2383 524 2438 tellites
553 2381 758 2436 habens
787 2391 841 2436 et
869 2382 1186 2452 armigeros,
1218 2382 1455 2452 quotidie
1478 2382 1693 2437 timebat
1721 2392 1774 2437 et
1803 2391 1908 2438 tre-

327 2473 508 2528 urebat
561 2472 897 2527 inimicorum
948 2473 1178 2529 insidias
1217 2474 1293 2545 (I.
1359 2475 1488 2546 Reg.
1543 2476 1657 2546 17).
1709 2476 1774 2530 Ει
1823 2475 1914 2531 ille

326 2564 566 2634 quidem,
604 2563 693 2634 qui
724 2565 870 2618 solus
895 2573 1030 2629 erat,
1062 2565 1371 2635 nullumque
1399 2567 1559 2620 alium
1591 2581 1772 2620 secum
1814 2566 1914 2618 ha-

329 2657 508 2724 bebat,
541 2671 646 2711 non
674 2657 938 2728 indigebat
964 2657 1196 2712 humano
1226 2659 1510 2728 praesidio:
1543 2659 1628 2714 hic
1651 2675 1777 2715 vero
1802 2660 1917 2715 dia-

330 2748 543 2804 demate
564 2749 862 2814 redimitus,
880 2758 933 2803 et
950 2765 1184 2820 purpura
1207 2751 1442 2817 indutus,
1462 2751 1602 2806 illius
1620 2753 1816 2807 auxilio
1834 2752 1915 2807 in-

329 2840 562 2910 digebat,
584 2849 638 2897 et
658 2842 770 2912 regi
795 2857 929 2911 Opus
949 2855 1068 2897 erat
1083 2845 1309 2913 pastoris
1331 2859 1513 2914 opera,
1538 2855 1590 2901 et
1615 2846 1914 2904 diademate

332 2931 584 2986 redimite
609 2933 800 3001 privati
825 2933 924 2987 viri
965 2933 1331 3001 adjumentum
1375 2939 1729 2992 necessarium
1777 2949 1911 2994 erat.

405 3025 459 3078 5.
493 3022 644 3076 Nihil
665 3027 913 3093 potentius
942 3042 998 3079 eo
1023 3027 1108 3096 qui
1136 3025 1228 3079 Dei
1255 3027 1448 3082 auxilio
1477 3031 1700 3085 munitus
1728 3041 1818 3086 est.
1844 3062 1918 3072 —

330 3113 438 3169 Sed
464 3114 508 3167 si
540 3114 697 3168 vultis
721 3153 736 3178 ,
777 3115 1051 3185 aliquanto
1097 3119 1344 3187 superius
1372 3121 1566 3176 seriem
1610 3122 1767 3194 hujus
1805 3140 1917 3179 ser-

332 3205 509 3259 monis
533 3214 795 3274 petamus,
828 3216 883 3260 ut
908 3206 1053 3261 omni
1079 3207 1180 3262 hac
1204 3209 1426 3266 historia
1452 3212 1504 3266 iu
1528 3214 1756 3268 medium
1790 3231 1916 3284 pro-

332 3295 512 3360 ducta,
541 3296 808 3350 discamus
825 3297 954 3351 nihil
980 3297 1168 3354 fertius
1189 3316 1308 3356 esse
1331 3302 1445 3357 viro
1465 3305 1668 3360 munito
1689 3321 1917 3376 superna

333 3388 538 3458 gratia,
584 3396 640 3442 et
681 3388 814 3442 nihil
864 3389 1125 3446 inﬁrmius
1169 3408 1234 3446 eo
1277 3395 1365 3464 qui
1418 3395 1516 3452 hac
1546 3398 1787 3466 privatus
1812 3409 1916 3468 est,

336 3479 543 3534 etiamsi
597 3481 892 3537 innumeris
939 3483 1298 3540 circumdetur
1345 3489 1687 3544 exercitibus.
1754 3490 1919 3561 Igitur

337 3573 498 3628 David
527 3573 615 3629 ille
639 3589 758 3628 cum
788 3574 962 3630 adhuc
985 3576 1298 3632 adolescens
1328 3579 1397 3633 ob
1421 3580 1760 3636 imntatdram
1787 3592 1919 3637 a-ta-

337 3673 444 3719 tem
470 3665 520 3718 in
545 3676 762 3734 paterna
787 3665 947 3720 domo
973 3677 1293 3730 versaretur,
1318 3671 1568 3738 quoniam
1592 3681 1798 3741 tempus
1819 3673 1920 3727 ali-

339 3757 552 3827 quando
587 3757 906 3825 exposechat
939 3766 996 3810 ut
1025 3758 1222 3811 clarior
1260 3759 1373 3828 ejus
1400 3759 1552 3815 fieret
1579 3762 1744 3816 virtus
1765 3803 1778 3826 ,
1821 3763 1920 3816 ad-

339 3851 572 3904 monitus
599 3863 628 3901 a
657 3857 804 3917 patre
833 3857 889 3902 ut
914 3848 1104 3902 fratres
1133 3865 1258 3902 suos
1280 3851 1556 3916 inviseret,
1589 3852 1925 3922 obtempera-

341 3941 433 4006 vit,
463 3950 517 3995 et
547 3939 740 3993 missus
760 3948 842 3994 est
867 3939 934 3994 ad
960 3955 1072 3994 eos.
1105 3939 1270 3995 Porro
1298 3956 1420 3995 cum
1446 3942 1511 3995 ad
1540 3943 1662 3997 illos
1687 3943 1925 3998 venisset

342 4033 598 4088 invisendi
643 4032 842 4102 gratia,
885 4032 972 4087 ubi
1006 4033 1136 4087 vidit
1179 4036 1488 4089 instructam
1531 4035 1702 4091 aciem
1728 4043 1912 4092 contra

344 4124 689 4194 alienigenam
719 4123 957 4188 Goliath,
1003 4132 1056 4179 et
1083 4140 1294 4179 omnem
1336 4126 1587 4195 populum
1613 4127 1764 4196 juxta
1789 4129 1924 4184 Saft-

345 4215 444 4269 lem
477 4214 757 4269 ftmnidine
785 4214 1104 4284 perculsum,
1136 4231 1423 4286 regemque
1449 4219 1617 4287 ipsmn
1642 4218 1692 4272 in
1717 4235 1924 4274 summo

339 4307 684 4361 constitutum
712 4307 947 4376 periculo
968 4349 982 4374 ,
1027 4315 1153 4362 tunc
1181 4317 1452 4377 spectator
1493 4309 1660 4364 voluit
1689 4326 1840 4376 esse,
1871 4321 1923 4368 et

347 4398 474 4452 abiit
502 4409 555 4451 ιιι
583 4397 786 4452 videret
817 4413 1008 4452 novum
1036 4407 1091 4452 et
1130 4415 1309 4454 rarum
1335 4401 1698 4470 Spectaculum
1720 4445 1735 4468 ,
1783 4403 1924 4473 quod

349 4507 484 4546 unus
520 4492 680 4545 homo
725 4491 980 4546 adversus
1022 4501 1101 4546 tot
1135 4493 1295 4547 miliia
1337 4509 1396 4548 se
1427 4497 1677 4565 erigeret.
1734 4495 1925 4551 Verum

351 4582 540 4637 fratres
565 4583 681 4651 eius
720 4597 823 4636 nou
854 4583 1085 4638 ferentes
1115 4595 1220 4638 tam
1252 4586 1390 4640 altos
1417 4587 1743 4642 fortitudinis
1771 4589 1927 4658 spiri-

349 4684 434 4728 tus
455 4715 468 4739 ,
500 4673 768 4742 provocati
798 4684 919 4728 sunt
957 4676 1008 4728 in
1039 4676 1288 4731 invidiam
1309 4720 1323 4744 ,
1364 4687 1420 4732 et
1443 4679 1624 4734 dicunt
1653 4680 1720 4734 ad
1755 4698 1876 4735 eum
1910 4698 1924 4736 :

350 4766 470 4820 Non
490 4765 594 4818 alia
610 4765 672 4818 de
685 4781 836 4818 causa
857 4767 1047 4831 venisti,
1072 4785 1220 4833 quant
1238 4779 1288 4822 ut
1305 4770 1488 4824 bellum
1500 4773 1688 4828 videres
1702 4775 1747 4844 (1
1763 4815 1777 4829 .
1799 4773 1926 4847 Reg.

350 4860 435 4912 Π.
463 4857 599 4926 9.8)?
645 4856 758 4911 Non
787 4857 930 4911 enim
961 4857 1150 4910 venisti
1176 4861 1340 4914 nostri
1368 4877 1547 4928 causa,
1579 4875 1636 4918 ut
1667 4882 1763 4919 nos
1795 4867 1926 4922 invi-

351 4964 515 5005 scres.
564 4950 634 5004 At
663 4959 718 5002 tu
746 4948 867 5002 vide
898 4947 1052 5018 hujus
1094 4949 1423 5018 prudentiam
1461 4965 1515 5008 et
1562 4959 1929 5014 mansuetudi-

353 5057 492 5094 nem.
523 5040 661 5096 Nihil
693 5040 1065 5106 temcrarium,
1100 5056 1272 5110 neque
1292 5057 1534 5113 asperum
1559 5049 1636 5102 eis
1663 5049 1927 5119 loquitur:

353 5131 447 5186 sed
475 5132 769 5200 reprimens
809 5147 993 5186 eorum
1036 5130 1337 5198 flammam,
1371 5145 1425 5190 et
1447 5137 1755 5196 demulecns
1791 5141 1931 5195 iuvi-

351 5225 530 5288 diam,
584 5224 793 5293 inquit:
828 5215 1090 5294 Numquid
1132 5225 1333 5279 verbum
1381 5237 1452 5282 εει
1498 5228 1658 5299 (Ibid.
1710 5249 1757 5286 υ.
1799 5233 1931 5304 29)?

354 5314 644 5384 Nmnquid,
689 5317 878 5384 inquit,
924 5317 1131 5372 vidistis
1164 5333 1250 5374 me
1276 5335 1422 5375 arma
1454 5323 1729 5392 arripere?
1773 5344 1930 5382 num-

356 5406 476 5476 quid
508 5405 712 5460 vidistis
743 5421 828 5460 me
854 5407 1088 5463 ordinari
1117 5425 1240 5464 cum
1268 5413 1477 5466 ueteris
1511 5413 1560 5466 in
1593 5415 1752 5468 acie?
1791 5416 1931 5471 'l‘an-

359 5506 466 5552 tum
496 5497 675 5553 videre
707 5498 888 5563 volui,
941 5509 997 5555 et
1043 5502 1374 5573 interrogare
1402 5504 1541 5560 unde
1570 5506 1694 5562 huic
1727 5517 1930 5567 tantum

359 5587 595 5643 insanire.
645 5589 770 5657 Quis
803 5593 936 5645 enim
968 5603 1039 5647 est
1064 5595 1349 5666 alienigena
1384 5597 1505 5662 iste,
1551 5599 1639 5668 qui
1663 5603 1933 5670 exprobrat

360 5682 628 5734 exercitum
654 5681 748 5736 Dei
776 5683 978 5739 viventis
1009 5686 1167 5756 (Ibid.
1200 5703 1248 5742 υ.
1275 5688 1409 5760 96)?
1459 5693 1648 5748 Postea
1679 5710 1800 5750 cum
1839 5713 1934 5754 au-

362 5772 498 5829 diret
543 5771 685 5827 illius
729 5774 1081 5846 blasphemiae
1105 5792 1158 5836 et
1195 5785 1590 5855 arrogantiam,
1631 5796 1685 5842 ct
1726 5787 1931 5848 videret

1309 341 1375 399 IN
1411 341 1565 400 CAP.
1606 337 1747 395 XXI.
1777 330 2023 392 GENES.
2068 329 2296 387 HOMIL.
2338 330 2524 388 XLVI.

3482 343 3589 400 4'26

2011 446 2418 517 trepidationem
2458 464 2643 505 eorum
2680 451 2772 521 qui
2814 466 2936 509 cum
2965 454 3092 511 Saul
3133 468 3317 527 erant,
3369 460 3584 531 inquit:

2008 539 2144 608 Quid
2171 541 2273 596 erit
2303 543 2417 597 viro
2439 585 2454 609 ,
2501 545 2592 615 qui
2639 545 2780 600 illius
2819 559 2974 616 caput
3002 552 3336 605 exsecuerit?
3387 554 3450 607 Et
3477 547 3591 608 ma-

2007 647 2169 702 gnum
2195 634 2359 688 animi
2387 635 2551 689 robur
2592 635 2674 690 bis
2712 636 2890 692 verbis
2926 640 3279 708 ostendebat,
3324 659 3512 699 omnes
3537 645 3591 700 iu

2008 726 2410 783 admirationem
2439 728 2727 784 adducens.
2775 730 2899 786 Haec
2927 742 2980 786 ut
3012 735 3260 803 cognovit
3291 735 3438 803 Saul,
3470 738 3593 792 mit-

2013 817 2072 871 tit
2097 817 2162 871 ad
2187 818 2438 886 juvenem
2462 861 2476 884 ,
2508 821 2597 889 qui
2629 830 2820 890 praeter
2843 825 3167 890 pastorit'am
3196 833 3363 880 artem
3389 828 3595 884 sciebat

2011 907 2142 962 nihil
2176 920 2262 963 :et
2293 921 2347 963 ut
2370 910 2495 965 vidit
2521 914 2636 978 ejus
2662 921 2892 978 tetatem,
2923 915 3196 983 vilipcndit
3224 931 3364 970 eum.
3389 917 3596 974 Deinde

2011 1014 2129 1053 cum
2157 1000 2426 1056 didicisset
2446 1017 2514 1057 ex
2540 1018 2605 1058 eo
2625 1043 2641 1069 ,
2673 1003 2939 1073 quomodo
2968 1021 3087 1060 eum
3115 1009 3255 1064 ursis
3281 1009 3480 1079 egisset
3505 1012 3596 1080 qui

2010 1107 2199 1162 greges
2225 1109 2352 1148 suos
2378 1095 2681 1150 invaserant
2705 1113 2717 1148 :
2746 1108 2961 1153 coactus
2981 1100 3122 1154 enim
3151 1099 3595 1157 fuitadmirabilis

2014 1184 2101 1240 ille
2134 1185 2216 1238 vir
2247 1184 2363 1239 hmc
2389 1202 2638 1252 narrare,
2672 1189 2859 1242 nolens
2881 1188 3003 1243 hinc
3033 1206 3218 1243 vanam
3250 1193 3472 1260 gloriam
3500 1209 3596 1246 au-

2013 1277 2198 1344 cupari
2223 1315 2238 1341 ,
2277 1276 2370 1330 sed
2411 1279 2462 1330 in
2501 1279 2817 1333 necessitate
2840 1281 3178 1344 constitutus,
3202 1294 3262 1344 ,et
3286 1293 3341 1336 ttt
3371 1284 3442 1337 illi
3475 1285 3594 1338 ani-

2013 1381 2159 1418 mum
2187 1366 2427 1431 adderet,
2461 1377 2513 1422 et
2543 1384 2608 1422 ne
2635 1378 2899 1438 spectaret
2923 1371 2989 1424 ad
3013 1371 3269 1427 vilitatem
3296 1373 3410 1444 ejus
3437 1390 3597 1444 quem

2012 1457 2245 1523 videbat,
2279 1458 2372 1514 sed
2393 1459 2458 1514 ad
2488 1460 2646 1515 [idem
2669 1477 2788 1531 quae
2813 1462 3132 1518 intrinsecus
3157 1465 3374 1529 latebat,
3404 1481 3595 1536 super—-

2012 1565 2246 1620 numque
2273 1551 2526 1606 auxilium
2553 1567 2658 1622 quo
2685 1551 2994 1607 adolescens
3026 1554 3242 1609 inermis
3269 1556 3396 1609 viris
3420 1571 3600 1611 arma-

2015 1641 2082 1696 tis
2110 1652 2164 1697 et
2193 1653 2373 1712 pastor
2400 1645 2656 1699 militibus
2679 1645 2864 1699 fortior
2889 1655 3004 1700 erat
3033 1664 3047 1700 :
3075 1662 3202 1716 ergo
3227 1648 3314 1702 ubi
3346 1664 3437 1703 rex
3465 1649 3596 1704 vidit

2013 1735 2174 1788 animi
2218 1735 2333 1804 ejus
2376 1734 2652 1800 ﬁduciam,
2695 1737 2804 1790 suis
2831 1737 2979 1791 illum
3010 1740 3173 1793 armis
3204 1738 3424 1794 induere
3450 1741 3600 1794 vole-

2012 1825 2140 1891 bat;
2183 1826 2396 1881 iudutus
2422 1839 2600 1882 autem
2631 1844 2694 1882 ea
2727 1827 2865 1884 ferre
2893 1845 2998 1884 non
3030 1832 3217 1900 potuit.
3267 1832 3378 1888 lloc
3421 1843 3601 1890 autem

2015 1917 2210 1974 factum
2253 1928 2372 1985 est,
2405 1931 2463 1974 ut
2490 1920 2656 1975 virtus
2685 1921 2800 1987 Dei,
2828 1936 2946 1991 qua:
2984 1938 3078 1992 per
3106 1939 3226 1977 eum
3258 1925 3599 1994 operabatur,

2015 2011 2292 2067 manifesta
2338 2021 2764 2079 monstraretur,
2814 2021 2867 2068 et
2912 2029 3017 2068 non
3061 2016 3224 2069 armis
3248 2031 3366 2085 quae
3407 2016 3604 2070 fiebant

2015 2102 2463 2158 adscriberentur.
2516 2103 2648 2158 Nam
2677 2105 2927 2174 quoniam
2975 2105 3190 2160 indutus
3217 2107 3322 2162 illis
3342 2109 3608 2178 gravaba-

2017 2203 2126 2258 tur,
2160 2203 2216 2248 ct
2243 2195 2420 2249 minus
2456 2195 2735 2264 expeditus
2770 2203 2918 2261 erat,
2947 2196 3193 2266 deposuit
3219 2214 3364 2253 arma
3386 2241 3401 2266 ,
3431 2210 3484 2254 et
3510 2215 3606 2256 ac-

2018 2298 2169 2358 cepta
2195 2301 2318 2358 pera
2335 2290 2585 2357 pastorali
2613 2298 2666 2344 et
2692 2289 2948 2356 silicibus,
2973 2299 3155 2344 contra
3186 2305 3438 2347 corneam
3459 2293 3609 2346 illam.

2021 2379 2208 2433 turrim
2239 2393 2486 2450 egressus
2511 2388 2612 2434 est.
2647 2379 2751 2434 Sed
2784 2380 2906 2434 vide
2935 2381 3128 2434 iterum
3153 2381 3502 2451 alienigenam
3531 2383 3606 2435 ad.

2021 2471 2275 2524 vilitatem
2305 2471 2478 2525 :etatis
2502 2480 2830 2539 spectantem
2855 2513 2869 2535 ,
2895 2480 2949 2525 ct
2973 2473 3042 2526 ob
3069 2471 3169 2526 hoc
3195 2472 3605 2541 vilipendenlem

2017 2561 2219 2632 justum
2245 2562 2413 2626 illum,
2442 2571 2496 2615 et
2521 2563 2670 2632 quasi
2697 2575 2880 2617 contra
2899 2578 3118 2632 puerum
3147 2561 3400 2618 humilem
3425 2565 3612 2620 verbis-

2023 2655 2404 2723 insurgentem.
2435 2651 2566 2706 Nam
2597 2662 2872 2722 pOstquam
2905 2653 3033 2706 vidit
3060 2668 3182 2706 eum
3209 2670 3334 2708 cum
3357 2655 3616 2724 pastorali-

2023 2760 2149 2816 pcra
2181 2754 2365 2799 contra
2393 2760 2451 2800 se
2478 2745 2888 2800 contendentem
2914 2786 2930 2811 ,
2977 2756 3030 2800 et
3057 2745 3259 2816 lapides
3285 2747 3456 2802 soluat
3477 2745 3611 2802 affe-

2025 2844 2256 2900 r'entem,
2289 2838 2339 2891 in
2379 2837 2518 2892 hunc
2545 2837 2714 2893 ferme
2755 2837 2968 2892 modmn
3003 2853 3122 2892 eum
3153 2838 3457 2907 alloquutus
3482 2849 3562 2894 est
3594 2857 3608 2892 :

2025 2928 2227 2984 Putasti
2257 2937 2307 2983 te
2347 2929 2522 2984 adhuc
2549 2929 2689 2998 apud
2726 2945 2853 2984 oves
2878 2943 2998 2984 esse
3022 2970 3036 2995 ,
3084 2939 3138 2984 et
3165 2945 3325 2984 canes
3355 2930 3614 3000 quosdam

2028 3021 2312 3091 persequi?
2354 3027 2408 3076 et
2448 3021 2518 3075 ita
2543 3021 2825 3076 adversum
2853 3038 2974 3088 me,
3020 3021 3170 3092 quasi
3211 3031 3395 3076 contra
3421 3038 3612 3078 canem

2029 3115 2399 3170 instrumentis
2426 3114 2527 3168 illis
2558 3116 2868 3182 instructus,
2901 3115 2952 3168 in
2984 3129 3214 3185 pugnam
3239 3115 3473 3170 venisti?
3503 3124 3614 3171 sta-

2031 3207 2125 3261 tim
2157 3207 2484 3277 experientia
2511 3206 2686 3261 disces
2713 3221 2818 3261 uon
2869 3207 2963 3260 tibi
2992 3223 3113 3262 cum
3158 3207 3374 3263 homine
3409 3208 3616 3278 vulgari

2031 3300 2231 3356 bellum
2257 3315 2397 3355 esse.
2451 3299 2520 3353 Et
2546 3314 2673 3354 usus
2693 3313 2884 3370 magno
2912 3299 3198 3354 verborum
3227 3300 3396 3364 fastu,
3425 3315 3619 3370 propc-

2032 3393 2206 3456 rabat,
2229 3400 2660 3461 armaturamque
2679 3406 2828 3445 suam
2848 3406 3064 3446 omnem
3093 3392 3361 3457 movebat,
3386 3407 3448 3446 ac
3471 3407 3620 3448 arma

2033 3486 2332 3540 exserebat.
2385 3485 2450 3538 Et
2493 3485 2605 3554 ipse
2643 3484 2856 3554 quidem
2892 3499 3160 3538 armorum
3192 3485 3384 3540 virtute
3425 3485 3616 3550 fidens,

2033 3593 2260 3646 pugnam
2303 3577 2455 3630 iuivit
2485 3595 2498 3630 :
2535 3576 2696 3629 David
2723 3586 2900 3630 autem
2933 3576 3036 3630 fide
3056 3617 3070 3638 ,
3111 3591 3450 3646 supernoque
3477 3592 3618 3645 prm-

2031 3668 2168 3722 sidio
2211 3667 2466 3720 munitus.
2518 3666 2582 3720 Et
2611 3667 2755 3736 prius
2790 3665 2965 3720 verbis
2990 3666 3303 3735 alienigena:
3334 3667 3616 3721 elationem

2020 3768 2088 3830 et
2116 3760 2455 3828 supercilium
2483 3759 2758 3813 decutiens
2777 3801 2791 3823 ,
2821 3768 2878 3811 ut
2906 3759 3038 3812 dixit
3067 3758 3134 3813 ad
3165 3773 3286 3812 cttm
3321 3776 3333 3810 :
3363 3759 3440 3810 'l‘u
3470 3760 3620 3811 venis

2031 3850 2098 3907 ad
2137 3865 2223 3905 me
2247 3851 2299 3904 in
2327 3849 2489 3902 armis
2517 3858 2570 3901 et
2607 3849 2812 3913 lancea,
2859 3858 2913 3903 et
2942 3859 3026 3902 tua
3055 3849 3247 3903 virtute
3274 3849 3532 3902 victurum
3566 3859 3616 3906 te

2032 3951 2206 4014 putas,
2243 3957 2342 4012 ego
2369 3949 2544 3995 autem
2573 3941 2623 3994 in
2657 3941 2870 3994 nomine
2894 3940 3101 3993 Domini
3137 3940 3226 3995 Dei
3249 3958 3261 3994 :
3288 3950 3343 3994 ut
3367 3940 3498 4006 hzec,
3531 3941 3616 3994 in-

2031 4050 2188 4106 quam
2215 4076 2228 4100 ,
2257 4033 2423 4099 dixit,
2456 4041 2667 4101 smnpto
2691 4047 2753 4086 ex
2794 4047 2916 4100 pera
2959 4031 3210 4101 pastorali
3247 4031 3393 4086 silice
3417 4073 3432 4098 ,
3461 4033 3630 4102 quasi

2033 4143 2220 4185 revera
2262 4142 2450 4182 canem
2494 4127 2722 4196 aliquem
2767 4140 2980 4196 gregem
3028 4124 3362 4180 invadentem
3406 4125 3623 4180 abactu-

2033 4237 2125 4279 rus
2149 4264 2162 4288 ,
2197 4221 2353 4277 funda
2381 4221 2642 4291 jaeulatus
2670 4230 2782 4285 est,
2810 4220 3096 4288 Statimque
3120 4219 3170 4272 in
3203 4219 3373 4274 fronte
3406 4235 3623 4288 percus~

2036 4331 2155 4370 sum
2189 4313 2538 4384 alienigenam
2565 4312 2758 4381 dejccit
2787 4329 2801 4366 :
2831 4319 2885 4366 et
2915 4311 3226 4365 festinanter
3250 4310 3442 4365 educto
3472 4310 3622 4364 illius.

2034 4406 2210 4478 gladio
2229 4415 2389 4476 caput
2417 4405 2534 4474 ejus
2558 4403 2883 4472 amputavit,
2911 4410 2963 4457 et
2993 4401 3100 4472 regi
3126 4403 3318 4464 attulit,
3355 4401 3620 4471 finemque

2038 4497 2180 4552 bello
2209 4497 2478 4568 imposuit.
2527 4497 2698 4564 Atque
2729 4495 2866 4548 illius
2895 4510 3056 4562 opera
3081 4504 3133 4548 et
3161 4509 3254 4548 rex
3285 4494 3508 4547 salutem
3542 4495 3620 4548 iu-

2036 4589 2217 4652 venit,
2252 4598 2306 4642 et
2335 4587 2510 4641 onmis
2551 4587 2690 4641 illius
2728 4585 2993 4640 exercitus
3032 4586 3334 4654 respiravit.
3386 4585 3634 4640 Vidisses-

2040 4692 2165 4736 tunc
2219 4680 2516 4750 inopinatas
2568 4677 3015 4747 admirabilesque
3065 4692 3189 4742 res,
3246 4687 3506 4732 armatum
3547 4679 3632 4752 ab

2040 4777 2228 4831 inermi
2255 4776 2538 4846 dejectttm,
2569 4775 2750 4842 reique
2781 4773 3028 4826 militaris
3057 4773 3282 4841 peritum
3308 4773 3374 4826 ab
3403 4787 3468 4826 eo
3496 4788 3620 4839 pro-

2037 4881 2259 4925 stratum
2285 4909 2300 4933 ,
2347 4869 2435 4937 qui
2467 4874 2657 4936 praeter
2687 4865 3004 4934 pastoralem
3035 4875 3202 4919 artem
3247 4864 3376 4918 nihil
3402 4864 3624 4917 sciebat.

2039 4964 2248 5032 Quare,
2295 4971 2347 5016 et
2376 4961 2445 5014 ob
2482 4976 2638 5030 quam
2680 4958 2938 5014 causam?
2985 4958 3116 5025 Quia
3158 4957 3243 5012 hic
3281 4956 3494 5027 quidem
3523 4956 3624 5008 ha-

2041 5057 2156 5110 buit
2193 5069 2477 5124 supernam
2525 5053 2747 5122 gratiam
2792 5069 2850 5108 se
2893 5053 3274 5122 adjuvantem:
3316 5051 3402 5104 ille
3446 5058 3634 5102 autem-

2040 5161 2099 5200 ea
2123 5160 2330 5210 carens,
2360 5145 2410 5198 in
2436 5143 2590 5212 hujus
2616 5160 2801 5196 manus
2831 5145 2992 5197 venit.
3023 5142 3138 5196 Jam
3165 5141 3285 5196 vide
3315 5141 3396 5193 hic
3420 5181 3434 5204 ,
3462 5155 3627 5210 quam

2041 5236 2264 5292 absurda
2289 5245 2538 5304 operatus
2567 5239 2634 5289 sit
2662 5235 2874 5289 invidia:
2903 5235 3140 5288 morbus.
3172 5233 3452 5301 Postquam
3480 5232 3630 5287 enim

2041 5343 2139 5384 rex
2170 5326 2300 5380 vidit
2336 5325 2536 5394 justmn
2583 5326 2721 5379 hunc
2752 5333 2893 5378 tanta
2929 5323 3097 5393 gloria
3137 5321 3417 5384 celebrari,
3449 5330 3502 5376 cl.
3533 5324 3626 5376 tri-

2043 5419 2323 5492 pudiautes
2346 5417 2577 5472 clamare
2609 5433 2624 5470 :
2667 5415 2793 5468 Vicit
2821 5415 2952 5470 Saftl
2985 5415 3036 5468 in
3068 5414 3306 5479 millibus,
3337 5413 3503 5468 David
3526 5432 3624 5468 au-

2044 5523 2143 5567 tem
2184 5511 2236 5564 in
2279 5507 2450 5562 decem
2496 5505 2717 5559 millibus
2764 5503 2839 5578 (l.
2882 5505 3013 5573 Reg.
3055 5505 3141 5560 l8.
3171 5505 3268 5576 7):
3301 5520 3406 5560 non
3451 5505 3633 5561 ferens

2041 5618 2194 5674 (equo
2221 5600 2402 5657 animo
2427 5613 2546 5669 quas
2573 5597 2640 5653 de
2678 5597 2778 5651 hoc
2801 5596 3112 5652 dicebantur
3135 5595 3397 5670 (quamvis
3435 5613 3627 5654 secun-

2040 5697 2167 5752 dum
2202 5695 2462 5750 rationem
2498 5689 2696 5761 justam
2725 5691 2775 5745 ei
2813 5690 2981 5760 magis
3010 5689 3302 5746 tribuerant
3331 5707 3488 5762 quam
3517 5690 3625 5745 Da-

2045 5791 2197 5864 vid),
2229 5791 2397 5848 victus
2425 5783 2621 5842 invidia
2645 5781 2974 5844 benefactori
3017 5785 3214 5843 malum
3257 5785 3529 5856 rependit;
3575 5791 3641 5837 et»
