4072 6216
611 276 714 331 ην

607 404 765 460 quem
792 386 1071 458 oportebat
1099 394 1156 440 ut
1189 381 1505 438 salvatorem
1533 391 1587 437 et
1607 381 2000 436 benefactorem
2027 395 2190 450 agno-

607 496 778 545 scere,
797 487 916 534 eum
931 478 1225 534 interficere
1237 475 1526 546 quaerebat.
1547 473 1592 529 0
1606 473 1870 544 ingentem
1893 475 2148 528 insaniam
2171 475 2186 528 ι

607 592 639 627 o
665 573 898 645 stuporis
939 567 1387 641 magnitudinem!
1441 567 1572 622 Eum
1616 567 1702 637 qui
1738 566 1900 620 vitam
1942 565 2042 622 sibi
2076 582 2190 620 ser-

609 676 759 722 varat
781 707 795 731 ,
823 675 876 720 et
900 677 1110 717 omnem
1145 673 1302 715 suum
1333 659 1624 714 exercitum
1649 658 1717 712 ab
1744 659 2053 728 alienigena:
2079 657 2188 713 Go-

612 757 742 811 liatb
764 755 941 809 furore
968 753 1303 816 liberaverat,
1331 760 1388 805 ut
1413 751 1618 804 hostem
1642 760 1945 820 suspectum
1977 749 2182 816 habuit,

612 859 663 903 et
711 849 989 901 immemor
1037 842 1322 908 beneficii,
1373 841 1440 895 ab
1489 841 1768 896 affectione
1823 839 2138 893 vincebatur

607 939 700 994 sed
734 945 914 993 mente
958 951 1054 991 sua
1084 935 1463 990 obtencbratus
1489 935 1556 986 ab
1596 933 1793 987 invidia
1815 974 1829 998 ,
1864 932 2080 1002 perinde
2106 942 2188 986 at-

606 1043 710 1098 que
750 1027 817 1081 ab
847 1026 1104 1082 ebrietate
1130 1025 1354 1095 quadam
1380 1066 1397 1092 ,
1444 1024 1836 1080 benefactorcm
1881 1033 1939 1078 ut
1979 1023 2188 1078 hostem

605 1118 904 1190 spectabat.

677 1212 731 1265 4.
761 1208 975 1264 Invidia:
1003 1208 1204 1262 morbus
1220 1207 1534 1262 describitur.
1574 1204 1788 1262 Moralis
1824 1209 2102 1263 exhortatio
2122 1209 2190 1262 ad

611 1300 908 1373 fugiendum
941 1299 1204 1353 invidiam.
1246 1297 1462 1353 Dtemon
1491 1300 1682 1352 homini
1719 1299 1989 1370 subjectus.
2017 1328 2086 1340 α·-
2112 1299 2188 1354 lla

605 1393 747 1446 enim
787 1406 846 1444 se
882 1389 1078 1445 habere
1119 1389 1255 1443 solet
1297 1389 1452 1457 hujus
1481 1389 1778 1443 affectionis
1803 1390 2002 1444 malitia
2034 1407 2047 1442 :
2078 1391 2186 1459 pri-

609 1498 754 1536 mum
776 1484 1068 1556 corrumpit
1087 1499 1206 1539 eum
1234 1499 1264 1536 a
1287 1499 1392 1553 quo
1415 1493 1715 1552 generatur.
1744 1483 1807 1536 Et
1837 1483 2186 1553 quemadmo-

603 1574 732 1628 dum
775 1576 970 1630 vermis
1014 1576 1164 1646 quia
1205 1575 1347 1645 ligno
1388 1574 1729 1644 producitur,
1772 1574 1971 1644 lignum
2017 1576 2187 1644 primo

605 1666 871 1719 consumit
908 1682 925 1721 :
967 1666 1036 1720 ita
1077 1677 1131 1720 et
1176 1664 1371 1719 invidia
1418 1665 1560 1718 illam
1602 1665 1771 1734 primo
1809 1665 2040 1718 animam
2068 1680 2188 1718 cor-

605 1756 856 1827 rumpita
881 1773 984 1827 qua
1023 1765 1143 1811 nata
1181 1764 1298 1820 est,
1345 1765 1399 1810 et
1422 1756 1471 1810 ei
1495 1756 1578 1810 cui
1615 1755 1883 1810 invidetur
1909 1755 2061 1824 plane
2100 1756 2186 1810 di-

603 1862 758 1903 versa
784 1863 940 1918 quam
957 1847 1070 1901 vult
1089 1847 1262 1902 all‘ert.
1286 1846 1362 1902 Ne
1384 1847 1542 1917 igitur
1563 1848 1766 1914 reSpiee
1787 1847 1852 1900 ad
1873 1847 2184 1917 principium

605 1957 790 1996 eorum
839 1941 1031 2011 quibus
1072 1939 1370 2005 invidetur,
1419 1939 1511 1996 sed
1555 1939 1621 1994 ad
1663 1939 1821 1994 finem
1852 1941 2092 2009 respice.
2133 1948 2188 1996 et

606 2033 841 2098 attende,
874 2033 995 2104 quia
1025 2033 1222 2088 malitia
1246 2032 1588 2087 invidentium
1614 2073 1628 2098 ,
1657 2046 1749 2087 eos
1769 2032 1956 2102 quibus
1987 2033 2187 2088 invidet

603 2124 859 2178 clariores
896 2122 1077 2178 efﬁcit.
1132 2123 1262 2177 Nam
1296 2123 1328 2176 ii
1369 2122 1561 2192 quibus
1607 2122 1874 2178 invidetur
1915 2123 2183 2179 snbsidia-

604 2214 739 2268 rium
776 2213 972 2269 habent
1013 2214 1104 2268 Dei
1136 2215 1386 2268 auxilium
1413 2256 1428 2279 ,
1471 2223 1524 2268 et
1560 2214 1726 2284 gratia
1770 2213 2015 2270 fruuntur
2049 2233 2062 2270 :
2095 2216 2185 2285 qui

602 2316 778 2361 autem
823 2306 1056 2373 invidet,
1087 2308 1252 2377 gratia
1279 2307 1555 2376 spoliatur,
1599 2315 1653 2361 et
1685 2305 1838 2361 facile
1864 2308 2094 2362 vincitur
2115 2309 2183 2362 ab

600 2399 848 2454 omnibus
873 2417 885 2452 :
917 2409 970 2453 et
994 2409 1150 2454 antea
1179 2415 1208 2453 a
1240 2401 1350 2454 suis
1375 2400 1684 2464 atl'ectibus,
1714 2416 1874 2470 quam
1905 2401 1973 2455 ab
2001 2412 2182 2457 exter-

601 2489 686 2543 nis
712 2487 953 2543 hostibus
997 2487 1271 2542 infestatus
1291 2530 1306 2552 ,
1357 2489 1506 2557 quasi
1534 2491 1864 2543 consumitur
1887 2531 1902 2558 ,
1937 2501 1991 2546 et
2032 2493 2184 2562 quasi

601 2579 821 2633 oceultis
850 2578 1078 2631 maxillis
1103 2577 1388 2632 devoratur
1407 2620 1421 2640 ,
1457 2588 1511 2633 ct
1536 2578 1880 2648 absumptus,
1917 2590 1974 2634 ut
2003 2584 2070 2636 ita
2098 2583 2182 2636 di-

600 2683 756 2734 cam,
802 2668 1180 2737 submcrgitur.
1229 2667 1358 2734 Qum.
1397 2683 1518 2721 cum
1565 2668 1716 2723 nobis
1753 2681 2025 2740 comperta
2054 2673 2180 2738 sint,

601 2757 845 2822 obsecro,
875 2757 1134 2828 fugiamus
1161 2758 1331 2813 morbi
1361 2757 1516 2827 hujus
1538 2759 1810 2825 damnum,
1835 2772 1888 2815 et
1912 2764 2033 2819 totis
2057 2764 2186 2818 viri-

602 2849 702 2903 bus
727 2848 793 2903 ab
812 2848 1091 2904 animabus
1120 2849 1315 2903 nostris
1343 2849 1702 2906 eliminemus.
1727 2852 2180 2910 Pcrniciosissima

599 2941 741 2995 enim
767 2950 851 2996 est
881 2943 1116 2996 omnium
1146 2941 1485 2997 alfectionum
1513 2983 1528 3007 ,
1584 2953 1930 3015 nostramque
1956 2947 2181 3002 salutem

599 3032 925 3101 corrumpit.
952 3041 1137 3101 utpote
1165 3033 1360 3088 diaboli
1389 3034 1678 3089 inventum.
1707 3036 1990 3106 Propterea
2021 3048 2073 3093 et
2095 3056 2181 3093 sa-

600 3123 751 3194 piens
787 3123 1001 3192 quidam
1046 3123 1253 3179 dicebat.
1295 3141 1310 3180 :
1351 3123 1552 3178 Invidia
1597 3136 1764 3179 autem
1812 3129 2000 3182 diaboli
2049 3147 2183 3185 mors

602 3215 802 3269 intravit
839 3217 891 3269 in
927 3215 1171 3269 mundum
1211 3216 1367 3287 (Sap.
1393 3218 1446 3272 2.
1477 3219 1589 3284 24).
1638 3218 1773 3285 Quid
1815 3232 1895 3275 est
1918 3264 1931 3286 ,
1977 3221 2182 3276 Invidia

601 3308 790 3361 diaboli
813 3325 945 3362 mors
974 3309 1176 3361 intravit
1201 3309 1252 3362 in
1270 3309 1510 3363 mundum
1529 3311 1554 3363 Ζ)
1576 3311 1708 3364 Nam
1740 3323 2017 3381 postquam
2046 3317 2181 3370 mala

603 3400 716 3454 lnee
744 3399 912 3454 bestia
948 3399 1171 3469 primum
1215 3400 1484 3454 hominem
1507 3402 1637 3455 vidit
1666 3403 2018 3459 immortalem
2045 3447 2058 3470 ,
2091 3423 2183 3475 per

601 3505 751 3543 suam
803 3489 1178 3557 malignitatem
1220 3490 1286 3544 ad
1327 3493 1800 3560 transgressionem
1831 3496 2061 3552 mandati
2103 3499 2183 3552 iu-

601 3583 784 3648 duxit,
818 3598 910 3652 per
938 3598 1096 3652 quam
1123 3583 1245 3638 fecit
1278 3592 1336 3637 ut
1366 3584 1522 3637 morti
1554 3584 1703 3639 fieret
1729 3586 2006 3642 obnoxius.
2039 3589 2180 3644 lnvi-

599 3673 685 3729 dia
724 3672 880 3743 igitur
919 3673 1286 3742 deccptionem
1329 3683 1545 3743 operata
1575 3684 1690 3742 est,
1719 3676 1964 3746 acceptio
1994 3679 2181 3735 inobe-

598 3764 888 3826 dientiam,
947 3763 1303 3818 iuobedientia
1356 3774 1604 3819 mortem.
1666 3767 1953 3836 Propterea
2004 3769 2178 3827 dicit:

599 3857 801 3912 Invidia
822 3867 987 3910 autem
1018 3857 1204 3910 diaboli
1226 3874 1358 3912 mors
1385 3859 1590 3912 intravit
1616 3858 1666 3912 in
1697 3863 1957 3915 mundum.
1992 3864 2178 3919 Vidisti

599 3961 853 4021 quantum
898 3950 1194 4005 affectionis
1235 3949 1394 4017 hujus
1442 3951 1729 4006 damnum?
1781 3953 2180 4010 immortalitate

602 4021 918 4096 honoraium
945 4042 1223 4094 mortalem
1255 4042 1393 4095 fecit.
1445 4041 1637 4096 Verum
1685 4043 1930 4097 inimicus
1967 4045 2179 4115 quidem

603 4143 797 4189 nostrae
836 4133 1057 4199 salutis,
1097 4148 1190 4188 sua
1236 4133 1461 4200 invidia,
1507 4145 1565 4188 ut
1612 4139 1812 4205 primus
1854 4137 2044 4204 homo,
2091 4140 2181 4210 qui

601 4224 915 4280 immortalis
943 4231 1088 4286 erat,
1137 4224 1202 4278 ad
1242 4234 1466 4279 mortem
1493 4227 1937 4284 condemnaretur
1960 4232 2136 4288 effecit
2163 4250 2180 4291 :

600 4316 905 4371 misericors
941 4324 1117 4370 autem
1163 4316 1523 4386 sollicitusque
1571 4333 1668 4388 pro
1705 4321 1856 4375 nobis
1903 4322 2178 4392 Dominus,

602 4421 698 4475 per
728 4415 951 4460 mortem
977 4421 1125 4460 suam
1166 4406 1354 4461 iterum
1386 4408 1836 4465 immortalitatem
1878 4412 2037 4468 nobis
2074 4414 2182 4468 lar-

599 4497 740 4567 gitus
767 4505 868 4551 est.
898 4496 1049 4552 Unde
1079 4505 1131 4552 et
1158 4498 1358 4566 majora
1380 4514 1537 4568 quam
1561 4502 1837 4558 amisimus
1859 4505 2179 4561 invenimus.

597 4588 855 4644 Paradiso
879 4589 1034 4660 ejecit
1061 4591 1148 4646 ille
1170 4632 1184 4656 ,
1214 4590 1300 4646 hic
1329 4591 1380 4645 in
1405 4592 1593 4646 etclam
1625 4593 1827 4649 induxit
1857 4612 1870 4650 :
1897 4596 1985 4652 ille
2010 4608 2183 4656 morte

599 4684 945 4738 condemnari
986 4700 1082 4740 nos
1111 4687 1365 4754 curavit,
1401 4687 1486 4741 hic
1531 4687 1977 4744 immortalitatem
2027 4694 2181 4749 nobis

602 4775 821 4844 largitus
840 4784 922 4831 est
953 4793 967 4829 :
999 4777 1085 4830 ille
1113 4779 1340 4855 paradisi
1357 4779 1560 4833 deliciis
1581 4780 1830 4848 privavit,
1857 4782 1941 4838 hic
1959 4799 2179 4855 regnum

599 4867 852 4920 caelorum
901 4867 1054 4922 nobis
1102 4853 1437 4938 prcharavit.
1471 4867 1661 4924 Vidisti
1689 4871 1941 4926 solertem
1973 4853 2180 4931 Domini

600 4957 675 5011 tui
725 4958 1084 5029 sapientiam?
1139 4969 1192 5013 ct
1233 4960 1500 5028 quomodo
1544 4976 1605 5015 ea
1637 4978 1753 5032 qua:
1794 4980 1888 5032 per
1932 4966 2179 5022 invidiam

597 5051 790 5106 diaboli
819 5063 1002 5106 contra
1031 5053 1253 5105 salutem
1283 5062 1515 5106 nostram
1564 5053 1699 5108 facta
1741 5065 1895 5122 sunt,
1948 5056 1998 5111 in
2025 5069 2183 5128 caput

599 5143 740 5198 illius
765 5143 1067 5198 convertit?
1111 5142 1226 5198 Non
1253 5143 1393 5198 enim
1425 5146 1596 5198 solum
1642 5162 1740 5200 nos
1782 5148 2069 5217 majoribus
2097 5151 2179 5206 di-

595 5247 786 5305 gnatus
807 5246 906 5300 est,
948 5235 1042 5290 sed
1077 5245 1128 5290 et
1156 5236 1299 5290 illum
1332 5237 1501 5306 ipsum
1535 5239 1689 5293 nobis
1719 5240 1946 5309 subjecit
1971 5243 2176 5312 dicens,

597 5328 729 5384 Ecce
752 5329 870 5382 dedi
910 5330 1045 5382 vobis
1079 5339 1368 5400 potestatem
1396 5329 1628 5384 calcandi
1653 5349 1804 5401 super
1839 5347 2091 5404 serpentes
2129 5345 2178 5392 et

592 5421 884 5489 scorpiones
911 5420 1059 5487 (an.
1091 5422 1174 5476 10.
1211 5421 1322 5493 19).
1350 5422 1578 5478 Proinde
1596 5423 1709 5479 haec
1735 5426 1912 5480 omnia
1940 5428 2176 5498 cogitan-

595 5520 678 5564 tes
699 5552 714 5575 ,
755 5521 808 5566 et
834 5512 1086 5568 invidiam
1122 5528 1186 5567 ex
1213 5513 1491 5569 animabus
1529 5518 1724 5570 nostris
1764 5515 2055 5587 cffugemus
2075 5559 2091 5581 ,
2122 5527 2179 5574 et

595 5601 904 5657 studeamus
933 5613 988 5657 ut
1011 5603 1240 5658 divinam
1270 5604 1424 5659 nobis
1461 5604 1884 5661 benevolentiam
1921 5609 2173 5664 concilie-

595 5708 739 5751 mus.
773 5693 896 5750 llacc
915 5695 1055 5750 enim
1077 5707 1257 5755 nostra
1286 5704 1552 5755 armatura
1566 5700 1758 5770 solida,
1779 5709 1834 5757 et
1854 5700 2172 5777 inexpugna~
2207 5769 2227 5775 ,

1323 270 1380 326 S.
1419 268 1698 326 JOANNIS
1732 265 2201 324 CHRYSOSTOMI
2243 267 2553 324 ARtZl‘lllil‘.
2596 271 3123 330 CONSTANTI'NOP.

3760 284 3854 340 ΗΒ

2297 380 2455 449 bilis,
2503 384 2584 437 ha:
2622 394 2817 440 nostra:
2864 388 3109 443 maxima:
3154 389 3426 446 facultates
3465 407 3484 444 :
3516 407 3608 460 per
3648 393 3776 448 hanc
3811 407 3857 450 et

2241 490 2268 538 δ
2298 469 2502 536 lsmael,
2528 477 2770 542 quamvis
2794 477 3103 534 adolescens
3127 521 3140 541 .
3169 490 3223 536 et
3242 480 3293 535 in
3322 481 3604 538 solitudine
3626 525 3638 546 ,
3663 499 3859 540 rerum-

2292 575 2398 628 que
2417 563 2652 617 omnium
2677 565 2848 635 inopia
2873 583 3088 623 versans
3110 611 3125 634 ,
3153 571 3330 625 statim
3350 572 3521 626 crevit
3540 613 3554 638 ,
3592 584 3645 628 et
3665 576 3712 628 in
3734 591 3826 644 gen
3841 609 3857 616 -

2297 659 2403 705 tem
2443 669 2688 724 magnam
2712 658 2878 713 factus
2905 669 2987 716 est
3017 678 3032 720 :
3061 661 3181 731 quia
3217 662 3308 718 20.
3340 663 3474 718 Deus
3500 676 3606 718 erat
3625 707 3640 730 ,
3678 667 3854 736 inquit,

2294 758 2408 795 cum
2433 761 2604 814 puero.
2653 746 2789 803 Hinc
2823 750 2969 804 enim
3014 759 3156 805 totus
3199 768 3376 807 sermo
3418 765 3597 810 noster
3622 773 3860 826 egressus

2295 843 2397 889 est.
2428 835 2789 905 Despiciamus
2811 838 2966 909 igitur
2985 883 3000 906 ,
3032 857 3154 907 oro,
3181 848 3481 912 praesentia,
3507 847 3863 906 desideremus

2295 925 2471 983 futura
2499 946 2514 983 :
2540 926 2765 1000 gratiam
2795 934 2887 988 Dei
2913 937 3157 990 omnibus
3185 938 3526 1008 praeferamus
3547 982 3562 1008 ,
3593 951 3644 996 et
3672 960 3762 1012 per
3789 947 3864 996 vi-

2298 1030 2404 1074 tam
2445 1023 2698 1092 optimam
2739 1027 2960 1081 multam
2991 1028 3236 1084 fiduciam
3263 1030 3416 1086 nobis
3445 1043 3598 1087 antea
3637 1049 3859 1104 repona-

2293 1128 2412 1168 mus
2444 1132 2458 1168 :
2493 1123 2548 1169 ut
2574 1126 2627 1170 et
2663 1127 2980 1185 praesentem
3003 1121 3163 1175 vitam
3191 1122 3322 1176 citra
3350 1138 3640 1180 maerorem
3671 1129 3859 1181 transi-

2292 1216 2477 1272 gamus
2497 1244 2510 1269 ,
2541 1213 2596 1258 et
2633 1203 2807 1260 futura
2833 1206 2971 1261 bona
2993 1223 3381 1280 consequamur
3401 1253 3414 1276 ,
3448 1213 3611 1281 gratia
3643 1225 3696 1269 et
3721 1215 3865 1269 beni-

2292 1295 2492 1362 gnitate
2534 1294 2741 1351 Domini
2786 1299 2950 1353 nostri
2986 1298 3112 1354 Jesu
3153 1300 3387 1368 Christi,
3431 1303 3515 1357 cui
3547 1319 3667 1358 cum
3709 1305 3861 1360 Patre

2293 1384 2450 1438 simul
2477 1394 2530 1439 et
2556 1385 2752 1456 Spiritu
2776 1399 2960 1445 sancto
2989 1391 3057 1444 sit
3094 1392 3255 1461 gloria
3275 1433 3290 1457 ,
3328 1393 3607 1462 imperium
3629 1438 3642 1458 ,
3674 1395 3857 1464 honor,

2292 1490 2434 1531 nunc
2459 1484 2512 1531 et
2537 1490 2767 1548 semper,
2791 1488 2842 1535 et
2863 1481 2913 1534 in
2942 1483 3135 1536 szccula
3165 1484 3503 1540 sgcculorum.
3533 1487 3724 1542 Amen.

2819 1615 3092 1674 HOMILIA
3134 1619 3336 1676 XLVII.

2293 1719 2362 1774 Et
2390 1721 2576 1791 factum
2602 1734 2674 1779 est
2717 1736 2829 1794 post
2852 1728 2998 1782 verba
3028 1731 3133 1784 haec
3153 1771 3166 1793 ,
3195 1731 3336 1787 Deus
3361 1737 3582 1790 tentabat
3607 1737 3858 1793 Abraham

2871 1819 3040 1892 (Gen.
3067 1821 3156 1876 ea.
3183 1825 3278 1894 ι.)

2362 1926 2414 1980 1.
2448 1927 2637 1995 Ingens
2679 1929 2883 1987 lucrum
2907 1974 2921 1998 ,
2963 1935 3278 2008 grandisque
3308 1938 3586 1998 thesaurus
3610 1943 3661 1999 in
3689 1946 3865 2001 verbis

2290 2031 2408 2086 qua:
2433 2016 2592 2074 hodie
2612 2021 2744 2076 lecta
2761 2063 2777 2088 ,
2811 2027 3017 2080 tametsi
3050 2043 3212 2096 pauca
3239 2030 3344 2085 sint
3362 2073 3377 2098 ,
3405 2031 3594 2088 latent.
3623 2036 3700 2091 Eo
3721 2037 3862 2091 enim

2286 2109 2449 2166 modo
2474 2127 2533 2167 se
2555 2112 2750 2168 habent
2775 2115 2950 2171 divina
2978 2118 3208 2190 eloquia,
3229 2130 3288 2175 ut
3307 2123 3499 2178 multas
3523 2125 3734 2182 divitias
3755 2144 3862 2184 non

2289 2201 2341 2255 in
2374 2205 2708 2261 multitudine
2734 2210 3036 2279 verborum,
3069 2213 3160 2267 sed
3193 2215 3243 2267 in
3274 2215 3529 2273 brevitate
3555 2234 3869 2276 sermonum

2288 2295 2615 2350 contineant.
2647 2299 2756 2368 Age
2783 2299 2937 2369 igitur
2959 2303 3296 2372 exploremus
3320 2322 3380 2362 ea
3408 2323 3526 2378 qua:
3555 2309 3694 2366 dicta
3719 2323 3861 2377 sunt,

2287 2395 2340 2439 et
2363 2385 2632 2442 hodierna:
2655 2390 2893 2446 lectionis
2917 2395 3018 2446 vim
3041 2395 3322 2465 diligenter
3346 2399 3699 2454 addiseamus.
3731 2402 3869 2456 Nam

2287 2477 2365 2532 sic
2395 2478 2584 2533 iterum
2611 2481 2840 2537 sciemus
2865 2498 2921 2537 et
2947 2485 3258 2553 patriarchae
3286 2489 3554 2556 copiosam
3580 2492 3828 2547 virtutem
3847 2534 3863 2558 ,

2288 2577 2340 2625 ct
2369 2571 2458 2625 Dei
2479 2573 2821 2626 exchIcntem
2849 2575 3203 2631 clementiam.
3227 2579 3277 2631 l.
3319 2577 3388 2632 Et
3425 2579 3615 2648 factum
3643 2593 3745 2648 est,
3780 2583 3863 2636 in-

2287 2663 2419 2732 quit,
2449 2674 2558 2732 post
2584 2665 2730 2717 verba
2751 2665 2875 2732 Ιιωε,
2905 2665 3042 2721 Deus
3063 2671 3282 2723 tentabat
3299 2670 3548 2726 Abraham
3578 2659 3726 2744 (Ca'p.
3745 2675 3861 2746 ‘22).

2285 2753 2420 2817 Quid
2449 2754 2548 2806 sibi
2576 2755 2758 2809 volunt
2795 2755 2907 2812 lucc
2934 2759 3091 2812 verba
3111 2801 3124 2825 ,
3157 2759 3224 2813 Et
3253 2761 3442 2830 factum
3480 2773 3549 2818 est
3570 2773 3684 2832 post
3706 2766 3866 2819 verba

2287 2841 2412 2910 haec,
2439 2844 2656 2897 tentabat
2689 2845 2822 2900 Dens
2851 2845 3148 2902 Abraham?
3173 2849 3482 2921 Considera,
3505 2853 3747 2920 obsecro,
3781 2854 3870 2908 di-

2286 2935 2461 2989 vinum
2489 2933 2835 3006 Seripturam,
2865 2941 3132 3008 quomodo
3157 2941 3308 2996 nobis
3331 2942 3460 3010 justi
3486 2943 3728 2999 virtutem
3757 2945 3864 3014 jam

2287 3027 2414 3080 velit
2437 3025 2704 3097 detegere.
2733 3029 2797 3082 Et
2825 3030 2944 3098 quia
2973 3039 3247 3085 narratura
3277 3039 3377 3096 est,
3407 3035 3673 3102 quomodo
3695 3033 3867 3090 Abra-

2287 3117 2410 3174 ham
2440 3135 2470 3174 a
2503 3120 2611 3176 Deo
2641 3131 2870 3175 tentatus
2897 3123 2993 3188 sit,
3029 3124 3173 3192 prius
3203 3124 3311 3177 vult
3339 3133 3396 3178 ut
3433 3125 3700 3182 discamus
3730 3135 3865 3181 tem-

2287 3225 2418 3280 pus,
2448 3225 2551 3280 quo
2584 3210 2696 3264 hcce
2731 3210 3041 3280 patriarcha:
3084 3222 3342 3282 praecepta
3383 3223 3545 3279 sunt,
3576 3225 3628 3270 et
3653 3217 3866 3286 quando

2280 3301 2462 3369 jussus
2488 3312 2570 3357 est
2597 3303 2789 3358 offerre
2817 3302 3051 3358 lsaacum
3074 3345 3089 3370 ,
3117 3317 3174 3358 ut
3203 3305 3342 3359 scias
3368 3321 3610 3376 magnam
3640 3309 3866 3376 patriar-

2284 3395 2398 3449 chae
2419 3395 2790 3461 obedientiam,
2815 3403 2870 3449 et
2889 3397 3155 3465 quomodo
3178 3397 3269 3450 Dei
3286 3396 3448 3465 jussis
3470 3398 3596 3453 nihil
3621 3399 3865 3470 prtcferri

2285 3501 2471 3555 passus
2499 3486 2585 3539 sit.
2611 3485 2746 3553 Quid
2777 3486 2933 3556 igitur
2954 3495 3054 3550 est,
3079 3485 3290 3540 Factum
3309 3497 3378 3542 est
3403 3499 3568 3542 autem
3588 3499 3698 3560 post
3720 3492 3870 3544 verba

2285 3577 2390 3630 Iiwc
2407 3578 2432 3630 .9
2451 3577 2708 3642 Quoniam
2732 3586 3004 3647 postquam
3028 3588 3179 3631 natus
3200 3588 3281 3632 est
3309 3578 3471 3645 Isaac,
3498 3580 3709 3649 quando
3733 3582 3870 3635 vidit

2285 3668 2442 3724 Sarra
2490 3668 2764 3723 lsmaelem
2805 3670 2958 3723 simul
2989 3669 3187 3723 versari
3221 3685 3341 3724 cum
3369 3669 3516 3725 lsaae
3540 3714 3552 3737 ,
3584 3671 3722 3726 sicut
3751 3673 3865 3727 heri

2283 3761 2436 3816 vobis
2465 3761 2695 3817 diximus
2718 3804 2731 3827 ,
2775 3763 2875 3818 hoc
2917 3778 3057 3833 aegre
3097 3764 3271 3819 ferens
3294 3807 3308 3829 ,
3337 3763 3544 3819 dicebat
3588 3766 3816 3820 Abraha:
3851 3782 3865 3817 :

2285 3853 2430 3923 Ejt'ee
2457 3847 2694 3910 ancillam
2719 3866 2764 3910 et
2786 3857 2949 3925 ﬁlium
2977 3859 3084 3926 ejus
3115 3873 3134 3910 :
3159 3873 3258 3910 non
3285 3857 3417 3910 enim
3439 3858 3532 3910 erit
3559 3857 3699 3910 heres
3729 3858 3870 3926 ﬁlius

2283 3947 2485 4000 ancilla:
2506 3964 2619 4000 cum
2646 3949 2752 4015 ﬁlio
2783 3964 2890 4000 meo
2917 3951 2935 4016 (
2962 3947 3090 4002 Gen.
3120 3947 3212 4001 2|.
3234 3948 3355 4017 10);
3388 3963 3616 4018 cumque
3645 3948 3746 4003 hoc
3775 3965 3870 4018 pa-

2284 4037 2531 4092 triarclnc
2565 4038 2755 4092 durum
2787 4038 3053 4093 videretur
3073 4077 3088 4100 ,
3117 4038 3301 4093 volens
3333 4054 3456 4094 eum
3496 4039 3633 4094 Deus
3669 4055 3866 4094 conso-

2285 4129 2404 4199 lari,
2431 4132 2505 4186 ait
2533 4149 2546 4184 :
2579 4132 2717 4186 Audi
2744 4130 2958 4186 Sarram
2990 4147 3208 4186 uxorem
3242 4142 3406 4199 tuam,
3435 4141 3490 4188 et
3516 4133 3597 4188 fac
3624 4133 3765 4205 quod
3797 4138 3869 4189 ab

2284 4239 2346 4279 ea
2377 4224 2575 4279 dictum
2607 4233 2688 4278 est
2721 4241 2735 4277 :
2768 4239 2939 4294 neque
2963 4223 3203 4278 videatur
3231 4224 3321 4278 tibi
3349 4225 3536 4278 durum
3565 4265 3579 4290 ,
3607 4226 3748 4296 quod
3779 4226 3866 4279 di-

2285 4324 2427 4370 ctum
2455 4314 2623 4370 estde
2653 4330 2817 4385 puero
2841 4326 2894 4369 et
2917 4313 2984 4368 de
3010 4315 3220 4369 ancilla.
3247 4315 3315 4368 In
3335 4314 3489 4369 Isaae
3510 4316 3642 4369 enim
3669 4317 3870 4370 vocabi-

2286 4417 2368 4460 tur
2395 4407 2481 4460 tibi
2507 4424 2673 4461 semen
2702 4410 2719 4479 (
2747 4406 2828 4462 Ib.
2859 4424 2907 4461 v.
2941 4406 3009 4462 l2
3029 4409 3070 4478 ),
3103 4419 3156 4463 et
3182 4408 3328 4462 illum
3353 4423 3565 4478 quoque
3594 4409 3780 4464 faciam
3812 4411 3869 4464 iu.

2285 4507 2492 4570 gentem
2519 4513 2761 4568 magnam
2785 4538 2801 4563 ,
2833 4498 2951 4567 quia
2980 4512 3161 4552 semen
3193 4509 3338 4552 tuum
3366 4507 3464 4554 est.
3497 4499 3563 4553 Et
3585 4500 3760 4554 omnis
3791 4500 3868 4554 illi

2285 4607 2314 4644 a
2346 4592 2454 4647 Deo
2491 4591 2624 4647 facta
2661 4591 2945 4661 promissio
2970 4605 3037 4646 eo
3067 4590 3344 4659 tendebat,
3387 4602 3443 4648 ut
3485 4593 3594 4648 nati
3621 4609 3690 4649 ex
3721 4595 3869 4649 Isaae

2285 4684 2337 4740 in
2367 4699 2612 4754 magnum
2648 4685 2898 4755 pepulum
2941 4693 3375 4756 propagarentur.
3406 4683 3536 4740 Cum
3566 4700 3694 4756 ergo
3722 4685 3865 4740 bona

2285 4776 2586 4846 hujusmodi
2615 4790 2711 4845 spe
2738 4776 2972 4831 aleretur
2994 4777 3187 4845 justus,
3215 4785 3335 4847 post
3358 4785 3528 4832 tantas
3547 4785 3598 4833 et
3619 4787 3728 4831 tam
3755 4778 3865 4832 fre-

2284 4879 2504 4939 quentes
2530 4884 2794 4924 terumnas
2821 4879 2876 4925 Cl
2905 4870 3242 4934 tentationes,
3265 4883 3446 4924 earum
3473 4879 3686 4938 accepta
3713 4885 3866 4924 mer-

2283 4960 2432 5026 cede,
2461 4969 2515 5016 et
2543 4960 2593 5014 in
2624 4969 2734 5015 tuto
2761 4959 2975 5016 demum
3001 4961 3302 5025 collocatus,
3336 4975 3444 5030 pra:
3461 4960 3627 5015 oculis
3659 4960 3865 5016 habens

2283 5053 2385 5107 sibi
2413 5066 2781 5106 successurum
2814 5052 3087 5116 heredem,
3116 5066 3302 5106 secure
3325 5051 3542 5120 agebat,
3575 5051 3862 5105 maximam

2283 5145 2406 5200 inde
2427 5143 2721 5214 percipiens
2746 5145 3180 5199 consolationem.
3215 5141 3409 5197 Verum
3437 5145 3524 5214 qui
3548 5143 3862 5198 abscondita

2281 5238 2520 5294 cordium
2553 5237 2735 5303 novit,
2763 5239 2946 5292 volens
2975 5235 3127 5290 nobis
3149 5234 3279 5304 justi
3306 5234 3463 5306 hujus
3489 5238 3738 5292 virtutem
3767 5237 3860 5290 de.

2286 5342 2499 5404 tegere,
2529 5341 2586 5387 et
2623 5347 2869 5402 magnum
2900 5345 3136 5385 amorem
3161 5345 3318 5400 quem
3345 5345 3467 5399 erga
3507 5343 3566 5383 se
3603 5330 3820 5399 gerebat
3847 5372 3861 5394 ,

2281 5433 2399 5493 post
2440 5431 2517 5478 tot
2561 5415 2937 5494 promissiones
2979 5431 3033 5476 et
3076 5420 3212 5476 hanc
3256 5436 3465 5492 quoque
3507 5437 3623 5491 qua:
3671 5437 3865 5475 recens

2278 5515 2414 5572 facta
2439 5529 2576 5583 erat,
2603 5528 2657 5572 et
2676 5517 2826 5587 cujus
2851 5514 3159 5571 memoriam
3187 5515 3359 5570 adlmc
3387 5517 3590 5570 firmam
3625 5517 3860 5581 tenebat,

2277 5626 2397 5666 cum
2424 5611 2526 5682 jam
2556 5610 2886 5666 adolesceret
2913 5610 3073 5673 Isaac,
3113 5618 3164 5663 et
3195 5609 3245 5663 in
3277 5609 3392 5679 ipso
3416 5611 3586 5665 a-tatis
3616 5609 3747 5663 flore
3776 5623 3862 5663 cs-

2280 5712 2381 5773 set,
2403 5712 2770 5773 cresceretque
2791 5712 2956 5772 patns
2979 5715 3103 5772 erga
3129 5700 3279 5758 illum
3302 5699 3538 5772 dilectio,
3560 5712 3681 5774 post
3701 5699 3862 5756 verba
