4072 6216
299 292 400 346 ιῖΊ
1389 291 1454 346 IN
1493 290 1646 347 CAP.
1695 287 1836 343 XXII
1876 281 2123 341 CENES.
2165 286 2399 345 HOMIL.
2442 289 2646 346 XLVII.
3617 291 3720 344 £98

295 408 461 478 γέτην
497 408 607 470 τοῖς
637 406 890 469 ἐναντίοις
921 405 1108 458 λοιπὸν
1137 405 1410 476 ἠμείϐετο,
1451 410 1544 460 καὶ
1576 408 1633 458 ὃν
1662 405 1826 474 ἐχρῆν
1859 420 1959 455 σω-
2077 403 2446 476 ’Υπερίδωμεν
2485 403 2600 470 οὖν,
2631 405 2949 478 παρακαλῶ,
2984 405 3092 459 τῶν
3139 404 3440 476 παρόντων,
3474 406 3719 475 ποθησω-

293 493 442 564 τῆρα
485 493 580 547 καί
627 493 920 563 εὐεργέτην
950 493 1367 564 ἐπιγράφεσθαι,
1403 494 1591 546 τοῦτον
1629 492 1833 546 ἀνελεῖν
1867 492 1962 542 ἐπ·
2064 508 2163 560 μεν
2196 495 2262 546 τὰ
2294 495 2576 562 μέλλοντα,
2609 495 2706 564 τὴν
2741 493 2950 547 εὐνοιαν
2977 494 3075 563 τὴν
3104 493 3254 562 παρά
3287 492 3378 545 τοῦ
3413 490 3546 544 Θεοῦ
3583 493 3718 545 πάν-

295 581 588 652 εχείρει.’Ὼ
617 582 808 652 μανίας
836 581 1136 652 ὑπερϐολήί
1176 580 1220 634 ὣ
1265 581 1648 652 παραπληξίας
1679 578 1956 637 ἐπίτασιςί
2062 596 2169 632 των
2204 582 2580 652 προτιμῶμεν,
2609 582 2701 635 καὶ
2733 581 2818 635 διά
2839 583 2936 650 τῆς
2961 579 3185 650 ἀρίστης
3208 578 3479 642 πολιτείας
3509 579 3720 642 ἑαυτοῖς

297 665 403 721 Τὸν
422 667 519 738 τὴν
541 666 684 739 ζωὴν
707 666 855 738 αὐτῷ
881 668 1266 739 χαρισάμενον,
1295 669 1387 721 καὶ
1416 668 1591 722 πάντα
1622 667 1710 718 τὸν
1736 664 1959 734 στρατὸν
2060 667 2260 736 πολλὴν
2286 669 2720 740 προαποθώμεθα
2747 669 2842 739 τὴν
2874 667 3206 739 παρρησίαν,
3235 666 3435 763 tuatua}
3456 665 3546 718 τὸν
3568 683 3717 763 ξαρ-

295 754 462 809 αὐτοῦ
493 753 930 825 ἐλευθερώσαντα
957 757 1052 826 τῆς
1079 755 1172 808 τοῦ
1199 755 1493 823 ἀλλοφύλου
1523 753 1737 823 μανίας,
1772 751 1952 803 τοῦτον
1998 750 2036 763 ’⁷
2055 751 2184 804 όντα
2213 751 2325 821 βίον
2363 753 2582 817 ἀλύπως
2610 753 2854 807 διανύσαι
2885 753 3217 823 δυνηθῶμεν,
3249 752 3342 804 καὶ
3365 750 3472 803 τῶν
3499 751 3716 820 μελλόνο

296 841 373 904 ὼς
404 841 653 911 πολέμιον
682 841 868 896 λονπδν
897 843 1173 914 ὑφωρᾶτο,
1211 842 1306 894 καὶ
1350 843 1470 895 οὐδὲ
1519 838 1734 901 ἔναυλος
1763 833 1956 905 οὖσαὴ
2057 855 2163 890 των
2212 838 2432 906 ἀγαθῶν
2478 839 2838 911 ἐπιτύχωμεν,
2876 840 3056 910 χάριτι
3093 839 3186 891 καὶ
3221 837 3592 907 φιλανθρωπίᾳ
3617 836 3710 889 τοῦ

295 927 577 998 εὐεργεσία
619 929 957 999 περιεγίνετο
990 930 1083 982 τοῦ
1119 930 1340 993 πάθους,
1382 928 1518 982 ἀλλά
1559 926 1806 996 καθάπερ
1853 924 1956 977 ὑπὸ
2059 922 2209 997 [475]
2248 926 2450 997 Κυρίου
2478 927 2635 997 ἡμῶν
2694 925 2866 995 Ἰησοῦ
2900 924 3154 998 Χριστοῦ,
3210 925 3326 995 μεθ’
3352 917 3412 976 05
3438 924 3514 993 τῷ
3545 921 3714 990 [Ιατρὶ

297 1012 470 1083 μέθης
495 1014 660 1079 τινδς,
681 1016 788 1069 ὑπὸ
820 1015 914 1069 τοῦ
947 1015 1140 1084 φθόνου
1173 1015 1460 1079 σκοτωθεὶς
1487 1015 1576 1068 τὸν
1600 1015 1698 1084 τῆς
1723 1012 1958 1075 διανοίας
2056 1013 2171 1082 ἅμα
2191 1013 2268 1084 τῷ
2290 1015 2428 1084 ἀγίῳ
2451 1015 2723 1086 Πνεύματι
2748 1014 2893 1078 δόξα,
2925 1015 3142 1085 κράτος,
3171 1012 3324 1084 τιμὴ,
3355 1011 3450 1064 νῦν
3479 1010 3573 1064 καὶ
3604 1009 3710 1074 ἀεὶ,

292 1098 572 1171 λογισμὸν,
605 1102 697 1156 τὸν
727 1104 1020 1175 εὐεργέτην
1045 1105 1119 1169 ὼς
1148 1105 1400 1174 πολέμιον
1429 1103 1594 1173 ἐώρα.
1993 1141 2004 1161 ,
2053 1098 2149 1149 καὶ
2179 1100 2258 1161 είς
2288 1101 2411 1164 τοὺς
2440 1101 2640 1165 αίῶνας
2671 1102 2778 1154 τῶν
2801 1100 3027 1154 αίὼνων.
3046 1101 3234 1172 Ἀμην.

360 1185 424 1242 ε’.
462 1189 710 1243 Τοιοῦτον
760 1190 928 1262 γάρὴ
961 1191 1126 1245 κακία
1158 1192 1251 1244 τοῦ
1288 1192 1490 1254 πάθους
1515 1190 1704 1243 τούτου
1729 1204 1745 1222 ·
1807 1187 1954 1259 αὐτῷ
2037 1231 2042 1236 .
2673 1189 2912 1242 ΟΜΙΛΙΑ
2951 1190 3081 1243 MZ'.

290 1273 554 1346 πρότερον
601 1277 916 1346 λυμαίνεται
949 1279 1027 1348 τῷ
1064 1279 1219 1332 τοῦτο
1254 1280 1513 1332 τίκτοντι.
1559 1279 1669 1330 Καὶ
1704 1275 1955 1346 καθάπερ
2053 1272 2160 1326 Καὶ
2184 1272 2420 1342 ἐγένετο
2443 1283 2592 1344 μετὰ
2614 1276 2683 1329 τὰ
2698 1275 2935 1348 ῥήματα
2959 1273 3222 1348 τᾳῦτα,ό
3244 1273 3385 1340 Θεὸς
3411 1272 3706 1341 ἐπείραζει

293 1358 509 1430 σκώληξ
530 1361 634 1417 ὑπὸ
651 1363 744 1417 τοῦ
777 1363 933 1428 ξύλου
957 1367 1265 1437 τικτόμενος
1284 1366 1414 1418 αὐτὸ
1437 1366 1696 1435 πρότερον
1719 1363 1778 1415 τὸ
1801 1362 1952 1427 ξύλον

291 1448 705 1504 καταναλίσκει·
743 1451 886 1506 οὑτω
911 1455 1004 1506 καὶ
1031 1455 1059 1504 ὁ
1086 1455 1274 1523 φθόνος
1307 1454 1521 1522 ἐκείνην
1554 1451 1816 1522 πρότερον
1842 1451 1953 1502 δια-

289 1529 499 1604 φθείρει
531 1535 627 1607 τὴν
666 1537 930 1592 τεκοῦσαν
974 1541 1132 1593 αὑτὸν
1179 1541 1375 1612 ψυχὴν,
1405 1540 1498 1592 καὶ
1549 1539 1608 1590 16
1647 1538 1883 1591 ἐναντίον
1915 1538 1948 1607 ἢ

289 1617 540 1688 βούλεται
564 1624 653 1678 τὸν
689 1625 1049 1696 φθονούμενον
1080 1626 1365 1697 διατίθησι.
1406 1624 1552 1697 [472]
1579 1626 1668 1695 Μὴ
1712 1625 1820 1696 γάρ
1862 1641 1951 1694 μοι

283 1706 354 1760 τά
389 1710 650 1782 προοίμια
679 1713 870 1768 σκόπει
891 1714 982 1767 ἐπὶ
1011 1715 1116 1767 τῶν
1145 1715 1543 1785 φθονουμένων,
1575 1713 1708 1766 ἀλλά
1733 1713 1864 1783 πρὸς
1887 1714 1948 1765 τὸ

283 1794 441 1858 τέλος
464 1797 662 1867 ἀφόρα,
699 1800 792 1852 καὶ
833 1801 997 1854 ἐννόει
1029 1801 1109 1853 ὅτι
1136 1802 1273 1871 αὐτὴ
1304 1802 1335 1872 ἡ
1363 1801 1527 1854 κακία
1557 1800 1664 1852 τῶν
1693 1799 1947 1869 φθονούν-

285 1899 395 1936 των
427 1886 507 1948 είς
542 1887 760 1956 μείζονα
801 1891 1150 1960 περιφάνειαν
1198 1891 1319 1957 ἄγει
1366 1891 1491 1952 τοὺς
1535 1887 1944 1956 φθονουμένους.

291 1971 356 2022 Οί
389 1970 490 2041 μὲν
520 1971 626 2042 7&9
660 1975 864 2028 καὶτὸν
887 1975 1017 2028 Θεὸν
1046 1975 1356 2043 ἐφέλκονται
1386 1977 1464 2037 είς
1496 1976 1827 2045 συμμαχίαν,
1853 1975 1946 2028 καὶ

285 2056 390 2126 τῆς
426 2057 632 2113 ἀνωθεν
672 2061 1001 2117 ἀπολαύουσι
1051 2065 1253 2134 ῥοπῆς·
1296 2065 1324 2116 6
1369 2063 1424 2115 δὲ
1471 2061 1673 2131 ταύτης
1721 2063 1943 2132 ἕρημος,

289 2146 456 2198 πᾶσιν
492 2147 898 2220 εὐεπιχείρητος
928 2151 1156 2219 γίνεται,
1185 2152 1278 2205 καὶ
1310 2152 1414 2221 πρὸ
1436 2151 1543 2204 τῶν
1571 2151 1765 2215 ἔξωθεν
1791 2154 1948 2204 πολε-

286 2231 430 2301 μίων
471 2234 561 2288 ὑπ’
591 2237 754 2290 αὐτοῦ
790 2239 883 2290 τοῦ
923 2237 1124 2300 πάθους
1171 2237 1622 2308 πολιορκούμενος
1667 2240 1945 2307 μονονουχὶ

283 2321 862 2391 καταναλίσκεται,καὶ
894 2324 1079 2396 ῶσπερ
1105 2324 1321 2394 ἀδήλοις
1347 2324 1563 2392 γνάθοις
1592 2325 1944 2394 κατεσθιόμε-

279 2420 388 2469 νος,
421 2405 563 2460 οὕτω
592 2407 1350 2480 δαπανώμενος,ὑπο6ρύχιος,
1386 2410 1458 2473 ὡς
1494 2413 1687 2470 εἰπεῖν,
1714 2412 1940 2478 γίνεται.

281 2493 464 2566 Ὅπερ
509 2492 705 2557 εἰδότες
758 2495 1067 2565 φεύγωμεν,
1116 2495 1450 2564 παρακαλῶ,
1497 2495 1597 2565 τὴν
1633 2495 1810 2567 λύμην
1846 2499 1941 2551 τοῦ

281 2583 512 2647 πάθους,
535 2585 626 2638 καὶ
649 2581 794 2658 πάσῃ
813 2583 1040 2654 δυνάμει
1067 2580 1394 2653 ὲξορίζωμεν
1423 2581 1580 2634 τοῦτο
1610 2583 1706 2652 τῆς
1735 2584 1944 2642 ἑαυτῶν

277 2659 482 2739 ψυχῆς.
511 2671 734 2725 Πάντων
756 2673 864 2744 γὰρ
893 2673 1000 2726 τῶν
1035 2671 1217 2726 παθῶν
1243 2667 1399 2726 τοῦτο
1430 2671 1710 2742 ὁλεθριιὶιτε
1722 2689 1832 2744 ρον,
1851 2677 1944 2727 καὶ

275 2756 415 2827 αὐτῇ
454 2757 606 2827 ἡμῶν
638 2761 702 2829 τῇ
728 2759 988 2830 σωτηρία·
1006 2759 1392 2830 λυμαινόμενον
1418 2777 1430 2790 ·
1453 2757 1547 2812 τοῦ
1573 2759 1682 2830 7&9
1707 2760 1942 2832 πονηροῦ

271 2843 523 2897 διαϐόλου
543 2845 690 2899 ἐστὶν
711 2846 840 2916 εῦρη
850 2865 944 2917 μα.
979 2848 1055 2899 Δι’
1075 2846 1102 2899 6
1119 2847 1212 2900 καί
1237 2865 1318 2910 τις
1339 2847 1501 2916 σοφὸς
1522 2847 1673 2915 έλεγε
1692 2867 1706 2880 ·
1742 2850 1946 2912 Φθόνφ

275 2928 388 3002 [δὲ]
443 2930 721 2985 διαϐόλου
770 2932 1023 2998 θάνατος
1078 2933 1362 3001 εισῆλθεν
1415 2936 1502 2997 είς
1546 2934 1652 2987 τὸν
1692 2935 1941 3003 κόσμον.

273 3018 340 3071 Τί
375 3021 495 3071 ἐστι
518 3033 531 3047 ·
569 3020 772 3083 Φθόνῳ
813 3019 880 3070 δὲ
925 3020 1204 3074 διαϐόλου
1237 3019 1481 3086 θάνατος
1531 3020 1812 3087 εισῆλθεν
1858 3025 1946 3088 εἰς

273 3106 382 3159 τὸν
405 3107 642 3175 κόσμον
658 3123 676 3169 ;
718 3107 935 3179 Ἐπειδὴ
970 3107 1076 3180 γὰρ
1104 3104 1208 3161 εῖδε
1236 3108 1296 3160 τδ
1321 3108 1553 3178 πονηρὸν
1584 3107 1739 3160 τοῦτο
1761 3108 1944 3178 θηρίον

274 3194 545 3248 ἀθάνατον
571 3196 859 3266 γενόμενον
889 3196 980 3250 τὸν
1009 3194 1449 3267 πρωτόπλαστον,
1486 3195 1575 3247 διά
1606 3195 1704 3265 τῆς
1739 3196 1945 3261 οἰκείας

278 3283 544 3353 πονηρίας
584 3283 664 3346 είς
697 3282 794 3353 τὴν
841 3283 937 3353 τῆς
984 3284 1201 3354 ἐντολῆς
1249 3283 1532 3354 παρακοὴν
1561 3285 1720 3336 αὐτὸν
1750 3285 1941 3354 ῆγαγε,

276 3369 371 3422 καὶ
398 3369 469 3422 δι’
495 3369 707 3438 ἐκείνης
738 3369 830 3421 τοῦ
867 3368 1092 3422 θανάτου
1120 3370 1216 3440 τὴν
1242 3371 1509 3440 τιμωρίαν
1539 3371 1944 3442 παρεσκεύασεν

277 3457 442 3510 αὑτὸν
473 3456 975 3510 ἐπισπάσασθαι.’0
1009 3457 1197 3525 φθόνος
1230 3458 1404 3510 τοίνυν
1441 3457 1539 3526 τὴν
1579 3459 1793 3528 ἀπάτην
1835 3462 1943 3530 είρ-

276 3545 502 3612 γάσατο,
524 3545 556 3613 ἡ
582 3544 761 3613 ἀπάτη
793 3543 891 3614 τὴν
917 3545 1269 3614 παρακοὴν,ἠ
1304 3546 1553 3616 παρακοὴ
1575 3546 1666 3598 τὸν
1694 3545 1939 3601 θάνατον.

276 3630 375 3683 Διά
397 3629 554 3683 τοῦτό
579 3645 744 3698 φησι·
777 3629 978 3696 Φθόνῳ
1001 3628 1114 3701 [δὲ]
1146 3630 1427 3683 διαϐόλου
1457 3630 1709 3694 θάνατος
1735 3629 1944 3698 εἰσῆλ-

277 3720 383 3771 θεν
427 3720 513 3780 είς
542 3717 649 3770 τὸν
680 3718 928 3786 κόσμον.
965 3710 1118 3780 Εἶδες
1163 3718 1301 3788 πόση
1331 3717 1424 3770 τοῦ
1457 3718 1659 3781 πάθους
1691 3722 1723 3788 ἡ
1757 3719 1940 3790 λύμης

276 3803 383 3856 Τδν
416 3801 681 3872 ἀθανασία
710 3801 1004 3871 τιμηθέντα
1039 3801 1252 3873 θανάτῳ
1282 3803 1597 3857 ὑποκεῖσθαι
1623 3806 1940 3877 πεποίηκεν.

290 3891 432 3943 Ἀλλ’
454 3892 482 3942 6
517 3889 614 3960 μὲν
648 3889 838 3960 ἐχθρὸς
863 3891 958 3961 τῆς
986 3890 1259 3962 ἡμετέρας
1308 3891 1597 3964 σωτηρίας,
1623 3894 1715 3946 τὸν
1746 3895 1942 3949 οίκείον

277 3977 469 4047 φθόνον
501 3979 745 4048 κινήσας,
773 3977 901 4031 ὄντα
929 3977 1196 4032 ἀθάνατον
1238 3979 1329 4032 τὸν
1376 3980 1794 4051 πρωτόπλαστον
1843 3983 1941 4036 θα-

275 4068 421 4135 νάτῳ
448 4065 908 4136 καταδικασθῆναι
938 4069 1238 4139 πεποίηκεν
1257 4084 1270 4097 ·
1288 4069 1316 4120 6
1340 4068 1394 4121 δέ
1427 4069 1674 4139 κηδεμὼν
1700 4071 1792 4123 καὶ
1823 4070 1940 4140 φιλ·

277 4154 558 4225 ἅνθρωπος
584 4155 857 4224 Δεσπότης
907 4155 995 4208 διά
1025 4156 1118 4208 τοῦ
1157 4155 1388 4210 θανάτου
1429 4155 1522 4209 τοῦ
1547 4157 1747 4210 οίκείου
1780 4158 1940 4212 πάλιν

275 4241 375 4311 τὴν
407 4242 702 4296 ἀθανασίαν
732 4244 864 4312 ἡμῖν
901 4243 1214 4312 ἐχαρίσατο,
1245 4246 1336 4297 καὶ
1369 4242 1590 4313 μείζονα
1621 4237 1696 4297 ὧν
1721 4245 1939 4298 ἀπωλέ-

276 4345 448 4401 σαμεν
493 4329 753 4400 εὕραμεν.
790 4331 1122 4401 Παραδείσου
1175 4332 1384 4394 ἐκεῖνος
1432 4331 1688 4403 ἐξήγαγε.
1720 4333 1812 4386 καὶ
1861 4334 1940 4398 είς

273 4416 364 4468 16v
414 4416 642 4487 οὐρανὸν
690 4410 843 4480 οὗτος
892 4417 1134 4487 ἀνήγαγε
1161 4433 1173 4447 ·
1221 4418 1434 4488 θανάτῳ
1481 4419 1939 4490 καταδικασθῆναι

273 4504 480 4566 ἐκεῖνος
517 4503 804 4573 πεποίηκε,
832 4503 925 4556 καὶ
962 4503 1060 4574 τὴν
1085 4503 1382 4558 ἀθανασίαν
1420 4506 1550 4574 ἡμῖν
1577 4499 1731 4570 0510;
1757 4507 1940 4579 ἐχαρί-

275 4607 438 4644 σατο·
469 4590 567 4658 τῆς
603 4591 659 4642 ὲν
694 4590 1002 4660 παραδείσῳ
1042 4591 1251 4661 τρυφῆς
1294 4593 1665 4662 ἀπεστέρησεν
1712 4595 1935 4658 ἐκεῖνος,

274 4680 365 4732 καὶ
393 4677 668 4750 βασιλείαν
701 4679 831 4747 ἡμῖν
861 4678 1100 4748 οὐρανῶν
1131 4679 1451 4750 εὐτρέπισεν
1471 4676 1642 4743 οὗτος.
1673 4675 1822 4744 Εἶδες
1844 4682 1936 4736 τοῦ

273 4766 542 4820 Δεσπὸτου
585 4783 680 4820 σου
718 4765 780 4818 16
824 4765 1147 4834 εὐμήχανον,
1195 4767 1288 4819 καί
1331 4767 1478 4830 ὃπως
1522 4767 1592 4820 τά
1642 4768 1791 4838 παρά
1841 4767 1936 4836 τῆς

277 4851 567 4921 βασκανίας
592 4853 730 4907 ὅπλα
754 4852 847 4906 τοῦ
878 4851 1122 4905 διαϐόλου
1156 4852 1297 4906 κατά
1335 4854 1430 4921 τῆς
1461 4854 1732 4925 ἡμετέρας
1767 4871 1938 4924 σωτη-

277 4938 394 5007 ρίας
427 4941 786 5010 γεγενημένα,
819 4940 1001 4991 ἐκεῖνα
1046 4938 1185 4991 αὐτά
1231 4938 1582 5008 περιέτρεψεν
1611 4942 1688 5002 είς
1717 4940 1813 5010 τὴν
1844 4941 1938 4992 αὐ-

274 5024 366 5078 τοῦ
410 5027 682 5098 κεφαλήνς
729 5028 803 5080 υὺ
847 5027 1008 5097 μόνον
1054 5026 1162 5097 γάρ
1193 5027 1337 5095 ἡμᾶς
1385 5027 1643 5096 μειζόνων
1687 5028 1935 5097 ἠξίωσεν,

276 5107 408 5163 ἀλλά
436 5113 527 5165 καὶ
557 5115 761 5165 ἐκεῖνον
788 5115 920 5183 ἡμῖν
955 5113 1264 5183 ὑποχείριον
1295 5111 1511 5174 ἔδωκεν,
1539 5114 1706 5167 εἰπών
1729 5132 1740 5144 ·
1793 5115 1936 5169 Ἰδοὺ

276 5193 499 5252 δέδωκα
559 5199 700 5269 ὑμῖν
741 5200 1033 5263 ἐξουσίαν
1083 5199 1292 5252 πατεῖν
1339 5199 1536 5252 ἐπάνω
1583 5200 1774 5268 ὄφεων
1836 5202 1935 5256 καί

275 5287 596 5352 σκορπίων.
633 5284 814 5338 Ταῦτα
870 5288 1049 5340 τοίνυν
1096 5287 1310 5340 ἅπαντα
1355 5286 1690 5356 λογιζόμενοι
1725 5290 1936 5343 καὶτὸν

275 5368 466 5438 φθόνον
509 5371 608 5441 τῆς
651 5372 857 5425 ἑαυτῶν
885 5373 1062 5444 ψυχῆς
1099 5373 1447 5444 ἐξορίζωμεν.
1480 5374 1571 5426 καὶ
1603 5375 1700 5446 τὴν
1727 5375 1936 5431 εὔνοιαν

271 5455 368 5526 τὴν
415 5458 569 5530 παρά
614 5458 708 5513 105
756 5460 888 5512 Θεοῦ
936 5460 1312 5532 ὲπισπὼμεθα.
1347 5460 1517 5514 Τοῦτο
1554 5461 1661 5532 7&9
1693 5463 1846 5534 ἡμῶν
1877 5467 1938 5518 τὸ

269 5543 432 5597 ὅπλον
471 5547 529 5599 16
571 5548 1009 5615 ἀκαταγὼνιστον
1033 5563 1046 5577 ·
1084 5553 1240 5602 τοῦτο
1271 5547 1427 5619 ἡμῶν
1461 5549 1492 5619 ἡ
1521 5549 1749 5622 μεγίστη
1779 5567 1935 5621 περι-

269 5634 440 5689 ουσία.
479 5634 576 5687 Διά
605 5634 765 5688 τοῦτο
793 5636 886 5689 καὶ
910 5639 939 5689 6
975 5637 1217 5708 Ίσμαὴλ,
1252 5637 1425 5690 καίτοι
1457 5637 1573 5702 νέος
1607 5638 1700 5692 καὶ
1725 5641 1780 5692 ἐν
1808 5639 1923 5710 ἐρη-

273 5719 368 5790 μία
398 5720 477 5775 ῶν
500 5723 595 5775 καὶ
627 5721 794 5793 πολλῇ
825 5723 1048 5796 ἀπορία,
1079 5725 1272 5796 ἀθρόον
1301 5725 1532 5797 ηὐξήθη,
1563 5729 1656 5781 καὶ
1679 5730 1758 5791 είς
1779 5727 1929 5793 ἔθνος

275 5806 413 5872 μέγα
457 5809 758 5862 ἐπέδωκεν·
805 5811 989 5879 ἐπειδὴ
1028 5812 1090 5863 Ὀ
1133 5814 1276 5880 Θεὸς
1318 5810 1416 5884 ἦν,
1454 5818 1605 5889 φησὶ,
1631 5818 1780 5884 μετά
1820 5818 1925 5872 τοῦ

276 5893 826 5952 παιδίου.Ἐντεῦθεν
856 5895 961 5966 γάρ
991 5899 1120 5964 ἡμῖν
1163 5903 1191 5955 6
1232 5903 1386 5971 λόγος
1415 5904 1555 5970 ἄπας
1583 5904 1916 5973 ἐξεκυλίσθη.

2675 1346 2780 1398 τὸν
2820 1343 3083 1414 Ἀϐραάμ.

2123 1435 2190 1481 α’.
2226 1429 2367 1482 Πολὺ
2397 1430 2503 1485 τῶν
2530 1432 2763 1502 σήμερον
2791 1433 2920 1502 ἡμῖν
2943 1430 3388 1500 ἀναγνωσθέντων
3412 1430 3472 1482 16
3499 1429 3706 1500 κέρδος.

2052 1515 2146 1567 καὶ
2180 1517 2380 1584 ἀφατος
2409 1520 2437 1572 6
2475 1518 2741 1589 θησαυρὸς
2776 1522 2804 1572 6
2835 1520 2944 1581 τοῖς
2981 1517 3203 1589 βραχέσι
3236 1517 3442 1579 τούτοις
3471 1518 3709 1587 ῥήμασιν

2052 1603 2512 1674 ἐγκεκρυμμένος.
2546 1604 2776 1658 Τοιαῦτα
2801 1605 2908 1675 7&9
2937 1605 3002 1658 τά
3031 1605 3147 1658 θεία
3181 1603 3367 1672 λόγια·
3398 1603 3498 1655 οὐκ
3535 1604 3590 1655 ἐν
3633 1603 3710 1674 τῷ

2052 1689 2240 1759 πλήθει
2291 1693 2399 1743 τῶν
2443 1693 2720 1762 ῥημάτων,
2763 1694 2876 1746 ἀλλ’
2901 1695 2960 1746 ἐν
2998 1695 3062 1763 τῇ
3097 1692 3358 1762 συντομία
3388 1691 3496 1744 τῶν
3536 1691 3709 1759 λόγων

2049 1776 2216 1829 πολὺν
2239 1779 2655 1849 ἐναποκείμενον
2670 1780 2782 1850 ἔχει
2800 1780 2891 1832 τὸν
2914 1778 3155 1833 πλοῦτον.
3176 1779 3309 1848 Φέρε
3334 1774 3446 1839 οὑν,
3471 1777 3708 1831 ἀναπτύ-

2049 1862 2227 1932 ξωμεν
2271 1865 2337 1918 τά
2393 1867 2675 1937 εἰρημένα,
2723 1869 2816 1920 καὶ
2865 1866 3266 1937 καταμάθωμεν
3314 1865 3556 1938 ἀκριϐῶς
3598 1865 3708 1919 τῶν

2050 1951 2286 2020 σήμερον
2325 1953 2774 2020 ἀναγνωσθέντων
2803 1954 2898 2025 τὴν
2930 1955 3172 2024 δύναμιν.
3207 1953 3365 2006 Οῦτω
3397 1954 3504 2024 7&9
3546 1954 3706 2006 πάλιν

2047 2037 2307 2104 εἰσόμεθα
2340 2038 2432 2092 καὶ
2464 2038 2555 2092 τοῦ
2587 2041 2923 2111 πατριάρχου
2970 2041 3067 2110 τὴν
3116 2039 3314 2109 πολλὴν
3366 2038 3584 2110 ἀρετὴν,
3612 2041 3706 2092 καὶ

2045 2123 2136 2176 τοῦ
2165 2123 2297 2177 Θεοῦ
2324 2126 2421 2195 τὴν
2449 2127 2884 2197 ὑπερϐάλλουσαν
2916 2125 3339 2196 φιλανθρωπίαν.
3370 2127 3477 2178 Καὶ
3507 2125 3702 2195 ἐγένε-

2046 2227 2132 2265 το.
2161 2213 2312 2281 φησὶ,
2337 2215 2484 2281 μετὰ
2511 2215 2580 2267 τὰ
2592 2214 2829 2283 ῥήματα
2857 2214 3060 2276 ταῦτα,
3080 2217 3111 2267 ό
3144 2213 3285 2278 Θειὲς
3311 2211 3571 2279 mea-are
3598 2215 3705 2267 τὸν

2057 2297 2319 2368 Ἀϐραάμ.
2355 2299 2418 2352 Τί
2451 2300 2695 2370 βούλεται
2733 2302 2885 2354 ταυτὶ
2917 2301 2986 2353 τά
3027 2302 3278 2371 ῥήματα,
3318 2302 3422 2352 Καὶ
3469 2299 3702 2368 ἐγένετο

2039 2386 2188 2451 μετὰ
2217 2386 2288 2440 τὰ
2301 2385 2538 2456 ῥήματα
2556 2387 2758 2451 ταῦτα,
2783 2392 2814 2442 ό
2837 2387 2981 2453 Θεὸς
2998 2385 3258 2456 ἐπείραζὲ
3287 2387 3391 2439 τὸν
3423 2386 3692 2455 Ἀϐραὰμ;

2045 2470 2241 2524 Σκόπει
2276 2489 2364 2542 μοι
2392 2474 2488 2544 τὴν
2515 2474 2666 2528 θείαν
2707 2475 2948 2545 Γραφὴν,
2974 2475 3086 2536 πῶς
3108 2473 3354 2526 ἐντεῦθεν
3392 2474 3490 2544 ἤδη
3519 2474 3702 2544 βούλε-

2043 2571 2130 2610 ται
2164 2557 2466 2626 ἐκκαλύψαι
2491 2561 2621 2628 ἡμῖν
2649 2561 2740 2611 τοῦ
2772 2559 2976 2612 δικαίου
3002 2561 3099 2628 τὴν
3138 2560 3356 2629 ἀρετήν.
3387 2561 3494 2612 Καὶ
3515 2561 3700 2632 ἐπειδὴ

2046 2644 2226 2714 μέλλει
2253 2644 2555 2716 διηγεῖσθαι
2583 2645 2680 2714 τὴν
2706 2649 2898 2716 πεῖραν
2924 2645 3020 2716 τὴν
3043 2647 3190 2717 παρά
3218 2646 3310 2698 τοῦ
3335 2645 3468 2699 Θεοῦ
3503 2649 3702 2715 ἐπαγο-

2046 2731 2214 2801 μένην
2243 2731 2322 2802 τῷ
2359 2731 2626 2802 Ἀϐραὰμ,
2652 2732 2914 2803 πρότερον
2943 2735 3083 2803 ἡμᾶς
3112 2732 3361 2802 βούλεται
3384 2733 3474 2787 τὸν
3512 2735 3700 2806 καιρὸν

2042 2819 2270 2884 διδάξαι,
2319 2818 2439 2872 καθ’
2463 2820 2520 2872 ὃν
2565 2819 2734 2873 ταῦτα
2767 2823 2795 2872 6
2827 2820 3171 2890 πατριάρχης
3213 2822 3556 2884 ὲπετάττετο,
3608 2823 3702 2876 καὶ

2043 2908 2173 2959 πότε
2223 2908 2312 2959 τὸν
2347 2908 2528 2960 Ἰσαάκ
2573 2909 2878 2975 ἀνενεγκεῖν
2922 2907 3219 2973 ἐκελεύετο,
3252 2909 3337 2960 ἵνα
3385 2908 3561 2982 μάθῃς
3605 2909 3702 2982 τὴν

2045 2993 2242 3065 πολλὴν
2269 2993 2361 3048 τοῦ
2389 2996 2724 3068 πατριάρχου
2756 2993 3020 3065 ὑπακοὴν,
3051 2996 3143 3048 καὶ
3171 2995 3317 3058 ὃπως
3340 2995 3446 3048 τῶν
3474 2995 3552 3066 τῷ
3582 2995 3699 3067 Θεῷ

2042 3081 2338 3136 δοκούντων
2379 3083 2527 3135 οὐδὲν
2550 3084 2820 3154 προτιμᾷν
2842 3082 3116 3153 ⁴Ιιινέσχετο.
3142 3081 3206 3134 Τί
3236 3078 3327 3136 οὖν
3366 3083 3533 3147 ἐστιν,
3550 3083 3702 3154 Ἐτέ-

2042 3185 2176 3222 raro
2211 3169 2278 3222 δὲ
2300 3170 2450 3238 μετὰ
2494 3171 2566 3222 τὰ
2603 3169 2844 3238 ῥήματα
2889 3169 3109 3233 rauim;
3151 3169 3366 3241 Ἐπειδὴ
3410 3171 3516 3241 γάρ
3565 3171 3702 3241 μετά

2042 3260 2136 3311 τὸν
2187 3258 2281 3312 τοῦ
2322 3259 2506 3312 Ἰσαάκ
2555 3259 2746 3322 τόκον,
2780 3260 2945 3330 ἡνίκα
2989 3258 3250 3313 ἐθεάσατο
3298 3261 3332 3330 η
3385 3261 3568 3332 Σάρρα
3610 3260 3701 3314 τὸν

2055 3347 2276 3417 Ἰσμαὴλ
2315 3347 2879 3416 συναναστρεφόμενον
2915 3347 2991 3418 τῷ
3030 3347 3213 3400 Ἰσαάκ
3235 3386 3250 3410 ,
3292 3346 3541 3419 καθάπερ
3577 3349 3701 3419 χθές

2043 3435 2180 3505 πρὸς
2243 3435 2382 3504 ὑμᾶς
2439 3435 2807 3504 διελέχθημεν,
2847 3433 3217 3504 δυσχεράνασά
3268 3435 3402 3503 πρὸς
3459 3435 3612 3488 τοῦτο
3666 3440 3700 3506 ἡ

2042 3523 2228 3593 Σάρρα
2264 3522 2412 3589 ἔλεγε
2453 3522 2584 3590 πρὸς
2622 3521 2711 3573 τὸν
2747 3520 3028 3590 Ἁϐραάμ·
3064 3522 3320 3575 Ἔκϐαλε
3360 3520 3472 3588 τὴν
3509 3522 3701 3575 παιδι-

2042 3624 2206 3675 σκην
2237 3609 2332 3661 καί
2365 3607 2469 3661 τὸν
2499 3609 2629 3661 υίιζν
2664 3607 2884 3676 αὐτῆς·
2915 3610 2986 3662 οὐ
3016 3608 3124 3677 γὰρ
3149 3608 3235 3677 μὴ
3268 3610 3698 3679 κληρονομήσει

2043 3699 2076 3748 ὁ
2113 3697 2242 3762 υἱὸς
2279 3695 2386 3763 τῆς
2427 3696 2745 3761 παιδίσκης
2796 3697 2945 3764 μετὰ
2994 3695 3100 3749 τοῦ
3152 3695 3283 3750 υιοῦ
3331 3712 3482 3764 μου·
3525 3697 3696 3768 ἐφάνη

2041 3783 2096 3836 δὲ
2150 3783 2306 3837 τοῦτο
2360 3784 2588 3854 σκληρὸν
2628 3783 2704 3853 τῷ
2743 3784 3085 3855 πατριάρχῃ,
3127 3783 3442 3854 βουλόμενος
3490 3786 3518 3837 6
3567 3785 3699 3849 Θεὸς

2043 3869 2530 3943 παραμυθήσασθαι
2567 3871 2656 3923 τον
2693 3870 2916 3935 δίκαιον,
2957 3870 3148 3941 φησίν·
3185 3870 3517 3938 ’Υπάκουσον
3553 3873 3697 3945 Σάρ-

2044 3961 2144 4030 ρας
2182 3957 2283 4029 τῆς
2319 3957 2571 4026 γυναικός
2615 3974 2729 4021 σου,
2757 3958 2848 4010 καὶ
2878 3958 3020 4010 ποίει
3045 3958 3106 4011 16
3134 3957 3261 4029 παρ’
3281 3959 3450 4029 αὐτῆς
3479 3958 3698 4030 λεχθέν·

2041 4047 2134 4100 καὶ
2173 4047 2247 4117 μὴ
2290 4045 2520 4116 σκληρόν
2540 4063 2621 4099 σοι
2653 4044 2927 4116 φαινέσθω
2961 4045 3023 4098 τὸ
3059 4046 3186 4118 περ).
3221 4045 3316 4099 τοῦ
3358 4046 3567 4100 παιδίου
3606 4047 3700 4102 καὶ

2039 4135 2140 4203 τῆς
2184 4134 2491 4206 παιδίσκης.
2530 4135 2631 4188 Ἐν
2667 4133 2776 4203 γὰρ
2815 4131 2894 4198 τῷ
2930 4134 3134 4187 Ἰσαὰκ
3186 4133 3552 4203 κληθήσεταί
3599 4151 3700 4190 σοι

2040 4223 2295 4293 σπέρμα,
2334 4224 2426 4276 καὶ
2463 4223 2649 4277 τοῦτον
2686 4224 2743 4276 δὲ
2783 4224 2989 4294 ποιήσω
3027 4225 3105 4286 είς
3141 4222 3290 4286 έθνος
3330 4223 3489 4293 μέγα,
3513 4223 3697 4295 ἐπειδὴ

2043 4313 2261 4383 σπέρμα
2299 4312 2388 4364 σόν
2425 4313 2559 4364 ἐστι.
2605 4312 2714 4365 Καὶ
2753 4313 2900 4364 πάσα
2937 4312 2970 4382 ἡ
3009 4310 3298 4379 ὑπόσχεσις
3335 4309 3483 4380 αὑτῷ
3534 4313 3626 4364 καὶ
3663 4313 3698 4383 ἡ

2042 4399 2194 4470 παρά
2228 4397 2322 4451 τοῦ
2359 4397 2493 4451 Θεοῦ
2531 4397 2828 4466 ἐπαγγελία
2852 4397 2986 4468 αῦτη
3015 4393 3104 4467 ἦν,
3125 4396 3265 4450 ῶστε
3296 4398 3375 4461 είς
3403 4398 3536 4451 πολὺ
3563 4399 3700 4470 πλῆ-

2040 4487 2131 4549 θος
2162 4485 2492 4540 ἐπιτείνεσθαι
2525 4487 2646 4550 τοὺς
2681 4487 2745 4538 ἐκ
2776 4485 2868 4538 τοῦ
2899 4485 3079 4538 Ἰσαάκ
3115 4484 3399 4554 τεχθέντας
3416 4486 3464 4540 ι’.
3483 4487 3698 4559 Ἐπειδὴ

2037 4573 2260 4637 ταύταις
2296 4576 2414 4637 ταῖς
2453 4573 2631 4626 ἐλπίσι
2667 4573 2999 4644 τρεφόμενος
3035 4575 3063 4626 ὀ
3098 4572 3303 4637 δίκαιος
3335 4574 3578 4638 διετέλει,
3604 4578 3698 4629 καί

2037 4659 2112 4723 ὡς
2147 4659 2254 4712 τῶν
2291 4658 2556 4712 τοσούτων
2611 4658 2706 4712 καλ⁸
2752 4658 3065 4729 ἐπαλλήλων
3103 4657 3334 4728 θλίψεων
3372 4662 3466 4715 καὶ
3504 4677 3693 4732 πειρα-

2039 4746 2192 4816 σμῶν
2228 4745 2326 4810 τὰς
2365 4745 2598 4816 ἀμοιϐάς
2635 4746 3019 4816 κομισάμενος,
3063 4746 3153 4799 καὶ
3193 4749 3250 4799 ἐν
3288 4747 3552 4816 ἀσφαλείᾳ
3588 4746 3695 4798 λοι-

2037 4835 2137 4887 πὸν
2187 4834 2422 4902 γεγονὼς
2446 4873 2461 4896 ,
2510 4835 2604 4886 καὶ
2660 4832 2802 4904 ὁρῶν
2849 4834 2908 4886 ὲν
2957 4834 3253 4904 ὀφθαλμοῖς
3302 4834 3392 4886 τὸν
3440 4832 3696 4902 μέλλοντα

2036 4918 2373 4990 διαδέχεσθαι
2415 4919 2579 4972 αὐτοῦ
2623 4919 2713 4973 τὸν
2756 4919 2974 4991 κλῆρον,
3016 4921 3156 4972 οὕτω
3205 4919 3340 4989 μετά
3371 4918 3550 4981 ἀδείας
3573 4920 3697 4972 καθ-

2037 5009 2302 5078 ειστήκει,
2340 5007 2600 5077 μεγίστην
2628 5007 2870 5060 ἐντεῦθεν
2909 5006 3259 5078 παραμυθίαν
3297 5005 3690 5075 καρπούμενος.

2049 5095 2188 5146 Ἀλλ’
2227 5096 2254 5147 6
2280 5094 2348 5147 1&
2380 5094 2664 5166 ἀπόρρητα
2700 5095 2801 5163 τῆς
2827 5094 3063 5155 διανοίας
3099 5093 3480 5161 ἐπιστάμενος,
3511 5092 3694 5161 βουλό-

2045 5198 2204 5250 μενος
2231 5182 2363 5250 ἡμῖν
2397 5181 2698 5251 ἐκκαλύψαι
2733 5180 2827 5233 τοῦ
2860 5179 3067 5233 δικαίου
3107 5179 3203 5248 τὴν
3243 5180 3463 5250 ἀρετὴν,
3494 5180 3694 5234 καὶτὸν

2037 5267 2203 5320 πολὺν
2233 5266 2413 5331 πόθον,
2433 5268 2492 5320 6v
2512 5269 2638 5339 περὶ
2661 5268 2820 5322 αὐτὸν
2837 5266 3200 5327 ἐπεδείκνυτο,
3223 5267 3358 5334 μετά
3382 5267 3476 5330 τὰς
3502 5267 3694 5322 τοσαύ-

2036 5374 2128 5418 τας
2151 5356 2488 5424 ὑποσχέσεις,
2523 5357 2615 5408 καὶ
2646 5355 2845 5422 ταύτην
2857 5352 2953 5422 τὴν
2978 5354 3285 5424 πρόσφατον
3301 5357 3690 5428 γεγενημένην,

2039 5443 2132 5496 καὶ
2173 5436 2238 5513 ἧς
2289 5443 2388 5513 τὴν
2439 5444 2660 5512 μνήμην
2710 5439 2928 5495 Εναυλον
2964 5437 3108 5511 εἶχεν
3152 5440 3320 5515 [47η.
3369 5445 3456 5497 ὅτε
3507 5445 3692 5499 λοιπὸν

2102 5601 2399 5664 "Enipeu.
2419 5598 2715 5659 (nubat,le
2736 5601 2881 5664 aliam
2909 5597 3026 5648 infra
3051 5601 3098 5649 in
3121 5599 3262 5659 Μοτ..
3284 5601 3332 5648 In
3362 5600 3492 5660 Sam,
3515 5617 3561 5650 In
3584 5613 3687 5664 om-

2040 5662 2284 5722 ιιίδιιείιιιε
2299 5666 2494 5712 omnino
2519 5676 2652 5721 ωδε..
2686 5670 2738 5710 ul
2781 5662 2912 5709 nulla
2938 5664 3086 5721 possit
3120 5675 3229 5724 θεςιξ
3272 5664 3434 5711 meum
3455 5663 3688 5724 suspicio,

2043 5735 2331 5786 certumque
2354 5725 2417 5773 sit
2444 5724 3126 5786 ilalegisse(Ihrysuslommn.
3145 5725 3202 5770 Λι
3219 5723 3264 5772 iu
3289 5723 3692 5774 ρόίιίυιιίὺιιετῶν

2043 5785 2312 5849 Οίιρείιιιτ
2334 5788 2565 5849 ἐπείρασε.
2591 5788 2796 5835 tentavit.
2817 5785 2930 5849 Cod.
2957 5785 3101 5832 Alex.
3130 5787 3352 5847 ὶπείραζι.

2102 5847 2132 5888 δ
2156 5847 2697 5910 Λιιιίίιιίηιιιςτεχθέντας
2720 5861 2748 5899 c
2775 5848 2917 5900 (ἷυίδί.
2951 5855 3001 5895 ιιι
3028 5861 3161 5910 marg
3205 5849 3331 5896 Smil
3374 5847 3455 5906 qui
3484 5848 3530 5893 in
3554 5847 3696 5894 ιοιιιι

2037 5912 2352 5972 τικτομὲνους,
2380 5913 2458 5959 καὶ
2479 5909 2681 5967 ταύταις.
