4084 6214
373 320 479 375 429

374 427 434 480 ἐν
464 428 651 501 ἡλικίᾳ
682 428 903 497 γέγονεν
936 428 966 481 6
1007 426 1209 491 Ἰσαὰκ,
1238 427 1332 479 καί
1380 428 1438 480 ἐν
1482 426 1632 497 αὐτῷ
1659 427 1736 499 τῷ
1758 427 1908 482 άνθει
1939 431 2043 499 τῆς

377 506 698 584 ἠλικίαςέιύ
713 516 997 586 {xw/smul
1052 513 1143 567 τὸν
1185 512 1351 566 πόθον
1377 512 1472 567 τοῦ
1525 515 1730 586 πατρὸς
1769 515 1861 569 τὸν
1913 515 2041 586 περὶ

375 602 541 655 αὐτὸν
560 599 630 674 ἦν
659 603 785 656 ἰδεῖν
815 599 1191 669 αὐξανόμενον,
1214 600 1335 653 τότε
1368 600 1504 670 μετὰ
1531 601 1600 655 τά
1623 603 1841 673 ῥήματα
1867 601 2041 655 ταῦτα

378 687 477 756 τῆς
500 686 847 755 ἐπαγγελίας,
873 686 963 738 καὶ
985 683 1120 754 μετά
1149 683 1210 737 τὸ
1243 687 1437 751 εἰπεῖν,
1466 687 1547 739 ὅτι
1587 688 1684 741 ‘Er
1710 686 1871 752 αὐτῷ
1894 690 2041 755 κλη-

379 772 631 839 θήσεταί
681 789 778 825 σοι
812 770 1070 839 σπέρμα,
1103 771 1196 824 καὶ
1248 773 1409 835 αὐτὸς
1451 773 1603 827 ἔσται
1642 791 1736 827 σου
1775 774 2036 845 διάδοχος·

378 860 537 912 Μετὰ
566 859 637 911 τὰ
655 857 891 925 ῥήματα
913 858 1097 911 ταῦτα
1125 861 1157 913 ό
1185 859 1328 925 Θεὸς
1352 859 1616 928 ἐπείραζε
1640 860 1746 915 τὸν
1774 860 2037 929 Ἁϐραάμ.

379 944 446 997 Τί
503 947 668 1008 ἐστιν,
711 941 1083 1011 Ἐπείραζεν;
1132 947 1242 1015 Οὐχ
1276 946 1351 1010 ὡς
1406 948 1565 1009 αὐτὸς
1620 947 1847 1016 ἀγνοῶν,
1906 947 2041 1000 άλλά

379 1030 653 1099 προσῆγεν
686 1029 834 1099 αύτῴ
868 1031 966 1098 τὴν
1002 1032 1215 1101 πεῖραν,
1260 1032 1343 1085 ἵνα
1376 1033 1472 1085 καί
1521 1034 1568 1085 οἰ
1601 1033 1720 1085 τότε
1750 1032 2036 1102 παρόντες,

379 1116 474 1169 καὶ
496 1116 543 1166 οἱ
565 1115 624 1178 ἐξ
663 1116 871 1169 ἐκείνου
925 1116 1085 1187 μέχρι
1117 1116 1210 1169 τοῦ
1254 1119 1520 1188 παρόντος
1553 1119 1913 1173 παιδεύωνται
1948 1117 2039 1171 τὸν

378 1203 539 1255 αὐτὸν
572 1202 732 1256 πόθον
755 1202 834 1272 τῷ
857 1203 1188 1275 πατριάρχῃ,
1219 1206 1312 1257 καὶ
1337 1204 1433 1275 τὴν
1468 1205 1713 1275 ὑπακοὴν
1741 1205 2042 1258 ἐπιδείκνυ-

381 1288 504 1342 σθαι
557 1288 687 1361 περὶ
731 1291 799 1343 τὰ
840 1289 933 1341 τοῦ
969 1290 1241 1343 Δεσπότου
1291 1292 1709 1361 προστάγματα.
1746 1292 1853 1364 καὶ
1889 1288 2038 1357 εἷπε,

380 1375 534 1446 φησὶ,
578 1379 726 1445 πρὸς
761 1378 975 1430 αὐτόν’
1015 1376 1292 1445 Ἀϐραὰμ,
1328 1376 1602 1446 Ἀϐραάμ.
1635 1378 1699 1431 '0
1738 1378 1805 1430 δὲ
1840 1374 2035 1431 εἶπεν·

391 1462 546 1517 Ἰδοὺ
573 1462 707 1532 ἐγώ.
738 1463 802 1515 Τί
840 1464 1085 1533 βούλεται
1124 1465 1152 1515 6
1193 1463 1286 1515 τοῦ
1328 1464 1589 1534 ὀνόματος
1614 1464 2039 1533 διπλασίασμός;

376 1550 493 1620 Τῆς
518 1551 716 1620 πολλῆς
751 1551 963 1614 εὐνοίας
1002 1553 1100 1621 τῆς
1132 1554 1260 1623 περὶ
1291 1552 1382 1605 τὸν
1425 1553 1765 1623 πατριάρχην
1820 1551 2041 1621 σημεῖόν

376 1635 517 1702 ἔστι,
548 1639 641 1691 καὶ
661 1637 867 1692 ἐδείκνυ
892 1639 1039 1710 αὐτῷ
1079 1639 1172 1692 καὶ
1200 1638 1286 1691 διὰ
1322 1642 1422 1709 τῆς
1449 1640 1713 1710 κλήσεως,
1745 1640 1828 1691 ὅτι
1857 1637 2037 1708 μέλλει

376 1738 435 1777 τι
486 1724 595 1777 τῶν
647 1725 959 1794 ἀναγκαίων
1008 1726 1154 1797 αὐτῷ
1203 1728 1527 1780 ἐπιτάττειν.
1602 1723 2038 1797 Παρασκευάζων

377 1810 558 1865 τοίνυν
587 1812 747 1865 αὐτὸν
783 1816 1051 1866 συντεῖναι
1082 1813 1271 1867 ἐαυτὸν
1322 1813 1417 1865 καὶ
1469 1812 1604 1884 μετά
1629 1813 1859 1885 σπουδῆς
1878 1829 2037 1881 προσ-

383 1895 526 1965 έχειν
562 1899 675 1963 τοῖς
734 1900 865 1973 παρ’
887 1899 1051 1953 αὐτοῦ
1079 1900 1412 1970 λεγομένοις,
1431 1899 1509 1970 τῷ
1536 1898 1915 1969 διπλασιασμῷ
1942 1898 2040 1968 τῆς

378 1986 626 2057 κλήσεως
670 1989 958 2059 ἐχρήσατο,
1002 1988 1092 2042 καί
1141 2004 1326 2057 φησιν’
1366 1987 1629 2056 Ἀϐραὰμ,
1676 1986 1946 2055 Ἀϐραάμ.
1978 1986 2040 2038 '0

377 2070 447 2125 δὲ
460 2069 645 2128 εἶπεν⁸
672 2073 827 2128 Ἰδοὺ
848 2073 980 2143 ἐγώ.
1015 2074 1121 2128 Καὶ
1152 2074 1309 2128 εἶπεν
1335 2072 1489 2127 Λάϐε
1516 2072 1621 2126 τὸν
1636 2072 1769 2126 υἱόν
1790 2086 1905 2125 σου
1928 2071 2037 2124 τὸν

377 2159 707 2228 ἀγαπητὸν,
746 2160 819 2214 ὃν
843 2159 1186 2231 ἠγάπησας,
1209 2160 1315 2213 τὸν
1355 2159 1685 2225 Ἰσαὰκ,Μί
1725 2159 2037 2227 πορεύθητι

376 2250 462 2313 εἰς
492 2248 605 2316 τὴν
632 2249 749 2320 γῆν
775 2250 889 2319 τὴν
940 2249 1221 2319 ὑψηλὴν,
1281 2249 1379 2302 καί
1418 2248 1704 2317 ἀνένεγκε
1736 2249 1925 2301 αύτέν
1951 2249 2039 2310 εἰς

377 2335 798 2404 όλοκάρπωσιν
838 2337 932 2406 ἐφ’
972 2335 1046 2389 ἕν
1097 2334 1216 2388 τῶν
1248 2336 1453 2403 ὀρέων,
1488 2329 1575 2388 ὧν
1602 2335 1680 2388 ἄν
1715 2350 1813 2388 σοι
1868 2333 2031 2386 εἴπω.

376 2421 566 2490 Μέγας
594 2423 622 2474 6
647 2419 808 2491 ὄγκος
838 2422 932 2476 τοῦ
958 2423 1349 2493 ἐπιτάγματος,
1383 2421 1811 2492 καὶύπερϐαῖνον
1833 2419 2041 2489 ἀνθρω-

376 2509 539 2581 πίνην
572 2508 731 2579 φύσιν
754 2510 814 2562 τὸ
844 2511 1092 2581 πρᾶγμα.
1121 2509 1277 2563 Λάϐε
1311 2509 1418 2562 τὸν
1440 2510 1573 2563 υἱόν
1602 2524 1718 2561 σου
1756 2507 1862 2560 τὸν
1889 2506 2034 2567 ἀγα-

377 2596 598 2662 πητὸν,
630 2596 701 2649 ὃν
732 2596 1077 2665 ἠγάπησας,
1105 2595 1211 2648 τὸν
1250 2594 1468 2649 Ἰσαάκ.
1500 2595 1641 2667 Ὅρα
1693 2593 1809 2656 πῶς
1835 2593 1902 2645 δι’
1936 2592 2037 2645 αὐ-

375 2681 483 2735 τῶν
512 2681 620 2735 τῶν
644 2684 904 2755 ῥημάτων
940 2682 1160 2753 μείζονα
1187 2681 1285 2752 τὴν
1311 2680 1491 2751 πυρὰν
1535 2680 1781 2746 ἀνάπτει,
1813 2679 1906 2733 καὶ
1938 2678 2038 2750 τὴν

376 2768 607 2840 κάμινον
665 2768 765 2838 τῆς
810 2767 1191 2841 φιλοστοργίας
1238 2765 1332 2822 τοῦ
1397 2767 1627 2835 δικαίου,
1675 2769 1741 2838 ῆν
1777 2766 1905 2838 περί
1946 2767 2036 2819 τὸν

388 2854 577 2913 Ἰσαὰκ
598 2855 877 2927 ἐκέκτητο,
910 2855 1264 2928 σφοδρότερον
1284 2855 1560 2926 διεγείρει.
1585 2853 1739 2909 Λάϐε
1774 2854 1878 2907 τὸν
1902 2854 2037 2908 υἱόν

377 2960 495 3001 σου
513 2943 618 2999 τὸν
631 2942 959 3013 ἀγαπητὸν,
980 2941 1052 2995 ὃν
1076 2942 1414 3011 ἠγάπησας,
1429 2941 1534 2995 τὸν
1548 2940 2037 2996 ἰσαάκ.⁹⁸Εκαστον

379 3031 503 3091 καθ’
526 3030 687 3084 ἐαυτὸ
730 3029 910 3083 ἰκανὸν
956 3028 1276 3083 καθικέσθαι
1330 3029 1427 3100 τῆς
1473 3028 1567 3082 τοῦ
1596 3028 1800 3083 δικαίου
1841 3027 2038 3098 ψυχῆς.

376 3118 456 3172 υύ
481 3116 589 3188 γὰρ
622 3116 806 3179 ἁπλῶς
837 3110 976 3183 εἰπε,
1003 3116 1116 3169 Τὸν
1152 3114 1371 3180 Ἰσαὰκ,
1401 3115 1535 3169 ἀλλά
1563 3115 1888 3187 προσέθηκε,
1929 3115 2038 3168 Τὸν

378 3206 515 3260 υίόν
538 3217 677 3268 σου,
719 3203 780 3256 ὃν
818 3203 967 3275 παρὰ
1024 3205 1201 3257 πᾶσαν
1239 3203 1561 3275 προσδοκίαν
1594 3205 1831 3274 ἐκτήσω,
1856 3203 1951 3256 καὶ
1976 3202 2034 3255 ἐν

379 3290 529 3361 αὐτῷ
554 3289 632 3360 τῷ
661 3292 804 3361 γήρᾳ
837 3293 983 3360 σχεῖν
1008 3289 1292 3361 ἡδυνήθης,
1328 3291 1439 3345 Τὸν
1465 3291 1795 3361 ἀγαπητὸν,
1826 3290 1917 3343 τὸν
1940 3306 2037 3342 πε-

386 3376 671 3449 ριπόθητόν
701 3392 814 3441 σου,
841 3376 900 3429 ὃν
934 3376 1363 3449 μεενύπερὸολῆς
1394 3379 1631 3449 ἀγαπᾷς,
1672 3378 1780 3432 τὸν
1818 3377 2033 3444 Ἰσαὰκ,

381 3465 442 3518 δν
466 3465 709 3535 διάδοχον
732 3464 873 3530 ἕξειν
906 3464 1231 3537 προσδοκᾷς,
1292 3465 1354 3529 ἐξ
1385 3460 1446 3519 οὗ
1471 3466 1563 3518 καὶ
1595 3467 1654 3519 τὸ
1688 3467 1909 3538 σπέρμα
1943 3483 2037 3520 σου

383 3550 641 3619 αὔξεσθαι
673 3552 1104 3624 ἐπηγγειλάμην,
1138 3553 1231 3606 καὶ
1253 3552 1505 3606 τοσοῦτον
1536 3552 1813 3618 αὐξεσθαι,
1842 3554 1917 3617 ὡς
1956 3554 2033 3626 τῷ

384 3639 575 3713 πλήθει
607 3640 715 3694 τῶν
743 3640 977 3713 ἄστρων,
1006 3641 1098 3694 καὶ
1142 3642 1207 3711 τῇ
1242 3640 1410 3711 ἀμμῳ
1444 3642 1510 3711 τῇ
1548 3640 1698 3712 παρά
1749 3642 1810 3694 τὸ
1862 3642 2039 3712 χεῖλος

384 3730 482 3800 τῆς
516 3728 790 3797 θαλάσσης
818 3727 1160 3799 ἐξισωθῆναι.
1199 3727 1400 3781 Τοῦτον
1430 3724 1522 3782 οὖν
1548 3728 1710 3783 αὐτὸν
1734 3728 1908 3792 Λάϐε,
1937 3730 2036 3783 καί

384 3818 806 3885 πορεύθητιεὶς
848 3815 962 3884 τὴν
1004 3814 1124 3885 γῆν
1159 3814 1274 3883 τὴν
1314 3816 1583 3885 ὑψηλὴν,
1626 3815 1724 3871 καὶ
1754 3815 2037 3886 ἀνένεγκε

383 3904 567 3959 αὐτὸν
585 3904 713 3958 ἐκεῖ
726 3907 812 3969 εις
839 3905 1253 3959 ὁλοκαύτωσιν
1273 3904 1364 3972 ἐφ’
1390 3902 1460 3957 ἐν
1489 3903 1606 3956 τῶν
1626 3898 1925 3971 όρέων,ὧν
1957 3903 2039 3958 ἄν

384 4005 482 4045 σοι
503 3991 671 4045 ειπω.
731 3990 1019 4060 Θαυμάσαι
1071 4007 1160 4060 μοι
1208 3988 1406 4051 ἔπεισι,
1452 3988 1568 4051 πῶς
1596 3990 1689 4040 καὶ
1724 3988 1822 4060 τὴν
1869 3990 2039 4061 ἀκοὴν

382 4077 614 4148 ῆνεγκεν
642 4078 670 4129 6
700 4075 926 4138 δίκαιος.
959 4073 1161 4127 Τοῦτον
1201 4072 1312 4145 γὰρ
1347 4072 1530 4135 αὐτὸν,
1583 4072 1736 4142 φησί,
1774 4071 1864 4125 τὸν
1895 4071 2038 4128 οὕτω

387 4175 468 4211 σοι
499 4157 880 4228 περιπόθητον,
912 4156 1175 4225 ἀνένεγκέ
1227 4171 1316 4226 μοι
1366 4157 1448 4218 εἰς
1474 4154 1836 4209 ὁλοκαύτωσιν
1868 4158 1951 4224 ἐφ’
1979 4156 2037 4213 ἐν

383 4240 492 4296 τῶν
523 4241 716 4311 ὀρέων.
760 4240 825 4292 Τί
853 4235 944 4294 οὖν
973 4242 1003 4293 6
1031 4238 1235 4300 δίκαιος
1261 4255 1277 4304 ;
1331 4237 1447 4292 Οὐκ
1473 4236 1747 4307 ἐταράχθη
1772 4237 1862 4289 τὸν
1886 4238 2036 4308 λογι-

387 4322 542 4394 σμὸν,
585 4323 646 4375 οὐ
697 4321 963 4392 συνεχύθη
991 4320 1092 4391 τὴν
1131 4320 1389 4379 διάνοιαν,
1414 4318 1514 4373 οὐκ
1541 4318 1787 4390 ἠπόρησε
1816 4319 1951 4390 πρὸς
1976 4320 2039 4373 τὸ

386 4405 535 4472 ξένον
561 4405 653 4459 τοῦ
683 4405 1073 4474 ἐπιτάγματος,
1109 4402 1209 4456 οὐκ
1256 4400 1561 4471 ἐνενόησεν,
1604 4400 1704 4453 οὐκ
1756 4399 2037 4469 ἐλογίσατο

384 4488 521 4560 πρὸς
541 4486 823 4541 ἑαυτόνοτί
837 4484 1024 4551 τοῦτο;
1048 4488 1076 4539 6
1108 4483 1259 4556 παρά
1283 4486 1461 4537 πᾶσαν
1477 4483 1802 4554 προσδοκίαν
1816 4486 2035 4556 σπέρμα

382 4571 767 4641 χαρισάμενος,
798 4571 826 4621 6
848 4569 937 4622 διά
966 4567 1061 4638 τὴν
1089 4568 1295 4621 οἰκείαν
1350 4566 1758 4637 φιλανθρωπίαν
1800 4566 1896 4639 τὴν
1930 4571 2035 4640 μή-

382 4666 522 4722 τραν
578 4649 677 4718 τῆς
728 4650 943 4721 Σάρρας
1001 4651 1344 4722 ζωογονήσας
1397 4648 1785 4721 νεκρωθεῖσαν,
1847 4649 2033 4704 λοιπὸν

388 4733 527 4804 μετὰ
556 4731 617 4785 τὸ
635 4731 1206 4803 γαλακτοτροφηθῆναι
1258 4734 1353 4787 καὶ
1381 4731 1702 4803 αὐξηθῆναι,
1730 4732 1825 4787 καὶ
1852 4733 2036 4789 λοιπὸν

383 4818 444 4871 ἐν
480 4813 668 4885 ἡλικία⁸
690 4811 959 4881 γενέσθαι,
1014 4815 1285 4885 σφαγῆναι
1331 4814 1392 4868 τό
1442 4813 1632 4884 τεχθέν
1682 4830 1771 4885 μοι
1800 4814 2033 4883 κελεύει,

383 4899 479 4955 καί
505 4898 584 4959 εἰς
608 4894 968 4950 ὁλοκαύτωσιν
992 4897 1359 4969 ἀνενεχθῆναι’
1387 4899 1416 4952 6
1446 4896 1552 4970 πρὸ
1574 4896 1815 4969 βραχέως
1847 4897 2033 4965 εἰπὼν,

396 4981 498 5035 Ἐν
533 4978 692 5044 αὺτῷ
731 4979 1099 5045 κληθήσεταί
1124 4997 1221 5035 σοι
1254 4983 1509 5052 σπέρμα,
1546 4982 1641 5036 νῦν
1696 4983 1764 5035 τὰ
1819 4984 2038 5037 ἐναντία

381 5060 692 5128 ἐπιτάττει;
723 5060 833 5115 Καὶ
860 5061 977 5125 πῶς
1010 5062 1075 5115 ἂν
1098 5064 1179 5126 εἰς
1228 5063 1388 5135 ἔργον
1417 5064 1620 5132 ἐξέλθοι
1650 5066 1780 5117 ποτὲ
1810 5066 1879 5117 τὰ
1907 5065 2035 5135 παρ’

380 5144 544 5198 αὐτοῦ
565 5143 1000 5213 ἐπαγγελθέντα;
1031 5144 1181 5219 [4751
1206 5147 1329 5211 Πῶς
1358 5147 1466 5220 γάρ
1508 5143 1619 5200 οἷόν
1656 5164 1716 5199 τε
1745 5147 1843 5217 τῆς
1881 5147 2035 5219 ῥίζης

381 5223 785 5296 ἐκτεμνομένης
813 5226 939 5289 τοὺς
964 5225 1192 5290 κλάδους
1221 5227 1422 5297 φυῆναί
1451 5244 1601 5289 ποτε,
1636 5226 1670 5297 ἦ
1698 5226 1791 5280 τοῦ
1818 5226 2034 5299 δένδρου

380 5308 779 5380 ἐκκοπτομένου
811 5309 904 5362 τὸν
941 5310 1151 5381 καρπὸν
1182 5309 1487 5381 ἐνεχθῆναι,
1521 5308 1553 5380 ἢ
1590 5310 1689 5379 τῆς
1736 5310 1916 5380 πηγῆς
1943 5308 2037 5380 ξη-

382 5386 668 5459 ρανθείσης
697 5388 976 5456 ποταμοὺς
1003 5390 1360 5459 άναδοθῆναι;
1393 5389 1548 5443 Κατά
1579 5389 1677 5459 μέν
1702 5390 1800 5459 τὴν
1830 5389 2036 5460 ἀνθρω-

382 5465 541 5533 πίνην
564 5465 881 5521 ἀκολουθίαν
933 5467 1104 5520 ταῦτα
1144 5467 1396 5536 γενέσθαι
1434 5468 1737 5539 ἀμήχανον·
1787 5466 1922 5519 Θεοῦ
1978 5467 2036 5520 δὲ

380 5543 731 5616 βουληθέντος
764 5544 942 5600 πάντα
976 5546 1229 5614 γενέσθαι
1269 5545 1511 5599 δυνατόν.

454 5630 519 5700 β’.
572 5629 734 5681 Ἀλλά
765 5630 968 5686 τούτων
985 5631 1083 5704 μὲν
1093 5631 1247 5685 οὐδὲν
1271 5631 1553 5700 ἐλογίσατο
1581 5631 1607 5683 6
1631 5629 1835 5694 δίκαιος
1860 5622 2033 5694 οὗτος,

377 5708 515 5766 ἀλλά
533 5705 781 5777 καθάπερ
795 5709 1091 5780 εὐγνώμων
1106 5709 1343 5783 οἰκέτης,
1368 5712 1545 5765 πάντα
1564 5710 1820 5779 λογισμὸν
1838 5709 1934 5763 ἀνθ
1941 5708 2039 5782 ρώ-

378 5806 534 5844 πινον
591 5787 985 5856 παρωσάμενος
1004 5830 1017 5853 ,
1050 5792 1169 5857 ἐνὸς
1200 5794 1357 5863 μόνου
1389 5792 1618 5861 ἐγίνετο,
1646 5790 1737 5844 τοῦ
1768 5790 1826 5843 τὸ
1856 5791 2037 5846 ἐπιτα-

376 5869 506 5946 χθέν
532 5867 612 5927 εἰς
638 5864 816 5946 ἔργον-
842 5867 1093 5936 ἀγαγεῖν,
1125 5873 1221 5925 καὶ⁵
1273 5871 1460 5946 ῶσπερ
1491 5870 1646 5934 ἐκτὸς
1675 5867 1910 5938 γεγονὼς
1938 5871 2035 5941 τῆς

378 5942 720 6018 ἀνθρωπείας
748 5941 982 6015 φύσεως,
1019 5950 1113 6004 καλ⁸
1140 5953 1319 6008 πᾶσαν
1344 5941 1686 6022 συμπάθειαν
1724 5948 1816 6002 καὶ
1837 5964 2031 6019 πατρι-

1157 312 1212 367 S.
1255 311 1536 367 JOANNIS
1573 309 2063 368 CIIRYSOSTOMI
2098 313 2412 371 ARCIIIEP.
2451 316 2998 380 CONSTANTINOP.

2141 430 2243 500 κὴν
2274 434 2653 504 φιλοστοργίαν
2679 436 2936 509 δευτέραν
2989 439 3336 511 ἡγησάμενος
3376 440 3485 495 τῶν
3529 440 3624 497 τοῦ
3668 441 3802 497 Θεοῦ

2138 513 2595 584 προσταγμάτων,
2626 516 2718 568 ἐπὶ
2742 516 2842 587 τὴν
2870 518 3218 590 ἐκπλήρωσιν
3244 519 3491 574 ἔσπευδε.
3525 522 3635 576 Καὶ
3663 522 3805 578 dra-

2138 592 2309 658 στὰς,
2365 594 2548 664 φησὶν,
2593 595 2843 665 Ἀϐραὰμ
2889 598 2955 650 τὸ
2986 598 3158 665 πρωῒ,
3214 598 3479 663 ἐπέσαξε
3514 599 3630 663 τὴν
3662 600 3807 653 ὄνον

2137 671 2345 724 αὐτοῦ.
2395 672 2696 739 Παρέλαϐε
2746 675 2814 728 δὲ
2858 671 2993 744 μεθ”
3021 677 3238 732 ἑαυτοῦ
3284 678 3394 732 δύο
3452 677 3670 746 παῖδας
3706 677 3805 731 καί

2151 749 2354 803 Ἰσαὰκ
2390 750 2494 803 τὸν
2525 751 2655 803 υἱὸν
2683 753 2890 807 αὐτοῦ’
2934 755 3029 807 καὶ
3075 755 3302 824 σχίσας
3340 755 3498 821 ξύλα
3522 759 3609 822 εἰς
3658 758 3798 810 ὀλο-

2137 826 2445 893 κάρπωσιν
2467 830 2733 895 ἀναστὰς
2761 831 3072 899 ἐπορεύθη,
3096 834 3192 886 καὶ
3223 828 3408 901 ἦλθεν
3443 834 3540 887 ἐπὶ
3575 834 3682 886 τὸν
3710 834 3806 885 τό·

2140 919 2275 967 πον,
2304 905 2375 957 ὃν
2398 901 2566 959 εἶπεν
2591 906 2750 972 αὐτῷ
2768 911 2801 961 ό
2832 910 2993 975 Θεὸς,
3032 909 3107 978 τῇ
3134 910 3323 979 ἡμέρᾳ
3354 911 3431 980 τῇ
3470 910 3805 980 τρίτῃ.⁹ορα

2138 983 2228 1036 τὸν
2257 984 2630 1059 φιλάνθρωπον
2658 988 2949 1057 Δεσπότην,
2985 990 3101 1053 πῶς
3123 990 3216 1043 καὶ
3256 993 3312 1043 έν
3357 990 3434 1061 τῷ
3477 991 3805 1060 διαστήματι

2141 1062 2420 1131 βασανίζει
2473 1064 2566 1117 τοῦ
2620 1064 2827 1118 δικαίου
2882 1067 2979 1137 τὴν
3030 1068 3255 1139 ἀρετήν.
3303 1070 3586 1139 Ἐννόησον
3625 1069 3683 1122 δὲ
3711 1070 3805 1123 καὶ

2138 1140 2229 1193 τὸν
2248 1142 2464 1220 ,δίκαιον
2484 1143 2535 1196 τί
2564 1144 2709 1207 εἰκὸς
2741 1141 2809 1215 ἦν
2837 1145 3128 1216 ὑπομένειν
3157 1151 3277 1211 ταῖς
3298 1149 3472 1218 τρισὶν
3499 1147 3736 1220 ἡμέραις
3750 1160 3802 1215 ⁸,

2138 1219 2299 1272 αὐτὸν
2346 1220 2465 1273 καθ’
2505 1222 2695 1275 ἐαυτὸν
2738 1225 2834 1292 μὲν
2897 1224 3350 1297 ἀναλογιζόμενον
3388 1226 3448 1279 τὸ
3500 1219 3802 1295 ἐπίταγμα,

2138 1298 2233 1374 καὶ
2280 1298 2361 1351 ὃτι
2390 1298 2551 1361 αὐτὸς
2585 1300 2768 1369 μέλλει
2789 1304 2908 1364 ταῖς
2937 1303 3166 1366 οἰκείαις
3194 1304 3351 1374 χερσὶ
3391 1303 3483 1358 τὸν
3531 1302 3674 1356 οὕτω
3704 1319 3804 1356 πο-

2140 1373 2399 1444 θούμενον
2428 1378 2651 1443 σφάζειν
2693 1380 2807 1432 υἱὸν
2851 1373 3272 1453 ἐνθυμούμενον,
3306 1382 3481 1436 οὐδενὶ
3501 1381 3557 1434 δέ
3582 1380 3645 1434 τὸ
3671 1381 3805 1451 πρᾶ-

2142 1470 2257 1521 γμα
2282 1454 2651 1532 κοινώσασθαι
2680 1457 2892 1528 ἔχοντα⁹
2923 1461 3018 1513 καὶ
3044 1460 3431 1531 καταπλάγηθι
3450 1461 3550 1532 τὴν
3578 1458 3802 1530 γνώμην

2138 1531 2302 1584 αὐτοῦ
2332 1533 2429 1601 τὴν
2459 1532 2703 1599 φιλόθεον
2745 1538 2840 1589 καὶ
2877 1537 2978 1607 τὴν
3020 1538 3253 1591 σύνεσιν.
3285 1531 3515 1608 Ἔπειδῆ
3555 1537 3662 1608 γάρ
3686 1537 3802 1608 ᾔδει

2136 1610 2197 1661 τὸ
2228 1609 2455 1679 μέγεθος
2483 1609 2576 1662 τοῦ
2614 1612 3003 1683 ἐπιτάγματος,
3034 1616 3208 1670 οὐδενί
3238 1615 3374 1679 ὅλως
3400 1616 3558 1669 τοῦτο
3605 1620 3803 1686 γνώρι-

2141 1705 2237 1757 μον
2270 1690 2429 1745 ποιεῖ,
2457 1687 2578 1740 οὐτε
2604 1692 2714 1751 τοῖς
2744 1692 2951 1755 παισὶν,
2999 1690 3122 1746 οὔτε
3149 1693 3296 1763 αὐτῷ
3321 1692 3399 1764 τῷ
3432 1695 3636 1758 Ἰσαὰκ,
3668 1693 3803 1748 ἀλλά

2141 1767 2298 1843 μόνος
2331 1766 2453 1819 καθ’
2509 1768 2698 1820 ἑαυτὸν
2737 1769 2826 1821 τὸν
2873 1771 3062 1839 ἀγῶνα
3108 1771 3297 1827 τοῦτον
3336 1773 3653 1843 ἠγωνίζετο,
3710 1773 3803 1827 καὶ

2137 1842 2386 1922 καθάπερ
2437 1843 2647 1915 ἀδάμας
2699 1863 2783 1910 τις
2822 1847 2994 1912 οὕτως
3021 1842 3462 1919 ἀκαταγώνιστος
3489 1850 3668 1922 ἔμενε,
3700 1850 3800 1922 τὴν

2137 1921 2385 1991 ἀνδρείαν
2428 1923 2535 1976 τῶν
2562 1924 2834 1995 λογισμῶν
2869 1928 3337 2000 ἐπιδεικνύμενος,
3370 1928 3491 1982 οὐδέ
3522 1921 3802 2000 πολυπρα-

2137 2001 2373 2069 γμονῶν,
2399 2000 2514 2054 ἀλλ’
2543 2002 2709 2055 εἴκων
2745 2005 2884 2070 μετά
2914 2007 3107 2061 πολλοῦ
3127 2006 3221 2060 τοῦ
3249 2008 3414 2061 πόθου
3443 2006 3520 2078 τῷ
3544 2011 3640 2060 τοῦ
3664 2005 3800 2060 Θεοῦ

2135 2078 2383 2148 νεύματι.
2418 2080 2527 2133 Καὶ
2560 2081 2745 2151 ἐπειδὴ
2778 2085 2908 2155 περὶ¹
2932 2086 3025 2138 τὸν
3047 2088 3209 2141 τόπον
3239 2086 3491 2156 ἔφθασεν.
3531 2084 3801 2140 Ἀναϐλέ-

2136 2161 2277 2226 ψας,
2321 2160 2504 2231 φησὶν,
2547 2162 2792 2232 Ἀϐραὰμ
2816 2163 2942 2231 τοῖς
2970 2167 3297 2236 ὀφθαλμοῖς
3314 2166 3521 2232 αὑτοῦ,
3543 2163 3664 2221 εἶδε
3693 2165 3802 2221 τὸν

2135 2240 2322 2291 τόπον
2384 2240 2704 2308 μακρόθεν,
2772 2242 2873 2295 καί
2942 2241 3074 2298 εἰπε
3133 2246 3257 2312 τοῖς
3307 2244 3521 2299 παισίν
3571 2245 3757 2299 αὐτοῦ
3782 2262 3797 2277 ·

2135 2318 2430 2371 Καθίσατε
2472 2319 2658 2373 αὐτοῦ
2708 2321 2860 2390 μετὰ
2912 2321 3024 2390 τῆς
3072 2322 3237 2378 ὄνου.
3275 2323 3417 2394 Ὅρα
3449 2322 3542 2376 καὶ
3568 2320 3801 2376 ἐνταῦθα

2134 2395 2228 2449 τοῦ
2276 2395 2483 2450 δικαίου
2550 2397 2643 2469 τὴν
2697 2399 2893 2472 πολλὴν
2959 2399 3191 2455 σύνεσιν·
3248 2400 3342 2455 καὶ
3422 2401 3547 2463 τοὺς
3607 2399 3800 2462 παῖδας

2134 2473 2314 2527 λαθεῖν
2370 2475 2636 2544 ἐϐούλετο,
2691 2478 2782 2532 διὰ
2839 2478 3057 2533 πάντων
3113 2480 3324 2542 δεικνὺς
3379 2479 3460 2532 δτι
3504 2477 3639 2549 μετά
3669 2493 3803 2548 προ-

2137 2550 2334 2616 θυμίας
2358 2554 2583 2622 ζεούσης
2612 2555 2706 2609 καὶ
2749 2556 3137 2628 ἐπιτεταμένου
3169 2558 3331 2609 πόθου
3362 2554 3601 2627 πληροῦν
3638 2555 3801 2608 ἐϐούο

2134 2633 2256 2686 λετο
2280 2634 2342 2687 τὸ
2369 2634 2446 2704 τῷ
2474 2632 2592 2703 Θεῷ
2619 2633 2829 2689 δοκοῦν.
2874 2635 3086 2705 Ἐπειδὴ
3110 2635 3217 2706 γάρ
3241 2635 3473 2705 ᾕδει,ὃτι
3492 2634 3677 2687 καινὸν
3699 2637 3801 2689 καλ⁵
3866 2690 3871 2694 ,

2140 2711 2443 2782 παράδοξον
2496 2708 2585 2782 ἦν,
2625 2713 2719 2766 καὶ
2745 2714 2807 2766 οὐ
2854 2715 3118 2785 πρότερον
3148 2713 3237 2782 ὐφ’
3267 2712 3458 2784 ἐτέρου
3484 2711 3710 2780 γεγονὸς
3733 2714 3801 2767 τὸ

2137 2790 2266 2863 παρ’
2299 2790 2465 2844 αὐτοῦ
2498 2791 2691 2861 μέλλον
2740 2792 3002 2859 γίνεσθαι,
3033 2791 3263 2863 κρύπτει
3287 2793 3414 2855 τοὺς
3454 2791 3647 2854 παῖδας
3695 2792 3791 2845 καὶ

2139 2868 2447 2921 καταλιπὼν
2489 2871 2683 2933 αὐτοὺς
2739 2870 2878 2941 μετά
2917 2872 3016 2943 τῆς
3056 2871 3211 2935 δνου,
3257 2870 3439 2941 φησίν·
3494 2870 3796 2925 Ἐνταῦθα

2134 2948 2509 3024 ἀναμείνατε,
2538 2948 2652 3019 ἐγὼ
2679 2949 2747 3003 δὲ
2776 2950 2901 3024 ,καί
2939 2951 3005 3005 τὸ
3036 2950 3346 3019 παιδάριον
3374 2948 3799 3019 διελευσόμεθα

2134 3026 2243 3093 ἕως
2266 3021 2401 3089 ὦδε,
2448 3028 2546 3083 καί
2594 3021 3135 3096 προσκυνήσαντες
3179 3027 3611 3099 ἀνακάμψομεν
3650 3027 3798 3096 πρὸς

2135 3105 2310 3174 ὑμᾶς.
2348 3108 2463 3161 Οὐκ
2519 3107 2674 3170 εἰδὼς
2718 3108 2798 3162 ὅτι
2836 3108 2995 3161 τοῦτο
3026 3108 3196 3173 ἔσται,
3227 3108 3255 3161 ὃ
3282 3106 3483 3177 ἔλεγεν,
3511 3106 3644 3162 ἀλλά
3671 3123 3798 3177 προ·

2135 3187 2401 3256 εφήτευσε
2434 3186 2560 3255 μὲν,
2591 3185 2722 3248 ίσως
2746 3186 2903 3239 τοῦτο
2930 3185 3363 3254 ἀγνοῶν.”Ελεγε
3390 3186 3447 3239 δέ
3477 3188 3590 3249 τοῖς
3617 3185 3794 3243 παισὶ.

2133 3264 2274 3335 τάχα
2304 3263 2587 3327 ἐξαπατῶν
2615 3263 2811 3327 αὐτοὺς
2865 3264 2960 3316 καὶ
3005 3263 3442 3333 παρασκευάζων
3485 3263 3668 3317 αὐτόθι
3699 3262 3798 3330 μὲ-

2136 3358 2283 3395 νειν·
2329 3341 2422 3394 καὶ
2468 3341 2650 3394 λοιπὸν
2695 3337 2763 3412 ἦν
2818 3344 2846 3395 6
2894 3343 3237 3414 πατριάρχης
3287 3344 3426 3415 μετά
3463 3342 3556 3397 τοῦ
3585 3341 3792 3405 παιδός.

2140 3422 2351 3474 Ἕλαϐε
2380 3419 2448 3472 δὲ
2484 3420 2725 3487 Ἀϐραὰμ
2756 3419 2828 3475 τὰ
2856 3420 3012 3485 ξύλα
3048 3421 3158 3490 τῆς
3190 3421 3674 3490 όλοκαρπώσεως,
3697 3419 3796 3475 καὶ

2134 3498 2427 3565 ἐπέθηκεν
2461 3497 2658 3552 Ἰσαὰκ
2679 3497 2760 3563 τῷ
2785 3499 2892 3565 υἱῷ
2917 3501 3123 3555 αὐτοῦ.
3158 3503 3373 3555 Ἔλαϐε
3398 3501 3465 3555 δὲ
3492 3501 3642 3569 μετὰ
3673 3499 3795 3570 χεῖ-

2126 3595 2242 3646 ρας
2272 3579 2335 3631 τὸ
2360 3573 2481 3646 πῦρ
2504 3577 2598 3631 καί
2638 3577 2752 3645 τὴν
2783 3577 3105 3649 μάχαιραν,
3159 3580 3256 3635 καί
3303 3581 3716 3649 ἐπορεύθησαν
3740 3580 3796 3632 οἰ

2135 3658 2244 3711 δύο
2271 3656 2483 3725 ᾶμα.Ὠ
2509 3655 2684 3727 ψυχῆς
2711 3657 2963 3728 ἀνδρείαί
2994 3659 3039 3711 ὢ
3088 3660 3431 3731 φρονήματος
3461 3657 3790 3729 στερρότηςῑ

2148 3738 2453 3805 Ἐπέθηκε,
2480 3738 2633 3807 φησὶ,
2666 3736 2744 3803 τῷ
2786 3737 2996 3793 Ἰσαὰκ
3027 3740 3104 3794 τὰ
3121 3740 3278 3805 ξύλα
3317 3738 3425 3807 τῆς
3458 3735 3795 3805 όλοκαρπώρ

2135 3832 2308 3883 σεως’
2338 3816 2498 3881 αὐτὸς
2526 3816 2582 3870 δὲ
2629 3817 2729 3889 τὴν
2789 3819 3060 3889 μάχαιραν
3098 3820 3193 3873 καὶ
3235 3818 3296 3873 τὸ
3332 3818 3443 3889 πῦρ
3487 3816 3667 3878 ἔλαϐε,
3699 3817 3794 3870 καὶ

2136 3895 2456 3967 ἐπορεύοντο
2484 3897 2533 3949 οἰ
2578 3896 2670 3950 δύο
2712 3897 2846 3967 ἃμα.
2879 3898 3059 3961 Ποίοις
3086 3898 3382 3967 ὀφθαλμοῖς
3409 3894 3555 3966 ἐώρα
3582 3895 3642 3948 τὸ
3667 3910 3795 3948 παι-

2134 3972 2243 4026 δίον
2269 3976 2335 4027 τά
2364 3974 2492 4039 ξύλα
2520 3975 2931 4044 ἐπιφερόμενον,
2958 3973 3105 4047 [476]
3137 3970 3216 4038 οἷς
3245 3974 3468 4044 ἔμελλεν
3488 3974 3652 4027 αὐτὸν
3675 3974 3793 4043 μετ’

2134 4054 2196 4105 οὐ
2225 4053 2356 4104 πολὺ
2388 4052 2628 4105 ἐπιθύειν
2658 4053 2722 4117 b;
2761 4053 2876 4115 πῶς
2905 4055 2937 4123 ή
2967 4053 3088 4123 χεὶρ
3130 4054 3312 4125 φέρειν
3346 4052 3576 4122 ἠδύνατο
3594 4054 3654 4106 τὸ
3684 4048 3794 4124 πῦρ

2135 4131 2229 4182 καὶ
2254 4129 2355 4198 τὴν
2397 4129 2699 4199 μάχαιραν;
2738 4130 2847 4181 Καὶ
2874 4132 2907 4198 ἠ
2942 4130 3039 4199 μὲν
3081 4131 3200 4200 χείρ
3247 4128 3546 4199 ἐπεφέρετο
3584 4129 3645 4181 τὸ
3677 4130 3791 4201 πῦρ

2133 4208 2194 4260 τὺ
2219 4207 2493 4276 αἰσθητὸν,
2521 4207 2583 4259 τὺ
2637 4206 2694 4259 δέ
2722 4206 2933 4260 ἔνδοθεν
2964 4207 3075 4278 πῦρ
3102 4207 3433 4276 κατέφλεγεν
3485 4206 3652 4260 αὐτοῦ
3690 4211 3787 4280 τὴν

2133 4286 2389 4349 διάνοιαν,
2431 4286 2525 4338 καὶ
2574 4284 2815 4338 ἐδαπάνα
2848 4286 2940 4339 τὸν
2982 4285 3262 4355 λογισμὸν,
3313 4284 3497 4339 πεῖθον
3526 4287 3685 4357 νικᾷν
3713 4285 3789 4357 τῷ

2135 4364 2273 4435 πρὸς
2295 4364 2387 4416 τὸν
2415 4362 2548 4415 Θεὸν
2578 4361 2747 4432 πόθῳ,
2777 4363 2872 4416 καί
2903 4364 3320 4435 παρασκευάζον
3339 4363 3672 4432 λογίζεσθαι,
3705 4366 3787 4420 ὅτι

2134 4443 2287 4515 όῆδη
2323 4439 2624 4513 παρασχὼν
2673 4443 2767 4495 καὶ
2814 4442 2952 4513 ὑπὲρ
2995 4442 3156 4511 φύσιν
3201 4443 3549 4516 ἀνθρωπίνην
3577 4445 3788 4515 πατέρα

2134 4521 2389 4591 γενέσθαι
2420 4521 2841 4592 παρασκευάσας
2871 4522 3157 4591 δυνήσεται
3184 4522 3278 4576 καὶ
3306 4522 3400 4577 νῦν
3426 4521 3495 4576 τά
3526 4521 3784 4593 ὑπερϐαί-

2134 4619 2293 4657 νοντα
2319 4601 2410 4654 τὸν
2439 4599 2777 4671 ἀνθρώπινον
2821 4600 3078 4670 λογισμὸν
3112 4600 3468 4672 ἐργάσασθαι.
3510 4601 3645 4654 Ἀλλ’
3685 4601 3787 4670 δρα

2136 4699 2227 4753 μοι
2256 4680 2440 4734 λοιπὸν
2470 4680 2577 4751 πρὸ
2628 4679 2721 4732 τοῦ
2773 4678 3028 4751 αἰσθητοῦ
3062 4679 3232 4750 πυρὸς
3261 4680 3358 4751 τὴν
3413 4680 3618 4735 ἔνδοθεν
3646 4678 3785 4733 κατά

2138 4760 2331 4832 μικρὸν
2358 4757 2729 4829 ἐξαπτομένην
2758 4757 2983 4829 κάμινον
3012 4759 3105 4812 καὶ
3134 4757 3431 4827 φλέγουσαν
3456 4757 3548 4810 τοῦ
3576 4757 3783 4811 δικαίου

2133 4839 2229 4910 τὴν
2253 4839 2447 4909 ψυχήν.
2472 4834 2616 4890 Εἰπε
2645 4836 2732 4899 δὲ,
2765 4837 2950 4908 φησὶν,
2988 4836 3184 4891 Ἰσαὰκ
3215 4836 3361 4904 πρὸς
3402 4834 3646 4904 Ἀϐραὰμ
3680 4835 3788 4890 τὸν

2135 4919 2357 4986 πατέρα
2397 4915 2602 4971 αὑτοῦ·
2659 4915 2869 4985 Πάτερ.
2912 4916 3115 4972 Ἱκανὸν
3140 4916 3202 4970 τὸ
3230 4915 3379 4986 ῥῆμα
3406 4914 3514 4968 τῶν
3546 4914 3787 4984 σπλάγχ-

2134 5015 2239 5052 νων
2270 4996 2448 5051 αὐτῶν
2473 4994 2567 5049 τοῦ
2582 4995 2791 5048 δικαίου
2808 4997 3171 5067 καθάψασθαι.
3189 4997 3252 5049 '0
3273 4994 3340 5048 δὲ
3365 4992 3521 5048 εἶπε·
3550 4995 3610 5047 Τί
3630 4994 3784 5057 ἐστι,

2134 5078 2383 5139 τέκνον;
2410 5074 2628 5145 Πατέρα
2650 5074 2832 5138 καλεῖς
2857 5076 2949 5128 τὸν
2978 5075 3115 5145 μετὰ
3149 5072 3342 5144 μικρὸν
3366 5071 3568 5126 άπαιδα
3596 5071 3787 5143 ἐσόμε-

2134 5172 2243 5219 νον,
2261 5151 2417 5223 κάγὼ
2436 5153 2622 5206 τέκνον
2642 5152 3030 5224 προσαγορεύω
3048 5152 3140 5204 τὸν
3154 5151 3271 5220 μετ’
3290 5150 3350 5203 οὐ
3369 5150 3499 5203 πολὺ
3529 5150 3785 5219 μέλλοντα

2133 5235 2226 5287 ἐπὶ
2243 5233 2332 5286 τὸν
2364 5231 2544 5303 βωμὸν
2572 5232 2798 5296 ἀνιέναι,
2828 5233 2921 5285 καὶ
2947 5231 3005 5284 δν
3024 5232 3143 5293 ταῖς
3165 5228 3392 5293 οἰκείαις
3420 5228 3578 5299 χερσὶ¹
3608 5228 3785 5298 μέλλω

2135 5313 2376 5383 σφάξειν.
2410 5308 2591 5364 Εἷταὸ
2621 5314 2749 5375 παῖς
2794 5322 2991 5381 φησιν’
3052 5306 3198 5362 Ἰδοὺ
3240 5306 3307 5361 τὸ
3356 5306 3475 5374 πῦρ
3527 5306 3781 5379 ἐπιφέρῃ,

2134 5390 2288 5461 κάγὼ
2314 5390 2387 5445 τὰ
2407 5390 2596 5455 ξύλα·
2640 5388 2742 5442 ποῦ
2787 5388 2903 5441 ἐστι
2943 5388 3003 5441 τὸ
3031 5386 3178 5457 θῦμα
3210 5385 3271 5438 τὸ
3302 5383 3489 5455 μέλλον
3519 5384 3784 5455 προσάγε-

2134 5470 2286 5535 σθαι;
2310 5468 2434 5522 Ποῦ
2458 5467 2591 5521 ἔστι
2615 5467 2678 5520 τὸ
2697 5468 2992 5534 πρόϐατον
3011 5466 3077 5519 τὸ
3093 5467 3178 5533 είς
3202 5462 3315 5531 τὴν
3335 5462 3782 5531 ὀλοκάρπωσινς

2144 5547 2342 5603 Ἐννόει
2373 5563 2462 5617 μοι
2517 5542 2747 5599 ἐνταῦθα
2800 5543 2893 5598 τοῦ
2939 5542 3146 5597 δικαίου
3202 5542 3302 5611 τὴν
3357 5540 3585 5610 βάσανον
3607 5559 3619 5571 ·
3666 5540 3782 5606 πῶς

2132 5625 2330 5697 ὴνεγκε
2357 5625 2455 5696 τὴν
2482 5624 2672 5694 ἀκοὴν,
2704 5623 2821 5687 πῶς
2849 5625 3033 5693 ῐσχυσε
3072 5619 3470 5692 ἀποκρίνασθαι
3506 5620 3583 5688 τῷ
3611 5619 3781 5683 παιδὶ,

2197 5718 2221 5745 ⁸
2247 5711 2396 5774 Savjl.
2425 5716 2479 5760 el
2495 5711 2821 5774 quidammsu:
2848 5710 2934 5774 ὅρα
2954 5709 3054 5774 πῶς
3068 5707 3150 5774 καὶ
3174 5707 3221 5755 ἐν
3239 5707 3307 5774 τῷ
3329 5706 3613 5774 διαστήματι
3635 5707 3784 5774 βασα-

2142 5774 2253 5829 νίζει
2279 5770 2363 5821 τοῦ
2386 5766 2670 5833 δικαίουγτήν
2691 5771 2858 5833 ἀρετ-ἠν
2878 5766 2904 5818 ὃ
2930 5766 3520 5833 φιλάνθρωποςῌΔεσπὰι-ης.
3535 5766 3784 5833 Ἐννόησον

2142 5824 2231 5897 γὰρ
2249 5835 2295 5882 τί
2324 5835 2547 5897 ὑπέμενεν
2572 5832 2619 5879 ἐν
2634 5824 2765 5894 ’τρισὶ
2785 5824 2904 5897 νῦεὶν
2921 5824 2949 5879 6
2971 5824 3147 5885 δίκαιος
3169 5830 3358 5888 ἐκεῖνος,
3379 5833 3427 5877 el
3452 5835 3629 5877 cetera
3649 5824 3782 5879 simi-

2141 5891 2259 5956 Ῐὶιὲι·
2280 5891 2474 5956 paulum
2493 5891 2689 5941 inverso
2714 5891 2905 5956 prdine,

2200 5955 2228 5995 ιν
2252 5951 2475 6015 Quinque
2495 5966 2605 6002 mss.
2629 5953 2730 6013 μετ’
2749 5952 2804 6000 οὐ
2824 5952 2947 6001 πολὺ
2966 5951 3215 6006 ἐπιθήσειν.
