4072 6216
279 301 381 355 429

275 414 646 484 promissionis
684 422 738 468 et
769 423 1044 482 postquam
1071 410 1204 465 dixit
1236 428 1248 464 :
1283 409 1348 464 In
1374 412 1464 465 illo
1493 409 1746 463 vocabitur
1771 409 1860 462 tibi

271 521 440 559 semen
465 545 480 568 ,
524 516 578 560 et
622 504 709 558 ille
745 503 844 558 erit
887 515 1164 556 successor
1190 509 1308 555 tuus
1337 519 1350 555 :
1383 499 1506 554 Post
1530 501 1676 554 verba
1709 502 1815 553 lucc

272 598 494 651 tentabat
519 595 655 650 Deus
683 595 958 650 Abraham.
985 593 1122 660 Quid
1147 601 1249 660 est,
1278 592 1523 648 Tentabat
1543 593 1696 648 ?Non
1719 611 1864 664 quo“

273 691 388 759 ipse
417 691 711 760 ignoraret,
749 688 1039 742 tentatione
1067 686 1209 740 illum
1241 685 1513 754 probavit,
1541 686 1632 740 sed
1664 695 1720 740 ut
1747 697 1796 740 et
1826 687 1858 740 ii

277 781 362 849 qui
387 789 513 834 tunc
532 788 700 841 erant,
725 790 778 832 et
796 776 884 846 qui
908 777 1055 832 abeo
1079 785 1316 846 tempore
1341 791 1505 847 usque
1530 777 1595 830 ad
1626 791 1860 845 presens

277 873 437 927 l'uturi
481 881 640 937 sunt,
687 871 825 925 istud
866 872 1037 939 ipsum
1086 869 1400 938 patriarcluc
1443 868 1765 923 desiderium
1808 877 1862 923 et

275 964 628 1018 obedientiam
677 959 726 1017 in
763 963 1044 1033 pra-ceptis
1073 962 1353 1016 dominicis
1381 977 1488 1029 pra:
1517 975 1573 1015 se
1605 959 1745 1015 ferre
1774 959 1856 1014 di-

275 1065 447 1110 scant.
482 1055 547 1109 Et
578 1058 727 1122 dixit,
753 1057 954 1125 inquit,
985 1056 1054 1107 ad
1073 1051 1188 1109 eum
1210 1071 1229 1108 :
1259 1055 1510 1107 Abraham
1537 1096 1550 1118 ,
1583 1055 1855 1108 Abraham.

274 1148 339 1202 At
385 1149 469 1202 ille
509 1149 634 1204 dixit
662 1165 680 1204 :
711 1148 842 1202 Ecce
870 1165 981 1219 ego.
1015 1147 1149 1215 Quid
1178 1147 1277 1202 sibi
1305 1150 1416 1202 vult
1443 1148 1589 1202 verbi
1616 1147 1858 1217 dUplica-

275 1240 396 1295 tio?
426 1241 627 1312 Magna:
650 1241 1032 1295 benevolentia:
1054 1256 1177 1310 erga
1205 1241 1557 1310 patriarcbam
1580 1255 1863 1310 argumen-

279 1343 387 1388 tum
419 1344 520 1398 est,
551 1343 605 1388 et
629 1333 956 1388 monstrabat
981 1333 1029 1388 ei
1060 1333 1335 1388 vocatione
1360 1332 1494 1402 ipsa,
1529 1347 1586 1386 se
1613 1347 1859 1401 magnum

275 1425 470 1494 aliquid
497 1435 884 1495 praecepturum
911 1439 1049 1480 esse.
1075 1423 1142 1480 Ut
1171 1425 1328 1494 igitur
1355 1425 1498 1477 illum
1523 1422 1859 1477 attentiorem

276 1515 544 1583 redderet,
574 1518 901 1571 vocationem
933 1516 1233 1586 geminabat
1253 1557 1267 1581 ,
1301 1525 1352 1570 et
1379 1515 1511 1569 dixit
1541 1532 1552 1567 :
1584 1515 1858 1577 Abraham,

277 1607 549 1661 Abraham.
581 1606 683 1661 Ille
701 1617 866 1661 autem
892 1608 1018 1660 dixit
1043 1625 1061 1660 :
1091 1607 1222 1660 Ecce
1260 1623 1370 1676 ego.
1393 1605 1447 1660 ‘2.
1473 1605 1538 1659 Et
1562 1605 1688 1659 dixit
1714 1623 1726 1658 :
1760 1605 1861 1658 Ac-

277 1696 388 1767 cipe
406 1699 568 1766 ﬁlium
593 1708 733 1751 tuum
763 1698 1021 1760 dilectum,
1044 1713 1188 1766 quem
1209 1696 1448 1757 dilexisti,
1474 1695 1645 1762 Isaae,
1667 1707 1713 1750 et
1740 1697 1863 1750 vade

275 1787 328 1840 in
360 1797 545 1842 terram
579 1788 826 1842 excelsam
847 1829 862 1853 ,
892 1796 937 1841 et
961 1786 1089 1853 offer
1114 1804 1225 1842 eum
1256 1788 1308 1841 in
1336 1787 1682 1842 holocaustum
1709 1805 1863 1858 super

276 1893 434 1930 unum
464 1879 704 1931 montium
728 1919 743 1945 ,
784 1895 929 1945 quem
968 1879 1056 1932 tibi
1098 1879 1292 1932 dixero.
1333 1879 1577 1949 Magnum
1610 1879 1860 1949 praecepti

276 1967 509 2036 pondus,
541 1976 592 2021 et
623 1983 707 2023 res
737 1967 1025 2022 humanam
1054 1968 1434 2022 transcendens
1463 1976 1729 2022 naturam.
1763 1970 1861 2022 Ac-

277 2059 389 2126 cipe
417 2060 577 2126 ftlium
600 2070 740 2113 tuum
769 2060 1008 2114 dilectum
1029 2101 1042 2124 ,
1069 2078 1214 2130 quem
1238 2060 1461 2114 dilexisti
1483 2103 1497 2126 ,
1525 2059 1691 2114 Isaac.
1727 2061 1863 2117 Vide

279 2149 548 2216 quomodo
588 2165 683 2218 per
711 2151 869 2204 verba
913 2151 1008 2205 ista
1051 2150 1306 2219 majorem
1338 2167 1520 2219 rogum
1550 2151 1859 2216 succendit,

277 2246 333 2292 et
362 2239 627 2294 fornacem
653 2241 868 2305 amoris,
900 2256 1005 2310 quo
1028 2241 1201 2308 justus
1232 2241 1281 2294 in
1313 2241 1456 2294 Isaac
1482 2240 1702 2295 allectus
1725 2251 1861 2308 erat,

277 2329 393 2382 vclr
418 2331 646 2385 mentitis
661 2333 879 2386 excitat.
900 2332 1084 2402 Accipe
1102 2332 1263 2399 ﬁlium
1282 2342 1421 2384 tuum
1445 2332 1698 2396 dilectum,
1719 2348 1864 2402 quem

278 2421 520 2490 dilexisti,
553 2421 721 2476 Isaac.
755 2423 1178 2493 Unumquodque
1201 2423 1422 2478 verbum
1451 2439 1544 2492 per
1567 2438 1626 2477 se
1652 2424 1864 2477 suffice-

280 2521 362 2566 ret
381 2513 446 2566 ad
469 2514 804 2568 saueiandam
827 2515 1056 2568 animam
1075 2515 1222 2584 justi.
1247 2514 1360 2568 Non
1383 2514 1525 2570 enim
1548 2513 1864 2584 simpliciter

280 2603 432 2668 dixit,
460 2603 611 2659 Isaac
629 2647 644 2671 ,
673 2605 764 2660 sed
803 2605 1026 2671 addidit,
1058 2605 1249 2659 Filium
1275 2616 1416 2659 tuum
1442 2647 1457 2672 ,
1483 2621 1637 2676 quem
1671 2615 1864 2676 prmler

279 2709 490 2750 omnem
512 2687 960 2765 exspectationem
983 2696 1282 2766 suscepisti,
1302 2707 1356 2751 et
1373 2697 1424 2750 in
1449 2698 1559 2768 ipsa
1584 2705 1862 2752 senectute

281 2784 476 2841 habere
497 2786 733 2855 potuisti,
765 2787 1032 2852 Dilectum,
1063 2787 1469 2843 desiderabilem
1501 2797 1670 2854 tuum,
1703 2804 1860 2856 quem

279 2885 386 2932 tam
431 2878 712 2934 immodice
751 2879 961 2949 diligis,
995 2878 1232 2934 Isaacum
1257 2920 1272 2944 ,
1303 2895 1460 2950 quem
1491 2894 1858 2934 successurum

278 2967 375 3024 tibi
403 2979 701 3038 exspectas,
726 2985 789 3024 ex
816 2985 921 3038 quo
944 2979 998 3024 et
1026 2985 1208 3024 semen
1235 2977 1380 3024 tuum
1405 2969 1859 3040 multiplicandum

279 3060 535 3130 promisi,
567 3069 622 3114 et
650 3060 700 3112 in
734 3068 934 3112 tantum
973 3060 1427 3128 multiplicandum
1457 3101 1472 3124 ,
1505 3069 1560 3114 nt
1587 3061 1859 3114 stellarum

277 3153 599 3207 multitudini
629 3164 682 3209 et
721 3171 897 3210 arenae
933 3172 1052 3226 qua:
1077 3156 1223 3226 juxta
1264 3156 1386 3211 litus
1415 3157 1577 3210 maris
1605 3165 1688 3210 est
1717 3156 1863 3210 adte-

275 3253 488 3313 quetur.
513 3244 660 3300 Illum
696 3247 864 3315 ipsum
892 3247 1094 3318 Accipe,
1117 3257 1163 3301 et
1184 3247 1307 3300 vade
1322 3247 1374 3300 in
1392 3257 1573 3301 terram
1591 3248 1859 3309 excelsam.

275 3348 322 3392 et
351 3337 479 3405 o/fer
512 3356 625 3393 eum
651 3341 719 3392 ibi
746 3341 798 3393 in
834 3341 1178 3394 holocaustum
1207 3356 1358 3409 super
1391 3356 1543 3392 unum
1575 3341 1815 3393 montium
1843 3381 1858 3407 ,

275 3449 418 3500 quem
449 3434 537 3485 tibi
562 3435 746 3486 dicam.
777 3433 1038 3487 Adtuirari
1069 3433 1212 3486 subit
1235 3432 1504 3502 quomodo
1538 3433 1650 3486 haec
1687 3433 1858 3502 iit-tus

275 3523 489 3576 auribus
517 3523 654 3578 ferre
679 3525 925 3594 potuerit.
955 3525 1104 3578 Illum
1135 3524 1276 3578 enim
1305 3525 1496 3593 ipsum,
1530 3524 1720 3594 inquit,
1747 3533 1855 3578 tam

274 3615 682 3671 desiderabilem
727 3617 817 3670 tibi
845 3658 859 3679 ,
897 3616 1030 3670 olier
1059 3616 1190 3671 mihi
1221 3616 1271 3670 in
1303 3617 1667 3671 holocaustum
1694 3631 1858 3685 super

274 3724 441 3761 unum
470 3709 749 3762 montium.
779 3709 914 3775 Quid
947 3709 1104 3778 igitur
1124 3708 1337 3778 justus?
1365 3708 1476 3762 Non
1510 3709 1748 3762 turbatus
1777 3716 1859 3762 est

274 3797 475 3860 animo,
508 3814 613 3852 non
642 3800 891 3852 confusus
917 3809 998 3853 est
1019 3809 1216 3864 mente,
1249 3815 1356 3852 non
1384 3800 1604 3853 consilio
1631 3799 1854 3853 destitu-

275 3896 364 3940 tus
384 3888 553 3942 estad
583 3898 686 3942 tam
715 3890 1031 3958 Stupendum
1065 3899 1406 3958 pratceptum,
1437 3905 1540 3944 non
1569 3891 1852 3960 cogitabat,

275 3994 383 4032 non
425 3981 832 4035 ratiocinabatur
867 3996 1047 4036 secum
1079 4001 1091 4036 :
1120 3981 1256 4047 Quid
1303 3983 1402 4036 hoc
1443 3991 1522 4036 est
1546 3982 1568 4033 ?
1594 3984 1680 4051 qui
1730 3984 1856 4038 mihi

272 4080 469 4139 prater
509 4087 719 4125 otnnem
763 4073 1211 4141 exspectationem
1257 4074 1454 4142 prolem
1495 4074 1712 4143 largitus
1737 4085 1852 4140 est,

272 4164 362 4232 qui
393 4175 605 4234 prop'cr
634 4165 1013 4236 benignitatem
1041 4181 1189 4219 suam
1215 4176 1511 4221 emortuam
1536 4168 1712 4223 Sarra:
1741 4168 1854 4222 vul-

272 4269 391 4307 vatn
421 4257 746 4325 generationi
781 4256 1020 4311 idoneam
1050 4257 1201 4322 fecit,
1235 4273 1372 4311 nunc
1401 4268 1675 4329 postquam
1703 4260 1855 4314 abla~

270 4357 444 4401 elatus
472 4357 555 4402 est
581 4349 718 4403 filius
743 4360 796 4402 et
823 4351 986 4404 crevit
1007 4391 1022 4416 ,
1055 4360 1106 4404 et
1135 4351 1186 4404 in
1217 4350 1348 4405 ﬂore
1374 4351 1545 4405 atatis
1573 4362 1684 4418 est,
1714 4353 1852 4408 lnmc

270 4437 441 4492 occidi
471 4447 524 4493 et
565 4440 614 4492 in
649 4441 1012 4494 holocaustum
1053 4441 1231 4495 offerri
1262 4442 1498 4512 pra-cipit
1528 4461 1541 4496 :
1575 4444 1662 4513 qui
1696 4445 1851 4514 paulo

269 4542 424 4584 antea
453 4529 603 4590 dixit,
633 4529 698 4582 In
726 4531 834 4600 ipso
866 4533 1117 4585 vocabitur
1143 4533 1228 4586 tibi
1258 4550 1444 4599 semen,
1476 4551 1613 4590 nunc
1639 4545 1852 4590 contra-

269 4623 345 4676 ria
379 4621 630 4691 prmtipit.
679 4621 745 4675 Et
791 4622 1056 4691 quomodo
1090 4624 1465 4693 implebantur,
1510 4643 1627 4696 qua:
1675 4629 1742 4680 ab
1785 4642 1850 4682 c0

266 4724 390 4768 Sttni
417 4714 673 4784 promissa
694 4714 848 4780 ‘tQuo
874 4727 1026 4783 pacto
1054 4716 1194 4770 enim
1225 4717 1334 4771 lieri
1364 4727 1558 4787 potest,
1586 4730 1642 4773 ut
1672 4721 1849 4776 radice

273 4820 478 4860 exsecta
529 4807 660 4861 rami
702 4807 1004 4877 pullulent,
1049 4808 1131 4862 vel
1170 4811 1370 4864 succisa
1416 4811 1607 4867 arbore
1649 4813 1849 4868 fructus

271 4903 580 4969 proveniant
604 4941 619 4966 ,
649 4902 729 4955 vel
773 4900 917 4954 fonte
944 4900 1180 4953 art-facto
1209 4900 1348 4956 ﬂuvii
1379 4906 1670 4959 scaturiant
1696 4907 1717 4958 ?
1747 4907 1845 4961 Se-

273 4996 496 5048 cundum
527 4996 754 5051 hominis
777 4997 1032 5050 rationem
1057 4995 1175 5049 talia
1204 4995 1314 5050 fieri
1341 5013 1444 5051 non
1468 5009 1547 5053 est
1575 5001 1844 5068 possibile;

269 5085 379 5139 lteo
405 5097 577 5140 autem
601 5089 809 5141 volente
840 5087 951 5140 fieri
982 5097 1202 5158 possunt
1223 5088 1419 5142 omnia.

336 5176 390 5230 2.
418 5175 679 5230 Cancrum
705 5177 890 5230 borum
923 5177 1050 5232 nihil
1076 5177 1325 5247 cogitavit
1345 5181 1717 5250 secumjustu.
1735 5184 1841 5248 ille,

265 5267 357 5322 sed
375 5268 511 5323 sicut
531 5277 710 5338 gratus
733 5269 978 5331 famulus,
993 5272 1188 5325 omissa
1206 5271 1349 5324 omni
1372 5273 1576 5330 ratione
1594 5274 1842 5341 hmmna,

268 5376 426 5414 unam
457 5369 656 5414 tantum
689 5376 800 5415 rem
827 5362 1061 5425 curabat,
1090 5374 1143 5416 ut
1177 5363 1432 5434 imperata
1462 5381 1623 5435 opere
1653 5353 1842 5436 imple-

265 5461 346 5506 ret
376 5471 389 5506 :
417 5460 472 5506 et
513 5453 662 5522 quasi
699 5451 868 5507 factus
909 5453 976 5506 ab
1015 5453 1240 5509 humana
1283 5465 1470 5510 natura
1516 5457 1722 5513 alienus
1746 5499 1762 5519 ,
1791 5468 1844 5513 et

269 5541 683 5611 postponendam
714 5542 916 5596 ducens
939 5542 1129 5597 divinis
1161 5547 1437 5616 praeceptis
1475 5563 1684 5602 onmem
1717 5548 1844 5602 alie-

267 5635 497 5687 ctionem
528 5641 580 5684 et
607 5632 940 5686 dilectionem
967 5675 981 5696 ,
1009 5633 1074 5687 ad
1103 5635 1366 5706 implenda
1397 5638 1486 5694 Dei
1513 5641 1659 5710 jussa
1690 5640 1841 5694 festi-

267 5724 432 5780 navit.
454 5724 506 5778 5.
540 5723 603 5777 Et
632 5740 744 5778 cum
775 5724 1065 5779 surrexisset
1089 5766 1104 5792 ,
1139 5728 1337 5801 inquit,
1367 5733 1618 5791 Abraham
1657 5749 1835 5801 mane,

1337 298 1400 353 IN
1433 296 1587 352 CAP.
1629 298 1788 356 XXII.
1826 302 2068 362 GENES.
2115 303 2339 364 "OMIL.
2385 309 2590 369 XLVI].

3441 336 3545 390 450

1966 416 2141 467 stravit
2169 419 2363 474 asinam
2399 439 2560 478 suam.
2597 422 2796 498 Accepit
2823 441 2988 488 autem
3029 453 3194 492 secum
3221 441 3353 495 duos
3376 460 3549 498 seri-os

1967 516 2015 560 et
2054 505 2202 563 Isaac
2241 513 2402 578 ﬁlium
2431 532 2578 571 suum
2609 536 2628 574 :
2662 532 2707 574 et
2743 524 2911 578 scissis
2947 527 3095 597 lignis
3123 530 3172 583 in
3199 530 3546 588 holocaustum

1966 614 2078 694 cum
2105 605 2434 672 surrexisset,
2459 615 2712 682 profectus
2736 625 2827 680 est,
2854 629 2900 670 et
2926 620 3054 672 venit
3081 621 3130 674 in
3168 623 3332 678 locum
3351 667 3365 689 ,
3398 644 3545 694 quem

1967 689 2096 744 dixit
2131 694 2177 746 ei
2211 694 2346 750 Deus
2369 739 2383 762 ,
2417 701 2500 753 die
2527 706 2691 758 tertio.
2717 704 2848 762 Vide
2875 709 3191 767 clementem
3217 689 3494 771 Dominum
3528 760 3542 783 ,

1968 784 2233 850 quomodo
2277 795 2331 841 et
2369 788 2650 847 intervallo
2693 795 2795 849 loci
2830 798 2957 865 justi
2999 801 3240 868 probavit
3269 804 3539 860 virtutem.

1967 872 2145 940 Cogita
2173 888 2348 931 autem
2376 881 2500 950 quid
2528 884 2798 952 probabile
2822 888 2892 942 sit
2921 891 3094 945 triduo
3121 893 3210 947 illo
3232 895 3546 950 sustinuisse

1963 961 2163 1032 justum
2197 967 2210 997 ¹
2242 981 2420 1023 secum
2461 983 2791 1041 reputantem
2826 979 2926 1032 sibi
2957 961 3272 1051 przcceptum
3303 999 3420 1040 esse
3444 1027 3458 1050 ,
3492 996 3546 1039 ut

1965 1054 2075 1108 Suis
2098 1059 2339 1114 manibus
2358 1069 2460 1114 tam
2482 1063 2732 1120 dilectum
2756 1067 2920 1123 lilittm
2941 1071 3225 1137 occideret,
3247 1089 3417 1143 neque
3435 1092 3545 1130 rem

1968 1148 2060 1202 ulli
2093 1155 2511 1210 communicaret
2539 1167 2591 1211 et
2629 1157 2939 1229 detegeret;
2976 1173 3028 1216 et
3056 1164 3371 1234 obstupesce
3397 1168 3540 1236 pium

1968 1243 2378 1314 religiosntuque
2424 1263 2487 1303 ac
2530 1251 2841 1319 prudentem
2887 1256 3047 1323 ipsius
3101 1259 3356 1312 animum.
3413 1260 3544 1328 Quia

1968 1337 2109 1388 enim
2142 1337 2341 1391 sciebat
2371 1342 2782 1409 magnitudinem
2815 1348 3083 1416 prmeepti,
3104 1351 3298 1404 nemini
3329 1366 3546 1419 prorsus

1971 1426 2069 1481 hoc
2095 1429 2410 1499 signiﬁcavit
2429 1474 2442 1495 ,
2473 1450 2642 1504 neque
2670 1438 2873 1504 pueris,
2905 1454 3079 1510 neque
3109 1441 3207 1510 ipsi
3242 1442 3384 1497 Isaac
3409 1462 3422 1498 :
3451 1444 3543 1499 sed

1968 1519 2113 1574 Solus
2141 1535 2320 1576 secum
2351 1539 2575 1593 agonem
2610 1526 2754 1580 illum
2785 1529 3084 1584 decertabat
3114 1573 3127 1595 ,
3159 1542 3210 1585 et
3239 1535 3385 1601 quasi
3417 1534 3546 1587 ada-

1967 1625 2082 1663 mas
2121 1612 2331 1679 qttidatn
2373 1616 2620 1670 manebat
2659 1617 2917 1684 invictus,
2961 1620 3124 1674 robur
3169 1624 3543 1691 cogitationum

1968 1707 2171 1755 tantum
2197 1704 2453 1758 exhibens
2473 1747 2487 1769 ,
2517 1716 2566 1760 et
2596 1723 2700 1772 nop
2730 1709 2886 1762 multa
2915 1721 3180 1776 causatus,
3211 1727 3401 1782 magno
3426 1729 3544 1768 cum

1967 1792 2232 1847 desiderio
2261 1793 2659 1864 obtemperabat
2685 1801 2830 1852 ntttui
2854 1800 3049 1854 divino.
3084 1803 3146 1854 Et
3174 1812 3450 1874 postquam
3479 1806 3542 1859 ad

1966 1883 2138 1939 locum
2183 1887 2329 1942 illum
2373 1891 2648 1957 pervenit,
2675 1892 2729 1946 4.
2763 1891 2988 1947 Sublatis
3011 1935 3024 1957 ,
3055 1894 3260 1964 inquit,
3294 1895 3548 1950 Abraham

1967 1979 2126 2032 oculis
2154 1980 2260 2033 suis
2284 1980 2406 2033 vidit
2433 1983 2598 2035 locum
2629 1999 2659 2034 a
2693 1983 2874 2054 longe,
2906 1986 2956 2039 5.
2990 1995 3033 2039 et
3065 1985 3191 2039 dixit
3231 1989 3383 2040 servis
3408 1988 3512 2040 suis
3531 2001 3550 2040 .°

1970 2072 2153 2126 Sedete
2185 2073 2266 2126 hic
2301 2090 2415 2126 cum
2450 2077 2614 2129 asina.
2645 2076 2778 2132 Vide
2800 2088 2852 2132 ct
2884 2077 2969 2132 bic
2992 2079 3120 2147 justi
3148 2094 3390 2149 magnam
3422 2097 3546 2148 pru-

1968 2162 2201 2217 dentiam
2229 2181 2241 2216 :
2270 2164 2427 2218 etiam
2459 2166 2627 2220 servis
2652 2167 2761 2221 vult
2789 2181 2909 2222 esse
2939 2168 3180 2223 occultus
3203 2210 3218 2234 ,
3250 2185 3342 2238 per
3370 2173 3547 2225 omnia

1968 2253 2245 2308 declarans
2269 2270 2326 2309 se
2346 2270 2466 2310 cum
2497 2255 2716 2311 ferventi
2742 2258 3012 2312 alacritate
3033 2268 3086 2313 et
3114 2259 3315 2314 intento
3337 2260 3546 2315 deside-

1968 2346 2048 2398 rio
2070 2346 2291 2414 implere
2311 2348 2444 2402 velle
2465 2347 2605 2413 quod
2627 2349 2734 2403 Deo
2756 2349 3094 2418 probabatur.
3119 2349 3250 2404 Nam
3275 2350 3394 2420 quia
3417 2352 3549 2405 scie-

1970 2436 2059 2490 bat
2086 2451 2276 2490 novtnu
2309 2447 2362 2490 et
2395 2438 2684 2494 inauditum
2714 2455 2834 2494 esse
2869 2440 2918 2493 id
2949 2440 3088 2509 quod
3112 2439 3180 2494 ab
3207 2440 3322 2508 ipso
3349 2439 3548 2494 facien-

1967 2527 2092 2582 dum
2115 2537 2247 2593 erat,
2272 2543 2443 2597 neque
2463 2530 2530 2583 ab
2549 2530 2657 2583 ullo
2674 2545 2920 2599 umquam
2949 2530 3052 2584 tale
3073 2531 3322 2600 quiddam
3351 2530 3544 2584 factum

1969 2620 2132 2675 fuisse
2160 2631 2314 2674 antea
2338 2663 2352 2685 ,
2381 2636 2494 2676 rem
2521 2622 2694 2676 servis
2723 2623 2973 2676 occultat.
3005 2622 3064 2676 Et
3093 2621 3295 2676 relictis
3323 2624 3399 2676 eis
3425 2637 3544 2675 cum

1967 2713 2136 2776 asina,
2171 2713 2338 2783 inquit
2371 2731 2384 2766 :
2411 2713 2464 2767 5.
2497 2711 2596 2765 Hic
2615 2720 2895 2782 exspectate
2915 2728 2933 2765 :
2951 2728 3042 2782 ego
3063 2712 3196 2766 enim
3224 2721 3270 2765 et
3293 2728 3414 2781 puer
3433 2728 3546 2763 am-

1968 2802 2250 2857 bulabimus
2280 2819 2432 2872 usque
2454 2804 2597 2868 illuc,
2619 2812 2665 2856 et
2689 2819 2803 2856 cum
2827 2803 3223 2866 adoraverimus,
3249 2813 3548 2855 revertemur

1969 2897 2037 2950 ad
2065 2913 2170 2950 vos.
2204 2895 2460 2966 Ignorans
2487 2895 2717 2950 futurum
2747 2910 2866 2949 esse
2897 2894 2944 2948 id
2977 2894 3118 2963 quod
3159 2893 3368 2948 dicebat
3395 2935 3409 2958 ,
3451 2892 3544 2947 sed

1971 2987 2312 3058 pr0phetavit
2338 2986 2549 3056 quidem
2575 3027 2590 3050 ,
2623 2986 2871 3056 ignorans
2897 2993 3069 3040 tamen
3103 2983 3359 3037 fortassis.
3397 2983 3546 3037 Dice-

1969 3078 2058 3132 bat
2086 3086 2261 3131 autem
2295 3077 2408 3130 lure
2433 3076 2597 3131 servis
2623 3115 2638 3141 ,
2670 3075 2804 3130 forte
2835 3085 2891 3128 ttt
2920 3075 3213 3144 imponeret
3239 3073 3317 3127 eis
3338 3112 3352 3137 ,
3383 3082 3436 3126 et
3466 3072 3545 3126 fa-

1969 3178 2116 3224 ceret
2144 3178 2200 3223 ut
2239 3169 2307 3222 ibi
2351 3175 2627 3222 manentes
2655 3182 2760 3222 non
2788 3174 3136 3235 sequerentur
3164 3180 3180 3219 :
3209 3179 3270 3218 ac
3295 3163 3547 3234 deinceps

1969 3275 2087 3312 eum
2118 3273 2282 3328 puero
2307 3268 2423 3312 erat
2452 3255 2766 3327 patriarcha.
2791 3255 2843 3310 6.
2869 3255 3071 3326 Accepit
3096 3264 3260 3307 autem
3292 3254 3546 3307 Abraham

1968 3350 2106 3420 ligna
2137 3349 2436 3413 holocausti,
2467 3359 2511 3402 et
2539 3348 2775 3417 imposuit
2806 3345 2952 3400 Isaac
2981 3345 3088 3414 [ilio
3117 3361 3228 3398 suo.
3262 3344 3394 3397 Tulit
3418 3360 3544 3413 quo-

1967 3457 2061 3508 que
2084 3440 2136 3492 in
2157 3440 2388 3492 manibus
2410 3438 2573 3508 ignem
2600 3448 2646 3490 et
2669 3436 2916 3504 gladium,
2939 3445 2983 3488 et
3006 3442 3328 3501 perrexerunt
3351 3433 3450 3486 duo
3471 3433 3544 3486 illi

1965 3534 2136 3588 simul.
2167 3532 2211 3588 Ο
2239 3533 2428 3586 animae
2460 3530 2816 3585 fortitudinem
2843 3530 2856 3582 !
2889 3545 2920 3581 ο
2947 3526 3162 3596 spiritus
3187 3525 3537 3580 soliditatem!

1967 3627 2032 3681 Et
2059 3627 2315 3697 imposuit,
2344 3625 2533 3694 inquit,
2556 3623 2584 3677 1
2590 3641 2708 3677 saac
2724 3625 2864 3695 ligna
2883 3623 3164 3676 holocaustt'
3184 3636 3202 3674 :
3231 3621 3341 3688 ipse
3367 3629 3541 3672 autem

1963 3717 2196 3788 gladium
2237 3726 2292 3771 et
2331 3717 2504 3782 ignem
2539 3715 2776 3784 accepit,
2816 3724 2869 3767 et
2908 3713 3120 3766 iverunt
3157 3710 3316 3765 ambo
3359 3708 3539 3765 simul.

1963 3809 2217 3876 Qualibus
2246 3808 2411 3862 oculis
2446 3807 2719 3875 spectabat
2748 3820 2964 3873 puerum
3007 3805 3141 3872 ligna
3184 3803 3491 3858 alfercntcm
3523 3844 3541 3868 ,

1965 3915 2126 3969 super
2151 3914 2269 3968 quzc
2297 3912 2400 3950 non
2427 3897 2594 3950 multo
2627 3904 2743 3964 post
2773 3895 2916 3948 illum
2947 3894 3310 3948 immolaturus
3331 3895 3351 3926 ²
3381 3903 3493 3948 erat
3519 3894 3544 3948 Τ

1963 3989 2230 4060 quomodo
2270 4003 2458 4042 manus
2499 3987 2636 4042 ferre
2678 3987 2846 4056 patuit
2888 3986 3058 4056 ignem
3087 3995 3139 4040 et
3171 3985 3448 4054 gladium?
3477 3985 3543 4039 Et

1964 4097 2152 4136 manus
2181 4081 2391 4150 quidem
2419 4078 2624 4134 ferebat
2650 4079 2820 4147 ignem
2850 4077 3178 4139 sensibilem,
3207 4075 3341 4144 ignis
3364 4085 3542 4129 autem

1962 4172 2182 4226 interior
2207 4169 2531 4226 accendebat
2568 4169 2732 4238 ipsius
2762 4177 2990 4222 mentem
3016 4207 3029 4228 ,
3058 4175 3110 4219 et
3154 4167 3410 4221 rationem
3440 4165 3540 4220 ab-

1960 4264 2220 4329 sumebat,
2250 4262 2705 4333 persuadebatque
2727 4271 2781 4314 ut
2807 4275 2988 4314 amore
3015 4261 3064 4312 in
3093 4258 3255 4313 Deum
3280 4259 3538 4319 vinceret,

1961 4365 2013 4410 et
2045 4356 2179 4409 hanc
2206 4354 2578 4424 cogitationem
2611 4351 2943 4413 immittebat,
2968 4367 3110 4411 eum,
3137 4348 3223 4417 qui
3247 4348 3354 4418 jam
3377 4362 3536 4415 supra

1958 4447 2240 4502 humanam
2256 4456 2494 4501 naturam
2510 4463 2565 4500 se
2583 4446 2778 4500 fecerat
2792 4459 2909 4498 esse
2925 4453 3124 4511 patrem
3135 4483 3148 4505 ,
3173 4443 3360 4495 iterum
3381 4455 3540 4509 posse

1957 4550 2009 4595 et
2041 4556 2178 4594 nunc
2206 4556 2323 4609 qua:
2340 4539 2623 4592 humanam
2648 4536 3104 4604 transgrediuntur
3126 4534 3381 4588 rationem
3408 4549 3538 4600 optk

1958 4631 2083 4685 rari.
2106 4630 2368 4686 Caeterum
2397 4629 2534 4691 vide,
2553 4628 2794 4687 obsecro,
2815 4626 3064 4694 deinceps
3085 4634 3204 4679 ante
3230 4626 3536 4680 sensibilem

1959 4724 2104 4778 illum
2150 4724 2359 4793 ignem,
2407 4720 2707 4776 incendium
2752 4720 3053 4781 internum,
3102 4718 3240 4788 quod
3284 4719 3535 4787 paulatim

1956 4812 2336 4869 esardeseebat
2355 4851 2370 4876 ,
2396 4819 2451 4865 ct
2475 4809 2602 4880 jusxi
2631 4818 2860 4862 mentem
2892 4808 3270 4872 inﬂammabat.
3309 4809 3358 4862 7.
3394 4806 3533 4859 Dixit

1955 4918 2143 4970 autem,
2169 4906 2358 4974 inquit,
2387 4902 2538 4955 Isaac
2556 4901 2624 4953 ad
2645 4901 2898 4954 Abraham
2924 4885 3114 4969 putrem
3141 4917 3287 4953 suum
3309 4915 3327 4951 :
3358 4897 3529 4948 Pater.

1954 4997 2262 5053 Sufliciebat
2311 4994 2413 5048 hoc
2456 4993 2671 5046 verbum
2723 4991 2788 5044 ad
2843 4991 3149 5046 lancinanda
3196 4989 3320 5055 justi
3376 4986 3532 5053 hujus

1953 5089 2174 5144 \‘isccra.
2211 5086 2308 5140 Ille
2335 5095 2501 5140 autem
2539 5084 2666 5138 dixit
2699 5099 2716 5136 :
2750 5084 2886 5147 Quid
2911 5093 3003 5146 est,
3036 5083 3111 5150 [ili
3131 5081 3157 5134 Ρ
3198 5081 3406 5133 Patrem
3441 5092 3532 5127 vo-

1951 5198 2062 5248 cas,
2086 5180 2239 5251 paulo
2257 5188 2375 5248 post
2401 5178 2626 5232 futurum
2646 5169 2832 5229 orbum
2858 5191 2870 5226 :
2901 5183 2952 5227 et
2978 5188 3076 5242 ego
3108 5170 3269 5224 filium
3296 5167 3537 5239 appello,

1950 5273 2038 5344 qtti
2071 5286 2176 5325 non
2206 5270 2371 5323 multo
2398 5278 2511 5338 post
2537 5282 2695 5334 super
2722 5266 2884 5318 altare
2913 5276 3228 5318 ascensurus
3257 5270 3368 5323 est,
3399 5259 3533 5313 uicis

1948 5361 2268 5420 occidendus
2295 5359 2554 5413 manibus.
2587 5357 2781 5410 Deinde
2810 5368 2938 5422 puer
2967 5351 3134 5422 inquit
3164 5369 3175 5404 :
3211 5349 3340 5405 Ecce
3365 5352 3530 5419 ignem

1948 5455 2138 5511 alie-rs.
2172 5463 2218 5507 st
2249 5467 2346 5521 ego
2385 5451 2551 5520 ligna:
2583 5447 2666 5500 ubi
2707 5457 2788 5501 cst
2827 5444 2995 5498 ltostia
3037 5443 3401 5497 immolanda?
3435 5442 3525 5497 L'bi

2011 5618 2030 5646 ι
2065 5610 2206 5660 savtl.
2228 5616 2280 5658 et
2301 5607 2492 5668 quidam
2525 5613 2635 5654 Mss.
2683 5617 2696 5652 :
2740 5604 2903 5668 (‘ogita
2923 5601 3049 5652 enim
3080 5612 3257 5665 quanta
3281 5616 3532 5667 perpessus

1947 5677 2006 5728 sit
2021 5677 2182 5738 justus
2205 5670 2285 5722 ille
2310 5670 2434 5720 intra
2457 5677 2552 5738 tres
2582 5675 2759 5738 noctes.
2942 5725 2952 5736 η

2011 5726 2039 5770 ί
2064 5745 2281 5798 Quinque
2308 5743 2432 5794 Mss,
2457 5731 2782 5796 impositurus,
2807 5741 2910 5795 pro,
2937 5726 3284 5782 immolaturus.
