4084 6214
524 305 623 360 431

517 430 588 472 est
612 420 721 475 otiis
742 421 810 475 ad
835 419 1222 476 holocaustum?
1245 417 1554 486 Considera,
1583 421 1829 488 obsecro,
1857 423 1942 480 hic
1964 425 2091 494 justi

518 509 616 562 viri
632 511 948 575 cruciatum,
969 509 1232 579 quomodo
1254 508 1369 562 tulit
1384 511 1619 576 auribus,
1640 513 1907 583 quomodo
1929 515 2098 584 potuit

519 599 845 667 respondere
872 614 1056 669 puero,
1084 599 1347 668 quomodo
1373 616 1479 655 non
1501 612 1582 657 est
1609 603 1862 660 confusus
1889 613 2093 668 mente,
2127 652 2133 658 .

520 688 794 756 quomodo
821 689 924 740 tilio
950 689 1214 742 occultare
1242 690 1408 758 potuit
1435 691 1484 746 id
1516 693 1654 761 quod
1678 691 1910 748 futurum
1940 703 2093 749 erat:

519 776 614 829 sed
648 777 817 844 inquit
843 791 1103 844 generoso
1139 779 1325 846 spiritu
1365 789 1418 834 et
1459 780 1580 835 forti
1619 783 1791 836 anima
1824 801 1835 835 :
1867 782 1920 838 8.
1960 783 2097 837 Deus

520 867 703 920 videbit
720 869 1010 938 sibimetipsi
1038 886 1175 924 ovem
1200 872 1268 925 ad
1288 872 1652 940 holocaustum,
1680 875 1914 944 ﬁli.Vide
1934 878 2091 929 etiam

521 958 606 1010 hic
633 972 739 1027 quo
765 968 918 1026 pacto
945 959 1158 1029 ignarus
1195 962 1425 1017 insinuat
1467 965 1655 1018 iterum
1687 967 1825 1034 quod
1867 968 2096 1019 futurum

519 1055 652 1100 erat.
687 1046 972 1103 Videbatur
999 1051 1139 1103 enim
1169 1067 1262 1118 per
1288 1067 1598 1121 reSponsum
1630 1055 1774 1109 Isaae
1799 1055 2095 1123 decepisse,

520 1137 616 1191 sed
645 1139 717 1193 illi
747 1140 960 1209 quidem
998 1143 1173 1196 verbis
1199 1144 1408 1198 interim
1440 1147 1701 1213 persuasit
1733 1164 1746 1199 :
1781 1147 1892 1215 ipse
1919 1156 2098 1200 autent

522 1229 778 1300 majorem
823 1235 1223 1305 gravioremque
1271 1236 1511 1291 dolorem
1558 1240 1803 1306 pertulit,
1843 1239 2003 1294 verba
2046 1241 2099 1295 in

521 1320 696 1374 anima
719 1337 956 1388 versans,
977 1335 1028 1378 et
1046 1325 1282 1394 cogitans
1305 1326 1449 1394 pueri
1473 1326 1784 1395 elegantiam
1801 1339 2097 1396 externam,

529 1409 901 1480 intentamque
928 1412 1367 1480 pulchritudinem
1398 1456 1410 1478 ,
1440 1415 1824 1482 obedientiam,
1855 1419 2098 1488 gratiam,

522 1500 693 1553 astatis
720 1499 928 1558 florem.
958 1503 1011 1558 9.
1043 1502 1264 1574 Cumque
1296 1506 1421 1559 irent
1451 1507 1630 1573 ambo,
1669 1519 1904 1563 venerunt
1931 1510 1998 1563 ad
2027 1510 2104 1564 lo-

522 1607 634 1644 cum
658 1593 720 1645 de
741 1609 834 1662 quo
851 1595 975 1647 dixit
998 1595 1043 1647 ci
1063 1595 1216 1649 Deus.
1242 1596 1530 1663 Venerunt,
1556 1599 1740 1668 inquit,
1767 1599 1832 1653 ad
1865 1611 2100 1656 montem

522 1682 829 1747 excelsum,
879 1697 1035 1752 quem
1076 1685 1276 1739 scilicet
1312 1686 1359 1740 ei
1409 1688 1660 1742 Dominus
1703 1689 1957 1744 indicarat
1991 1709 2005 1744 :
2036 1691 2102 1744 Et

523 1774 792 1842 wdiﬁcavit
821 1773 888 1828 ibi
912 1775 1167 1828 Abraham
1199 1778 1380 1833 altare.
1416 1780 1608 1833 lterum
1638 1780 1955 1850 obstupesoo
1974 1782 2102 1851 justi

513 1864 882 1920 fortitudinem
913 1906 928 1930 ,
983 1866 1249 1936 quomodo
1300 1871 1529 1936 potuerit
1570 1880 1842 1926 exstruere
1890 1873 2056 1926 altare
2085 1915 2101 1938 ,

521 1955 788 2023 quomodo
825 1955 1084 2024 valuerit,
1129 1958 1394 2027 quomodo
1436 1976 1542 2014 non
1581 1960 1838 2016 defeet-rit
1869 1979 1976 2030 pra:
2006 1979 2104 2016 au-

519 2046 712 2115 gustia,
743 2047 837 2102 sed
866 2059 918 2102 et
947 2049 1113 2104 altare
1139 2051 1500 2117 mdificaverit,
1531 2061 1584 2108 et
1609 2054 1920 2124 imposuerit
1943 2055 2104 2124 ligna.

522 2135 592 2190 Et
627 2139 837 2208 ligatuut
877 2138 1042 2207 ﬁlium
1081 2158 1228 2194 suum
1269 2140 1424 2196 Isaac
1459 2143 1695 2213 imposuit
1738 2161 1888 2214 super
1921 2144 2102 2199 altare.

522 2229 612 2284 10.
659 2228 726 2282 Et
759 2230 978 2283 extendit
1014 2229 1270 2285 Abraham
1309 2250 1514 2287 manum
1556 2251 1700 2288 suam
1721 2276 1734 2302 ,
1770 2245 1825 2288 ut
1862 2237 2107 2305 acciperet

523 2319 772 2390 gladium,
797 2331 841 2372 et
866 2321 1112 2375 occideret
1142 2324 1308 2390 ﬁliunt
1331 2341 1498 2378 suunt.

593 2433 647 2486 3.
677 2432 952 2486 Abrahami
991 2435 1232 2504 fortitudo
1271 2447 1315 2490 et
1344 2437 1514 2491 Isaat'i
1550 2440 1883 2509 obsequentia.
1919 2471 1994 2482 —
2034 2441 2110 2496 Ne

518 2522 707 2578 leviter
748 2536 1214 2592 prmtercurramus
1237 2567 1251 2590 ,
1281 2527 1496 2592 dilecti,
1524 2544 1641 2597 qum
1662 2530 1800 2584 dicta
1829 2541 1982 2585 sunt:
2016 2532 2110 2584 sed

519 2614 915 2668 consideremus
941 2616 1202 2682 quomodo
1229 2630 1332 2669 noo
1359 2618 1580 2670 avolarit
1602 2634 1630 2671 a
1655 2634 1878 2688 corpore
1902 2623 2073 2676 anima
2093 2667 2106 2688 ,

519 2703 789 2773 quomodo
815 2704 1042 2773 potuerit
1061 2705 1168 2758 suis
1191 2707 1434 2760 manibus
1458 2708 1736 2778 colligare,
1769 2720 1822 2765 et
1842 2711 1994 2782 lignis
2017 2715 2113 2768 im-

520 2808 722 2864 ponere
762 2805 866 2850 tam
895 2795 1146 2850 dilectum
1171 2837 1188 2863 ,
1222 2806 1326 2851 tam
1357 2799 1638 2855 amabilem
1675 2803 2022 2874 unigenitum.
2045 2805 2112 2858 Et

522 2886 742 2940 extendit
774 2927 790 2953 ,
836 2886 1042 2956 inquit,
1083 2886 1337 2941 Abraham
1372 2907 1574 2945 manum
1599 2910 1743 2947 suam
1771 2936 1785 2958 ,
1842 2907 1895 2949 ut
1920 2898 2113 2967 arripe-

521 2985 596 3029 ret
616 2975 842 3047 gladium
871 2977 938 3031 ad
963 2977 1290 3032 occidendum
1317 2979 1476 3047 ﬁliunt
1509 2998 1671 3035 suum.
1721 2983 1766 3038 Ο
1811 2986 2109 3056 religiosam

521 3067 772 3122 animam!
806 3083 838 3121 ο
869 3067 1056 3122 fortem
1103 3072 1353 3126 mentem!
1404 3086 1436 3126 ο
1491 3073 1752 3143 ingentem
1794 3080 2049 3134 amorem!
2082 3094 2115 3134 o

523 3160 784 3216 rationem
832 3162 1130 3216 vincentem
1193 3163 1474 3220 humanam
1546 3172 1804 3226 naturam!
1870 3173 2111 3242 Accepit,

524 3251 694 3321 inquit
713 3294 727 3318 ,
749 3253 1012 3324 gladium,
1033 3266 1086 3308 ut
1103 3257 1342 3312 occideret
1367 3260 1526 3327 [ilium
1544 3278 1707 3316 suam.
1740 3264 1925 3318 Utrum
1950 3267 2117 3336 magis

523 3343 755 3397 admirer
791 3354 843 3398 et
874 3345 1243 3415 obstupescam
1288 3391 1302 3415 ,
1333 3351 1591 3406 fortemne
1619 3354 1863 3422 spiritum
1894 3359 2118 3426 patriar-

523 3435 672 3501 chae,
708 3451 777 3491 an
817 3439 962 3505 pueri
1009 3439 1404 3496 obedientiam?
1444 3444 1582 3514 quod
1615 3461 1784 3515 neque
1832 3447 2118 3505 reluctatus

530 3541 610 3584 est
633 3568 648 3593 ,
680 3544 848 3600 neque
885 3533 1082 3585 factum
1103 3549 1244 3603 mgre
1271 3537 1418 3596 tulit.
1452 3536 1545 3592 sed
1576 3539 1730 3590 cessit
1755 3546 1807 3593 et
1840 3539 2116 3612 obtempe-

527 3621 666 3675 ravit
714 3622 777 3675 iis
817 3637 936 3693 qua:
969 3639 997 3676 a
1029 3633 1177 3693 patre
1206 3624 1337 3678 facta
1367 3637 1488 3680 sunt
1507 3668 1522 3693 ,
1552 3638 1604 3682 et
1639 3630 1773 3684 sicut
1802 3646 1966 3699 agnus
1995 3648 2115 3686 cum

526 3712 744 3769 silentio
771 3729 932 3784 super
960 3715 1130 3771 altare
1158 3716 1436 3783 accubuit,
1460 3729 1779 3788 exspectans
1805 3722 1966 3790 patris
1991 3721 2122 3777 dex-

529 3806 741 3861 teram?
769 3805 960 3862 Verum
989 3807 1075 3862 ubi
1103 3808 1188 3863 illa
1219 3809 1301 3880 pia
1334 3825 1485 3864 mens
1531 3826 1623 3864 sua
1653 3811 1829 3866 omnia
1868 3827 2120 3867 consum-

533 3899 697 3952 mavit
749 3907 803 3953 et
829 3897 956 3952 nihil
981 3899 1296 3954 intermisit:
1325 3902 1611 3956 ostendens
1631 3902 1799 3957 bonus
1831 3903 2081 3958 Dominus
2101 3944 2118 3970 ,

533 4002 592 4042 se
617 4003 724 4042 non
753 3989 920 4044 occidi
964 4004 1214 4058 puerum,
1241 3990 1333 4045 sed
1376 3993 1549 4061 petius
1589 3992 1715 4060 justi
1748 3996 1993 4048 virtutem
2037 3994 2123 4050 deo

531 4081 633 4150 tegi
664 4081 930 4136 volentem
951 4124 966 4147 ,
995 4082 1109 4136 lucc
1134 4082 1424 4153 imperasse
1448 4101 1460 4135 :
1491 4094 1745 4139 Coronato
1771 4085 1914 4154 justo
1943 4087 2010 4140 ob
2031 4103 2124 4142 vo-

533 4173 788 4225 luntatem
834 4187 1019 4238 suam,
1071 4182 1126 4229 et
1167 4184 1382 4244 accepta
1427 4185 1794 4229 consummata
1843 4175 2010 4231 hostia
2057 4194 2123 4233 ex

537 4271 714 4316 mente
743 4263 1052 4332 patriarchae
1072 4305 1087 4330 ,
1117 4282 1258 4321 nunc
1286 4281 1434 4320 suam
1463 4267 1696 4320 declarat
1725 4269 2120 4338 benignitatem.

535 4353 621 4408 11.
654 4351 722 4408 Et
742 4357 931 4410 vocarit
951 4373 1062 4410 eum
1085 4399 1100 4420 ,
1127 4358 1332 4428 inquit,
1374 4359 1580 4427 angelus
1620 4358 1825 4412 Domini
1862 4361 1924 4414 de
1960 4362 2083 4415 coelo
2104 4404 2120 4429 ,

534 4445 785 4514 dixitque,
808 4446 1082 4514 Abraham,
1105 4449 1378 4502 Abraham.
1412 4449 1541 4504 Nam
1559 4452 1676 4520 quia
1700 4451 1910 4508 videbat
1926 4453 2123 4522 justum

532 4531 641 4601 jam
676 4537 968 4591 accinctum
1001 4547 1056 4593 et
1077 4549 1314 4606 paratum
1337 4539 1402 4592 ad
1452 4541 1894 4609 immolationem,
1943 4554 1997 4599 et
2033 4561 2127 4599 vo-

538 4625 732 4680 lentem
765 4627 986 4697 implere
1016 4631 1318 4684 mandatum
1345 4632 1574 4696 Domini,
1603 4632 1798 4687 idcirco
1829 4643 1981 4688 vocat
2002 4651 2122 4690 cum

533 4717 601 4771 de
626 4718 786 4783 casio,
827 4729 881 4773 et
905 4720 1070 4774 dicit:
1100 4722 1396 4788 Abraham,
1440 4724 1726 4779 Abraham.
1780 4726 1921 4780 Bene
1950 4737 2006 4782 et
2037 4729 2124 4784 hic

533 4811 889 4881 geminatione
916 4828 1043 4867 usus
1063 4823 1144 4867 est
1162 4857 1176 4879 ,
1211 4827 1262 4868 nt
1292 4826 1567 4885 superaret
1595 4818 1845 4887 impetum
1885 4820 2047 4889 justi,
2071 4832 2125 4879 et

535 4906 680 4974 quasi
709 4920 804 4974 per
834 4919 1020 4959 vocem
1065 4906 1388 4962 detineretur
1421 4908 1546 4976 justi
1574 4909 1820 4974 dextera,
1859 4911 1966 4978 jam
2011 4921 2126 4968 ten-

533 4997 666 5050 dens
681 4996 746 5049 ad
769 4996 916 5065 pueri
944 4996 1164 5050 cwdem.
1193 4996 1257 5050 Et
1279 4999 1404 5052 dixit
1434 4998 1603 5054 :Eccc
1623 5017 1734 5071 ego.
1759 5001 1845 5055 12.
1874 5000 1938 5054 Et
1959 5002 2122 5058 dixit:

538 5087 844 5158 Neiujicias
882 5103 1086 5140 manum
1128 5097 1263 5140 tuam
1288 5089 1340 5142 in
1379 5107 1614 5157 puerum,
1659 5107 1815 5161 neque
1853 5093 2011 5162 facias
2049 5092 2125 5148 illi

535 5180 828 5249 quidquam.
856 5177 1008 5231 Nunc
1038 5183 1168 5233 enim
1190 5183 1396 5250 cognoui
1415 5183 1533 5251 quia
1561 5183 1703 5236 times
1746 5182 1904 5236 Deum
1948 5193 2000 5236 tu
2019 5225 2034 5246 ,
2079 5195 2126 5238 et

537 5287 637 5323 uou
665 5270 927 5339 pepercisti
956 5267 1064 5338 ﬁlio
1085 5280 1170 5324 tuo
1198 5271 1377 5325 dilecto
1424 5288 1530 5340 pro,-
1553 5283 1624 5325 ter
1650 5289 1747 5328 me.
1783 5272 1866 5326 Ne
1889 5273 2089 5344 iujicias
2107 5313 2121 5338 ,

539 5363 735 5432 inquit,
785 5378 990 5415 manum
1013 5371 1150 5414 tuam
1195 5363 1248 5415 in
1275 5379 1500 5431 puerum.
1529 5362 1644 5417 Non
1678 5363 1777 5417 hoe
1818 5363 2040 5432 prteccpi
2071 5371 2127 5416 ut

537 5468 671 5524 opus
714 5452 1014 5522 perficiatur
1033 5493 1048 5515 .
1077 5469 1246 5523 neque
1275 5453 1394 5507 volo
1420 5463 1474 5506 ιιι
1499 5453 1772 5508 oecidatur
1798 5453 1933 5507 fiiius
1962 5461 2082 5507 tuus
2111 5495 2125 5508 .

538 5544 630 5599 sed
661 5555 716 5598 ut
744 5542 1042 5599 obedieutia
1070 5553 1154 5598 tua
1183 5545 1457 5599 manifesta
1488 5545 1556 5599 sit
1575 5545 1837 5600 omnibus.
1873 5543 2033 5612 Igitur
2059 5557 2127 5598 ne

541 5636 724 5694 laceris
753 5638 802 5692 ei
843 5637 1152 5709 quidquam.
1185 5637 1473 5694 Contentus
1501 5654 1617 5692 sum
1647 5637 1916 5692 voluntate
1945 5645 2051 5702 tua,
2075 5643 2130 5690 et

544 5739 608 5782 ex
632 5727 731 5783 bac
754 5739 802 5784 te
828 5743 1030 5784 eorouo
1059 5739 1112 5784 et
1132 5729 1381 5799 praedico.
1414 5727 1562 5783 Nunc
1590 5730 1729 5784 enim
1754 5724 1976 5797 cognovi
2002 5724 2124 5795 quia

1268 307 1324 363 S.
1363 305 1640 362 JOANNIS
1676 308 2152 367 CllliYSOSTOMI
2190 311 2504 370 ARCHIEP.
2544 316 3077 386 CONSTANTINOP.

3684 330 3792 384 43!

2205 427 2360 483 times
2385 428 2548 483 Deum
2580 438 2651 484 tu.
2677 431 2809 487 V‘lde
2828 434 3093 503 quomodo
3120 435 3388 494 humiliter
3411 451 3469 492 se
3489 448 3685 494 nostra:
3711 439 3792 495 in-

2202 517 2438 573 firmitati
2461 520 2561 574 hoc
2581 523 2743 577 verbo
2769 535 3104 594 attemperat.
3132 527 3267 595 Quid
3289 529 3468 598 igitur?
3489 531 3793 598 ignorabat-

2203 625 2269 666 ne
2294 620 2417 666 ante
2444 612 2545 666 hoc
2568 613 2694 681 justi
2723 616 2968 672 virtutem
2989 660 3001 681 ,
3027 629 3079 672 et
3110 634 3250 674 nunc
3282 623 3529 689 cognovit
3553 623 3792 677 omnium

2204 701 2495 756 Dominus?
2519 703 2632 757 Non
2656 703 2784 766 hoc,
2814 706 3009 774 inquit.
3036 708 3328 777 significat,
3357 709 3492 780 quod
3521 725 3662 765 nunc
3685 713 3797 782 ipse

2202 793 2526 863 cognoverit.
2553 796 2656 850 Sed
2677 796 2800 866 quid
2827 797 3002 853 dicere
3023 800 3174 853 vult?
3198 800 3371 866 Nunc,
3397 801 3600 872 inquit,
3623 805 3799 858 omni-

2204 883 2302 937 bus
2339 884 2616 940 declarasti
2635 926 2650 952 ,
2679 888 2943 956 quomodo
2985 890 3191 944 sincero
3221 890 3409 945 timore
3438 891 3605 947 Deum
3631 893 3795 947 colas.

2203 972 2332 1028 Nam
2363 990 2463 1044 ego
2492 990 2740 1030 noveram
2783 977 3033 1032 famulum
3061 995 3236 1033 meum
3261 998 3275 1033 :
3305 997 3422 1048 qua:
3449 992 3622 1036 autem
3660 997 3801 1037 nunc

2205 1078 2234 1116 a
2266 1072 2318 1118 te
2342 1064 2475 1119 facta
2496 1075 2618 1121 sunt
2643 1068 2900 1122 doctrina:
2926 1071 3142 1124 materia
3168 1081 3291 1124 sunt
3314 1083 3418 1125 tam
3448 1073 3798 1142 praesentibus

2205 1171 2362 1224 quam
2392 1157 2600 1212 futuris.
2631 1158 2822 1213 Notum
2850 1161 2990 1214 enim
3021 1160 3192 1216 fecisti
3215 1178 3354 1217 nunc
3383 1162 3628 1219 omnibus
3657 1175 3710 1220 te
3736 1165 3800 1219 li-

2206 1262 2354 1302 mere
2371 1249 2532 1302 Dcum
2553 1291 2566 1314 ,
2595 1258 2649 1304 et
2663 1265 2850 1305 curare
2872 1261 2926 1304 ut
2951 1251 3193 1306 mandata
3214 1252 3328 1322 ejus
3349 1268 3510 1322 opere
3536 1253 3758 1324 impleas
3783 1273 3796 1308 :

2211 1333 2276 1388 Et
2296 1351 2394 1390 non
2411 1338 2671 1408 pepercisti
2693 1340 2799 1408 ﬁlio
2820 1349 2904 1393 tuo
2929 1339 3108 1394 dilecto
3133 1351 3337 1410 propter
3351 1358 3428 1396 me
3447 1359 3467 1398 :
3491 1343 3565 1397 illi
3584 1344 3672 1414 qui
3695 1353 3799 1399 tam

2209 1425 2432 1481 dilectus
2461 1438 2575 1492 est,
2607 1444 2764 1498 quem
2807 1438 2914 1484 tam
2942 1430 3190 1486 ardenter
3229 1447 3411 1499 amas,
3466 1448 3571 1487 non
3613 1448 3803 1503 peper-

2207 1518 2322 1572 cisti
2347 1527 2563 1587 propter
2582 1534 2666 1573 me
2685 1561 2700 1586 ,
2727 1531 2938 1589 pr0pter
2957 1521 3260 1576 mandatum
3283 1531 3335 1575 et
3359 1523 3562 1590 jussum
3587 1539 3800 1577 meum:

2207 1608 2302 1662 sed
2331 1609 2603 1677 prauulisti
2634 1611 2936 1665 mandatum
2967 1628 3142 1666 meum
3185 1611 3295 1666 filio
3321 1621 3434 1667 tuo.
3474 1613 3702 1668 Proinde
3748 1622 3802 1668 et

2211 1700 2372 1754 ﬁlium
2403 1709 2548 1754 tuum
2577 1702 2778 1770 accipe.
2809 1703 3033 1773 Propter
3059 1703 3161 1758 hoc
3200 1704 3340 1758 enim
3375 1703 3637 1773 pollicitus
3686 1719 3801 1759 sum

2209 1789 2323 1845 fore
2354 1800 2409 1844 ut
2431 1806 2611 1844 semen
2633 1800 2777 1844 tuum
2805 1793 3179 1847 extenderetur
3199 1812 3210 1847 :
3232 1794 3504 1848 redimitus
3528 1809 3655 1864 ergo
3676 1794 3802 1849 obe-

2210 1882 2424 1938 dientiae
2463 1892 2566 1938 tua:
2590 1897 2784 1936 corona
2805 1925 2820 1950 ,
2851 1885 2960 1941 abi.
2992 1885 3100 1955 Ego
3124 1886 3265 1940 enim
3294 1885 3618 1942 voluntatem
3646 1903 3800 1942 coro-

2213 1991 2340 2030 nare
2360 1975 2540 2040 soleo,
2567 1983 2621 2029 et
2659 1985 2876 2046 propter
2907 1987 3134 2032 mentem
3164 1980 3378 2048 praemia
3408 1980 3604 2050 largiri.
3631 1978 3801 2050 Opere

2211 2065 2351 2119 etzim
2373 2066 2688 2135 imp'eripar
2712 2075 2796 2120 est
2818 2083 2880 2122 ca
2907 2082 3028 2138 quas
3067 2080 3097 2118 ιι
3130 2078 3183 2123 te
3223 2070 3368 2124 dicta
3394 2080 3516 2125 sunt
3556 2079 3610 2126 et
3637 2072 3802 2126 servis

2215 2155 2317 2210 tuis
2361 2165 2414 2211 et
2457 2157 2635 2211 lsaac:
2669 2157 2772 2212 illis
2807 2157 2947 2211 enim
2977 2159 3298 2226 promisisti,
3345 2160 3471 2215 Cant
3521 2162 3808 2216 adoraucri-

2213 2265 2378 2321 ntus,
2404 2249 2673 2303 redibimus
2703 2265 2721 2302 :
2761 2263 2886 2303 ecce
2931 2249 3034 2303 hoc
3071 2265 3208 2304 nunc
3245 2251 3377 2316 erit;
3409 2259 3464 2306 et
3504 2266 3670 2321 puero
3722 2267 3798 2305 ro-

2212 2320 2389 2413 gante,
2423 2341 2518 2396 Ubi
2547 2343 2650 2396 ovis
2675 2351 2744 2395 est
2773 2343 2840 2393 ad
2869 2341 3212 2395 holocaustum
3233 2341 3261 2394 Ρ
3286 2341 3421 2395 Deus
3460 2320 3640 2396 videbit
3683 2342 3801 2395 sibi-

2214 2435 2413 2502 metipsi
2457 2449 2594 2486 ouem
2621 2433 2689 2485 ad
2733 2431 3076 2486 holocaustum
3099 2473 3114 2499 ,
3141 2431 3341 2486 dixisti.
3385 2432 3522 2486 Ecce
3570 2447 3689 2486 cum
3718 2448 3802 2487 re-

2221 2525 2458 2594 spexcris
2480 2567 2494 2592 ,
2529 2513 2696 2594 inquit
2719 2563 2735 2591 ,
2767 2523 2933 2578 oculis
2951 2563 2966 2588 ,
2995 2522 3116 2576 vide
3139 2523 3439 2586 prtedictam
3461 2537 3490 2576 a
3519 2531 3569 2576 te
3613 2538 3765 2577 ovem
3787 2566 3803 2591 ,

2217 2632 2372 2685 quam
2397 2617 2597 2671 scilicet
2632 2631 2728 2686 pro
2758 2631 2924 2686 puero
2966 2614 3305 2670 sacrificabis.
3356 2615 3436 2669 15.
3473 2613 3540 2669 Ut
3585 2617 3811 2684 respexit

2217 2721 2381 2762 autem
2409 2709 2566 2762 oculis
2593 2707 2713 2761 vidit
2736 2723 2755 2761 :
2780 2717 2823 2760 et
2856 2723 2965 2761 ecce
2984 2707 3114 2760 aries
3141 2722 3269 2760 unus
3286 2704 3594 2759 detinebatur
3638 2705 3804 2758 corui-

2217 2802 2306 2856 bus
2327 2802 2379 2855 in
2407 2801 2609 2854 arbusto
2635 2800 2813 2856 Sabec.
2842 2799 2904 2854 Et
2924 2796 3010 2853 ivit
3034 2799 3319 2865 Abraham,
3358 2807 3404 2852 et
3440 2796 3628 2867 accepit
3672 2795 3804 2850 arie-

2220 2907 2346 2961 tem,
2376 2905 2424 2950 et
2458 2895 2632 2949 obtulit
2656 2895 2800 2948 illum
2825 2895 2875 2948 iu
2905 2895 3251 2948 holocaustum
3279 2909 3368 2959 pro
3389 2890 3539 2944 Isaac
3560 2891 3667 2958 ﬁlio
3693 2905 3806 2943 suo-

2221 2979 2338 3035 Vidi
2370 2981 2664 3049 religiosam
2696 2988 2837 3032 tuam
2883 2987 3147 3046 mentem,
3180 2976 3381 3046 inquit,
3421 2989 3545 3030 ecce
3591 2973 3642 3027 id
3668 2973 3804 3043 quod

2221 3073 2364 3141 prius
2389 3071 2565 3125 dixisti
2609 3085 2806 3138 puero,
2841 3069 2944 3124 hoc
2986 3069 3080 3123 tibi
3109 3067 3417 3139 prmparavi.
3474 3065 3540 3120 Et
3586 3067 3802 3135 accepit,

2215 3163 2420 3231 inquit,
2451 3174 2494 3216 et
2523 3162 2701 3215 obtulit
2745 3163 2796 3214 iu
2827 3161 3171 3214 holocaustum
3201 3176 3292 3229 pro
3340 3158 3490 3212 Isaac
3536 3159 3642 3227 ﬁlio
3692 3173 3803 3212 suo.

2221 3253 2408 3308 Vitliszi
2441 3253 2529 3306 Dei
2557 3251 2928 3305 clementiam?
2957 3251 3022 3304 Et
3046 3249 3358 3304 sacriﬁcium
3387 3256 3804 3304 consummatum

2220 3355 2336 3411 est,
2370 3355 2425 3400 et
2465 3341 2759 3414 patriarcha
2811 3342 3111 3411 religiosam
3165 3356 3315 3396 suam
3345 3351 3580 3396 mentem
3625 3339 3804 3394 decla-

2221 3440 2388 3504 ravit,
2415 3447 2468 3492 et
2516 3453 2542 3489 a
2595 3436 2867 3490 voluntate
2913 3450 3163 3489 coronam
3202 3435 3527 3504 reportavit:
3558 3444 3612 3490 et
3663 3434 3805 3488 Isaac

2221 3541 2439 3600 accepto
2459 3573 2473 3595 ,
2498 3529 2650 3585 rediit
2679 3543 2798 3582 cum
2831 3528 3124 3582 innumeris
3150 3527 3383 3582 coronis.

2295 3621 2622 3690 Sacriﬁcium
2674 3619 2890 3674 Abrahar
2935 3619 3101 3690 ﬁgura
3130 3619 3311 3672 crucis.
3342 3647 3413 3658 -—
3450 3617 3576 3674 “me
3626 3626 3801 3672 autem

2225 3713 2403 3768 omnia
2451 3713 2618 3782 figura
2665 3711 2878 3767 fuerunt
2921 3711 3116 3766 crucis.
3145 3711 3431 3781 PrOpterea
3481 3721 3536 3766 et
3564 3710 3805 3765 Christus

2225 3807 2422 3862 Iudaeis
2464 3805 2672 3862 dicebat
2707 3823 2722 3860 :
2752 3805 3007 3859 Abraham
3051 3813 3192 3875 pater
3227 3817 3384 3859 vester
3413 3804 3710 3869 exsultauit,
3751 3813 3805 3856 ut

2227 3899 2413 3953 videret
2437 3897 2566 3952 diem
2591 3915 2756 3951 meum
2771 3907 2862 3963 ;et
2886 3897 3039 3963 vidit,
3091 3897 3358 3967 etgavisus
3414 3904 3485 3949 est
3537 3894 3718 3965 (Joau.
3749 3895 3804 3950 8.

2227 3989 2341 4059 56).
2396 3987 2674 4055 Quomodo
2721 3986 2880 4050 vidit,
2932 3985 3022 4054 qui
3077 3993 3152 4038 tot
3179 3985 3334 4038 annis
3360 3985 3669 4053 praecessit?
3700 3985 3806 4038 Per

2231 4081 2472 4150 figuram,
2506 4093 2600 4147 per
2629 4076 2892 4130 umbram.
2920 4073 3070 4129 Sicut
3097 4074 3240 4128 enim
3269 4073 3354 4126 hic
3375 4074 3489 4126 ovis
3515 4074 3694 4128 oblata
3725 4083 3809 4130 est

2231 4189 2328 4244 pro
2347 4173 2511 4237 Isaac,
2529 4171 2603 4225 ita
2623 4180 2677 4225 et
2692 4167 2962 4224 rationalis
2977 4182 3142 4236 agnus
3156 4165 3362 4219 oblatus
3372 4172 3453 4218 est
3466 4180 3562 4234 pro
3583 4167 3804 4221 mundo.

2230 4263 2515 4333 Oportebat
2537 4259 2680 4316 enim
2701 4260 2752 4313 in
2781 4259 2965 4313 umbra
2993 4256 3220 4312 describi
3241 4265 3294 4312 et
3319 4256 3624 4326 praesignari
3647 4268 3806 4314 antea

2231 4356 2525 4411 veritatem.
2574 4351 2704 4407 Vide
2746 4364 3014 4419 namque,
3056 4349 3297 4414 obsecro,
3328 4348 3624 4414 carissime,
3674 4364 3806 4420 quo-

2229 4445 2391 4502 modo
2415 4443 2591 4498 omnia
2619 4455 2713 4510 per
2733 4439 2973 4493 umbram
3001 4437 3330 4508 prchigurata
3365 4447 3488 4493 sunt
3519 4455 3533 4491 :
3562 4439 3806 4507 unigeni-

2232 4550 2314 4596 tus
2371 4540 2476 4594 illic
2503 4579 2518 4604 ,
2569 4549 2623 4594 et
2679 4537 2980 4608 uuigenitus
3027 4537 3114 4592 hic
3185 4537 3294 4607 (a);
3338 4535 3563 4592 dilectus
3609 4535 3718 4590 illic
3753 4545 3808 4593 et

2229 4648 2532 4704 germanus,
2569 4632 2794 4687 dilectus
2835 4640 2888 4688 et
2926 4632 3010 4686 hic
3049 4644 3111 4684 .tc
3150 4644 3456 4698 germanus.
3513 4627 3615 4683 Hic
3662 4628 3805 4684 enim

2230 4733 2300 4779 est
2355 4721 2524 4776 Filius
2550 4740 2685 4777 meus
2737 4723 2980 4788 dilectus,
3002 4723 3055 4776 in
3082 4739 3180 4793 quo
3218 4722 3339 4775 mihi
3368 4722 3487 4775 bene
3527 4720 3807 4790 complacui

2233 4815 2444 4888 (Matth.
2495 4812 2692 4886 5.17).
2745 4815 2790 4868 Α
2841 4825 2990 4884 patre
3020 4815 3106 4869 ille
3149 4815 3198 4868 in
3266 4813 3630 4868 holocaustum
3679 4810 3800 4866 offe-

2231 4907 2484 4971 rebatur,
2539 4914 2593 4960 et
2650 4908 2791 4960 hunc
2833 4906 2990 4961 Pater
3051 4905 3281 4960 tradidit.
3337 4903 3403 4957 Et
3461 4902 3562 4955 hoc
3615 4903 3808 4956 clamat

2233 4999 2426 5054 Paulus
2458 4998 2638 5053 dicens
2670 5016 2682 5052 :
2727 4997 2828 5066 Qui
2881 4999 3085 5068 pr0prio
3115 4995 3251 5049 Fitio
3279 5011 3370 5048 suo
3403 5010 3503 5046 non
3549 4994 3804 5062 pepercit,

2231 5092 2319 5146 sed
2357 5106 2448 5159 pro
2491 5091 2631 5144 nobis
2675 5091 2903 5144 omnibus
2933 5089 3138 5143 tradidit
3182 5087 3370 5140 illum:
3408 5085 3655 5154 quomodo
3708 5101 3806 5136 non

2233 5191 2278 5236 et
2299 5198 2411 5234 cum
2431 5181 2521 5234 illo
2548 5182 2714 5234 omnia
2740 5181 2879 5234 nobis
2907 5181 3114 5233 daturus
3139 5185 3210 5230 est
3236 5175 3410 5244 (Rom.
3433 5175 3484 5229 8.
3506 5174 3596 5246 52)
3619 5175 3641 5226 ?
3664 5173 3805 5227 lluc-

2233 5289 2402 5344 usque
2438 5273 2656 5337 umbra;
2699 5282 2881 5342 postea
2923 5282 3098 5324 rerum
3138 5267 3332 5322 veritas
3359 5266 3513 5335 longe
3539 5263 3806 5319 excellen-

2234 5365 2335 5418 tior
2383 5373 2724 5418 monstratur.
2759 5363 2939 5430 Agnus
2969 5360 3108 5414 enim
3135 5358 3224 5413 hic
3261 5356 3531 5411 rationalis
3567 5369 3662 5424 pro
3693 5363 3804 5407 toto

2231 5455 2430 5510 mundo
2455 5456 2662 5510 oblatus
2689 5462 2804 5517 est,
2845 5461 3012 5507 totum
3051 5451 3232 5506 orbem
3261 5458 3518 5504 terrarum
3563 5445 3804 5515 puriﬁca-

2294 5611 2366 5674 (α)
2401 5608 2646 5680 ηυίςιοοο
2676 5607 2953 5680 cetera“!
2972 5605 3230 5680 omissa.
3249 5602 3701 5680 Psateﬂs’sm:

2230 5661 2316 5734 pra
2334 5661 2469 5722 ’i‘om.
2496 5678 2548 5728 11,
2572 5683 2683 5734 quae
2715 5667 2910 5721 homilia
2938 5671 2990 5720 tn
3022 5667 3188 5720 multis
3216 5667 3329 5718 huic
3354 5673 3531 5717 nostra:
3552 5663 3703 5714 afﬁnis
3719 5661 3804 5711 de-

2231 5734 2580 5798 prehendetur.
