4084 6214
363 397 467 457 ιδδ

361 511 471 575 vit;
497 507 586 565 hic
610 508 856 565 homines
883 507 950 563 ab
983 521 1164 563 errore
1191 508 1456 578 liberavit,
1488 519 1543 566 et
1570 511 1636 565 ad
1663 511 1940 565 veritatem

367 599 608 666 reduxit;
643 601 730 656 hic
775 611 966 655 terram
995 599 1181 654 caelum
1223 600 1350 656 fecit
1372 645 1386 667 ,
1415 618 1521 658 non
1561 604 1943 659 elementorum

366 690 639 745 immutata
681 701 888 758 natura,
935 691 1027 747 sed
1053 695 1461 750 conversatione
1487 697 1684 752 czelesti
1711 695 1946 752 homini-

368 780 469 835 bus
492 796 649 850 super
679 791 875 836 terram
905 783 1218 854 degentibus
1246 786 1425 840 allata.
1457 788 1558 842 Per
1587 788 1730 842 hunc
1765 788 1941 842 omnis

367 871 661 925 dmmouum
691 874 868 929 cultus
894 875 1098 930 solutus
1124 886 1206 932 est
1229 895 1243 940 ;
1277 895 1372 948 per
1388 879 1531 935 hunc
1559 879 1752 935 factum
1781 890 1864 936 est
1887 889 1946 935 ut

366 977 468 1016 non
499 963 786 1019 adorentur
810 967 1014 1035 lapides
1039 977 1091 1022 et
1141 969 1277 1040 ligna
1305 971 1374 1024 ab
1399 971 1738 1027 hominibus:
1769 983 1822 1028 et
1851 973 1942 1042 qui

363 1053 568 1108 ratione
598 1056 942 1124 prmditisunt
967 1069 1089 1114 ante
1119 1061 1444 1116 insensibilia
1491 1079 1594 1116 non
1621 1063 1938 1132 procidunt,

359 1142 454 1198 sed
469 1145 642 1199 omnis
656 1146 781 1200 abiit
793 1162 964 1212 error,
998 1159 1050 1203 ct
1071 1151 1306 1206 veritatis
1326 1153 1416 1208 lux
1434 1153 1617 1209 orbem
1637 1154 1936 1209 illustravit.

429 1234 484 1287 4.
521 1234 708 1290 Vidisti
733 1239 974 1293 veritatis
997 1242 1400 1297 excellentiam?
1447 1244 1622 1299 vidisti
1651 1245 1776 1315 quid
1822 1260 1942 1299 um-

359 1322 452 1376 bra
477 1364 492 1390 ,
523 1325 647 1394 quid
675 1329 911 1382 veritas?
951 1331 1036 1384 14.
1089 1331 1153 1385 Et
1176 1335 1397 1401 vocavit,
1429 1335 1600 1405 inquit
1621 1378 1636 1402 ,
1684 1336 1939 1390 Abraham

358 1429 536 1467 nomen
565 1416 663 1469 loci
704 1419 841 1473 illius
864 1459 880 1485 ,
913 1419 1165 1477 Dominus
1189 1424 1312 1476 vidit
1336 1441 1356 1478 :
1381 1435 1433 1479 ut
1473 1428 1643 1480 dicant
1664 1427 1813 1481 hodie
1835 1468 1850 1492 ,
1884 1429 1938 1482 in

355 1514 522 1558 monte
561 1505 808 1564 Dominus
833 1512 966 1565 visus
1008 1523 1097 1566 est.
1131 1513 1411 1584 \‘idcjusti
1452 1518 1754 1585 religiosam
1785 1536 1937 1574 men-

355 1605 458 1648 tem
481 1638 496 1662 ,
527 1600 797 1666 quomodo
824 1602 1016 1671 ubique
1043 1617 1109 1657 ex
1141 1605 1203 1658 iis
1229 1620 1346 1674 qua:
1376 1607 1676 1662 acciderant
1703 1611 1938 1680 appella-

352 1687 525 1743 tiones
565 1690 696 1746 locis
724 1692 970 1761 imponit.
1000 1694 1367 1752 Visitationem
1392 1699 1533 1755 enim
1556 1715 1586 1754 a
1612 1701 1721 1756 Deo
1740 1699 1934 1759 factam

351 1777 534 1833 volens
582 1783 733 1850 quasi
778 1783 830 1835 in
876 1784 1122 1839 columna
1154 1801 1291 1842 terea
1341 1789 1640 1860 insculpere
1677 1793 1795 1848 loco
1839 1809 1936 1864 per

349 1870 798 1938 appellationem,
854 1873 1055 1929 Vocavit
1105 1894 1284 1933 nomen
1337 1879 1465 1949 loci,
1497 1882 1744 1938 Dominus
1789 1886 1931 1941 vidit.

347 1958 658 2016 Sulliciebat
682 1963 891 2033 quidem
920 1967 1066 2034 justo
1091 1983 1188 2037 pro
1213 1971 1432 2038 praemio
1452 2012 1466 2037 ,
1494 1973 1634 2040 quod
1671 1975 1821 2028 vivus
1848 1990 1929 2030 re-

347 2050 489 2105 diret
535 2052 721 2119 lsaac,
749 2057 967 2126 etquod
1024 2059 1244 2115 meritus
1297 2071 1442 2117 esset
1492 2063 1638 2118 illam
1675 2066 1932 2122 eximiam

347 2141 560 2198 laudem
581 2185 597 2210 ,
643 2162 837 2216 nempe
863 2150 1003 2218 quod
1029 2150 1155 2206 dicit
1178 2169 1193 2206 :
1225 2151 1378 2207 Nunc
1407 2157 1614 2227 cognovi
1636 2158 1770 2227 quod
1789 2159 1932 2213 times

349 2229 511 2286 Deum
541 2245 594 2288 tu
625 2250 645 2288 :
669 2248 1031 2294 verumtamen
1060 2241 1106 2296 is
1126 2243 1215 2312 qui
1246 2243 1402 2300 donis
1420 2256 1628 2303 certare
1657 2250 1799 2318 cupit
1823 2291 1838 2316 ,
1876 2259 1930 2304 et

345 2323 618 2380 beneﬁciis
641 2343 856 2399 semper
890 2333 1053 2388 vineit
1078 2346 1311 2391 mentem
1357 2347 1592 2394 nostram
1613 2382 1630 2408 ,
1653 2341 1778 2410 justi
1809 2344 1928 2397 ani-

345 2430 489 2469 nnnn
542 2420 704 2473 variis
746 2433 974 2478 exornat
1020 2427 1290 2494 praemiis,
1343 2439 1398 2482 et
1423 2429 1592 2499 inquit
1625 2432 1812 2487 iterum
1859 2433 1927 2488 ad

342 2505 489 2560 illum
515 2524 528 2560 :
561 2509 644 2563 15.
669 2509 736 2563 Et
762 2514 949 2566 vocarit
975 2516 1184 2585 angelus
1203 2515 1411 2570 Domini
1431 2519 1686 2574 Abraham
1709 2524 1926 2577 secundo

342 2598 408 2651 de
434 2600 576 2666 (telo,
605 2600 776 2656 dicens
805 2619 824 2657 :
852 2604 937 2658 l6.
966 2605 1070 2659 Per
1095 2610 1438 2680 memetipsum
1457 2612 1651 2679 iuraui,
1681 2613 1799 2667 dicit
1821 2616 1927 2668 Do-

344 2692 526 2757 minus,
557 2710 613 2747 eo
652 2695 788 2766 quod
814 2698 975 2766 fecisti
1029 2700 1227 2753 verbum
1263 2703 1355 2755 hoc
1376 2745 1391 2768 ,
1443 2714 1490 2757 et
1519 2721 1619 2759 non
1659 2709 1924 2776 pepercisti

342 2783 449 2850 [ilio
497 2795 581 2839 tuo
608 2787 788 2841 dilecto
841 2799 1044 2860 prapter
1069 2809 1184 2858 me,
1221 2795 1308 2848 l7.
1367 2799 1588 2865 profecto
1631 2799 1923 2856 benedicens

340 2873 628 2929 benedicam
656 2887 702 2929 te
721 2918 738 2942 ,
761 2889 806 2932 et
837 2882 1178 2952 multiplicans
1211 2887 1555 2955 multiplicabo
1583 2907 1747 2946 semen
1779 2905 1922 2947 tuum

334 2963 469 3015 sicut
509 2968 680 3020 stcllas
705 2969 850 3032 cazli,
882 2980 926 3022 et
955 2973 1080 3025 sicut
1134 2991 1337 3028 arenam
1383 2994 1497 3047 qua:
1543 2990 1612 3034 est
1653 2982 1705 3034 in
1759 2983 1922 3038 littore

342 3052 494 3104 muris
521 3069 536 3114 ;
562 3065 608 3106 et
633 3054 903 3111 hereditate
930 3061 1199 3128 possidebit
1223 3079 1386 3118 semen
1413 3075 1555 3121 tuum
1580 3069 1800 3126 civitates
1825 3073 1920 3127 ho-

287 3195 291 3199 ,
337 3143 509 3207 stium,
553 3145 637 3199 l8.
671 3148 790 3201 etin
830 3150 1017 3204 semine
1050 3161 1134 3206 tuo
1161 3153 1512 3211 benedicentur
1539 3175 1711 3216 omnes
1748 3172 1919 3232 gentes

336 3242 498 3299 teme,
528 3252 586 3289 eo
613 3240 750 3308 quod
776 3242 964 3297 audisti
991 3259 1157 3300 vocem
1191 3265 1370 3303 meam.
1400 3251 1533 3320 Quia
1554 3295 1570 3320 ,
1592 3253 1780 3324 inquit,
1813 3257 1912 3311 im-

333 3326 543 3420 plevisti
586 3341 908 3404 praeceptum
953 3353 1130 3394 meum
1151 3382 1166 3406 ,
1194 3349 1248 3395 et
1276 3351 1416 3397 tuam
1444 3345 1798 3403 obedientiam
1823 3365 1917 3420 per

332 3419 511 3510 omnia
557 3421 871 3491 declarasti,
904 3439 1180 3498 propterea
1208 3432 1330 3487 audi
1360 3452 1373 3488 :
1417 3433 1522 3490 Per
1568 3419 1913 3510 memetipsum

329 3507 530 3574 iuravi,
580 3512 700 3566 dicit
729 3514 992 3573 Dominus.
1025 3519 1157 3576 Vide
1189 3525 1456 3592 quomodo
1497 3528 1549 3582 in
1579 3507 1826 3588 sermone
1852 3548 1912 3590 se

329 3598 572 3657 demittat
612 3605 865 3662 Dominus
895 3627 910 3663 :
957 3609 1059 3665 Per
1085 3616 1426 3686 rnemetipsum
1445 3659 1460 3682 ,
1491 3619 1688 3689 inquit,
1721 3624 1906 3693 iuravi,

329 3694 646 3750 utconlidas
695 3701 913 3755 omnino
965 3713 1218 3759 eventura
1267 3707 1359 3761 tibi
1407 3726 1524 3778 qua:
1573 3727 1602 3766 a
1654 3729 1740 3769 me
1768 3716 1908 3771 dicta

327 3794 476 3839 sunt.
509 3786 947 3858 Quandoquidem
992 3796 1135 3848 enim
1178 3810 1300 3850 cum
1344 3797 1585 3856 homines
1632 3806 1908 3874 promissis

323 3871 622 3942 iuramenta
651 3876 880 3943 addunt,
913 3889 1036 3936 tunc
1053 3883 1376 3940 stabiliorem
1393 3871 1651 3958 accipiunt
1682 3895 1906 3960 promis-

324 3968 530 4019 sionem
577 3966 612 4020 ii
639 3968 831 4037 quibus
861 3971 1189 4040 promittitur
1217 3993 1229 4028 :
1263 3988 1546 4046 capropter
1569 3990 1624 4036 et
1652 3983 1904 4042 Dominus

325 4053 553 4112 humana
599 4075 726 4115 usus
770 4065 1154 4120 consuetudine
1183 4067 1350 4137 inquit
1380 4087 1394 4124 :
1426 4070 1528 4125 Per
1559 4077 1903 4146 memetipsum

324 4144 487 4198 iuravi
509 4188 524 4210 ,
572 4165 630 4202 eo
683 4153 819 4220 quod
855 4153 1011 4222 fecisti
1041 4160 1241 4210 verbum
1270 4161 1402 4226 hoc,
1431 4171 1474 4215 et
1505 4179 1604 4217 non
1635 4144 1903 4235 pepercisti

321 4241 428 4306 [ilio
450 4253 534 4296 tuo
555 4243 734 4298 dilecto
765 4258 966 4319 propler
1005 4267 1102 4305 me.
1143 4251 1429 4308 Considera
1452 4297 1466 4320 ,
1497 4257 1753 4326 obsecro,
1785 4261 1896 4316 cle-

320 4335 573 4388 incutiam
631 4337 860 4393 Domini.
911 4340 1030 4395 Non
1081 4347 1371 4412 perpercisti
1415 4349 1522 4416 ﬁlio
1570 4360 1656 4406 tuo
1711 4354 1892 4409 dilecto

316 4435 523 4491 propter
548 4443 640 4479 me.
667 4429 912 4484 Attamen
935 4431 1109 4487 vivum
1132 4435 1305 4504 ipsum
1333 4439 1557 4494 reducit.
1585 4441 1702 4498 Non
1731 4459 1894 4510 evenv

318 4525 429 4569 tum
455 4519 739 4585 respicias,
781 4520 1000 4588 dilecte,
1059 4525 1150 4580 sed
1196 4529 1522 4586 voluntatem
1567 4543 1621 4588 et
1659 4545 1893 4592 mentem

314 4605 490 4667 disce,
544 4621 646 4675 qua
687 4609 802 4664 sine
848 4612 955 4665 ullo
999 4615 1271 4671 ratiocinio
1320 4621 1568 4677 mandata
1619 4625 1888 4695 implebat.

313 4698 582 4764 Quantum
613 4699 754 4752 enim
789 4700 853 4754 ad
885 4703 1207 4762 voluntatem
1254 4712 1474 4777 attinet,
1519 4707 1892 4772 cruentaverat

313 4787 557 4842 dextram
581 4789 900 4857 patriarcha,
933 4803 988 4846 et
1016 4809 1108 4862 per
1130 4800 1390 4855 cervicem
1420 4805 1569 4871 pueri
1599 4807 1891 4864 immiserat

311 4877 564 4944 gladium,
595 4879 994 4950 perfectumque
1019 4883 1614 4949 obtuleratsacrilicium
1649 4914 1659 4947 :
1691 4897 1888 4954 idcirco

315 4967 588 5036 Dominus,
623 4973 772 5042 quasi
800 4975 1056 5028 sacriﬁcio
1079 4991 1136 5030 re
1163 4977 1272 5045 ipsa
1304 4996 1688 5053 consummato,
1709 4989 1889 5046 laudat

307 5059 508 5127 justum
531 5103 548 5127 ,
575 5073 628 5116 et
652 5065 815 5119 dicit:
853 5065 972 5120 Non
1003 5071 1266 5138 pepercisti
1287 5074 1392 5140 [ilio
1435 5087 1518 5131 tuo
1546 5081 1730 5136 dilecto
1765 5103 1886 5153 pro-

311 5160 422 5217 plt‘r
480 5168 574 5204 me.
603 5153 680 5206 Tu
722 5157 936 5224 quidem
982 5173 1085 5210 non
1128 5163 1402 5228 pepercisti
1450 5178 1666 5237 propter
1707 5189 1885 5229 meum

312 5239 652 5304 mandatum;
685 5258 783 5311 ego
809 5257 983 5300 autem
1011 5251 1220 5316 peperci
1240 5263 1452 5320 propter
1473 5265 1614 5312 tuam
1633 5261 1886 5318 obedien-

311 5331 456 5383 tiam.
489 5331 710 5400 Propter
731 5335 864 5389 hanc
889 5347 1031 5391 tuam
1057 5339 1411 5399 obedientiam
1439 5354 1489 5399 te
1517 5363 1880 5420 remunerans,

309 5419 610 5476 Beuedicam
651 5434 725 5491 te,
779 5437 825 5480 et
880 5429 1218 5496 multiplicans
1248 5433 1590 5502 multiplicabo
1637 5451 1703 5494 te.
1755 5419 1884 5500 \‘ide

311 5516 632 5568 cumulatam
660 5515 1078 5573 benediCtionem
1113 5539 1128 5575 :
1154 5523 1252 5577 hoc
1277 5535 1359 5579 est
1385 5544 1398 5578 :
1429 5528 1670 5597 Amplius
1700 5535 1881 5588 multi-

313 5607 519 5673 plicabo
552 5625 731 5664 semen
761 5621 929 5666 tuum.
966 5613 1059 5668 llic
1107 5616 1246 5670 enim
1277 5619 1365 5687 qui
1415 5636 1507 5688 per
1556 5625 1879 5682 voluntatem

311 5705 452 5750 tnam
481 5700 690 5752 occisus
710 5711 810 5767 est,
840 5704 889 5755 in
923 5712 1118 5758 Lautam
1159 5709 1544 5770 multitudinem
1577 5721 1883 5788 prOpagabit

313 5803 493 5843 semen
541 5799 684 5842 tuum
709 5833 721 5856 ,
753 5801 806 5846 ut
844 5794 1009 5849 stellis
1037 5805 1086 5849 et
1119 5812 1294 5854 arena:
1343 5801 1726 5874 aqunandnm
1773 5815 1879 5881 sit,

1333 394 1400 451 ΙΝ
1438 395 1592 451 CAP.
1637 393 1817 449 XXIII.
1861 375 2107 448 GENES.
2148 392 2374 450 lIOMIl..
2419 391 2649 450 XLVIII.

3480 382 3482 384 ’
3530 385 3638 450 ζει

2057 506 2128 561 Et
2156 525 2326 563 omnes
2352 520 2521 581 gentes
2569 511 2622 564 in
2646 508 2832 564 semine
2859 516 2945 563 tuo
2971 506 3350 564 benedicenda:
3401 507 3535 574 sint,
3578 525 3638 563 eo

2053 600 2188 669 quod
2216 602 2403 656 audisti
2426 619 2593 655 vocem
2639 618 2817 657 meam.
2870 601 2994 655 Ilznc
3038 601 3252 667 omnia,
3307 601 3511 673 inquit,
3543 601 3637 655 tibi

2054 692 2106 745 in
2134 692 2623 748 obedientizetanta:
2648 691 2949 748 mercedem
2980 691 3226 746 aderunt.

2124 783 2340 838 bloralis
2367 785 2753 839 exhortatio.—
2781 785 2991 856 Ergone
3038 785 3262 854 plurima
3303 784 3458 839 nobis
3495 784 3634 839 bona
3667 863 3670 866 .

1996 910 2002 916 -
2051 874 2104 929 id
2135 875 2414 941 conciliat,
2467 877 2607 946 quod
2645 877 2925 932 obedimus
2964 878 3072 930 Deo
3100 885 3153 930 et
3200 875 3480 945 praeceptis
3517 876 3633 943 ejus

2049 966 2511 1036 obtemperamns,
2567 979 2620 1023 et
2670 968 2806 1022 sicut
2853 968 3149 1038 patriarcha
3195 968 3317 1031 ille,
3369 967 3632 1020 curiosius

2049 1072 2156 1111 non
2202 1059 2546 1128 inquirimus.
2581 1075 2744 1129 quare
2795 1060 2914 1114 talia
2951 1059 3019 1112 ab
3051 1073 3114 1113 eo
3163 1059 3419 1127 imperata
3469 1058 3575 1110 sint
3611 1075 3628 1112 :

2046 1149 2140 1203 sed
2184 1157 2241 1202 ut
2269 1151 2400 1220 grati
2430 1151 2568 1204 servi
2614 1151 2892 1219 implenms
2935 1150 3181 1204 mandata
3206 1189 3221 1214 ,
3261 1150 3629 1218 rationemque

2046 1257 2230 1296 eorum
2275 1243 2623 1313 relinquimus
2669 1243 2928 1296 Domino?
2967 1242 3020 1297 Si
3065 1243 3224 1312 igitur
3262 1241 3339 1296 sic
3376 1241 3625 1294 docueri-

2044 1350 2164 1389 mus
2223 1336 2611 1405 nosmetipsos,
2664 1336 2954 1406 potcrimns
2986 1345 3042 1389 et
3083 1335 3324 1388 eamdem
3371 1333 3622 1387 obedien-

2046 1425 2169 1479 tiam
2194 1425 2464 1490 exhibere,
2489 1441 2644 1495 quam
2667 1425 2839 1495 justus
2866 1425 2953 1479 ille
2972 1468 2986 1490 ,
3020 1425 3340 1494 easdemque
3368 1424 3623 1492 consequi

2042 1533 2285 1572 coronas.
2309 1517 2585 1586 Quomodo
2605 1527 2779 1571 autem
2809 1517 3152 1572 obediemus?
3173 1518 3227 1572 Si
3250 1517 3492 1571 mandata
3506 1517 3620 1585 ejus

2040 1624 2203 1678 opere
2243 1610 2729 1679 adimpleverimus.
2762 1608 2881 1664 Non
2909 1609 3041 1662 enim
3082 1609 3370 1673 auditores,
3414 1608 3616 1678 inquit,

2039 1699 2163 1769 legis
2189 1700 2624 1769 justi/icabuntur,
2665 1701 2753 1754 sed
2790 1705 3006 1770 factores
3036 1699 3212 1770 (Rom.
3255 1699 3310 1752 2.
3343 1698 3451 1776 l5).
3486 1697 3618 1765 Qurc

2037 1795 2179 1847 enim
2209 1793 2407 1847 utilitas
2423 1835 2437 1859 ,
2461 1793 2505 1848 si
2535 1793 2770 1863 quotidie
2791 1793 3090 1858 audiamus,
3117 1800 3171 1846 et
3191 1807 3352 1863 opera
3375 1791 3617 1861 negliga-

2036 1884 2187 1937 mus?
2217 1883 2338 1938 Ideo
2365 1899 2480 1949 oro,
2510 1893 2567 1938 ut
2593 1883 2658 1938 ad
2685 1883 2885 1954 agenda
2903 1899 3064 1952 opera
3089 1883 3226 1938 bona
3270 1882 3614 1941 festinemus;

2038 1990 2210 2044 neque
2236 1975 2376 2028 enim
2397 1976 2553 2030 aliter
2577 1977 2800 2030 salutem
2821 1975 3072 2044 consequi
3104 1988 3384 2044 possumus
3413 1991 3427 2025 :
3463 1981 3519 2026 ut
3560 1983 3617 2027 et

2034 2075 2251 2136 peccata
2282 2075 2460 2119 nostra
2504 2066 2818 2132 abluamus,
2857 2077 2911 2122 et
2953 2067 3237 2122 clementia
3286 2066 3495 2120 Domini
3525 2064 3612 2119 di-

2034 2157 2122 2225 gni
2154 2157 2461 2221 babeamur,
2488 2157 2655 2225 gratia
2681 2165 2732 2212 et
2760 2157 3187 2212 miserationibus
3203 2157 3415 2212 Domini
3444 2168 3610 2211 nostri

2031 2247 2156 2302 Jesu
2199 2246 2428 2312 Christi,
2481 2262 2601 2301 cum
2641 2262 2746 2316 quo
2797 2247 2937 2302 Patri
2985 2258 3039 2303 et
3065 2259 3250 2304 sancto
3297 2248 3612 2318 vivilicoqne

2033 2338 2254 2408 Spiritui
2285 2339 2356 2392 sit
2379 2337 2542 2407 gloria
2569 2379 2583 2405 ,
2612 2353 2753 2394 nunc
2775 2348 2829 2394 et
2853 2353 3082 2410 semper,
3115 2349 3168 2394 et
3192 2340 3248 2394 in
3275 2340 3470 2395 sa'cula
3499 2355 3604 2396 sa:-

2033 2429 2294 2483 culorum.
2327 2430 2514 2484 Amen.

2536 2498 2812 2555 HOMILIA
2862 2499 3092 2556 XLVIII.

2032 2591 2415 2660 Responderunt
2449 2601 2614 2644 autem
2643 2591 2737 2660 ﬁlii
2761 2591 2884 2646 Chet
2916 2593 2984 2645 ad
3019 2593 3272 2646 Abraham
3299 2633 3311 2657 ,
3357 2604 3405 2648 et
3446 2595 3602 2648 dixe.

2097 2697 2255 2739 runt:
2287 2685 2393 2739 Rea:
2419 2702 2449 2738 a
2487 2683 2594 2740 Deo
2629 2702 2680 2739 cs
2712 2695 2765 2739 tu
2809 2687 2860 2739 iu
2885 2685 3046 2751 nobis,
3075 2687 3127 2740 in
3161 2687 3327 2741 electis
3355 2688 3600 2758 sepulcris

2096 2782 2278 2834 nostris
2306 2781 2459 2850 sepeli
2487 2789 2739 2834 mortuunt
2766 2789 2905 2834 tuum
2931 2778 3080 2850 (Gen.
3109 2779 3201 2834 23.
3233 2781 3286 2834 5.
3318 2779 3397 2850 6).

2098 2895 2149 2947 l.
2186 2893 2401 2947 Vidistis
2432 2893 2543 2948 beri
2565 2933 2580 2958 ,
2602 2892 2778 2948 dilecti
2804 2935 2818 2960 ,
2849 2892 3164 2962 patriarchm
3194 2893 3551 2948 fortitudinem
3582 2911 3598 2948 :

2025 2983 2229 3038 vidistis
2269 2985 2498 3037 animam
2553 2983 2829 3038 adamante
2881 2982 3218 3048 solidiorem,
3283 2984 3592 3053 quomodo,

2022 3081 2275 3143 quantum
2304 3072 2354 3126 in
2389 3074 2502 3142 ipso
2517 3083 2648 3138 erat,
2679 3073 2748 3128 ob
2778 3088 3020 3144 magnam
3049 3073 3102 3128 in
3126 3073 3289 3128 Deum
3317 3074 3597 3128 caritatem

2021 3163 2270 3218 sacerdos
2302 3163 2392 3216 ﬁlii
2422 3163 2588 3218 factus
2614 3172 2697 3217 est
2716 3205 2731 3229 ,
2769 3172 2823 3218 et
2851 3165 3122 3234 proposito
3149 3162 3361 3234 quidem
3401 3178 3596 3218 cruen-

2020 3257 2149 3309 tavit
2173 3255 2432 3318 dextram,
2455 3255 2880 3326 sacriliciumque
2909 3256 3131 3312 obtulit:
3155 3272 3250 3326 per
3275 3255 3596 3312 inell‘abilem

2017 3354 2192 3400 autem
2225 3345 2642 3400 misericordiam
2683 3346 2776 3401 Dei
2801 3347 2948 3401 salvo
2991 3356 3043 3402 et
3078 3362 3208 3402 sano
3239 3346 3345 3402 tilio
3381 3361 3480 3404 suo
3505 3363 3594 3403 re-

2016 3446 2172 3506 cepto
2210 3436 2400 3502 rediit,
2434 3445 2488 3491 et
2531 3445 2747 3506 propter
2786 3437 3108 3492 voluntatem
3145 3437 3464 3507 praedicatus
3509 3449 3596 3494 est

2012 3543 2315 3599 coronaque
2360 3527 2553 3598 fulgida
2605 3527 2910 3593 redimitus,
2954 3537 3010 3584 et
3055 3544 3320 3586 summum
3363 3544 3590 3599 agonem

2012 3620 2266 3683 certavit,
2290 3635 2351 3673 ac
2387 3635 2482 3689 per
2510 3620 2688 3674 omnia
2724 3621 2969 3689 pietatem
2997 3620 3187 3674 mentis
3212 3635 3323 3675 sua:
3346 3619 3590 3674 declara-

2011 3713 2105 3764 vit.
2135 3712 2419 3766 Videamus
2449 3722 2502 3767 ot
2526 3712 2684 3768 hodie
2713 3723 2957 3782 quantam
2978 3713 3152 3782 justus
3172 3713 3260 3767 ille
3289 3711 3378 3765 lilii
3403 3727 3588 3767 curam

2011 3803 2271 3856 habuerit.
2311 3803 2441 3856 Nam
2466 3817 2743 3873 poStquam
2765 3819 2794 3857 a
2825 3805 3084 3858 sacriﬁcio
3122 3805 3214 3858 illo
3243 3819 3380 3858 novo
3408 3813 3461 3858 et
3487 3805 3585 3857 ad—

2011 3893 2236 3947 mirabili
2265 3893 2454 3956 rediit,
2486 3895 2691 3962 excepit
2716 3911 2836 3948 eum
2887 3895 3058 3949 Same
3096 3895 3268 3948 luctus
3296 3911 3308 3946 :
3341 3909 3460 3948 cum
3490 3909 3586 3948 au-

2008 3992 2113 4038 tem
2134 3984 2371 4053 pctiisset
2392 3999 2420 4036 a
2441 3984 2559 4038 filiis
2573 3984 2708 4038 Chct
2727 3999 2883 4055 posse
2913 3984 3114 4038 sionem
3135 3983 3385 4052 sepulcri,
3401 3992 3583 4051 empto

2006 4077 2123 4134 loco
2145 4117 2159 4141 ,
2189 4077 2435 4144 deposuit
2481 4087 2765 4143 mortuam,
2796 4086 2850 4132 et
2889 4077 2989 4131 hoc
3025 4077 3338 4146 principium
3371 4091 3585 4146 posses-

2002 4167 2168 4222 sionis
2237 4166 2396 4220 habet
2452 4165 2746 4236 patriarcha
2808 4168 2993 4221 mortis
3045 4167 3219 4222 Sarra:
3271 4168 3575 4223 occasione.

1999 4258 2301 4312 Monstrans
2324 4259 2462 4312 enim
2492 4259 2642 4312 nobis
2660 4258 2926 4326 Scriptura
2955 4258 3128 4312 divina
3151 4258 3279 4327 justi
3303 4259 3576 4325 virtutem,

2001 4363 2226 4417 cumque
2255 4349 2390 4402 sicut
2434 4349 2772 4418 peregrinum
2812 4359 2866 4403 ct
2895 4349 3294 4403 advenam‘toto
3339 4357 3578 4417 tempore

1998 4441 2192 4507 fuisse,
2217 4442 2318 4496 hoc
2345 4458 2557 4512 quoque
2583 4443 2896 4513 signiﬁcavit
2917 4483 2934 4510 ,
2969 4453 3025 4497 ut
3045 4443 3311 4498 discamus
3335 4459 3458 4499 eum
3483 4448 3576 4514 qui

1999 4540 2144 4586 tanto
2170 4548 2404 4600 superno
2449 4533 2698 4601 praesidio
2726 4533 3018 4600 fruebatur,
3041 4543 3097 4590 et
3123 4535 3200 4589 sic
3246 4535 3466 4590 illustris
3492 4534 3575 4589 fa-

1995 4632 2110 4678 ctus
2144 4633 2302 4693 atque
2346 4624 2396 4678 in
2451 4633 2647 4678 tantam
2700 4623 3090 4680 multitudinem
3145 4624 3370 4679 dill'usus
3417 4633 3571 4690 erat,

1994 4717 2265 4784 proprium
2289 4717 2587 4785 sepulcrum
2617 4731 2719 4770 non
2741 4715 3039 4784 possedisse
3057 4756 3073 4782 ,
3097 4717 3232 4772 sicut
3257 4732 3396 4772 nunc
3419 4717 3573 4773 multi

1993 4807 2226 4873 faciunt,
2253 4823 2408 4876 agros
2433 4819 2487 4862 et
2513 4807 2699 4870 villas,
2742 4807 3104 4877 inﬁnitamque
3131 4808 3290 4861 aliam
3318 4807 3569 4861 substan-

1993 4900 2119 4954 tiam
2164 4899 2439 4968 possidere
2464 4901 2757 4954 studentes.
2785 4900 2958 4956 Multis
2995 4902 3136 4957 enim
3179 4902 3339 4956 animi
3369 4900 3573 4953 divitiis

1991 4989 2282 5052 fruebatur,
2313 4999 2368 5044 et
2403 4990 2471 5044 de
2519 4991 2638 5045 aliis
2663 5006 2768 5046 non
2813 5001 2931 5048 erat
2957 4995 3164 5048 anxius.
3217 4991 3450 5047 Audiant
3475 4991 3567 5058 qui

1989 5091 2211 5152 repente
2258 5092 2311 5135 et
2340 5082 2390 5135 in
2422 5097 2526 5135 uno
2559 5084 2814 5152 temporis
2843 5093 3114 5137 momento
3140 5082 3375 5142 omnium
3425 5082 3564 5136 bona

1989 5173 2311 5233 eorradunt.
2353 5180 2409 5226 et
2457 5173 2682 5243 ubique,
2723 5183 2781 5228 ut
2832 5176 2902 5227 ita
2949 5173 3156 5236 dicam,
3188 5172 3425 5226 avaritia:
3454 5185 3564 5226 sum

1988 5264 2472 5333 concupiscentiam
2533 5265 2861 5329 extendunt,
2917 5265 3294 5332 imitenturque
3337 5262 3564 5332 patriar-

1987 5356 2142 5412 cham
2169 5395 2186 5422 ,
2217 5356 2307 5424 qui
2333 5371 2400 5409 ne
2423 5357 2634 5424 quidem
2685 5357 2866 5409 habuit
2911 5357 3084 5410 locum
3139 5356 3190 5408 in
3234 5370 3340 5426 quo
3385 5356 3560 5412 Sarrae

1987 5447 2272 5501 collocaret
2299 5446 2579 5516 reliquias.
2612 5447 2705 5500 sed
2753 5456 2877 5501 tunc
2922 5447 3188 5516 primum,
3238 5446 3452 5517 quando
3495 5448 3559 5504 ab

1989 5539 2100 5608 ipsa
2123 5539 2439 5592 necessitate
2463 5539 2768 5608 compulsus
2794 5547 2906 5602 est,
2948 5540 3077 5593 emit
3115 5555 3298 5610 agrum
3327 5549 3384 5595 et
3432 5554 3547 5608 spe~

1989 5632 2196 5686 Inncam
2222 5645 2250 5682 a
2278 5631 2396 5690 IiIiis
2422 5630 2576 5685 Chct.
2604 5630 2732 5684 Nam
2761 5630 2901 5700 quod
2931 5632 3234 5701 spectabilis
3252 5641 3397 5690 esset
3416 5635 3558 5702 apud

1986 5721 2340 5784 Chananmos,
2397 5721 2516 5774 audi
2566 5721 2700 5776 filios
2743 5721 2879 5778 Chet
2927 5723 3006 5777 ad.
3044 5739 3166 5782 eum
3195 5726 3467 5790 dicentes,
3498 5725 3554 5780 6.

1988 5813 2097 5868 Rex
2125 5815 2155 5866 it
2185 5812 2288 5866 Deo
2317 5830 2366 5866 es
2394 5823 2444 5866 tu
2475 5814 2523 5866 in
2577 5813 2745 5882 nobis,
2777 5815 2829 5869 in.
2857 5816 3022 5870 electis
3077 5821 3323 5888 sepulcris
3357 5825 3554 5877 nostris
