4072 6216
387 221 484 278 4⁸5⁷2

383 352 501 391 item
537 349 704 388 meam
728 373 746 400 ,
788 341 836 387 et
867 328 986 385 inde
1013 327 1226 399 accipies
1251 343 1457 380 uxorem
1505 324 1614 392 ﬁlio
1648 338 1756 375 meo
1805 319 1970 374 Isaac.

386 425 579 482 Vidisti
607 423 914 479 mandatum
941 419 1288 491 patriarchae,
1308 416 1448 488 quod
1474 415 1669 468 famqu
1693 410 1880 466 dedit?
1910 413 1979 463 At

386 537 458 574 tte
503 515 862 588 perfunctorie
891 522 1175 583 pnctercas
1204 511 1377 576 dicta,
1418 508 1512 563 sed
1547 507 1717 573 uerita
1747 512 1978 558 mentem

383 621 442 665 et
471 609 800 681 propositum
823 605 990 676 justi,
1017 613 1072 658 et
1099 601 1313 657 attende
1342 599 1610 670 quomith
1640 605 1846 651 veteres
1871 608 1977 647 non

386 703 702 772 «tuterebant
739 697 1090 753 substantiam
1131 693 1353 748 multam
1375 733 1390 758 ,
1439 706 1546 745 not.
1582 688 1790 743 divitias
1813 727 1830 751 ,
1871 700 1978 740 ιι‹ιι

385 807 593 857 servos,
626 806 730 844 non
762 799 838 844 tot
859 799 915 842 ct
943 795 1019 841 tot
1039 785 1224 855 jugera
1254 783 1387 852 agri,
1417 796 1519 835 non
1545 791 1781 834 externa:
1809 793 1975 830 venu-

389 884 539 938 statis
570 883 828 940 formam.
860 879 954 934 sed
990 878 1184 932 animae
1216 871 1661 944 pulchritudinem
1689 879 1745 924 et
1767 882 1974 922 morum

388 976 742 1030 nobilitatem.
789 971 920 1026 Nam
952 970 1201 1040 quoniam
1229 965 1438 1021 videbat
1473 962 1758 1032 nequitiam
1789 973 1972 1014 eorum

382 1067 474 1135 qui
504 1067 558 1120 in
585 1065 888 1120 Cltananzca
920 1059 1246 1123 habitabant,
1291 1057 1466 1111 sciens
1495 1064 1750 1123 quantuut
1779 1049 1974 1103 bcttum

384 1161 455 1214 sit
477 1159 759 1228 conjugent
795 1155 992 1208 habere
1023 1151 1208 1206 iisdem
1238 1149 1474 1202 moribus
1498 1144 1801 1216 prmditam,
1831 1155 1972 1208 prae-

382 1252 514 1321 cipit
545 1264 721 1312 servo,
751 1255 805 1301 et
829 1247 1186 1313 juratneutuut
1215 1241 1451 1302 adhibet,
1484 1246 1536 1290 ut
1566 1252 1629 1290 ex
1659 1251 1752 1288 sua
1778 1247 1973 1300 cogna-

385 1343 532 1396 tione
560 1355 779 1394 uxoretu
816 1338 993 1391 lsaaco
1020 1335 1245 1389 adducat
1281 1351 1292 1386 :
1324 1345 1496 1400 neque
1527 1325 1858 1381 intervallum
1892 1323 1971 1375 Io-

379 1449 567 1489 corum
594 1474 608 1497 ,
653 1447 824 1496 neque
862 1430 978 1482 alia:
1005 1427 1341 1482 difficultates
1363 1437 1579 1492 segnem
1616 1434 1741 1474 cum
1789 1417 1839 1470 in
1893 1415 1972 1469 his

381 1525 612 1581 reddunt
642 1543 653 1577 :
685 1523 778 1578 Sed
810 1523 985 1576 sciens
1011 1521 1086 1575 rei
1118 1519 1510 1578 necessitatem,
1547 1527 1758 1567 omnem
1787 1524 1969 1564 curam

381 1627 440 1671 et
481 1617 713 1670 studium
744 1614 992 1678 adhibet,
1025 1628 1086 1665 ac
1115 1611 1273 1664 mittit
1303 1607 1673 1661 domesticum.
1706 1602 1970 1658 Czetcrum

378 1707 680 1778 patriarcha
708 1707 955 1758 virtutem
985 1713 1186 1756 tantum
1211 1699 1369 1753 animi
1395 1709 1658 1766 qua-reus,
1691 1704 1744 1747 el
1769 1693 1965 1746 abhor-

378 1815 507 1852 t'etts
528 1814 556 1850 a
581 1797 871 1849 vicinorum
895 1794 1116 1854 tttalitia,
1143 1791 1210 1844 ita
1240 1789 1452 1860 quidem
1480 1803 1536 1840 se
1556 1785 1722 1855 gerit;
1748 1793 1800 1836 at
1829 1796 1969 1836 nunc

375 1904 570 1945 omnes
601 1886 901 1957 ltujusutodi
929 1885 1287 1939 conditionem
1314 1898 1379 1935 ue
1401 1880 1694 1949 cogitarent
1713 1876 1926 1946 quidem
1949 1891 1964 1927 ;

379 1997 505 2034 nam
538 1981 638 2034 etsi
672 1980 810 2033 vitiis
839 1977 1132 2031 innumeris
1158 1975 1310 2044 plena
1339 1974 1426 2034 sit,
1459 1972 1560 2026 hoc
1588 1971 1759 2023 solum
1791 1969 1967 2037 inqui-

375 2081 524 2137 rtntt,
553 2082 803 2140 quantum
842 2067 1076 2122 abundet
1105 2065 1379 2135 pecuniis;
1432 2071 1621 2116 ca'tera
1658 2060 1836 2113 omnia
1876 2074 1971 2128 po-

372 2165 602 2217 steriore
633 2163 750 2216 loco
779 2161 996 2224 habent,
1032 2159 1329 2212 nescientes
1349 2173 1428 2224 se,
1460 2157 1503 2209 si
1536 2169 1687 2209 mens
1715 2168 1966 2223 perversa

369 2255 480 2317 sit,
513 2254 634 2307 licet
661 2253 934 2307 immensa:
961 2249 1182 2304 aflluant
1207 2247 1404 2302 divitiae
1424 2290 1437 2312 ,
1471 2248 1577 2300 cito
1599 2247 1649 2300 in
1672 2255 1965 2300 extremam

373 2355 636 2400 venturos
666 2344 897 2413 inopiam
926 2360 940 2397 ;
967 2352 1021 2396 et
1045 2341 1173 2395 nihil
1205 2339 1508 2410 profuturas
1529 2351 1678 2407 Opes,
1707 2353 1827 2392 cunt
1859 2351 1965 2388 non

368 2440 446 2494 sit
471 2439 541 2492 ibi
573 2452 723 2492 mens
749 2453 866 2506 qua:
900 2436 1034 2489 bene
1057 2433 1172 2487 illas
1201 2433 1511 2501 dispensare
1538 2447 1607 2500 qu
1643 2439 1716 2483 at.

447 2533 502 2584 5.
533 2529 724 2584 Verum
767 2527 1063 2597 patriarcha
1091 2540 1251 2580 servo
1289 2533 1596 2577 accuratum
1624 2521 1778 2576 dedit
1807 2537 1963 2575 utan-

368 2621 556 2675 datum
584 2663 600 2685 ,
629 2631 682 2674 et
704 2619 1020 2688 juratnentis
1058 2633 1181 2670 eum
1207 2615 1510 2669 adstrinxit.
1548 2612 1833 2666 Videamus
1872 2626 1966 2664 au-

370 2723 487 2769 tem
535 2726 675 2765 nunc
706 2719 760 2765 et
787 2710 923 2763 servi
955 2709 1301 2778 probitatem,
1333 2705 1600 2775 quomodo
1642 2703 1755 2756 heri
1799 2703 1965 2771 pieta-

369 2815 480 2859 tem
512 2802 845 2856 itttit;tttts.-it.
870 2797 1001 2853 Nam
1034 2808 1308 2869 postquam
1337 2796 1467 2850 vidit
1488 2805 1592 2849 tattt
1615 2795 1753 2850 serio
1765 2795 1962 2862 justum

369 2896 477 2949 sibi
533 2893 854 2962 praecipere,
901 2891 1032 2945 dicit
1069 2891 1118 2944 ei
1153 2889 1245 2944 :5.
1276 2889 1335 2942 Si
1380 2905 1479 2940 non
1530 2887 1742 2940 voluerit
1786 2886 1966 2939 mulier

370 2986 544 3040 venire
568 3000 758 3036 mecum
781 3024 794 3046 ,
824 2983 897 3036 vis
923 2982 1087 3050 ﬁlium
1119 2992 1260 3034 tuum
1285 2981 1337 3034 in
1372 2990 1591 3043 terram,
1619 2979 1751 3032 unde
1788 2979 1963 3044 existi,

372 3076 654 3130 inducant?
681 3073 748 3129 Ut
775 3090 842 3126 ne
862 3114 875 3138 ,
915 3072 1115 3142 inquit,
1147 3071 1193 3124 si
1220 3071 1505 3124 difficultas
1527 3069 1698 3138 aliqua
1734 3068 1929 3122 incidat
1948 3109 1964 3134 ,

370 3165 750 3235 transgrediar
773 3164 1016 3220 mandata
1064 3172 1150 3216 tua
1177 3181 1191 3215 :
1226 3177 1353 3231 rogo
1376 3203 1390 3225 ,
1419 3160 1544 3231 quid
1589 3160 1856 3228 Oportebit
1881 3175 1968 3214 me

371 3258 660 3311 observare
684 3296 698 3317 ,
726 3265 780 3310 et
802 3270 942 3309 nunc
975 3253 1145 3322 placet
1173 3253 1266 3306 tibi
1289 3260 1346 3305 ut.
1367 3251 1492 3304 illuc
1521 3249 1677 3304 abeat
1703 3249 1848 3303 Isaae
1871 3293 1883 3312 ,
1911 3259 1968 3303 et

371 3358 588 3418 accepta
616 3363 810 3416 sponsa
837 3346 1056 3410 redeat,
1081 3347 1268 3398 sinon
1288 3343 1535 3407 voluerit,
1568 3352 1628 3396 ut
1660 3341 1962 3406 mandasti,

374 3441 559 3495 venire
602 3439 850 3495 mecum?
877 3438 1016 3504 Quid
1065 3438 1223 3508 igitur
1264 3437 1477 3507 justus?
1508 3437 1739 3506 Denegat
1783 3435 1884 3490 hoc
1912 3445 1967 3490 et

374 3532 504 3586 dicit
532 3550 544 3583 :
570 3531 602 3584 ὃ
628 3530 840 3584 Attende
866 3529 978 3592 tibi;
1009 3546 1070 3583 ne
1094 3531 1279 3582 educas
1302 3529 1464 3596 ﬁlium
1491 3544 1655 3580 meum
1683 3528 1824 3580 illuc.
1848 3527 1964 3581 Non

375 3625 479 3678 erit
507 3624 597 3676 tibi
621 3622 720 3676 hac
743 3639 799 3676 re
824 3621 1093 3692 Opus.Qui
1123 3621 1267 3674 enim
1293 3621 1420 3674 mihi
1445 3621 1546 3675 hoc
1575 3620 1838 3689 pollicitus
1859 3630 1960 3685 est,

374 3724 433 3770 et
477 3714 720 3784 promisit
753 3727 937 3767 semen
983 3711 1100 3781 ejus
1143 3713 1212 3764 ita
1266 3711 1752 3780 multiplicaudum,
1804 3713 1964 3766 etiaut

376 3805 586 3860 cttrahit
636 3803 736 3857 huc
763 3813 814 3856 ιιι
849 3817 1100 3872 prospere
1139 3801 1409 3856 succedat.
1444 3800 1526 3854 Ne
1564 3803 1723 3871 igitur
1745 3802 1970 3855 abducas

376 3896 502 3950 illuc
548 3896 712 3964 ﬁlium
765 3910 948 3947 meum.
986 3889 1038 3946 7.
1091 3891 1342 3946 Dominus
1395 3892 1534 3946 Deus
1582 3895 1692 3946 cieli
1737 3903 1785 3948 et
1828 3893 1967 3950 Deus

379 3999 544 4040 terrte.
600 3985 728 4040 Vide
784 3983 1053 4053 quomodo
1098 3984 1344 4052 superius
1397 3999 1610 4037 servum
1663 3984 1964 4054 adjurans,

379 4079 552 4147 ipsum
581 4076 650 4130 de
671 4075 909 4130 omnium
932 4075 1221 4129 (londitore
1247 4074 1476 4127 instituit
1506 4091 1520 4126 :
1545 4083 1599 4128 et
1617 4090 1757 4129 nunc
1784 4090 1967 4142 preca-

377 4179 528 4222 tarus
557 4168 745 4222 iterum
764 4208 778 4230 ,
808 4167 996 4220 eadem
1029 4165 1191 4220 verba
1235 4163 1366 4218 dicit
1393 4180 1409 4219 ;
1435 4180 1529 4234 per
1548 4165 1726 4219 omnia
1749 4180 1962 4220 servum

375 4260 608 4321 docens,
655 4267 712 4311 ut
760 4257 948 4312 fiducia
998 4257 1048 4310 in
1095 4272 1216 4311 eum
1266 4256 1451 4324 plenus
1488 4256 1590 4310 iter
1630 4257 1882 4326 arripiat,
1914 4267 1966 4311 et

375 4351 445 4403 de
493 4350 640 4402 bono
677 4349 754 4402 rei
817 4350 960 4402 exitu
1011 4347 1147 4402 bene
1187 4355 1388 4416 speret.
1433 4347 1600 4401 Docet
1641 4347 1785 4401 euint
1845 4364 1965 4403 etnu

376 4451 631 4511 quantam
658 4441 784 4494 olint
810 4440 878 4494 ab
904 4441 1057 4494 initio
1086 4439 1511 4494 benevolentiam
1537 4439 1629 4494 Dei
1659 4439 1921 4496 invenerit
1947 4483 1963 4508 ,

373 4547 429 4587 et
453 4551 576 4588 eum
608 4534 696 4602 qui
727 4550 756 4586 a
778 4532 939 4587 domo
962 4543 1179 4602 paterna
1201 4546 1260 4588 se
1278 4533 1599 4599 evocaverit,
1630 4545 1680 4589 ct
1710 4550 1876 4604 usque
1899 4535 1966 4589 ad

380 4629 484 4680 hoc
529 4637 738 4695 tempus
779 4626 848 4678 ita
887 4626 1259 4695 gubernaverit
1281 4668 1297 4690 ,
1326 4626 1543 4697 jamque
1571 4629 1623 4682 iu
1651 4637 1755 4682 tam
1774 4644 1963 4698 prove-

377 4727 462 4771 cta
511 4725 725 4771 senecta
766 4715 912 4769 Isaac
941 4716 1143 4770 dederit
1169 4757 1185 4781 ,
1221 4733 1472 4786 prospera
1513 4720 1673 4773 etiam
1704 4736 1824 4790 qua:
1867 4720 1964 4774 ad.-

380 4812 483 4865 Ituc
536 4811 843 4876 restabant,
889 4809 1147 4864 facturum
1189 4826 1329 4866 esse.
1378 4811 1626 4866 Dominus
1670 4812 1843 4879 Deus,
1888 4816 1968 4869 itt-

375 4903 511 4971 quit,
539 4901 651 4956 cadi
667 4911 712 4955 et
737 4911 902 4966 (errat,
918 4901 1008 4973 qui
1025 4903 1295 4970 assumpsit
1316 4919 1394 4956 me
1409 4914 1472 4958 de
1485 4905 1636 4958 domo
1664 4909 1823 4975 patris
1849 4909 1966 4971 mei,

381 5005 428 5045 et
458 4994 520 5046 de
544 5004 676 5048 terra
711 4995 762 5047 in
792 5011 892 5055 qua
921 5006 1070 5047 natus
1096 5010 1208 5048 sum
1232 5035 1250 5059 ,
1285 4996 1371 5048 ille
1399 4997 1504 5066 ipse
1526 4999 1610 5065 qui
1633 4999 1869 5066 loquutus
1894 5009 1965 5053 est

382 5085 504 5136 mihi
533 5086 702 5138 dicens
731 5101 750 5140 :
779 5084 893 5138 Tibi
921 5085 1052 5138 dabo
1075 5095 1262 5138 terram
1291 5085 1421 5138 hanc
1445 5097 1492 5140 et
1513 5089 1690 5142 semini
1717 5099 1804 5142 tuo
1829 5105 1850 5142 :
1878 5090 1966 5145 ille

382 5177 470 5245 qui
518 5189 714 5231 tantam
755 5194 879 5248 erga
933 5194 1018 5232 me
1055 5178 1347 5232 declaravit
1379 5178 1756 5250 benignitatem
1783 5193 1836 5238 et
1865 5199 1964 5237 cu-

385 5284 496 5322 rant
521 5312 534 5334 ,
568 5271 676 5338 ipse
726 5270 885 5323 mittet
915 5279 1148 5341 angelum
1187 5287 1335 5324 suum
1356 5280 1473 5324 ante
1515 5281 1590 5338 te,
1615 5282 1662 5326 et
1690 5273 1808 5326 inde
1830 5275 1966 5327 acci-

388 5362 495 5428 pies
521 5363 628 5428 [ilio
659 5378 768 5415 meo
802 5379 1029 5416 uxorem.
1060 5362 1380 5428 Confidens,
1411 5363 1600 5434 inquit,
1629 5365 1713 5418 abi
1743 5383 1755 5420 :
1787 5374 1966 5421 certus

382 5453 522 5506 enim
570 5468 686 5507 sunt
734 5469 856 5510 eum
906 5455 993 5525 qui
1048 5457 1206 5509 tantis
1247 5473 1331 5512 me
1401 5457 1672 5513 beneficiis
1713 5457 1968 5516 hactenus

385 5553 738 5614 prosequutus
764 5555 873 5612 est,
908 5547 1173 5616 prioribus
1198 5550 1357 5604 etiam
1401 5549 1528 5605 illud
1559 5549 1885 5614 additurum,
1914 5562 1969 5607 et

384 5636 670 5694 missurum
694 5640 937 5711 angelum
970 5657 1123 5697 suum
1146 5654 1270 5699 ante
1301 5653 1368 5700 te.
1401 5643 1515 5718 Ipse
1540 5686 1558 5715 ,
1587 5644 1792 5715 inquit,
1823 5644 1959 5700 viam

1371 210 1437 269 IN
1475 209 1623 267 CAP.
1668 205 1853 262 XXIV.
1896 205 2138 261 GENI‘JS.
2184 203 2415 262 IIO.\|IL.
2459 205 2686 262 XLVIII.

2094 317 2185 370 tibi
2235 320 2555 388 pratparabit
2599 321 2651 376 in
2682 321 2956 389 omnibus,
2992 340 3320 397 uxoremque
3351 331 3443 388 tibi
3488 347 3666 393 notam

2087 407 2266 471 faciet,
2301 417 2357 462 ut
2385 419 2602 480 accepta
2632 426 2694 466 ca
2721 411 2824 466 huc
2851 413 3058 470 redeas.
3096 416 3248 484 Quod
3277 420 3323 474 si
3354 426 3622 496 contingat
3648 468 3666 492 ,

2088 497 2228 568 quod
2273 499 2450 565 absit,
2481 510 2537 554 ut
2585 502 2877 558 reluctetur
2908 519 3041 560 uxor
3071 507 3254 564 venire
3290 510 3421 577 huc,
3463 516 3670 574 alienus

2085 591 2192 644 eris
2213 605 2240 644 a
2270 592 2644 650 maledictione
2660 595 2968 665 jurantenti.
2991 599 3046 653 8.
3067 598 3111 652 Τ
3107 611 3290 657 autum
3315 607 3479 675 ﬁlium
3505 626 3669 668 meum

2084 689 2205 734 utuc
2241 698 2305 735 ne
2327 682 2565 738 abducas.
2592 685 2804 741 Nullum
2825 689 2967 743 enim
3003 690 3132 746 tttilti
3157 692 3372 751 dubium
3395 707 3506 764 εει,
3539 704 3666 771 quin

2086 772 2342 829 Dominus
2362 776 2589 831 secunda
2611 778 2699 832 tibi
2722 778 3087 837 faciatomnia.
3109 785 3393 844 Declaraus
3406 804 3664 859 quantum

2083 863 2278 919 divinae
2327 868 2576 936 potentia:
2628 869 2785 935 ﬁdat,
2821 873 3066 940 prohibet
3103 891 3353 946 servum,
3386 897 3454 938 ne
3499 885 3667 942 filiuni

2084 952 2175 1006 illo
2201 954 2434 1010 inducat.
2459 958 2671 1025 Postea,
2702 976 2823 1015 cum
2853 963 3137 1034 diligenter
3165 970 3469 1028 mandasset
3486 989 3665 1043 servo,

2083 1063 2318 1119 curaque
2369 1066 2493 1105 eunt
2534 1053 2854 1118 liberasset;
2884 1058 3172 1114 verebatur
3214 1063 3358 1117 enim
3388 1081 3578 1124 servus
3605 1085 3672 1124 tte

2083 1141 2339 1196 mandato
2363 1159 2466 1196 non
2510 1144 2726 1214 impleto
2751 1149 2966 1215 pcrjurii
2998 1166 3120 1205 reus
3162 1151 3349 1208 ﬁeret:
3382 1156 3436 1210 9.
3468 1156 3666 1220 Posito.

2082 1231 2251 1301 inquit
2271 1273 2285 1297 ,
2315 1251 2467 1287 manu
2496 1252 2588 1288 sua
2632 1236 2804 1290 subter
2845 1242 3024 1310 feritur,
3047 1243 3240 1312 juravit
3269 1246 3314 1298 ei
3339 1262 3490 1316 super
3518 1251 3666 1304 verba

2081 1325 2198 1392 hoc,
2231 1327 2372 1395 quod
2405 1329 2570 1384 lilium
2593 1346 2746 1384 suum
2768 1333 2892 1390 illuc
2915 1351 3020 1390 non
3049 1337 3338 1395 abduceret
3366 1341 3535 1399 Isaac.
3567 1345 3660 1399 Vi-

2080 1414 2203 1469 disti
2233 1418 2503 1486 quomodo
2533 1421 2599 1475 ab
2624 1421 2774 1476 initio
2795 1440 2982 1480 servus
3023 1426 3333 1488 iudicaverit
3358 1448 3508 1488 suam
3539 1452 3663 1505 erga

2080 1505 2356 1562 dominuut
2380 1510 2834 1568 benevolentiam?
2864 1515 2996 1571 Vide
3015 1533 3154 1573 nune
3184 1523 3453 1590 quomodo
3479 1541 3541 1579 ea
3574 1541 3664 1594 pa-

2080 1599 2327 1654 triarcha:
2351 1601 2591 1658 doctrina
2641 1605 2830 1660 melior
2850 1608 3114 1675 evaserit,
3148 1618 3200 1664 et
3230 1611 3464 1668 imitatus
3505 1614 3667 1671 fuerit

2071 1691 2200 1760 justi
2235 1693 2483 1761 pietatem
2531 1705 2692 1766 atque
2737 1699 3066 1769 religionem.
3101 1703 3184 1757 l0.
3233 1705 3465 1774 Acceptis
3488 1707 3620 1761 enim
3647 1749 3663 1772 ,

2076 1782 2265 1851 ittquit,
2289 1800 2461 1838 seruus
2481 1785 2649 1841 decem
2689 1791 2896 1844 camelis
2916 1831 2930 1855 ,
2965 1802 3010 1844 et
3040 1793 3103 1846 de
3127 1793 3355 1850 omnibus
3381 1796 3521 1852 bonis
3551 1815 3666 1863 quia

2075 1875 2267 1928 domini
2293 1877 2371 1930 sui
2396 1888 2540 1932 erant
2564 1921 2579 1944 ,
2625 1885 2842 1936 surrexit
2870 1891 2916 1936 et
2958 1885 3210 1954 profectus
3238 1898 3309 1942 est
3347 1889 3398 1942 iu
3429 1889 3665 1961 Μρεορο-

2076 1968 2286 2021 tamiam
2309 1971 2360 2023 in
2398 1971 2651 2024 civitatem
2679 1971 2911 2038 Nachor,
2947 1977 3028 2030 Il.
3063 1987 3106 2029 et
3135 1980 3421 2034 recumbere
3438 1981 3670 2035 camelos

2075 2061 2192 2130 fecit
2221 2071 2364 2114 extra
2389 2063 2637 2116 civitatem
2651 2066 2806 2136 juxta
2824 2078 3028 2135 puteum
3048 2086 3195 2139 aqua:
3218 2073 3438 2142 vesperi,
3460 2075 3678 2142 quando.

2075 2153 2398 2222 egrediuntur
2434 2165 2712 2224 aquaturw.
2787 2158 2871 2212 l2.
2919 2157 2985 2212 Et
3028 2162 3197 2217 dixit:
3259 2162 3474 2218 Domine
3525 2165 3662 2219 Deus

2075 2243 2266 2296 demitti
2288 2245 2383 2297 mei
2423 2245 2697 2300 Abraham.
2745 2248 2877 2304 Vide
2923 2254 3074 2305 servi.
3107 2253 3450 2321 probitatem.
3505 2257 3663 2312 Orbis

2075 2333 2359 2389 Dominum
2389 2352 2419 2390 a
2463 2337 2762 2406 patriarcha
2811 2342 3049 2395 nominat
3078 2359 3090 2396 :
3123 2341 3339 2398 Domine
3367 2346 3507 2400 enim
3530 2389 3544 2409 .
3579 2347 3661 2402 itt-

2074 2427 2206 2494 quit,
2240 2427 2374 2480 Deus
2403 2429 2596 2482 domini
2627 2432 2722 2483 mei
2771 2431 3065 2498 Abraham,
3106 2433 3196 2503 qui
3240 2443 3382 2489 tanta
3428 2437 3478 2490 itt
3513 2438 3661 2492 illum

2075 2520 2653 2575 beneﬁcia-contulisti.
2686 2522 2750 2576 Et
2775 2523 2900 2592 quid
2927 2525 3135 2580 miraris
3162 2527 3206 2580 si
3237 2543 3422 2584 servus
3443 2544 3566 2584 eunt
3589 2530 3671 2584 ita.

2074 2621 2226 2665 vocat
2252 2612 2416 2666 Deum
2444 2611 2740 2667 Abraham?
2769 2614 2883 2682 Ipse
2908 2617 3156 2671 omnium-
3177 2617 3318 2673 Dotts
3360 2631 3666 2678 monstrans

2073 2703 2344 2774 quomodo
2380 2703 2650 2774 justorum
2682 2705 2930 2760 virtutem
2977 2706 3154 2776 magni
3207 2707 3400 2776 faciat,
3458 2711 3664 2781 inquit,

2076 2794 2186 2865 Ego
2237 2813 2348 2850 sum
2375 2793 2516 2851 Deus
2544 2796 2799 2850 Abraham
2829 2809 2876 2852 et
2906 2797 3045 2853 Deus
3082 2797 3236 2853 Isaac
3254 2810 3302 2855 et
3337 2801 3474 2857 Deus
3502 2801 3665 2858 Jacob

2078 2886 2270 2959 (Exod.
2319 2889 2372 2942 ὅ.
2427 2887 2506 2956 6).
2557 2888 2623 2943 Et
2653 2888 2783 2943 dicit
2829 2887 3090 2943 :Domine
3134 2889 3276 2945 Deus
3321 2891 3515 2946 domini
3568 2893 3667 2947 mei

2073 2980 2327 3034 Abraham
2349 3022 2366 3045 ,
2411 2997 2646 3049 prospere
2675 2979 2838 3050 dirige
2864 2997 3034 3034 coram
3064 2997 3143 3035 me
3163 2981 3313 3036 hodie
3335 3023 3351 3049 ,
3385 2992 3430 3036 et
3452 2987 3538 3054 fac
3563 2984 3665 3036 mi-

2073 3070 2400 3124 scricordiam
2415 3087 2530 3123 cum
2555 3070 2758 3123 domino
2787 3087 2896 3124 meo
2919 3070 3175 3124 Abraham
3195 3088 3214 3134 ;
3237 3072 3387 3141 quasi
3412 3070 3617 3126 diceret
3644 3089 3662 3126 :

2075 3161 2179 3215 Fac
2208 3171 2264 3216 ut
2292 3162 2613 3232 impleantur
2641 3178 2704 3216 ea
2734 3177 2852 3232 qua:
2882 3162 2969 3216 ille
2991 3162 3120 3228 vult,
3151 3170 3206 3216 et
3225 3162 3518 3218 secundum
3547 3167 3669 3234 ejus

2073 3255 2391 3309 sententiam
2445 3270 2699 3325 prospera
2747 3253 2832 3310 fac
2860 3257 3060 3310 omnia.
3108 3253 3219 3308 Fac
3262 3256 3665 3310 misericordiam

2072 3363 2186 3398 cum
2231 3346 2440 3402 domino
2468 3362 2577 3399 meo
2601 3345 2879 3398 Abraham.
2921 3343 3058 3412 Quid
3079 3353 3160 3400 est
3183 3386 3198 3409 ,
3234 3343 3343 3398 Fac
3371 3345 3661 3399 miscricor-

2073 3437 2254 3490 diam?
2283 3435 2400 3489 Voti
2433 3445 2739 3506 compotem
2769 3451 2890 3491 eum
2937 3435 3040 3490 fac.
3074 3435 3275 3492 Deinde
3323 3436 3496 3506 inquit
3519 3479 3533 3502 ,
3568 3437 3660 3492 13.

2077 3527 2205 3581 Ecce
2229 3543 2320 3598 ego
2348 3537 2424 3580 sto
2473 3538 2679 3598 propter
2703 3527 2894 3597 fontem
2939 3542 3084 3596 aqua:
3107 3567 3120 3592 ,
3149 3527 3272 3595 ﬁlia:
3308 3537 3474 3580 autem
3519 3527 3666 3580 habi-

2073 3620 2288 3673 tantium
2323 3619 2574 3672 civitatem
2613 3619 2938 3688 egrediuntur
2969 3627 3024 3671 ut
3051 3619 3292 3671 hauriant
3331 3635 3537 3686 aquam.
3571 3619 3658 3673 Iit.

2074 3711 2142 3765 Et
2159 3713 2250 3766 erit
2267 3713 2407 3782 uirgo
2431 3712 2511 3764 cui
2532 3728 2624 3780 ego
2647 3712 2823 3765 dixero
2845 3727 2864 3764 :
2880 3709 3079 3764 Inclina
3096 3710 3331 3781 hydriam
3357 3719 3494 3763 luant
3522 3710 3658 3763 utbie

2073 3802 2207 3869 bam,
2226 3813 2271 3855 et
2296 3802 2478 3855 dixerit
2496 3801 2638 3862 mihi,
2657 3800 2800 3864 Bibe,
2827 3811 2872 3854 et
2893 3801 3108 3856 camelos
3132 3812 3243 3856 tuos
3256 3801 3457 3872 potabo,
3485 3818 3662 3872 usque‘

2073 3911 2170 3964 quo
2186 3894 2350 3948 bibere
2362 3909 2534 3947 omnes
2550 3902 2762 3956 cessent;
2783 3892 2926 3946 illaut
2938 3895 3237 3963 prwparasti
3257 3911 3413 3964 puero
3441 3903 3528 3948 tuo
3547 3892 3571 3946 Ι
3579 3910 3636 3946 sa
3649 3923 3662 3932 -

2073 4004 2165 4044 ac:
2190 3997 2236 4042 et
2265 3988 2315 4040 in
2334 3988 2428 4040 hac
2453 4001 2772 4057 cognoscam,
2796 3987 2930 4057 quod
2954 3987 3348 4042 misericordiam
3379 3989 3554 4059 feceris
3580 3987 3665 4042 do-

2074 4080 2209 4132 mino
2239 4094 2348 4131 meo
2371 4077 2645 4130 Abraham.
2679 4076 2812 4131 Vide
2840 4076 2979 4131 servi
3003 4076 3355 4146 prudentiam.
3379 4076 3510 4132 Nant
3537 4079 3660 4147 quia

2075 4178 2295 4226 noverat
2329 4166 2643 4238 patriarcha:
2691 4166 3134 4236 hospitalitatem,
3162 4176 3218 4223 et
3253 4168 3376 4238 quia
3403 4168 3661 4239 virginem

2075 4263 2198 4318 inde
2211 4260 2504 4317 ducendam
2525 4275 2618 4328 par
2631 4267 2746 4315 erat
2766 4258 2951 4314 iisdem
2967 4275 3088 4314 esse
3106 4259 3378 4328 prteditam
3403 4259 3661 4325 moribus,

2073 4354 2267 4425 quibus
2292 4353 2470 4422 justus
2497 4353 2585 4406 ille
2618 4369 2632 4406 :
2666 4350 2866 4404 nullam
2898 4351 3058 4404 aliaat
3095 4350 3460 4419 conjecturam
3491 4348 3662 4420 inqui-

2075 4447 2172 4508 rit,
2201 4443 2295 4498 sed
2318 4444 2683 4497 characterem
2712 4441 2980 4511 virginalis
3011 4440 3172 4494 animi
3202 4455 3266 4494 ex
3302 4439 3662 4509 hosttitalitato

2072 4536 2326 4606 colligere
2353 4535 2480 4599 vult,
2506 4544 2561 4589 et
2587 4533 2757 4604 inquit
2785 4549 2800 4590 :
2831 4533 2886 4588 Si
2914 4532 3126 4602 quando
3155 4546 3256 4603 ego
3279 4548 3470 4603 aquattt
3497 4532 3565 4587 ab
3601 4548 3663 4588 ea

2077 4630 2313 4699 petivero
2337 4669 2351 4692 ,
2385 4609 2444 4681 et
2491 4627 2710 4681 inclinet
2754 4624 2883 4678 mihi
2933 4623 3175 4693 ltydriam
3208 4639 3222 4677 :
3251 4633 3305 4678 et
3352 4639 3458 4678 non
3489 4623 3662 4678 solum

2075 4720 2233 4774 faciat
2255 4717 2394 4789 quod
2428 4717 2671 4788 petierim
2695 4757 2712 4782 ,
2744 4715 2844 4769 sed
2867 4715 3027 4769 etiam
3059 4713 3350 4770 candorem
3375 4730 3440 4770 sc
3462 4715 3658 4769 libera-

2076 4815 2276 4869 litateut
2305 4816 2497 4868 utentis
2526 4828 2638 4867 sua:
2661 4811 2924 4876 declaret,
2955 4810 3206 4882 dicatque
3237 4829 3250 4866 :
3285 4811 3455 4865 Etiam
3477 4825 3659 4864 came-

2075 4907 2156 4962 los
2186 4917 2306 4962 tuos
2325 4905 2534 4976 aquaho
2550 4945 2566 4968 ,
2590 4920 2799 4960 morum
2822 4919 3042 4960 suorum
3069 4902 3532 4961 mansuetudinem
3573 4916 3660 4955 sa-

2076 4999 2144 5054 tis
2165 5014 2231 5054 ex
2257 5013 2407 5067 aqua:
2435 4997 2714 5066 largitione
2739 4997 2995 5052 ostendit.

2145 5091 2200 5146 4.
2234 5089 2632 5153 Animadverte,
2657 5089 2904 5156 obsecro,
2935 5087 3232 5150 carissime,
3265 5092 3522 5154 quantum
3551 5082 3666 5138 fue-

2077 5183 2179 5245 rit,
2217 5182 2358 5251 quod
2391 5182 2537 5253 virgo
2569 5190 2748 5237 tenera
2780 5193 3030 5252 aquatum
3072 5180 3308 5249 profecta
3342 5194 3447 5230 non
3488 5176 3663 5230 soluat

2075 5272 2321 5327 aunuerit
2359 5274 2476 5342 ejus
2537 5273 2812 5341 petitioni,
2861 5281 2916 5326 et
2961 5270 3267 5337 deposuerit
3308 5271 3376 5323 ab
3428 5269 3664 5322 humeris

2079 5365 2413 5438 bydriam,et
2433 5364 2508 5419 ad.
2526 5367 2834 5420 societatem
2864 5362 3149 5433 priehuerit
3173 5362 3370 5432 petenti
3400 5360 3515 5416 viro
3545 5376 3664 5431 pcr-

2075 5456 2260 5527 egrino
2293 5465 2350 5510 et
2376 5469 2594 5526 prorsus
2639 5455 2819 5524 ignoto
2849 5472 2862 5507 :
2896 5462 3056 5522 atque
3096 5469 3201 5509 non
3242 5454 3416 5509 solum
3466 5453 3539 5507 illi
3568 5453 3664 5506 de-

2075 5549 2236 5610 derit,
2264 5547 2357 5602 sed
2383 5558 2435 5602 et
2455 5545 2691 5601 camelos
2721 5560 2909 5603 omnes
2932 5546 3230 5614 aquaverit,
3258 5555 3310 5600 et
3337 5561 3430 5614 per
3456 5561 3516 5599 ea
3545 5560 3664 5612 qua:

2083 5642 2288 5700 ﬂebant
2334 5642 2709 5698 monstraverit
2754 5641 2946 5700 anima:
2982 5652 3095 5694 sua:
3139 5639 3537 5712 ingenuitatem.
3587 5640 3672 5694 Au

3572 226 3672 282 £58
3731 241 3737 252 ‘
