4072 6216
513 190 624 250 L39

509 304 728 364 nescitis
751 303 895 375 quod
934 305 1081 361 multi
1109 305 1268 361 etiam
1308 307 1406 361 viri
1433 306 1697 376 denegaut
1729 321 1873 376 saepe
1893 317 2082 378 peten-

514 401 659 456 tibus
683 399 844 456 talia?
868 400 935 456 Et
956 400 1082 471 quid
1107 399 1229 455 dico
1254 399 1322 454 de
1346 413 1480 468 aqua
1519 414 1638 469 qua:
1669 398 1974 469 praebetur?
2005 400 2092 456 ln-

515 492 727 548 tardum
751 508 872 548 cum
901 491 1044 548 faces
1068 499 1272 556 tenent,
1299 498 1353 543 et
1378 488 1446 542 ab
1473 489 1850 545 accedentibus
1874 501 2094 546 orantur

516 597 574 640 ut
599 587 868 657 paulisper
885 591 1216 654 exspectent,
1242 595 1352 651 quo
1377 581 1556 635 lumen
1581 581 1912 650 accendant,
1944 583 1997 638 id
2018 583 2094 637 la-

518 691 642 731 rere
661 683 906 737 renuunt,
942 669 1150 726 tametsi
1181 669 1313 724 nihil
1342 669 1468 724 inde
1495 670 1764 726 minuatur
1789 671 1926 740 ignis
1951 713 1968 739 ,
1995 672 2095 727 etsi

521 765 784 820 innumeri
813 765 918 827 sint
933 761 1019 832 qui
1044 759 1346 821 accendere
1363 760 1550 816 velint.
1581 761 1678 816 ilic
1706 770 1887 817 autem
1907 771 1961 817 et
1984 777 2101 816 mu-

522 858 619 912 lier
639 866 693 912 et
721 854 916 926 puella,
938 852 1179 924 hydriam
1204 867 1416 923 quoque
1443 868 1606 923 super
1631 853 1881 909 humeros
1901 853 2099 920 iereus,

522 961 632 1000 non
653 943 826 999 solum
853 957 962 998 non
989 943 1250 1012 gravatim
1279 942 1400 998 tulit
1439 942 1581 1013 quod
1608 942 1675 997 ab
1701 957 1762 998 ea
1792 951 2100 1013 peteretur:

525 1035 622 1091 sed
658 1043 714 1090 et
743 1033 861 1105 plus
887 1048 1046 1103 quam
1089 1034 1309 1103 petitum
1336 1042 1449 1088 erat
1492 1033 1757 1088 concessit
1788 1041 1886 1088 :et
1921 1042 2103 1103 potum

525 1126 693 1193 dedit,
725 1135 784 1180 ut
809 1124 1046 1196 petebat,
1076 1133 1238 1194 atque
1265 1139 1327 1179 ex
1359 1123 1537 1193 seipsa
1561 1123 1722 1178 etiam
1751 1124 1988 1179 camelos
2007 1139 2108 1194 po-

529 1230 647 1276 tare
667 1219 900 1275 festinat.
944 1220 1219 1274 Annuerat
1244 1218 1386 1273 enim
1415 1217 1676 1289 benignus
1703 1218 1844 1274 Deus
1878 1219 2109 1290 patriar-

528 1310 645 1368 cha:
671 1310 936 1381 precibus,
956 1310 1252 1380 angeioque
1278 1323 1378 1364 suo
1404 1309 1588 1374 misso,
1607 1309 1786 1364 omnia
1815 1309 1903 1364 illa
1928 1310 2112 1380 dispo-

529 1403 637 1460 suit
665 1402 778 1458 llcrl
816 1402 955 1457 sicut
979 1415 1168 1457 servus
1203 1402 1481 1470 petiverat.
1511 1399 1642 1455 Dein
1672 1407 1958 1471 postquam
1983 1400 2114 1456 vidit

530 1509 592 1550 re
619 1494 732 1564 ipsa
761 1507 951 1564 preces
977 1490 1296 1562 patriarcha:
1314 1489 1585 1556 efﬁcaces,
1614 1498 1668 1546 et
1694 1490 1926 1546 obtinuit
1949 1490 2114 1561 virgi-

540 1599 663 1646 nem
691 1599 848 1656 quam
874 1583 1112 1654 optabat,
1143 1581 1387 1651 ill-iusque
1410 1580 1656 1635 eximiam
1679 1580 1810 1635 vidit
1836 1581 2117 1652 hospitali-

537 1684 734 1740 tatem,
782 1673 905 1728 vide
946 1673 1076 1744 quid
1119 1671 1208 1738 ﬁt;
1239 1670 1367 1726 dicit
1405 1669 1547 1726 enim
1572 1687 1586 1724 :
1616 1669 1708 1726 20.
1753 1669 2034 1726 Festinavit
2074 1680 2121 1726 et

536 1772 797 1826 eraeuaait
838 1787 1023 1841 aquam
1061 1770 1116 1824 in
1133 1769 1337 1825 canales
1357 1808 1374 1834 ,
1403 1778 1450 1822 et
1474 1767 1690 1824 cucurrit
1711 1767 1779 1819 ad
1809 1775 2036 1834 puteum,
2064 1771 2121 1817 ut

531 1863 768 1920 ltauriret
806 1879 1026 1932 aquam,
1048 1869 1096 1916 et
1120 1860 1320 1932 («quatit
1361 1876 1531 1916 sumes
1569 1859 1788 1914 camelos
1828 1860 1957 1930 ejus.
1987 1856 2123 1914 Vide

536 1955 1022 2026 locupletissimatn
1045 1954 1538 2024 promptitudinem.
1554 1953 1658 2008 Per
1680 1951 1785 2007 hoc
1811 1951 1956 2007 enim
1981 1948 2125 2022 quod

544 2044 941 2115 ait,Festinaoit,
951 2055 996 2101 et
1006 2046 1260 2101 mcuaeit
1271 2047 1524 2118 hydriam,
1533 2056 1578 2100 et
1589 2046 1804 2101 cucurrit
1816 2044 1885 2098 ad
1899 2052 2123 2116 puteum,

530 2148 874 2211 monstratur
915 2140 1106 2210 puella:
1143 2154 1354 2194 summa
1395 2139 1643 2194 alacritas
1672 2155 1687 2192 :
1718 2137 1843 2208 quia
1870 2149 2046 2206 neque
2072 2142 2130 2190 ut

547 2231 720 2291 aliena
747 2231 982 2303 aufugit,
1023 2247 1196 2303 neque
1220 2240 1479 2303 prmtestu
1523 2228 1862 2286 continentiae
1886 2225 2132 2299 petitioni

529 2323 768 2410 irenuit:
808 2325 904 2380 sed
951 2339 1074 2380 cum
1117 2325 1284 2380 multa
1330 2321 1742 2378 mansuetudine
1785 2319 1988 2391 inquit,
2039 2317 2129 2373 i8.

433 2455 446 2465 .
531 2413 692 2480 Bibe,
722 2413 942 2470 domine.
970 2415 1176 2485 Cogita,
1203 2414 1448 2480 obsecro,
1473 2421 1668 2483 quanta
1697 2411 1860 2467 etiam
1887 2424 1951 2465 ea
1977 2415 2134 2464 aetate

549 2505 710 2568 fuerit
733 2506 1075 2562 continentiae
1109 2504 1379 2574 diligentia
1399 2545 1414 2568 ,
1442 2513 1497 2558 et
1526 2501 1802 2556 modestia:
1841 2499 2131 2555 eminentia

536 2595 1036 2673 ’bospitaiitatisque
1057 2595 1372 2665 frequentia.
1395 2592 1598 2660 Quibus
1623 2591 1782 2662 igitur
1801 2589 1992 2661 opibus
2021 2588 2140 2644 hinc

555 2703 662 2748 non
690 2695 816 2742 sunt
840 2687 1152 2758 pretiosiora
1172 2685 1197 2739 ι
1221 2686 1415 2756 quibus
1446 2684 1712 2739 thesauris
1739 2681 1858 2738 haec
1883 2696 1988 2737 non
2015 2689 2142 2737 sunt

555 2777 922 2850 pmfcrcnda?
948 2777 1074 2834 Haec
1115 2792 1321 2832 summa
1347 2775 1446 2832 dos
1469 2818 1482 2842 ,
1509 2775 1623 2830 hate
1659 2773 1940 2830 innumera
1961 2771 2098 2829 bona
2121 2813 2139 2839 ,

554 2867 674 2929 hate
717 2869 1001 2926 thesaurus
1045 2868 1137 2940 qui
1181 2885 1288 2924 non
1336 2867 1688 2924 consumitur.
1735 2866 1938 2923 Videas
1983 2866 2145 2937 igitur

557 2963 796 3035 prudens
839 2977 1027 3019 servus
1071 2961 1406 3018 manifestam
1447 2961 1540 3016 Dei
1593 2960 2010 3030 providentiam,
2045 2957 2140 3014 21.

558 3053 800 3117 Discebat
821 3071 954 3121 eam,
985 3053 1158 3126 inquit
1181 3095 1195 3118 ,
1224 3062 1271 3108 et
1298 3053 1497 3119 silebat,
1530 3063 1584 3106 ut
1607 3053 1755 3107 sciret
1783 3066 2147 3123 prosperumne

562 3145 760 3222 (ecisset
789 3143 1037 3199 Dominus
1073 3145 1171 3198 iter
1195 3161 1376 3211 suum,
1405 3160 1472 3197 an
1513 3160 1634 3198 non.
1660 3142 1798 3212 Quid
1845 3150 1929 3199 est
1978 3140 2105 3196 illud
2127 3182 2143 3208 ,

559 3236 798 3292 Discebat
824 3251 934 3290 eam
953 3234 980 3290 .’
1002 3234 1174 3292 Verba
1201 3235 1312 3305 ipsa
1348 3235 1543 3308 puella:
1589 3228 1874 3306 diligenter
1897 3231 2148 3288 conside.

563 3325 748 3394 rabat,
778 3334 1051 3396 aspectum
1071 3367 1088 3393 ,
1138 3325 1403 3380 incessum
1427 3366 1443 3390 ,
1476 3324 1742 3389 habitum,
1770 3323 1980 3394 aliaque
2030 3333 2149 3376 em-

563 3416 653 3479 nia
685 3435 699 3470 :
730 3425 786 3472 et
810 3415 1181 3486 exspectabat,
1217 3414 1284 3470 Ut
1314 3416 1462 3468 sciret
1501 3430 1572 3468 an
1609 3429 1910 3484 prosperum
1955 3411 2152 3480 fecisset

571 3509 817 3570 Dominus
841 3509 935 3564 iter
953 3525 1120 3576 suum,
1139 3525 1205 3564 an
1231 3525 1354 3563 non.
1381 3507 1514 3568 Nam
1536 3521 1655 3578 qua:
1666 3505 1778 3577 jam
1805 3504 1944 3562 facta
1973 3510 2149 3569 erant,

565 3603 830 3672 insignem
859 3609 916 3657 et
953 3599 1241 3670 plurimam
1273 3598 1492 3670 virginis
1531 3596 1840 3652 indicabant
1876 3594 2148 3648 virtutem.

567 3693 635 3752 Et
656 3691 777 3748 ideo
801 3705 1152 3748 remunerans
1174 3689 1292 3760 ejus
1311 3687 1670 3744 obedientiam
1691 3695 1747 3743 et
1770 3701 1924 3757 aqua
1949 3683 2153 3739 submi-

568 3785 960 3850 nistrationem,
992 3782 1348 3852 circumpenit
1373 3781 1458 3848 ei,
1490 3779 1682 3851 inquit,
1708 3778 1799 3833 ξε.
1824 3777 2042 3836 lusum
2061 3793 2156 3831 au-

568 3895 682 3934 reos
700 3887 747 3934 et
776 3878 908 3933 duas
927 3876 1176 3943 armillas,
1202 3883 1258 3931 et
1280 3874 1566 3945 diligenter
1583 3871 1916 3936 addiscebat,
1939 3885 2060 3940 qua:
2085 3867 2155 3926 ad

568 3974 737 4042 ipsam
767 3971 1133 4042 pertinerent,
1155 3976 1211 4023 et
1237 3967 1496 4038 rogabat,
1525 3965 1617 4020 ἓξ.
1640 3964 1800 4034 Cujus
1826 3979 1879 4017 es
1908 3962 2054 4032 ﬁlis?
2077 3971 2153 4027 et,

572 4063 716 4122 Num
733 4072 806 4117 est
829 4062 968 4131 apud
996 4068 1191 4128 patrem
1213 4067 1355 4112 tuum
1379 4057 1517 4110 locus
1537 4055 1800 4109 diversorii
1816 4055 1842 4108 Ρ
1863 4052 2156 4109 Considera

573 4165 630 4211 ct
661 4154 750 4209 hic
785 4152 977 4224 puella:
1003 4164 1340 4221 responsum.
1367 4147 1500 4203 Nam
1528 4150 1667 4201 sicut
1690 4161 1812 4201 eum
1841 4160 2034 4216 aquam
2066 4160 2158 4216 pe-

575 4255 732 4314 teret,
753 4261 860 4302 non
887 4244 1059 4300 solum
1079 4257 1198 4298 eam
1223 4241 1401 4308 dedit,
1431 4239 1527 4296 sed
1547 4249 1601 4295 et
1623 4238 1859 4296 camelos
1887 4239 2030 4294 illius
2058 4254 2156 4308 po.

575 4338 704 4395 tavit
735 4353 750 4392 :
780 4337 851 4393 ita
878 4343 933 4392 et
957 4335 1042 4390 hic
1063 4375 1078 4400 ,
1109 4341 1334 4405 rogante
1357 4346 1514 4388 servo
1533 4373 1549 4399 ,
1575 4345 1702 4385 num
1723 4337 1868 4385 esset
1893 4331 2042 4385 locus
2060 4369 2076 4396 ,
2105 4335 2162 4384 et

571 4430 726 4500 cujus
754 4436 900 4486 esset
927 4428 1033 4484 ﬁlia
1059 4467 1076 4494 ,
1103 4425 1275 4496 inquit
1298 4467 1313 4491 ,
1339 4425 1430 4480 24.
1457 4423 1599 4478 Filia
1624 4439 1737 4479 sum
1775 4421 2041 4478 Bathuelis
2065 4421 2161 4490 ﬁlii

573 4520 794 4576 Metella:
811 4558 828 4586 ,
855 4533 1000 4589 quem
1026 4516 1218 4588 peperit
1245 4516 1345 4586 ipsi
1373 4513 1605 4570 Nachar.
1637 4514 1776 4569 Dicit
1801 4522 1857 4568 et
1879 4521 2082 4582 patrem
2106 4520 2162 4567 et

572 4624 731 4671 avum
755 4651 771 4677 ,
799 4618 858 4663 ut
900 4607 1005 4667 illis
1032 4607 1259 4679 cognitis
1285 4608 1377 4662 ﬁat
1421 4606 1668 4662 alacrior.
1699 4603 1832 4660 Vide
1873 4603 2160 4659 candorem

574 4702 789 4774 puellae.
818 4702 895 4757 De
921 4709 1076 4774 patre
1097 4710 1334 4771 rogatur,
1363 4707 1419 4756 et
1445 4715 1550 4754 non
1577 4697 1752 4754 solum
1779 4696 1920 4752 hunc
1938 4694 2160 4761 indicat,

572 4793 671 4857 sed
715 4803 771 4850 et
801 4802 1006 4864 patrem
1033 4793 1219 4864 patris.
1249 4790 1461 4847 Etcum
1491 4796 1734 4862 rogasset
1758 4803 1948 4848 servus
1986 4786 2163 4841 solum

574 4904 643 4943 an
683 4895 828 4944 esset
871 4887 1023 4943 locus
1070 4885 1373 4944 divertendi
1399 4927 1415 4950 ,
1445 4885 1532 4939 illa
1569 4880 1951 4940 addidit:Non
1989 4881 2174 4976 solum‘

575 4981 749 5049 locus,
772 4980 868 5036 sed
887 4979 979 5037 25.
1004 4978 1072 5034 Et
1093 4983 1283 5052 fwnum
1303 4989 1351 5032 et
1378 4976 1618 5047 pabulum
1642 4974 1860 5030 multum
1885 4973 2024 5044 apud
2053 4973 2168 5027 nos.

577 5071 705 5130 llzcc
745 5081 806 5128 ut
833 5071 1036 5128 audivit
1060 5085 1278 5138 servus,
1303 5069 1598 5127 admiratus
1635 5076 1722 5125 est
1761 5068 1951 5121 miram
1979 5072 2030 5119 et
2065 5063 2173 5116 Iar-

578 5177 702 5232 gam
739 5164 934 5234 puellas
977 5161 1426 5233 hospitalitatem.
1475 5160 1539 5214 Et
1562 5166 1622 5214 ut
1659 5157 1844 5212 didicit
1872 5171 1932 5212 se
1962 5169 2068 5209 non
2097 5151 2164 5208 ad

580 5255 794 5324 ignotos
823 5253 1088 5326 quosdam
1107 5252 1355 5320 venisse,
1383 5250 1480 5308 sed
1510 5250 1565 5305 in
1591 5249 1810 5306 domum
1841 5245 2056 5308 Nachor
2076 5244 2167 5316 qui

582 5345 750 5407 later
767 5355 886 5404 erat
903 5346 1238 5418 patriarchae,
1266 5345 1360 5404 26.
1394 5343 1509 5400 Hoc
1527 5359 1646 5399 cum
1668 5342 1938 5414 probaret,
1962 5339 2164 5417 inquit,

584 5438 734 5499 homo
760 5439 992 5496 duravit
1020 5438 1320 5495 Dominum.
1358 5436 1701 5494 Exhilaratus
1724 5434 1793 5488 iis
1818 5447 1937 5503 qum
1963 5444 2169 5502 cogno-

583 5541 738 5590 verat
758 5573 776 5601 ,
801 5541 858 5589 et
886 5533 952 5590 iis
980 5547 1100 5606 qua
1140 5531 1242 5603 ipsi
1265 5532 1438 5602 puella
1462 5531 1692 5597 dixerat,
1721 5527 1966 5583 Adet-suit
1991 5523 2172 5579 Denti-

587 5638 732 5693 ttimt.
761 5625 1063 5701 gratiasque
1105 5624 1181 5683 illi
1218 5624 1369 5700 egit,
1394 5639 1460 5681 eo
1487 5622 1630 5696 quod
1656 5623 1708 5679 iu
1736 5617 2090 5692 patriarchae:
2112 5624 2169 5672 et

1232 191 1290 248 S.
1320 193 1595 249 JOANNIS
1629 194 2106 250 CHRVSOSTOMI
2135 195 2451 252 ARCHIEP.
2491 197 3024 255 CONSTANTINOP.

3679 202 3798 259 κο

2196 311 2252 365 in
2280 326 2340 366 se
2368 320 2568 367 tantam
2607 313 2934 370 declarasset
2957 314 3347 385 providentiam
3363 355 3383 380 ,
3411 324 3468 370 et
3493 315 3641 386 quod
3666 331 3805 372 om-

2197 400 2283 454 nia
2313 401 2466 470 plana
2495 411 2549 457 et
2587 401 2758 458 facilia
2790 404 2863 463 illi
2890 405 3245 460 reddidisset:
3275 417 3330 461 ct
3357 405 3490 460 dixit
3519 422 3533 458 :
3559 407 3653 462 27.
3690 405 3806 463 Be-

2196 491 2422 548 nedictus
2450 491 2696 549 Dominus
2723 493 2861 549 Deus
2896 496 3089 550 domini
3117 497 3213 550 arei
3237 497 3495 551 Abraham
3520 539 3534 562 ,
3566 499 3661 567 qui
3688 515 3803 554 non

2199 580 2404 635 abstulit
2421 583 2679 653 justitiam
2703 601 2852 639 suam
2870 597 2916 644 st
2936 588 3188 640 veritatem
3204 604 3239 640 ιι
3260 588 3469 642 domino
3485 604 3618 643 meo.
3643 589 3809 644 Poeta

2201 687 2361 743 quam
2395 672 2525 728 vidit
2568 674 2757 743 puellm
2804 675 3267 740 benevolentiam,
3299 687 3354 732 et
3394 679 3464 738 ab
3510 694 3574 732 ea
3607 680 3809 734 omnia

2203 763 2484 820 manifeste
2509 764 2724 831 didicit,
2756 776 2882 822 tunc
2924 777 2980 823 et
3018 768 3134 838 ipse
3161 769 3352 838 puella:
3378 769 3649 840 signiﬁcat
3675 772 3814 842 quis

2205 862 2350 908 esset
2378 872 2394 909 :
2422 863 2476 910 et
2505 870 2601 926 per
2629 858 2918 926 gratiarum
2955 861 3222 916 actionem
3257 860 3313 916 in
3336 860 3502 916 Deum
3531 862 3719 931 palam
3755 863 3810 919 ei

2209 943 2334 998 facit
2358 960 2418 1000 se
2444 962 2550 1001 non
2571 961 2639 1002 ex
2682 948 2856 1004 aliena
2883 949 3044 1007 domo
3067 952 3280 1020 venire,
3309 953 3404 1007 sed
3438 951 3666 1012 fratrem
3695 955 3812 1009 Na-

2209 1033 2389 1090 choris
2407 1050 2530 1092 esse
2556 1052 2677 1092 eum
2707 1038 2798 1109 qui
2823 1039 2929 1094 huc
2953 1055 3014 1095 se
3050 1041 3308 1097 misisset.
3340 1041 3463 1097 llzec
3486 1043 3573 1099 ubi
3612 1043 3814 1102 didicit

2211 1124 2304 1178 28.
2334 1123 2547 1194 Puella,
2579 1142 2700 1184 cum
2750 1145 2938 1200 magna
2974 1132 3275 1202 voluptate,
3302 1136 3562 1201 cucurrit,
3604 1135 3810 1206 inquit.

2214 1213 2349 1270 Vide
2375 1217 2642 1286 quomodo
2672 1220 2724 1273 in
2753 1221 2976 1291 singulis
3019 1221 3258 1279 declaret
3306 1224 3460 1280 nobis
3513 1225 3815 1294 hospitali.

2216 1305 2340 1362 tatis
2384 1307 2708 1365 alacritatem
2735 1351 2751 1377 ,
2779 1326 2970 1375 cursu,
3003 1313 3178 1370 verbis
3198 1356 3212 1378 ,
3246 1317 3680 1371 mansuetudine.
3712 1319 3823 1371 Cu.

2219 1397 2375 1452 currit
2400 1397 2542 1452 enim
2563 1440 2579 1466 ,
2604 1399 2797 1470 inquit,
2823 1411 2871 1456 et
2895 1404 3208 1458 anmmtiaoit
3234 1405 3286 1458 in
3315 1406 3465 1460 domo
3495 1408 3676 1461 matris
3707 1425 3821 1465 sua

2210 1489 2362 1558 juxta
2381 1489 2528 1543 verba
2553 1491 2679 1546 hac.
2710 1491 2896 1548 Omnia
2912 1511 3026 1564 qua:
3048 1497 3308 1551 audiverat
3339 1513 3369 1552 a
3400 1513 3585 1566 servo,
3614 1515 3822 1570 parcu-

2223 1577 2364 1634 tihus
2409 1581 2744 1651 signiﬁcavit.
2783 1583 2874 1643 29.
2918 1584 2986 1639 Et
3019 1589 3272 1652 cucurrit,
3297 1588 3467 1660 inquit
3491 1632 3506 1656 ,
3539 1589 3724 1646 Laban
3752 1596 3824 1646 ad

2223 1673 2474 1727 hominem
2507 1677 2646 1745 foras
2671 1675 2740 1728 ad
2757 1676 2968 1746 fontem.
2994 1677 3128 1734 Vide
3157 1680 3426 1749 quomodo
3450 1692 3504 1736 et
3533 1681 3622 1738 hic
3649 1697 3822 1738 cursu

2224 1762 2547 1819 desiderium
2577 1781 2732 1821 suum
2759 1777 3020 1824 monstret
3044 1769 3117 1840 (υ.
3149 1771 3266 1840 50).
3299 1769 3368 1826 Ει
3393 1782 3446 1826 ut
3471 1772 3603 1827 vidit
3637 1773 3825 1828 homi-

2227 1871 2349 1910 nem
2381 1865 2608 1911 stantem
2629 1857 2770 1928 apud
2809 1857 3009 1915 fontem
3029 1875 3150 1915 cum
3170 1862 3392 1917 camelis
3415 1904 3430 1930 ,
3452 1863 3544 1918 51.
3565 1863 3712 1918 Dicit
3731 1867 3776 1919 ei
3806 1880 3824 1926 :

2237 1942 2384 2014 Veni,
2411 1946 2692 2018 ingredere;
2721 1948 3006 2004 benedictus
3031 1949 3275 2007 Dominus
3295 1968 3312 2006 :
3329 1969 3421 2007 cur
3443 1955 3572 2025 foris
3593 1957 3828 2010 stetisti?

2229 2035 2345 2108 Ego
2365 2037 2592 2108 disposui
2606 2039 2809 2095 domum
2831 2051 2877 2095 et
2897 2041 3061 2094 locum
3080 2043 3303 2098 cantelis.
3323 2043 3455 2100 Vide
3467 2054 3521 2100 et
3547 2047 3691 2101 hunc
3723 2047 3829 2101 be-

2232 2130 2566 2188 nedicentem
2589 2131 2756 2188 Deum
2783 2132 2834 2187 in
2865 2133 3099 2194 adventu
3130 2135 3394 2206 peregrini
3417 2176 3432 2201 ,
3469 2146 3522 2192 et
3547 2139 3829 2208 quomodo

2232 2228 2518 2291 antequam
2546 2220 2967 2292 hospitalitatem
2996 2225 3245 2294 impleret
3269 2242 3452 2296 opere,
3486 2229 3667 2284 multis
3698 2245 3827 2287 cum

2235 2310 2481 2368 hortatus
2508 2322 2608 2367 est.
2647 2313 2792 2378 Veni,
2819 2314 3008 2385 inquit,
3039 2315 3302 2386 ingredere
3330 2332 3349 2370 :
3371 2316 3480 2387 jam
3507 2318 3653 2375 enim
3683 2318 3830 2376 Prov

2239 2404 2413 2472 paravi
2437 2404 2638 2458 domum
2676 2414 2721 2459 et
2747 2405 2913 2461 locum
2931 2407 3158 2462 camelis.
3188 2407 3390 2464 Deinde
3431 2408 3678 2479 ingresso
3711 2425 3780 2465 eo
3809 2452 3826 2478 ,

2239 2493 2412 2564 inquit
2441 2513 2454 2550 :
2485 2494 2574 2551 52.
2603 2493 2853 2550 Destruit
2895 2498 3115 2552 camelos
3160 2507 3206 2552 et
3253 2499 3387 2554 dedit
3413 2501 3584 2569 paleas
3607 2540 3624 2569 ,
3655 2512 3705 2554 et
3723 2506 3822 2572 [te-

2240 2600 2380 2652 num,
2403 2596 2449 2639 et
2472 2602 2653 2657 aquam
2668 2626 2684 2653 ,
2710 2596 2767 2641 ut
2793 2587 3080 2644 lavarentur
3108 2591 3258 2660 pedes
3281 2592 3407 2660 ejus.

2313 2678 2368 2732 5.
2399 2677 2527 2733 Vide
2546 2678 2815 2748 quomodo
2839 2679 2893 2734 hi
2913 2681 3002 2751 qui
3040 2681 3215 2737 adhuc
3255 2696 3438 2737 errore
3484 2681 3826 2748 tenebantur,

2244 2783 2489 2839 magnam
2511 2768 2884 2840 hospitalitatis
2900 2787 3082 2828 curam
3097 2766 3338 2843 agebant.
3365 2771 3430 2828 Et
3451 2773 3588 2826 dedit
3611 2790 3829 2844 nquam,

2245 2870 2302 2916 ut
2329 2863 2622 2917 lavarentur
2647 2863 2798 2934 pedes
2825 2865 2957 2934 ejus,
2981 2874 3029 2919 et
3055 2866 3206 2934 pedes
3235 2866 3457 2921 uirorum
3487 2870 3574 2936 qui
3613 2883 3729 2920 cuni
3772 2884 3834 2923 ea

2247 2964 2409 3010 erant.
2437 2955 2528 3010 53.
2560 2954 2625 3010 Et
2646 2958 2884 3026 apposuit
2907 2957 2977 3011 eis
3003 2973 3160 3027 partes
3197 2959 3266 3012 ad
3305 2959 3688 3012 comedendum.
3724 2959 3834 3015 Sed

2251 3047 2338 3102 hic
2380 3045 2616 3113 attende,
2669 3048 2916 3115 obsecro,
2960 3064 3205 3119 magnam
3254 3048 3436 3104 famuli
3476 3049 3832 3120 prudentiam.

2249 3138 2386 3206 Quid
2407 3139 2549 3194 enim
2571 3139 2682 3193 ait?
2703 3135 2824 3193 Non
2844 3140 3125 3206 comedam,
3143 3139 3304 3196 donec
3325 3141 3508 3210 loquar
3526 3141 3675 3197 verba
3699 3158 3831 3195 utea.

2253 3228 2360 3283 Vos
2388 3229 2622 3300 quidem,
2648 3230 2837 3301 inquit,
2863 3229 3099 3286 ol‘licium
3119 3239 3359 3289 vestrum
3410 3232 3466 3290 in
3487 3246 3574 3287 me
3627 3234 3834 3302 pncsti~

2254 3319 2392 3375 tistis
2421 3337 2436 3375 ε
2465 3335 2566 3391 ego
2591 3331 2767 3377 autem
2796 3335 3130 3392 nequaquam
3160 3331 3314 3378 antea
3339 3323 3534 3394 quietis
3558 3338 3693 3378 nter:
3741 3338 3833 3378 ra-

2255 3415 2452 3476 tionem
2474 3414 2703 3483 habebo,
2744 3417 2918 3474 donec
2937 3432 3152 3475 causam
3178 3433 3274 3473 vos
3303 3417 3536 3472 docuero
3558 3458 3575 3480 ,
3620 3426 3836 3486 propter

2254 3525 2413 3580 quam
2434 3510 2487 3565 iu
2517 3509 2656 3566 hanc
2675 3511 2813 3566 viam
2840 3511 2940 3566 sint
2963 3511 3179 3578 missus,
3210 3518 3266 3565 et
3292 3525 3460 3580 quare
3479 3525 3510 3564 a
3536 3508 3832 3565 Chananzca

2258 3604 2362 3660 huc
2391 3603 2650 3668 venerim,
2673 3614 2726 3660 et
2742 3603 3012 3674 quomodo
3032 3604 3086 3658 in
3113 3603 3329 3657 domum
3349 3613 3580 3657 vestram
3610 3601 3712 3658 huc
3738 3601 3835 3657 duo

2257 3703 2376 3750 ctus
2400 3695 2522 3760 sim,
2553 3709 2621 3750 ac
2643 3710 2765 3750 cum
2810 3693 2987 3749 omnia
3015 3694 3326 3757 didit-eritis,
3356 3701 3481 3749 tunc
3516 3701 3571 3748 et
3598 3708 3688 3747 vos
3738 3707 3829 3746 ve.

2257 3797 2422 3843 stram
2446 3802 2571 3858 erga
2596 3787 2872 3842 dominum
2900 3802 3076 3842 meum
3111 3785 3536 3842 benevolentiam
3567 3784 3836 3840 declarare

2259 3879 2520 3952 poteritis.
2545 3877 3021 3948 Narrationemquc
3045 3891 3202 3932 orsus
3225 3877 3297 3930 ait
3318 3877 3440 3931 :54.
3465 3876 3652 3930 Servus
3678 3875 3836 3927 Abra-t

2260 3973 2340 4028 lue
2365 3989 2477 4027 sum
2500 3987 2592 4042 ego
2617 3986 2636 4026 :
2666 3971 2754 4026 55.
2783 3969 3034 4024 Dominus
3077 3979 3245 4023 autem
3288 3969 3539 4023 benedixit
3583 3969 3836 4024 dominum

2261 4080 2425 4120 meum
2450 4063 2616 4130 ualde,
2649 4072 2696 4116 et
2725 4062 2926 4116 deditei
2950 4063 2968 4094 ί
3001 4076 3115 4116 oues
3159 4071 3208 4115 et
3246 4060 3449 4126 vitulos,
3476 4076 3656 4114 aurum
3680 4070 3724 4114 et
3753 4076 3837 4110 ar-

2261 4169 2484 4232 gentum,
2517 4172 2685 4212 servos
2704 4165 2752 4210 et
2779 4155 3015 4221 ancillas,
3047 4154 3265 4208 camelos
3308 4163 3356 4207 et
3397 4153 3587 4207 asinos.
3642 4152 3728 4207 56.
3775 4151 3837 4209 Et

2263 4251 2454 4323 peperit
2482 4249 2646 4304 Sarra
2664 4263 2792 4302 ustor
2811 4246 3003 4302 domini
3017 4247 3114 4299 mei
3132 4245 3298 4315 ﬁlium
3315 4261 3472 4299 unum
3489 4244 3690 4298 domino
3708 4261 3835 4306 mea,

2262 4359 2378 4396 cum
2403 4343 2513 4414 ipse
2529 4341 2644 4411 jam
2674 4338 2938 4402 senuisset,
2970 4345 3020 4392 et
3049 4337 3185 4390 dedit
3206 4336 3285 4390 illi
3313 4336 3483 4390 omnia
3528 4350 3838 4403 qwcumqre

2265 4433 2460 4488 habuit.
2483 4432 2615 4488 Vide
2638 4429 2906 4502 quantodo
2926 4444 3046 4485 eum
3065 4427 3338 4500 diligentia
3363 4428 3540 4482 omnia
3553 4428 3629 4482 eis
3641 4437 3835 4480 narrat.

2266 4524 2415 4582 Illius
2442 4539 2582 4589 sum,
2627 4523 2820 4593 inquit,
2852 4519 3082 4576 Abrahai
3105 4535 3314 4586 servus,
3340 4534 3501 4588 quem
3531 4520 3714 4572 uestis.
3747 4517 3837 4570 [ii-

2265 4619 2400 4674 scite
2429 4618 2607 4687 itaque
2631 4623 2881 4684 quantum
2907 4613 2976 4668 ab
3001 4615 3241 4668 omnium
3267 4610 3492 4666 Domino
3518 4607 3836 4665 benedictio-

2266 4727 2392 4768 nem
2414 4719 2774 4781 consequutus
2795 4707 2885 4771 sit,
2915 4707 2990 4763 ita.
3017 4715 3074 4761 ut
3103 4704 3257 4760 valde
3282 4703 3350 4758 sit
3377 4703 3594 4758 ditatus.
3647 4701 3836 4759 Deinde

2267 4804 2466 4860 docens
2491 4802 2793 4858 divitiarum
2846 4798 3073 4868 copiam,
3129 4795 3337 4867 inquit:
3374 4792 3502 4849 Oves
3543 4801 3590 4846 et
3639 4791 3834 4855 situlos,

2267 4906 2532 4969 argentum
2551 4903 2600 4948 et
2628 4908 2833 4958 aurum,
2861 4906 3027 4946 servos
3056 4901 3106 4943 et
3129 4887 3368 4951 ancillas,
3385 4884 3605 4941 camelos
3620 4883 3834 4938 etasiuos

2269 4988 2568 5062 acquisivit.
2598 4986 2813 5050 Audite,
2841 4984 3058 5048 divites,
3084 4981 3174 5050 qui
3198 4989 3274 5034 tot
3297 4989 3354 5034 et
3375 4975 3693 5048 totquotidie
3712 4974 3840 5028 emi-

2269 5083 2338 5138 tis
2359 5079 2578 5152 pnedia,
2605 5087 2661 5134 et
2693 5077 2878 5132 balnea
2917 5090 2980 5130 ac
3019 5071 3392 5129 deambulacra
3443 5080 3496 5124 et
3549 5064 3841 5138 splendidas

2273 5177 2461 5235 domos
2485 5171 2781 5227 aadilicatis.

2343 5265 2546 5321 Divitiae
2566 5279 2668 5318 non
2707 5260 2760 5314 in
2799 5256 3072 5330 superﬂuis
3097 5252 3465 5324 impendenda
3506 5280 3579 5296 -ν
3605 5247 3795 5304 Videtis
3823 5287 3837 5312 ,

2273 5358 2329 5416 in
2357 5357 2549 5428 quibus
2571 5352 2770 5411 divitiae
2791 5351 2923 5422 justi
2963 5347 3160 5403 fuerint
3197 5343 3540 5404 constitutae?
3587 5339 3836 5410 Nusquam

2337 5490 2354 5518 ³
2383 5485 2467 5535 Sic
2489 5485 2638 5536 etiam
2663 5481 2710 5532 in
2735 5479 2888 5530 Savil.
2927 5477 2983 5528 lu
3021 5480 3165 5526 textu
3189 5487 3317 5536 vero
3338 5469 3651 5536 septuaginta
3684 5469 3836 5528 inter-

2273 5531 2467 5611 prelum
2488 5531 2576 5594 hic
2592 5531 2802 5611 euertat
2819 5553 3023 5611 sensus,
3037 5531 3669 5611 ._..'._B‘euedia:i_t‘:l)o§iinutu
3687 5541 3836 5585 meum

2272 5595 2432 5671 italde,
2456 5611 2502 5662 et
2523 5606 2767 5660 emltatus
2789 5609 2858 5656 est
2883 5604 2984 5667 (καὶ
3001 5595 3219 5663 (niden).
3239 5602 3285 5647 et
3305 5595 3440 5649 dcdtt
3461 5595 3526 5655 ci,
3552 5600 3647 5644 etc.
