4072 6216
337 253 429 309 111

333 385 478 441 ager;
508 383 768 441 nusquam
791 368 1004 435 domus,
1027 376 1080 424 et
1102 381 1490 440 supervacanea
1515 371 1916 441 sumptuositas:

277 495 286 526 ε
336 463 428 520 sed
451 478 580 520 oves
609 473 663 518 et
685 462 870 530 vituli,
897 462 1087 518 cameli
1130 473 1184 518 et
1209 467 1373 519 asina:
1397 505 1411 531 ,
1436 465 1576 519 servi
1617 474 1671 520 et
1693 465 1917 520 ancilla.

338 555 402 609 Et
429 562 485 608 ut
511 554 708 620 discas,
737 568 1010 610 servorum
1040 553 1322 608 multitudo
1347 554 1487 610 unde
1512 556 1560 610 ei
1599 555 1879 624 contigerit
1904 593 1920 619 ,

339 646 538 700 addidit
566 646 670 700 alio
699 644 860 700 loco:
903 645 1178 700 Vernaculi
1224 662 1409 701 omnes
1458 647 1651 716 eran-t(
1684 645 1808 700 Gen.
1835 644 1922 699 17.

341 735 455 804 25).
490 736 584 791 llic
613 736 789 807 igitur,
821 736 1009 806 inquit,
1037 735 1284 791 dominus
1329 752 1502 802 meus,
1536 738 1620 791 cui
1663 746 1822 791 tantae
1845 737 1926 790 fa-

343 824 565 879 cultates
591 832 733 888 sunt,
760 832 815 878 et
843 824 932 894 qui
963 825 1183 880 multam
1204 841 1433 894 superne
1453 825 1676 895 gratiam
1703 825 1924 894 invenit,

345 915 552 986 quando
577 915 686 984 jam
717 915 895 970 senuit
922 957 938 983 ,
968 930 1034 971 ex
1073 914 1232 972 Sarra
1265 916 1428 970 lilium
1458 917 1689 986 suscepit
1714 959 1728 981 ,
1758 918 1928 971 intac-

349 1023 449 1077 que
479 1006 682 1062 habens
703 1007 1050 1078 unigenitum,
1081 1009 1251 1078 ipsum
1277 1009 1527 1063 heredem
1545 1009 1778 1063 onmium
1802 1023 1927 1062 suo-

343 1112 457 1152 rum
489 1097 600 1167 jam
628 1098 901 1153 constituit
925 1116 940 1154 :
967 1099 1162 1168 quippe
1191 1097 1376 1153 Omnia
1407 1099 1543 1153 dedit
1570 1101 1646 1152 illi
1674 1115 1929 1168 quazcum-

344 1204 438 1257 que
458 1189 654 1244 habuit.
685 1189 813 1244 Dein
845 1199 1121 1260 postquam
1145 1192 1376 1244 narravit
1401 1190 1599 1245 domini
1623 1190 1930 1260 gloriam,et

347 1279 512 1334 Isaaci
540 1291 769 1350 partum,
794 1281 921 1336 dicit
962 1283 1176 1352 insuper
1195 1290 1249 1336 et
1278 1281 1526 1335 mandata
1555 1297 1672 1351 quae
1708 1295 1933 1350 accepe-

346 1381 426 1425 rat
455 1371 522 1426 ab
551 1371 680 1427 hero
709 1387 826 1440 suo,
850 1383 906 1427 ut
932 1373 984 1427 in
1011 1372 1246 1428 Charran
1270 1374 1718 1444 proﬁcisceretur.
1746 1374 1835 1426 37.
1865 1372 1932 1425 Et

346 1462 598 1531 adjuravit
627 1479 722 1528 me,
747 1463 933 1534 inquit,
965 1464 1199 1518 dominus
1218 1481 1378 1528 meus,
1405 1463 1573 1517 dicens
1603 1481 1622 1517 :
1648 1461 1766 1516 Non
1795 1462 1934 1515 acci-

349 1554 452 1622 pies
474 1569 679 1607 uxorem
719 1555 827 1622 ﬁlio
851 1571 958 1608 meo
988 1553 1140 1609 Isaac
1165 1555 1227 1608 de
1253 1555 1479 1607 omnibus
1500 1553 1700 1622 ﬁliabus
1732 1553 1935 1607 Chana-

347 1660 572 1698 na'orum
597 1687 612 1710 ,
642 1645 770 1699 inter
811 1663 935 1717 quos
978 1662 1067 1714 ego
1123 1646 1334 1698 habito:
1372 1646 1461 1700 58.
1506 1645 1593 1698 sed
1632 1647 1684 1698 in
1733 1645 1938 1698 domum

350 1739 508 1805 patris
553 1739 646 1790 mei
677 1736 820 1803 vade,
871 1745 916 1789 et
969 1736 1036 1789 ad
1062 1737 1407 1807 cognationem
1453 1752 1635 1802 nteant,
1666 1735 1785 1788 inde
1807 1736 1940 1788 acci-

349 1829 456 1899 pies
478 1844 684 1883 uxorem
711 1828 819 1896 ﬁlio
842 1845 970 1882 meo.
1001 1829 1066 1882 Et
1091 1829 1206 1898 ipse
1233 1829 1446 1898 quidem
1481 1829 1598 1882 lucc
1633 1827 1762 1882 mihi
1790 1843 1942 1880 man-

351 1919 516 1985 davit,
545 1935 645 1988 ego
673 1929 848 1974 autem
869 1920 1230 1976 difﬁcultatem
1261 1921 1455 1990 negotii
1474 1935 1680 1975 mecum
1710 1935 1939 1989 perpen-

353 2009 510 2075 dens,
537 2011 786 2080 rogabam
829 2010 1103 2065 dominum
1135 2026 1309 2065 meum
1335 2010 1353 2082 (
1380 2027 1425 2063 v.
1475 2011 1607 2079 '59),
1639 2010 1683 2064 si
1712 2025 1814 2063 non
1844 2024 1942 2063 vo-

354 2103 512 2159 luerit
540 2105 730 2159 mulier
756 2104 934 2158 venire
964 2118 1193 2158 mecum.
1253 2103 1343 2157 40.
1376 2101 1444 2155 Et
1477 2103 1604 2156 dixit
1634 2101 1758 2154 mihi
1789 2117 1808 2155 :
1837 2099 1943 2154 Do-

354 2196 521 2248 miuus
550 2191 688 2248 Deus
709 2195 789 2247 cui
828 2194 1107 2264 complacui
1127 2210 1298 2246 coram
1327 2209 1407 2260 eo,
1451 2193 1556 2263 ipse
1597 2194 1756 2247 mittet
1791 2208 1949 2263 ange-

357 2291 462 2339 lum
493 2299 642 2339 suum
664 2294 824 2339 tecum
847 2328 861 2352 ,
885 2294 932 2338 et
963 2301 1258 2355 prosperum
1282 2284 1430 2354 faciet
1459 2284 1553 2336 iter
1577 2293 1719 2337 tuum
1741 2325 1756 2351 ,
1789 2292 1834 2337 et
1861 2299 1949 2336 ac-

353 2377 510 2446 cipies
540 2392 745 2430 uxorem
776 2377 882 2444 ﬁlio
910 2392 1040 2442 meo,
1072 2391 1134 2428 ex
1159 2375 1460 2444 cognatione
1489 2392 1620 2438 utea,
1639 2382 1686 2428 et
1713 2391 1775 2427 ex
1799 2375 1948 2427 domo

355 2468 516 2536 patris
547 2467 664 2520 mei.
717 2466 868 2534 Quod
913 2467 956 2520 si
985 2481 1091 2520 non
1121 2467 1351 2534 potuerit
1396 2465 1701 2535 persuaderi
1733 2465 1947 2531 mulier,

357 2569 412 2610 ttt
436 2568 606 2611 tecum
636 2559 738 2612 huc
753 2556 1203 2628 proﬁciscatur,“
1219 2597 1230 2608 .
1257 2553 1400 2608 Tunc
1417 2557 1654 2609 innocens
1673 2554 1769 2607 eris
1793 2571 1823 2604 a
1850 2569 1952 2605 ma-

357 2648 624 2704 ledictioue
653 2665 782 2703 mea.
809 2648 970 2717 Igitur
995 2647 1243 2701 dominus
1268 2646 1481 2715 quidem
1507 2646 1619 2698 lucc
1649 2644 1776 2698 mihi
1797 2658 1948 2696 man-

358 2738 536 2805 davit,
575 2749 628 2794 et
656 2739 836 2792 taliutn
890 2753 1102 2807 precum
1130 2737 1319 2790 viatico
1366 2753 1450 2788 tne
1502 2735 1814 2788 instructum
1845 2731 1950 2786 huc

360 2830 510 2884 misit
542 2845 557 2883 :
589 2845 685 2900 ego
705 2838 881 2884 autem
912 2827 1076 2883 fretus
1096 2828 1237 2881 illius
1263 2827 1524 2896 precibus,
1549 2825 1636 2879 ubi
1653 2824 1720 2878 ad
1750 2823 1949 2878 fontem

362 2924 507 2990 veni,
539 2923 651 2977 hinc
691 2923 850 2977 verba
888 2922 1137 2990 loquutus
1166 2936 1283 2974 sum
1303 2961 1316 2983 ,
1351 2929 1404 2973 et
1433 2918 1540 2972 dixi
1574 2935 1585 2970 :
1619 2916 1706 2971 42.
1737 2914 1954 2969 Domine

364 3013 506 3067 Deus
553 3014 742 3065 domini
794 3013 890 3064 mei
930 3011 1230 3075 Abraham,
1279 3010 1324 3063 si
1386 3018 1439 3061 tu
1490 3023 1784 3078 prosperum
1827 3007 1954 3076 facis

365 3105 460 3158 iter
490 3119 589 3173 quo
616 3119 749 3156 nunc
774 3102 896 3156 abeo
935 3117 954 3155 :
1003 3102 1094 3155 45.
1127 3099 1260 3153 Ecce
1300 3115 1389 3170 ego
1415 3107 1492 3152 sto
1523 3097 1660 3168 apud
1685 3101 1874 3167 fontem
1898 3112 1956 3148 a-

367 3211 482 3263 qua:
505 3211 525 3260 ;
574 3195 695 3262 ﬁlice
736 3203 904 3246 autem
935 3192 1194 3244 hominum
1223 3190 1376 3260 hujus
1403 3189 1617 3242 civitatis
1642 3187 1957 3257 egredientur

367 3287 436 3339 ad
480 3285 812 3339 hauriendam
839 3300 1044 3354 aquam.
1097 3281 1160 3336 Et
1188 3283 1279 3336 erit
1303 3281 1464 3352 virgo,
1494 3279 1576 3333 cui
1602 3296 1692 3350 ego
1731 3279 1906 3332 dixero
1937 3292 1956 3332 :

370 3375 588 3448 Porrige
617 3377 738 3430 mihi
764 3392 944 3445 parum
970 3390 1116 3442 aqua:
1139 3389 1202 3427 ex
1244 3373 1427 3443 hydria
1465 3381 1550 3426 tua
1578 3389 1597 3437 ,°
1624 3371 1713 3425 44.
1747 3371 1790 3424 si
1815 3371 1959 3424 dixe-

369 3469 436 3522 rit
458 3469 606 3535 mihi,
642 3467 709 3521 Et
736 3478 788 3520 tu
814 3467 943 3532 bibe,
972 3476 1016 3520 et
1042 3466 1260 3520 cautelos
1290 3473 1400 3517 tuos
1427 3466 1622 3535 aquabo
1663 3479 1684 3518 :
1726 3465 1839 3530 ipsa
1865 3463 1958 3515 erit

371 3578 504 3616 uxor
527 3578 677 3629 quam
704 3560 1000 3629 prwparasti
1025 3575 1166 3612 servo
1197 3567 1282 3610 tuo
1306 3555 1478 3610 Isaac.
1508 3555 1575 3609 Et
1603 3557 1654 3610 in
1683 3556 1776 3609 hoc
1802 3555 1960 3609 sciant

371 3651 508 3720 quod
537 3652 714 3719 feceris
741 3649 1134 3704 misericordiam
1164 3649 1366 3702 domino
1396 3664 1504 3701 meo
1531 3647 1807 3700 Abraham.
1835 3646 1960 3700 llmc

373 3759 476 3813 ego
499 3745 731 3813 quidem,
763 3742 951 3810 inquit,
978 3741 1116 3810 apud
1160 3742 1530 3809 memctipsum
1565 3741 1728 3794 Deum
1749 3739 1958 3808 rogavi;

377 3834 613 3888 nondum
653 3841 828 3886 autem
881 3833 1038 3884 linem
1091 3831 1320 3886 feceram
1359 3832 1444 3884 illa
1471 3830 1716 3896 dicendi,
1751 3843 1806 3885 et
1829 3847 1963 3884 con-

378 3925 556 3979 festim
605 3923 891 3994 adimpleta
942 3932 1084 3976 sunt.
1132 3923 1222 3978 45.
1258 3920 1396 3974 Nam
1442 3921 1735 3992 priusquam
1767 3937 1859 3990 ego
1885 3920 1965 3974 di—

376 4017 524 4071 cendi
552 4017 706 4085 ﬁnem
731 4019 946 4086 [acerem
975 4056 990 4080 ,
1021 4031 1132 4068 ecce
1179 4015 1403 4069 Rebecca
1447 4014 1566 4067 exiit
1589 4029 1771 4082 aquam
1799 4017 1964 4084 ferens

377 4109 431 4162 in
479 4109 696 4162 humeris
741 4108 866 4161 suis.
907 4107 1143 4160 Dicebant
1196 4116 1362 4159 autent
1393 4106 1438 4158 ei
1463 4121 1482 4158 :
1515 4103 1591 4157 Da
1619 4104 1742 4157 mihi
1770 4114 1961 4172 potum.

379 4199 470 4253 46.
491 4198 550 4251 Et
577 4198 861 4253 acceleraus
889 4197 1120 4266 deposuit
1142 4197 1375 4268 hgdriam
1401 4213 1563 4259 suam,
1583 4208 1628 4248 et
1654 4196 1780 4249 dixit
1805 4194 1962 4248 mihi:

377 4289 504 4345 llibe
528 4302 573 4345 et
599 4300 653 4344 tu
677 4333 690 4356 ,
724 4301 769 4344 et
815 4291 1031 4344 camelos
1059 4301 1170 4343 tuos
1221 4289 1435 4359 aquabo.
1488 4289 1553 4342 [Ct
1581 4303 1700 4342 cum
1728 4287 1963 4342 viderem

375 4382 483 4450 jam
515 4381 813 4435 evidentem
855 4381 966 4434 licri
1004 4380 1093 4435 Dei
1124 4380 1542 4450 providentiam,
1574 4379 1963 4448 interrogabam

379 4473 532 4543 enjus
559 4482 699 4527 esset
730 4473 855 4526 ﬁlia.
887 4473 954 4526 Et
978 4481 1034 4526 ut
1058 4471 1216 4526 didici
1243 4487 1306 4526 ex
1330 4471 1393 4525 iis
1418 4487 1536 4540 qua:
1562 4470 1716 4536 dixit,
1747 4485 1832 4524 me
1860 4485 1966 4523 non

379 4565 445 4617 ad
480 4563 687 4617 alienos
716 4564 941 4628 venisse,
971 4563 1066 4616 sed
1099 4563 1148 4615 in
1177 4561 1392 4615 domum
1427 4560 1638 4616 Nachor
1663 4561 1840 4615 fratris
1867 4560 1966 4614 d0-

384 4655 514 4709 11111ιὶ
547 4656 674 4721 mei,
701 4665 909 4722 sumpta
934 4671 1029 4723 spe
1055 4655 1211 4719 bona,
1245 4655 1332 4708 b7.
1365 4654 1598 4724 Appeudi
1627 4655 1671 4707 ei
1700 4655 1898 4706 inaures
1921 4663 1968 4707 et

381 4749 632 4812 armillas,
663 4756 710 4800 et
732 4763 845 4798 cum
865 4746 958 4798 hoc
989 4747 1226 4813 placeret,
1261 4747 1349 4801 48.
1380 4747 1585 4799 adoravi
1614 4744 1969 4812 Dominum,et

381 4839 616 4894 benedixi
647 4837 810 4892 Deunt
837 4839 1028 4890 domini
1074 4839 1169 4891 mei
1215 4838 1488 4905 Abraham,
1529 4839 1647 4908 quia
1677 4854 1969 4908 prosperum

383 4932 509 4984 mihi
537 4932 628 4982 iter
643 4931 759 4999 fecit
783 4931 822 4996 ‘,
852 4940 905 4982 ut
929 4945 1230 4982 assumereut
1259 4930 1419 4996 ﬁliam
1447 4931 1620 4998 fratris
1637 4931 1829 4983 domini
1853 4931 1968 4984 mei.

392 5024 584 5078 Verum
617 5023 731 5077 haec
756 5024 825 5076 ita
852 5038 880 5075 a
915 5021 1138 5075 Domino
1177 5021 1450 5076 manifeste
1475 5023 1775 5091 dispensata
1812 5032 1967 5087 sunt;

391 5128 579 5180 preces
618 5115 814 5182 quippe
860 5112 1058 5165 demitti
1101 5112 1203 5166 mei
1258 5121 1382 5165 tunc
1409 5113 1605 5166 exitum
1651 5112 1967 5168 habuerunt.

389 5206 654 5259 Czcterum
677 5222 770 5258 vos
800 5205 847 5259 si
878 5216 1111 5258 vestrum
1137 5205 1372 5258 ofﬁcium
1405 5206 1652 5273 impletis,
1682 5207 1769 5260 49.
1797 5205 1973 5259 Facite

390 5294 785 5348 miscricordiam
807 5307 852 5348 et
879 5297 1123 5359 iustitiam
1149 5312 1260 5348 cum
1291 5295 1493 5348 domino
1523 5313 1658 5350 meo:
1678 5299 1755 5350 sin
1783 5297 1969 5363 minus,

395 5386 689 5440 uunuuliale
709 5388 852 5440 mihi.
881 5386 995 5440 Jant
1020 5387 1168 5451 mihi,
1201 5387 1387 5455 inquit,
1419 5388 1732 5457 signiﬁcate,
1757 5398 1812 5441 ut
1839 5390 1974 5442 scire

398 5479 592 5545 possim
623 5477 745 5547 quid
774 5488 1013 5546 oporteat
1043 5495 1124 5533 me
1155 5478 1345 5532 facere.
1379 5478 1527 5546 Quod
1572 5479 1617 5532 si
1656 5479 1831 5533 minus
1860 5480 1972 5542 pla-

396 5579 502 5636 cet,
529 5580 584 5622 et
609 5569 832 5638 idipsum
853 5570 1033 5636 dicite,
1069 5581 1122 5624 ιιι
1147 5571 1252 5625 alio
1279 5571 1378 5625 iter
1405 5572 1615 5637 faciam,
1647 5581 1699 5626 et
1730 5572 1813 5624 Me
1842 5591 1970 5626 rou-

465 5682 483 5712 ³
514 5680 598 5729 ttic
618 5684 922 5743 septuaginta
948 5689 1094 5746 Intcrt
1110 5690 1245 5733 rctes
1261 5683 1457 5742 addunt,
1484 5682 1532 5733 iu
1555 5681 1630 5734 ria
1652 5682 1880 5735 reritatt's.

1297 254 1362 310 IN
1399 257 1547 312 CAP.
1595 256 1782 314 XXIV.
1822 254 2064 316 GENES.
2102 261 2333 320 llOJllL.
2378 264 2607 324 XLVIII.

3501 270 3602 326 “‘3

2026 387 2212 434 vertam
2240 381 2316 435 vel
2351 382 2421 435 ad
2445 383 2695 449 dextram,
2741 382 2815 437 vel
2838 382 2908 436 ad
2945 381 3220 436 sinistram.
3253 381 3441 437 Postea
3469 400 3602 451 quo-

2027 473 2168 526 niam
2194 474 2332 528 Deus
2368 484 2483 529 erat
2511 475 2601 544 qui
2634 474 2810 529 ouinia
2842 485 3056 544 propter
3082 490 3264 544 preces
3282 475 3605 544 patriarchae

2025 563 2371 629 secundabat,
2405 564 2587 618 dicunt
2620 565 2669 618 ei
2700 573 2847 633 pater
2875 574 2930 618 et
2966 565 3128 619 frater
3151 565 3370 633 virginis
3399 582 3412 617 :
3446 564 3535 618 50.
3563 565 3606 615 A

2028 655 2246 711 Domino
2289 658 2408 711 exiit
2449 659 2650 711 verbum
2685 657 2778 711 hoc
2806 672 2826 711 :
2854 674 2954 710 non
2999 657 3270 726 poterimus
3299 656 3386 710 tibi
3411 667 3612 708 contra-

2030 746 2194 799 dicere
2221 748 2296 801 vel
2323 747 2510 801 malum
2552 748 2626 802 vel
2666 747 2870 801 bonum.
2900 747 2978 800 Ex
3022 746 3323 800 narratione
3370 756 3454 800 tua
3483 745 3613 797 satis

2032 835 2398 906 intelligimus,
2431 845 2596 891 totum
2621 837 2720 892 hoc
2747 837 2921 890 divina
2949 837 3344 905 dispensatione
3372 835 3505 889 ﬁeri.
3541 835 3618 888 l\'e

2033 929 2192 998 igitur
2222 937 2371 997 putes
2415 942 2511 982 nos
2549 927 2686 982 velle
2710 927 2980 981 adversari
3011 927 3074 979 iis
3101 941 3219 995 quae
3252 927 3360 979 Deo
3385 923 3619 993 proban-

2034 1027 2119 1074 tur
2150 1037 2160 1071 :
2187 1019 2314 1074 illud
2340 1020 2482 1074 enim
2509 1018 2807 1074 facerenon
2835 1032 3135 1087 possumus.
3160 1017 3296 1071 Ecce
3324 1015 3485 1068 habes
3514 1015 3621 1067 vir-

2033 1111 2208 1181 ginem
2235 1129 2248 1176 ;
2279 1111 2368 1165 51.
2397 1111 2542 1165 Tolle
2580 1128 2708 1176 eam,
2733 1120 2777 1164 et
2799 1111 3142 1182 proﬁciscere,
3170 1121 3215 1163 et
3237 1109 3328 1163 erit
3358 1125 3487 1163 uxor
3513 1109 3621 1176 ﬁlio

2035 1203 2227 1256 domini
2254 1203 2345 1266 tui,
2373 1203 2501 1256 sicut
2527 1203 2758 1272 loquutus
2778 1209 2850 1255 est
2883 1201 3150 1254 Dominus.

2108 1294 2159 1348 ϐ.
2184 1293 2468 1346 Historiam
2485 1292 2722 1347 Rebecca:
2749 1309 2905 1362 usque
2930 1293 2998 1344 ad
3019 1292 3176 1363 ipsius
3197 1296 3476 1362 profectum
3506 1306 3624 1359 pro-

2037 1386 2299 1454 sequitur;
2349 1385 2638 1439 narratione
2677 1386 2960 1452 exprimens
3007 1384 3250 1454 quidquid
3308 1385 3409 1437 sive
3449 1383 3618 1450 cedi/i—

2039 1475 2213 1528 caudis
2253 1476 2354 1529 sive
2383 1475 2668 1529 erudiendis
2693 1474 3005 1528 auditoribus
3031 1475 3266 1527 inservire
3295 1483 3473 1541 potest.
3515 1471 3621 1526 Sub

2042 1569 2193 1637 ﬁnem
2223 1568 2483 1632 homilire,
2533 1567 2601 1620 ad
2646 1565 2881 1620 Isaacum
2918 1576 2964 1620 et
3013 1563 3287 1619 Rebeccam
3315 1563 3626 1618 tantulaudos

2042 1662 2270 1714 hortatur
2298 1701 2313 1724 ,
2364 1659 2524 1714 malos
2584 1660 2663 1714 sui
2713 1659 2950 1728 temporis
3013 1657 3306 1728 nuptiarum
3355 1657 3482 1709 ritus
3537 1671 3627 1707 ar-

2041 1769 2216 1823 guens.
2269 1781 2341 1790 —
2392 1751 2609 1806 Vidistis
2679 1750 2946 1820 quomodo
2993 1750 3278 1805 studebant
3333 1750 3458 1823 olim
3510 1747 3630 1800 ﬁliis

2044 1845 2155 1898 suis
2186 1858 2378 1898 uxores
2403 1841 2644 1897 ducere?
2677 1840 2946 1911 quomodo
2973 1840 3142 1909 magis
3178 1839 3368 1894 animae
3410 1853 3632 1908 genero-

2043 1937 2275 2000 sitatem,
2308 1949 2464 2003 quam
2487 1949 2644 2002 Opum
2668 1931 3044 1986 abundantiam
3077 1928 3459 1999 inquirebant?
3490 1927 3630 1983 Nus-

2046 2041 2202 2096 quam
2233 2025 2578 2079 instrumenta
2601 2065 2616 2090 ,
2667 2038 2926 2091 nusquam
2969 2030 3116 2090 pacta
3141 2061 3157 2086 ,
3193 2027 3247 2075 et
3285 2020 3384 2073 alia
3413 2017 3630 2073 ridicula

2048 2133 2165 2186 quae
2196 2132 2333 2170 nunc
2360 2114 2497 2183 apud
2530 2128 2626 2168 nos
2654 2113 2806 2177 ﬁunt,
2837 2121 2892 2168 et
2919 2112 3254 2167 conditiones
3283 2111 3386 2164 illa:
3409 2126 3526 2180 quae
3557 2119 3634 2161 ta-

2050 2209 2188 2263 bulis
2219 2209 2526 2261 inscruntur
2557 2222 2570 2257 :
2623 2205 2679 2260 Si
2707 2205 2908 2274 absque
2959 2205 3143 2258 liberis
3170 2247 3185 2270 ,
3217 2203 3410 2273 inquit,
3441 2202 3636 2256 moria-

2052 2310 2156 2364 tur,
2185 2298 2230 2354 si
2261 2298 2361 2352 lzoc
2388 2306 2442 2352 et
2488 2297 2589 2351 hoc
2613 2297 2885 2364 contingat
2916 2311 2930 2349 :
2967 2310 3151 2348 verum
3190 2293 3328 2363 apud
3359 2293 3476 2347 illos
3506 2291 3636 2345 nihil

2053 2392 2176 2455 tale,
2227 2389 2320 2444 sed
2352 2388 2593 2442 maximm
2615 2396 2667 2440 ct
2704 2386 3054 2441 securissimze
3082 2385 3272 2438 tabula:
3301 2393 3451 2437 erant
3481 2381 3636 2449 virgio

2053 2482 2135 2535 nis
2179 2494 2401 2533 mores:
2446 2493 2704 2545 nusquam
2752 2476 2994 2546 cymbala
3037 2485 3090 2528 ct
3137 2474 3368 2528 chorem.
3424 2471 3491 2525 Et
3539 2471 3637 2524 hoc

2053 2573 2209 2632 Scies,
2227 2568 2436 2639 quando
2467 2567 2532 2620 ad
2562 2582 2814 2636 sponsum
2840 2567 3098 2634 virginem
3126 2565 3322 2619 videris
3350 2563 3635 2617 introduci.

2054 2661 2143 2717 52.
2179 2659 2244 2714 Ut
2274 2660 2404 2712 enim
2433 2658 2623 2711 audivit
2646 2673 2837 2723 servus,
2870 2657 3057 2726 inquit,
3093 2656 3200 2708 lucc
3229 2673 3260 2707 a
3293 2665 3437 2723 patre
3466 2665 3510 2707 et
3528 2659 3639 2724 [ra—

2055 2764 2147 2820 tre,
2176 2753 2403 2807 adoravit
2438 2751 2595 2804 Deum
2621 2767 2772 2818 super
2791 2748 3135 2802 tetram.\'itle
3160 2747 3426 2818 quomodo
3452 2746 3502 2801 111
3535 2748 3639 2800 sin-

2054 2846 2193 2916 gulis
2216 2861 2336 2915 qua:
2362 2844 2577 2909 ﬁebant,
2607 2842 2974 2896 universorum
2999 2840 3226 2894 Domino
3249 2840 3441 2909 gratias
3466 2839 3640 2892 offert.

2059 2939 2175 3007 Ipse
2201 2937 2341 2992 enim
2373 2945 2487 2991 erat
2514 2935 2604 3004 qui
2653 2943 2809 2988 antea
2858 2931 3188 3003 pra'parabat
3218 2931 3392 2983 omnia
3426 2971 3441 2995 ,
3473 2939 3527 2984 ct
3552 2947 3640 2983 sc-

2058 3029 2287 3085 cundum
2307 3025 2623 3097 patriarcha:
2644 3025 2864 3078 verbum
2895 3022 3246 3091 prmtnittebat
3262 3021 3503 3089 angelum
3520 3029 3641 3073 ante

2060 3123 2207 3178 illum
2235 3162 2250 3186 ,
2291 3121 2382 3191 qui
2429 3119 2605 3173 omnia
2649 3117 2872 3172 feliciter
2913 3115 3210 3171 ordinabat.
3254 3115 3492 3184 Denique
3523 3113 3642 3182 quia

2063 3212 2258 3268 certior
2285 3212 2453 3265 factus
2480 3210 2548 3264 de
2575 3210 2786 3280 negotio
2813 3207 3035 3262 feliciter
3055 3205 3313 3276 perfecto,
3336 3206 3425 3260 55.
3469 3203 3642 3257 Prola-

2060 3315 2132 3371 ta,
2163 3305 2351 3374 inquit,
2381 3318 2500 3357 vasa
2537 3317 2710 3366 aurea,
2743 3311 2787 3353 et
2813 3311 3068 3370 argentea,
3095 3309 3141 3352 et
3167 3307 3347 3352 vestem
3378 3296 3512 3350 dedit
3546 3296 3645 3350 Ile-

2063 3399 2239 3452 beccae.
2272 3396 2422 3450 Nunc
2461 3411 2580 3450 cum
2634 3393 2826 3448 ﬁducia
2873 3408 2990 3448 eam
3035 3392 3134 3445 sibi
3161 3390 3407 3445 conciliat
3435 3388 3643 3452 ofliciis,

2063 3489 2213 3558 quasi
2244 3489 2353 3556 jam
2387 3486 2561 3542 verbis
2586 3485 2961 3556 desponsatam
3007 3483 3169 3537 Isaac.
3203 3482 3439 3536 llonorat
3467 3489 3645 3533 autem

2065 3579 2220 3634 dOniS
2250 3589 2304 3634 et
2334 3579 2549 3633 fratrem
2576 3617 2591 3642 ,
2620 3585 2675 3632 et
2718 3587 2964 3642 matrem,
2993 3585 3046 3630 ct
3074 3590 3194 3628 cum
3223 3573 3353 3627 vidit
3377 3571 3645 3641 negotium

2066 3683 2120 3727 et
2150 3671 2456 3725 mandatum
2481 3670 2778 3738 impletum,
2812 3676 2937 3722 tunc
2959 3665 3168 3720 tandem
3197 3664 3338 3719 reﬁci
3376 3678 3434 3717 se
3463 3677 3648 3732 passus

2066 3777 2169 3819 εει.
2197 3764 2284 3818 54.
2316 3762 2652 3817 Comederuut
2677 3760 2814 3814 enitn
2844 3800 2858 3824 ,
2897 3759 3105 3827 inquit,
3137 3767 3181 3810 et
3209 3757 3431 3809 biberunt
3472 3756 3578 3824 ipse
3602 3762 3650 3807 et

2068 3856 2160 3909 viri
2187 3855 2273 3924 qui
2297 3870 2412 3906 cum
2451 3869 2508 3905 eo
2553 3860 2729 3914 erant,
2778 3860 2824 3903 et
2870 3849 3227 3901 dormit-erunt.
3260 3845 3479 3915 Cumque
3508 3858 3652 3897 iuaue

2068 3942 2519 4007 surrexisset,dixit
2548 3957 2565 3994 :
2590 3940 2840 3993 Dimittite
2867 3955 2967 4001 me,
2993 3948 3046 3990 ut
3071 3937 3252 3998 vadum
3283 3937 3349 3990 ad
3392 3935 3650 3990 dominum

2071 4052 2256 4089 meum.
2285 4033 2546 4100 Quoniam
2578 4030 2755 4084 omnia
2806 4029 2934 4083 1111111
2983 4038 3086 4082 tam
3129 4026 3352 4081 feliciter
3380 4039 3652 4080 successe-

2069 4136 2214 4192 runt,
2247 4124 2434 4194 inquit,
2457 4132 2512 4176 et
2539 4122 2668 4175 nihil
2695 4130 2777 4176 est
2807 4120 2948 4190 quod
2971 4127 3152 4183 restet,
3184 4119 3278 4173 sed
3302 4117 3367 4172 ad
3405 4117 3652 4187 placitum

2070 4226 2302 4271 vestrum
2327 4229 2414 4269 res
2443 4211 2886 4284 agitur,Dimittite
2911 4227 3007 4276 me,
3029 4220 3084 4264 ut
3110 4210 3283 4264 abeam
3309 4209 3375 4262 ad
3398 4209 3649 4261 dominum

2069 4325 2256 4361 meum.
2287 4307 2373 4361 55.
2413 4305 2658 4359 Dixerunt
2683 4313 2870 4370 autem,
2901 4303 3109 4373 inquit,
3145 4306 3325 4372 fratres
3355 4309 3402 4352 et
3451 4308 3611 4352 mater
3642 4316 3659 4352 :

2072 4399 2279 4452 Maneat
2306 4397 2560 4450 uobiscum
2585 4396 2723 4465 virgo
2754 4394 2924 4446 diebus
2945 4393 3089 4462 quasi
3116 4391 3304 4454 decem,
3336 4399 3383 4442 et
3410 4397 3521 4458 post
3547 4387 3663 4442 haec

2071 4493 2288 4546 abibitis.
2317 4491 2406 4546 56.
2430 4488 2531 4544 Ille
2551 4499 2714 4542 autem
2736 4487 2861 4541 dixit
2889 4487 2954 4538 ad
2977 4501 3058 4538 eos
3087 4500 3105 4538 :
3137 4482 3219 4537 Ne
3244 4499 3322 4536 me
3351 4480 3613 4536 detineatis
3639 4500 3655 4547 ;

2071 4586 2254 4640 etenim
2305 4582 2548 4637 Dominus
2579 4595 2876 4650 prosperum
2907 4578 3022 4646 fecit
3070 4576 3162 4629 iter
3191 4591 3356 4628 meum
3381 4591 3400 4629 :
3426 4573 3656 4628 dimittit?

2072 4692 2150 4728 me
2165 4683 2220 4728 ut
2240 4672 2415 4727 abeam
2444 4672 2512 4724 ad
2537 4671 2798 4722 dominum
2825 4683 3010 4722 meum.
3038 4666 3233 4732 Quare,
3263 4665 3450 4734 inquit,
3478 4662 3658 4719 differ-

2076 4768 2141 4822 tis
2159 4778 2212 4822 ct
2237 4763 2658 4836 procrastinatis,
2681 4776 2803 4815 cum
2824 4760 2964 4814 Deus
2981 4767 3179 4814 tantam
3199 4756 3500 4812 facilitatem
3528 4749 3657 4806 mihi

2075 4859 2126 4912 in
2157 4855 2403 4912 omnibus
2424 4854 2667 4909 dederit?
2698 4851 2948 4905 Dintittite
2968 4867 3049 4904 me
3071 4893 3087 4918 ,
3115 4859 3168 4903 ut
3196 4850 3369 4903 abeam
3398 4847 3465 4899 ad
3489 4843 3644 4898 domi-

1985 5003 1987 5006 .
2075 4967 2196 5004 num
2231 4963 2415 5001 meum.
2443 4947 2535 5000 57.
2578 4943 2670 4998 Illi
2710 4953 2877 4997 autem
2919 4942 3199 4996 dixerunt:
3240 4938 3485 4992 Vocemus
3514 4932 3649 5005 puel-

2077 5043 2201 5105 lam,
2229 5049 2275 5093 et
2302 5041 2667 5108 interrogemus
2691 5037 2847 5090 eam‘.
2880 5036 2973 5091 58.
3005 5033 3074 5087 Et
3095 5040 3390 5085 vocaverunt
3415 5044 3548 5092 eam,
3575 5025 3656 5079 di-

2075 5142 2356 5196 xeruntque
2383 5131 2428 5184 ei
2452 5147 2470 5185 :
2500 5128 2605 5184 Ibis
2633 5146 2747 5183 cum
2774 5129 2974 5183 homine
2993 5128 3018 5180 1’
3043 5125 3070 5179 l
3079 5125 3148 5179 lla
3173 5132 3340 5176 autem
3369 5123 3516 5186 dixit,
3542 5117 3656 5176 Ibo.

2078 5228 2166 5282 59.
2195 5224 2259 5278 Et
2288 5225 2586 5278 dimiserunt
2610 5223 2882 5277 Rebeccam
2919 5234 3141 5273 serarent
3165 5231 3329 5278 suam,
3359 5223 3404 5268 et
3427 5214 3655 5268 substan-

2080 5318 2177 5371 tias
2205 5317 2334 5384 ejus,
2354 5324 2399 5368 et
2428 5331 2622 5368 servum
2649 5313 2932 5373 Abraham,
2959 5318 3006 5362 et
3035 5323 3140 5372 eos,
3166 5307 3250 5376 qui
3271 5322 3387 5359 cum
3415 5323 3471 5360 eo
3491 5315 3655 5360 erant.

2079 5408 2167 5463 6|).
2192 5404 2257 5458 Et
2285 5405 2642 5458 benedixeruut
2684 5401 2956 5454 Rebeccam
2982 5439 2997 5463 ,
3024 5406 3070 5451 et
3099 5398 3336 5451 dixerunt
3373 5397 3416 5450 ei
3452 5411 3473 5450 :
3495 5396 3658 5451 Soror

2083 5514 2255 5552 nostra
2302 5514 2374 5561 es,
2408 5496 2502 5564 ﬁas
2544 5495 2597 5547 in
2634 5491 2798 5546 millia
2838 5491 3005 5545 decem
3041 5489 3279 5551 millium,
3311 5498 3356 5544 et
3374 5488 3658 5542 hereditate

2084 5589 2333 5659 possideat
2373 5603 2539 5640 semen
2569 5596 2710 5639 tuum
2733 5585 2955 5638 civitates
2983 5581 3321 5634 inimicorum.
3364 5579 3494 5634 Vide
3521 5591 3660 5650 quo—

2155 5683 2170 5712 ¹
2206 5679 2523 5746 Septuaginta
2542 5680 2608 5727 sic
2631 5677 2832 5737 habent,
2857 5674 3198 5736 interrogemus
3221 5683 3272 5723 os
3299 5673 3421 5732 ejus.
