4072 6216
620 379 733 439 “5

616 496 801 569 εδρίαν
858 492 888 547 6
934 490 1227 561 Δεσπότης,
1261 490 1695 556 διαναϐάλλεται,
1755 488 2072 560 βουλόμενος
2100 486 2196 540 καὶ

614 568 712 651 τῆς
733 575 1005 645 ὑπομονῆς
1035 574 1181 642 ἡμᾶς
1228 571 1553 641 κομίσασθαι
1582 577 1676 628 τὸν
1731 572 1944 645 μισθὸν,
1975 571 2071 624 καὶ
2106 568 2196 622 τὸν

614 659 806 731 καιρὸν
840 654 1012 719 εἰδὼς,
1040 655 1157 706 καθ’
1172 652 1230 706 ὃν
1251 652 1527 718 λυσιτελές
1556 657 1704 708 ἐστιν
1739 656 1871 725 ἡμῖν
1902 652 2009 706 τῶν
2034 668 2198 704 σπου-

614 730 921 811 δαζομένων
942 738 1236 805 ἐπιτυχεῖν.
1271 736 1403 789 Οὐδὲ
1424 738 1534 808 γὰρ
1564 737 1737 800 οὕτως
1761 738 1923 806 ἡμεῖς
1954 734 2111 804 ῐσμεν
2137 730 2199 785 τὸ

617 822 891 891 συμφέρον
925 820 1154 880 ἑαυτοῖς,
1188 819 1262 881 ὡς
1286 819 1446 882 αὐτὸς
1470 819 1711 891 ἀκριϐῶς
1736 819 2040 880 ἐπίσταται,
2073 817 2102 868 6
2129 815 2201 867 τὰ

614 904 899 976 ἀπόρρητα
934 899 1033 968 τῆς
1085 898 1322 963 διανοίας
1370 901 1601 955 ἑκάστου
1653 901 2038 971 ἐπιστάμενος.
2065 896 2142 949 Δι’
2170 895 2199 949 6

615 990 880 1060 προσήκει
908 987 1073 1058 μηδὲν
1112 987 1569 1061 περιεργάζεσθαι
1598 988 1693 1043 καὶ
1724 984 2201 1056 πολυπραγμονεῖν

614 1074 722 1125 τῶν
750 1070 902 1144 παρά
925 1070 1017 1124 τοῦ
1048 1070 1183 1124 Θεοῦ
1214 1072 1538 1142 γινομένων,
1587 1072 1724 1126 ἀλλά
1753 1071 1953 1143 πολλὴν
1981 1069 2081 1140 τὴν
2109 1068 2202 1120 εὐ-

612 1155 970 1225 γνωμοσύνην
1001 1152 1429 1218 ἐπιδείκνυσθαι,
1490 1155 1586 1208 καὶ
1639 1153 1941 1225 θαυμάζειν
1987 1150 2095 1204 τῶν
2121 1150 2201 1204 δι-

614 1238 787 1290 καίων
812 1237 909 1300 τὰς
929 1236 1151 1306 ἀρετάς.
1211 1237 1427 1306 Ἐπειδὴ
1477 1235 1585 1307 γὰρ
1642 1231 1794 1289 εἶπεν
1842 1235 2038 1305 ὴμῖνὴ
2083 1232 2202 1286 θεία

615 1320 826 1391 Γραφὴ,
857 1321 997 1372 ὅσων
1020 1318 1155 1373 ἐτῶν
1181 1314 1251 1390 ἦν
1285 1319 1491 1384 Ίσαάκ,
1528 1318 1791 1387 λέγεικαὶ
1821 1317 1950 1388 περί
1981 1314 2202 1368 Ῥεϐέκ-

616 1420 719 1466 κας
740 1405 839 1474 τῆς
865 1402 1119 1472 γυναικὸς
1150 1401 1315 1454 αὐτοῦ
1342 1442 1356 1463 ,
1387 1402 1468 1455 ὅτι
1502 1403 1688 1471 στεῖρα
1718 1396 1808 1468 ἦν.
1837 1399 1947 1452 Θέα
1974 1414 2063 1469 μοι
2107 1396 2200 1450 τοῦ

616 1486 825 1540 δικαίου
870 1486 929 1538 τὺ
980 1486 1246 1553 φιλόθεον.
1286 1484 1501 1555 Ἐπειδὴ
1551 1483 1659 1554 γὰρ
1701 1479 1806 1536 εἶδε
1858 1481 2202 1553 χωλεύουσαν

616 1568 714 1639 τὴν
739 1568 918 1637 φύσιν,
965 1567 1055 1621 ἐπὶ
1093 1567 1184 1621 τὸν
1240 1566 1338 1638 τῆς
1376 1566 1588 1636 φύσεως
1618 1564 1945 1636 δημιουργὸν
1979 1563 2199 1634 έδραμε,

617 1653 712 1703 καὶ
748 1651 816 1704 τά
839 1650 1009 1722 δεσμά
1040 1651 1140 1721 τῆς
1170 1650 1384 1720 φύσεως
1411 1649 1498 1702 διὰ
1530 1649 1629 1718 τῆς
1655 1648 1819 1720 εὐχης
1863 1647 2009 1700 λύειν
2043 1646 2198 1716 ἠπείο

616 1750 762 1802 γετο.
805 1733 1028 1787 Ἐδέετο
1052 1734 1183 1802 γὰρ,
1242 1733 1434 1802 φησὶν,
1475 1732 1679 1785 Ἰσαὰκ
1720 1731 1852 1798 περί
1896 1728 2203 1793 Ῥεϐέκκας

617 1816 729 1883 τῆς
760 1817 1042 1886 γυναικὸς
1063 1815 1248 1868 αὑτοῦ
1275 1816 1363 1868 ὅτι
1384 1814 1589 1882 στεῖρα
1615 1809 1712 1883 ἦν.
1750 1814 1847 1866 Ἕν
1878 1811 2033 1865 τοῦτο
2064 1810 2206 1883 πρῶ-

618 1916 710 1952 τον
737 1899 886 1963 ἀξιον
920 1898 1172 1969 ζητῆσαι,
1190 1897 1335 1961 τίνος
1358 1896 1693 1967 ἐνεκεν,βίου
1729 1891 1864 1949 οὐσα
1886 1894 2201 1965 θαυμαστοῦ

618 1980 715 2033 καὶ
751 1980 909 2051 αὐτὴ,
944 1981 1038 2033 καὶ
1061 1982 1088 2032 6
1115 1980 1252 2051 ἀνὴρ
1275 1980 1463 2049 αὐτῆς,
1496 1979 1590 2032 κα).
1617 1977 1818 2047 πολλῆς
1850 1977 1947 2047 τῆς
1992 1994 2205 2048 σωφρο-

620 2064 786 2134 σύνης
814 2063 1112 2135 ἀμφότεροι
1142 2061 1588 2133 ἐπιμελούμενοι,
1621 2063 1805 2132 στεῖρα
1825 2055 1932 2131 ἦνς
1962 2059 2204 2130 Οὐκέχοο

622 2164 722 2218 μεν
748 2146 1099 2200 ἐπιλαϐέσθαι
1127 2145 1306 2199 αὐτῶν
1333 2145 1432 2215 τῆς
1464 2144 1632 2214 ζωῆς,
1665 2144 1759 2197 καὶ
1784 2145 1978 2209 εἰπεῖν,
1996 2142 2204 2195 ὅτιτῶν

619 2229 902 2300 ἁμαρτιῶν
922 2224 990 2298 ἦν
1021 2227 1181 2300 ἔργον
1212 2228 1245 2298 ἡ
1280 2228 1565 2299 στείρωσις
1598 2240 1645 2281 ⁸.
1672 2227 1784 2280 Καὶ
1819 2227 1906 2280 ἵνα
1940 2226 2119 2297 μάθῃς
2144 2225 2205 2277 τὺ

615 2311 945 2381 θαυμαστὸν,
973 2311 1056 2363 ὃτι
1088 2310 1187 2363 οὐκ
1214 2309 1348 2381 αὐτὴ
1374 2310 1533 2379 μόνον
1565 2313 1750 2381 στεῖρα
1779 2305 1866 2381 ἦν,
1902 2308 2037 2362 ἀλλά
2057 2308 2203 2378 καὶὴ

621 2394 808 2465 μήτηρ
840 2392 934 2446 τοῦ
962 2392 1171 2447 δικαίου
1206 2393 1239 2462 ἡ
1265 2392 1471 2464 Σάρρα*
1502 2393 1595 2446 καὶ
1622 2393 1720 2462 οὐχ
1756 2394 1788 2463 ἡ
1826 2392 2009 2462 μήτηρ
2036 2390 2094 2444 δέ
2117 2391 2208 2444 αὐ-

619 2476 712 2531 τοῦ
740 2477 919 2547 μόνον,
961 2476 1095 2530 ἀλλά
1128 2477 1222 2529 καὶ
1253 2478 1286 2545 ἡ
1324 2477 1532 2547 νύμφη,
1562 2476 1655 2529 τοῦ
1707 2474 1899 2530 Ἰακὼϐ
1921 2476 1955 2546 ἡ
1984 2473 2140 2545 γυνὴ,
2169 2477 2202 2545 ἡ

628 2561 832 2632 Ῥαχὴλ
855 2560 1014 2628 λέγω.
1066 2559 1133 2611 Τί
1170 2559 1418 2630 βούλεται
1443 2559 1551 2612 τῶν
1581 2559 1807 2631 στειρῶν
1839 2557 2043 2611 τούτων
2069 2559 2097 2610 ὁ
2118 2574 2202 2626 χο·

621 2647 746 2717 ρός;
773 2643 979 2704 Πάντες
1011 2642 1206 2694 δίκαιοι
1228 2681 1243 2705 ,
1298 2641 1498 2704 πάντες
1554 2641 1815 2713 ἐνάρετοι,
1875 2642 2073 2704 πάντες
2104 2641 2207 2693 ὐπὸ

618 2725 756 2779 Θεοῦ
785 2724 1238 2796 μαρτυρούμενοι.
1284 2725 1423 2796 Περὶ
1453 2724 1559 2796 γάρ
1589 2724 1765 2778 αὐτῶν
1813 2724 1967 2798 [495]
1999 2725 2202 2794 ἔλεγεν

633 2807 773 2878 Ἐγώ
798 2810 912 2876 εἰμι
937 2811 968 2861 ό
998 2808 1141 2873 Θεὸς
1182 2808 1449 2877 Ἀϐραὰμ,
1484 2809 1580 2861 καὶ
1612 2810 1645 2861 ό
1676 2808 1818 2873 Θεῦς
1851 2807 2077 2871 Ἰσαὰκ,
2108 2806 2207 2861 κιτί

619 2893 656 2945 ὀ
680 2889 824 2956 Θεὸς
851 2889 1065 2943 Ἰακώϐ.
1096 2889 1205 2942 Καὶ
1237 2891 1263 2942 6
1288 2891 1552 2960 μακάριος
1576 2889 1629 2942 δέ
1656 2889 1865 2953 Παῦλος
1887 2908 2037 2961 φησι·
2066 2893 2145 2945 Δι’
2174 2891 2206 2945 ὃ

619 2976 730 3028 οὐκ
752 2975 1181 3042 ἐπαισχύνεται
1214 2976 1247 3026 ὁ
1279 2971 1442 3040 Θεὸς,
1480 2972 1625 3039 Θεὸς
1659 2973 2072 3029 ἐπικαλεῖσθαι
2103 2978 2208 3029 αὺ-

620 3057 757 3111 τῶν.
813 3057 990 3111 Πολλά
1025 3056 1290 3110 αὐτῶντά
1323 3055 1573 3127 ἐγκώμια
1607 3058 1663 3110 ἐν
1698 3061 1763 3129 τῇ
1792 3061 1989 3130 Καινῇ,
2025 3057 2208 3111 πολλοὶ

620 3143 669 3194 οἰ
714 3140 924 3194 ἔπαινοι
949 3141 1007 3193 ἐν
1057 3141 1122 3210 τῇ
1172 3139 1400 3210 Παλαιᾷ.
1440 3140 1782 3211 Πανταχόθεν
1831 3140 2074 3213 λαμπροὶ
2113 3141 2208 3194 καὶ

621 3223 899 3293 ἐπίσημοι,
921 3222 1015 3275 καλ⁵
1048 3222 1250 3285 πάντες
1286 3222 1503 3294 στείρας
1528 3222 1685 3293 ἔσχον
1708 3226 1995 3290 γυναῖκας,
2032 3223 2124 3276 καὶ
2149 3224 2207 3276 ἐν

620 3307 849 3378 ἀπαιδίᾳ
874 3301 1014 3377 ἦσαν
1049 3305 1208 3375 μέχρι
1237 3305 1431 3357 πολλοῦ
1456 3305 1548 3358 τοῦ
1580 3307 1793 3376 χρόνου.

578 3408 581 3411 “
695 3409 759 3477 β’.
797 3408 965 3462 Ὅταν
984 3403 1075 3460 οὖν
1094 3408 1209 3477 ἴδῃς
1238 3407 1404 3477 ἄνδρα
1422 3409 1516 3461 καὶ
1535 3412 1767 3476 γυναῖκα
1796 3410 1853 3462 ἐν
1877 3410 2045 3479 ἀρετῇ
2068 3408 2206 3473 ζῶν-

621 3509 741 3557 τας,
763 3490 858 3544 καὶ
888 3491 945 3542 ἐν
974 3490 1199 3561 ἀπαιδίᾳ
1228 3492 1615 3559 τυγχάνονταςο
1646 3492 1772 3544 ὅταν
1794 3491 1908 3563 ἴδῃς
1938 3491 2206 3555 θεοσεϐεῖς

622 3575 782 3637 ὄντας
804 3614 819 3639 ,
856 3573 950 3626 καὶ
1005 3572 1286 3635 εὐλαϐείας
1319 3573 1778 3643 ἐπιμελομένους,
1830 3574 2094 3638 ἄπαιδας,
2131 3574 2207 3647 μὴ

622 3653 852 3725 νομίσῃς
884 3651 1164 3723 ἁμαρτιῶν
1197 3648 1336 3705 εἶναι
1384 3652 1541 3722 ἔργα.
1588 3653 1777 3705 Πολλοὶ
1810 3652 1918 3723 γὰρ
1950 3653 2041 3706 τοῦ
2071 3652 2204 3706 Θεοῦ

622 3736 723 3807 τῆς
751 3734 1062 3805 οἰκονομίας
1081 3733 1287 3803 οἱλόγοι
1319 3734 1412 3786 καὶ
1443 3736 1572 3806 ἡμῖν
1603 3736 1921 3807 ἀπόρρητοι,
1956 3736 2051 3790 καί
2067 3735 2206 3809 ὑπὲρ

623 3818 841 3872 πάντων
870 3817 1208 3888 εὐχαριστεῖν
1234 3816 1331 3884 δεῖ,
1368 3818 1464 3870 καὶ
1496 3817 1689 3888 μόνους
1723 3817 1965 3883 ἐκείνους
1991 3818 2207 3873 ταλανί-

624 3900 737 3966 ζειν
758 3902 956 3964 τούςέν
977 3898 1144 3970 κακία
1174 3897 1403 3964 ζῶντας,
1439 3901 1500 3953 οὐ
1539 3902 1665 3964 τοὺς
1700 3901 1884 3954 παιδία
1914 3900 1989 3972 μὴ
2016 3919 2208 3973 κεκτη-

627 3985 838 4057 μένους.
889 3982 1067 4036 Πολλά
1110 3982 1218 4054 γὰρ
1254 3983 1512 4047 πολλάκις
1542 3987 1570 4037 6
1625 3984 1757 4047 Θεὸς
1820 3985 2204 4054 συμφερόντως

625 4068 916 4136 οἰκονομεῖ,
945 4066 1106 4134 ἡμεῖς
1136 4065 1192 4119 δέ
1220 4065 1317 4135 τὴν
1349 4066 1526 4119 αἰτίαν
1552 4065 1659 4119 τῶν
1694 4066 2073 4138 γεγενημένων
2105 4068 2205 4121 οὐκ

627 4148 803 4218 ἴσμεν.
835 4146 935 4199 Διά
961 4143 1121 4199 τοῦτο
1159 4147 1434 4216 πανταχοῦ
1469 4148 1764 4219 θαυμάζειν
1793 4149 1958 4202 αὐτοῦ
1987 4149 2085 4221 τὴν
2113 4167 2203 4203 σο-

626 4231 754 4299 φίαν
785 4228 909 4300 χρὴ,
944 4228 1040 4282 καὶ
1069 4227 1310 4296 δοξάζειν
1343 4229 1507 4284 αὐτοῦ
1530 4232 1630 4302 τὴν
1666 4232 2076 4304 φιλανθρωπίαν
2104 4234 2204 4307 τὴν

625 4314 848 4383 ἄφατον.
887 4312 1046 4366 Ἀλλά
1065 4311 1236 4367 ταῦτα
1263 4312 1362 4385 μὲν
1395 4314 1531 4385 πρὸς
1549 4315 1816 4383 ὠφέλειαν
1840 4319 1971 4387 ἡμῖν
1992 4318 2202 4389 εἴρηται

624 4398 721 4467 τὴν
760 4396 1052 4469 ὑμετέραν,
1085 4396 1226 4451 ὥστε
1261 4397 1458 4469 πολλὴν
1493 4400 1593 4471 τὴν
1620 4400 2036 4472 εὐγνωμοσύνην
2086 4402 2204 4454 ἐπι-

623 4480 954 4547 δείκνυσθαι,
988 4481 1082 4533 καὶ
1108 4481 1183 4553 μὴ
1208 4482 1672 4553 περιεργάζεσθαι
1708 4482 1803 4536 τοῦ
1834 4484 1968 4537 Θεοῦ
1998 4485 2096 4548 τάς
2125 4488 2203 4540 oi-

626 4564 901 4633 κονομίας·
941 4563 1022 4617 δεῖ
1062 4564 1118 4616 δέ
1166 4566 1261 4618 κάι
1303 4565 1400 4630 τὴν
1444 4566 1622 4619 αἰτίαν
1651 4569 1845 4632 εἰπεῖν,
1874 4567 1940 4621 δι’
1970 4570 2035 4639 ἦν
2062 4564 2202 4640 ἦσαν

547 4698 556 4706 ,
626 4648 829 4699 ἐκεῖναι
865 4649 1073 4718 στεῖραι
1113 4648 1166 4700 αἱ
1200 4651 1474 4717 γυναῖκες.
1522 4650 1619 4714 Τίς
1643 4646 1735 4703 οὖν
1759 4652 1905 4703 ἐστιν
1935 4652 1967 4722 ἡ
2010 4654 2200 4719 αἰτία;

627 4728 767 4792 Ἵνα,
795 4728 921 4782 ὅταν
954 4729 1065 4800 ἴδῃς
1108 4730 1206 4801 τὴν
1258 4732 1527 4802 Παρθένον
1586 4732 1873 4785 τίκτουσαν
1906 4734 1996 4787 τὸν
2024 4737 2200 4789 κοινὸν

626 4810 781 4883 ἡμῶν
813 4811 1109 4882 Δεσπότην,
1144 4812 1219 4884 μὴ
1270 4816 1596 4888 ἀπιστήσῃς.
1645 4814 1922 4888 Γύμνασόν
1975 4834 2067 4870 σου
2116 4820 2203 4873 ἐν·

624 4893 799 4947 ταῦθα
818 4893 917 4965 τὴν
943 4893 1198 4959 διάνοιαν,
1229 4897 1412 4968 φησὶν,
1430 4897 1489 4948 ἐν
1514 4900 1578 4968 τῇ
1610 4897 1792 4968 μήτρα
1815 4896 1922 4950 τῶν
1950 4899 2199 4971 στειρῶν,

627 4977 692 5028 ἵν’
713 4977 840 5030 ὅταν
867 4975 981 5049 ἴδῃς
1004 4979 1410 5049 πεπηρωμένην
1426 4981 1518 5033 καὶ
1533 4979 1817 5050 δεδεμένην
1836 4981 2047 5052 μήτραν
2065 4984 2198 5054 πρὸς

625 5058 961 5113 παιδοποιίαν
993 5060 1349 5131 ἀνοιγομένην
1373 5063 1436 5113 ἐκ
1464 5062 1561 5131 τῆς
1594 5061 1687 5115 τοῦ
1708 5060 1842 5115 Θεοῦ
1863 5063 2104 5135 χάριτος,
2124 5066 2201 5139 μὴ

624 5139 910 5214 θαυμάσῃς
936 5141 1149 5196 ἀκούων
1168 5143 1250 5196 ὅτι
1272 5142 1539 5214 παρθένος
1561 5143 1734 5200 ἔτεκε.
1763 5148 1980 5202 Μᾶλλον
1999 5148 2057 5202 δὲ
2082 5147 2203 5203 θαύ-

628 5240 798 5294 μασον
841 5227 934 5278 καὶ
971 5225 1311 5295 ἐκπλάγηθι,
1362 5225 1498 5279 ἀλλά
1527 5226 1601 5297 μὴ
1639 5228 1946 5304 ἀπιστήσῃς
1969 5231 2047 5302 τῷ
2072 5230 2201 5286 θαύ-

628 5323 778 5376 ματι.
805 5309 975 5363 Ὅταν
1003 5306 1098 5365 οῦν
1129 5309 1262 5383 λέγῃ
1295 5308 1429 5382 πρὸς
1457 5310 1515 5363 σέ
1548 5313 1576 5364 6
1617 5311 1885 5377 Ἰουδαῖος,
1916 5313 2040 5379 Πῶς
2085 5314 2199 5368 ἐτε-

624 5393 767 5462 κενὴ
793 5391 1088 5464 παρθένος;
1112 5394 1235 5447 εἰπέ
1256 5395 1391 5465 πρὸς
1407 5394 1588 5460 αὐτὸν,
1608 5395 1732 5459 Πῶς
1754 5395 1940 5452 ἔτεκεν
1965 5399 1999 5469 ἡ
2016 5401 2200 5470 στεῖρα

626 5483 718 5535 καὶ
745 5488 1114 5555 γεγηρακυῖα;
1167 5486 1272 5540 Δύο
1298 5487 1407 5558 γάρ
1438 5485 1736 5560 κωλύματα
1761 5488 1880 5542 τότε
1928 5484 2019 5561 ἧν,
2053 5491 2112 5544 τό
2137 5509 2197 5544 τε

688 5726 716 5755 ⁸
739 5724 897 5797 Savil;
933 5716 1142 5797 el_uhps
1161 5733 1617 5797 codgx,_&wpo'-:epog
1651 5733 1978 5797 ἐπεμελοῦντο,
2004 5739 2084 5784 καὶ
2110 5741 2198 5789 οὐκ

624 5787 674 5845 £7
684 5799 852 5845 ομιν...
874 5787 940 5834 ἔτι
963 5791 1056 5835 τῶν
1077 5792 1317 5854 ἁμαρτιῶν
1326 5787 1401 5851 ’ἦν’
1415 5787 1559 5856 ἔργον·
1587 5787 1777 5857 εἶχεταύ
1790 5812 1864 5851 την
1878 5798 1908 5853 ἡ
1929 5787 2195 5862 στείρωσίςξ

1337 376 1394 429 S.
1433 375 1726 432 JOANNIS
1763 367 2256 430 CIIRYSOSTOMI
2288 367 2615 426 ARCIHEP.
2649 366 3200 424 CONSTANTRNOP.

3786 366 3915 423 “6;

2304 484 2480 556 ἄωρον
2505 487 2600 556 τῆς
2625 486 2857 556 ἡλικίας,
2884 486 2979 539 καὶ
3010 485 3071 538 τὸ
3092 484 3361 556 ἄχρηστον
3393 481 3490 552 τῆς
3526 478 3773 550 φύσεως*
3799 482 3905 536 ἐπί⁸

2302 575 2357 628 δέ
2378 575 2475 646 τῆς
2500 575 2771 646 παρθένου
2802 575 2859 627 ἒν
2881 574 3111 644 κώλυμα
3135 571 3223 643 ἦν,
3275 571 3334 624 τὺ
3361 571 3437 643 μὴ
3468 573 3766 641 μετασχεῖν
3805 571 3906 624 αύ-

2301 666 2400 736 τὴν
2428 666 2628 737 γάμου.
2651 665 2998 738 Προοδοποιεῖ
3010 664 3189 718 τοίνυν
3211 666 3277 735 τῇ
3310 661 3563 735 παρθένῳ
3590 664 3625 732 ἡ
3676 664 3902 732 στεῖρα.

2304 756 2415 810 Καὶ
2441 757 2528 809 ἵνα
2557 757 2734 831 μάθῃς
2759 757 2842 809 ὅτι
2890 755 2979 809 διά
3004 756 3162 808 τοῦτο
3192 755 3400 824 στεῖραι
3443 751 3773 822 προέλαϐον,
3811 751 3905 804 ἵνα

2305 847 2565 918 πιστευθῇ
2592 850 2690 918 τῆς
2716 847 2985 918 παρθένου
3003 846 3221 909 ὁτόκος,
3249 844 3480 899 ἄκουσον
3521 843 3631 896 ἀπὸ
3652 841 3770 895 τῶν
3800 844 3902 913 ρη-

2308 940 2491 1011 μάτων
2512 940 2605 994 τοῦ
2636 940 2873 1012 Γαϐριὴλ
2911 939 3022 992 τῶν
3054 939 3187 1009 πρὸς
3217 937 3314 1008 τὴν
3341 935 3608 1007 παρθένον
3655 935 3905 1005 εἰρημέ-

2304 1050 2428 1086 νων.
2466 1031 2682 1103 Ἐπειδὴ
2711 1032 2822 1102 γάρ
2846 1027 2979 1101 ἦλθε
3005 1029 3099 1082 καὶ
3124 1025 3274 1081 εἶπεν
3298 1027 3457 1098 αὐτῇ,
3489 1025 3798 1094 Συλλήψῃ
3825 1026 3906 1078 ἐν

2306 1123 2537 1192 γαστρί,
2570 1123 2665 1175 καί
2691 1122 2833 1191 τέξῃ
2849 1121 3012 1187 υἱὸν,
3044 1119 3144 1172 καί
3167 1118 3450 1184 καλέσεις
3471 1117 3538 1171 τὸ
3577 1117 3771 1186 ὄνομα
3782 1118 3902 1171 αύ-

2306 1216 2411 1268 τοῦ
2456 1213 2721 1283 Ἰησοῦν,
2755 1212 3056 1282 ἐξεπλάγη
3105 1211 3203 1265 καὶ
3232 1211 3554 1279 ἐθαύμασε,
3597 1208 3700 1262 καὶ
3735 1208 3895 1262 εἴπεο

2307 1306 2440 1373 Πῶς
2467 1306 2634 1360 ἔσται
2652 1322 2752 1374 μοι
2775 1306 2971 1367 τοῦτο,
3001 1302 3132 1357 ἐπεὶ
3168 1302 3356 1370 ἄνδρα
3377 1303 3449 1356 ού
3477 1300 3790 1370 γινώσκω;
3828 1301 3901 1354 Τί

2307 1395 2399 1452 οὖν
2421 1401 2450 1451 6
2480 1398 2739 1466 ἀγγελος;
2767 1397 3007 1467 Πνεῦμα
3042 1396 3214 1466 ἅγιον
3238 1395 3627 1448 ἐπελεύσεται
3653 1393 3754 1447 ἐπὶ
3794 1393 3895 1457 σὲ,

2309 1487 2407 1541 καὶ
2434 1487 2688 1557 δύναμις
2726 1487 3018 1556 Ὑψίστου
3055 1484 3396 1538 ἐπισκιάσει
3432 1498 3551 1539 σοι.
3584 1485 3676 1555 Μὴ
3711 1484 3895 1554 ζήτει,

2309 1579 2462 1649 φησὶ.
2495 1579 2707 1649 φύσεως
2732 1577 3072 1645 ἀκολουθίαν,
3102 1579 3230 1631 ὅταν
3256 1577 3395 1648 ὑπὲρ
3420 1570 3635 1650 φύσινῇ
3664 1574 3734 1628 τά
3752 1575 3898 1643 γινό-

2313 1688 2466 1742 μενα·
2500 1670 2573 1741 μὴ
2599 1669 2926 1742 περιϐλέπου
2954 1669 3148 1740 γάμων
3175 1667 3386 1733 ὠδῖνας,
3419 1668 3548 1721 ὅταν
3574 1666 3777 1738 μείζων
3799 1666 3899 1734 γά-

2314 1781 2413 1835 μου
2437 1763 2537 1830 τῆς
2552 1765 2855 1835 γεννήσεως
2882 1765 2911 1816 ὁ
2937 1756 3206 1836 τρόπος
3232 1761 3341 1815 Kal
3360 1759 3485 1827 πῶς
3501 1761 3671 1815 ἔσται
3688 1758 3894 1824 τοῦτο,

2310 1858 2492 1926 φησὶν,
2525 1855 2651 1909 ἐπεὶ
2685 1855 2874 1923 ἄνδρα
2903 1857 2973 1908 οὺ
3009 1853 3275 1925 γινώσκω
3293 1868 3312 1917 ;
3360 1852 3471 1906 Καὶ
3502 1852 3609 1923 μὴν
3629 1850 3716 1904 διὰ
3732 1849 3895 1904 τοῦτο

2310 1946 2483 2012 ἔσται,
2515 1946 2699 2017 ἐπειδὴ
2730 1945 2896 2018 ἄνδρα
2925 1946 2985 1998 οὐ
3010 1945 3321 2015 γινώσκεις.
3365 1945 3429 1998 El
3464 1946 3572 2015 γάρ
3592 1943 3893 2011 ἐγίνωσκες

2311 2038 2499 2110 ἄνδρα,
2529 2039 2628 2092 οὐκ
2658 2038 2723 2092 ἂν
2746 2036 3089 2109 κατηξιώθης
3115 2035 3565 2109 ὐπηρετὴσασθαι
3599 2036 3665 2106 τῇ
3707 2032 3887 2086 διακο-

2311 2129 2399 2202 νίᾳ
2417 2130 2610 2202 ταύτῃ.
2641 2131 2804 2185 ’Ὥστε
2819 2131 2886 2183 δι’
2913 2131 2941 2184 ὅ
2968 2131 3233 2193 ἀπιστεῖς,
3263 2129 3330 2182 δι’
3356 2128 3486 2184 αὐτὸ
3515 2127 3755 2181 πίστευε.
3775 2124 3895 2180 Οὐκ

2312 2222 2500 2295 ἐπειδὴ
2530 2223 2700 2277 κακον
2757 2224 2782 2276 6
2805 2222 3011 2294 γάμος,
3045 2221 3160 2275 ἀλλ’
3183 2219 3370 2291 ἐπειδὴ
3399 2218 3660 2291 κρείττων
3684 2219 3718 2287 ἡ
3751 2233 3896 2286 παρα

2314 2312 2482 2369 θενία·
2511 2315 2610 2386 τὴν
2638 2315 2694 2368 δέ
2720 2314 2813 2368 τοῦ
2845 2314 3024 2369 κοινοῦ
3054 2313 3270 2369 πάντων
3299 2311 3571 2365 Δεσπὸτου
3597 2308 3747 2382 [494]
3778 2308 3897 2361 εῖσ-

2312 2407 2430 2460 οδον
2489 2408 2818 2478 σεμνοτέραν
2848 2408 3014 2478 ἐχρῆν
3035 2401 3173 2459 εἶναι
3192 2405 3292 2476 τῆς
3312 2403 3602 2477 ἡμετέρας
3638 2398 3892 2471 βασιλικὴ

2312 2499 2419 2571 γὰρ
2441 2494 2508 2570 ἦν
2526 2502 2559 2570 ἠ
2590 2500 2808 2563 εἴσοδος.
2826 2499 2973 2552 Ἔδει
2999 2498 3422 2567 κοινωνεῖνιήμῖν
3447 2495 3545 2564 τῆς
3564 2493 3890 2564 γεννήσεως,

2313 2588 2409 2642 καὶ
2448 2587 2769 2658 ἐξηλλάχθαι
2822 2591 2920 2658 τῆς
2946 2587 3241 2659 ἡμετέρας.
3272 2586 3379 2638 Καὶ
3413 2584 3695 2655 ἀμφότερα
3716 2581 3894 2635 ταῦτα

2312 2679 2523 2748 γέγονε,
2551 2680 2644 2732 καὶ
2666 2680 2812 2742 ὅπως
2838 2677 3102 2732 ἀκουε.Ἰ’δ
3121 2678 3218 2747 μὲν
3247 2675 3356 2729 ἀπὸ
3378 2674 3591 2745 μήτρας
3617 2670 3889 2742 γενέσθαι,

2315 2771 2489 2825 κοινὸν
2522 2771 2657 2843 πρὸς
2684 2772 2852 2842 ἡμᾶς·
2884 2770 2945 2823 τὸ
2974 2769 3031 2822 δὲ
3062 2767 3229 2840 χωρὶς
3256 2766 3451 2837 γάμων
3475 2763 3747 2834 γενέσθαι,
3774 2766 3893 2833 μεῖο

2315 2862 2458 2933 ζονῆ
2494 2861 2614 2915 καθ’
2648 2863 2815 2933 ἡμᾶς.
2852 2861 2959 2914 Καὶ
2985 2860 3046 2914 1:6
3072 2860 3170 2931 μὲν
3203 2860 3261 2912 ἐν
3282 2857 3480 2928 γαστρὶ
3513 2857 3660 2927 σχεῖν
3687 2871 3766 2918 σε,
3790 2854 3894 2924 τῆς

2314 2955 2530 3025 φύσεως
2559 2956 2658 3024 τῆς
2716 2953 3082 3025 ἀνθρωπείας*
3124 2951 3184 3004 τὸ
3219 2951 3275 3004 δέ
3303 2950 3471 3021 χωρὶς
3524 2949 3720 3020 μίξεως
3740 2948 3891 3018 γενέο

2317 3045 2439 3099 σθαι
2456 3045 2554 3115 τὴν
2583 3043 2799 3112 κύησιν,
2816 3042 3139 3113 σεμνότερον
3161 3040 3258 3111 τῆς
3280 3040 3626 3111 ἀνθρωπίνης
3655 3039 3885 3107 φύσεως·

2316 3135 2399 3188 ἵνα
2419 3135 2513 3188 καὶ
2550 3134 2648 3204 τὴν
2666 3133 2939 3203 ὑπεροχὴν
2977 3133 3070 3186 καὶ
3093 3131 3193 3203 τὴν
3221 3130 3505 3185 κοινωνίαν
3547 3132 3645 3200 τὴν
3669 3129 3804 3201 πρὸς
3833 3128 3890 3181 σὲ

2318 3224 2514 3296 μάθῃς.
2540 3225 2649 3277 Καὶ
2680 3224 2870 3276 σκόπει
2895 3224 2994 3296 τὴν
3029 3225 3223 3294 σοφίαν
3269 3223 3378 3276 τῶν
3406 3222 3721 3294 γινομένων.
3751 3219 3887 3272 Οὔτε

2314 3315 2607 3387 ήύπεροχὴ
2635 3315 2732 3387 τὴν
2772 3315 3032 3386 ὁμοίωσιν
3083 3316 3177 3368 καὶ
3201 3314 3517 3383 συγγένειαν
3564 3312 3882 3383 ἐλυμήνατο,

2312 3410 2434 3463 οὐτε
2474 3411 2507 3480 ή
2539 3411 2675 3480 πρὸς
2704 3412 2850 3481 ἡμᾶς
2879 3410 3170 3479 συγγένεια
3205 3409 3303 3481 τὴν
3329 3407 3600 3481 ὑπεροχὴν
3622 3405 3884 3478 ἠμαύρω-

2315 3517 2428 3564 σεν,
2457 3499 2570 3553 ἀλλ’
2598 3501 2833 3571 ἐκάτερα
2865 3501 3140 3555 ἐδείκνυτο
3160 3501 3249 3553 διὰ
3274 3500 3382 3553 τῶν
3410 3497 3765 3571 πραγμάτων·
3792 3496 3887 3549 καὶ

2313 3592 2382 3647 τά
2415 3593 2513 3664 μὲν
2546 3591 2814 3664 ὁλόκληρα
2844 3590 2989 3664 εἶχεν
3023 3593 3287 3664 ἡμέτερα,
3334 3591 3404 3645 τά
3434 3591 3490 3645 δὲ
3519 3588 3884 3670 ἐνηλλαγμένα

2314 3685 2450 3756 πρὸς
2486 3686 2654 3756 ἡμᾶς.
2687 3685 2851 3748 Ἀλλ’,
2880 3685 3017 3756 ὅπερ
3063 3685 3264 3753 ἔλεγον,
3295 3684 3381 3738 διὰ
3409 3682 3564 3737 τοῦτο
3598 3683 3650 3734 αἱ
3680 3683 3885 3751 στεῖραι

2312 3771 2493 3841 αὗται,
2515 3777 2602 3830 ἴνα
2624 3776 2888 3848 πιστευθῇ
2936 3778 3035 3847 τῆς
3061 3775 3335 3849 Παρθένου
3363 3778 3392 3829 ὁ
3422 3775 3595 3840 τόκος,
3630 3774 3711 3826 ἵνα
3744 3773 3879 3843 αῦτη

2311 3867 2695 3940 χειραγωγηθῇ
2725 3869 2862 3939 πρὸς
2893 3868 2992 3938 τὴν
3012 3867 3193 3920 πίστιν
3205 3868 3303 3938 τῆς
3326 3865 3651 3935 ἐπαγγελίας
3679 3864 3769 3917 καὶ
3785 3864 3881 3934 τῆς

2312 3955 2672 4026 ὑποσχέσεως.
2711 3958 2976 4009 ’Ἄκουσον
3005 3955 3115 4026 γὰρ
3142 3956 3195 4009 τί
3227 3972 3389 4026 φησιν
3434 3957 3462 4008 6
3485 3953 3710 4023 ἄγγελος
3747 3952 3879 4023 πρὸς

2311 4043 2498 4113 αὐτήν.
2532 4041 2771 4112 Πνεῦμα
2794 4042 2966 4111 ἅγιον
3002 4043 3390 4097 ἐπελεύσεται
3426 4041 3521 4095 ἐπὶ
3552 4040 3645 4106 σὲ,
3666 4040 3760 4094 καὶ
3780 4040 3879 4092 δύ-

2310 4134 2793 4205 ναμιςὙιιίστου
2822 4133 3165 4188 ἐπισκιάσει
3193 4149 3311 4189 σοι.
3342 4133 3520 4196 Οὐτω,
3543 4133 3719 4203 φησὶν,
3739 4132 3878 4201 ἔχεις

2309 4225 2506 4287 τεκεῖν,
2536 4221 2743 4291 καὶτῆς
2758 4221 3037 4291 ἐνεργείας
3061 4221 3153 4274 τοῦ
3174 4218 3312 4274 Πνεῦ
3321 4237 3487 4291 ματος
3502 4220 3562 4272 τὸ
3579 4221 3681 4273 πᾶν
3706 4218 3873 4274 ἔσται.

2309 4312 2400 4384 Μὴ
2432 4311 2608 4365 τοίνυν
2641 4310 2803 4382 βλέπε
2850 4311 2984 4382 πρὸς
3017 4311 3113 4380 τὴν
3138 4311 3259 4381 γῆν·
3299 4310 3407 4364 ἀπὸ
3437 4311 3546 4363 τῶν
3576 4308 3812 4381 οὐρανῶν
3841 4311 3874 4378 ἡ

2309 4404 2556 4474 ἐνέργεια
2572 4403 2808 4473 ἔρχεται.
2852 4400 2956 4452 Τοῦ
2981 4399 3295 4471 Πνεύματός
3323 4400 3436 4452 ἐστι
3474 4400 3633 4470 χάρις
3654 4398 3712 4452 τὸ
3734 4398 3874 4467 γινό-

2313 4510 2490 4567 μενον”
2513 4492 2588 4563 μὴ
2606 4492 2753 4562 ζήτει
2785 4489 2999 4558 φύσεως
3026 4489 3364 4555 ἀκολουθίαν,
3404 4491 3477 4560 μὴ
3501 4488 3641 4543 κατά
3683 4490 3871 4560 νόμους

2309 4585 2403 4638 καὶ
2423 4584 2619 4653 γάμον.
2645 4581 2782 4639 ’Δλὶε
2814 4581 2998 4651 ἐπειδὴ
3019 4580 3241 4651 μείζονα
3264 4581 3435 4635 ταῦτα
3471 4576 3540 4651 ἦν
3575 4582 3779 4652 ἐκείνης
3803 4582 3867 4634 τά

2311 4673 2545 4742 ῥήματα,
2568 4668 2814 4738 βούλεται
2833 4667 2925 4721 καὶ
2944 4668 3135 4738 ἑτέραν
3148 4668 3176 4708 b
3198 4669 3335 4740 αὐτῇ
3355 4671 3652 4740 παρασχεῖν
3663 4669 3870 4724 ἀπόδει-

2309 4759 2417 4825 ξιν.

2378 4883 2433 4934 γ.
2465 4867 2537 4918 Σύ
2557 4864 2613 4917 δέ
2646 4881 2736 4934 μοι
2756 4862 2966 4928 σκόπει,
2994 4863 3268 4934 ἀγαπητὴ
3299 4862 3415 4927 πῶς
3441 4865 3475 4935 η
3509 4867 3687 4936 στεῖρα
3712 4865 3872 4937 αὐτὴν

2308 4957 2638 5029 χειραγωγεί
2671 4955 2804 5025 πρὸς
2830 4954 2928 5024 τὴν
2951 4954 3133 5008 πίστιν
3175 4954 3268 5008 τοῦ
3301 4955 3481 5010 τόκου.
3518 4955 3730 5028 Ἐπειδὴ
3768 4958 3872 5027 γὰρ

2306 5052 2338 5119 ὴ
2373 5047 2612 5119 προτέρα
2633 5045 2901 5109 ἀπόδειξις
2924 5045 3124 5117 μείζων
3145 5042 3213 5116 ἦν
3242 5046 3339 5114 τῆς
3369 5046 3606 5109 διανοίας
3631 5048 3724 5118 τῆς
3737 5066 3868 5120 παρ-

2308 5135 2481 5197 θένου,
2513 5133 2743 5187 ἄκουσον
2770 5132 2886 5196 πῶς
2902 5134 2994 5185 καί
3022 5134 3114 5184 ἐπὶ
3128 5132 3195 5185 τά
3217 5134 3576 5207 ταπεινότερα
3599 5137 3867 5206 κατήγαγε

2305 5223 2398 5276 τὸν
2411 5222 2591 5295 λόγῳ,
2624 5220 2714 5274 διὰ
2744 5219 2852 5274 τῶν
2881 5219 3152 5291 αἰσθητῶν
3169 5219 3342 5293 αὐτὴν
3371 5224 3741 5294 χειραγωγῶν.
3763 5225 3866 5278 Καὶ

2307 5315 2455 5379 ἰδοὺ,
2489 5298 2995 5383 φησ“ιν,⁹Ελισά6ετ
3033 5312 3071 5378 ἠ
3100 5312 3403 5382 συγγενής
3426 5329 3565 5379 σου,
3590 5314 3685 5368 καί
3721 5318 3865 5385 αὐτὴ

2306 5403 2711 5473 συνειληφυῖα
2735 5402 2868 5457 υἱὸν
2894 5402 2964 5455 ἐν
2991 5399 3154 5470 γήρει
3177 5401 3368 5472 αὐτῆς
3385 5418 3401 5436 ο
3432 5404 3533 5457 καί
3559 5401 3732 5471 οὗτος
3746 5406 3869 5475 μὴν

2305 5497 2483 5565 ἕκτος
2520 5498 2690 5553 ἐστὶν
2724 5494 2880 5564 αὐτῇ
2914 5496 2990 5565 τῇ
3019 5497 3364 5567 καλουμένῃ
3397 5498 3624 5570 στείρᾳ.
3651 5501 3745 5556 Διά
3773 5501 3865 5573 τὴν

2367 5744 2396 5784 Β
2424 5745 2593 5793 Morel.
2624 5752 2677 5792 et
2722 5745 2888 5795 Molllf.
2916 5749 3000 5805 τὴν

2460 5751 2677 5818 [ρτθιζαθὶ
2724 5751 2888 5795 ιιοιιιι.
2916 5751 3000 5805 τήν
3038 5751 3215 5812 ἑτέραν,
3235 5753 3396 5801 minus
3418 5760 3569 5805 recte.
3596 5755 3863 5807 Correctum

2311 5818 2340 5855 ε
2363 5805 2564 5869 Savilio.
2591 5806 2723 5855 Iim'r.
