4072 6216
681 489 928 562 Alioquin
962 488 1112 559 cujus
1150 486 1228 543 rei
1257 485 1426 557 gratia
1454 484 1728 540 retulisset
1764 491 1972 553 partum
2003 487 2264 550 cognatm,

681 581 836 650 cujus
863 581 987 634 item
1011 579 1178 648 gratia
1204 574 1448 644 disisset,
1482 574 1609 642 Quae
1627 583 1834 630 vocatur
1853 572 2079 627 sterilis?
2107 571 2270 626 Plane

679 686 776 738 per
805 671 980 727 omnia
1003 668 1302 724 deducebat
1325 683 1442 724 eam
1473 667 1540 722 ad
1565 665 1890 722 credendum
1919 661 2267 719 annuutiatio-

683 762 733 813 ni
758 775 771 811 :
798 769 1079 828 propterea
1104 767 1158 813 et
1181 770 1388 829 tempus
1414 758 1566 825 dixit,
1594 766 1649 812 et
1669 766 1870 811 natura:
1893 755 2225 810 sterilitatem
2249 769 2262 804 :

681 859 959 918 propterea
1010 858 1061 904 et
1093 860 1305 920 tempus
1333 850 1537 905 distulit
1565 848 1950 919 conceptionis.
1982 846 2098 901 Non
2124 845 2267 902 enim

679 941 857 993 statim
885 955 914 993 a
946 940 1206 1012 principio
1243 942 1291 997 ei
1330 942 1698 996 annuntiatum
1719 946 1804 995 est
1824 980 1838 1004 ,
1870 938 1964 996 sed
1995 937 2267 1008 praeterito

681 1041 919 1101 tempore
939 1034 1206 1101 semestri,
1237 1042 1294 1087 ut
1325 1033 1463 1088 uteri
1491 1033 1700 1087 sarcina
1739 1032 2139 1100 conceptionem
2168 1027 2265 1084 ilo-

675 1132 840 1177 ceret.
865 1124 928 1178 Et
945 1123 1065 1179 vide
1091 1133 1287 1194 quanta
1306 1123 1515 1179 Gabriel
1536 1124 1698 1178 utitur
1717 1122 1952 1177 solertia.
1980 1120 2094 1175 Non
2124 1121 2266 1175 enim

680 1218 729 1269 in
751 1218 1061 1273 memoriam
1079 1217 1128 1271 ei
1157 1216 1363 1271 reducit
1386 1216 1465 1271 vel
1485 1215 1722 1281 Sarram,
1745 1215 1825 1269 vel
1845 1214 2158 1279 Rebeccam,
2185 1213 2266 1268 vel

681 1305 990 1360 ilachclem.
1017 1307 1194 1372 Quare
1224 1316 1278 1360 ct
1300 1321 1463 1375 quam
1492 1304 1562 1358 ob
1581 1318 1793 1358 causam
1817 1306 1840 1356 ’ἔ
1862 1302 1992 1357 Nam
2020 1303 2102 1357 lue
2127 1319 2264 1373 quo-

677 1412 781 1466 que
814 1400 1025 1451 luerunt
1043 1396 1274 1461 steriles,
1297 1405 1350 1451 et
1369 1396 1580 1460 vetulae,
1605 1403 1659 1448 et
1682 1407 1931 1464 magnum
1955 1393 2266 1448 miraculum

680 1488 731 1540 in
762 1488 863 1542 illis
892 1487 987 1542 fuit
1014 1505 1027 1540 :
1062 1487 1154 1543 sed
1183 1489 1306 1558 quia
1335 1502 1524 1543 omnes
1555 1487 1638 1541 hae
1669 1488 2004 1542 narrationes
2037 1487 2269 1558 antiqua:

680 1587 864 1645 erant,
907 1578 1122 1634 adducit
1164 1595 1281 1634 eam
1313 1577 1378 1632 ad
1422 1579 1470 1632 id
1501 1576 1640 1648 quod
1672 1593 1839 1648 nuper
1863 1578 2182 1648 contigerat,
2215 1584 2272 1632 ut

681 1677 913 1724 mentem
941 1669 1056 1740 ejus
1077 1671 1142 1724 ad
1173 1669 1499 1724 credendum
1525 1679 1860 1738 provocaret.

761 1760 950 1832 Viginti
977 1763 1123 1816 annis
1152 1771 1431 1833 perseuerat
1471 1778 1622 1815 orans
1653 1760 1824 1814 Isaac.
1853 1791 1925 1801 —
1944 1759 2048 1816 Sed
2077 1776 2270 1816 neces-

679 1853 882 1908 sarium
909 1863 991 1908 est
1021 1863 1078 1907 ut
1105 1853 1171 1907 ad
1204 1854 1501 1908 institutum
1530 1867 1836 1908 sermonem
1867 1851 2148 1907 redeamus
2172 1893 2186 1914 ,
2219 1862 2273 1907 et

680 1945 1042 2014 signiﬁcemus
1079 1945 1207 2013 justi
1259 1946 1550 2009 virtutem,
1603 1951 1658 2000 et
1704 1941 1973 2012 quomodo
2025 1944 2272 2013 pret-ibus

680 2037 1015 2090 sterilitatem
1047 2035 1304 2091 Rebeccae
1333 2036 1586 2101 solverit,
1621 2045 1672 2090 et
1703 2035 1909 2090 vincula
1951 2044 2151 2089 naturae
2180 2050 2272 2088 su.

681 2128 962 2195 pcraverit.
991 2127 1084 2181 2|.
1119 2126 1494 2196 Deprecabatnr
1518 2138 1707 2189 autem,
1736 2127 1897 2191 dicit,
1930 2143 2023 2197 pro
2053 2125 2273 2180 Rebecca

678 2235 834 2272 more
859 2236 972 2283 sua,
995 2220 1228 2286 quoniam
1251 2220 1435 2273 sterilis
1461 2229 1566 2272 erat
1583 2260 1598 2281 ,
1622 2228 1669 2272 et
1697 2218 1950 2272 exaudivit
1978 2234 2090 2271 eum
2111 2215 2270 2271 Deus.

677 2307 792 2362 Non
820 2310 939 2379 quia
965 2325 1086 2364 mox
1118 2311 1188 2363 ita
1215 2309 1459 2365 subditur
1477 2320 1531 2365 et
1559 2311 1814 2380 scriptum
1840 2317 1945 2376 est,
1975 2319 2129 2380 putes
2150 2324 2271 2364 eum

678 2416 708 2453 c
737 2400 959 2470 vestigio
997 2410 1049 2454 et
1081 2402 1322 2470 protinus
1357 2409 1698 2470 asscquutum
1734 2415 1854 2456 esse
1888 2399 2027 2470 quod
2057 2401 2274 2470 optabat

678 2500 732 2544 ct
759 2492 1047 2562 quaerebat.
1092 2491 1220 2546 Nam
1255 2492 1436 2561 viginti
1464 2492 1621 2545 annis
1653 2491 2010 2560 perseveravit
2039 2507 2198 2545 orans
2222 2499 2276 2546 et

678 2579 972 2650 deprecans
1001 2583 1184 2645 Deum,
1207 2591 1256 2636 et
1287 2590 1410 2636 tunc
1437 2580 1645 2635 tandem
1672 2590 1989 2650 asscquutus
2019 2592 2100 2634 est
2129 2581 2272 2652 quod

678 2669 1032 2728 desiderabat.
1062 2673 1128 2727 Et
1166 2671 1304 2727 unde
1331 2673 1560 2727 sciemus
1587 2671 1724 2725 hoc?
1755 2671 1809 2726 Si
1845 2669 2123 2740 diligenter
2151 2688 2271 2742 per-

679 2780 954 2819 curramus
979 2780 1097 2835 qna:
1137 2765 1186 2818 in
1227 2763 1404 2818 divina
1444 2763 1716 2832 Scriptura
1759 2763 2121 2818 continentur.
2153 2763 2270 2818 Non

679 2855 824 2909 enim
849 2867 1056 2927 tempus
1084 2854 1238 2910 nobis
1267 2854 1636 2910 absc0uditum
1662 2863 1762 2922 est,
1792 2854 1885 2909 sed
1908 2854 2139 2924 signavit
2159 2855 2275 2926 qui-

679 2946 841 3010 dem,
890 2947 1114 3001 latenter
1166 2957 1379 3009 tamen,
1431 2946 1499 2999 ita
1554 2954 1611 3000 ut
1663 2954 1915 3014 provocet
1953 2944 2274 3002 desiderium

680 3046 959 3102 nostrum,
1008 3046 1061 3091 et
1089 3037 1155 3091 ad
1199 3037 1411 3106 dignam
1447 3036 1844 3106 inquisitionem
1893 3036 2096 3090 incitet.
2144 3035 2276 3090 Nam

679 3129 818 3181 sicut
857 3129 1038 3182 docuit
1077 3143 1175 3182 nos
1217 3143 1478 3182 annorum
1517 3143 1804 3182 numerum
1841 3142 2003 3197 quem
2042 3124 2272 3181 habuit‘

681 3219 894 3288 quando
927 3219 1220 3274 llebeccam
1249 3219 1417 3286 duxit,
1451 3219 1518 3274 ita
1548 3231 1600 3274 et
1625 3219 1725 3275 hoc
1748 3220 1901 3274 nobis
1932 3221 2106 3289 palam
2132 3219 2273 3274 fecit.

685 3311 812 3365 Erat
835 3313 997 3377 cnim,
1026 3312 1215 3383 inquit,
1241 3311 1389 3366 Isaac
1415 3329 1665 3366 annorum
1693 3313 2050 3384 quadraginta,
2073 3315 2277 3383 quando

682 3405 871 3473 accepit
901 3405 1176 3459 Rebecca»:
1196 3406 1359 3473 ﬁliam
1385 3403 1654 3460 Bathuelis
1686 3404 1825 3475 Syri.
1886 3403 2122 3459 Didicisti
2152 3403 2276 3459 dili-

681 3505 870 3566 genter
914 3506 1141 3567 tempus.
1176 3491 1375 3550 Deinde
1415 3504 1694 3566 postquam
1738 3495 1913 3548 dixit:
1963 3490 2278 3563 Deprecatus

682 3597 754 3641 est
785 3586 936 3641 Isaac
966 3605 1058 3654 pro
1083 3605 1238 3642 uxore
1265 3605 1379 3654 sua,
1411 3588 1529 3660 quia
1556 3587 1741 3642 sterilis
1771 3597 1897 3654 erat,
1927 3596 1984 3641 ut
2009 3588 2276 3644 discamus

683 3696 941 3734 annorum
993 3696 1294 3746 rnunerum,
1340 3680 1628 3750 assignavit
1667 3678 1821 3734 nobis
1850 3688 1980 3751 quot
2015 3695 2277 3735 annorum

684 3767 838 3823 fuerit
874 3770 1016 3824 Isaac
1045 3767 1257 3840 quando
1285 3771 1392 3825 nati
1433 3779 1558 3825 sunt
1591 3771 1640 3826 ei
1674 3770 1765 3824 lilii
1798 3770 1867 3825 de
1891 3770 2155 3826 Rebecca.
2183 3769 2274 3825 26.

688 3860 816 3914 Erat
843 3862 980 3915 enim
1006 3859 1159 3914 Isaac
1182 3904 1197 3926 ,
1233 3859 1423 3931 inquit,
1454 3877 1705 3915 annorum
1747 3861 2010 3933 sexaginta
2029 3903 2044 3927 ,
2074 3862 2278 3932 quando

687 3954 876 4024 peperit
908 3953 1150 4007 Rebecca.
1194 3953 1251 4009 Si
1291 3953 1452 4024 igitur
1482 3953 1828 4024 quadraginta
1860 3970 2124 4008 annorum
2163 3966 2280 4009 erat

687 4043 897 4112 quando
927 4043 1069 4098 illam
1097 4042 1286 4108 duxit,
1318 4044 1590 4114 sexaginta
1620 4054 1802 4098 autem
1828 4045 2041 4113 quando
2071 4046 2278 4114 peperit

689 4151 838 4198 uxor,
870 4133 1207 4189 manifestum
1236 4143 1319 4188 est
1347 4151 1470 4189 eum
1505 4135 1659 4190 annis
1688 4135 1872 4206 viginti
1904 4151 2276 4206 perseverasse

688 4234 930 4279 orantem
963 4224 1149 4290 Deum,
1177 4233 1233 4280 et
1262 4233 1471 4278 uterum
1504 4223 1756 4280 Rebeccae
1786 4227 2024 4281 inutilem
2052 4241 2278 4296 genera-

689 4317 852 4382 tioni,
903 4315 1152 4373 idoneum
1199 4315 1388 4371 fecisse
1433 4315 1533 4388 (a).
1583 4315 1802 4370 Vidistis
1845 4317 2106 4371 orationis
2148 4317 2272 4383 vim,

689 4407 956 4478 quomodo
1005 4415 1061 4462 et
1103 4418 1344 4462 naturam
1389 4407 1558 4477 ipsam
1602 4406 1853 4477 superet?
1901 4409 2050 4463 llunc
2092 4423 2280 4464 omnes

693 4498 991 4562 imitemur,
1024 4508 1079 4554 et
1106 4500 1176 4553 ita
1202 4499 1253 4554 in
1279 4499 1523 4568 precibus
1551 4497 1720 4554 sirnus
1748 4498 1968 4564 assidui,
1994 4499 2281 4570 animoque

693 4590 853 4646 sobrii
881 4602 930 4646 et
959 4591 1188 4646 humiles
1213 4611 1226 4647 :
1255 4590 1640 4662 audiamusque
1661 4589 1884 4646 Paulum
1905 4591 2278 4647 admonentem

696 4695 749 4740 et
789 4685 1092 4742 dicentem:
1142 4685 1386 4740 Levantes
1421 4695 1626 4740 sanctas
1670 4701 1848 4738 manus
1885 4684 2070 4755 absque
2111 4685 2189 4738 ira
2237 4695 2284 4739 et

677 4774 1129 4848 disceptationibus
1149 4775 1224 4848 (ι.
1252 4776 1384 4832 Tim.
1404 4774 1521 4851 2.8)
1545 4797 1556 4830 :
1585 4786 1639 4832 et
1663 4776 1970 4832 Studeamus
1989 4791 2201 4848 semper
2223 4779 2288 4831 li-

694 4868 867 4924 berari
909 4883 942 4923 a
989 4869 1404 4940 perturbatione,
1447 4878 1506 4925 ut
1548 4883 1702 4925 mens
1745 4867 1812 4923 sit
1855 4868 1908 4922 in
1951 4870 2238 4939 tranquillo
2265 4913 2280 4936 ,

693 4959 921 5014 maxime
945 4967 1125 5015 autem
1153 4975 1366 5030 precum
1396 4971 1666 5030 tempore,
1699 4959 1915 5030 quando
1935 4959 2100 5015 multa
2130 4961 2284 5017 nobis

691 5063 826 5119 opus
851 5059 934 5104 est
973 5066 1004 5104 a
1046 5047 1156 5105 Deo
1183 5049 1526 5120 benignitate.
1559 5045 1692 5104 Nam
1723 5049 1767 5102 si
1809 5064 1908 5105 nos
1941 5050 2136 5105 viderit
2163 5066 2286 5120 pre-

691 5140 801 5195 cari
826 5140 1117 5196 secundum
1137 5141 1282 5210 leges
1308 5143 1376 5195 ab
1396 5155 1456 5196 se
1486 5142 1704 5211 positas,
1728 5142 1909 5197 statim
1937 5142 2090 5199 nobis
2114 5142 2284 5198 dono-

693 5247 814 5288 rum
851 5249 1070 5289 suorum
1117 5231 1414 5304 largitatem
1461 5231 1749 5290 liberaliter
1798 5235 2089 5291 concedet:
2139 5236 2283 5307 quod

694 5322 849 5376 nobis
891 5324 1100 5393 assequi
1156 5322 1330 5392 liceat,
1379 5323 1547 5394 gratia
1596 5332 1653 5380 et
1692 5323 2016 5395 benignitate
2071 5324 2280 5380 Domini

697 5413 862 5469 Imstri
888 5412 1016 5470 Jcsu
1038 5414 1266 5480 Christi,
1296 5430 1416 5470 cum
1443 5430 1547 5488 quo
1579 5415 1716 5470 Patri
1746 5416 1815 5470 sit
1837 5415 2034 5486 gloria,
2069 5415 2242 5470 honor
2265 5457 2281 5484 ,

698 5501 979 5573 imperium
1003 5546 1018 5571 ,
1047 5505 1203 5560 simul
1230 5515 1283 5561 et
1311 5517 1497 5562 sancto
1524 5503 1762 5579 Spiritui,
1794 5523 1933 5563 nunc
1958 5516 2012 5563 et
2031 5521 2243 5578 semper
2263 5548 2281 5577 ,

700 5605 754 5648 et
780 5595 830 5648 in
861 5596 1052 5651 secula
1081 5596 1421 5652 swculornm.
1450 5595 1639 5654 Amen.

766 5708 787 5773 ξ
818 5708 958 5773 Coisl.
982 5712 1178 5773 omittit,
1194 5723 1343 5773 quem
1361 5711 1546 5773 ltabuit.

768 5767 843 5839 (α)
877 5767 1334 5839 tluc.de.sinit__lecus
1349 5769 1433 5820 ille
1452 5773 1660 5839 hinc._ut
1683 5787 1694 5834 ι
1714 5777 1894 5839 utatur.
1916 5789 1940 5822 a
1961 5776 2293 5838 Cltrysostomo

698 5833 964 5890 excerptas
983 5833 1034 5880 in
1056 5833 1253 5882 "milia
1275 5840 1343 5884 ne
1366 5847 1462 5882 non
1486 5833 1772 5896 omnis
1788 5835 1993 5886 iraa-nn
2014 5833 2241 5902 peccatis.

1455 374 1514 431 S.
1552 368 1832 429 JOANNIS
1865 364 2339 426 CHRYSlZBTOHI
2377 365 2697 425 Μωδεεῖ).
2735 367 3276 431 CONSTANTINOP.
3882 379 3910 434 Δ

2984 484 3258 543 llOMlLlA
3298 486 3360 543 L.

2371 611 2609 684 Concepit
2655 625 2826 674 autem
2878 619 3102 676 Rebecca
3121 663 3138 689 ,
3190 629 3242 678 et
3291 623 3615 681 colluctatam
3665 626 3888 701 parvuli

2833 711 2925 765 illa
2961 710 3118 782 (Gen.
3138 713 3236 770 ss.
3259 713 3353 770 at.
3383 714 3496 785 es).

2444 845 2494 899 l.
2528 843 2698 900 Vultis
2724 844 2886 902 etiam
2907 845 3066 902 hodie
3090 862 3420 919 apponamus
3443 850 3650 906 caritati
3683 863 3893 909 vestrm

2369 948 2490 1004 qua:
2515 933 2569 989 in
2593 934 2824 992 lectione
2846 936 3095 993 hesterna
3124 939 3307 993 relicta
3335 942 3498 995 sunt?
3526 941 3607 996 Ad
3631 942 3802 999 linem
3831 960 3909 999 en

2372 1026 2664 1095 perducere
2695 1036 2864 1085 totum
2879 1041 3246 1101 argumentum
3272 1031 3638 1104 nequivimus;
3662 1035 3762 1092 sed
3792 1049 3910 1093 oste

2370 1115 2545 1173 dimus
2585 1132 2681 1189 per
2717 1119 2958 1176 assiduas
2994 1135 3182 1192 preces
3226 1122 3372 1178 lsaac
3419 1125 3658 1196 potuisse
3706 1123 3910 1183 Rebeci

2369 1209 2577 1263 vulvam
2606 1207 2836 1266 ﬁliorum
2863 1212 3192 1283 generationi
3231 1211 3458 1271 reddere
3487 1213 3735 1273 idoneam
3768 1260 3786 1286 ,
3815 1228 3910 1273 nat

2371 1316 2591 1372 ramque
2631 1303 2802 1372 ipsam
2831 1303 3073 1360 inutilem
3111 1299 3306 1360 factam
3326 1347 3343 1373 ,
3372 1315 3431 1361 ut
3459 1307 3530 1362 ita
3556 1307 3736 1363 dicam
3761 1349 3779 1376 ,
3811 1325 3910 1381 rep

2372 1408 2492 1449 rare
2517 1411 2531 1448 :
2559 1391 2675 1449 haec
2698 1395 2875 1450 omnia
2905 1395 3018 1451 heri
3044 1395 3175 1452 satis
3203 1412 3300 1452 vos
3325 1395 3628 1468 docuimus,
3651 1410 3909 1457 monstra

2373 1495 2454 1540 tes
2491 1500 2755 1542 annorum
2802 1503 3116 1556 numerum,
3148 1489 3342 1561 quibus
3364 1531 3379 1555 ,
3410 1501 3471 1545 ut
3511 1491 3615 1548 hoc
3655 1493 3910 1564 impetrat

2373 1576 2560 1633 beatus
2591 1579 2698 1645 ille,
2727 1594 2888 1636 orans
2915 1589 2970 1636 et
2995 1581 3290 1652 deprecans
3318 1584 3615 1651 permansit
3641 1602 3658 1640 :
3685 1595 3740 1641 et
3765 1586 3822 1642 in
3851 1601 3910 1642 se

2374 1683 2589 1724 monem
2613 1669 2681 1725 de
2703 1670 2971 1727 sterilibus
2990 1673 3214 1743 egressi,
3237 1673 3377 1728 dicta
3398 1673 3548 1729 vobis
3563 1690 3725 1731 causa
3748 1689 3910 1748 prop!

2372 1775 2530 1828 quam
2555 1759 2822 1829 justorum
2850 1761 3062 1818 illorum
3090 1778 3288 1819 uxores
3315 1765 3526 1822 steriles
3555 1766 3740 1834 fuere,
3764 1782 3910 1824 serm

2373 1864 2496 1903 nem
2520 1851 2740 1905 missum
2764 1852 3010 1908 iecimus.
3043 1852 3230 1924 Opera:
3275 1855 3500 1925 pretium
3547 1865 3733 1912 autem
3760 1868 3845 1913 est
3874 1877 3906 1913 n

2373 1939 2532 1996 hodie
2569 1942 2775 2000 discere
2803 1944 3061 2001 Rebeccae
3105 1946 3409 2017 religiosam
3450 1958 3708 2014 mentem,
3760 1961 3820 2006 ut
3863 1967 3910 2004 Ill

2373 2033 2548 2087 solum
2576 2033 2728 2089 nobis
2748 2050 2780 2089 a
2802 2035 2997 2090 virtute
3017 2035 3150 2106 justi
3173 2037 3383 2094 lucrum
3406 2039 3646 2103 accedat,
3678 2040 3777 2096 sed
3807 2042 3910 2094 etia

2374 2138 2439 2178 ex
2467 2124 2688 2180 historia
2711 2141 2830 2196 qua:
2855 2126 3154 2183 Rebeccam
3180 2128 3437 2198 respicit,
3463 2130 3530 2185 ad
3571 2132 3910 2185 simulatione

2377 2229 2665 2284 provocare
2703 2217 2970 2286 possimus
2995 2217 3288 2274 auditores.
3324 2219 3614 2290 Postquam
3640 2222 3784 2276 enim
3831 2221 3909 2275 De

2376 2307 2646 2363 exaudivit
2681 2310 2980 2365 orationem
3018 2309 3186 2380 justi,
3212 2310 3303 2365 2l.
3331 2311 3400 2365 Et
3439 2321 3636 2366 uterum
3681 2315 3834 2384 gessit
3863 2313 3910 2368 ll

2375 2397 2543 2466 becca,
2571 2399 2659 2452 22.
2702 2399 3058 2467 colludebant,
3111 2401 3316 2473 inquit,
3349 2402 3492 2470 pueri
3530 2405 3584 2457 in
3625 2421 3722 2469 ea,
3771 2415 3826 2459 et
3854 2421 3909 2458 m

2375 2505 2480 2560 gno
2525 2505 2645 2546 eam
2675 2491 2860 2547 dolore
2903 2491 3228 2548 adiciebant.
3273 2493 3413 2550 Dixit
3450 2495 3622 2565 enim,
3649 2497 3854 2568 inquit,
3907 2535 3910 2547 .

2376 2583 2450 2636 sic
2494 2583 2618 2636 mihi
2662 2583 2892 2652 [riturum
2941 2584 3046 2651 sit,
3098 2602 3187 2639 cur
3230 2586 3357 2639 nti/ti
3401 2586 3543 2640 hoc?
3585 2587 3767 2658 Neque
3817 2591 3903 2642 eni

2379 2687 2514 2728 unus
2577 2683 2693 2728 erat
2749 2675 3084 2743 nasciturus,
3145 2677 3242 2732 sed
3289 2677 3424 2732 duos
3479 2678 3640 2733 simul
3695 2681 3746 2734 in
3813 2690 3910 2734 ιιιρά

2377 2780 2572 2836 pueros
2607 2767 2872 2836 gestabat,
2917 2776 2974 2822 ct
3012 2783 3080 2822 ex
3118 2769 3363 2839 angustia
3403 2769 3625 2824 multum
3667 2772 3906 2825 cruciatu

2377 2859 2659 2914 sentiebat.
2686 2860 2790 2916 Sed
2835 2860 2923 2916 hic
2960 2860 3100 2928 vide,
3149 2861 3393 2928 obsecro,
3439 2863 3676 2918 mulieris
3715 2865 3908 2934 pietate

2377 2959 2432 3005 et
2457 2950 2789 3021 religionem.
2820 2951 2940 3007 Non
2966 2952 3110 3006 enim
3139 2952 3278 3008 sicut
3313 2953 3567 3008 mulieres
3614 2955 3816 3018 trinitate,
3843 2971 3910 3026 qu

2378 3041 2706 3112 negligenter
2745 3043 2944 3106 vivunt,
2996 3042 3156 3099 hodie
3206 3043 3379 3100 facere
3424 3057 3850 3110 consueverunt,
3894 3063 3910 3101 :

2379 3131 2668 3187 humanum
2695 3135 2932 3204 confugit
2969 3134 3294 3200 subsidium,
3327 3151 3432 3190 non
3472 3137 3540 3192 ad
3577 3151 3670 3192 eos
3707 3138 3795 3208 qui
3840 3139 3910 3192 tal

2378 3227 2488 3280 suis
2529 3227 2871 3296 conjecturis,
2905 3243 3119 3301 sumque
3145 3229 3364 3284 rationis
3390 3228 3846 3286 observationibus
3867 3233 3909 3301 jt

2377 3316 2556 3371 dicare
2597 3319 2820 3383 volunt;
2851 3334 3021 3390 neque
3046 3334 3106 3375 se
3133 3320 3378 3390 exposuit
3410 3320 3708 3392 deccptioui
3733 3324 3910 3378 circul:

2381 3420 2573 3475 torum,
2603 3419 2657 3466 et
2681 3426 2866 3466 eorum
2895 3412 2981 3481 qui
3009 3412 3261 3482 pollicere
3289 3413 3486 3468 audent
3509 3428 3626 3485 quae
3659 3431 3815 3486 supra
3853 3415 3910 3470 in

2379 3516 2588 3555 manant
2617 3509 2742 3557 sunt
2782 3510 3026 3556 naturam
3059 3503 3189 3558 :sed
3213 3503 3367 3569 Abiit,
3395 3503 3582 3575 inquit,
3605 3515 3659 3558 ut
3685 3507 3910 3560 consuler

2375 3591 2673 3650 Dominum.
2702 3595 2838 3651 Vide
2861 3595 3098 3651 mulieris
3137 3597 3498 3668 sagacitatem.
3530 3597 3786 3667 Quoniam
3831 3600 3910 3654 vid

2378 3701 2500 3742 eum
2537 3689 2626 3758 qui
2663 3690 2871 3744 vulvam
2910 3689 3027 3760 ejus
3066 3699 3348 3755 reserarat,
3390 3699 3446 3746 et
3493 3693 3583 3763 qui
3626 3692 3910 3748 infecundul

2381 3790 2620 3836 ventrem
2651 3791 2870 3853 repente
2895 3783 2965 3837 ita
2991 3781 3270 3838 fecundum
3299 3781 3566 3852 elIecerat,
3603 3793 3804 3841 natura:
3836 3800 3910 3840 es:

2384 3871 2687 3940 Dominum,
2719 3876 2969 3945 quoniam
2997 3873 3128 3929 vidit
3148 3874 3282 3930 uteri
3312 3875 3576 3930 sarcinam
3601 3891 3784 3947 magna
3813 3892 3910 3947 qua

2379 3963 2503 4020 dam
2532 3967 2860 4035 promittere,
2881 3965 3036 4034 Abiit,
3057 3967 3244 4038 inquit,
3273 3977 3328 4022 ut
3355 3968 3638 4025 consuleret
3668 3970 3910 4024 Dominam

2379 4055 2518 4122 Quid
2543 4064 2645 4122 est,
2674 4057 2804 4111 Abiit
2830 4066 2886 4112 ut
2930 4059 3210 4114 consuleret
3233 4058 3553 4118 Dominum?
3605 4066 3840 4121 Cucurrit
3889 4086 3910 4121 a

2383 4163 2562 4203 veram
2586 4151 2886 4217 scientiam,
2919 4161 2973 4208 et
3001 4150 3270 4208 festinavit
3293 4154 3358 4210 ad
3386 4156 3714 4212 sacerdotem
3747 4158 3838 4214 Dei
3852 4178 3909 4214 ιιι

2383 4240 2632 4309 nistrum,
2670 4256 2764 4311 per
2789 4257 2947 4312 quem
2979 4243 3206 4299 latenter
3229 4244 3308 4300 rei
3329 4245 3609 4301 scientiam
3635 4246 3834 4304 discere
3857 4266 3910 4305 ea

2381 4331 2561 4401 piebat
2587 4333 2603 4362 ¹
2633 4349 2648 4387 :
2676 4341 2731 4387 et
2755 4348 3012 4388 enarrans
3029 4335 3206 4389 omnia
3226 4351 3347 4406 qua:
3376 4336 3478 4392 sibi
3503 4339 3845 4410 contigerant,
3870 4342 3910 4394 d.

2381 4423 2512 4480 dicit
2534 4425 2814 4496 diligenter
2835 4427 3039 4490 ernuia,
3057 4426 3402 4484 misericorde
3423 4429 3533 4485 Deo
3557 4445 3653 4500 per
3675 4433 3905 4488 sacerdot

2380 4516 2618 4587 linguam
2662 4515 2946 4586 detegente
2981 4516 3032 4573 ei
3071 4519 3248 4574 munia
3289 4520 3606 4588 manifeste,
3641 4533 3700 4578 et
3735 4524 3910 4580 alaerit

2385 4624 2496 4664 rem
2525 4625 2644 4665 eam
2669 4609 3025 4666 reddente.Et
3049 4619 3107 4666 ut
3128 4613 3272 4668 scias
3291 4623 3485 4684 quanta
3512 4623 3638 4670 tunc
3656 4625 3910 4672 eratsacci

2381 4701 2566 4756 dolum
2591 4702 2844 4773 dignitas.
2871 4719 3131 4776 nusquam
3161 4705 3290 4760 dicit
3315 4706 3643 4762 sacerdotem
3668 4708 3714 4763 ei
3737 4724 3909 4779 respui

2385 4794 2656 4858 disse,sed
2676 4805 2951 4867 postquam
2979 4797 3134 4864 dixit,
3149 4797 3283 4852 Abiit
3297 4807 3354 4852 ut
3367 4799 3651 4853 consuleret
3667 4798 3910 4855 Dominam

2386 4886 2609 4956 subiecit
2627 4928 2643 4953 ,
2672 4885 2763 4943 23.
2786 4886 2854 4941 Et
2874 4887 3003 4942 dixit
3033 4885 3285 4944 Dominus
3295 4889 3360 4955 ei,
3375 4905 3568 4959 nempe
3595 4905 3690 4961 per
3715 4893 3910 4947 sacerdt

2388 4987 2513 5044 tem,
2529 4977 2915 5050 Duasgentesin
2929 4989 3072 5034 utero
3081 4992 3173 5036 tuo
3188 4981 3428 5035 contines.
3451 4981 3829 5037 Etenimetalio
3843 4983 3910 5038 lot

2386 5071 2632 5142 angelum
2655 5082 2806 5128 vocat
2825 5072 3154 5129 sacerdotem
3175 5073 3351 5128 divina
3361 5073 3654 5144 Scriptura,
3683 5076 3909 5131 ostendet

2391 5166 2538 5220 illum
2555 5180 2618 5222 ea
2635 5165 2801 5237 loqui,
2832 5183 2950 5238 qua:
2977 5167 3196 5236 inspirat
3213 5182 3277 5222 ac
3291 5169 3526 5239 suggerit
3541 5167 3910 5240 Spiritusgrati:

2393 5257 2532 5312 Disit
2561 5257 2720 5329 igitur
2745 5258 3003 5313 Dominus
3028 5257 3076 5312 ei
3104 5272 3202 5328 per
3229 5259 3600 5315 sacerdotem:
3635 5259 3758 5316 Dine
3792 5275 3910 5333 gent.

2389 5349 2442 5402 in
2467 5359 2608 5405 utero
2632 5357 2718 5404 tuo
2737 5357 2878 5416 sunt,
2907 5357 2954 5403 et
2977 5347 3078 5403 duo
3092 5349 3273 5419 populi
3297 5349 3352 5403 in
3365 5359 3532 5405 uentre
3555 5359 3641 5406 tuo
3658 5351 3909 5407 dividenta

2391 5450 2439 5494 et
2463 5441 2680 5512 papulas
2703 5441 2892 5513 papula
2923 5439 3210 5510 praestabit,
3263 5450 3312 5495 et
3337 5443 3503 5515 major
3544 5448 3717 5500 serviet
3760 5447 3910 5499 minor

2393 5530 2528 5588 Vide
2553 5533 2856 5588 vaticinium
2896 5531 3038 5603 quod
3081 5528 3367 5588 nianil'este
3413 5534 3657 5604 prodicit
3693 5537 3742 5593 ei
3787 5551 3909 5592 omni

2460 5719 2475 5746 ι
2511 5713 2649 5780 enisi.
2672 5721 2729 5780 et
2754 5720 2999 5780 Interpres
3021 5709 3249 5780 vulgatus
3262 5712 3316 5778 in
3341 5711 3554 5763 Exlitione
3578 5699 3751 5780 Metelli
3777 5729 3788 5763 :
3815 5717 3910 5780 Elﬂ

2395 5776 2584 5842 uinmvit
2615 5777 2678 5825 ad
2697 5773 2995 5842 sacerdotem
3021 5773 3423 5836 Deianinis‘trum,
3443 5787 3531 5842 per
3548 5788 3687 5839 quem
3721 5773 3910 5828 latentia

2399 5839 2643 5890 “itfiuium
2667 5837 2844 5883 rolnhal
2877 5837 3080 5887 discere.
