4084 6214
446 256 593 309 λιιι)

487 375 628 420 συαι.
660 364 969 436 Ἀλλόμενοι
991 363 1097 433 γάρ
1119 365 1167 414 οἰ
1192 363 1378 423 παῖδες
1403 364 1460 414 ἐν
1486 364 1550 431 τῇ
1574 361 1773 430 γαστρὶ
1790 360 1882 412 καὶ
1905 376 2060 429 σκιρ-

478 449 702 513 τῶντες,
741 448 842 519 ἡδη
877 442 1293 517 προανεφώνουν
1323 442 1538 496 ἅπαντα
1566 444 1708 514 μετὰ
1741 442 2059 513 ἀκριϐείαν

481 531 576 584 καὶ
607 529 795 582 λοιπὸν
826 526 1127 598 ἐμάνθανεν
1165 527 1198 595 ἡ
1231 525 1392 595 γυνὴ,
1419 525 1519 596 οὐχ
1549 526 1629 578 ὅτι
1651 525 1742 577 δύο
1784 525 1945 596 μόνον
1973 522 2056 576 τέ-

437 649 447 655 ηι
482 611 629 676 ξεται
655 596 870 671 παῖδας,
889 608 1004 661 ἀλλ’
1017 608 1098 660 ὅτι
1125 608 1218 660 καὶ
1239 610 1318 670 εἰς
1338 607 1466 676 ἔθνη
1482 603 1627 660 οὗτοι
1653 607 2062 676 ἐκταθήσονται,
2090 596 2127 620 ³

440 734 443 737 -
480 695 575 746 καὶ
614 694 694 746 ὅτι
726 694 755 744 ὀ
783 691 1027 744 ἐλάσσων
1065 689 1346 761 κυριεύσει
1380 689 1476 743 τοῦ
1515 689 1780 760 μείζονος.
1812 688 1921 740 Kal
1950 687 2059 750 ὅτε,

480 778 664 847 φησὶν,
695 775 921 844 ἡγγισεν
942 775 970 826 ὁ
995 774 1185 845 καιρὸς
1211 774 1304 827 τοῦ
1331 774 1512 838 τόκου,
1550 770 1832 839 Ἐξῆλθεν
1856 773 1888 823 ό
1912 786 2066 838 πρω-

479 859 723 922 τότοκος
747 855 1062 924 πυῤῥάκης
1078 898 1093 922 ,
1114 856 1256 910 ὡσεὶ
1287 856 1451 925 διῖρὰ,
1468 855 1682 919 δασύς·
1710 852 2063 920 ἐπωνόμασε

440 970 448 978 ι
478 940 545 993 δὲ
564 940 630 993 τὸ
660 938 846 1008 ὄνομα
879 939 1089 1005 αὐτοῦ,
1121 940 1333 994 Ἠσαῦ.
1363 940 1471 993 Καὶ
1491 938 1642 1008 μετὰ
1669 937 1856 991 ταῦτα
1879 934 2063 1004 ἐξῆλ-

480 1027 581 1078 θεν
601 1025 634 1076 ό
660 1022 924 1091 ἀδελφός
955 1022 1163 1085 αὑτοῦ,
1201 1023 1297 1075 καί
1329 1022 1367 1089 ἡ
1392 1022 1520 1091 χεὶρ
1554 1020 1741 1075 αὐτοῦ
1782 1020 2063 1089 ἐπειλημ-

473 1106 626 1175 μένη
656 1103 765 1172 τῆς
803 1104 1065 1172 πτέρνης
1096 1105 1288 1159 Ἦσαῦ
1313 1121 1327 1136 α
1358 1105 1458 1158 καὶ
1498 1103 1753 1158 ἐκάλεσε
1782 1102 1847 1156 τὸ
1877 1102 2064 1169 ὄνομα

477 1191 685 1255 αὐτοῦ,
720 1191 936 1245 ’1ακώ6’
958 1193 1240 1260 μονονουχὶ
1268 1191 1367 1262 ἤδη
1398 1192 1492 1243 καὶ
1524 1193 1585 1243 ἐκ
1621 1189 1925 1265 προοιμίων
1949 1189 2060 1242 δει-

478 1274 702 1338 κνύντος
720 1272 813 1326 τοῦ
829 1272 1229 1343 Θεοῦ,[497]ὅτι
1246 1273 1549 1343 περιέσται,
1568 1273 1708 1325 κατά
1723 1271 1792 1324 τὰ
1807 1270 2058 1342 ῥηθέντα,

477 1357 509 1409 ὁ
537 1356 771 1410 ἐλάττων
804 1354 898 1408 τοῦ
930 1355 1192 1425 μείζονος.
1225 1357 1464 1426 Κατεῖχε
1485 1354 1613 1425 γάρ.
1642 1355 1798 1424 φησὶ,
1821 1357 1886 1425 τῇ
1913 1354 2062 1424 χειρὶ

478 1439 575 1510 τὴν
615 1439 851 1508 πτέρναν
909 1438 1116 1501 Ἠσαῦ,
1152 1439 1289 1508 ὅπερ
1320 1433 1389 1507 ἦν
1426 1439 1650 1507 σημεῖον
1686 1434 2059 1505 καταγωνιζο-

483 1522 643 1592 μένου
666 1520 756 1573 τὸν
782 1521 1000 1591 ἰσχυρὸν
1030 1517 1171 1573 εἶναι
1190 1520 1466 1573 δοκοῦντα.
1496 1520 1604 1571 Kal
1632 1519 1820 1572 σκόπει
1852 1535 1940 1590 μοι
1961 1519 2060 1586 τὴν

479 1604 628 1657 θείαν
651 1603 894 1674 Γραφὴν,
926 1605 1075 1665 ὅπως
1095 1602 1184 1655 διὰ
1206 1603 1275 1655 τὰ
1308 1602 1569 1671 μέλλοντα
1594 1600 1817 1673 ὕστερον
1846 1601 2060 1672 συμϐή-

481 1685 687 1750 σεσθαι,
846 1687 1245 1756 προαναφωνεῖ,
1276 1685 1369 1737 καὶ
1395 1684 1667 1738 δείκνυσιν
1701 1686 1831 1754 ἡμῖν
1854 1683 2060 1737 ἄνωθεν

468 1768 574 1821 καὶ
596 1766 654 1833 ἐξ
680 1767 859 1838 ἀρχῆς
889 1767 1120 1820 ἑκάστου
1152 1767 1211 1820 τὸ
1239 1767 1576 1838 ἐπιτήδευμα
1598 1784 1612 1799 “
1644 1768 1738 1819 καὶ
1768 1766 1850 1819 ὅτι
1898 1768 1926 1818 6
1962 1767 2060 1836 μὲν

472 1849 610 1920 »περὶ
641 1849 700 1902 τὸ
722 1852 979 1918 κυνηγεῖν
1010 1851 1311 1920 ἠσχολεῖτο,
1338 1852 1366 1902 6
1394 1850 1449 1902 δὲ
1482 1850 1738 1921 ἄγροικος
1760 1843 1829 1918 ἦν
1851 1847 2061 1918 ἄνθρω-

479 1950 603 1996 πος.
639 1932 946 1995 ἄπλαστος,
991 1932 1168 1986 οἰκίαν
1214 1932 1399 1985 οἰκῶν.
1446 1932 1537 1985 Διὸ
1571 1934 1604 2002 ἡ
1654 1931 1753 2002 μὲν
1796 1930 2062 1983 Ῥεϐέκκα

475 2014 668 2085 ἡγάπα
702 2014 793 2067 τὸν
830 2014 1046 2076 Ἰακὼϐ,
1080 2017 1107 2067 6
1136 2016 1193 2069 δὲ
1231 2015 1418 2068 Ἰσαὰκ
1446 2015 1538 2068 τὸν
1577 2013 1748 2067 Ἠσαῦ
1773 2053 1788 2079 ,
1827 2013 2058 2081 Ἐπειδὴ

478 2101 518 2169 ἡ
552 2099 705 2167 θήρα
729 2099 946 2164 αὑτοῦ,
979 2100 1111 2168 φησὶ
1132 2139 1144 2157 .
1172 2098 1404 2168 ,βρῶσις
1443 2096 1523 2170 ἦν
1558 2096 1739 2163 αὐτῷ.
1777 2099 1919 2168 Ὅρα
1944 2097 2062 2159 πῶς

476 2182 606 2245 τοὺς
626 2182 824 2244 παῖδας
849 2181 1210 2251 διενείμαντο·
1246 2184 1339 2235 καὶ
1367 2184 1399 2253 ἡ
1427 2183 1527 2252 μὲν
1557 2182 1645 2235 διὰ
1670 2182 1730 2234 τὸ
1758 2182 1850 2235 ἐπὶ
1863 2181 1965 2250 τῆς
1985 2182 2063 2234 οξ-

477 2265 604 2329 κίας
624 2265 922 2336 διατρίϐειν
940 2266 1126 2336 ὁρῶσα
1141 2265 1235 2318 τοῦ
1250 2267 1439 2329 παιδὸς
1454 2266 1514 2319 τὸ
1532 2267 1824 2327 ἄπλαστον,
1840 2265 2060 2318 πλείονα

478 2349 575 2419 τὴν
598 2347 811 2402 εὔνοιαν
834 2350 959 2420 περὶ
982 2349 1145 2402 αὑτὸν
1169 2349 1513 2402 ἐπεδείκνυτο
1529 2366 1542 2380 ·
1562 2351 1589 2401 ὁ
1609 2349 1665 2403 δὲ
1693 2349 1874 2419 πατὴρ
1894 2348 1981 2402 διά
1998 2365 2057 2400 τε

480 2432 542 2484 τὸ
566 2431 906 2501 πρωτότοκον
923 2433 1134 2484 ἐκεῖνον
1156 2432 1506 2501 γεγενῆσθαι,
1537 2434 1626 2485 xal
1647 2431 1736 2485 διά
1760 2432 1858 2502 τὴν
1890 2431 2060 2503 Θήραν

489 2515 682 2583 ἠγάπα
712 2514 801 2565 τὸν
843 2512 1039 2568 Ἠσαῦ.
1085 2512 1224 2565 Ἀλλ’
1266 2506 1412 2565 οὗτοι
1445 2513 1544 2583 μὲν
1575 2516 1643 2583 τῇ
1673 2516 1873 2583 φυσικῇ
1910 2513 2060 2581 φιλο-

483 2597 709 2665 στοργίᾳ
732 2593 1258 2657 κατακολουθοῦντες
1281 2594 1382 2648 ταῦ
1395 2613 1454 2647 τα
1476 2595 1691 2651 ἐποίουν
1714 2612 1727 2625 ’
1754 2597 1787 2666 ἡ
1813 2596 1870 2648 δὲ
1895 2595 2061 2666 πρόρ-

483 2682 641 2750 ρησις
664 2676 806 2733 κατά
839 2676 1034 2751 μικρὸν
1063 2678 1143 2740 είς
1166 2677 1326 2748 ἔργον
1359 2677 1527 2748 ἐξῄει,
1551 2678 1855 2748 ἡλέγουσα,
1886 2679 1966 2731 ὅτι
1999 2680 2061 2732 '0

468 2822 471 2825 _
476 2758 690 2832 μείζων
721 2759 1040 2813 δουλεύσει
1067 2760 1147 2823 τῷ
1175 2758 1491 2813 ἐλάσσονι.
1522 2761 1666 2831 Ὅρα
1697 2760 1806 2832 γὰρ
1836 2761 2056 2825 εὐθέως.

486 2846 747 2911 Ἵίψησε,
778 2841 965 2911 φησὶν,
1011 2842 1213 2895 Ἰακὼὸ
1226 2841 1457 2911 ἓψημιν
1494 2838 1643 2912 ἦλθε
1676 2842 1745 2896 δὲ
1778 2844 1967 2898 Ἡσαῦ
1987 2845 2059 2898 ἐκ

470 2927 588 2980 τοῦ
609 2925 818 2979 πεδίου
838 2924 1274 2978 ἑκλείπων.Καὶ
1287 2920 1457 2978 εἶπεν
1477 2937 1503 2966 ιι
1526 2924 1722 2978 Ἠσαῦ
1740 2925 1819 2990 τῷ
1834 2924 2056 2979 ’Ῑακώϐο

482 3011 723 3064 Γεῦσόν
731 3026 808 3077 με
836 3008 955 3061 ἀπὸ
981 3008 1087 3061 τοῦ
1112 3006 1421 3077 ἑψήματος
1441 3008 1545 3063 τοῦ
1572 3008 1802 3077 πιιγῦῥοῦ
1821 3009 2059 3075 τούτου,

480 3092 574 3146 ὅτι
606 3091 886 3144 ἐκλείπω.
917 3089 1020 3142 Διὰ
1050 3090 1229 3144 τοῦτο
1265 3090 1494 3159 ἐκλήθη
1525 3091 1593 3144 τὸ
1624 3091 1810 3160 ὄνομα
1841 3092 2057 3155 αὐτοῦ,

496 3162 697 3242 Ἐδώμ.
740 3171 851 3224 Kal
898 3167 1068 3225 εἶπεν
1112 3171 1327 3236 Ἰακὼϐ,
1372 3172 1616 3239 Ἀπόδος
1653 3192 1757 3243 μοι
1790 3174 1861 3227 τὰ
1908 3191 2061 3244 πρω-

485 3257 747 3311 τοτόκια.
764 3255 823 3307 '0
852 3254 908 3307 δέ
932 3252 1162 3324 φησι,Τί
1187 3271 1277 3325 μοι
1302 3254 1503 3308 τούτων
1522 3255 1732 3325 ὄφελος,
1749 3256 1847 3326 τῆς
1872 3256 2059 3310 τελευ-

480 3341 582 3411 τῆς
608 3340 708 3411 ἡδη
739 3356 805 3409 με
837 3338 1380 3408 καταλαμϐανούσης,
1409 3341 1457 3392 εί
1499 3338 1575 3410 μὴ
1605 3339 1932 3410 μετάσχοιμι
1961 3340 2060 3410 τῆς

480 3421 722 3493 τροφῆς;
760 3422 817 3473 Ὀ
843 3419 900 3473 δέ
939 3420 1034 3473 καὶ
1071 3420 1161 3474 τὸν
1191 3421 1354 3492 ὅρκον
1379 3423 1630 3487 ἀπαιτεῖ,
1661 3421 1800 3475 ὥστε
1835 3422 2060 3493 βεϐαίαν

483 3504 636 3575 αὐτῷ
650 3502 902 3573 γενέσθαι
919 3503 1126 3558 τούτων
1141 3503 1240 3576 τὴν
1257 3504 1676 3578 παραχώρησιν.
1704 3504 1815 3559 Kal
1838 3506 2057 3575 ὤμοσε,

484 3588 670 3658 φησὶν.
714 3586 922 3641 Ἡσαῦ.

546 3671 618 3740 β’.
647 3669 777 3723 Ἰδοὺ
809 3668 992 3722 λοιπὸν
1011 3666 1260 3721 ἐντεῦθεν
1282 3669 1628 3743 ἀντεστράφη
1647 3671 1864 3742 ἡτάξις,
1889 3673 1984 3727 καὶ
1997 3673 2060 3726 τὸ

476 3753 577 3807 τοῦ
611 3751 962 3824 πρωτοτόκου
996 3749 1213 3821 ἀξίωμα
1250 3751 1515 3821 μετῆλθεν
1544 3754 1636 3807 ἐπὶ
1663 3755 1755 3808 τὸν
1789 3759 1852 3828 τῇ
1888 3757 2056 3829 ἀρετῇ

480 3835 582 3903 τῆς
601 3835 778 3906 ψυχῆς
794 3834 1188 3903 διαλάμποντα.
1211 3833 1321 3886 Καὶ
1341 3834 1620 3899 ἀπέδοτο,
1645 3838 1832 3908 φησὶν,
1868 3838 2059 3894 Ἡσαῦ

480 3918 554 3972 τὰ
575 3919 960 3987 πρωτοτόκια,
979 3917 1100 3969 ἀντὶ
1121 3914 1239 3979 τοῦ,
1268 3917 1526 3988 Πέπρακε
1548 3921 1646 3989 τῆς
1672 3924 1877 3993 τροφῆς
1895 3923 2058 3978 ἑνεκα

478 4000 541 4054 τὸ
569 3999 785 4070 ἀξίωμα
814 3998 874 4050 τὸ
908 3998 1062 4068 παρά
1105 3998 1204 4067 τῆς
1237 3998 1451 4066 φύσεως
1480 4000 1628 4072 αὐτῷ
1661 4002 1902 4076 δωρηθέν
1924 4023 1938 4037 ⁸
1976 4007 2057 4060 διὸ

481 4082 762 4151 ἐπήγαγε,
797 4080 906 4133 Kal
942 4080 1279 4147 ἐραύλισεν
1321 4082 1505 4135 Ἠσαῦ
1547 4084 1621 4137 τὰ
1652 4091 2016 4153 πρωτοτόκια
2039 4105 2054 4121 ο

480 4164 749 4232 ἀγνώμων
770 4161 959 4229 γέγονε
988 4163 1113 4232 περὶ
1136 4161 1231 4232 τὴν
1249 4163 1676 4232 κατασχεθεῖσαν
1701 4168 1849 4239 αὐτῷ
1878 4169 1937 4235 ἐξ
1957 4172 2057 4224 αὑ·-

480 4246 581 4316 τῆς
604 4245 701 4315 τῆς
730 4242 942 4313 φύσεως
974 4242 1286 4314 προεδρίαν.
1319 4245 1488 4299 Τοῦτο
1529 4247 1585 4300 δὲ
1620 4248 1740 4303 ὅλον
1779 4252 2055 4320 ἐγίγνετο,

482 4330 570 4381 ἴνα
613 4327 869 4381 κάκείνου
908 4325 1096 4397 δειχθῇ
1127 4328 1159 4396 ἡ
1195 4328 1577 4400 ἀγνωμοσύνη,
1609 4331 1703 4383 καὶ
1729 4334 1761 4404 ἡ
1795 4333 1889 4387 τοῦ
1919 4333 2055 4388 Θεοῦ

478 4410 791 4480 πρόρρησις
814 4408 894 4471 είς
916 4408 1075 4477 ἔργον
1101 4406 1313 4481 ἐξέλθῃ.

546 4491 730 4545 Ταῦτα
741 4491 796 4543 δὲ
807 4489 1098 4553 ἀκούοντες
1114 4491 1491 4560 παιδευώμεθα
1504 4496 1773 4565 μηδέποτε
1789 4498 1896 4550 τῶν
1909 4501 2057 4571 παρά

478 4573 573 4627 τοῦ
592 4573 726 4625 Θεοῦ
741 4573 960 4644 δωρεῶν
977 4573 1219 4642 ἀμελεῖν,
1240 4576 1371 4645 μηδέ
1394 4578 1605 4649 μικρῶν
1620 4579 1780 4634 ἕνεκα
1797 4581 1891 4635 καὶ
1909 4583 2057 4635 εὐτε-

481 4657 591 4712 λῶν
616 4655 686 4708 τά
712 4656 921 4726 μεγάλα
941 4658 1240 4726 προΐεσθαι.
1267 4659 1423 4724 Τίνος
1443 4662 1551 4731 γὰρ
1566 4662 1771 4723 ἕνεκεν.
1792 4664 1911 4717 είπέ
1942 4682 2053 4735 μοι,

483 4739 760 4809 βασιλείας
779 4739 1023 4810 οὐρανῶν
1066 4743 1429 4815 προκειμένης
1465 4745 1557 4798 καὶ
1586 4745 1689 4798 τῶν
1732 4747 2056 4817 ἀπορρήτων

480 4822 705 4877 ἐκείνων
727 4821 968 4890 ἀγαθῶν,
999 4825 1125 4894 περὶ
1153 4824 1249 4897 τὴν
1279 4828 1386 4880 τῶν
1426 4828 1723 4899 χρημάτων
1761 4828 2056 4899 ἐπιθυμίαν

483 4921 550 4976 με
557 4906 826 4976 μήναμεν,
847 4907 940 4959 καὶ
959 4906 1026 4959 τά
1042 4908 1351 4982 πρόσκαιρα
1371 4912 1462 4963 καὶ
1482 4910 1739 4973 πολλάκις
1750 4911 1869 4963 ούδὲ
1888 4911 2053 4985 μέχρι

479 4988 576 5058 τῆς
591 4988 829 5059 ἑσπέρας
845 4991 973 5059 ἡμῖν
996 4993 1377 5062 παραμένοντα
1408 4992 1514 5045 τῶν
1536 4994 1798 5062 διηνεκῶς
1850 4995 1944 5046 καὶ
1967 4997 2054 5049 ἀεὶ

482 5074 904 5143 παραμενόντων
933 5075 1289 5145 προτιμῶμεν
1309 5092 1325 5142 ;
1347 5077 1452 5129 Kal
1468 5076 1519 5129 τί
1543 5078 1642 5146 τῆς
1656 5075 1837 5138 ἀνοίας
1853 5076 2054 5148 ταύτης

482 5157 660 5226 χεῖρον
688 5155 883 5223 γένοιτ’
914 5155 1002 5221 ἂν,
1030 5158 1159 5210 ὅταν
1190 5157 1457 5210 κάκείνων
1496 5157 1928 5228 ἀποστερῶμεθα
1964 5160 2053 5215 διὰ

480 5238 576 5307 τὴν
617 5240 746 5310 περὶ
782 5240 950 5293 ταῦτα
989 5240 1315 5308 ἐπιθυμίαν,
1361 5241 1454 5292 καὶ
1502 5241 1635 5310 μηδὲ
1673 5240 1877 5295 τούτων
1920 5247 2053 5298 ἀπο-

477 5318 662 5375 λαύειν
699 5321 954 5393 καθαρῶς
995 5320 1362 5392 δεδυνήμεθα;
1401 5322 1466 5374 Τί
1519 5330 1627 5393 γὰρ
1667 5323 1887 5391 ὄφελος,
1930 5329 2050 5381 εἰπέ

482 5419 593 5474 μοι,
623 5403 722 5474 τῆς
753 5405 949 5475 πολλῆς
981 5404 1325 5468 περιουσίαςς
1353 5406 1422 5458 Ἦ
1453 5406 1551 5458 ούκ
1587 5405 1699 5458 ίστε
1728 5407 1859 5477 ὅτιή
1885 5410 2049 5483 πολλὴ

1196 253 1254 307 S.
1295 250 1582 306 JOANNIS
1624 248 2110 304 CHRYSOSTOMI
2154 245 2464 302 ARCUIEP.
2505 245 3052 303 CONSTANTINOP.

3640 252 3749 309 450

2165 375 2254 411 ται
2292 357 2324 427 ἢ
2370 356 2662 428 φροντίδων
2705 358 3024 429 προσθήκην
3070 357 3164 435 καὶ
3216 364 3601 435 περισπασμδν
3651 366 3748 419 καὶ

2163 440 2504 512 ἀγρυπνίαν;
2556 440 2668 510 Οὐχ
2700 441 2863 512 ὁρᾶτε
2913 442 2995 495 ὅτι
3037 434 3181 495 οὗτοι
3231 443 3464 510 μάλιστά
3507 449 3645 500 εἰσιν
3695 451 3746 503 οί

2166 524 2400 587 πάντων,
2433 522 2509 586 ὡς
2533 524 2727 586 εἰπεῖν,
2756 522 2955 589 δοῦλοι,
2986 525 3034 577 ol
3060 522 3130 578 τά
3162 523 3385 582 πλείονα
3415 529 3745 600 περιϐεϐλη-

2167 606 2352 675 μένοι,
2404 607 2500 659 καὶ
2542 604 2664 659 καθ’
2716 606 2953 676 ἑκάστην
2999 607 3210 679 ἡμέραν
3249 609 3347 674 τὰς
3379 611 3537 677 σκιὰς
3573 614 3747 680 αὐτὰς

2163 686 2487 753 δεδοικότες;
2546 687 2827 744 Ἐντεῦθεν
2855 690 2965 759 γάρ
3012 690 3288 747 τίκτονται
3325 695 3381 748 al
3430 694 3743 761 ἐπιϐουλαὶ,

2164 771 2218 822 al
2245 768 2555 838 βασκανίαι,
2580 773 2607 825 ὁ
2634 771 2823 841 φθόνος
2846 774 2876 826 ό
2903 772 3093 840 πολὺς,
3125 774 3194 828 τὰ
3217 775 3388 847 μυρία
3410 776 3545 832 ἄλλα
3574 779 3740 833 κακά.

2166 853 2272 906 Καὶ
2298 852 2557 918 πολλάκις
2594 853 2660 907 ἂν
2696 855 2823 918 ῐδοις
2853 854 2945 910 τὸν
2983 856 3198 930 μύριαι»
3241 858 3481 914 τάλαντα
3517 861 3743 931 χρυσίου

2164 936 2355 1007 ἔχοντα
2385 938 2722 1008 ἀποκείμενα
2753 939 3122 1012 μακαρίζοντα
3148 941 3237 995 τὸν
3261 943 3348 998 ἐπ’
3375 943 3741 1016 ἐργαστηρίου

2164 1019 2451 1089 ἑστηκότα,
2478 1018 2628 1092 [498]
2655 1022 2751 1075 καὶ
2778 1022 2844 1076 ἐκ
2870 1022 2970 1092 τῆς
2989 1022 3097 1078 τῶν
3123 1024 3320 1096 χειρῶν
3348 1025 3609 1097 ἐργασίας
3639 1027 3742 1100 τὴν

2162 1102 2366 1172 τροφὴν
2389 1102 2766 1174 ποριζόμενον.
2788 1103 2926 1158 Ποία
2947 1100 3040 1159 οὖν
3054 1106 3241 1178 ἡδονὴ,
3267 1107 3300 1177 ἢ
3331 1110 3483 1161 ποῖον
3515 1109 3738 1180 κέρδος,

2163 1183 2292 1237 ὅταν
2341 1185 2479 1254 μήτε
2513 1195 2535 1225 ο
2571 1185 2774 1239 τούτων
2816 1185 3207 1259 ἀπολαύωμεν,
3236 1190 3331 1242 καὶ
3353 1189 3443 1244 διά
3483 1190 3584 1262 τῆν
3611 1192 3742 1263 περὶ

2164 1265 2343 1319 ταῦτα
2391 1266 2685 1339 ἐπιθυμίαν
2712 1268 2808 1322 καὶ
2842 1269 2951 1324 τῶν
2985 1271 3243 1340 μειζόνων
3275 1271 3738 1343 ἀποστερώμεθας

2164 1348 2229 1400 Τί
2267 1348 2326 1400 δέ
2366 1349 2508 1417 λέγω
2550 1351 2659 1404 τῶν
2697 1350 2988 1423 μειζόνων,
3024 1354 3152 1406 ὅταν
3186 1352 3323 1423 μετὰ
3365 1355 3474 1408 τῶν
3504 1356 3740 1411 ἐνταῦθα

2163 1431 2373 1496 κακῶν,
2400 1432 2494 1485 καὶ
2516 1432 2613 1504 τὴν
2644 1433 2918 1488 ἔκπτωσιν
2945 1435 3053 1487 τῶν
3082 1436 3200 1488 ἐκεῖ
3218 1435 3459 1504 ἀγαθῶν,
3482 1438 3576 1492 καὶ
3600 1439 3740 1511 πρὸς

2163 1512 2260 1583 τὴν
2282 1514 2506 1581 γέενναν
2551 1516 2718 1587 αὐτὴν
2751 1516 3233 1587 ἀποπεμπιῖῳεθας
3269 1517 3374 1572 Kal
3404 1518 3555 1574 οὔπω
3592 1521 3739 1589 λέγω

2160 1593 2230 1647 τὰ
2256 1596 2426 1666 μυρία
2446 1598 2665 1669 ἀμαρτή
2675 1616 2819 1668 ματα
2841 1598 2910 1652 τά
2931 1598 3177 1652 ἐντεῦθεν
3201 1600 3589 1673 συλλεγόμενα,
3610 1605 3739 1669 τοὺς

2162 1676 2376 1741 δόλους,
2404 1679 2500 1742 τὰς
2540 1681 2934 1749 συκοφαντίας,
2966 1682 3065 1745 τὰς
3108 1683 3381 1754 ἁρπαγάς,
3415 1684 3512 1750 τάς
3550 1686 3740 1740 πλεον-

2164 1760 2334 1826 εξίας.
2374 1762 2534 1815 Ἀλλά
2576 1763 2678 1817 κᾶν
2724 1764 2979 1819 ἁπάντων
3016 1766 3219 1829 τούτων
3249 1766 3588 1842 ἐλεύθεροςῇ
3628 1787 3736 1834 τις,

2163 1842 2298 1915 ὅπερ
2324 1842 2390 1897 ἂν
2429 1846 2515 1913 εἵη
2559 1845 2669 1897 τῶν
2702 1845 3004 1917 δυσχερῶν,
3035 1848 3274 1903 τοσαῦτα
3310 1849 3366 1904 δὲ
3407 1851 3495 1922 εἴη
3519 1852 3739 1924 περιϐεα

2164 1924 2461 1995 ϐλημένος,
2494 1928 2794 1998 χρημάτων
2823 1930 2917 1982 καὶ
2944 1930 3044 2001 τῆς
3066 1931 3275 1996 οἰκείας
3308 1932 3476 2004 μόνης
3500 1934 3738 1990 ἀπολαύ-

2165 2025 2301 2092 σεως
2360 2010 2675 2078 γινόμενος,
2710 2010 2803 2064 καὶ
2852 2012 2927 2083 μὴ
2968 2014 3287 2085 προϊέμενος
3332 2019 3446 2080 τοῖς
3482 2017 3540 2071 ἐν
3578 2019 3740 2092 χρείᾳ

2161 2087 2281 2145 οὖσι
2322 2093 2460 2162 μετά
2514 2093 2820 2162 δαψιλείας,
2866 2096 2928 2149 τὸ
2954 2097 3054 2168 τῆς
3094 2099 3320 2170 γεέννης
3366 2100 3480 2172 πῦρ
3514 2087 3738 2157 καῖ-τὸν

2161 2173 2401 2229 τοιοῦτον
2432 2175 2726 2243 ἐκδέξεται.
2760 2178 2870 2231 Καὶ
2907 2178 3064 2232 τοῦτο
3087 2180 3330 2236 διδάσκει
3369 2185 3518 2255 ἡμᾶς
3553 2186 3736 2255 σαφῶς

2163 2259 2196 2329 ἡ
2224 2257 2506 2329 παραϐολὴ
2534 2261 2566 2330 ἡ
2591 2260 2648 2312 ἐν
2676 2259 2756 2331 τῷ
2778 2261 3096 2333 Εύαγγελίῳ
3123 2265 3351 2338 κειμένη
3369 2308 3384 2333 ,
3409 2268 3568 2338 ἡνίκα
3609 2271 3739 2333 τοὺς

2166 2341 2262 2410 μὲν
2298 2342 2361 2393 ἐκ
2390 2340 2577 2405 δεξιῶν
2599 2341 2790 2413 ἔστησε
2811 2383 2826 2407 ,
2849 2343 2972 2407 τοὺς
2995 2344 3051 2398 δὲ
3073 2345 3131 2412 ἐξ
3163 2348 3455 2419 εὐωνύμων
3471 2367 3484 2380 ⁸
3508 2351 3600 2404 καὶ
3623 2353 3737 2416 τοῖς

2165 2423 2262 2492 μὲν
2303 2423 2401 2494 τὴν
2447 2422 2723 2493 βασιλείαν
2762 2420 2915 2478 εἴπεν
2962 2429 3289 2498 ἡτοιμάσθαι
3344 2431 3431 2485 διὰ
3463 2431 3559 2502 τὴν
3609 2434 3737 2503 περὶ

2161 2507 2287 2568 τοὺς
2320 2506 2604 2577 δεομένους
2655 2509 3008 2579 ἐπιμέλειαν·
3064 2512 3242 2566 Δεῦτε
3270 2512 3397 2584 γὰρ.
3450 2515 3636 2584 φησὶν,
3680 2521 3737 2572 οἱ

2161 2588 2555 2658 εὐλογημένοι
2611 2590 2716 2644 τοῦ
2782 2594 3007 2661 Πατρός
3049 2610 3187 2662 μου,
3238 2596 3736 2665 κληρονομήσατε

2162 2670 2275 2738 τὴν
2305 2672 2752 2742 ἡτοιμασμένην
2786 2673 2931 2742 ὑμῖν
2964 2674 3292 2738 ,ϐασιλείαν
3333 2677 3451 2731 ἀπὸ
3482 2682 3736 2736 καταϐο-

2161 2752 2280 2822 λῆς
2328 2756 2581 2823 κόσμου.
2630 2755 2787 2819 Τίνος
2823 2756 3008 2809 ἐνεκεν
3037 2757 3129 2810 καὶ
3170 2757 3260 2811 διὰ
3287 2758 3368 2824 τί;
3413 2761 3737 2817 Ἐπείνασα

2162 2834 2292 2904 γὰρ,
2321 2840 2418 2889 καὶ
2448 2835 2703 2891 ἐδώκατέ
2738 2855 2841 2906 μοι
2869 2836 3099 2907 φαγεῖν.
3135 2839 3260 2904 Τοῖς
3288 2840 3345 2894 δὲ
3372 2841 3435 2895 τὸ
3467 2843 3578 2914 πῦρ
3605 2844 3736 2898 αἰώ-

2161 2932 2306 2970 νιον·
2340 2918 2676 2984 Πορεύεσθε
2702 2920 2831 2990 γὰρ,
2866 2921 3052 2989 φησὶν,
3091 2922 3191 2976 ἀπ’
3227 2922 3451 2992 ἐμοῦ,οί
3478 2942 3735 2994 κατηρα-

2156 2996 2466 3068 μένοι,εὶς
2508 3000 2573 3052 τὸ
2606 3001 2726 3069 πῦρ
2773 3001 3014 3057 αἰώνιον
3059 3003 3123 3058 τὸ
3166 3006 3605 3076 ἡτοιμασμένον
3652 3009 3735 3074 τῷ

2161 3081 2413 3146 διαϐόλῳ
2462 3082 2560 3136 καὶ
2612 3083 2736 3149 τοῖς
2792 3085 3069 3155 ἀγγέλοις
3126 3088 3335 3144 αὑτοῦ.
3392 3089 3574 3159 Μέγας
3634 3092 3730 3146 τοῦ

2163 3165 2407 3246 ῥήματος
2446 3166 2473 3246 6
2499 3164 2660 3233 ὄγκος
2680 3183 2693 3196 ·
2722 3168 2752 3219 6
2789 3169 3066 3240 Δεσπότης
3096 3169 3205 3223 τῶν
3236 3172 3488 3226 ἀπάντων
3519 3174 3612 3227 καὶ
3637 3174 3732 3246 δηι

2165 3245 2424 3316 μιουργός
2449 3243 2476 3283 ἀ
2525 3264 2725 3317 φησιν·
2791 3249 3143 3315 Ἐπείνασα,
3191 3255 3290 3307 καὶ
3334 3256 3444 3309 οὐκ
3475 3243 3734 3311 ἐδώκατέ

2155 3345 2257 3398 μοι
2295 3328 2526 3398 φαγεῖν.
2581 3331 2748 3396 Ποίας
2788 3332 2890 3386 οὐκ
2931 3332 2999 3387 ἂν
3025 3333 3303 3391 καθίκοιτο
3341 3337 3498 3392 τοῦτο
3523 3338 3728 3412 ψυχῆς,

2162 3411 2266 3465 κᾶν
2307 3413 2615 3486 αύτολιθίνη
2644 3416 2923 3489 τυγχάνῃς
2971 3417 3031 3472 '0
3068 3420 3343 3492 Δεσπότης
3394 3439 3486 3476 σου
3533 3411 3733 3480 πεινῶν

2162 3495 2509 3577 περιέρχεται
2533 3508 2578 3563 θ,
2609 3499 2703 3553 καὶ
2728 3500 2792 3552 σὺ
2819 3502 3033 3573 τρυφᾷς
3051 3519 3065 3533 σ
3094 3503 3187 3557 καὶ
3215 3505 3275 3557 ού
3304 3505 3461 3560 τοῦτο
3492 3506 3650 3577 μόνον
3671 3508 3736 3561 τὸ

2157 3576 2330 3662 δεινὸν
2350 3617 2375 3662 ,ν
2400 3579 2520 3632 ἀλλ’
2561 3581 2642 3634 ὅτι
2681 3582 2776 3636 καὶ
2798 3585 3016 3655 τρυφῶν
3044 3588 3306 3659 περιορᾷν
3333 3576 3501 3642 αὐτὸν
3527 3590 3693 3662 ἀνέχῃ
3710 3628 3730 3657 ,

2161 3661 2255 3744 καὶ
2293 3661 2466 3717 ταῦτα
2502 3663 2622 3718 οὐδὲ
2671 3666 2866 3721 πολλοῦ
2917 3685 3061 3733 τινος
3104 3669 3389 3740 δεόμενον,
3421 3672 3535 3725 ἀλλ’
3562 3661 3730 3744 ἄρτου

2164 3743 2324 3814 μόνον
2355 3746 2510 3813 ἑνὸς,
2539 3746 2679 3802 ὥστε
2715 3748 2807 3803 τδν
2844 3749 2997 3822 λιμὸν
3031 3754 3547 3825 παραμυθήσασθαι.
3592 3756 3728 3810 Ἀλλ’

2160 3826 2321 3889 αὐτὸς
2356 3828 2453 3898 μὲν
2481 3828 2559 3901 τῷ
2604 3832 2801 3903 κρυμῷ
2842 3834 3188 3905 πηγνύμενος
3234 3838 3612 3908 περιέρχεται,
3662 3839 3729 3892 σὺ

2159 3908 2216 3962 δὲ
2252 3909 2321 3962 τά
2363 3910 2471 3963 τῶν
2525 3914 2707 3984 σηρῶν
2766 3916 2983 3987 νήματα
3030 3918 3411 3987 περικείμενος
3461 3922 3562 3974 οὐκ
3611 3924 3732 3975 ἐπι-

2161 3992 2395 4061 στρέφῃ,
2436 3991 2558 4045 ούδέ
2608 3994 2707 4065 τὴν
2756 3996 3096 4065 συμπάθειαν
3155 3998 3549 4066 ἐπιδείκνυσαι,
3613 4004 3731 4057 ἀλλ’

2160 4073 2403 4157 ἀνηλεῶς
2441 4077 2825 4148 παρατρέχεις.
2858 4079 2966 4132 Kal
3000 4078 3156 4140 ποίας
3185 4078 3356 4133 ταῦτα
3384 4081 3449 4134 ἂν
3481 4083 3566 4154 εἴη
3599 4103 3734 4157 συγ-

2160 4154 2382 4227 γνώμης
2402 4157 2558 4223 ἄξιας
2589 4158 2675 4229 Μὴ
2699 4160 2872 4215 τοίνυν
2895 4160 3050 4214 τοῦτο
3070 4162 3481 4234 σπουδάζωμεν,
3507 4167 3569 4220 τὸ
3596 4154 3731 4225 πάν-

2159 4256 2267 4292 των
2303 4241 2367 4292 ἐκ
2410 4241 2609 4304 παντὸς
2652 4243 2852 4312 τρόπου
2891 4242 3108 4296 πλείονα
3136 4245 3577 4316 περιϐάλλεσθαι,
3612 4252 3729 4309 ἀλλ’

2160 4322 2336 4376 ἐκεῖνο
2376 4324 2667 4394 σκοπῶμεν
2712 4326 2860 4390 ὅπως
2888 4326 2982 4380 καὶ
3019 4326 3188 4380 ταῦτα
3218 4329 3399 4395 καλῶς
3433 4331 3726 4406 διαθῶμεν,

2162 4406 2255 4460 καὶ
2283 4406 2380 4476 τὴν
2409 4406 2522 4459 τῶν
2564 4409 2622 4461 ἐν
2648 4408 2807 4479 χρείᾳ
2834 4410 3205 4479 τυγχανόντων
3232 4410 3439 4469 ἔνδειαν
3466 4434 3727 4488 παραμυ.

2161 4488 2483 4561 θησὼμεθα,
2519 4491 2785 4544 κάκείνων
2817 4494 2892 4564 μὴ
2936 4494 3257 4564 ἐκπέσωμεν
3287 4497 3394 4551 τῶν
3417 4500 3503 4553 ἀεὶ
3537 4502 3727 4571 μενόνυ

2157 4588 2294 4636 των,
2345 4573 2455 4625 τῶν
2496 4573 2750 4643 οὐδεμίαν
2802 4575 3100 4646 μεταϐολὴν
3158 4578 3572 4650 ἐπιδεχομένων.
3624 4586 3726 4637 Διά

2158 4655 2264 4726 γάρ
2286 4654 2442 4708 τοῦτο
2469 4655 2564 4709 καὶ
2589 4656 2687 4727 τὴν
2718 4658 2926 4728 ἡμέραν
2952 4660 3107 4731 ἡμῶν
3129 4660 3226 4731 τῆς
3255 4662 3511 4734 τελευτῆς
3532 4665 3726 4737 ἄδηλον

2158 4738 2289 4807 ἡμῖν
2330 4737 2584 4809 ἐποίησεν
2631 4740 2658 4791 ὁ
2702 4742 2995 4813 Δεσπότης,
3030 4741 3116 4795 ἵνα
3150 4744 3297 4814 ἡμᾶς
3327 4750 3721 4820 παρασκευάσῃ

2156 4820 2416 4891 διηνεκῶς
2440 4823 2631 4891 νήφειν
2665 4824 2757 4877 καὶ
2783 4824 3163 4896 ἐγρηγορέναι,
3197 4826 3480 4900 καὶταύτῃ
3524 4831 3726 4899 μᾶλλον

2155 4903 2397 4977 διεγείρῃ
2430 4906 2566 4977 πρὸς
2604 4907 2701 4977 τὴν
2745 4909 2843 4979 τῆς
2890 4909 3089 4979 ἀρετῆς
3136 4909 3466 4978 ἐπιμέλειαν.
3499 4915 3724 4984 Γρηγοσ

2148 4987 2308 5055 ρεῖτε
2333 4989 2462 5060 γάρ,
2491 4991 2674 5060 φησὶν,
2702 4991 2791 5045 ὅτι
2813 4994 2924 5047 οὐκ
2949 4993 3146 5047 οἴδατε
3174 4993 3288 5061 τὴν
3315 4994 3562 5063 ήμέίαν,
3583 4999 3726 5053 οὐδὲ

2156 5070 2272 5138 τὴν
2298 5070 2476 5139 ὥραν.
2526 5073 2663 5126 Ἀλλ’
2698 5077 2857 5144 ἡμεῖς
2888 5074 2950 5127 τὸ
2984 5074 3224 5129 ἐναντίον
3264 5078 3594 5149 πράττομεν,
3630 5083 3725 5136 καὶ

2154 5153 2221 5207 δι’
2260 5155 2381 5207 ὅλου
2408 5155 2739 5226 καθεύδομεν
2777 5156 2942 5211 ὕπνον
2974 5155 3162 5210 τούτου
3189 5159 3282 5211 τοῦ
3309 5162 3535 5228 φυσικοῦ
3560 5163 3725 5233 βαρύ-

2152 5253 2329 5308 τερον.
2390 5238 2447 5291 ὐ
2490 5240 2589 5308 μὲν
2618 5240 2723 5310 γὰρ
2757 5239 2943 5292 τοῦτον
2962 5239 3242 5293 καθεύδων
3278 5242 3369 5295 τὸν
3409 5242 3591 5307 ῦπνον,
3628 5249 3725 5300 xal

2155 5321 2290 5391 πρὸς
2336 5318 2403 5373 τά
2432 5321 2577 5375 κακά
2616 5322 2711 5376 καὶ
2749 5320 2886 5392 πρὸς
2919 5322 2988 5375 τὰ
3019 5321 3158 5376 καλά
3197 5324 3556 5396 ἀνενέργητος
3591 5345 3726 5398 τυτ-

2211 5438 2240 5504 Ιξ
2263 5437 2407 5504 ςιοίεί.
2431 5447 2492 5504 ει
2508 5439 2657 5489 Savil.
2685 5441 2842 5504 μυρία.

420 5490 429 5496 ’
480 5494 765 5564 προσθήκη
804 5494 911 5547 τῶν
949 5492 1244 5565 χρημάτων
1269 5493 1422 5546 οὐδὲν
1445 5495 1630 5568 ἕτερον
1660 5498 1792 5567 ἡμῖν
1819 5500 2045 5569 ἐργάζε.
2105 5498 2148 5545 1
2215 5502 2237 5569 ξ
2266 5499 2410 5569 ροῇςε,
2434 5502 2635 5569 μήποτε.

545 5603 566 5634 ~‘
594 5602 726 5667 ﬂave,
749 5605 835 5667 gnat
863 5594 1261 5667 εἶπενμξξξσξῦ-τλ
1310 5598 1486 5665 Ἐδὼμ,
1516 5605 1703 5667 όοευηι
1728 5602 1777 5652 in
1806 5604 1954 5658 Cnisl.
1995 5618 2049 5662 el

477 5662 708 5711 εει-,κοιλ
744 5664 889 5714 Savil.
917 5669 971 5714 et
994 5660 1118 5711 Bibl.
1139 5658 1320 5705 ἀπόδου
1344 5658 1446 5711 υ.οι.’
1468 5658 1588 5715 Bibl.
1616 5666 1799 5717 addunt
1821 5658 2042 5735 σήμερονξ

2209 5558 2236 5598 ἀ
2265 5560 2409 5626 Quid.
2437 5558 2467 5609 ὅ
2498 5562 2793 5625 δημιουργὸς,
2816 5565 2843 5611 6
2861 5562 2956 5626 τῶν
2978 5560 3197 5626 ἁπάντων
3216 5565 3435 5626 χορηγός,

2159 5677 2169 5686 .
2217 5621 2465 5687 eSc-plem
2514 5621 2623 5687 mss.
2672 5621 2728 5687 οἱ
2765 5624 2913 5687 cois].
2954 5621 3460 5687 περιέρχεταί,ὀίιιιιθ
3505 5629 3569 5677 i!a
3599 5627 3727 5687 legit

2154 5684 2333 5743 mtprp.
2354 5685 2438 5744 qui
2465 5684 2624 5740 vertit,
2659 5684 2945 5733 obambulat.
2974 5686 3082 5732 δαν.
3110 5688 3163 5729 el.
3190 5684 3306 5732 Mor.
3329 5684 3663 5750 προσέρχεται.
