4072 6216
397 270 501 328 “9

393 385 590 441 futurm
617 379 882 438 Salientes
901 376 1044 434 enim
1075 374 1226 447 pueri
1248 377 1299 430 in
1326 384 1498 440 utero,
1527 385 1582 430 et
1611 372 1972 443 incompositis

395 474 633 549 gestibus
657 487 718 528 se
744 477 1040 535 moventes,
1059 467 1169 538 jam
1185 468 1364 522 omnia
1383 465 1582 536 liquido
1597 465 1971 535 prtedicchant:

393 577 452 625 et
478 579 620 621 nunc
642 562 834 619 didicit
857 560 1046 615 mulier
1068 574 1171 613 non
1197 573 1256 614 se
1277 558 1410 614 duos
1461 558 1632 612 solum
1689 557 1972 626 parituram

399 669 610 728 pueros,
629 653 722 710 sed
743 661 798 708 et
817 652 934 706 illos
959 651 1198 721 ingentes
1238 648 1602 720 propagandos
1632 646 1768 714 fore,
1799 655 1852 701 et
1880 645 1977 696 mi-

399 761 580 803 norem
623 743 811 814 majori
837 741 1229 796 dominatorem
1269 754 1410 794 esse.
1451 739 1516 792 Et
1541 736 1750 807 quando
1795 743 1974 805 postea

399 837 835 911 appropinquavit
879 845 1088 905 tempus
1133 833 1388 903 pariendi,
1442 833 1532 886 23.
1579 831 1735 894 Eaiit,
1781 827 1970 899 inquit,

398 931 588 998 primus
632 933 807 1000 rufus,
835 928 979 998 quasi
1024 927 1190 998 pellis,
1210 926 1437 996 hispidus
1466 941 1485 980 :
1513 934 1558 978 et
1583 924 1773 978 uocauit
1795 938 1972 975 nomen

396 1023 527 1091 ejus,
553 1020 708 1075 Esaii.
729 1019 796 1075 Et
813 1029 983 1091 postea
999 1019 1118 1073 exiit
1142 1022 1300 1090 frater
1313 1019 1442 1087 ejus,
1462 1026 1508 1072 et
1529 1032 1706 1070 manus
1721 1016 1828 1086 ejus
1847 1031 1976 1068 com-

397 1112 660 1182 prehendit
697 1111 985 1165 calcaneum
1021 1109 1181 1175 Esaii,
1210 1121 1255 1163 et
1283 1109 1471 1162 vocavit
1511 1123 1690 1160 nomen
1729 1107 1858 1176 ejus,
1879 1103 1975 1156 Ja-

395 1205 517 1258 cob‘
554 1219 572 1256 :
597 1204 747 1273 quasi
773 1203 878 1270 jam
905 1202 1203 1258 etabinitio
1227 1209 1487 1256 monstret
1514 1201 1652 1254 Deus
1691 1199 1970 1260 minorem,

396 1294 689 1350 secundum
720 1293 772 1347 id
801 1293 941 1363 quod
979 1293 1176 1347 dictum
1223 1300 1324 1357 est,
1355 1290 1540 1360 majori
1584 1304 1703 1345 esse
1735 1287 1974 1342 domina-

397 1391 593 1437 turum.
628 1383 762 1439 Dicit
797 1383 959 1450 enim,
991 1383 1203 1438 tenebat
1242 1398 1398 1435 manu
1435 1381 1740 1434 calcaneum
1784 1377 1924 1430 Esau
1955 1392 1973 1429 :

397 1475 451 1530 id
477 1476 617 1546 quod
659 1485 776 1532 erat
813 1477 1021 1547 signum
1051 1474 1351 1544 superantis
1377 1489 1498 1527 eum
1546 1472 1634 1541 qui
1663 1471 1812 1524 fortis
1855 1483 1974 1524 esse

396 1565 692 1622 videbatur.
738 1567 802 1621 Et
848 1563 1127 1620 considera
1166 1563 1401 1617 divinam
1451 1561 1797 1632 Scripturam,
1842 1573 1975 1629 quo-

390 1657 556 1713 modo
581 1668 799 1728 preptcr
823 1671 884 1710 ea
906 1669 1025 1725 qua:
1067 1663 1249 1723 postea
1292 1652 1464 1707 futura
1505 1659 1677 1716 erant,
1701 1652 1810 1720 jam
1839 1665 1974 1720 pra:-

395 1747 544 1814 dicit,
573 1757 627 1802 et
655 1747 722 1801 ab
748 1746 898 1800 initio
925 1752 1184 1800 monstrat
1209 1743 1360 1798 nobis
1389 1743 1660 1811 utriusque
1686 1740 1920 1796 studium
1954 1757 1968 1792 :

390 1848 452 1896 et
470 1838 611 1909 quod
649 1837 736 1892 ille
760 1836 972 1908 quidem
997 1834 1263 1891 venationi
1291 1833 1521 1896 deditus,
1547 1832 1632 1888 hic
1655 1847 1781 1887 vero
1811 1832 1971 1885 rusti-

395 1943 495 1985 cus
531 1937 676 1984 esset
719 1928 896 1992 homo,
942 1926 1187 1996 simplex,
1218 1924 1435 1978 domum
1477 1923 1801 1978 inhabitans.
1845 1921 1975 1976 Pro-

394 2028 580 2088 pterea
609 2017 848 2073 Rebecca
885 2015 1134 2087 diligebat
1174 2013 1358 2080 Jacob,
1390 2014 1534 2068 lsaac
1568 2022 1742 2067 autem
1787 2012 1926 2066 Esau
1958 2027 1972 2064 :

394 2108 486 2164 28.
522 2109 773 2174 Quoniam
811 2107 1008 2161 venatio
1035 2107 1163 2176 ejus,
1202 2105 1392 2176 inquit,
1417 2104 1559 2158 cibus
1585 2114 1692 2158 erat
1717 2103 1812 2156 illi.
1841 2101 1975 2156 Vide

393 2201 664 2272 quomodo
704 2213 896 2270 pueros
931 2199 1276 2270 distinguant.
1309 2197 1378 2253 Et
1401 2208 1573 2253 mater
1608 2195 1820 2267 quidem
1849 2210 1974 2266 erga

395 2291 565 2349 Jaeob
602 2293 859 2361 majorem
906 2290 1207 2347 declarabat
1248 2289 1690 2353 benevolentiam,
1728 2303 1794 2343 eo
1834 2285 1976 2357 quod

395 2384 692 2454 simplicem
716 2381 930 2438 videbat
953 2391 1008 2437 et
1030 2381 1176 2436 domi
1222 2388 1521 2436 versantem
1555 2397 1568 2432 :
1604 2388 1752 2450 pater
1797 2388 1974 2434 autem

393 2473 648 2544 diligebat
688 2473 848 2537 Esau,
889 2481 999 2526 tum
1041 2470 1180 2541 quod
1222 2470 1602 2540 primogenitus
1640 2477 1821 2532 esset,
1865 2476 1975 2522 tum

391 2563 538 2636 quod
569 2564 850 2618 venatione
890 2562 1004 2630 ejus
1028 2558 1504 2616 vescereturJlaec
1527 2557 1739 2628 quidem
1779 2557 1855 2612 illi
1897 2557 1977 2612 fa-

392 2655 610 2712 ciebant
637 2655 928 2710 naturalem
948 2652 1282 2708 dilectionem
1307 2659 1626 2721 sequentes;
1673 2650 1975 2705 vaticinium

393 2755 576 2801 autcm
607 2743 856 2814 paulatim
893 2742 1227 2812 implebatur,
1264 2740 1389 2796 illud
1419 2741 1640 2803 scilicet,
1673 2739 1847 2809 Major
1865 2756 1973 2793 ser-

395 2839 497 2893 viet
530 2836 731 2889 minori.
772 2833 904 2888 Vide
938 2833 1079 2887 enim
1125 2831 1321 2886 statim.
1345 2829 1436 2885 29.
1465 2828 1630 2894 Coxit,
1678 2829 1867 2899 inquit,
1883 2827 1976 2882 Ja-

393 2930 491 2986 cob
525 2929 798 2982 caesionem
831 2941 851 2981 :
874 2926 1004 2980 venit
1044 2932 1211 2978 autem
1241 2922 1380 2977 Esas‘t
1415 2937 1478 2976 ea:
1504 2937 1683 2992 campo
1719 2921 1974 2990 deﬁciens.

397 3019 492 3077 30.
524 3017 592 3072 Et
616 3017 743 3071 dixit
763 3015 903 3069 Esau
929 3015 996 3068 ad
1029 3012 1191 3067 Iacob
1213 3028 1235 3066 :
1269 3010 1376 3065 Fac
1400 3027 1479 3065 me
1505 3020 1706 3082 gustare
1729 3009 1794 3064 de
1811 3011 1978 3065 edulio

398 3115 499 3167 hoc
541 3114 676 3181 rufo,
719 3108 840 3179 quia
881 3106 1081 3174 deﬁcio.
1127 3103 1404 3172 Propterea
1437 3111 1665 3156 uocatum
1702 3109 1772 3156 est
1800 3117 1980 3155 nomen

397 3206 533 3276 ejus,
564 3201 783 3256 Edam”.
809 3199 898 3254 51.
927 3195 997 3250 Et
1031 3195 1159 3250 dixit
1193 3192 1354 3248 Iacob
1382 3208 1401 3247 :
1431 3193 1511 3246 Da
1539 3193 1662 3246 mihi
1703 3191 1853 3246 hodie
1876 3193 1981 3262 pri-

396 3293 652 3365 mogenita
678 3301 784 3345 tua.
809 3289 902 3344 ille
920 3297 1096 3341 autem
1125 3284 1294 3340 dixit:
1321 3283 1456 3350 Quid
1486 3283 1613 3336 mihi
1654 3282 1796 3337 hisce
1823 3297 1977 3352 Opus,

397 3402 523 3442 eum
544 3399 690 3440 mors
699 3384 807 3454 jam
829 3397 914 3436 me
936 3378 1164 3445 invadat,
1183 3375 1284 3432 nisi
1301 3390 1556 3446 accepero
1574 3373 1748 3429 cibum
1773 3376 1843 3444 (υ.
1863 3375 1981 3437 52η

398 3478 552 3532 Alius
573 3485 748 3530 autem
774 3475 1132 3543 juramentum
1155 3467 1415 3539 exigebat,
1444 3473 1501 3519 ut
1527 3466 1732 3520 stabilis
1754 3466 1802 3520 ei
1829 3464 1982 3520 ﬁeret

393 3569 495 3626 illa
523 3567 818 3624 concessio.
843 3565 936 3620 55.
960 3561 1032 3616 Et
1049 3560 1260 3631 iuravit,
1295 3558 1484 3628 inquit,
1514 3555 1670 3610 Esau.

474 3660 530 3715 2.
565 3659 704 3713 Ecce
739 3668 882 3710 nunc
907 3652 1000 3708 hic
1029 3654 1267 3706 inversus
1290 3657 1372 3703 est
1403 3646 1556 3713 ordo,
1584 3655 1638 3701 et
1663 3646 1982 3716 primogeni-

403 3765 542 3809 tura:
567 3749 798 3820 dignitas
826 3745 1033 3800 transiit
1064 3742 1130 3796 ad
1155 3756 1275 3796 eum
1301 3739 1393 3810 qui
1428 3739 1621 3792 virtute
1648 3737 1808 3792 animi
1843 3752 1982 3808 pra:-

402 3843 664 3915 fulgebat.
691 3837 760 3894 Et
787 3835 1028 3900 uendidit,
1073 3833 1264 3902 inquit,
1296 3829 1436 3884 Esau
1481 3828 1811 3900 primogenita
1838 3843 1856 3881 :
1883 3828 1985 3882 hoc

397 3943 525 4002 est,
570 3929 807 3989 vendidit
824 3927 927 3982 cibi
969 3925 1133 3996 gratia
1162 3921 1470 3992 dignitatem
1499 3936 1530 3973 a
1557 3927 1741 3973 natura
1768 3918 1867 3974 sibi
1891 3917 1984 3972 dao

405 4036 520 4082 tam
552 4042 566 4079 :
594 4023 713 4078 ideo
735 4029 791 4076 et
816 4016 1086 4080 subdidit,
1118 4014 1208 4070 34.
1239 4011 1306 4066 Et
1343 4010 1658 4082 parvipeudit
1693 4007 1832 4063 Esau
1869 4009 1982 4080 pri-

399 4117 696 4190 mogenita;
737 4110 887 4184 quasi
926 4108 1127 4164 diceret
1157 4123 1172 4160 :
1201 4104 1441 4175 Ingratus
1477 4109 1592 4157 erat
1631 4116 1695 4156 ac
1737 4099 1983 4172 indignus

397 4224 495 4274 ea,
522 4221 682 4279 quam
711 4203 812 4259 sibi
851 4209 1038 4256 natura
1083 4195 1323 4259 dederat,
1349 4192 1625 4264 dignitate.
1653 4191 1765 4246 Hoc
1806 4200 1984 4246 autem

403 4309 581 4356 totum
605 4305 707 4358 est,
737 4303 797 4348 ut
816 4291 958 4347 illius
999 4288 1456 4344 demonstraretur
1485 4283 1719 4354 ingratus
1746 4281 1980 4348 animus,

391 4401 462 4450 et
487 4389 586 4446 Dei
609 4385 879 4443 oraculum
919 4380 1316 4450 adimpleretur.

481 4478 700 4536 Herulis
725 4474 970 4546 epilogus.
1001 4470 1075 4524 De
1114 4473 1400 4537 contemptu
1444 4464 1746 4518 diuitiarum.
1771 4492 1842 4502 —
1861 4461 1986 4516 Hmc

389 4570 690 4629 audientes
731 4565 995 4619 discamus
1037 4573 1322 4630 numquam
1370 4555 1637 4626 negligere
1664 4553 1800 4608 dona
1825 4569 1853 4606 a
1873 4552 1986 4607 Deo

392 4660 569 4720 nobis
593 4657 736 4720 data,
761 4668 938 4723 neque
957 4661 1172 4721 propter
1211 4661 1370 4718 parva
1395 4655 1448 4700 et
1469 4645 1590 4698 vilia
1635 4658 1822 4716 magna
1868 4658 1987 4713 per-

391 4759 561 4813 dere.
578 4752 753 4818 Quare
775 4746 943 4811 enim,
967 4743 1051 4797 dic
1070 4741 1218 4807 mihi,
1238 4741 1506 4810 pr0posito
1527 4752 1691 4808 regno
1709 4737 1981 4801 crciorum,

402 4847 675 4917 bonisque
703 4841 806 4896 illis
835 4834 1207 4898 ineﬂ’ahilibus,
1226 4834 1295 4887 ita
1326 4833 1376 4886 in
1406 4831 1705 4886 divitiarum
1723 4829 1984 4900 capidita-

404 4953 525 4998 tem
552 4934 862 4997 insanimus,
894 4936 950 4984 et
977 4934 1367 4991 momentanea,
1391 4939 1507 4994 quze
1527 4939 1668 4993 sa‘pe
1689 4938 1792 4977 non
1821 4936 1985 4991 usque

401 5033 475 5088 ad
496 5040 767 5099 vesperam
790 5026 1120 5095 permanent,
1145 5015 1411 5088 perpetuis
1431 5031 1740 5086 semperque
1765 5016 1982 5068 duratu-

403 5126 486 5182 ris
533 5114 904 5195 proferimus?
929 5113 994 5170 Et
1019 5110 1147 5183 quid
1187 5110 1288 5165 bac
1333 5109 1557 5164 amentia
1593 5108 1826 5162 deterius
1864 5121 1982 5162 esse

468 5239 487 5271 ι
516 5236 658 5294 Haec,
705 5242 749 5284 et
791 5229 978 5284 vocavit
1017 5243 1186 5280 nomen
1227 5229 1332 5294 ejus
1373 5224 1574 5294 Jacobi
1597 5229 1677 5273 καὶ
1704 5225 1910 5294 iudices
1933 5225 1990 5272 τὸ

399 5301 564 5359 ὄνομα
602 5285 748 5344 auito";
805 5295 1008 5359 Ἰακώβ)
1036 5330 1048 5350 ,
1098 5285 1277 5342 desunt
1321 5285 1651 5359 itt_Sa_vil.'t;t‘
1694 5285 1990 5359 quibusdam

401 5349 786 5418 manuscriptis;
807 5361 856 5404 in
875 5349 1022 5402 t'oisl.
1038 5349 1221 5418 autem
1239 5353 1581 5418 reperiuntur.
1599 5349 1671 5397 0b
1694 5350 1815 5417 hanc
1837 5352 1991 5409 ipsam

401 5433 612 5492 causam
826 5415 1171 5492 supplevinius
1213 5416 1509 5492 hasnvoces,
1541 5417 1584 5460 et
1608 5415 1790 5460 vocavit
1822 5423 1994 5460 nomen

398 5481 518 5546 ejus
548 5482 690 5531 Esau.
715 5478 862 5548 Cnisl:
885 5476 937 5525 et
970 5476 1123 5546 Biblia
1144 5477 1362 5582 sequuti.
1718 5530 1728 5542 ο

475 5545 498 5575 ³
530 5544 661 5599 Hec,
689 5554 733 5591 et
755 5541 882 5590 dixit
913 5540 1039 5588 Esau
1166 5539 1216 5584 ιι(
1238 5535 1540 5599 on_t,_de§_i_i_n_t
1565 5532 1611 5579 in
1643 5530 1797 5599 (torsi.
1821 5533 1874 5599 et
1902 5527 1993 5599 Sa-

403 5572 498 5656 mi
531 5572 661 5654 iiii?
679 5572 1549 5658 ésaif'zriiisiijarmi?sint.
1567 5572 1797 5650 "anan;
1827 5572 1997 5649 abdi},

401 5667 549 5733 quod
574 5666 822 5731 expressit
845 5666 1105 5726 interpres.

1430 261 1505 317 'lN
1544 261 1696 316 CAP.
1738 257 1901 314 XXV.
1943 257 2186 316 GENES.
2229 256 2459 314 HOMiL.
2499 257 2564 313 L.

3549 267 3657 321 δεῖ)

2082 371 2279 440 possit?
2327 370 2538 442 quando
2576 380 2631 426 ct
2677 372 2778 428 illis
2830 371 3096 443 privamur
3120 374 3190 430 ob
3213 376 3437 432 nimium
3466 381 3517 433 in
3543 379 3656 437 ἤπυε

2080 475 2340 524 amorem.
2368 472 2420 517 et
2448 479 2732 532 numquam
2783 463 2864 519 his
2890 465 2989 520 frui
3031 482 3161 537 pure
3198 485 3498 539 possumus.
3529 475 3658 540 Quae

2081 552 2241 618 enim,
2272 567 2472 621 quaeso,
2501 555 2694 609 utilitas
2736 571 3044 626 magnarum
3088 557 3428 616 facultatum?
3453 565 3533 618 Au
3560 581 3657 620 ne-

2080 641 2227 696 scitis
2253 644 2611 699 accessionem
2653 648 2932 701 multarum
2968 652 3310 717 pecuniarum
3339 655 3466 709 nihil
3514 658 3657 713 aliud

2081 730 2234 786 nobis
2276 731 2486 798 afferre,
2516 751 2672 804 quam
2711 751 2956 792 curarum
2975 739 3322 810 incrementa,
3353 749 3656 816 occupatio-

2081 839 2176 878 nes
2206 827 2416 892 mentis,
2440 837 2494 882 et
2523 829 2763 897 vigilias?
2791 829 2904 885 Non
2947 832 3135 888 videtis
3164 834 3262 889 hos
3301 839 3534 892 omnium
3564 856 3658 910 po-

2083 915 2364 983 tissimum,
2419 928 2476 971 ut
2518 922 2588 972 ita
2626 919 2820 986 dicam,
2863 937 3050 978 servos
3090 939 3228 994 esse,
3271 929 3463 998 quibus
3509 932 3656 999 plura

2080 1003 2339 1071 afﬂuunt,
2386 1017 2442 1061 et
2484 1009 2719 1078 quotidie
2775 1013 2988 1067 umbras
3044 1014 3184 1083 ipsas
3241 1017 3480 1072 timent?
3531 1020 3658 1077 Inde

2079 1097 2222 1150 enim
2258 1110 2546 1154 nascuntur
2582 1100 2787 1156 insidia:
2807 1143 2822 1169 ,
2849 1104 3157 1174 invidentia,
3189 1108 3366 1163 odium
3395 1127 3575 1181 grave,
3605 1125 3659 1169 et

2081 1186 2356 1243 innumera
2397 1190 2497 1243 alia
2544 1193 2701 1246 mala.
2738 1194 2800 1248 Et
2827 1209 2968 1265 sarpe
3014 1198 3164 1254 vides
3210 1215 3330 1254 eum
3371 1204 3460 1273 qui
3496 1204 3656 1261 habet

2081 1276 2264 1332 decem
2301 1279 2460 1333 millia
2508 1282 2702 1336 talenta
2729 1286 2842 1338 auri
2887 1289 3176 1355 recondita,
3204 1292 3418 1348 beatum
3465 1312 3692 1352 vocare.

2081 1371 2334 1438 cumqui
2377 1370 2430 1424 in
2473 1373 2679 1427 ofticina
2723 1387 2991 1445 operatur,
3027 1392 3077 1434 et
3102 1396 3168 1436 ex
3196 1382 3373 1439 labore
3399 1401 3658 1443 manuum

2069 1458 2258 1514 cibum
2307 1471 2475 1530 parat.
2523 1467 2701 1530 Qualis
2748 1469 2906 1538 igitur
2953 1471 3216 1542 voluptas,
3253 1485 3347 1530 aut
3387 1479 3544 1548 quale
3576 1481 3656 1535 lu-

2079 1564 2249 1618 crum,
2265 1555 2475 1623 quando
2499 1573 2670 1627 neque
2697 1562 2776 1614 his
2800 1562 3038 1629 fruimur,
3051 1575 3106 1620 et
3133 1578 3348 1638 propter
3371 1573 3504 1627 hanc
3528 1589 3658 1630 oon-

2079 1647 2458 1712 cupisccntiam
2485 1648 2644 1702 ctiam
2672 1651 2959 1720 majoribus
2987 1658 3284 1725 privamur?
3309 1663 3443 1727 Quid
3480 1674 3656 1718 autem

2079 1733 2198 1787 dico
2221 1737 2529 1806 majoribus,
2554 1741 2764 1808 quando
2791 1759 2910 1797 cum
2934 1747 3086 1801 malis
3108 1765 3222 1817 que
3243 1751 3326 1804 hic
3347 1769 3442 1807 nos
3463 1769 3655 1824 apprc-

2077 1824 2333 1894 hendunt,
2364 1838 2466 1883 eta
2495 1831 2649 1886 bonis
2695 1851 2812 1904 qua:
2861 1838 2932 1892 ibi
2974 1849 3099 1893 sunt
3141 1843 3452 1912 excidimus,
3495 1855 3550 1900 et
3585 1850 3666 1903 ad

2079 1915 2373 1985 gehennam
2395 1921 2562 1989 ipsam
2583 1924 2870 1980 mittimur?
2892 1928 2959 1982 Et
2988 1932 3219 1986 mutdutn
3242 1935 3361 1989 dico
3383 1938 3656 1996 innumera

2082 2018 2294 2076 peccata
2319 2025 2436 2079 quae
2468 2011 2591 2067 hinc
2618 2017 2955 2086 colliguntur,
2987 2021 3159 2088 dolos,
3177 2026 3488 2094 calumnias,
3511 2031 3656 2099 rapi-

2081 2113 2177 2152 nas
2205 2109 2256 2154 et
2286 2100 2517 2157 fraudes.
2567 2103 2760 2160 Verum
2800 2109 3004 2164 etiamsi
3033 2114 3151 2181 quis
3177 2115 3244 2167 ah
3269 2119 3513 2173 omnibus
3552 2122 3657 2176 illis

2083 2187 2237 2255 liber,
2291 2188 2344 2244 id
2387 2191 2526 2260 quod
2570 2207 2827 2263 perquam
2867 2197 3082 2254 dillicile
3123 2212 3178 2254 et
3220 2219 3429 2270 rarum,
3467 2208 3657 2277 opibus

2079 2279 2332 2348 abundet,
2361 2291 2416 2336 et
2448 2283 2560 2352 ipse
2603 2285 2750 2340 solus
2777 2287 2855 2341 eis
2885 2298 3082 2357 utatur,
3115 2302 3169 2345 et
3193 2308 3284 2347 eas
3310 2310 3432 2349 cum
3469 2299 3534 2352 iis
3566 2301 3655 2369 qui

2079 2386 2213 2440 opus
2257 2371 2454 2427 habent
2495 2389 2602 2429 non
2646 2376 2790 2447 large
2815 2383 3203 2449 communicet,
3234 2400 3356 2440 cum
3397 2389 3657 2457 gebenna:

2081 2460 2217 2530 ignis
2245 2465 2490 2532 excipiet.
2519 2466 2669 2533 Quod
2695 2484 2794 2522 nos
2817 2471 3098 2526 manifeste
3136 2474 3292 2530 docet
3329 2479 3579 2547 parabola
3602 2482 3656 2536 in

2080 2556 2369 2628 Evangelio
2411 2559 2600 2628 posita,
2646 2576 2770 2615 eum
2812 2565 2994 2618 statuit
3018 2567 3151 2620 alios
3173 2585 3202 2620 a
3222 2569 3449 2638 dextris,
3477 2575 3658 2630 alios:

2080 2652 2308 2706 sinistris
2339 2669 2352 2705 :
2389 2651 2596 2722 illisque
2617 2652 2751 2708 dixit
2775 2666 3132 2724 praeparatum
3161 2674 3281 2715 esse
3309 2675 3531 2732 regnum
3554 2681 3660 2721 ca:-

2077 2741 2254 2796 lorum
2279 2741 2347 2796 ob
2371 2757 2551 2796 curam
2592 2744 2774 2814 egenis
2803 2746 3095 2815 impensam
3122 2765 3135 2802 :
3177 2748 3348 2806 Venite
3386 2755 3550 2820 enim,
3574 2756 3657 2810 in-

2081 2833 2212 2902 quit,
2242 2832 2484 2886 benedicti
2507 2831 2678 2888 Patris
2703 2837 2818 2901 mei,
2846 2837 2898 2890 in
2925 2837 3249 2894 hereditatem
3287 2845 3498 2913 accipite
3525 2862 3660 2915 prte-

2083 2933 2313 2992 paratum
2333 2925 2467 2978 uobis
2492 2941 2696 2996 regnum
2716 2925 2778 2979 ab
2800 2927 2990 2998 origine
3009 2931 3182 2984 mundi
3207 2930 3414 3003 (Militia.
3434 2934 3523 2990 23.
3542 2938 3656 3003 54).

2075 3013 2188 3069 .Cur
2206 3025 2259 3070 et
2295 3032 2398 3087 qua
2433 3017 2503 3072 de
2545 3018 2742 3073 causa?
2780 3019 2981 3073 Esuriui
3016 3022 3168 3088 enim,
3203 3034 3252 3077 et
3289 3025 3496 3080 dedistis
3535 3029 3659 3083 milii

2083 3109 2340 3163 comedere
2383 3107 2541 3178 (Ibid.
2579 3125 2628 3162 υ.
2677 3110 2788 3180 35).
2824 3109 2918 3165 llis
2959 3126 3085 3166 vero
3133 3113 3303 3182 ignem
3351 3124 3654 3174 aeternum:

2085 3198 2211 3252 dicit
2228 3198 2370 3252 enim
2395 3219 2408 3253 :
2435 3197 2721 3252 Disceditea
2734 3215 2830 3264 me,
2847 3200 3130 3268 maledicti,
3144 3204 3199 3256 in
3207 3203 3382 3274 ignem
3393 3215 3653 3272 aeternum,

2083 3291 2167 3359 qui
2190 3299 2505 3360 purpuratus
2530 3298 2602 3342 est
2631 3289 2830 3344 diabolo
2860 3299 2905 3343 et
2929 3293 3122 3360 angelis
3148 3298 3258 3359 ejus
3281 3295 3438 3364 (Ibid.
3467 3312 3513 3349 υ.
3541 3299 3655 3366 41).

2085 3381 2328 3451 Magnum
2359 3382 2502 3436 verbi
2541 3382 2755 3450 pondus
2781 3401 2794 3434 :
2823 3384 3059 3436 omnium
3103 3385 3355 3440 lintniuus
3381 3398 3437 3442 et
3463 3391 3658 3444 Condi-

2085 3481 2168 3528 tor
2187 3472 2340 3526 dicit‘
2365 3489 2379 3525 ε
2402 3471 2622 3539 Esurivi,
2643 3481 2687 3525 et
2720 3489 2819 3526 non
2836 3473 3040 3527 dedistis
3067 3476 3188 3528 milii
3216 3479 3470 3533 comedere
3494 3480 3656 3552 (Ibid.

2085 3579 2132 3616 υ.
2177 3562 2290 3633 62).
2337 3564 2500 3633 Cujus
2539 3563 2771 3618 animam
2819 3580 2922 3618 non
2969 3567 3254 3620 movebunt
3298 3568 3412 3624 hmc
3455 3574 3652 3641 verba,

2085 3657 2290 3711 etiamsi
2319 3656 2522 3724 lapidea
2551 3655 2652 3708 sit?
2677 3655 2925 3710 Dominus
2968 3665 3087 3710 tuus
3126 3659 3368 3714 esuriens
3406 3661 3657 3718 obambu-

2085 3746 2180 3811 lat,
2206 3755 2260 3800 et
2286 3756 2339 3800 tu
2355 3760 2412 3800 es
2434 3745 2485 3798 in
2515 3745 2757 3800 deliciis:
2787 3762 2957 3815 neque
2986 3748 3087 3802 hoc
3107 3750 3298 3815 solum,
3321 3755 3412 3807 sed
3443 3754 3494 3806 in
3521 3753 3660 3808 deli-

2085 3837 2182 3891 eiis
2229 3837 2397 3906 ipsum
2426 3836 2686 3904 despicis;
2718 3837 2926 3890 tametsi
2969 3853 3073 3891 non
3103 3840 3326 3895 multum
3363 3844 3430 3897 sit
3461 3845 3602 3915 quod
3626 3861 3658 3900 a

2088 3939 2138 3984 te
2170 3930 2331 3999 petit;
2366 3942 2556 3998 nempe
2580 3943 2770 3998 panem
2787 3930 2976 3994 solum,
2992 3945 3096 3999 quo
3115 3931 3311 3987 fainem
3337 3938 3503 4004 possit
3528 3938 3656 3992 sub-

2088 4021 2284 4076 levare.
2314 4020 2380 4074 Et
2407 4019 2518 4090 ipse
2542 4019 2755 4090 quidem
2783 4020 2976 4091 frigore
3018 4022 3285 4091 rigescens
3313 4027 3656 4094 obambulat,

2088 4121 2142 4167 tu
2173 4124 2350 4167 autem
2379 4112 2562 4168 sericis
2585 4112 2799 4167 indutus
2825 4127 2891 4167 ne
2917 4116 3136 4182 respicis
3162 4116 3373 4185 quidem
3392 4159 3406 4182 ,
3462 4121 3659 4176 nuliam

2087 4207 2606 4260 eommiseratioucm
2633 4219 2744 4274 pra:
2788 4213 2838 4259 te
2877 4203 3002 4271 fers,
3031 4207 3126 4261 sed
3175 4208 3661 4268 immisericorditer

2090 4298 2345 4368 prxteris.
2369 4297 2434 4350 Et
2448 4311 2549 4366 qua
2565 4297 2713 4352 venia
2731 4305 2853 4350 sunt
2875 4295 2986 4349 haec
3002 4297 3156 4366 digna
3175 4297 3454 4369 YNeigilur
3469 4303 3538 4355 sit
3559 4302 3662 4360 hoc

2088 4388 2598 4452 studiumnostrum,
2653 4398 2708 4441 ut
2735 4386 2928 4441 multas
2971 4388 3242 4458 quibusvis
3285 4391 3487 4448 artibus
3531 4408 3662 4465 Opes

2085 4483 2459 4552 conquiramus
2489 4499 2502 4534 :
2530 4480 2623 4536 sed
2649 4480 2776 4534 illud
2809 4482 2860 4534 in
2879 4496 3042 4552 scopo
3064 4481 3371 4550 habeamus,
3394 4487 3664 4554 quomodo

2089 4587 2140 4631 et
2171 4576 2281 4629 haec
2310 4575 2445 4629 bene
2474 4573 2838 4644 disponamus,
2884 4582 2940 4625 et
2984 4572 3166 4641 egenis
3212 4575 3585 4632 consulamus:
3610 4588 3664 4633 et

2089 4685 2156 4723 ne
2183 4667 2249 4721 ab
2275 4668 2376 4722 illis
2398 4665 2708 4722 cxcidamus
2745 4679 2865 4734 quae
2907 4679 3118 4733 semper
3161 4677 3410 4734 manent,
3450 4681 3503 4724 et
3542 4685 3661 4737 qua:

2089 4761 2288 4816 nullam
2314 4759 2600 4813 admittunt
2623 4755 3041 4811 vicissitudinem
3057 4772 3116 4810 ac
3132 4759 3498 4813 mutationem.
3518 4761 3664 4825 Quo-

2090 4856 2228 4909 circa
2259 4853 2400 4906 diem
2419 4850 2607 4905 mortis
2633 4859 2828 4903 nostra:
2859 4850 3119 4904 incertum
3145 4866 3262 4906 esse
3289 4852 3450 4903 voluit
3484 4852 3665 4904 Domi-

2089 4963 2188 5002 nus
2208 4987 2221 5010 ,
2255 4955 2310 4999 ut
2340 4959 2436 4998 nos
2467 4952 2786 5012 praepararet
2811 4943 2877 4996 ad
2906 4942 3207 4998 continuam
3241 4944 3580 4997 sobrietatem
3607 4955 3660 4998 et

2088 5035 2431 5108 vigilantiam,
2445 5044 2498 5088 et
2519 5034 2586 5088 ita
2605 5033 2772 5101 magis
2789 5031 2852 5085 ad
2874 5033 3080 5086 virtutis
3099 5025 3328 5085 studium
3351 5045 3448 5084 nos
3470 5047 3657 5100 proroo

2087 5141 2252 5186 caret.
2285 5127 2417 5182 Dicit
2440 5127 2620 5180 enim:
2662 5124 2893 5195 Vigilate,
2925 5123 3043 5194 quia
3081 5124 3279 5176 nescitis
3321 5139 3477 5193 neque
3500 5123 3652 5188 diem,

2089 5235 2244 5288 neque
2266 5218 2440 5271 horam
2459 5215 2667 5288 (Matth.
2684 5215 2774 5269 25.
2797 5215 2904 5284 15).
2926 5212 3079 5280 Atqui
3104 5226 3199 5265 nos
3216 5212 3370 5279 plane
3386 5211 3654 5268 diversum

2088 5325 2388 5381 Operamnr,
2416 5319 2470 5362 ct
2492 5307 2785 5362 dormimus
2812 5319 2999 5358 somno
3024 5304 3262 5371 graviore
3285 5319 3442 5373 quam
3473 5305 3541 5358 sit
3564 5320 3627 5359 na
3643 5334 3656 5346 -

2091 5402 2274 5458 turalis
2301 5401 2408 5454 ille.
2435 5397 2567 5453 Nam
2592 5402 2678 5465 qui
2703 5396 2924 5450 naturali
2956 5408 3143 5449 somno
3168 5396 3412 5465 quiescit,
3438 5413 3534 5452 nec
3564 5397 3652 5450 bo-

2153 5623 2170 5654 ί
2204 5619 2368 5679 Coisl.,
2390 5615 2598 5669 euntium
2621 5613 2863 5676 Conditor,
2886 5611 3095 5665 ornniurn
3121 5611 3334 5676 largitor
3356 5605 3499 5662 dicit.
