4084 6214
359 372 455 427 εει
862 416 866 420 .

359 486 533 556 χάνει·
557 482 715 554 ἡμεῖς
745 480 801 537 δέ
827 482 1009 553 ἕτερον
1048 480 1214 535 ὕπνον
1245 480 1579 551 καθεύδομεν
1599 519 1613 543 ,
1653 477 1788 551 πρὸς
1830 476 1926 547 μὲν

1343 364 1413 421 IN
1446 365 1605 421 CAP.
1647 360 1814 419 XXVI
1879 356 2124 417 GENES.
2167 355 2398 414 HOMIL.
2440 352 2528 412 LI.

3493 352 3599 407 433?.

2030 472 2246 526 πάντων
2276 473 2383 525 τῶν
2418 469 2772 540 γεννωμένων
2811 464 3171 539 πρωτοτόκων
3205 463 3399 537 ἀθρόον
3442 467 3470 518 6
3499 467 3599 519 θά-

361 548 431 621 τά
456 566 555 635 τῆς
580 548 794 637 ’ἀρετῆς
826 548 956 638 ἔργα
1010 564 1391 626 καθεύδοντες,
1428 548 1567 633 πρὸς
1617 561 1673 614 δὲ
1699 548 1785 613 ⁷τά
1832 558 1932 627 τῆς
1966 620 1981 625 _
2028 572 2186 619 νατος
2216 554 2587 638 γέγονεν,ηοίΔ
2612 551 2668 606 δέ
2700 550 3037 638 Ἰσραηλῖται
3064 549 3167 638 τῆς
3190 548 3393 638 ἀνωθεν
3423 549 3600 638 ’ῥοπής

365 649 563 712 κακίας
591 650 972 719 ἐγρηγορότες,
988 650 1214 703 κάκεῖνα
1252 649 1349 719 μὲν
1367 648 1575 708 ἀόκνως
1607 642 1933 713 διαπραττό-

2032 636 2393 700 ἀπολαύοντες
2418 635 2671 698 ἀϐλαϐεῖς
2695 634 2968 705 διέμενον,
3003 632 3215 694 δεικνὺς
3244 632 3337 685 καὶ
3360 631 3447 684 διὰ
3479 632 3601 684 τού-

370 747 538 801 μενοι,
560 716 862 802 μθθῙέν-δέ
887 732 1093 794 τούτοις
1112 716 1307 799 πολλήν
1331 730 1430 801 τὴν
1453 726 1721 801 ῥαθυμίαν
1735 726 1830 778 καὶ
1845 723 1933 775 τδν
2029 739 2123 774 του
2154 722 2249 792 τὴν
2284 723 2411 791 περὶ
2451 721 2648 782 αὑτοὺς
2691 720 2901 773 εὔνοιαν
2933 720 2961 770 6
2985 718 3092 770 τῶν
3122 717 3258 770 δλων
3292 716 3450 780 Θεὸς,
3482 717 3603 770 ἀντὶ

369 813 533 868 ὕπνον
576 814 1025 885 ἐπιδεικνύμενοι,
1059 816 1154 868 καὶ
1179 814 1354 868 ταῦτα
1374 812 1608 882 ὁρῶντες
1637 807 1757 862 καθ’
1794 806 1932 859 ἐκά-

369 913 500 966 στην
533 894 746 966 ἡμέραν
789 897 916 959 τοὺς
957 897 1055 967 μὲν
1084 895 1329 949 ἐντεῦθεν
1356 892 1764 963 ἀπαγομένους,
1810 888 1936 950 τοὺς

365 979 425 1031 δὲ
465 980 558 1032 καὶ
597 980 653 1031 ἐν
696 978 774 1049 τῷ
811 979 1038 1049 παρόντι
1084 978 1183 1048 βίῳ
1232 978 1431 1047 πολλὴν
1475 976 1573 1046 τὴν
1634 969 1936 1044 μεταϐολὴν

365 1058 736 1129 ὑπομένοντας
755 1075 768 1089 ⁸
813 1061 907 1114 καὶ
945 1061 1066 1114 οὑδέ
1094 1060 1232 1132 αὑτὴ
1276 1062 1305 1131 ή
1329 1057 1617 1129 ἀνωμαλία
1647 1053 1937 1109 παιδεῦσαι

364 1143 514 1212 ἡμᾶς
542 1142 729 1214 ἱκανὴ,
765 1144 861 1196 καὶ
897 1146 976 1207 εἰς
1010 1143 1171 1197 πόθον
1214 1144 1313 1213 τῆς
1358 1143 1560 1214 ἀρετῆς
1605 1138 1935 1207 ἀναγαγεῖν,

252 1220 257 1227 ’
367 1225 464 1277 καὶ
495 1226 905 1295 παρασκευάσαι
946 1225 1217 1296 ὑπεριδεῖν
1244 1224 1353 1278 τῶν
1381 1224 1681 1296 παρόντων,
1715 1222 1808 1274 καὶ
1838 1236 1938 1296 πο-

370 1306 532 1375 θῆσαι
564 1288 632 1359 τὰ
672 1307 960 1377 μέλλοντα,
995 1288 1088 1361 κοὶι
1127 1288 1475 1380 προτιμῆσαι⁷
1503 1306 1604 1375 τῆς
1652 1303 1811 1366 σκιᾶς
1843 1288 1939 1356 καὶ

368 1386 478 1440 τῶν
506 1388 796 1460 ὀνειράτων
823 1390 921 1461 τὴν
960 1390 1238 1462 ἀλήθειαν.
1270 1389 1435 1452 Σκιᾶς
1467 1388 1576 1459 γὰρ
1601 1386 1695 1440 καὶ
1723 1384 1938 1455 ὀνειρά-

369 1487 478 1523 των
498 1470 648 1523 οὐδὲν
692 1471 761 1524 τά
795 1474 1040 1543 παρόντα
1071 1473 1366 1543 διενήνοχε.
1397 1470 1489 1541 Μὴ
1514 1470 1693 1523 τοίνυν
1716 1468 1942 1530 ἐαυτοὺς

369 1552 688 1621 ἀπατῶμεν,
726 1553 860 1623 μηδὲ
893 1554 989 1617 τάς
1025 1554 1181 1617 σκιάς
1215 1552 1638 1625 μεταδιώκωμεν
1659 1566 1671 1579 ·
1703 1550 1816 1603 ἀλλ’
1843 1549 1942 1618 ὀψὲ

368 1632 508 1700 γοῦν
536 1649 666 1686 ποτε
709 1636 807 1705 τῆς
852 1636 1060 1698 οἰκείας
1094 1636 1367 1705 σωτηρίας
1406 1632 1665 1705 φροντίδα
1701 1630 1942 1700 ποιησώ-

368 1716 542 1783 μεθα,
578 1716 677 1768 καῖ’
700 1717 768 1769 τὰ
804 1717 1063 1787 χρήματα
1096 1716 1426 1787 κενώσωμεν
1463 1718 1544 1779 εἰς
1587 1715 1714 1776 τοὺς
1747 1712 1942 1783 δεομέ-

367 1814 515 1861 νους,
547 1799 634 1851 ῐνα
673 1799 774 1867 τῆς
818 1799 911 1850 ἐπὶ
937 1798 1145 1862 τούτοις
1180 1799 1414 1870 ἀμοιϐῆς
1444 1796 1766 1866 ἀξιωθῶμεν
1793 1793 1945 1866 παρά

365 1880 465 1932 τοῦ
491 1879 870 1950 φιλανθρώπου
894 1880 1026 1934 Θεοῦ
1048 1900 1060 1912 ·
1084 1878 1151 1954 ἦς
1174 1883 1382 1949 γένοιτο
1413 1881 1619 1943 πάντας
1640 1881 1672 1950 ή
1680 1882 1788 1949 μᾶς
1808 1880 1945 1933 ἀπο-

368 1960 600 2025 λαῦσαι,
648 1963 832 2033 χάριτι
871 1965 963 2018 καὶ
1008 1963 1386 2034 φιλανθρωπίᾳ
1418 1962 1513 2015 τοῦ
1548 1961 1755 2031 Κυρίου
1789 1959 1946 2032 ήμῶν

384 2043 561 2116 Ἰησοῦ
607 2045 841 2115 Χριστοῦ
861 2086 875 2109 ,
929 2047 1047 2116 μεθ’
1073 2041 1133 2100 οὗ
1165 2045 1242 2115 τῷ
1275 2046 1450 2118 Πατρὶ
1475 2047 1509 2116 ή
1536 2045 1693 2108 δόξα,
1720 2044 1836 2113 ἀμα
1867 2041 1945 2113 τῷ

373 2127 516 2196 ἁγίῳ
543 2126 845 2197 Πνεύματι,
873 2127 967 2182 νῦν
993 2129 1085 2183 καὶ
1108 2128 1216 2194 ἀεὶ,
1243 2129 1337 2182 καὶ
1360 2130 1439 2191 εἰς
1464 2128 1589 2190 τοὺς
1611 2126 1812 2190 αἰῶνας
1837 2125 1949 2178 τῶν

371 2210 607 2262 αἰώνων.
652 2210 847 2280 Ἀμήν.

964 2293 1207 2346 UMIAIA
1240 2292 1370 2345 NA’.

382 2374 654 2444 Ἐγένετο
682 2376 750 2429 δὲ
789 2376 962 2444 λιμός
988 2376 1085 2428 ἐπὶ
1115 2374 1225 2442 τῆς
1252 2373 1395 2443 γῆς,
1420 2374 1598 2444 χωρίς
1629 2373 1735 2444 τοῦ
1768 2371 1947 2444 λιιιοᾷ

603 2440 947 2530 πρότερόν,
973 2445 1040 2511 ὃς
1082 2440 1321 2514 ἐγένετο
1368 2440 1453 2497 ἐκ
1489 2440 1567 2508 τῷ
1612 2443 1808 2512 χρόνῳ
1843 2440 1948 2495 τοῦ

560 2532 736 2566 naua.

552 2532 736 2583 paup.

445 2602 515 2649 α’;
534 2597 702 2649 Πάλιν
720 2598 783 2650 ἐκ
797 2597 894 2666 τῆς
914 2596 1233 2660 ἀκολουθίας
1246 2596 1354 2650 τῶν
1373 2595 1560 2667 πρώην
1577 2596 1704 2664 ἡμῖν
1734 2592 1953 2663 εἰρημέι

373 2697 481 2732 νων
514 2678 772 2749 βούλομαι
803 2679 904 2749 τῆς
939 2679 1073 2750 πρὸς
1107 2680 1251 2749 ὑμᾶς
1280 2677 1519 2747 ἅψασθαι
1559 2676 1908 2736 διδασκαλίας
1931 2690 1945 2702 ’

371 2761 515 2815 ὥστε
559 2761 615 2815 δὲ
663 2761 861 2817 εἰδέναι
908 2762 1052 2831 ὑμᾶς
1092 2761 1278 2832 σαφῶς
1325 2759 1425 2814 ποῦ
1455 2760 1544 2813 τὸν
1572 2758 1731 2826 λόγον
1758 2754 1949 2827 πρώην

375 2843 769 2915 κατελύσαμεν,
799 2844 892 2896 καὶ
919 2844 1039 2898 ὅθεν
1061 2844 1221 2898 αὑτὸν
1252 2844 1517 2914 προσήκει
1552 2842 1788 2912 σήμερον
1820 2840 1949 2892 ἀνα-

375 2926 582 2989 λαϐεῖν,
613 2928 905 2993 ἀναγκαῖον
932 2926 1246 2996 ὑπομνῆσαι
1274 2926 1374 2996 τήν
1401 2923 1672 2995 ὑμετέραν
1703 2923 1947 2992 ἀγάπην.

378 3010 444 3061 Εἰ
470 3008 580 3079 γὰρ
626 3008 720 3061 καὶ
748 3008 903 3061 αὐτοὶ
926 3008 1013 3061 διὰ
1036 3009 1099 3061 τὸ
1130 3008 1353 3073 πολλαῖς
1385 3007 1629 3079 φροντίσι
1663 3005 1935 3076 περιέλκε-

381 3090 509 3143 σθαι
545 3090 675 3152 ἴσως
713 3089 1054 3160 ἐπιλέλησθε,
1086 3089 1199 3143 ἀλλ’
1238 3090 1360 3161 ἐμοὶ
1388 3092 1653 3161 προσήκει
1692 3090 1770 3153 εἰς
1814 3087 1949 3141 ὑπό-

382 3191 579 3244 μνησιν
596 3174 738 3244 ὑμᾶς
766 3175 1013 3242 ἀγαγεῖν,
1033 3174 1118 3227 ἵνα
1138 3173 1225 3226 διά
1254 3173 1355 3243 τῆς
1376 3174 1593 3244 μνήμης
1619 3173 1950 3243 σαφέστερος

380 3256 509 3325 ὑμῖν
543 3258 571 3308 6
593 3256 748 3323 λόγος
774 3256 995 3325 γένηται
1021 3257 1049 3308 6
1085 3254 1292 3326 μέλλων
1320 3258 1560 3326 σήμερον
1595 3255 1947 3326 ῥηθήσεσθαι.

380 3339 528 3392 ¹Ἰστε
558 3340 637 3393 ὅτι
680 3339 976 3409 πρότερον
1023 3339 1120 3409 τῆς
1160 3337 1451 3402 Ῥεόέκκας
1494 3338 1555 3392 τὸ
1597 3339 1840 3409 φιλόθεον
1874 3337 1951 3391 δι-

376 3422 699 3496 ηγούμενος,
745 3422 999 3475 κάκεῖθεν
1027 3423 1117 3475 ἐπὶ
1165 3422 1256 3475 τὸν
1297 3422 1467 3475 Ἠσαῦ
1501 3424 1714 3477 καὶτὸν
1756 3422 1950 3477 Ἰακὼϐ

378 3504 656 3568 ἐλθόντες,
689 3505 806 3556 ἐκεῖ
834 3507 1274 3575 κατηντήσαμεν,
1323 3506 1451 3559 ἔνθα
1486 3510 1554 3558 τά
1609 3506 1950 3576 πρωτοτόκια

378 3587 609 3641 ἀπέδοτο
633 3588 711 3658 τῷ
750 3588 945 3641 Ἰακὼὸ
982 3590 1010 3643 6
1054 3589 1245 3653 Ἠσαῦ,
1278 3590 1369 3643 τοῦ
1408 3591 1688 3660 ἑψήματος
1714 3589 1950 3644 ἀπολαύ-

379 3689 500 3733 σας,
524 3672 618 3725 καὶ
638 3671 725 3724 διά
753 3672 850 3742 τήν
868 3671 970 3741 τῆς
993 3672 1198 3742 τροφῆς
1224 3671 1519 3743 ἐπιθυμίαν
1544 3673 1640 3742 τῆς
1662 3671 1952 3745 προεδρίας

378 3754 568 3806 ἑαυτὸν
614 3753 976 3823 ἀπεστέρησε.
1028 3752 1197 3806 Τοῦτο
1242 3754 1298 3806 δὲ
1352 3753 1562 3821 ἐγίνετο
1596 3754 1694 3822 οὑχ
1734 3753 1949 3818 ἁπλῶς,

378 3838 493 3892 ἀλλ’
519 3837 608 3891 ἵνα
646 3839 679 3907 ή
728 3836 821 3890 τοῦ
855 3835 988 3889 Θεοῦ
1018 3836 1320 3907 πρόρρησις
1356 3836 1446 3889 διά
1473 3834 1580 3887 τῶν
1605 3834 1781 3903 ἔργων
1816 3834 1952 3903 πλη-

380 3920 529 3992 ρωθῇ
571 3921 605 3991 ή
650 3920 917 3986 λέγουσα,
966 3918 1076 3973 Τὸν
1135 3918 1336 3972 Ἰακὼὸ
1388 3909 1850 3986 ἠγάπησα,’τὸν
1883 3916 1953 3970 δὲ

390 4004 571 4059 Ἠσαῦ
597 4003 883 4073 ἐμίσησα.
935 4003 1151 4073 Ἐπειδὴ
1174 4001 1283 4074 γάρ
1319 4003 1394 4066 ὼς
1428 4001 1560 4065 Θεὸς
1591 4001 1654 4053 τὰ
1687 4000 1951 4071 μέλλοντα

378 4088 632 4159 προῄδει,
697 4086 1121 4158 προανεφώνησε
1174 4086 1270 4140 καὶ
1326 4084 1517 4139 τούτου
1565 4085 1663 4156 τὴν
1728 4083 1949 4155 ἀρετὴν,

379 4171 633 4225 κάκείνου
675 4170 774 4239 τῆς
820 4169 1045 4240 γνώμης
1094 4168 1192 4240 τὴν
1248 4168 1566 4239 μοχθηρίαν.
1623 4167 1688 4220 Τί
1729 4167 1784 4220 δέ
1832 4169 1948 4220 ἐστι

376 4252 536 4306 τοῦτο
559 4254 619 4306 τὸ
654 4252 762 4305 τῶν
804 4251 1213 4323 πρωτοτοκίων;
1246 4254 1308 4305 Εἰ
1340 4252 1433 4305 καὶ
1466 4252 1538 4321 μή
1561 4250 1677 4303 τότε
1704 4249 1732 4301 6
1760 4249 1949 4319 καιρὸς

377 4335 676 4406 ἐπέτρεπεν
697 4337 868 4389 εἰπεῖν
891 4336 983 4390 ἐπὶ
1006 4335 1108 4405 τῆς
1136 4335 1404 4407 ὑμετέρας
1425 4335 1662 4402 ἀγάπης,
1691 4333 1803 4386 ἀλλ’
1827 4336 1951 4407 ἀνατ

376 4403 567 4488 γκαῖον
591 4419 685 4473 νῦν
720 4420 863 4489 ὑμᾶς
897 4403 1124 4484 διδάξαι.
1154 4403 1401 4489 Μεγίστη
1425 4418 1534 4487 γάρ
1564 4415 1702 4470 εἶναι
1729 4417 1862 4487 τιμὴ
1889 4403 1965 4469 τί

378 4502 604 4555 παλαιὸν
638 4502 913 4571 ἐνομίζετο
935 4519 948 4532 ⁸
999 4501 1123 4570 ἔσχε
1159 4501 1216 4554 δέ
1244 4501 1343 4571 τῆς
1370 4500 1538 4570 τιμῆς
1564 4499 1662 4571 τὴν
1693 4499 1950 4553 ὑπόθεσιν

376 4584 647 4639 ἐντεῦθεν.
691 4585 882 4637 Ἢνίκα
922 4585 983 4637 τὸ
1014 4585 1121 4637 τῶν
1167 4584 1514 4654 Ἰσραηλιτῶν
1556 4582 1705 4645 ἔθνος
1738 4584 1835 4653 τῆς
1861 4584 1952 4635 Αἰ-

375 4667 587 4737 γύπτου
629 4663 935 4730 ἀπαλλάξαι
978 4665 1226 4719 ἐϐούλετο
1268 4668 1296 4719 6
1324 4665 1433 4718 τῶν
1466 4665 1602 4718 ὅλων
1646 4665 1776 4728 Θεὸς
1800 4705 1812 4726 ,
1862 4666 1953 4717 καὶ

375 4750 479 4818 τῆς
504 4747 817 4820 τυραννίδος
856 4747 1213 4818 ἐλευθερῶσαι
1239 4748 1333 4801 τοῦ
1357 4747 1554 4819 Φαραῶ
1580 4746 1667 4800 διὰ
1690 4746 1787 4817 τὴν
1818 4747 1953 4818 πρὸς

376 4833 469 4888 τόν
502 4831 848 4902 πατριάρχην
878 4830 1242 4898 ἐπαγγελίαν,
1285 4832 1674 4893 ἀντιτείνοντος
1696 4832 1789 4884 καὶ
1823 4848 1951 4883 κατ-

378 4917 525 4986 έχειν
555 4914 878 4986 βουλομένου
910 4913 1030 4966 τότε
1068 4911 1163 4964 τοῦ
1203 4913 1517 4979 Αἰγυπτίου,
1551 4913 1687 4984 μετά
1712 4911 1811 4975 τὰς
1837 4913 1951 4966 δια-

377 5000 579 5071 φόρους
618 4997 831 5068 πληγὰς
856 4996 1061 5067 ταύτην
1093 4995 1381 5065 ἐπαγαγὼν
1416 4995 1507 5067 τὴν
1530 4998 1741 5068 πληγὴν
1764 4998 1791 5049 6
1822 5000 1951 5050 Δεσδ

378 5086 553 5153 πότης
567 5084 900 5145 τελευταίαν,
927 5080 1077 5155 [500]
1098 5080 1376 5150 μονονουχὶ
1404 5083 1523 5142 ταῖς
1540 5082 1767 5143 οἰκείαις
1794 5083 1951 5152 χερσὶ

380 5166 761 5238 παρεσκεύασε
787 5168 911 5230 τοὺς
939 5164 1267 5234 Αἰγυπτίους
1289 5161 1486 5228 ἐξῶσαι
1516 5164 1575 5214 τὸ
1596 5163 1704 5215 τῶν
1740 5165 1949 5234 Ἰσραη-

377 5249 544 5303 λιτῶν
591 5248 756 5311 ἐθνος.
823 5248 1038 5320 ’Λθρόον
1078 5249 1183 5317 γὰρ
1224 5246 1438 5300 πάντων
1482 5246 1590 5299 τῶν
1638 5246 1950 5313 Αἰγυπτίων

378 5334 449 5387 τά
481 5332 796 5402 πρωτότοκα
838 5332 1186 5403 ἀναιρεθῆναι
1223 5328 1515 5402 προσέταξε
1538 5369 1553 5392 ,
1595 5328 1686 5381 καὶ
1717 5324 1784 5399 ἦν
1825 5330 1951 5382 ἰδεῖν

350 5416 503 5470 ⁸καθ⁹
535 5415 771 5486 ἑκάστην
806 5416 980 5468 οἰκίαν
1018 5413 1260 5485 οἰμωγάς
1309 5413 1399 5465 καὶ
1427 5411 1666 5481 δάκρυα·
1700 5411 1794 5463 καὶ
1832 5413 1949 5465 οὑδὲ

383 5500 544 5569 μέχρι
589 5498 776 5552 τούτου
813 5499 1001 5568 στῆναι
1036 5497 1283 5568 ἐνόμιζον
1327 5496 1425 5568 τὴν
1456 5495 1702 5567 ἀπειλὴν,
1736 5495 1853 5547 ἀλλ’
1887 5498 1950 5549 ἐκ

379 5580 567 5635 τούτου
613 5580 950 5652 προσεδόκων
1000 5580 1092 5634 καὶ
1142 5580 1233 5631 ἐπὶ
1273 5579 1480 5641 πάντας
1517 5578 1621 5648 ὁδῷ
1670 5577 1950 5647 βαδίζοντα

374 5660 691 5717 ἐλεύσεσθαι
724 5662 813 5714 τὸν
846 5662 1094 5716 θάνατον.
1148 5662 1298 5715 Ἐπεὶ
1339 5658 1431 5713 οῦν
1464 5660 1571 5713 τῶν
1601 5662 1658 5713 ἐν
1688 5660 1948 5732 Αἰγύπτῳ

442 5785 470 5815 ⁸³
493 5784 715 5843 Quinque
737 5797 846 5830 mss.
874 5787 925 5831 et
948 5782 1156 5832 SariHn
1181 5798 1314 5846 marg
1346 5785 1413 5832 ὅτι
1444 5785 1619 5845 πρώην.
1638 5780 1749 5844 quia
1772 5795 1943 5843 nuper.

380 5847 459 5895 διε
485 5847 599 5908 legit
626 5849 772 5894 etiam
806 5847 1049 5905 interpres
1072 5854 1226 5892 mtas.

2032 813 2131 881 τῆς
2173 813 2504 884 ἀναιρέσεως
2549 811 2655 865 τῶν
2682 810 3038 882 πρωτοτόκων
3070 808 3323 870 ἐκείνων,
3354 807 3421 860 τά
3456 826 3604 877 πρω-

2033 896 2230 948 τότοκα
2258 897 2366 947 τῶν
2416 894 2681 948 Ἰουδαίων
2704 892 2855 962 αὑτῷ
2879 890 3187 944 ἀνατιθέναι
3216 889 3403 944 λοιπὸν
3435 907 3603 961 προσ-

2035 976 2239 1044 έταξεν.
2298 976 2576 1031 Ἐντεῦθεν
2614 978 2706 1030 καὶ
2758 978 2791 1047 ή
2828 975 2958 1029 Λευῖ
2995 974 3137 1045 φυλὴ
3188 974 3267 1036 εἰς
3299 975 3607 1045 ἱερουργίαν

2037 1061 2344 1133 ἀφωρίσθη.
2375 1063 2469 1116 καὶ
2495 1064 2552 1127 ἐξ
2581 1060 2790 1115 ἐκείνου
2817 1061 2876 1113 ού
2902 1059 3061 1129 μόνον
3087 1060 3194 1111 τῶν
3217 1058 3516 1129 ἀνθρώπων
3540 1060 3609 1110 τὰ

2039 1146 2356 1217 πρωτότοκα
2386 1145 2694 1199 ἀνετίθεντο
2746 1144 2824 1213 τῷ
2863 1142 3010 1212 Θεῷ,
3052 1140 3187 1195 ἀλλά
3216 1142 3310 1194 καὶ
3339 1140 3447 1193 τῶν
3494 1140 3611 1193 ἀλό-

2038 1247 2171 1298 γων,
2195 1231 2288 1283 καὶ
2324 1231 2541 1284 πάντων
2574 1226 2925 1293 ἁπαξαπλῶς.
2973 1226 3081 1279 Καὶ
3107 1224 3435 1295 πρόσταγμα
3458 1219 3527 1295 ἦν
3552 1226 3612 1277 τὸ

2041 1312 2260 1366 κελεῦον
2298 1312 2439 1381 ὑπέρ
2467 1330 2525 1365 τε
2567 1313 2674 1366 τῶν
2718 1309 3040 1382 ἀνθρώπων,
3079 1308 3218 1379 ὑπέρ
3246 1326 3306 1361 τε
3333 1308 3443 1361 τῶν
3473 1309 3613 1361 ἀκα-

2043 1394 2255 1466 θάρτων
2299 1394 2452 1459 ζώων
2481 1393 2578 1465 τὴν
2626 1394 2790 1465 τιμὴν
2828 1391 3194 1445 κατατιθέναι.
3264 1391 3397 1443 ⁹Λλλέ
3437 1392 3484 1443 εἰ
3518 1392 3611 1443 καὶ

2044 1476 2269 1548 ὕστερον
2308 1476 2445 1548 αῦτη
2472 1481 2504 1547 ή
2529 1477 2818 1549 νομοθεσία
2851 1475 3072 1544 γέγονεν
3103 1478 3134 1545 ή
3170 1474 3298 1546 περί
3324 1475 3431 1527 τῶν
3461 1492 3614 1543 πρω-

2042 1562 2299 1624 τοτόκων,
2338 1561 2451 1614 ἀλλ’
2485 1563 2632 1632 ὅμως
2667 1562 2777 1632 ήδη⁸
2817 1558 3021 1614 ἄνωθεν
3072 1559 3164 1612 καὶ
3195 1561 3259 1611 ἐκ
3314 1560 3613 1629 προοιμίων

2043 1643 2258 1696 ἐδόκουν
2294 1643 2454 1697 πλέον
2496 1662 2546 1697 τι
2575 1644 2717 1715 ἔχειν
2765 1643 3089 1714 προτέρημα
3118 1643 3165 1694 οἰ
3197 1642 3294 1713 τὴν
3325 1641 3485 1711 νηδὺν
3517 1643 3614 1712 τῆς

2046 1726 2249 1797 μητρὸς
2290 1726 2670 1790 διανοίξαντες.
2706 1725 2921 1796 Ταύτην
2962 1721 3054 1777 οὖν
3092 1724 3190 1793 τὴν
3219 1724 3400 1795 τιμὴν,
3430 1727 3495 1793 ήν
3523 1727 3615 1777 καὶ

2044 1810 2109 1861 ἐκ
2131 1807 2346 1875 φύσεως
2373 1808 2529 1877 ἔσχεν
2557 1810 2587 1861 6
2623 1808 2815 1865 Ἡσαῦ.
2855 1808 3129 1878 μετήγαγε
3170 1807 3256 1860 διὰ
3284 1808 3383 1874 τὴν
3412 1808 3615 1860 οἰκείαν

2043 1891 2313 1963 ἀκρασίαν
2355 1892 2448 1944 ἐπὶ
2488 1891 2581 1944 τὸν
2621 1890 2873 1961 ἀδελφόν.
2913 1891 3022 1944 Καὶ
3060 1893 3093 1944 6
3126 1892 3223 1960 μὲν
3254 1891 3349 1944 καὶ
3382 1890 3441 1943 τὸ
3470 1891 3620 1962 παρὰ

2044 1976 2143 2043 τῆς
2171 1976 2385 2043 φύσεως
2413 1976 2562 2045 αὑτῴ
2586 1976 2737 2029 δοθὲν
2765 1975 3074 2028 ἀπώλεσεν
3103 1976 3134 2028 6
3154 1975 3209 2028 δὲ
3238 1976 3331 2028 καὶ
3352 1976 3491 2045 ὅπερ
3519 1978 3618 2030 οὑκ

2046 2052 2190 2125 εἶχεν
2224 2058 2288 2111 ἐκ
2313 2057 2527 2126 φύσεως
2545 2098 2560 2122 ,
2592 2057 2743 2128 αὑτῷ
2772 2057 3099 2127 προσέλαϐε.
3129 2058 3236 2110 Καὶ
3261 2057 3451 2128 ἐπειδὴ
3480 2058 3620 2111 ἀνω-

2048 2137 2139 2191 θεν
2185 2138 2333 2209 αύτῷ
2373 2139 2547 2193 ταῦτα
2574 2135 2642 2210 ἦν
2690 2140 3201 2211 κεχρησμῳδημένα
3224 2140 3281 2200 δ,
3328 2139 3416 2193 διά
3461 2141 3620 2193 τοῦτο

2048 2220 2140 2273 καὶ
2173 2223 2206 2288 ή
2258 2221 2523 2275 Ῥεϐέκκα
2564 2224 2665 2292 τὴν
2706 2222 3075 2293 προσηγορίαν
3100 2221 3252 2289 αὑτῷ
3280 2222 3616 2283 ἐπιτιθεῖσα,

2061 2302 2253 2356 Ἰακὼϐ
2287 2304 2448 2359 αὑτὸν
2474 2305 2756 2370 ἐκάλεσεν,
2792 2307 2930 2375 ὅπερ
2964 2305 3292 2375 πτερνισμὸς
3325 2305 3621 2375 ἑρμηνεύε-

2047 2403 2159 2451 ται,
2192 2386 2446 2458 καθάπερ
2475 2389 2568 2441 καὶ
2603 2389 2633 2441 6
2687 2388 2859 2441 Ἰ-Ισαῦ
2897 2387 3032 2459 μετά
3057 2387 3156 2449 τὰς
3188 2385 3282 2439 τοῦ
3312 2388 3517 2458 πατρὸς
3542 2391 3622 2452 εἰς

2049 2469 2209 2522 αὑτὸν
2261 2470 2511 2538 εὐλογίας
2562 2470 2934 2540 γεγενημένας
2984 2469 3384 2539 ἀποδυρόμενος
3428 2470 3618 2538 ἔλεγε,

2048 2552 2291 2616 Δικαὶως
2318 2550 2547 2618 ἐκλήθη
2584 2552 2650 2604 τὸ
2678 2552 2867 2620 ὄνομα
2906 2551 3091 2605 αὑτοῦ
3144 2549 3354 2605 Ἰακώϐ
3368 2571 3380 2582 ο
3418 2553 3622 2621 ἐπτέρ·

2048 2650 2178 2688 mea
2209 2635 2319 2703 γάρ
2346 2651 2420 2704 με
2454 2633 2569 2701 ἤδη
2611 2632 2893 2700 δεύτερον
2931 2632 3137 2691 τοῦτο.
3176 2632 3250 2686 τά
3300 2650 3363 2687 τε
3402 2648 3618 2702 πρωτο-

2048 2718 2216 2773 τόκια
2224 2737 2341 2787 μου
2354 2719 2582 2788 εἰλήφει
2595 2719 2690 2772 καί
2711 2717 2826 2771 νῦν
2839 2718 3051 2787 εἵληςρε
3067 2717 3180 2785 τὴν
3192 2719 3477 2786 εὐλογίαν
3480 2736 3622 2789 μου.

2119 2802 2315 2855 Σκόπει
2366 2802 2504 2872 πόση
2563 2801 2669 2855 τῶν
2709 2800 2952 2855 παλαιῶν
3006 2797 3073 2871 ἦν
3110 2803 3143 2871 ή
3201 2801 3436 2865 σύνετις,
3492 2801 3626 2872 μᾶλ-

2048 2885 2138 2939 λον
2165 2886 2221 2939 δέ
2250 2886 2388 2956 πόση
2420 2885 2513 2939 τοῦ
2540 2884 2675 2939 Θεοῦ
2705 2887 2738 2955 ή
2771 2885 2962 2952 σοφία,
2995 2884 3069 2946 ὠς
3097 2884 3190 2937 καὶ
3235 2883 3333 2946 τάς
3365 2888 3626 2952 γυναῖκας

2051 2968 2488 3038 παρασκευάζειν
2516 2967 2591 3038 μὴ
2615 2968 2800 3031 ἀπλῶς
2836 2968 2970 3037 μηδὲ
3017 2967 3092 3030 ὼς
3131 2966 3287 3037 ἔτυχε
3319 2966 3417 3030 τάς
3456 2984 3628 3039 προσ-

2050 3051 2276 3122 ηγορίας
2299 3054 2409 3115 τοῖς
2437 3052 2707 3122 τεχθεῖσιν
2730 3051 3050 3115 ἐπιτιθέναι,
3072 3050 3193 3109 ’ἀλλ’
3214 3051 3627 3106 ἐναποτίθεσθαι

2049 3135 2115 3204 τῇ
2156 3133 2248 3187 τοῦ
2284 3134 2493 3188 παιδίου
2536 3134 2877 3204 προσηγορίᾳ
2928 3134 3035 3186 τῶν
3069 3133 3368 3203 μελλόντων
3408 3134 3628 3189 ἔσεσθαι

2049 3217 2148 3289 τήν
2193 3215 2663 3287 προαναίρὼνησιν.
2708 3218 2817 3269 Καὶ
2857 3216 3098 3279 σπανίως
3134 3217 3385 3287 εὑρήσεις
3414 3215 3629 3287 ὁμωνύ-

2052 3319 2184 3373 μους
2215 3304 2325 3366 τοῖς
2360 3303 2780 3372 γεννησαμένοις
2833 3301 2959 3363 τοὺς
3018 3301 3306 3371 τεχθέντας
3354 3301 3629 3371 καλουμέ-

2048 3402 2202 3449 νους,
2236 3386 2268 3455 ἢ
2308 3386 2439 3456 τάχα
2481 3402 2582 3440 που
2615 3384 2883 3455 οὐδαμοῦ’
2919 3385 3058 3437 άλλά
3106 3383 3203 3438 κᾶν
3243 3387 3270 3438 6
3310 3384 3491 3456 πατὴρ
3530 3386 3630 3457 τὴν

2050 3469 2417 3540 προσηγορίαν
2443 3468 2518 3539 τῷ
2560 3469 2707 3522 παιδὶ
2751 3468 2919 3540 μέλλῃ
2944 3468 3246 3522 ἐπιτιθέναι
3269 3508 3283 3532 ,
3318 3469 3476 3539 ξένην
3507 3472 3629 3524 τινα

2051 3555 2143 3609 καὶ
2179 3555 2369 3626 καινήν
2408 3556 2743 3626 ἐπιτίθησιν.
2794 3555 2933 3608 ὥστε
2966 3555 3033 3608 δι’
3064 3555 3236 3623 αὐτῆς
3279 3556 3628 3625 προμηνῦσαί

2048 3655 2169 3691 τινα
2209 3638 2317 3690 τῶν
2364 3638 2665 3707 μελλόντων
2718 3638 2975 3691 ἔσεσθαι*
3036 3639 3194 3707 καὶή
3243 3640 3424 3707 μήτηρ
3466 3639 3628 3691 πάλιν

2048 3721 2265 3790 ὁμοίως.
2310 3720 2466 3773 υῦτω
2496 3722 2589 3774 καὶ
2617 3724 2645 3774 6
2674 3722 2864 3789 Λάμεχ
2895 3721 2986 3773 τὸν
3020 3721 3135 3772 υἱὸν
3169 3722 3625 3790 προσαγορεύων),

2049 3802 2171 3856 Νῶε
2209 3802 2467 3867 ἐκάλεσε,
2510 3805 2604 3856 καὶ
2649 3805 2894 3872 ἐπήγαγε
2934 3803 3137 3869 λέγων,
3196 3798 3390 3867 Οὗτος
3428 3803 3630 3857 διανα-

2050 3886 2269 3938 παύσει
2313 3884 2490 3952 ἡμᾶς.
2538 3884 2693 3938 Οὖτω
2735 3885 2828 3936 καὶ
2875 3883 3111 3949 ἑκάστην
3155 3884 3522 3954 προσηγορίαν
3547 3888 3629 3940 δι-

2050 3961 2415 4035 ερευνώμενος
2468 3961 2605 4030 μετά
2647 3960 2963 4031 ἀκριΰείας,
3007 3960 3261 4030 εὑρήσεις
3310 3962 3526 4027 πάντως
3576 3982 3629 4018 τι

2050 4040 2460 4111 αἰνιττομένην,
2492 4040 2552 4091 οὑ
2600 4037 2847 4107 καθάπερ
2892 4038 2985 4090 νῦν
3017 4038 3277 4100 ποιοῦσιν,
3316 4040 3500 4102 ἁπλῶς
3536 4048 3638 4096 καὶ·

2050 4120 2125 4183 ὡς
2162 4118 2349 4188 ἔτυχεν
2377 4118 2484 4170 ἀπὸ
2514 4116 2619 4169 τῶν
2647 4116 3065 4186 γεννησαμένων
3100 4117 3489 4182 σπουδάζοντες
3532 4120 3661 4185 τὰς.

2052 4196 2422 4267 προσηγορίας
2456 4195 2777 4264 ὀνομάζειν,
2824 4193 2960 4248 ἀλλὰ
2991 4196 3097 4257 πᾶς
3132 4196 3165 4246 6‘
3207 4196 3406 4258 σκοπὸς
3444 4198 3631 4260 αὐτοῖς

2050 4275 2139 4349 ἦν,
2175 4279 2314 4332 ὥστε
2360 4278 2581 4351 διηνεκῆ
2638 4277 2942 4348 ὑπόμνησιν
2978 4278 3353 4331 ἐναποτιθέναι
3397 4278 3482 4331 διὰ
3530 4281 3630 4349 τῆς

2053 4363 2424 4433 προσηγορίας
2454 4361 2533 4431 τῷ
2564 4359 2825 4430 τεχθέντι.
2869 4359 3008 4413 Ἀλλ’
3041 4360 3237 4429 ἴδωμεν
3267 4361 3451 4414 λοιπὸν
3490 4364 3629 4431 μετὰ

2050 4445 2148 4516 τὴν
2193 4445 2302 4496 τῶν
2336 4443 2712 4515 πρωτοτοκίων
2744 4442 3039 4513 ἐναλλαγὴν
3060 4484 3074 4508 ,
3109 4444 3161 4496 τί
3195 4444 3356 4497 πάλιν
3391 4447 3517 4514 ἡμῖν
3554 4445 3631 4498 δι-

2050 4536 2268 4603 ηγεῖται
2293 4533 2321 4584 6
2355 4530 2621 4601 μακάριος
2652 4530 2893 4599 Μωῡσῆς
2919 4531 3046 4601 περί
3063 4532 3153 4583 τοῦ
3172 4531 3377 4603 πατρὸς
3403 4533 3627 4592 τούτων.

2054 4618 2148 4669 καὶ
2189 4617 2337 4679 ὅπως
2380 4614 2630 4684 καθάπερ
2677 4613 2770 4665 ἐττί⁵
2813 4614 2908 4667 τοῦ
2953 4616 3323 4686 πατριάρχου,
3353 4617 3445 4669 καὶ
3470 4610 3629 4681 οὗτος

2052 4694 2210 4764 λιμοῦ
2268 4693 2661 4755 καταλαϐόντος
2707 4691 2905 4762 πολλῆς
2962 4693 3206 4757 ἀξιοῦται
3256 4696 3353 4764 τῆς
3416 4696 3629 4747 ἀνωθεν

2053 4773 2395 4843 κηδεμονίας,
2420 4772 2536 4831 ῖῖἰΟΙ
2552 4770 2570 4842 1
2587 4770 2673 4823 διά
2689 4764 2745 4823 τε
2765 4772 2861 4840 τὴν
2882 4772 3088 4824 οἰκείαν
3111 4774 3333 4845 ἀρετὴν,
3353 4773 3510 4827 (Sui-te
3530 4774 3628 4841 τὴν

2052 4858 2131 4919 εἰς
2160 4856 2249 4908 τὸν
2293 4854 2638 4924 πατριάρχην
2671 4854 3042 4927 γεγενημένην
3074 4856 3426 4923 ἐπαγγελίαν.
3478 4855 3630 4922 Ἐγέ-

2051 4953 2186 4988 νετο
2236 4935 2333 5005 ἀὲ.
2386 4934 2547 5003 φησὶ,
2603 4933 2778 5000 ,ἰκμὰς
2820 4933 2913 4985 ἐπὶ
2962 4934 3070 4999 τῆς
3110 4936 3249 5004 γῆς,
3291 4934 3468 5002 χωρὶς
3521 4933 3627 4983 τοῦ

2050 5013 2228 5081 λιμοῦ
2260 5012 2363 5065 τοῦ
2388 5012 2677 5078 πρότερον
2695 5052 2708 5072 ,
2727 5011 2791 5076 ὃς
2822 5011 3057 5081 ἐγένετο
3096 5014 3165 5066 ἐν
3192 5014 3269 5079 τῷ
3303 5014 3499 5080 χρόνῳ
3522 5011 3629 5063 τοῦ

2064 5089 2330 5159 Ἀϐραάμ.
2373 5092 2493 5143 Ἵνα
2529 5089 2602 5161 μὴ
2636 5090 2865 5160 νομίσῃς
2916 5092 3039 5161 περὶ
3081 5092 3288 5145 ἐκείνου
3324 5090 3415 5144 τοῦ
3466 5089 3626 5159 λιμοῦ

2051 5169 2211 5222 αὑτὸν
2250 5168 2623 5236 διαλέγεσθαι,
2670 5166 2756 5219 διὰ
2794 5166 2951 5220 τοῦτο
2991 5170 3268 5238 ἐπήγαγε,
3305 5168 3490 5235 Χωρίς
3522 5168 3626 5221 τοῦ

2049 5251 2230 5319 λιμοῦ
2253 5250 2359 5303 τοῦ
2396 5251 2762 5319 πατριάρχου
2783 5290 2797 5313 ,
2825 5250 2946 5303 ἀντί
2986 5250 3328 5319 τοῦ,Ἒτερος
3388 5249 3629 5312 τοιοῦτος

2050 5333 2141 5386 νῦν
2182 5331 2443 5385 κατέὸαλε
2481 5331 2635 5403 λιμὸς
2668 5332 2765 5403 τὴν
2796 5334 2899 5402 γῆν
2924 5332 3015 5385 ἐπὶ
3040 5333 3131 5384 τοῦ
3170 5331 3371 5386 Ἰσαὰκ.
3403 5326 3511 5395 οἷος
3538 5333 3627 5385 καὶ

2050 5418 2141 5470 ἐπὶ
2168 5414 2261 5469 τοῦ
2298 5415 2504 5484 πατρὸς
2533 5415 2714 5468 αὑτοῦ.
2759 5416 2868 5467 Kal
2900 5416 2931 5485 ή
2960 5417 3067 5467 τῶν
3098 5415 3405 5484 ἀναγκαίων
3436 5416 3627 5477 σπάνις

2051 5500 2256 5560 πάντας
2287 5498 2343 5550 ἐν
2376 5497 2588 5568 θορύϐῳ
2625 5496 2862 5566 μεγίστῳ
2894 5498 3124 5553 καθίστα
3150 5539 3164 5563 ,
3198 5501 3291 5553 καὶ
3321 5499 3385 5552 ἐκ
3416 5497 3524 5551 τῶν
3552 5499 3630 5550 οἰ-

2054 5582 2212 5635 κείων
2259 5580 2671 5651 μετανίστασθαι
2709 5582 3030 5652 κατήπειγε,
3081 5584 3175 5637 καὶ
3212 5583 3348 5656 πρὸς
3390 5582 3628 5646 ἐκείνους

2049 5664 2171 5727 τοὺς
2194 5664 2386 5726 τόπους
2402 5666 2618 5734 χωρεῖν,
2636 5662 2760 5716 ἔνθα
2784 5666 2890 5717 τῶν
2913 5665 3228 5735 ἐπιτηδείων
3254 5666 3350 5738 τήν
3374 5665 3629 5736 εὐπορίαν

2050 5742 2116 5816 ἦν
2150 5747 2347 5815 εὑρεῖν.
2384 5745 2547 5801 ’Ὀθεν
2587 5747 2680 5800 καὶ
2713 5749 2741 5799 6
2768 5746 2971 5810 δίκαιος
2999 5744 3149 5813 οὗτος
3179 5750 3508 5820 θεασάμενος
3542 5750 3630 5803 τὸν

2114 5841 2140 5881 b
2164 5841 2218 5889 In
2245 5844 2397 5892 tribus
2420 5857 2530 5891 mss.
2562 5846 3074 5908 Ἀεχρηντμωδοτημένα.
