4072 6216
325 318 427 376 653

320 435 498 504 justus
540 433 626 486 ille
671 431 864 486 famem
897 431 1116 494 videret,
1150 431 1414 501 Profectus
1457 441 1549 496 est,
1599 431 1784 500 inquit,
1835 430 1902 482 ad

324 525 604 578 Abimelcch
633 524 686 576 in
715 521 926 576 Geram.
958 521 1034 576 Eo
1063 523 1205 577 enim
1233 533 1286 576 et
1316 523 1578 576 Abraham
1611 530 1728 590 post
1776 521 1898 574 red-

325 615 456 667 itum
484 628 636 666 suum
662 627 728 667 ex
767 610 997 682 λείῃ)ιο
1041 622 1276 667 venerat.
1307 611 1602 666 Verisimile
1634 622 1808 666 autem
1851 625 1896 665 et

332 705 475 758 hunc
507 713 783 772 propterea
816 704 944 758 illuc
971 703 1184 770 abiisse,
1217 703 1358 774 quod
1388 704 1509 759 inde
1535 705 1586 758 in
1613 703 1899 774 Egyptum

325 794 649 849 contendere
678 794 870 859 vellet;
900 803 954 849 et
993 794 1134 864 quod
1165 794 1265 850 hoc
1292 796 1361 849 ita
1387 795 1476 859 sit,
1501 795 1620 849 audi
1666 795 1875 862 Scriplu

326 897 438 938 ram
469 883 731 938 dicentem
771 885 787 916 ¹
822 902 834 938 :
864 884 920 938 2.
962 884 1106 938 Visus
1131 895 1202 940 est
1229 888 1368 940 enim
1398 887 1464 951 ei,
1512 887 1698 956 inquit,
1733 885 1898 947 Deus,

330 984 376 1024 et
419 972 547 1026 dixit
575 989 593 1026 :
623 971 707 1027 Ne
730 973 997 1028 descendas
1023 975 1072 1028 in
1096 973 1403 1045 Egyptum.
1433 974 1568 1030 Nolo
1597 984 1665 1039 te,
1699 975 1750 1027 in
1772 974 1863 1041 ιιιὶι
1883 1013 1897 1035 ,

335 1063 544 1132 longam
589 1063 730 1116 illam
773 1066 910 1117 viam
941 1065 1225 1132 proﬁcisci,
1257 1066 1347 1120 sed
1395 1065 1480 1120 hic
1510 1080 1723 1118 manere
1761 1064 1897 1117 volo.

330 1151 512 1220 Neque
541 1153 785 1221 permitto
813 1162 862 1208 ut
891 1155 1184 1224 angustiam
1215 1155 1522 1225 cxperiaris,
1551 1156 1641 1209 sed
1673 1155 1897 1224 promis-

327 1241 528 1296 sionem
554 1243 686 1310 patri
714 1251 805 1296 tuo
831 1243 1022 1298 factam
1047 1245 1297 1314 implebo,
1321 1255 1374 1299 et
1401 1263 1518 1315 qute
1542 1247 1614 1300 illi
1646 1247 1900 1316 promissa

326 1341 471 1395 sunt,
503 1332 552 1385 in
603 1341 656 1388 te
702 1335 946 1389 evenient
979 1353 992 1390 :
1023 1345 1077 1390 et
1123 1345 1178 1390 tu
1227 1337 1626 1406 promissiones,
1676 1354 1793 1407 quae
1825 1338 1901 1391 illi

323 1421 478 1477 factte
503 1433 644 1486 sunt,
677 1440 736 1481 re
779 1426 889 1496 ipsa
916 1429 1160 1498 accipies.
1210 1428 1293 1484 Ne
1335 1431 1605 1484 descendas
1631 1433 1683 1484 in
1725 1431 1896 1500 digg-

321 1523 504 1582 ptum:
534 1515 700 1568 habita
729 1527 890 1570 autem
933 1519 983 1572 in
1031 1532 1164 1573 terra
1215 1538 1366 1589 quam
1417 1523 1505 1575 tibi
1547 1524 1737 1586 dixero,
1768 1524 1821 1577 5.
1851 1532 1900 1576 ει

322 1605 609 1674 peregrinus
635 1617 737 1661 esto
765 1609 816 1661 in
843 1618 974 1662 terra
995 1610 1109 1663 hac.

395 1695 449 1749 2.
481 1696 678 1751 Deinde
707 1707 764 1751 ut
793 1713 860 1752 ne
890 1707 1038 1767 putet
1062 1699 1256 1768 justus,
1289 1701 1450 1756 Deum
1495 1702 1595 1757 hoc
1641 1703 1899 1772 imperare

320 1785 472 1853 quasi
503 1794 764 1840 volentem
795 1801 915 1841 eum
946 1788 1097 1844 famis
1122 1793 1414 1860 angustiam
1436 1794 1683 1862 experiri,
1711 1803 1764 1848 et
1794 1810 1898 1848 non

328 1873 637 1941 permittere
667 1875 713 1928 ei
743 1876 1018 1931 transitum
1047 1878 1098 1932 in
1127 1878 1432 1951 IEgypIum,
1482 1883 1650 1952 inquit
1687 1882 1799 1938 :Ne
1826 1885 1900 1936 sis

327 1961 540 2023 anxius.
578 1979 747 2031 neque
773 1981 951 2020 curam
981 1966 1134 2035 habe,
1164 1971 1257 2024 sed
1289 1971 1371 2024 hic.
1397 1987 1556 2026 mane
1589 1990 1600 2024 :
1633 1973 1740 2042 Ego
1769 1975 1897 2026 enim

320 2071 407 2107 ero
427 2065 604 2109 tecum.
654 2056 816 2126 Igitur
862 2075 980 2112 cum
1025 2061 1468 2130 suppeditatorcm
1501 2063 1755 2118 bonorum
1781 2080 1896 2118 om-

322 2143 468 2196 nium
503 2142 716 2205 habeas.
765 2161 831 2201 ne
880 2150 955 2202 sis
1003 2149 1256 2205 sollicitus
1283 2168 1295 2203 :
1325 2166 1423 2220 ego
1468 2153 1610 2206 enim
1646 2153 1896 2208 Dominus

318 2233 557 2287 omnium
585 2249 677 2288 ero
705 2245 877 2291 tecum
911 2254 925 2292 :
956 2254 1126 2310 neque
1169 2239 1268 2296 hoc
1297 2241 1488 2307 solum,
1519 2243 1610 2297 sed
1656 2242 1720 2296 Et
1752 2243 1898 2299 bene-

318 2326 483 2378 dicani
511 2336 576 2392 te,
604 2328 704 2382 hoc
732 2338 834 2392 est,
866 2329 1151 2397 gloriosum
1183 2341 1234 2388 te
1261 2333 1470 2402 faciam,
1497 2345 1551 2390 et
1577 2336 1899 2392 benedictio-

316 2430 442 2470 nem
487 2431 660 2470 meam
714 2419 975 2486 praelicbo.
1027 2421 1161 2487 Quid
1208 2424 1306 2477 hoc
1345 2427 1488 2493 jus-to
1534 2427 1756 2491 beatius,
1805 2429 1894 2499 qui

315 2506 477 2561 talem
525 2509 928 2577 promissionem
961 2527 990 2564 a
1029 2513 1136 2566 Deo
1170 2517 1370 2584 accepit
1406 2535 1419 2571 :
1457 2517 1557 2571 Ero
1604 2530 1796 2582 acum,
1847 2531 1894 2574 et

314 2595 600 2650 benedicant
630 2608 675 2651 te
690 2600 723 2652 ?'
759 2599 869 2654 Hoc
911 2609 960 2655 te
991 2601 1276 2658 declarabit
1304 2607 1550 2662 omnilms
1576 2608 1889 2677 feliciorem,

315 2687 419 2740 hoc
437 2696 487 2742 te
511 2685 813 2743 afﬂuentem
837 2690 994 2746 rebus
1009 2693 1250 2748 omnibus
1269 2693 1438 2758 faciet,
1463 2698 1573 2751 lnec
1589 2707 1669 2752 est
1685 2715 1892 2754 summa

313 2777 503 2846 gloria,
535 2777 646 2832 btec
692 2789 776 2834 est
806 2796 926 2834 vera
954 2784 1230 2849 securitas,
1263 2785 1361 2839 hoc
1387 2797 1465 2842 est
1492 2789 1698 2843 culmen
1726 2799 1780 2844 et
1800 2805 1891 2844 ca-

313 2878 412 2938 put
440 2869 717 2936 li0uornm,
749 2873 868 2941 quia
895 2887 996 2942 ego
1026 2883 1197 2929 tecum
1225 2891 1362 2930 sum.
1415 2879 1477 2931 Et
1503 2879 1788 2935 benedicens
1821 2892 1888 2937 te.

316 2958 600 3023 Quomodo
651 2970 824 3014 autem
855 2971 906 3016 te
950 2963 1253 3020 benedicam
1279 2968 1303 3018 ?
1332 2968 1446 3022 Tibi
1490 2981 1536 3024 ct
1577 2973 1756 3026 semini
1807 2985 1892 3029 tuo

311 3047 446 3100 dabo
478 3058 662 3102 terram
707 3051 854 3105 hanc.
885 3053 965 3107 Tn
1009 3056 1146 3110 videi
1160 3057 1202 3112 is
1231 3059 1281 3112 in
1327 3060 1423 3115 hac
1453 3063 1666 3131 regione
1691 3068 1888 3121 versari

312 3138 467 3204 quasi
501 3137 695 3208 hospes
739 3151 792 3195 et
822 3159 980 3214 vagus
1011 3163 1023 3198 :
1061 3147 1196 3199 scias
1225 3158 1398 3204 autem
1427 3153 1562 3221 quod
1607 3155 1696 3208 tibi
1724 3166 1775 3208 et
1801 3172 1884 3211 se-

312 3229 441 3280 mini
471 3238 558 3281 tuo
597 3231 804 3284 dabitur
833 3233 944 3288 haec
971 3237 1143 3290 omnis
1175 3247 1333 3292 terra.
1385 3241 1448 3295 Et
1476 3253 1529 3296 ut
1561 3244 1694 3299 bene
1721 3251 1889 3301 conii-

309 3319 426 3378 das,
459 3319 602 3374 disce
631 3337 716 3374 me
735 3322 1093 3390 juramcntum
1122 3327 1267 3394 illml,
1301 3331 1438 3398 quod
1463 3333 1631 3400 juravi
1660 3336 1887 3390 Abraha:

312 3410 446 3477 patri
480 3421 590 3472 tuo,
626 3421 796 3466 tecum
827 3425 1081 3470 statuere.
1129 3417 1254 3472 Vide
1282 3421 1550 3490 quomodo
1577 3439 1876 3480 sermonem

311 3515 467 3551 suum
505 3500 640 3554 Deus
671 3505 857 3557 iterum
878 3515 1190 3575 attemperat
1218 3520 1412 3564 nostrae
1436 3513 1742 3568 inﬁrmitati.
1770 3517 1882 3571 Non

308 3591 444 3644 dixit
469 3592 796 3659 simpliciter,
829 3595 984 3650 Pacta
1031 3615 1147 3666 qua:
1178 3599 1274 3654 feci
1323 3617 1440 3656 cum
1474 3614 1618 3672 patre
1647 3615 1754 3670 tuo,
1790 3624 1881 3662 ne-

310 3695 417 3746 que
450 3683 824 3747 promiSsiones
847 3702 977 3753 quas
1007 3691 1220 3756 promisi
1251 3707 1264 3743 :
1293 3691 1386 3746 sed
1412 3694 1536 3762 quid
1559 3697 1581 3747 'I
1606 3695 1877 3752 Juramen-

311 3780 417 3820 tam
443 3772 576 3837 quod
611 3774 802 3840 jnravi.
833 3774 1181 3843 Jurejurando
1210 3782 1377 3850 ipsum
1408 3786 1713 3840 c-mﬁrmavi
1735 3789 1882 3857 jura-

309 3869 572 3922 mcnlnm,
603 3873 655 3914 ct
688 3871 870 3918 teneor
897 3876 951 3920 nt
977 3883 1136 3934 opere
1165 3872 1430 3938 perﬁciam
1458 3875 1596 3944 quod
1619 3876 1808 3946 juravi.

385 3947 502 4002 Non
530 3962 720 4020 spectat
748 3971 888 4007 suam
927 3957 1217 4027 dignitatem
1250 3960 1405 4028 Dens,
1437 3965 1524 4017 sed
1549 3977 1770 4022 nostram
1801 3971 1880 4022 in-

307 4039 850 4106 ﬁrmitatrm.—Vides
877 4047 966 4101 Dei
995 4049 1366 4106 clementiam?
1388 4054 1499 4108 Non
1526 4056 1589 4109 ad
1615 4060 1876 4129 propriam

304 4128 613 4199 dignitatem
644 4136 932 4202 respiciens
969 4139 1218 4207 loquitur,
1264 4145 1355 4198 sed
1385 4145 1449 4199 ad
1499 4128 1729 4203 nostram
1761 4167 1878 4207 sese

303 4231 663 4289 attemperans
709 4224 1088 4286 inﬁrmitatem.
1137 4232 1264 4286 Nam
1311 4236 1431 4304 quia
1483 4237 1723 4292 homines
1769 4242 1877 4296 fere

302 4326 513 4378 semper
541 4311 625 4364 illa
669 4330 828 4382 opere
856 4318 1107 4384 perlicere
1131 4322 1361 4389 student,
1395 4342 1498 4379 non
1529 4344 1646 4397 qua:
1672 4331 1874 4399 simpli—

299 4399 436 4452 citer
468 4403 824 4468 promiserunt
873 4407 1050 4471 alicui,
1101 4413 1192 4464 sed
1239 4429 1358 4482 quae
1406 4433 1522 4469 cum
1571 4418 1874 4487 juramento

299 4490 662 4557 pronliserunt
694 4510 708 4546 :
739 4494 894 4548 simili
926 4499 1083 4553 modo
1111 4510 1164 4554 et
1211 4502 1345 4556 Deus
1385 4505 1532 4574 justo
1576 4509 1779 4576 plenam
1813 4513 1873 4563 ﬁ-

297 4581 422 4635 dem
455 4581 671 4642 iaciens.
703 4601 762 4638 ea
809 4603 924 4656 qua:
954 4605 981 4642 a
1012 4607 1070 4644 se
1115 4593 1252 4646 dicta
1295 4606 1418 4650 sunt
1454 4600 1670 4653 omnino
1701 4602 1869 4656 hitura

297 4686 418 4726 esse
473 4671 642 4725 dicit:
672 4675 818 4728 Scias
863 4693 922 4731 ea
970 4696 1086 4750 qnze
1123 4699 1151 4734 a
1194 4701 1276 4736 me
1316 4686 1614 4753 juramento
1667 4692 1868 4747 ﬁrmata

297 4772 440 4825 sunt,
473 4778 634 4831 opere
681 4766 940 4834 implenda
990 4786 1127 4825 esse.
1185 4775 1317 4840 Quid
1376 4779 1570 4847 igitur?
1623 4783 1864 4851 inquies:

300 4851 438 4904 Deus
478 4853 716 4919 juravit?
743 4866 796 4909 et
825 4872 916 4925 pcr
943 4875 1098 4928 quem
1123 4861 1301 4930 jurare
1329 4870 1536 4932 potuit?
1566 4870 1721 4925 Vides
1767 4872 1866 4927 hoc

298 4955 418 4992 sese
450 4941 514 4993 ad
543 4953 772 4997 nostram
804 4946 1158 5003 inﬁrmitatem
1183 4961 1577 5023 attemperantis
1599 4977 1714 5015 esse
1740 4981 1751 5015 :
1779 4965 1865 5016 lir-

294 5030 576 5083 niationem
611 5038 974 5100 promissionis
1018 5044 1222 5095 vocavit
1253 5046 1628 5110 jurameutum.
1661 5050 1726 5102 Et
1754 5064 1857 5105 sta-

294 5130 453 5185 tuam,
495 5121 678 5191 inquit,
711 5127 1053 5195 jaramrntnm
1085 5150 1268 5198 meam,
1309 5137 1441 5204 quod
1467 5139 1651 5207 jnraus
1688 5144 1857 5211 jnraet‘

294 5212 507 5263 Abralae
550 5215 680 5280 patri
720 5228 818 5270 tuo.
872 5219 1068 5276 Deinde
1097 5223 1251 5278 docet
1296 5243 1414 5280 cum
1447 5247 1561 5297 qua:
1606 5245 1727 5286 sunt
1773 5236 1854 5288 illa

289 5319 409 5366 qua:
438 5305 694 5371 promisit,
724 5319 772 5361 et
806 5311 869 5364 de
897 5315 1084 5381 quibus
1109 5317 1156 5369 ci
1183 5317 1375 5386 juravit
1427 5321 1478 5374 4.
1513 5320 1575 5374 Et
1612 5327 1849 5392 multipli-

287 5395 410 5447 cabo
447 5412 612 5451 semen
657 5410 794 5453 tuum
834 5407 958 5458 sicut
998 5409 1167 5462 stellas
1203 5413 1332 5465 (ccli.
1367 5413 1476 5468 Hoc
1517 5417 1733 5470 enimet
1766 5438 1852 5487 ιιι-

347 5549 364 5620 ξ
401 5555 490 5622 ξεῖ
541 5559 664 5622 Μῖιῗιι
707 5557 834 5622 mult
865 5561 1149 5622 ittcﬂithilem
1196 5568 1282 5617 Νι
1324 5567 1679 5619 Ianuarii/{trita
1717 5573 1848 5621 tina:

279 5609 364 5690 ς
387 5616 664 5690 sig-ﬁtﬁt?
685 5619 799 5668 andi
817 5609 1100 5690 ἐγρεθῗῖἶήὴνηι
1125 5628 1209 5678 Dei
1241 5631 1620 5682 miwrt'roidtam
1682 5609 1840 5685 stoici.

282 5674 365 5711 ηυ-
390 5676 582 5737 sequuti
605 5687 785 5728 smnus.

1338 317 1403 370 Ν
1443 315 1591 372 CAP.
1636 315 1817 373 XXVI.
1862 314 2105 370 CENES.
2147 315 2373 370 ιιοιιιι.
2419 315 2498 370 LI.

3477 322 3576 374 451i

2013 429 2257 483 triarchze
2305 431 2356 484 in
2398 430 2656 500 principio
2699 429 2905 484 dicebat
2936 448 2948 483 :
2979 430 3202 486 Tantum
3250 431 3348 484 erit
3403 448 3584 487 semen

2011 529 2179 584 tutnn,
2215 529 2267 573 ut
2298 530 2348 573 et
2373 521 2542 574 stellis
2568 531 2616 574 et
2646 536 2822 574 arena:
2851 519 3175 589 adaequetur.
3224 520 3288 573 Et
3328 522 3477 585 dabo,
3509 524 3586 573 ia-

2006 609 2139 678 quit,
2171 613 2345 664 semini
2367 624 2448 665 tuo
2477 622 2658 666 terram
2678 613 2848 676 istaut,
2881 621 2925 664 et
2955 612 3304 665 benedicentur
3329 613 3377 665 in
3401 613 3586 665 semine

2009 714 2090 755 tuo
2115 719 2286 756 omnes
2316 716 2479 773 gentes
2519 714 2665 757 terra!
2695 703 2846 773 (Gen.
2878 704 2968 758 22.
2999 705 3108 771 i7).
3147 705 3426 773 Propterea
3457 723 3580 774 pro-

2010 793 2288 845 missiones
2316 809 2432 860 qtae
2478 795 2551 846 illi
2596 796 2746 847 faetze
2791 805 2933 855 sunt.
2968 795 3018 848 in
3049 803 3099 849 te
3146 795 3392 862 implebo.
3423 797 3475 850 5.
3509 796 3585 850 Eu

2007 881 2140 949 quod
2165 881 2353 933 audivit
2378 881 2630 935 Abraham
2660 894 2803 953 pater
2823 894 2937 936 tuus
2965 901 3127 938 vocem
3151 901 3331 949 meam,
3352 895 3401 939 et
3426 897 3581 940 custo~

2005 973 2127 1025 dicit
2158 975 2394 1026 mandata
2426 991 2533 1027 mea
2565 973 2664 1046 (ιι),
2696 985 2741 1028 et
2766 977 3156 1046 justi/icationes
3194 994 3347 1042 meas,
3376 989 3421 1031 et
3466 979 3588 1048 [rgi-

2005 1064 2125 1115 tima
2153 1080 2281 1116 mea.
2316 1063 2447 1119 Vide
2482 1065 2570 1118 Dei
2602 1066 2934 1134 sapientiam,
2963 1067 3231 1136 quomodo
3257 1068 3414 1136 erigit
3440 1084 3588 1122 men-

2009 1163 2114 1208 tem
2142 1154 2289 1224 justi,
2321 1164 2374 1209 et
2416 1157 2723 1210 alacriorcm
2753 1157 2924 1211 reddit
2957 1175 2970 1212 :
3000 1167 3055 1212 et
3084 1169 3137 1211 ut
3167 1159 3330 1227 patris
3357 1159 3588 1213 imitator

2007 1242 2118 1306 ﬁat,
2151 1243 2332 1297 efﬁcit.
2378 1244 2505 1297 Nam
2550 1245 2594 1297 si
2641 1246 2747 1307 ille,
2781 1247 2968 1316 inquit,
3009 1249 3129 1316 quia
3176 1265 3306 1302 mea:
3355 1249 3586 1303 obedivit

2005 1333 2143 1392 Vtici,
2179 1342 2318 1386 tanta
2355 1333 2728 1400 pollicitatione
2763 1336 2952 1406 dignus
2983 1338 3191 1391 habitus
3241 1349 3341 1404 est,
3371 1349 3424 1392 et
3469 1355 3584 1392 eam

2007 1433 2223 1491 propter
2251 1425 2389 1477 illius
2420 1427 2665 1479 virtutem
2696 1427 2745 1479 in
2780 1437 2850 1493 te,
2883 1429 2969 1497 qui
2993 1445 3055 1482 ex
3087 1445 3150 1483 eo
3175 1440 3326 1482 natus
3355 1446 3434 1494 cs,
3465 1446 3582 1485 sum

2008 1514 2322 1582 impleturus
2355 1533 2366 1569 :
2400 1517 2440 1568 si
2473 1527 2524 1569 et
2551 1518 2661 1585 ipse
2687 1518 2828 1572 illius
2849 1519 3081 1572 imitator
3109 1520 3286 1581 ini-ns,
3319 1530 3372 1573 ct
3400 1520 3584 1573 eadem

2003 1619 2104 1672 qua
2137 1604 2224 1657 ille
2258 1605 2336 1657 via
2371 1606 2670 1672 incesseris,
2699 1607 2866 1675 cogita
2896 1617 3152 1677 quantum
3187 1608 3323 1677 apud
3379 1623 3462 1663 me
3493 1609 3584 1663 be-

2005 1695 2352 1748 nevolentiam
2382 1696 2654 1750 habiturus
2689 1698 2784 1761 sis,
2817 1706 2870 1752 et
2899 1708 3092 1766 quanta
3126 1715 3240 1752 mea
3271 1716 3396 1752 cura
3428 1711 3478 1754 te
3501 1701 3584 1753 di-

2000 1795 2256 1853 gnaturus
2286 1786 2383 1838 sim
2448 1785 2579 1839 Nam
2604 1787 2647 1840 si
2691 1788 2773 1840 cui
2804 1789 2873 1840 ob
2901 1789 3122 1843 alterius
3163 1789 3406 1842 virtutem
3453 1791 3584 1844 bene

2002 1873 2231 1928 futurum
2264 1884 2363 1936 est,
2393 1876 2434 1928 si
2462 1885 2512 1928 et
2545 1877 2654 1942 ipse
2685 1878 2877 1931 vii-tute
2908 1878 3158 1946 prmditus
3204 1877 3381 1942 fuerit,
3417 1881 3584 1933 multo

2001 1963 2202 2032 majore
2239 1964 2428 2033 dignus
2458 1967 2735 2020 habebitur
2762 1984 2908 2021 cura.
2957 1968 3096 2034 Quid
3125 1980 3301 2022 autem
3349 1981 3430 2023 est
3461 1991 3472 2024 :
3509 1971 3582 2024 Eo

1999 2055 2134 2125 quod
2167 2055 2378 2108 obedivit
2406 2059 2508 2110 voci
2539 2074 2680 2123 meat,
2729 2069 2774 2112 et
2815 2060 3076 2113 custodiuit
3105 2063 3344 2113 mandata
3371 2078 3498 2127 mea,
3539 2073 3582 2114 et

2001 2154 2254 2214 prwcepta
2285 2163 2414 2211 mea,
2459 2155 2506 2200 et
2543 2147 2933 2218 justi/icationes
2971 2151 3151 2203 meas?
3201 2150 3446 2204 Dicebam
3487 2152 3578 2208 ei:

2000 2234 2252 2306 Egredere
2280 2237 2342 2290 de
2382 2247 2515 2290 terra
2558 2248 2643 2290 tua
2687 2247 2731 2291 et
2758 2238 2820 2291 de
2845 2240 3139 2307 cognatione
3179 2250 3284 2302 tua,
3317 2251 3364 2292 ct
3391 2242 3500 2293 veni
3529 2242 3581 2294 in

2000 2336 2183 2380 terram
2207 2343 2357 2396 quant
2379 2338 2714 2382 monstravere
2736 2329 2823 2382 tibi
2849 2327 3006 2399 (Ibid.
3034 2331 3118 2384 12.
3143 2330 3192 2400 1)
3223 2351 3235 2386 :
3266 2331 3581 2400 reliquitque

1999 2417 2086 2470 illa
2107 2433 2224 2486 quze
2251 2419 2302 2472 in
2334 2419 2576 2473 manibus
2599 2430 2769 2485 erant,
2798 2429 2851 2474 et
2879 2420 3075 2474 incerta
3100 2432 3448 2489 persequutus
3477 2432 3579 2478 οδε.

1997 2507 2064 2562 Ει
2091 2524 2194 2561 non
2227 2507 2509 2562 ﬂuctuabat
2540 2526 2710 2579 neque
2754 2510 3100 2563 cunctabatur
3130 2531 3142 2565 :
3170 2510 3260 2564 sed
3291 2527 3410 2565 cum
3437 2513 3578 2565 omni

1995 2598 2273 2653 alacritate
2329 2597 2632 2652 mandatum
2687 2600 2976 2668 implebat,
3028 2609 3080 2654 ct
3133 2599 3411 2653 obediebat
3466 2603 3578 2654 voci

1996 2703 2149 2742 mete.
2184 2687 2374 2742 lterum
2404 2705 2521 2757 qua:
2566 2705 2727 2758 super
2755 2699 2994 2742 naturam
3026 2699 3147 2742 sunt
3173 2689 3219 2741 ei
3263 2690 3496 2755 [.t‘ntttisi,
3527 2699 3579 2743 et

1994 2793 2113 2834 cum
2159 2779 2266 2848 jatn
2298 2790 2426 2832 :I-tas
2471 2795 2590 2832 eum
2622 2796 2650 2832 a
2681 2796 2776 2849 Spe
2815 2779 3085 2848 dejicetet.
3137 2796 3199 2834 ac
3251 2796 3419 2850 neque
3466 2781 3577 2850 ipse

1996 2888 2168 2941 neque
2204 2882 2372 2925 mater
2401 2881 2484 2926 tua
2515 2872 2858 2942 procreanda:
2882 2873 3013 2941 proli
3041 2872 3212 2926 idonei
3237 2881 3434 2935 essent,
3456 2887 3574 2926 cum

1993 2965 2198 3019 audiret
2215 2979 2244 3016 a
2271 2979 2356 3019 me
2377 2980 2556 3019 semen
2579 2965 2694 3034 ejus
2717 2965 2767 3018 in
2791 2973 2990 3018 tantum
3019 2964 3130 3018 fore
3153 2963 3570 3033 propagandutn,

1993 3063 2050 3108 ut
2099 3069 2313 3109 omnem
2370 3064 2563 3109 terram
2620 3063 2762 3108 esset
2814 3054 3191 3122 impleturum;
3226 3069 3395 3123 neque
3450 3063 3572 3108 tunc

1989 3146 2169 3199 animo
2200 3145 2438 3200 turbatus
2487 3145 2599 3210 fuit,
2632 3145 2724 3199 sed
2767 3145 2990 3199 credidit
3025 3165 3036 3200 :
3070 3145 3186 3197 ideo
3215 3154 3268 3198 et
3313 3146 3362 3198 in
3403 3145 3567 3214 justi-

1992 3239 2115 3292 tiam
2142 3239 2189 3293 ei
2219 3247 2516 3308 reputatum
2542 3247 2620 3292 est
2653 3235 2810 3308 (Ibid.
2843 3238 2928 3292 15.
2967 3237 3020 3307 (i)
3045 3253 3060 3301 ;
3092 3238 3210 3306 quia
3238 3238 3414 3290 virtuti
3438 3252 3570 3291 mete

1988 3331 2274 3395 credendo,
2311 3341 2364 3384 et
2409 3333 2457 3383 in
2488 3329 2926 3400 promissiouihus
2957 3331 3088 3383 meis
3116 3345 3263 3392 spem
3293 3328 3532 3382 habendo
3551 3370 3566 3395 ,

1989 3420 2218 3474 humana
2249 3421 2557 3474 inﬁrmitate
2584 3420 2828 3489 superior
2855 3421 2968 3472 fuit.
3005 3421 3064 3472 Et
3093 3430 3366 3488 postquam
3397 3429 3448 3471 tu
3477 3435 3567 3470 na-

1990 3520 2073 3564 tus
2103 3527 2183 3574 es,
2216 3527 2334 3563 cum
2365 3521 2536 3565 mater
2567 3520 2650 3564 tua
2684 3519 3018 3564 succenserct
3046 3509 3248 3562 l-macli
3275 3524 3339 3563 ex
3370 3508 3558 3563 ancilla

1990 3612 2134 3666 nato,
2163 3610 2220 3656 et
2263 3602 2417 3655 vellet
2443 3617 2562 3654 eum
2594 3601 2805 3670 abigere
2833 3617 2861 3652 a
2889 3599 3047 3654 domo
3074 3616 3194 3653 cum
3228 3603 3381 3669 Agar,
3415 3600 3482 3653 ita
3514 3611 3566 3654 ut

1989 3691 2117 3744 nihil
2167 3707 2448 3745 commune
2497 3692 2571 3744 illi
2605 3701 2780 3745 tecum
2826 3701 2986 3755 esset,
3036 3691 3159 3744 licet
3203 3691 3252 3743 in
3294 3690 3440 3743 illum
3473 3707 3564 3759 pa-

1989 3782 2216 3837 triarcha
2263 3792 2478 3851 paterna
2509 3791 2562 3835 et
2585 3783 2809 3850 genuina
2838 3782 3121 3836 dilectione
3165 3783 3299 3837 bene
3325 3782 3566 3838 afﬁcere-

1989 3885 2068 3928 tur
2101 3895 2113 3930 :
2142 3875 2361 3928 audiens
2391 3886 2563 3927 tamen
2594 3889 2620 3925 a
2649 3889 2766 3937 mc,
2797 3873 2894 3925 sibi
2940 3871 3233 3927 iaciendum
3278 3889 3395 3928 esse
3422 3875 3562 3942 quod

1989 3965 2157 4019 visutn
2189 3973 2330 4017 esset
2357 3964 2549 4023 Sat-rm,
2575 3963 2768 4016 oblitus
2795 3963 3047 4016 naturalis
3067 3963 3382 4029 dilectionis,
3405 3965 3562 4034 ejecit

1985 4054 2263 4108 lsmaclem
2294 4070 2414 4106 cum
2445 4053 2655 4118 ancilla,
2682 4063 2733 4106 ct
2763 4069 2973 4122 semper
2997 4053 3225 4108 obcdivit
3254 4054 3368 4110 voci
3405 4071 3560 4120 mete,

1983 4161 2045 4200 ac
2071 4144 2348 4199 custodivit
2379 4155 2638 4214 pt'tl'CCpla
2686 4159 2821 4197 mea.
2857 4145 3088 4209 Denique
3117 4160 3234 4198 cum
3275 4147 3559 4214 pra-cepis-

1981 4252 2095 4291 sem
2122 4237 2190 4299 ci,
2242 4245 2298 4288 ut
2326 4235 2452 4288 mihi
2506 4237 2554 4286 iu
2587 4235 2904 4288 sacriﬁcium
2945 4234 3158 4287 oﬂ‘erret
3196 4235 3356 4287 ﬁlium
3390 4235 3439 4288 in
3472 4252 3558 4288 sc-

1984 4337 2198 4381 nectute
2225 4326 2324 4379 sibi
2351 4340 2683 4386 concessum,
2709 4335 2761 4378 et
2787 4333 2892 4378 tam
2919 4323 3188 4388 dilectum,
3215 4326 3344 4378 nihil
3371 4341 3558 4378 Causa-

1980 4425 2064 4471 tus
2094 4425 2195 4482 est,
2217 4431 2384 4484 neque
2408 4416 2666 4468 curiosius
2691 4414 2757 4468 de
2785 4423 3048 4483 pra-cepto
3072 4414 3357 4482 inquisivit,
3384 4430 3554 4483 ltetltlc

1979 4509 2218 4563 turbatus
2245 4518 2324 4562 est
2354 4520 2550 4571 mente,
2593 4522 2763 4576 neque
2801 4506 3207 4559 conummicavit
3236 4523 3353 4559 cum
3386 4519 3552 4562 matre

1977 4612 2063 4655 tua
2091 4641 2105 4664 ,
2137 4616 2305 4669 neque
2355 4615 2474 4655 eum
2505 4602 2701 4668 pueris,
2735 4614 2906 4666 neque
2963 4608 3157 4663 tecum,
3207 4599 3330 4668 quid
3383 4600 3550 4654 factu-

1977 4707 2066 4745 rus
2092 4700 2273 4754 esset;
2306 4690 2397 4743 sed
2445 4689 2564 4743 forti
2594 4697 2769 4742 mente
2795 4698 2846 4740 et
2876 4688 3070 4755 ingenti
3107 4689 3376 4742 alacritate
3407 4690 3552 4743 {csti-

1974 4782 2135 4842 navit,
2165 4791 2221 4833 ut
2251 4780 2554 4834 mandatum
2578 4794 2752 4832 meum
2780 4777 3018 4845 impleret
3055 4798 3068 4834 :
3101 4778 3322 4847 proinde
3358 4780 3540 4831 volun-

1972 4881 2134 4928 tatem
2183 4872 2298 4940 cjus
2328 4871 2594 4932 coronavi,
2628 4884 2762 4937 opus
2791 4879 2961 4921 antcm
2993 4879 3046 4923 ut
3080 4873 3416 4938 perﬁceretur
3443 4887 3543 4922 mm

1967 4962 2177 5018 admisi.
2211 4963 2522 5029 Eapmptcr,
2543 4959 2661 5028 quia
2689 4961 2740 5012 in
2766 4960 3007 5012 euntibus
3028 4975 3266 5025 magnam
3292 4958 3538 5010 obl-dion.

1969 5056 2092 5109 tiam
2135 5052 2441 5114 declaravit,
2471 5061 2524 5106 et
2562 5049 2928 5104 mandatorum
2961 5065 3196 5101 meorqu
3225 5048 3536 5111 custodiam,

1967 5157 2017 5200 te
2042 5162 2101 5199 ex
2141 5145 2228 5198 illo
2258 5154 2436 5196 natum
2467 5143 2894 5211 promissionum,
2929 5159 3044 5207 qtae
3092 5142 3160 5193 illi
3195 5143 3342 5192 facta:
3390 5149 3529 5206 sunt,

1963 5235 2213 5290 heredem
2237 5233 2388 5286 facio.

2033 5328 2085 5381 3.
2133 5324 2338 5378 Imitare
2381 5324 2536 5392 igitur
2578 5325 2714 5377 illius
2751 5322 3104 5376 olwdient'min
3131 5364 3145 5386 ,
3179 5333 3232 5376 ct
3271 5324 3332 5375 iis
3359 5338 3476 5391 qua:
3505 5337 3533 5377 τι

1959 5433 2042 5469 me
2083 5415 2222 5468 ditta
2263 5423 2386 5466 sunt
2424 5413 2614 5476 crede,
2645 5423 2698 5466 ut
2739 5414 2903 5466 nmlto
2945 5413 3180 5480 pluribus
3211 5415 3534 5468 remunerari

1956 5521 2145 5575 (lignus
2176 5504 2404 5559 habeare
2425 5546 2440 5569 ,
2473 5514 2523 5559 et
2555 5519 2648 5575 pro
2679 5504 2840 5575 patris
2871 5505 2942 5559 tui
2974 5504 3200 5573 virtute,
3235 5514 3289 5561 et
3320 5521 3417 5579 pro
3447 5517 3530 5560 tua

2015 5629 2085 5686 la)
2131 5629 2253 5677 Bibl.
2283 5628 2493 5680 addunt,
2540 5629 2584 5674 ct
2629 5630 2870 5684 pitt'ccptvt
2910 5636 3014 5671 mea
3063 5627 3182 5679 (καὶ
3227 5627 3308 5681 τὰς
3344 5627 3533 5679 ἑγτοὴὶς

1952 5706 2042 5752 μον
2063 5693 2097 5750 ),
2124 5694 2252 5751 qvod
2291 5693 2408 5738 inl'ra
2444 5697 2660 5750 agnoscit
2686 5691 2736 5737 S.
2763 5688 3156 5749 L‘hrysostomus.
