4072 6216
639 304 746 362 455

645 421 940 476 obedientia
975 438 986 473 :
1019 427 1072 474 et
1115 433 1183 473 ne
1213 415 1504 471 descendas
1543 413 1592 466 in
1635 410 1919 484 [Egyptum
1945 455 1959 478 ,
2003 412 2094 467 sed
2135 411 2220 467 hic

646 527 821 567 mane.
851 510 1038 566 Vidisti
1068 510 1156 563 Dei
1185 505 1622 571 misericordiam,
1653 503 1919 574 quomodo
1941 512 2043 572 per
2073 519 2220 557 men-

644 604 840 656 tionem
879 599 1088 654 virtutis
1133 597 1296 666 patris
1342 596 1498 664 hujus
1541 603 1773 650 mentem
1815 593 2126 648 roboravit?
2165 593 2216 647 6.

649 693 901 747 Habitavit
925 673 1090 744 autem
1115 689 1264 743 Isaac
1286 690 1336 743 in
1367 689 1586 743 Geraris.
1609 687 1741 743 Vide
1765 686 2029 758 quomodo
2055 685 2217 740 ferme

644 787 698 839 in
737 784 921 839 eadem
960 783 1187 853 pericula
1230 781 1410 836 incidit
1437 782 1559 845 ille,
1593 781 1642 834 in
1674 795 1790 848 quae
1818 788 1871 833 et
1907 788 2053 847 pater
2081 777 2216 845 ejus.

643 877 771 930 Nam
801 890 922 930 cum
948 874 1271 928 domicilium
1297 872 1518 926 haberet
1546 871 1597 925 in
1627 870 1841 926 Geraris
1861 910 1876 934 ,
1911 869 1959 920 7.
1994 868 2218 936 Rogave-

641 974 760 1019 runt
778 1007 793 1032 ,
827 964 995 1033 inquit
1019 1006 1030 1026 ,
1059 963 1153 1017 viri
1179 962 1276 1015 loci
1303 960 1443 1014 illius
1475 961 1536 1014 de
1564 959 1786 1012 Rebecca
1815 973 1969 1010 uxore
2000 956 2107 1024 ejus
2131 996 2144 1020 ,
2174 963 2220 1008 et

639 1056 788 1123 dixit,
821 1054 982 1109 Soror
1008 1068 1116 1104 mea
1143 1060 1214 1104 est
1238 1067 1255 1112 ;
1284 1051 1457 1104 timuit
1483 1050 1623 1105 enim
1657 1063 1722 1101 ne
1752 1047 1889 1101 forte
1915 1045 2218 1100 occiderent

641 1162 761 1202 eum
787 1189 801 1213 ,
846 1145 968 1199 victi
1012 1141 1404 1214 pulchritudine
1446 1141 1626 1194 uxoris
1660 1157 1674 1193 :
1714 1138 1794 1191 Ne
1831 1138 1959 1206 forte
1992 1137 2221 1190 occidant

640 1254 753 1291 cum
776 1279 791 1303 ,
821 1237 990 1305 inquit
1015 1278 1028 1300 ,
1057 1235 1151 1288 viri
1177 1233 1273 1287 loci
1301 1240 1506 1303 propter
1533 1229 1801 1284 Rcbeccam
1822 1270 1835 1293 ,
1865 1229 1982 1298 quia
2009 1227 2220 1297 pulchra

640 1330 770 1400 facie
799 1337 920 1382 erat.
945 1327 996 1382 8.
1027 1319 1147 1380 Fuit
1176 1335 1340 1379 autem
1368 1325 1472 1378 illic
1501 1325 1649 1393 longo
1675 1333 1910 1391 tempore.
1941 1320 2218 1373 Abintelecli

640 1430 804 1474 autem
828 1435 942 1471 cum
981 1418 1284 1486 prospiceret
1318 1431 1406 1486 per
1445 1417 1711 1485 fenestram
1735 1455 1746 1476 ,
1777 1411 1898 1464 vidit
1941 1409 2090 1463 Isaac
2133 1410 2216 1463 lu-

641 1509 835 1561 dentem
876 1523 988 1560 cum
1031 1505 1252 1560 Rebecca
1289 1521 1445 1558 uxore
1476 1521 1569 1557 sua
1589 1544 1602 1566 ,
1631 1503 1684 1558 9.
1715 1512 1759 1556 et
1788 1503 1974 1555 vocavit
2004 1518 2144 1566 eum,
2177 1510 2221 1554 et

640 1599 766 1652 dixit
792 1599 837 1651 ei
866 1613 884 1651 :
914 1596 1148 1668 Profecto
1183 1613 1310 1650 uxor
1341 1603 1426 1648 tua
1451 1604 1538 1648 est.
1568 1592 1669 1648 Cur
1691 1594 1893 1656 dixisti,
1926 1592 2084 1646 Soror
2113 1609 2222 1645 mea

639 1693 752 1745 est?
777 1691 1061 1760 Postquam
1091 1705 1153 1743 ex
1185 1690 1504 1756 eoojecturis
1529 1686 1892 1756 deprehensus
1919 1695 2000 1740 est
2023 1685 2218 1754 justus,

640 1799 746 1837 non
787 1783 919 1837 ultra
961 1792 1117 1849 negat
1149 1798 1163 1833 :
1196 1780 1292 1835 sed
1332 1780 1554 1843 fatetur,
1591 1786 1644 1833 et
1685 1792 1898 1831 causam
1946 1776 2222 1830 manifeste

640 1875 809 1939 affert,
834 1888 996 1945 quare
1020 1888 1256 1928 sororem
1279 1873 1566 1927 vocandum
1593 1871 1876 1925 censuerit.
1908 1869 2046 1922 Dixit
2069 1869 2218 1932 enim,

640 1969 838 2038 inquit,
876 1967 956 2021 Ne
992 1970 1120 2038 forte
1154 1967 1344 2020 moriar
1377 1973 1579 2035 propter
1615 1964 1776 2033 ipsam
1805 1977 1828 2016 .'
1853 1962 2036 2016 mortis
2066 1960 2223 2014 timor

641 2074 726 2113 me
753 2059 851 2114 hoc
881 2073 1039 2129 agere
1066 2057 1258 2127 coegit.
1300 2055 1459 2110 Forte
1492 2063 1667 2108 autem
1703 2052 1920 2106 edoctus
1948 2059 2063 2105 erat
2083 2092 2096 2114 ,
2128 2065 2220 2118 pa-

641 2161 774 2204 trem
815 2163 1024 2219 quoque
1070 2147 1226 2202 talem
1271 2144 1500 2200 fabulam
1549 2150 1908 2198 commentum
1950 2140 2027 2194 sic
2066 2139 2220 2193 saluti

639 2259 750 2298 sua:
774 2241 1137 2306 consuluisse;
1165 2239 1314 2310 cujus
1333 2239 1474 2293 viam
1499 2247 1553 2292 et
1578 2237 1690 2306 ipse
1716 2243 1968 2306 sequutus
1989 2241 2087 2288 est.
2117 2231 2220 2286 Sed

643 2350 734 2390 rex
776 2333 948 2390 adhuc
995 2348 1201 2388 memor
1245 2347 1432 2388 eorum
1477 2345 1592 2400 qua:
1634 2338 1872 2397 tempore
1911 2324 2223 2395 patriarcha:

625 2421 788 2496 ’rapta
831 2427 987 2482 Sarra
1032 2440 1220 2496 passus
1258 2424 1463 2489 fuerat,
1505 2423 1682 2476 statim
1723 2421 1791 2476 ob
1823 2419 2222 2490 castigationem

637 2518 762 2572 olim
790 2517 1079 2572 immissam
1107 2531 1164 2570 se
1193 2530 1340 2569 reum
1359 2514 1685 2569 constituens
1706 2511 1800 2582 (α),
1830 2511 1961 2566 dixit
1984 2511 2058 2565 illi
2091 2528 2103 2562 :
2137 2509 2221 2564 10.

639 2609 743 2664 Cur
782 2610 874 2661 hoc
909 2607 1112 2678 fecisti?
1151 2605 1340 2658 Parum
1382 2605 1542 2673 abfuit
1583 2604 1703 2671 quin
1742 2601 2056 2656 concubuerit
2083 2602 2222 2671 quis-

642 2702 777 2770 piam
810 2699 870 2752 dc
897 2714 1076 2768 genere
1113 2714 1219 2749 meo
1245 2712 1358 2749 eum
1387 2711 1542 2748 uxore
1565 2703 1670 2760 tua,
1696 2703 1741 2746 et
1769 2691 2048 2747 induxisses
2075 2707 2224 2758 super

642 2807 734 2844 nos
762 2789 1138 2860 ignorantiam?
1163 2787 1307 2842 Hanc
1333 2785 1592 2846 fraudem,
1627 2783 1814 2854 inquit,
1837 2795 1890 2837 et
1914 2783 2038 2836 olim
2066 2781 2222 2836 susti-

643 2881 854 2935 nuimus
881 2895 908 2932 a
942 2888 1090 2948 patre
1120 2887 1239 2941 tuo,
1274 2885 1329 2931 et
1353 2891 1494 2930 nunc
1522 2875 1622 2929 nisi
1653 2876 1706 2929 in
1732 2883 1974 2944 tempore
2002 2888 2221 2943 prospe-

640 2971 932 3036 xisseums,
961 2969 1148 3024 eadem
1191 2968 1343 3022 laturi
1378 2981 1618 3031 eramus,
1654 2965 1718 3018 Et
1756 2965 2038 3020 induxisses
2075 2979 2224 3034 super

641 3080 733 3116 nos
760 3062 1116 3133 ignorantiam.
1144 3060 1351 3113 Etenim
1378 3068 1432 3114 et
1461 3069 1583 3112 tunc
1607 3073 1701 3127 per
1730 3059 2075 3126 ignorantiam
2103 3067 2226 3124 pec-

642 3156 808 3208 caturi
843 3167 1090 3217 eramus,
1125 3159 1179 3206 et
1215 3166 1353 3205 nunc
1379 3165 1589 3221 quoque
1626 3156 1844 3219 propter
1872 3145 2220 3217 ignorantiam

643 3247 809 3301 ferme
839 3247 892 3299 in
919 3259 1077 3299 causa
1116 3243 1340 3310 fuisses,
1367 3255 1423 3297 ut
1453 3243 1504 3297 in
1535 3249 1805 3312 peccatum
1848 3239 2220 3294 incideremus.

647 3331 736 3386 ﬂ.
763 3328 1010 3398 Prwcepit
1033 3336 1200 3380 autem
1224 3325 1506 3379 Abimelech
1531 3325 1720 3394 poptdo
1741 3341 1857 3392 suo,
1876 3325 2044 3378 dicens
2057 3339 2076 3377 :
2090 3322 2216 3376 0m-

646 3425 726 3476 nis
750 3423 838 3491 qui
871 3422 1093 3490 tetigerit
1113 3419 1364 3472 hominem
1406 3417 1540 3470 hunc
1565 3426 1612 3470 et
1638 3431 1849 3470 uxorem
1879 3417 2014 3485 ejus,
2043 3415 2221 3468 mortis

645 3529 762 3567 reus
788 3509 1042 3566 erit.Vide
1066 3510 1156 3564 Dei
1192 3508 1600 3577 providentiam,
1623 3507 1746 3563 vide
1775 3507 2098 3563 ineffabilem
2126 3522 2222 3562 CI-

646 3622 780 3660 ram.
813 3603 941 3658 Nam
965 3604 1050 3672 qui
1081 3603 1289 3656 dixerat
1315 3601 1364 3653 ei
1386 3617 1406 3653 :'
1425 3599 1508 3654 Ne
1535 3600 1808 3654 descendas
1833 3598 1884 3651 in
1907 3597 2216 3668 Ai‘gyptum,

645 3708 690 3752 et
722 3697 892 3750 habita
921 3697 973 3749 in
1000 3708 1134 3749 terra
1172 3695 1291 3758 ista,
1315 3702 1362 3747 et
1393 3709 1477 3746 ero
1508 3701 1671 3746 tecum
1696 3707 1714 3746 :
1736 3692 1823 3746 ille
1849 3704 1967 3748 erat
1994 3694 2082 3760 qui
2106 3692 2219 3748 lucc

643 3789 820 3842 omnia
865 3786 1231 3857 dispensabat,
1261 3794 1314 3840 et
1340 3785 1540 3853 justum
1584 3783 1636 3837 iu
1679 3793 1824 3839 tanta
1865 3783 2219 3839 constituebat

643 3880 817 3936 securi
843 3889 946 3934 ate.
989 3875 1279 3932 Considera
1328 3876 1468 3930 enim
1516 3890 1695 3944 regem
1745 3885 2112 3943 procurantem
2163 3883 2220 3928 ut

644 3973 911 4041 impavide
937 3971 1006 4024 ibi
1029 3979 1167 4039 agat,
1192 3969 1432 4036 liberque
1459 3967 1530 4019 sit
1549 3965 1616 4020 ab
1635 3965 1947 4020 omnicura.
1975 3965 2217 4029 Mortem,

645 4064 836 4132 inquit,
871 4061 1244 4114 interminatus
1271 4067 1353 4112 est
1392 4057 1639 4111 omnibus
1680 4057 2000 4127 quicumque
2031 4059 2220 4126 tetige-

645 4159 754 4212 rint
778 4165 869 4211 aut
897 4172 1042 4218 eum,
1081 4165 1172 4209 aut
1201 4168 1421 4209 uxorem
1469 4151 1604 4222 ejus.
1651 4151 1785 4218 Quia
1813 4153 1956 4206 enim
1989 4153 2073 4205 hic
2103 4159 2220 4205 erat

646 4247 825 4310 timor,
858 4247 1045 4300 mortis
1073 4245 1294 4308 scilicet,
1324 4242 1417 4312 qui
1441 4253 1788 4297 Concesserat
1813 4241 1929 4309 ejus
1960 4251 2215 4307 mentem,

645 4349 926 4409 propterea
956 4345 1010 4391 et
1039 4335 1188 4390 illum
1218 4334 1410 4388 auferri
1440 4333 1648 4387 curavit
1693 4331 1995 4386 misericors
2038 4330 2222 4383 Domi-

643 4439 849 4494 nus,ut
891 4434 1074 4496 postea
1122 4427 1344 4482 omnino
1391 4438 1579 4480 secure
1622 4433 1824 4494 ageret.
1868 4422 1933 4476 Et
1960 4421 2081 4475 vide
2105 4435 2218 4474 rem

643 4520 835 4578 miram
860 4529 915 4574 et
934 4520 1274 4590 stupendam,
1304 4517 1575 4590 quomodo
1601 4515 1774 4571 solers
1804 4529 1926 4569 cum
1954 4514 2025 4568 sit
2050 4521 2106 4568 et
2132 4527 2220 4568 sa-

645 4616 799 4682 piens
822 4651 836 4672 ,
871 4614 1047 4662 omnia
1083 4607 1373 4660 secundum
1403 4619 1553 4658 suam
1581 4602 1901 4655 voluntatem
1929 4608 2134 4662 vertat,
2167 4609 2219 4654 et

644 4705 695 4755 in
738 4697 894 4754 inviis
937 4699 1072 4750 viam
1114 4697 1382 4760 inveniat,
1414 4709 1512 4765 per
1551 4693 1636 4747 illa
1682 4692 1792 4761 ipsa
1830 4705 1948 4760 qua:
1990 4690 2220 4745 maxime

641 4790 863 4846 adversa
893 4787 1162 4854 videntur,
1187 4787 1342 4841 saluti
1369 4799 1642 4840 servorum
1671 4797 1887 4838 suorum
1912 4781 2215 4836 consulens.

641 4881 774 4936 liiue
825 4881 968 4936 enim
1019 4887 1122 4946 est,
1176 4877 1315 4948 quod
1361 4891 1456 4931 rex
1503 4874 1594 4929 ille
1643 4883 1840 4928 tantam
1891 4871 2082 4926 habeat
2127 4887 2218 4926 cu-

641 4991 752 5030 ram
777 4974 925 5044 justi,
952 4974 1100 5041 quasi
1133 4970 1424 5037 przcdicans
1445 4983 1565 5022 eum
1593 4965 1837 5020 omnibus
1858 4965 2084 5018 civitatis
2108 4980 2220 5018 sua":

637 5067 855 5132 incolis,
884 5075 936 5120 et
973 5064 1250 5119 declarans
1285 5075 1440 5132 quam
1478 5059 1741 5128 gloriosus
1783 5059 1882 5122 sit,
1916 5065 1968 5112 et
2009 5072 2218 5112 summo

701 5326 896 5389 (a)Cum
919 5323 1148 5389 videlicet
1167 5329 1366 5389 propter
1383 5327 1565 5389 raptam
1589 5329 1769 5389 sarram
1793 5328 2066 5389 nicreratus
2077 5328 2127 5369 et
2147 5333 2214 5368 ca-

641 5383 848 5451 stigatus
867 5385 1038 5436 fuisset
1059 5383 1362 5451 summa,
1399 5384 1484 5451 ubi
1492 5443 1502 5451 _
1511 5385 1749 5451 comperit
1772 5385 2049 5439 nebeeeam,
2075 5393 2219 5451 quam

639 5443 855 5499 soForem
886 5461 1022 5497 suam
1053 5446 1245 5494 dixerat
1289 5452 1434 5503 Isaac,
1471 5443 1600 5493 illius
1641 5457 1753 5492 esse
1789 5458 2011 5501 uxorem,
2036 5445 2221 5492 veritus

640 5525 706 5572 ne
733 5524 762 5559 a
794 5511 1019 5572 quopiam
1059 5521 1123 5572 ex
1145 5505 1348 5572 subditis
1382 5519 1438 5554 ea
1455 5507 1647 5569 conjugi
1678 5506 2015 5566 abriperetur,
2051 5512 2102 5552 et
2119 5505 2219 5572 jam

637 5571 753 5619 olim
789 5567 1011 5620 immissa:
1056 5570 1105 5618 in
1146 5567 1290 5618 simili
1346 5581 1460 5616 casu
1516 5567 1671 5629 pinnae
1724 5579 1908 5629 memor
1927 5604 1942 5624 ,
1981 5579 2038 5629 se
2082 5567 2217 5627 quasi

637 5642 778 5692 reum
799 5633 1096 5691 existimans,
1121 5631 1270 5682 verba
1288 5642 1398 5692 que
1411 5623 1684 5692 sequuntur
1704 5623 1938 5678 tremoris
1950 5623 2090 5689 plena
2100 5623 2219 5689 ἰιι-ο-

1477 303 1514 354 ff.
1566 297 1838 354 .10.“le
1864 294 2327 353 CIIRYSOSTOMI
2355 293 2666 355 ARCIIIEP.
2707 295 3230 354 CONSTANTINOP.

3801 288 3902 352 6:20

2326 411 2526 466 honore
2554 413 2770 480 dignus,
2803 427 2957 482 quem
2985 421 3040 466 et
3078 411 3290 468 maximi
3317 404 3571 466 faciebat.
3598 412 3688 468 Sic
3712 421 3769 467 et
3796 412 3902 468 Na-

2326 502 2730 558 buchodonosor
2767 512 3040 572 postquam
3082 516 3274 572 pueros
3308 501 3433 557 illos
3466 512 3574 556 tres
3615 503 3666 557 in
3712 502 3897 558 forna-

2324 609 2437 648 cem
2470 593 2720 663 injecerat
2747 593 2918 664 (Dan.
2947 595 2998 648 5.
3027 592 3152 663 95),
3179 601 3234 648 et
3259 592 3431 662 reipsa
3459 595 3901 662 comprobavcrat

2323 684 2649 752 captivorum
2690 684 3085 740 adulescentum
3127 685 3374 739 virtutem
3395 725 3410 749 ,
3444 693 3569 739 tunc
3605 685 3900 755 praedicare

2325 791 2419 830 eos
2446 777 2602 847 etrapit
2628 818 2643 842 ,
2675 787 2728 830 et
2766 778 2957 847 ubique
2994 779 3168 848 lingua
3206 791 3300 832 sua
3341 777 3459 832 fecit
3488 777 3738 832 illustres.
3773 778 3900 832 llaec

2326 866 2465 919 enim
2507 867 2838 936 potissimum
2868 883 3054 938 magna
3084 867 3176 940 Dei
3205 868 3370 922 virtus
3396 876 3509 931 est,
3535 868 3744 937 quando
3776 869 3901 923 facit

2327 967 2382 1010 ut
2424 973 2517 1025 per
2555 958 2796 1014 inimicos
2833 960 3167 1014 celebrentur
3201 959 3339 1014 servi
3386 960 3498 1015 Dei.
3540 960 3604 1014 Et
3641 961 3735 1030 qui
3774 977 3897 1014 cum

2327 1047 2502 1103 furore
2527 1049 2741 1103 accendi
2766 1049 2994 1120 jusscrat
3028 1050 3293 1105 fornacem
3328 1050 3466 1104 illam
3489 1091 3502 1114 ,
3533 1051 3780 1120 quoniam
3820 1053 3899 1105 \i-

2324 1137 2402 1191 dit
2429 1155 2521 1206 per
2549 1153 2836 1208 supernum
2863 1141 3118 1194 auxilium
3156 1155 3439 1210 puerorum
3479 1141 3726 1197 virtutem
3763 1143 3899 1212 ignis

2325 1231 2584 1282 actionem
2614 1229 2859 1295 vincere,
2891 1240 3108 1300 repente
3138 1239 3366 1286 mutatus
3393 1231 3632 1286 clamavit
3662 1232 3846 1288 dicens
3885 1251 3900 1287 :

2326 1315 2471 1371 Servi
2499 1317 2587 1371 Dei
2617 1320 2816 1372 excelsi.
2850 1320 2999 1385 Vide,
3027 1335 3132 1374 non
3158 1320 3327 1374 solum
3356 1322 3472 1376 illos
3497 1322 3734 1376 excelsos
3760 1338 3897 1392 prte-

2325 1412 2486 1476 dicat,
2513 1412 2606 1467 sed
2634 1423 2689 1468 et
2716 1415 2992 1467 Dominum
3020 1414 3384 1468 universorum
3415 1431 3428 1466 :
3457 1414 3602 1469 Servi
3623 1415 3783 1481 enim,
3819 1417 3898 1469 in-

2325 1504 2457 1574 quit,
2490 1503 2586 1559 Dei
2609 1506 2811 1571 excelsi,
2841 1507 3148 1575 egredimini.
3181 1506 3315 1573 Quid
3343 1506 3537 1562 factum
3564 1508 3688 1562 est?
3719 1523 3898 1563 nonne

2327 1605 2381 1650 tu
2409 1611 2502 1651 eos
2533 1606 2798 1652 tormento
2829 1597 3135 1652 tradidisti?
3164 1613 3340 1652 nonne
3371 1606 3422 1652 tu
3466 1598 3517 1652 in
3554 1609 3752 1654 tantum
3786 1601 3896 1654 fur-

2326 1701 2510 1741 nacem
2532 1687 2748 1742 accendi
2779 1689 3072 1758 prmecpisti
3094 1689 3118 1742 ?
3143 1688 3402 1755 Profecto,
3428 1690 3616 1759 inquit,
3643 1691 3733 1745 sed
3757 1708 3897 1745 nunc

2324 1779 2482 1833 video
2507 1795 2593 1836 res
2622 1779 2958 1837 admirabiles
2982 1790 3035 1836 et
3063 1796 3245 1836 novas.
3277 1781 3606 1836 Elementum
3629 1783 3764 1836 enim
3793 1783 3896 1837 hoc

2325 1887 2434 1926 sua:
2478 1874 2797 1942 operationis
2839 1874 3088 1938 oblitum,
3131 1875 3278 1944 quasi
3323 1875 3544 1928 vinculis
3580 1875 3892 1944 quihusdam

2326 1964 2564 2034 ligatum,
2595 1974 2790 2020 tantam
2826 1966 3063 2020 exhibuit
3091 1966 3464 2031 obedientiam,
3492 1974 3552 2020 ut
3577 1980 3744 2036 neque
3768 1981 3896 2020 con-

2328 2055 2551 2125 tingeret
2593 2057 2800 2112 illorum
2840 2057 3077 2126 capillos.
3117 2057 3272 2113 Unde
3307 2056 3486 2112 videre
3526 2072 3804 2126 possumus
3843 2059 3894 2110 il

2327 2144 2518 2201 factum
2548 2163 2706 2217 supra
2738 2149 3018 2202 humanam
3051 2156 3288 2202 natumut
3316 2161 3467 2212 esse,
3495 2157 3548 2201 et
3578 2147 3893 2202 ineffabilem

2327 2237 2608 2307 quamdam
2651 2253 2713 2293 ac
2750 2239 2978 2292 divinam
3019 2239 3125 2292 vim
3168 2238 3280 2293 hsce
3318 2240 3563 2304 operari,
3594 2248 3895 2308 tantamque

2329 2343 2610 2397 puerorum
2651 2327 2848 2382 habere
2888 2328 3296 2399 providentiam.
3327 2328 3513 2383 Vidisti
3551 2329 3644 2383 Dei
3684 2329 3892 2383 miseri-

2325 2419 2558 2474 cordiam
2589 2461 2604 2486 ,
2654 2419 2919 2489 quomodo
2973 2436 3255 2491 numquam
3301 2419 3671 2491 derelinquens
3715 2437 3895 2476 servos

2327 2526 2487 2578 suos,
2531 2511 2786 2580 permittit
2828 2513 2881 2566 in
2922 2511 3190 2568 fornacem
3237 2514 3416 2583 injici;
3455 2514 3546 2570 sed
3586 2529 3678 2569 eos
3715 2517 3897 2570 volens

2325 2601 2575 2656 clariores
2604 2601 2797 2665 facere,
2828 2611 2881 2657 et
2910 2618 3058 2658 suam
3086 2603 3333 2659 virtutem
3359 2604 3737 2667 demonstrare,
3771 2605 3896 2658 baro

2326 2695 2438 2750 bari
2464 2695 2706 2749 demulsit
2732 2695 2962 2750 animum
2987 2703 3040 2749 et
3061 2705 3259 2749 tantam
3286 2696 3616 2750 tolerantiam
3637 2697 3897 2751 ostendit?

2326 2784 2508 2853 Neque
2537 2785 2679 2839 enim
2707 2794 2814 2840 tam
2842 2785 3151 2841 admirabile
3181 2797 3293 2841 erat
3317 2828 3330 2850 ,
3359 2788 3402 2840 si
3431 2802 3460 2840 a
3490 2787 3743 2858 principio
3771 2803 3897 2856 pro-

2327 2875 2581 2931 hibuisset
2609 2891 2700 2931 eos
2739 2876 2793 2930 in
2825 2877 3088 2930 caminum
3135 2877 3275 2946 injici
3311 2895 3323 2931 :
3355 2877 3506 2931 sicuti
3554 2894 3690 2932 nunc
3731 2879 3893 2932 admi-

2325 2969 2543 3024 rabilius
2571 2978 2624 3023 et
2649 2969 2817 3022 rarius
2845 2968 3038 3022 factum
3061 2979 3140 3023 est
3166 3011 3178 3032 ,
3207 2983 3330 3023 cum
3365 2971 3414 3023 in
3444 2970 3616 3025 medio
3643 2971 3773 3041 ignis
3799 2987 3893 3024 ex-

2325 3061 2574 3116 sistentes
2595 3102 2612 3126 ,
2649 3060 2778 3114 nihil
2826 3061 3042 3116 insuave
3077 3061 3182 3130 pati
3225 3063 3498 3131 permittit.
3532 3061 3659 3116 Nam
3689 3063 3895 3133 quando

2325 3153 2456 3216 vult,
2485 3151 2642 3205 etiam
2668 3166 2762 3206 eos
2786 3152 2873 3221 qui
2903 3150 2956 3205 in
2989 3153 3176 3206 mediis
3206 3161 3328 3206 sunt
3353 3153 3598 3222 periculis
3625 3164 3675 3208 ct
3703 3155 3895 3224 prauis,

2326 3242 2649 3312 potentiores
2686 3241 2849 3296 facit:
2879 3250 2934 3296 et
2966 3256 3058 3297 eos
3096 3243 3182 3311 qui
3226 3243 3490 3312 patiuntur
3511 3286 3525 3308 ,
3556 3243 3620 3298 iis
3654 3244 3738 3312 qui
3777 3245 3895 3300 illos

2325 3332 2561 3402 aflligunt
2583 3333 2884 3401 superiores
2908 3331 3100 3386 reddit.
3134 3332 3243 3388 Hoc
3267 3343 3321 3389 et
3346 3334 3398 3387 in
3424 3335 3678 3404 apostolis
3703 3335 3894 3390 factum

2325 3434 2426 3480 est.
2452 3425 2582 3480 Nam
2605 3428 2692 3495 qui
2719 3441 2811 3480 eos
2841 3427 3097 3496 urgebant
3123 3437 3178 3484 et
3202 3428 3532 3483 adducebant
3560 3429 3610 3483 in
3643 3431 3893 3493 medium,

2326 3528 2380 3571 et
2407 3517 2552 3583 quasi
2591 3517 2836 3573 dentibus
2873 3517 3130 3573 adversus
3175 3533 3268 3573 eos
3307 3519 3634 3583 fremebant,
3669 3520 3802 3574 inter
3837 3534 3897 3574 se

2324 3607 2610 3663 dicebant:
2645 3608 2780 3674 Quid
2816 3608 3056 3676 faciemus
3099 3610 3216 3663 viris
3256 3610 3364 3664 istis
3397 3609 3417 3679 (
3437 3611 3548 3664 Act.
3589 3610 3638 3664 4.
3674 3609 3812 3681 i6)?
3842 3611 3893 3664 in

2326 3700 2567 3754 manibus
2593 3700 2710 3754 illos
2734 3699 3018 3766 habebant,
3047 3709 3100 3754 et
3122 3700 3434 3754 dubitabant
3460 3717 3660 3770 secum,
3687 3703 3808 3772 quid
3829 3703 3894 3757 de

2325 3791 2403 3845 eis
2429 3790 2680 3846 facerent.
2708 3791 2897 3856 Tanta,
2927 3800 3135 3861 tamque
3159 3791 3329 3846 valida
3354 3808 3437 3848 res
3458 3803 3539 3847 est
3559 3794 3739 3859 virtus,
3763 3803 3891 3848 tam-

2324 3899 2428 3953 que
2457 3883 2729 3939 imbecillis
2756 3885 2953 3938 malitia
2975 3926 2988 3950 ,
3022 3893 3079 3937 ut
3106 3885 3192 3938 illa
3223 3883 3434 3955 quidem
3454 3927 3469 3951 ,
3497 3884 3620 3940 licet
3648 3887 3890 3955 patiatur,

2323 3974 2518 4039 vincat,
2548 3976 2659 4029 lucc
2689 3990 2816 4029 vero
2839 3984 2892 4030 et
2917 3975 2960 4029 si
2987 3976 3110 4044 quid
3140 3984 3282 4045 agat,
3308 3976 3439 4030 nihil
3467 3975 3612 4031 aliud
3635 3977 3890 4046 proficiat,

2324 4080 2483 4134 quam
2508 4065 2651 4134 quod
2672 4080 2819 4119 suam
2851 4066 3035 4134 prodat
3060 4066 3438 4122 infirmitatem.

2397 4156 2609 4210 Morafis
2641 4158 2940 4212 exhortatio.
2967 4190 3038 4198 —
3067 4159 3122 4214 Id
3151 4158 3400 4226 scientes,
3429 4159 3625 4225 dilecti,
3653 4173 3893 4230 magnam

2325 4248 2530 4303 virtutis
2571 4249 2855 4305 habeamus
2897 4251 3190 4319 rationem,
3229 4260 3285 4308 et
3320 4252 3444 4306 vitia
3492 4252 3746 4322 fugiamus
3777 4269 3792 4305 :
3825 4254 3893 4306 ita

2323 4340 2464 4394 enim
2507 4350 2561 4395 et
2601 4356 2880 4410 supernam
2923 4343 3144 4412 gratiam
3187 4343 3339 4399 nobis
3378 4343 3774 4399 conciliabimus
3797 4383 3810 4407 ,
3842 4353 3892 4397 et

2325 4431 2495 4486 futura
2525 4448 2907 4502 consequemur
2940 4435 3074 4488 bona
3104 4452 3118 4491 :
3147 4451 3264 4506 qua:
3305 4435 3455 4490 nobis
3495 4435 3739 4490 omnibus
3767 4449 3893 4488 eve-

2324 4525 2488 4590 niant,
2511 4525 2679 4594 gratia
2703 4537 2758 4580 et
2783 4526 3141 4581 misericordia
3176 4528 3380 4582 Domini
3411 4529 3574 4582 nostri
3601 4527 3724 4582 Jesu
3743 4526 3893 4581 Chri-

2323 4615 2411 4678 sti,
2443 4616 2527 4669 eui
2567 4616 2654 4680 sit,
2681 4630 2800 4670 cum
2846 4617 3000 4672 Patre
3027 4627 3081 4671 et
3115 4619 3314 4688 Spiritu
3344 4627 3550 4682 sancto,
3579 4617 3760 4688 gloria,
3794 4617 3892 4670 im-

2322 4705 2548 4776 perium,
2577 4705 2763 4772 honor,
2790 4723 2929 4762 nunc
2955 4717 3008 4764 et
3033 4724 3265 4779 semper,
3290 4719 3344 4764 et
3373 4710 3425 4764 in
3455 4710 3647 4766 smcula
3675 4709 3894 4765 saeculo-

2323 4812 2459 4852 rum.
2489 4798 2676 4854 Amen.

2894 4933 3167 4988 HOMILIA
3208 4933 3314 4988 LII.

2325 5088 2598 5143 Sentinavit
2626 5099 2789 5143 autem
2817 5088 2965 5144 Isaac
2991 5091 3042 5142 in
3073 5099 3206 5142 terra
3229 5089 3340 5154 illa,
3360 5098 3411 5144 et
3433 5088 3622 5142 inuenit
3644 5091 3891 5157 centupls-

2521 5197 2641 5236 cans
2666 5181 2907 5236 hordeum
2935 5181 2986 5233 in
3010 5197 3143 5233 anno
3172 5180 3262 5233 illo
3287 5179 3439 5250 (Gen.
3461 5179 3552 5234 26.
3581 5181 3694 5250 i2).

2397 5314 2444 5367 i.
2474 5313 2741 5383 Reliquias
2762 5312 2878 5367 heri
2899 5312 3158 5366 dictorum
3190 5327 3366 5381 operae
3387 5311 3612 5380 pretium
3635 5319 3715 5366 est
3736 5310 3891 5365 hodie

2323 5405 2545 5460 reddere
2581 5416 2773 5460 vestrm
2809 5404 3052 5467 caritati,
3096 5413 3149 5457 et
3195 5404 3415 5471 repetita
3455 5403 3717 5457 sermonis
3755 5403 3892 5458 serie

2323 5495 2509 5549 iterum
2544 5495 2723 5548 videre
2751 5502 3000 5563 quantam
3025 5493 3200 5561 justus
3226 5491 3371 5545 Isaac
3397 5506 3680 5560 supernam
3718 5493 3889 5560 provi-

2321 5585 2553 5640 dentiam
2585 5584 2656 5638 sit
2683 5593 3020 5652 assequutus.
3057 5582 3187 5636 Nam
3215 5581 3303 5650 qui
3341 5581 3390 5635 ei
3434 5580 3773 5649 prohibuerat
3797 5577 3893 5632 de-

2327 5691 2574 5732 scensum
2595 5677 2646 5730 in
2670 5672 2969 5748 :Egyptum,
2992 5685 3045 5731 ct
3068 5675 3271 5730 dixerat
3297 5691 3308 5727 :
3343 5671 3529 5727 Habita
3548 5674 3600 5726 in
3619 5680 3749 5727 terra
3776 5671 3887 5738 hac,
