4084 6214
403 268 506 326 εδδ

399 412 460 449 τε
489 393 588 464 τῆς
607 393 810 456 οἰκείας
835 389 1097 462 ὑπακοῆς,
1119 389 1207 443 καί
1231 389 1305 460 μὴ
1320 391 1564 462 καταϐῇς
1589 393 1668 454 εἰς
1683 390 1974 458 Αἴγυπτον,

406 479 522 532 ἀλλ’
555 476 790 531 ἐνταῦθα
827 476 976 545 μένε.
1028 470 1180 537 Εἰδες
1209 472 1343 525 Θεοῦ
1372 473 1799 543 φιλανθρωπίαν,
1833 473 1978 536 ὅπως

1351 265 1418 323 IN
1457 265 1609 324 CAP.
1651 262 1820 320 XXVI
1881 263 2124 322 GENES.
2158 265 2390 328 HOMIL.
2434 269 2541 326 LII.

3534 275 3642 331 456

2085 389 2363 461 καθιστᾷν.
2385 389 2553 445 Τοῦτο
2574 391 2682 463 γάρ
2710 392 2824 445 ἐστι
2846 391 3078 461 μάλιστα
3099 391 3199 463 τῆς
3224 392 3536 464 περιουσίας
3553 396 3653 465 τῆς

2080 471 2173 523 τοῦ
2207 471 2341 526 Θεοῦ
2374 473 2674 544 δυνάμεως,
2711 474 2836 528 ὅταν
2867 472 2952 526 διά
2981 473 3085 526 τῶν
3108 474 3317 545 ἐχθρῶν
3342 475 3651 547 ἀνακηρύτο-

399 561 490 614 διά
520 562 620 630 τῆς
653 560 871 632 μνήμης
917 558 1016 626 τῆς
1052 555 1252 626 ἀρετῆς
1287 555 1380 608 τοῦ
1425 557 1628 625 πατρὸς
1655 554 1843 609 τούτου
1888 555 1978 607 τὸν
2079 553 2264 607 τεσθαι
2294 555 2420 618 106;
2444 556 2605 609 αὑτοῦ
2627 556 2844 620 δούλους
2873 556 3281 628 παρασκευάζῃ.
3316 558 3425 610 Kal
3457 561 3485 610 6
3517 559 3654 628 μετά

400 643 658 714 λογισμὸν
709 641 1008 712 ἐνεύρωσε;
1057 637 1377 705 Κατῴκησε
1422 638 1511 701 δὲ,
1558 640 1742 708 φησὶν,
1779 637 1976 692 Ἰσαὰκ

400 725 470 778 ἐν
496 724 797 794 Γεράροις.
850 724 994 794 Ὅρα
1033 725 1146 783 τοῖς
1190 723 1370 784 αὑτοῖς
1408 722 1501 774 καὶ
1541 721 1726 774 τοῦτον
1759 719 1974 790 περιπί-

405 826 601 862 πτοντα
624 808 826 877 σχεδὸν,
848 802 931 869 οἷς
961 807 989 857 6
1023 804 1205 874 πατὴρ
1236 804 1577 875 περιέπεσεν.
1626 803 1838 871 Ἐπειδὴ
1867 801 1974 872 γάρ

402 891 495 961 τὴν
515 891 824 959 κατοίκησιν
852 889 1140 958 ἐποιήσατο
1161 887 1217 938 ἐν
1231 887 1295 938 Γε
1306 889 1508 956 ράροις,
1529 884 1970 951 Ἐπηρὼτησαν,

400 975 592 1042 φησὶν,
636 977 688 1027 οἱ
722 972 934 1040 ἄνδρες
981 971 1086 1024 τοῦ
1119 971 1305 1022 τόπου
1349 969 1480 1036 περί
1516 967 1623 1036 τῆς
1661 966 1973 1030 Ῥεϐέκκας

400 1056 508 1123 τῆς
531 1055 812 1124 γυναικός
832 1054 1036 1117 αὐτοῦ,
1052 1053 1146 1106 καὶ
1165 1049 1351 1114 εἶπεν,
1372 1048 1624 1119 Ἀδελφή
1644 1068 1761 1118 μου
1779 1050 1966 1102 ἐστίν·

396 1138 634 1208 ἐφοϐήθη
664 1139 771 1208 γάρ
805 1138 1012 1207 μήποτε
1035 1135 1424 1188 ἀποκτείνωσιν
1453 1134 1636 1194 αὑτὸν,
1668 1135 1969 1202 ἡττώμενοι

394 1221 490 1273 τοῦ
519 1220 744 1282 κάλλους
776 1222 873 1289 τῆς
897 1218 1172 1286 γυναικός.
1195 1217 1438 1284 Μήποτε
1466 1215 1594 1286 γάρ,
1628 1216 1808 1286 φησιν,
1833 1214 1971 1267 ἀπο-

395 1303 708 1355 κτείνωσιν
743 1302 932 1354 αὐτὸν
962 1303 1016 1353 οἱ
1050 1299 1264 1367 ἄνδρες
1300 1298 1405 1352 τοῦ
1443 1299 1629 1351 τόπου
1677 1296 1808 1362 περὶ
1851 1296 1968 1348 Ῥε-

392 1385 628 1450 ϐέκκας,
651 1385 739 1438 ὅτι
769 1385 952 1451 ὡραία
977 1383 1053 1452 τῇ
1083 1384 1214 1452 ὄψει
1243 1379 1341 1452 ἦν.
1389 1381 1650 1449 Ἐγένετο
1679 1379 1747 1430 δὲ
1778 1382 1967 1432 πολυ-

345 1517 350 1522 .
390 1468 631 1534 χρόνιος
665 1466 809 1520 ἐκεῖ.
851 1467 1218 1534 Παρακύψας
1255 1463 1323 1517 δὲ
1354 1462 1658 1530 Ἀϐιμέλεχ
1701 1458 1822 1514 εἶδε
1860 1461 1968 1514 τὸν

404 1548 595 1603 Ἰσαὰκ
623 1549 904 1608 παίζοντα
924 1547 1072 1615 μετὰ
1097 1546 1404 1610 Ῥεϐέκκας
1430 1544 1535 1611 τῆς
1555 1544 1834 1613 γυναικὸς
1857 1545 1965 1596 a6-

390 1635 514 1699 τοῦ,
543 1635 641 1687 καί
677 1633 973 1686 ἐκάλεσεν
1005 1631 1213 1694 αὑτὸν,
1249 1631 1346 1684 καί
1379 1627 1548 1682 εἶπεν
1581 1627 1740 1692 αὑτῷ
1766 1645 1778 1658 ·
1813 1624 1966 1695 Ἀρά

386 1733 453 1784 γε
486 1715 639 1784 γυνή
698 1731 814 1768 σου
865 1713 1077 1775 ἐστίν;
1117 1713 1180 1765 Τί
1219 1712 1306 1764 ὅτι
1341 1707 1524 1776 εἶπες,
1563 1709 1810 1777 Ἀδελςσή
1844 1727 1962 1778 μου

383 1801 592 1861 ἐστίν;
627 1796 844 1866 Ἐπειδὴ
868 1797 931 1847 ἐκ
953 1797 1057 1848 τῶν
1076 1794 1386 1865 τεκμηρίων
1407 1793 1660 1864 ἐφωράθη
1689 1795 1716 1846 6
1735 1793 1958 1857 δίκαιος,

384 1881 569 1934 οὐκέτι
604 1880 785 1933 λοιπὸν
825 1881 1084 1950 ἀρνεῖται,
1109 1879 1222 1932 ἀλλ’
1254 1877 1520 1947 ὁμολογεῖ,
1548 1877 1639 1928 καί
1665 1876 1762 1946 τὴν
1787 1875 1960 1926 αἰτίαν

385 1963 625 2033 φανερὰν
657 1961 966 2030 καθίστησι,
1010 1961 1076 2013 δι’
1110 1961 1175 2029 ἢν
1206 1959 1438 2029 ἀδελφὴν
1481 1958 1704 2011 καλέσαι
1748 1955 1951 2010 κατεδέ·

385 2043 533 2108 ξατο.
564 2041 711 2099 Εῖπε
733 2043 861 2113 γὰρ,
897 2045 1050 2112 φησι,
1075 2042 1320 2108 Μήποτε
1340 2043 1620 2096 ἀποθάνω
1649 2040 1721 2092 δι’
1747 2039 1960 2104 αὑτήν*

383 2127 412 2178 ὁ
439 2125 532 2178 τοῦ
562 2125 790 2179 θανάτου
821 2125 984 2195 φόϐος
1019 2126 1097 2187 είς
1122 2123 1278 2176 τοῦτό
1305 2141 1370 2193 με
1402 2122 1573 2174 ἐλθεῖν
1618 2120 1963 2190 κατηνάγκα-

385 2224 496 2260 σεν.
532 2209 689 2270 Ἴσως
718 2207 774 2260 δὲ
807 2206 1138 2277 μεμαθηκὼς
1167 2202 1256 2276 ἦν,
1306 2207 1385 2258 ὅτι
1415 2204 1508 2257 καὶ
1546 2207 1573 2257 6
1603 2205 1789 2274 πατὴρ,
1807 2203 1961 2256 τοῦτο

382 2287 442 2340 16
486 2289 667 2360 δρᾶμα
717 2290 1126 2351 κατασκευάσας
1185 2287 1439 2340 διέσωσεν
1481 2286 1691 2350 ἑαυτὸν,
1743 2287 1836 2338 ml
1874 2285 1961 2338 διὰ

379 2371 538 2424 τοῦτο
561 2371 654 2424 καὶ
679 2371 839 2434 αὐτὸς
863 2371 1067 2441 ταύτην
1106 2367 1236 2442 ἦλθε
1269 2371 1368 2441 τὴν
1397 2369 1529 2423 ὁδόν.
1576 2369 1712 2421 Ἀλλ’
1749 2372 1777 2422 6
1815 2369 1960 2437 βασι⁴

379 2452 506 2516 λεὺς
531 2453 749 2507 ἔναυλον
780 2454 917 2523 ἔχων
947 2455 1046 2525 τὴν
1083 2455 1302 2524 μνήμην
1342 2445 1416 2505 ὧν
1459 2451 1721 2505 πέπονθεν
1747 2453 1838 2504 ἐπὶ
1867 2453 1956 2504 τοῦ

381 2535 716 2607 πατριάρχου
744 2537 841 2607 τὴν
863 2537 1074 2608 Σάρραν
1104 2534 1458 2605 ἀφελόμενος,
1485 2535 1824 2605 παραχρῆμα
1854 2535 1958 2587 6116

379 2617 476 2686 τῆς
505 2617 706 2671 ἄνωθεν
739 2620 1106 2690 ἐπιτιμήσεως
1145 2617 1335 2672 ἑαυτὸν
1364 2617 1658 2670 ὑπεύθυνον
1683 2618 1955 2687 καταστήο

380 2715 500 2762 σας,
529 2702 660 2770 φησὶ
691 2701 826 2772 πρὸς
849 2702 1008 2754 αὐτόν
1028 2719 1041 2731 ·
1074 2702 1135 2755 Τι’
1166 2701 1336 2754 τοῦτο
1367 2700 1659 2766 ἐποίησας
1682 2715 1700 2760 ;
1728 2700 1955 2767 Mucme

377 2780 664 2850 ἐκοιμήθη
693 2799 784 2848 τις
817 2783 925 2837 τοῦ
953 2783 1168 2852 γένους
1194 2800 1312 2851 μου
1347 2781 1497 2850 μετὰ
1534 2779 1642 2848 τῆς
1673 2783 1955 2850 γυναικός

376 2876 517 2925 σου,
545 2865 642 2918 καί
675 2864 971 2933 ἐπήγαγες
1000 2865 1076 2917 ἂν
1106 2865 1198 2932 ἐφ’
1224 2862 1383 2932 ἡμᾶς
1408 2863 1676 2933 ἄγνοιαν.
1719 2864 1951 2934 Ταύτην,

378 2948 531 3013 φησὶ,
549 2946 646 3012 τὴν
679 2945 892 3015 ἀπάτην
916 2948 1008 2998 καὶ
1038 2945 1138 3015 ’ήδη
1166 2945 1475 3014 ὑπέστημεν
1499 2945 1604 2998 6116
1635 2944 1728 2996 106
1751 2946 1953 3016 πατρὸς

376 3026 470 3080 τοῦ
501 3027 596 3079 σοῦ
617 3067 631 3090 ,
677 3028 771 3080 καὶ
798 3026 893 3081 νῦν
934 3027 981 3079 εἰ
1013 3027 1085 3098 μὴ
1119 3026 1324 3096 ταχέως
1358 3026 1685 3096 συνείδομεν,
1718 3027 1788 3080 τὰ
1818 3028 1953 3080 αὑτά

377 3110 445 3163 ἂν
468 3108 760 3180 ἐμέλλομεν
785 3109 1096 3178 ὑπομένειν,
1130 3108 1238 3161 Καὶ
1263 3107 1558 3178 ἐπήγαγες
1586 3107 1662 3164 ὃν
1683 3109 1775 3177 ἐφ’
1798 3109 1953 3178 ἡμᾶς

374 3191 641 3260 ἄγνοιαν.
679 3193 787 3245 Καὶ
826 3192 932 3259 γάρ
964 3191 1059 3244 καὶ
1101 3191 1221 3244 τότε
1261 3191 1326 3244 δι’
1357 3191 1575 3260 ἄγνοιαν
1622 3193 1952 3264 ἁμαρτάνειν

373 3274 688 3344 ἐμέλλομεν,
724 3275 818 3327 καί
839 3274 933 3327 νῦν
961 3274 1065 3326 ὑπὸ
1088 3275 1185 3344 τῆς
1209 3274 1426 3343 ἀγνοίας
1453 3273 1648 3346 μικροῦ
1673 3276 1780 3328 δεῖν
1806 3278 1950 3346 ἡμᾶς

375 3357 526 3428 1504]
562 3359 802 3428 ἁμαρτία
835 3361 1151 3428 περιπεσεῖν
1185 3359 1617 3429 παρεσκεύασας.
1653 3359 1951 3424 Συνέτιιξε

375 3441 466 3504 δὲ,
495 3443 675 3512 φησὶν,
710 3442 1012 3509 Ἀϐιμέλεχ
1037 3439 1114 3505 τῷ
1135 3441 1261 3505 ,λαῷ
1289 3441 1474 3495 αὑτοῦ
1502 3441 1695 3511 λέγων
1714 3459 1726 3471 ·
1761 3442 1885 3506 Πᾶς
1917 3445 1950 3496 ό

371 3523 703 3590 ἁπτόμενος
736 3522 840 3576 τοῦ
866 3523 1178 3591 ἀνθρώπου
1205 3525 1441 3586 τούτου,
1464 3523 1501 3590 ἢ
1529 3522 1632 3591 τῆς
1667 3523 1949 3594 γυναικὸς

370 3606 578 3670 αὐτοῦ,
607 3606 862 3660 θανάτου
902 3607 1115 3674 ἔνοχος
1137 3605 1322 3658 ἔσται.
1347 3606 1486 3677 Ὅρα
1517 3608 1649 3659 Θεοῦ
1673 3609 1944 3678 πρόνοιαν,

371 3687 472 3756 ὅρα
512 3687 832 3756 κηδεμονίαν
865 3689 1090 3755 ἄφατον.
1143 3689 1202 3739 '0
1246 3688 1354 3757 γάρ
1399 3687 1565 3740 εἰπὼν
1615 3688 1796 3757 αὑτῷ·
1849 3689 1945 3756 Μὴ

371 3767 635 3832 καταϐᾖς
653 3771 739 3835 εἰς
762 3769 1092 3837 Αιγυπτον,
1110 3769 1202 3821 καί
1231 3769 1492 3822 κιιτοίκει
1520 3769 1588 3822 ἐν
1606 3768 1678 3836 τῇ
1709 3769 1786 3839 γῆ
1809 3771 1945 3824 ταύ-

371 3869 465 3918 τῃ,
503 3852 598 3903 καὶ
628 3851 835 3921 ἔσομαι
877 3853 1027 3920 μετὰ
1053 3852 1168 3906 σοῦ
1188 3869 1201 3882 ·
1237 3847 1388 3916 0610;
1415 3848 1480 3923 ἦν
1515 3855 1543 3906 6
1581 3853 1751 3906 10610
1776 3853 1946 3907 πάντα

370 3931 687 4003 οἰκονομῶν,
721 3935 813 3986 καὶ
836 3934 924 3986 τὸν
951 3933 1154 3987 δίκαιον
1177 3935 1233 3987 ἐν
1260 3934 1494 4008 τοσαύτῃ
1522 3935 1789 4006 ἀσφαλείᾳ
1818 3937 1944 3990 καθ-

373 4015 542 4076 ιστάς.
563 4015 760 4069 Σκόπει
780 4015 889 4088 γάρ
907 4016 996 4070 τὸν
1021 4015 1240 4088 βασιλέα
1258 4016 1414 4089 ἔργον
1435 4016 1592 4072 τοῦτο
1605 4018 1940 4090 ποιούμενον,

369 4097 508 4151 ὥστε
534 4099 591 4152 ὲν
621 4099 772 4169 ἀδείᾳ
807 4099 1013 4167 διάγειν
1042 4101 1224 4164 αὑτὸν,
1256 4102 1350 4154 ml
1391 4102 1568 4172 πάσης
1604 4102 1943 4173 ἀπηλλάχθαι

369 4181 665 4248 φροντίδος.
695 4181 932 4235 Θάνατον
956 4181 1084 4252 γάρ,
1118 4183 1302 4254 φησὶν,
1327 4184 1617 4255 ἠπείλησεν
1644 4184 1864 4253 ἅπασιν,
1894 4188 1946 4239 εί

367 4279 452 4326 τις
480 4263 673 4332 ἅψαιτο
703 4262 887 4328 αὑτοῦ,
921 4264 954 4335 ῆ
978 4267 1074 4336 τῆς
1104 4268 1358 4333 γυναικὸς
1389 4267 1570 4320 06106.
1590 4268 1803 4340 Ἐπειδὴ
1834 4268 1942 4340 γάρ

367 4340 519 4407 0610;
550 4341 616 4415 ἦν
646 4347 674 4398 6
700 4346 881 4412 φόϐος,
907 4348 935 4399 6
956 4346 1048 4399 106
1074 4346 1304 4400 θανάτου
1331 4348 1495 4416 λέγω,
1525 4350 1825 4403 κατασείων
1847 4351 1939 4404 τοῦ

365 4429 575 4481 δικαίου
601 4429 698 4498 τὴν
725 4429 978 4494 διάνοιαν,
997 4430 1082 4483 διὰ
1103 4430 1259 4484 τοῦτο
1287 4433 1380 4485 καὶ
1400 4433 1583 4486 τοῦτον
1613 4432 1940 4504 ἐκϐληθῆναι

365 4510 666 4579 πεποίηκεν
717 4512 746 4561 6
779 4510 1154 4582 φιλάνθρωπος
1196 4515 1487 4584 Δεσπότης,
1545 4516 1638 4569 καὶ
1684 4518 1744 4569 ἐν
1792 4518 1939 4590 πάσῃ

364 4592 633 4662 ἀσφαλείᾳ
661 4592 818 4644 αὑτὸν
845 4593 1027 4645 λοιπὸν
1057 4594 1284 4662 διάγειν.
1307 4597 1414 4648 Καὶ
1432 4598 1533 4667 ὅρα
1555 4598 1615 4650 τὸ
1631 4598 1938 4669 θαυμαστὸν

365 4676 458 4729 καὶ
470 4673 783 4745 παράδοξον,
804 4674 920 4737 πῶς
935 4677 1234 4747 εὐμήχανος
1256 4677 1331 4731 ὢν
1356 4680 1447 4732 καὶ
1471 4681 1630 4749 σοφὸς
1653 4681 1742 4734 ml
1762 4683 1937 4736 πάντα

364 4758 505 4811 κατὰ
538 4759 597 4810 16
637 4757 882 4829 βούλημα
926 4759 984 4810 16
1027 4761 1222 4811 οἰκεῖον
1255 4763 1693 4828 μετασκευάζων,
1738 4768 1832 4820 καὶ
1879 4769 1937 4821 ἐν

363 4841 585 4912 ἀπόροις
618 4842 782 4914 πόρον
813 4841 1099 4910 εὑρίσκων,
1118 4840 1203 4892 διὰ
1223 4841 1332 4894 τῶν
1360 4845 1610 4898 ἐναντίων
1640 4847 1818 4914 αὐτῶν
1843 4850 1937 4902 καὶ

364 4865 585 4912 απυροις
618 4865 782 4914 πωρον
813 4865 1099 4910 ευρισκων,
1118 4865 1203 4892 οια
1223 4865 1332 4894 των
1360 4865 1610 4898 εναντιων
1678 4865 1818 4902 υτων
1843 4865 1936 4902 και

364 4923 632 4993 πολεμίων
657 4921 794 4978 εἶναι
823 4923 1158 4995 νομίζεσθαι.
1187 4923 1276 4976 διὰ
1292 4925 1491 4979 τούτων
1517 4929 1614 4998 τὴν
1640 4865 1936 4999 Ξσφάλειαν

362 5008 475 5066 τοῖς
513 5005 657 5068 ἰδίοις
693 5005 988 5077 θεράπουσι
1022 5006 1271 5074 γενέσθαι
1309 5009 1572 5078 προξενεῖ.
1612 5013 1778 5066 Πόθεν
1804 5016 1932 5086 γάρ,

364 5086 484 5140 είπέ
517 5104 625 5155 μοι,
653 5090 681 5140 6
703 5087 950 5157 βασιλεὺς
974 5083 1126 5151 0610;
1145 5090 1410 5160 τοσαύτην
1423 5090 1514 5143 τοῦ
1532 5092 1738 5148 δικαίου
1769 5083 1935 5150 ποιεῖ-

361 5187 451 5222 ται
474 5169 569 5240 τὴν
587 5170 859 5239 πρόνοιαν,
878 5173 1157 5242 μονονουχὶ
1178 5172 1566 5243 ἀνακηρύττων
1583 5177 1742 5230 αὑτὸν
1765 5180 1933 5234 ἀπασι

362 5254 472 5314 τοῖς
491 5251 587 5322 τὴν
608 5251 756 5307 πόλιν
778 5252 1004 5316 οἰκοῦσι,
1020 5254 1112 5307 καί
1135 5256 1405 5326 περιφανῆ
1427 5256 1639 5320 δεικνὺς
1662 5261 1757 5312 καὶ
1782 5279 1844 5313 πε
1855 5279 1931 5332 ρι-

363 5331 694 5387 σπούδαστον
723 5333 902 5405 αὑτῷς
935 5335 1090 5388 υῦτω
1117 5337 1210 5389 ml
1240 5339 1266 5390 6
1298 5337 1765 5411 Ναϐουχοδονόσορ
1796 5331 1939 5412 μετὰ,

361 5415 422 5468 τὸ
449 5415 624 5484 βαλεῖν
647 5417 727 5480 εἰς
754 5416 847 5487 τὴν
868 5418 1096 5487 κάμινον
1125 5421 1246 5483 106;
1281 5419 1473 5484 παῖδας
1504 5423 1628 5485 τοὺς
1657 5426 1822 5493 τρεῖς,
1839 5427 1931 5478 καί

359 5497 447 5551 διὰ
477 5498 584 5552 τῶν
621 5500 958 5570 πραγμάτων
992 5500 1181 5570 μαθεῖν
1217 5502 1323 5555 τῶν
1349 5506 1482 5557 νέων
1510 5504 1617 5557 τῶν
1651 5507 1928 5574 αἰχμαλώ-

361 5596 470 5635 των
507 5580 604 5650 τὴν
636 5581 851 5652 ἀρετὴν,
887 5582 1005 5636 τότε
1050 5583 1438 5656 ἀνακηρύττειν
1472 5588 1665 5650 06106;
1704 5588 1925 5660 ῆρξατο,

366 5666 456 5717 καὶ
507 5663 777 5733 πανταχοῦ
813 5664 898 5718 διὰ
929 5665 1024 5736 τῆς
1068 5667 1270 5731 οίκείας
1317 5669 1558 5742 γλώττης
1613 5677 1926 5741 περιφανεῖς

2082 633 2252 705 θυμοῦ
2285 636 2380 707 τὴν
2401 637 2627 708 κάμινον
2645 639 2856 708 ἐκείνην
2882 638 3175 707 ἐξαφθῆναι
3199 640 3444 708 ποιήσας,
3469 641 3652 712 ἐπειδὴ

2080 714 2244 781 εἶδεν,
2286 719 2366 771 611
2399 719 2484 772 διὰ
2537 721 2634 791 τὴν
2673 721 2877 774 ἀνωθεν
2909 720 3244 790 συμμαχίαν,
3297 722 3387 772 καὶ
3420 721 3520 792 τῆς
3560 722 3652 775 τοῦ

2081 800 2250 869 πυρὸς
2298 803 2577 874 ἐνεργείας
2626 803 2966 874 περιεγένετο
3003 805 3036 873 ὴ
3085 803 3192 855 τῶν
3222 803 3424 855 παίδων
3463 805 3649 876 ἀρετὴ,

2079 881 2274 952 ἀθρόον
2311 884 2774 956 μεταϐαλλόμενος
2798 884 3105 956 ἐκραύγασε
3127 885 3299 953 λέγων
3319 903 3333 916 ·
3361 887 3426 939 Οἱ
3445 885 3652 940 δοῦλοι

2079 965 2184 1019 τοῦ
2217 967 2363 1020 Θεοῦ
2389 968 2494 1021 τοῦ
2519 969 2807 1036 ὑψίστου.
2845 969 2986 1038 Ὅρα
3015 967 3088 1038 μὴ
3119 967 3276 1037 μόνον
3300 968 3495 1031 06106;
3525 969 3652 1022 ἀνα-

2077 1065 2146 1118 κη
2156 1048 2433 1118 ρύττοντα,
2452 1051 2586 1103 ἀλλά
2611 1051 2810 1104 καὶτὸν
2833 1051 3107 1121 Δεσπότην
3123 1051 3229 1105 τῶν
3244 1052 3377 1104 ὅλων
3394 1071 3406 1083 ο
3438 1054 3501 1104 Ol
3515 1051 3652 1105 δοῦ-

2074 1133 2170 1182 λοι
2200 1131 2305 1202 γάρ
2336 1133 2439 1185 τοῦ
2473 1133 2639 1195 Θεοῦ,
2660 1134 2813 1203 φησί,
2840 1132 2947 1186 τοῦ
2968 1135 3252 1201 ὑψίστου,
3277 1133 3565 1198 ἐξέλθετε.
3585 1133 3649 1186 Τί

2075 1212 2332 1280 γέγονεν;
2377 1215 2438 1266 οὑ
2471 1216 2534 1266 σὺ
2570 1217 2633 1286 τῇ
2677 1215 2915 1286 τιμωρία
2946 1215 3301 1285 παρέδωκαςς
3351 1218 3410 1269 06
3458 1217 3520 1269 06
3556 1217 3650 1269 ἐπὶ

2074 1295 2324 1350 τοσοῦτον
2351 1297 2683 1367 ἐκκαυθῆναι
2715 1299 2812 1368 τὴν
2845 1299 3072 1368 κάμινον
3112 1300 3474 1369 προσέταξαςς
3517 1300 3646 1365 Ναὶ,

2075 1377 2237 1447 φησίν
2260 1395 2274 1408 ·
2312 1379 2445 1432 ἀλλά
2471 1380 2563 1433 νῦν
2591 1381 2702 1451 ὁρῶ
2731 1380 2853 1446 ξένα
2890 1384 2982 1435 καὶ
3020 1383 3293 1452 παράδοξα
3327 1383 3646 1452 πράγματα.

2073 1461 2146 1512 T6
2172 1460 2279 1532 γάρ
2311 1467 2569 1533 στοιχεῖον
2597 1464 2752 1518 τοῦτο
2779 1466 2875 1534 τῆς
2917 1465 3121 1528 οἰκείας
3149 1467 3427 1536 ἐνεργείας
3464 1467 3650 1519 ἐπιλα-

2073 1541 2315 1612 θόμενον,
2356 1545 2542 1617 ὥσπερ
2581 1546 2798 1617 δεσμοῖς
2837 1564 2942 1599 τισι
2975 1547 3232 1617 πεδηθέν,
3263 1547 3524 1618 τοσαύτην
3553 1549 3648 1600 ἐπ-

2072 1625 2305 1689 εδείξατο
2323 1627 2419 1696 τὴν
2443 1629 2704 1700 ὑπακοὴν,
2735 1630 2809 1691 ώς
2832 1629 2964 1698 μηδέ
2987 1628 3092 1682 τῶν
3123 1630 3320 1700 τριχῶν
3343 1630 3646 1699 ἐφάιξρασθαι

2069 1707 2265 1761 αὐτῶν.
2302 1710 2460 1763 Ὅθεν
2489 1711 2603 1764 ἔστι
2628 1711 2874 1774 συνιδεῖν,
2901 1713 2980 1764 δτι
3011 1713 3148 1783 ὑπὲρ
3182 1714 3526 1785 ἀνθρωπίνην
3548 1714 3649 1782 φό-

2071 1807 2154 1842 σιν
2181 1791 2295 1844 ἐστί
2328 1792 2387 1844 16
2419 1794 2658 1861 γεγονὸς,
2687 1795 2781 1848 καὶ
2802 1795 3106 1867 ἀπόρρητος
3136 1813 3219 1859 τις
3243 1799 3336 1850 καὶ
3363 1797 3479 1850 θεία
3499 1796 3646 1850 δύνα-

2072 1872 2162 1941 μίς
2187 1875 2331 1925 ἐστιν
2357 1877 2388 1944 ἡ
2419 1874 2592 1929 ταῦτα
2624 1876 2984 1948 ἐργαζομένη,
3018 1877 3112 1931 καὶ
3140 1877 3250 1932 τῶν
3284 1878 3487 1932 παίδων
3521 1879 3647 1932 106-

2067 1970 2173 2006 των
2211 1955 2476 2026 τοσαύτην
2520 1957 2813 2029 ποιουμένη
2870 1960 2968 2030 τὴν
3009 1961 3284 2030 πρόνοιαν.
3316 1955 3470 2023 Εἶδες
3511 1960 3644 2014 Θεοῦ

2068 2035 2498 2107 φιλανθρωπίαν,
2527 2039 2674 2102 ὅπως
2692 2040 2790 2093 οὑκ
2816 2041 3306 2111 ἐγκαταλιμπάνων
3323 2043 3447 2105 106;
3485 2043 3644 2108 ἰδίους

2063 2117 2404 2188 ,θεράποντας
2438 2121 2812 2193 συνεχώρησεν
2847 2125 2928 2186 εἰς
2957 2123 3052 2192 τὴν
3082 2126 3310 2195 κάμινον
3336 2125 3646 2196 εἰσενεχθῆ-

2067 2217 2176 2263 ναι,
2207 2202 2340 2257 ἀλλά
2363 2205 2456 2256 καὶ
2485 2205 2680 2268 06106;
2708 2205 3027 2276 βουλόμενος
3051 2206 3457 2279 λαμπροτέρους
3488 2210 3645 2281 ἐργά·

2069 2284 2285 2348 σασθαι,
2323 2287 2418 2338 καὶ
2458 2286 2558 2356 τὴν
2601 2287 2806 2340 οἰκείαν
2835 2288 3060 2358 δύναμιν
3090 2289 3516 2359 ἐνδεικνύμενος,
3547 2291 3643 2343 καὶ

2064 2365 2156 2417 τοῦ
2187 2366 2460 2441 βαρϐάρου
2492 2370 2833 2439 κατεμάλαξε
2869 2371 2965 2442 τὴν
2997 2372 3252 2434 διάνοιαν,
3275 2373 3368 2425 καὶ
3395 2372 3492 2443 τὴν
3518 2389 3646 2443 100-_

2064 2449 2231 2517 αύτην
2270 2451 2651 2521 μακροθυμίαν
2690 2455 3031 2520 ἐπεδείξατο;
3064 2455 3195 2508 Οὑδέ
3225 2455 3333 2525 γὰρ
3358 2455 3496 2508 οὕτω
3523 2455 3644 2509 θαυ-

2067 2532 2268 2601 μαστὸν
2300 2529 2386 2604 ἦν,
2425 2536 2473 2586 εἰ
2504 2534 2656 2604 παρά
2688 2536 2786 2607 τὴν
2825 2538 2998 2607 ἀρχὴν
3037 2537 3306 2590 ἐκώλυσεν
3340 2539 3534 2601 06106;
3562 2541 3643 2604 εἰς

2062 2615 2160 2687 τὴν
2193 2617 2420 2686 κάμινον
2448 2617 2804 2688 ἐμϐληθῆναι,
2835 2620 2911 2680 ώς
2942 2619 3036 2672 νῦν
3085 2619 3523 2692 θαυμαστότερον
3549 2623 3642 2690 γέ-

2061 2717 2206 2768 γονε,
2224 2701 2462 2754 καὶπολὺ
2489 2701 2548 2754 16
2576 2702 2894 2773 παράδοξον,
2923 2703 3004 2756 ὄτι
3038 2705 3131 2757 καὶ
3153 2705 3209 2756 ἐν
3239 2701 3386 2774 μέσλιρ
3405 2705 3482 2774 τῷ
3508 2706 3641 2776 πυρί

2061 2784 2423 2852 τυγχάνοντας
2450 2784 2601 2837 οὐδὲν
2635 2785 2798 2856 ἀηδὲς
2833 2785 3024 2839 παθεῖν
3054 2787 3447 2858 συνεχώρησεν.
3475 2790 3639 2842 ’Ὀταν

2061 2864 2170 2935 γάρ
2199 2866 2360 2928 01616;
2388 2865 2664 2936 βούληται,
2691 2869 2784 2920 καὶ
2812 2869 2936 2932 106;
2966 2871 3024 2921 ἐν
3053 2869 3242 2938 μέσοις
3266 2870 3460 2932 δεινοῖς
3481 2869 3635 2942 [505]

2063 2947 2460 3016 γεγενημένους
2481 2949 2651 3002 ἀνωτέ
2661 2965 2784 3018 ρους
2813 2949 3125 3021 καθίστησι,
3149 2954 3242 3004 καὶ
3263 2953 3387 3014 τοὺς
3414 2955 3639 3022 πάσχον⁴

2059 3046 2158 3092 τας
2187 3031 2294 3082 τῶν
2315 3030 2609 3085 ποιούντων
2635 3032 3033 3102 δυνατωτέρους
3058 3036 3161 3087 ἀπε
3171 3034 3448 3105 ργάζεται.
3470 3035 3639 3089 Τοῦτο

2060 3114 2152 3165 καὶ
2179 3114 2270 3168 ἐπὶ
2301 3112 2408 3166 τῶν
2437 3114 2747 3167 ἀποστόλων
2771 3116 3006 3184 ἐγένετο.
3061 3120 3123 3171 Ol
3157 3119 3369 3188 ἔχοντες
3411 3119 3516 3190 γὰρ
3541 3121 3637 3172 αὑ-

2058 3196 2182 3257 106;
2209 3195 2648 3265 ἀπειλημμένους
2680 3200 2736 3251 ἐν
2761 3198 2838 3268 τῷ
2874 3199 3042 3270 μέσῳ,
3081 3202 3174 3253 καὶ
3209 3204 3486 3272 μονονουχὶ
3511 3203 3636 3266 106;

2056 3276 2273 3340 ὀδόντας
2301 3277 2560 3347 θήγοντες
2586 3281 2705 3331 κατ’
2736 3281 2935 3344 αὐτῶν,
2961 3283 3094 3352 πρὸς
3122 3284 3381 3354 ἀλλήλους
3419 3286 3632 3353 ἔλεγον⁶

2061 3360 2122 3413 Τί
2150 3359 2482 3430 ποιήσομεν
2505 3361 2628 3428 τοῖς
2646 3363 2775 3430 ἀνθγ
2795 3364 2975 3430 ώποις
2997 3368 3261 3433 τούτοις;
3293 3370 3634 3440 ὑποχειρίους

2055 3445 2250 3509 016106;
2271 3445 2506 3516 ἔχοντες,
2537 3449 2594 3500 ἐν
2623 3448 2828 3520 ἀπορίᾳ
2863 3449 3332 3522 καθειστήκεισαν.
3362 3453 3634 3514 ,Τοσοῦτόν
3677 3500 3691 3512 .

2055 3529 2244 3598 ἐστινή
2274 3528 2440 3599 ἀρετὴ
2461 3530 2693 3599 ἰσχυρὸν,
2717 3532 2811 3583 ml
2837 3531 3008 3594 οὕτως
3030 3535 3062 3603 ή
3099 3535 3266 3587 κακία
3296 3535 3533 3599 ἀσθενὲς,
3556 3535 3632 3598 ὼς

2053 3609 2264 3678 ἐκείνην
2285 3611 2380 3680 μὲν
2398 3612 2488 3664 καί
2505 3615 2561 3664 ἐν
2585 3612 2662 3682 τῷ
2685 3615 2914 3684 πάσχειν
2930 3616 3319 3684 περιγίνεσθαι,
3337 3618 3538 3690 ταύτην
3573 3621 3632 3673 δέ

2053 3696 2144 3747 ml
2169 3696 2224 3746 ἐν
2257 3696 2332 3764 τῷ
2363 3701 2535 3748 ποιεῖν
2555 3698 2651 3768 τὴν
2669 3701 2872 3753 οἰκείαν
2900 3703 3182 3755 ἀσθένειαν
3203 3704 3626 3759 ἐπιδείκνυσθαι.

2117 3775 2294 3857 Ὅπερ
2365 3777 2561 3839 εἰδότες
2593 3817 2608 3840 ,
2664 3780 2968 3848 ἀγαπητοὶ,
3028 3783 3194 3835 πολὺν
3265 3785 3361 3853 τῆς
3429 3786 3626 3857 ἀρετῆς

2051 3856 2331 3925 ποιώμεθα
2377 3859 2551 3926 λόγον,
2596 3861 2688 3912 καὶ
2712 3860 3005 3930 φεύγωμεν
3059 3862 3158 3933 τὴν
3207 3865 3426 3918 κακίαν.
3473 3856 3628 3920 Οὕτω

2051 3939 2158 4008 γάρ
2187 3940 2279 3991 καὶ
2312 3940 2410 4010 τὴν
2454 3939 2659 3994 ἀνωθεν
2697 3944 3114 4014 ἐπισπασόμεθα
3153 3947 3343 4018 ῥοπὴν,
3380 3948 3474 4000 καὶ
3517 3950 3626 4002 τῶν

2053 4021 2350 4092 μελλόντων
2376 4023 2768 4094 ἐπιτευξόμεθα
2797 4025 3018 4092 ἀγαθῶν
3042 4044 3054 4054 ·
3082 4020 3156 4080 ὧν
3186 4029 3392 4096 γένοιτο
3421 4031 3627 4096 πάντας

2048 4108 2196 4175 ἡμᾶς
2225 4108 2518 4176 ἐπιτυχεῖν,
2555 4107 2738 4176 χάριτι
2765 4110 2860 4161 ml
2878 4109 3265 4186 φιλανθρωπίᾳ
3300 4113 3394 4166 τοῦ
3415 4115 3622 4186 Κυρίου

2049 4191 2204 4261 ἡμῶν
2219 4190 2390 4261 Ἰησοῦ
2414 4188 2666 4260 Χριστοῦ,
2699 4190 2817 4260 μεθ’
2844 4185 2904 4244 06
2930 4193 3010 4263 τῷ
3035 4195 3226 4266 Πατρί,
3251 4196 3365 4266 ἅμα
3387 4197 3464 4267 τῷ
3483 4185 3626 4270 ἀγίῳ

2048 4271 2342 4343 ΙῙνεύματι,
2389 4271 2532 4336 δόξα,
2569 4272 2789 4342 κράτος,
2829 4273 2982 4344 τιμὴ,
3013 4275 3108 4328 νῦν
3153 4279 3242 4330 καὶ
3287 4279 3391 4343 ἀεὶ,
3421 4281 3513 4333 καὶ
3542 4283 3623 4346 είς

2046 4355 2170 4417 106;
2209 4355 2407 4418 αἰῶνας
2432 4355 2540 4407 τών
2571 4354 2800 4410 αἰώνων.
2852 4357 3042 4428 Ἀμήν.

2634 4459 2875 4514 ΟΜΙΛΙΑ
2907 4463 2954 4515 Ν
2960 4462 3033 4517 Β’.

2049 4582 2331 4649 Ἕσπειρε
2375 4582 2444 4635 δὲ
2495 4585 2700 4640 Ἰσαὰκ
2740 4589 2809 4641 ἐν
2842 4588 2916 4657 τῇ
2957 4590 3034 4659 τῇ
3072 4592 3291 4661 ἐκείνῃ,
3320 4595 3416 4649 καί
3442 4592 3620 4664 εὗρεν

2073 4664 2598 4721 ἐκατοστεύουσαν
2620 4671 2833 4738 κριθὴν
2861 4673 2930 4725 ἐν
2964 4673 3044 4738 τῷ
3075 4676 3326 4742 ἐνιαυτῷ
3353 4679 3578 4746 ἐκείνῳ.

2111 4754 2180 4801 α’.
2212 4749 2292 4801 Τά
2324 4749 2549 4819 λείψανα
2573 4752 2681 4804 τῶν
2703 4753 2828 4822 χθὲς
2848 4756 3151 4826 εἰρημένων
3166 4760 3460 4828 ἀναγκαῖον
3481 4762 3617 4814 ἀπο-

2041 4831 2220 4884 δοῦναι
2250 4833 2499 4914 σήμερον
2523 4838 2587 4904 τῇ
2615 4835 2852 4907 ὑμετέρᾳ
2881 4840 3089 4913 ἀγάπῃ,
3121 4843 3214 4895 ml
3241 4843 3333 4896 106
3350 4843 3505 4909 λόγου
3518 4842 3614 4914 τὴν

2042 4913 2360 4967 ἀκολουθίαν
2382 4915 2746 4979 ἀναλαϐόντας
2766 4919 2890 4972 ἰδεῖν
2907 4922 3066 4975 πάλιν
3075 4924 3166 4976 16v
3181 4923 3385 4976 δίκαιον
3408 4913 3610 4988 Ἰσαάκ,

2040 4997 2169 5066 ὅσης
2206 4995 2467 5048 ἀπολαύει
2497 4997 2597 5066 τῆς
2653 4999 2860 5052 ἄνωθεν
2892 5003 3237 5073 κηδεμονίας.
3287 5005 3344 5057 '0
3375 5004 3482 5074 γὰρ
3512 5005 3611 5075 τὴν

2041 5080 2120 5141 εἰς
2134 5079 2406 5146 Αἴγυπτον
2429 5079 2652 5134 κάθοδον
2683 5083 2847 5137 αὑτοῦ
2873 5085 3210 5149 διακωλύσας
3229 5125 3244 5148 ,
3278 5088 3370 5139 ml
3404 5086 3570 5141 εἰπὼν
3590 5129 3606 5153 ,

2039 5161 2313 5227 Παροίκει
2342 5160 2411 5214 ἐν
2440 5161 2514 5228 τῇ
2543 5161 2617 5231 γῇ
2647 5165 2832 5232 ταύτῃ
2854 5205 2868 5226 ,
2902 5166 3000 5219 καί
3035 5167 3247 5235 ἔσομαι
3276 5171 3425 5237 μετὰ
3454 5171 3570 5223 σοῦ
3589 5215 3602 5237 ,

1989 5281 1996 5284 -
2039 5241 2209 5304 οὕτως
2250 5242 2411 5295 αὑτὸν
2453 5244 2540 5295 διὰ
2581 5245 2795 5298 πάντων
2843 5249 3110 5317 περιφανῆ
3143 5249 3494 5320 καθίστησιν,
3532 5253 3609 5319 ὡς

2043 5327 2155 5407 μετ’
2206 5325 2266 5376 o6
2329 5324 2462 5377 πολὺ
2512 5326 2797 5394 ἐπίφθονον
2851 5328 3011 5382 αὑτὸν
3060 5331 3310 5396 γενέσθαι
3356 5335 3504 5402 παρὰ
3531 5336 3609 5407 τῷ

2045 5405 2259 5476 βασιλεῖ
2294 5407 2566 5479 Γεράρων.
2609 5407 2871 5476 Ὀρῶντες
2893 5409 3002 5480 γὰρ
3032 5412 3193 5465 αὑτοῦ
3223 5414 3344 5467 καθ’
3371 5405 3607 5489 ἑκάστην

2036 5489 2250 5560 ἡμέραν
2284 5490 2650 5561 αὐξανομένην
2675 5492 2773 5562 τὴν
2798 5492 3078 5564 εὐπορίαν,
3110 5495 3466 5551 ἐδεδοίκεισαν
3498 5499 3606 5554 λοιο

2039 5572 2139 5624 πὺν
2159 5572 2251 5625 τοῦ
2281 5573 2473 5645 ἀνδρὸς
2509 5574 2600 5646 τὴν
2643 5575 2826 5629 αὐτόθι
2857 5578 3173 5649 κατοίκησιν
3194 5620 3207 5643 ,
3244 5583 3336 5635 καὶ
3373 5601 3604 5654 μετανα-

2040 5659 2226 5728 στῆναι
2256 5658 2461 5711 ἐκεῖθεν
2491 5660 3002 5727 καταναγκάζουσιν.
3025 5662 3204 5728 ’Ἄξιον
3233 5667 3288 5718 δὲ
3317 5670 3403 5720 καὶ
3429 5671 3604 5723 αὐτῶν

2991 5784 3014 5834 J
