4072 6216
251 290 358 348 457

248 417 298 460 et
329 422 414 459 ero
444 413 602 458 tecum
633 416 652 456 :
682 400 769 454 ille
797 399 850 453 in
879 396 1122 452 omnibus
1153 403 1260 450 tam
1289 397 1491 450 clarum
1520 409 1640 449 eum
1674 392 1798 447 fecit
1823 433 1833 446 .

249 507 434 570 utnon
458 493 625 550 multo
652 501 769 564 post
791 490 1040 544 invidiam
1066 498 1302 543 moveret
1329 487 1465 558 regis
1490 487 1832 542 Gerarorum.

248 587 504 642 Videntes
524 585 664 640 enim
684 583 800 651 ejus
826 579 1174 634 substantiam
1202 576 1440 648 quotidie
1466 576 1666 645 augeri,
1693 587 1834 630 metu

246 678 425 734 affecti
456 686 576 732 sunt
597 674 734 744 quod
759 674 829 727 ibi
858 687 1037 727 secum
1072 669 1352 734 habitaret,
1376 676 1428 720 et
1460 665 1838 734 transmigrare

248 768 378 824 inde
402 775 709 838 coegerunt.
747 764 967 833 Dignum
997 770 1172 815 autem
1199 769 1300 823 est,
1332 767 1388 812 ut
1413 758 1521 826 ipsa
1550 756 1837 824 Scriptura:

253 860 415 915 verba
459 857 732 911 audiamus
753 895 767 918 ,
801 865 858 907 ut
895 868 990 923 per
1019 851 1195 905 omnia
1226 849 1496 904 videamus
1534 847 1626 900 Dei
1668 845 1836 900 bene-

247 947 556 1011 volentiam,
585 960 741 1017 qnam
776 959 898 1014 erga
932 941 1156 995 famulos
1183 954 1309 993 suos
1335 937 1587 991 declarat.
1622 934 1706 988 12.
1738 933 1836 992 Se-

247 1042 455 1095 minauit
492 1050 659 1093 autem
681 1080 695 1104 ,
727 1037 930 1107 inquit,
965 1033 1115 1087 Isaac
1151 1033 1204 1085 in
1245 1042 1377 1084 terra
1415 1030 1535 1093 illa,
1567 1038 1611 1080 et
1650 1027 1835 1080 invenit

246 1133 594 1202 centuplicatis
623 1127 865 1182 hordeum
888 1126 937 1178 in
964 1139 1096 1177 anno
1119 1122 1226 1176 illo.
1257 1120 1383 1174 Vide
1413 1119 1562 1183 mihi,
1588 1118 1832 1180 obsecro,

250 1224 344 1280 Dei
375 1221 716 1292 sapientiam,
749 1227 806 1272 ut
836 1215 1078 1272 ostendat
1105 1213 1248 1283 justo
1273 1225 1331 1265 se
1364 1219 1566 1263 natura:
1596 1206 1835 1262 condito-

248 1333 366 1374 rem
397 1330 537 1376 esse.
568 1323 621 1368 et
649 1313 699 1366 in
733 1311 890 1366 rebus
920 1306 1228 1362 difﬁcilibus
1256 1303 1427 1358 facilia
1454 1301 1628 1355 omnia
1663 1297 1838 1352 facere

247 1423 406 1479 posse
438 1424 451 1460 :
484 1421 546 1460 ac
582 1405 671 1474 qui
713 1403 781 1458 ab
821 1400 972 1456 initio
1005 1407 1203 1452 terram
1233 1409 1332 1448 suo
1371 1390 1618 1446 mandato
1653 1388 1839 1442 fecerit

247 1502 494 1556 idoneam
516 1497 580 1551 ad
609 1492 956 1567 proferendos
982 1490 1205 1550 fructus,
1230 1486 1368 1540 idem
1397 1497 1536 1536 nunc
1559 1479 1756 1535 efliciat
1782 1488 1838 1532 ut

249 1591 577 1660 ccntuplices
608 1587 794 1641 reddat
834 1599 932 1653 pro
968 1580 1096 1634 satis
1128 1575 1424 1645 manipulos
1454 1589 1469 1626 :
1501 1571 1656 1627 simul
1690 1571 1837 1624 illum

247 1683 302 1738 in
335 1691 478 1737 tanta
510 1677 780 1734 affluentia
815 1671 1144 1728 constituens
1167 1710 1183 1736 ,
1222 1677 1280 1720 ut
1318 1666 1513 1721 nullius
1559 1663 1790 1731 indigeat
1821 1678 1833 1714 :

246 1785 409 1844 atque
439 1773 571 1826 alios
600 1785 691 1839 per
721 1781 881 1837 opera
913 1765 1142 1830 docens,
1175 1769 1368 1832 quanta
1403 1774 1630 1828 superna
1669 1755 1838 1826 gratia

247 1870 424 1938 justus
450 1864 672 1919 fruatur.
705 1860 1055 1930 Omnipotens
1083 1856 1228 1910 enim
1254 1862 1309 1908 et
1333 1852 1546 1922 sapiens
1582 1849 1719 1903 Deus
1746 1862 1840 1915 per

249 1937 340 2016 res
365 1958 580 2015 easdem
616 1955 920 2023 frequenter
958 1945 1219 2003 benefacit
1255 1944 1398 2008 suis;
1427 1949 1480 1996 et
1505 1946 1655 1994 curat
1680 1937 1840 1992 etiam

251 2059 309 2104 ut
353 2050 389 2104 ii
434 2062 641 2117 quoque
685 2045 774 2116 qui
819 2042 992 2096 adhuc
1030 2039 1080 2092 in
1125 2049 1308 2091 errore
1346 2041 1656 2094 versantur,
1688 2041 1840 2082 suam

247 2144 505 2198 virtutem
545 2148 598 2194 et
643 2135 934 2208 potentiam
971 2130 1268 2186 addiscant.
1313 2125 1425 2180 lloc
1471 2132 1656 2192 postea
1697 2129 1750 2173 et
1787 2118 1842 2173 in

249 2234 488 2305 Egypto
529 2230 651 2284 fecit
683 2245 696 2282 :
729 2227 832 2281 illis
860 2224 1001 2280 enim
1034 2234 1220 2292 pinnas
1249 2213 1545 2285 irrogabat,
1572 2208 1842 2266 Israelitas

251 2304 383 2383 vero
429 2325 626 2379 illaesos
673 2316 1045 2375 conservabat.
1092 2309 1376 2367 Discebant
1418 2304 1560 2360 enim
1605 2316 1710 2356 non
1750 2314 1838 2354 so-

251 2420 360 2474 lum
413 2432 506 2486 per
547 2412 965 2483 indignationem
1005 2403 1139 2468 Dei,
1169 2415 1270 2471 qua
1311 2396 1408 2468 ipsi
1455 2392 1842 2465 puniebantur,

251 2479 496 2566 omnium
521 2479 738 2575 Opilicis
764 2501 1016 2555 virtutem
1036 2535 1052 2561 ,
1088 2491 1182 2548 sed
1211 2491 1369 2545 etiam
1399 2501 1494 2556 per
1525 2479 1845 2537 sollicitudi-

253 2617 376 2657 nem
417 2570 585 2669 quant—
615 2596 669 2650 in
709 2593 826 2648 illos
853 2586 1156 2646 exhibebat.
1187 2581 1255 2637 Et
1282 2579 1476 2634 iterum
1501 2590 1606 2630 non
1633 2588 1698 2627 ex
1733 2570 1847 2625 sola

253 2663 586 2766 providentia
617 2697 669 2742 et
706 2681 1096 2742 sollicitudine,
1128 2689 1284 2748 quam
1311 2669 1736 2742 experiebantur,
1767 2663 1850 2718 di-

252 2760 484 2842 scebant
525 2782 793 2850 ingentem
832 2774 939 2829 Dei-
953 2771 1245 2828 bonitatem
1274 2783 1291 2822 :
1321 2761 1416 2818 sed
1445 2760 1604 2815 etiam
1635 2771 1730 2827 per
1757 2769 1852 2811 eos

254 2877 455 2948 quibus
491 2848 728 2943 quotidie
768 2864 1016 2921 videbant
1040 2867 1121 2914 tot
1148 2858 1330 2948 plagas
1623 2848 1731 2948 .Per
1755 2861 1852 2900 ea-

256 2939 386 3024 dem
411 2939 555 3020 enim
584 2973 746 3030 opera
770 2967 824 3012 et
851 2954 982 3018 suis,
1009 2960 1062 3008 et
1096 2943 1417 3003 adversariis
1445 2939 1713 2996 indicabat
1740 2951 1851 2992 sua:

258 3057 515 3132 potentizn
563 3047 1002 3121 magnitudinem.
1053 3040 1188 3096 Nam
1230 3037 1494 3093 elementa
1542 3032 1655 3101 ipsa
1698 3041 1852 3082 suum

260 3125 618 3206 ministerium
667 3151 722 3198 et
767 3136 1084 3208 obsequium
1126 3128 1400 3186 conservis
1448 3125 1852 3183 demonstrant,

263 3237 477 3311 quando
505 3232 762 3290 benevole
805 3227 1060 3283 Dominus
1083 3235 1206 3291 erga
1237 3218 1354 3272 illos
1380 3214 1633 3311 afficitur:
1662 3210 1730 3264 Et
1755 3209 1858 3311 hoc

266 3299 448 3401 sitique
489 3325 677 3382 viderit
717 3321 836 3394 quis
880 3318 1003 3374 huic
1045 3313 1192 3385 justo
1237 3309 1567 3376 contingere.
1619 3301 1673 3356 ld
1713 3299 1856 3354 enim

265 3397 408 3496 quod
448 3418 644 3489 alioqui
692 3425 876 3470 natura
918 3420 1075 3466 terra:
1112 3421 1219 3461 non
1257 3399 1474 3466 habuit,
1506 3397 1608 3450 hoc
1643 3401 1860 3464 propter

269 3485 578 3572 mandatum
606 3510 972 3564 universorum
1005 3500 1097 3556 Dei
1127 3511 1268 3552 nunc
1299 3491 1501 3565 profert
1525 3497 1668 3543 tanta
1696 3485 1858 3540 uber-

269 3617 407 3670 tate,
449 3614 505 3657 ut
543 3608 762 3671 repente
803 3595 956 3649 valde
995 3589 1186 3660 opibus
1226 3583 1502 3640 abundans
1537 3577 1758 3634 effectus
1791 3574 1862 3628 sit

271 3663 438 3752 Isaac.
467 3663 728 3746 Benedixit
757 3687 919 3749 enim,
947 3680 1147 3750 inquit,
1178 3691 1290 3730 eum
1317 3673 1455 3727 Deus
1475 3713 1489 3735 ,
1522 3671 1610 3724 l5.
1639 3677 1685 3722 et
1713 3663 1860 3720 exal-

273 3799 408 3843 tatus
431 3795 502 3841 est
529 3784 698 3846 homo,
721 3791 766 3835 et
793 3775 1068 3848 procedens
1093 3772 1258 3840 major
1278 3766 1445 3836 ﬁebat,
1471 3764 1628 3817 donec
1651 3775 1862 3830 magnus

274 3884 440 3949 factus
477 3886 548 3930 est
583 3872 750 3927 valde.
782 3869 911 3924 Nam
937 3866 1058 3938 quia
1089 3874 1215 3918 tunc
1243 3856 1564 3915 abundantia
1598 3853 1861 3925 justorum

273 3981 390 4028 erat
419 3971 471 4024 in
503 3967 774 4023 fertiliate
803 3973 959 4017 terrae
979 4001 994 4023 ,
1022 3968 1078 4013 et
1103 3957 1154 4012 in
1187 3950 1525 4010 multitudine
1563 3961 1812 4018 pecorum
1846 3960 1860 3998 :

275 4074 553 4136 propterea
593 4059 754 4120 dicit,
790 4052 1052 4109 Benedixit
1079 4065 1194 4104 eunt
1227 4046 1364 4103 Deus
1387 4085 1403 4110 ,
1433 4051 1478 4096 et
1511 4039 1762 4096 exaltatus
1792 4043 1865 4091 est

279 4127 429 4212 horno
451 4197 466 4223 ,
494 4154 545 4208 id
572 4162 651 4207 est
673 4193 688 4216 ,
716 4147 1003 4204 abundavit
1032 4160 1046 4197 :
1074 4149 1128 4195 et
1155 4155 1258 4194 non
1288 4133 1600 4205 simpliciter
1630 4127 1865 4184 abunda-

275 4251 386 4314 vit,
419 4219 513 4301 sed
545 4255 596 4299 et
629 4240 832 4312 Major,
863 4235 1072 4306 inquit,
1099 4232 1248 4302 ﬁebat
1275 4229 1431 4282 donec
1456 4238 1668 4294 magnus
1700 4219 1866 4289 {actus

275 4353 346 4396 est
374 4313 540 4395 ualde.
573 4333 863 4390 Considera
893 4329 1034 4385 enim
1063 4331 1317 4394 quantum
1359 4319 1466 4384 sit,
1507 4329 1604 4385 pro
1644 4313 1708 4368 iis
1747 4325 1865 4380 qute

275 4429 574 4490 seminabat
600 4423 904 4494 centuplum
933 4419 1196 4487 accipere.
1228 4411 1380 4482 Quod
1418 4408 1465 4463 si
1499 4407 1600 4461 hoc
1627 4404 1716 4460 tibi
1750 4417 1864 4458 ma-

275 4542 443 4601 gnum
475 4523 700 4585 videtur,
724 4516 998 4572 considera
1027 4512 1341 4566 immensam
1371 4502 1462 4558 Dei
1489 4497 1829 4556 clementiam
1848 4535 1865 4562 ,

279 4587 442 4692 quam
470 4625 721 4686 processu
749 4607 1001 4676 temporis
1029 4617 1152 4672 erga
1181 4613 1277 4653 nos
1300 4591 1606 4650 declaravit.
1631 4589 1701 4644 lis
1725 4587 1869 4642 enim

280 4680 367 4784 qui
402 4680 522 4781 post
545 4707 658 4777 ejus
683 4701 971 4756 adventum
995 4696 1244 4748 virtutem
1271 4693 1542 4750 exercent,
1565 4699 1669 4738 non
1696 4680 1870 4736 solum

282 4777 594 4871 centuplum
634 4795 720 4850 hic
762 4787 1055 4861 promittit,
1084 4783 1176 4838 sed
1205 4789 1259 4835 et
1289 4779 1454 4833 vitam
1491 4786 1748 4830 :eternam
1769 4809 1785 4834 ,
1815 4777 1872 4824 et

287 4860 710 4965 regiae-elotum
736 4877 1147 4956 possessionem.
1173 4869 1361 4925 Vidisti
1382 4865 1753 4923 liberalitatem
1774 4860 1874 4916 Do-

288 4957 456 5044 mini?
491 4981 668 5038 vidisti
700 4971 1063 5032 beneﬁcentia
1089 4959 1471 5036 augmentum?
1498 4957 1677 5013 vidisti
1706 4969 1874 5044 quanf

292 5043 404 5134 tum
432 5074 587 5132 nobis
620 5070 841 5141 largitus
865 5073 948 5120 est
976 5055 1232 5131 unigeniti
1272 5051 1394 5109 Filii
1435 5048 1528 5105 Dei
1569 5043 1875 5103 adventus?

291 5166 558 5241 quomodo
583 5160 905 5219 ineffabilem
931 5167 1111 5210 rerum
1137 5144 1604 5205 eonunutationent
1627 5145 1876 5209 operatus

294 5229 416 5317 est?
457 5258 580 5313 llzrc
620 5253 779 5325 igitur
816 5244 1178 5316 unusquisque
1211 5235 1349 5309 apud
1380 5249 1439 5289 se
1461 5229 1798 5303 expcndcns,
1824 5236 1878 5283 et

296 5355 481 5410 videns
504 5323 856 5405 differentiam
881 5340 1021 5395 inter
1042 5351 1104 5391 ea
1127 5347 1244 5404 qum
1269 5329 1373 5386 illis
1395 5336 1517 5382 ante
1540 5323 1722 5396 gratia:
1747 5330 1874 5375 temo

301 5462 398 5516 pus
439 5439 676 5515 promitti
712 5433 986 5495 solebant,
1016 5437 1071 5483 et
1112 5441 1174 5479 ea
1211 5437 1329 5493 qua:
1368 5432 1507 5474 nunc
1540 5421 1661 5486 post
1697 5409 1879 5484 gratia:

303 5503 530 5606 icmpus,
557 5530 812 5603 glorifieet
835 5524 996 5581 etiam
1023 5521 1076 5574 in
1110 5516 1210 5571 hoc
1241 5514 1552 5568 immensam
1578 5506 1693 5578 ejus
1722 5503 1880 5559 mise-

303 5592 588 5686 ricordiam
605 5664 619 5688 ,
651 5629 703 5677 ct
741 5633 809 5674 ne
838 5624 1133 5684 temporum
1172 5602 1449 5661 mutationi
1478 5612 1647 5658 totum
1681 5592 1881 5649 adscrio

307 5724 412 5776 bat.
444 5719 505 5774 At
535 5730 628 5787 par
655 5721 730 5768 est
761 5718 816 5764 ut
846 5705 910 5760 ad
951 5701 1146 5758 seriem
1185 5694 1445 5754 sermonis
1483 5693 1763 5752 redeamus
1783 5724 1802 5750 ,
1828 5691 1879 5738 ut

1289 283 1350 338 ll‘
1390 280 1539 337 CAP.
1578 279 1764 336 XXVI.
1807 277 2048 336 GENES.
2090 280 2321 340 HOMIL.
2362 284 2474 340 LII.

3416 297 3516 355 ἅδε

1945 390 2215 450 videamus
2249 398 2513 467 quomodo
2553 397 2807 456 Gerareni
2853 401 3088 458 videntes
3122 404 3341 462 affluere
3376 407 3520 477 justo

1937 499 2101 554 opes,
2135 487 2186 540 in
2227 491 2618 546 inmolationem
2668 494 2936 560 provocati
2977 495 3191 564 abigere
3230 513 3352 552 eum
3399 499 3520 554 inde

1937 577 2111 630 Conali
2139 589 2282 631 sunt.
2318 580 2401 640 l4.
2434 578 2690 634 xlimulati
2710 591 2823 634 sunt
2849 583 2980 635 enim
3007 600 3134 645 cum,
3161 585 3349 654 inquit,
3381 585 3517 658 Phy-

1937 668 2127 721 lisn'im.
2161 669 2357 725 Deinde
2384 681 2680 728 monstrare
2714 675 2899 730 volens
2925 675 3196 745 Scriptura
3228 678 3435 744 divina,
3469 681 3521 736 in

1938 773 2043 826 quo
2063 761 2455 815 a‘mulationem
2475 762 2835 830 declararunt,
2860 765 3129 820 subdidit:
3159 769 3241 823 15.
3267 767 3332 821 Et
3352 787 3522 824 annm

1939 858 2115 916 puteos
2136 891 2150 915 ,
2177 867 2302 921 quos
2327 851 2606 918 effoderunt
2631 855 2759 907 servi
2787 864 3008 926 tempore
3027 858 3185 927 patris
3211 861 3319 929 ejus
3337 899 3353 927 ,
3380 858 3524 912 obtue

1937 950 2196 1002 faverunt,
2229 955 2274 994 et
2305 942 2634 1012 impleverunt
2663 953 2817 998 terra.

2013 1029 2211 1084 Invidia
2256 1025 2622 1088 Gerarenorum
2651 1045 2860 1101 quanta.
2886 1067 2947 1077 —
2975 1037 3264 1094 Considera
3311 1049 3506 1110 quanta

1939 1121 2152 1176 illorum
2177 1123 2470 1177 incolarum
2497 1125 2732 1190 malitia,
2759 1126 2849 1195 qui
2898 1136 2952 1181 et
2991 1142 3158 1197 aquas
3195 1130 3342 1198 justo
3384 1131 3520 1185 invi-

1939 1210 2103 1266 dent:
2137 1228 2308 1282 neque
2338 1229 2429 1268 rex
2455 1255 2470 1280 ,
2496 1215 2584 1283 qui
2626 1215 2676 1268 in
2705 1223 2846 1269 tanta
2895 1225 3155 1285 potestate
3197 1229 3312 1274 erat
3337 1262 3351 1284 ,
3386 1221 3522 1274 invi-

1939 1303 2079 1358 diam
2119 1305 2135 1336 ¹
2159 1305 2435 1360 continere
2475 1307 2678 1376 potuit;
2711 1306 2807 1361 sed
2852 1307 2979 1362 dicit
3012 1329 3024 1360 ;
3062 1309 3148 1363 16.
3177 1311 3272 1363 Abi
3308 1313 3520 1376 anobis,

1939 1397 2057 1466 quia
2089 1398 2338 1466 potentior
2363 1397 2502 1452 nobis
2524 1401 2686 1469 factus
2710 1415 2760 1452 es
2787 1400 2948 1452 valde.
2990 1399 3173 1470 Magna
3202 1401 3522 1456 malevolen-

1947 1489 2037 1542 tia.
2068 1487 2228 1556 Cujus
2255 1489 2421 1558 gratia
2450 1489 2834 1559 abigisjustutn
2862 1491 2884 1544 ?
2917 1507 3040 1544 num
3069 1491 3240 1561 aliqua
3269 1492 3318 1546 in
3347 1508 3403 1548 re
3433 1491 3524 1546 tibi

1942 1578 2158 1632 nocuit?
2199 1595 2323 1631 num
2351 1579 2592 1648 injuriam
2617 1579 2835 1633 intulit?
2865 1579 2968 1634 Sed
3005 1581 3072 1634 ita
3109 1595 3168 1636 se
3199 1581 3357 1636 habet
3388 1583 3524 1636 invi-

1939 1670 2058 1735 dia;
2087 1671 2216 1724 nihil
2241 1687 2360 1724 cutn
2389 1672 2595 1726 ratione
2625 1683 2894 1742 operatur.
2920 1672 3048 1727 Cum
3077 1674 3216 1728 enim
3257 1675 3525 1744 oportuis-

1940 1771 2021 1815 set
2040 1778 2184 1828 eum,
2212 1779 2366 1830 quem
2392 1762 2603 1817 videbat
2632 1773 2773 1817 tanta
2806 1765 3041 1818 omnium
3075 1766 3166 1820 Dei
3197 1765 3524 1822 benevolen-

1943 1853 2013 1907 tia
2057 1852 2343 1918 fruentcnt,
2372 1855 2539 1923 magis
2572 1853 2752 1909 fovere
2791 1863 2844 1908 et
2869 1855 3080 1920 colere,
3113 1867 3169 1910 ut
3220 1857 3422 1912 honore
3474 1857 3527 1913 iit

1944 1943 2089 1998 illum
2117 1944 2311 1998 collato
2331 1984 2346 2007 ,
2375 1945 2533 1998 etiam
2561 1944 2674 2011 ipse
2695 1944 2929 1998 divinum
2955 1945 3054 1999 sibi
3081 1944 3318 2000 favorem
3347 1947 3529 2001 conci-

1945 2033 2098 2088 liaret
2129 2049 2144 2086 :
2171 2032 2260 2087 ille
2301 2048 2406 2086 non
2438 2031 2612 2086 solum
2635 2028 2746 2088 hoc
2787 2049 2890 2086 non
2941 2033 3103 2099 facit,
3131 2035 3222 2088 sed
3265 2035 3530 2105 expellere

1947 2132 2114 2179 teutat
2143 2138 2205 2178 ae
2231 2123 2358 2178 dicit
2387 2141 2399 2175 :
2427 2121 2514 2178 16.
2549 2122 2642 2176 Abi
2683 2140 2713 2175 a
2743 2123 2904 2188 nobis,
2934 2123 3051 2191 quia
3096 2127 3253 2176 multo
3283 2125 3532 2192 potentior

1946 2217 2114 2286 factus
2135 2229 2207 2279 es,
2238 2229 2388 2283 quam
2409 2228 2500 2266 nos
2522 2229 2714 2266 sumus.
2747 2210 2822 2266 Ita
2849 2227 3006 2282 agere
3043 2213 3179 2266 solet
3205 2213 3530 2278 invidentia;

1949 2319 2058 2358 non
2093 2312 2271 2373 potest
2308 2303 2536 2374 benigne
2587 2303 2767 2357 videre
2807 2301 3028 2356 aliorum
3059 2301 3405 2369 felicitatem,
3437 2303 3530 2357 sed

1950 2395 2255 2450 felicitatem
2281 2395 2504 2463 proximi
2534 2409 2685 2447 suam
2718 2402 2864 2461 putat
2891 2391 3274 2457 infelicitatem,
3303 2401 3357 2446 et
3387 2392 3532 2448 labe-

1950 2484 2052 2537 scit
2081 2483 2232 2537 bonis
2259 2481 2487 2551 proximi
2512 2499 2526 2535 :
2556 2481 2606 2534 id
2628 2481 2770 2550 quod
2800 2490 2848 2534 et
2881 2481 2966 2535 hic
2991 2480 3199 2535 accidit.
3233 2480 3344 2536 Rex
3366 2482 3530 2547 enim,

1949 2573 2051 2630 sub
2069 2574 2221 2643 cujus
2251 2579 2508 2642 potestate
2537 2579 2640 2625 tota
2664 2571 2850 2626 civitas
2878 2579 3012 2636 erat,
3042 2581 3092 2625 et
3121 2571 3322 2626 habens
3349 2587 3535 2627 omnes

1951 2664 2052 2720 sub
2075 2679 2232 2719 manu
2262 2678 2378 2728 sua,
2411 2662 2713 2731 peregrino,
2747 2676 2900 2731 vago,
2932 2661 3034 2714 huc
3062 2671 3115 2716 et
3144 2661 3269 2716 illuc
3289 2663 3535 2733 migranti

1951 2757 2082 2813 dicit
2108 2756 2242 2813 :Abi
2263 2774 2294 2809 a
2319 2755 2460 2810 nobis
2483 2795 2498 2816 ,
2525 2755 2644 2826 quia
2687 2756 2937 2824 potentior
2961 2756 3126 2825 factus
3157 2770 3231 2818 ea,
3257 2770 3406 2824 quam
3445 2769 3537 2808 nos

1953 2864 2144 2902 uncus.
2175 2845 2240 2900 Et
2281 2861 2403 2900 vere
2431 2845 2697 2914 potentior
2717 2853 2865 2908 erat,
2902 2858 3190 2913 supernum
3231 2844 3536 2914 prmsidium

1957 2937 2161 2993 habens
2207 2937 2259 2991 in
2308 2935 2576 3002 omnibus,
2603 2934 2933 3004 dexteraque
2981 2935 3071 2990 Dei
3115 2935 3368 2989 munitus.
3421 2935 3538 3001 Quo

1958 3029 2118 3101 igitur
2151 3027 2318 3098 abigis
2341 3027 2541 3098 justum
2565 3025 2590 3078 τ
2614 3026 2827 3095 ignoras
2865 3024 3004 3095 quod
3041 3039 3375 3095 quacumque
3417 3037 3537 3079 eum

1957 3121 2036 3176 ire
2059 3120 2318 3202 coegeris,
2356 3133 2567 3189 semper
2590 3117 2690 3172 erit
2720 3117 2771 3171 in
2795 3117 2858 3170 iis
2881 3131 3000 3186 qua:
3033 3113 3239 3169 Domini
3267 3115 3348 3167 sui
3374 3115 3539 3167 sunt?

1960 3227 2065 3267 non
2092 3210 2274 3265 docuit
2318 3219 2370 3264 te
2409 3225 2588 3264 rerum
2617 3207 2943 3278 experientia
2965 3247 2980 3270 ,
3009 3206 3102 3260 Dei
3153 3220 3368 3260 manum
3399 3219 3538 3268 esse,

1958 3317 2078 3371 qua:
2104 3300 2364 3354 illustrem
2394 3299 2516 3354 facit
2543 3307 2598 3353 et
2625 3305 2904 3352 conservat
2923 3296 3125 3366 justum
3147 3295 3363 3363 ?Quare
3385 3295 3541 3360 igitur

1957 3388 2222 3460 abigendo
2245 3389 2474 3459 justum,
2506 3403 2629 3459 erga
2678 3386 2958 3442 Dominum
3005 3385 3123 3455 ejus
3178 3395 3231 3440 te
3273 3390 3540 3453 ingratum

1964 3479 2244 3536 declaras?
2266 3489 2320 3534 et
2345 3495 2516 3549 neque
2540 3492 2729 3548 magna
2752 3476 2851 3531 viri
2881 3474 3234 3530 mansuetudo
3262 3482 3404 3528 tuam
3441 3473 3540 3527 do-

1961 3587 2109 3628 mare
2137 3570 2310 3642 potuit
2350 3570 2625 3636 invidiam,
2656 3567 2752 3624 sed
2779 3567 2950 3622 victus
2986 3582 3016 3621 a
3058 3567 3265 3628 morbo,
3294 3564 3544 3619 invidiam

1962 3680 2126 3736 opere
2145 3663 2403 3732 comples,
2431 3671 2486 3716 et
2511 3661 2700 3715 iterum
2729 3660 2957 3728 migrare
3001 3674 3122 3712 ettnt
3153 3655 3329 3726 cogis,
3357 3655 3444 3726 qui
3487 3653 3542 3708 in

1965 3756 2112 3812 nullo
2133 3763 2184 3809 te
2211 3753 2380 3807 laesit?
2409 3751 2594 3806 Nescis
2611 3749 2751 3819 quod
2784 3750 2907 3803 licet
2937 3749 2988 3802 in
3022 3749 3340 3817 ipsissitnatn
3364 3746 3547 3801 solitu-

1963 3847 2144 3902 dinem
2175 3859 2296 3897 eum
2336 3842 2551 3912 fugaris,
2581 3840 2743 3894 habet
2772 3848 2945 3893 tamen
2992 3839 3058 3892 ita
3089 3839 3339 3893 solertem
3370 3836 3546 3891 Domi-

1966 3955 2112 4004 num,
2137 3947 2192 3991 ut
2212 3951 2271 3991 se
2291 3933 2373 3989 vel
2396 3932 2501 3987 illic
2520 3940 2818 3987 versantem
2838 3929 3003 3984 multo
3023 3929 3298 3982 clariorem
3324 3926 3552 3982 reddere

1966 4029 2170 4102 possit?
2186 4027 2324 4083 Nihil
2342 4026 2481 4083 enim
2501 4024 2765 4079 robustius
2783 4038 2848 4076 eo
2863 4024 2947 4092 qui
2968 4021 3155 4075 fruitur
3174 4034 3406 4088 superno
3419 4035 3551 4088 prat-

1967 4125 2102 4180 sidio
2125 4138 2138 4175 :
2163 4122 2301 4176 sicut
2317 4118 2444 4173 nihil
2458 4116 2713 4172 infirmius
2731 4131 2796 4171 eo
2808 4115 2894 4184 qui
2917 4115 2999 4168 tali
3016 4113 3210 4167 auxilio
3224 4111 3546 4166 destituitur.

2037 4213 2093 4267 9..
2136 4211 2285 4266 Nihil
2309 4209 2558 4264 robustius
2583 4224 2638 4262 eo
2665 4223 2814 4275 quem
2855 4203 2988 4258 Deus
3018 4204 3184 4273 juvat.
3214 4231 3285 4242 -—
3315 4199 3503 4254 Vidisti
3528 4241 3542 4265 ,

1970 4306 2188 4372 dilecte,
2217 4313 2271 4358 et
2293 4303 2431 4373 regis
2453 4301 2773 4357 Gerarorum
2792 4339 2806 4362 ,
2836 4305 2888 4351 et
2918 4295 3154 4350 omnium
3176 4292 3265 4362 qui
3293 4290 3364 4345 ibi
3399 4291 3551 4345 babi-

1973 4397 2155 4451 tabant
2176 4393 2368 4450 mentis
2396 4390 2687 4446 malitiam?
2717 4387 2844 4442 Vide
2871 4395 2924 4440 et
2948 4383 3072 4453 justi
3122 4396 3365 4451 magnam
3395 4394 3549 4434 mau-

1969 4487 2325 4550 snetudinem,
2354 4480 2622 4555 quomodo
2653 4495 2756 4534 non
2793 4475 3105 4546 superbivit,
3155 4487 3326 4542 neque
3364 4471 3554 4527 videns

1971 4579 2144 4649 rcipsa
2169 4577 2407 4632 divinam
2437 4572 2535 4628 sibi
2565 4573 2786 4642 gratiam
2817 4567 3106 4631 assistere,
3138 4571 3322 4619 contra
3347 4578 3552 4634 regem,

1973 4670 2138 4726 frctus
2160 4663 2560 4724 commilitantis
2586 4662 2804 4722 virtute,
2831 4657 3115 4712 insurrexit
3140 4672 3153 4708 :
3179 4654 3271 4710 sed
3298 4653 3448 4724 quasi
3474 4652 3559 4705 vir

1973 4761 2116 4817 onmi
2150 4757 2444 4830 patrocinio
2469 4766 2679 4813 carens,
2711 4759 2764 4805 et
2794 4747 2998 4804 nullum
3029 4745 3280 4800 auxilium
3310 4740 3556 4796 alicunde

1975 4829 2310 4922 cXSpectans,
2343 4845 2508 4900 multa
2533 4857 2654 4897 cum
2687 4836 3112 4898 mansuetudine,
3146 4850 3212 4889 ne
3235 4831 3410 4886 verbis
3435 4829 3554 4899 qui-

1975 4921 2099 5001 dem
2124 4943 2376 4998 resistens
2395 4977 2410 5001 ,
2464 4934 2688 4991 faciebat
2711 4931 2850 5004 quod
2879 4930 2978 4985 sibi
3003 4943 3033 4982 a
3061 4942 3183 4996 rege
3215 4921 3560 4994 praecipieba-

1979 5048 2065 5093 tur
2087 5077 2104 5104 ,
2132 5044 2188 5090 et
2214 5031 2391 5088 statim
2419 5029 2562 5086 illinc
2589 5025 2834 5082 discessit
2859 5042 2872 5078 :
2900 5034 2947 5075 et
2977 5021 3199 5076 ulterius
3222 5029 3558 5088 progressus,

1981 5125 2236 5198 repressit
2275 5119 2602 5194 aegritudinis
2656 5117 2922 5172 ﬂammam
2947 5153 2963 5172 ,
3007 5108 3164 5164 simul
3212 5114 3268 5161 et
3307 5105 3556 5158 eximiam

1977 5197 2128 5276 suam
2159 5214 2613 5272 mansuetudinem
2642 5207 2942 5269 declarans,
2959 5213 3013 5258 et
3038 5201 3176 5254 illius
3197 5197 3558 5268 perturbatum

1982 5311 2216 5367 animum
2243 5306 2511 5376 mitigans.
2546 5302 2632 5356 l7.
2668 5299 2732 5351 Et
2784 5296 2904 5348 abiit
2959 5291 3093 5355 inde,
3138 5298 3184 5343 et
3228 5286 3468 5342 habitat-it
3507 5285 3560 5337 in

1980 5404 2110 5461 ualle
2136 5400 2463 5456 Gerarorum.
2510 5393 2576 5447 Et
2604 5390 2655 5446 id
2682 5385 2821 5460 quod
2867 5381 3138 5452 discipulis
3165 5382 3275 5436 suis
3313 5377 3561 5432 omnibus

1983 5496 2226 5553 Christus
2263 5487 2553 5546 adveniens
2586 5479 2846 5554 przecipit,
2876 5476 3097 5532 dicens:
3131 5471 3348 5540 Quando
3395 5482 3561 5538 perse—

1983 5596 2196 5661 quculur
2233 5600 2340 5649 eos,
2384 5580 2538 5653 fugite
2585 5577 2637 5630 in
2667 5575 2823 5628 alium
2859 5572 3025 5626 locum
3067 5564 3277 5637 (.llatth.
3309 5563 3391 5618 10.
3420 5559 3522 5628 2'5)-
3546 5572 3576 5609 ι.

2047 5687 2061 5718 ι
2099 5693 2303 5744 Quatuor
2324 5689 2454 5742 Mss,
2477 5675 2867 5741 increpationem.
