4072 6216
649 288 752 344 459

647 399 748 452 hoc
770 397 859 452 ille
881 397 990 466 jam
1015 393 1260 464 eperibus
1285 391 1582 446 exhibebat.
1611 389 1674 444 Et
1700 389 1839 444 sicut
1868 387 2029 442 David
2063 387 2196 442 Sat't-

650 489 716 542 lis
737 501 978 557 magnam
1002 484 1248 538 invidiam
1278 481 1628 550 reprimebat,
1657 479 1912 534 secedens
1931 488 1984 533 et
2008 475 2206 553 subdu-

642 592 771 631 cens
791 591 867 637 se.
897 585 950 628 et
982 574 1118 626 illius
1146 570 1491 640 refrigerabat
1527 569 1768 623 ardorem
1798 569 1871 639 (1.
1907 566 2031 634 Reg.
2068 567 2166 634 l9)
2192 582 2204 616 :

641 668 829 722 eodem
855 679 981 718 sane
1004 663 1160 717 modo
1179 672 1233 717 et
1253 663 1425 730 justus
1448 660 1535 716 ille
1562 661 1908 730 apostolicum
1951 658 2078 712 illud
2111 659 2209 709 im-

639 758 812 829 plebat
837 777 850 810 :
879 753 1011 809 Date
1036 758 1199 809 locant
1219 756 1308 809 ira:
1339 752 1508 824 (Rom.
1531 753 1616 808 12.
1643 752 1730 820 19)
1759 769 1770 804 :
1802 759 1854 807 et
1881 749 2059 804 relicta
2081 748 2206 802 civi-

637 859 763 913 tate,
791 848 918 904 exiit
943 849 993 901 in
1019 847 1229 902 vallem.
1254 848 1514 902 Czeterum
1551 845 1668 900 vide
1693 855 1938 914 quantam
1969 842 2073 896 illic
2101 842 2201 895 ite-

635 954 753 994 rum
806 937 1258 993 mansuetudinem
1299 952 1408 1005 prae
1449 951 1507 990 se
1544 936 1680 989 tulit.
1729 934 1908 1003 Neque
1948 935 2088 987 enim
2120 932 2203 988 hic

636 1030 754 1084 finis
779 1028 874 1084 fuit
902 1028 1258 1082 molestiarum
1289 1043 1304 1080 :
1334 1041 1456 1080 nam
1483 1041 1600 1080 cum
1632 1025 1786 1080 etiam
1817 1025 1919 1078 illic
1946 1033 2085 1078 esset
2107 1065 2120 1085 ,
2150 1031 2204 1077 et

633 1121 807 1177 fontes
821 1121 1053 1176 effodere
1071 1119 1247 1185 vellet,
1269 1119 1409 1172 rixas
1429 1126 1724 1172 moverunt.
1752 1117 1835 1170 18.
1863 1115 2016 1169 Fodit
2036 1116 2199 1178 enim,

633 1212 824 1282 inquit,
845 1221 1055 1283 puteos,
1083 1226 1206 1278 quos
1249 1219 1364 1262 ante
1406 1209 1548 1277 pueri
1589 1208 1746 1277 patris
1791 1208 1899 1277 ejus
1941 1209 2196 1276 fecerant,

628 1312 678 1358 et
704 1303 1052 1358 obturaverunt
1079 1298 1387 1370 Phylistiim,
1419 1309 1466 1350 et
1487 1298 1719 1367 imposuit
1745 1299 1815 1351 eis
1841 1298 2064 1360 nomina,
2089 1312 2202 1366 qua:

629 1405 772 1464 pater
796 1411 916 1448 suus
943 1394 1268 1460 imposuerat.
1307 1390 1390 1444 19.
1424 1389 1485 1442 Et
1514 1389 1768 1459 foderunt,
1801 1389 1968 1456 inquit
1995 1429 2010 1452 ,
2059 1389 2199 1456 pueri

630 1484 800 1550 Isaac,
831 1493 876 1536 et
909 1483 1195 1534 invenerunt
1231 1489 1433 1550 puteum
1476 1493 1620 1544 aquae
1659 1478 1864 1532 viventis
1903 1493 1922 1532 :
1955 1477 2053 1531 hoc
2080 1487 2194 1539 est,

626 1573 815 1628 subtus
841 1571 1190 1626 scaturientis.
1220 1569 1310 1623 20.
1341 1569 1406 1622 Et
1431 1569 1748 1638 litigaverunt
1777 1576 2002 1638 pastores
2040 1566 2197 1622 Gera-

624 1678 816 1725 rorum,
853 1661 1067 1714 dicentes
1093 1675 1210 1713 suas
1236 1675 1341 1712 esse
1365 1674 1541 1727 aquas.

697 1749 1030 1804 Mansuetudo
1050 1765 1164 1802 vera
1182 1764 1312 1818 qute.
1329 1747 1582 1801 Patientia
1602 1746 1787 1801 Isaaci.
1802 1747 1968 1802 —Hic
1988 1762 2194 1818 quoque

623 1841 756 1896 nihil
796 1839 1070 1894 contendit
1110 1839 1318 1908 justus,
1349 1854 1518 1906 neque
1542 1838 1862 1902 obluctatur,
1890 1838 1982 1893 sed
2032 1839 2191 1892 etiam

623 1931 924 2002 pastoribus
951 1929 1110 1984 cedit.
1133 1929 1254 1984 llaec
1283 1930 1424 1984 enim
1454 1945 1578 1984 vere
1596 1929 1944 1984 mansuetudo
1965 1940 2068 1994 est,
2088 1945 2192 1983 non

623 2020 838 2091 quando
865 2019 985 2090 quis
1009 2018 1242 2074 offensus
1269 2036 1297 2073 a
1329 2023 1712 2090 potentioribus
1741 2032 2016 2077 mansuete
2047 2021 2147 2076 fert
2175 2039 2188 2076 :

619 2111 710 2166 sed
743 2109 950 2180 quando
971 2109 1089 2181 quis
1134 2109 1201 2164 ab
1230 2110 1293 2164 iis
1335 2111 1493 2165 etiam
1525 2111 1614 2180 qui
1644 2111 1919 2165 inferiores
1944 2120 2192 2180 putantur

618 2202 851 2258 oll‘ensus
880 2202 1019 2258 cedit
1047 2210 1209 2260 :tunc
1239 2201 1380 2257 enim
1405 2202 1521 2272 ejus
1548 2204 1637 2272 qui
1658 2201 1922 2256 invaditur
1940 2217 2190 2256 mansue-

618 2291 784 2347 tudini
808 2301 970 2346 totum
999 2292 1315 2348 adscribitur
1341 2311 1354 2346 :
1387 2309 1509 2347 nam
1540 2293 1669 2347 alias
1691 2293 1891 2348 diceret
1911 2294 2046 2362 quis,
2069 2308 2189 2347 etttn

616 2383 1069 2438 mansuetudinem
1097 2385 1377 2438 simulasse
1402 2426 1417 2451 ,
1448 2384 1567 2453 quia
1606 2399 1710 2437 non
1744 2392 1921 2452 posset
1945 2384 2191 2452 potentiae

615 2473 928 2530 offendentis
955 2475 1222 2528 resistere.
1256 2473 1359 2528 Sed
1391 2483 1447 2528 ut
1475 2475 1649 2528 discas
1673 2488 1793 2526 eum
1813 2473 1920 2540 regi
1942 2473 2186 2538 cessisse,

615 2579 720 2618 non
743 2573 955 2634 proliter
975 2565 1260 2632 potentiam
1283 2563 1397 2632 ejus
1420 2605 1434 2628 ,
1467 2563 1560 2617 sed
1593 2579 1688 2617 suo
1713 2579 1860 2617 more
1893 2573 2137 2633 agentem
2173 2581 2186 2616 :

615 2653 737 2708 vide
767 2653 1033 2722 quomodo
1058 2653 1194 2706 idem
1224 2653 1360 2720 apud
1381 2661 1616 2722 pastores
1647 2652 1816 2706 faciat.
1847 2653 1912 2706 Et
1939 2653 2074 2707 sicut
2103 2653 2189 2706 ille

617 2749 850 2816 dicebat,
884 2747 1078 2801 Recede
1127 2765 1158 2800 a
1201 2748 1341 2800 nobis
1373 2763 1391 2800 :
1423 2756 1474 2800 et
1530 2747 1728 2813 statim,
1773 2747 1926 2817 quasi
1971 2755 2188 2815 accepto

613 2843 864 2898 mandato
885 2883 900 2906 ,
939 2841 1192 2896 abscessit
1217 2859 1229 2894 :
1256 2842 1324 2894 ita
1364 2848 1417 2894 et
1444 2855 1610 2905 nunc,
1639 2841 1937 2910 pastoribus
1993 2839 2187 2896 laedere

613 2933 977 3002 cupientibus,
1007 2940 1061 2986 et
1115 2939 1330 3001 puteum
1369 2930 1469 2984 sibi
1517 2931 1932 2997 vindicantibus,
1965 2930 2182 2986 recedit.

618 3023 791 3090 Atque
838 3031 894 3074 ut
938 3031 1194 3092 perpetuo
1219 3020 1355 3074 hanc
1383 3020 1694 3090 injustitiam
1723 3025 1918 3075 scirent
1966 3023 2182 3089 posteri,

611 3125 802 3164 nomen
829 3110 1050 3178 imponit
1071 3121 1228 3179 puteo
1255 3126 1318 3165 ex
1349 3125 1412 3166 eo
1433 3111 1573 3179 quod
1600 3111 1878 3166 acciderat.
1901 3111 2185 3165 Enimvero

619 3201 738 3269 quia
771 3199 1100 3254 manifestam
1129 3201 1451 3255 admiserant
1480 3201 1809 3270 injustitiam,
1843 3199 2046 3252 Vocavit
2091 3217 2183 3252 no-

611 3305 723 3342 men
753 3289 926 3359 putei,
963 3287 1083 3341 Loci
1113 3291 1394 3360 injustitia.
1435 3291 1500 3344 Et
1543 3301 1657 3345 erat
1685 3301 1866 3360 postea
1887 3331 1900 3354 ,
1930 3291 2077 3359 quasi
2131 3289 2182 3343 in

615 3378 860 3432 columna
882 3393 1040 3440 :rrea,
1073 3379 1298 3446 posteris
1330 3394 1518 3433 nomen
1549 3379 1649 3434 loci
1680 3379 1917 3433 doctrina
1956 3387 2009 3433 et
2037 3394 2182 3432 man-

610 3466 907 3522 suetudinis
929 3467 1088 3536 justi,
1123 3476 1177 3522 et
1206 3469 1496 3536 iniquitatis
1523 3468 1754 3522 illorum.
1803 3468 2008 3523 Nomen
2037 3471 2180 3524 enim

607 3557 707 3612 loci
742 3558 981 3623 faciebat,
1028 3569 1084 3613 ut
1108 3559 1345 3630 quisquis
1374 3566 1583 3628 rogaret
1610 3574 1894 3628 quarenam
1923 3561 1999 3613 sic
2023 3575 2182 3613 voca-

607 3660 774 3715 retur,
805 3649 1033 3704 disceret
1061 3659 1114 3703 et
1157 3650 1313 3719 hujus
1353 3649 1603 3703 virtutem
1630 3690 1645 3715 ,
1673 3659 1722 3703 et
1756 3649 2022 3719 ingentem
2060 3650 2180 3703 illo-

604 3754 721 3791 rum
763 3739 1037 3793 malitiam.
1081 3738 1698 3806 Animadverte,quzeso,
1721 3738 1988 3808 quomodo
2019 3739 2178 3793 etiam

608 3829 694 3886 hic
723 3846 870 3885 suam
893 3839 1078 3900 augeat
1104 3828 1371 3895 virtutem,
1403 3846 1497 3900 per
1521 3831 1695 3884 omnia
1724 3831 2179 3886 mansuetudinem

603 3935 752 3974 suam
790 3920 1046 3974 exhibens
1072 3963 1086 3986 ,
1117 3929 1170 3974 et
1201 3920 1273 3973 illi
1305 3920 1502 3990 ingenti
1541 3921 1794 3990 nequitia,
1825 3922 1982 3976 etiam
2031 3922 2179 3976 inviti

599 4010 800 4079 justmn
832 4011 1174 4065 illustriorem
1222 4009 1446 4064 reddere
1493 4018 1752 4080 satagant.
1805 4009 1985 4080 Neque
2036 4011 2177 4066 enim

601 4101 835 4155 contenti
864 4099 925 4151 iis
946 4114 1063 4167 qua:
1099 4097 1352 4164 fecerant,
1379 4107 1654 4167 postquam
1684 4101 1841 4153 alium
1882 4099 2180 4156 effoderunt

601 4198 838 4260 puteum,
881 4188 1069 4242 iterum
1111 4188 1328 4255 instant,
1360 4189 1635 4258 rixamque
1660 4198 1892 4244 movent.
1923 4190 2014 4244 21.
2042 4188 2178 4243 Pro-

601 4281 760 4350 fectus
786 4280 946 4342 enim,
976 4278 1165 4346 inqttit,
1191 4279 1352 4344 illinc,
1387 4279 1514 4350 fodit
1544 4289 1746 4349 puteum
1775 4280 1934 4333 alium
1960 4297 1979 4335 :
2005 4281 2176 4350 litiga-

605 4374 722 4428 bunt
743 4381 908 4426 autem
940 4371 1086 4424 etiam
1110 4371 1171 4423 de
1197 4370 1307 4438 illo,
1335 4381 1380 4424 et
1407 4373 1828 4439 nominaviteum,
1850 4371 2172 4427 Inimicitias.

601 4463 699 4518 llic
727 4463 917 4516 iterum
941 4464 1302 4518 animadverte
1325 4463 1451 4534 justi
1475 4465 1830 4534 prudentiam.
1861 4465 1976 4519 Non
2005 4467 2177 4520 omni-

599 4570 670 4609 no
721 4562 956 4623 puteum,
982 4563 1039 4608 ut
1087 4555 1312 4618 videtur,
1357 4555 1709 4621 abstulerunt,
1743 4555 1836 4609 sed
1886 4556 2176 4610 contende-

600 4647 727 4701 bant
777 4661 790 4697 :
836 4655 889 4698 et
943 4645 1054 4699 visa
1107 4644 1386 4699 manifesta
1442 4645 1737 4714 injustitia,
1792 4645 2172 4700 discesserunt.

597 4738 883 4808 PrOpterea
915 4736 1218 4793 Inimicitias
1243 4753 1364 4792 eum
1385 4739 1687 4808 appellavit,
1714 4738 1854 4808 quod
1878 4739 2176 4793 inimicitia-

595 4845 711 4884 rum
742 4829 926 4886 fuisset
955 4831 1184 4885 occasio.
1216 4831 1481 4885 Cmterum
1512 4831 1747 4902 quotidie
1783 4832 2169 4902 propemodum

597 4921 718 4973 talia
747 4919 923 4975 ferens
949 4921 1016 4974 ab
1047 4919 1111 4974 iis
1135 4921 1225 4991 qui
1255 4922 1524 4989 regionem
1557 4922 1888 4985 incolebant,
1920 4938 2026 4975 non
2051 4937 2174 4992 gra-

596 5013 756 5066 vatim
781 5013 918 5079 tulit,
950 5029 1052 5067 non
1085 5013 1292 5082 abjecto
1322 5013 1416 5066 fuit
1447 5014 1646 5080 animo,
1679 5029 1783 5068 non
1807 5015 2057 5084 Cogitavit
2084 5031 2171 5070 se-

535 5138 538 5142 -
593 5119 736 5168 cum,
759 5117 931 5172 neque
957 5102 1086 5156 dixit
1116 5120 1129 5156 :
1160 5103 1292 5156 Ecce
1319 5118 1387 5157 ne
1435 5115 1712 5174 puteorum
1742 5105 1952 5174 quidem
1993 5114 2048 5159 tit
2074 5107 2172 5160 sim

593 5193 860 5258 dominus,
891 5192 1018 5246 mihi
1046 5193 1207 5246 datur
1243 5211 1256 5247 :
1297 5209 1364 5247 an
1388 5209 1493 5248 non
1521 5211 1750 5264 superno
1777 5196 1982 5249 auxilio
2007 5197 2171 5251 desti-

597 5294 738 5338 tutus
760 5300 875 5338 sum
897 5284 918 5336 ?
939 5300 1005 5338 an
1037 5301 1140 5339 non
1182 5285 1434 5339 Dominus
1463 5285 1667 5356 abjeeta
1696 5303 1821 5342 cura
1846 5289 1948 5343 mei
1980 5290 2174 5344 oblitus

594 5375 718 5428 est?
756 5375 897 5429 Nihil
943 5375 1206 5446 ejusmodi
1251 5377 1336 5432 vel
1389 5377 1522 5432 dixit
1572 5379 1656 5434 vel
1710 5381 1960 5450 cogitavit
2016 5400 2030 5436 :
2081 5384 2173 5438 sed

595 5466 771 5518 omnia
801 5481 989 5536 magna
1015 5481 1136 5521 cum
1173 5468 1578 5524 mansuetudine
1600 5469 1874 5537 toleravit,
1900 5481 1953 5525 et
1977 5470 2174 5526 idcirco

599 5557 790 5628 dignus
813 5558 907 5612 fuit
935 5558 1167 5626 habitus,
1199 5558 1290 5629 qui
1315 5559 1559 5629 ampliori
1589 5559 1767 5616 divino
1795 5561 1992 5616 auxilio
2021 5562 2172 5631 adju-

597 5655 826 5700 vetetur.
875 5649 1001 5704 Nam
1034 5652 1149 5710 haec
1173 5665 1290 5722 quae
1319 5661 1632 5718 evenerunt,
1655 5653 1984 5721 exercitatio,
2011 5661 2068 5707 ut
2099 5653 2163 5708 ita

1277 341 1280 344 ,
1346 283 1402 338 S.
1442 278 1717 337 JOANNIS
1741 276 2213 335 CHRYSOSTOMI
2241 276 2560 334 ARCIIIEP.
2588 276 3112 336 CONSTANTINOP.
3823 285 3918 341 mi

2315 386 2508 451 dicam,
2533 389 2740 445 virtutis
2774 391 2903 460 justi
2941 392 3106 446 fuere.
3146 391 3278 447 Dicit
3302 394 3442 447 enim
3467 413 3478 445 :
3503 393 3594 447 23.
3629 393 3917 466 Profectu

2315 476 2472 541 illinc,
2501 479 2627 548 fodit
2653 488 2856 548 puteum
2893 482 3068 545 alium,
3119 492 3164 535 et
3202 499 3302 535 non
3342 486 3715 538 contenderunt
3763 504 3916 555 sup:

2313 567 2400 619 illo
2427 583 2446 620 :
2475 577 2520 621 et
2541 572 2877 638 agnominavit
2905 589 3081 626 nomen
3103 577 3208 643 ejus
3232 614 3247 636 ,
3276 573 3645 638 Latitudinem,
3683 577 3886 632 dicens

2315 655 2446 720 Quia
2473 674 2603 710 nunc
2625 659 2851 712 dilatavit
2873 678 2964 714 nos
2992 660 3240 715 Dominus
3261 703 3274 728 ,
3307 673 3352 716 et
3378 680 3599 718 crescere
3644 683 3749 721 nos
3802 667 3918 736 feci

2311 763 2462 815 super
2494 757 2676 801 terram
2687 789 2701 802 .

2381 835 2434 888 5.
2477 835 2660 890 Gratus
2680 841 2876 893 animus
2906 837 3096 894 Isaaci.
3135 839 3272 896 Deus
3301 843 3449 912 exigit
3476 854 3528 897 ut
3549 847 3761 914 gratias
3786 864 3918 917 aga-

2310 942 2419 977 mus
2458 957 2529 966 —
2553 926 2684 982 Vide
2699 937 2902 998 gratum
2931 932 3162 986 animum
3188 933 3334 1003 justi.
3355 934 3484 988 Nam
3523 953 3648 990 cum
3689 940 3918 1006 priore:

2309 1013 2478 1069 {entes
2499 1015 2726 1086 diripere
2741 1028 3128 1083 tentarent,non
3147 1038 3284 1091 aegre
3298 1025 3431 1089 tulit,
3453 1040 3555 1079 non
3577 1027 3918 1084 obluctatus

2307 1115 2385 1158 est
2409 1123 2422 1158 :
2446 1105 2600 1160 sedin
2618 1107 2727 1162 sola
2748 1118 3021 1176 puteorum
3043 1113 3397 1182 appellatione
3419 1117 3640 1171 malitia:
3672 1119 3917 1174 illorum

2308 1195 2639 1253 indelebilem
2654 1200 2860 1271 reliquit
2878 1205 3203 1258 memoriam.
3227 1204 3321 1259 llic
3337 1222 3462 1261 vero
3476 1210 3596 1277 quia
3620 1210 3771 1264 nulla
3797 1212 3918 1266 fue-

2307 1296 2424 1340 runt
2452 1288 2743 1354 obstacula,
2764 1291 2856 1345 sed
2880 1307 3002 1347 cum
3031 1297 3175 1349 omni
3203 1297 3445 1352 libertate
3472 1300 3757 1355 laboribus
3792 1308 3916 1356 suis

2306 1375 2402 1430 frui
2423 1377 2586 1441 licuit,
2611 1388 2774 1433 totum
2805 1381 2985 1434 tribuit
3016 1383 3142 1438 Deo.
3171 1383 3372 1438 Vocavit
3391 1387 3554 1454 enim,
3575 1389 3782 1460 inquit,
3811 1412 3914 1460 pu-

2304 1474 2434 1518 team
2456 1467 2616 1532 illum,
2641 1467 2971 1524 La!itudinem
2997 1488 3016 1525 :
3043 1481 3095 1527 et
3115 1473 3304 1529 deinde
3326 1475 3708 1545 interpretatus
3737 1496 3910 1533 voca-

2304 1555 2515 1619 bulum,
2548 1557 2673 1612 dcit
2702 1579 2712 1610 :
2747 1561 2966 1630 Propter
3022 1565 3119 1618 hoc
3153 1564 3505 1621 Latitudinem
3553 1585 3722 1635 voco,
3762 1572 3909 1638 Quia

2301 1645 2527 1700 dilatavit
2569 1647 2812 1704 Dominus
2854 1662 2901 1706 et
2930 1655 3070 1708 auxit
3100 1672 3190 1708 nos
3233 1674 3383 1724 super
3429 1669 3634 1714 terram.
3699 1663 3823 1715 Vidi
3865 1667 3902 1718 ti

2301 1737 2440 1805 piam
2475 1746 2724 1805 mentem,
2753 1741 3018 1809 quomodo
3065 1761 3170 1798 non
3213 1745 3349 1800 facta
3391 1750 3665 1806 mentione
3711 1761 3902 1807 tanta-

2301 1844 2416 1883 rum
2442 1829 2803 1886 difficultatum
2841 1850 2958 1903 qiue
3006 1835 3337 1902 antiterant,
3369 1840 3631 1896 bonorum
3679 1853 3899 1899 tantum

2299 1921 2556 1984 meminit,
2591 1930 2644 1976 et
2673 1937 2767 1990 pro
2800 1923 2904 1978 illis
2947 1927 3146 1992 gratias
3176 1928 3282 1982 Deo
3306 1931 3448 1999 agit,
3479 1933 3676 1986 etdieit
3705 1951 3717 1985 :
3756 1936 3899 2002 Quia

2297 2007 2524 2062 dilatavit
2551 2009 2792 2064 Dominus
2813 2031 2922 2076 nos,
2955 2025 2999 2066 et
3028 2017 3170 2068 auxit
3192 2034 3282 2070 nos
3310 2036 3462 2087 super
3481 2024 3712 2076 terram?
3742 2024 3892 2078 Nihil

2301 2100 2442 2154 enim
2484 2109 2588 2153 tam
2633 2114 2904 2171 acceptum
2936 2103 3062 2169 Deo,
3088 2113 3142 2158 ut
3167 2107 3339 2160 anima
3391 2118 3536 2177 grata
3581 2118 3638 2164 et
3685 2115 3894 2180 gratias

2301 2204 2484 2256 agens.
2531 2190 2662 2244 Nam
2733 2209 2851 2246 cum
2930 2194 3221 2250 innumeris
3293 2197 3570 2254 beneficiis
3641 2205 3892 2270 quotidie

2297 2295 2479 2336 Omnes
2511 2298 2606 2336 nos
2634 2293 3010 2354 prosequatur,
3052 2286 3165 2340 sive
3209 2288 3436 2342 velimus
3461 2289 3578 2344 sive
3605 2293 3846 2348 nolimus
3871 2337 3885 2359 ,

2297 2371 2410 2426 sive
2435 2387 2495 2426 ea
2525 2373 2754 2428 sciamus
2783 2376 2892 2429 sive
2937 2376 3259 2444 ignoremus,
3290 2379 3418 2431 nihil
3455 2389 3630 2435 tamen
3657 2382 3804 2436 aliud
3856 2402 3884 2438 a

2297 2463 2447 2517 nobis
2467 2463 2651 2533 exigit,
2691 2479 2848 2532 quam
2878 2475 2933 2518 ιιι
2969 2465 3255 2522 habeamus
3279 2470 3499 2537 gratiam
3529 2487 3625 2538 pro
3663 2472 3725 2524 iis
3763 2489 3887 2540 qua:

2295 2553 2448 2606 nobis
2474 2568 2728 2608 concessa
2760 2564 2902 2622 sunt,
2930 2566 2986 2610 ut
3010 2573 3104 2625 pro
3135 2557 3220 2610 illa
3250 2558 3360 2627 ipsa
3391 2561 3678 2629 gratiarum
3711 2565 3885 2617 aetio-

2297 2660 2362 2698 ne
2393 2645 2458 2698 ad
2487 2646 2739 2714 ampliora
2766 2646 2936 2700 danda
2972 2662 3306 2717 provocetur.
3337 2651 3447 2704 lloe
3475 2662 3528 2706 ut
3561 2655 3700 2707 scias
3719 2697 3733 2720 ,
3763 2656 3883 2710 vide

2297 2735 2564 2804 quomodo
2585 2737 2761 2804 justus
2791 2736 2880 2791 ille
2908 2739 3042 2806 grati
3069 2739 3350 2793 admodum
3386 2742 3547 2796 animi
3573 2759 3730 2798 causa
3778 2747 3876 2800 dc-

2293 2839 2400 2878 nuo
2424 2838 2712 2895 supernum
2743 2827 2998 2881 meruerit
3031 2829 3220 2882 visum.
3254 2830 3382 2884 Nam
3407 2835 3653 2901 quoniam
3685 2837 3870 2890 condi-

2292 2929 2450 2986 gnum
2481 2930 2591 2969 sua:
2617 2915 2822 2970 virtutis
2851 2917 3118 2985 specimen
3149 2919 3483 2986 exhibuerat,
3510 2931 3562 2975 et
3588 2924 3724 2991 apud
3767 2925 3872 2978 Ge‘

2291 3023 2533 3073 rarenos,
2560 3017 2612 3062 et
2638 3024 2755 3062 eum
2785 3024 2875 3062 rex
2899 3024 3019 3063 eum
3047 3011 3358 3078 expelleret,
3383 3021 3436 3066 et
3462 3027 3591 3074 cum,
3629 3023 3868 3082 pastores

2292 3109 2479 3169 puteos
2500 3100 2768 3155 auferrent
2797 3117 2810 3153 :
2844 3101 3099 3171 benignus
3134 3103 3386 3157 Dominus
3408 3104 3568 3158 veluti
3587 3107 3868 3159 coatirma-

2292 3197 2439 3243 turus
2465 3189 2579 3258 ejus
2608 3189 2934 3245 alacritatem
2957 3232 2972 3256 ,
3002 3191 3110 3258 jatn
3142 3191 3226 3246 ob
3251 3193 3509 3262 insignem
3538 3195 3677 3248 illam
3710 3211 3857 3248 man-

2289 3280 2621 3334 S'tetudinem
2670 3295 2788 3332 eum
2833 3291 3104 3348 acceptum
3147 3280 3392 3336 habens:
3439 3293 3713 3353 postquam
3768 3286 3860 3340 ‘23.

2293 3369 2525 3422 Ascendit
2570 3370 2710 3423 illinc
2753 3369 2820 3422 ad
2871 3382 3074 3440 puteum
3109 3373 3387 3442 juramenti
3410 3417 3422 3437 ,
3453 3374 3543 3428 2L
3576 3377 3702 3429 visus
3725 3389 3792 3428 est
3816 3381 3864 3431 ei

2291 3459 2533 3513 Dominus
2560 3460 2610 3512 in
2636 3470 2778 3514 nocte
2801 3461 2909 3526 illa,
2935 3472 2980 3514 et
2997 3463 3122 3516 dixit
3148 3479 3166 3517 :
3195 3462 3303 3533 Ego
3319 3480 3430 3516 sum
3456 3465 3588 3519 Deus
3608 3465 3862 3519 Abraham

2288 3564 2390 3623 pati
2403 3555 2444 3606 is
2472 3554 2563 3619 tui,
2597 3570 2657 3606 ne
2679 3554 2853 3605 lituras
2887 3569 2904 3607 :
2929 3565 3087 3606 tecum
3111 3557 3392 3617 enimsunt,
3417 3568 3461 3609 et
3482 3556 3758 3610 benedicam
3785 3568 3853 3622 te,

2287 3655 2331 3697 et
2363 3643 2700 3714 multiplicabo
2725 3661 2891 3697 semen
2945 3655 3083 3697 tuum
3141 3655 3341 3715 propter
3370 3647 3620 3698 Abraham
3670 3657 3856 3715 patrem

2287 3744 2446 3787 tuum.
2492 3733 2638 3788 Visus
2689 3743 2759 3789 est
2802 3735 2866 3797 ei,
2905 3735 3093 3804 inquit,
3126 3735 3176 3788 in
3217 3746 3361 3788 nocte
3408 3735 3518 3789 illa.
3573 3737 3856 3790 Considera

2289 3825 2379 3878 Dei
2406 3824 2849 3879 sollicitudinem:
2883 3833 2939 3878 ut
2970 3825 3116 3878 illum
3147 3825 3407 3880 refoeillet
3438 3841 3501 3880 ac
3533 3827 3853 3882 lidentiorent

2287 3914 2490 3979 reddat,
2521 3924 2741 3986 apparet
2767 3915 2834 3979 ei,
2866 3926 2917 3970 et
2941 3915 3102 3970 dicit:
3140 3915 3246 3987 Ego
3291 3934 3399 3971 sum
3443 3916 3577 3971 Deus
3603 3917 3856 3969 Abraham.

2284 4007 2443 4076 patris
2472 4007 2568 4068 tui,
2602 4016 2802 4074 patrem
2833 4015 2976 4058 tuum
3018 4006 3305 4075 glorificavi
3334 4017 3386 4060 et
3423 4007 3557 4060 adeo
3597 4006 3852 4060 celebrem

2287 4095 2524 4161 reddidi,
2582 4111 2646 4150 ac
2701 4098 3031 4165 peregrinum
3090 4097 3453 4166 advenamque
3523 4096 3847 4150 illustriorem

2283 4187 2528 4241 omnibus
2555 4187 2741 4241 incolis
2765 4185 2888 4242 feci.
2928 4188 3036 4256 Ego
3054 4203 3171 4242 sum
3204 4188 3292 4242 ille
3319 4229 3330 4253 ,
3359 4189 3446 4258 qui
3477 4186 3620 4241 hunc
3639 4187 3706 4241 ita
3730 4201 3847 4242 cre-

2282 4297 2432 4338 scere
2453 4282 2650 4345 curavi,
2675 4292 2728 4336 et
2750 4282 2801 4335 in
2841 4283 3085 4335 omnibus
3139 4296 3321 4334 curam
3373 4281 3489 4347 ejus
3548 4279 3703 4350 gessi.
3743 4281 3847 4350 Ego

2283 4389 2439 4430 sum:
2471 4374 2550 4426 Ne
2580 4375 2734 4442 igitur
2755 4376 2947 4428 timeas.
2979 4373 3112 4440 Quid
3135 4373 3232 4428 sibi
3255 4373 3527 4438 vnltillud,
3553 4372 3632 4426 Ne
3650 4373 3848 4428 timeas!

2281 4464 2357 4518 Ne
2381 4465 2471 4518 tibi
2514 4467 2705 4519 mirum
2733 4466 3132 4535 videaturquod
3184 4467 3251 4520 ab
3303 4466 3611 4521 Abimelech
3652 4466 3720 4518 sis
3757 4483 3845 4520 ex-

2280 4555 2482 4625 pulsus,
2514 4555 2651 4626 quod
2680 4570 2709 4608 a
2741 4557 3039 4623 pastoribus
3069 4557 3143 4611 sis
3199 4555 3388 4626 2..juria
3434 4555 3668 4610 affectus.
3695 4554 3839 4609 Multa

2283 4648 2404 4702 talia
2435 4657 2486 4702 et
2512 4657 2660 4718 pater
2686 4655 2807 4702 tuus
2834 4647 3069 4717 pertulit,
3094 4658 3149 4705 et
3185 4649 3306 4705 inde
3333 4648 3609 4719 gloriosior
3642 4647 3839 4702 effectus

2281 4749 2381 4790 est.
2439 4737 2516 4792 Ne
2570 4738 2854 4805 igttut‘hoc
2892 4747 2944 4794 te
2982 4746 3217 4795 terreat:
3253 4739 3359 4811 Ego
3385 4740 3514 4793 enim
3541 4752 3689 4793 tecum
3717 4756 3835 4792 sum.

2283 4828 2480 4884 idcirco
2504 4830 2615 4883 haec
2647 4830 2756 4883 fieri
2785 4832 3051 4899 permitto,
3086 4833 3240 4885 simul
3282 4833 3464 4885 volens
3493 4841 3548 4885 et
3578 4831 3836 4885 declarare

2282 4929 2423 4974 tuam
2451 4922 2697 4973 virtutem
2722 4959 2738 4985 ,
2767 4931 2821 4974 et
2848 4923 3174 4975 manifestari
3220 4924 3414 4975 mentis
3442 4922 3650 4976 illorum
3678 4924 3836 4991 pravi-

2281 5019 2462 5075 tatem,
2487 5019 2541 5063 ιιι
2565 5009 2754 5063 horum
2783 5011 3020 5064 omnium
3059 5024 3218 5064 causa
3265 5020 3315 5065 te
3353 5026 3635 5074 coronem;
3664 5011 3832 5064 Tecum

2280 5102 2408 5156 enim
2439 5117 2567 5154 sum.
2605 5100 2727 5156 Ideo
2775 5111 2828 5156 et
2878 5102 3102 5154 invictus
3129 5101 3256 5164 eris,
3284 5111 3440 5170 atque
3491 5101 3832 5155 infestmttbus

2282 5195 2564 5265 potentior,
2599 5203 2652 5246 et
2683 5192 3054 5246 invadentibus
3085 5190 3291 5246 fortior.
3323 5192 3390 5246 Et
3433 5201 3627 5245 tantam
3651 5191 3716 5245 tui
3743 5206 3827 5244 cu-

2281 5302 2393 5340 ram
2448 5285 2671 5350 habebo,
2708 5294 2765 5338 ut
2811 5283 3098 5338 invidiosus
3144 5283 3246 5337 illis
3291 5285 3364 5338 sis
3418 5283 3624 5337 futurus
3676 5301 3686 5334 :
3734 5281 3827 5352 Ego

2280 5382 2410 5433 enim
2442 5387 2602 5432 tecum
2643 5395 2754 5432 sum
2781 5419 2794 5443 ,
2829 5387 2873 5431 et
2912 5377 3200 5430 benedicam
3230 5387 3276 5430 te
3299 5420 3312 5442 ,
3337 5388 3382 5430 et
3410 5375 3733 5446 multiplicabo
3755 5391 3825 5427 sc—

2281 5485 2392 5522 men
2445 5479 2584 5521 tuum
2613 5477 2814 5539 propter
2843 5467 3094 5520 Abraham
3123 5478 3312 5536 patrem
3342 5477 3502 5518 tuum.

2352 5559 2487 5614 Deus
2508 5577 2597 5614 cur
2618 5575 2668 5613 se
2694 5561 2826 5612 dicat
2849 5557 3011 5612 Deum
3041 5557 3330 5611 Abrahami.
3359 5585 3426 5595 -
3453 5555 3720 5610 Considera
3747 5554 3822 5604 he-

2283 5654 2588 5725 nignitatcm
2638 5653 2748 5708 Dei.
2782 5651 2910 5706 Nam
2957 5660 3230 5721 postquam
3257 5648 3416 5714 dixit,
3451 5648 3556 5718 Ego
3587 5663 3680 5700 sum
3708 5645 3820 5700 Deut
