4150 6206
330 280 427 335 Mil

334 388 547 445 Aura/uc
568 387 725 457 patris
748 386 838 452 tui,
867 398 915 440 et
946 383 1175 439 ostendit
1200 389 1465 452 quomodo
1486 383 1583 437 sibi
1609 383 1909 437 vindicave-

338 482 429 541 rit,
458 479 835 547 propriumque
866 479 1043 533 fecerit
1079 476 1450 546 patriarcham.
1483 478 1551 530 ita
1583 485 1640 530 ut
1668 476 1915 545 dignatus

338 574 406 625 sit
436 585 493 625 se
523 585 714 625 vocare
742 572 903 624 Deum
932 569 1157 624 Abrahae
1179 611 1194 633 ,
1225 577 1383 639 atque
1416 568 1667 623 Dominus
1694 583 1757 622 ac
1784 584 1916 622 cnn-

330 663 481 716 ditor
505 662 673 721 orbis.
698 660 851 715 unius
878 659 1106 713 hominis
1135 660 1297 714 Deum
1328 675 1387 714 se
1414 659 1626 723 dixerit,
1653 675 1756 712 non
1784 673 1915 712 con-

338 754 561 809 cludens
578 753 626 807 in
643 768 742 806 uno
762 750 1052 820 patriarcha
1070 751 1358 805 dominium
1376 767 1551 817 suum,
1568 752 1657 805 sed
1675 764 1916 820 magnam

343 843 398 897 in
427 842 571 896 illum
600 856 747 895 suam
774 840 1193 895 benevolentiam
1224 848 1527 894 monstrans
1560 858 1572 892 :
1604 840 1694 902 ita,
1726 839 1915 908 inquit,

326 946 455 984 eum
492 931 615 985 mihi
647 931 742 985 feci
775 932 1067 1001 proprium,
1099 941 1155 985 ut
1181 931 1317 1000 apud
1343 946 1427 986 me
1458 939 1726 1001 reputetur
1754 931 1915 996 tanti,

342 1023 520 1091 quanti
549 1022 636 1077 alii
666 1037 853 1078 omnes
883 1039 898 1077 :
945 1022 1065 1076 ideo
1110 1021 1174 1076 Et
1210 1022 1551 1092 multiplicabo
1577 1038 1740 1076 semen
1778 1032 1919 1075 tuum

338 1122 548 1181 propter
574 1112 827 1167 Abraham
854 1123 1043 1183 patrem
1066 1121 1225 1166 tuum.
1256 1113 1460 1173 Multas,
1494 1112 1690 1179 inquit,
1720 1113 1791 1167 illi
1823 1112 1917 1167 de—

344 1204 445 1257 beo
469 1203 843 1258 retributiones
869 1203 939 1257 ob
969 1218 1117 1258 suam
1148 1203 1197 1255 in
1226 1218 1312 1258 me
1338 1202 1689 1258 obedientiam
1719 1220 1732 1257 :
1765 1203 1920 1272 igitur

341 1303 560 1363 propter
585 1295 728 1349 illum
756 1293 1105 1364 .llultiplicabo
1128 1311 1291 1348 semen
1312 1304 1493 1357 tuum;
1520 1295 1675 1348 simul
1697 1302 1750 1347 et
1775 1294 1918 1362 justo

344 1385 587 1439 llduciam
630 1385 853 1451 indidit,
884 1394 938 1441 et
972 1386 1105 1441 facta
1137 1386 1297 1454 patris
1323 1388 1591 1440 mentione
1616 1426 1631 1450 ,
1658 1385 1724 1439 ad
1754 1400 1917 1437 temu-

340 1476 550 1531 landam
569 1488 834 1547 paternam
850 1479 1092 1532 virtutem
1109 1479 1427 1546 provocavit.
1446 1478 1728 1546 Postquam
1743 1485 1917 1531 autem

343 1577 483 1621 tanta
506 1569 552 1622 ei
572 1568 703 1623 bona
724 1570 982 1638 promisit,
999 1570 1089 1624 25.
1107 1568 1425 1636 lEdiﬁeavit,
1449 1569 1636 1638 inquit.
1655 1569 1721 1622 ibi
1737 1570 1915 1633 altare,

339 1668 385 1711 et
427 1658 670 1714 invocavit
700 1677 878 1713 nomen
908 1660 1143 1722 Domini,
1174 1669 1219 1712 et
1258 1660 1367 1727 ﬁn't
1406 1661 1510 1714 illic
1547 1662 1919 1715 tabernaculum

337 1765 509 1805 suum.
530 1749 663 1816 Quid
681 1760 781 1812 est,
804 1750 1101 1817 ﬁdi/irati:
1121 1751 1224 1805 illic
1240 1752 1433 1805 altare?
1448 1751 1745 1806 Gratiarum
1765 1752 1921 1807 aetio-

334 1854 458 1904 ncs,
475 1840 663 1908 inquit,
680 1841 785 1893 illic
802 1840 1022 1895 Domino
1037 1841 1240 1905 obtulit,
1256 1843 1343 1910 qui
1361 1851 1553 1896 tantam
1570 1858 1663 1912 pro
1675 1859 1733 1897 se
1744 1858 1923 1911 gesse-

339 1936 422 1980 rat
441 1929 872 1984 sollicitudinem.
900 1931 965 1983 Et
986 1932 1220 2002 foderunt
1240 1933 1343 1986 illic
1359 1934 1501 2002 pueri
1525 1932 1677 1987 Isaac
1695 1945 1917 2003 puteum.

346 2017 566 2071 Demum
607 2034 726 2073 cum
761 2022 1051 2076 secnritare
1081 2022 1225 2091 degit
1249 2023 1425 2091 justus
1458 2044 1470 2079 :
1504 2040 1624 2078 nam
1653 2026 1739 2094 qui
1768 2025 1918 2080 dixe-

344 2118 419 2161 rat
446 2149 459 2173 ,
499 2109 607 2180 Ego
638 2121 797 2164 tecum
821 2128 963 2177 sum,
996 2121 1042 2165 et
1079 2112 1365 2167 benedicam
1392 2123 1468 2181 te,
1498 2124 1544 2167 et
1578 2116 1921 2183 multiplicabo

339 2216 508 2253 semen
532 2212 669 2254 tuum
695 2218 713 2254 :
742 2202 853 2270 ipse
879 2203 1034 2257 simul
1055 2220 1175 2259 eum
1199 2214 1251 2260 et
1280 2206 1577 2271 illustravit,
1604 2214 1659 2262 et
1679 2208 1922 2262 omnibus

344 2288 465 2345 fecit
506 2292 867 2360 spectabilem.
916 2293 1095 2363 Itaque
1124 2295 1241 2349 vide
1273 2296 1577 2351 Abimelech
1612 2298 1757 2352 illum
1788 2339 1802 2361 ,
1831 2299 1921 2366 qui

340 2382 559 2451 abigere
586 2399 703 2437 eum
733 2399 1010 2455 aggressus
1040 2395 1142 2451 est,
1168 2401 1229 2441 ac
1254 2387 1406 2452 dixit,
1433 2387 1527 2441 Abi
1547 2405 1577 2440 a
1600 2388 1757 2454 nobis,
1782 2403 1922 2443 nunc

335 2475 406 2527 ad
435 2490 555 2529 eum
587 2476 942 2531 accedentem.
973 2478 1061 2533 26.
1090 2478 1187 2531 Ivit
1216 2480 1377 2545 enim,
1404 2480 1586 2549 inquit,
1614 2479 1920 2546 Abimelccli,

336 2576 388 2617 et
418 2571 685 2635 pra'fectus
711 2569 931 2637 gynaecei
956 2577 1001 2621 et
1024 2568 1129 2622 dua:
1152 2570 1394 2624 exercitus
1422 2571 1565 2638 ejus;
1594 2569 1683 2623 28.
1718 2579 1764 2622 et
1794 2570 1925 2623 dixit

340 2656 413 2708 cis
449 2656 599 2709 Isaac
642 2672 660 2709 :
697 2658 867 2721 Quare
904 2658 1104 2713 venistis
1143 2660 1211 2711 ad
1243 2659 1362 2712 me?
1390 2675 1474 2713 vos
1505 2669 1672 2712 autem
1700 2660 1817 2712 odio
1846 2675 1924 2712 me

345 2744 609 2812 habuistis,
640 2757 687 2801 et
714 2748 975 2818 expulistis
1004 2766 1036 2803 a
1061 2749 1215 2804 vobis.
1253 2749 1411 2814 Vide,
1440 2750 1665 2805 obsecro
1684 2792 1697 2810 .
1726 2760 1920 2820 quanta

336 2838 415 2891 sit
435 2838 784 2893 mansuetudo
801 2840 949 2908 justi.
975 2840 1170 2897 Videns
1190 2856 1282 2897 eos
1300 2857 1330 2895 a
1352 2841 1541 2911 quibus
1563 2841 1768 2911 fugatus
1785 2849 1919 2909 erat,

338 2935 397 2980 et
426 2928 517 2997 qui
544 2938 688 2982 tanto
713 2943 833 2983 eum
855 2930 979 2984 odio
1005 2929 1212 2985 fuerant
1241 2932 1568 2999 prosequuti,
1592 2946 1731 2985 nunc
1757 2930 1920 2985 veluti

342 3018 612 3085 supplices
638 3018 704 3073 ad
731 3034 788 3073 se
811 3019 1011 3084 venire,
1037 3034 1138 3074 non
1159 3019 1450 3089 superbivit
1475 3030 1657 3075 contra
1678 3036 1790 3084 eos,
1816 3035 1920 3075 non

344 3107 485 3160 elato
515 3107 610 3161 fuit
658 3109 855 3176 animo,
912 3124 1116 3164 memor
1169 3126 1353 3165 eorum
1400 3126 1518 3179 qua:
1561 3111 1658 3166 sibi
1688 3126 1717 3164 a
1745 3112 1924 3167 Domi-

342 3213 415 3252 no
444 3200 582 3253 dicta
625 3199 826 3255 fuerant
852 3243 866 3265 ,
897 3216 1067 3271 neque
1098 3200 1288 3256 virtute
1317 3201 1520 3256 Domini
1554 3202 1717 3257 fretus
1751 3203 1923 3257 insur-

345 3289 480 3341 rexit
527 3298 708 3343 contra
740 3306 917 3359 regem
948 3307 961 3342 :
990 3291 1081 3345 sed
1120 3292 1309 3346 iterum
1338 3302 1645 3347 consuetam
1678 3309 1923 3349 mansue-

346 3378 581 3433 tudinem
610 3394 716 3448 pra:
738 3394 797 3434 se
824 3380 1020 3447 ferens,
1045 3397 1163 3436 cum
1193 3398 1378 3453 magna
1402 3383 1617 3439 lenitate
1638 3385 1920 3440 verborum

343 3464 477 3520 dixit
515 3468 594 3522 eis
626 3486 639 3521 :
670 3467 839 3533 Quare
875 3470 1073 3524 venistis
1103 3472 1171 3524 ad
1212 3488 1290 3524 me
1320 3472 1346 3525 ?
1374 3489 1458 3526 vos
1487 3485 1653 3527 autem
1691 3475 1808 3528 odio
1846 3492 1924 3530 me

343 3557 617 3622 habuistis,
652 3570 697 3614 et
723 3576 753 3614 a
777 3562 911 3616 vobis
929 3564 1207 3633 expulistis.
1239 3564 1444 3630 Quare,
1479 3566 1643 3635 inquit
1663 3608 1676 3631 ,
1707 3569 1919 3622 censui-

343 3650 439 3701 stis
476 3659 535 3703 ut
562 3652 711 3704 vobis
738 3653 1051 3706 veniendum
1091 3655 1156 3707 sit
1197 3655 1261 3709 ad
1296 3672 1379 3710 me
1410 3659 1684 3724 οχμυιειιιη
1716 3668 1767 3713 et
1797 3659 1918 3714 odio

344 3738 621 3793 habitum?
646 3742 733 3796 ‘28.
766 3742 831 3795 Et
862 3744 1094 3797 dixerunt
1123 3761 1139 3797 :
1178 3744 1405 3799 l'identcs
1436 3748 1646 3801 vidimus
1672 3751 1786 3816 quia
1814 3750 1920 3804 Do-

340 3832 510 3883 minus
554 3841 747 3896 tecum,
780 3842 825 3885 et
856 3834 1071 3885 diximus
1098 3851 1116 3887 :
1142 3833 1261 3887 Fiat
1302 3838 1570 3889 exsecratio
1601 3839 1728 3892 inter
1758 3856 1847 3892 nos
1873 3848 1921 3893 ct

341 3921 471 3973 inter
500 3931 576 3986 te,
611 3932 656 3976 et
683 3922 1002 3990 disponemus
1034 3924 1195 3994 foedus
1224 3934 1421 3991 tecum,
1453 3926 1540 3980 29.
1572 3938 1624 3979 ut
1650 3944 1710 3982 ne
1745 3928 1921 3996 feceris

343 4011 599 4063 nubimum
626 4013 812 4065 malum
829 4056 842 4076 ,
868 4015 995 4068 sicut
1026 4030 1114 4067 nos
1144 4031 1243 4068 non
1271 4017 1545 4070 abominati
1569 4034 1739 4071 sumus
1764 4028 1841 4085 te,
1874 4030 1921 4073 et

343 4106 588 4170 quomodo
620 4119 779 4162 tecum
820 4110 939 4164 bene
975 4128 1146 4166 smnus
1185 4115 1262 4166 usi
1287 4156 1300 4178 ,
1329 4125 1374 4167 ct
1420 4116 1697 4171 dimisimus
1727 4127 1772 4171 te
1807 4135 1920 4173 cum

347 4214 488 4263 pace,
520 4208 566 4250 ct
593 4217 723 4253 nunc
750 4202 1030 4256 benedictus
1059 4215 1109 4257 tu
1139 4222 1171 4258 a
1199 4205 1436 4261 Domino.

415 4290 469 4341 4.
517 4289 641 4343 Vide
669 4301 917 4359 quantum
946 4299 1362 4352 mansuetudinis
1391 4301 1550 4354 robur
1574 4343 1587 4367 ,
1621 4314 1919 4374 quantaque

346 4377 553 4433 virtutis
594 4384 846 4449 potentia.
892 4385 1021 4439 Nam
1050 4387 1137 4456 qui
1181 4390 1382 4457 pridem
1426 4392 1749 4462 abcgcrant,
1780 4411 1919 4451 nunc

344 4465 559 4517 veniunt
586 4464 649 4518 ad
684 4470 1014 4538 peregrinum
1036 4512 1049 4531 ,
1078 4474 1142 4526 ad
1174 4475 1339 4527 virum
1368 4477 1579 4532 civitate
1608 4490 1873 4535 carentem
1897 4522 1912 4546 ,

342 4553 405 4605 ad
447 4570 688 4608 erronem
721 4578 732 4610 :
762 4568 815 4611 et
845 4574 947 4612 non
975 4562 1143 4614 solum
1169 4564 1533 4626 satisfaciunt.
1568 4583 1630 4621 ac
1662 4580 1917 4624 excusant

340 4659 399 4700 se
443 4646 510 4701 de
555 4647 617 4701 iis
654 4664 772 4716 quae
811 4655 1218 4719 comnnScrant,
1247 4667 1297 4711 et
1339 4671 1671 4726 peccaturum
1705 4661 1914 4716 veniam

346 4746 548 4804 mlunt,
579 4739 671 4793 sed
700 4750 748 4793 et
785 4743 1069 4808 prmdicant
1090 4745 1308 4816 justum,
1344 4752 1678 4822 indicantqne
1706 4755 1807 4809 sibi
1837 4755 1916 4809 in-

343 4844 556 4884 cussum
583 4842 801 4894 metum,
833 4849 893 4890 ac
920 4834 1236 4890 confitentur
1260 4856 1406 4893 suam
1439 4843 1796 4898 infirmitatem
1818 4887 1831 4909 ,
1863 4854 1915 4899 et

338 4920 466 4987 justi
490 4938 731 4993 magnam
759 4933 1019 4979 testantur
1040 4927 1306 4982 virtutem.
1332 4930 1463 4997 Quid
1488 4935 1626 4987 cnim
1650 4936 1915 4991 robustius

344 5028 408 5065 eo
455 5015 539 5082 qui
579 5031 759 5071 secum
804 5016 963 5072 habet
1002 5018 1201 5072 Deum?
1254 5020 1517 5085 Videntes,
1549 5028 1752 5094 inquit,
1781 5029 1913 5097 quod

348 5100 591 5159 Dominus
612 5116 771 5161 tecum
798 5120 890 5162 est.
915 5108 1065 5165 Unde
1091 5109 1239 5163 vobis
1262 5110 1342 5164 illa
1372 5113 1626 5167 scientia?
1652 5117 1910 5184 Profecto,

344 5193 558 5260 dicunt,
590 5213 673 5252 res
704 5200 828 5269 ipsil'
858 5217 953 5254 nos
981 5201 1293 5258 docuerunt.
1325 5203 1561 5260 Vidimus
1592 5218 1641 5262 te
1670 5210 1912 5266 abactum

345 5283 673 5354 abigentibns
700 5289 967 5345 fortiorem
1000 5293 1192 5346 factum
1223 5307 1373 5357 esse,
1406 5305 1459 5348 et
1488 5306 1731 5351 vexatum
1764 5315 1854 5354 eos
1885 5317 1914 5355 a

346 5377 534 5442 qmbus
571 5379 830 5434 vexaliare
860 5396 1135 5450 superasse
1162 5424 1175 5446 ,
1208 5393 1262 5439 et
1289 5401 1351 5439 ex
1384 5402 1559 5440 rerum
1590 5388 1727 5442 serie
1760 5390 1905 5444 intel-

350 5466 568 5522 leximus
612 5480 662 5524 te
707 5487 937 5541 suiaernn
974 5472 1069 5527 frui
1111 5477 1324 5531 auxilio.
1376 5477 1487 5534 Hoc
1523 5489 1697 5533 autem
1726 5482 1915 5538 divina:

349 5556 399 5609 di
434 5562 749 5627 pensationis
774 5579 905 5633 opus
934 5573 1015 5619 est
1037 5606 1049 5627 ,
1076 5566 1217 5635 quod
1247 5583 1396 5623 mens
1423 5585 1605 5624 eorum
1631 5572 1915 5643 obstupue-

353 5658 419 5701 rn
444 5650 658 5719 justum,
692 5664 743 5709 et
768 5658 903 5725 quod
932 5658 1029 5713 hoc
1054 5662 1417 5729 Cognovcrint.
1448 5663 1703 5729 Quoniam
1731 5665 1908 5737 igitur,

1396 267 1455 321 IN
1498 267 1648 323 ΩΑΡ.
1690 265 1875 323 XXVI.
1918 264 2157 323 GENES.
2202 268 2427 325 llOMlL.
2471 268 2574 326 Lll.

3500 277 3604 333 462

2023 381 2209 451 inquit,
2241 383 2495 439 Dominus
2522 394 2717 451 tecum,
2749 382 2865 438 Fiat
2883 387 3157 441 exsecratio
3180 380 3436 444 inter'nos.
3467 392 3598 447 Vidn

2017 472 2286 540 quomodo
2308 474 2612 543 impellente
2632 475 2952 531 conscientia
2977 478 3292 548 semetipsos
3314 481 3605 550 reprehen-

2020 561 2147 617 dere
2178 562 2447 629 festinant,
2480 581 2599 619 cum
2633 567 2805 620 nullus
2828 567 2965 621 alius
2988 578 3161 638 cogat.
3191 569 3273 624 vel
3303 569 3434 624 facta
3460 570 3596 636 obji-

2020 654 2143 706 ciat.
2174 652 2302 707 Nam
2333 656 2431 708 nisi
2462 656 2703 724 injuriam
2730 656 3006 721 fecissetis,
3025 674 3187 726 quare
3205 674 3236 712 a
3254 661 3395 727 justo
3418 662 3595 730 petitis

2022 751 2079 795 ut
2109 742 2315 797 ineatur
2354 743 2561 799 fcedus?
2590 745 2693 800 Sed
2724 746 2794 799 ita
2824 762 2883 801 se
2911 746 3066 801 habet
3099 748 3350 828 injusti'tia
3380 768 3392 802 :
3422 753 3598 820 quoti-

2022 830 2108 885 die
2136 834 2457 888 couscientia
2485 835 2710 900 mordet,
2743 844 2796 890 et
2823 837 3010 891 silente
3039 852 3103 892 eo
3125 839 3213 909 qui
3237 838 3467 893 offensus
3492 849 3598 905 est,

2025 937 2233 991 pinnam
2265 934 2420 993 atque
2464 925 2719 980 rationem
2760 926 2898 996 exigi
2945 936 3133 997 putant
3169 930 3256 998 qui
3288 930 3598 998 injustitiam

2023 1025 2148 1070 sunt
2173 1018 2375 1085 operati
2406 1036 2419 1071 :
2442 1019 2680 1087 quotidie
2706 1031 2988 1090 anguntur,
3011 1031 3064 1075 et
3090 1023 3237 1091 quasi
3263 1024 3602 1094 sibimetipsis

2028 1109 2378 1175 prmscribnnt
2408 1120 2747 1177 peccatorum
2774 1126 2989 1165 suorum
3018 1113 3289 1168 ultionem.
3323 1114 3373 1168 Id
3401 1130 3519 1169 cum
3548 1125 3602 1170 cl

2026 1197 2096 1249 illi
2124 1197 2468 1257 didicissent.
2503 1200 2623 1265 Sit,
2656 1200 2932 1269 inquiunt,
2961 1204 3235 1257 exsecratio
3273 1205 3401 1257 inter
3442 1222 3531 1257 nos
3556 1215 3602 1258 et

2022 1287 2152 1339 inter
2196 1297 2260 1340 te.
2313 1288 2511 1342 Deinde
2552 1289 2733 1343 dicunt
2778 1291 2985 1359 qualem
3025 1294 3439 1347 exsecrationem
3488 1295 3597 1348 fieri

2024 1378 2207 1431 velint.
2241 1376 2307 1430 Et
2346 1379 2580 1432 inibimus
2624 1382 2787 1448 {tedas
2816 1392 2973 1434 tecum
2997 1421 3012 1446 ,
3046 1392 3099 1434 ut
3137 1400 3199 1436 ne
3242 1384 3417 1451 feceris
3460 1386 3601 1437 nobis

2024 1472 2250 1533 malum,
2280 1472 2408 1523 sicut
2446 1488 2537 1524 nos
2574 1489 2672 1525 non
2706 1490 2878 1526 sumus
2910 1484 2955 1527 te
2980 1474 3272 1528 abominati.
3308 1476 3436 1529 Vide
3464 1493 3600 1543 quo-

2025 1561 2181 1613 modo
2208 1562 2487 1630 pugnantia
2519 1562 2655 1615 inter
2682 1578 2739 1617 se
2768 1580 2875 1633 pne
2908 1564 3099 1617 montis
3128 1580 3322 1633 angore
3344 1576 3396 1618 et
3425 1567 3602 1618 turba-

2027 1650 2167 1703 tione
2191 1651 2477 1719 loquuntur
2506 1668 2521 1705 :
2554 1650 2634 1704 Ne
2663 1653 2836 1719 feceris
2876 1652 3017 1705 nobis
3060 1654 3268 1705 malum.
3314 1654 3485 1720 Quare
3524 1656 3600 1707 sic

2029 1743 2276 1795 timuistis
2310 1744 2549 1812 justum,
2583 1744 2821 1799 videntes
2859 1762 2978 1799 eum
3011 1755 3206 1800 tantam
3237 1764 3345 1817 pra:
3375 1764 3433 1802 se
3464 1749 3528 1803 fet
3545 1765 3602 1803 re

2024 1832 2481 1885 mansuetudinem
2511 1848 2632 1901 erga
2665 1849 2757 1888 eos
2786 1834 2872 1903 qui
2905 1835 3267 1889 lacessis-baut?
3296 1837 3399 1891 Sed
3432 1838 3604 1891 incor-

2026 1935 2208 1992 ruptus
2227 1923 2387 1993 jndex
2414 1966 2428 1989 ,
2456 1926 2775 1980 conscientia
2797 1969 2812 1993 ,
2845 1942 2938 1981 eos
2965 1928 3247 1992 excitavit,
3280 1940 3331 1983 et
3361 1928 3601 1983 animad-

2025 2023 2289 2067 verterunt
2320 2024 2571 2083 quantum
2604 2033 2727 2085 erga
2754 2018 2952 2086 justum
2984 2019 3173 2088 ingrati
3206 2019 3397 2073 fuerint
3427 2038 3440 2072 :
3474 2036 3600 2089 pro-

2027 2113 2208 2172 pterea
2246 2119 2352 2173 pra:
2384 2105 2570 2160 timore
2598 2119 2755 2176 atque
2782 2107 3064 2164 formidine
3105 2126 3206 2163 non
3241 2110 3517 2164 attendunt
3545 2126 3604 2165 se

2025 2194 2230 2248 diversa
2260 2203 2312 2247 et
2335 2197 2616 2264 pugnantia
2642 2198 2802 2267 loqui.
2838 2197 2918 2251 Ne
2943 2202 3117 2268 feceris
3136 2242 3151 2266 ,
3182 2202 3382 2270 inquit,
3413 2204 3601 2255 malum

2026 2284 2319 2349 nobiscum,
2352 2285 2481 2337 sicut
2526 2302 2615 2339 nos
2646 2299 2693 2340 te
2735 2304 2835 2341 non
2874 2288 3147 2342 abominati
3189 2308 3379 2345 sumus.
3427 2292 3603 2359 Quare

2028 2376 2185 2444 igitur
2209 2377 2496 2446 abegistis?
2541 2379 2731 2433 Verum
2771 2380 2946 2449 justus
2989 2398 3091 2435 non
3136 2384 3263 2451 petit
3302 2383 3558 2437 rationem
3582 2424 3597 2447 ,

2024 2481 2197 2535 neque
2227 2469 2523 2535 expostulat
2541 2508 2556 2531 ,
2592 2485 2760 2537 neque
2783 2486 2965 2525 eorum
2990 2471 3131 2527 dicta
3156 2474 3345 2543 arguit.
3374 2472 3440 2526 Et
3469 2491 3623 2544 (μισ-ν

2027 2560 2175 2608 modo
2198 2598 2211 2619 ,
2243 2558 2441 2626 inquit,
2474 2560 2594 2611 bene
2619 2569 2667 2612 te
2693 2561 2767 2612 usi
2794 2578 2967 2614 sumus
2990 2602 3003 2623 ,
3032 2571 3076 2615 et
3106 2563 3385 2617 dimisimus
3414 2574 3461 2618 te
3488 2582 3602 2618 cum

2027 2661 2151 2713 pace
2172 2686 2187 2709 ,
2234 2657 2279 2699 et
2310 2664 2442 2700 nunc
2470 2658 2524 2701 tu
2549 2648 2833 2704 benedictus
2860 2668 2892 2704 a
2931 2652 3168 2706 Domino.
3200 2654 3358 2708 Vides
3395 2671 3488 2710 eos
3514 2671 3603 2709 sn-

2027 2753 2243 2806 pernam
2284 2740 2564 2793 vindictam
2604 2742 2859 2797 timuisse.
2900 2743 3101 2798 Norant
3137 2746 3275 2799 enim
3306 2747 3444 2816 quod
3482 2748 3604 2803 licet

2028 2829 2139 2897 ipse
2164 2838 2378 2899 propter
2402 2831 2781 2886 humanitatem
2810 2848 2957 2887 suam
2988 2851 3090 2888 non
3123 2837 3463 2892 ulcisceretur
3482 2856 3601 2909 qua:

2026 2916 2298 2985 fecerant,
2327 2936 2447 2976 eum
2491 2931 2636 2976 certe
2662 2922 2751 2992 qui
2801 2933 2997 2979 tantam
3023 2926 3137 2993 ejus
3164 2941 3343 2980 curam
3373 2930 3562 2995 agebat
3586 2972 3601 2990 .

2028 3011 2372 3080 repetiturum
2401 3027 2519 3067 esse
2546 3014 2803 3069 rationem
2833 3030 3012 3069 eorum
3036 3031 3151 3085 quae
3177 3017 3443 3086 injustam
3466 3020 3599 3073 facta

2028 3101 2237 3158 fuerant
2268 3121 2280 3156 :
2311 3114 2593 3173 eaprontcr
2615 3106 2815 3174 justum
2860 3107 3106 3177 placant,
3150 3117 3205 3162 et
3231 3120 3438 3178 pactum
3468 3112 3601 3167 inire

2027 3208 2146 3248 cum
2187 3209 2252 3249 eo
2293 3195 2505 3249 student
2529 3238 2544 3258 ,
2576 3196 2733 3251 simul
2773 3207 2826 3252 et
2865 3214 2961 3268 pro
3008 3200 3070 3254 iis
3110 3216 3228 3270 qua:
3275 3200 3408 3256 [τοία
3448 3212 3603 3257 erant

2026 3284 2283 3339 rationem
2328 3286 2609 3341 reddentes
2633 3328 2647 3352 ,
2681 3298 2735 3343 et
2778 3289 2828 3343 in
2872 3288 3103 3344 futurum
3133 3293 3468 3346 securitatem
3500 3294 3601 3347 sibi

2026 3377 2388 3432 conciliantes.
2434 3379 2523 3433 50.
2555 3378 2619 3431 Et
2657 3380 2774 3449 fecit
2810 3381 2884 3434 eis
2908 3420 2924 3445 ,
2968 3382 3170 3451 inquit,
3213 3384 3524 3445 convivium,
3556 3393 3600 3435 et

2024 3470 2341 3523 comederunt
2366 3480 2410 3523 et
2435 3470 2661 3525 biberunt
2689 3488 2707 3525 :
2727 3472 2814 3526 3i.
2845 3482 2890 3526 et
2921 3490 3032 3527 cum
3058 3476 3387 3529 surrexissent
3418 3493 3560 3529 mane
3582 3518 3598 3543 ,

2016 3562 2209 3631 juravit
2234 3564 2573 3633 unusquisque
2601 3565 2827 3632 proximo
2857 3582 2948 3619 suo
2973 3607 2987 3629 ,
3016 3576 3060 3619 et
3086 3566 3273 3619 dimisit
3300 3584 3381 3621 eos
3409 3567 3559 3619 Isaac
3582 3608 3598 3632 ,

2024 3664 2070 3707 et
2100 3655 2429 3708 discesserunt
2456 3656 2517 3707 ab
2545 3672 2601 3709 eo
2628 3672 2741 3709 cum
2768 3658 2948 3711 salute.
2981 3657 3109 3711 Vide
3147 3659 3272 3725 justi
3303 3659 3599 3726 benignita-

2027 3755 2129 3798 tem
2158 3786 2172 3807 ,
2204 3746 2470 3813 quomodo
2495 3762 2613 3801 cum
2646 3749 2723 3801 eis
2752 3750 2950 3817 absque
2985 3750 3281 3802 vindicandi
3313 3751 3598 3818 cupiditate

2026 3835 2257 3904 loquitur
2287 3854 2298 3888 :
2329 3846 2380 3889 et
2411 3849 2514 3889 non
2551 3838 2719 3889 solum
2750 3838 3076 3891 obliviscitur
3104 3854 3287 3891 eorum
3317 3856 3434 3907 qme
3462 3840 3511 3891 in
3542 3853 3601 3894 se

2026 3928 2181 3990 facta,
2204 3927 2295 3981 sed
2326 3942 2510 3996 magna
2536 3927 2890 3995 hospitalitate
2919 3929 3034 3981 illos
3056 3930 3269 3998 excipit.
3299 3930 3436 3983 Fecit
3458 3933 3599 3985 enim

2023 4019 2092 4072 eis
2109 4019 2404 4084 convivium,
2427 4028 2473 4071 et
2500 4019 2815 4073 comederunt
2842 4028 2887 4073 et
2917 4020 3156 4073 biberunt.
3189 4020 3442 4075 Convivio
3470 4025 3599 4077 satis

2024 4118 2168 4164 certa
2207 4110 2296 4162 dat
2330 4118 2634 4177 argumenta
2660 4150 2673 4169 ,
2704 4124 2762 4163 se
2802 4125 2905 4163 non
2946 4110 3060 4164 fore
3099 4128 3385 4167 memorem
3414 4128 3598 4167 eorum

2024 4216 2143 4269 quae
2166 4201 2218 4253 in
2246 4215 2303 4254 se
2331 4201 2724 4254 commiserant.
2752 4200 2818 4255 Et
2839 4202 3024 4255 dimisit
3049 4220 3149 4267 eos,
3181 4204 3366 4274 inquit,
3391 4214 3434 4257 et
3459 4205 3599 4259 abie-

2022 4304 2139 4346 runt
2162 4310 2273 4345 cum
2300 4294 2477 4348 salute.
2507 4292 2830 4363 Significavit
2853 4310 2946 4363 per
2972 4295 3073 4349 hoc
3097 4296 3270 4349 divina
3299 4298 3594 4365 Scrij-tma,

2021 4399 2115 4439 eos
2146 4400 2336 4454 rnagno
2373 4402 2491 4438 eum
2532 4386 2719 4440 timore
2749 4386 3059 4453 advenisse,
3093 4390 3383 4457 periculum
3411 4406 3587 4458 ἑκείνο-

2021 4482 2225 4529 ctantes
2250 4517 2265 4537 ,
2294 4485 2346 4529 et
2371 4475 2437 4530 de
2464 4492 2637 4531 rerum
2664 4493 2869 4532 smmna
2891 4519 2906 4543 ,
2938 4487 2995 4533 ut
3028 4480 3093 4533 ita
3121 4480 3291 4535 dicam
3317 4524 3332 4548 ,
3364 4484 3556 4535 anxios
3582 4523 3597 4547 ,

2022 4577 2079 4622 ut
2130 4580 2444 4623 excusarent
2489 4584 2586 4634 se,
2634 4570 2699 4623 ad
2747 4571 2946 4639 justum
2990 4587 3073 4626 eoi
3099 4574 3351 4628 tendisse.
3413 4575 3600 4633 Vidisti

2020 4662 2287 4730 quomodo
2315 4661 2441 4714 nihil
2470 4662 2689 4716 validius
2717 4663 2946 4718 virtute?
2974 4664 3102 4718 nihil
3131 4666 3393 4733 potentius
3414 4683 3601 4736 supcr-

2020 4751 2103 4806 nis
2128 4753 2337 4809 auxiliis
2360 4752 2534 4808 freto?
2558 4753 2745 4809 Postea
2766 4754 2893 4809 dicit
2918 4773 2931 4807 :
2958 4754 3044 4810 52.
3070 4753 3133 4808 In
3154 4757 3236 4810 die
3259 4757 3347 4810 illo
3372 4758 3600 4812 abierunt

2020 4842 2158 4910 pueri
2194 4840 2342 4895 Isaac
2361 4883 2374 4907 ,
2406 4852 2452 4896 et
2478 4845 2713 4911 foderunt
2736 4854 2959 4912 puteum,
2987 4854 3032 4898 et
3060 4846 3293 4899 dixerunt
3324 4864 3342 4898 :
3375 4847 3489 4899 Non
3515 4848 3597 4899 in-

2017 4934 2237 4988 venimus
2277 4950 2478 5004 aquam.
2509 4935 2595 4988 33.
2624 4933 2691 4986 Et
2726 4937 2915 4991 vocavit
2947 4951 3061 4989 eum
3083 4977 3096 5000 ,
3123 4936 3497 4988 lui-amentum.
3533 4930 3596 4983 Et

2016 5026 2203 5081 idcirco
2226 5026 2419 5081 vocavit
2446 5042 2622 5079 nomen
2648 5027 2868 5093 civitati,
2900 5026 3091 5081 Puteus
3116 5025 3385 5095 iuramenti
3402 5064 3417 5087 ,
3443 5039 3598 5091 usque

2016 5119 2068 5172 in
2100 5118 2395 5171 hodiernum
2423 5117 2577 5173 diem.
2608 5118 2735 5179 Vide
2760 5129 2812 5174 et
2837 5119 2939 5182 hic,
2965 5135 3028 5172 ex
3054 5118 3118 5172 iis
3137 5133 3254 5186 qua:
3281 5116 3411 5168 facta
3435 5122 3555 5165 sunt
3578 5155 3593 5178 ,

2018 5211 2137 5266 loco
2165 5226 2355 5272 nomen
2398 5211 2721 5280 impositum.
2752 5213 2880 5267 Nam
2910 5212 3029 5281 quia
3058 5211 3253 5266 etl'osso
3282 5218 3438 5277 puteo
3465 5206 3595 5260 nihil

2019 5304 2331 5355 invenerunt
2353 5302 2403 5354 in
2427 5301 2623 5355 dieillo
2643 5317 2746 5371 quo
2762 5302 3060 5370 juramenta
3088 5301 3224 5355 inter
3247 5313 3304 5353 se
3332 5297 3591 5361 fecerunt,

1952 5459 1971 5466 ο
2018 5389 2239 5444 Puteum
2281 5390 2566 5460 juramenti
2608 5391 2812 5445 vocavit
2850 5403 3041 5442 nomen
3070 5389 3207 5451 loci,
3240 5398 3296 5442 ut
3332 5386 3592 5441 factorum

2019 5481 2235 5537 duraret
2282 5480 2555 5535 memoria.
2606 5479 2789 5534 VidiSti
2836 5481 3102 5550 quomodo
3143 5480 3317 5549 jusms
3349 5478 3471 5540 ille,
3502 5475 3593 5546 qui

2017 5592 2188 5645 neque
2215 5590 2242 5627 a
2271 5575 2386 5644 Icge
2410 5573 2647 5628 eruditus
2686 5572 2815 5641 fuit,
2846 5588 3016 5643 neque
3043 5573 3106 5627 ad
3136 5574 3367 5644 aliquem
3398 5572 3591 5623 virtute

2022 5668 2297 5739 praeditum
2329 5666 2588 5738 respicere
2620 5666 2806 5735 potuit,
2837 5665 2929 5721 sed
2961 5677 3075 5736 patr
3096 5680 3123 5721 s
3149 5663 3365 5736 vestigia
3398 5677 3591 5733 sequu-
