4142 6206
650 243 753 298 465
1394 244 1450 299 S.
1489 241 1765 299 JOANNIS
1804 238 2274 297 CllliYSOSTOSll
2315 241 2632 300 ARCHIEP.
2676 245 3204 303 CONSTANTINOP.

651 365 756 424 tus,
779 366 832 410 et
855 355 1045 412 ductus
1069 371 1098 410 a
1127 356 1448 412 conscientia
1471 356 1720 425 magistra
1751 355 1997 410 humana:
2023 363 2224 409 naturze

647 447 804 502 insita
825 489 840 512 ,
871 457 1067 502 tantam
1099 445 1337 502 exhibuit
1378 443 1802 515 philosophiam?
1843 446 1972 513 Quae
1995 444 2136 498 enim
2168 443 2235 497 ab

649 550 718 592 eo
746 536 882 591 facta
923 546 1082 601 sunt,
1114 550 1218 590 non
1246 533 1417 589 solum
1448 535 1906 591 mansuetudinem
1935 535 2236 590 indicabant

649 628 803 696 justi,
832 627 924 682 sed
953 637 1005 682 et
1035 636 1294 696 praecepta
1319 626 1517 682 Christi
1544 628 1654 682 suis
1685 627 1834 682 illum
1862 627 2110 695 operibus
2139 627 2237 680 im-

656 719 804 788 plere
845 717 1215 773 ostendebant.
1255 717 1389 773 Nam
1421 719 1470 773 id
1507 720 1648 790 quod
1688 719 1931 774 Christus
1964 709 2272 789 discipulis~

656 808 764 864 suis
799 808 1114 880 prmcipiens
1147 816 1202 864 et
1239 809 1532 866 admonens
1559 811 1768 865 diccbat
1792 851 1807 874 ,
1842 827 1907 864 ne
1932 810 2080 865 solos
2117 810 2207 864 dili

650 908 835 969 gentes
861 897 1180 968 diligerent,
1211 900 1304 955 sed
1333 911 1387 956 et
1412 918 1534 972 erga
1568 903 1811 957 inimicos
1841 903 2114 957 caritatem
2141 917 2236 956 ex-

3831 247 3955 302 463

2338 355 2478 410 dicta
2520 368 2831 428 sequuntur,
2856 369 2906 414 et
2943 361 3170 430 singula,
3197 369 3450 431 quantum
3481 360 3634 414 nobis
3664 360 3960 415 concedi«

2337 455 2441 514 tur,
2467 451 2790 517 aperiamus,
2817 441 2872 504 ut
2901 450 3116 505 domum
3145 466 3264 505 eum
3293 450 3514 505 utilitate
3541 449 3727 520 aliqua
3757 449 3960 507 redire

2337 537 2623 606 possimus.
2654 539 2936 595 Videamus
2973 541 3150 610 igitur,
3180 557 3300 611 quae
3326 541 3550 609 primum
3592 539 3737 594 lecta
3791 551 3960 598 sunt.

2337 629 2424 682 54.
2453 627 2578 681 Erat
2605 639 2770 683 autent
2801 629 2957 696 Esau,
2983 631 3172 701 inquit,
3214 647 3460 684 annorum
3488 630 3877 702 quadraginta,
3907 644 3960 687 et

2339 720 2535 789 accepit
2560 718 2742 773 Judith
2769 723 2930 789 filiam
2968 721 3088 776 Beel
3114 721 3343 787 Chetltei,
3371 730 3418 775 et
3450 720 3730 774 Basemath
3773 723 3960 790 ﬁliam

2339 808 2490 862 Elom
2516 809 2658 862 Eva’i
2684 826 2702 864 :
2738 811 2827 866 55.
2862 823 2907 866 et
2944 813 3309 882 exasperabant
3345 810 3498 865 Isaac
3537 821 3584 865 et
3619 809 3958 864 Rebeccam.

2341 901 2472 956 Vide
2489 911 2680 972 quanta
2700 919 2764 958 ex
2782 904 2963 973 paucis
2985 903 3066 958 his
3085 903 3259 958 verbis
3279 903 3478 957 addisci
3498 902 3960 973 possunt.Quare

655 988 896 1044 biberent
931 989 948 1060 (
974 989 1160 1044 Matth.
1193 991 1247 1046 5.
1274 991 1382 1063 44)
1414 1011 1426 1046 :
1457 992 1558 1048 boc
1588 994 1675 1048 ille
1716 1008 1856 1047 nunc
1881 993 2050 1048 multo
2083 1002 2235 1048 antea

658 1078 948 1148 implebat,
999 1091 1051 1136 et
1105 1092 1245 1136 tanta
1301 1082 1659 1152 hospitalitate
1707 1084 1965 1139 tractabat
2010 1099 2104 1138 eos
2145 1083 2235 1155 qui

655 1185 848 1240 magno
890 1172 1063 1242 ipsum
1105 1174 1228 1246 odio
1273 1177 1575 1246 prosequuti
1619 1177 1873 1231 fuerant:
1915 1189 2235 1246 omnemque

653 1260 899 1318 vindictae
922 1264 1262 1334 cupiditatem
1285 1267 1466 1322 animo
1491 1281 1588 1321 suo
1611 1267 1943 1322 excludebat.

723 1354 779 1410 5.
821 1353 1039 1410 Moralis
1066 1357 1317 1427 epilogus.
1351 1387 1424 1396 —
1464 1358 1576 1424 Qua
1604 1358 1761 1427 igitur
1788 1372 1885 1412 nos
1915 1358 2064 1412 venia
2092 1357 2232 1427 digni

651 1442 854 1500 erimus
875 1486 893 1514 ,
923 1447 1012 1516 qui
1054 1456 1172 1516 post
1200 1447 1423 1518 gratiam
1443 1488 1460 1514 ,
1491 1457 1607 1518 post
1636 1457 1834 1502 tantam
1860 1448 2154 1503 doctrinam
2182 1457 2237 1502 et

651 1531 944 1591 Salvatoris
971 1545 1230 1607 przncepta
1256 1577 1272 1603 ,
1301 1553 1474 1609 neque
1498 1537 1565 1593 ad
1592 1539 1747 1608 hujus
1776 1539 1904 1608 justi
1931 1554 2234 1594 mensuram

654 1627 935 1695 pervenire
960 1629 1240 1684 valemus?
1267 1629 1335 1684 Et
1357 1629 1483 1701 quid
1507 1630 1646 1696 dico,
1669 1631 1735 1685 ad
1757 1630 1872 1700 ejus
1893 1631 2237 1686 mensuram?

656 1718 836 1789 Neque
883 1735 1049 1789 prope
1090 1721 1301 1778 adstare
1349 1738 1648 1792 possumus.
1698 1725 1862 1779 Tanta
1905 1725 2046 1780 enim
2097 1740 2236 1780 nunc

657 1809 870 1863 malitiae
913 1810 1231 1865 abundantia
1273 1813 1492 1868 obduxit
1533 1814 1708 1869 omnia
1734 1855 1748 1877 ,
1783 1824 1838 1869 ut
1871 1824 1925 1870 et
1956 1815 2236 1886 diligentes

655 1900 874 1972 diligere
899 1916 983 1956 res
1012 1901 1292 1958 admodum
1325 1921 1440 1960 rara
1468 1907 1557 1961 sit.
1593 1906 1742 1962 Unde
1785 1908 1942 1978 igitur
1968 1908 2120 1963 nobis
2149 1923 2236 1964 sa-

655 1992 780 2046 lutis
822 2009 982 2063 spes,
1025 1995 1067 2048 si
1103 1997 1395 2064 publicanis
1435 1998 1726 2054 deteriores
1767 1999 2058 2055 fuerimus?
2101 2001 2237 2056 sicut

657 2081 785 2137 dicit
813 2083 1073 2140 Christus.
1109 2085 1171 2141 Si
1207 2087 1415 2158 diligitis
1439 2089 1702 2160 diligentes
1730 2107 1844 2156 vos,
1872 2092 1995 2161 quid
2018 2093 2238 2163 amplius

653 2175 862 2241 facitis?
889 2193 1053 2231 nonne
1079 2187 1124 2233 et
1153 2180 1406 2249 publicani
1447 2182 1540 2235 hoc
1565 2185 1759 2254 faciunt
1787 2186 1806 2254 (
1837 2183 1975 2238 Ibid.
2005 2202 2051 2238 υ.
2077 2185 2146 2241 46
2174 2185 2236 2256 )?

658 2265 723 2319 Et
760 2266 1002 2323 Christus
1040 2270 1252 2339 quidem
1293 2273 1474 2329 volens
1509 2289 1606 2329 nos
1637 2275 1702 2329 ad
1733 2289 1997 2331 summum
2028 2277 2236 2332 virtutis

655 2355 839 2412 venire
873 2358 1134 2429 fastigium
1160 2403 1174 2426 ,
1209 2361 1312 2416 illis
1349 2365 1655 2432 superiores
1682 2366 1795 2421 vult
1823 2382 1943 2422 esse
1975 2386 1989 2423 :
2017 2383 2116 2423 nos
2144 2383 2238 2423 au-

657 2457 761 2502 tem
789 2449 1066 2506 inferiores
1092 2468 1212 2508 esse
1238 2454 1532 2510 studemus.
1565 2457 1628 2510 Et
1655 2445 1780 2526 quid
1807 2458 1927 2513 dico
1951 2501 1966 2525 ,
1999 2460 2239 2529 publica-

656 2539 773 2592 nis?
819 2541 1119 2596 Deteriores
1158 2553 1212 2597 et
1253 2545 1575 2610 latronibus,
1607 2557 1659 2600 et
1693 2548 2054 2616 sepulcrorum
2095 2551 2238 2605 dirc-

659 2631 912 2696 ptoribus,
943 2642 997 2685 et
1024 2631 1323 2686 homicidis.
1354 2635 1560 2688 Etenim
1593 2636 1644 2688 bi
1676 2653 1864 2693 omnes
1891 2638 2116 2708 diligunt
2144 2657 2237 2697 eos

657 2723 745 2790 qui
786 2737 909 2791 erga
935 2738 993 2777 se
1023 2724 1160 2779 bene
1197 2724 1372 2780 allecti
1411 2737 1533 2780 sunt
1557 2770 1570 2793 ,
1599 2737 1652 2782 et
1682 2744 2047 2798 saepenumero
2076 2733 2234 2788 etiam

657 2827 755 2880 pro
800 2811 1007 2868 dilectis
1053 2814 1438 2883 periclitantur.
1494 2819 1628 2884 Quid
1681 2819 1840 2888 igitur
1881 2819 2039 2876 fuerit
2082 2823 2235 2877 nobis

659 2902 1046 2969 miserabilius,
1092 2905 1180 2977 qui
1230 2913 1429 2962 tantam
1471 2924 1499 2962 a
1547 2910 1771 2966 Domino
1817 2912 2234 2969 misericordiam

657 2997 795 3052 nacti
823 3010 1028 3064 sumus,
1055 3009 1109 3054 et
1137 2999 1416 3056 innumera
1449 3003 1585 3057 mala
1613 3004 1921 3059 facientibus
1944 3005 2237 3061 deteriores

658 3084 992 3142 invenimur?
1037 3090 1269 3146 Obsecro
1312 3093 1510 3162 igitur,
1556 3098 1848 3164 cogitemus
1895 3106 1949 3151 et
1993 3097 2233 3166 supplicii

657 3179 1066 3248 magnitudinem
1091 3223 1106 3248 ,
1143 3191 1197 3239 et
1252 3185 1578 3240 confusionis
1615 3204 1733 3256 qua:
1771 3187 1896 3242 alibi
1942 3187 2115 3243 futura
2155 3198 2238 3244 est

655 3271 962 3338 gravitatem
983 3314 998 3336 ,
1029 3287 1094 3328 ac
1117 3275 1200 3328 vel
1230 3276 1418 3331 saltem
1449 3293 1588 3332 nunc
1623 3286 1856 3332 nostram
1883 3293 2235 3348 agnoscamus

655 3363 1064 3428 generositatem
1087 3405 1105 3430 ,
1145 3375 1200 3420 et
1241 3367 1669 3437 obtemperemus
1706 3370 1962 3424 doctrina:
2003 3371 2233 3439 Christi,

659 3464 724 3506 ac
751 3466 856 3506 non
885 3453 1056 3509 solum
1089 3472 1187 3511 nos
1210 3458 1488 3528 diligentes
1516 3460 1724 3515 sincere
1749 3460 2027 3530 diligamus
2048 3501 2063 3526 ,
2091 3464 2236 3518 omni

657 3543 784 3600 olio
807 3553 860 3597 et
885 3545 1079 3600 invidia
1103 3548 1170 3602 ab
1196 3549 1472 3604 animabus
1499 3551 1692 3606 nostris
1719 3552 2038 3607 eliminatis:
2063 3555 2156 3609 sed
2184 3563 2240 3610 et

661 3649 754 3690 cos
781 3637 867 3706 qui
901 3637 1162 3696 hostiliter
1193 3658 1288 3695 nos
1319 3652 1708 3713 persequuntur
1728 3686 1743 3710 ,
1773 3645 1994 3716 diligere
2021 3647 2237 3702 studea-

659 3739 809 3778 mns:
840 3743 1013 3797 neque
1039 3731 1177 3784 enim
1205 3732 1358 3787 aliter
1399 3732 1624 3788 salutem
1653 3735 1903 3806 consequi
1937 3752 2034 3790 nos
2069 3739 2243 3808 possi-

658 3816 761 3872 bile
787 3819 905 3883 erit,
941 3822 1039 3875 nisi
1072 3823 1167 3875 hac
1197 3823 1504 3880 incedamus
1533 3826 1615 3879 via
1642 3834 1736 3881 :et
1763 3829 1930 3897 magis
1954 3844 2114 3899 quam
2143 3846 2239 3886 eos

657 3911 748 3978 qui
781 3926 878 3965 nos
906 3911 1154 3984 diligunt,
1185 3915 1304 3969 illos
1335 3917 1553 3988 diligere
1584 3918 1907 3986 studeamus,
1939 3931 2122 3990 utpote
2150 3925 2237 3992 qui

663 4000 817 4056 nobis
841 4003 1239 4059 innumerorum
1269 4006 1525 4061 bono-um
1555 4010 1659 4062 sint
1683 4020 1948 4064 auctores.
1985 4011 2072 4066 Sic
2095 4013 2237 4067 enim

662 4100 717 4145 ct
754 4102 1090 4160 peccatorum
1135 4105 1437 4150 nostrorum
1477 4100 1843 4155 remissionem
1883 4103 2121 4158 invenire
2144 4144 2158 4166 ,
2187 4115 2240 4160 et

665 4181 935 4238 humiliata
967 4198 1144 4243 mente
1167 4200 1220 4242 et
1250 4190 1474 4244 contrita
1513 4192 1687 4246 anima
1717 4193 1882 4248 Deum
1912 4195 2116 4264 precari
2140 4210 2237 4265 po-

663 4274 906 4331 terimus.
933 4277 1065 4343 Quia
1091 4295 1212 4333 cum
1240 4281 1413 4335 anima
1451 4282 1518 4335 ab
1545 4283 1686 4337 omni
1713 4284 1835 4338 odio
1871 4285 2034 4341 libera
2063 4297 2240 4342 mente

663 4369 943 4437 tranquilla
965 4379 1048 4425 est
1067 4413 1082 4433 ,
1113 4372 1391 4426 Dominum
1419 4373 1604 4428 scdulo
1631 4375 1875 4442 invocat,
1910 4378 2240 4447 multumque

665 4456 765 4513 sibi
793 4472 1020 4526 superne
1047 4463 1298 4516 auxilium
1327 4465 1572 4519 conciliat
1601 4482 1616 4524 :
1643 4467 1780 4534 quod
1813 4468 1966 4522 nobis
1993 4469 2240 4525 omnibus

666 4550 986 4606 concedatur
1009 4595 1022 4617 ,
1052 4557 1215 4622 gratia
1248 4566 1301 4611 et
1332 4555 1651 4627 benignitate
1689 4559 1893 4614 Domini
1923 4563 2088 4616 nostri
2114 4561 2239 4618 Jesu

665 4637 894 4705 Christi,
921 4643 1003 4696 cui
1031 4644 1196 4712 gloria
1224 4660 1344 4700 cum
1375 4647 1531 4702 Patre
1555 4659 1608 4702 et
1636 4659 1818 4704 sancto
1844 4651 2070 4719 Spiritu,
2100 4668 2242 4709 nunc

667 4739 720 4785 et
744 4744 974 4801 semper,
1001 4744 1055 4789 et
1079 4735 1129 4789 in
1155 4739 1347 4792 smeula
1375 4740 1707 4794 smculorum.
1743 4741 1931 4796 Amen.

1231 4828 1510 4884 HOMILIA
1548 4830 1677 4885 Llll.

669 4911 794 4967 Erat
821 4923 986 4970 autem
1011 4915 1151 4972 Esau
1174 4935 1422 4974 annorum
1447 4923 1800 4991 quadraginta,
1824 4933 1869 4978 et
1895 4924 2039 4979 duxit
2061 4924 2242 4981 Judith

737 5006 899 5074 ﬁliam
941 5006 1062 5063 Beel
1093 5009 1170 5081 (a)
1207 5007 1436 5075 Chettazi,
1488 5021 1536 5065 et
1581 5013 1850 5067 Basemath
1891 5017 2050 5083 ﬁliam
2093 5016 2243 5070 Elom

737 5094 898 5163 Emi,
925 5108 972 5152 et
993 5101 1355 5170 exasperabant
1380 5099 1532 5156 Isaae
1569 5113 1617 5158 et
1663 5103 1940 5159 Rebecca»:
1973 5105 2240 5188 (60:326.

739 5187 828 5244 st.
855 5189 972 5262 ss).

740 5305 794 5359 1.
821 5305 932 5375 Age
959 5317 1012 5361 et
1041 5307 1196 5364 hodie
1224 5308 1268 5363 si
1300 5309 1469 5378 placet
1498 5312 1866 5382 aggrediamur
1891 5330 1951 5370 ea
1979 5331 2096 5386 qua:
2124 5316 2239 5372 heri

730 5424 802 5487 (a)
833 5425 1096 5476 ltebraicus
1119 5434 1284 5479 textus
1303 5427 1450 5477 ηδε.
1493 5423 1692 5486 Vulgata
1736 5433 1873 5475 recte
1917 5426 2068 5478 Peeri.
2117 5433 2242 5476 Voce

664 5489 997 5550 autemtatina
1026 5488 1150 5546 seel,
1174 5499 1399 5542 accurate
1423 5493 1768 5550 interpretatur
1783 5488 1944 5550 versio
1961 5495 2116 5536 Graeca
2135 5501 2240 5547 nisi.

664 5554 809 5597 Porro
831 5548 936 5597 haec
958 5550 1118 5599 versio
1139 5559 1298 5600 Graeca
1322 5555 1530 5602 maxime
1553 5548 1765 5599 omnium
1784 5549 1841 5597 ad
1867 5550 2144 5600 Hebraicam
2167 5550 2242 5599 le-

664 5610 872 5676 ctionem
885 5611 1084 5676 accedit.
1105 5619 1215 5661 Nam
1238 5614 1365 5676 quod
1391 5627 1479 5672 sua
1497 5613 1686 5675 legatur
1710 5625 1805 5676 pro
1824 5621 1958 5670 acer,
1976 5620 2058 5661 aut
2084 5612 2238 5676 liceri,

665 5669 717 5718 id
749 5669 872 5718 haud
905 5671 1055 5721 dubie
1083 5669 1327 5725 ortum’ex
1356 5669 1753 5724 transmutatione
1781 5669 2024 5722 literarum
2041 5674 2236 5722 Hebrai-

2339 993 2482 1048 enim
2511 995 2664 1050 nobis
2691 1012 2972 1052 numerum
3019 1011 3276 1051 annorum
3326 995 3469 1050 Esau
3512 996 3744 1064 signavit
3764 995 3790 1048 ?
3817 994 3955 1049 Non

2338 1085 2539 1155 absque
2577 1101 2767 1152 causa,
2808 1086 2903 1142 sed
2957 1099 3011 1142 ut
3064 1095 3390 1142 senectutem
3429 1085 3701 1140 discamus
3751 1084 3948 1152 Isaac,

2339 1189 2565 1245 eumque
2583 1176 2692 1244 jam
2719 1187 3026 1247 provectum
3053 1177 3215 1232 fuisse
3237 1185 3410 1230 aitate.
3440 1175 3568 1229 Nam
3591 1175 3634 1228 si
3659 1188 3954 1229 memores

2341 1264 2594 1320 fuerimus
2614 1283 2798 1322 eorum
2825 1284 2943 1338 quae
2968 1277 3121 1323 antea
3145 1268 3282 1322 dicta
3310 1276 3452 1330 sunt,
3472 1276 3523 1319 et
3549 1265 3952 1334 eum,quando

2343 1357 2542 1427 accepit
2557 1357 3226 1430 Reheecam,quadraginta
3245 1373 3504 1413 annorum
3524 1356 3950 1426 fuisse,quaudo

2341 1456 2517 1501 autem
2550 1449 2656 1502 nati
2684 1458 2809 1504 sunt
2835 1451 2884 1504 ei
2915 1449 3028 1518 filii,
3063 1465 3322 1504 annorum
3353 1449 3660 1518 sexaginta:
3695 1449 3946 1503 sciemus

2341 1556 2462 1595 cum
2497 1556 2638 1596 nunc
2663 1545 3025 1598 centenarium
3056 1559 3197 1611 esse,
3225 1555 3281 1599 et
3307 1543 3358 1598 in
3390 1541 3813 1613 profundissima
3855 1557 3947 1596 se-

2343 1645 2576 1691 nec:ute.
2605 1637 2866 1703 Quoniam
2895 1638 3038 1692 enim
3081 1636 3299 1706 posthac
3333 1645 3640 1690 narraturus
3666 1641 3776 1696 est,
3801 1649 3945 1702 quo-

2342 1728 2504 1783 modo
2531 1743 2638 1798 pra:
2679 1732 2830 1784 senio
2861 1729 3139 1784 hebetatos
3162 1729 3346 1783 ocuIOs
3373 1727 3634 1792 habuerit,
3667 1725 3792 1781 ideo
3835 1741 3944 1779 nu-

2344 1833 2548 1873 merum
2571 1834 2833 1873 annorum
2865 1820 3004 1874 Esau
3031 1825 3285 1889 assignat,
3309 1829 3365 1874 ut
3396 1819 3517 1873 inde
3544 1829 3756 1887 tempus
3784 1817 3942 1872 [sane

2342 1921 2491 1965 certo
2529 1911 2666 1966 scire
2714 1913 3002 1981 possimus.
3045 1911 3332 1980 Propterea
3371 1910 3532 1974 dicit,
3575 1909 3707 1962 Erat
3745 1919 3924 1962 autent

2344 2002 2486 2057 Esait
2512 2019 2760 2058 annorum
2805 2004 3162 2074 quadraginta.
3212 2003 3414 2057 Deinde
3458 2010 3507 2056 ut
3555 2001 3795 2056 sciamus
3840 1999 3939 2053 ﬁlii

2342 2096 2459 2166 ejus
2501 2095 2874 2161 temeritatem,
2907 2095 2995 2163 qui
3029 2108 3221 2149 uxores
3259 2092 3488 2148 ducebat
3528 2108 3559 2146 a
3601 2091 3876 2162 gentibus,
3904 2103 3936 2144 a

2343 2188 2534 2258 quibus
2561 2203 2666 2241 non
2695 2187 2993 2257 oportebat,
3023 2185 3312 2240 declaravit
3342 2185 3515 2252 nobis,
3551 2199 3714 2238 unam
3764 2183 3934 2237 fuisse

2341 2294 2404 2335 ex
2434 2294 2629 2350 genere
2647 2277 3027 2345 Cbettaeorum,
3044 2278 3199 2332 aliam
3224 2285 3398 2333 autem
3428 2293 3491 2332 ex
3515 2290 3712 2348 genere
3738 2275 3932 2329 Evaeo-

2343 2386 2498 2437 rum;
2530 2370 2772 2440 quamvis
2815 2368 2947 2423 nihil
2985 2369 3090 2423 tale
3137 2383 3256 2422 eum
3304 2383 3461 2438 agere
3509 2366 3808 2437 Oportebat,
3837 2365 3932 2436 qni

2345 2462 2618 2518 didicisset
2637 2470 2884 2532 quantam
2904 2461 3225 2532 diligentiam
3255 2459 3553 2531 patriarcha
3574 2457 3927 2522 adhibuisset,

2342 2553 2656 2622 prmcipiens
2683 2565 2840 2606 servo
2864 2565 2983 2614 suo,
3014 2560 3068 2605 ut
3095 2550 3162 2604 de
3181 2551 3496 2620 cognatione
3516 2564 3609 2604 sua
3645 2548 3754 2602 lilio
3777 2547 3929 2602 lsaac

2339 2642 2693 2696 adduceretur
2721 2656 2882 2695 uxor:
2901 2642 3020 2710 quia
3043 2641 3202 2695 etiam
3233 2649 3403 2695 mater
3426 2640 3658 2710 ipsorum
3682 2637 3924 2693 Rebecca

2341 2746 2406 2786 ex
2432 2731 2666 2787 Charran
2702 2739 2937 2787 venerat.
2967 2729 3160 2784 Verum
3191 2742 3250 2785 ut
3295 2730 3475 2784 statim
3503 2730 3570 2783 ab
3611 2729 3760 2784 initio
3798 2742 3926 2782 suos

2343 2825 2670 2881 inordinatos
2721 2839 2900 2880 mores
2951 2822 3228 2890 indicaret,
3261 2823 3574 2878 inconsultis
3620 2821 3922 2891 parentibus

2343 2915 2464 2969 illas
2492 2915 2660 2969 duxit.
2693 2915 2758 2970 Et
2783 2923 2842 2969 ut
2867 2915 3096 2968 sciamus
3124 2928 3281 2982 quam
3320 2912 3457 2970 male
3483 2921 3703 2966 morata:
3729 2910 3920 2964 mulie-

2344 3021 2430 3059 res
2473 3005 2684 3070 fuerint,
2715 3005 2845 3059 dicit
2889 3004 3162 3072 Scriptura
3204 3019 3218 3055 :
3272 3001 3340 3055 Et
3383 3009 3525 3055 erant
3572 3009 3921 3071 exasperantes

2343 3097 2494 3153 Isaac
2530 3109 2577 3152 et
2626 3097 2920 3152 Rebeccam.
2976 3097 3040 3150 Et
3075 3095 3202 3165 quid
3241 3105 3324 3149 est
3361 3094 3461 3148 hac
3509 3095 3706 3148 malitia
3746 3093 3915 3163 pejus,

2344 3188 2556 3258 quando
2585 3187 2686 3240 illa:
2711 3201 2832 3256 qua:
2859 3199 3070 3240 onmem
3111 3183 3371 3240 honorem
3417 3183 3722 3254 impendere
3763 3183 3918 3239 debe-

2345 3279 2491 3344 bant,
2513 3293 2616 3332 non
2639 3278 2810 3332 solum
2834 3277 2934 3331 hoc
2961 3291 3065 3331 non
3083 3275 3436 3346 agebanl,sed
3463 3285 3518 3331 et
3541 3275 3608 3331 ad
3624 3276 3916 3331 contentio-

2345 3388 2464 3425 nem
2515 3381 2710 3441 paratze
2753 3360 2942 3424 erant?
2993 3369 3117 3423 lltnc
3161 3379 3335 3423 autem
3366 3369 3542 3422 omnia
3589 3383 3692 3421 non
3721 3368 3915 3436 absque

2345 3476 2500 3516 causa
2537 3461 2754 3515 historia
2796 3462 2951 3514 nobis
2999 3459 3293 3529 signiﬁcat;
3343 3457 3436 3513 sed
3484 3467 3540 3511 ut
3570 3466 3768 3527 postea,
3797 3471 3913 3510 cum

2348 3555 2544 3609 videris
2557 3553 2852 3607 Rebeccam
2872 3551 3036 3606 Jacoh
3057 3551 3243 3620 majori
3266 3547 3632 3605 benevolentia
3655 3549 3912 3618 prosequi,

2345 3646 2520 3702 discas
2548 3659 2663 3699 eam
2700 3659 2802 3698 non
2843 3642 3033 3712 injuria
3061 3658 3174 3696 rem
3218 3657 3336 3696 eam
3364 3640 3576 3695 fecisse.
3601 3639 3714 3693 Jain
3742 3648 3910 3692 autem

2346 3751 2414 3792 ne
2451 3735 2642 3791 seriem
2681 3742 2962 3789 contextus
3003 3732 3406 3802 prmveniamus,
3450 3730 3656 3799 scripta
3684 3730 3788 3798 ipsa
3824 3743 3910 3783 se-

2345 3840 2592 3895 quamur.
2630 3826 2678 3879 1.
2715 3823 2928 3877 Factum
2956 3833 3024 3878 est
3051 3833 3214 3876 autem
3251 3831 3513 3891 postquam
3560 3820 3717 3873 senuit
3745 3817 3907 3885 Isaac,

2345 3930 2390 3975 et
2411 3919 2621 3973 hebetati
2646 3925 2761 3972 sunt
2785 3916 2916 3970 oculi
2942 3917 3052 3988 ejus
3071 3915 3138 3967 ad
3161 3915 3425 3967 videndum
3447 3912 3602 3986 (Cap.
3643 3911 3777 3982 27):
3806 3912 3907 3981 jam

2347 4013 2510 4076 enim,
2529 4009 2719 4077 inquit,
2741 4022 2848 4076 pra:
2870 4007 3021 4060 senio
3050 4006 3230 4060 videre
3251 3994 3363 4057 non
3388 4011 3623 4073 poterat:
3656 4013 3701 4055 et
3729 4003 3908 4054 vocavit

2348 4103 2487 4157 Esau
2507 4101 2667 4165 ﬁlium
2694 4114 2841 4152 suum
2867 4107 2988 4150 natu
3013 4097 3276 4166 majorem,
3295 4105 3341 4147 et
3366 4095 3492 4148 dixit
3511 4093 3589 4146 ei:
3617 4092 3668 4144 2.
3697 4090 3795 4143 Fili
3818 4091 3901 4155 mi,

2347 4209 2458 4246 ecce
2487 4193 2648 4257 senui,
2688 4200 2733 4243 et
2763 4189 2928 4242 nescio
2959 4188 3089 4240 diem
3118 4188 3290 4240 mortis
3312 4201 3452 4238 nicas.
3487 4186 3536 4240 5.
3590 4182 3733 4236 Nunc
3760 4183 3907 4254 igitur

2346 4298 2489 4336 sume
2528 4296 2670 4334 arma
2715 4289 2822 4343 tua,
2863 4278 3148 4348 pharetram
3195 4284 3241 4328 et
3282 4291 3473 4340 arcum,
3505 4282 3550 4328 et
3594 4272 3814 4343 egredere
3853 4272 3905 4327 ia

2347 4388 2602 4442 campum,
2647 4380 2692 4424 et
2735 4350 2916 4422 venare
2956 4367 3080 4420 mihi
3121 4365 3460 4430 certationem,
3493 4365 3546 4418 4.
3589 4372 3634 4417 et
3670 4369 3748 4433 [ac
3789 4365 3903 4416 mihi

2348 4465 2536 4529 edulia,
2579 4464 2707 4518 sicut
2738 4477 2828 4531 ego
2879 4475 3016 4526 amo,
3058 4468 3104 4512 ct
3133 4457 3262 4524 a/I'er
3300 4457 3444 4522 mihi,
3485 4465 3540 4510 ut
3568 4456 3827 4520 comedam,
3853 4466 3903 4506 ut

2348 4553 2603 4608 benedicat
2643 4561 2689 4605 te
2729 4551 2901 4604 anima
2943 4565 3074 4616 mea,
3117 4549 3406 4620 priusquam
3441 4563 3530 4617 ego
3577 4547 3772 4599 moriar.
3814 4545 3902 4599 Hic

2347 4643 2819 4709 obsecro,dilccte,
2851 4640 3217 4695 animadverte
3247 4638 3560 4692 immensam
3595 4637 3682 4691 Dei
3711 4636 3900 4704 sapien-

2350 4739 2496 4803 tiam,
2527 4745 2582 4790 et
2625 4733 2895 4805 quomodo
2945 4741 3096 4803 pater
3136 4731 3347 4801 quidem
3389 4730 3666 4800 genuinam
3711 4743 3810 4798 pra:
3847 4742 3901 4782 se

2349 4832 2529 4884 ferens
2578 4825 2946 4889 dilectionem,
2998 4823 3114 4878 haec
3163 4823 3444 4893 imperavit
3495 4822 3666 4887 Esau;
3707 4820 3901 4890 sapiens

2349 4930 2525 4974 autem
2551 4928 2605 4973 et
2629 4919 2968 4986 omnipotens
2997 4916 3253 4970 Dominus
3280 4929 3375 4985 per
3402 4914 3694 4970 Rebeccam
3725 4912 3900 4982 pracdi-

2350 5012 2580 5066 ctinnem
2629 5023 2778 5064 suam
2825 5006 3034 5076 impleri
3077 5014 3245 5071 curat,
3273 5005 3472 5060 docens
3519 5021 3633 5072 nos,
3664 5016 3894 5076 quantum

2349 5102 2560 5156 valeant
2581 5100 2747 5154 virtus
2773 5107 2827 5154 ct
2846 5095 3051 5153 morum
3075 5099 3324 5152 suavitas.
3356 5097 3450 5151 llle
3475 5098 3614 5152 enim
3641 5107 3692 5151 et
3715 5098 3777 5151 ob
3801 5097 3898 5166 pri-

2351 5192 2766 5263 mogenituram,
2800 5199 2854 5244 et
2883 5189 2952 5243 ob
2997 5187 3160 5258 patris
3201 5202 3326 5258 erga
3354 5181 3412 5241 se
3447 5187 3766 5243 affectionem
3795 5189 3892 5256 pri-

2351 5295 2551 5341 matum
2593 5300 2651 5339 se
2693 5282 2888 5338 habere
2930 5288 3140 5351 putans,
3170 5281 3327 5336 simul
3361 5279 3644 5336 destitutus
3670 5282 3891 5336 omnibus

2351 5383 2595 5437 inventus
2615 5388 2717 5445 est,
2742 5377 2862 5448 quia
2887 5392 3005 5446 qua:
3035 5377 3087 5430 in
3113 5390 3172 5432 se
3197 5383 3368 5443 erant,
3391 5373 3582 5429 afferre
3609 5374 3788 5430 noluit:
3815 5373 3891 5429 hic

2349 5484 2550 5539 autem,
2571 5469 2693 5542 quia
2729 5467 3020 5523 domestica
3041 5476 3155 5522 erat
3184 5465 3379 5520 virtute
3407 5464 3673 5536 praeditus,
3699 5475 3746 5518 et
3779 5479 3888 5534 gra-

2346 5623 2526 5667 carum,
2550 5619 2660 5670 quae
2683 5605 2967 5670 frequenter
2989 5605 3157 5656 accidit
3194 5606 3243 5656 in
3267 5603 3442 5666 Bibliis,
3468 5612 3520 5656 ut
3542 5605 3590 5654 in
3609 5600 3888 5666 Prolegome-

2351 5675 2425 5722 nis
2446 5665 2735 5730 ad'ttexapla
2752 5665 3065 5716 ostendimus.
3169 5671 3171 5674 ‘
