4142 6206
326 260 424 316 165

315 368 440 411 tiam
466 369 754 426 supernam
785 353 970 409 habuit
991 353 1380 420 subsidiariam,
1412 357 1570 410 etiam
1606 358 1771 412 invito
1797 373 1889 426 pa-

317 459 395 503 tre
426 447 569 501 illius
597 446 1022 503 benedictionem
1059 444 1271 514 abripit.
1306 445 1444 499 Nihil
1488 447 1628 501 enim
1671 448 1894 501 validius

315 555 381 595 eo
411 540 500 610 qui
547 539 735 592 dextra
779 537 863 592 illa
907 537 1207 607 adiuvatur.
1231 536 1365 592 Vide
1412 539 1570 614 igitur
1612 538 1896 607 diligenter

312 633 514 696 omnia,
543 639 601 685 ut
622 629 794 684 discas
819 628 1226 699 dispensationis
1247 629 1614 683 excellentiam
1641 645 1655 694 ;
1687 637 1740 683 et
1764 644 1896 698 quo-

314 720 581 774 modoliic
602 719 812 789 quidem
839 719 924 772 illa
949 719 1116 787 gratia
1148 717 1333 784 fretus,
1363 734 1609 788 magnum
1640 719 1691 772 in
1720 719 1894 771 omni-

314 812 413 864 bus
460 810 711 864 auxilium
759 818 813 864 et
856 809 1287 880 cooperationem
1342 810 1671 880 adipiscitur,
1719 810 1788 864 ita
1841 819 1897 864 ut

315 901 480 967 patris
524 901 574 954 in
620 916 742 954 eum
796 900 1146 955 transferatur
1191 899 1494 956 benedictio
1531 921 1542 955 :
1578 901 1666 956 ille
1717 914 1896 956 autem

314 992 490 1044 omnia
537 991 750 1058 amittit,
781 991 1010 1060 perdens
1040 993 1382 1061 semetipsum
1430 1002 1645 1062 propter
1687 1007 1896 1047 morum

312 1081 664 1150 iniquitatem.
690 1083 742 1138 5.
783 1081 1005 1135 Rebecca
1035 1093 1222 1146 autem,
1257 1083 1442 1152 inquit,
1473 1083 1661 1136 audivit
1686 1084 1896 1152 loquen-

289 1177 410 1225 tem
432 1170 584 1226 Isaac
611 1189 724 1226 cum
751 1171 893 1226 Esas't
917 1174 1024 1240 [ilio
1050 1190 1162 1226 suo.
1194 1171 1223 1225 1
1229 1173 1294 1225 vit
1323 1184 1490 1226 autent
1518 1172 1656 1226 Esat't
1677 1173 1727 1226 in
1754 1189 1896 1226 cam-

311 1279 456 1331 pum,
487 1273 540 1317 ut
567 1275 829 1320 venaretur
870 1264 1097 1334 prtedam
1127 1264 1260 1333 patri
1301 1281 1411 1317 suo.
1454 1263 1506 1318 6.
1553 1264 1692 1318 Dixit
1732 1276 1897 1317 autent

313 1352 543 1408 Rebecca
572 1354 640 1406 ad
680 1355 843 1420 ﬁlium
867 1371 1018 1408 suum
1046 1355 1324 1425 juniorcm.
1353 1356 1526 1421 Quare
1553 1355 1766 1423 adjecit,
1799 1354 1899 1408 Ju-

307 1443 549 1497 niorem?
593 1445 727 1509 Quia
771 1445 1015 1514 superius
1059 1445 1284 1510 dixerat,
1327 1445 1529 1499 Vocavil
1557 1445 1707 1498 Isaac
1736 1447 1898 1514 [ilium

307 1551 457 1594 suum
488 1546 608 1588 natu
654 1538 916 1604 maiorem,
949 1545 1004 1591 ut
1044 1537 1310 1590 discamus
1336 1537 1420 1590 cui
1467 1552 1609 1592 nunc
1651 1539 1899 1608 loquatur

307 1625 577 1695 Rebecca,
611 1629 798 1698 inquit,
825 1629 904 1682 Ad
915 1630 1199 1699 juniorem,
1225 1629 1325 1684 hoc
1345 1638 1446 1696 est,
1477 1630 1660 1686 Jacob.
1691 1631 1893 1700 Audivi,

302 1717 504 1788 inquit,
529 1730 730 1788 patrem
748 1731 889 1771 tuum
915 1721 1193 1788 loquentem
1230 1736 1345 1774 cum
1373 1720 1514 1775 Esau
1539 1727 1696 1793 fratre
1720 1732 1825 1789 tuo,
1851 1732 1896 1777 et

297 1810 556 1863 dicentem
578 1825 596 1862 :
622 1811 674 1862 7.
697 1807 840 1875 A/fer
866 1810 988 1862 mihi
1016 1810 1347 1878 venaticum,
1369 1821 1415 1865 et
1443 1816 1527 1884 [ac
1553 1813 1676 1866 mihi
1702 1813 1892 1878 edulia,

304 1910 362 1952 ut
391 1916 510 1953 cum
540 1898 821 1967 consedero,
863 1899 1152 1954 benedicam
1179 1911 1226 1954 te
1249 1918 1419 1955 coram
1461 1902 1701 1970 Domino,
1731 1904 1897 1973 prius-

302 2009 464 2059 quam
505 1993 694 2044 moriar
719 2009 832 2062 ego.
872 1992 996 2048 Haec
1035 1993 1246 2064 quidem
1273 1994 1448 2048 audivi
1500 2004 1701 2065 patrem
1751 2006 1895 2050 tuum

304 2084 465 2137 fratri
498 2098 587 2137 tuo
613 2083 754 2138 Esat'i
783 2085 1108 2153 IOquentent.
1153 2085 1209 2140 8.
1253 2084 1409 2139 Nunc
1445 2087 1618 2157 igitur,
1639 2087 1740 2156 ﬁli,
1773 2087 1898 2140 audi

303 2190 389 2226 me
409 2174 541 2226 sicut
566 2190 656 2244 ego
679 2175 767 2226 tibi
785 2175 1048 2246 Vprwcipio,
1076 2175 1130 2231 9.
1158 2184 1205 2230 et
1239 2177 1366 2230 vade
1389 2178 1456 2230 ad
1481 2194 1615 2243 oves,
1643 2187 1689 2232 et
1712 2179 1897 2232 sumito

301 2265 438 2317 mihi
463 2265 581 2319 inde
609 2265 736 2318 duas
760 2265 932 2320 turdos
957 2277 1152 2321 teneros
1178 2277 1225 2322 et
1255 2270 1429 2336 bonos,
1464 2277 1510 2322 et
1531 2271 1719 2341 faciam
1737 2285 1804 2324 ex
1826 2271 1898 2325 eis

292 2357 485 2412 edulia
506 2359 638 2426 patri
656 2368 760 2422 tuo,
778 2367 830 2410 ut
845 2369 1015 2412 amat:
1035 2359 1121 2414 10.
1141 2370 1188 2413 et
1213 2359 1398 2430 inferes
1424 2363 1559 2430 patri
1575 2372 1659 2415 tuo
1689 2371 1736 2415 et
1767 2377 1899 2416 cont-

291 2449 446 2517 edet,
468 2459 523 2502 ut
544 2449 802 2503 benedicat
831 2461 878 2504 te
898 2462 1040 2520 pater
1065 2462 1178 2507 tuus
1202 2454 1491 2524 priusquam
1504 2457 1747 2509 moriatur
1766 2457 1891 2527 ipse.

373 2541 434 2594 2.
483 2539 708 2594 Rebecca
734 2542 788 2594 in
814 2541 960 2596 rebus
987 2559 1098 2613 qua:
1121 2544 1188 2596 ad
1213 2544 1606 2599 benedictionem
1630 2546 1812 2601 Jacobi
1833 2549 1896 2604 ab

295 2631 501 2685 Isaaco
539 2641 784 2702 spectant,
821 2643 868 2688 et
900 2650 994 2706 suo
1036 2635 1200 2688 amori
1231 2645 1276 2688 et
1318 2636 1417 2704 ipsi
1460 2636 1558 2690 Dei
1598 2638 1898 2692 ministravit

293 2724 554 2790 oraculo;
576 2727 838 2794 coeperari
856 2743 947 2781 nos
975 2727 1080 2780 vult
1107 2728 1300 2800 auxilio
1331 2746 1423 2783 suo
1455 2729 1625 2796 Deus;
1666 2749 1766 2785 non
1805 2749 1897 2786 σοι

295 2825 555 2884 operatur
587 2817 866 2871 mendacio.
890 2846 965 2858 -—
985 2818 1116 2873 Vide
1145 2835 1393 2890 magnum
1427 2822 1610 2877 matris
1635 2838 1896 2892 amorem,

290 2907 420 2962 into
468 2909 920 2976 dispensationem
952 2910 1065 2964 Dei.
1109 2909 1225 2980 lpse
1249 2913 1391 2966 enim
1426 2923 1546 2968 erat
1575 2917 1663 2982 qui
1704 2916 1754 2970 ei
1797 2919 1900 2972 hoc

288 3001 600 3056 consilium
631 3001 798 3067 dedit,
830 3012 883 3057 et
908 3003 1086 3056 omnia
1123 3002 1256 3058 bene
1276 3019 1434 3074 agere
1459 3007 1679 3060 curavit.
1707 3006 1900 3062 Vidisti

293 3092 506 3146 matris
539 3093 794 3162 optimum
820 3093 1143 3147 consilium?
1186 3093 1315 3149 Vide
1343 3103 1397 3148 et
1423 3094 1588 3151 Jacob
1613 3097 1898 3166 providen-

291 3185 440 3239 tiam
469 3200 484 3238 :
513 3193 567 3238 et
603 3185 871 3254 quomodo
895 3184 1246 3255 respomlens,
1269 3201 1486 3241 suorum
1515 3203 1722 3243 morum
1765 3190 1900 3244 indi-

297 3285 396 3330 cat
447 3275 932 3330 mansuetudinem.
981 3278 1067 3332 ll.
1117 3277 1264 3332 Dixit
1307 3279 1469 3345 enim,
1517 3282 1704 3352 inquit,
1753 3284 1900 3338 matri

296 3382 419 3422 sua
451 3381 472 3420 :
504 3365 594 3420 Est
629 3366 789 3436 frater
818 3385 956 3422 meus
995 3371 1070 3422 vir
1097 3371 1348 3440 hispidus,
1384 3388 1474 3443 ego
1512 3383 1676 3428 autem
1709 3375 1782 3428 vir
1800 3375 1900 3428 la:-

292 3459 382 3512 sris
406 3474 429 3511 :
461 3455 548 3511 η.
577 3474 638 3510 ne
664 3462 792 3529 forte
815 3469 1081 3514 contrectet
1117 3478 1196 3514 me
1233 3473 1377 3532 pater
1402 3481 1560 3531 meus,
1597 3475 1643 3518 et
1669 3481 1754 3519 ero
1787 3476 1903 3520 ante

295 3565 430 3602 eum
469 3549 611 3618 quasi
646 3561 983 3618 contemnens,
1015 3555 1069 3604 et
1098 3553 1334 3606 inducant
1381 3553 1504 3607 mihi
1546 3555 1642 3624 ipsi
1685 3556 1901 3610 maledi-

299 3645 557 3710 ctionem,
586 3660 686 3697 non
721 3644 1133 3700 benedictionem.
1162 3645 1344 3716 Magna
1375 3648 1521 3716 pueri
1545 3649 1822 3711 honestas,
1850 3659 1904 3704 et

298 3736 362 3792 in
394 3746 606 3808 patrem
643 3738 961 3793 reverentia.
1000 3737 1208 3803 Timeo,
1241 3740 1427 3808 inquit,
1459 3756 1528 3794 ne
1550 3741 1604 3794 in
1634 3740 1902 3795 diversum

299 3827 574 3882 eveniant
602 3826 773 3880 studia
796 3843 936 3893 mea,
969 3842 1034 3882 ne
1073 3828 1255 3883 videar
1281 3828 1548 3884 adversari
1591 3831 1756 3900 patris
1785 3845 1905 3885 sen-

303 3919 523 3983 tentitn,
555 3925 608 3972 et
635 3933 732 3987 pro
775 3917 1148 3974 benedictione
1192 3920 1618 3975 maledictiouem
1650 3922 1777 3976 mihi
1807 3923 1904 3976 ad-

297 4011 536 4064 ducam.
559 4009 696 4075 Quid
719 4009 877 4080 igitur
896 4009 1158 4077 Rebecca,
1183 4011 1510 4066 admirabilis
1536 4012 1624 4066 illa
1649 4024 1697 4068 et
1720 4027 1905 4069 amans

301 4101 408 4155 lilii
432 4099 458 4154 7
486 4099 617 4166 Quia
645 4115 750 4155 non
777 4117 840 4154 ex
877 4115 970 4156 sua
1009 4111 1210 4157 tantum
1238 4104 1499 4158 sententia
1537 4104 1779 4170 faciebat,
1811 4105 1904 4160 sed

298 4199 366 4246 et
421 4187 608 4244 divino
639 4191 973 4246 ministrabat
999 4195 1237 4259 oraculo,
1272 4193 1392 4248 ideo
1429 4196 1571 4249 omni
1611 4195 1787 4250 studio
1816 4212 1908 4251 co-

301 4289 481 4334 natur
524 4282 759 4337 cxfniere
804 4298 969 4352 puero
999 4293 1299 4350 metum,et
1340 4285 1538 4341 addere
1579 4287 1809 4354 animos,
1851 4296 1908 4342 ut

298 4374 604 4430 consilium
634 4375 869 4444 perficiat
899 4393 912 4429 :
950 4392 1048 4432 nec
1076 4378 1336 4447 promittit
1363 4379 1412 4434 ei
1439 4378 1579 4449 quod
1623 4379 1792 4448 possit
1814 4379 1907 4434 de-

302 4464 509 4520 ludere
533 4475 759 4533 patrem,
782 4476 834 4520 et
865 4467 1032 4523 latere
1058 4485 1070 4522 :
1101 4468 1193 4522 sed
1223 4468 1386 4538 quid?
1416 4470 1501 4523 l3.
1525 4467 1591 4522 In
1615 4486 1692 4523 me
1716 4471 1907 4524 recidat

294 4557 612 4611 maledictio
651 4560 780 4622 lttvc,
824 4560 900 4626 ﬁli
940 4560 1010 4612 mi
1044 4575 1062 4613 :
1106 4571 1300 4614 tantum
1345 4562 1494 4617 obedi
1530 4563 1640 4616 voci
1678 4579 1823 4626 mete,
1861 4574 1906 4617 et

297 4648 512 4702 vadens
558 4644 688 4712 aﬂ’er
714 4647 856 4700 milii.
905 4648 971 4702 Et
1012 4649 1057 4703 si
1105 4649 1264 4704 luerit
1306 4651 1504 4720 aliquid
1545 4651 1668 4717 tale,
1717 4652 1904 4722 inquit,

301 4739 457 4794 nihil
489 4737 586 4792 tibi
630 4738 859 4793 nocebit.
893 4738 972 4794 Ne
1014 4739 1170 4808 igitur
1198 4742 1404 4810 timeas,
1444 4743 1537 4798 sed
1568 4744 1705 4799 bene
1739 4745 1908 4799 ﬁdens

301 4831 485 4883 οὑτιΙὶ
507 4831 614 4883 voci
642 4846 785 4896 mea,
813 4839 866 4885 et
894 4830 976 4885 fac
996 4847 1114 4899 qum
1132 4831 1224 4886 tibi
1249 4834 1616 4890 consuluntur.
1643 4835 1764 4892 Haec
1785 4851 1909 4891 vere

301 4931 564 4976 materna
595 4921 812 4976 dilectio
847 4933 950 4986 est,
985 4931 1040 4976 ut
1080 4938 1174 4992 pro
1206 4939 1368 4991 puero
1395 4935 1576 4994 parata
1619 4928 1687 4982 sit
1730 4928 1907 4982 omnia

300 5013 485 5065 ferre.
531 5009 624 5063 llis
646 5011 801 5066 dictis
846 5013 1011 5067 ﬁlium
1057 5028 1087 5066 a
1137 5014 1326 5067 timore
1373 5015 1632 5069 liberavit.
1668 5018 1752 5073 14.
1782 5017 1908 5072 Cum

299 5106 480 5175 igitur
524 5105 1002 5175 abiisset,.sumpsit
1046 5119 1092 5160 et
1119 5105 1285 5160 attiilil
1317 5110 1462 5162 matri
1511 5125 1619 5163 sua:
1661 5150 1674 5164 .
1726 5123 1771 5165 et
1791 5114 1908 5182 fecit

301 5199 519 5259 edulia,
543 5200 670 5252 sicut
697 5200 899 5252 amabat
939 5211 1079 5268 pater
1106 5202 1234 5270 ejus.
1262 5201 1346 5255 l5.
1379 5199 1444 5254 Et
1483 5212 1536 5254 ut
1569 5205 1776 5273 sumpsit
1808 5204 1906 5258 Re-

303 5293 496 5352 becca,
533 5291 722 5357 inquit,
745 5292 926 5344 stolam
965 5292 1060 5359 ﬁlii
1098 5294 1176 5344 sui
1213 5294 1423 5346 senioris
1449 5293 1736 5362 pulchram,
1756 5312 1907 5363 quam

304 5383 539 5437 habebat
568 5385 706 5450 apud
748 5401 801 5437 se
826 5385 982 5449 danti,
1020 5385 1180 5437 induit
1225 5385 1384 5438 Jacob
1425 5387 1587 5447 lilium
1634 5402 1778 5439 suunt
1817 5387 1910 5455 ju-

303 5476 542 5534 νέοι-(ιιι,
577 5473 664 5527 16.
694 5482 742 5526 et
769 5473 980 5541 pellibus
1009 5473 1268 5528 lta'dorum
1295 5476 1500 5529 brachia
1517 5476 1631 5546 ejus
1652 5489 1671 5528 :
1701 5485 1746 5530 et
1774 5477 1910 5528 nuda

303 5563 448 5620 colli
470 5565 577 5632 ejus
605 5564 953 5625 circumdedit.
974 5565 1057 5618 I7.
1080 5573 1126 5618 et
1146 5564 1284 5618 dedit
1308 5566 1499 5631 edulia,
1519 5575 1566 5620 et
1597 5583 1750 5634 panes
1785 5583 1909 5632 quos

307 5657 519 5724 (erarat
566 5655 616 5706 in
668 5671 843 5709 manus
885 5655 1043 5710 Iacob
1069 5658 1166 5726 filii
1195 5658 1294 5727 sui,
1323 5668 1369 5712 et
1409 5657 1588 5714 obtulit
1633 5660 1766 5729 patri
1796 5676 1904 5714 suo.

1301 237 1365 293 IN
1400 240 1550 298 CAP.
1595 243 1806 299 XXVII.
1848 239 2086 298 GENES.
2129 239 2358 296 IIOMIL.
2402 237 2528 293 LIII.

3481 243 3585 297 ωδ

2001 353 2157 418 Vide,
2205 353 2450 417 obsecro,
2485 351 2569 405 Iiic
2619 349 2872 406 Rebecca:
2911 366 3031 407 cum
3072 368 3260 424 magna
3302 353 3586 409 dilectione

1999 443 2336 511 conjunctam
2391 457 2565 496 raram
2612 443 2945 511 sapientiam.
2990 443 3120 498 Nam
3169 445 3289 514 quia
3339 445 3585 516 superius

2002 534 2154 599 dixit,
2176 535 2319 587 illum
2350 535 2560 603 quidem
2590 534 2854 604 hispidum
2882 551 3021 601 esse,
3050 535 3189 590 hunc
3217 553 3342 591 vero
3363 537 3581 601 laevent;

2001 627 2157 691 stola,
2179 625 2365 695 inquit,
2393 627 2531 680 Esau
2554 625 2723 679 induit
2743 641 2883 690 cum,
2907 635 2960 680 et
2983 627 3207 696 pellibus
3235 627 3584 683 circumdedit

2002 729 2144 779 eum,
2175 724 2228 767 et
2258 729 2378 768 cum
2413 715 2642 784 undique
2669 731 2786 768 eum
2816 715 2881 770 ad
2904 716 3269 788 deceptionem
3302 718 3585 772 instruxis-

2003 815 2104 870 set,
2137 804 2271 858 datis
2300 804 2488 859 eduliis
2517 815 2571 859 et
2591 805 2817 875 panibus
2841 807 2892 860 in
2927 822 3135 873 manu~',
3163 807 3337 861 ell'ecit
3364 818 3418 861 ut
3448 809 3584 878 patri

2003 892 2238 947 alierret.
2268 894 2560 950 Considera
2605 895 2691 948 hic
2715 910 2945 958 rursum,
2977 897 3241 966 quomodo
3278 900 3454 951 omnia
3494 913 3589 951 su.

2000 1001 2166 1054 perna
2193 989 2358 1057 gratia
2387 988 2684 1042 evenerint.
2709 987 2842 1043 Nam
2862 990 3076 1060 quando
3098 991 3237 1059 quod
3267 1008 3297 1046 a
3329 992 3480 1046 nobis
3503 1001 3588 1047 est

2003 1077 2296 1145 oll‘erimus,
2332 1081 2547 1150 largiter
2581 1080 2815 1135 divinam
2844 1084 3276 1152 cooperationem
3300 1087 3587 1155 consequi-

2003 1183 2142 1222 mur.
2179 1169 2312 1223 Nam
2337 1179 2395 1224 ut
2425 1186 2492 1225 ne
2522 1170 2733 1226 desides
2769 1180 2824 1226 et
2851 1174 3024 1242 supini
3052 1175 3240 1238 simus,
3287 1177 3397 1229 vult
3424 1179 3587 1231 etiam

2002 1275 2101 1312 nos
2121 1260 2318 1330 aliquid
2347 1261 2611 1327 conferre,
2637 1278 2743 1330 quo
2771 1265 2847 1319 sic
2875 1264 2960 1318 illa
2989 1280 3082 1321 sua
3107 1267 3374 1333 exhibeat,
3403 1277 3457 1322 et
3480 1283 3587 1322 non

2003 1357 2170 1402 totum
2197 1351 2266 1404 sit
2294 1351 2510 1420 superni
2542 1353 2747 1419 auxilii,
2781 1353 2873 1408 sed
2901 1365 3143 1423 oporteat
3177 1358 3338 1411 etiam
3370 1373 3465 1411 nos
3490 1359 3586 1412 ali-

2004 1441 2126 1509 quid
2151 1441 2306 1495 simul
2330 1442 2552 1508 all'erre;
2586 1460 2759 1514 neque
2775 1461 2803 1498 a
2825 1445 2976 1499 nobis
2999 1446 3191 1500 iterum
3211 1449 3372 1516 exigit
3393 1457 3583 1513 totum,

2002 1531 2178 1586 sciens
2206 1533 2527 1587 inﬁrmitatis
2554 1543 2748 1589 nostra:
2782 1536 3226 1602 magnitudinem:
3249 1537 3340 1591 sed
3369 1552 3462 1606 pro
3489 1553 3584 1591 sua

2002 1622 2349 1692 benignitate,
2382 1634 2434 1679 et
2459 1625 2642 1679 volens
2681 1627 3018 1682 occasionem
3065 1628 3292 1696 aliquam
3320 1631 3584 1698 accipere,

2003 1722 2059 1764 ut
2083 1727 2232 1766 suam
2254 1713 2491 1768 declaret
2515 1715 2908 1774 liberalitatem.
2929 1726 3206 1785 exslieetat
3231 1727 3287 1771 ut
3305 1717 3591 1773 aderamus

2000 1817 2118 1871 quae
2157 1818 2186 1855 a
2228 1802 2380 1857 nobis
2410 1814 2572 1858 sunt:
2600 1803 2652 1858 id
2681 1803 2821 1874 quod
2849 1814 2902 1858 et
2929 1820 3069 1860 nunc
3097 1804 3292 1860 factum
3319 1817 3422 1860 est.
3456 1806 3588 1861 Nam

2000 1893 2121 1961 quia
2171 1892 2336 1948 Jaeob
2375 1903 2430 1948 et
2477 1895 2716 1949 llebecca
2768 1895 3006 1950 fecerunt
3043 1911 3103 1949 ea
3142 1912 3262 1966 qua:
3300 1912 3330 1950 a
3369 1912 3426 1951 se
3475 1897 3587 1951 fieri

2001 1981 2321 2050 Oportebat:
2355 1991 2409 2037 et
2456 1984 2543 2037 ille
2590 1985 2804 2054 quidem
2835 1985 3068 2040 obedivit
3105 1987 3333 2041 consilio
3374 1988 3586 2049 matris,

2000 2070 2118 2125 haec
2171 2081 2350 2126 autem
2378 2073 2558 2126 omnia
2586 2089 2707 2143 qua:
2756 2075 2823 2129 ad
2869 2091 2927 2132 se
2974 2077 3272 2132 attinebant
3315 2078 3585 2146 implevit:

2001 2170 2130 2216 tunc
2175 2163 2309 2216 ultra
2364 2163 2534 2218 bonus
2580 2165 2833 2219 Dominus
2879 2181 3067 2236 magna
3112 2168 3360 2222 facilitate
3406 2168 3586 2236 perfici

2001 2254 2208 2307 curavit
2251 2253 2392 2323 qttod
2419 2254 2655 2309 omnium
2702 2266 2818 2311 erat
2847 2255 3236 2324 difficillimum,
3271 2273 3336 2312 ne
3385 2257 3586 2312 fraudis

2004 2343 2163 2412 hujus
2191 2343 2364 2398 fabula
2389 2355 2512 2399 nota
2543 2358 2689 2400 esset
2712 2346 2914 2402 lsaaco.
2946 2348 3075 2402 Nam
3109 2359 3386 2420 postquam
3411 2350 3587 2404 attulit

2003 2432 2177 2487 edulia
2227 2436 2383 2503 patri,
2415 2435 2501 2490 19.
2533 2435 2676 2489 Dixit
2719 2439 2785 2490 ad
2826 2455 2938 2492 eum
2960 2456 2978 2492 :
3012 2439 3134 2505 Quis
3175 2451 3228 2493 tu
3257 2458 3329 2506 es,
3361 2441 3433 2510 ﬁli
3460 2442 3486 2495 1'
3515 2441 3599 2494 Et‘

2002 2523 2133 2577 dixit
2176 2524 2337 2577 Iacob
2363 2526 2431 2576 ad
2474 2537 2663 2593 patrem
2695 2545 2840 2581 suum
2873 2545 2890 2581 :
2935 2528 3047 2599 Ego
3085 2547 3196 2583 sum
3228 2529 3365 2584 Esau
3391 2533 3588 2600 prima-

1997 2616 2197 2684 genitus
2239 2626 2354 2668 tuus
2381 2631 2400 2669 :
2433 2617 2531 2685 feci
2575 2617 2662 2669 tibi
2705 2618 2832 2671 sicut
2881 2620 3112 2688 loquutus
3155 2622 3277 2673 milii
3305 2638 3375 2676 cs.
3421 2620 3589 2692 Surge

2001 2723 2142 2777 ergo,
2161 2706 2296 2771 sede,
2322 2716 2367 2760 cl
2387 2709 2592 2762 comede
2619 2709 2682 2762 de
2710 2711 2970 2764 venatione
2991 2727 3121 2777 mea,
3144 2724 3198 2766 ut
3225 2713 3481 2767 bencdicat
3509 2729 3588 2767 me

2002 2799 2172 2851 anima
2198 2808 2306 2854 tua.
2325 2799 2614 2856 Considera
2641 2801 2742 2866 hic,
2775 2802 3020 2870 obsecro,
3039 2814 3232 2874 quanta
3256 2820 3376 2859 cum
3402 2805 3588 2860 anitic-

2007 2898 2113 2944 tate
2132 2891 2292 2944 verba
2320 2890 2436 2944 hcce
2465 2891 2713 2961 loquutus
2737 2893 2807 2948 sit
2830 2893 3014 2948 Jacob.
3037 2895 3137 2962 Qui
3161 2896 3300 2950 enim
3326 2895 3588 2966 principio

2005 2980 2209 3035 dixerat
2233 2983 2392 3035 matri
2419 3000 2432 3036 :
2464 2982 2652 3036 Timeo
2683 2997 2750 3037 ne
2775 2984 3021 3039 inducam
3057 3001 3217 3054 super
3245 3001 3331 3041 me
3368 2986 3590 3041 maledic

2004 3071 2253 3138 ctionem,
2293 3080 2347 3127 et
2398 3088 2501 3127 non
2561 3074 3023 3131 benedictionem:
3071 3091 3211 3132 nunc
3251 3077 3494 3147 expende
3535 3077 3588 3131 in

2005 3171 2204 3230 quanto
2227 3163 2416 3216 timore
2437 3165 2760 3219 constitutus
2790 3165 2967 3233 fuerit,
2992 3166 3080 3236 qui
3113 3175 3311 3220 tantam
3357 3166 3587 3221 fabulam

2005 3251 2226 3320 ageret?
2253 3251 2444 3305 Verum
2478 3253 2602 3323 quia
2652 3255 2789 3309 Deus
2818 3265 2932 3310 erat
2961 3257 3048 3324 qui
3094 3257 3481 3325 cooperahatur
3526 3256 3591 3310 iis

2004 3359 2124 3414 quin
2154 3344 2370 3411 fiebant,
2400 3348 2576 3400 omnia
2605 3362 2767 3417 opere
2802 3358 2926 3402 sunt
2965 3349 3199 3419 impleta.
3231 3350 3367 3416 Quid
3408 3349 3589 3418 igitur,

2005 3437 2149 3491 dicet
2190 3438 2400 3514 aliquis,
2433 3449 2819 3508 cooperatusne
2849 3440 2988 3494 Deus
3018 3448 3101 3495 est
3140 3440 3456 3495 mendacio?
3501 3440 3592 3494 Di-

2006 3529 2160 3596 lecte,
2194 3546 2260 3584 ne
2288 3531 2505 3601 indages
2550 3541 2753 3587 tantum
2779 3532 2918 3603 quod
2945 3533 3018 3608 fit,
3050 3535 3141 3587 sed
3188 3533 3405 3589 attende
3430 3533 3589 3588 etiam

1991 3631 2246 3690 scopum,
2279 3631 2332 3675 et
2362 3623 2503 3692 quod
2553 3623 2602 3676 id
2635 3639 2740 3677 non
2782 3622 2982 3678 factum
3012 3624 3080 3678 sit
3111 3624 3416 3693 temporalis
3444 3638 3593 3678 com-

2007 3710 2149 3764 modi
2173 3711 2255 3765 vel
2277 3713 2515 3766 avaritia:
2541 3728 2721 3780 causa,
2751 3713 2846 3768 sed
2869 3714 3006 3783 quod
3049 3716 3134 3769 ille
3163 3717 3325 3784 patris
3369 3714 3592 3770 benedi-

2007 3805 2240 3859 ctionem
2268 3805 2367 3859 sibi
2399 3820 2709 3874 comparare
2739 3805 2975 3860 studeret
3009 3823 3022 3861 :
3063 3807 3261 3877 alioqui
3291 3808 3335 3861 si
3367 3809 3437 3861 ita
3465 3807 3593 3862 sim-

2009 3895 2218 3965 pliciter
2251 3912 2370 3966 qua:
2421 3897 2552 3950 ﬁunt
2597 3899 2994 3952 examinaturus
3039 3914 3118 3964 es,
3166 3914 3340 3969 neque
3380 3915 3594 3970 semper

2009 4000 2228 4056 scopum
2260 3987 2509 4057 exquiras
2534 4028 2548 4051 ,
2595 3987 2715 4042 vide
2743 4003 2811 4044 ne
2841 3999 2893 4044 et
2923 3989 3279 4059 patriarcliam
3309 3990 3400 4045 ﬁlii
3431 3992 3592 4046 inter-

2011 4078 2288 4145 fectorem,
2320 4088 2374 4133 et
2400 4079 2656 4134 Phineem
2694 4067 3014 4135 homicidam
3042 4081 3242 4136 dieas‘.
3275 4081 3469 4149 Verum
3497 4098 3588 4136 ne-

2009 4186 2114 4242 que
2145 4170 2411 4224 Abraham
2461 4171 2552 4226 filii
2599 4171 2860 4227 homicida
2903 4172 3019 4239 fuit,
3049 4173 3140 4227 sed
3171 4181 3223 4227 et
3250 4171 3402 4228 valde
3427 4171 3476 4226 ei
3516 4174 3594 4226 af-

2013 4263 2181 4317 fectus
2205 4272 2352 4327 erat,
2383 4263 2426 4317 si
2458 4262 2576 4332 quis
2613 4262 2749 4317 alius
2775 4281 2788 4317 :
2835 4278 3007 4333 neque
3037 4263 3261 4318 Pliinces
3306 4261 3589 4323 homicida,

2011 4353 2105 4409 sed
2132 4356 2250 4408 zelo
2282 4354 2488 4424 plenus.
2518 4353 2749 4424 Uterque
2776 4355 2920 4409 enim
2947 4354 3086 4424 quod
3116 4355 3223 4408 Deo
3245 4352 3590 4422 probabatur,

2013 4445 2257 4500 faciebat.
2288 4445 2643 4512 Quamobrem
2672 4446 2764 4502 ille
2799 4462 2892 4515 per
2911 4445 3286 4510 obedienziain,
3310 4444 3532 4500 multam
3563 4463 3593 4498 ιι

2015 4538 2125 4591 Deo
2168 4537 2649 4592 remunerationem
2706 4542 3027 4606 promeruit;
3078 4536 3163 4590 hic
3208 4552 3334 4591 vero
3376 4548 3595 4608 propter

2013 4633 2181 4685 zelum
2225 4632 2558 4701 pranlicatnr.
2611 4631 2812 4685 Dicitur
2850 4632 2992 4684 enim
3024 4649 3036 4683 :
3067 4629 3212 4684 Stetit
3265 4630 3504 4696 l’hinees,
3549 4641 3597 4685 et

2014 4725 2229 4794 placavit
2256 4723 2425 4790 (Psal.
2460 4724 2582 4778 105.
2615 4722 2726 4792 50).
2771 4721 2826 4776 Si
2855 4721 3014 4791 igitur
3044 4721 3384 4776 homicidium
3411 4733 3466 4776 et
3496 4723 3593 4776 ﬁlii

2013 4817 2188 4870 ca‘des
2236 4814 2566 4883 placuerunt.
2615 4813 2737 4882 quia
2784 4811 3078 4866 secundum
3134 4813 3224 4866 Dei
3275 4811 3592 4867 sententious

2016 4905 2240 4970 ﬁebant,
2289 4920 2389 4958 nec
2441 4894 2762 4956 attendimus
2802 4901 2868 4956 ad
2908 4901 3076 4967 facta,
3123 4903 3214 4956 sed
3263 4903 3326 4954 ad
3378 4915 3595 4968 scopum

1959 5039 1967 5046 .
2013 5012 2199 5052 eorum
2226 5012 2344 5066 qua:
2373 4994 2712 5076 gerebantur,
2746 5003 2800 5049 et
2824 4993 2890 5048 ad
2921 4994 3252 5048 voluntatem
3291 5006 3474 5044 eorum
3503 4989 3594 5059 qui

2014 5088 2299 5143 fecerunt:
2349 5087 2518 5141 multo
2544 5085 2714 5157 magis
2739 5095 2795 5142 et
2841 5085 2929 5158 hic
2976 5083 3408 5156 perpendendum
3454 5079 3591 5135 istud

2015 5182 2244 5328 “inde
2273 5271 2428 5356 igitur
2466 5271 2567 5326 hoc
2594 5273 2870 5327 considam
2892 5313 2908 5338 ,
2949 5269 3089 5338 quod
3135 5267 3263 5322 falsa
3306 5266 3498 5321 fuerint
3529 5283 3592 5319 ea

2013 5381 2132 5434 qua:
2158 5361 2465 5418 dicebantur
2489 5379 2520 5416 a
2548 5362 2764 5428 Jacobo,
2795 5361 2888 5415 sed
2919 5361 3044 5415 illud
3079 5359 3249 5429 Cogita
3270 5400 3284 5426 ,
3327 5357 3593 5412 volentem

2081 5548 2096 5579 ⁸
2135 5551 2272 5594 Juxta
2297 5541 2462 5604 Morel,
2508 5548 2567 5604 et,
2589 5538 2726 5604 savii.
2774 5537 3134 5604 sic‘lcgendnm
3155 5543 3269 5604 _est,
3397 5541 3595 5604 scopum

2016 5607 2259 5670 exquiras,
2275 5604 2382 5665 jam
2406 5601 2887 5670 “ldiﬁcari/uinerit
2928 5597 3255 5661 patritae/utin
3292 5612 3393 5647 esse
3407 5597 3497 5661 [illi
3518 5597 3594 5666 iu-

2019 5664 2335 5732 terfecwrein,
2351 5671 2398 5714 ct
2423 5665 2645 5715 t'ltr'ncent
2662 5664 2964 5712 homicidam.
