4142 6206
714 370 816 424 ἆϐῚ

718 484 881 538 Deum
910 481 1305 553 prtrdictionent
1337 474 1579 546 impleri,
1605 475 1779 528 omnia
1795 481 1847 526 ut
1867 473 1941 526 sic
1962 471 2148 525 tierent
2171 468 2284 523 dis-

716 575 1038 641 peusavisse.
1065 573 1129 625 Et
1151 579 1205 623 ut
1235 570 1374 623 scias
1394 568 1558 620 Deum
1589 565 1766 619 omnia
1788 563 1954 617 facilia
1973 559 2284 622 reddidisse,

716 665 872 719 etiam
895 679 954 718 ea
977 677 1092 732 qua:
1112 659 1340 715 diflicilia
1368 666 1551 711 erant:
1572 655 1691 710 vide
1710 653 1974 724 quomodo
1988 652 2163 722 justus
2183 665 2286 703 non

721 757 952 826 potuerit
983 753 1236 823 suspicari
1279 750 1516 805 fraudem
1539 791 1553 813 ,
1599 746 1694 802 sed
1735 759 2016 816 persuasus
2043 742 2111 798 sit
2136 741 2290 796 dictis

716 848 912 911 .lacob,
943 856 996 900 et
1013 860 1131 899 etun
1154 843 1327 898 edulia
1351 844 1448 896 ista
1470 839 1807 904 comedisset,
1834 833 2289 892 benedictionibus

718 953 840 990 eum
883 944 1206 990 remuneret.
1277 932 1346 985 Et
1392 945 1498 985 non
1545 929 1689 999 prius
1737 942 1766 980 a
1811 926 2090 981 venatione
2133 921 2293 977 rediit

721 1027 857 1080 iisan
881 1065 898 1093 ,
939 1039 1096 1094 quam
1149 1020 1323 1078 omnia
1372 1026 1551 1076 essent
1598 1009 1812 1087 impleta
1841 1035 1855 1071 :
1884 1024 1942 1070 ut
1982 1029 2076 1084 per
2114 1012 2290 1068 omnia

717 1120 971 1184 sciamus,
1011 1117 1280 1171 voluntate
1322 1115 1411 1168 Dei
1461 1113 1574 1167 hzec
1611 1120 1756 1180 gesta
1795 1111 1977 1164 tuisse.
2015 1106 2100 1161 20.
2150 1104 2292 1158 Dixit

715 1217 906 1275 antem,
936 1207 1134 1277 inquit,
1177 1206 1326 1260 Isaac
1350 1221 1369 1259 :
1397 1204 1532 1271 Quid
1562 1206 1688 1268 hoc,
1725 1201 1858 1271 quod
1887 1205 1988 1252 tant
2018 1199 2114 1251 cito
2151 1197 2291 1249 inve-

718 1299 837 1353 nisti
856 1340 873 1367 ,
901 1299 977 1369 fili
997 1299 1022 1352 ?
1060 1298 1158 1352 Ille
1191 1308 1357 1351 autem
1398 1295 1523 1351 dixit
1557 1311 1576 1348 :
1606 1294 1754 1361 Quod
1795 1292 2000 1346 tradidit
2049 1289 2294 1343 Dominus

721 1390 859 1447 Deus
883 1405 996 1446 tuus
1023 1405 1192 1446 coram
1220 1405 1315 1444 me.
1341 1389 1526 1444 Adhuc
1553 1388 1604 1442 in
1634 1385 1886 1454 angustiis
1910 1381 2083 1438 stabat
2109 1379 2292 1443 Jacob,

721 1482 1116 1551 augebaturque
1135 1481 1417 1551 plurimum
1441 1479 1602 1533 timor
1620 1478 1733 1547 ejus
1753 1494 1767 1530 :
1785 1489 1968 1529 verum
1991 1473 2102 1526 tunc
2119 1471 2294 1525 omnia

721 1582 1006 1644 propterea
1039 1573 1168 1626 facta
1200 1580 1352 1636 sunt,
1387 1579 1445 1624 ut
1479 1570 1740 1624 discamus
1770 1566 1929 1621 rebus
1959 1565 2084 1633 ipsis
2113 1562 2295 1616 Domi-

725 1678 852 1717 num
898 1678 1001 1716 nou
1032 1660 1342 1730 simpiicitcr
1386 1671 1534 1714 suatn
1581 1657 1852 1712 declarare
1892 1651 2295 1707 sollicitudinem

723 1762 780 1806 et
827 1751 1210 1822 providentiam
1235 1793 1249 1816 ,
1293 1749 1392 1805 nisi
1435 1743 1623 1802 viderit
1667 1757 1721 1801 et
1760 1752 1997 1800 nostrum
2047 1739 2298 1795 accedere

725 1842 1010 1898 fcrvorcm.
1057 1841 1133 1895 Ne
1172 1842 1314 1895 enim
1359 1847 1642 1909 praetereas
1673 1836 1846 1890 obiter
1874 1835 2010 1889 hunc
2039 1846 2258 1901 agonem
2280 1870 2296 1896 ,

720 1933 948 1996 dilecte,
980 1930 1072 1986 sed
1100 1929 1403 1984 consideres
1431 1932 1498 1982 de
1526 1934 1699 1981 “rerum
1731 1940 1934 1980 summa
1967 1923 2126 1977 tuisse
2157 1920 2298 1990 peri-

727 2021 906 2076 culum
932 2039 946 2075 :
969 2036 1196 2091 eumque
1225 2023 1412 2075 timore
1439 2033 1501 2074 ac
1527 2026 1760 2072 tremore
1785 2016 1996 2085 plenum
2028 2013 2209 2079 fuisse,
2234 2025 2302 2066 nc

730 2121 948 2181 prepter
993 2111 1415 2166 benedictionem
1459 2109 1608 2163 ﬁeret
1637 2107 1780 2161 omni
1822 2102 2174 2160 maledictioni
2202 2101 2300 2156 ob-

732 2205 942 2260 noxius.
986 2201 1187 2258 Deinde
1214 2202 1419 2271 inquit,
1447 2199 1538 2254 2i.
1567 2198 1707 2252 Dixit
1738 2193 2304 2264 IsaactApprOpinqua

728 2297 874 2362 mihi,
915 2305 965 2350 et
991 2295 1304 2349 contrectabo
1344 2302 1420 2360 te,
1458 2293 1567 2362 ﬁli,
1605 2308 1672 2345 an
1717 2291 1785 2346 sis
1813 2288 1950 2358 ﬁlius
1976 2304 2114 2342 meus
2139 2284 2300 2353 Esati,

730 2386 809 2441 vel
833 2402 951 2440 non.
983 2377 1192 2439 Etenim
1214 2384 1286 2439 ob
1306 2398 1488 2439 vocem
1513 2383 1780 2452 paululum
1802 2379 2072 2435 dubitabat
2091 2377 2263 2446 justus
2287 2394 2301 2431 :

727 2476 827 2531 sed
849 2477 968 2545 quia
986 2475 1308 2546 dispensatio
1330 2473 1596 2544 implenda
1620 2482 1754 2536 erat,
1780 2487 1884 2525 non
1909 2469 2146 2539 permisit
2166 2466 2306 2522 Deus

734 2577 795 2622 ut
841 2567 994 2623 dolus
1035 2567 1340 2622 sentiretur.
1393 2565 1485 2619 22.
1532 2561 1964 2633 Appropinquavit
2006 2569 2208 2626 autem,
2260 2566 2308 2610 et

727 2658 1056 2713 contrectauit
1079 2674 1212 2722 eum,
1244 2666 1289 2710 et
1320 2656 1482 2709 dixit:
1513 2653 1622 2707 Vox
1649 2651 1846 2722 quidem
1870 2665 1965 2703 vox
1987 2648 2168 2713 Jacob,
2196 2663 2306 2700 ma-

736 2766 829 2804 nus
851 2760 1015 2802 autem
1038 2764 1213 2802 manus
1238 2741 1379 2800 Esau?
1402 2755 1484 2799 :et
1509 2761 1608 2797 non
1635 2741 1835 2812 agnovit
1863 2755 1994 2793 eum.
2023 2737 2154 2792 Vide
2179 2752 2310 2807 quo-

731 2841 898 2895 modo
935 2839 1181 2894 ostendat
1225 2847 1391 2893 totum
1436 2853 1465 2889 a
1513 2835 1603 2890 Dei
1652 2834 1820 2904 gratia
1874 2845 2160 2886 manasse:
2189 2844 2307 2899 qua:

737 2930 1004 2985 efﬁciebat
1025 2970 1041 2994 ,
1080 2937 1139 2982 ut
1167 2930 1279 2999 ipse
1311 2927 1439 2981 nihil
1465 2924 1653 2979 borum
1680 2929 2020 2993 agnosceret,
2055 2930 2110 2976 et
2145 2915 2308 2975 Jacob

734 3031 955 3090 paterna
987 3020 1251 3074 frueretur
1286 3015 1673 3073 benedictione.
1705 3015 1768 3067 Et
1800 3031 1897 3067 non
1927 3012 2128 3084 agnovit
2157 3027 2300 3073 eum,

738 3111 934 3179 inquit;
972 3120 1112 3164 erant
1137 3111 1269 3162 enim
1307 3123 1484 3162 manus
1512 3107 1620 3177 ejus
1659 3107 1786 3160 sicut
1813 3113 1991 3158 manus
2035 3101 2190 3157 Esau.
2215 3101 2304 3156 2-5.

743 3199 808 3251 tit
837 3201 982 3264 dixit,
1015 3199 1152 3254 Tune
1174 3215 1228 3254 es
1255 3199 1392 3268 ﬁlius
1421 3215 1559 3253 meus
1581 3197 1754 3252 Esau?
1773 3196 1900 3250 Vide
1930 3196 2140 3259 iterum,
2171 3208 2308 3264 quo-

735 3291 902 3345 modo
916 3291 1141 3346 ostendit
1159 3291 1334 3346 divino
1345 3291 1634 3361 Scriptura,
1655 3287 1793 3360 quod
1817 3286 2306 3356 dubitassetjustus.

739 3380 885 3436 Dixit
910 3383 1049 3436 enim
1070 3424 1085 3449 ,
1134 3383 1333 3451 inquit,
1367 3381 1506 3435 Num
1534 3390 1588 3436 tu
1624 3397 1675 3435 es
1719 3381 1854 3449 ﬁlius
1883 3395 2020 3432 meus
2050 3377 2226 3432 Esau?
2253 3385 2312 3432 ut

732 3485 806 3526 ex
831 3485 896 3527 co
920 3487 1127 3543 quoque
1152 3474 1379 3528 sciamus
1401 3514 1416 3537 ,
1459 3480 1664 3542 patrem
1691 3470 1884 3525 victum
1919 3468 2142 3523 naturali
2177 3467 2310 3522 atre-

733 3563 914 3618 -ctione
939 3567 1113 3617 omnia
1138 3563 1359 3619 fecisse:
1386 3564 1554 3618 Deum
1583 3571 1780 3624 autem,
1802 3561 1891 3631 qui
1921 3559 2092 3614 futura
2121 3557 2311 3630 prtevi-

741 3653 863 3720 det,
909 3663 963 3708 ct
1010 3654 1260 3708 virtutum
1296 3663 1418 3708 nota
1458 3667 1644 3708 servos
1683 3635 1808 3707 suos
1847 3649 2097 3720 insignire
2139 3649 2309 3716 solet,

735 3744 917 3798 omnia
943 3743 1083 3800 hunc
1109 3745 1160 3799 in
1188 3745 1402 3799 modum
1429 3742 1841 3814 dispensavisse.
1865 3741 1932 3796 Et
1959 3739 2093 3796 dixit
2117 3738 2310 3795 Jacob:

741 3834 876 3905 Ego.
917 3835 1200 3905 Postquam
1247 3836 1386 3890 enim
1430 3835 1594 3901 dixit,
1630 3833 1771 3888 Nam
1813 3843 1866 3887 tu
1907 3849 1958 3887 es
2003 3829 2140 3886 Esaii
2177 3832 2314 3900 ﬁlius

735 3925 917 3981 tonsus?
939 3934 993 3980 et
1013 3926 1162 3990 dixit,
1191 3923 1298 3997 Ego
1316 3942 1334 3979 :
1352 3925 1502 3990 dixit,
1530 3925 1620 3979 25.
1649 3923 1790 3991 A/fer
1815 3922 1957 3986 mihi,
1988 3931 2034 3976 et
2058 3922 2316 3977 comedam

737 4017 806 4070 de
845 4019 1100 4071 venatione
1128 4028 1214 4070 tua
1236 4059 1250 4084 ,
1295 4017 1392 4086 ﬁli,
1423 4026 1476 4071 ut
1511 4017 1766 4070 benedicat
1794 4025 1840 4069 te
1863 4016 2032 4068 anima
2056 4031 2166 4067 mea
2190 4028 2207 4066 :
2228 4014 2313 4068 vix

741 4107 952 4161 tandem
978 4123 1006 4161 a
1032 4125 1154 4162 cura
1185 4109 1407 4162 solvitur
1430 4108 1623 4174 Jacob,
1663 4117 1708 4161 et
1750 4107 1919 4161 attulit
1947 4109 2076 4178 patri
2108 4107 2274 4160 edulia
2293 4146 2314 4175 ,

737 4199 1004 4268 attulitque
1030 4201 1196 4253 vinum
1216 4242 1230 4265 ,
1273 4209 1320 4252 et
1362 4199 1498 4255 bibit.
1529 4198 1618 4254 26.
1649 4199 1714 4252 Et
1757 4200 1886 4252 dixit
1910 4199 1956 4253 ei
1986 4215 2004 4253 :
2033 4199 2223 4252 Accede
2249 4199 2317 4251 ad

741 4304 852 4355 me,
879 4299 924 4342 et
954 4289 1181 4343 osculare
1209 4307 1286 4343 me
1306 4333 1319 4355 ,
1355 4291 1450 4358 ﬁli.
1488 4289 1580 4344 27.
1611 4288 1672 4342 Et
1696 4289 1934 4343 accedens
1961 4290 2212 4342 osculatus
2244 4296 2316 4342 est

740 4397 890 4447 eum;
938 4390 982 4434 et
1029 4382 1268 4437 odoratus
1306 4392 1378 4437 est
1419 4383 1622 4436 odorem
1667 4381 2065 4435 vestimentorum
2095 4381 2234 4447 eius,
2269 4389 2318 4433 et

729 4471 989 4526 sbenedixit
1015 4488 1127 4526 eum
1145 4515 1159 4538 ,
1187 4489 1246 4526 ac
1275 4473 1419 4526 dixit.
1451 4472 1580 4527 Vide
1606 4472 1796 4527 divina)
1821 4471 2104 4540 Scriptura:
2134 4470 2318 4524 obser-

739 4562 1028 4615 vationem.
1059 4561 1341 4632 Postquam
1371 4561 1747 4632 interrogavit,
1781 4560 1921 4614 Nunt
1963 4569 2016 4614 tu
2057 4577 2110 4615 es
2136 4559 2317 4613 Esait?

732 4659 796 4704 et
821 4650 973 4714 dixit,
1002 4649 1113 4722 Ego
1134 4667 1154 4706 :
1175 4653 1365 4708 iterum
1393 4643 1740 4708 contrectavit
1763 4666 1909 4718 eum,
1934 4661 1984 4706 et
2011 4650 2319 4705 subdubita-

741 4739 854 4805 bat,
883 4755 1003 4795 cum
1030 4757 1094 4797 es
1121 4758 1250 4798 voce
1270 4758 1405 4812 pene
1425 4743 1816 4798 simulationem
1844 4739 2313 4810 deprehendisset:

739 4839 794 4884 et
822 4831 1015 4885 iterum
1059 4832 1433 4903 interrogavit,
1479 4832 1618 4887 Nunt
1646 4841 1698 4885 tu
1724 4848 1776 4886 es
1804 4833 1940 4901 ﬁlius
1970 4847 2106 4886 meus
2141 4829 2321 4885 Emit?

740 4931 797 4977 et
824 4921 975 4991 dixit,
1001 4921 1112 4994 Ego
1130 4940 1147 4978 :
1166 4934 1219 4979 et
1248 4933 1427 4995 postea
1468 4923 1643 4978 attulit
1670 4922 1717 4978 ei
1738 4964 1753 4989 ,
1785 4931 1840 4978 et
1867 4920 2134 4978 comedit:
2159 4931 2313 4988 tunc,

735 5013 946 5085 inquit,
995 5013 1265 5070 Osculatus
1308 5027 1380 5071 e-t
1417 5032 1549 5078 eum,
1579 5025 1624 5069 et
1674 5015 1918 5069 benedixit
1963 5031 2096 5068 eum.
2136 5012 2204 5070 Ut
2250 5027 2318 5069 ne
2363 5064 2368 5068 .

741 5105 867 5173 quis
888 5106 1134 5174 opinetur
1155 5121 1275 5162 cum
1307 5108 1358 5160 in
1391 5118 1672 5176 personam
1711 5105 1849 5160 Esaft
1891 5103 2313 5160 benedictionem

737 5195 962 5265 fecisse,
993 5198 1087 5253 sed
1131 5197 1185 5253 in
1231 5198 1379 5253 iitum
1414 5207 1571 5268 quem
1604 5198 1872 5254 osculatus
1896 5203 1977 5252 est
2000 5203 2312 5266 :‘pr0pterea

737 5299 1124 5344 commemorat
1142 5289 1318 5345 divina
1347 5288 1635 5360 Scriptura,
1668 5288 1811 5360 quod
1839 5287 2108 5344 osculatus
2132 5297 2233 5352 est,
2261 5295 2316 5341 et

737 5378 1010 5435 benedixit
1054 5381 1235 5450 illum,
1279 5387 1438 5451 quem
1486 5381 1757 5439 escttlatus
1801 5387 1902 5435 est.
1949 5373 2202 5433 Oderatus
2243 5386 2316 5432 est

737 5470 870 5522 enim
893 5471 1097 5525 odorem
1132 5472 1535 5527 uestimentorum
1579 5474 1687 5544 ejus
1728 5481 1775 5524 et
1816 5469 2064 5524 benedixit
2095 5483 2242 5532 eum,
2271 5475 2316 5521 et

731 5561 858 5613 diait
887 5577 907 5614 :
937 5560 1064 5615 Ecce
1089 5563 1216 5615 odor
1241 5564 1334 5630 ﬁtii
1358 5563 1452 5614 mei
1473 5603 1488 5626 ,
1533 5563 1649 5615 iisut
1687 5560 1812 5614 odor
1839 5560 1950 5631 agri
1979 5559 2144 5627 pleni,
2171 5573 2316 5626 quem

733 5651 986 5707 benedixit
1012 5653 1280 5708 Dominus.
1301 5653 1392 5708 28.
1424 5653 1490 5708 Et
1545 5653 1654 5708 'obit
1676 5655 1762 5707 tibi
1794 5652 1926 5706 Deus
1951 5653 2012 5705 de
2043 5665 2156 5704 rore
2179 5649 2312 5717 cwli,

710 5752 783 5796 vet
807 5743 869 5797 de
891 5743 1191 5814 pinguedine
1217 5755 1384 5813 terra,
1410 5753 1456 5800 et
1481 5757 1534 5806 In!
1568 5740 2102 5812 (ρὸιωεηεαρειπωιιὶ
2121 5749 2169 5796 et
2189 5739 2311 5799 viui.

1421 361 1487 419 S.
1526 357 1799 418 JOANNIS
1834 351 2300 415 CHRYSOSTOMI
2340 345 2654 406 ARCHIEP.
2696 349 3226 408 CONSTANTINOP.
3885 348 3970 404 ὧδὲ

2399 465 2531 530 Det,
2562 464 2767 532 inquit,
2799 463 3056 519 Dominus
3077 461 3215 517 Deus
3242 460 3372 526 tibi,
3399 459 3486 530 qui
3515 457 3688 513 edulia
3718 461 3958 514 attulisti

2396 557 2482 625 qui
2524 571 2554 610 a
2603 571 2688 610 me
2719 556 2958 609 osculum
3006 552 3377 623 accepistizEt
3420 552 3634 606 serviant
3671 553 3766 605 tibi
3789 567 3970 622 gentes

2399 645 2532 701 Vide
2574 646 2842 716 quomodo
2888 645 3306 700 necessariorum
3349 644 3555 712 copiam
3588 644 3686 712 ipsi
3735 656 3967 714 precatu

2400 740 2506 803 sit,
2535 739 2726 793 deinde
2755 739 3102 808 principatum
3128 735 3360 807 gentium
3385 776 3402 802 ,
3437 733 3734 804 pra-dicens
3764 744 3823 790 et
3845 735 3964 790 futn

2396 848 2508 886 ram
2537 830 2650 900 ejus
2677 831 3080 900 prosperitatem
3101 839 3155 883 et
3175 844 3357 884 eorum
3385 827 3471 896 qui
3501 826 3568 880 ab
3597 842 3662 881 eo
3687 837 3962 882 nascuutn

2398 921 2799 976 incrementum.
2832 919 2900 974 Et
2925 921 3134 973 adorent
3174 929 3222 972 te
3257 917 3524 987 principes.
3567 915 3683 971 Non
3730 915 3918 973 solum
3944 934 3970 971 e

2393 1020 2715 1081 apprecatur
2741 1012 2975 1081 gentium
3013 1009 3392 1078 subjectionem
3413 1049 3427 1070 ,
3461 1007 3553 1062 sed
3591 1009 3752 1063 etiam
3781 1008 3970 1077 priuci'

2399 1117 2546 1170 pum.
2580 1101 2645 1155 Et
2670 1102 2741 1156 sis
2765 1096 2996 1154 dominus
3028 1100 3201 1169 fratris
3230 1099 3321 1150 tui.
3351 1095 3484 1152 Vide
3520 1099 3791 1167 quomodo
3817 1100 3968 1151 servi

2393 1194 2588 1263 justus,
2619 1194 2777 1248 etiam
2821 1194 3104 1263 ignorans,
3157 1191 3248 1244 Dei
3288 1189 3568 1243 voluntati.
3610 1189 3802 1245 Omnia
3842 1191 3970 1243 enin

2403 1285 2515 1338 lucc
2542 1292 2758 1353 propter
2785 1282 2886 1337 ltoe
2912 1280 3357 1350 dispensabautur
3380 1322 3393 1342 ,
3423 1289 3481 1332 ut
3509 1279 3594 1331 hic
3620 1288 3846 1347 propter
3877 1279 3970 1332 viri

2401 1384 2566 1428 tutcm
2597 1375 2787 1444 dignus
2807 1413 2822 1438 ,
2852 1373 3071 1441 recipiat
3111 1369 3552 1425 benedictiOnem.
3599 1369 3664 1421 Et
3699 1369 3967 1422 adorabun

2401 1476 2449 1520 te
2489 1467 2582 1535 ﬁlii
2625 1467 2782 1536 patris
2821 1467 2910 1518 tui.
2952 1463 3117 1518 Filios
3157 1462 3430 1517 consuevit
3477 1461 3751 1529 Scriptura
3791 1476 3970 1514 vocari

2400 1571 2615 1611 omnem
2646 1557 3039 1626 generationem
3067 1571 3079 1606 :
3105 1554 3240 1607 sicut
3266 1561 3318 1606 et
3345 1551 3429 1605 bie
3453 1593 3466 1612 ,
3515 1551 3650 1605 lilios
3675 1551 3844 1620 patris
3874 1552 3945 1603 tui

2401 1661 2466 1700 ac
2494 1647 2536 1701 si
2566 1646 2685 1717 quis
2705 1643 2906 1700 diceret
2925 1660 3016 1698 eos
3039 1644 3126 1714 qui
3149 1661 3212 1697 ex
3235 1643 3437 1697 semine
3469 1641 3608 1696 Esau
3627 1642 3787 1696 futuri
3810 1654 3963 1696 erant

2403 1735 2520 1791 Non
2549 1736 2689 1790 enim
2718 1735 2850 1789 alios
2892 1733 3028 1787 ﬁlios
3061 1732 3244 1786 habuit
3290 1732 3466 1796 lsaac,
3504 1745 3658 1800 quam
3705 1731 3805 1785 bos
3850 1731 3970 1783 duo:

2402 1827 2574 1881 solos.
2599 1825 2699 1892 Qui
2741 1824 2993 1877 maledicit
3033 1834 3109 1888 te,
3148 1823 3212 1876 sit
3247 1821 3580 1876 maledictus:
3609 1822 3697 1891 qui
3740 1824 3969 1874 benedici

2405 1924 2472 1979 te,
2504 1915 2569 1969 sit
2595 1913 2879 1968 benedictus
2927 1913 3066 1968 Ecce
3090 1910 3396 1967 Coronidem
3424 1910 3831 1976 benedictionis,
3861 1927 3970 1964 ecct

2404 2017 2666 2060 summam
2698 2005 2930 2059 omnium
2954 2005 3233 2068 honorum,
3266 2018 3385 2058 esse
3411 2003 3766 2057 benedictum.
3798 2003 3962 2056 Vidist

2410 2097 2502 2152 Dei
2530 2095 2905 2152 clementiam?
2943 2095 3041 2162 Qui
3073 2095 3318 2148 timuerat
3346 2107 3414 2147 ne
3440 2091 3868 2147 male-dictionem
3900 2109 3970 2146 ac

2407 2187 2607 2256 ciperet
2631 2201 2728 2257 pro
2753 2187 3140 2246 benedictione,
3171 2196 3274 2238 non
3303 2184 3476 2238 solum
3501 2189 3617 2238 cum
3644 2191 3790 2238 tanta
3825 2185 3970 2252 largi.

2409 2285 2516 2332 tate
2538 2275 2932 2331 benedictiones
2952 2287 2980 2328 a
3005 2286 3149 2342 patre
3172 2282 3406 2342 reportat
3430 2291 3442 2326 :
3461 2271 3554 2327 sed
3576 2282 3630 2327 et
3656 2272 3730 2326 illi
3759 2272 3970 2327 maledi-

2407 2376 2618 2432 cuntur,
2642 2367 2729 2435 qui
2751 2373 3011 2420 attentam
3037 2379 3157 2419 eum
3183 2362 3520 2418 maledicere.
3542 2361 3675 2418 Hinc
3697 2361 3970 2418 discamus.

2409 2457 2551 2526 quod
2577 2456 2787 2526 quando
2813 2456 2932 2527 quis
2967 2454 3258 2510 secundum
3285 2453 3609 2508 voluntatem
3635 2455 3727 2508 Dei
3750 2470 3842 2508 sua
3871 2454 3970 2508 dis-

2412 2561 2634 2616 pensare
2677 2546 2816 2610 vult,
2867 2555 3011 2600 tanto
3042 2558 3271 2615 sttperno
3331 2543 3567 2598 Subsidia
3590 2544 3898 2614 adiuvatur,
3931 2561 3969 2597 tt

2411 2637 2513 2694 hoc
2546 2637 2702 2707 plane
2733 2639 2907 2707 reipsa
2936 2637 3258 2707 experiatur.
3288 2635 3418 2702 Quis
3448 2635 3587 2690 enim
3619 2641 3722 2689 non
3751 2635 3970 2689 admire-

2412 2736 2497 2782 tur
2537 2735 2592 2782 et
2631 2727 2970 2796 Obstupescat
3015 2727 3104 2782 Dei
3149 2723 3466 2786 ineffabilem
3515 2723 3970 2795 dispensationem,

2411 2818 2551 2888 quod
2587 2833 2694 2873 non
2734 2818 2880 2888 prius
2913 2818 3054 2872 Esau
3083 2821 3150 2872 de
3180 2817 3458 2873 venatione
3494 2813 3798 2882 advenerit,
3829 2834 3963 2888 quau

2411 2910 2709 2966 solveretur
2733 2909 2926 2964 fabulae
2955 2909 3096 2964 illius
3123 2917 3488 2980 argumentum
3511 2951 3526 2976 ,
3571 2917 3622 2963 et
3661 2910 3869 2979 quando
3900 2909 3970 2963 illc

2411 3011 2624 3071 accepta
2651 3001 3017 3056 benedictione
3045 3016 3072 3053 a
3102 3011 3250 3069 patre
3274 3001 3556 3057 discessit?
3580 2999 3691 3057 lloc
3716 3001 3855 3054 enim
3888 3015 3970 3052 nos

2412 3091 2605 3147 docere
2625 3093 2812 3148 volens
2837 3092 3023 3146 beatus
3052 3091 3222 3146 Moses
3254 3093 3577 3162 adjicit:50.
3605 3091 3675 3146 Et
3703 3097 3887 3162 factum
3914 3109 3970 3144 es.

2413 3194 2676 3253 postquam
2701 3183 2907 3237 cessavit
2940 3181 3086 3236 Isaac
3115 3182 3402 3237 benedicere
3423 3181 3581 3237 Jucob
3612 3183 3770 3250 ﬁlium
3798 3198 3940 3234 suum
3965 3222 3970 3233 .

2413 3285 2459 3330 et
2490 3277 2677 3345 factum
2717 3282 2788 3328 est
2828 3274 3030 3346 quando
3057 3275 3204 3329 exivit
3231 3273 3388 3328 Iacob
3429 3291 3461 3328 α
3500 3275 3629 3346 facie
3654 3273 3800 3329 Isaac
3827 3273 3970 3344 patrii

2411 3365 2511 3430 sui,
2541 3381 2654 3419 ecce
2677 3364 2820 3420 Esat's
2845 3369 3004 3436 frater
3027 3381 3148 3419 suus
3176 3367 3309 3418 venit
3329 3366 3392 3419 de
3410 3367 3685 3419 venatione.

2483 3454 2539 3508 4.
2570 3453 2823 3522 Quidquid
2853 3463 3110 3523 peractum
3137 3455 3234 3520 sit,
3263 3464 3372 3525 post
3398 3456 3663 3509 adventum
3687 3454 3841 3519 Emit,
3867 3470 3970 3506 nar-

2414 3556 2492 3599 rat
2549 3546 2929 3600 commentando
2983 3546 3397 3617 Chrysostomus;
3445 3547 3795 3602 benedictionis
3847 3545 3970 3600 Esut'.

2415 3637 2680 3707 explicatio
2727 3653 2986 3692 numerum
3028 3639 3234 3692 claudit.
3268 3667 3340 3679 ——-
3379 3637 3510 3695 Vide
3555 3638 3817 3709 quomodo
3867 3647 3970 3707 post

2415 3729 2560 3783 illius
2590 3729 2796 3783 exitum
2833 3729 2967 3784 alter
3002 3731 3179 3783 statim
3217 3729 3453 3785 advenit.
3497 3729 3612 3784 Non
3654 3731 3752 3785 hoc
3788 3730 3970 3797 absqut

2415 3828 2574 3868 causa
2599 3813 2680 3868 vel
2722 3823 2920 3869 temere
2958 3814 3171 3877 factum,
3195 3809 3288 3870 sed
3319 3825 3376 3868 ut
3405 3815 3652 3885 ignorans
3691 3815 3896 3869 alien-et
3931 3823 3970 3866 et

2418 3905 2533 3974 ipse
2553 3905 2748 3972 edulia,
2775 3915 2829 3960 et
2853 3921 2882 3960 a
2914 3917 3060 3975 patre
3088 3906 3385 3961 addisceret
3425 3917 3538 3961 rem
3579 3914 3740 3961 totam
3776 3914 3836 3960 ut
3868 3914 3970 3958 at‘lzt

2419 4005 2555 4052 erat.
2587 3997 2718 4051 Nam
2746 3998 2789 4050 si
2817 3997 2867 4050 in
2900 3999 3114 4052 fratrem
3145 3995 3434 4062 incidisset,
3471 3996 3686 4050 forsitan
3723 4006 3773 4049 et
3815 3996 3970 4063 ipsum

2420 4087 2792 4151 interemisset,
2825 4087 2994 4142 victus
3022 4089 3094 4141 ira
3126 4103 3139 4140 :
3170 4087 3258 4157 qui
3289 4088 3430 4142 enim
3460 4087 3559 4140 hoc
3579 4094 3759 4155 postea
3787 4084 3970 4138 delibo.

2418 4180 2573 4246 ravit,
2601 4181 2767 4234 multo
2793 4181 2957 4250 magis
2985 4178 3111 4233 dum
3137 4189 3384 4249 ageretur
3412 4180 3698 4248 negotium,
3728 4177 3775 4230 id
3805 4187 3970 4230 attcn.

2422 4280 2604 4326 tasset.
2630 4270 2734 4326 Sed
2765 4285 2954 4325 manus
2997 4271 3087 4325 Dei
3128 4279 3263 4335 erat,
3300 4279 3418 4339 quae
3449 4283 3666 4338 puerum
3698 4267 3934 4320 servabat
3965 4283 3970 4320 :

2419 4370 2474 4416 et
2520 4361 2660 4416 hunc
2709 4361 2920 4431 quidem
2977 4360 3189 4431 dignum
3238 4360 3606 4414 benedictione
3658 4357 3862 4423 elTecit,
3917 4359 3970 4411 il-

2421 4454 2530 4508 lum
2581 4462 2758 4520 autem
2776 4467 2830 4512 et
2858 4455 3229 4510 benedictione
3246 4452 3476 4523 privavit
3493 4464 3547 4507 et
3562 4451 3970 4522 primogenitum.

2420 4547 2510 4602 51.
2561 4545 2627 4601 Ut
2673 4555 2838 4600 autem
2883 4545 3100 4608 advenit,
3151 4545 3341 4616 inquit,
3389 4545 3503 4616 fecit
3549 4553 3596 4597 et
3645 4544 3751 4613 ipse
3793 4542 3970 4605 edulia,

2421 4647 2468 4691 et
2508 4638 2674 4690 attulit
2711 4639 2843 4703 patri
2883 4654 2995 4703 suo,
3037 4645 3083 4692 et
3121 4637 3295 4690 dixit:
3320 4637 3510 4706 Surget
3550 4643 3694 4704 pater
3727 4650 3894 4699 meus,
3937 4643 3970 4685 et

2421 4729 2645 4783 comedat
2676 4729 2740 4782 de
2780 4729 3039 4782 uenatione
3062 4726 3158 4796 filii
3193 4727 3290 4792 sui,
3323 4736 3376 4780 ut
3413 4726 3672 4780 benedicat
3709 4740 3784 4777 me
3817 4725 3970 4776 auium

2422 4831 2526 4875 tua.
2555 4820 2707 4886 Vide,
2721 4822 2966 4886 Obsecro,
2987 4819 3176 4874 iterum
3190 4818 3390 4888 justum
3411 4815 3726 4886 perturbari,
3743 4822 3791 4868 et
3811 4825 3970 4868 mente

2421 4913 2667 4969 cruciari.
2708 4911 2840 4966 Nam
2884 4921 2942 4966 ut
2979 4912 3198 4977 audivit,
3222 4911 3309 4966 32.
3341 4909 3485 4963 Dixit
3516 4925 3528 4961 :
3557 4908 3681 4975 Quis
3700 4923 3749 4961 es
3772 4905 3860 4959 tu?
3889 4905 3970 4959 Illi

2421 5015 2588 5058 autent
2627 5004 2754 5057 dixit
2783 5017 2802 5057 :
2832 5001 2940 5072 Ego
2968 5018 3081 5056 sum
3120 5002 3257 5070 ﬁlius
3291 5009 3407 5054 tuus
3443 4998 3800 5069 primogenita
3824 4994 3970 5049 Εσιιᾶ.

2371 5131 2380 5143 .
2424 5095 2553 5150 Vide
2577 5093 2843 5163 quomodo
2871 5092 3097 5161 superbe
3123 5105 3182 5146 se
3210 5097 3358 5160 gerat
3383 5089 3434 5143 in
3459 5101 3520 5143 re
3551 5087 3790 5157 praesenti
3829 5103 3841 5139 :
3880 5096 3970 5137 nou

2419 5187 2549 5242 satis
2571 5185 2666 5255 ipsi
2702 5183 2798 5238 fuit
2823 5183 3020 5247 dicere,
3046 5177 3156 5251 Ego
3182 5195 3292 5235 sum
3319 5179 3457 5234 Esau
3474 5194 3499 5234 :
3517 5179 3610 5234 sed
3628 5174 3837 5236 addidit,
3870 5173 3970 5226 Ρνὶ·

2421 5279 2720 5351 mogenitus.
2769 5277 2857 5332 '55.
2907 5273 3172 5343 Obstupuit
3209 5281 3378 5326 autem
3413 5270 3562 5326 Isaac
3603 5279 3799 5339 stupore
3839 5268 3970 5320 tre/tea

2421 5369 2596 5432 menti,
2618 5377 2667 5422 et
2692 5366 2818 5420 dixit
2840 5380 2862 5419 :
2879 5363 3003 5429 Quis
3028 5363 3181 5432 igitur
3209 5371 3412 5416 senatus
3433 5370 3504 5414 est
3525 5358 3648 5412 mihi
3669 5357 3970 5418 venationem,

2421 5469 2469 5515 et
2493 5459 2662 5513 attulit
2688 5456 2832 5520 mihi,
2861 5463 2905 5508 et
2930 5453 3123 5506 comedi
3147 5452 3211 5506 de
3240 5451 3468 5505 omnibus
3495 5459 3759 5518 antequam
3778 5456 3828 5498 tu
3847 5445 3970 5499 seni.

2419 5569 2502 5608 res
2529 5570 2544 5606 :
2572 5560 2619 5605 et
2647 5547 2873 5605 benedixi
2902 5562 3036 5613 eum,
3063 5556 3110 5600 et
3135 5547 3198 5600 sit
3218 5543 3541 5600 benedictus?
3572 5541 3702 5595 Vide
3729 5536 3970 5608 quomodo

2422 5646 2474 5701 in
2503 5643 2850 5716 perplexitate
2883 5640 3200 5695 constitutus
3232 5639 3428 5704 justus,
3449 5644 3506 5691 et
3531 5647 3748 5689 narrans
3769 5629 3970 5690 factum,

2428 5735 2629 5793 addidit
2666 5743 2842 5789 tamen
2879 5732 3106 5802 graviter
3143 5729 3282 5784 illius
3321 5728 3554 5782 animum
3581 5723 3888 5781 vulnerans:
3917 5717 3970 5772 Et
