4150 6206
278 371 384 428 661

277 480 452 543 66:6;
476 498 498 530 ε
514 479 558 541 ίς
574 477 732 545 ἔργον
748 477 842 548 τὴν
863 479 1166 550 πρόρρησιν
1185 480 1353 534 αὐτοῦ
1373 483 1623 549 ἀγαγεῖν.
1644 483 1858 538 ᾶπαντα

276 567 446 626 οὕτως
475 561 794 632 ᾠκονόμησε
825 561 1099 629 γενέσθαι.
1122 563 1234 616 Καὶ
1265 564 1354 617 ἵνα
1387 564 1564 636 μάθῃς
1596 565 1746 637 1517]
1775 567 1857 618 ὅτι

281 651 314 698 ό
345 645 478 707 Θεὸς
501 637 574 714 ἦν
596 645 628 695 ὁ
654 643 828 696 πάντα
851 643 1246 718 ἐξευμαρίζων,
1283 648 1376 700 καὶ
1402 646 1469 699 τὰ
1493 647 1724 699 δύσκολα
1767 645 1860 699 εὐ-

280 729 412 782 κολα
442 724 633 788 ποιῶν,
659 726 758 796 ὅρα
785 724 901 788 πῶς
937 727 966 778 6
992 725 1199 790 δίκαιος
1223 729 1329 782 οὐκ
1363 729 1604 800 ἠδυνήθη
1629 731 1860 784 συνιδεῖν

276 813 374 879 τὴν
397 808 635 878 ἀπάτην,
657 807 797 861 ἀλλά
815 809 908 860 καὶ
937 808 1184 862 πείθεται
1213 813 1326 874 τοῖς
1360 811 1512 882 παρά
1534 811 1626 864 τοῦ
1666 811 1863 865 Ἰακὼϐ

278 892 506 963 ῥηθεῖσι,
557 890 650 942 καὶ
687 890 1001 954 ἀπολαύσας
1058 891 1166 946 τῶν
1214 894 1528 964 ἐδεσμάτων
1563 895 1858 964 ἀμείϐεται

275 974 436 1027 αὐτὸν
463 976 581 1036 ταῖς
622 974 914 1042 εὐλογίαις.
946 976 1058 1028 Καὶ
1096 977 1156 1028 οὐ
1192 976 1459 1047 πρότερον
1498 977 1861 1049 παραγίνεται

273 1059 382 1115 ἀπὸ
405 1057 502 1128 τῆς
521 1056 693 1128 θήρας
723 1058 752 1109 6
793 1056 983 1121 Ἡσαῦ,
1013 1058 1208 1129 μέχρις
1236 1060 1324 1112 ὅτε
1356 1061 1531 1114 πάντα
1559 1061 1708 1123 τέλος
1735 1060 1860 1114 ἐλα-

275 1139 390 1202 ϐεν,
426 1139 512 1191 ἵνα
538 1137 882 1192 διάεπάιῖτων
919 1140 1134 1211 γνῶμεν
1167 1142 1251 1195 ὅτι
1284 1142 1425 1196 κατὰ
1459 1142 1592 1195 Θεοῦ
1632 1141 1861 1214 γνώμην

272 1219 334 1273 τὸ
363 1221 649 1292 γινόμενον
672 1217 758 1292 ἦν.
792 1218 939 1276 Εἷπε
959 1223 1048 1288 δὲ,
1080 1225 1274 1294 φησὶν,
1300 1223 1510 1280 Ἰσαάκ
1528 1242 1542 1256 ’
1580 1227 1638 1281 Τί
1658 1227 1857 1290 τοῦτο,

272 1302 364 1356 ὅτι
382 1299 738 1380 ταχύεὗρες,
759 1300 803 1360 ὦ
825 1305 1064 1370 τέκνον;
1098 1307 1150 1360 '0
1172 1307 1240 1360 66
1257 1303 1443 1362 εἶπεν⁹
1472 1311 1532 1361 Ὃ
1555 1309 1860 1377 παρέδωκε

274 1387 490 1453 Κύριος
513 1390 545 1440 6
567 1388 711 1452 Θεός
740 1403 856 1442 σου
883 1380 1160 1443 ἐναντίον
1197 1389 1363 1459 ἐμοῦ.
1405 1391 1527 1443 Ἔτι
1565 1389 1858 1458 ἐναγώνιος

274 1470 516 1538 εἱστήκει
549 1472 577 1523 6
626 1469 837 1537 Ἰακὼϐ,
883 1473 976 1525 καὶ
1019 1471 1214 1544 ηὐξετο
1245 1473 1394 1544 αὐτῷ
1419 1472 1490 1526 τὰ
1531 1472 1625 1525 τοῦ
1665 1473 1855 1542 φόϐου,

275 1552 367 1602 καὶ
391 1551 566 1606 πάντα
590 1553 819 1619 ἐγίνετο,
847 1555 934 1607 ἴνα
963 1555 1226 1625 μάθωμεν
1254 1556 1322 1608 δι’
1353 1556 1533 1609 αὐτῶν
1564 1556 1645 1608 ὅτι
1674 1557 1702 1608 6
1733 1555 1856 1624 φιλ-

275 1635 560 1706 άνθρωπος
598 1637 877 1708 Δεσπότης
920 1638 1020 1706 οὐχ
1067 1637 1254 1700 ἁπλῶς
1292 1637 1390 1708 τὴν
1419 1639 1625 1691 οἰκείαν
1653 1637 1857 1691 ἐπιδεί-

274 1734 467 1776 κνυται
485 1720 765 1788 πρόνοιαν,
787 1720 853 1770 ἂν
874 1719 948 1790 μὴ
977 1719 1177 1792 πολλὴν
1197 1718 1280 1790 ἴδῃ
1307 1721 1400 1772 καὶ
1423 1720 1522 1790 τὴν
1545 1721 1674 1792 παρ’
1695 1719 1856 1791 ἡμῶν

272 1799 597 1872 θερμότητα
621 1801 933 1871 γινομένην.
956 1801 1046 1873 Μὴ
1069 1803 1178 1872 γάρ
1199 1820 1289 1872 μοι
1316 1803 1703 1875 παραδράμῃς,
1720 1803 1857 1871 ἀγα-

275 1883 440 1952 πητέ,
471 1882 666 1934 τοῦτον
695 1881 791 1936 νῦν
831 1883 922 1935 τὸν
965 1884 1174 1951 ἀγῶνα,
1212 1883 1350 1938 ἀλλὰ
1381 1885 1574 1938 σκόπει
1615 1885 1697 1938 ὅτι
1730 1885 1857 1956 περὶ

271 1964 369 2016 τοῦ
417 1964 622 2028 παντὸς
662 1960 729 2034 ἦν
768 1965 916 2036 αὐτῷ
959 1968 988 2019 6
1031 1966 1292 2030 κίνδυνος,
1325 1969 1418 2020 καὶ
1459 1966 1714 2020 ἐδεδοίκει
1761 1968 1856 2020 καὶ

268 2044 474 2116 ἔτρεμε
504 2049 581 2118 μὴ
610 2047 678 2099 δι’
720 2047 971 2115 εὐλογίαν
1002 2047 1246 2118 κατάρας
1285 2048 1584 2112 ὑπεύθυνος
1611 2049 1854 2119 γένηται.

272 2123 411 2188 Εἶτά
445 2146 632 2198 φησιν,
680 2125 826 2183 Εἷπε
867 2129 938 2182 δὲ
992 2130 1226 2186 Ἰσαὰκο
1271 2131 1562 2200 Ἕγγισόν
1593 2147 1714 2198 μοι,
1759 2130 1856 2183 καὶ

273 2212 627 2284 ψηλαφήσω
653 2229 750 2274 σε,
775 2213 1008 2277 τέκνον,
1031 2215 1082 2267 εὶ
1101 2213 1187 2266 σὺ
1213 2208 1272 2266 εῙ
1292 2216 1324 2266 6
1349 2215 1477 2278 υἱός
1489 2231 1610 2282 μου
1651 2212 1856 2278 Ἠσαῦ,

273 2294 311 2361 ἤ
355 2296 449 2350 οὔ.
495 2296 632 2349 Ἀπὸ
654 2297 764 2368 γὰρ
788 2299 886 2367 τῆς
914 2299 1097 2366 φωνῆς
1133 2297 1313 2369 ἡρέμα
1347 2314 1462 2358 πως
1507 2296 1807 2360 ἐνεδοίαζεν
1831 2299 1860 2350 6

270 2375 510 2440 δίκαιοςο
540 2378 654 2430 ἀλλ’
685 2378 872 2448 ἐπειδὴ
905 2379 1070 2451 ἐχρῆν
1099 2378 1197 2449 τὴν
1225 2379 1536 2448 οἰκονομίαν
1580 2381 1658 2440 είς
1700 2377 1860 2448 ἔργον

272 2457 541 2526 ἐξελθεῖν,
571 2463 632 2514 οὐ
667 2463 1020 2532 συνεχωρήθη
1059 2462 1289 2516 συνιδεῖν
1319 2462 1416 2532 τὴν
1451 2462 1690 2531 ἀπάτην.
1721 2463 1861 2530 Ἥγ-

273 2556 408 2612 rios
429 2542 521 2608 66,
541 2544 724 2614 φησὶν,
763 2543 981 2609 Ἰακὼϐ,
1013 2549 1108 2598 καὶ
1125 2543 1734 2612 ἐψηλάφησεναὺτὸν
1762 2543 1859 2595 καὶ

271 2620 468 2678 εἶπεν·
507 2626 572 2678 Ἡ
597 2625 715 2694 μὲν
742 2626 934 2695 φωνὴ,
973 2625 1144 2696 φωνὴ
1188 2626 1388 2680 Ἰακώϐ
1403 2643 1416 2655 ·
1455 2628 1514 2678 al
1543 2625 1612 2678 66
1639 2624 1856 2693 χεῖρες,

274 2705 474 2778 χεῖρες
522 2708 719 2762 Ἠσαῦ
741 2727 754 2740 ·
791 2709 886 2762 καὶ
917 2711 1027 2763 οὐκ
1056 2709 1288 2778 ἐπέγνω
1325 2709 1533 2762 αὐτόν.
1560 2708 1700 2779 Ὅρα
1741 2707 1858 2770 πῶς

271 2787 549 2842 δείκνυται
575 2790 656 2844 ὅτι
697 2789 796 2860 τῆς
826 2790 920 2843 τοῦ
957 2792 1092 2845 Θεοῦ
1143 2794 1366 2863 χάριτος
1395 2787 1464 2862 ἦν
1501 2790 1563 2843 τὸ
1594 2793 1721 2855 πᾶν,
1761 2791 1858 2860 τῆς

273 2872 804 2943 παρασκευαζούσης
850 2873 947 2928 καὶ
984 2874 1147 2927 αὐτὸν
1188 2875 1356 2944 μηδὲν
1397 2873 1508 2926 τῶν
1557 2873 1858 2942 γινομένων

273 2954 533 3017 συνιδεῖν,
556 2954 649 3006 καὶ
671 2955 762 3006 τὸν
798 2955 990 3007 Ἰακὼϐ
1010 2955 1316 3008 ἀπολαῦσαι
1335 2955 1436 3023 τῆς
1467 2954 1739 3024 πατρικῆς
1767 2953 1856 3004 εὐ-

273 3035 486 3106 λογίας.
517 3036 628 3091 Kal
653 3039 766 3091 οὐκ
797 3037 1027 3106 ἐπέγνω
1055 3039 1262 3099 αὐτὸν,
1289 3037 1453 3107 φησίν
1472 3053 1487 3066 ⁹
1559 3031 1719 3103 ἦσαν
1753 3037 1858 3104 γὰρ

271 3121 332 3172 al
372 3119 570 3187 χεῖρες
600 3120 787 3173 αὐτοῦ
825 3120 906 3185 ὡς
930 3122 990 3172 al
1023 3119 1217 3189 χεῖρες
1261 3119 1467 3174 Ἡσαῦ.
1501 3117 1610 3174 Kal
1650 3112 1854 3171 εἶπενο

275 3203 346 3254 El
371 3201 454 3255 σὺ
483 3195 539 3254 εἷ
560 3204 593 3254 ό
616 3202 746 3267 υἱός
771 3219 891 3270 μου
944 3201 1128 3255 Ἠσαῦ
1154 3214 1217 3265 II;
1251 3202 1394 3271 Ὅρα
1425 3201 1586 3254 πάλιν
1618 3199 1732 3263 πῶς
1754 3199 1860 3251 6;!-

275 3299 468 3336 κνυσιν
501 3285 533 3353 ἡ
575 3282 692 3336 θεία
735 3283 924 3356 Γραφὴ
966 3285 1046 3337 ὅτι
1087 3283 1364 3349 ἐδίσταζεν
1392 3286 1421 3336 6
1455 3277 1680 3346 δίκαιος.
1711 3279 1858 3337 Εἷπε

274 3364 402 3435 γάρ,
435 3368 506 3419 El
528 3365 611 3420 σὺ
637 3362 694 3419 εἷ
715 3369 748 3420 ό
774 3369 904 3432 υἱός
925 3384 1045 3436 μου
1084 3366 1273 3420 Ἠσαῦ
1295 3382 1314 3430 ;
1340 3367 1425 3421 ἵνα
1451 3368 1544 3420 καὶ
1575 3368 1638 3419 ἐκ
1666 3365 1854 3418 τούτου

276 3448 439 3501 πάλιν
467 3448 704 3519 γνῶμεν,
751 3449 832 3501 ὅτι
863 3451 891 3500 6
924 3448 1108 3519 πατὴρ
1139 3450 1238 3520 μὲν
1265 3450 1521 3521 ἡττηθελς
1545 3453 1610 3519 τῇ
1652 3451 1854 3520 φυσικῇ

276 3529 635 3602 φιλοστοργία
659 3531 875 3584 ἅπαντα
894 3530 1245 3600 διεπράττετο
1264 3549 1278 3561 ⁸
1307 3533 1336 3584 6
1360 3532 1416 3584 δὲ
1441 3531 1573 3595 Θεὸς
1597 3534 1624 3585 6
1645 3530 1713 3584 τά
1736 3530 1857 3601 μέλ-

280 3613 444 3668 λοντα
481 3614 752 3684 προορῶν,
781 3613 874 3666 καὶ
905 3613 1014 3666 ἀπὸ
1030 3613 1130 3682 τῆς
1151 3614 1260 3666 τῶν
1283 3615 1498 3684 τρόπων
1529 3613 1728 3684 ἀρετῆς
1755 3629 1856 3682 χα-

277 3695 633 3766 ρακτηρίζων
683 3695 776 3746 καὶ
835 3694 1047 3758 δεικνὺς
1082 3695 1208 3757 τοὺς
1259 3693 1456 3748 ἑαυτοῦ
1491 3693 1852 3767 θεράποντας,

285 3777 465 3840 οὓτως
508 3776 723 3830 ἅπαντα
763 3777 1055 3846 οἰκονομεῖ.
1102 3773 1211 3829 Kal
1259 3773 1410 3844 εἷπε,
1442 3776 1640 3846 φησίνο
1695 3775 1853 3844 Ἐγώ.

289 3858 513 3930 Ἐπειδὴ
543 3859 650 3930 γὰρ
683 3854 938 3924 εἷπεν,Εὶ
963 3857 1048 3911 σὺ
1077 3854 1185 3912 εἷό
1210 3860 1340 3924 υἱός
1361 3875 1482 3926 μου
1513 3857 1704 3912 Ἠσαῦ
1720 3873 1739 3921 ;
1765 3857 1858 3910 καὶ

280 3940 459 4009 εἶπεν,
512 3939 686 4010 Ἐγώ·
724 3937 866 4004 εἶπε,
913 3939 1266 4012 Προσάγαγέ
1286 3958 1412 4010 μοι,
1454 3940 1555 3994 καὶ
1599 3939 1858 4009 φάγομαι

273 4028 398 4082 ἀπὸ
427 4023 537 4096 τῆς
578 4024 762 4094 θήρας
803 4041 945 4088 σου,
987 4023 1222 4086 τέκνον,
1247 4025 1348 4078 ἵνα
1379 4023 1686 4094 εὐλογήσῃ
1713 4037 1789 4076 σε
1817 4024 1856 4091 ἠ

277 4109 448 4180 ψυχή
465 4127 584 4179 μου
607 4124 623 4139 ⁸
648 4108 802 4179 μόλις
825 4108 953 4160 ποτὲ
975 4107 1075 4180 τῆς
1091 4107 1332 4176 ἀγωνίας
1355 4106 1540 4160 λοιπὸν
1566 4106 1854 4177 ἀπηλλάγη

275 4195 307 4247 6
339 4192 556 4256 Ἰακὼϐ,
583 4192 694 4246 Kal
727 4189 1108 4260 προσήνεγκε
1132 4188 1212 4255 τῷ
1239 4189 1415 4258 πατρὶ
1437 4189 1508 4244 τὰ
1536 4188 1854 4258 ἐδέσματα,

278 4276 377 4330 καί
400 4273 758 4342 εἰσήνεγκεν
781 4274 970 4336 οἶνον,
1003 4273 1101 4326 καὶ
1137 4271 1290 4328 ἔπιε.
1324 4271 1437 4326 Kal
1465 4267 1634 4326 εἷπεν
1659 4269 1820 4336 αὐτῷ
1838 4287 1852 4302 ·

280 4357 567 4427 Ἔγγισόν
581 4373 704 4426 μοι,
722 4355 819 4409 καὶ
837 4356 1106 4424 φίλησόν
1119 4372 1216 4424 με,
1233 4357 1470 4408 τέκνον.
1488 4354 1598 4410 Καὶ
1609 4353 1857 4423 ἐγγίσας

275 4441 574 4510 ἐφίλησεν
602 4438 790 4491 αὐτόν
812 4455 826 4469 ·
868 4438 970 4492 καὶ
999 4437 1326 4506 ὼσςεράνθη
1358 4437 1472 4504 τὴν
1505 4435 1706 4508 ὀσμὴν
1740 4433 1858 4490 τῶν

277 4522 527 4591 ίματίων
568 4519 781 4583 αὐτοῦ,
813 4519 911 4572 και
936 4521 1276 4590 εὐλόγησεν
1297 4520 1504 4586 αὐτὸν,
1537 4519 1635 4573 καὶ
1663 4514 1864 4600 εἶπεν..

281 4607 423 4678 Ὅρα
448 4603 550 4673 τῆς
583 4602 733 4663 Θείας
769 4601 992 4671 Γραφῆς
1029 4603 1128 4671 τὴν
1171 4604 1578 4676 παρατήρησιν.
1636 4601 1855 4674 Ἐπειδὴ

278 4688 586 4760 ἠρώτησεν,
601 4686 670 4738 El
691 4685 773 4736 σὺ
800 4680 856 4736 εἷ
889 4684 1094 4750 Ἠσαῦ;
1116 4684 1209 4738 καὶ
1239 4683 1414 4750 εἶπεν,
1448 4686 1610 4755 Ἐγὼ,
1636 4687 1729 4739 καὶ
1746 4687 1854 4740 πά-

282 4771 376 4826 λιν·
408 4769 760 4840 ἐψηλάφησεν
807 4766 992 4830 αὐτὸν,
1040 4766 1134 4820 καὶ
1164 4769 1348 4839 ἡρέμα
1395 4785 1512 4833 πως
1553 4768 1854 4832 ἐνεδοίαζεν

281 4855 386 4909 ὐπὸ
406 4854 506 4923 τῆς
534 4851 719 4922 φωνῆς
740 4851 819 4913 είς
843 4850 1098 4904 ὐπόνοιάν
1122 4869 1240 4905 τινα
1257 4853 1347 4904 καὶ
1375 4853 1655 4925 ὐκόκρισιν
1680 4855 1856 4924 ἐμπεο

282 4938 410 5004 σὼν,
429 4938 522 4990 καὶ
539 4935 700 4990 πάλιν
717 4931 1020 5003 ἠρώτησεν,
1039 4935 1110 4986 El
1121 4932 1206 4986 σὺ
1226 4930 1284 4995 εἷ
1306 4937 1337 4988 ό
1349 4936 1478 4999 υἱός
1487 4953 1606 5004 μου
1638 4935 1854 5001 Ἠσαῦ;

280 5022 377 5076 καὶ
408 5017 598 5084 εἶπεν,
634 5015 798 5086 Ἐγὼ,
823 5011 942 5068 εἶτα
959 5017 1330 5086 προσήνεγκεν
1359 5017 1634 5088 αὐτῷ,καὶ
1662 5018 1850 5087 ἔφαγε

279 5105 420 5168 τότε,
455 5101 642 5171 φησὶν,
685 5100 1016 5168 Ἕφίλησεν
1036 5099 1243 5162 αὐτόν,
1270 5099 1368 5152 xal
1388 5100 1727 5167 εὐλόγησεν
1748 5091 1876 5154 αὐ-’

285 5189 404 5242 τόν.
436 5183 553 5237 Ἵνα
591 5182 666 5253 μὴ
707 5181 903 5252 νομίσῃ
933 5199 1013 5244 τις
1036 5183 1119 5235 ὅτι
1147 5183 1227 5246 είς
1249 5181 1310 5235 τὸ
1344 5180 1437 5235 τοῦ
1471 5181 1645 5235 Ἢσαῦ
1693 5183 1852 5252 πρόσο

281 5287 426 5325 ωπον
453 5268 550 5339 τὴν
586 5265 833 5335 εὐλογίαν
866 5264 1015 5336 [518]
1048 5266 1360 5338 ἐποιήσατο,
1390 5265 1504 5319 ἀλλ’
1538 5267 1616 5330 είς
1651 5268 1855 5320 ἐκεῖνον

282 5355 370 5405 τὸν
391 5351 484 5405 ὐπ’
513 5348 678 5403 αὐτοῦ
714 5347 1005 5418 φιληθέντα
1030 5364 1042 5377 ·
1081 5348 1172 5402 διὰ
1197 5349 1355 5402 τοῦτο
1383 5349 1786 5418 ἐμνημόνευσεν
1820 5351 1854 5422 ή

283 5434 400 5488 θεία
435 5432 646 5505 Γραφὴ,
685 5432 767 5484 ὅτι
797 5431 892 5483 καὶ
927 5430 1171 5502 ἐφίλησε,
1202 5432 1297 5485 καὶ
1325 5432 1625 5502 ηὐλόγησεν
1651 5433 1855 5486 ἐκεῖνον

282 5519 372 5572 τὸν
396 5517 489 5570 ὐπ’
518 5513 682 5570 αὐτοῦ
715 5512 1028 5583 φιληθέντα.
1063 5513 1403 5582 Ὠσφράνθη
1422 5515 1509 5580 66,
1534 5515 1721 5585 φησὶν,
1741 5514 1860 5583 τὴν

283 5601 483 5672 ὀσμὴν
508 5598 629 5653 τῶν
647 5598 891 5666 ίματίων
922 5597 1130 5660 αὐτοῦ,
1165 5597 1263 5650 καὶ
1284 5598 1621 5666 εὐλόγησεν
1646 5599 1852 5664 αὐτὸν,

285 5686 380 5739 καὶ
395 5681 564 5739 εἶπεν
580 5697 596 5711 ο
631 5679 776 5733 Ἰδοὺ
794 5678 952 5748 ὀσμὴ
969 5679 1074 5732 τοῦ
1095 5681 1232 5734 υἱοῦ
1247 5697 1388 5749 μου,
1401 5682 1480 5747 ώς
1498 5682 1656 5750 ὀσμὴ
1669 5683 1856 5751 ἀγροῦ

285 5767 575 5835 πλήρους,
598 5762 671 5815 ὃν
693 5763 1002 5830 ηὐλόγησε
1030 5765 1266 5828 Κύριος.
1287 5764 1397 5818 Kal
1415 5763 1593 5818 δώσει
1614 5780 1714 5818 σοι
1743 5769 1854 5819 Κύι-

351 5854 379 5883 ι
414 5851 500 5899 llic
537 5845 756 5908 qua'dam
796 5844 1086 5908 exciderant
1121 5852 1170 5895 In
1218 5846 1387 5895 Morel.
1439 5847 1500 5896 δι’
1551 5849 1850 5908 ὁμοιοτέλευ-

293 5930 388 5969 τον,
407 5925 517 5971 quae
541 5903 587 5957 fu
613 5906 764 5971 Sa)”.
792 5913 844 5955 et
884 5903 932 5956 in
965 5915 1172 5969 quatuor
1191 5903 1644 5960 ωδε.1ιαθςιιῑυι”υι
1672 5909 1728 5959 ab
1775 5912 1851 5960 iu-

290 5965 502 6035 terpréte
530 5965 805 6022 Iccla’wnt.

1293 367 1361 423 IN
1402 368 1554 424 CAP.
1582 369 1772 426 XXVII
1799 367 2052 426 GENES.
2095 370 2329 428 IIOMIL.
2376 375 2506 430 LIII.

3434 384 3539 440 668

1955 503 2089 552 ριος
2131 486 2250 540 ἀπὸ
2291 487 2400 555 τῆς
2428 489 2654 556 δρόσου
2699 488 2804 542 τοῦ
2833 489 3115 557 οὐρανοῦ,
3151 493 3248 545 καὶ
3281 493 3400 548 ἀπὸ
3431 495 3545 565 τῆς

1962 571 2241 636 πιότητος
2255 571 2363 639 τῆς
2382 571 2516 640 γῆς,
2535 571 2632 625 καὶ
2653 571 2886 640 πλῆθος
2908 575 3082 628 σίτου
3108 575 3203 628 καὶ
3225 577 3418 631 οἴνου.
3437 581 3546 631 A6)-

1966 669 2070 716 σει,
2090 653 2242 721 φησὶ,
2264 655 2347 706 σοὶ
2373 655 2448 724 τῷ
2464 654 2533 707 τά
2553 655 2824 726 ἐδέσματα
2847 657 3289 725 προσενεγκόντι,
3317 659 3397 729 τῷ
3413 663 3543 733 παρ’

1960 735 2095 804 ἐμοῦ
2119 734 2418 805 φιληθέντι,
2450 737 2558 790 Kal
2578 736 3090 792 δουλωσάτωσάν
3103 754 3206 793 σοι
3225 739 3504 813 ἕθνη.”ορ
3519 761 3545 796 ι

1963 819 2080 881 πῶς
2095 818 2191 887 τὴν
2205 817 2314 870 τῶν
2329 819 2641 886 ἀναγκαίων
2654 819 2916 890 ἀφθονίαν
2934 820 3085 891 αὐτῷ
3107 822 3406 892 ἐπηύξατο,
3424 819 3545 879 εἶτα

1963 903 2063 970 τὴν
2090 902 2263 974 ἀρχὴν
2285 903 2394 956 τῶν
2420 903 2612 968 ἐθνῶν,
2631 904 2962 976 προμηνύων
2987 905 3089 976 ἤδη
3112 905 3210 976 τὴν
3241 906 3544 976 μέλλουσαν

1960 986 2109 1056 αὐτῷ
2129 987 2348 1041 ἔσεσθαι
2370 987 2798 1058 εὐημερίαν,καὶ
2818 988 2924 1040 τῶν
2952 988 3010 1052 ἐξ
3033 988 3197 1042 αὐτοῦ
3208 991 3543 1060 τικτομένων

1959 1068 2058 1138 τὴν
2073 1068 2333 1124 ἐπίδοσιν.
2353 1070 2460 1123 Kal
2481 1069 3087 1138 προσκυνησάτωσάν
3099 1085 3199 1125 σοι
3222 1072 3538 1140 ἄρχοντες.

1961 1151 2035 1204 Οὐ
2068 1150 2227 1220 μόνον
2251 1152 2350 1222 τὴν
2389 1151 2496 1204 τῶν
2532 1151 2702 1206 ἐθνῶν
2741 1153 3018 1224 ὑποταγὴν
3051 1153 3200 1224 αὐτῷ
3229 1154 3540 1224 ἐπεύχεται,

1957 1233 2095 1290 ἀλλὰ
2115 1235 2210 1287 καὶ
2237 1235 2345 1289 τῶν
2361 1235 2658 1305 ἀρχόντων.
2681 1235 2788 1290 Kal
2803 1237 2976 1304 γίνου
2995 1238 3198 1305 κίψιος
3229 1238 3336 1292 τοῦ
3363 1239 3543 1294 ἀδελ-ι

1957 1316 2078 1384 φοῦ
2098 1332 2236 1372 σου.
2280 1319 2422 1388 Ὅρα
2447 1317 2563 1381 πῶς
2579 1319 2931 1390 ὐπηρετεῖται
2949 1322 3042 1373 καὶ
3068 1321 3278 1389 ἀγνοῶν
3293 1324 3321 1374 ό
3335 1322 3542 1386 δίκαιος

1955 1404 2022 1470 τῇ
2039 1401 2132 1454 τοῦ
2156 1402 2290 1454 Θεοῦ
2320 1401 2533 1475 γνώμῃ.
2559 1404 2668 1456 Καὶ
2696 1405 2910 1458 ἅπαντα
2927 1406 3098 1458 ταῦτα
3116 1405 3204 1459 διὰ
3233 1408 3391 1460 τοῦτο
3408 1407 3544 1476 ᾠκο-

1957 1487 2192 1554 νομεῖτο,
2227 1485 2315 1540 ἵνα
2334 1481 2481 1551 οὗτος
2519 1489 2547 1538 6
2566 1488 2654 1541 διὰ
2670 1489 2770 1560 τὴν
2799 1489 2998 1559 ἀρετὴν
3021 1489 3190 1556 ἄξιος,
3216 1491 3378 1552 αὐτὸς
3401 1508 3540 1560 καρ-

1957 1565 2331 1641 πώσηται’τήν
2361 1571 2632 1639 εὐλογίαν.
2661 1572 2770 1626 Kal
2805 1572 3316 1640 πρωκυηῖσουσί
3351 1590 3450 1626 σοι
3485 1576 3541 1626 οἱ

1955 1653 2069 1705 υἱοὶ
2095 1652 2201 1705 τοῦ
2233 1655 2456 1721 πατρός
2471 1670 2614 1709 σου.
2654 1655 2814 1715 Υίούς
2842 1655 3030 1707 εὼθεν
3066 1657 3099 1725 ἡ
3138 1656 3327 1726 Γραφὴ
3355 1656 3542 1709 καλεῖν

1956 1737 2136 1788 πᾶσαν
2168 1736 2266 1806 τὴν
2294 1738 2612 1804 συγγένειαν
2635 1737 2684 1776 δ’
2714 1737 2790 1801 ώς
2823 1740 2918 1791 καὶ
2951 1739 3204 1803 ἐνταῦθα,
3229 1741 3355 1801 τούς
3393 1740 3542 1802 υἱοὺς

1953 1816 2048 1870 τοῦ
2082 1817 2287 1888 πατρός
2317 1835 2430 1882 σου,
2462 1819 2538 1882 ὡς
2568 1819 2634 1872 ἂν
2666 1819 2809 1872 εἴποι
2839 1837 2944 1884 τις,
2971 1822 3097 1882 τοὺς
3139 1822 3204 1875 ἐκ
3241 1820 3335 1873 τοῦ
3372 1821 3540 1890 σπέρ-
3598 1884 3600 1887 ι

1956 1916 2125 1968 ματος
2155 1900 2250 1952 τοῦ
2285 1901 2452 1954 Ἦσαῦ
2477 1903 2695 1957 ἔσεσθαι
2724 1903 3033 1974 μέλλοντας.
3063 1904 3198 1957 Οὐδὲ
3223 1903 3332 1975 γὰρ
3356 1904 3542 1975 ἕτερον

1955 1979 2121 2032 παῖδα
2163 1978 2320 2049 ἔσχεν
2365 1983 2393 2033 6
2451 1983 2667 2047 Ἰσαὰκ,
2721 1983 2836 2036 ἀλλ’
2881 1983 3166 2054 ῆτούτους
3211 1985 3424 2053 μόνους.
3478 1984 3542 2036 '0

1956 2062 2364 2132 καταρώμενός
2385 2080 2482 2126 σε.
2513 2065 2961 2134 ἐπικατάρατος·
2992 2070 3026 2121 ό
3054 2066 3123 2120 66
3150 2067 3417 2137 εὐλογῶν
3441 2083 3537 2126 σε.

1954 2145 2376 2213 εὐλογημένος.
2423 2147 2552 2199 ’1δού
2587 2149 2620 2217 ἡ
2654 2150 2883 2219 κορωνὶς
2905 2149 3003 2218 τῆς
3031 2149 3300 2217 εὐλογίας,
3344 2149 3450 2202 ίδού
3480 2151 3542 2202 τὸ

1957 2226 2248 2293 κεφάλαιον
2276 2228 2385 2281 τῶν
2413 2228 2638 2297 ἀγαθῶν
2670 2231 2945 2293 ἁπάντων,
2975 2231 3035 2282 1:6
3071 2221 3263 2300 εὐλογη
3275 2231 3434 2298 μένον
3458 2228 3538 2283 εἶν

1955 2327 2061 2362 ναι.
2085 2307 2235 2374 Εἶδες
2278 2312 2412 2364 Θεοῦ
2444 2311 2886 2385 φιλανθρωπίαν;
2928 2314 2986 2365 '0
3013 2313 3260 2376 δεδοικὼς
3305 2314 3380 2384 μὴ
3407 2330 3539 2366 κατ-

1956 2395 2095 2464 άραν
2157 2395 2529 2465 ἐπισπάσηται
2567 2397 2689 2450 ἀντὶ
2749 2397 3016 2465 εὐλογίας,
3073 2399 3133 2450 οὐ
3193 2397 3351 2467 μόνον
3401 2397 3540 2466 μετὰ

1954 2476 2223 2547 τοσαύτης
2252 2477 2534 2546 δαψιλείας
2561 2479 2659 2542 τὰς
2685 2479 2934 2548 εὐλογίας
2961 2481 3242 2550 κομίζεται
3272 2483 3422 2550 παρά
3443 2481 3538 2532 τοῦ

1957 2557 2182 2627 πατρὸς,
2219 2559 2354 2612 ἀλλὰ
2393 2561 2486 2612 καὶ
2519 2561 2748 2622 ἐκείνοις
2779 2563 2980 2630 ἀρᾶται
3022 2566 3134 2623 τοῖς
3171 2563 3538 2632 ἐπιχειροῦσιν

1954 2641 2116 2693 αὐτὸν
2138 2641 2496 2711 καταρᾶσθαι.
2535 2642 2810 2696 Ἐντεῦθεν
2835 2643 3193 2713 μανθάνωμεν
3214 2645 3296 2697 ὅτι
3322 2646 3540 2700 ἐπειδάν

1954 2739 2036 2783 τις
2071 2723 2212 2775 κατά
2244 2722 2314 2775 τά
2340 2723 2416 2793 τῷ
2439 2723 2561 2794 Θεῷ
2589 2725 2849 2778 δοκοῦντα
2873 2726 2940 2779 τὰ
2963 2727 3081 2778 καθ’
3117 2727 3309 2780 ἑαυτὸν
3335 2729 3542 2782 οἰκονο-

1959 2807 2077 2872 μεῖν
2109 2804 2384 2874 βούληται,
2406 2805 2674 2876 τοσαύτης
2701 2807 2964 2861 ἀπολαύει
2991 2809 3091 2878 τῆς
3117 2809 3326 2863 ἄνωθεν
3360 2827 3546 2879 συνερ-

1957 2890 2132 2955 γείας,
2159 2891 2232 2951 ὼς
2257 2891 2427 2959 αὐτῆς
2453 2890 2560 2943 τῶν
2589 2893 2930 2962 πραγμάτων
2952 2893 3051 2963 τῆς
3074 2893 3266 2963 πείρας
3289 2893 3543 2964 αἴσθησιν

1955 2974 2140 3027 λαϐεῖν
2192 2975 2286 3036 Τίς
2313 2974 2420 3044 γὰρ
2447 2976 2546 3027 οὐκ
2574 2975 2641 3029 ἂν
2663 2977 2961 3047 ἐκπλαγείη
2989 2978 3083 3030 καὶ
3108 2977 3408 3048 θαυμάσειε
3443 2979 3539 3032 τοῦ

1955 3056 2089 3109 Θεοῦ
2116 3057 2214 3127 τὴν
2237 3057 2441 3125 ἄφατον
2468 3060 2800 3129 οἰκονομίαν,
2820 3061 2902 3113 ὅτι
2928 3062 2988 3113 οὐ
3019 3061 3283 3131 πρότερον
3311 3065 3338 3115 6
3367 3063 3540 3115 Ἡσαῦ

1955 3139 2060 3192 ἀπὸ
2083 3139 2182 3208 τῆς
2208 3138 2383 3210 θήρας
2410 3142 2774 3210 παραγέγονε,
2809 3144 2998 3213 μέχρις
3030 3145 3120 3196 ὅτε
3151 3145 3323 3216 πέρας
3349 3145 3545 3199 ἐλαϐεν

1955 3224 1988 3292 ἡ
2009 3223 2103 3275 τοῦ
2133 3223 2410 3294 δράματος
2441 3225 2716 3291 ὑπόθεσις,
2740 3229 2988 3292 κάκεῖνος
3011 3228 3303 3299 δεξάμενος
3326 3230 3425 3293 τὰς
3446 3232 3542 3284 εὐ-

1954 3307 2138 3374 λογίας
2168 3307 2320 3378 παρά
2348 3309 2442 3361 τοῦ
2466 3310 2669 3380 πατρὸς
2699 3311 3043 3382 ἀνεχώρησε;
3073 3314 3242 3367 Τοῦτο
3260 3314 3368 3386 γάρ
3394 3317 3545 3385 ἡμᾶς

1950 3389 2160 3455 διδάξαι
2181 3389 2504 3461 βουλόμενος
2529 3396 2558 3446 6
2585 3395 2853 3465 μακάριος
2871 3396 3114 3466 Μωύσῆς
3136 3398 3408 3468 ἐπήγαγε·
3429 3396 3546 3451 Kal

1952 3472 2189 3540 ἐγένετο
2211 3474 2360 3542 μετὰ
2384 3473 2444 3528 τὸ
2476 3477 2822 3530 παύσασθαι
2851 3477 2958 3531 τὸν
3000 3479 3194 3533 Ἰσαὰκ
3227 3480 3545 3548 εὐλογοῦν-

1954 3572 2026 3608 τα
2059 3554 2257 3609 Ἰακὼϐ
2274 3557 2379 3611 τὸν
2400 3557 2536 3612 υίὸν
2560 3559 2767 3623 αὐτοῦ,
2793 3560 2891 3614 καὶ
2911 3561 3147 3630 ἐγένετο
3176 3563 3257 3628 ὡς
3281 3563 3546 3630 ἐξῆλθεν

1953 3638 2071 3698 ἀπὸ
2092 3638 2414 3705 προσώπου
2443 3639 2637 3695 Ἰσαὰκ
2663 3642 2768 3696 τοῦ
2797 3644 3020 3711 πατρὸς
3037 3645 3246 3709 αὐτοῦ,
3276 3646 3370 3698 καὶ
3412 3645 3543 3699 16οὺ

1965 3717 2156 3770 Ἡσαῦ
2191 3721 2222 3770 6
2258 3717 2523 3786 ἀδελφὸς
2553 3720 2740 3774 αὐτοῦ
2771 3716 2957 3790 ἦλθεν
2978 3722 3096 3775 ἀπὸ
3121 3724 3230 3789 τῆς
3258 3725 3464 3790 θήρας.

2023 3801 2085 3853 6'.
2110 3801 2250 3871 Ὅρα
2275 3802 2392 3864 πῶς
2419 3803 2554 3872 μετά
2568 3805 2666 3873 τὴν
2683 3805 2871 3856 τούτου
2899 3805 3075 3867 ἔξοδον
3103 3807 3308 3868 ἐκεῖνος
3338 3805 3541 3868 εὐθέως

1955 3882 2306 3956 παρεγένετο,
2349 3885 2448 3952 οὐχ
2492 3883 2680 3948 ἀπλῶς
2719 3885 2840 3940 οὐδὲ
2876 3887 3019 3956 εικῆ,
3059 3886 3174 3938 ἀλλ’
3208 3888 3296 3941 ἵνα
3331 3888 3540 3955 ἀγνοῶν

1955 3965 2280 4037 προσαγάγῃ
2324 3967 2419 4021 καὶ
2456 3967 2616 4031 αὐτὸς
2654 3968 2724 4021 τά
2774 3967 3065 4038 ἐδέσματα,
3112 3971 3206 4023 καὶ
3253 3970 3406 4041 παρὰ
3444 3973 3540 4024 τοῦ

1954 4049 2159 4119 πατρὸς
2200 4048 2348 4120 μάθῃ
2389 4050 2608 4104 ἃπασαν
2638 4049 2732 4104 τοῦ
2769 4051 3094 4121 πράγματος
3132 4051 3229 4123 τὴν
3261 4053 3535 4106 ὑπόθεσιν.

1954 4134 2017 4190 El
2043 4132 2152 4204 γὰρ
2187 4131 2326 4204 ἔφθη
2373 4133 2698 4188 καταλαϐεῖν
2727 4135 2820 4189 τὸν
2847 4133 3094 4203 ἀδελφὸν,
3118 4136 3248 4200 ἴσως
3283 4139 3348 4191 ἂν
3377 4135 3542 4190 αὐτὸν

1957 4214 2054 4268 καὶ
2103 4214 2465 4286 διεχειρίσατο
2512 4215 2825 4287 ἡττώμενος
2862 4215 2968 4274 ὐπὸ
3005 4216 3100 4270 τοῦ
3142 4217 3337 4288 θυμοῦ·
3372 4219 3402 4268 6
3431 4218 3542 4288 γὰρ

1957 4297 2096 4368 μετά
2121 4297 2296 4350 ταῦτα
2337 4297 2498 4353 τοῦτο
2540 4299 2988 4370 βουλευσάμενος,
3022 4300 3201 4371 πολλῷ
3242 4301 3442 4371 μᾶλλον
3479 4302 3542 4356 ἐν

1952 4380 2104 4451 ἀκμῇ
2128 4379 2222 4434 τοῦ
2246 4381 2568 4452 πράγματος
2596 4381 2754 4436 τοῦτο
2776 4383 2842 4436 ἂν
2869 4384 3181 4453 εἰργάσατο.
3229 4383 3367 4436 Ἀλλ’
3389 4386 3422 4452 ή
3444 4385 3541 4436 τοῦ

1953 4457 2087 4511 Θεοῦ
2117 4459 2237 4531 χεὶρ
2273 4455 2342 4531 ἦν
2384 4462 2418 4530 ἡ
2450 4460 2542 4514 τὸν
2574 4460 2744 4515 παῖδα
2791 4461 3151 4526 διασώζουσα,
3205 4463 3298 4517 καὶ
3349 4461 3539 4516 τοῦτον

1955 4538 2055 4607 μὲν
2102 4538 2249 4603 ἄξιον
2300 4539 2400 4610 τῆς
2444 4539 2693 4609 εὐλογίας
2743 4541 3194 4612 ἀπεργασαμένη,
3243 4542 3450 4594 ἐκεῖνον
3481 4539 3540 4595 δὲ

1953 4617 2011 4690 [5
2022 4615 2103 4687 I9]
2119 4618 2396 4690 ἀποστερή
2404 4635 2541 4672 σασα
2557 4619 2650 4672 καὶ
2665 4617 2765 4689 τῆς
2780 4619 3028 4688 εὐλογίας
3043 4619 3259 4673 καὶτῶν
3273 4637 3540 4692 πρωτοτο·

1953 4697 2106 4751 κίων.
2131 4701 2616 4772 Παραγενόμενος
2639 4697 2725 4766 δὲ,
2751 4699 2936 4769 φησὶν,
2962 4700 3212 4767 ἐποίησε
3232 4701 3329 4754 καί
3354 4701 3540 4767 αὐτὸς

1951 4775 2273 4844 ἐδέσματα,
2324 4777 2423 4832 καὶ
2461 4776 2838 4846 προσήνεγκε
2879 4777 2959 4844 τῷ
2987 4779 3163 4846 πατρὶ
3191 4779 3398 4844 αὐτοῦ,
3438 4777 3538 4830 καὶ

1949 4849 2138 4907 εἶπεν·
2183 4854 2514 4921 Ἀναστήτω
2553 4859 2586 4910 6
2615 4856 2814 4923 πατήρ
2839 4873 2980 4924 μου,
3019 4857 3118 4910 καὶ
3156 4856 3388 4925 φαγέτω
3428 4852 3536 4921 τῆς

1952 4929 2138 4998 θήρας
2162 4932 2266 4985 τοῦ
2291 4931 2426 4985 υἱοῦ
2453 4935 2661 4998 αὐτοῦ,
2685 4934 2844 4998 ὅπως
2864 4935 3171 5004 εὐλογήσῃ
3197 4952 3273 5004 με
3298 4936 3335 5001 ἠ
3363 4932 3534 5002 ψυχή

1951 5025 2090 5062 σου.
2116 5010 2253 5075 Ὅρα
2279 5027 2370 5080 μοι
2395 5009 2554 5062 πάλιν
2583 5009 2671 5063 τὸν
2693 5011 2899 5064 δίκαιον
2927 5014 2984 5064 ἐν
3009 5011 3220 5083 θορύϐῳ
3247 5011 3533 5080 γενόμενον

1955 5089 2049 5141 καὶ
2089 5087 2574 5158 διαταραττόμενον
2630 5089 2720 5142 τὸν
2768 5089 3046 5160 λογισμόν.
3089 5091 3348 5152 ’Λκούσας
3400 5087 3532 5158 γάρ,

1955 5168 2140 5236 φησὶν,
2170 5164 2337 5220 Εἷπε·
2380 5167 2476 5232 Τίς
2501 5164 2560 5221 εἷ
2583 5169 2697 5232 σύ;
2745 5169 2807 5220 '0
2845 5167 2914 5220 66
2941 5164 3128 5220 εἶπεν·
3173 5167 3318 5236 Ἐγώ
3353 5168 3469 5235 εἰμι
3499 5169 3536 5221 6

1953 5248 2085 5310 υἱός
2115 5261 2232 5298 σου
2264 5247 2298 5299 6
2335 5247 2705 5312 πρωτότοκος
2737 5246 2946 5300 Ἡσαῦ.
2985 5247 3125 5313 Ὅρα
3153 5245 3269 5306 πῶς
3300 5245 3534 5314 μεγαλοι-

1955 5323 2167 5392 φρονῶν
2199 5322 2291 5375 ἐπὶ
2318 5321 2396 5392 τῷ
2428 5323 2714 5392 πράγματι
2743 5334 2791 5386 ο,
2826 5323 2926 5374 οὐκ
2953 5321 3195 5392 ἠρκέσθη
3229 5323 3308 5393 τῷ
3334 5325 3531 5386 εἰπεῖν,

1968 5400 2109 5469 Ἐγώ
2124 5403 2239 5468 ειμι
2269 5401 2480 5466 Ἠσαῦ,
2509 5401 2644 5453 ἀλλά
2675 5399 3029 5470 προσέθηκεν,
3055 5400 3118 5452 '0
3141 5402 3530 5468 πρωτότοκος.

1967 5479 2220 5548 Ἐξέστη
2267 5479 2336 5532 δὲ
2377 5481 2580 5533 Ἰσαὰκ
2619 5479 2915 5532 ἔκστασιν
2957 5477 3233 5546 μεγάλην
3273 5476 3530 5548 σφόδρα,

1955 5559 2051 5612 καὶ
2083 5555 2232 5612 εἷπε·
2280 5560 2375 5625 Τις
2399 5555 2512 5614 οὖν
2537 5561 2569 5612 ό
2595 5557 2892 5626 θηρεύσας
2909 5573 3011 5625 μοι
3043 5554 3254 5624 θήραν,
3278 5555 3378 5610 καὶ
3401 5558 3530 5609 εισ-

1955 5637 2207 5706 ενέγκας
2233 5654 2357 5706 μοι,
2393 5637 2488 5689 καὶ
2520 5637 2748 5705 ἔφαγον
2772 5635 2890 5689 ἀπὸ
2911 5634 3154 5689 πάντων
3180 5635 3292 5702 πρὸ
3321 5633 3428 5688 τοῦ
3457 5636 3532 5690 0'6

1957 5715 2177 5781 ἐλθεῖν,
2226 5717 2324 5771 καὶ
2365 5718 2673 5784 εὐλόγησα
2721 5715 2926 5779 αὐτὸν,
2973 5715 3070 5767 καὶ
3125 5715 3531 5785 εὐλογημένος

1956 5792 2146 5856 ἒστω;
2179 5796 2316 5866 Ὅρα
2346 5795 2461 5859 πῶς
2487 5795 2579 5848 καὶ
2606 5796 2684 5858 είς
2710 5793 2945 5866 ἀπορίαν
2970 5793 3209 5862 γεγονὼς
3241 5795 3270 5848 6
3301 5794 3526 5860 δίκαιος,

1963 5871 2052 5922 καὶ
2083 5871 2433 5944 διηγούμενος
2467 5875 2614 5944 αὐτῷ
2649 5873 2710 5927 τὸ
2744 5873 2975 5942 συμϐὰν,
3011 5875 3160 5944 ὅμως
3201 5873 3526 5946 προσέθηκε,

2025 5967 2051 6005 δ
2073 5966 2171 6018 δελ
2196 5985 2311 6022 mss.
2335 5973 2416 6031 τήν
2440 5972 2611 6035 γενεάν.
2683 5973 2703 6003 ε
2730 5969 2867 6021 Colsl.
2898 5971 3241 6034 προστάγματι.
