4150 6206
578 495 801 568 καιρίαν
830 493 1019 560 ἐκείνῳ
1040 487 1211 551 διδοὺς
1231 489 1329 559 τὴν
1361 487 1594 557 πληγὴν,
1615 485 1696 551 :6,
1725 484 1830 539 Καὶ
1854 485 2157 554 εὐλόγηκα

577 578 785 637 αὐτὸν,
818 576 913 628 καὶ
951 570 1355 639 εὐλογημένος
1382 569 1560 621 ἔστω.
1597 568 1767 621 Τοῦτο
1802 568 1860 621 δὲ
1907 569 2080 622 ἐποίει
2127 568 2159 619 6

577 659 788 721 δίκαιος
833 657 931 724 τῆς
970 653 1063 707 τοῦ
1109 652 1245 706 Θεοῦ
1298 652 1491 721 σοφίας
1528 650 1827 720 ὁδηγούσης
1856 649 2020 703 αὑτοῦ
2058 649 2158 720 τὴν

580 740 844 810 γλιῖπταν,
886 738 972 789 ἵνα
1013 737 1191 791 πάντα
1235 735 1374 804 μετά
1420 734 1705 806 ἀκριϐείας
1738 735 1944 798 ἐκεῖνος
1973 732 2158 804 μαθὼν

579 821 775 875 εἰδέναι
800 819 921 890 ἔχῃ,
948 818 1023 883 ὡς
1039 818 1193 880 οὐδὲν
1224 819 1372 890 αὑτῷ
1400 818 1560 871 πλέον
1582 817 1745 872 ἔσται
1764 815 1886 870 οὔτε
1918 815 2025 869 ἀπὸ
2049 815 2159 869 τῶν

579 901 963 974 πρωτοτοκίων
996 913 1043 967 ι,
1081 899 1203 955 οὐτε
1233 901 1340 955 ἀπὸ
1377 901 1477 971 τῆς
1509 901 1702 972 θήρας.
1751 900 2033 965 Ἀκούσας
2066 898 2156 964 δὲ,

580 984 764 1055 φησὶν,
806 983 989 1037 Ἠσαῦ
1038 984 1333 1052 ἀνεϐόησε
1366 982 1577 1053 φωνὴν
1621 980 1897 1051 μεγάλην
1922 981 2159 1050 σφόδρα

580 1068 678 1122 καί
708 1065 947 1135 πικράν.
978 1067 1043 1119 Τί
1076 1067 1214 1134 ἐστι,
1250 1066 1463 1133 Φωνιὴν
1490 1066 1764 1136 μεγάλην
1800 1065 2033 1135 σφόδρα
2060 1066 2160 1119 καί

580 1151 836 1221 πικράν;
860 1151 964 1205 Τὸν
983 1150 1151 1221 θυμὸν
1172 1149 1391 1220 ᾐνίξατο
1414 1150 1501 1202 διὰ
1528 1150 1621 1202 τοῦ
1653 1151 1916 1221 ῥήματος,
1947 1149 2040 1203 καὶ
2062 1148 2160 1218 τῆς

578 1235 768 1306 ὀργῆς,
826 1229 894 1304 ἧς
943 1232 1184 1303 ἐπλήσθη
1234 1232 1404 1284 ταῦτα
1448 1230 1652 1302 μαθὼν,
1690 1233 1788 1301 τὴν
1832 1231 2155 1302 ὑπερϐολήν.

579 1316 693 1372 Καὶ
718 1312 907 1380 εἶπεν,
942 1315 1302 1384 Εὐλόγησον
1343 1313 1420 1381 δὴ
1462 1313 1633 1382 κάμέ,
1666 1314 1867 1381 πάτερ.
1912 1310 2058 1367 Εἷπε
2090 1311 2159 1365 δὲ

579 1398 759 1465 αὐτῷ’
808 1397 1035 1453 Ἐλθὼν
1067 1400 1101 1451 ό
1133 1398 1393 1466 ἀδελφός
1419 1412 1536 1451 σου
1564 1398 1712 1466 μετὰ
1739 1397 1944 1461 δόλου,
1980 1396 2160 1451 ἔλαϐε

579 1483 697 1551 τὴν
715 1482 1002 1549 εὐλογίαν
1031 1495 1166 1533 σου.
1192 1480 1505 1550 Ηρολαϐὼν,
1532 1480 1716 1550 φησὶν,
1747 1482 1776 1533 6
1808 1479 2034 1548 ἀδελφός
2063 1496 2158 1531 σου

579 1566 681 1636 τὴν
700 1564 950 1632 εὐλογίαν
972 1564 1150 1615 πᾶσαν
1180 1563 1529 1617 ἐπεσπάσατο
1556 1562 1696 1632 μετά
1722 1552 1929 1632 πολλῆς.
1948 1562 2046 1632 τῆς
2070 1561 2158 1614 δα-

580 1647 813 1713 ψιλείας.
854 1646 962 1698 Καὶ
995 1646 1081 1698 ἴνα
1107 1644 1275 1716 γνῷς,
1305 1646 1387 1699 ὅτι
1417 1647 1450 1715 ή
1484 1645 1689 1699 ἀνωθεν
1718 1647 1877 1716 χάρις
1898 1641 1967 1715 ἦν
1999 1647 2032 1714 ἡ
2065 1643 2165 1697 τὸν

581 1730 788 1783 δίκαιον
843 1727 1189 1798 ἀπατηθῆναι
1228 1730 1631 1798 συνεργήσασα,
1673 1729 1783 1799 δρα
1822 1727 1937 1790 πῶς
1998 1726 2158 1789 αὐτὸς

582 1811 740 1866 τοῦτο
764 1810 1016 1880 ὁμολογεί
1048 1809 1242 1879 λέγων,
1283 1810 1503 1865 Ἐλθὼν
1536 1814 1570 1864 ό
1590 1810 1852 1879 ἀδελφός
1870 1824 1988 1863 σου
2009 1809 2167 1877 μετά

583 1893 791 1954 δόλου,
830 1893 1109 1963 μονονουχὶ
1133 1891 1566 1963 ἀπολογούμενος
1592 1893 1668 1962 τῷ
1689 1891 1862 1955 παιδί,
1890 1890 1982 1944 καί
2013 1890 2160 1945 διδά-

586 1992 733 2029 σκων
782 1975 964 2038 αὑτὸν,
1014 1975 1096 2029 ὅτι
1120 1975 1351 2045 ’Δγνοῶν
1399 1976 1486 2028 ἐπ’
1520 1977 1725 2029 ἐκεῖνον
1779 1974 1878 2037 τὰς
1914 1971 2161 2041 εὐλογίας

582 2058 951 2129 ἐποιησάμην,
1004 2058 1099 2112 καὶ
1144 2059 1226 2112 ὅτι
1260 2059 1352 2121 Εἰς
1407 2057 1468 2109 σέ
1519 2056 1719 2119 ταύτας
1762 2056 1977 2127 ἐτοιμος
2012 2056 2163 2125 ήμην

584 2140 930 2213 ποιήσασθαι·
951 2141 1065 2221 ἀλλ’
1081 2142 1310 2207 ἐκεῖνος,
1335 2138 1560 2194 Ἐλθὼν
1576 2138 1728 2210 μετὰ
1756 2139 1960 2203 δόλου,
1984 2138 2163 2192 ἔλαϐε

583 2225 701 2294 τὴν
724 2225 1008 2295 εὐλογίαν
1027 2241 1167 2278 σου·
1200 2225 1267 2278 τά
1298 2224 1381 2277 σοὶ
1408 2222 1928 2296 παρασκευασθέντα
1956 2224 2161 2285 ἐκεῖνος

583 2308 821 2376 ἐδέξατοο
843 2307 1086 2379 οὑπαρά
1116 2307 1216 2379 τήν
1246 2307 1385 2379 ἐμὴν
1415 2305 1473 2360 δὲ
1500 2308 1678 2360 αἰτίαν
1706 2306 1917 2375 γέγονε.
1940 2306 2049 2361 Kal
2078 2300 2162 2357 εἷ·-

581 2408 681 2459 πε,
708 2395 894 2466 φησὶν,
926 2391 1129 2449 Ἡσαῦ·
1158 2393 1406 2457 Δικαίως
1431 2391 1738 2459 ἐπεκλήθη
1769 2389 1838 2444 τό
1857 2389 2046 2458 ὄνομα
2064 2390 2165 2441 αὐ-

580 2475 691 2532 τοῦ
718 2475 930 2531 Ἰακώϐ·
958 2474 1269 2543 ἐπτέρνικε
1294 2472 1407 2543 γάρ
1425 2490 1502 2542 με
1519 2473 1636 2541 ἤδη
1662 2472 1943 2539 δεύτερον
1963 2470 2161 2524 τοῦτο·

582 2558 659 2612 τά
706 2576 772 2612 τε
808 2554 1175 2625 πρωτοτόκιά
1212 2573 1331 2624 μου
1362 2554 1613 2623 εἰλήφει,
1664 2554 1761 2608 καὶ
1802 2553 1919 2607 νῦν
1951 2552 2166 2618 εἴληφε

582 2639 700 2708 τὴν
719 2640 1007 2708 εὐλογίαν
1030 2655 1164 2704 μου.
1199 2637 1274 2690 Οὑ
1307 2636 1505 2706 μάτην,
1547 2637 1701 2707 φησί,
1755 2635 1854 2705 τῆς
1890 2650 2166 2704 προσηγο-

588 2721 710 2792 ρίας
735 2720 939 2791 ταύτης
966 2719 1194 2789 ήξιώθη’
1221 2717 1549 2789 πτερνισμδς
1573 2718 1681 2789 γὰρ
1715 2716 2073 2788 ἑρμηνεύεται
2101 2714 2169 2767 :6

585 2805 757 2875 δνομα
799 2804 985 2869 αὑτοῦ,
1034 2805 1172 2875 ὅπερ
1222 2796 1375 2865 οὗτος
1424 2803 1503 2865 εἰς
1552 2800 1652 2871 ἐμὲ
1703 2799 2035 2864 ἐπεδείξατο,
2072 2798 2167 2851 καὶ

585 2887 696 2942 τῶν
748 2876 1129 2960 πρωτοτοκίων
1180 2885 1559 2956 ἀποστερήσας
1601 2885 1696 2939 καί
1736 2884 1836 2955 τῆς
1893 2882 2173 2952 εὐλογίας.

586 2973 654 3027 Τί
682 2969 775 3027 οὖν
794 2976 823 3027 6
857 2971 1027 3025 Ἦσαῦ
1058 2972 1193 3043 πρδς
1234 2971 1447 3034 Ἱσαάκς
1482 2972 1603 3039 Οὐχ
1631 2968 1931 3025 ὑπελίπου
1947 2986 2050 3037 μοι
2079 2970 2169 3021 εὐ-

586 3057 824 3127 λογίαν,
856 3056 1082 3122 πιίτερ;
1130 3052 1488 3120 Ἀποκριθεὶς
1524 3052 1593 3105 δέ
1624 3054 1821 3108 Ἰσαὰκ
1865 3049 2036 3107 εἶπεν
2058 3053 2168 3105 αὺ-

587 3138 693 3205 τῷσ
713 3137 986 3201 Μάνθανε,
1015 3137 1200 3206 φησίν,
1227 3137 1308 3189 ὅτι
1347 3137 1526 3199 πάσας
1551 3138 1631 3199 εἰς
1652 3135 1811 3189 αὐτὸν
1842 3134 2040 3205 ἐξέχεα
2070 3132 2170 3196 τὰς

589 3220 859 3291 εὐλογίας,
882 3222 954 3274 Εἰ
973 3220 1182 3288 κύριον
1198 3218 1385 3274 αὐτὸν
1408 3218 1668 3287 ἐποίησὰ
1700 3236 1838 3273 σου.
1871 3219 2014 3288 Ὅρα
2052 3215 2193 3281 πῶςκ

590 3306 795 3369 εὐθέως
827 3304 937 3358 ἀπὸ
966 3302 1156 3356 τούτου
1196 3302 1443 3373 ἄρχεται,
1473 3303 1571 3355 καὶ
1601 3302 1752 3356 οὐδὲν
1776 3300 2167 3373 ἕτερον’λέγει,

588 3390 729 3445 ἀλλά
750 3392 850 3461 τήν
883 3388 1127 3442 δουλείαν
1159 3387 1309 3458 αὑτῷ
1333 3388 1591 3460 σημαίνει
1615 3388 1707 3441 καὶ
1736 3387 1837 3458 τὴν
1869 3387 2168 3457 ὑποταγήν·

591 3473 693 3529 καί
738 3489 922 3543 φησιν,
973 3474 1045 3525 Εἰ
1089 3471 1296 3539 κύριον
1349 3471 1537 3526 αὐτὸν
1574 3470 1835 3536 ἐποίησά
1878 3484 2017 3532 σου,
2071 3467 2171 3522 καὶ

592 3556 826 3621 ,πάντας
865 3554 1006 3620 τοὺς
1044 3552 1348 3621 ἀδελφοὺς
1378 3552 1565 3607 αὐτοῦ
1603 3550 1860 3617 οἰκέτας,
1898 3551 2047 3617 σίτῳ
2073 3549 2173 3603 καί

593 3639 738 3706 οινφ
769 3636 1061 3706 ἐστήριξα
1087 3636 1293 3690 αὐτόν·
1323 3636 1423 3690 σοί
1449 3634 1518 3688 δὲ
1551 3634 1608 3688 τί
1625 3633 1884 3701 ποιήσω,
1922 3632 2173 3697 τέκνον;

595 3724 765 3778 Οὐδὲν
784 3722 971 3795 ἐτερον
999 3721 1185 3775 λοιπὸν
1214 3719 1615 3774 ὑπολέλειπται⁶
1648 3720 1695 3770 εἰ
1721 3717 1988 3788 δεσπότην
2014 3716 2176 3769 αὑτὸν

594 3805 833 3878 ἐποίησά
864 3822 979 3869 σου,
1028 3806 1123 3858 καί
1155 3802 1363 3866 πάντας
1400 3799 1562 3856 αὐτοῦ
1596 3800 1813 3864 οἰκέτας
1845 3800 1972 3862 τοὺς
2017 3798 2175 3852 ἀδελ-

597 3890 753 3960 φοὺς,
770 3890 864 3943 καλ
879 3887 1038 3961 [520]
1050 3889 1157 3942 τῶν
1174 3886 1488 3955 ἀναγκαίων
1508 3884 1656 3956 αὑτῷ
1680 3885 1780 3956 τὴν
1801 3883 2062 3953 ἀφθονίαν
2079 3885 2177 3937 ἐπ-

595 3973 871 4045 ηυξάμην,
896 3972 954 4025 τί
982 3969 1167 4024 λοιπὸν
1190 3969 1377 4040 ἕτερον
1406 3968 1685 4044 λείπεταις
1710 3964 1857 4021 Elite
1880 3965 1949 4019 δέ
1983 3966 2175 4021 Ἠσαῦ

598 4059 751 4126 πρὸς
796 4058 903 4111 τὸν
952 4055 1176 4123 πατέρα
1223 4053 1428 4108 αὐτοῦ’
1480 4051 1575 4119 Μὴ
1619 4050 1867 4119 εὐλογία
1920 4050 2025 4118 μία
2074 4049 2177 4103 σοί

598 4141 752 4204 ἐστι,
780 4138 962 4207 πάτερ
979 4155 1000 4204 ;
1026 4137 1381 4207 Εὐλόγησον
1412 4134 1488 4203 δὴ
1520 4133 1688 4202 κάμέ.
1732 4133 1949 4203 Ἐπειδὴ
1972 4133 2174 4203 ήκουσε

596 4222 694 4277 τοῦ
737 4222 939 4294 πατρὸς
994 4221 1259 4283 εἰπόντος,
1313 4218 1421 4273 Καί
1476 4219 1786 4287 εὐλόγησα
1831 4215 2036 4281 αὐτὸν,
2077 4213 2178 4268 καί

598 4303 1006 4376 εὐλογημένος
1045 4303 1236 4367 ἔσται,
1295 4296 1414 4354 εἶτα
1462 4302 1559 4355 καὶ
1604 4302 1704 4372 τὴν
1737 4299 1989 4368 εὐλογίαν
2029 4295 2178 4367 αὑτῷ

600 4392 783 4443 πᾶσαν
819 4389 987 4458 δήλην
1029 4386 1274 4457 ἐποίησε,
1317 4385 1439 4438 τότε
1480 4385 1662 4453 φησὶν,
1712 4384 2068 4452 Εὐλόγησον
2100 4378 2179 4449 δὴ

601 4473 777 4542 κάμὲ,
804 4472 1007 4540 πάτερ·
1030 4470 1117 4539 μὴ
1156 4472 1265 4540 γὰρ
1302 4470 1411 4540 μία
1449 4470 1551 4523 σοί
1583 4468 1754 4523 ἐστιν
1781 4466 2057 4534 salaria;
2087 4464 2179 4535 Μὴ

603 4558 715 4627 γὰρ
738 4556 837 4625 οὐχ
870 4554 1056 4615 ίκανὸς
1096 4553 1159 4605 σὺ
1199 4552 1344 4623 κάμὲ
1361 4551 1593 4618 ἀξιῶσαι
1622 4553 1719 4620 τῆς
1741 4548 1891 4619 παρὰ
1919 4546 2011 4600 σού
2039 4546 2182 4599 εὐλο-

606 4638 753 4707 γίας,
786 4639 876 4691 τὸν
908 4635 1050 4689 οὑτω
1075 4633 1225 4705 παρά
1259 4633 1352 4686 σοῦ
1379 4634 1756 4703 ἀγαπώμενον,
1786 4629 1877 4682 τὸν
1910 4628 2183 4699 πρωτότο⁴

607 4735 724 4785 κον,
753 4719 842 4773 τὸν
872 4718 959 4772 διὰ
986 4719 1084 4790 τὴν
1111 4717 1281 4789 θήραν
1310 4716 1459 4787 παρά
1487 4715 1579 4773 σού
1606 4713 2006 4777 ἀποσταλέντας
2047 4711 2183 4764 Συν-

608 4804 729 4876 έχεε
771 4799 857 4854 διά
887 4802 993 4853 τῶν
1027 4801 1284 4871 ῥημάτων
1314 4799 1403 4853 τὸν
1433 4797 1666 4869 πατέρα.
1695 4793 2185 4876 Κατανυχθέντος

606 4875 740 4958 γὰρ,
785 4885 966 4955 φησὶν,
1026 4884 1223 4938 Ἰσαὰκ
1265 4882 1563 4949 ἀνεϐόησε
1614 4878 1785 4950 φωνῇ
1836 4877 2040 4940 Ἠσαῦ,
2087 4875 2186 4929 καί

606 4972 933 5029 ἔκλαυσεν.
961 4964 1083 5022 Εἶδε
1111 4968 1203 5021 τόν
1233 4966 1443 5037 πατέρα
1464 4967 1521 5019 ἐν
1551 4963 1828 5034 ἀμηχανίᾳ
1852 4961 2184 5033 ὑπάρχοντα,

608 5054 706 5122 καὶ
735 5055 796 5107 οὑ
823 5052 1138 5121 δυνάμενον,
1167 5050 1285 5102 οὑδέ
1310 5048 1634 5118 ἀνεχόμενον
1660 5043 1960 5115 ἀνατρέψαι
1986 5042 2058 5095 τὰ
2084 5043 2185 5114 ήδη

609 5135 893 5206 γεγονόταο
934 5132 1030 5186 καὶ
1057 5134 1086 5185 ό
1128 5132 1224 5202 μὲν
1252 5134 1317 5201 τῇ
1351 5129 1445 5200 βοῇ
1488 5130 1580 5184 καὶ
1610 5126 1885 5196 κλαυθμὸν
1915 5125 2186 5195 προσέθη-

611 5236 729 5283 κεν,
786 5219 867 5280 εἰς
916 5215 1138 5269 πλείονα
1185 5213 1526 5284 συμπάθειαν
1577 5211 1803 5278 ἀγαγεῖν
1846 5208 1937 5261 τὸν
1977 5208 2191 5277 πατέρα

614 5301 955 5373 βουλόμενος.
983 5298 1271 5369 υίκτείρας
1292 5296 1348 5349 δὲ
1369 5295 1530 5348 αὑτὸν
1554 5296 1583 5347 ό
1616 5293 1817 5352 Ίσαάκ,
1846 5288 1997 5344 εἶπεν
2017 5291 2187 5360 αὐτῷ·

624 5384 776 5441 Ἰδοὺ
819 5383 940 5438 ἀπὸ
989 5381 1101 5449 τῆς
1145 5381 1425 5447 πιότητος
1464 5375 1574 5445 τῆς
1619 5373 1732 5444 γῆς
1773 5374 1944 5427 έσται
1973 5374 2012 5441 ἡ
2049 5391 2191 5427 κατ-

616 5468 861 5536 οίκησις
910 5481 1048 5531 σου,
1101 5464 1201 5518 καί
1244 5463 1363 5518 ἀπὸ
1395 5460 1505 5529 τῆς
1543 5460 1768 5529 δρόσου
1796 5458 1903 5512 τοῦ
1933 5457 2194 5525 οὐρανοῦ

616 5552 870 5616 ἀνωθεν,
908 5550 1007 5605 καὶ
1047 5549 1148 5602 ἐπὶ
1194 5546 1270 5615 τῇ
1310 5546 1577 5616 μαχαίρᾳ
1626 5559 1743 5597 σου
1783 5540 1963 5609 ζήσῃ,
1985 5539 2085 5595 καὶ
2115 5539 2195 5605 τῷ

619 5629 863 5700 ἀδελφῷ
892 5645 1009 5685 σου
1041 5630 1415 5693 ϐουλεύσεις-θ
1441 5627 1612 5681 ἔσται
1640 5622 1708 5678 δὲ
1742 5623 1925 5690 ἡνίκα
1946 5621 2026 5676 ἂν
2053 5624 2195 5674 καθ-

620 5707 772 5776 έλῃς
800 5709 899 5762 καί
922 5710 1195 5777 ἐκλύσης
1224 5707 1332 5762 τὸν
1354 5705 1532 5776 ζυγὸν
1562 5705 1747 5759 αὐτοῦ
1771 5705 1890 5759 ἀπὸ
1930 5701 2037 5757 τοῦ
2064 5717 2198 5769 τρα-

623 5785 823 5858 χήλου
848 5802 981 5840 σου.
1017 5788 1252 5858 Ἐπειδὴ.
1278 5786 1432 5858 φησί,
1469 5786 1563 5839 καὶ
1591 5784 1752 5847 αὐτὸς
1776 5784 1873 5853 τῆς
1899 5783 2029 5853 παρ’
2063 5778 2194 5858 ἐμοῦ

627 5856 880 5934 σύλυγίας
914 5856 1229 5920 ἀπολαῦσαι
1259 5856 1562 5937 ἐπιθυμεῖς,
1588 5864 1821 5935 μάνθανε
1849 5865 1932 5916 ὅτι
1960 5863 2058 5931 οὐχ
2084 5856 2195 5915 οἷόν

689 5952 718 5983 ⁸
736 5951 997 6021 _Sex.mss.
1029 5957 1081 6001 el
1102 5951 1213 6002 δᾶν.
1240 5954 1571 6016 πρωτοτόκων.
1611 5950 1779 6001 Morel.
1810 5948 1987 5998 melius
2009 5960 2195 6009 πρωτο-

636 6026 833 6063 τοκιων.

1274 375 1331 429 S.
1371 370 1652 429 JOANNIS
1689 364 2165 427 CHRYSOSTOMI
2201 363 2521 422 ARCIIIEP.
2561 361 3107 421 CONSTANTINOP.

3720 360 3841 419 ιτοε

2256 493 2315 549 τέ
2343 512 2409 565 με
2438 495 2656 549 ἐναντία
2680 497 2746 567 τῇ
2769 495 2863 549 τοῦ
2894 495 3028 549 Θεοῦ
3045 488 3237 565 γνώμῃ
3258 490 3679 563 διαπράξασθαι·
3696 492 3841 546 ἀλλὰ

2255 578 2349 631 καὶ
2372 577 2454 629 σοί
2488 578 2587 647 μὲν
2615 579 2914 649 ἐπεύχομαι
2941 578 3041 647 τὴν
3068 576 3175 629 ἀπὸ
3202 575 3303 645 τῆς
3325 569 3518 645 δρόσου
3553 574 3646 627 τοῦ
3669 575 3829 645 οὑραο

2256 658 2348 712 νοῦ
2374 658 2695 712 ἀπόλαυσιν
2714 660 2823 712 ἴσθι
2850 660 2907 713 δὲ
2934 657 3141 729 μέλλων
3166 655 3459 728 πολεμικὸν
3479 655 3833 723 ἀναδέξασθαι

2259 739 2392 810 βίον·
2445 741 2573 796 Ἑπί
2628 740 2704 809 τῇ
2748 741 3013 810 μαχαίρᾳ
3053 740 3163 810 γάρ
3205 755 3321 793 σου
3376 737 3561 808 ζήσῃ,
3614 739 3715 793 καὶ
3754 737 3845 804 τῷ

2256 822 2493 892 ἀδελφῷ
2522 837 2640 877 σου
2665 823 3042 889 δουλεύσεις.

2327 912 2388 958 ε’.
2406 904 2567 959 Ἀλλά
2589 904 2778 975 μηδεὶς
2796 904 3009 959 ἀκούων
3024 902 3520 969 ταῦτα’ξενιζέσθω,
3536 901 3680 973 ὀρῶν
3697 904 3849 972 μετά

2255 988 2429 1042 ταῦτα
2466 988 2558 1042 τὸν
2596 987 2820 1057 ἀδελφὸν
2863 988 3070 1059 ἀλήτην
3101 988 3390 1059 γενόμενον
3438 985 3527 1039 διὰ
3553 984 3644 1038 τὸν
3682 982 3845 1054 παρὰ·

2256 1070 2446 1125 τούτου
2474 1069 2659 1140 φόϐον,
2681 1068 2775 1124 καί
2796 1071 2876 1133 είς
2895 1070 2993 1140 τὴν
3015 1068 3299 1140 ἀλλοτρίαν
3321 1068 3692 1142 ἐπειγόμενον,
3725 1084 3834 1137 μη-

2256 1156 2313 1210 δὲ
2337 1157 2449 1219 τοῖς
2478 1155 2783 1227 προοιμίοις
2803 1154 3104 1224 προσέχων,
3123 1152 3390 1222 νομιζέτω
3413 1153 3720 1205 διαπίπτειν
3734 1151 3830 1221 τὴν

2258 1239 2581 1311 πρόρρησιν.
2617 1239 2781 1291 Ὅταν
2814 1237 2923 1309 γὰρ
2950 1238 2979 1290 6
3000 1237 3277 1306 Δεσπότης
3303 1253 3355 1289 τι
3389 1234 3841 1306 ὑπόσχηται,κᾶν

2257 1322 2476 1375 ἐναντία
2515 1321 2623 1375 τῶν
2657 1320 3006 1390 ὑποσχέσεων
3051 1319 3249 1391 ἴδωμεν
3282 1322 3337 1373 ἐν
3382 1323 3497 1383 τοῖς
3531 1319 3847 1391 προοιμίοις

2259 1404 2597 1467 ἐκϐαίνοντα,
2632 1404 2706 1474 μή
2740 1402 3129 1475 θορυϐώμεθω
3149 1404 3209 1456 οὑ
3232 1403 3340 1473 γὰρ
3365 1398 3478 1455 οἷόν
3499 1402 3560 1455 τέ
3584 1418 3714 1454 ποτε
3737 1399 3847 1470 μέαί

2260 1502 2351 1557 χρι
2380 1483 2566 1549 τέλους
2594 1486 2934 1557 διαμαρτεῖν.
2959 1486 3129 1540 Τοῦτο
3147 1482 3202 1539 δέ
3229 1486 3455 1555 γίνεται,
3489 1486 3574 1538 ἵνα
3595 1482 3840 1555 λαμπρό-

2259 1585 2406 1640 τεροι
2440 1568 2530 1621 διὰ
2561 1568 2776 1622 πάντων
2804 1570 2857 1621 οἰ
2878 1568 3077 1622 δίκαιοι
3108 1568 3462 1636 δεικνύμενοι,
3494 1568 3594 1638 τὴν
3624 1582 3843 1638 περιουσ

2262 1650 2381 1703 σίαν
2411 1649 2513 1721 τῆς
2547 1648 2642 1703 τοῦ
2683 1650 2819 1705 Θεοῦ
2860 1651 3142 1722 δυνάμεως
3171 1649 3469 1719 κατάδηλον
3498 1650 3629 1720 ἡμῖν
3663 1648 3849 1702 ἀπασι·

2257 1732 2510 1802 γενέσθαι
2563 1732 3041 1804 παρασκευάσωσι.
3075 1733 3187 1786 Καὶ
3232 1733 3317 1800 ἐφ’
3354 1731 3585 1784 ἐκάστου
3619 1729 3729 1784 τῶν
3760 1728 3841 1782 δι-

2260 1816 2434 1869 καίων
2458 1814 2618 1868 τοῦτο
2660 1815 2934 1886 εὑρήσεις,
2979 1817 3030 1869 εἰ
3082 1814 3403 1885 βουληθείης
3448 1815 3666 1876 ἁπάσας
3700 1812 3844 1884 μετᾶ

2260 1898 2545 1970 ἀκριϐείας
2571 1897 2807 1951 κατιδεῖν
2834 1897 2932 1962 τὰς
2969 1897 3229 1969 ἱστορίας,
3260 1898 3288 1951 ὃ
3322 1897 3387 1968 δὴ
3420 1897 3512 1950 καὶ
3543 1895 3637 1950 νῦν
3676 1895 3839 1965 γεγέ-

2260 1996 2438 2050 νηται.
2479 1979 2571 2051 Μὴ
2603 1979 2708 2052 γὰρ
2739 1978 2985 2052 δήτοῦτο
3014 1979 3152 2051 ῐδῃς,
3177 1980 3259 2033 ὅτι
3294 1978 3389 2033 νῦν
3423 1978 3624 2042 εὐθέως
3663 1977 3846 2048 φυγάς

2260 2063 2489 2132 ἐγίνετο,
2521 2061 2658 2115 ἀλλά
2690 2063 2788 2132 τήν
2828 2062 2966 2134 μετά
3000 2061 3172 2116 ταῦτα
3204 2061 3561 2133 περιφάνειαν
3602 2059 3841 2128 λογίζου⁹

2261 2144 2357 2198 καὶ
2376 2142 2567 2197 ὅτιτοῦ
2589 2143 2781 2214 χρόνου
2806 2144 3255 2216 παραδραμόντος
3280 2142 3444 2205 αὐτὸς
3469 2137 3621 2206 οὗτος
3641 2144 3670 2196 6
3690 2141 3849 2211 φοϐει

2265 2227 2356 2297 ρὸς
2379 2226 2525 2297 αὐτῷ
2552 2224 2791 2294 γεγονὼς
2817 2226 3087 2296 τοσαύτην
3114 2225 3244 2295 περὶ
3276 2224 3440 2278 αὑτὸν
3472 2224 3848 2278 ἐπιδείκνυται

2262 2312 2361 2381 τὴν
2393 2310 2545 2375 αἰδὼ,
2580 2311 2675 2363 καὶ
2698 2310 2780 2363 ὅτι
2819 2312 2899 2374 εἰς
2924 2308 3197 2379 τοσαύτην
3225 2304 3355 2380 ἦλθε
3385 2307 3544 2372 δόξαν
3577 2307 3716 2377 μετά
3741 2308 3849 2381 τὴν

2263 2376 2357 2447 ἐπὶ
2399 2396 2498 2465 τῆς
2541 2389 2697 2463 ξένης
2746 2376 3364 2463 ταλαιπωρίανίώςκαϊ
3408 2394 3533 2453 τοὺς
3574 2376 3633 2454 ἐξ
3676 2376 3848 2444 αὐτοῦ

2261 2474 2551 2543 τεχθέντας
2572 2476 2651 2538 εἰς
2678 2474 2904 2545 ἄπειρον
2937 2473 3141 2541 πλῆθος
3164 2471 3479 2542 ἐκταθῆναι,
3511 2474 3604 2525 καὶ
3631 2472 3716 2526 διά
3743 2475 3850 2543 τῆς

2262 2556 2454 2631 τούτου
2484 2556 2856 2628 προσηγορίας
2879 2555 3026 2609 ἅπαν
3054 2555 3117 2608 :6
3140 2554 3291 2618 ἐθνος
3318 2553 3842 2625 χαρακτηρίζεσθαι.

2265 2641 2402 2694 Νυνὶ
2439 2639 2495 2692 δὲ
2527 2638 2852 2693 διδάσκουσα
2877 2639 3024 2710 ἡμᾶς
3059 2638 3093 2709 ὴ
3124 2637 3244 2691 θεία
3268 2638 3461 2709 Γραφὴ
3492 2637 3585 2690 τοῦ
3614 2637 3845 2708 ἀδελφοῦ

2262 2724 2353 2777 τὸν
2378 2723 2568 2793 θυμὸν,
2605 2723 2698 2777 καὶ
2730 2722 2810 2775 δτι
2847 2722 2984 2792 πρὸς
3011 2722 3172 2790 φόνον
3205 2721 3506 2784 ἀπέϐλεπε,
3549 2720 3702 2792 φησί·
3732 2719 3848 2775 Καί

2264 2806 2526 2860 ἐνεκότει
2558 2802 2741 2859 Ἠσαῦ
2782 2802 2865 2869 τῷ
2896 2802 3097 2858 Ἰακὼϐ
3121 2802 3253 2872 περὶ
3283 2802 3393 2871 τῆς
3424 2802 3727 2871 εὐλογίας,
3770 2798 3855 2873 ἧς

2267 2889 2618 2957 ηὐλόγησεν
2641 2887 2827 2942 αὐτόν
2857 2889 2890 2941 ό
2918 2885 3116 2955 πατὴρ
3148 2885 3354 2940 αὐτοῦ.
3399 2885 3507 2938 Καὶ
3536 2885 3623 2938 ἵνα
3663 2886 3855 2956 μάθω-ν

2269 2989 2389 3043 μεν,
2436 2972 2517 3025 ὅτι
2565 2972 2662 3041 οὐχ
2698 2970 2883 3035 ἁπλῶς
2915 2968 3051 3042 ὀργὴ
3082 2966 3151 3041 ἦν
3181 2968 3512 3041 πρόσκαιρος
3550 2967 3726 3033 τοῦτο,
3760 2968 3848 3023 διά

2266 3056 2367 3125 τῆς
2416 3052 2613 3119 λέξεως
2662 3047 2934 3124 ἐσήμὰνεν
2987 3053 3119 3123 ἡμῖν
3170 3051 3273 3121 τῆς
3316 3051 3517 3113 κακίας
3548 3049 3715 3105 αὑτοῦ
3749 3052 3853 3123 τὴν

2268 3139 2594 3211 ὑπερϐολήν.
2633 3138 2923 3193 Ἐνεκότει
2943 3136 3075 3208 γὰρ,
3098 3136 3282 3207 φησὶν,
3305 3135 3426 3188 ἀντί
3448 3134 3563 3197 τοῦ,
3588 3134 3845 3211 ἐνέκειτο,

2268 3209 2554 3292 ἐπέμενεν.
2590 3220 2666 3284 ὡς
2698 3220 2793 3274 καὶ
2823 3218 2911 3272 διά
2944 3218 3052 3272 τῶν
3084 3218 3346 3289 ῥημάτων
3372 3218 3470 3288 τὴν
3502 3218 3561 3271 ἐν
3587 3218 3666 3288 τῷ
3696 3209 3849 3287 βάθει

2269 3302 2652 3377 κρυπτομένην
2671 3300 2896 3373 γνώμην
2919 3300 3156 3372 φανεράν
3177 3302 3531 3372 καταστῆσαι.
3556 3296 3703 3354 Εἶπε
3718 3300 3849 3371 γάρ,

2269 3387 2458 3457 φησὶν,
2508 3386 2581 3439 ἐν
2624 3383 2711 3453 τῇ
2739 3384 3006 3452 alar-ala"
3046 3382 3490 3453 Ἐγγισὰτωσαν
3537 3385 3597 3436 at
3636 3383 3856 3452 ἡμέραι·

2269 3470 2377 3525 τοῦ
2413 3468 2673 3535 πένθους
2702 3468 2809 3523 τοῦ
2831 3469 3058 3537 πατρός
3076 3483 3217 3536 μου,
3251 3467 3353 3522 ἵνα
3381 3466 3718 3522 ἀποκτείνω
3751 3466 3854 3520 Ἰαο

2270 3553 2396 3609 κὼϐ
2424 3553 2531 3607 τὸν
2563 3552 2832 3621 ἀδελφόν
2850 3568 2984 3620 μου.
3017 3550 3225 3612 Ὄντως
3258 3548 3367 3618 ἀρα
3402 3549 3494 3601 καί
3521 3548 3630 3602 τῶν
3663 3565 3853 3619 μαινο-

2276 3635 2451 3706 μένων
2475 3634 2654 3688 αὐτῶν
2690 3634 2791 3687 οὐκ
2837 3633 3057 3687 ἔλαττον
3093 3634 3121 3686 6
3155 3628 3495 3702 θυμούμενος
3526 3631 3849 3702 παραπαίει.

2273 3717 2476 3773 Σκόπει
2509 3716 2661 3789 [521]
2690 3715 2819 3787 γὰρ,
2861 3716 3010 3778 ὅπως
3039 3714 3289 3785 καθάπερ
3328 3713 3453 3776 τοὺς
3494 3711 3854 3784 μαινομένους

2273 3802 2303 3854 6
2343 3801 2551 3873 δαίμων
2600 3801 2807 3861 ἐκεῖνος
2858 3795 3184 3852 ἐπεισελθὼν
3223 3794 3492 3866 ἔκφρονας
3540 3792 3853 3866 ἐργάζεται,

2276 3884 2373 3938 καλ⁸
2406 3882 2624 3938 ἐναντία
2643 3885 2755 3945 τοῖς
2777 3880 3075 3952 ὁρωμένοις
3100 3877 3523 3948 διαπράττεσθαι
3548 3878 3852 3932 ἀναπείθει.

2277 3969 2352 4021 Οὐ
2383 3967 2491 4039 γὰρ
2527 3966 2728 4037 ὁρῶσιν
2760 3962 2947 4029 ὑγιῶς,
2982 3959 3106 4012 οὔτε
3140 3961 3326 4028 ἐτερόν
3357 3977 3409 4011 τι
3438 3960 3856 4030 διαπράττονται

2275 4047 2385 4102 τῶν
2407 4047 2713 4118 χρησίμων,
2741 4042 2876 4096 ἀλλά
2907 4041 3156 4111 καθάπερ
3174 4041 3274 4102 τὰς
3294 4039 3576 4109 αἰσθήσεις
3604 4057 3858 4114 πεπηρωδ

2283 4130 2453 4201 μένοι,
2519 4128 2611 4181 καὶ
2660 4125 2723 4179 τδ
2788 4122 3123 4193 διακριτικὸν
3184 4119 3615 4192 διαφθείραντες,
3685 4124 3857 4188 οὑτως

2280 4213 2493 4269 ἃπαντα
2519 4206 2857 4282 ἐργάζονται.
2884 4204 3039 4259 οὑτω
3061 4205 3156 4259 καί
3191 4201 3249 4258 οἰ
3268 4203 3622 4275 θυμούμενοι,
3649 4207 3713 4259 οὐ
3735 4207 3858 4270 τοὺς

2281 4294 2552 4365 παρόντας
2584 4288 3057 4358 ἐπιγινώσκουσιν,
3087 4287 3148 4340 οὐ
3182 4285 3499 4355 συγγενείας
3530 4287 3854 4360 μέμνηνται,

2278 4377 2341 4431 οὑ
2369 4375 2571 4445 φιλίας,
2609 4372 2671 4426 οὑ
2703 4369 3012 4445 συνηθείας,
3047 4369 3146 4421 οὐκ
3184 4368 3516 4439 ἀξιώματος.
3560 4371 3660 4422 οὐκ
3699 4371 3856 4425 ἄλλου

2279 4444 2424 4523 τινδς
2459 4456 2665 4510 ἔννοιαν
2698 4444 3088 4522 λαμϐάνουσιν,
3121 4444 3248 4505 ἀλλ”
3272 4450 3385 4506 ὅλοι
3426 4451 3532 4505 ὑπὸ
3557 4452 3652 4505 τοῦ
3684 4452 3856 4524 ουμοῦ

2280 4537 2699 4613 τυραννούμενοι
2721 4534 2859 4588 κατὰ
2878 4536 3137 4607 κρημνῶν
3159 4536 3433 4606 φέρονται.
3463 4536 3529 4590 Τί
3562 4531 3653 4590 οὖν
3683 4534 3746 4590 ἂν
3770 4539 3855 4606 είη

2280 4626 2390 4681 τῶν
2412 4622 2667 4677 τοιούτων
2697 4616 3076 4690 ἐλεεινότερον,
3105 4620 3235 4673 ὅταν
3262 4619 3481 4684 ἁλόντες
3505 4621 3607 4673 ὑπὸ
3632 4618 3726 4672 τοῦ
3757 4620 3860 4674 πά-

2285 4709 2431 4771 θους,
2468 4705 2563 4758 καὶ
2591 4701 2922 4774 αἰχμάλωτοι
2943 4702 3245 4773 γενόμενοι,
3282 4702 3376 4755 καὶ
3411 4702 3546 4772 πρὸς
3581 4701 3738 4771 φόνον
3762 4703 3860 4755 ἐπα

2286 4792 2556 4860 είγονται;
2586 4788 2684 4841 Διά
2726 4785 2883 4839 τοῦτο
2926 4786 2955 4838 ό
2999 4785 3268 4856 μακάριος
3309 4784 3521 4846 Παῦλος
3568 4784 3669 4854 τὴν
3704 4785 3860 4855 ῥίζαν

2285 4872 2601 4930 ἀποσπάσαι
2626 4868 2946 4940 βουλόμενος
2983 4866 3078 4920 τοῦ
3119 4866 3311 4929 κακοῦ,
3337 4866 3564 4937 γράφων
3605 4866 3857 4938 παρήνετ,

2286 4957 2427 5011 οὑτω
2447 4955 2643 5023 λέγων,
2675 4950 2850 5006 Πᾶσα
2872 4949 3017 5019 ὀργὴ
3044 4950 3142 5005 καί
3176 4949 3362 5019 θυμὸς
3389 4949 3485 5002 καί
3516 4950 3745 5018 κραυγὴ
3769 4951 3862 5019 ἀρ.

2249 5078 2265 5095 .
2287 5040 2444 5106 θήτω
2472 5039 2574 5107 ἀφ’
2600 5036 2769 5106 ὑμῶν
2803 5026 2927 5088 σὺν
2950 5033 3117 5103 πάσῃ
3145 5033 3342 5101 κακίᾳ.
3373 5033 3446 5086 Οὐ
3484 5033 3662 5103 μόνον,
3696 5035 3850 5104 φησί’,

2289 5121 2591 5194 θυμοῦσθαι
2636 5121 2779 5190 ὑμᾶς
2818 5119 2881 5171 οὐ
2926 5116 3205 5187 βούλομαι,
3249 5115 3370 5169 οὐδέ
3417 5116 3491 5187 μὴ
3523 5115 3858 5186 ὀργίζεσθαι,

2247 5207 2250 5210 ’
2289 5206 2425 5261 ἀλλά
2457 5205 2592 5277 μηδὲ
2624 5204 2761 5275 μετά
2790 5203 3038 5271 κραυγῆς
3073 5202 3187 5263 τοῖς
3226 5199 3452 5270 πλησίον
3496 5197 3860 5267 διαλέγεσθαι,

2291 5291 2540 5364 κραυγήν
2568 5286 2799 5343 ἐνταῦθα
2832 5284 3025 5353 λέγων,
3051 5284 3152 5353 τὴν
3180 5283 3286 5337 ὑπὸ
3308 5282 3402 5336 τοῦ
3445 5281 3617 5351 θυμοῦ
3647 5282 3864 5349 γινομέ-

2292 5393 2411 5447 νην.
2444 5373 2613 5426 Ὅταν
2640 5369 2748 5440 γάρ
2776 5368 2836 5421 :6
2870 5366 3038 5431 πάθος
3067 5366 3277 5420 ἔνδοθεν
3319 5365 3673 5435 διεγείρηται,
3711 5366 3805 5417 καὶ
3829 5364 3869 5435 ἡ

2296 5467 2491 5540 καρδία
2537 5463 2765 5534 οἰδαίνῃ,
2808 5460 2908 5513 οὐκ
2961 5459 3041 5512 ἔτι
3088 5459 3273 5512 λοιπὸν
3329 5458 3362 5527 ή
3416 5456 3638 5524 γλῶσσα
3684 5457 3865 5525 ἠρέμα

2296 5559 2631 5631 φθέγγεσθαι
2656 5554 2928 5624 ἀνέχεται,
2958 5551 3094 5605 ἀλλά
3122 5550 3219 5620 τὴν
3249 5548 3489 5602 διάθεσιν
3520 5549 3618 5619 τῆς
3643 5548 3867 5620 καρδίας

2297 5653 2665 5724 ἐμφαίνουσα,
2702 5645 2838 5717 μετά
2866 5643 3109 5715 κραυγῆς
3152 5640 3231 5711 τῷ
3272 5642 3496 5711 πλησίον
3528 5639 3871 5709 διαλέγεσθαι

2299 5741 2729 5816 παρασκευάζει.
2782 5736 3108 5805 Βουλόμενος
3169 5730 3263 5789 οὖν
3314 5737 3373 5788 ἐν
3414 5735 3907 5816 γαλήνσειῌδιάγεινινΔ

2298 5812 2537 5899 διηνεκεῖ
2559 5825 2683 5884 τοὺς
2710 5818 2857 5889 αὐτῷ
2880 5816 3232 5887 πειθομένους
3250 5819 3280 5869 ὁ
3307 5820 3575 5889 μακάριος
3598 5812 3770 5880 οὗτος⁹
3792 5815 3869 5899 ει.

2304 5912 2444 5974 πὼν,
2476 5904 2649 5961 Πᾶσα
2677 5901 2846 5970 ὀργὴ,
2894 5900 3060 5967 ἔδειξε
3084 5901 3138 5954 τί
3182 5903 3299 5954 ἐστι
3323 5899 3495 5954 Πᾶσα
3524 5900 3747 5969 ὀργὴ,ή
3775 5898 3866 5965 ἀφ’

2307 5997 2421 6050 οἴου
2451 5991 2515 6062 δή
2544 6004 2670 6042 ποτε
2702 5986 3019 6060 πράγματος
3066 5985 3375 6057 κινουμένη·
3404 5983 3500 6037 καὶ
3538 5987 3646 6048 πᾶς
3684 5983 3866 6052 θυμὸς
