4150 6206
354 373 461 435 ιῆθ

349 495 580 549 benedixi
606 512 736 560 eum,
770 502 813 549 et
843 494 906 549 sit
928 492 1227 548 benedictus.
1262 490 1372 545 lloc
1394 494 1570 546 autem
1603 491 1822 547 faciebat
1848 493 1933 564 ju-

348 595 487 652 stus,
519 587 772 656 sapientia
820 585 909 641 Dei
951 585 1089 640 illius
1135 585 1363 654 linguam
1402 587 1696 656 dirigente.
1728 596 1783 639 ut
1812 601 1932 641 cum

353 676 445 730 ille
473 679 650 730 omnia
681 677 958 747 diligenter
980 676 1254 731 didicisset
1277 718 1290 740 ,
1333 678 1473 732 scire
1525 687 1700 746 posset
1731 677 1860 730 nihil
1887 677 1932 731 ci

351 765 564 833 profore
592 767 672 820 vel
706 766 1194 835 pi'iinogenituram,
1222 767 1306 820 vel
1329 768 1682 821 venationem.
1711 767 1798 820 5i.
1830 766 1934 818 An-

349 858 472 911 ditis
501 857 814 912 semianibus
847 858 1024 928 patris,
1059 857 1198 912 Esau":
1241 859 1474 912 clamavit
1501 875 1633 928 ,voce
1666 876 1851 929 magna
1892 868 1936 911 et

349 949 546 1000 acerba.
587 947 722 1014 Quid
756 961 836 1001 eSt
863 989 878 1013 ,
927 947 1052 1002 Voce
1078 966 1261 1018 magna
1291 959 1336 1002 et
1363 949 1579 1002 acerba?
1614 949 1934 1017 Indignatio-

352 1053 473 1091 iiem
521 1038 838 1108 significavit
881 1055 976 1108 per
1015 1040 1255 1104 verbum,
1284 1041 1340 1094 et
1381 1041 1509 1094 iram
1557 1055 1798 1109 magnam
1833 1055 1934 1108 qua

349 1143 638 1182 succensus
665 1139 746 1182 cst
785 1144 904 1182 cum
935 1128 1050 1182 lucc
1077 1129 1368 1183 didicisset.
1404 1125 1469 1182 Et
1496 1129 1651 1191 dixit,
1682 1124 1934 1192 Benedic,

350 1219 574 1284 obsecro,
601 1228 646 1271 et
674 1235 770 1283 me,
804 1231 964 1287 pater.
1003 1218 1092 1274 55.
1133 1218 1276 1272 Dixit
1303 1229 1468 1271 autent
1501 1221 1543 1272 ei
1567 1235 1584 1272 :
1612 1218 1796 1271 Frater
1822 1229 1937 1272 tuus

349 1311 483 1363 venit
511 1327 622 1362 cum
663 1311 800 1376 dolo,
835 1319 882 1364 et
922 1312 1110 1380 accepit
1149 1310 1537 1364 benedictionem
1569 1320 1725 1362 tuam.
1759 1309 1926 1373 Prior,

350 1397 540 1467 inquit,
579 1399 739 1452 frater
776 1409 894 1453 tuus
929 1400 1350 1454 benedictionem
1381 1416 1592 1454 onmem
1623 1399 1847 1452 ubertim
1877 1405 1932 1451 et

347 1488 563 1556 eopicsc
589 1489 836 1558 abripuit.
873 1489 940 1543 Et
963 1498 1016 1543 ut
1035 1483 1718 1558 sciassupernamgratiam
1745 1488 1809 1541 ad
1833 1487 1954 1541 hoc

349 1577 512 1630 fuis‘se
539 1589 874 1646 cooperatam
895 1619 912 1643 ,
957 1588 1016 1631 ut
1054 1579 1227 1645 justus
1265 1577 1618 1645 deciperetur,
1648 1577 1768 1631 vide
1798 1592 1934 1646 quo-

351 1665 510 1718 tuodo
539 1666 651 1734 ipse
683 1667 784 1719 hoc
811 1665 1036 1720 fateatur
1059 1667 1242 1720 dicens
1271 1683 1284 1718 :
1327 1665 1472 1720 Venit
1503 1667 1660 1735 frater
1681 1677 1796 1719 :uns
1821 1684 1932 1720 cum

350 1757 468 1809 dolo
494 1773 512 1809 :
536 1757 685 1826 quasi
716 1768 932 1811 excuset
961 1774 1019 1812 se
1047 1759 1185 1828 apud
1223 1759 1385 1812 filium
1411 1801 1424 1825 ,
1467 1771 1520 1813 et
1563 1759 1708 1812 illum
1748 1761 1934 1814 doceat

352 1847 556 1912 dicens,
601 1848 850 1915 Ignorans
880 1847 950 1900 illi
980 1849 1377 1903 benedictiones
1406 1849 1659 1918 impendi,
1687 1858 1739 1904 ct
1777 1864 1932 1918 para-

351 1948 438 1992 tus
464 1952 614 1992 erant
659 1938 748 1991 tibi
787 1955 876 1993 eas
920 1940 1096 2010 largiri
1125 1959 1140 1994 :
1169 1941 1261 1994 sed
1289 1941 1377 1994 ille
1416 1939 1557 1994 Venit
1582 1957 1694 1993 cum
1726 1941 1864 2005 dolo,
1886 1951 1934 1994 et

350 2029 544 2097 accepit
574 2028 961 2082 benedictionem
986 2041 1158 2096 tuam;
1181 2047 1298 2101 qua:
1321 2031 1411 2086 tibi
1441 2043 1730 2102 prcharata
1760 2043 1928 2098 erant,

353 2116 445 2172 ille
471 2119 740 2187 prmripuit
768 2138 781 2173 :
811 2136 914 2173 non
945 2121 1044 2175 hoc
1071 2137 1187 2174 mea
1212 2121 1365 2191 culpa
1395 2121 1589 2176 factum
1617 2131 1717 2176 est.
1744 2123 1832 2178 36.
1863 2122 1932 2176 Et

353 2212 504 2278 dixit,
534 2212 737 2282 inquit,
767 2211 909 2268 Esau
937 2229 955 2267 :
980 2215 1134 2268 Recte
1158 2225 1384 2267 vocatum
1407 2223 1478 2267 est
1507 2231 1687 2267 nomen
1712 2221 1820 2282 ejus
1843 2213 1939 2266 Ja-

352 2301 478 2366 cob;
498 2303 836 2374 supplantavit
864 2305 995 2357 enim
1023 2321 1100 2358 me
1115 2306 1230 2373 jam
1255 2305 1472 2359 secundo
1495 2320 1515 2358 :
1538 2315 1585 2359 et
1607 2306 1937 2376 primogenita

354 2411 465 2446 mea
493 2395 706 2462 tulerat,
734 2405 778 2449 et
803 2413 933 2450 nunc
958 2397 1148 2464 accepit
1177 2397 1566 2450 benedictionem
1597 2413 1778 2450 meam.
1820 2396 1934 2450 Non

353 2485 410 2537 iii
441 2501 655 2553 vanum,
679 2485 868 2556 inquit,
901 2503 1092 2542 nomen
1125 2488 1225 2542 hoc
1249 2488 1464 2542 sortitus
1492 2498 1569 2542 est
1597 2488 1938 2556 :supplanta-

356 2578 552 2632 tionem
571 2578 713 2633 enim
735 2579 1138 2649 interpretamur
1154 2595 1347 2634 nomen
1368 2580 1480 2648 ejus
1499 2578 1573 2651 (η)
1591 2596 1604 2632 :
1633 2579 1682 2633 id
1698 2579 1837 2648 quod
1854 2578 1936 2634 hic

357 2667 410 2720 in
437 2683 520 2721 me
540 2667 844 2733 declaravit,
870 2679 922 2724 ct
948 2671 1358 2740 primogenitum
1383 2680 1435 2724 et
1455 2670 1824 2724 benedictione
1850 2685 1936 2724 me

359 2759 590 2826 privatis.
630 2759 763 2825 Quid
797 2760 952 2830 igitur
971 2761 1036 2815 ad
1069 2761 1215 2815 lsaac
1243 2761 1384 2815 Esau
1410 2779 1422 2815 :
1453 2759 1574 2815 Non
1602 2762 1864 2814 rescrvasti
1889 2771 1934 2814 et

357 2849 482 2900 milii
509 2849 916 2917 benedictionem,
939 2853 1117 2921 pater?
1139 2853 1228 2906 '57.
1254 2851 1532 2920 Respondit
1567 2862 1731 2903 autem
1761 2851 1934 2915 Isaac,

356 2949 403 2990 et
430 2940 557 2992 dixit
586 2939 723 2993 Esau
750 2958 768 2993 :
797 2942 968 3005 Disce,
997 2943 1184 3010 inquit,
1213 2941 1354 3011 quod
1390 2957 1576 2996 omnes
1611 2941 1938 2995 benedictio-

359 3044 455 3083 ncs
489 3029 541 3082 in
572 3045 692 3084 cum
720 3029 902 3094 effudi,
931 3031 1056 3086 Cum
1093 3049 1206 3085 cum
1245 3032 1444 3102 fecerint
1485 3033 1744 3084 dominum
1772 3042 1932 3084 tuum.

359 3117 493 3173 Vide
515 3119 779 3188 quomodo
808 3123 983 3174 statim
1010 3123 1076 3175 ab
1106 3123 1206 3176 hoc
1235 3123 1524 3186 exorditur,
1552 3131 1606 3176 et
1636 3121 1765 3176 nihil
1793 3121 1936 3176 aliud

357 3209 408 3264 ei
435 3223 592 3280 quam
620 3213 924 3266 servitutem
955 3214 1211 3282 significat
1242 3223 1294 3267 et
1320 3213 1700 3281 subjectioncm
1727 3230 1739 3264 :
1769 3227 1832 3267 ac
1857 3211 1940 3266 di-

357 3301 430 3354 cit
456 3319 470 3353 :
494 3301 554 3354 Si
578 3317 690 3353 eum
729 3303 827 3372 feci
865 3304 1121 3356 dominum
1157 3315 1313 3370 tuum,
1344 3314 1388 3356 et
1415 3321 1584 3357 omnes
1619 3309 1799 3374 fratres
1827 3305 1936 3372 ejus

358 3406 542 3454 servos,
563 3392 811 3458 [ramento
849 3403 893 3444 et
928 3393 1040 3445 vino
1070 3395 1290 3446 stabilivi
1317 3410 1431 3446 eum
1455 3410 1473 3448 :
1499 3394 1587 3447 tibi
1623 3407 1788 3448 autem
1815 3393 1936 3463 quid

359 3482 565 3550 faciam,
590 3481 703 3550 fili?
725 3481 863 3536 Nihil
893 3484 1029 3537 aliud
1059 3484 1192 3538 ultra
1221 3485 1458 3538 relictum
1481 3495 1561 3538 cst
1583 3503 1598 3538 :
1621 3501 1740 3539 cum
1764 3485 1937 3538 domi-

359 3588 484 3626 num
513 3589 631 3628 eum
665 3574 873 3629 fecerim
903 3583 1068 3641 tuum,
1099 3588 1150 3629 et
1178 3591 1362 3631 omnes
1387 3577 1577 3631 fratres
1605 3578 1848 3643 famulos,
1882 3586 1937 3631 et

358 3678 535 3716 rerum
565 3680 977 3718 necessariarum
1007 3668 1298 3721 ubertatem
1329 3678 1572 3736 precatus
1594 3669 1639 3722 ei
1668 3670 1934 3739 sim,quid

359 3754 500 3806 aliud
527 3755 662 3807 ultra
691 3757 929 3808 relictum
960 3757 1077 3809 est?
1107 3757 1192 3811 58.
1218 3757 1357 3809 Dixit
1383 3769 1544 3810 autent
1587 3759 1723 3812 Esau
1751 3761 1816 3811 ad
1845 3776 1936 3828 pa-

358 3857 480 3898 trem
505 3864 650 3900 suum
676 3863 693 3900 :
716 3846 852 3900 Nunt
887 3848 1160 3902 benedictio
1189 3866 1288 3901 una
1322 3849 1408 3901 tibi
1435 3861 1528 3915 est,
1557 3851 1733 3918 pater?
1769 3850 1935 3904 Bene-

359 3938 457 4002 dic,
478 3937 699 4004 obsecro,
724 3949 768 3992 et
791 3956 886 3992 me.
910 3939 1170 4008 Quoniam
1194 3939 1388 3992 audivit
1410 3949 1609 4008 patrem
1630 3940 1891 3994 dicentem
1918 3959 1930 3994 :

361 4027 425 4080 Et
460 4030 686 4083 benedixi
719 4047 850 4093 eum,
878 4041 923 4083 et
963 4031 1245 4084 benedictus
1272 4031 1383 4095 erit,
1413 4041 1572 4099 atque
1607 4047 1818 4084 omnem
1862 4032 1931 4085 illi

359 4123 546 4175 deinde
575 4122 993 4176 benedictionem
1025 4121 1377 4176 manifestavit
1409 4139 1423 4175 :
1459 4133 1581 4174 tunc
1617 4123 1802 4190 inquit,
1831 4122 1933 4176 Be-

361 4215 520 4278 nedic,
544 4216 816 4280 obsecro,et
833 4234 934 4282 me,
948 4225 1086 4284 pater
1109 4232 1129 4268 .'
1145 4231 1264 4267 nunt
1291 4231 1392 4267 una
1423 4214 1507 4266 tibi
1527 4214 1798 4267 benedictio
1820 4225 1890 4268 est
1907 4216 1934 4268 7

358 4303 469 4358 Non
502 4315 649 4375 potes
675 4315 726 4360 et
751 4307 877 4361 mihi
913 4315 1054 4360 tuam
1085 4307 1504 4361 benedictionem
1535 4307 1809 4375 impartiri,
1842 4309 1929 4376 qni

359 4395 423 4446 ita
447 4413 474 4450 a
501 4406 550 4449 te
572 4386 779 4467 diligor,
809 4398 895 4466 qui
929 4399 1326 4467 primogenitus,
1351 4399 1437 4468 qui
1470 4415 1497 4450 :i
1531 4407 1580 4451 te
1611 4399 1662 4450 in
1690 4401 1929 4452 venatio-

357 4501 475 4536 nem
521 4486 713 4540 missus
748 4488 902 4541 sum?
941 4488 1293 4542 Conturbavit
1334 4499 1534 4558 patrem
1561 4489 1753 4544 verbis.
1783 4491 1931 4544 Com-

356 4586 537 4642 pnnclo
563 4587 727 4630 autem
754 4577 921 4644 Isaac,
949 4580 1132 4648 inquit,
1150 4582 1380 4633 clamavit
1408 4597 1524 4634 voce
1551 4599 1732 4652 magna
1764 4582 1925 4647 Esau,

354 4682 397 4724 et
444 4671 600 4738 ﬂevit.
646 4669 786 4723 Vidit
833 4682 1030 4739 patrem
1068 4675 1290 4727 consilio
1331 4675 1638 4728 detitutum
1664 4717 1680 4740 ,
1728 4685 1781 4729 et
1823 4693 1926 4730 non

357 4777 527 4828 posse,
563 4776 734 4829 neque
774 4762 910 4815 velle
949 4777 1196 4817 revocare
1225 4780 1340 4832 qui:
1369 4764 1500 4818 facta
1526 4776 1650 4819 sunt
1681 4784 1693 4818 :
1723 4776 1776 4819 et
1813 4767 1925 4820 cla-

356 4853 487 4904 mori
515 4851 672 4905 etiam
701 4851 894 4918 adjecit
930 4850 1218 4919 ploratum,
1249 4865 1303 4905 ut
1327 4854 1391 4905 ad
1421 4855 1672 4923 majorem
1701 4856 1924 4910 comini-

354 4943 670 4996 serationem
727 4953 933 5011 patrem
989 4941 1240 4995 flecteret.
1296 4943 1536 4999 Miserius
1589 4948 1765 5015 itaque
1809 4947 1923 5016 ejus

357 5031 498 5085 Isaac
523 5033 652 5085 dixit
682 5034 729 5086 ei
765 5051 778 5086 :
807 5033 903 5090 59.
929 5033 1057 5086 Ecce
1085 5032 1148 5086 de
1175 5033 1474 5102 pinguedine
1497 5046 1640 5090 terra:
1666 5040 1757 5091 erit
1787 5040 1928 5108 habi-

356 5125 478 5176 tatio
512 5134 617 5190 tua,
652 5135 699 5177 et
736 5126 797 5177 de
835 5143 948 5178 rore
984 5126 1094 5179 caeli
1129 5125 1361 5193 desuper,
1384 5126 1471 5180 40.
1496 5139 1541 5179 et
1565 5133 1617 5180 in
1643 5131 1813 5197 gladio
1841 5143 1925 5184 tuo

352 5213 502 5278 vives,
536 5224 581 5265 et
625 5215 770 5283 fratri
800 5225 884 5267 tuo
912 5216 1092 5268 servies
1122 5230 1142 5267 :
1168 5216 1258 5267 erit
1287 5224 1456 5267 autem
1481 5219 1681 5284 quando
1708 5219 1925 5286 depones

352 5311 400 5353 et
423 5304 642 5357 exsolves
661 5305 843 5374 jugunt
869 5306 980 5373 ejus
1003 5322 1034 5356 a
1056 5306 1187 5358 collo
1212 5314 1316 5358 tuo.
1344 5304 1624 5371 Quoniam,
1657 5307 1840 5376 inquit.
1871 5319 1926 5364 ct

358 5392 469 5461 ipse
497 5411 666 5449 meam
695 5396 1114 5450 benedictionem
1143 5397 1434 5462 desideras,
1474 5398 1619 5452 disce
1661 5415 1764 5453 non
1807 5416 1925 5457 esse

356 5485 600 5548 possibile
630 5495 686 5538 ut
713 5501 863 5556 agam
890 5501 1006 5556 qua:
1030 5488 1220 5542 divina:
1243 5489 1497 5543 voluntati
1523 5489 1745 5543 adversa
1769 5502 1920 5558 sunt;

353 5573 444 5625 sed
465 5583 518 5627 et
543 5574 632 5628 tibi
657 5576 868 5645 quidem
890 5592 1166 5648 apprecor,
1183 5588 1239 5633 ut
1259 5594 1378 5634 rore
1397 5580 1512 5634 cazli
1535 5578 1728 5634 fruaris
1751 5598 1765 5634 :
1785 5581 1924 5639 scias

424 5687 496 5756 (τι)
534 5690 650 5769 ῗ-ιΡὫ
686 5693 808 5769 Ekeb
827 5700 1041 5751 Hebraeis
1059 5708 1135 5754 est
1151 5701 1314 5766 planta
1335 5699 1490 5765 pedis,
1513 5701 1620 5754 sive
1647 5703 1919 5769 ctiamsup-

354 5767 594 5828 nictantia,
608 5769 736 5819 unde
749 5768 920 5822 factum
937 5769 1089 5849 apvt.

1347 376 1412 432 IN
1451 375 1600 435 CAP.
1640 378 1852 437 XXVII.
1896 381 2140 438 GENES.
2181 381 2410 438 HOMIL.
2452 380 2584 437 Llll.

3523 379 3626 434 ιτα

2041 504 2217 550 autem
2251 504 2300 550 te
2329 496 2610 550 militarem
2638 494 2796 549 vitam
2824 501 3064 549 acturum
3096 506 3216 550 esse
3240 508 3400 548 :nam
3432 491 3492 547 in
3513 498 3627 564 giu-

2040 585 2124 638 dio
2152 595 2236 638 tuo
2255 585 2404 648 vives,
2428 595 2474 639 et
2497 585 2646 655 fratri
2670 593 2756 638 tuo
2777 584 2976 638 servies.

2110 675 2163 729 5.
2205 673 2470 730 Caeterum
2511 675 2687 730 nullus
2726 675 2841 728 haec
2883 673 3104 729 audiens
3147 675 3387 739 miretur,
3433 674 3632 728 vidi-ns.

2042 775 2163 836 post
2192 765 2305 819 haec
2337 765 2550 820 fratrem
2583 766 2700 834 ejus
2724 775 3002 835 vagantem
3031 764 3100 820 ob
3126 765 3268 819 illius
3296 774 3492 818 metum
3519 806 3534 828 ,
3563 777 3620 819 et

2038 859 2090 912 in
2123 868 2319 912 teriam
2345 859 2574 912 alienam
2603 857 3011 911 contendentem
3039 875 3051 910 :
3084 871 3256 924 neque
3281 855 3427 908 initia
3453 865 3628 909 atten-

2039 949 2190 1012 deos,
2213 947 2481 1002 existimet
2498 947 2802 1002 vaticinium
2822 946 3091 1002 excidere.
3122 945 3252 999 Nam
3279 945 3490 1015 quando
3525 947 3626 998 llo~

2038 1038 2216 1091 minus
2245 1037 2444 1106 aliquid
2472 1037 2749 1106 pollicetur
2768 1076 2782 1102 ,
2811 1036 2913 1106 etsi
2940 1035 3204 1090 contraria
3233 1036 3296 1090 iis
3323 1051 3441 1105 qua:
3471 1036 3626 1104 polli-

2038 1138 2188 1181 cetur
2213 1127 2484 1182 videamus
2518 1128 2570 1180 in
2601 1126 2861 1196 principio
2889 1126 3103 1181 evenire
3122 1166 3136 1189 ,
3167 1141 3270 1180 non
3305 1126 3573 1180 turbentur
3607 1144 3622 1180 :

2038 1233 2210 1285 neque
2240 1219 2383 1272 enim
2417 1217 2665 1286 possibile
2692 1225 2778 1271 est
2805 1227 2862 1271 ut
2889 1217 2955 1271 ad
2980 1217 3138 1272 linem
3164 1232 3330 1286 usque
3357 1217 3622 1286 promissa

2038 1308 2307 1362 excidant.
2343 1308 2455 1361 Hoc
2475 1316 2657 1361 autem
2688 1307 2776 1372 lit,
2808 1316 2864 1361 ut
2892 1307 3019 1360 dum
3043 1307 3166 1375 justi
3194 1322 3288 1375 per
3315 1306 3489 1360 omnia
3518 1305 3623 1360 ful-

2037 1399 2268 1469 gidiores
2291 1398 2585 1452 redduntur
2602 1439 2616 1462 ,
2642 1397 3016 1452 abundantiam
3039 1398 3249 1452 virtutis
3276 1398 3367 1451 Dei
3393 1395 3618 1451 nt-inife-

2039 1499 2175 1543 stam
2195 1489 2346 1543 nobis
2367 1490 2609 1550 omnibus
2628 1489 2838 1543 faciant.
2866 1489 2932 1541 Et
2955 1489 3006 1540 in
3019 1502 3338 1556 unoquoque
3354 1487 3617 1555 iustorum

2041 1578 2143 1633 hoc
2175 1571 2443 1642 invenies,
2473 1581 2516 1634 si
2546 1579 2772 1634 volneris
2807 1579 3054 1632 historias
3079 1577 3312 1646 singulas
3341 1577 3624 1645 diligenter

2035 1671 2480 1736 animadvertere,
2512 1670 2650 1740 quod
2699 1685 2826 1724 sane
2867 1684 3006 1722 nunc
3048 1682 3257 1736 quoque
3295 1668 3488 1719 factum
3514 1674 3617 1719 est.

2037 1761 2114 1816 Ne
2145 1761 2243 1815 hoc
2264 1761 2526 1825 attendas,
2552 1761 2691 1830 quod
2724 1776 2862 1814 nunc
2883 1759 3058 1812 statim
3091 1758 3344 1828 profugus
3373 1759 3480 1823 sit,
3524 1760 3620 1812 sed

2035 1853 2206 1923 cogita
2255 1854 2477 1923 gloriam
2516 1867 2634 1922 qum
2663 1852 2884 1922 posthac
2917 1859 3198 1921 sequetur;
3227 1859 3310 1916 (ut
3354 1850 3623 1920 quomodo

2037 1945 2292 2014 temporis
2335 1959 2585 2014 processu
2633 1944 2718 1997 hic
2759 1943 2872 2012 ipse
2917 1945 2996 1996 sic
3036 1940 3288 1996 terribilis
3325 1941 3397 1994 illi
3432 1941 3620 2004 factus,

2037 2013 2239 2088 ianta'm
2282 2049 2404 2104 erga
2449 2050 2571 2088 eum
2610 2033 2842 2088 declaret
2885 2032 3244 2087 reverentiam
3293 2049 3306 2085 :
3354 2029 3622 2100 quomodo

2037 2128 2164 2180 item
2185 2127 2238 2180 in
2267 2137 2467 2180 tantam
2489 2124 2690 2180 venerit
2717 2124 2939 2195 gloriam
2963 2132 3084 2194 post
3108 2136 3389 2188 inrumnas,
3411 2136 3543 2191 quas
3566 2121 3618 2173 in

2036 2219 2376 2274 terraaliena
2401 2217 2540 2282 tulit,
2570 2227 2628 2271 ut
2655 2216 2744 2286 qui
2769 2231 2834 2270 ex
2862 2216 2976 2284 ipso
3005 2215 3112 2268 nati
3137 2224 3284 2278 sunt,
3307 2213 3360 2266 in
3392 2214 3620 2266 immen-

2036 2326 2153 2365 sam
2179 2309 2569 2364 multitudinem
2611 2315 2970 2378 propagentur
2993 2345 3008 2371 ,
3039 2312 3094 2358 et
3121 2305 3238 2374 ejus
3265 2303 3481 2358 nomine
3510 2311 3618 2358 tota

2036 2416 2169 2472 gens
2195 2399 2595 2470 cognominetur
2614 2407 2668 2453 et
2688 2398 3017 2468 insigniatur.
3049 2395 3198 2449 Nunc
3223 2404 3400 2449 autem
3423 2394 3621 2449 docens

2038 2508 2136 2546 nos
2173 2492 2349 2545 divina
2387 2491 2661 2559 Scriptura
2710 2490 2887 2544 fratris
2920 2487 3367 2557 indignationem,
3412 2503 3516 2556 qua
3551 2486 3621 2540 ad

2038 2584 2379 2639 homicidium
2415 2583 2715 2651 spectabat,
2749 2581 2921 2650 inquit
2953 2599 2966 2633 ε
2997 2583 3085 2635 41.
3115 2578 3183 2632 Et
3204 2580 3320 2632 odio
3339 2581 3480 2649 gravi
3501 2594 3622 2648 pro-

2036 2676 2333 2747 sequebatur
2369 2675 2509 2729 Esat‘t
2548 2674 2710 2729 Jacob
2745 2683 2948 2744 promer
2972 2673 3386 2734 benedictionem,
3411 2689 3508 2742 qua
3534 2673 3620 2726 be-

2037 2772 2296 2824 nedia'erat
2337 2786 2449 2823 eum
2487 2777 2626 2838 pater
2666 2784 2808 2821 suns.
2851 2767 2918 2820 Et
2958 2775 3016 2820 ut
3055 2765 3286 2820 sciamus
3315 2780 3418 2819 non
3461 2763 3621 2819 fuisse

2037 2862 2332 2930 simplicem
2363 2858 2694 2914 subitaneam
2730 2857 2895 2922 iram,
2925 2871 3022 2926 per
3049 2855 3334 2910 dictionem
3369 2855 3520 2910 nobis
3541 2855 3621 2908 si-

2036 2951 2305 3020 gnificavit
2327 2950 2543 3004 malitia:
2569 2949 2684 3018 ejus
2710 2962 3008 3002 excessum.
3040 2945 3194 3001 Gravi
3212 2947 3329 3000 odio
3360 2961 3620 3015 proseque-

2039 3041 2204 3106 batur,
2235 3039 2362 3094 dicit
2392 3056 2405 3092 :
2433 3038 2534 3092 hoc
2553 3047 2653 3103 est,
2683 3038 2910 3093 instabat
2933 3043 2987 3091 et
3015 3036 3388 3106 perseverabat
3412 3034 3615 3097 odium,

2041 3135 2109 3186 ita
2141 3143 2194 3188 ut
2223 3140 2280 3186 et
2306 3133 2612 3186 metuentia
2643 3129 2903 3200 profundo
2942 3129 3195 3183 latentem
3232 3143 3325 3198 per
3349 3127 3506 3181 verba
3547 3127 3619 3180 si-

2036 3225 2332 3294 gnificaret.
2365 3223 2507 3276 Dixit
2527 3223 2659 3276 enim
2688 3223 2740 3276 in
2765 3223 2914 3275 corde
2931 3237 3022 3290 suo
3045 3221 3491 3291 :Appropinqucnt
3513 3219 3620 3272 dies

2039 3317 2202 3370 luctas
2247 3316 2404 3384 patris
2445 3313 2568 3378 mei,
2605 3322 2661 3366 ut
2706 3313 2932 3366 occidant
2975 3311 3138 3364 Jacob
3179 3313 3386 3380 fratrent
3431 3325 3616 3362 meum.

2037 3405 2174 3461 Vere
2198 3405 2415 3460 omnino
2445 3405 2490 3458 is
2522 3403 2612 3473 qui
2647 3403 2890 3457 irascitur
2931 3416 3037 3456 non
3082 3401 3257 3456 minus
3281 3416 3440 3470 quant
3469 3400 3501 3453 ii
3525 3399 3618 3468 qui

2007 3486 2222 3552 'furiosi
2247 3505 2390 3561 sunt,
2411 3495 2622 3550 insanit.
2652 3493 2938 3549 Considera
2960 3491 3107 3547 enim
3123 3491 3389 3562 quomodo
3408 3490 3618 3544 daemon

2039 3589 2130 3643 ille
2175 3589 2312 3642 sicut
2352 3588 2674 3641 insanientes
2718 3585 3124 3653 subingressus,
3165 3591 3341 3636 tuente
3381 3580 3620 3634 destituit

2037 3694 2170 3748 quos
2193 3680 2447 3747 corripit,
2475 3687 2531 3732 et
2555 3677 2744 3732 suadet
2768 3685 2824 3729 ut
2853 3676 3007 3743 plane
3039 3665 3308 3728 contraria
3335 3671 3526 3724 faciant
3554 3670 3618 3724 iis

2036 3784 2156 3838 quin
2193 3769 2360 3822 oculis
2404 3767 2669 3820 videntur.
2714 3766 2895 3832 Neque
2938 3764 3078 3817 enim
3124 3769 3264 3816 recte
3291 3761 3470 3813 vident
3507 3760 3616 3822 illi,

2039 3873 2213 3926 neque
2260 3855 2401 3909 aliud
2445 3853 2692 3923 quiddam
2740 3852 2987 3905 faciunt:
3023 3850 3116 3904 sed
3160 3849 3308 3918 quasi
3355 3847 3620 3902 hebetatis

2037 3951 2300 4014 sensibus,
2342 3957 2396 4004 et
2435 3946 2706 4017 judicandi
2740 3946 2789 4000 vi
2829 3945 3044 4008 amissa,
3087 3943 3286 3998 faciunt
3313 3943 3507 3996 omnia.
3542 3941 3615 3996 Ita

2037 4058 2165 4097 sane
2190 4052 2245 4097 et
2264 4041 2352 4111 qui
2382 4042 2702 4106 irascuntur,
2722 4054 2826 4093 non
2855 4045 3146 4108 agnoscunt
3174 4046 3484 4106 praesentes,
3510 4051 3618 4091 non

2037 4150 2306 4190 memores
2340 4141 2466 4188 sunt
2501 4131 2854 4202 cognationis,
2877 4145 2982 4184 non
3011 4130 3319 4195 amicitiam,
3350 4144 3460 4182 non
3481 4145 3616 4184 con-

2036 4226 2390 4289 suetudinem,
2415 4239 2521 4278 non
2547 4223 2876 4292 dignitatem,
2898 4236 3069 4289 neque
3093 4218 3378 4290 quidquam
3399 4220 3542 4274 aliud
3562 4221 3614 4274 in

2035 4327 2266 4372 mentem
2292 4315 2604 4379 admittunt,
2634 4313 2728 4367 sed
2758 4313 2848 4366 ira:
2873 4312 2920 4364 vi
2950 4313 3140 4382 pressi,
3171 4313 3222 4364 in
3255 4326 3489 4380 princeps
3515 4313 3616 4366 mi-

2033 4407 2328 4462 serabiliter
2353 4406 2609 4460 feruntur.
2657 4402 2794 4470 Quid
2824 4403 2982 4471 igitur
3011 4403 3113 4455 illis
3141 4402 3388 4456 miserius
3417 4401 3576 4455 fuerit
3599 4443 3612 4464 ,

2033 4499 2246 4567 quando
2287 4498 2412 4552 victi
2454 4505 2509 4551 et
2549 4497 2686 4563 capti
2728 4494 2795 4548 ab
2833 4493 3142 4560 :rgritud'ine
3167 4492 3326 4546 animi
3357 4492 3517 4546 etiam
3546 4493 3615 4547 ad

2035 4588 2378 4643 homicidium
2407 4587 2692 4642 festinant?
2723 4585 3007 4652 Propterea
3037 4584 3223 4636 beatus
3250 4582 3444 4635 Paulus
3469 4581 3582 4636 radi
3600 4613 3614 4623 -

2031 4695 2147 4733 cem
2177 4678 2330 4746 hujus
2357 4677 2479 4731 mali
2512 4678 2691 4731 volens
2711 4675 3006 4742 exstirpare
3027 4713 3041 4737 ,
3073 4672 3340 4736 admonet,
3373 4673 3448 4728 sic
3473 4673 3610 4726 scri-

2033 4769 2201 4824 bens:
2236 4769 2412 4822 Omnis
2440 4769 2517 4821 ira
2551 4779 2596 4820 ct
2628 4766 2909 4836 indignatio
2929 4805 2944 4832 ,
2985 4773 3032 4816 et
3073 4763 3263 4816 clamor
3298 4763 3560 4832 auferatur
3580 4779 3612 4814 tt

2031 4859 2165 4912 vobis
2186 4875 2300 4910 cum
2329 4859 2463 4910 omni
2492 4857 2683 4908 malitia
2709 4855 2921 4925 (Ep/tes.
2946 4853 2997 4908 4.
3028 4854 3139 4925 5t).
3171 4853 3284 4906 Non
3310 4853 3504 4916 solum,
3530 4852 3611 4904 iii-

2030 4949 2163 5017 quit,
2194 4948 2317 5000 nolo
2347 4961 2442 4999 vos
2475 4961 2792 4999 succensere
2834 4954 2888 4998 et
2925 4944 3204 5012 indignari,
3233 4953 3287 4996 et
3315 4940 3492 5005 irasci,
3515 4941 3610 4994 sed

2029 5053 2203 5106 neque
2221 5051 2340 5091 cum
2364 5037 2594 5089 clamore
2624 5035 2875 5103 proximis
2898 5035 3037 5103 loqui
3068 5051 3080 5086 :
3105 5033 3393 5087 clamorem
3420 5029 3506 5083 hic
3525 5029 3610 5082 di-

2029 5144 2157 5185 cens
2177 5169 2192 5194 ,
2229 5128 2316 5196 qui
2348 5125 2416 5180 ab
2454 5126 2529 5178 ira
2574 5126 2825 5178 nascitur.
2854 5123 3076 5190 Quando
3101 5122 3242 5176 enim
3271 5120 3490 5176 morbus
3522 5119 3612 5174 hic

2029 5220 2349 5275 intrinsecus
2387 5217 2645 5270 excitatur
2687 5225 2740 5270 et
2783 5229 2875 5268 cor
2915 5222 3111 5276 tumet,
3142 5226 3244 5264 non
3266 5211 3373 5279 jam
3401 5210 3528 5266 sinit
3554 5219 3615 5264 ut

2030 5313 2205 5380 lingua
2248 5308 2449 5378 placide
2491 5307 2765 5376 loquatur;
2812 5305 2906 5360 sed
2940 5303 3274 5362 all'eotionem
3305 5303 3482 5357 cordis
3509 5301 3608 5356 dc-

2031 5408 2334 5454 monstrans
2353 5437 2368 5462 ,
2400 5397 2560 5451 efficit
2583 5405 2638 5448 ut
2667 5394 2900 5448 clamose
2926 5406 3045 5445 cum
3073 5392 3314 5460 proximo
3339 5393 3606 5461 loquatur.

2032 5491 2227 5545 Volens
2257 5489 2413 5558 igitur
2437 5487 2622 5545 beatus
2652 5485 2738 5545 ille
2765 5483 2862 5538 sibi
2893 5483 3320 5555 obtemperantes
3345 5482 3395 5536 in
3425 5497 3607 5551 perpe-

2031 5591 2121 5638 tua
2141 5579 2338 5636 versari
2361 5577 2754 5648 tranquillitate,
2783 5573 2914 5628 dixit
2940 5593 2953 5627 :
2991 5574 3166 5627 Omnis
3191 5573 3271 5626 ira
3300 5574 3424 5643 (hoc
3446 5583 3547 5638 est,
3571 5590 3605 5630 a

2029 5673 2396 5743 qualicumque
2441 5685 2598 5726 causa
2641 5666 2956 5738 moveatur),
2984 5678 3030 5721 et
3053 5669 3225 5722 omnis
3251 5667 3530 5738 indignatio
3558 5677 3606 5721 et

2032 5767 2202 5830 omnis
2239 5765 2428 5823 clamor
2473 5764 2677 5825 tollatur
2710 5778 2740 5816 α
2771 5759 2903 5815 vobis
2931 5759 3158 5818 :dcitidc
3186 5759 3607 5830 radieemlmjua
