4142 6206
629 377 731 438 ιη

627 492 754 548 moli
795 489 979 546 volens
1025 483 1313 542 arefacere,
1362 487 1417 532 et
1458 471 1697 529 inutilem
1745 463 1993 527 reddere,
2035 457 2210 513 dicit:

636 585 766 641 Cum
793 581 929 636 omni
961 576 1172 630 malitia.
1212 569 1347 626 Nam
1386 566 1475 638 qui
1520 564 1601 618 sic
1641 559 1889 623 afﬁcitur,
1918 565 2130 623 semper
2159 548 2214 601 in

634 686 789 749 portu
821 672 972 728 sedet
989 687 1020 723 a
1042 663 1268 722 terrenis
1287 659 1532 716 fluctibus
1555 653 1722 718 liber;
1747 659 1804 706 et
1823 661 1993 718 neque
2016 655 2217 712 tempe-

639 737 832 823 statem
857 763 1026 824 timet,
1055 769 1227 826 neque
1251 749 1619 820 naufragium;
1662 743 1756 800 sed
1794 739 1943 811 quasi
1983 737 2038 792 in
2068 743 2217 826 tran-

638 855 902 928 quiltitate
946 824 1198 917 navigans
1218 886 1236 912 ,
1265 843 1348 899 vel
1375 843 1428 898 in
1459 837 1667 911 placido
1695 843 1850 928 portu
1883 829 2076 928 sedens
2095 869 2108 891 ,
2146 824 2220 879 ita

642 919 959 1016 prtesentem
981 939 1146 994 vitam
1169 933 1351 1002 trahit,
1378 947 1484 987 non
1508 927 1682 989 solum
1721 923 1790 979 ab
1825 919 1970 977 omni
2009 925 2221 1016 pertur-

640 1006 862 1092 batione
887 1031 1044 1095 liber,
1067 1028 1162 1084 sed
1185 1035 1240 1082 et
1263 1021 1640 1081 immortalium
1667 1026 1722 1074 et
1757 1011 2098 1072 ineffabilium
2127 1006 2221 1064 bo-

643 1139 834 1182 norum
860 1121 1063 1178 fructus
1097 1118 1196 1174 sibi
1240 1131 1337 1187 per
1372 1113 1552 1177 omnia
1576 1109 1866 1167 concilians
1897 1121 1911 1159 :
1943 1103 2032 1174 qui
2074 1099 2229 1162 nobis

645 1216 895 1274 erunibus
919 1211 1283 1269 concedantur
1302 1249 1318 1274 ,
1343 1207 1514 1278 gratia
1537 1212 1592 1260 et
1624 1196 1989 1259 misericordia
2017 1190 2229 1248 Domini

647 1307 815 1364 nostri
857 1305 984 1361 Jesu
1022 1301 1238 1367 Christi,
1268 1299 1482 1370 quicum
1509 1295 1674 1360 Patri,
1705 1301 1760 1347 et
1793 1296 1980 1347 sancto
2009 1281 2230 1355 Spiritui
2262 1311 2267 1316 ι

647 1403 716 1455 sit
741 1398 942 1470 gloria,
987 1395 1192 1457 honor,
1232 1389 1546 1462 imperium,
1587 1399 1728 1441 nime
1755 1392 1808 1439 et
1837 1392 2068 1448 semper,
2098 1375 2230 1436 etin

648 1491 846 1548 smcula
875 1486 1209 1543 saeculorum.
1240 1487 1430 1539 Amen.
1890 1490 1893 1492 ·

1220 1611 1497 1671 llOMlLIA
1537 1611 1669 1667 LIV.

799 1733 1024 1792 Rebecca
1051 1739 1216 1786 autem
1242 1736 1415 1783 vocato
1445 1727 1552 1794 ﬁlio
1572 1740 1662 1784 suo
1677 1723 1882 1793 juniore
1903 1719 2029 1773 dixit
2050 1717 2093 1771 ei

1241 1817 1393 1890 (Gen.
1417 1817 1507 1871 Ἦ.
1539 1815 1655 1885 42).

731 1935 785 1990 1.
813 1932 1004 1989 Gratim
1024 1930 1207 1984 divina
1229 1928 1496 1983 auxilium.
1531 1923 1846 1983 Conscientia
1865 1921 2113 1993 wﬁiciens
2131 1934 2241 1974 ma-

659 2022 1130 2097 gister.—Vidistis
1147 2020 1259 2076 heri
1282 2017 1546 2089 publicani
1569 2017 1709 2072 bene
1725 2014 1969 2074 aﬂ'ectutn
1981 2012 2238 2077 animum,

661 2124 718 2170 et
737 2112 946 2174 Domini
969 2110 1285 2167 ineffabilem
1299 2107 1739 2173 misericordiam,
1754 2114 1810 2163 et
1821 2103 2124 2166 Iudaeorum
2139 2109 2246 2158 stu-

663 2205 942 2278 piditatem
961 2202 1273 2262 immensam
1297 2199 1410 2272 (a)?
1435 2198 1649 2256 Vidistis
1668 2195 1936 2268 quomodo
1946 2209 2132 2256 omnes
2145 2206 2245 2252 nos

661 2295 921 2355 erudierit
944 2295 1129 2351 beatus
1148 2293 1446 2358 Matthaaus,
1466 2292 1643 2348 statim
1667 2292 1943 2356 obedicns,
1966 2297 2022 2346 et
2043 2296 2245 2344 tantam

664 2403 874 2444 morum
898 2385 1248 2442 mutationem
1271 2399 1382 2455 pra:
1407 2399 1468 2441 se
1496 2385 1673 2440 ferens
1702 2399 1717 2441 :
1745 2383 1869 2455 quia
1895 2383 1952 2437 in
1975 2379 2246 2436 voluntate

667 2491 878 2549 nostra,
903 2488 1023 2550 post
1048 2493 1332 2550 supernam
1353 2479 1600 2550 gratiam,
1627 2477 1744 2532 sita:
1767 2485 1891 2532 sunt
1915 2483 1970 2533 et
1991 2475 2245 2540 virtutes,

669 2583 728 2631 et
754 2575 919 2628 vitia:
949 2580 1008 2626 et
1031 2572 1156 2642 quia
1179 2571 1360 2626 studio
1387 2579 1570 2625 nostro
1594 2583 1876 2639 possumus
1897 2568 2013 2624 fieri
2043 2564 2250 2620 virtuti-

668 2665 772 2720 bus
797 2663 1100 2733 conspicui;
1129 2672 1183 2718 et
1208 2673 1394 2717 contra
1420 2662 1633 2718 desides
1656 2661 1804 2728 facti,
1823 2661 1873 2716 in
1896 2659 2098 2730 peccati
2123 2672 2252 2730 prat-

669 2755 908 2825 eipitium
932 2752 1166 2809 deferri?
1206 2752 1317 2808 Hoc
1355 2752 1501 2808 enim
1534 2761 1615 2809 est
1646 2767 1751 2823 quo
1775 2767 1807 2807 a
1838 2751 2007 2808 brutis
2044 2748 2249 2806 differi-

668 2865 809 2920 mus,
833 2848 952 2922 quia
982 2850 1188 2906 ratione
1207 2848 1439 2919 insigniti
1467 2862 1650 2903 sumus
1668 2862 1698 2900 a
1717 2846 1949 2916 benigno
1972 2844 2104 2910 Deo,
2123 2841 2251 2900 etin

676 2955 861 3000 natura
889 2953 1076 3013 nostra
1100 2943 1258 2999 insita
1295 2952 1376 2998 est
1410 2940 1634 2996 scientia
1661 2941 1787 2996 boni
1810 2948 1865 2996 et
1890 2939 2037 2994 mali.
2068 2934 2253 2992 Nullus

670 3055 801 3109 ergo
824 3044 1109 3107 praetexat,
1147 3050 1210 3091 se
1249 3049 1319 3088 ex
1361 3033 1654 3105 ignorantia
1684 3034 1932 3087 virtutem
1960 3030 2248 3101 negligere,

672 3129 766 3183 vel-
781 3129 906 3198 quia
936 3126 1143 3181 nullum
1166 3125 1360 3182 habeat
1388 3126 1485 3180 via:
1513 3123 1702 3180 ducem
1729 3131 1783 3178 et
1803 3129 2253 3178 commonstrato-

673 3232 810 3274 rem.
829 3216 1192 3273 Suﬂicientem
1211 3219 1353 3271 enim
1374 3216 1684 3288 magistrum
1704 3215 1961 3271 habemus
1979 3212 2255 3269 conscien-

677 3309 826 3371 tiam,
847 3315 901 3362 et
929 3306 1042 3362 fieri
1069 3321 1178 3364 non
1194 3315 1390 3376 potest,
1413 3315 1471 3362 ut
1495 3307 1615 3377 quis
1639 3306 1728 3362 illo
1749 3305 2058 3376 adiumento
2078 3302 2254 3374 prive-

680 3409 786 3453 tur.
813 3397 945 3452 Nam
975 3396 1142 3452 simul.
1159 3412 1280 3453 eum
1305 3396 1621 3454 formatione
1645 3395 1876 3451 hominis
1893 3393 2050 3450 insita
2075 3401 2155 3449 est
2177 3391 2257 3447 illi

677 3489 897 3546 scientia
917 3487 1303 3558 faciendorum,
1324 3497 1381 3544 ut
1398 3497 1603 3545 rectum
1628 3502 1784 3543 suum
1811 3485 2048 3541 animum
2073 3478 2259 3540 decla-'

676 3595 807 3636 rans
830 3580 882 3636 in
909 3580 1157 3650 praesenti
1177 3580 1304 3649 vita,
1321 3579 1472 3651 quasi
1500 3579 1554 3634 in
1580 3578 1826 3649 palaestra
1850 3575 2076 3648 quadam
2104 3562 2259 3632 exer-

683 3673 877 3729 citatus
917 3671 982 3726 ad
1021 3672 1275 3727 virtutum
1334 3670 1544 3727 labores
1571 3710 1589 3737 ,
1627 3669 1908 3740 probitatis
1943 3667 2259 3737 virtutisque

678 3765 895 3836 praemia
925 3773 1198 3835 reportet,
1240 3774 1295 3820 et
1332 3764 1480 3820 brevi
1518 3773 1758 3834 tempore
1782 3763 1836 3818 in
1863 3761 2134 3819 laboribus
2158 3761 2258 3817 de-

605 3856 615 3864 ’
675 3873 854 3922 curse,
878 3867 1161 3929 perpetuas
1179 3872 1406 3915 coronas
1433 3866 1720 3925 mereatur,
1739 3867 1897 3928 atque
1918 3856 1971 3912 in
1995 3856 2138 3912 fluxo
2157 3853 2261 3910 hoc

677 3951 874 4008 sarculo
893 3951 1142 4008 virtutem
1164 3951 1524 4020 amplexatus,
1549 3950 1764 4007 aeternis
1789 3949 1947 4006 bonis
1970 3934 2026 4004 in
2052 3947 2260 4004 infinita

680 4042 874 4096 saecula
900 4041 1123 4096 fruatur.
1165 4039 1221 4096 id
1249 4056 1379 4097 sane
1405 4042 1662 4106 scientes,
1685 4041 1893 4106 fratres,
1923 4049 2160 4100 nostram
2191 4055 2262 4096 ne

681 4130 967 4201 perdamus
988 4131 1348 4199 nobilitatem,
1383 4146 1450 4187 ne
1477 4131 1644 4187 simus
1675 4141 1794 4202 post
1821 4140 2021 4187 tantam
2057 4131 2260 4187 benefi-

681 4221 912 4278 centiam
958 4221 1170 4292 ingrati,
1212 4237 1280 4277 ne
1317 4231 1586 4278 sectemur
1630 4224 1945 4294 voluptates,
1994 4239 2117 4294 qua:
2154 4233 2262 4278 tam

685 4313 833 4370 brevi
866 4321 1108 4384 tempore
1131 4313 1352 4381 durant,
1386 4326 1695 4384 perpetuum
1725 4315 1964 4371 dolorem
1994 4314 2146 4370 nobis
2168 4328 2262 4370 ac-

681 4412 952 4460 eersentes
981 4421 996 4458 :
1027 4403 1128 4459 sed.
1170 4412 1295 4460 ante
1340 4419 1439 4459 nos
1483 4418 1697 4474 semper
1741 4405 2008 4462 intuentes
2051 4405 2262 4460 oculum

682 4495 831 4550 illum
854 4494 955 4565 qui
973 4509 1266 4565 numquam
1287 4495 1492 4565 sepitur
1509 4536 1524 4561 ,
1554 4496 1644 4566 qui
1666 4504 1721 4550 et
1746 4495 2059 4552 abscondita
2086 4494 2266 4550 cordis

686 4591 854 4656 novit,
884 4605 970 4646 res
995 4601 1207 4647 nostras
1235 4591 1304 4647 ita
1335 4593 1674 4648 instituamus
1709 4601 1765 4648 et
1799 4592 2170 4655 moderemur,
2210 4597 2265 4645 et

685 4681 877 4737 muniti
898 4681 1068 4738 annis
1081 4680 1311 4753 Spiritus
1334 4684 1470 4740 bene
1493 4683 1737 4738 affectum
1759 4683 1994 4738 animum
2013 4681 2267 4737 exhibea-

686 4786 827 4842 mus,
855 4781 916 4830 ut
938 4787 1174 4845 superno
1202 4775 1441 4832 fruentes
1467 4774 1699 4841 auxilio,
1727 4773 1936 4829 devicto
1973 4772 2130 4829 hoste
2170 4773 2265 4828 illo

683 4875 738 4921 et
763 4865 1071 4924 adversario
1108 4876 1290 4925 nostro
1309 4908 1325 4934 ,
1357 4866 1578 4937 ejusque
1605 4865 2042 4921 machinamentis
2066 4864 2267 4920 inutili.-

684 4959 786 5016 bus
825 4959 1068 5026 redditis,
1099 4961 1254 5017 bonis
1292 4961 1397 5016 illis
1435 4959 1546 5016 frui
1567 4959 1856 5024 valeamus,
1884 4971 2001 5028 qua:
2022 4956 2270 5026 promisit

687 5048 946 5105 Dominus
983 5048 1325 5119 diligentibus
1350 5062 1428 5104 se.
1463 5048 1541 5103 Ne
1565 5062 1692 5119 ergo
1719 5048 1839 5119 quis
1864 5055 2069 5116 spectet
2092 5045 2157 5101 ad
2185 5047 2265 5101 la-

687 5139 871 5196 borem
909 5140 1202 5208 virtutum,
1236 5139 1330 5195 sed
1372 5123 1574 5194 lucrum
1615 5140 1738 5195 inde
1781 5148 1987 5210 partum
2027 5138 2269 5209 cogitans

687 5240 931 5301 prompte
959 5231 1168 5287 labores
1196 5230 1468 5300 suscipiat.
1494 5230 1626 5285 Nam
1666 5231 1711 5286 si
1751 5232 1786 5286 ii
1823 5231 1913 5302 qui
1953 5231 2006 5287 in
2040 5232 2269 5287 terrenis

689 5329 970 5377 versantur
997 5323 1251 5393 negotiis,
1271 5330 1325 5379 et
1349 5321 1419 5380 ad
1443 5321 1780 5393 colligendas
1799 5338 1930 5394 opes
1959 5323 2233 5379 insaniunt
2249 5363 2264 5390 ,

749 5521 829 5584 (tt)
855 5522 940 5586 Hic
973 5529 1376 5586 commemoratur
1394 5520 1605 5586 homilla
1648 5523 1734 5574 ubi
1753 5524 1818 5574 de
1841 5523 2096 5586 publicano
2118 5526 2272 5586 pinnis

686 5583 849 5647 tento,
867 5583 932 5633 de
954 5583 1226 5647 indecorum
1249 5584 1728 5647 stupiditate,ideque
1742 5583 1945 5636 Μαι.ιῖιωὶ
1969 5583 2168 5647 apostoli
2192 5601 2271 5636 vo-

688 5644 879 5708 catione
903 5646 1139 5708 agebatur
1161 5657 1174 5694 :
1199 5655 1263 5708 an
1285 5644 1405 5698 vero
1426 5646 1532 5696 haec
1553 5644 1747 5697 honiilia
1763 5660 1826 5698 ex
1843 5644 2078 5698 editarum
2096 5661 2268 5700 nume-

688 5713 745 5752 ro
761 5705 843 5760 sit,
868 5705 1078 5754 nondum
1103 5705 1361 5768 explorare
1385 5708 1544 5773 potui;
1568 5711 1780 5772 susl‘ieor
1805 5717 1970 5758 tamen
1991 5721 2058 5759 ex
2073 5710 2266 5760 amissa-

688 5775 796 5813 rum
817 5776 1023 5816 ωιιιιριτο
1045 5779 1174 5818 esse.

1333 365 1392 422 S.
1435 358 1712 420 JOANNIS
1749 339 2230 416 CHRYSOSTOMI
2273 336 2587 394 ARCIllEP.
2625 329 3156 392 CONSTANTINOP.

3784 321 3902 378 472

2315 453 2491 524 omnia
2523 459 2764 521 prompte
2801 445 3097 513 suscipiunt
3126 437 3396 503 facienda;
3425 445 3479 491 et
3508 434 3746 524 pericula
3778 449 3901 489 ma-

2317 544 2408 606 ris,
2432 540 2726 610 naufragia,
2759 537 3046 606 piratarum
3089 528 3309 584 insidias
3350 523 3744 596 prospicientes
3786 538 3902 578 non

2318 636 2649 703 franguntur,
2671 615 2770 683 nec
2797 624 3072 695 segniores
3099 623 3250 686 fiunt,
3267 618 3508 688 quamvis
3527 616 3598 669 de
3623 617 3731 668 line
3760 613 3906 668 nihil

2319 727 2449 782 certi
2481 723 2712 778 habeant
2733 735 2749 773 :
2770 719 2979 788 qualem
3011 727 3110 768 nos
3138 708 3369 766 habituri
3398 721 3586 761 sumus
3613 704 3908 759 defensio-

2325 831 2468 881 nem,
2494 816 2538 870 εἰ
2569 828 2674 869 non
2701 811 2844 873 omni
2875 807 3056 863 studio
3082 814 3137 861 et
3159 802 3432 858 alacritate
3456 799 3806 870 accingamur
3836 795 3910 849 ad

2325 909 2576 962 virtutum
2598 902 2770 960 studia
2798 909 2852 955 et
2875 911 3096 968 agones,
3121 902 3340 964 propter
3379 901 3577 944 aeterna
3604 888 3693 942 illa
3725 887 3913 942 bona?

2327 998 2503 1066 Quare
2530 995 2602 1050 ita
2627 991 2819 1062 ingrati
2855 1001 3039 1044 sumus
3060 984 3386 1041 benefactori
3412 992 3619 1044 nostro,
3639 989 3698 1037 et
3727 992 3914 1051 neque

2329 1107 2448 1165 quae
2469 1091 2576 1155 iam
2598 1089 2792 1145 donata
2810 1095 3096 1142 suntversa
3105 1097 3222 1138 mus
3237 1079 3438 1144 animo,
3453 1089 3624 1145 neque
3641 1071 3915 1142 promissa

2329 1163 2652 1255 cogitamus;
2679 1181 2772 1237 sed
2799 1179 3040 1236 omnium
3083 1170 3462 1246 propemodum
3507 1163 3682 1230 obliti,
3707 1163 3915 1220 frustra
3962 1197 3963 1202 η

2327 1253 2456 1331 etin
2476 1284 2696 1332 vanum,
2717 1268 2869 1346 quasi
2892 1265 3146 1346 pecudes,
3166 1265 3324 1326 vitam
3347 1267 3510 1323 totam
3530 1253 3916 1322 transigimus:

2332 1354 2524 1423 animm
2549 1343 2765 1422 quidem
2795 1346 2996 1404 nullam
3020 1344 3279 1400 habentes
3306 1353 3488 1406 curam
3504 1378 3520 1403 ,
3552 1343 3802 1390 ventrem
3828 1349 3919 1386 au-

2336 1454 2444 1505 tem
2491 1443 2666 1502 solum
2702 1441 3067 1510 dirumpentes
3107 1434 3261 1499 cibis,
3291 1443 3450 1502 atque
3490 1428 3653 1484 etiam
3697 1436 3924 1496 pr0pter

2337 1535 2441 1594 hoc
2482 1533 2681 1595 misero
2722 1528 2933 1600 corpori
2973 1525 3264 1599 perniciem
3301 1529 3567 1594 parantes,
3599 1533 3663 1572 ac
3701 1525 3923 1586 propter

2337 1625 2800 1698 intemperantiam
2821 1631 2878 1678 et
2904 1618 3193 1690 ingluviem
3223 1616 3498 1670 innumera
3524 1609 3679 1665 nobis
3709 1608 3924 1679 negoti?

2339 1719 2562 1775 facimus
2584 1725 2642 1773 et
2663 1713 3004 1778 accersimus,
3026 1711 3152 1766 dum
3174 1707 3405 1762 animam
3435 1703 3572 1757 fame
3593 1701 3767 1771 perire
3788 1699 3927 1754 sini-

2340 1810 2499 1866 mus?
2535 1806 2747 1864 tametsi
2778 1801 3116 1876 prtestantior
3138 1799 3315 1854 anima
3337 1797 3403 1851 sit
3429 1807 3588 1865 quam
3609 1804 3805 1862 corpus
3823 1830 3839 1857 ,
3868 1798 3926 1843 et

2340 1903 2515 1958 ablata
2562 1900 2690 1964 illa,
2744 1898 2847 1952 hoc
2887 1903 3153 1950 mortuum
3197 1889 3544 1958 relinquatur.
3588 1884 3724 1940 Cum
3765 1882 3928 1952 igitur

2342 1998 2616 2064 oporteret
2654 1997 2710 2045 et
2746 1987 2870 2042 huic
2904 1995 3063 2055 atque
3098 1982 3177 2037 illi
3213 1994 3443 2051 congrua
3473 1987 3528 2033 et
3551 1972 3927 2031 convenientia

2345 2084 2587 2156 prtebere
2611 2081 2882 2146 alimenta,
2909 2076 3125 2132 modum
3154 2087 3325 2144 neque
3348 2071 3456 2136 hic,
3483 2084 3652 2156 neque
3685 2067 3794 2121 illic
3821 2081 3929 2120 ser-

2343 2188 2550 2243 vantes,
2583 2174 2793 2244 utrique
2818 2184 3074 2226 uocemus
3105 2185 3120 2223 :
3146 2166 3248 2221 hoc
3279 2165 3396 2234 plus
3425 2148 3580 2233 quam
3610 2167 3823 2231 oportet
3850 2172 3928 2211 sa-

2343 2268 2622 2340 ginantes,
2651 2263 2796 2322 illam
2823 2272 3004 2322 autem
3032 2259 3172 2312 fame
3201 2255 3376 2327 perire
3397 2259 3665 2328 cogentes.
3698 2249 3754 2303 ld
3784 2246 3930 2320 quod

2345 2361 2723 2416 universorum
2772 2355 3030 2410 Dominus
3085 2351 3206 2406 loco
3257 2348 3502 2403 maximae
3550 2343 3929 2416 indignationis

2347 2450 2636 2522 aliquando
2662 2447 3033 2504 interminatus
3052 2452 3138 2500 est
3157 2440 3462 2498 Iudaeorum
3484 2437 3680 2509 populo
3706 2435 3891 2491 dicens
3912 2451 3930 2489 :

2347 2541 2494 2596 Dabo
2520 2540 2655 2595 vobis
2685 2555 2784 2594 non
2809 2541 2994 2608 {alitem
3025 2533 3192 2605 panis,
3219 2548 3377 2602 neque
3399 2530 3534 2584 sitim
3553 2545 3718 2598 aqum,
3738 2527 3829 2581 sed
3849 2530 3931 2597 fa.

2349 2649 2478 2688 mem
2496 2628 2735 2685 audiendi
2765 2642 3044 2682 sermonem
3063 2622 3269 2679 Domini
3294 2622 3470 2694 (Amos
3494 2619 3546 2675 8.
3573 2616 3698 2690 il);
3728 2616 3932 2672 docens

2350 2738 2469 2786 nos.
2494 2721 2638 2776 illam
2660 2719 2874 2791 quidem
2896 2717 3090 2772 famem
3111 2729 3305 2785 corpus
3325 2711 3662 2767 macileutum
3684 2708 3931 2774 reddere,

2351 2814 2491 2869 hanc
2512 2820 2690 2868 autem
2722 2810 2953 2876 animam
2989 2817 3266 2863 attenuare
3297 2823 3310 2859 :
3342 2803 3571 2873 idipsum
3590 2841 3608 2868 ,
3637 2799 3783 2871 quod
3824 2799 3931 2854 Do-

2351 2905 2530 2962 minus
2569 2911 2696 2960 tunc
2734 2900 2978 2972 supplicii
3011 2899 3130 2955 loco
3170 2897 3277 2953 illis
3312 2894 3632 2960 minabatur,
3661 2906 3802 2947 nunc
3833 2905 3931 2946 nos

2351 3004 2542 3066 sponte
2580 2993 2732 3049 nobis
2765 2992 3114 3056 attrabimus;
3147 2989 3306 3059 idque
3333 2996 3612 3058 postquam
3641 2984 3780 3037 Deus
3811 2992 3929 3035 tan-

2354 3095 2460 3142 tam
2492 3085 2660 3141 nostri
2687 3099 2870 3141 curam
2899 3080 3228 3147 declaravit,
3257 3087 3312 3134 et
3336 3075 3700 3147 dispensavit,
3732 3082 3788 3128 ut
3809 3087 3928 3126 cum

2353 3193 2623 3234 sacrarum
2648 3175 3042 3246 Scripturarum
3064 3172 3293 3229 lectione
3313 3170 3602 3226 habeamus
3621 3176 3676 3222 et
3696 3181 3728 3221 a
3749 3165 3930 3222 docto-

2356 3271 2504 3326 ribus
2528 3269 2940 3325 admonitiones.
3764 3250 3770 3253 ’

2426 3363 2551 3420 Cum
2591 3360 2800 3419 lectione
2847 3360 3129 3431 Scriptum
3165 3355 3356 3410 monita
3391 3352 3693 3408 Doctorum.
3713 3379 3784 3391 —
3812 3349 3934 3405 Ideo

2355 3469 2452 3510 oro
2478 3463 2708 3510 vestram
2735 3451 3034 3516 caritatem,
3060 3456 3119 3504 ut
3152 3459 3378 3502 excussa
3416 3442 3625 3500 desidia
3663 3441 3931 3513 paululum

2357 3543 2798 3616 expergiscamiui
2825 3582 2842 3609 ,
2867 3551 2920 3598 et
2945 3539 3180 3597 studium
3208 3552 3366 3594 omne
3396 3537 3449 3590 in
3478 3535 3671 3588 animae
3710 3531 3932 3588 salutem

2358 3636 2707 3691 transferatis.
2749 3634 2837 3690 Sic
2877 3631 3022 3689 enim
3049 3640 3103 3686 et
3133 3645 3164 3686 a
3200 3629 3312 3684 Deo
3349 3625 3770 3683 benevolentiam
3806 3624 3932 3678 ube-

2357 3746 2473 3786 rem
2502 3727 2780 3785 attrahetis
2803 3768 2818 3794 ,
2859 3740 3064 3794 nosque
3101 3721 3386 3778 alacriores
3415 3718 3482 3774 ad
3512 3716 3813 3774 docendum
3837 3732 3931 3770 vos

2358 3823 2580 3890 erimus,
2609 3835 2743 3894 quos
2770 3819 3065 3874 videbimus
3089 3816 3313 3872 consilio
3344 3825 3530 3870 nostro
3555 3827 3761 3884 parere.
3794 3811 3932 3878 Quo-

2361 3915 2503 3970 niam
2529 3922 2584 3970 et
2609 3912 2859 3984 agricola,
2883 3909 3095 3982 quando
3115 3908 3261 3964 videt
3287 3917 3480 3963 terram
3507 3904 3802 3969 fecundam,
3830 3903 3934 3958 cul-

2360 4015 2496 4062 tura:
2538 4005 2783 4060 idoneam
2829 4002 3204 4070 fructuumque
3241 3997 3491 4060 feracem,
3520 4002 3671 4066 parat
3692 4009 3750 4049 se
3775 3995 3931 4048 etiam

2361 4098 2474 4167 ipse
2502 4105 2559 4150 ut
2584 4093 2773 4166 majori
2801 4093 2976 4148 studio
2998 4093 3140 4150 illam
3161 4091 3301 4147 colat
3323 4107 3337 4144 z
3363 4088 3552 4145 eodem
3578 4087 3734 4148 modo
3761 4095 3815 4140 et
3839 4100 3935 4139 nos

2360 4191 2406 4247 si
2435 4189 2723 4255 viderimus
2751 4197 2987 4242 vestrum
3014 4187 3068 4241 in
3096 4184 3290 4241 divinis
3319 4182 3607 4253 profectum
3626 4220 3641 4243 ,
3671 4186 3724 4232 et
3751 4192 3844 4230 vos
3872 4192 3936 4231 ea

2360 4295 2480 4351 qure
2501 4295 2532 4335 a
2559 4279 2712 4335 nobis
2739 4277 3006 4342 dicuntur,
3041 4275 3194 4330 factis
3225 4273 3465 4329 studiose
3497 4271 3737 4341 implere,
3763 4267 3933 4335 majo-

2360 4387 2475 4427 rem
2500 4369 2727 4426 docendi
2757 4368 2994 4423 laborem
3019 4365 3388 4422 exhibebimus
3419 4380 3436 4418 :
3467 4369 3651 4431 utpote
3675 4359 3931 4421 scientes,

2363 4478 2462 4519 nos
2485 4477 2588 4519 non
2615 4462 2669 4518 in
2699 4461 2863 4532 petris
2883 4458 3170 4528 seminare,
3193 4456 3287 4513 sed
3314 4456 3366 4511 in
3395 4453 3571 4526 pingui
3595 4461 3650 4508 et
3677 4449 3934 4521 profutnla

2364 4567 2528 4614 terra.

2432 4651 2486 4705 2.
2522 4647 2822 4712 Utilitatem,
2840 4662 2940 4701 non
2961 4646 3170 4716 plausus
3189 4644 3500 4711 auditorum,
3526 4641 3703 4712 quaerit
3724 4638 3934 4710 Chryso-

2364 4757 2576 4807 stomus.
2600 4744 2774 4802 Radix
2802 4744 3060 4800 homicidii
3093 4745 3376 4798 invidia.—-—
3398 4742 3476 4802 Ea
3512 4742 3656 4797 enim
3689 4741 3756 4796 de
3781 4755 3936 4796 causa

2363 4836 2604 4908 quotidie
2631 4835 2790 4891 vobis
2805 4835 3215 4900 concionamur,
3263 4843 3321 4888 ut
3362 4831 3564 4903 aliquid
3601 4831 3734 4886 lucri
3779 4829 3936 4884 facia-

2367 4928 2464 4994 tis,
2491 4937 2548 4982 et
2571 4925 2800 4982 virtutes
2820 4935 3012 4982 vestrae
3039 4935 3282 4984 crescant
3303 4964 3319 4989 ,
3348 4939 3552 4992 nosque
3580 4923 3817 4978 laetemur
3843 4937 3934 4976 ve-

2367 5027 2536 5077 strum
2575 5017 2819 5073 videntes
2847 5017 3164 5088 profectum.
3200 5015 3464 5087 Numquid
3495 5017 3640 5071 enim
3667 5025 3862 5074 temere
3888 5023 3938 5068 et

2368 5109 2422 5165 iu
2446 5123 2643 5164 vanum
2667 5107 2850 5165 dicere
2876 5108 3147 5175 vohtmus,
3171 5116 3284 5163 uta
3317 5107 3472 5162 vobis
3497 5106 3711 5161 laudum
3741 5106 3939 5158 fruetus

2369 5201 2708 5272 recipiamus,
2739 5209 2793 5256 et
2820 5210 2878 5255 ut
2903 5199 3214 5270 plaudentes
3235 5198 3482 5254 inanibus
3511 5195 3804 5251 recedatis?
3827 5194 3934 5247 Non

2370 5293 2473 5358 hoc
2500 5303 2832 5364 spectamus;
2863 5291 3046 5349 absit:
3086 5289 3181 5345 sed
3221 5297 3454 5345 vestram
3495 5287 3796 5355 utilitatem.
3827 5285 3934 5339 Μυει

2372 5389 2604 5447 maxima
2637 5389 2752 5444 laus
2777 5394 2857 5446 est
2887 5395 2941 5439 et
2967 5396 3212 5439 summus
3253 5382 3502 5454 plausus,
3533 5380 3576 5434 si
3603 5379 3722 5449 quis
3747 5393 3772 5429 a
3805 5376 3938 5430 vitiis

2372 5482 2440 5538 ad
2470 5483 2718 5538 virtutem
2759 5486 3120 5542 convertatur,
3151 5476 3200 5532 si
3221 5478 3341 5547 quis
3369 5485 3528 5531 antea
3555 5474 3736 5539 deses,
3764 5481 3935 5525 nostra

2373 5573 2743 5629 adhortatione
2761 5568 3032 5628 studiosus
3057 5570 3147 5624 fiat
3165 5589 3180 5627 :
3198 5568 3300 5625 hoc
3319 5578 3372 5623 et
3389 5565 3525 5626 mihi
3549 5564 3830 5621 maximum
3859 5561 3936 5613 af-

2375 5665 2478 5721 fert
2503 5664 2749 5720 solatium
2777 5672 2830 5718 ct
2861 5661 3091 5730 laudent,
3121 5670 3176 5721 et
3199 5660 3350 5716 vobis
3389 5659 3596 5715 lucrum
3642 5666 3696 5712 et
3735 5654 3938 5708 divitias

2377 5755 2698 5830 spiritualcs.
2732 5758 2838 5816 Sed
2865 5773 2974 5815 non
2998 5757 3227 5828 ambigo,
3257 5753 3385 5826 quin
3414 5752 3642 5810 multum
3670 5746 3820 5806 studii
3850 5762 3937 5801 er-
