4142 6206
607 343 714 404 473

610 458 813 530 πολλὴν
854 454 1181 522 ἐπιδείξεσθε
1224 454 1323 525 τὴν
1358 448 1597 523 σπουδὴν
1619 492 1634 515 ,
1667 451 1771 506 οὐκ
1815 448 2176 520 ἀμφιϐάλλωο

611 538 732 597 οἶδα
757 541 866 611 γάρ
884 541 966 593 ὅτι
1007 536 1332 592 θεοδίδακτοί
1372 538 1515 599 ἐστε,
1546 535 1833 605 δυνάμενοι
1859 535 1952 588 καὶ
1988 533 2181 611 ἀλλους

612 609 903 678 νουθετεῖν.
948 620 1046 673 Διά
1081 618 1239 671 τοῦτο
1267 616 1501 671 ἐνταῦθα
1531 619 1735 688 στήσας
1773 617 1868 686 τὴν
1902 615 2031 687 περῖ
2057 609 2181 668 τού·

611 723 707 760 του
735 700 1062 773 συμϐουλὴν,
1094 701 1191 770 τῆς
1218 699 1483 770 συνήθους
1509 700 1716 770 ἅψομαι
1749 697 2097 760 διδασκαλίας
2115 698 2182 750 ἐκ

612 789 720 842 τῶν
742 785 836 840 τοῦ
868 783 1137 854 μακαρίου
1164 783 1441 846 Μωῦσέως
1468 783 1745 855 ῥημάτων,
1772 781 1969 853 μᾶλλον
1992 779 2049 833 δέ
2072 778 2189 833 τῶν

614 867 767 939 παρά
786 866 879 920 τοῦ
905 866 1062 935 ἁγίου
1086 864 1223 918 Πνεύ
1233 883 1398 935 ματος
1418 867 1482 918 δι’
1508 864 1673 920 αὐτοῦ
1699 867 1831 936 ἡμῖν
1854 863 2181 935 εἰρημένων,

618 949 789 1021 μικρά
821 966 944 1001 τινα
970 950 1051 1011 εἰς
1071 949 1134 1000 16
1167 948 1332 1017 μέσον
1363 948 1649 1019 προσθεὶς,
1684 946 1892 1000 ἐκεῖθεν
1919 946 2046 1015 ὑμῖν
2086 945 2183 1014 σή-

619 1049 781 1102 μερον
815 1032 913 1103 τὴν
936 1033 1180 1085 ἑστίασιν
1214 1032 1625 1102 παραθήσομαι.
1664 1030 1964 1085 Ἠκούσατε
1991 1026 2182 1100 πρώην

614 1117 761 1178 ὅπως
794 1113 938 1167 κατὰ
986 1114 1088 1184 τὴν
1136 1113 1443 1185 συμϐουλὴν
1487 1114 1585 1183 τῆς
1628 1113 1921 1174 Ῥεϐέκκας
1968 1112 2183 1165 ἅπαντα

613 1197 1055 1267 διαπραξάμενος
1076 1197 1106 1249 6
1143 1195 1356 1260 Ἰακὼϐ,
1386 1195 1484 1267 τὴν
1509 1196 1661 1267 παρά
1686 1196 1780 1249 τοῦ
1805 1193 1956 1267 [524]
1979 1192 2183 1264 πατρὸς

615 1279 864 1347 εὐλογίαν
894 1279 1261 1343 ἐπεσπάσατο,
1293 1278 1393 1349 τὴν
1422 1277 1709 1350 ἐπαινετὴν
1737 1276 1951 1347 ἐκείνην
1980 1275 2189 1347 κλοπὴν

615 1361 1046 1432 ἐπιδειξάμενος,
1073 1362 1140 1415 δι’
1164 1361 1192 1414 6
1229 1361 1453 1431 καὶτῆς
1482 1361 1635 1430 παρά
1672 1359 1769 1413 τοῦ
1812 1358 1948 1413 Θεοῦ
1992 1370 2184 1428 συνερ-

615 1444 741 1512 γίας
773 1444 1073 1514 ἀπήλαυσε,
1097 1444 1193 1496 καὶ
1223 1444 1302 1505 εἰς
1328 1442 1486 1512 ἔργον
1510 1441 1732 1512 ἐξῆλθεν
1762 1440 1912 1511 αὐτῷ
1937 1440 1998 1494 16
2022 1456 2186 1492 σπου-

616 1524 910 1596 δαέόμενον
926 1542 940 1557 ο
966 1524 1080 1577 ἀλλ’
1103 1524 1288 1595 ἐπειδὴ
1313 1524 1560 1580 ἐντεῦθεν
1579 1523 1727 1594 αὐτῷ
1755 1523 1921 1587 πολὺς
1940 1525 1970 1576 6
1996 1521 2189 1592 φθόνος

617 1609 860 1662 ἐτίκτετο
899 1606 1049 1679 παρά
1080 1607 1176 1661 τοῦ
1221 1598 1426 1671 Ἥσαῦ,
1476 1607 1568 1660 καὶ
1614 1607 1751 1678 πρὸς
1792 1606 1950 1675 φόνον
2001 1603 2187 1658 λοιπὸν

620 1689 1059 1761 παρεσκευάζετο
1081 1702 1132 1730 ι’
1149 1688 1386 1742 τοιοῦτον
1414 1688 1522 1760 γὰρ
1557 1688 1709 1742 τουτὶ
1726 1687 1786 1741 16
1812 1686 2051 1757 ὀλέθριον
2078 1685 2187 1740 πά-

619 1772 737 1837 θος·
771 1773 833 1826 οὐ
864 1771 1125 1843 πρότερον
1149 1771 1382 1834 ἵσταται,
1408 1772 1601 1842 μέχρις
1623 1771 1689 1825 ἂν
1722 1770 1813 1824 16v
1836 1769 1940 1823 ὑπὸ
1966 1768 2059 1821 τοῦ
2089 1768 2190 1821 πά-

620 1854 746 1920 θους
772 1855 964 1909 ἁλόντα
990 1855 1131 1908 κατὰ
1164 1854 1424 1926 κρημνῶν
1455 1854 1735 1925 ἐνεχθῆναι
1769 1850 2184 1924 παρασκευάσῃ,

620 1936 715 1989 καὶ
747 1935 884 2006 πρὸς
923 1936 1029 2007 τὴν
1051 1935 1144 1989 τοῦ
1173 1935 1332 2005 φόνου
1371 1935 1717 2007 παρανομίαν
1752 1936 1994 2006 δραμεῖν.
2035 1932 2190 1997 Ῥίζα

620 2018 732 2090 γὰρ
758 2019 853 2073 τοῦ
886 2019 1047 2088 φόνου
1071 2021 1101 2073 6
1119 2019 1330 2089 φθόνος.
1354 2019 1512 2075 οὕτω
1537 2022 1628 2075 κα⁶ι
1660 2019 1721 2085 ἐξ
1750 2019 1927 2090 ἀρχῆς
1963 2017 2058 2072 ἐπὶ
2092 2015 2187 2071 τοῦ

620 2103 763 2157 Κάῖν
804 2103 898 2157 καὶ
933 2103 1027 2155 ἐπὶ
1077 2103 1174 2157 τοῦ
1208 2103 1375 2157 Ἅϐελ
1414 2104 1657 2173 γέγονεν.
1693 2104 1862 2158 οὐδὲν
1902 2102 2011 2174 γὰρ
2050 2101 2190 2171 ἔχων

620 2185 743 2240 οὐδὲ
806 2187 1012 2250 ἐκεῖνος
1034 2226 1051 2250 ,
1084 2187 1145 2240 οὐ
1198 2186 1428 2259 μικρὸν,
1479 2189 1541 2243 οὐ
1597 2187 1741 2257 μέγα
1789 2185 2082 2256 ἐγκαλέσαι
2110 2184 2191 2256 τῷ

619 2267 857 2339 ἀδελφῷ,
885 2269 1072 2338 ἐπειδὴ
1100 2266 1238 2323 εἶδεν
1269 2269 1658 2340 εὐδοκιμοῦντα
1689 2270 1839 2341 παρὰ
1857 2268 2192 2340 τῷΔεσπότῃ

619 2350 729 2404 τῶν
747 2350 884 2405 ὅλων
901 2349 1010 2406 ἀπὸ
1027 2351 1126 2422 τῆς
1149 2351 1521 2422 προσκομιδῆς
1537 2352 1648 2405 τῶν
1664 2351 1872 2424 δώρων,
1890 2351 1986 2406 καὶ
2004 2350 2192 2405 ἐαυτὸν

619 2433 924 2505 ἀπόϐλητον
950 2434 1313 2505 γεγενημένον
1335 2435 1425 2488 διὰ
1441 2435 1541 2505 τὴν
1562 2435 1770 2489 οἰκείαν
1798 2434 2088 2505 ρᾳθυμίαν,
2112 2434 2195 2496 εἰς

621 2516 816 2584 φθόνον
837 2516 999 2579 εὐθὺς
1019 2516 1347 2588 διηγείρετο,
1372 2517 1466 2570 καὶ
1486 2516 1584 2586 τὴν
1616 2516 1772 2586 ῥίζαν
1802 2514 1897 2568 τοῦ
1925 2516 2086 2584 φόνου
2114 2531 2197 2567 τε·

621 2597 732 2652 κῶν
752 2600 809 2651 ἐν
833 2602 899 2668 τῇ
921 2599 1147 2668 διανοίᾳ,
1167 2599 1507 2669 παραχρῆμα
1528 2598 1622 2651 καί¹
1648 2598 1739 2652 τὸν
1762 2598 1970 2669 καρπὸν
1990 2598 2195 2651 ἐκεῖνον

620 2681 711 2734 τὸν
733 2679 975 2751 ὀλέθριον
1001 2680 1332 2744 ἐπεδείξατο,
1352 2680 1447 2733 καὶ
1472 2680 1561 2732 τὸν
1584 2678 1744 2748 φόνον
1770 2682 1850 2742 εἰς
1877 2678 2037 2749 ἔργον
2058 2678 2198 2748 ἠγα-

620 2778 740 2831 γεν.
760 2761 916 2815 υῦτω
951 2761 1016 2832 δὴ
1046 2760 1141 2815 καὶ
1166 2759 1261 2814 νῦν
1289 2762 1319 2814 6
1348 2761 1520 2814 Ἡσαῦ
1553 2759 1677 2816 ἰδὼν
1714 2761 1806 2814 16v
1838 2760 2067 2830 ἀδελφὸν
2096 2758 2195 2824 16;

623 2844 876 2912 εὐλογίας
916 2844 1067 2917 παρά
1099 2843 1193 2897 τοῦ
1225 2843 1432 2917 πατρὸς
1472 2841 1788 2913 δεξάμενον,
1823 2844 1918 2899 καὶ
1970 2842 2073 2897 61:6
2099 2842 2195 2897 τοῦ

623 2926 798 2998 θυμοῦ
823 2926 919 2980 καὶ
946 2927 1045 2996 τῆς
1071 2925 1371 2996 βασκανίας
1397 2927 1477 2990 είς
1508 2925 1667 2995 φόνον
1684 2926 1713 2967 ιι
1738 2925 2060 2998 ἐξενεχθεὶς,
2077 2928 2201 2998 ἐμε-

622 3009 756 3064 λέτα
786 3010 882 3064 τοῦ
924 3009 1157 3078 ἀδελφοῦ
1200 3009 1301 3079 τὴν
1340 3009 1639 3080 ἀναίρεσιν.

706 3090 1186 3162 ’Δλλ’ή⁷θαυμασία
1200 3092 1383 3162 μήτηρ
1410 3092 1569 3145 τοῦτο
1584 3091 1901 3164 αἰσθομένη,
1920 3091 2084 3149 πάλιν
2101 3092 2200 3164 τὴν

627 3174 901 3244 μητρικὴν
914 3173 1296 3245 φιλοστοργίαν
1309 3190 1376 3227 πε
1384 3174 1436 3244 ρὶ
1445 3174 1535 3229 τὸν
1550 3176 1714 3229 παῖδα
1725 3176 2088 3231 ἐπιδείκνυται
2103 3178 2201 3231 καὶ

625 3273 693 3309 συ
697 3254 935 3326 μϐουλὴν
951 3256 1159 3323 εἰσάγει
1169 3256 1268 3326 τὴν
1280 3255 1585 3327 δυναμένην
1599 3257 1762 3312 αὐτὸν
1777 3257 2081 3328 ἐξαρπάσαι
2091 3259 2200 3315 τῶν

623 3335 717 3389 τοῦ
733 3335 962 3405 ἀδελφοῦ
975 3334 1193 3405 χειρῶν.
1204 3335 1531 3389 Καλέσασα
1541 3335 1830 3407 γάρ,φησί,
1843 3336 1951 3391 τὸν
1961 3338 2202 3394 υίόναύι

623 3414 737 3483 τῆς
753 3414 858 3468 τὸν
872 3414 1181 3482 νεώτερον,
1197 3409 1368 3469 εἴπεν
1379 3408 1559 3477 αὐτῷ’
1594 3414 1750 3470 Ἰδοὺ
1772 3415 1955 3471 Ἠσαῦ
1971 3417 2004 3470 ὁ
2024 3415 2201 3472 ἀδελ-

623 3495 741 3564 φός
762 3509 879 3548 σου
902 3493 1249 3548 ἀπειλεῒσοι
1268 3493 1619 3548 ἀποκτεῖναί
1636 3509 1730 3548 σε.
1740 3491 1867 3547 Νῦν
1883 3489 1999 3549 οὖν
2017 3495 2201 3552 ἄκουεν

625 3577 744 3630 σόν
765 3593 885 3646 μου
910 3575 1024 3643 τῆς
1053 3573 1279 3644 φωνῆς.
1306 3575 1373 3628 Ἦ
1394 3575 1559 3646 πεῖρά
1584 3592 1643 3628 σε
1671 3576 1986 3641 διδασκέτω,
2015 3579 2198 3650 φησὶν,

623 3658 707 3711 ὅτι
728 3658 795 3712 τὰ
821 3657 1071 3726 λυσιτελῆ
1090 3674 1171 3711 σοι
1193 3657 1563 3728 συμϐουλεύω,
1587 3658 1679 3712 καὶ
1707 3659 1955 3732 καθάπερ
1974 3661 2077 3732 ῆδη
2100 3662 2203 3733 τῆς

625 3741 765 3813 ἐμῆς
793 3740 977 3809 φωνῆς
1016 3740 1278 3805 ἀκούσας,
1308 3740 1409 3799 τὰς
1436 3740 1677 3810 μεγάλας
1706 3743 1922 3806 ἐκείνας
1954 3744 2202 3813 εὐλογίας

625 3824 920 3877 ἐπεσπάσω
942 3822 1091 3895 παρὰ
1112 3822 1204 3876 τοῦ
1227 3823 1454 3895 πατρὸς,
1481 3822 1624 3878 οὔτω
1647 3825 1713 3896 δὴ
1742 3826 1836 3880 καὶ
1855 3824 1950 3880 νῦν
1970 3826 2202 3886 ἄκουσόν

628 3918 731 3972 μου
768 3901 867 3970 τῆς
894 3903 1099 3972 φωνῆς,
1124 3902 1211 3956 ἴνα
1242 3900 1527 3971 διαφυγεῖν
1551 3903 1788 3976 δυνηθῇς
1828 3905 1925 3959 τοῦ
1968 3905 2200 3977 ἀδελφοῦ

624 3980 724 4044 τὰς
749 3981 956 4051 χεῖρας.
989 3979 1144 4033 Οὕτω
1169 3978 1278 4050 γάρ
1318 3981 1508 4035 ἐαυτὸν
1535 3981 1920 4054 ἐλευθερώσεις
1947 3984 2057 4037 τῶν
2089 4002 2204 4040 κιν-

625 4056 819 4120 δύνων,
850 4057 994 4127 κάμὲ
1018 4056 1113 4110 τοῦ
1138 4055 1383 4120 πένθους.
1407 4059 1566 4122 Εἰκὸς
1589 4060 1698 4132 γὰρ
1724 4062 1951 4124 ἐκεῖνον,
1975 4064 2024 4115 εἰ
2048 4062 2203 4118 τοῦτο

626 4134 940 4212 τολμήσειε,
975 4133 1128 4212 δίκην
1157 4134 1556 4206 ἀπαιτηθῆναι,
1584 4138 1677 4189 καὶ
1710 4138 2046 4210 πανταχόθεν
2077 4141 2203 4212 ἐμοὶ

626 4213 730 4282 τῆς
771 4211 964 4283 ὀδύνης
1002 4210 1101 4283 τὴν
1133 4211 1383 4266 ἐπίτασιν
1436 4213 1718 4278 αὔξεσθαι.
1755 4218 2061 4272 ’Ἄκουσον
2089 4210 2202 4275 οὖν

622 4308 742 4360 μου
777 4288 889 4359 τῆς
914 4288 1139 4359 φωνῆς,
1165 4290 1264 4343 καὶ
1289 4290 1561 4357 ἀναστὰς
1600 4293 1890 4362 ἀπόδραθι
1918 4296 2068 4363 πρὸς
2094 4297 2204 4351 τὸν

626 4367 892 4437 ἀδελφόν
907 4384 1026 4437 μου
1049 4369 1254 4423 Λάϐαν
1279 4372 1366 4437 είς
1388 4370 1645 4440 Χαρρὰν,
1664 4372 1763 4426 καί
1796 4373 2054 4442 οἵκησον
2071 4378 2200 4445 μετ’

627 4450 814 4503 αὐτοῦ
857 4449 1080 4520 ἡμέρας
1129 4450 1331 4518 τινὰς,
1374 4452 1486 4519 ἕως
1535 4454 1642 4510 τοῦ
1683 4455 2061 4525 ἀποστρέψαι
2094 4457 2203 4512 τόν

628 4526 817 4594 θυμὸν
839 4529 936 4581 καὶ
968 4528 1083 4597 τὴν
1115 4529 1303 4597 ὀργὴν
1329 4530 1436 4585 τοῦ
1467 4530 1737 4600 ἀδελφοῦ
1765 4549 1882 4586 σου
1914 4534 2033 4589 ἀπὸ
2060 4536 2198 4600 σοῦ,

627 4605 726 4657 καί
753 4605 1099 4673 ἐπιλάθηται
1130 4606 1169 4660 d
1200 4607 1531 4675 πεποίηκας
1561 4607 1752 4674 αὐτῷ’
1784 4608 1883 4663 καὶ
1924 4611 2204 4666 ἁποστείο

627 4688 791 4737 ,ίασα
835 4683 1294 4755 μεταπέμψομαι
1341 4700 1415 4740 σε
1464 4687 1726 4750 ἐκεῖθεν,
1774 4687 2010 4758 μήποτε
2066 4691 2203 4745 ἁτε-

628 4759 834 4814 κνωθῶ
869 4761 938 4814 ἐκ
970 4761 1090 4816 τῶν
1116 4763 1227 4818 δύο
1259 4763 1426 4834 ὑμῶν
1475 4766 1546 4819 ἐν
1586 4766 1776 4836 ἡμέρᾳ
1820 4764 1944 4836 μιᾷ.
1987 4770 2200 4836 Ἄπιθι,

629 4838 784 4909 φησὶ,
814 4838 962 4905 πρὸς
1002 4841 1111 4895 τὸν
1156 4843 1426 4914 ἀδελφόν
1462 4862 1583 4914 μου
1612 4844 1819 4900 Λάσαν
1841 4887 1856 4913 ,
1907 4846 2008 4901 καί
2051 4850 2203 4905 οτκει

626 4916 755 4972 ἐκεῖ
769 4920 897 4986 μετ’
919 4920 1124 4973 αὐτοῦ.
1143 4922 1305 4986 Εἰκὸς
1324 4922 1436 4995 γὰρ
1461 4924 1556 4978 καὶ
1580 4923 1681 4979 τὸν
1695 4924 1973 4996 χωρισμὸν
1995 4928 2204 4985 καὶτὸν

627 4998 687 5078 ἐν
721 4997 870 5078 μέσῳ
908 4998 1097 5078 χρόνον
1132 4999 1347 5075 ἰσχῦσαί
1373 5020 1427 5056 τι
1457 5003 1637 5068 πλέον,
1672 5005 1768 5058 καὶ
1801 5006 2206 5078 παραμυθήσα-

631 5075 767 5158 σθαι
782 5076 843 5131 τὸ
868 5076 1059 5158 πάθος,
1073 5079 1168 5158 καὶ
1185 5077 1283 5150 τὴν
1304 5078 1602 5158 βασκανίαν
1622 5075 1897 5153 λωφῆσαι,
1920 5084 2016 5138 καὶ
2033 5075 2203 5158 λήθην

631 5154 779 5238 αὐτῷ
809 5155 1059 5238 γενέσθαι
1086 5155 1195 5238 τῶν
1226 5157 1335 5238 61:6
1384 5157 1477 5238 σοῦ
1512 5160 1898 5238 γεγενημένων
1943 5154 2203 5238 περίτῆν

630 5233 728 5302 τῆς
771 5233 1022 5313 εὐλογίας
1072 5233 1298 5313 κλοπήν.
1324 5234 1456 5313 Kal
1498 5235 1883 5304 ἐπιλάθηται,
1926 5233 2112 5313 φησὶν,
2160 5233 2204 5298 ll

635 5312 967 5378 πεποίηκας
991 5311 1172 5378 αὐτῷ.
1202 5312 1464 5377 Εἰκότως,
1516 5315 1701 5385 φησὶν,
1736 5311 2046 5388 ὀργίζεται·
2082 5322 2149 5374 δι’
2174 5321 2204 5375 6

635 5390 899 5459 προσήκει
928 5391 1171 5444 ἐκκλῖναι
1221 5392 1382 5446 αὐτοῦ
1414 5391 1513 5463 τὴν
1554 5393 1753 5464 ὁρμὴν,
1779 5395 1927 5458 ὅπως
1965 5396 2073 5450 61:6
2109 5397 2202 5451 τοῦ

631 5467 822 5544 χρόνου
872 5469 1041 5540 λήθης
1082 5470 1443 5540 ἐγγενομένης
1484 5471 1666 5541 αὐτῷ,
1717 5472 1857 5541 μετὰ
1902 5475 2204 5544 ἀσφαλείας

630 5542 815 5601 λοιπὸν
841 5547 1074 5619 δυνηθῇς
1100 5548 1198 5617 τὴν
1228 5549 1458 5603 ἐνταῦθα
1481 5548 1694 5620 οἴκησιν
1720 5542 2067 5622 ποιήσασθαι.
2094 5555 2198 5608 Καὶ

696 5632 723 5660 ⁸
750 5632 865 5701 Ροξί
882 5634 1259 5701 παρεσκευάζετο
1276 5635 1403 5684 male
1420 5635 1580 5701 jn_ed.
1608 5636 2092 5701 1ες,ὁάδελφρς.ῳιιε
2108 5654 2200 5690 vox

631 5688 689 5772 13
692 5692 936 5772 291132161131
945 5688 1072 5772 ρεἢιξε
1095 5688 1207 5772 [ηεξ.
1229 5695 1394 5772 θροεῖζ
1420 5696 1543 5772 Infra
1563 5688 1797 5772 pqs’i'lllmc
1817 5688 1980 5772 τὲςίιιέ,
1997 5688 2098 5772 ῥίζα

631 5751 722 5823 τοῦ
746 5751 1142 5823 φόνρυρφθόχος,
1175 5757 1354 5823 ίηιιξζι).
1373 5751 1779 5823 ΔΙειξςίεειιξἤθει-ω’
1796 5751 2076 5823 καί-καρπὸς
2115 5751 2200 5810 τοῦ

634 5811 1013 5883 φθόνουόφόγδοξ.
1037 5811 1139 5883 Ngo"
1157 5828 1249 5864 suo
1269 5811 1419 5865 Μαι-ιε
1434 5811 1524 5866 ίιιε
1545 5818 1811 5868 inseruisse
1827 5811 2136 5883 videtixrinil.,
2149 5828 2203 5872 et

633 5877 745 5920 sum
768 5882 884 5931 vere
905 5871 1045 5930 digna
1067 5872 1232 5931 Chrys.

693 5932 724 5974 ιι
744 5930 891 5983 Savil.
915 5936 967 5980 ct
988 5930 1203 5993 quinque
1244 5947 1357 5983 mss.
1380 5934 1557 5997 φθόνον.

1329 338 1388 395 s.
1427 335 1710 395 JOANNlS
1744 294 2226 391 ειιιιγεοετοκι
2260 329 2574 389 mcum.
2610 327 3150 390 CONSTANTINOP.

3760 327 3893 387 874

2291 447 2377 500 ἵνα
2412 448 2486 521 μὴ
2519 448 2673 521 [525]
2707 450 3010 522 δυσχεράνῃ
3052 451 3081 504 6
3121 448 3250 512 παῖς
3286 446 3381 500 ἐπὶ
3421 446 3525 519 τὴν
3572 446 3893 517 ἀλλοτρίαν

2284 525 2504 581 ἀπιέναι
2547 528 3093 599 καταναγκαζόμενος
3112 567 3127 592 ,
3162 528 3265 599 ὅρα
3295 525 3415 592 πῶς
3451 526 3881 597 παραμυθεῖται

2284 606 2379 679 τοῦ
2425 607 2546 661 νέου
2594 608 2693 679 τὴν
2732 607 2928 679 ψυχὴν.
2965 605 3312 678 πρῶτονμὲν
3354 603 3617 658 εἰποῦσα·
3660 606 3882 657 ’Δπιθι

2287 678 2435 752 πρὸς
2462 684 2663 739 Λάϐαν
2684 680 2792 741 τὸν
2815 685 3083 755 ἀδελφόν
3099 702 3238 754 μου.
3277 682 3369 753 Μὴ
3401 680 3510 752 γὰρ
3545 680 3684 752 1:96;
3714 681 3885 745 ξένον

2285 762 2437 824 τινὰ.»
2458 765 2613 835 φησὶ,
2642 766 2952 834 κατεπείγει)
2981 782 3039 817 σε
3062 763 3351 829 ἀπελθεῖν;
3376 761 3532 830 Πρὸς
3554 760 3664 814 τὸν
3686 759 3897 814 ἀδελ-ν

2287 841 2408 910 φὸν
2434 842 2539 896 τὸν
2563 843 2727 911 ἐμὸν,
2762 840 2861 896 καὶ
2881 843 3030 898 οικει
3052 843 3179 912 μετ’
3209 839 3396 894 αὐτοῦ
3424 839 3650 907 ἡμέρας
3669 836 3895 900 τινάς»

2289 921 2522 992 Βραχὺν,
2558 924 2713 993 φησὶ,
2744 924 2955 995 χρόνον,
2979 922 3163 991 ὀλίγας
3194 921 3427 991 ἡμέρας,
3458 919 3564 982 ἕως
3593 916 3688 970 τοῦ
3723 916 3885 970 παῦ-ο

2292 1000 2489 1081 σασθαι
2511 1001 2609 1072 τὴν
2633 1002 2823 1081 ὀργήν.
2842 1000 2974 1081 γ-Νῦν
3010 1000 3119 1081 γὰρ
3159 999 3256 1081 καὶ
3285 996 3523 1081 ἀζιξᾲξει
3550 995 3880 1081 a616,)":-

2291 1079 2396 1142 σὶν,
2413 1081 2442 1132 ὀ
2469 1078 2658 1150 θυμὸς,
2688 1075 2783 1134 καὶ
2806 1079 2930 1134 οὐτε
2960 1079 3056 1133 τοῦ
3079 1077 3283 1150 πατρὸς
3306 1075 3441 1129 αίδώ
3458 1092 3580 1129 τινα
3602 1075 3877 1150 ποιεῖται,

2289 1147 2551 1221 καθάπαξ
2574 1157 3002 1229 τυραννούμενος
3048 1149 3156 1209 ὑπὸ
3191 1147 3290 1209 τοῦ
3332 1153 3558 1218 πάθους,
3596 1147 3723 1205 οὔτε
3767 1150 3879 1229 τῂν

2290 1234 2578 1309 ἀδελφικὴν
2619 1224 2857 1310 στοργῆν
2898 1240 2956 1291 ἐν
3004 1232 3214 1307 διανοίᾳ
3257 1234 3558 1305 λαμϐάνει,
3596 1230 3715 1287 ἀλλ’
3749 1224 3880 1310 ἐνδς

2295 1315 2454 1386 μόνου
2490 1312 2731 1385 γίνεται,
2770 1316 2863 1370 τοῦ
2916 1311 3007 1370 16v
3066 1312 3235 1386 θυμὸν
3279 1310 3702 1386 ἀποπληρῶσαι.
3756 1309 3881 1364 Καὶ

2291 1392 2706 1452 ἀποστείλασα
2747 1393 3209 1466 μεταπέμψομαί
3250 1408 3323 1449 σε
3368 1393 3623 1462 ταχέως,
3669 1390 3877 1461 φησὶν,

2291 1473 2534 1531 ἐκεῖθεν.
2555 1471 2621 1529 Σὲ
2638 1473 2907 1540 ἐπανάξω.
2934 1474 3121 1528 Ἀπιθι
3142 1473 3319 1529 τοίνυν
3344 1471 3877 1545 θαρῤῶν,ὅτι⁹Απο-

2292 1553 2588 1607 στείλασα
2610 1553 3068 1623 μεταπέμψομαι
3094 1566 3169 1607 σε
3182 1567 3197 1583 ·
3241 1552 3370 1622 περὶ
3401 1551 3511 1623 γὰρ
3542 1548 3637 1603 τοῦ
3668 1547 3880 1610 παντός

2294 1630 2412 1684 ἐστί
2440 1648 2530 1702 μοι
2561 1634 2591 1686 6
2621 1631 2799 1700 ἀγὼν,
2831 1633 2924 1686 καὶ
2964 1632 3094 1703 περὶ
3128 1630 3454 1701 ἀμφοτέρων
3491 1627 3728 1689 δέδοικα,
3767 1628 3879 1697 μή-

2295 1726 2427 1762 ποτε
2454 1711 2811 1783 άποστερηθῶ
2843 1711 3190 1781 ἀμφοτέρων.
3210 1710 3352 1779 Ὅρα
3384 1707 3598 1762 σύνεσιν
3629 1704 3874 1777 μητρός·

2295 1788 2412 1851 πῶς
2439 1787 2648 1843 οἴκοθεν
2674 1790 2987 1860 κινουμένη,
3007 1788 3207 1859 μᾶλλον
3230 1787 3287 1840 δέ
3318 1789 3384 1857 τῇ
3414 1784 3510 1840 τοῦ
3543 1784 3679 1839 θεοῦ
3705 1786 3879 1855 προρ-

2297 1869 2454 1939 ρήσει
2480 1868 2572 1921 καὶ
2600 1868 2695 1922 νῦν
2717 1866 3156 1938 ὐπηρετουμένη,
3189 1867 3372 1920 ἐκεῖνα
3405 1862 3761 1935 συμϐουλεύει
3793 1862 3877 1933 τῷ

2297 1944 2467 2007 παιδὶ,
2493 1943 2637 2016 άπερ
2670 1945 2699 1998 ὀ
2732 1942 2967 2014 Χριστὸς
3008 1941 3239 2013 παρῄνει
3270 1944 3383 2005 τοῖς
3414 1940 3698 2011 μαθηταῖς,
3732 1957 3879 2009 συμ-

2297 2021 2568 2076 ϐουλεύων
2602 2022 2675 2093 μὴ
2717 2021 2881 2093 ὁμόσε
2922 2024 3123 2092 χωρεῖν
3150 2022 3261 2083 τοῖς
3299 2020 3585 2085 κινδύνοις,
3615 2018 3757 2073 ἀλλά
3786 2017 3883 2072 διά

2282 2099 2399 2169 τῆς
2447 2100 2848 2171 ἀναχωρήσεως
2897 2097 3338 2171 παραμυθεῖσθαι
3372 2098 3467 2151 τοῦ
3519 2096 3728 2162 πάθους
3772 2097 3887 2168 τὴν

2302 2177 2522 2248 μανίαν.
2577 2177 2750 2231 Τοῦτο
2807 2177 2990 2231 τοίνυν
3038 2177 3133 2232 καὶ
3185 2176 3322 2246 αῦτη
3376 2176 3743 2247 εἰσηγουμένη
3793 2172 3889 2244 τῷέ

2300 2257 2473 2320 παιδὶ,
2505 2253 2770 2330 πρότερον
2798 2258 2946 2327 αὐτῷ
2976 2258 3423 2329 συμϐουλεύσασα
3449 2258 3546 2312 καὶ
3586 2257 3881 2328 παραθαρ-

2301 2335 2508 2407 ῥύνασα
2551 2336 2717 2392 αὐτοῦ
2763 2337 2854 2391 16v
2900 2337 3192 2408 λογισμὸν,
3223 2337 3363 2391 ὥστε
3419 2337 3496 2409 μὴ
3543 2337 3877 2407 δυσχερᾶναι

2301 2416 2437 2488 πρὸς
2463 2416 2555 2470 16v
2582 2416 2883 2488 χωρισμὸν,
2904 2417 3026 2469 τότε
3050 2416 3234 2471 λοιπὸν
3256 2417 3357 2471 καῖ’
3380 2416 3632 2488 ἀφορμὴν
3653 2414 3883 2483 εὔλογον.

2300 2497 2367 2565 τῇ
2391 2493 2671 2564 ἀποδημίᾳ
2697 2494 3004 2566 περιθεῖναι
3028 2494 3294 2565 βούλεται,
3315 2495 3453 2548 ὥστε
3482 2495 3557 2566 μὴ
3582 2493 3876 2564 προφανῶς

2301 2571 2450 2638 δόξαι
2491 2571 2578 2625 διὰ
2627 2571 2725 2642 τὴν
2771 2571 2865 2625 τοῦ
2902 2572 3133 2642 ἀδελφοῦ
3185 2571 3481 2642 βασκανίαν
3534 2574 3837 2643 ἀναχωρεῖν
3854 2613 3885 2638 ,.

2306 2649 2443 2720 μηδὲ
2485 2649 2579 2703 16v
2618 2650 2831 2720 πατέρα
2874 2651 3076 2719 γνῶναι
3103 2652 3201 2723 τὴν
3228 2652 3401 2722 ἀληθῆ
3429 2651 3529 2721 τῆς
3567 2650 3875 2722 ἀποδημίας

2303 2729 2501 2795 αἰτίαν,
2529 2734 2667 2802 μήτε
2690 2732 2785 2785 τοῦ
2815 2732 2987 2787 Ἦσαῦ
3012 2734 3111 2805 τῆν
3130 2733 3269 2787 κο.τά
3290 2732 3454 2788 αὐτοῦ
3482 2733 3875 2803 ἀγανάκτησιν.

2303 2815 2414 2869 Καὶ
2456 2815 2841 2880 εἰσελθοῦσα,
2883 2817 3047 2887 φησὶ,
3093 2815 3243 2884 πρὸς
3277 2816 3385 2870 τὸν
3432 2816 3637 2871 Ἰσαὰκ
3677 2815 3717 2883 ἡ
3760 2817 3874 2870 Ῥε-

2305 2896 2487 2951 ϐέκκα
2508 2892 2639 2951 εἷπε
2655 2912 2671 2927 °
2705 2896 3102 2966 Προσώχθισα
3125 2896 3199 2967 τῇ
3233 2898 3347 2966 ζωῇ
3368 2917 3489 2968 μου
3520 2898 3619 2954 διὰ
3643 2899 3750 2965 τὰς
3775 2902 3882 2954 θυ-

2304 2981 2557 3051 γατέρας
2603 2979 2723 3035 τῶν
2752 2980 2900 3036 υἱῶν
2939 2981 3073 3035 Χέτ.
3123 2984 3193 3036 El
3220 2981 3480 3050 λήψεται
3519 2981 3730 3037 Ἰακὼὸ
3771 3001 3877 3052 γυ-

2305 3058 2487 3115 ναῖκα
2503 3058 2623 3115 ἀπὸ
2648 3058 2765 3113 τῶν
2795 3060 3131 3130 θυγατέρων
3158 3057 3266 3127 τῆς
3291 3058 3401 3130 γῆς
3429 3062 3669 3129 ταύτης,
3698 3062 3797 3116 ἵνα
3817 3060 3881 3115 τί

2304 3156 2409 3209 μοι
2446 3139 2511 3194 τὸ
2546 3136 2654 3207 ζῇν
2665 3154 2686 3203 ;
3174 3186 3175 3189 η

2375 3250 2446 3313 γ’.
2478 3242 2679 3297 Σκόπει
2707 3242 2823 3304 πῶς
2847 3241 3202 3313 εὐπρόσωπον
3247 3236 3374 3316 εἶρε
3397 3243 3877 3315 πρόφασιν.”οταν

2307 3322 2417 3394 γὰρ
2441 3323 2575 3393 ἡμῖν
2602 3325 2636 3392 η
2658 3319 2863 3376 ἄνωθεν
2888 3321 3212 3394 συμπράττη
3228 3323 3398 3389 δεξιά,
3427 3323 3521 3377 καὶ
3548 3322 3619 3375 τά
3644 3322 3880 3394 δυσχερῆ,

2309 3403 2505 3459 εῦκολα
2534 3403 2761 3473 γίνεται,
2802 3403 2894 3457 καὶ
2910 3404 2976 3457 16
3016 3402 3247 3457 δύσκολα
3278 3405 3454 3476 ῥᾴδια.
3495 3406 3645 3458 Ἐπεὶ
3674 3403 3764 3460 οῦν
3780 3407 3873 3460 καὶ

2307 3483 2446 3556 αῦτη
2479 3480 2592 3554 εἶχε
2620 3483 2712 3537 16v
2738 3483 2847 3536 τῶν
2877 3481 3014 3535 ὅλων
3050 3481 3182 3535 Θεὸν
3216 3482 3568 3537 συναινοῦντα
3604 3485 3770 3552 αὐτῆς
3802 3487 3866 3555 τῇ

2308 3567 2500 3638 γνώμῃ
2519 3609 2534 3632 ,
2565 3566 2743 3620 πάντα
2773 3563 2844 3617 16
2879 3564 3151 3634 δυνάμενα
3181 3566 3450 3619 συντελεῖν
3490 3569 3556 3638 τῇ
3596 3569 3869 3640 οἰκονομία

2307 3649 2374 3718 τῇ
2411 3643 2696 3717 μελλούσῃ,
2734 3644 2830 3697 καλ⁵
2860 3641 2955 3696 τοῦ
2985 3643 3173 3707 παιδὸς
3211 3647 3276 3716 τῇ
3311 3644 3573 3715 σωτηρίᾳ,
3608 3646 3868 3700 ὑπέϐαλεν

2310 3725 2480 3795 αὐτῆς
2511 3726 2578 3795 τῇ
2616 3722 2845 3791 διανοίᾳ.
2880 3721 3290 3791 Προσώχθισα,
3325 3723 3509 3793 φησὶν,
3542 3722 3616 3792 τῇ
3642 3723 3750 3793 ζωῇ
3773 3724 3873 3779 διὰ

2309 3803 2415 3870 τὰς
2447 3800 2774 3872 θυγατέρας
2797 3800 2916 3854 τῶν
2953 3800 3098 3855 υἱῶν
3115 3800 3246 3855 Χέτ.
3275 3803 3343 3855 El
3382 3803 3640 3871 λήψεται
3676 3804 3869 3859 Ἰακὼό

2309 3881 2570 3952 γυναῖκα
2600 3880 2720 3934 ἀπὸ
2747 3878 2865 3933 τῶν
2890 3879 3226 3949 θυγατέρων
3246 3880 3355 3948 τῆς
3381 3879 3491 3948 γῆς
3515 3884 3751 3950 ταύτης.
3771 3885 3875 3938 ἵνα

2308 3962 2370 4015 τί
2393 3977 2498 4030 μοι
2521 3958 2586 4012 τὸ
2617 3957 2758 4027 ζῇν;
2798 3956 3061 4011 Ἐνταῦθα
3099 3957 3430 4013 αἰνίττεσθαί
3468 3977 3557 4029 μοι
3598 3960 3742 4014 δοκεῖ
3765 3962 3867 4015 τῶν

2309 4044 2585 4116 γυναικῶν
2626 4043 2720 4098 τοῦ
2763 4042 2932 4096 Ἦσαῦ
2965 4044 3025 4097 16
3067 4043 3397 4117 δύστροπον,
3438 4048 3533 4101 καὶ
3559 4049 3643 4101 δτι
3677 4049 3866 4120 πολλῆς

2310 4125 2504 4195 ἀηδίας
2532 4123 2717 4186 αὐτοῖς
2748 4121 3009 4186 ὑπόθεσις
3037 4123 3310 4192 γεγόνασι.
3343 4127 3452 4179 Καὶ
3485 4126 3591 4198 γὰρ
3619 4129 3868 4197 ἀνωτέρω

2310 4203 2606 4274 διηγήσατο
2633 4202 2764 4274 ἡμῖν
2796 4202 2830 4272 ἠ
2876 4201 2999 4256 θεία
3029 4201 3242 4274 Γραφὴ,
3278 4205 3359 4259 ὅτι
3396 4204 3584 4259 ἔλαϐεν
3622 4208 3726 4261 ἀπὸ
3761 4209 3865 4263 τῶν

2309 4290 2589 4345 Χετταίων
2626 4288 2721 4343 καὶ
2753 4288 2859 4342 61:6
2900 4289 3010 4343 τῶν
3049 4290 3264 4345 Εὐαίων
3303 4295 3566 4361 γυναῖκας
3609 4296 3638 4349 6
3682 4295 3864 4364 Ἡσαῦ,

2309 4368 2421 4423 Καὶ
2449 4365 2610 4439 ἦσαν
2636 4366 2935 4436 ἐρίζουσαι
2969 4367 3049 4433 τῷ
3093 4368 3301 4424 Ἰσαὰκ
3340 4371 3437 4424 καὶ
3475 4371 3553 4440 τῇ
3586 4373 3861 4444 Ῥεϐἐκκςι.

2311 4447 2481 4502 Τοῦτο
2524 4444 2617 4500 οὖν
2644 4447 2776 4501 αὐτὸ
2807 4446 3115 4519 ὑπομνῆσαι
3145 4449 3305 4503 αὐτὸν
3334 4449 3649 4524 βουλομένη,
3689 4473 3863 4525 μονον-

2310 4527 2429 4597 ουχὶ
2471 4526 2659 4605 ταῦτά
2690 4542 2821 4596 φησι
2868 4527 3006 4597 1:96;
3049 4527 3246 4581 αὐτόν·
3272 4525 3431 4591 Οἶδας
3457 4531 3605 4596 ὅπως
3646 4550 3730 4602 μοι
3768 4536 3862 4605 τὴν

2311 4606 2458 4678 ζωὴν
2504 4604 2706 4676 πικρὰν
2744 4606 3108 4674 πεποιήκασιν
3157 4606 3214 4658 αἱ
3260 4609 3498 4677 γαμεταὶ
3534 4610 3628 4663 τοῦ
3672 4612 3859 4677 Ἠσαῦ,

2311 4684 2405 4738 καὶ
2454 4684 2601 4746 ὅπως
2639 4681 2728 4737 διὰ
2769 4683 2869 4753 τὴν
2921 4683 3124 4736 τούτων
3160 4685 3457 4755 μοχθηρίαν
3510 4686 3691 4741 λοιπὸν
3737 4691 3863 4760 πρὸς

2310 4762 2491 4825 πάσας
2528 4760 2780 4832 ἀπεχθῶς
2820 4760 2928 4832 ἔχω
2969 4762 3067 4825 τάς
3097 4761 3402 4835 θυγατέρας
3432 4764 3542 4818 τῶν
3574 4767 3704 4819 υἱῶν
3736 4769 3859 4834 Χέτ,

2311 4841 2407 4896 καὶ
2433 4840 2580 4895 ἅπαν
2622 4840 2682 4893 16
2728 4839 2879 4903 ἔθνος
2906 4840 2974 4894 δι’
3011 4841 3222 4906 ἐκείνας
3254 4843 3552 4913 μεμίσηκά.
3598 4844 3661 4900 Εἰ
3697 4848 3862 4901 τοίνυν

2313 4919 2552 4990 συμϐαίη
2585 4919 2680 4972 καὶ
2713 4917 2805 4972 16v
2851 4918 3044 4973 Ἰακὼϐ
3083 4921 3149 4974 ἐκ
3192 4921 3396 4975 τούτων
3435 4923 3733 4991 ἀγαγέσθαι
3767 4943 3863 4992 γυ-

2310 5001 2492 5063 ναῖκα,
2522 4997 2650 5051 ποία
2690 5014 2780 5068 μοι
2817 4997 3002 5052 λοιπὸν
3031 4998 3182 5052 ἔσται
3222 5001 3495 5071 σωτηρίας
3526 5002 3713 5068 ἐλπίς;
3742 5006 3865 5060 Ἵνα

2311 5076 2369 5173 τί
2381 5076 2490 5168 γάρ
2500 5093 2603 5145 μοι
2630 5074 2696 5173 τε)
2717 5074 3041 5173 (173";J526]
3143 5075 3253 5148 γὰρ
3275 5077 3501 5173 ,ἐκείνας
3515 5080 3756 5173 ἐνεγκεῖν.
3769 5083 3862 5136 οὐκ

2315 5153 2592 5225 ἰσχύομεν,
2636 5154 2686 5206 εἰ
2714 5152 2808 5206 καὶ
2838 5152 2992 5217 οὗτος
3029 5153 3222 5222 φθάσει
3264 5156 3371 5209 ἀπὸ
3414 5156 3523 5211 τῶν
3564 5157 3861 5231 θυγατέρων

2310 5236 2411 5306 τῆς
2437 5236 2541 5306 γῆς
2579 5232 2781 5305 ταύτης
2811 5233 2993 5288 λαϐεῖν
3033 5236 3287 5301 γυναῖκα,
3320 5239 3391 5291 τά
3433 5238 3534 5308 τῆς
3563 5237 3704 5309 ζωῆς
3744 5242 3862 5310 ἡμῖν

2310 5313 2538 5384 οἴχεται.
2577 5310 2841 5375 Ἀκούσας
2876 5312 2936 5366 δέ
2982 5311 3151 5366 ταῦτα
3183 5314 3212 5366 6
3261 5313 3466 5381 Ἰσαὰκ,
3497 5318 3593 5370 καὶ⁸
3630 5321 3707 5382 είς
3743 5320 3861 5371 61:6-

2316 5408 2511 5463 μνησιν
2558 5391 2727 5444 ἐλθὼν
2774 5390 2872 5461 τῆς
2911 5389 3133 5446 ἐκείνων
3175 5393 3375 5458 κακίας
3394 5434 3408 5455 ,
3452 5397 3860 5463 Προσκαλεσιίο

2307 5488 2493 5542 μενος
2536 5471 2642 5525 τὸν
2680 5468 2905 5534 Ἰακὼϐ,
2932 5472 3250 5541 εὐλόγησε.
3292 5472 3477 5544 φησὶν,
3531 5477 3732 5539 αὑτὸν,
3772 5476 3861 5529 καί

2311 5548 2646 5605 ἐνετείλατο
2691 5545 2852 5614 αὺτῷ
2878 5546 3104 5617 λέγων’
3150 5552 3233 5605 Οὐ
3258 5551 3430 5619 λήψῃ
3470 5553 3722 5621 γυναῖκα
3750 5554 3857 5608 ἀπὸ

2299 5626 2430 5695 ὁτῶν
2465 5626 2802 5697 θυγατέρων
2849 5626 2972 5681 τῶν
3013 5630 3360 5683 Χαναναίων
3379 5643 3393 5659 ⁸
3438 5631 3577 5685 ἀλλ’
3611 5632 3859 5698 ἀναστὰς

2303 5706 2570 5773 ,πορεύου
2589 5706 2676 5768 είς
2712 5703 2826 5772 τὴν
2847 5709 3328 5774 Μεσοποταμίαν,
3346 5709 3434 5775 είς
3454 5709 3561 5763 τὸν
3583 5710 3745 5765 οἶκον
3763 5711 3857 5765 τοῦ

2311 5782 2534 5850 πατρὸς
2559 5779 2669 5849 τῆς
2696 5784 2923 5851 μητρός
2944 5796 3082 5846 σου,
3110 5785 3208 5842 καὶ
3232 5784 3379 5841 ,λάϐε
3401 5788 3636 5854 σεαυτῷ
3654 5790 3859 5846 ἐκεῖθεν

2316 5859 2571 5927 γυναῖκα
2595 5859 2664 5913 ἐκ
2693 5860 2812 5916 τῶν
2834 5865 3172 5933 θυγατέρων
3207 5867 3315 5920 τοῦ
3336 5868 3601 5937 ἀδελφοῦ
3638 5869 3740 5935 τῆς
3759 5887 3855 5933 μη-

2312 5938 2445 6004 τρός
2482 5951 2617 5991 σου.
2648 5939 2754 5992 Καὶ
2779 5941 2876 5994 οὐκ
2907 5940 3034 6011 ἔστη
3073 5942 3231 6016 μέχρι
3280 5945 3486 6015 τούτου,
3518 5945 3652 6001 ἀλλά
3684 5946 3851 6017 βουλόέ
