4142 6206
447 345 561 404 673

447 457 664 513 hibi‘turi
695 458 843 514 sitis:
867 457 982 514 seio
995 458 1138 513 enim
1160 474 1255 515 vos
1279 476 1308 515 a
1334 463 1443 517 Deo
1463 463 1650 518 doctos
1673 478 1814 531 esse,
1839 479 2026 533 possc-

445 564 549 620 qne
593 551 751 604 etiam
797 551 929 604 alios
967 550 1280 607 admonere.
1311 553 1536 623 Propter
1570 554 1671 609 hoc
1707 553 1794 609 hic
1832 555 2032 610 sistens

447 658 623 695 Ineunt
672 642 974 706 consilium,
1022 658 1238 715 pergam
1281 645 1347 699 ad
1385 647 1594 700 solitam
1632 647 1926 702 doctrinam
1960 664 2022 701 ex

446 733 627 786 verbis
658 733 796 787 beati
837 733 1017 795 Musis,
1068 735 1174 789 imo
1201 737 1428 805 Spiritus
1467 738 1634 791 sancti
1671 753 1764 807 per
1790 753 1910 793 eum
1943 738 2025 791 Ιο-

456 823 700 892 quentis:
747 834 801 877 et
846 824 934 878 ubi
969 841 1131 895 pauca
1164 827 1406 896 qua-dam
1437 843 1782 898 proposuero,
1814 829 2026 882 hodier-

448 931 573 971 num
604 915 754 994 vobis
783 915 928 969 illinc
965 917 1266 970 convivium
1287 934 1574 986 apponam.
1598 918 1829 974 Audistis
1857 935 2028 989 nuper

446 1007 716 1078 quomodo
741 1007 908 1062 Jacob
952 1009 1129 1062 omnia
1173 1008 1371 1064 faciens
1413 1011 1704 1064 secundum
1736 1013 2022 1065 consilium

446 1101 727 1164 Rebeccae,
759 1101 923 1170 patris
953 1100 1375 1156 benedictionem
1405 1103 1710 1170 arripuerit,
1739 1103 2029 1158 laudatum-

443 1208 549 1263 qne
587 1192 786 1247 furtum
820 1192 1168 1254 commiserit,
1200 1193 1320 1248 ideo
1346 1203 1399 1248 et
1426 1203 1828 1263 coeperatorem
1857 1197 2024 1250 Deum

447 1285 648 1351 habuit,
673 1295 726 1340 et
746 1295 969 1339 conatus
991 1285 1105 1354 ejus
1129 1287 1263 1341 bene
1291 1290 1546 1342 successit
1570 1304 1588 1340 :
1613 1287 1706 1342 sed
1735 1288 1856 1357 quia
1885 1289 2024 1342 Esat‘t

447 1375 513 1427 ob
543 1374 592 1428 id
620 1375 718 1442 ipsi
748 1374 901 1430 valde
932 1375 1224 1442 invidebat,
1259 1385 1310 1430 et
1342 1394 1399 1431 se
1425 1377 1491 1431 ad
1522 1379 1728 1431 ezrdem
1750 1393 2024 1447 praepara-

447 1465 569 1519 bat:
610 1467 680 1520 ita
719 1467 861 1520 enim
903 1484 962 1521 se
990 1468 1148 1522 habet
1176 1469 1313 1522 mala
1347 1468 1461 1523 hac
1490 1470 1732 1532 aﬁectio;
1765 1485 1870 1524 non
1899 1481 2024 1526 ante

441 1555 670 1622 desistit,
701 1557 874 1612 donec
903 1574 932 1611 a
960 1575 1019 1614 se
1058 1570 1268 1628 captum
1302 1561 1353 1613 in
1397 1575 1635 1630 praeceps
1678 1561 1914 1630 dejieiat,
1950 1563 2026 1616 ita

441 1659 497 1703 ut
523 1650 588 1705 ad
621 1651 893 1707 homicidii
931 1662 1112 1706 currat
1136 1653 1329 1707 scelus.
1367 1653 1539 1707 Radix
1577 1654 1718 1707 enim
1751 1655 2021 1710 homicidii

442 1742 636 1797 invidia
681 1742 776 1815 [et
817 1743 1020 1798 fructus
1069 1745 1278 1800 invidia:
1315 1745 1724 1818 homicidium].
1775 1747 1846 1801 Ita
1884 1758 1937 1802 et
1989 1764 2022 1804 a

443 1834 705 1904 principio
732 1835 826 1888 fuit
853 1835 991 1890 inter
1019 1836 1147 1891 Cain
1184 1847 1237 1891 et
1266 1838 1414 1892 Abel.
1451 1839 1545 1893 Ille
1580 1840 1720 1893 enim
1758 1839 1890 1894 nihil
1930 1839 2024 1894 ha-

449 1923 581 1978 bens
610 1925 693 1980 vel
729 1941 948 1995 parvum
975 1927 1059 1981 vel
1089 1943 1360 1998 magnum,
1393 1929 1460 1985 de
1483 1947 1588 1998 quo
1612 1942 1885 1986 accusaret
1911 1930 2023 1986 fra-

444 2020 598 2078 trem,
625 2015 713 2068 ubi
741 2014 866 2069 vidit
896 2015 1040 2070 illum
1071 2017 1295 2072 Domino
1325 2018 1535 2087 probari
1555 2030 1776 2090 propter
1797 2021 2024 2076 oblatio-

443 2120 564 2158 nem
598 2121 902 2171 munerum,
933 2122 992 2162 se
1021 2122 1152 2162 vero
1177 2108 1246 2162 oh
1269 2109 1642 2179 negligentiam
1666 2126 1816 2164 suam
1845 2110 2018 2179 rejici,

441 2195 507 2248 ad
537 2196 786 2249 invidiam
817 2199 993 2252 statim
1023 2210 1340 2268 provocatus
1369 2211 1489 2254 est:
1517 2211 1569 2256 et
1599 2211 1719 2256 nata
1753 2202 2022 2257 homicidii

442 2287 620 2341 radice
649 2288 698 2341 in
729 2297 907 2343 mente
934 2289 1084 2358 ejus,
1117 2292 1294 2345 statim
1336 2293 1690 2360 perniciosum
1729 2293 1872 2347 illum
1915 2292 2026 2347 frn-

435 2383 585 2430 ‘ctum
613 2379 812 2443 attulit,
839 2390 894 2432 et
919 2377 1262 2435 homicidium
1289 2383 1576 2435 commisit.
1597 2381 1673 2435 lta
1704 2396 1833 2436 sane
1860 2384 2021 2436 etiam

446 2466 603 2531 Esait,
631 2484 750 2522 cum
779 2469 980 2523 videret
1018 2472 1289 2540 accepisse
1334 2472 1549 2526 fratrem
1596 2471 2022 2525 benedictionem

439 2571 468 2609 a
512 2567 680 2627 patre,
709 2559 775 2611 ab
817 2560 896 2612 ira
934 2567 988 2614 et
1026 2560 1220 2614 invidia
1259 2561 1324 2616 ad
1361 2560 1703 2616 homicidium
1754 2559 2018 2624 inductus,

442 2655 796 2709 meditabatur
815 2667 1037 2710 mortem
1066 2655 1261 2709 fratris.

514 2747 779 2809 Quomodo
810 2745 1031 2800 Rebrcca
1051 2747 1202 2800 saluti
1216 2747 1440 2818 junioris
1460 2746 1557 2814 ﬁlii
1583 2744 1662 2798 sui
1680 2742 2023 2806 consuluerit;

441 2837 707 2890 consilium
743 2838 804 2889 ab
844 2839 957 2907 ipsa
988 2823 1163 2890 datum
1205 2838 1271 2889 ad
1307 2837 1570 2890 consilium
1597 2836 1661 2888 ab
1685 2837 1795 2904 ipso
1823 2833 2021 2888 Christo

443 2928 616 2978 (fatum
645 2931 876 2995 refertur.
904 2958 976 2968 —
1008 2927 1202 2981 Verum
1233 2926 1560 2980 admirabilis
1596 2925 1681 2978 illa
1729 2933 1896 2978 mater
1922 2924 2024 2978 hoc

443 3018 700 3082 sentiens,
745 3018 934 3071 iterum
977 3025 1274 3071 maternum
1314 3031 1550 3070 amorem
1584 3029 1708 3084 erga
1741 3014 1903 3067 ﬁlium
1929 3012 2025 3067 de-

443 3107 694 3160 claravit:
725 3116 780 3159 et
803 3107 1083 3160 consilium
1112 3106 1287 3160 attulit
1312 3120 1415 3174 quo
1446 3113 1624 3174 posset
1655 3103 1831 3157 fratris
1850 3101 2020 3156 mani-

443 3196 541 3250 bus
589 3197 742 3268 eripi.
783 3197 872 3251 42.
908 3195 1097 3250 Vocato
1133 3198 1284 3263 enim,
1323 3197 1513 3266 inquit,
1547 3194 1654 3264 ﬁlio
1679 3211 1772 3248 suo
1790 3196 2020 3265 juniore,

441 3289 566 3341 dixit
593 3289 637 3341 ci
670 3304 688 3341 :
717 3289 846 3341 licce
887 3287 1026 3341 Esai‘t
1063 3292 1218 3358 frater
1257 3298 1371 3341 tuus
1402 3288 1626 3340 minatur
1666 3286 1750 3339 tibi
1788 3295 2019 3341 mortem.

441 3379 529 3432 45.
560 3377 710 3432 Nunc
740 3380 893 3446 igitur
927 3379 1046 3432 audi
1078 3395 1241 3432 vocem
1266 3395 1447 3432 meam.
1471 3378 1812 3448 Experientia
1838 3386 1892 3432 te
1919 3377 2017 3432 do-

440 3479 557 3524 ceat
596 3486 679 3524 me
725 3470 816 3524 tibi
867 3471 1013 3524 utilia
1053 3471 1368 3535 consulere;
1413 3481 1468 3525 et
1507 3470 1649 3524 sicut
1691 3469 1800 3538 jam
1842 3468 2021 3524 audita

441 3580 572 3620 voce
607 3581 746 3630 mea,
792 3579 1010 3633 magnas
1048 3564 1163 3617 illas
1191 3578 1220 3616 a
1249 3573 1396 3632 patre
1441 3562 1839 3617 benedictiones
1876 3576 2021 3616 asse-

441 3667 638 3723 quutus
675 3671 769 3708 es:
801 3655 870 3708 ita
898 3664 952 3708 et
991 3670 1129 3708 nunc
1171 3653 1292 3708 audi
1336 3669 1519 3708 vocem
1559 3669 1753 3716 meam,
1789 3661 1847 3707 ut
1891 3651 2024 3707 εσυ-

441 3764 566 3818 gere
597 3748 770 3817 possis
803 3745 979 3800 fratris
1015 3761 1222 3799 manus.
1253 3746 1342 3799 Sic
1370 3745 1511 3800 enim
1539 3755 1592 3798 et
1625 3745 1959 3813 temetipsum
1989 3758 2019 3798 a

445 3838 691 3906 periculis
734 3837 954 3890 liberum
998 3835 1211 3898 reddes,
1252 3843 1308 3888 et
1353 3849 1436 3887 tne
1466 3849 1493 3887 a
1527 3833 1686 3887 luctu.
1722 3834 2022 3888 Verisimile

443 3929 583 3982 enim
611 3938 694 3983 est
731 3929 898 3994 illutn,
925 3927 968 3981 si
1001 3926 1100 3981 hoc
1136 3942 1298 3980 ausus
1325 3926 1500 3991 fuerit,
1531 3941 1740 3995 pmnam
1771 3925 2020 3981 daturum

443 4036 582 4087 esse,
615 4032 771 4090 atque
802 4020 870 4073 ita
903 4019 1134 4089 undique
1154 4017 1281 4072 mihi
1302 4019 1480 4088 gravis
1499 4018 1652 4072 dolor
1679 4027 1734 4072 et
1758 4018 2020 4072 cruciatus

441 4113 562 4167 erit.
608 4113 740 4166 Audi
765 4113 918 4183 igitur
942 4129 1108 4190 rogem
1137 4128 1319 4178 meam,
1352 4123 1396 4165 et
1412 4127 1578 4182 surge,
1607 4112 1870 4182 statimque
1899 4111 2023 4165 vade

441 4203 512 4256 at!
529 4202 700 4256 Laban
728 4204 935 4271 fratrem
964 4219 1126 4256 meum
1150 4203 1203 4255 in
1230 4201 1498 4267 Charram,
1521 4202 1612 4256 M.
1645 4211 1689 4254 et
1710 4201 1878 4254 habita
1906 4217 2018 4253 cum

441 4311 498 4348 eo
522 4294 589 4346 ad
612 4295 802 4363 aliquot
831 4294 957 4356 dies,
991 4309 1248 4364 usquequo
1271 4301 1524 4346 avertatur
1554 4292 1629 4344 ira
1658 4301 1704 4345 et
1739 4291 2020 4361 indignatio

442 4385 616 4454 fratris
643 4385 716 4436 tui
746 4401 863 4454 erga
898 4394 962 4448 te,
989 4384 1076 4438 45.
1102 4391 1147 4437 et
1175 4383 1496 4436 obliviscatur
1519 4397 1633 4452 qua:
1665 4382 1711 4435 ei
1751 4382 1945 4451 fecisti:
1973 4389 2022 4435 et

441 4476 635 4528 mittam
664 4487 708 4527 et
730 4475 965 4528 reducam
997 4484 1042 4526 te
1077 4474 1214 4539 inde,
1253 4489 1315 4526 ne
1347 4473 1477 4542 forte
1500 4488 1602 4524 uno
1624 4471 1705 4524 die
1740 4471 1876 4524 vobis
1919 4486 2023 4524 am-

444 4568 598 4618 bobus
619 4567 779 4619 orbtr.
812 4567 924 4626 Abi,
955 4566 1140 4634 inquit,
1168 4565 1235 4617 ad
1275 4570 1480 4635 fratrem
1526 4580 1687 4617 meum
1726 4561 1924 4627 Laban,
1960 4570 2006 4616 ct

442 4657 613 4710 [subita
644 4657 748 4708 illic
775 4673 888 4708 cum
918 4673 996 4710 eo.
1030 4657 1327 4711 Verisimile
1353 4657 1494 4710 enim
1523 4666 1604 4711 est
1630 4657 2018 4725 separationcm

437 4758 493 4804 et
523 4746 778 4817 temporis
801 4761 1112 4815 processum
1138 4763 1292 4815 posse
1319 4746 1516 4816 aliquid
1546 4743 1794 4816 amplius,
1824 4761 2019 4815 nempe

441 4839 682 4909 inligare
712 4837 866 4900 iram,
911 4835 1159 4890 invidiam
1187 4836 1374 4892 sedare
1397 4845 1452 4892 et
1479 4836 1798 4892 oblivionem
1828 4835 2018 4891 afferre

441 4946 622 4983 eorum
650 4946 769 4998 quae
798 4931 850 4983 in
883 4929 1023 4983 furto
1050 4928 1430 4983 benedictionis
1450 4939 1595 4998 gesta
1620 4941 1762 4984 sunt.
1797 4928 1862 4983 Et
1885 4929 2017 4983 obli-

441 5024 678 5087 viscatur,
709 5023 897 5091 inquit,
925 5037 1040 5088 qua:
1064 5023 1241 5091 feceris
1265 5023 1329 5074 ei.
1375 5022 1668 5077 Verisimile
1694 5033 1796 5086 est,
1825 5023 2014 5093 inquit,

441 5131 563 5167 cum
593 5114 748 5168 irasci
782 5115 796 5144 ⁸
825 5132 838 5167 :
873 5114 992 5168 ideo
1030 5129 1124 5182 par
1149 5123 1229 5168 est
1267 5124 1324 5167 ut
1361 5114 1490 5168 iram
1523 5125 1575 5170 et
1614 5116 1865 5186 impetum
1903 5115 2019 5186 ejus

505 5271 522 5302 ι
558 5275 606 5334 In
633 5281 809 5334 gnem.
831 5283 1000 5327 mm,
1015 5284 1134 5333 φησιν,
1152 5282 1346 5334 ὁρτίζιταιο
1369 5272 1432 5319 Ad
1457 5271 1646 5334 liter-am
1667 5271 1842 5334 melius
1864 5281 2015 5334 esset,

442 5330 548 5382 iure
571 5330 798 5381 irascitur
821 5345 837 5380 :
862 5340 913 5379 et
938 5330 1150 5395 fortassis
1172 5330 1260 5382 hoc
1277 5335 1444 5381 dicere
1466 5332 1615 5380 voluit
1639 5330 2015 5395 chrysostomus.

440 5395 489 5440 Et
518 5407 649 5450 vero,
668 5402 719 5442 ut
742 5395 902 5441 statim
920 5394 1126 5452 videtur,
1151 5408 1292 5442 causa
1308 5395 1475 5442 aderat
1498 5402 1550 5441 ut
1574 5394 1866 5442 irasceretur
1878 5398 2016 5452 Esau,

440 5456 502 5499 oh
525 5465 794 5515 surreptam
832 5456 922 5504 sibi
949 5456 1114 5502 fraude
1147 5457 1592 5518 prinmgenituram.
1628 5457 1726 5518 Etsi
1742 5457 1876 5518 enim
1892 5457 2019 5506 dicat

445 5520 744 5579 augustiuus,
771 5525 913 5565 'romo
937 5523 1006 5574 lt”,
1029 5529 1133 5579 cap.
1165 5517 1238 5574 10,
1287 5517 1392 5579 post
1432 5518 1635 5570 initium,
1685 5517 1730 5563 id
1754 5517 1880 5577 quod
1907 5531 2017 5566 sua-

441 5573 592 5642 dente
616 5586 768 5642 matre
808 5579 920 5642 fecit
942 5573 1102 5634 Iacob,
1127 5573 1358 5627 noni-sse
1383 5579 1701 5633 mendacium,
1725 5573 2017 5642 myste-

443 5639 584 5690 rium,
607 5645 657 5684 et
678 5641 780 5700 nise
801 5640 1158 5700 Cbrysostomus
1178 5652 1321 5700 supra
1348 5642 1574 5687 haberem
1599 5647 1648 5687 et
1667 5640 1825 5687 Jacobi
1845 5639 2016 5687 fatuum

445 5699 952 5765 excusaverit;__primo
976 5708 1134 5765 tanien
1157 5699 1331 5752 intuitu
1357 5702 1585 5751 lallacimn
1608 5701 1946 5763 conspicimus,
1964 5709 2016 5751 et

442 5759 561 5806 lanii
577 5759 688 5820 jure
713 5759 985 5822 indignatus
1006 5761 1212 5811 videtur.

1239 345 1310 404 nv
1339 347 1491 408 ear.
1526 347 1740 408 xxvn.
1782 349 1868 409 ετ
1905 347 2140 408 xxvm.
2181 308 2420 411 cianus.
2462 357 2690 416 nemo
2736 361 2842 418 Liv

3611 367 3715 424 ω.

2142 468 2398 537 declines,
2430 473 2474 527 si
2515 474 2652 530 forte
2679 492 2776 547 per
2816 487 3020 548 tempus
3055 481 3131 535 rel
3159 489 3320 551 gesta:
3349 483 3712 538 obliviscatur.
3781 475 3786 480 ’

2136 570 2192 615 et
2218 572 2398 630 postea
2427 567 2813 621 cum-libertate
2839 569 3009 637 possis
3030 569 3114 624 hic
3140 571 3461 625 domicilium
3485 571 3702 626 habere.

2140 651 2207 704 Et
2235 668 2304 707 ne
2336 652 2474 708 ﬁlius
2499 654 2616 724 ejus
2645 658 2898 725 gravatim
2929 658 3081 722 ferat,
3105 660 3243 728 quod
3264 672 3481 729 cogatur
3507 661 3559 716 in
3581 662 3713 715 alie-

2136 757 2257 794 nam
2299 751 2491 797 terram
2519 745 2712 814 :abire:
2745 747 2864 802 vide
2897 749 3163 815 quomodo
3202 751 3402 803 soletur
3422 751 3558 804 illius
3585 751 3705 805 ani-

2135 847 2297 885 mam.
2341 833 2573 887 Primum
2621 836 2833 905 quidem
2873 837 3041 892 dixit:
3071 836 3168 891 Abi
3191 839 3258 890 ad
3283 837 3458 892 Laban
3497 843 3706 910 fratrem

2135 939 2317 976 meum.
2348 924 2482 979 Nam
2512 926 2577 980 ad
2608 940 2914 982 extraneum
2946 939 2999 982 et
3032 929 3261 984 alienum
3296 931 3374 985 ire
3417 939 3468 984 te
3502 930 3714 999 jubco?

2134 1014 2214 1066 Ad
2233 1019 2441 1084 fratrem
2467 1034 2630 1070 meum
2663 1019 2764 1085 abi,
2787 1031 2832 1074 et
2853 1019 3022 1074 habita
3045 1037 3162 1075 cum
3188 1037 3246 1075 eo
3273 1021 3348 1074 ad
3359 1022 3465 1075 dies
3493 1023 3703 1091 aliquot.

2135 1105 2323 1174 Breve,
2355 1109 2541 1178 inquit,
2586 1120 2814 1181 tempus,
2852 1127 3047 1180 paucos
3075 1113 3216 1178 dies,
3254 1129 3531 1182 quousque
3558 1115 3712 1182 quic-

2133 1208 2249 1252 seat
2275 1198 2372 1253 ira.
2399 1199 2551 1255 Nunc
2577 1202 2719 1256 enim
2747 1201 2914 1257 fervet
2939 1203 3233 1271 indignatio
3256 1201 3392 1270 ejus.
3417 1215 3590 1271 neque
3616 1217 3712 1272 pa-

2135 1291 2231 1344 tris
2259 1291 2472 1347 habebit
2497 1294 2848 1348 reverentiam
2887 1293 2964 1347 ira
3001 1294 3168 1350 semel
3196 1293 3506 1360 inundante,
3537 1308 3716 1363 neque

2132 1387 2386 1448 quantum
2429 1381 2674 1436 fraterna:
2710 1383 3084 1437 necessitudini
3135 1383 3326 1437 debeat
3375 1385 3428 1436 in
3477 1392 3712 1436 mentem

2132 1472 2388 1540 accipiet:
2429 1472 2521 1526 sed
2561 1489 2722 1526 unum
2773 1473 2874 1527 hoc
2913 1484 3055 1542 aget,
3084 1481 3142 1527 ut
3175 1472 3408 1526 furorem
3437 1487 3591 1526 suum
3616 1487 3711 1526 ex-

2132 1562 2294 1632 pleat.
2325 1562 2391 1615 Et
2417 1564 2638 1628 mittens,
2668 1563 2843 1617 statim
2886 1564 3002 1617 inde
3036 1563 3275 1616 reducant
3300 1571 3366 1614 te.
3393 1561 3488 1625 Te,
3518 1561 3708 1630 inquit,

2132 1653 2418 1708 revocabo.
2445 1655 2543 1708 Abi
2571 1654 2731 1724 igitur
2758 1654 2891 1709 bona
2921 1668 3040 1708 eum
3071 1652 3260 1707 ﬁducia
3284 1667 3300 1712 ;
3329 1661 3380 1706 te
3404 1652 3543 1706 enim
3569 1666 3712 1705 nun-

2131 1742 2218 1795 tiis
2241 1758 2306 1797 eo
2337 1743 2513 1797 missis
2551 1729 2838 1798 reducam:
2869 1759 2990 1797 nam
3025 1742 3092 1796 de
3131 1751 3240 1797 toto
3271 1741 3400 1796 mihi
3435 1749 3712 1796 certamen

2130 1842 2230 1896 est,
2262 1832 2328 1888 de
2354 1842 2580 1904 utroque
2608 1836 2762 1896 anxia
2788 1849 2930 1899 sum,
2962 1849 3029 1890 ne
3059 1834 3196 1888 forte
3239 1843 3465 1902 utroque
3509 1833 3706 1901 priver.

2130 1925 2262 1980 Vide
2289 1927 2599 1996 sapientiam
2631 1928 2835 1992 matris,
2871 1942 2991 1997 qua:
3025 1941 3054 1979 a
3087 1925 3256 1994 seipsa
3287 1934 3451 1988 mota,
3480 1925 3585 1976 imo
3613 1923 3708 1978 Dei

2130 2015 2457 2084 praedictioni
2485 2017 2646 2071 etiam
2677 2031 2817 2071 nunc
2854 2015 3115 2082 serviens,
3159 2015 3247 2068 illa
3283 2015 3515 2070 mnsulit
3541 2028 3709 2082 puero

2129 2123 2247 2177 qua:
2273 2107 2518 2162 Christus
2554 2108 2829 2178 discipulis
2872 2109 2985 2164 suis
3023 2107 3358 2172 consulebat,
3400 2121 3466 2159 ne
3511 2113 3711 2159 temere

2131 2198 2379 2268 periculis
2409 2213 2468 2252 se
2496 2198 2874 2264 itnmiscerent,
2907 2197 3001 2253 sed
3029 2212 3243 2252 secessu
3282 2196 3539 2250 insaniam
3569 2193 3710 2248 male

2131 2288 2445 2343 aﬁ'ectorum
2483 2288 2869 2344 demulcerent.
2903 2289 3015 2342 Hoc
3063 2289 3221 2356 igitur
3259 2275 3419 2340 etiam
3466 2286 3552 2339 illa
3597 2285 3710 2338 ﬁlio

2127 2383 2375 2447 consulit,
2403 2384 2630 2451 primum
2655 2382 2776 2451 ejus
2796 2381 2976 2435 animo
3003 2380 3246 2434 fiduciam
3280 2377 3470 2432 indens
3508 2385 3564 2430 ut
3593 2376 3708 2430 dis-

2127 2489 2333 2528 cessum
2373 2489 2476 2527 non
2515 2487 2656 2541 aegre
2699 2472 2894 2534 ferret,
2939 2479 3064 2524 tunc
3099 2469 3352 2537 deinceps
3397 2475 3451 2522 et
3493 2479 3706 2521 causam

2128 2561 2404 2615 honestam
2437 2561 2746 2630 profectioni
2777 2561 2892 2628 ejus
2929 2561 3213 2628 excogitat,
3253 2558 3325 2611 ita
3354 2566 3412 2610 ut
3439 2573 3506 2611 ne
3530 2556 3705 2610 mani-

2125 2650 2260 2706 feste
2287 2651 2525 2705 videatur
2547 2661 2762 2721 propter
2784 2650 2960 2704 fratris
2981 2649 3229 2703 invidiam
3259 2647 3532 2714 recedere,
3570 2663 3708 2702 neve

2125 2753 2277 2814 pater
2290 2743 2424 2798 sciat
2442 2757 2616 2797 veram
2634 2741 3076 2812 peregrinationis
3091 2755 3325 2806 causam,
3342 2737 3486 2792 Esau
3505 2738 3710 2792 scilicet

2128 2835 2538 2904 indignationem
2565 2843 2746 2890 contra
2768 2834 2932 2887 illum.
2951 2832 3044 2889 ιϐ.
3072 2829 3137 2886 Et
3159 2833 3402 2902 ingressa,
3431 2830 3617 2900 inquit,
3639 2829 3708 2881 ad

2127 2925 2278 2980 Isaac
2301 2925 2524 2980 Rebecca
2550 2925 2678 2979 dixit
2695 2941 2716 2981 :
2739 2923 2917 2979 Gravis
2945 2923 3066 2977 mihi
3095 2924 3198 2976 vita
3227 2933 3299 2975 est
3333 2929 3536 2992 prapter
3575 2921 3710 2988 ﬁlias

2129 3020 2351 3088 ﬁliorum
2395 3019 2536 3074 Chet.
2579 3019 2638 3074 Si
2681 3018 2927 3089 acceperit
2961 3016 3122 3070 Iacob
3163 3031 3371 3070 uxorem
3407 3016 3471 3066 de
3502 3013 3705 3082 ﬁliabus

2129 3120 2277 3164 terra
2299 3111 2462 3177 istius,
2487 3109 2556 3163 ad
2577 3109 2698 3180 quid
2727 3109 2850 3162 mihi
2873 3109 2970 3162 vita
2987 3107 3014 3161 ?

2202 3201 2256 3254 ὅ.
2277 3200 2564 3268 Considera
2588 3198 2853 3269 quomodo
2879 3198 3158 3252 honestum
3190 3196 3388 3252 invenit
3406 3195 3712 3250 obtentum»

2128 3291 2352 3359 Quando
2386 3293 2526 3347 enim
2552 3291 2704 3346 nobis
2725 3307 2950 3362 superna
2975 3290 3142 3361 gratia
3167 3289 3500 3359 cooperatrix
3519 3296 3621 3350 est,
3649 3295 3706 3341 et

2127 3385 2359 3440 difﬁcilia
2376 3382 2548 3439 facilia
2568 3385 2722 3452 ﬁunt,
2741 3395 2794 3440 et
2813 3384 2991 3455 gravia
3009 3385 3166 3439 levia.
3191 3383 3322 3451 Quia
3345 3383 3504 3453 igitur
3518 3391 3574 3436 et
3591 3381 3706 3434 hzec

2129 3476 2314 3531 habuit
2346 3477 2510 3530 Deum
2543 3476 2823 3530 sententia:
2847 3491 2957 3530 suae
2986 3483 3332 3538 annuentcm,
3356 3473 3554 3536 orttnia,
3588 3486 3708 3540 qua:

2126 3567 2192 3622 ad
2236 3566 2466 3622 futuram
2505 3567 2954 3636 dispensationem
2993 3576 3047 3621 et
3096 3565 3166 3619 ad
3200 3567 3423 3619 salutem
3461 3563 3552 3616 ﬁlii
3576 3576 3707 3616 con»

2127 3658 2324 3712 ducere
2366 3666 2631 3726 poterant,
2671 3657 2933 3727 suggessit
2967 3656 3084 3725 ejus
3126 3655 3310 3709 menti.
3347 3653 3526 3707 Gravis
3553 3651 3698 3715 mihi,

2130 3747 2320 3818 inquit,
2350 3759 2420 3802 est
2448 3749 2546 3802 vita
2570 3765 2680 3802 mea
2708 3758 2913 3818 propter
2936 3747 3070 3816 ﬁlias
3095 3747 3314 3816 ﬁliorum
3347 3745 3492 3800 Chet.
3519 3744 3578 3797 Si
3616 3759 3708 3794 ac-

2129 3842 2313 3910 ceperit
2346 3839 2506 3893 .lacob
2535 3856 2742 3893 uxorem
2781 3840 2845 3892 de
2873 3838 3074 3907 ﬁliabus
3117 3848 3264 3890 terra:
3292 3837 3464 3907 hujus,
3496 3837 3561 3887 ad
3589 3834 3709 3904 quia

2129 3932 2255 3986 mihi
2280 3931 2382 3984 vita
2405 3932 2429 3984 .9
2460 3930 2555 3985 Hic
2581 3930 2708 3984 mihi
2737 3929 3039 3999 signiﬁcare
3064 3927 3270 3980 videtur
3296 3927 3557 3995 pessimos
3583 3940 3712 3977 uxo-

2129 4039 2245 4078 rum
2274 4022 2415 4077 Esat‘t
2444 4035 2641 4086 mores,
2663 4034 2782 4089 quae
2809 4018 2888 4073 eis
2918 4016 3111 4072 fuerint
3136 4016 3314 4070 multa:
3342 4013 3709 4069 amaritudinis

2127 4129 2307 4169 causa.
2342 4113 2551 4167 Etenim
2592 4112 2660 4166 de
2710 4111 2853 4165 Esaia
2897 4109 3139 4178 superius
3170 4107 3401 4161 narravit
3437 4104 3589 4159 trellis
3627 4103 3708 4156 di-

2130 4209 2250 4262 vina
2290 4206 2586 4276 Scriptura,
2625 4202 2765 4273 quod
2804 4201 3069 4270 acceperit
3095 4216 3124 4253 a
3154 4198 3404 4255 Chettaeis
3437 4208 3491 4251 et
3532 4194 3708 4249 Evatis

2127 4311 2340 4358 uxores.
2363 4312 2480 4367 qua:
2497 4293 2879 4364 exasperabant
2897 4291 3040 4346 Isaac
3057 4300 3110 4344 et
3129 4289 3419 4344 Rebeccam
3447 4285 3598 4355 (Gen.
3614 4283 3709 4338 9.6.

2130 4388 2220 4443 34.
2251 4387 2380 4457 35).
2429 4386 2552 4440 llaec
2580 4385 2738 4454 igitur
2779 4384 2830 4438 in
2862 4380 3169 4436 memoriam
3197 4377 3246 4432 ei
3285 4388 3569 4443 suggerere
3611 4389 3708 4428 vo-

2129 4479 2266 4545 lens,
2307 4479 2377 4532 ita
2423 4478 2534 4531 fere
2573 4476 2836 4545 loquitur:
2877 4473 2996 4529 Scis
3030 4468 3295 4541 quomodo
3333 4467 3492 4521 vitam
3531 4482 3702 4521 meam

2128 4569 2519 4625 exacerbarunt
2543 4582 2736 4621 uxores
2767 4567 2926 4626 Esau,
2957 4574 3012 4617 et
3036 4563 3301 4631 quomodo
3341 4570 3555 4630 propter
3589 4559 3705 4613 illa-

2128 4676 2243 4715 rum
2284 4661 2536 4714 malitiam
2566 4660 2616 4712 in
2644 4671 2833 4712 omnes
2859 4657 2993 4709 tilias
3021 4655 3244 4708 ﬁliorum
3274 4653 3406 4707 Chet
3435 4652 3571 4707 male
3591 4651 3708 4704 afﬁ-

2126 4753 2260 4817 cior,
2277 4759 2331 4806 et
2355 4749 2704 4821 propterillas
2728 4763 2938 4801 omnem
2966 4755 3177 4817 gentem
3207 4762 3424 4800 causam
3452 4743 3696 4802 habeam;

2127 4843 2170 4897 si
2197 4843 2354 4911 igitur
2381 4841 2655 4908 contingat
2681 4848 2735 4892 et
2758 4837 2922 4892 Jacob
2963 4852 3028 4892 ex
3073 4837 3177 4890 illis
3221 4849 3440 4891 uxorem
3482 4833 3700 4893 ducere,

2126 4948 2244 5002 qua:
2265 4930 2397 4985 mihi
2427 4939 2610 4999 postea
2638 4928 2825 4982 salutis
2846 4929 3008 4996 spes?
3033 4927 3113 4979 Ad
3132 4926 3256 4992 quid
3282 4924 3402 4975 mihi
3431 4931 3542 4973 tum
3574 4919 3702 4972 vita?

2126 5025 2257 5080 Nam
2297 5024 2344 5078 si
2387 5024 2503 5077 illas
2530 5023 2668 5076 ferre
2709 5036 2813 5074 non
2844 5033 3142 5090 possumus,
3174 5018 3218 5070 si
3258 5015 3418 5070 etiam
3440 5011 3605 5066 Jaeob
3636 5027 3702 5064 ex

2128 5117 2336 5174 ﬁliabus
2377 5125 2531 5169 terra:
2559 5114 2715 5184 hujus
2753 5128 2972 5167 uxorem
3001 5107 3287 5176 acceperit,
3316 5112 3494 5157 actum
3522 5109 3606 5155 est
3632 5100 3702 5155 de

2125 5208 2230 5261 vita
2251 5216 2448 5260 nostra.
2469 5205 2670 5272 Quibus
2689 5203 2883 5257 auditis
2901 5203 3062 5262 Isaac,
3082 5207 3238 5264 atque
3255 5191 3469 5247 malitias
3491 5191 3702 5244 illarum

2125 5296 2452 5360 recordatus,
2479 5298 2527 5351 ί.
2554 5295 2701 5350 Isaac
2733 5293 2980 5345 aduocans
2994 5286 3174 5349 Iacob,
3204 5284 3452 5340 benedixit
3472 5299 3604 5344 eum,
3625 5281 3704 5334 in-

2123 5389 2260 5458 quit,
2271 5397 2316 5440 et
2337 5387 2571 5457 prazcepit
2590 5387 2657 5450 ei,
2675 5386 2844 5436 dicens
2857 5397 2876 5434 :
2891 5379 3008 5433 Non
3024 5395 3196 5434 sumes
3211 5392 3414 5430 uxorem
3428 5375 3490 5427 de
3501 5372 3704 5440 ﬁliabus

2127 5481 2561 5541 Chanaateorum;
2589 5476 2644 5529 2.
2666 5473 2754 5529 sed
2771 5487 2940 5543 surge,
2961 5479 3008 5524 et
3035 5469 3160 5523 uade
3185 5468 3238 5521 in
3261 5461 3702 5534 Mesopotamiam,

2124 5572 2176 5624 in
2205 5569 2408 5623 domum
2443 5568 2601 5637 patris
2621 5564 2796 5618 matris
2831 5574 2952 5628 tute,
2984 5571 3032 5616 et
3055 5560 3226 5628 accipe
3244 5557 3329 5611 tibi
3358 5555 3475 5610 inde
3501 5567 3706 5607 uxorm

2123 5661 2186 5713 de
2216 5658 2415 5726 ﬁliabus
2452 5657 2623 5726 fratris
2671 5655 2844 5709 matris
2887 5664 2984 5708 (ita
3021 5650 3178 5724 (Cap.
3219 5647 3349 5719 28).
3394 5643 3574 5715 Neque
3621 5640 3704 5695 bis

2124 5761 2408 5806 contentus
2446 5747 2643 5816 verbis,
2683 5746 2849 5803 voluit
2887 5753 2943 5802 et
2983 5742 3453 5811 alacrius-emensa
3482 5732 3706 5790 reddere
