4150 6206
429 365 531 423 475

431 482 481 533 in
524 474 973 546 peregrinatione,
1021 479 1075 524 et
1125 481 1248 522 eum
1301 464 1490 518 iterum
1543 454 2000 517 benedictionibus

430 568 709 623 conﬁrmat
735 582 796 619 ac
825 563 950 617 dicit
979 560 1071 613 :5.
1096 557 1232 610 Deus
1271 564 1436 608 autem
1471 567 1610 604 meus
1649 548 1898 603 benedicet
1931 553 1997 608 te,

431 670 476 713 et
501 658 700 727 armabit
717 667 783 721 te,
803 664 849 708 et
874 647 1223 717 multiplicabit
1247 657 1312 712 te,
1335 655 1381 700 et
1401 645 1498 699 eris
1518 645 1571 698 in
1599 639 2002 712 congregationes

431 753 674 819 gentium,
714 747 766 798 4.
809 753 856 796 et
892 741 1028 794 dabit
1068 739 1157 792 tibi
1195 737 1581 792 benedictionem
1605 733 1822 787 Abralue
1846 730 2004 800 patris

431 840 550 904 mei,
583 838 672 890 tibi
703 844 750 889 et
778 834 957 888 semini
997 841 1084 886 tuo
1123 841 1234 902 post
1262 841 1339 883 te:
1361 839 1414 883 ut
1438 830 1492 882 in
1525 827 1845 881 hereditatem
1873 822 2007 876 acci-

435 928 546 997 pias
592 935 777 984 terram
827 921 1239 993 peregrinationis
1290 929 1423 985 tute,
1482 932 1632 986 quam
1679 914 1814 969 dedit
1868 911 2006 966 Deus

434 1014 672 1070 Abraha.
697 1011 830 1067 Vide
854 1011 1122 1081 quomodo
1147 1011 1321 1079 justus
1363 1007 1601 1078 pnedicit
1635 1006 1684 1061 ei
1718 1004 1918 1068 omnia,
1945 1015 2008 1057 ac

435 1106 571 1162 bona
608 1103 656 1158 ei
684 1102 870 1156 viatica
895 1103 987 1164 dat
1015 1110 1068 1156 et
1117 1101 1341 1164 solatia:
1381 1099 1618 1168 praedicit
1645 1097 1788 1154 enim
1815 1095 1863 1152 ei
1892 1093 2011 1149 red-

440 1195 575 1254 itum
613 1192 1067 1259 bereditatemqne
1107 1199 1283 1255 terrae,
1308 1189 1542 1244 futurum
1581 1202 1700 1243 esse
1743 1186 1926 1243 dicens
1955 1194 2014 1241 ut

435 1299 540 1336 non
561 1282 735 1340 solum
761 1283 811 1336 in
834 1282 1222 1337 multitudinem
1245 1288 1466 1342 crescat,
1487 1279 1582 1334 sed
1607 1279 1763 1333 etiam
1791 1291 2014 1345 congre-

441 1375 682 1443 gationes
719 1374 954 1443 gentium
1001 1389 1064 1427 ex
1107 1372 1314 1426 semine
1353 1371 1467 1439 ejus
1495 1369 1851 1439 egrediantur.
1884 1368 2013 1430 Qua:

441 1473 500 1517 ut
537 1463 736 1517 audivit
779 1464 940 1527 ﬁlius,
989 1463 1230 1531 implevit
1265 1462 1411 1530 jussa
1445 1461 1638 1529 patris,
1666 1465 1721 1513 et
1748 1457 2014 1526 profectus

438 1555 606 1608 estin
652 1554 1084 1621 Mesopotamiam
1123 1552 1188 1606 ad
1231 1551 1407 1605 Labau
1451 1550 1636 1607 matris
1678 1548 1918 1604 fratrem.
1949 1544 2017 1602 Et

443 1643 654 1708 itermn,
679 1650 735 1696 ut
759 1643 858 1696 hoc
885 1643 1067 1696 didicit
1096 1643 1257 1704 Esau,
1299 1655 1491 1709 nempe
1515 1638 1770 1698 Jacobum
1800 1634 2018 1690 benedi-

437 1742 584 1786 ctum
610 1733 772 1788 fuiSs-e
797 1749 826 1787 a
860 1740 1027 1802 patre,
1051 1741 1105 1786 et
1131 1731 1438 1786 mandatum
1464 1729 1732 1797 accepisse
1760 1743 1826 1782 ne
1853 1725 2018 1780 duce~

442 1831 528 1876 ret
549 1837 770 1878 uxorem
794 1839 857 1876 ex
886 1824 1092 1879 liliabus
1109 1823 1550 1885 Cbanamcorum,
1566 1820 1660 1874 sed
1683 1817 2020 1874 οοηιοικιιεςθ

443 1913 499 1965 in
543 1912 1018 1980 Mesopotamiam:
1063 1914 1212 1983 quasi
1257 1912 1524 1980 corrigere
1567 1911 1750 1965 Valens
1786 1920 2021 1964 erratum

444 2016 604 2055 suum
624 2011 676 2056 et
707 2003 914 2068 placare
941 2014 1164 2071 patrem,
1192 2003 1245 2057 9.
1280 2002 1504 2068 Addidit,
1539 1999 1726 2068 inquit,
1757 2009 1803 2051 et
1833 1999 2021 2067 acrejtit

443 2108 652 2146 uxorem
685 2095 752 2145 ad
784 2093 912 2151 duas
934 2110 1111 2148 uxores
1128 2110 1265 2154 suas,
1285 2093 1442 2160 ﬁliam
1463 2090 1652 2145 Ismael
1669 2090 1764 2156 [iiii
1786 2090 2020 2145 Abruhw.

448 2183 655 2248 Vidisti,
685 2184 896 2251 dilecte,
934 2195 1129 2253 (tuatua
1159 2184 1439 2254 prudentia
1470 2183 1634 2239 lilium
1676 2197 1829 2236 Suum
1861 2181 2024 2238 Jacob

443 2287 479 2327 e
506 2274 754 2341 periculis
799 2275 1163 2330 amantissima
1207 2285 1374 2331 mater
1410 2273 1700 2342 eripuerit:
1727 2271 2024 2339 speciosam

446 2363 745 2419 obtendens
793 2367 1236 2434 peregrinationis
1287 2380 1522 2426 causam,
1566 2373 1620 2418 et
1663 2376 1835 2430 neque
1884 2360 2026 2423 Esau

450 2455 708 2509 malitiam
763 2457 1013 2525 prodens.
1051 2473 1224 2524 neque
1268 2458 1400 2524 patri
1449 2470 1661 2515 causam
1691 2453 2027 2515 manifestam

452 2544 722 2609 reddens;
763 2545 857 2600 sed
888 2556 940 2598 et
970 2546 1077 2598 tilio
1110 2545 1435 2600 conveniens
1463 2543 1596 2600 dans
1623 2543 1938 2604 consilium,
1972 2547 2030 2593 ut

451 2649 520 2689 ex
547 2643 690 2690 metu
717 2635 783 2688 ad
809 2650 961 2690 suam
990 2633 1412 2701 amplectendam
1451 2633 1767 2686 sententiam
1795 2630 2028 2684 adduce-

456 2734 628 2782 retur.
651 2725 777 2779 dum
806 2723 967 2778 etiam
1000 2723 1133 2792 patri
1161 2731 1542 2789 congruentem
1569 2735 1780 2774 causam
1811 2732 2029 2788 sugges-

451 2815 557 2869 sit?
581 2813 727 2870 Unde
749 2814 990 2882 etjnstus
1019 2815 1134 2879 ejus
1155 2812 1310 2866 dictis
1330 2827 1604 2866 assensum
1633 2809 1894 2879 prmbens,
1923 2808 2032 2863 via—

452 2905 563 2960 tico
591 2905 969 2963 benedictionis
1000 2905 1311 2963 instructum
1338 2901 1503 2958 Iacob
1526 2901 1746 2955 dimisit.

505 2993 875 3067 Peregrinatio
899 2996 1078 3052 Jacobi
1108 3006 1362 3050 narratur.
1381 3024 1452 3033 —
1475 2994 1735 3048 Ca3tcrum
1761 2993 1806 3046 si
1835 2993 2027 3061 placet,

455 3097 510 3146 et
535 3105 638 3144 non
664 3088 1047 3158 defatigamini,
1071 3088 1342 3147 videamus
1360 3085 1626 3156 quomodo
1651 3085 2030 3154 peregrinatio-

457 3197 580 3235 nem
619 3179 1014 3237 obieritlacob.
1063 3179 1180 3240 Non
1225 3193 1449 3247 parvum
1491 3177 1636 3231 enim
1677 3184 1730 3230 et
1771 3176 1892 3230 hinc
1919 3175 2031 3228 fru-

456 3282 600 3327 ctum
633 3271 876 3338 accipere
907 3284 1222 3339 possumus,
1252 3269 1298 3326 si
1329 3268 1727 3328 attenderimus.
1760 3267 2032 3322 iustorum
2084 3315 2088 3318 .

457 3361 601 3420 enim
630 3365 965 3418 conversatio
1003 3371 1056 3418 et
1090 3361 1194 3415 vita
1222 3361 1382 3415 totius
1411 3359 1756 3429 philosophia:
1796 3358 2035 3413 continet

459 3452 780 3510 doctrinam.
806 3452 938 3507 Vide
969 3453 1124 3522 igitur
1151 3451 1291 3514 hunc
1313 3452 1583 3521 juvenem,
1616 3450 1704 3519 qui
1731 3449 1876 3504 domi
1900 3449 2032 3503 edu—

457 3551 628 3607 catus,
663 3543 753 3612 qui
778 3551 932 3600 antea
966 3557 1253 3612 numquam
1281 3540 1716 3612 peregrinationis
1741 3539 2034 3611 cujuspiam

459 3637 753 3705 periculum
790 3636 1020 3701 fecerat,
1066 3650 1356 3704 numquam
1409 3634 1462 3690 in
1507 3643 1767 3688 extranea
1817 3633 2035 3702 regione

460 3737 703 3786 versatus
747 3727 936 3792 fuerat,
981 3743 1150 3796 neque
1193 3741 1357 3797 grave
1389 3725 1592 3794 aliquid
1620 3733 1870 3793 expertus
1895 3732 2030 3790 erat,

457 3819 726 3888 quomodo
755 3819 856 3873 iter
881 3819 1120 3886 arripiat,
1151 3827 1207 3872 et
1233 3818 1378 3872 disce
1409 3816 1752 3887 philosomtia:
1773 3815 1912 3870 illius
1937 3832 2032 3871 ex-

458 3909 778 3964 cellentiam.
823 3909 909 3963 l0.
948 3907 1014 3970 Et
1049 3925 1274 3980 egressus
1301 3907 1458 3961 Iacob
1493 3924 1524 3960 a
1570 3909 1708 3978 fonte
1735 3906 2032 3975 juramenti,

462 3998 716 4069 profectus
754 4009 824 4057 est
853 4001 905 4052 in
934 3999 1182 4064 Charran,
1227 4000 1314 4052 ll.
1358 4009 1402 4050 et
1433 3998 1648 4053 occurrit
1674 3997 1784 4048 loco
1805 4037 1818 4060 ,
1851 4004 1895 4049 et
1917 3995 2037 4047 dor-

462 4091 600 4143 mivit
633 4091 769 4144 illic:
807 4091 1061 4148 occidebat
1096 4091 1229 4143 enim
1263 4089 1339 4142 sol
1359 4103 1378 4142 :
1408 4099 1453 4141 et
1478 4069 1665 4157 accepit
1694 4087 1757 4141 de
1783 4087 2036 4153 lapidibus

460 4182 580 4246 loci,
598 4193 646 4236 et
675 4183 840 4251 posuit
886 4183 952 4236 ad
986 4193 1138 4253 caput
1174 4198 1339 4246 suum,
1370 4191 1415 4235 et
1440 4181 1675 4234 dormivit
1703 4181 1762 4234 in
1788 4181 1916 4233 loco.
1942 4179 2035 4232 Vi-

460 4275 586 4328 disti
622 4274 942 4329 ineffabilem
981 4273 1406 4342 philosophiam?
1440 4272 1616 4330 vidisti
1651 4269 1918 4340 quomodo
1950 4285 2039 4324 vc-

463 4376 604 4419 tcres
629 4367 728 4420 iter
752 4365 1059 4419 faciebant?
1087 4366 1177 4419 Vir
1205 4364 1347 4420 domi
1379 4363 1634 4420 educatus
1663 4361 1870 4432 (rursus
1895 4360 2039 4414 enim

459 4471 524 4511 ea
544 4456 764 4525 dicam),
786 4465 1038 4525 tantoque
1063 4463 1304 4510 assuetus
1331 4453 1591 4514 famulitio
1620 4453 1878 4524 (Simplex
1895 4452 2038 4508 enim

459 4554 592 4610 erat,
623 4546 811 4613 inquit,
841 4557 888 4600 et
919 4548 1053 4599 danti
1080 4545 1308 4598 habitans
1329 4543 1585 4617 [Gen.25.
1605 4542 1698 4614 2'7]
1727 4545 1766 4612 ),
1800 4542 2038 4613 peregri-

465 4642 706 4698 naturus,
739 4650 909 4702 neque
930 4634 1187 4704 jumentis
1213 4635 1422 4704 egebat,
1447 4648 1618 4702 neque
1643 4631 1919 4706 ministris,
1948 4645 2041 4683 ne-

462 4739 568 4794 que
605 4723 810 4777 viaticis
835 4740 850 4789 ;
878 4725 970 4779 sed
1007 4725 1355 4794 apostolicum
1395 4739 1600 4780 morem
1640 4722 1893 4788 imitatus,
1938 4721 2040 4776 iter

466 4817 620 4870 facit:
647 4824 702 4869 et
729 4829 851 4869 cum
876 4817 1218 4872 occumberet
1247 4817 1349 4884 sol,
1392 4817 1461 4874 ibi
1489 4815 1759 4881 dormivit,
1791 4815 1878 4868 ubi
1918 4828 2042 4870 eum

466 4925 568 4963 nox
597 4908 1020 4978 comprehendit.
1054 4909 1277 4980 Accepit,
1308 4911 1494 4982 inquit,
1523 4909 1764 4981 lapidem,
1797 4917 1845 4972 et
1875 4907 2040 4974 posuit

463 5000 532 5052 ad
570 5010 722 5071 caput
759 5017 927 5055 suum.
960 5000 1090 5056 Vide
1126 5002 1273 5069 pueri
1307 5002 1505 5056 robur:
1540 4999 1714 5070 lapide
1749 5013 1842 5067 pro
1867 4997 2041 5067 pulvi-

468 5093 584 5147 nari
615 5108 742 5149 usus
763 5102 864 5158 est,
887 5102 943 5148 et
967 5107 1128 5162 super
1156 5093 1515 5161 pavimentum
1550 5089 1820 5146 dormivit.
1855 5088 2037 5158 Igitur,

465 5185 717 5253 quoniam
743 5185 880 5240 bene
906 5193 1166 5240 moratam
1193 5186 1426 5240 animam
1466 5181 1714 5248 habebat,
1747 5189 1801 5236 et
1831 5168 2049 5236 νὶιιίιειιΐ

468 5274 734 5343 spiritum,
764 5275 833 5330 ab
860 5276 1008 5330 omni
1033 5275 1273 5331 sweulari
1308 5275 1538 5331 vanitate
1577 5272 1822 5338 liberum,
1863 5271 2040 5337 admi-

469 5369 694 5424 rabilem
719 5367 978 5422 visionem
1013 5367 1157 5422 illam
1199 5366 1411 5422 meruit.
1459 5365 1570 5420 lloc
1597 5362 1738 5419 enim
1765 5377 1916 5419 more
1936 5365 2045 5432 agit

470 5463 723 5518 Dominus
743 5471 954 5527 noster;
983 5461 1194 5532 quando
1216 5461 1356 5536 videt
1375 5459 1605 5518 animam
1626 5460 1762 5516 bene
1775 5459 2041 5526 affectam,

468 5554 748 5620 pratscntia
775 5568 881 5608 non
921 5551 1097 5622 magni
1126 5550 1428 5619 facientem,
1456 5549 1740 5620 plurimam
1763 5549 1864 5606 sibi
1900 5549 2042 5604 illius

470 5657 650 5697 curam
672 5659 792 5699 esse
815 5643 1071 5700 declarat.

540 5734 594 5788 4.
639 5734 768 5791 Vide
811 5735 964 5806 igitur
997 5738 1195 5806 justum
1232 5735 1380 5791 illum
1410 5733 1463 5790 in
1499 5733 1617 5790 solo
1644 5732 1960 5800 cubantem,
1989 5739 2043 5787 et

1136 357 1188 411 s.
1230 326 1504 408 tomis
1540 335 2011 403 Ctmvsosront
2051 336 2363 396 ARCllIEP.
2391 341 2922 398 consummes

3573 337 3672 392 476

2104 453 2358 508 visionem
2388 453 2653 508 videntem
2678 493 2694 518 ,
2727 452 2833 507 imo
2863 451 3063 506 visione
3094 448 3295 505 Domini
3335 448 3550 517 dignum
3580 450 3672 501 ha-

2104 540 2287 599 bitum.
2318 543 2451 598 Dicit
2475 543 2614 597 enim
2641 560 2654 595 :
2687 542 2994 597 Obdormivit
3017 581 3033 607 ,
3063 543 3150 597 12.
3174 547 3219 594 et
3257 555 3368 592 ecce
3409 541 3545 592 scala
3571 552 3676 592 erat

2105 632 2306 700 ﬁrmata
2329 649 2479 700 super
2505 642 2706 696 terarum,
2729 634 2874 698 cuius
2902 641 3053 700 caput
3081 629 3383 698 pertingebat
3405 630 3454 681 in
3476 631 3678 692 cretum,

2107 733 2152 778 et
2179 724 2346 794 angi-li
2387 723 2481 778 Dei
2505 723 2832 779 ascendebant
2854 733 2900 777 et
2930 721 3286 777 descendebant
3315 737 3465 785 super
3504 737 3614 773 eam
3637 722 3675 774 ³.

2111 816 2196 869 15.
2227 815 2471 872 Dominus
2497 825 2663 868 autem
2686 815 2889 868 inrtixus
2922 822 3026 867 erat
3072 829 3223 880 super
3247 827 3357 864 eam
3382 853 3395 871 ,
3423 821 3469 864 et
3505 811 3635 864 dixit
3665 850 3678 863 .

2109 904 2223 974 Ego
2243 905 2381 960 Deus
2400 906 2672 971 Abraham,
2695 916 2741 960 et
2765 904 2900 958 Deus
2920 902 3071 956 Isaac
3091 902 3247 970 patris
3268 902 3340 953 tui
3367 916 3385 953 :
3407 916 3467 953 ne
3486 902 3684 956 timeas.

2109 994 2398 1054 Considera
2425 1037 2440 1064 ,
2469 997 2726 1060 obsecro,
2759 995 2845 1049 hic
2890 994 3142 1048 eximiam
3193 1006 3372 1046 curam
3409 980 3686 1046 elementis

2115 1086 2227 1141 Dei.
2256 1086 2390 1152 Quia
2429 1087 2641 1141 videbat
2682 1101 2804 1140 enin
2851 1084 3141 1140 secundum
3182 1083 3459 1146 consilium
3504 1084 3685 1136 matris

2115 1187 2329 1247 pr0pter
2357 1177 2599 1238 timorem
2645 1176 2819 1230 fratris
2860 1173 3336 1244 peregrinationem
3377 1174 3688 1240 suscipere,

2114 1278 2166 1330 et
2191 1268 2341 1337 quasi
2369 1282 2616 1330 erronem
2646 1266 2926 1337 quemdam
2954 1266 3052 1320 iter
3079 1264 3252 1320 facere
3275 1304 3289 1328 ,
3321 1262 3493 1316 solum
3532 1271 3688 1330 atque

2115 1359 2182 1416 ab
2223 1358 2340 1412 aliis
2367 1358 2686 1412 abstractum
2721 1357 3019 1425 nullamque
3057 1355 3336 1408 habentem
3365 1353 3686 1406 consolatio-

2118 1465 2238 1504 nem
2267 1448 2374 1503 ullo
2401 1463 2466 1502 ex
2497 1448 2637 1513 loco,
2670 1447 2763 1502 sed
2790 1455 2956 1502 totum
3000 1445 3052 1499 in
3103 1459 3392 1512 supernum
3438 1442 3689 1496 auxilium

2119 1538 2481 1606 projicientem
2511 1554 2526 1591 :
2551 1538 2726 1592 statim
2764 1538 2814 1592 in
2844 1537 2957 1605 ipso
2983 1536 3131 1593 initio
3159 1536 3342 1589 volens
3376 1534 3694 1588 continuare

2119 1629 2444 1688 alacritatem
2471 1629 2584 1699 ejus
2603 1669 2619 1693 ,
2648 1629 2696 1683 ei
2729 1637 2984 1698 apparet,
3007 1641 3071 1681 ac
3097 1626 3260 1682 dicit:
3287 1625 3398 1696 Ego
3420 1641 3532 1678 sum
3559 1623 3695 1678 Deus

2121 1720 2396 1784 Abraham,
2419 1730 2463 1777 et
2485 1718 2623 1772 Deus
2649 1719 2800 1773 Isaac
2822 1719 2980 1788 patris
3007 1718 3098 1770 tui.
3125 1717 3235 1786 Ego
3260 1724 3314 1770 et
3343 1713 3693 1785 patriarchatu

2122 1819 2175 1865 et
2203 1821 2401 1878 patrem
2439 1819 2583 1862 tuum
2625 1810 2676 1864 in
2706 1819 2905 1864 tantum
2937 1807 3274 1877 splendorem
3301 1807 3470 1862 evexi.
3495 1806 3571 1859 Ne
3601 1806 3695 1873 igi-

2126 1908 2209 1963 tur
2233 1901 2438 1965 timeas.
2461 1900 2554 1954 sed
2580 1900 2740 1954 crede
2771 1914 2873 1962 me,
2903 1899 2989 1967 qui
3018 1898 3227 1968 implevi
3258 1897 3360 1952 illis
3385 1897 3694 1967 promissio-

2126 2006 2250 2053 ncs,
2283 1999 2335 2044 et
2374 1999 2425 2048 te
2462 2006 2578 2050 mea
2608 2006 2732 2044 cura
2763 2000 2815 2043 et
2856 1989 3183 2059 providentia
3214 1988 3569 2058 dignaturum.
3621 1988 3700 2040 Ne

2127 2080 2314 2134 timeas
2363 2095 2524 2150 ergo,
2547 2081 2639 2134 sed
2666 2080 2872 2136 contide
2909 2097 2922 2134 :
2956 2089 3008 2134 et
3037 2081 3178 2133 omni
3209 2079 3395 2134 timore
3436 2077 3658 2146 depulso
3681 2119 3696 2143 ,

2126 2168 2284 2224 erede
2305 2170 2368 2224 iis
2394 2186 2511 2239 qua:
2539 2187 2568 2224 ει
2591 2186 2678 2225 me
2703 2171 2967 2225 dicuntur.
2995 2169 3194 2223 Etenim
3218 2179 3422 2234 terram,
3443 2170 3495 2222 in
3523 2186 3622 2239 qua
3647 2180 3700 2221 tu

2129 2259 2337 2327 dormis,
2360 2261 2447 2313 tibi
2471 2260 2600 2316 dabo
2626 2271 2670 2314 et
2704 2262 2878 2314 semini
2909 2262 2995 2313 tuo
3016 2302 3032 2326 ,
3065 2261 3147 2315 ll.
3185 2269 3231 2313 et
3259 2260 3349 2312 erit
3375 2276 3539 2314 semen
3562 2271 3702 2313 tuum

2128 2351 2254 2406 sicut
2299 2368 2454 2408 arena
2489 2353 2665 2407 maris.
2692 2351 2769 2407 Ne
2799 2361 2981 2421 putes,
3013 2352 3213 2420 inquit,
3248 2351 3366 2421 quia
3413 2351 3465 2403 in
3509 2360 3700 2404 terram

2129 2440 2356 2494 alienam
2384 2456 2524 2496 nunc
2551 2442 2721 2510 vadis,
2752 2441 3060 2510 privandum
3094 2450 3144 2495 te
3171 2450 3309 2495 terra
3339 2440 3390 2493 in
3419 2456 3520 2510 qna
3549 2450 3704 2493 natus

2129 2546 2210 2595 es,
2239 2531 2327 2587 ubi
2372 2532 2656 2598 educatus,
2706 2533 2793 2588 ubi
2840 2532 3132 2586 adolevisti.
3180 2532 3386 2587 Etenim
3433 2531 3525 2584 tibi
3567 2531 3732 2585 dabo

2132 2637 2247 2676 eam
2279 2632 2330 2676 et
2371 2625 2558 2677 semini
2589 2634 2696 2689 tuo,
2740 2625 2880 2694 quod
2909 2625 3046 2679 sicut
3079 2640 3294 2679 arenam
3331 2625 3491 2678 maris
3525 2623 3710 2691 augeri

2132 2714 2347 2776 curabo,
2371 2713 2439 2766 Et
2467 2715 2757 2768 dilatabitur
2780 2717 2846 2770 ad
2887 2732 3052 2782 mare,
3094 2725 3140 2768 et
3168 2717 3413 2787 africum,
3441 2724 3486 2768 et
3511 2724 3706 2782 septen-

2134 2805 2362 2868 trionem,
2393 2813 2439 2858 et
2467 2804 2701 2858 orientem
2727 2820 2746 2858 :
2777 2805 2876 2860 hoc
2896 2815 3014 2873 est,
3055 2805 3246 2872 ubique
3289 2803 3660 2873 propagabitur
3691 2819 3705 2854 :

2134 2893 2199 2948 Et
2217 2893 2562 2948 benedicentur
2582 2895 2632 2948 in
2654 2904 2700 2948 te
2720 2912 2889 2948 omnes
2906 2895 3062 2948 tribus
3087 2906 3248 2956 teme,
3265 2905 3309 2947 et
3326 2895 3375 2947 in
3397 2894 3581 2947 semine
3602 2903 3706 2945 tuo.

2209 2984 2470 3048 Quomodo
2516 2993 2741 3038 exerceat
2781 2985 3034 3054 iustorum
3072 2985 3402 3038 obedientiam
3434 2982 3591 3034 Deus.
3638 3011 3708 3020 —-

2137 3075 2269 3131 Vide
2294 3075 2559 3145 quomodo
2579 3075 2690 3144 jam
2717 3075 2892 3130 omnia
2921 3075 2967 3130 ei
2990 3091 3107 3145 qua:
3133 3083 3249 3142 post
3269 3074 3478 3142 longum
3504 3083 3709 3138 tempus

2135 3157 2387 3221 eventura
2410 3175 2589 3232 erant,
2621 3165 2882 3234 praedicit.
2914 3166 3009 3221 llic
3037 3165 3178 3220 enim
3205 3179 3321 3219 mos
3359 3173 3442 3218 est
3470 3163 3708 3215 omnium

2137 3257 2382 3321 Domino,
2407 3265 2462 3310 ut
2485 3255 2702 3326 singulis
2731 3255 2942 3324 quidem
2966 3255 3124 3324 justis
3153 3269 3212 3308 se
3241 3253 3292 3308 id
3315 3254 3566 3306 facturum
3599 3250 3710 3319 pol-

2137 3347 2374 3412 liceatur,
2406 3361 2510 3400 non
2549 3354 2725 3400 autem
2763 3345 3013 3400 continuo
3042 3344 3420 3412 promissiones
3451 3341 3664 3410 impleat
3693 3357 3710 3400 ;

2135 3437 2230 3492 sed
2255 3445 2500 3491 exerceat
2520 3435 2784 3504 justorum
2817 3434 3171 3488 obedientiam
3197 3443 3249 3488 et
3275 3432 3603 3503 patientiam,
3627 3438 3711 3483 at-

2137 3544 2239 3598 que
2281 3527 2360 3583 sic
2407 3526 2570 3582 multa
2622 3539 2742 3580 cum
2788 3524 3105 3580 liberalitate
3160 3523 3376 3592 impleat
3426 3520 3710 3590 promissa.

2139 3618 2338 3674 Deinde
2371 3617 2459 3674 ubi
2489 3617 2750 3686 pollicitus
2777 3625 2858 3671 est
2885 3616 2933 3670 ei
2961 3614 3154 3678 futura,
3184 3629 3304 3667 cum
3336 3613 3596 3681 indigeret
3621 3609 3711 3678 ju-

2137 3721 2250 3768 Stus
2281 3711 2332 3766 in
2371 3710 2528 3765 rebus
2572 3707 2916 3776 praesentibus
2944 3720 3047 3760 non
3078 3704 3278 3774 vulgari
3307 3701 3666 3757 consolatione
3695 3716 3710 3752 :

2138 3803 2258 3857 vide
2299 3802 2565 3872 quomodo
2603 3800 2864 3870 benignus
2895 3798 3145 3852 Dominus
3183 3794 3355 3849 futura
3384 3793 3712 3862 polliceatur,

2139 3905 2190 3950 et
2221 3910 2317 3963 per
2337 3895 2422 3948 illa
2451 3895 2560 3962 ipsa
2585 3909 2702 3962 qua:
2733 3905 2871 3946 nunc
2900 3891 2950 3944 in
2979 3905 3098 3945 eum
3121 3888 3375 3949 declarat,
3413 3885 3481 3940 de
3519 3883 3622 3937 illis
3648 3882 3712 3935 fi-

2139 3985 2346 4042 duciam
2375 3985 2525 4039 indit.
2555 3983 2690 4038 Dicit
2716 3984 2854 4036 enim
2889 3998 2902 4033 ε
2934 3981 3011 4034 Ne
3041 3989 3193 4048 putes
3231 3992 3314 4030 me
3341 3976 3454 4029 haec
3480 3976 3590 4029 sola
3622 3975 3712 4028 tibi

2142 4077 2375 4148 polliceri
2403 4092 2416 4140 ;
2455 4075 2549 4130 sed
2578 4085 2630 4128 et
2673 4087 2813 4127 nunc
2840 4073 2922 4125 l5.
2963 4069 3146 4122 Tecum
3175 4085 3315 4133 sum,
3341 4067 3622 4120 custodiens
3669 4075 3716 4120 te

2140 4169 2192 4224 in
2220 4167 2356 4224 omni
2386 4167 2484 4232 via,
2511 4181 2610 4230 quo
2635 4164 2796 4218 vadis.
2829 4161 2907 4216 Ne
2937 4162 3094 4232 igitur
3125 4170 3296 4229 putes,
3328 4158 3515 4227 inquit,
3543 4165 3593 4212 te
3620 4172 3710 4211 so-

2143 4261 2252 4315 lum
2293 4260 2388 4314 iter
2435 4256 2609 4312 facere
2651 4272 2664 4308 :
2707 4271 2791 4310 me
2821 4251 3040 4308 habebis
3083 4249 3285 4304 itineris
3324 4247 3603 4313 comitem,
3631 4262 3716 4301 me

2143 4349 2359 4404 habebis
2387 4345 2660 4402 custodem
2693 4345 2745 4399 in
2790 4343 2935 4398 omni
2971 4340 3050 4394 via
3071 4381 3087 4407 ,
3119 4339 3295 4396 omnia
3341 4337 3432 4393 tibi
3483 4336 3715 4391 difficilia

2145 4439 2312 4496 facilia
2353 4437 2685 4496 reddentem.
2711 4434 2912 4490 Exinde
2958 4434 3126 4507 magis
3166 4447 3367 4502 augens
3393 4431 3716 4486 consolatio-

2144 4548 2296 4599 nem,
2321 4532 2429 4602 jam
2477 4527 2709 4600 praedicit
2735 4528 2782 4582 ei
2811 4526 3040 4582 reditum
3077 4525 3143 4579 ad
3173 4539 3288 4578 sua.
3317 4523 3385 4576 Et
3422 4522 3596 4578 reverti
3635 4527 3717 4590 fa-

2142 4625 2272 4680 ciam
2299 4633 2364 4690 te,
2388 4621 2578 4691 inquit,
2607 4621 2659 4676 in
2699 4627 2880 4673 terram
2905 4621 3054 4672 hanc.
3084 4616 3162 4670 Ne
3191 4614 3441 4671 formidas
3466 4656 3480 4680 ,
3509 4613 3677 4682 inquit
3699 4651 3715 4673 ,

2142 4716 2292 4788 quasi
2323 4715 2377 4769 in
2401 4714 2570 4768 aliena
2601 4721 2738 4766 terra
2765 4717 3088 4765 versatur-us.
3119 4706 3182 4760 Et
3202 4708 3436 4760 reducam
3461 4714 3506 4758 te
3532 4704 3585 4756 in
3615 4713 3718 4754 ter-

2143 4826 2255 4863 ram
2274 4809 2425 4876 hanc,
2447 4815 2493 4860 et
2509 4805 2709 4859 minime
2729 4813 2775 4858 tc
2802 4802 3159 4872 derelinquam,
3183 4799 3340 4853 donec
3361 4801 3525 4867 fecero
3553 4793 3718 4846 onmia

2143 4916 2257 4972 qua:
2284 4902 2519 4970 loquutus
2564 4913 2675 4952 sum
2713 4896 2818 4949 tibi.
2850 4893 2963 4950 Non
3012 4892 3298 4962 despiciam
3337 4899 3388 4942 te
3411 4928 3426 4950 ,
3457 4900 3627 4952 neque
3667 4893 3718 4938 te

2145 4990 2352 5047 consilii
2378 4991 2587 5058 inopem
2612 4987 2781 5042 sinam
2806 5001 2821 5050 ;
2845 4985 2938 5041 sed
2964 4984 3079 5039 hate
3109 4993 3448 5052 quaecumque
3474 4976 3562 5030 tibi
3594 4992 3718 5044 pro-

2145 5083 2264 5139 misi
2307 5083 2359 5136 in
2401 5094 2535 5150 opus
2570 5079 2848 5134 adducam.
2873 5074 3146 5143 Quomodo
3183 5071 3301 5141 quis
3332 5084 3425 5138 pro
3463 5068 3720 5136 dignitate

2145 5173 2493 5230 admirabitur
2528 5181 2583 5228 et
2622 5169 2960 5239 obstupescet
2986 5163 3224 5220 divinam
3247 5162 3629 5234 benignitatem
3666 5166 3719 5212 et

2147 5265 2571 5324 inmstimabilem
2620 5257 3041 5332 indulgentiam?
3073 5255 3204 5310 Vide
3259 5253 3400 5308 enim
3461 5260 3714 5322 quantum

2147 5357 2355 5432 pondus
2378 5356 2788 5428 promissionum
2813 5351 2902 5406 dat
2923 5349 3086 5420 justo,
3111 5355 3165 5402 et
3189 5343 3456 5416 quomodo
3483 5343 3715 5395 animum

2147 5431 2266 5524 ejus
2292 5451 2484 5507 erexit.
2513 5448 2698 5518 Cogita
2740 5446 2865 5500 item
2903 5451 2958 5498 et
2999 5439 3127 5510 justi
3166 5436 3322 5504 hujus
3359 5443 3564 5503 gratum
3593 5431 3717 5485 atte-

2202 5560 2220 5593 ι
2248 5559 2315 5607 Its
2341 5555 2506 5606 Codex
2533 5564 2680 5604 unus,
2703 5554 2851 5608 atque
2882 5542 2954 5593 sic
2977 5535 3473 5608 habeturiulllibliis
3503 5532 3714 5608 graecis,

2141 5630 2194 5671 et
2218 5598 2403 5669 eodem
2415 5598 2579 5664 Vini—nlo
2617 5598 2744 5672 legit
2771 5598 3057 5672 'lnterpres:
3085 5603 3147 5672 ln_
3168 5598 3344 5672 Editis,
3388 5605 3441 5646 et
3473 5598 3584 5672 aliis
3611 5608 3693 5672 ora
3712 5623 3718 5628 -

2805 5657 3149 5721 descendebant
3209 5661 3324 5725 (καὶ
3387 5661 3662 5708 κατέϐαινον
3675 5657 3718 5718 ),

2141 5747 2336 5795 dcsunl.
