4142 6206
564 308 665 365 (τι

560 422 912 492 ὑποσχέσεων
963 418 1253 489 ἐποιήσατο
1288 415 1423 486 πρὸς
1464 416 1555 468 τὸν
1594 414 1821 477 δίκαιον,
1856 413 1950 467 καὶ
1977 413 2125 475 ὅπως

560 506 728 561 αὐτοῦ
751 504 813 557 τὸ
841 502 1094 573 φρόνημα
1120 497 1455 565 διανέστησε.
1499 496 1608 548 Kal
1654 495 1874 549 ἐπειδὰν
1913 493 2127 562 θαυμά-

564 606 664 660 σῃς
701 586 793 640 τοῦ
838 583 971 637 Θεοῦ
1004 583 1104 651 τὴν
1156 577 1581 649 φιλανθρωπίαν,
1611 576 1779 630 ἐννόει
1822 578 1915 631 καὶ
1934 576 2030 629 τοῦ
2048 575 2129 628 δι-

562 671 720 725 καίου
775 666 962 721 τούτου
997 663 1094 734 τὴν
1133 660 1570 730 εὐγνωμοσύνην,
1614 660 1708 714 καὶ
1745 661 1828 714 ὅτι
1875 661 2013 730 μετά
2041 677 2131 712 το-

563 752 767 814 σαύτας
787 747 1105 818 ὑποσχέσεις
1129 744 1329 798 εῐκοσιν
1360 742 1495 796 ἐτῶν
1522 743 1752 814 ἀριθμὸν
1779 742 2130 813 ταλαιπωρη-

562 836 673 899 θεὶς
709 832 859 901 παρά
886 829 963 900 τῷ
1006 826 1212 890 Δάὸαν,
1245 827 1358 879 ,οὐκ
1409 825 1787 896 ἐδυσχέρανεν,
1833 828 1935 905 οὐκ
1966 826 2128 895 ἐνάρ-

560 934 695 987 κησε
720 916 855 985 πρὸς
875 913 934 966 τὸ
963 912 1134 982 μῆκος
1153 910 1247 962 τοῦ
1271 910 1483 981 χρόνου*
1504 910 1641 963 ἀλλά
1666 910 1844 963 πάντα
1865 910 2131 979 γενναίως

559 1002 787 1070 ἔφερεν,
847 994 1131 1066 ἀναμένων
1166 993 1274 1046 τῶν
1323 992 1666 1062 ὑποσχέσεων
1718 993 1781 1046 τὸ
1827 993 1998 1058 τέλος,
2038 990 2131 1047 καὶ

560 1081 711 1144 εἰδὼς
750 1080 825 1143 ὡς
849 1078 945 1147 οὐχ
971 1072 1082 1130 οἷόν
1103 1093 1164 1129 τε
1196 1074 1265 1128 τὰ
1295 1074 1447 1146 παρὰ
1474 1074 1566 1128 τοῦ
1596 1074 1731 1128 Θεοῦ
1752 1074 1989 1147 ρηθέντα
2015 1075 2130 1128 δια·-

561 1167 769 1228 πεσεῖν,
803 1161 898 1217 καὶ
944 1160 1175 1231 μάλιστα
1209 1157 1427 1211 ἐπειδάν
1458 1160 1622 1229 ήμεῖς
1662 1160 1732 1213 τά
1764 1161 1894 1230 παρ’
1924 1158 2132 1212 ἑαυτῶν

560 1248 896 1315 εἰσενεγκεῖν
926 1240 1448 1312 σπουδάζωμεν,τήν
1469 1242 1673 1306 πίστιν,
1707 1243 1806 1313 τὴν
1831 1243 2127 1313 ὑπομονὴν,

559 1333 623 1386 τὸ
651 1332 765 1393 τοῖς
799 1330 964 1398 μήπω
1007 1325 1306 1395 γεγονόσιν,
1354 1324 1579 1377 ἐπειδὰν
1602 1326 1638 1378 ό
1681 1325 1959 1395 Δεσπότης
1995 1324 2131 1378 ὑπό-

563 1430 781 1485 σχηται,
818 1412 893 1475 ὡς
931 1411 1037 1482 ήδη
1065 1409 1145 1472 είς
1188 1408 1348 1479 ἔργον
1381 1406 1658 1471 ἐξελθοῦσι
1686 1407 1929 1480 θαρρεῖν.
1961 1407 2132 1461 Τοῦτο

561 1499 668 1568 γὰρ
700 1493 915 1565 ἀληθῶς
943 1494 1141 1556 πίστις,
1172 1490 1233 1543 τὸ
1259 1490 1334 1562 μὴ
1366 1493 1479 1554 τοῖς
1498 1489 1795 1562 ὁρωμένοις
1819 1492 2128 1562 προσέχειν,

563 1582 669 1634 κᾶν
704 1578 920 1631 ἐναντία
1008 1575 1079 1629 τὰ
1105 1575 1363 1645 γινόμενα
1394 1576 1462 1645 τῇ
1508 1574 1819 1644 ὑποσχέσει,
1838 1575 1974 1631 ἀλλά
1996 1575 2132 1649 θαρ-

566 1664 680 1733 ρεῖν
712 1663 777 1729 τῇ
803 1659 1026 1729 δυνάμει
1055 1657 1149 1710 τοῦ
1179 1654 1669 1735 ἐπαγγειλαμένου.
1689 1657 1910 1721 Τέωςδέ
1933 1657 2131 1728 ἴδωμεν

564 1743 657 1797 τοῦ
673 1742 878 1797 δικαίου
899 1740 1087 1795 τούτου
1107 1739 1207 1811 τὴν
1226 1738 1664 1811 εὐγνωμοσύνην.
1695 1739 1805 1793 Kal
1817 1739 2127 1809 ἐξηγέρθη,

565 1827 751 1896 φησὶν,
798 1824 1010 1879 Ἰακὼὸ
1041 1822 1161 1877 ἀπὸ
1199 1822 1306 1877 τοῦ
1335 1823 1532 1877 ὕπνου
1569 1819 1777 1889 αὑτοῦ,
1811 1822 1908 1875 καὶ
1928 1818 2128 1887 εἶπεν,

558 1909 657 1963 ὅτι
699 1907 862 1962 Ἕστί
896 1906 1109 1974 Κύριος
1128 1905 1198 1959 ἐν
1232 1903 1313 1970 τῷ
1338 1905 1497 1969 τόπῳ
1522 1904 1729 1970 τούτῳ,
1770 1902 1886 1973 ἐγὼ
1921 1904 1991 1959 δὲ
2018 1908 2132 1960 οὐκ
2160 1970 2163 1975 _

566 1990 757 2060 ᾔδειν.
797 1991 904 2044 Kal
934 1990 1219 2058 ἐφοϐήθη,
1249 1988 1345 2041 καί
1369 1982 1559 2041 εἷπενο
1577 1985 1670 2053 Ὠς
1691 1988 1942 2057 φοϐερὸς
1978 1991 2011 2042 ό
2039 1989 2134 2043 τό·

561 2090 679 2142 πος
695 2069 1021 2141 οὗτος.ούιι
1042 2072 1176 2127 ἐστι
1196 2071 1372 2125 τοῦτο
1385 2110 1401 2134 ,
1429 2070 1568 2126 ἀλλ’
1586 2070 1627 2140 ἢ
1647 2068 1809 2137 οἶκος
1835 2071 2003 2137 Θεοῦ,
2032 2070 2131 2125 καὶ

556 2159 718 2226 αὕτη
753 2158 792 2225 ἡ
811 2157 977 2223 πύλη
1010 2153 1118 2209 τοῦ
1146 2152 1428 2222 ούρανοῦ.
1457 2153 1863 2222 Καταπλαγεὶς,
1903 2156 2088 2227 φησὶν,
2107 2155 2136 2208 ό

556 2246 792 2307 δίκαιος,
805 2241 904 2313 τὴν
922 2241 1121 2313 πολλὴν
1139 2239 1235 2294 τοῦ
1265 2240 1401 2294 Θεοῦ
1431 2240 1841 2314 φιλανθρωπίαν
1867 2242 2132 2313 ἐφοϐήθη,

561 2329 657 2384 καὶ
691 2322 999 2381 dav-0i»:
1022 2325 1154 2379 ἔστι
1176 2324 1353 2379 τοῦτο
1407 2325 1545 2380 ἀλλ’
1571 2326 1611 2394 ἢ
1646 2321 1809 2392 οἰκος
1831 2326 1940 2381 τοῦ
1963 2327 2134 2390 Θεοῦ,

565 2411 667 2468 καί
684 2409 835 2477 αὕτη
856 2416 895 2478 η
916 2409 1081 2474 πύλη
1100 2407 1208 2461 τοῦ
1221 2406 1502 2474 οὐρανοῦ.
1525 2400 1696 2471 Οὗτος
1717 2408 1747 2460 ό
1770 2408 1934 2472 τόπος
1953 2409 2138 2465 λοιπὸν

556 2494 691 2566 ἐμοὶ
713 2488 859 2555 οἶκος
893 2489 987 2545 τοῦ
1017 2487 1152 2544 Θεοῦ
1195 2488 1527 2559 νενόμισται.
1575 2490 1854 2561 Τοσαύτης
1890 2486 1985 2545 οὖν
2011 2493 2136 2546 ἐπι-

562 2577 792 2649 φανείας
815 2574 1086 2639 ἀξιωθεὶς,
1123 2573 1216 2626 καὶ
1249 2573 1438 2642 αὐτὴν,
1486 2573 1566 2636 ὼς
1595 2575 1792 2635 είπεῖν,
1830 2574 1929 2646 τήν
1961 2574 2138 2644 πύλην

565 2659 661 2715 τοῦ
698 2656 927 2728 οὐρανοῦ
968 2653 1323 2723 θεασάμενος,
1352 2652 1556 2719 δίκαιος
1601 2654 1667 2708 ἂν
1714 2654 1832 2727 είην
1860 2657 1958 2729 τήν
1987 2658 2138 2726 ὀφει-

560 2740 799 2810 λομένην
826 2736 1174 2808 εὐχαριστίαν
1206 2736 1514 2802 ἀνενεγκεῖν
1560 2736 1792 2793 ἐνταῦθα
1826 2737 1903 2809 τῷ
1930 2738 2136 2794 Δεσπό-

565 2839 655 2893 τῃ.
696 2820 801 2875 Kal
839 2814 1064 2893 ἀνέστη
1116 2816 1341 2884 Ἰακὼϐ,
1378 2817 1477 2871 καὶ
1507 2818 1686 2873 ἔλαϐε
1708 2820 1816 2873 τὸν
1838 2822 2030 2885 λίθον,
2064 2819 2138 2876 ὃν

566 2904 694 2973 εἶχε
737 2903 885 2970 πρὸς
931 2900 1207 2981 κεφαλὴν
1245 2902 1451 2968 αὑτοῦ,
1492 2901 1589 2954 καὶ
1637 2903 1902 2971 ἔστησεν
1948 2905 2138 2959 αὑτὸν

562 2982 825 3054 στήλην,
849 2981 944 3037 καὶ
968 2982 1214 3053 ἐπέχεεν
1245 2983 1452 3038 ἔλαιον
1479 2984 1575 3037 ἐπὶ
1610 2984 1675 3037 τὸ
1706 2984 1892 3052 ἄκρον
1922 2987 2134 3054 αὐτῆς.

566 3070 677 3126 Kal
712 3067 1007 3122 ἐκάλεσεν
1043 3067 1252 3127 Ἰακὼό
1276 3066 1344 3120 τὸ
1395 3065 1581 3135 ὄνομα
1624 3067 1728 3122 τοῦ
1765 3070 1952 3124 τόπου
1979 3071 2136 3123 ἐκεί-

565 3169 699 3215 νου,
735 3148 909 3216 Οἶκος
934 3149 1103 3204 Θεοῦ.
1137 3149 1385 3217 Ἕτερον
1412 3147 1521 3216 γὰρ
1546 3145 1626 3218 ἦν
1653 3149 1842 3218 ὄνομα
1874 3149 1953 3215 τῷ
1977 3155 2139 3220 τόπῳ

565 3235 634 3287 τὸ
662 3235 964 3302 πρότερον.
1006 3232 1220 3302 Ἐπειδὴ
1244 3230 1495 3302 μεγάλων
1529 3230 1735 3303 ήξιώθη
1766 3232 2016 3306 διὰ[5291
2037 3235 2139 3305 τῆς

560 3315 856 3379 ὀπτασίας,
883 3317 949 3386 τῇ
980 3313 1317 3387 προσηγορίᾳ
1355 3312 1454 3384 τὴν
1485 3318 1704 3384 μνήμην
1726 3315 2139 3370 ἐναποτίθεσθαι

562 3396 815 3470 βούλεται
848 3396 925 3466 τῷ
948 3397 1116 3466 τόπῳ,
1150 3397 1243 3449 καί⁵
1267 3395 1535 3466 ἐπίσημον
1550 3398 1630 3460 είς
1658 3395 1717 3450 τὸ
1746 3396 1871 3467 ἐξῆς
1897 3398 2138 3467 ἐργάσα-

568 3480 714 3534 σθαι.
737 3479 852 3538 Καὶ
884 3480 974 3533 τὸν
1002 3478 1149 3531 λίθον
1178 3478 1300 3531 ἀντὶ
1326 3477 1423 3547 τῆς
1465 3479 1664 3549 στήλης
1696 3481 1918 3550 στήσας,
1951 3482 2043 3533 καὶ
2077 3481 2138 3533 τὸ

564 3561 744 3615 ἔλαιον
770 3562 993 3633 ἐπιχέας
1026 3559 1203 3631 (τοῦτο
1232 3558 1340 3632 γὰρ
1377 3558 1538 3612 αὐτὸν
1569 3560 1729 3630 μόνον
1763 3560 1908 3625 εἰκὸς
1946 3562 2139 3632 ἐπιφέ-

567 3645 780 3716 ρεσθαι,
817 3645 910 3700 ἀτε
932 3644 1103 3708 οὕτως
1124 3640 1551 3712 ὁδοιποροῦντα),
1582 3641 1746 3713 εὐχήν
1776 3644 2041 3713 προσάγει
2060 3645 2139 3717 τῷ

568 3727 933 3799 φιλανθρώπῳ
959 3726 1077 3797 Θεῷ
1106 3724 1283 3797 πάσης
1318 3724 1594 3795 γέμουσαν
1625 3724 1960 3794 φιλοσοφίας.

638 3839 698 3887 ε’.
736 3832 844 3887 Καὶ
873 3835 921 3888 εί
951 3831 1226 3903 βούλεσθε,
1261 3831 1356 3885 καί
1386 3829 1564 3884 αὐτῶν
1600 3830 1992 3903 ἐπακούσωμεν
2031 3833 2139 3887 τῶν

563 3916 847 3990 ῥημάτων.
881 3917 1115 3981 Πῦξατο
1142 3916 1270 3987 γὰρ,
1302 3914 1486 3986 φησὶν,
1518 3913 1730 3984 εὐχὴν⁹
1758 3913 1973 3984 λέγων.
2000 3916 2141 3970 Ἐὰν

562 3993 607 4069 ᾖ
636 4000 907 4067 Κύριος,ό
942 3998 1086 4064 Θεὸς
1111 4001 1238 4067 μετ’
1267 3997 1433 4066 ἐμοῦ,
1461 3996 1559 4051 καί
1600 3995 1845 4066 φυλάξῃ
1868 4014 1945 4066 με
1968 3999 2038 4051 ἐν
2064 3997 2144 4069 τῇ

561 4081 688 4147 ὁδῷ
706 4083 913 4148 ταύτῃ,
947 4076 987 4151 ἦ
1025 4081 1141 4148 ἐγὼ
1191 4082 1533 4148 πορεύομαι.
1576 4080 1794 4151 Ἐπειδὴ
1846 4075 2029 4145 εἶπεν,
2058 4082 2140 4136 ὃτι

581 4164 722 4231 Ἐγώ
744 4166 860 4230 εἰμι
880 4162 1031 4230 μετὰ
1059 4162 1204 4224 σοῦ,
1229 4161 1327 4215 καί
1348 4160 1704 4230 duaspva
1723 4179 1798 4217 σε
1815 4164 1886 4217 ἐν
1903 4164 1980 4233 τῇ
1998 4164 2136 4231 ὀδῷ,

565 4238 607 4316 ᾖ
633 4243 745 4297 ἐὰν
760 4243 1011 4311 πορεύῃ·
1027 4241 1115 4295 διὰ
1140 4242 1296 4308 τοῦτο
1323 4243 1418 4297 καὶ
1441 4244 1603 4308 αὐτός
1631 4262 1798 4315 φησιν
1814 4262 1831 4278 ο
1857 4244 1922 4299 Εἰ
1955 4248 2142 4303 ἐκεῖνά

571 4344 663 4398 μοι
694 4325 946 4398 ὑπάρξει,
992 4324 1135 4396 άπερ
1182 4343 1273 4395 μοι
1324 4325 1582 4396 ὑπέσχου.
1630 4324 1765 4383 Εἶτα
1802 4330 1897 4384 καὶ
1923 4331 2139 4400 αἴτησιν

562 4409 773 4464 οἴκοθεν
791 4408 1109 4482 προσφέρει,
1126 4408 1318 4477 λέγων,
1354 4401 1485 4464 Ἐὰν
1496 4408 1579 4475 δῷ
1600 4428 1701 4480 μοι
1722 4413 1935 4480 Κύριος
1956 4413 2141 4483 ἄρτον

567 4491 669 4545 καί
698 4490 931 4560 ἱμάτιον
953 4491 1395 4558 περιϐαλέσθαι.
1438 4491 1515 4546 Οὐ
1556 4491 1803 4561 πλοῦτον,
1831 4496 1894 4549 οὐ
1920 4512 2139 4567 περιου-

568 4573 692 4626 σίαν
718 4572 838 4626 τινὰ
867 4573 1086 4644 ᾔτησεν,
1115 4572 1230 4626 ἀλλ’
1264 4574 1426 4646 ἄρτον
1464 4574 1558 4628 καὶ
1589 4577 1904 4646 ἰμάτιον,τδ
1935 4580 2035 4649 μὲν
2057 4580 2139 4643 εἰς

565 4649 792 4727 τήντοῦ
843 4650 1093 4721 σώματος
1128 4651 1439 4724 περιόολὴν,
1486 4652 1548 4705 τὸ
1576 4652 1631 4706 δέ
1666 4655 1746 4718 εἰς
1789 4657 1997 4726 τροφὴν
2036 4656 2137 4727 τῆς

564 4726 773 4801 χρείας.
805 4729 1001 4782 Σκόπει
1027 4729 1140 4793 πῶς
1177 4730 1534 4786 ἀποστολικδν
1571 4733 1900 4803 χαρακτῆρα
1927 4734 2015 4788 διὰ
2039 4726 2138 4807 τῆς

568 4811 831 4881 αἰτήσεως
870 4813 999 4883 ήμῖν
1022 4812 1241 4883 ήνίξατο
1268 4830 1282 4845 υ
1318 4814 1460 4867 οῦτω
1493 4815 1693 4885 πολλῆς
1715 4814 1880 4885 ἔγεμε
1919 4817 2018 4888 τῆς
2045 4836 2135 4889 φι-

566 4891 818 4962 λοσοφίας
843 4892 937 4948 τοῦ
963 4894 1168 4951 δικαίου
1205 4896 1265 4950 τὸ
1295 4898 1569 4969 φρόνημα.
1598 4898 1777 4968 Ὅπερ
1800 4898 1909 4971 7&9
1932 4903 1961 4955 ό
1999 4902 2136 4973 Χρι-

570 4978 692 5040 στὸς
725 4976 896 5047 ἔλεγε,
920 4977 1018 5046 Μὴ
1059 4980 1371 5048 κτήσησθε
1389 4980 1643 5049 χρυσὸν,
1656 4981 1813 5050 μηδὲ
1829 4982 2132 5053 ἀργύριον,

560 5056 717 5127 μηδὲ
739 5058 848 5112 δύο
876 5057 1148 5126 χιτῶνας,
1192 5058 1351 5113 τοῦτο
1375 5057 1529 5123 οὗτος
1572 5062 1785 5116 οὐδέπω
1825 5066 1955 5134 παρ’
1985 5065 2136 5118 οὐδε-

566 5142 653 5205 νὺς
670 5140 955 5212 διδαχθεὶς,
989 5143 1101 5195 ἀλλ’
1131 5142 1342 5198 οἴκοθεν
1371 5142 1467 5197 καὶ
1498 5144 1562 5198 ἐκ
1584 5146 1678 5199 τοῦ
1713 5146 2032 5214 ἐγκειμένου
2065 5151 2133 5219 τῇ

566 5226 725 5296 φύσει
749 5230 815 5298 τῇ
843 5230 1086 5300 ἡμετέρᾳ
1105 5229 1424 5284 διδασκάλου
1448 5230 1619 5285 ταῦτα
1645 5231 1854 5301 μαθὼν,
1876 5234 2131 5305 ἐίιτεζήτε⁹

565 5305 714 5376 παρὰ
740 5307 835 5361 τοῦ
869 5308 1138 5361 Δεσπότου
1171 5308 1319 5379 αὐτῷ
1357 5310 1787 5380 παρασχεθῆναι,
1828 5312 1993 5383 ἄρτον
2029 5331 2134 5383 φα-

563 5390 680 5455 γεῖν
712 5389 805 5443 καὶ
845 5389 1056 5459 ἱμάτιον
1086 5391 1492 5462 περιϐαλέσθαι.
1541 5392 1663 5447 Ἐὰν
1691 5393 1866 5448 ταῦτά
1893 5412 2005 5465 μοι,
2033 5414 2138 5467 φη-

565 5471 671 5534 σὶν,
702 5468 918 5544 ὑπάρξῃ
944 5473 1037 5525 ἐπὶ
1065 5473 1162 5542 τῆς
1193 5474 1496 5547 ἀλλοτρίας,
1533 5474 1642 5530 Kal
1669 5476 2026 5547 ἀποστρέψῃ
2056 5496 2135 5547 με

538 5552 711 5620 μετὰ
768 5555 1065 5621 σωτηρίας
1113 5558 1201 5622 εἰς
1245 5546 1363 5610 τὸν
1389 5546 1557 5611 οἷκον
1590 5559 1697 5613 τοῦ
1735 5562 1957 5629 πατρός
1990 5546 2131 5630 μου,

566 5633 815 5707 καθάπερ
870 5637 1152 5707 ὑπέσχετοο
1210 5639 1319 5692 Kal
1382 5640 1551 5693 ἕσται
1603 5641 1817 5708 Κύριος
1859 5643 1988 5710 ἐμοὶ
2042 5647 2134 5708 εἰς

569 5714 739 5775 Θεὸν,
790 5717 887 5769 καί
941 5721 973 5771 ό
1028 5721 1198 5784 λίθος
1249 5716 1444 5786 οὗτος,
1488 5721 1560 5775 ὃν
1593 5722 1830 5790 ἕστησα
1872 5724 2131 5791 στήλην,

567 5794 740 5846 ἔσται
773 5812 865 5862 μοι
888 5796 1054 5865 οἶκος
1079 5801 1246 5854 Θεοῦ·
1273 5801 1371 5854 καί
1403 5802 1641 5856 πάντων
1659 5799 1746 5856 ὧν
1764 5804 1841 5856 ἄν
1861 5821 1959 5872 μοι
1993 5806 2131 5872 δῷς,

563 5875 833 5952 δεκάτην
860 5879 1284 5943 ἀποδεκατώσω
1311 5883 1459 5936 (ιε-τά
1482 5900 1596 5938 σοι.
1630 5887 1767 5957 Ὅρα
1800 5885 1893 5938 τοῦ
1925 5886 2131 5942 δικαίου

1272 298 1329 356 S.
1364 295 1646 354 JOANNIS
1681 292 2164 351 οηιιιεοετοιιι
2206 288 2526 347 ARCIIIEP.
2567 282 3115 342 CONSTANTINOP.

2236 410 2336 480 τὴν
2387 402 2823 475 εὐγνωμοσύνην.
2873 400 2983 472 Τὴν
3028 399 3241 471 αῖτησιν
3307 398 3403 469 μὲν
3460 398 3813 467 αἰτούμενος,

2233 495 2383 549 οὐδὲν
2417 490 2705 553 πολυτελὲς
2740 489 2959 558 αἰτῆσαι
2993 487 3335 554 κατεδέξατο,
3371 486 3487 540 ἀλλ’
3521 487 3686 556 άρτον
3715 485 3824 536 καί

2236 586 2468 657 ἱμάτιον·
2499 580 2927 652 ὑπισχνούμενος
2962 579 3019 632 δὲ
3045 579 3113 632 τὰ
3131 579 3259 648 παρ’
3284 576 3484 630 ἑαυτοῦ
3509 577 3586 647 τῷ
3606 574 3825 628 Δεσπόο

2232 690 2323 744 τῃ,
2356 670 2509 734 εἰδὼς
2558 669 2722 723 αὐτοῦ
2743 669 2805 723 τὸ
2844 668 3121 737 φιλότιμον
3148 667 3208 720 ὲν
3247 669 3370 732 ταῖς
3420 666 3673 735 δωρεαῖς,
3717 662 3819 716 καὶ

2232 750 2318 809 ετδι
2384 753 2700 825 ὑπερϐαίνει
2758 754 2877 814 ταῖς
2935 750 3235 804 ἀντιδόσεσι
3288 750 3389 813 τὰς
3441 746 3649 809 ἐννοίας
3690 745 3821 825 λιτὰς

2236 822 2531 907 ἡμετέρας,
2571 834 2722 904 φησί·
2769 834 2880 888 Καὶ
2920 832 3018 903 τὴν
3060 830 3262 902 στήλην
3302 831 3507 900 ταύτην
3540 830 3618 891 εἰς
3660 822 3821 880 οἷκον

2233 919 2368 974 Θεοῦ
2399 919 2526 985 ἐξω,
2554 918 2650 971 καὶ
2677 918 2894 972 πάντων
2919 916 3029 968 τῶν
3059 915 3209 986 παρὰ
3239 913 3333 967 σοῦ
3358 930 3447 983 μοι
3471 908 3821 982 χορηγουμέ-

2231 1021 2336 1057 νων
2376 1001 2474 1064 τὰς
2502 1000 2735 1063 δεκάτας
2767 996 3183 1052 ἀποδεκατώσω.
3230 993 3381 1058 Εἶδες
3408 994 3629 1065 γνώμην
3659 992 3819 1062 φιλό-

2233 1085 2385 1150 θεον;
2417 1084 2585 1137 Οὐπω
2611 1082 2761 1136 οὐδὲν
2781 1081 2957 1145 ἔλαϐε,
2986 1081 3079 1134 καὶ
3100 1080 3438 1148 ὑπισχνεῖται
3460 1076 3566 1130 τῶν
3590 1073 3818 1146 μελλόν-

2230 1184 2340 1220 των
2366 1164 2515 1237 αὐτῷ
2549 1163 2786 1218 δίδοσθαι
2818 1163 2917 1227 τάς
2945 1162 3176 1224 δεκάτας
3206 1160 3286 1231 τῷ
3322 1157 3442 1228 Θεῷ
3475 1158 3812 1229 προσοίσειν.

2296 1249 2389 1321 Μὴ
2419 1247 2627 1313 ἁπλῶς,
2650 1246 2943 1318 ἀγαπητοὶ,
2973 1243 3404 1317 παρατρέχωμεν
3424 1241 3490 1294 τὰ
3516 1240 3810 1312 εἰρημένα,

2230 1333 2367 1386 ἀλλά
2393 1330 2726 1402 ζηλώσωμεν
2750 1332 2985 1392 ἅπαντες
3009 1328 3197 1382 τοῦτον
3218 1327 3308 1379 τὸν
3330 1325 3557 1387 δίκαιον,
3581 1325 3630 1377 οί
3661 1325 3720 1376 ἐν
3740 1326 3813 1394 τῇ

2231 1415 2417 1485 χάριτι
2444 1413 2536 1466 τὸν
2566 1413 2672 1482 πρὸ
2700 1411 2794 1465 τοῦ
2821 1412 3007 1481 νόμου,
3030 1412 3122 1464 καί
3156 1409 3320 1481 μηδὲν
3359 1407 3612 1478 βιωτικὸν
3642 1406 3814 1460 αἰτῶ-

2235 1514 2337 1568 μεν
2376 1495 2528 1568 παρὰ
2563 1493 2657 1547 τοῦ
2703 1494 2995 1547 Δεσπότου.
3041 1492 3179 1546 Οὐδὲ
3235 1491 3344 1562 γὰρ
3391 1491 3671 1562 περιμένει
3709 1488 3813 1558 τὴν

2232 1579 2362 1649 παρ’
2384 1578 2541 1650 ήμῶν
2565 1577 2888 1649 ὑπόμνησιν,
2917 1575 3057 1632 ἀλλά
3076 1575 3180 1631 κάν
3204 1575 3279 1646 μή
3300 1575 3561 1644 αἰτῶμεν,
3579 1575 3710 1644 ήμῖν
3740 1571 3813 1626 τά
3850 1646 3859 1651 κ

2233 1661 2370 1733 πρὸς
2386 1660 2489 1732 τήν
2510 1659 2695 1733 χρείαν
2714 1660 2990 1731 δωρεῖται.
3022 1658 3362 1713 Ἀωτέλλει
3382 1657 3491 1726 γὰρ
3507 1657 3612 1710 τὸν
3630 1655 3814 1723 ἣλιον

2231 1746 2331 1799 ἐπὶ
2381 1743 2683 1812 πονηροὺς
2727 1744 2824 1797 καί
2872 1742 3152 1812 ἀγαθοὺς,
3201 1741 3300 1794 καί
3330 1740 3540 1810 ,βρέχει
3583 1739 3681 1793 ἐπὶ
3716 1738 3813 1792 δι-

2233 1828 2444 1893 καίους
2482 1826 2582 1879 καὶ
2610 1825 2875 1893 ἀδίκους.
2908 1827 3015 1879 Kal
3061 1823 3375 1895 πειθώμεθα
3417 1822 3566 1893 αὐτῷ
3608 1838 3811 1894 παραι-

2232 1909 2410 1966 νοῦντι
2438 1910 2534 1963 καὶ
2561 1908 2792 1977 λέγοντι·
2821 1907 3059 1976 Ζητεῖτε
3087 1905 3322 1976 πρῶτον
3344 1904 3457 1973 τὴν
3478 1905 3811 1969 ,ϐασιλείαν

2232 1994 2340 2048 τοῦ
2379 1993 2549 2058 Θεοῦ,
2572 1992 2668 2047 καὶ
2700 1992 2888 2047 ταῦτα
2924 1990 3123 2045 πάντα
3151 1987 3619 2058 προστεθήσεται
3641 1986 3806 2057 ὑμῖν.

2246 2076 2408 2148 Ὁρᾷς
2448 2078 2528 2130 ὅτι
2570 2075 2732 2139 αὐτὸς
2774 2077 2954 2129 ἐκεῖνα
2992 2076 3124 2145 ήμῖν
3168 2072 3431 2144 ἡτοίμασε
3483 2071 3810 2142 παρασχεῖν,

2235 2161 2330 2215 καὶ
2358 2159 2529 2212 ταῦτα
2562 2161 2621 2211 ἐν
2643 2157 2956 2229 προσθήκης
2985 2156 3140 2227 μέρει
3164 2155 3345 2208 δοῦναι
3382 2152 3809 2222 ἐπαγγέλλεται;

2234 2245 2328 2317 Μὴ
2346 2245 2526 2298 τοίνυν
2551 2244 2694 2316 ἀπερ
2731 2244 2789 2295 ἐν
2825 2243 3134 2315 προσθήκης
3168 2241 3325 2312 μέρει
3350 2239 3645 2310 λαμϐάνειν
3682 2237 3811 2309 μέλ-

2234 2330 2367 2392 λεις,
2389 2327 2562 2382 ταῦτα
2584 2327 2660 2391 ὡς
2685 2325 3072 2397 προηγούμενα
3095 2324 3255 2389 αῐτει,
3287 2323 3423 2394 μηδέ
3450 2322 3814 2393 ἀναστρέψω-

2239 2428 2337 2483 μεν
2378 2410 2477 2482 τὴν
2507 2410 2685 2475 τάξιν,
2714 2408 2849 2462 ἀλλὰ
2876 2407 3129 2481 ζητῶμεν
3161 2408 3366 2471 ἐκεῖνα,
3397 2403 3580 2468 καθὼς
3610 2405 3812 2458 ἐπέτα-

2236 2495 2349 2561 ξεν,
2374 2495 2460 2547 ἴνα
2478 2492 2745 2547 κάκείνων
2766 2492 2863 2547 καὶ
2880 2492 3084 2546 τούτων
3102 2492 3160 2544 ἐν
3178 2489 3475 2545 ἀπολαύσει
3501 2487 3809 2558 γενώμεθα.

2235 2577 2336 2631 Διά
2365 2576 2473 2646 γὰρ
2499 2574 2658 2629 τοῦτο
2685 2575 2780 2628 καί
2810 2576 2866 2627 ἐν
2899 2577 3009 2638 τοῖς
3046 2574 3146 2644 τῆς
3178 2574 3343 2644 εὐχῆς
3381 2573 3617 2643 ῥήμασιν
3651 2572 3813 2642 ὄρους

2237 2660 2370 2729 ήμῖν
2394 2659 2488 2711 καὶ
2510 2656 2735 2719 κανόνας
2756 2656 2948 2721 τιθεὶς,
2970 2656 3132 2727 μέχρι
3150 2656 3294 2719 τίνος
3321 2656 3402 2708 δεῖ
3429 2654 3527 2725 τήν
3552 2654 3679 2726 περὶ
3699 2652 3810 2706 τῶν

2238 2738 2508 2811 βιωτικῶν
2542 2739 2756 2809 αἴτησιν
2780 2739 3070 2806 ποιεῖσθαι,
3107 2736 3178 2793 τὰ
3207 2740 3426 2809 ῥήματα
3629 2736 3811 2789 ἐκεῖνα

2236 2822 2413 2892 λέγειν
2443 2822 2589 2893 ἡμᾶς
2610 2820 2880 2886 ἐκέλευσε,
2905 2820 2976 2874 τὰ
2999 2821 3179 2892 πάσης
3206 2819 3521 2890 φιλοσοφίας
3547 2819 3805 2889 γέμοντα,

2242 2905 2356 2959 Τὸν
2374 2902 2555 2971 ἄρτον
2582 2901 2749 2972 ἡμῶν
2766 2903 2872 2957 τὸν
2900 2903 3211 2957 ἐπιούσιον
3229 2903 3336 2969 δὸς
3357 2901 3503 2971 ἡμῖν
3515 2900 3806 2972 σήμερον,

2238 2986 2359 3040 ἀντὶ
2394 2984 2510 3048 τοῦ,
2552 2985 2652 3055 τὴν
2696 2985 2794 3056 τῆς
2834 2986 3048 3056 ήμέρας
3088 2986 3316 3058 τροφήν·
3353 2985 3490 3056 ὅπερ
3529 2985 3558 3037 ό
3604 2983 3810 3047 δίκαιος

2236 3065 2410 3136 οὗτος,
2448 3068 2599 3121 οὐδὲν
2632 3067 2835 3120 τούτων
2876 3067 3147 3137 ἀκηκοὼς,
3191 3066 3389 3137 ηὐχετο
3433 3065 3625 3135 λέγων*
3668 3065 3810 3120 Ἐὰν

2237 3151 2321 3216 δῷ
2341 3169 2442 3221 μοι
2471 3153 2686 3220 Κύριος
2717 3148 2902 3219 ἄρτον
2932 3149 3164 3219 φαγεῖν,
3185 3147 3286 3202 καί
3314 3148 3544 3219 Ιμάτιον
3570 3149 3806 3215 περιϐα-

2235 3232 2468 3287 λέσθαι.
2507 3233 2598 3303 Μὴ
2634 3233 2813 3285 τοίνυν
2836 3231 3019 3302 ἐτερόν
3043 3250 3096 3284 τι
3123 3232 3233 3285 τῶν
3266 3230 3535 3301 βιωτικῶν
3567 3231 3808 3302 αἰτῶμεν

2239 3316 2368 3385 παρ’
2400 3315 2584 3370 αὐτοῦ.
2630 3315 2869 3380 ’Δνάξιον
2898 3315 3004 3385 7&9
3033 3315 3235 3387 σφόδρα
3260 3315 3413 3386 παρά
3434 3314 3529 3369 τοῦ
3560 3313 3702 3368 οῦτω
3721 3332 3809 3384 φι-

2236 3396 2459 3467 λοτίμου
2491 3397 2586 3450 καὶ
2606 3396 2874 3467 τοσαύτην
2905 3397 3185 3467 δυνάμεως
3203 3398 3520 3469 περιουσίαν
3541 3398 3808 3467 κεκτημέ-

2236 3496 2330 3533 νου
2363 3478 2541 3533 ταῦτα
2577 3481 2766 3542 αἰτεῖν,
2790 3479 2827 3533 ἃ
2854 3478 2933 3550 τῷ
2961 3480 3188 3551 παρόντι
3219 3480 3649 3545 συγκαταλύεται
3686 3480 3805 3551 βίῳ,

2237 3562 2330 3616 καί
2362 3560 2562 3632 πολλὴν
2589 3562 2701 3632 ἔχει
2721 3560 2819 3632 τὴν
2850 3561 3151 3633 μεταϐολὴν
3173 3564 3267 3616 καὶ
3295 3562 3392 3633 τὴν
3419 3563 3766 3633 μετάπτωσιν
3788 3577 3803 3592 ·

2236 3643 2463 3697 τοιαῦτα
2477 3645 2586 3716 γὰρ
2603 3645 2817 3699 ᾶπαντα
2832 3645 2903 3698 τὰ
2916 3645 3251 3717 ἀνθρώπινα,
3268 3647 3369 3701 κᾶν
3384 3645 3613 3701 πλοῦτον
3629 3649 3804 3719 εἴπῃς,

2238 3726 2341 3780 κᾶν
2362 3726 2677 3782 δυναστείαν
2696 3769 2711 3792 ,
2755 3728 2857 3782 κᾶν
2891 3727 3047 3793 δόξαν
3078 3728 3424 3800 ἀνθρωπίνην
3445 3747 3459 3760 ·
3498 3727 3613 3781 ἀλλ’
3650 3729 3807 3782 αἰτῶ-

2243 3827 2342 3880 μεν
2374 3810 2441 3864 τά
2479 3812 2568 3865 ἀεὶ
2615 3811 2871 3882 μένοντα,
2896 3812 2966 3866 τά
3005 3811 3222 3883 διαρκῆ,
3256 3814 3350 3865 καὶ
3379 3812 3682 3883 μεταϐολὴν
3709 3813 3806 3866 οὐκ

2238 3895 2599 3965 ἐπιστάμενα.
2626 3895 2735 3948 Καὶ
2756 3895 2955 3959 εἰδότες
2985 3895 3078 3949 τοῦ
3108 3896 3375 3968 ἡμετέρου
3400 3896 3672 3949 Δεσπότου
3710 3896 3806 3964 τήν

2238 3978 2573 4049 ἀγαθότητα,
2598 3977 2807 4048 μηδένα
2846 3976 3127 4048 ποιώμεθα
3161 3978 3318 4046 λόγον
3357 3977 3465 4032 τῶν
3504 3978 3803 4048 παρόντων,

2239 4060 2377 4114 ἀλλά
2410 4063 2591 4114 πᾶσαν
2614 4061 2771 4132 ήμῶν
2786 4062 2886 4133 τὴν
2904 4061 3137 4131 σπουδὴν
3152 4064 3233 4125 εἰς
3245 4062 3337 4116 τὸν
3353 4062 3461 4115 τῶν
3477 4060 3806 4131 ἐπουρανίων

2239 4143 2403 4196 πόθον
2433 4146 2878 4217 μεταστήσωμεν.
2898 4144 2959 4196 Εἰ
2984 4143 3092 4216 γὰρ
3131 4144 3240 4198 Τὸν
3270 4144 3449 4212 ἥλιον
3464 4142 3651 4198 αὐτοῦ
3671 4144 3807 4197 dra-

2238 4229 2441 4284 τέλλει
2466 4230 2567 4285 ἐπὶ
2592 4228 2894 4297 πονηροὺς
2923 4229 3026 4282 καί
3048 4229 3328 4298 ἀγαθοὺς,
3358 4229 3456 4283 καὶ
3484 4227 3688 4298 βρέχει
3707 4228 3805 4283 ἐπὶ

2238 4315 2508 4383 δικαίους
2540 4317 2637 4371 καί
2656 4316 2928 4382 ἀδίκους,
2946 4315 3127 4387 πολλῷ
3166 4317 3367 4387 μᾶλλον
3385 4317 3516 4381 τούς
3534 4316 3806 4388 ἀπεχομέ-

2236 4416 2362 4463 νους
2390 4401 2490 4471 τῆς
2515 4400 2781 4471 πονηρίας
2797 4401 2892 4454 καὶ
2910 4400 3010 4471 τὴν
3027 4401 3243 4465 ἀδικίαν
3262 4400 3561 4470 φεύγοντας
3574 4403 3638 4454 οὐ
3657 4417 3807 4472 περι-

2235 4480 2448 4551 όψεται,
2480 4482 2620 4536 ἀλλά
2647 4482 2850 4552 πολλῆς
2872 4481 3096 4547 ἀξιώσει
3120 4484 3222 4554 τῆς
3258 4484 3549 4555 προνοίας,
3580 4484 3675 4539 καὶ
3709 4484 3804 4555 τήν

2237 4564 2432 4618 ἐαυτοῦ
2461 4564 2789 4635 κηδεμονίαν
2816 4567 2874 4620 ἐν
2900 4567 3072 4619 ἅπασι
3104 4566 3351 4637 παρέξει.
3390 4568 3565 4638 Ὅπερ
3588 4567 3801 4631 εἰδότες,

2237 4647 2535 4717 ἀγαπητοὶ,
2573 4648 2648 4718 μὴ
2676 4647 2996 4719 ἀπιστῶμεν
3023 4651 3143 4711 ταῖς
3181 4649 3274 4702 τοῦ
3297 4648 3431 4702 Θεοῦ
3463 4649 3801 4720 ὑποσχέσεσι,

2240 4728 2373 4801 μηδέ
2408 4730 2627 4784 ἐναντία
2655 4722 2731 4783 ὧν
2777 4730 3033 4784 ἐκέλευσε
3061 4732 3538 4803 διαπραττώμεθα.
3578 4731 3658 4785 Τά
3700 4733 3802 4804 7&9

2238 4813 2331 4867 νῦν
2364 4814 2489 4885 παρ’
2520 4813 2680 4884 ἡμῶν
2702 4814 2962 4884 γινόμενα
2988 4814 3139 4867 οὐδὲν
3176 4815 3547 4870 ἀπιστούντων
3573 4815 3801 4887 διενήνο-

2237 4913 2348 4967 χεν.
2370 4898 2542 4950 Ὅταν
2568 4897 2674 4968 γάρ
2694 4896 2856 4960 αὐτδς
2885 4897 2985 4967 μέν
3009 4898 3410 4969 ἐπαγγέλληται
3439 4897 3505 4952 τά
3526 4898 3798 4969 μέλλοντα,

2235 4982 2397 5050 ήμεῖς
2417 4979 2474 5032 δέ
2507 4980 2584 5051 μὴ
2620 4978 2940 5050 βουλώμεθα
2972 4980 3195 5052 θαρρεῖν
3227 4982 3474 5045 ἐκείνοις.
3523 4980 3659 5035 ἀλλά
3695 4984 3801 5045 τοῖς

2237 5060 2503 5133 παροῦσιν
2537 5055 2688 5133 ὦμεν
2730 5062 3165 5134 προσηλωμένοι,
3198 5068 3348 5118 ποῖον
3380 5064 3566 5135 ἕτερον
3613 5064 3801 5135 δεῖγμα

2236 5143 2496 5207 ἀπιστίας
2532 5144 2717 5197 λοιπόν
2759 5161 2846 5208 τις
2892 5145 3264 5217 ἐπιζητήσειε,
3317 5148 3426 5201 τῶν
3471 5148 3801 5218 πραγμάτων

2236 5226 2418 5280 αὐτῶν
2440 5226 2704 5297 λαμπρὰν
2728 5227 2999 5297 ἀφιέντων
3029 5230 3213 5299 φωνήν
3237 5247 3252 5296 ;
3287 5231 3395 5283 Καὶ
3427 5230 3609 5291 πάλιν,
3643 5228 3799 5283 αὐτοῦ

2236 5309 2550 5373 κελεύοντος
2585 5311 2753 5382 μηδὲν
2795 5310 2978 5380 ζητεῖν
3021 5313 3152 5382 παρ’
3179 5313 3347 5367 αὐτοῦ
3382 5313 3490 5368 τῶν
3531 5316 3801 5385 ἐπικήρων

2234 5391 2437 5446 τούτων
2481 5393 2578 5446 καὶ
2627 5393 2913 5463 βιωτικῶν,
2959 5394 3075 5446 ἀλλ’
3115 5395 3341 5450 ἐκείνων
3381 5396 3601 5467 μᾶλλον,
3646 5400 3800 5467 ἡμεῖς

2234 5474 2332 5530 ἀπ’
2366 5476 2619 5539 ἐναντίας
2641 5475 2790 5546 αὐτῷ
2818 5476 3129 5546 ἐρχόμενοι,
3155 5479 3302 5550 άπερ
3336 5477 3456 5533 εἶπε
3487 5480 3571 5549 μὴ’
3603 5479 3798 5551 ζητεῖν,

2236 5559 2421 5611 ἐκεῖνα
2449 5558 2746 5629 ζητοῦμεν,
2797 5560 2891 5611 καὶ
2935 5558 3079 5632 ειπερ
3104 5556 3227 5613 εἷπε
3252 5561 3459 5631 ζητεῖν,
3510 5564 3693 5616 ἐκεῖνα
3740 5563 3801 5615 οὐ

2240 5640 2531 5711 ζητοῦμεν.
2566 5640 2674 5692 Kal
2705 5640 2877 5694 ταῦτα
2906 5640 3389 5713 διαπραττόμενοι,
3419 5646 3514 5698 καὶ
3540 5644 3682 5697 οῦτω
3712 5644 3793 5715 ρί-

2242 5723 2427 5799 θύμως
2470 5721 2544 5775 τὰ
2589 5722 2709 5776 καθ’
2748 5724 2971 5788 ἑαυτοὺς
3017 5723 3363 5791 διοικοῦντες,
3410 5727 3504 5780 καὶ
3542 5724 3799 5797 παροργί-

2240 5805 2422 5871 ζοντες
2462 5805 2553 5857 τὸν
2600 5808 2802 5876 ἥμερον
2837 5808 2930 5859 καὶ
2977 5808 3221 5877 προσηνῆ
3276 5810 3572 5878 Δεσπότην,
3617 5807 3798 5876 ῶσπερ

2242 5887 2619 5958 ἐπιλαθόμενοι
2649 5889 2755 5942 τῶν
2780 5888 2907 5960 παρ’
2951 5888 3106 5960 ήμῶν
3130 5893 3467 5963 γινομένων,
3496 5892 3593 5961 τὴν
3624 5890 3795 5945 αἰτίαν
