4142 6206
357 260 459 316 $77

355 385 528 438 ctum,
561 383 617 429 et
654 373 924 444 quomodo
951 380 1071 443 post
1097 372 1218 428 illas
1257 375 1637 444 promissiones
1665 375 1804 445 apud
1835 376 1938 430 La-

315 465 320 471 ’
356 468 458 519 han
498 466 682 534 viginti
727 467 883 522 annis
931 466 1203 522 laboribus
1245 467 1500 532 amictus,
1534 483 1638 522 non
1665 470 1937 538 gravatim

355 559 505 618 tulit,
535 573 640 612 non
684 559 898 628 segnior
938 558 1036 612 fuit
1077 567 1184 612 tam
1224 560 1474 614 diuturno
1523 570 1797 630 tempore;
1842 560 1938 615 sed

352 663 532 702 onima
585 647 793 702 fortiter
839 648 1120 712 sustinuit,
1163 659 1476 718 exspectans
1528 652 1936 719 promissionum

356 749 566 808 tempus
593 781 607 804 ,
641 749 692 794 et
717 741 892 794 sciens
922 756 1024 794 non
1052 755 1208 810 posse
1237 743 1550 796 intercidere
1592 758 1728 810 qua}.
1751 758 1779 796 a
1826 743 1936 796 Deo

354 832 490 886 dicta
523 842 645 886 sunt
675 849 690 886 :
720 833 950 887 maxime
980 833 1024 886 si
1051 843 1104 887 et
1149 849 1244 888 nos
1281 834 1468 889 alierre
1510 845 1688 888 nostra
1725 835 1935 888 studea-

353 938 492 985 mus,
523 921 677 976 fidem
703 933 758 976 et
787 924 1114 992 patientiam,
1137 933 1190 978 et
1219 925 1285 977 ita
1318 924 1452 978 bene
1479 925 1702 978 fidamus
1729 926 1790 978 iis
1817 941 1934 995 quae

352 1027 380 1065 a
403 1012 636 1066 Domino
654 1015 918 1082 promissa
963 1024 1086 1068 sunt
1114 1056 1128 1080 ,
1161 1025 1317 1085 atque
1363 1019 1406 1068 si
1450 1015 1558 1084 jam
1605 1016 1816 1084 impleta
1845 1031 1934 1070 es-

349 1113 488 1158 sent.
516 1103 642 1161 Hzcc
669 1106 812 1160 enim
846 1120 967 1160 vera
994 1105 1126 1160 fides
1163 1117 1242 1160 est
1263 1147 1278 1172 ,
1303 1123 1405 1161 non
1432 1106 1705 1160 attendere
1731 1123 1790 1160 ea
1813 1122 1933 1176 qua:

349 1194 631 1262 videntur,
663 1198 820 1251 etiam
847 1197 892 1251 si
921 1199 1139 1252 omnino
1172 1198 1279 1253 sint
1309 1200 1527 1254 adversa
1561 1199 1930 1269 promissioni,

347 1287 587 1343 sedsoli
633 1290 988 1358 promittentis
1033 1291 1282 1358 potentiae
1330 1292 1618 1346 conlidere.
1651 1291 1765 1345 .lam
1807 1307 1932 1346 vero

349 1379 622 1435 videamus
642 1381 772 1450 justi
800 1383 958 1451 hujus
985 1393 1189 1452 gratum
1228 1384 1487 1437 animum.
1516 1385 1602 1437 16.
1635 1382 1699 1436 Et
1726 1384 1931 1452 evigila-

349 1469 434 1534 vit,
467 1470 652 1540 inquit,
680 1469 838 1526 Jacob
865 1473 928 1527 de
961 1489 1136 1526 sonmo
1163 1490 1274 1536 suo,
1305 1483 1351 1526 et
1365 1466 1506 1526 dixit
1532 1489 1550 1526 :
1579 1472 1824 1526 Dominus
1859 1483 1932 1527 est

348 1562 400 1615 in
449 1563 558 1616 loco
603 1563 728 1630 ista,
761 1581 850 1636 ego
891 1575 1058 1619 autem
1104 1567 1399 1619 nesciebam.
1425 1567 1512 1619 l7.
1540 1565 1605 1619 Et
1659 1567 1854 1626 timuit,
1887 1575 1933 1618 et

349 1651 476 1706 dixit
502 1669 520 1706 :
541 1653 702 1718 Quam
731 1655 965 1708 terribilis
990 1664 1061 1708 est
1078 1655 1230 1727 locus
1253 1655 1378 1708 iste!
1409 1654 1458 1708 Ν
1465 1671 1529 1708 on
1553 1665 1627 1708 est
1656 1655 1749 1708 hoc
1769 1656 1927 1721 aliud,

348 1759 498 1812 quant
545 1744 723 1798 domus
763 1743 859 1796 Dei
888 1759 907 1798 :
937 1755 980 1798 et
1005 1745 1111 1798 ha'c
1148 1756 1221 1800 est
1251 1756 1396 1816 porta
1439 1747 1569 1800 caeli.
1609 1748 1932 1817 Stupescens

348 1833 518 1902 justus
558 1843 776 1904 propter
815 1835 1070 1904 magnam'
1102 1835 1519 1890 misericordiam
1563 1837 1684 1904 Dei,
1722 1838 1927 1902 timuit,

347 1922 537 1992 inquit,
561 1933 616 1979 et
641 1924 774 1979 dixit
799 1943 813 1977 :
842 1923 959 1978 Non
990 1936 1060 1979 est
1089 1927 1182 1979 hoc
1209 1927 1306 1980 nisi
1326 1928 1503 1982 domus
1527 1927 1640 1995 Dei,
1670 1939 1715 1982 et
1743 1930 1838 1982 ista
1859 1939 1932 1983 est

348 2023 496 2080 porta
529 2015 658 2068 creti.
694 2013 796 2069 llic
826 2015 972 2070 locus
1000 2015 1126 2070 mihi
1166 2015 1385 2087 posthac
1416 2031 1510 2086 pro
1535 2017 1695 2073 domo
1722 2020 1813 2075 Dei
1845 2035 1931 2073 re-

348 2103 634 2172 putabitur.
659 2105 827 2160 Tanta
853 2106 1008 2176 igitur
1034 2107 1237 2162 visione
1259 2107 1450 2178 dignus
1477 2107 1704 2171 habitus,
1731 2118 1932 2166 etcum

347 2195 516 2264 ipsam
541 2237 557 2262 ,
585 2208 645 2251 ut
679 2197 750 2251 ita
779 2197 976 2264 dicam,
1009 2199 1158 2269 quasi
1185 2199 1301 2254 czeli
1330 2209 1534 2268 portam
1563 2200 1783 2255 viderim
1803 2241 1820 2265 ,
1847 2201 1934 2270 ju-

346 2294 486 2340 stum
519 2286 696 2350 fuerit,
731 2297 788 2342 ut
814 2289 1048 2343 debitam
1091 2289 1178 2344 hic
1215 2290 1504 2359 gratiarum
1533 2291 1798 2345 actionem
1831 2291 1935 2346 Do-

347 2379 493 2433 mino
536 2378 755 2434 reddam
804 2390 858 2435 et
899 2381 1138 2435 oderam.
1172 2381 1259 2436 18.
1295 2381 1361 2434 Et
1409 2382 1626 2434 surrexit
1667 2381 1849 2446 Iacob,
1886 2391 1934 2435 et

347 2469 538 2538 accepit
574 2469 793 2538 lapidem
822 2487 969 2538 quem
997 2480 1230 2540 posuerat
1259 2473 1328 2524 ad
1361 2480 1514 2540 caput
1545 2488 1726 2537 suum,
1756 2480 1802 2524 et
1827 2478 1932 2523 sta-

347 2563 438 2615 tuit
464 2578 576 2615 cum
602 2562 655 2615 in
679 2563 983 2628 columnam,
1013 2572 1060 2616 et
1088 2563 1274 2633 infudit
1311 2563 1479 2617 oleum
1505 2579 1659 2630 super
1680 2578 1932 2616 summum

347 2657 474 2717 eius.
521 2655 608 2710 l9.
643 2655 706 2709 Et
752 2657 942 2710 vocavit
979 2654 1140 2709 Jacob
1169 2671 1348 2709 nomen
1394 2655 1490 2708 loci
1531 2654 1668 2708 illius
1691 2695 1706 2720 ,
1741 2653 1932 2706 Domus

349 2744 461 2799 Dei.
485 2746 639 2800 Aliud
673 2747 803 2800 enim
833 2757 938 2800 erat
963 2763 1139 2801 nomen
1181 2747 1291 2800 loco
1324 2756 1494 2800 antea.
1526 2744 1807 2812 Postquam
1833 2757 1928 2797 au-

348 2848 457 2892 tem
487 2854 584 2909 per
612 2839 870 2893 visionem
898 2851 1002 2893 tam
1036 2826 1224 2908 magna
1253 2846 1612 2907 consequutus
1641 2837 1756 2898 fuit,
1778 2850 1935 2889 voca-

348 2929 474 2983 bulo
502 2929 811 2982 memoriam
839 2929 956 2982 loco
986 2929 1277 2984 inscribere
1296 2927 1426 2990 vult,
1453 2928 1784 2997 p05terisque
1809 2941 1931 2979 eum

347 3021 527 3075 facere
555 3020 844 3084 celebrem,
879 3019 1050 3088 lapide
1077 3034 1172 3089 pro
1193 3020 1438 3075 columna
1465 3027 1667 3084 erecto,
1691 3017 1935 3087 superfu-

346 3124 514 3178 soque
549 3109 673 3165 oleo
701 3108 1009 3179 (verisimile
1033 3109 1174 3163 enim
1219 3108 1461 3180 estquod
1491 3107 1618 3162 illud
1646 3108 1816 3162 solum
1851 3123 1938 3162 se-

347 3216 466 3256 cum
528 3200 738 3268 tulerit,
792 3210 974 3270 utpote
1049 3201 1149 3255 iter
1215 3199 1498 3269 faciens),
1543 3208 1724 3254 votum
1780 3199 1934 3253 oll'ert

347 3291 578 3359 benigno
608 3291 912 3358 Deo,.omni
941 3291 1156 3360 plenum
1185 3289 1537 3360 phil050phia.

418 3383 473 3436 5.
515 3381 580 3436 Et
629 3381 674 3435 si
715 3382 905 3447 vultis,
935 3382 1095 3436 etiam
1144 3381 1256 3449 ipsa
1297 3382 1575 3435 audiamus
1612 3381 1797 3436 verba.
1838 3380 1928 3435 ΞΟ.

363 3472 505 3526 Vovit
525 3463 658 3526 enim
678 3483 872 3538 uotum,
893 3473 1063 3527 dicens
1085 3489 1105 3527 :
1132 3471 1193 3527 Si
1219 3473 1368 3544 fuerit
1392 3471 1643 3526 Dominus
1671 3471 1806 3525 Deus
1831 3488 1935 3525 me-

349 3581 485 3626 cum,
515 3575 560 3618 et
581 3564 868 3618 custodierit
889 3581 966 3618 me
982 3563 1133 3617 invia
1159 3565 1271 3628 hac,
1295 3579 1511 3634 guaego
1539 3563 1759 3616 ambulo.
1785 3562 1933 3629 Quc-

351 3656 492 3709 niam
530 3655 772 3721 dixerat,
805 3654 917 3726 Ego
944 3665 1105 3709 tecum
1132 3671 1272 3719 sum,
1302 3665 1350 3708 et
1378 3654 1659 3708 custodiam
1693 3664 1739 3707 te
1778 3653 1829 3707 in
1854 3653 1934 3707 via

351 3747 444 3800 hac
472 3763 570 3817 qua
610 3746 838 3800 ambulas
867 3761 886 3800 :
913 3755 1128 3816 propter
1172 3746 1272 3800 hoc
1312 3754 1366 3800 et
1407 3745 1520 3814 ipse
1551 3744 1681 3799 dicit
1712 3762 1726 3799 :
1757 3745 1812 3802 Si
1843 3745 1932 3800 illa

351 3836 481 3890 mihi
525 3824 806 3899 eveniant,
835 3851 952 3902 qua:
990 3835 1196 3888 scilicet
1237 3843 1290 3889 te
1337 3834 1580 3888 daturum
1625 3832 1932 3900 promisisti.

350 3919 552 3974 Deinde
583 3927 634 3969 et
665 3914 980 3983 petitionem
1009 3912 1187 3974 allert,
1227 3910 1411 3966 dicens
1438 3927 1452 3964 :
1477 3911 1539 3966 Si
1569 3911 1765 3966 dederit
1807 3909 1934 3965 mihi

348 4009 602 4063 Dominus
627 4021 809 4076 panem
833 4004 903 4057 ad
926 4003 1362 4066 manducandum,
1382 4011 1428 4056 et
1445 4011 1639 4056 uestem
1667 4003 1737 4057 ad
1765 4013 1932 4076 tege".

347 4101 490 4151 dum.
518 4096 633 4152 Non
660 4095 894 4165 divitias,
922 4111 1028 4150 non
1057 4091 1439 4150 abundantiam
1481 4093 1768 4164 quamdam
1802 4095 1934 4163 peti-

347 4190 450 4255 vit;
483 4191 576 4245 sed
610 4205 798 4260 panem
830 4199 885 4245 et
926 4197 1130 4244 vestem
1160 4197 1248 4241 :et
1281 4186 1418 4242 hanc
1447 4186 1514 4241 ad
1542 4186 1932 4256 contegendum

345 4297 565 4350 corpus,
590 4281 738 4336 illum
761 4296 888 4337 vero
912 4279 965 4335 in
989 4277 1356 4336 necessarium
1382 4278 1715 4333 alimentum.
1745 4279 1932 4333 Consi-

345 4371 474 4427 dera
503 4372 773 4442 quomodo
818 4372 975 4428 nobis
1016 4373 1370 4442 apostolicum
1401 4369 1767 4426 characterem
1797 4371 1933 4440 peti-

345 4467 494 4522 tione
532 4480 626 4520 sua
656 4465 1016 4535 significavit:
1051 4474 1199 4521 tanto
1235 4464 1512 4533 sapientiae
1539 4463 1718 4518 studio
1745 4463 1932 4531 plenus

341 4571 465 4613 erat
489 4557 621 4625 justi
644 4557 880 4614 animus.
903 4558 1036 4613 Nam
1062 4559 1114 4613 id
1143 4557 1285 4628 quod
1315 4558 1560 4613 Christus
1589 4555 1823 4622 dicebat,
1851 4553 1934 4608 Ne

343 4653 650 4720 possidentis
699 4667 910 4713 aurum.
962 4651 1038 4704 ret
1087 4661 1389 4720 argentum,
1441 4651 1519 4705 υιι
1563 4651 1694 4704 duas
1735 4650 1934 4702 tunicas

344 4743 565 4814 (Matth.
603 4741 689 4798 10.
719 4741 778 4811 9)
805 4760 818 4795 :
846 4742 947 4797 hoc
975 4742 1074 4797 iste
1109 4743 1344 4796 nondum
1369 4757 1398 4796 a
1428 4758 1694 4812 quoquam
1720 4742 1932 4808 doctus,

346 4837 441 4891 sed
471 4849 502 4889 a
531 4835 733 4904 seipso,
756 4844 811 4889 et
838 4833 906 4889 ab
935 4833 1098 4888 insito
1121 4844 1322 4886 natura:
1351 4843 1546 4888 008er
1579 4835 1832 4901 magistro
1855 4833 1934 4886 di-

347 4928 498 4992 d.cit,
517 4939 568 4983 et
591 4925 800 4997 optavit
817 4940 848 4979 a
869 4925 1096 4980 Domino
1116 4939 1213 4978 suo
1234 4925 1459 4990 ιιι-εὐειδί
1484 4939 1672 4993 panem
1697 4923 1764 4979 ad
1787 4940 1932 4980 com-

332 5021 650 5086 edendum,
698 5030 753 5075 et
803 5029 1007 5075 vestem
1057 5017 1124 5072 ad
1166 5017 1470 5086 tegendum.
1528 5018 1585 5073 Si
1635 5017 1756 5073 hazc
1800 5019 1934 5074 mihi

333 5112 387 5164 lu
406 5112 569 5175 crint,
600 5110 794 5179 inquit,
823 5109 875 5163 in
911 5117 1053 5162 terra
1103 5106 1299 5170 aliena,
1332 5104 1421 5161 2|.
1457 5105 1528 5160 Et
1567 5107 1829 5162 reduxerit
1856 5124 1934 5162 me

336 5199 381 5251 D
397 5202 605 5254 ominus
630 5202 824 5255 sati-um
855 5201 906 5253 in
927 5199 1133 5253 domum
1157 5200 1320 5269 pa:ris
1343 5199 1462 5264 mei,
1486 5198 1627 5253 sicut
1654 5199 1934 5268 promisit:

346 5292 444 5346 crit
480 5291 728 5346 Dominus
778 5292 900 5344 mihi
934 5292 989 5343 in
1035 5289 1197 5343 Deum
1218 5331 1234 5355 ,
1266 5287 1354 5343 22.
1386 5298 1436 5343 et
1484 5288 1617 5356 lapis
1655 5291 1749 5343 iste
1789 5306 1938 5357 quem

347 5383 486 5436 erexi
522 5385 576 5435 in
618 5384 929 5447 columnam,
962 5383 1057 5435 erit
1100 5380 1224 5433 mihi
1255 5381 1436 5434 domus
1470 5378 1563 5432 Dei
1585 5393 1604 5433 :
1625 5388 1674 5433 et
1707 5381 1933 5434 omnium

348 5489 462 5538 qua!
483 5473 606 5527 mihi
629 5474 850 5542 dederis,
872 5473 1095 5528 decimas
1115 5473 1206 5526 tibi
1235 5472 1468 5540 offeram.
1499 5471 1632 5527 Vide
1656 5473 1783 5541 justi
1811 5488 1933 5542 pro-

351 5565 480 5622 hum
505 5565 774 5621 allectum.
813 5567 1032 5624 Petebat
1060 5564 1294 5635 quidem,
1334 5575 1390 5620 at
1435 5564 1568 5620 nihil
1612 5566 1929 5635 pretiosum,

352 5656 448 5712 sed
470 5673 663 5732 panem
685 5675 738 5719 et
758 5669 962 5717 vestem
997 5673 1014 5725 ;
1047 5656 1391 5728 promittebat
1420 5669 1596 5713 autem
1627 5667 1682 5714 et
1703 5673 1798 5713 sua
1832 5659 1933 5713 Do—

1393 257 1458 313 IN
1497 257 1648 315 CAP.
1683 257 1918 314 XXVIII.
1953 256 2194 317 GENES.
2237 261 2464 320 HOBIIL.
2509 266 2641 322 LIV.

3531 285 3634 341 £78

2054 377 2220 446 mino,
2242 394 2439 450 gnarus
2477 399 2634 453 quam
2678 394 2847 443 certet
2885 391 3221 459 muneribus,
3250 401 3304 448 et
3329 410 3486 465 quam
3536 417 3634 454 no-

2047 479 2185 525 stras
2224 474 2574 542 cogitationes
2615 480 2959 536 retribuendo
2991 486 3366 553 transcendat,
3409 490 3586 561 aitque
3619 512 3632 546 :

2048 560 2109 614 Et
2135 565 2432 620 columnam
2461 568 2594 626 hanc
2620 571 2672 625 in
2695 572 2908 627 domum
2933 574 3025 629 Dei
3050 577 3274 644 habebo,
3301 591 3354 634 et
3384 560 3621 639 omnium

2044 666 2162 719 qua:
2191 655 2316 708 mihi
2344 671 2371 709 a
2401 664 2453 712 te
2481 661 2955 728 suppeditabuntur
2983 665 3214 720 decimas
3255 669 3408 726 dabo.
3442 673 3626 729 Vidisti

2044 751 2275 796 mentem
2320 747 2457 815 piam
2488 764 2549 804 ac
2581 751 2878 819 religiosam
2907 754 3089 809 ?Nihil
3118 758 3290 812 adhuc
3314 776 3589 832 acceperat
3614 807 3632 833 ,

2042 843 2090 884 et
2125 836 2365 901 promisit
2399 853 2459 893 se
2489 839 2596 895 Deo
2626 840 2860 897 decimas
2891 860 3074 900 eorum
3103 865 3218 918 qua:
3247 850 3346 905 sibi
3385 852 3628 911 denantla

2041 934 2189 976 erant
2221 926 2540 984 oblaturum.

2114 1013 2329 1070 litoralis
2378 1021 2624 1091 epilogus.
2657 1053 2727 1062 —
2766 1022 2843 1078 Ne
2873 1026 3219 1095 simpliciter,
3245 1030 3419 1086 dilecti
3440 1074 3456 1097 ,
3487 1049 3626 1102 pra:-

2042 1112 2308 1160 tereanius
2335 1123 2452 1177 qua:
2478 1110 2614 1164 dicta
2642 1123 2784 1176 sunt,
2810 1114 2903 1168 sed
2932 1117 3245 1172 manulemzar
3269 1136 3457 1177 omnes
3483 1123 3624 1180 hunc

2034 1193 2236 1262 justum
2269 1213 2284 1249 :
2318 1207 2373 1253 et
2394 1215 2490 1254 nos
2514 1203 2602 1270 qui
2629 1203 2682 1255 in
2704 1205 2892 1271 gratia,
2916 1220 3036 1259 eum
3063 1208 3152 1276 qui
3179 1219 3302 1263 ante
3333 1209 3501 1281 legem
3533 1229 3546 1264 :
3574 1225 3631 1268 et

2040 1286 2172 1340 nihil
2214 1291 2503 1358 temporale
2529 1302 2773 1359 petamus
2815 1309 2843 1347 a
2889 1295 3133 1350 Domino.
3158 1299 3338 1368 Neque
3362 1303 3501 1356 enim
3525 1320 3622 1358 ex-

2043 1384 2248 1441 Speetat
2278 1378 2448 1433 donec
2480 1395 2508 1433 a
2538 1383 2690 1436 nobis
2710 1384 3078 1453 admoneatur,
3111 1390 3202 1442 sed
3232 1403 3282 1443 et
3311 1407 3413 1445 non
3439 1405 3623 1462 peteno

2041 1465 2177 1518 tibus
2217 1469 2369 1523 nobis
2410 1469 2631 1539 largitur
2658 1488 2718 1526 ea
2756 1489 2872 1543 quae
2898 1476 2962 1528 ad
2994 1491 3145 1531 usum
3179 1483 3460 1546 pertinent.
3488 1483 3625 1536 Oriri

2036 1556 2177 1610 enim
2204 1559 2324 1624 facit
2353 1562 2506 1613 solem
2531 1579 2683 1632 super
2712 1565 2872 1618 malos
2895 1575 2940 1618 et
2959 1566 3132 1632 bonos,
3157 1578 3202 1620 et
3229 1570 3354 1637 pluit
3374 1588 3522 1640 super
3538 1574 3633 1642 ju-

2035 1658 2137 1702 slos
2164 1661 2210 1701 et
2249 1652 2461 1722 injustas
2489 1655 2507 1724 (
2536 1654 2717 1708 Matth.
2748 1657 2800 1710 5.
2825 1657 2938 1726 45).
2970 1658 3034 1712 Et
3059 1659 3337 1714 credamus
3368 1661 3413 1714 ei
3442 1663 3628 1715 admo-

2038 1741 2201 1802 uenti,
2232 1751 2283 1794 et
2306 1741 2499 1797 dicenti
2530 1761 2543 1797 :
2578 1743 2796 1809 Quwrite
2824 1748 3039 1814 primunt
3065 1766 3272 1819 regnum
3304 1751 3413 1818 Dei,
3445 1763 3488 1805 et
3520 1754 3626 1807 lucc

2035 1831 2202 1882 omnia
2247 1844 2564 1901 opponentur
2610 1836 2746 1888 uobis
2777 1836 2983 1904 (Matth.
3018 1839 3070 1892 6.
3099 1840 3212 1908 55).
3253 1841 3408 1895 Vides
3454 1843 3626 1910 ipsum

2038 1919 2190 1974 nobis
2220 1923 2379 1975 etiam
2429 1923 2515 1976 illa
2551 1924 2602 1977 in
2634 1925 2831 1979 donum
2868 1932 3284 1997 pr.eparavisse,
3324 1941 3376 1984 et
3417 1931 3528 1984 Inec
3573 1934 3624 1987 in

2037 2009 2168 2065 lucri
2216 2021 2270 2066 et
2313 2015 2533 2068 auctarii
2579 2025 2730 2084 parte
2773 2017 3018 2072 daturum
3063 2033 3121 2074 se
3153 2022 3504 2089 promittere?
3547 2023 3624 2078 Ne

2037 2099 2195 2170 igitur
2235 2117 2297 2156 ea
2335 2119 2454 2172 qua:
2486 2113 2751 2174 tamquam
2793 2109 3014 2161 auctarii
3048 2109 3166 2162 loco
3191 2121 3504 2179 accepturus
3528 2127 3622 2176 es,

2036 2195 2186 2263 quasi
2241 2197 2489 2264 primaria
2540 2207 2706 2267 pete:
2739 2215 2806 2254 ne
2852 2200 3178 2255 invertamus
3214 2204 3485 2267 ordinem,
3525 2206 3621 2258 sed

2037 2301 2338 2355 quaeramus
2362 2289 2449 2342 illa
2477 2289 2613 2344 sicut
2640 2291 2908 2358 praecepit,
2939 2300 2996 2343 ut
3023 2300 3078 2344 et
3105 2291 3185 2344 his
3213 2301 3268 2346 et
3294 2291 3399 2346 illis
3425 2293 3525 2347 frui
3561 2294 3625 2346 li-

2037 2385 2174 2430 eeat.
2202 2377 2275 2431 Ea
2307 2378 2447 2432 enim
2475 2378 2543 2432 de
2575 2392 2732 2432 causa
2762 2378 2814 2432 in
2843 2379 3098 2433 orationis
3125 2391 3323 2434 nostra:
3353 2383 3528 2438 verbis
3557 2384 3624 2437 li-

2037 2467 2192 2520 mites
2217 2476 2270 2520 et
2300 2467 2507 2535 regulas
2531 2467 2680 2521 nobis
2712 2467 2965 2520 Dominus
2992 2470 3332 2538 praescripsit,
3360 2455 3622 2540 quatenus

2038 2556 2262 2625 petenda
2295 2557 2398 2608 sint
2427 2556 2754 2624 temporalia.
2789 2557 3085 2612 Verbadlla
3111 2559 3259 2628 jubet
3301 2576 3397 2616 nos
3421 2563 3623 2628 dicere,

2037 2659 2155 2713 qua:
2185 2644 2330 2697 omni
2365 2644 2698 2713 philosophia
2728 2647 2743 2675 ¹
2772 2655 2894 2699 sunt
2918 2645 3135 2712 referta,
3161 2647 3356 2702 Panem
3393 2663 3622 2706 nostrum

1981 2727 1989 2734 ’
2035 2735 2386 2802 quotidianum
2416 2736 2482 2788 da
2523 2735 2662 2790 nobis
2690 2737 2838 2791 hodie
2867 2738 2886 2810 (
2912 2737 3098 2792 Matth.
3126 2740 3177 2794 6.
3213 2741 3302 2811 ll)
3327 2759 3340 2795 :
3370 2743 3474 2797 diei
3518 2746 3619 2799 ali-

2035 2835 2272 2879 mentum
2299 2867 2313 2888 ,
2343 2825 2514 2896 inquit
2541 2842 2555 2878 :
2589 2825 2639 2880 id
2670 2829 2811 2896 quod
2854 2827 3030 2897 justus
3077 2829 3173 2884 iste
3193 2873 3208 2896 ,
3240 2833 3447 2886 tametsi
3490 2835 3622 2892 nihil

2037 2913 2225 2967 horum
2253 2916 2513 2981 audierat,
2544 2926 2788 2986 precatus
2813 2927 2915 2983 est,
2935 2918 3116 2972 dicens
3144 2937 3158 2972 :
3193 2920 3254 2974 Si
3279 2921 3471 2975 dederit
3496 2923 3622 2978 mihi

2039 3004 2287 3058 Dominus
2327 3023 2505 3072 panem
2533 3008 2601 3060 ad
2636 3009 3014 3076 comedendum,
3053 3019 3100 3063 et
3137 3021 3315 3064 vestrm
3351 3013 3420 3066 ad
3455 3023 3627 3084 tegen-

2037 3095 2179 3152 dum.
2205 3096 2283 3151 Ne
2325 3098 2484 3168 igitur
2515 3100 2806 3169 temporale
2847 3101 3044 3170 aliquid
3087 3103 3226 3157 aliud
3267 3105 3335 3159 ab
3373 3119 3438 3159 eo
3476 3119 3625 3174 peta-

2039 3201 2177 3242 mus.
2203 3188 2478 3258 lndignum
2507 3191 2648 3246 enim
2674 3191 2824 3246 valde
2849 3202 2951 3257 est,
2969 3207 3000 3247 a
3031 3204 3136 3248 tam
3163 3195 3366 3250 liberali
3391 3207 3446 3251 et
3475 3207 3620 3254 tanta

2036 3277 2232 3333 virtute
2280 3282 2548 3348 prmstanti
2590 3280 2890 3350 hnjusmodi
2933 3294 3144 3352 petere,
3184 3302 3304 3354 qua:
3331 3300 3451 3340 cum
3483 3304 3624 3356 pra:-

2036 3366 2176 3421 senti
2200 3368 2305 3422 vita
2340 3368 2720 3433 dissolvuntur,
2752 3379 2806 3425 et
2847 3386 3091 3442 magnam
3129 3374 3540 3434 vicissitudinem
3567 3387 3620 3432 et

2036 3461 2380 3517 mutationem
2405 3462 2784 3532 experiuntur:
2815 3464 2865 3518 id
2887 3480 3053 3534 genus
3073 3465 3215 3520 enim
3237 3477 3359 3520 sunt
3386 3467 3616 3531 humana

2037 3553 2236 3618 omnia,
2267 3553 2380 3608 sive
2407 3553 2620 3610 divitias
2648 3555 2866 3620 dixeris,
2898 3559 3008 3611 sive
3031 3559 3343 3628 potentiam,
3373 3559 3484 3614 sive
3517 3560 3619 3616 hu-

2037 3659 2248 3698 manam
2270 3645 2489 3715 gloriam
2523 3664 2536 3700 :
2568 3647 2660 3701 sed
2689 3657 2928 3717 petamus
2954 3663 3167 3719 semper
3194 3652 3476 3716 manentia,
3507 3654 3619 3708 snt-

2038 3738 2305 3806 ticientia,
2356 3741 2736 3798 vicissitudinis
2780 3743 2976 3798 nescia.
3031 3745 3094 3798 Et
3137 3747 3364 3799 scientes
3414 3746 3623 3803 Domini

2037 3832 2204 3886 nostri
2263 3831 2590 3898 bonitatem,
2633 3834 2784 3888 nihili
2829 3835 3119 3903 pendamus
3163 3837 3481 3904 praesentia,
3529 3839 3625 3894 sed

2038 3935 2200 3978 omne
2252 3932 2490 3979 nostrum
2550 3925 2782 3980 studium
2847 3925 2899 3980 in
2956 3926 3246 3981 caelestium
3299 3928 3620 3985 desiderium

2036 4015 2442 4072 transferamus.
2473 4017 2603 4072 Nam
2658 4019 2704 4073 si
2751 4017 2925 4073 Solem
2958 4035 3108 4073 suum
3146 4022 3270 4073 oriri
3309 4021 3432 4089 facit
3469 4040 3621 4090 super

2037 4110 2198 4164 malos
2233 4120 2281 4163 et
2307 4109 2484 4176 bonos,
2515 4122 2563 4165 et
2593 4112 2722 4181 pluit
2757 4128 2909 4181 super
2923 4113 3092 4182 justas
3126 4123 3174 4167 et
3199 4112 3430 4182 injustas,
3459 4115 3628 4169 multo

2039 4202 2206 4270 magis
2233 4201 2563 4258 abstinentes
2602 4219 2632 4258 a
2675 4204 2893 4268 malitia,
2925 4214 2979 4258 et
3009 4205 3318 4273 injustitiam
3361 4204 3625 4273 fugientes

2040 4308 2146 4348 non
2174 4295 2472 4364 despiciet:
2505 4296 2596 4350 sed
2642 4298 2804 4351 multa
2846 4296 3034 4368 dignos
3071 4297 3229 4352 ducet
3265 4298 3588 4366 providentia
3609 4339 3624 4360 ,

2041 4392 2097 4438 et
2140 4399 2234 4438 sua
2286 4385 2643 4441 sollicitudine
2692 4386 2834 4440 omni
2893 4397 3134 4456 tempore
3195 4388 3515 4455 dignabitur.
3571 4388 3624 4442 Id

2040 4475 2291 4539 scientes,
2321 4475 2517 4539 dilecti,
2546 4492 2612 4531 ne
2649 4477 2904 4532 increduli
2941 4479 3106 4532 simus
3139 4477 3335 4532 divinis
3365 4478 3628 4547 pollicita-

2043 4565 2292 4632 tionibus,
2322 4581 2490 4637 neque
2517 4568 2780 4622 contraria
2809 4568 2872 4622 iis
2896 4583 3014 4637 qua:
3050 4568 3133 4621 ille
3172 4567 3326 4637 jussit
3348 4567 3621 4623 faciamus.

2045 4653 2330 4711 Enimvero
2359 4666 2612 4726 quantum
2639 4657 2703 4713 ad
2729 4673 2788 4710 ea
2815 4673 2930 4728 qnze
2958 4674 3096 4712 nunc
3120 4674 3148 4711 a
3179 4658 3331 4713 nobis
3355 4659 3508 4725 fiunt,
3539 4660 3624 4713 ni-

2043 4743 2116 4800 hil
2160 4746 2227 4801 ab
2273 4746 2574 4803 inﬁdelibus
2603 4748 2916 4803 dili'erimus.
2945 4747 3168 4814 Quando
3192 4748 3335 4804 enim
3365 4749 3477 4818 ipse
3502 4749 3624 4816 qui-

2043 4837 2164 4894 dem
2190 4837 2362 4908 futura
2386 4839 2538 4893 nobis
2560 4839 2836 4906 promittit,
2864 4855 2962 4891 nos
2986 4851 3162 4894 autem
3195 4839 3442 4893 nolumus
3465 4837 3630 4890 fidere

2043 4927 2184 4983 illius
2227 4929 2686 4996 promissionibns,
2723 4927 2814 4983 sed
2857 4931 3205 4997 prmsintihus
3239 4940 3423 4982 sumus
3460 4922 3627 4986 aflixi,

2043 5021 2184 5091 quod
2225 5020 2366 5074 aliud
2408 5018 2795 5074 incredulitatis
2826 5019 3076 5073 indicium
3106 5019 3279 5087 adhuc
3307 5014 3620 5083 requiritur,

2045 5111 2207 5165 rebus
2241 5110 2370 5178 ipsis
2401 5119 2504 5163 tam
2535 5108 2678 5163 clara
2711 5123 2840 5163 voce
2863 5107 3273 5162 atii-stantibus?
3303 5104 3368 5158 Et
3395 5120 3623 5169 rursum,

2046 5200 2259 5256 Christo
2279 5201 2497 5267 jubente
2524 5215 2621 5254 nos
2648 5200 2776 5253 nihil
2801 5214 2830 5251 a
2859 5213 2914 5253 sc
2937 5209 3118 5267 petere
3145 5194 3404 5264 fragilium
3435 5193 3624 5249 borum

2047 5301 2103 5347 et
2123 5290 2510 5357 temporalium,
2542 5290 2634 5344 sed
2665 5291 2838 5359 potius
2881 5289 2966 5341 illa
3004 5286 3287 5354 postulare,
3319 5301 3412 5340 nos
3446 5286 3495 5341 ei
3536 5301 3623 5341 re-

2051 5393 2342 5452 pugnantes
2361 5422 2378 5447 ,
2405 5396 2523 5449 quae
2555 5390 2736 5449 petere
2775 5376 3039 5448 prohibuit
3058 5416 3073 5438 ,
3098 5376 3184 5429 illa
3212 5375 3499 5446 qnarimus
3528 5393 3542 5428 :
3570 5386 3626 5431 et

2051 5489 2169 5544 quae
2193 5473 2345 5542 jussit
2367 5473 2552 5543 quaeri,
2586 5470 2671 5526 illa
2709 5483 2812 5524 non
2841 5467 3148 5540 quaerimus.
3180 5466 3246 5521 Et
3281 5466 3395 5523 haec
3423 5469 3623 5523 iacien-

2116 5601 2130 5630 l
2175 5594 2261 5644 sic
2305 5593 2458 5643 Sayil.
2493 5598 2543 5640 ρι
2586 5585 2807 5650 quinque
2850 5583 2966 5650 ﬁsa.
3010 5582 3182 5650 hlorel.
3211 5594 3380 5650 _vero,
3425 5586 3628 5642 paterno

2047 5658 2220 5728 uﬂ‘ectu
2247 5644 2639 5721 (φιλοστοργίας),
2665 5644 2772 5713 pro,
2807 5644 3115 5711 philosophia
3138 5644 3479 5708 (φιλοσοῖμίας).
