4142 6206
615 325 716 384 ιτς)

615 449 727 500 tes,
755 441 810 487 et
834 439 939 484 tam
969 427 1112 496 pigre
1147 420 1482 491 segniterque
1529 423 1705 468 nostra
1741 408 2093 468 i'nstituentes,
2125 409 2181 456 et

613 491 990 580 exacerbantes
1024 491 1209 568 mitem
1256 519 1310 563 et
1357 506 1642 559 humanum
1685 499 2000 559 Dominum,
2031 491 2181 562 quasi

616 614 763 669 obliti
801 623 986 665 eorum
1018 619 1134 674 qua:
1175 614 1273 654 nos
1315 597 1593 652 fecerimus
1615 634 1630 656 ,
1655 603 1866 646 causam
1898 584 2184 657 qurerimus

616 705 732 773 ejus
760 714 881 770 erga
912 711 1007 751 nos
1047 688 1440 762 indignationis,
1471 697 1525 742 et
1563 699 1726 754 quare
1773 695 1870 736 nos
1915 691 2059 746 saepe
2087 673 2184 729 de-

617 771 834 862 spiciat,
863 801 982 842 cum
1026 785 1077 838 in
1105 783 1275 836 varias
1310 777 1590 834 incidimus
1623 771 1938 828 tentationes
1966 775 2056 822 :et
2081 777 2185 818 non

618 859 909 952 cogitantes
967 883 1303 946 peccatorum
1373 879 1672 924 nostrorum
1727 859 2185 932 magnitudinem,

620 948 972 1039 nosmetipsos
1011 969 1150 1022 ultro
1173 963 1483 1032 decipimus.
1517 958 1716 1013 Idcirco
1752 954 1975 1008 obsecro
1995 993 2010 1017 ,
2039 958 2098 1003 ut
2126 948 2190 1002 iis

621 1063 866 1119 omnibus
907 1057 1166 1127 repulsis,
1212 1052 1341 1107 nihil
1394 1049 1548 1104 saluti
1592 1056 1788 1100 nostr-.e
1825 1039 2188 1112 przeferamus.

625 1153 758 1219 Quid
785 1151 924 1205 enim
951 1148 1146 1216 prodest
1173 1143 1379 1206 homini,
1407 1141 1450 1193 si
1489 1147 1640 1191 totum
1669 1135 1909 1187 mundum
1938 1131 2154 1183 lucretur
2174 1167 2190 1192 ,

623 1210 806 1298 dirimat
831 1210 1076 1293 vero-sua:
1104 1234 1451 1288 detrimentum
1479 1230 1700 1296 patiatur
1732 1210 2041 1293 (Matth.l6.
2059 1217 2195 1288 26)?

626 1336 691 1388 Et
719 1341 1075 1402 supervacuas
1101 1323 1313 1379 divitias
1336 1321 1444 1390 jam
1470 1329 1786 1372 evacuemus
1815 1313 1865 1366 in
1896 1321 2155 1380 pauperes
2177 1347 2193 1373 ,

629 1399 979 1493 magnumque
1027 1413 1297 1485 sapientire
1336 1409 1492 1464 studii
1539 1407 1806 1476 specimen
1854 1403 1907 1456 in
1953 1399 2199 1453 omnibus

628 1491 1003 1573 exliibeamus,
1026 1521 1214 1561 vanam
1251 1502 1469 1573 gloriam
1499 1491 1848 1566 d'espicientes
1867 1535 1882 1556 ,
1911 1491 2198 1544 humanum

631 1608 819 1659 fastum
849 1599 1236 1657 conculcantes,
1264 1601 1318 1647 et
1342 1606 1497 1645 omne
1518 1587 1750 1642 caritatis
1775 1582 2005 1638 studium
2035 1578 2124 1632 alii
2149 1577 2200 1632 in

633 1697 765 1748 alios
789 1703 973 1747 mutuo
1000 1685 1364 1755 impendentes
1392 1698 1405 1735 :
1439 1689 1494 1734 ut
1517 1687 1572 1734 et
1600 1673 1948 1747 pra'sentibus
1973 1681 2028 1725 et
2061 1667 2202 1723 futu-

635 1787 708 1840 ris
751 1783 901 1839 bonis
943 1778 1136 1850 perfrui
1182 1787 1501 1834 mereamur,
1545 1769 1710 1831 gratia
1749 1773 1804 1820 et
1843 1759 2203 1818 misericordia

636 1875 842 1933 Domini
873 1872 1035 1926 nostri
1066 1869 1193 1924 Jesu
1223 1865 1455 1927 Christi,
1490 1855 1578 1913 cui
1599 1867 1724 1908 cum
1749 1853 1906 1910 Patre
1943 1861 1997 1908 et
2021 1856 2204 1906 sancto

635 1968 832 2038 Spiritu
859 1965 926 2018 sit
955 1961 1139 2032 gloria,
1170 1956 1470 2025 imperium,
1497 1951 1685 2014 honor,
1717 1961 1854 2001 nunc
1877 1953 1934 1999 et
1958 1953 2168 2010 semper
2187 1979 2202 2003 ,

635 2072 688 2115 et
712 2061 763 2112 in
793 2055 984 2112 sarcula
1013 2050 1347 2105 Str-culorum.
1379 2043 1568 2098 Amen.

1214 2175 1491 2234 llOMlLIA
1531 2172 1638 2227 LV.

641 2297 706 2355 Et
734 2299 858 2352 dixit
888 2296 1055 2349 Labun
1086 2294 1151 2345 ad
1183 2289 1343 2343 Jacob
1370 2304 1388 2341 :
1418 2285 1666 2352 Quoniam
1700 2284 1858 2351 frater
1887 2296 2026 2336 meus
2051 2295 2102 2333 es
2133 2288 2205 2342 tu,

708 2408 808 2446 non
831 2389 1012 2443 servies
1052 2384 1146 2437 mei
1192 2380 1387 2450 gratis;
1433 2377 1514 2429 dic
1555 2374 1713 2437 mihi,
1760 2385 2092 2443 qum-merces
2123 2378 2209 2420 tua

717 2483 877 2551 (Gen.
905 2479 995 2534 ea.
1029 2475 1152 2544 ιδ).

719 2599 771 2653 1,
804 2594 986 2646 Paucis
1017 2591 1148 2641 dicta
1175 2586 1280 2638 lteri
1308 2584 1546 2645 resumit;
1576 2580 1927 2647 conﬁdentiam
1953 2578 2131 2632 Jacobi
2159 2578 2211 2630 in

643 2687 803 2742 Deam
831 2679 1092 2750 prrcdirat.
1118 2705 1191 2715 -—
1211 2672 1350 2727 Salis
1377 2670 1490 2723 heri
1522 2685 1583 2722 ex
1617 2667 1888 2736 prmlu‘diis
1914 2667 2212 2734 peregrina-

645 2773 800 2827 tionis
839 2771 964 2839 justi
995 2765 1168 2821 c‘docti
1197 2777 1379 2817 sumus
1420 2769 1610 2830 quanta
1648 2758 1805 2811 fuerit
1832 2757 1946 2825 ejus
1973 2757 2234 2824 philosoo.

641 2864 780 2935 phia:
810 2859 1113 2928 magnitudo
1135 2897 1146 2917 ,
1184 2864 1398 2923 pmpter
1425 2867 1580 2920 quam
1611 2862 1822 2903 causam
1856 2849 2050 2900 tautalu
2093 2857 2211 2911 pro-

644 2955 952 3010 missionem
984 2966 1012 3003 a
1044 2949 1149 3001 Deo
1177 2951 1532 3012 consequutus
1559 2949 1661 2994 est.
1694 2941 1886 2994 lterum
1916 2947 2089 2990 autem
2119 2949 2215 3004 per

642 3060 827 3116 preces
870 3049 922 3097 et
963 3049 1140 3093 votum
1167 3081 1180 3102 ,
1228 3053 1344 3106 qua:
1389 3035 1512 3088 fecit
1559 3033 1921 3086 universorum
1968 3030 2210 3094 Domino,

642 3135 988 3190 sufficientem
1020 3129 1316 3183 doctrinam
1350 3125 1499 3179 nobis
1523 3123 1765 3177 omnibus
1789 3121 1951 3182 dedit,
1979 3121 2022 3175 si
2052 3119 2215 3173 velle-

639 3235 760 3280 mus
802 3222 866 3276 ad
915 3219 1217 3273 imitandam
1265 3216 1509 3269 virtutem
1557 3212 1693 3267 illius
1723 3213 1959 3266 excitari.
2006 3209 2212 3264 Etenim

643 3314 990 3370 admiratione
1033 3309 1247 3377 dignum
1294 3315 1405 3371 est,
1457 3304 1721 3374 quomodo
1750 3302 1996 3356 'virtutem
2043 3301 2216 3354 sciens

641 3404 1032 3477 promittentis.
1065 3410 1117 3453 et
1140 3398 1362 3452 audiens
1407 3393 1814 3464 magnitudinem
1855 3391 1954 3447 sibi
1986 3391 2214 3461 prraiis-

642 3514 844 3561 sorum,
878 3509 1050 3563 neque
1092 3492 1166 3544 sic
1197 3503 1440 3557 magnum
1469 3485 1662 3553 aliquid
1693 3494 1745 3538 ct
1784 3482 2007 3537 sublime
2039 3492 2217 3551 postu-

643 3589 754 3643 lare
781 3581 1119 3641 attentaverit
1149 3599 1160 3634 :
1188 3579 1282 3636 sed
1312 3579 1398 3632 illa
1427 3579 1699 3630 dtu'ntaxat
1727 3574 1894 3642 petiit,
1925 3589 2042 3643 qua:
2067 3572 2217 3627 audi-

642 3678 740 3733 stis
767 3677 878 3731 heri
903 3716 918 3740 ,
951 3687 1141 3739 nempe
1170 3687 1228 3724 ea
1258 3681 1374 3738 qua:
1415 3667 1480 3722 ad
1520 3665 1880 3735 quotidianum
1909 3664 2214 3717 alimentum

640 3767 740 3821 sibi
772 3766 1016 3821 sufficere
1045 3759 1278 3831 possint,
1307 3767 1361 3812 et
1399 3756 1767 3810 vestimentum
1814 3752 1881 3806 ad
1915 3765 2109 3822 corpus
2136 3761 2216 3807 te-‘-

640 3857 871 3928 gendum
906 3873 918 3909 :
951 3861 1005 3908 et
1034 3849 1318 3922 promittit,
1354 3847 1398 3902 si
1427 3846 1653 3903 reditum
1686 3845 1786 3899 sibi
1827 3846 1878 3898 in
1908 3858 2001 3899 sua
2027 3858 2217 3899 conce-

642 3948 734 4001 dal
763 3947 918 4006 Deus,
949 3943 1088 3997 sicut
1115 3942 1212 3995 sibi
1241 3938 1594 4009 promiserat,
1637 3937 1880 3989 daturum
1911 3949 1970 3988 se
1997 3935 2071 3988 illi
2101 3941 2216 3988 orn-‘-

645 4038 792 4090 nium
822 4051 938 4102 qua:
981 4033 1048 4085 ab
1089 4046 1154 4085 eo
1183 4031 1403 4098 accipiet
1429 4027 1662 4082 decimas
1691 4042 1704 4080 :
1732 4041 1829 4095 per
1855 4025 2029 4078 omnia
2061 4039 2215 4077 mon-

646 4135 823 4178 strans
848 4113 1154 4190 religionem
1182 4133 1352 4182 suam,
1383 4126 1436 4171 et
1461 4119 1628 4185 ipsum
1653 4115 1959 4169 adscribens
1983 4115 2216 4167 ouinium

649 4213 992 4283 largitorem;
1039 4210 1298 4277 docetque
1354 4220 1450 4260 nos
1493 4215 1550 4259 ut
1590 4206 1636 4259 ei
1684 4215 1883 4259 tantum
1933 4204 2220 4259 habeamus

647 4305 890 4375 gratiam.
923 4301 1151 4356 Noverat
1178 4300 1318 4353 enim
1355 4297 1528 4366 justus
1573 4295 1886 4351 ineffabilem
1923 4295 2038 4364 ejus
2067 4294 2218 4350 benio

649 4394 900 4463 gnitatem
920 4429 934 4456 ,
965 4391 1066 4445 hoc
1095 4389 1397 4456 conjectans
1423 4403 1485 4441 ex
1513 4387 1575 4441 iis
1605 4402 1721 4457 qua:
1753 4387 1802 4441 in
1831 4395 2034 4457 patrem
2066 4399 2218 4441 suum

648 4482 983 4546 exhibuerat,
1006 4490 1059 4534 et
1089 4480 1287 4534 sciebat
1314 4493 1433 4532 cum
1455 4478 1554 4532 sibi
1578 4492 1819 4546 magnam
1843 4477 2218 4532 abundantiam

647 4583 1024 4625 concessurum
1057 4584 1176 4624 esse
1205 4588 1218 4623 :
1251 4581 1304 4624 et
1335 4569 1520 4623 horum
1549 4569 1760 4638 quidem
1793 4569 1903 4637 ipse
1932 4569 2060 4622 nihil
2092 4569 2221 4637 petit

650 4676 682 4714 a
713 4662 934 4714 Domino
955 4702 970 4728 ,
997 4675 1167 4730 neque
1193 4661 1303 4715 vult
1331 4660 1398 4715 de
1440 4661 1502 4714 iis
1530 4659 1735 4728 precari
1758 4699 1774 4724 ,
1803 4659 1896 4713 sed
1923 4675 2042 4713 cum
2071 4660 2220 4716 dcci-

653 4765 768 4805 mas
789 4751 1022 4805 omnium
1047 4751 1288 4805 daturum
1313 4750 1689 4821 sepollicetur,
1711 4747 1945 4802 ostendit
1966 4753 2221 4819 quantum

653 4843 708 4896 in
737 4842 981 4896 onmibus
1005 4843 1303 4897 confidebat
1329 4841 1447 4909 ejus
1471 4841 1717 4910 potentiae
1754 4840 1843 4908 qui
1886 4840 2222 4908 promiserat.

655 4933 939 5000 Propterea
963 4940 1016 4986 et
1042 4934 1152 5000 ipse
1179 4931 1389 5001 quando
1411 4945 1530 4984 cum
1551 4944 1616 4985 eo
1641 4930 1968 4998 loquebatur.
1991 4929 2219 4997 dicebat,

655 5021 766 5092 Ego
791 5037 903 5076 sum
933 5022 1068 5074 Dem
1091 5022 1342 5074 Abraham
1369 5031 1414 5073 et
1440 5020 1594 5074 Isaac.
1616 5021 1772 5088 patris
1799 5020 1914 5084 tui;
1953 5036 2015 5072 ne
2049 5021 2222 5074 timeas

657 5115 822 5185 (Gen.
845 5115 934 5168 26.
961 5113 1088 5181 24).
1117 5113 1333 5182 Cogita,
1363 5115 1566 5182 inquit,
1597 5122 1654 5168 et
1693 5115 2042 5182 patriarcham
2073 5116 2220 5185 quasi

658 5206 995 5274 peregrinum
1025 5211 1080 5256 et
1109 5205 1342 5273 ignotum
1373 5203 1423 5256 in
1457 5209 1652 5256 terram
1684 5203 1820 5258 hanc
1848 5203 2143 5268 advenisse,
2171 5213 2224 5260 ct

658 5295 710 5349 in
740 5304 934 5347 tantam
959 5295 1164 5348 venisse
1185 5295 1423 5364 gloriam,
1452 5303 1508 5348 ut
1533 5295 1766 5350 oniuium
1791 5312 1882 5351 ore
1905 5299 2219 5352 celebretur.

655 5385 843 5455 Cogita
889 5386 1014 5439 item
1056 5393 1111 5439 et
1155 5395 1354 5454 patrem
1391 5395 1568 5453 tuum,
1607 5387 1658 5440 in
1689 5367 1925 5441 extrema
1957 5397 2226 5443 senectute

655 5477 798 5545 patri
821 5491 918 5530 suo
945 5481 1121 5530 natum
1149 5488 1286 5540 esse,
1314 5486 1471 5544 atque
1497 5478 1566 5532 ita
1593 5478 1780 5546 opibus
1801 5490 2011 5530 auctum
2041 5477 2223 5545 fuisse,

661 5575 720 5621 ut
749 5566 1038 5622 invidiosus
1067 5565 1217 5620 fieret
1261 5566 1536 5636 indigenis.
1584 5555 1780 5622 Eadem
1823 5567 1981 5635 igitur
2022 5578 2072 5621 et
2117 5567 2227 5634 ipse

663 5665 930 5724 «Specta,
974 5671 1288 5726 omnemque
1323 5657 1564 5713 titmretn
1608 5667 1660 5712 et
1704 5658 2021 5712 anxietatem
2059 5657 2224 5726 depo-

1283 308 1341 364 S.
1379 303 1654 364 JOANNIS
1681 293 2148 357 CllRYSOSTUMl
2188 287 2501 348 AR'CIIIEP.
2539 279 3069 341 CONSTANTINOP.

3750 267 3867 323 ιδο

2287 409 2439 459 nens,
2471 391 2944 464 peregrinationem
2979 386 3092 442 obi.
3122 384 3247 439 [hec
3280 391 3459 437 secum
3488 378 3729 449 cogitans
3767 377 3832 447 ιιι

2285 495 2398 542 stus
2420 526 2436 552 ,
2479 498 2584 537 non
2622 480 2691 535 ad
2733 487 3048 552 prazsentem
3079 467 3395 546 respiciebat
3421 479 3647 532 statum,
3681 467 3869 538 (nihil

2286 579 2428 634 enim
2469 575 2687 629 omnino
2713 587 2891 628 secum
2934 569 3187 624 afferebat
3225 583 3240 622 :
3279 561 3546 636 quomodo
3586 560 3727 615 enim
3761 573 3869 629 po-

2289 671 2476 726 tuisset
2499 667 2587 736 qui
2615 666 2759 720 solus
2793 671 2906 719 erat
2941 673 2995 717 et
3020 663 3119 715 iter
3158 657 3333 712 facere
3363 651 3730 724 cogebatur?)
3766 649 3870 706 sed

2285 763 2395 832 jam
2423 759 2542 816 adu
2573 757 2742 813 oculis
2770 770 2875 811 non
2915 753 3083 808 multo
3123 757 3244 820 post
3290 748 3517 802 futuram
3561 742 3870 812 praevidens

2291 849 2666 908 abundantiam
2707 861 2857 901 suam
2879 886 2894 911 ,
2924 842 3224 898 declarabat
3259 845 3460 908 gratam
3491 833 3822 888 voluntatem
3851 848 3870 885 :

2293 951 2350 998 et
2371 941 2461 1011 qui
2489 938 2620 994 nihil
2647 937 2819 992 adhuc
2860 939 3156 1002 acceperat,
3197 935 3392 993 vovet,
3432 924 3726 995 digniorem
3761 921 3875 974 fide

2293 1030 2604 1085 existimans
2633 1024 3034 1096 promissionem
3061 1019 3303 1086 Domini,
3328 1029 3486 1087 quam
3515 1022 3692 1070 rerum
3735 1024 3874 1081 pos-

2295 1118 2611 1174 sessionem.
2653 1116 2835 1184 Neque
2860 1114 3001 1169 enim
3041 1112 3109 1166 ita
3139 1109 3300 1164 fidere
3339 1106 3594 1162 debemus
3620 1103 3704 1157 bis
3746 1109 3874 1171 quae

2299 1210 2351 1263 iu
2397 1208 2641 1262 manibus
2669 1206 2922 1261 habemus
2952 1212 3007 1258 et
3033 1201 3305 1264 videmus,
3346 1208 3402 1252 ut
3427 1195 3876 1268 promissionibus

2302 1299 2431 1360 Dei,
2478 1296 2683 1350 etiamsi
2729 1310 2834 1348 non
2883 1293 3127 1349 eveniant
3169 1290 3345 1344 statim
3390 1288 3560 1357 primo
3603 1295 3873 1353 tempore.

2300 1389 2479 1443 Justus
2523 1388 2680 1457 igitur
2727 1394 2933 1455 sumpta
2981 1384 3044 1437 iis
3087 1396 3204 1451 qua:
3251 1380 3388 1434 Deus
3429 1376 3636 1431 dixerat
3677 1373 3872 1428 ﬁducia

2302 1479 2552 1544 maxima,
2586 1475 3064 1547 peregrinationem
3093 1471 3244 1526 obiit.
3273 1468 3388 1535 Quo
3417 1475 3570 1536 pacto
3595 1466 3738 1520 enim
3766 1477 3874 1517 non

2304 1568 2494 1622 fisurus
2523 1572 2698 1630 esset,
2743 1563 2825 1618 cui
2865 1563 3059 1616 dictum
3086 1569 3197 1613 erat
3222 1598 3239 1624 ,
3280 1557 3407 1611 Ecce
3436 1573 3524 1626 ego
3552 1565 3712 1607 tecum
3738 1557 3873 1616 sum,

2304 1659 2586 1713 custodiens
2616 1666 2663 1710 te
2685 1656 2737 1708 in
2758 1655 2893 1708 omni
2911 1653 3010 1716 via,
3035 1667 3133 1721 qua
3156 1650 3318 1702 iturus
3346 1663 3397 1701 es
3420 1661 3438 1699 :
3462 1655 3508 1698 ct
3532 1643 3876 1714 multiplicabo

2305 1767 2470 1805 semen
2497 1759 2669 1811 tuum,
2709 1757 2754 1801 et
2783 1745 3020 1800 reducam
3048 1751 3095 1797 te
3121 1743 3298 1795 iterum
3325 1741 3375 1794 in
3407 1750 3588 1793 terrain
3616 1738 3746 1789 hanc
3765 1777 3781 1800 ,
3828 1744 3876 1789 et

2307 1859 2405 1897 non
2430 1852 2475 1895 te
2499 1841 2839 1910 derelinquam
2860 1835 3009 1907 (Gen.
3032 1834 3254 1903 28.15),
3281 1845 3550 1902 usquequo
3573 1827 3876 1896 complean-

2308 1941 2393 1988 tur
2420 1931 2676 2003 promissa
2702 1926 2923 2005 omnia?
2954 1926 3148 1980 Verum
3169 1966 3183 1992 ,
3215 1934 3274 1978 ut
3301 1923 3415 1976 heri
3444 1922 3550 1976 dixi
3577 1957 3592 1987 ,
3623 1920 3792 1989 cogita
3821 1927 3877 1972 et

2309 2023 2726 2092 omnipotentem
2755 2018 2849 2073 Dei
2879 2015 3211 2087 sapientiam,
3241 2022 3296 2069 et
3316 2013 3443 2084 justi
3468 2013 3603 2066 illius
3631 2021 3873 2080 magnam

2310 2113 2616 2183 patientiam
2657 2111 2708 2164 et
2753 2117 2960 2178 gratum
3004 2107 3259 2161 animum.
3305 2103 3544 2159 Surrexit
3585 2101 3725 2156 enim
3757 2109 3874 2168 post

2310 2203 2690 2276 promissioncs
2715 2201 2847 2264 illas,
2878 2208 2934 2252 et
2957 2199 3008 2252 in
3027 2197 3262 2252 Charran
3288 2194 3577 2258 contendit,
3605 2203 3658 2247 et
3684 2191 3875 2245 iterum

2310 2297 2418 2364 agit
2461 2303 2519 2348 ut
2561 2292 2869 2364 peregrinus
2903 2298 2958 2344 et
3004 2303 3197 2358 vagus,
3245 2296 3299 2341 et
3341 2286 3392 2341 in
3432 2284 3674 2340 omnibus
3699 2282 3874 2336 divina

2309 2386 2480 2457 gratia
2511 2385 2719 2447 fruitur,
2753 2383 2976 2452 benigno
2997 2380 3105 2434 Deo
3133 2378 3230 2447 ipsi
3256 2377 3392 2430 viam
3418 2376 3608 2444 ubique
3639 2382 3875 2443 parante,

2311 2488 2364 2534 et
2392 2494 2541 2532 suam
2568 2475 2973 2546 promissionem
2994 2469 3332 2540 adimplente.
3360 2467 3458 2534 Qui
3485 2466 3626 2521 enim
3652 2465 3875 2527 dixerat,

2312 2568 2501 2624 Tecum
2528 2579 2657 2631 sum,
2689 2564 2971 2619 custodiens
3000 2570 3047 2616 te
3085 2561 3138 2613 iu
3167 2559 3301 2614 omni
3329 2558 3406 2612 ria
3425 2599 3440 2624 ,
3473 2573 3569 2625 qua
3611 2558 3768 2609 iturus
3803 2571 3876 2620 es,

2317 2657 2362 2712 is
2390 2655 2542 2710 duxit
2562 2655 2762 2723 justum
2792 2653 2858 2706 ad
2886 2653 3079 2706 fontem
3105 2664 3275 2718 aquae,
3307 2647 3394 2703 ubi
3420 2647 3682 2716 aquabaut
3705 2653 3875 2713 pastu-

2313 2761 2400 2802 res
2442 2754 2600 2800 terra:
2643 2744 2830 2798 incola:
2872 2761 2887 2796 :
2930 2757 2962 2796 a
2999 2742 3190 2811 quibus
3233 2754 3354 2794 cum
3402 2739 3772 2806 interrogasset
3813 2736 3876 2790 dc

2316 2837 2494 2892 Laban
2525 2837 2689 2889 fratre
2715 2835 2901 2888 matris
2946 2847 3090 2897 sua},
3137 2841 3191 2884 et
3237 2829 3506 2884 didicisset
3548 2826 3723 2881 omnia
3765 2841 3879 2894 qua!

2315 2926 2455 2981 circa
2483 2925 2629 2979 illum
2657 2923 2975 2993 gerebantur
3002 2938 3016 2974 :
3047 2919 3241 2974 deinde
3269 2933 3386 2972 cum
3427 2928 3478 2971 et
3519 2917 3672 2985 hujus
3701 2916 3876 2975 filiani,

2318 3028 2372 3072 et
2395 3030 2582 3086 greges
2609 3015 2773 3068 oculis
2804 3020 3124 3082 spectasset,
3155 3009 3458 3078 videretque
3484 3006 3750 3076 indigenas
3777 3021 3878 3059 non

2316 3106 2563 3161 sufficere
2594 3115 2650 3158 ut
2677 3101 2902 3172 lapidem
2931 3116 2960 3155 a
2989 3101 3130 3154 foulc
3155 3100 3250 3168 ipsi
3280 3107 3626 3162 amoverent,.
3645 3106 3697 3152 et
3726 3111 3876 3166 aqua-

2317 3205 2438 3252 reut
2462 3211 2612 3260 oves,
2641 3192 2894 3257 accurrit,
2924 3199 2979 3246 et
3007 3191 3057 3244 id
3102 3189 3241 3259 quod
3287 3189 3356 3242 illi
3399 3188 3577 3242 facere
3611 3203 3713 3242 non
3738 3187 3876 3241 vale-

2318 3289 2475 3352 bant,
2520 3288 2634 3355 ipse
2676 3297 2906 3355 superno
2953 3282 3148 3337 auxilio
3194 3281 3508 3344 roboratus,
3560 3279 3879 3348 prm'cniens

2318 3379 2590 3436 beneficiis
2619 3378 2796 3434 Labau
2817 3417 2834 3444 ,
2872 3376 3074 3430 amovit
3106 3374 3329 3445 lapidem
3361 3381 3416 3428 et
3451 3372 3727 3441 adaquavit
3758 3385 3878 3426 oves

2319 3486 2451 3541 quas
2490 3468 2739 3540 pascebat
2767 3467 2988 3523 Rachel.
3028 3466 3156 3521 Dein
3189 3465 3277 3519 ubi
3318 3463 3588 3517 osculatus
3624 3471 3706 3516 est
3740 3462 3880 3530 pucl-

2318 3565 2446 3631 iam,
2476 3572 2530 3618 et
2556 3559 2872 3632 significavit
2893 3559 3012 3628 quis
3036 3565 3179 3612 esset
3205 3564 3259 3611 et
3287 3555 3430 3610 unde
3461 3553 3706 3617 venisset,
3737 3568 3878 3606 mau-

2319 3657 2391 3710 sit
2421 3657 2533 3724 ipse
2561 3651 2697 3722 apud
2730 3652 2945 3705 fontem.
2971 3648 3162 3704 Verum
3193 3647 3312 3716 quia
3337 3648 3476 3700 Dens
3503 3661 3562 3699 er
3598 3645 3722 3714 tqui
3745 3644 3882 3711 justo

2319 3744 2634 3814 disponebat
2660 3742 2836 3796 omnia
2853 3779 2868 3805 ,
2903 3740 2987 3794 hic
3011 3749 3064 3794 et
3093 3739 3320 3808 puellam
3351 3737 3600 3792 evcitavit
3626 3745 3682 3790 ut
3701 3735 3882 3789 celeri-

2320 3846 2401 3893 ter
2423 3845 2698 3900 curreret,
2725 3842 2880 3904 atque
2911 3833 3025 3887 huic
3053 3830 3392 3886 annuntiaret
3418 3830 3587 3900 patri,
3613 3829 3700 3898 qui
3726 3828 3883 3881 frater

2319 3936 2433 3983 erat
2460 3927 2612 3995 hujus
2639 3925 2827 3980 matris
2859 3941 2873 3976 :
2902 3929 3246 3992 narraretque
3291 3920 3605 3975 beneficium
3643 3919 3779 3988 quod
3818 3918 3886 3971 ah

2320 4036 2386 4077 eo
2413 4020 2704 4090 prm‘stitum
2744 4026 2886 4073 esset
2921 4025 2976 4071 et
3017 4017 3066 4070 in
3111 4017 3279 4086 ipsam
3317 4021 3371 4068 et
3410 4013 3461 4067 in
3491 4026 3676 4082 greges
3709 4020 3800 4065 :et
3827 4025 3886 4064 se

2320 4120 2492 4182 neque
2523 4109 2854 4181 peregrinum
2882 4121 3020 4173 esse,
3064 4121 3236 4176 neque
3263 4105 3496 4175 ignotum
3519 4144 3533 4167 ,
3571 4101 3661 4157 sed
3687 4103 3885 4157 sororis

2323 4205 2507 4258 filium.

2395 4297 2595 4362 Quanta
2624 4302 2840 4348 veterum
2871 4292 3204 4362 hospitalitas.
3235 4290 3480 4360 Exeritplo
3506 4287 3684 4342 δαιώὶ
3713 4288 3881 4357 probat

2323 4389 2490 4442 omnia
2516 4386 2724 4459 feliciter
2748 4384 3008 4437 succedi-rc
3040 4382 3083 4436 ei
3111 4395 3255 4452 quem
3283 4379 3421 4434 Deus
3451 4381 3616 4449 juvat.
3644 4407 3715 4419 --
3746 4379 3882 4430 Con-

2322 4483 2493 4540 sidera
2515 4524 2530 4548 ,
2559 4475 2780 4534 obsecro
2799 4520 2813 4542 ,
2844 4478 3038 4531 dilecte
3060 4517 3075 4541 ,
3113 4476 3303 4530 divinm
3331 4473 3620 4541 Scriptum
3660 4470 3880 4538 diligeno

2323 4577 2484 4639 tiam,
2533 4570 2797 4642 quomido
2843 4568 2996 4623 nobis
3041 4567 3215 4621 omnia
3261 4565 3541 4620 manifeste
3595 4571 3876 4628 recenseat,

2323 4665 2566 4722 docendo
2592 4677 2688 4717 nos
2710 4667 2887 4736 mores
2906 4669 3163 4723 veterum,-
3185 4668 3237 4712 et
3257 4666 3470 4726 quanta:
3493 4657 3544 4708 in
3567 4649 3883 4720 escipiendis

2326 4756 2619 4825 hospitibus
2665 4753 2859 4807 fuerint
2886 4751 3192 4805 alacritatis.
3235 4748 3363 4801 Nam
3395 4756 3448 4800 ut
3478 4745 3664 4816 puella:
3693 4743 3885 4796 iudiea-

2323 4859 2403 4903 ret
2435 4845 2784 4905 alacritatem,
2813 4857 2919 4895 non
2948 4838 3259 4907 simpliciter
3287 4836 3443 4899 dixit,
3472 4851 3588 4889 eam
3618 4832 3804 4887 abiisse
3829 4841 3885 4886 et

2324 4936 2664 4990 aununliaSse
2701 4949 2818 5002 qua:
2857 4932 2986 4984 facta
3029 4933 3266 4991 fuerant,
3299 4927 3390 4980 sed
3430 4924 3754 4985 cucurrisse.
3785 4923 3890 4980 huc

2326 5035 2439 5086 est,
2475 5029 2663 5092 magno
2698 5037 2816 5076 cum
2859 5021 3049 5091 gaudio
3075 5019 3240 5089 (Cap.
3265 5017 3354 5071 29.
3385 5034 3432 5071 υ.
3463 5013 3583 5087 1'2).
3618 5014 3809 5068 Deinde
3833 5027 3892 5070 ut

2327 5115 2394 5170 dc
2422 5114 2598 5168 Laban
2619 5154 2634 5178 ,
2663 5113 2749 5182 qui
2790 5119 2939 5182 pater
2969 5111 3108 5164 illius
3148 5119 3263 5163 erat
3285 5149 3300 5173 ,
3329 5109 3497 5170 dicit,
3528 5105 3668 5177 quod
3701 5105 3890 5161 auditis

2333 5207 2415 5261 his
2443 5223 2470 5258 τι
2500 5206 2699 5274 virgine
2718 5246 2733 5269 ,
2761 5203 3053 5257 cucurrerit
3081 5212 3135 5255 et
3166 5202 3279 5270 ipse
3319 5202 3370 5254 in
3409 5213 3684 5255 occursum
3706 5197 3881 5263 Jaeoh,

2326 5305 2383 5351 et
2410 5295 2675 5350 osculatus
2703 5294 2771 5348 sit
2799 5301 2953 5359 enin,
2985 5300 3040 5346 et
3085 5290 3354 5345 induxerit
3391 5290 3446 5344 in
3487 5289 3702 5344 domum
3737 5300 3886 5342 suam

2332 5384 2491 5457 (Ibid.
2517 5399 2564 5436 υ.
2595 5383 2706 5455 l5).

2398 5477 2454 5530 2.
2486 5477 2766 5546 Postquam
2796 5483 2970 5528 autem
2996 5473 3172 5528 Laban
3203 5473 3378 5527 munia
3407 5472 3686 5542 diligenter
3711 5468 3886 5525 didicit

2331 5567 2397 5622 ab
2422 5582 2486 5622 eo
2510 5607 2524 5630 ,
2573 5567 2656 5620 14.
2684 5564 2860 5627 Dixit,
2899 5565 3106 5634 inquit,
3136 5565 3184 5618 ei
3220 5579 3238 5616 :
3269 5563 3349 5617 Ex
3388 5563 3584 5618 auibus
3607 5561 3727 5616 meis
3757 5572 3801 5614 et
3825 5574 3885 5613 es

2331 5673 2482 5712 carne
2504 5670 2610 5711 mea
2636 5673 2687 5711 cs
2711 5667 2763 5710 tu
2789 5655 2940 5726 (Cap.
2967 5657 3083 5725 29).
3109 5655 3318 5712 Sororis
3337 5695 3353 5722 ,
3381 5654 3585 5728 inquit,
3613 5669 3740 5710 mea:
3766 5665 3883 5706 t'lllll

2776 5826 2842 5844 ηκ-’λ
3668 5835 3680 5846 ι
3707 5823 3784 5842 ,δι-
