4150 6206
301 314 387 367 381
1323 314 1385 369 ιΝ
1423 313 1581 370 CAP.
1617 311 1808 368 XXIX.
1854 312 2094 368 GENES.
2141 314 2370 372 llOMlL
2415 317 2521 372 LV.

293 429 370 485 sis
396 431 568 495 filius,
603 431 731 486 nihil
773 430 914 486 aliud
961 444 1119 501 quam
1151 443 1274 485 caro
1317 441 1495 485 uo.~tra
1523 444 1581 486 es
1620 438 1674 485 et
1711 427 1874 484 frater

295 533 499 593 noster.
531 520 596 575 Et
632 533 738 576 erat
776 539 891 575 euut
917 537 1008 587 eo,
1053 520 1250 591 inquit,
1297 522 1365 574 ad
1404 537 1620 574 mensem
1659 521 1874 574 dierum.

298 613 426 666 Dein
466 615 616 682 quasi
663 615 714 668 in
743 613 902 667 domo
930 613 1141 684 propria
1171 613 1312 682 apud
1351 628 1473 667 eum
1516 611 1784 683 impavide
1826 626 1878 666 et

293 707 362 762 ab
390 707 534 760 omni
563 722 689 760 cura
721 706 855 760 liber
891 706 1098 774 agebat.
1145 705 1407 761 Craterum
1447 705 1696 776 quoniam
1741 705 1877 758 Deus

293 806 433 861 erat,
466 799 554 868 qui
579 801 756 851 omnia
782 797 847 850 ad
877 798 1155 851 utilitatem
1184 796 1341 866 hujus
1363 797 1488 866 justi
1509 795 1873 866 dispensabat,

296 902 348 946 et
376 892 427 946 in
454 891 701 944 omnibus
727 890 775 944 ei
803 904 953 944 suam
981 889 1251 958 praebebat
1276 889 1730 958 cooperationem,
1765 888 1877 957 ipse

297 983 621 1036 alacritatem
651 980 830 1036 Laban
859 981 1108 1034 excitavit
1143 998 1157 1034 :
1195 990 1250 1035 et
1282 980 1466 1035 videns
1494 980 1590 1034 viri
1630 993 1875 1034 mansue-

297 1075 530 1127 tudinem
553 1113 569 1138 ,
601 1073 734 1126 dicit
765 1071 816 1126 ci
849 1093 862 1127 :
897 1071 981 1134 15.
1013 1071 1264 1140 Quoniam
1290 1072 1422 1125 enim
1463 1071 1621 1140 frater
1661 1086 1798 1123 meus
1825 1086 1876 1122 es

297 1182 371 1232 tu,
404 1184 506 1221 non
535 1166 719 1221 servies
749 1165 872 1218 mihi
907 1165 1064 1235 gratis
1093 1179 1112 1218 :
1137 1165 1218 1217 dic
1243 1164 1365 1216 mihi
1387 1204 1400 1226 ,
1427 1179 1540 1228 qua:
1564 1178 1749 1215 merces
1789 1171 1874 1213 tua

293 1261 376 1313 sit.
413 1258 544 1314 Vide
570 1259 837 1328 quomodo
867 1259 978 1328 ipse
1009 1258 1220 1328 quidem
1262 1257 1473 1327 petebat
1500 1256 1664 1320 nihil,
1695 1255 1872 1310 Labau

294 1361 474 1408 autem
504 1368 533 1406 a
563 1366 623 1407 se
648 1352 749 1406 hoc
778 1353 1026 1422 prOponil.
1053 1352 1218 1422 justo.
1248 1352 1314 1406 Et
1347 1351 1564 1406 at'ende
1583 1393 1596 1416 ,
1627 1349 1870 1409 obsecro,

293 1444 562 1514 quomodo
589 1443 673 1498 cui
699 1443 875 1498 divina
905 1459 1094 1498 manus
1119 1443 1340 1510 assistit,
1372 1443 1420 1497 ei
1446 1441 1624 1496 omnia
1655 1438 1877 1494 feliriter

291 1533 600 1591 succedant.
648 1533 770 1588 Non
812 1535 994 1589 servies
1035 1534 1194 1598 mihi,
1228 1534 1430 1602 inquit,
1474 1532 1630 1602 gratis
1663 1531 1876 1584 :iudica

294 1629 417 1681 mihi
439 1643 553 1696 quc
591 1643 777 1682 merces
803 1636 890 1680 tua
914 1627 1002 1680 sit.
1037 1624 1291 1693 Quamvis
1315 1624 1500 1678 beatus
1540 1622 1628 1678 ille
1673 1636 1876 1692 magna:

291 1720 528 1774 caritatis
568 1720 691 1775 loco
727 1717 948 1772 haberet
974 1719 1053 1770 vel
1090 1715 1402 1786 simpliciter
1439 1713 1750 1785 quotidiano
1776 1714 1874 1766 ali-

292 1821 477 1865 mento
520 1811 620 1865 frui
646 1850 660 1869 .
705 1808 1033 1876 multamque
1075 1821 1172 1876 pro
1213 1821 1279 1862 eo
1313 1806 1535 1876 gratiam
1583 1804 1871 1860 redderet:

293 1919 478 1956 verum
508 1901 630 1971 quia
660 1901 848 1954 miram
879 1899 1258 1954 humanitatem
1287 1913 1393 1967 prae
1421 1913 1480 1953 se
1507 1897 1729 1960 ferebat,
1755 1895 1873 1950 ideo

293 1993 471 2047 Iarban
495 1990 795 2046 mercedem
817 1992 862 2045 ei
891 1991 1186 2060 pollicetur,
1203 2005 1362 2060 quam
1387 1991 1498 2059 ipse
1516 1988 1871 2060 proposuerit.

287 2083 426 2151 Quid
459 2083 617 2153 igitur
636 2081 848 2150 justus?
881 2081 1030 2146 \‘ide,
1058 2081 1299 2137 obsecro.
1331 2091 1386 2136 et
1414 2081 1496 2134 hic
1525 2081 1872 2135 excellentem

287 2175 410 2242 ejus
435 2173 776 2242 sagacitatem
796 2213 812 2239 ,
844 2181 898 2226 et
935 2171 1206 2242 quomodo
1234 2171 1432 2226 nullam
1470 2168 1872 2241 congreganda-

291 2281 410 2318 rum
439 2279 599 2333 opmn
627 2263 870 2318 habuerit
896 2278 1100 2318 curam.
1125 2262 1240 2319 Non
1269 2264 1411 2318 enim
1439 2265 1577 2319 sicut
1603 2276 1875 2318 mercena-

291 2357 403 2409 rius
432 2354 625 2424 aliquis
667 2369 788 2410 cum
829 2353 1012 2410 Laban
1054 2354 1344 2421 convenit,
1370 2363 1430 2410 et
1457 2369 1676 2424 operam
1722 2368 1875 2408 suam

288 2445 639 2515 esquisitiore
665 2443 914 2500 mercede
945 2444 1083 2498 locat
1105 2483 1122 2507 ,
1171 2452 1225 2499 et
1247 2444 1390 2499 aliud
1419 2444 1545 2514 quid
1578 2444 1710 2514 petit
1738 2461 1750 2497 :
1780 2442 1875 2498 sed

289 2551 498 2590 tllCtllOf
543 2537 728 2590 matris
763 2545 818 2591 et
858 2544 1244 2606 praceptorum
1286 2537 1484 2605 patris,
1513 2545 1567 2590 et
1595 2533 1873 2590 miriﬁcam

290 2630 673 2685 continentiam
703 2645 811 2700 pra:
837 2645 896 2685 se
939 2629 1152 2695 ferens,
1179 2629 1308 2684 dicit
1333 2629 1548 2683 Labano
1578 2645 1592 2682 :
1625 2628 1711 2683 18.
1746 2627 1872 2682 Ser-

295 2723 425 2776 riam
471 2723 558 2776 tibi
597 2732 785 2792 septem
825 2723 971 2777 anuis
1011 2739 1103 2792 pro
1149 2721 1338 2776 Rachel
1379 2723 1489 2792 ﬁlia
1531 2731 1617 2775 tua
1647 2721 1873 2792 juniore.

293 2817 439 2872 lianc
463 2817 603 2871 enitn
643 2833 763 2871 mtix
794 2826 849 2872 ut
875 2817 1012 2887 apud
1047 2817 1246 2872 fontem
1275 2817 1414 2884 vidi,
1443 2817 1636 2870 amavi.
1669 2816 1733 2871 Et
1755 2815 1875 2870 vide

293 2908 716 2964 benevolentiam
748 2908 865 2963 viri.
903 2908 1118 2978 Sibiipsi
1151 2919 1205 2962 et
1232 2919 1436 2978 tempus
1461 2907 1760 2979 praescribit
1781 2949 1795 2973 ,
1822 2918 1874 2960 et

293 3009 442 3053 tanto
465 3009 703 3068 tempore
723 2998 994 3054 sufficiens
1014 3011 1382 3070 argumentum
1405 3015 1513 3054 sua:
1534 2999 1875 3054 continentia:

293 3089 516 3158 pra-bet.
566 3089 631 3143 Et
673 3088 800 3158 quid
853 3088 1170 3154 admiraris,
1223 3090 1448 3156 dilecte,
1491 3089 1712 3144 audiens
1752 3103 1873 3143 eum

291 3191 496 3250 septem
537 3181 692 3234 annis
729 3196 788 3236 se
832 3173 1150 3236 serviturum
1195 3183 1366 3252 promi
1401 3183 1504 3238 isse
1551 3198 1644 3250 Iro
1681 3181 1873 3236 dilecta

292 3273 508 3341 puella?
537 3271 605 3327 Ut
632 3275 774 3326 enim
811 3273 1061 3328 ostendat
1087 3274 1242 3328 nobis
1269 3274 1538 3343 Scriptura
1560 3313 1575 3339 ,
1606 3273 1875 3344 quomodo

289 3380 444 3417 antur
487 3380 706 3435 magmts
747 3375 801 3418 et
845 3364 1079 3420 laborem
1121 3375 1178 3418 ct
1209 3365 1462 3434 temporis
1493 3365 1875 3436 longitudinem

289 3457 514 3511 succidit
536 3497 552 3519 ,
592 3466 649 3511 et
676 3465 734 3510 ut
776 3457 938 3511 breve
962 3456 1232 3510 videretur
1258 3457 1454 3524 effecit,
1487 3457 1615 3512 dicit
1641 3475 1658 3512 :
1683 3457 1773 3513 ΞΟ.
1813 3457 1875 3512 Et

291 3549 490 3603 staeivit
515 3549 677 3602 Jacob
704 3566 796 3618 pro
822 3549 1014 3602 Rachel
1042 3550 1188 3602 annis
1212 3559 1433 3619 septem,
1464 3560 1512 3604 et
1537 3560 1681 3604 erant
1707 3567 1876 3604 eorum

290 3658 349 3696 eo
373 3642 520 3712 quasi
543 3641 650 3694 dies
677 3641 862 3710 pauci,
907 3657 964 3694 eo
989 3645 1127 3711 quod
1157 3642 1263 3712 ipse
1302 3643 1443 3696 illaut
1484 3643 1732 3713 diligeret.
1775 3643 1874 3698 Se-

292 3742 459 3803 ptem,
486 3733 679 3802 inquil,
703 3732 848 3798 anni,
876 3732 1025 3800 pauci
1052 3731 1165 3786 dies
1187 3733 1501 3787 videbantur
1521 3734 1590 3788 ob
1611 3735 1874 3803 ingentem

289 3841 414 3896 erga
443 3825 671 3895 puellam
716 3840 974 3880 amorem.
1016 3824 1238 3892 Quando
1280 3824 1423 3878 enim
1452 3825 1570 3894 quis
1613 3825 1879 3878 sauciatur

291 3919 530 3973 caritatis
551 3917 842 3982 desiderio,
870 3916 1000 3971 nihil
1029 3917 1245 3972 dil‘licile
1270 3925 1476 3986 Spectat
1503 3935 1515 3970 :
1544 3917 1637 3971 sed
1667 3918 1717 3971 id
1741 3917 1877 3985 quod

290 4010 450 4064 fuerit
475 4009 688 4079 plemnn
720 4008 970 4078 periculis
999 4018 1052 4064 et
1084 4008 1246 4062 multa
1277 4009 1510 4072 miseria,
1539 4009 1728 4064 leviter
1757 4010 1874 4075 fert,

289 4099 358 4153 ad
385 4101 483 4154 hoc
511 4116 672 4154 unum
705 4099 1020 4170 respiciens,
1066 4101 1332 4170 quomodo
1367 4115 1464 4154 suo
1493 4102 1726 4170 potiatur
1757 4111 1879 4155 voto

291 4201 347 4247 ct
373 4192 660 4247 desiderio.

367 4281 581 4336 Muralis
601 4285 848 4354 epilogus.
893 4285 1048 4338 Amor
1075 4284 1256 4337 Jacobi
1297 4301 1416 4354 erga
1459 4283 1652 4338 Rachel
1678 4285 1881 4352 indi/fe-

292 4375 503 4428 rentiam
524 4385 746 4428 nostram
774 4392 894 4445 erga
926 4375 1083 4428 Deum
1111 4375 1386 4446 redarguit.
1435 4375 1700 4443 Quomodo
1731 4376 1876 4430 Pau-

291 4467 372 4518 lus
392 4467 621 4520 dilexerit
645 4466 804 4519 Deum
828 4483 846 4531 ,°
866 4469 1029 4536 ipsum
1055 4469 1242 4521 imitari
1271 4486 1386 4522 suos
1414 4471 1669 4524 auditores
1700 4471 1878 4524 horta-

293 4568 393 4611 tur.
425 4587 496 4598 -—
524 4557 812 4610 Audiamus
840 4575 935 4611 nos
963 4561 1132 4629 ignavi
1163 4570 1220 4614 et
1243 4561 1440 4629 supini,
1468 4563 1730 4630 ingratum
1751 4578 1878 4632 erga

295 4651 461 4706 Deum
489 4650 721 4702 animum
747 4650 1076 4705 exhibentes.
1108 4653 1238 4708 Nam
1264 4653 1308 4705 si
1337 4655 1513 4724 justus
1544 4655 1634 4710 ille
1665 4668 1881 4724 proptrr

295 4743 484 4812 puclla:
512 4757 752 4796 amorem
778 4745 1109 4813 septennimn
1138 4751 1340 4804 servire
1370 4751 1614 4820 ferreque
1639 4761 1880 4820 pastora-

294 4835 419 4888 lium
445 4833 686 4888 labornm
716 4849 984 4888 aerumnas
1011 4835 1264 4901 decrevit,
1290 4850 1469 4893 etnon
1499 4842 1666 4895 sensit
1688 4843 1771 4896 vel
1803 4841 1878 4894 la-

293 4926 468 4991 bores,
499 4926 581 4982 vel
604 4930 857 4995 temporis
899 4929 1297 4998 longitudinem,
1330 4933 1421 4986 sed
1452 4934 1626 4988 omnia
1655 4937 1702 4989 ci
1744 4934 1880 4990 levia

294 5026 347 5068 et
374 5017 542 5072 facilia
569 5018 908 5083 videbantur,
947 5023 1446 5091 exspectationeque
1473 5034 1526 5077 et
1552 5042 1646 5094 spe
1674 5026 1877 5082 fruendi

295 5107 476 5173 fultus,
507 5109 576 5162 ita
609 5120 664 5163 ut
686 5111 802 5166 dies
847 5129 1041 5181 paucos
1082 5113 1294 5184 longum
1322 5116 1450 5170 illud
1482 5126 1690 5187 tempus
1722 5130 1876 5188 puta-

293 5213 373 5258 ret
405 5221 421 5258 :
467 5201 679 5271 qualem
709 5219 806 5258 nos
838 5205 1148 5262 habebimus
1188 5209 1606 5274 excusationem,
1652 5212 1739 5280 qui
1771 5228 1878 5267 non

294 5295 405 5364 pari
433 5294 610 5348 studio
633 5309 756 5362 erga
783 5296 1062 5353 Domimun
1114 5310 1354 5354 nostrum
1382 5311 1435 5356 et
1485 5301 1877 5359 benefactorem

295 5397 343 5441 et
371 5395 693 5449 curatorem,
727 5397 778 5441 et
807 5389 894 5456 qui
923 5391 1074 5444 uobis
1117 5390 1183 5444 sit
1217 5394 1416 5459 omnia,
1443 5393 1706 5448 afticimur
1725 5395 1750 5446 τ
1775 5396 1879 5451 Sed

292 5480 380 5533 tibi
439 5478 748 5549 prapouitur
799 5481 998 5534 lucrutn
1050 5485 1359 5551 temporale,
1412 5485 1586 5540 omnia
1638 5486 1884 5543 alacriter

295 5572 564 5626 sustinere
612 5571 872 5638 volumus,
911 5574 1117 5630 etiamsi
1148 5577 1272 5645 quid
1321 5578 1644 5634 laboriosum
1695 5579 1784 5643 sit,
1828 5591 1882 5636 et

297 5661 446 5716 valde
477 5674 839 5716 aerumnosum
877 5675 930 5718 et
971 5665 1242 5722 sordidum
1269 5712 1282 5734 ,
1317 5680 1369 5725 et
1399 5685 1607 5742 pinnam
1641 5671 1692 5725 iu
1743 5688 1878 5741 prze-

300 5753 432 5808 sc-tti
447 5761 503 5805 et
519 5750 695 5806 futuro
713 5757 904 5810 Stct'ulo
921 5760 1165 5828 pt‘tebens
1186 5780 1198 5816 :
1220 5775 1434 5835 propter
1449 5774 1682 5820 nostram
1703 5778 1877 5822 autem

3474 338 3578 392 ‘81

1985 431 2236 498 salutem,
2266 442 2318 488 ct
2351 444 2406 489 ut
2436 451 2725 505 supernum
2757 437 2909 494 nobis
2940 439 3176 499 favorem
3205 448 3573 516 conciliemus,

1989 523 2194 576 remissi
2223 533 2277 579 et
2303 527 2476 595 supini
2519 537 2571 582 et
2610 528 2852 584 dissoluti
2889 533 3152 589 videmur.
3182 537 3245 591 Et
3275 540 3446 608 qualis
3488 556 3574 598 ne.

1991 613 2069 669 bis
2099 615 2202 671 erit
2229 617 2378 672 venia
2409 659 2422 683 ,
2450 621 2688 690 qualisve
2714 625 2986 679 excusatio
3012 627 3088 681 sic
3119 630 3450 700 negligentiae
3474 633 3571 690 de-

1984 703 2130 772 ditis,
2163 708 2248 776 qui
2289 725 2462 780 neque
2501 723 2758 782 quantum
2788 715 2972 772 beatus
3000 717 3086 773 ille
3133 718 3186 772 in
3220 721 3444 788 puellam
3474 725 3572 780 de-

1984 795 2203 851 claravit
2221 814 2482 869 amorem,
2505 811 2702 858 tantam
2723 806 2774 859 in
2795 807 2956 861 Deum
2979 810 3252 865 caritatem
3277 812 3532 869 habemus
3555 834 3570 868 :

1987 886 2144 957 idque
2168 905 2289 944 cum
2321 899 2459 950 tanta
2494 895 2758 963 possimus
2788 913 3074 954 numerare
3104 899 3360 956 beneficia
3392 904 3442 958 in
3473 921 3572 961 nos

1985 980 2261 1048 collocata,
2302 992 2355 1037 et
2381 999 2498 1053 qum
2525 987 2760 1056 quotidie
2801 989 3172 1046 collocantur?
3201 992 3306 1047 Sed
3331 995 3432 1050 etsi
3474 1011 3574 1050 nos

1987 1079 2091 1124 tam
2127 1071 2322 1142 ingrati
2357 1089 2560 1142 sunms,
2599 1094 2702 1131 non
2736 1080 2804 1133 ita
2835 1092 2978 1135 certe
3023 1083 3204 1137 beatus
3235 1084 3449 1152 Pauius,
3482 1090 3570 1156 qui

1986 1171 2089 1215 tam
2121 1164 2355 1220 fervebat
2379 1169 2639 1238 ctignitus
2659 1174 3012 1227 cratcaritate
3036 1175 3086 1228 in
3119 1176 3304 1246 Deum,
3333 1188 3390 1231 ut
3409 1181 3567 1234 verba

1984 1253 2071 1307 illa
2101 1265 2245 1308 tanto
2266 1257 2444 1312 animo
2466 1259 2621 1330 digna
2643 1261 2945 1331 loqueretur
2966 1275 3021 1318 et
3041 1266 3311 1329 clamaret,
3345 1268 3528 1323 dicens
3553 1287 3568 1325 :

1990 1344 2115 1411 Quis
2169 1363 2261 1402 nos
2303 1351 2554 1419 separabit
2587 1368 2617 1403 a
2648 1355 2889 1407 charilate
2909 1353 3139 1410 Christi?
3170 1357 3297 1412 \‘ide
3325 1358 3573 1414 dic-tionis

1983 1437 2314 1507 emphasim,
2347 1449 2400 1495 et
2441 1441 2692 1497 latentem
2748 1445 2852 1498 vim
2906 1464 2918 1498 :
2972 1446 3094 1502 vide
3125 1450 3323 1504 amoris
3355 1451 3570 1506 violenti

1986 1528 2271 1598 fervorem,
2302 1532 2423 1587 vide
2459 1535 2733 1590 caritatem
2765 1537 2914 1590 inch
2945 1553 3052 1592 am.
3089 1538 3212 1604 Quis
3238 1558 3328 1594 nos
3362 1558 3568 1610 separa-

1980 1620 2048 1672 bit
2085 1621 2106 1691 (
2135 1619 2282 1674 Rom.
2306 1623 2358 1677 8.
2387 1623 2456 1678 55
2480 1625 2541 1693 )?
2584 1626 2740 1694 Quid,
2773 1628 2960 1696 inquit,
2983 1638 3085 1692 est,
3109 1631 3248 1699 quod
3283 1634 3446 1701 possit
3470 1650 3566 1686 nos

1980 1725 2009 1762 a
2031 1711 2288 1767 charilate
2310 1714 2400 1768 Dei
2423 1719 2704 1784 separare?
2732 1719 2855 1788 quid
2875 1719 3012 1774 inter
3032 1720 3257 1776 visibilia
3277 1723 3314 1788 ι,
3335 1724 3458 1792 quid
3476 1723 3564 1777 in-

1979 1811 2064 1856 ter
2091 1803 2414 1858 invisibilia?

2052 1895 2104 1948 5.
2131 1895 2330 1951 Deinde
2357 1899 2542 1952 volens
2569 1907 2620 1952 et
2647 1900 2998 1968 particulatim
3022 1904 3200 1957 omnia
3229 1920 3565 1970 enumerare,

1977 1993 2030 2036 et
2052 1984 2298 2039 omnibus
2329 1985 2480 2040 nobis
2512 1989 2845 2044 inanitetmn
2874 1989 3047 2046 facere
3073 1992 3430 2060 insuperabile
3459 1996 3558 2050 de-

1979 2072 2232 2128 siderium
2271 2075 2409 2145 quod
2439 2093 2561 2148 erga
2604 2079 2882 2134 Dominum
2939 2081 3280 2150 possidebat,
3335 2083 3569 2140 subdidit

1979 2167 2163 2222 dicens
2192 2185 2203 2220 :
2233 2167 2513 2224 Tribulatio
2533 2171 2560 2224 .9
2587 2189 2653 2224 an
2677 2174 2910 2243 angustia
2927 2173 2954 2226 ἔ)
2973 2190 3039 2226 an
3067 2173 3265 2242 fames?
3290 2194 3354 2228 an
3383 2194 3552 2243 purse.

1979 2259 2155 2327 quutio
2171 2261 2197 2312 γ
2235 2277 2301 2313 an
2331 2262 2530 2315 nuditas
2545 2263 2574 2316 2
2599 2279 2665 2316 an
2692 2265 2966 2332 perieulum
2982 2265 3007 2318 .9
3023 2282 3095 2318 an
3119 2266 3362 2335 gladius!
3382 2267 3430 2321 0
3457 2269 3574 2321 ani-

1981 2366 2144 2415 mam,
2178 2352 2402 2420 insania,
2426 2371 2542 2424 que
2567 2357 2906 2411 continentia:
2931 2372 2984 2410 tu
3024 2366 3103 2412 ter
3130 2367 3232 2422 est,
3269 2357 3568 2414 furentem!

1981 2443 2142 2512 Quid,
2177 2445 2365 2516 inquit,
2402 2448 2568 2502 exiis
2607 2464 2724 2516 qua:
2765 2450 2917 2504 nobis
2969 2449 3151 2504 inferri
3198 2461 3442 2520 possunt,
3473 2466 3572 2505 nos

1981 2547 2210 2590 avocare
2255 2550 2286 2589 a
2315 2537 2536 2592 caritate
2582 2553 2700 2607 quae
2735 2548 2818 2593 est
2847 2541 2897 2593 in
2940 2540 3102 2594 Deum
3131 2542 3362 2610 poterit?
3416 2541 3571 2596 Affliv

1979 2628 2186 2682 ctiones
2213 2628 2576 2698 quotidian:e?
2603 2629 2836 2686 Minime.
2874 2633 3185 2702 Augustin}?
3213 2632 3398 2703 Neque
3444 2634 3572 2690 illze.

1979 2719 2116 2774 Num
2142 2722 2620 2791 persequutiones'
2645 2721 2828 2794 Neque
2859 2725 2981 2778 illm.
3007 2725 3112 2780 Sed
3137 2725 3302 2794 quid?
3331 2742 3455 2780 num
3487 2726 3568 2780 fa-

1979 2813 2131 2866 mes?
2160 2829 2283 2866 num
2331 2814 2576 2868 nuditas?
2620 2831 2746 2869 num
2776 2817 3046 2885 pericula?
3079 2817 3272 2873 Verum
3299 2819 3426 2888 quid
3454 2819 3574 2874 dico

1982 2901 2196 2971 famem,
2227 2914 2279 2959 et
2308 2905 2622 2972 nuditatem,
2651 2915 2705 2960 et
2748 2908 2988 2975 pericula
3008 2908 3032 2961 ?
3051 2924 3176 2962 num
3205 2909 3452 2979 gladius?
3489 2912 3570 2969 Ne

1982 3011 2127 3051 mors
2154 2998 2368 3068 quidem
2395 2999 2529 3071 ipsa,
2558 2999 2603 3055 si
2648 3000 2946 3072 inlligatur,
2975 3002 3076 3058 hoc
3102 3005 3295 3074 poterit
3321 3005 3531 3062 efficere
3556 3023 3570 3060 :

1982 3088 2032 3142 id
2055 3091 2196 3144 enim
2239 3106 2460 3160 prorsus
2491 3093 2823 3162 impossibile
2866 3105 2968 3151 est.
3000 3095 3187 3152 Nullus
3225 3099 3360 3154 alius
3385 3101 3463 3155 sic
3487 3099 3572 3154 di-

1979 3191 2170 3250 gnatus
2195 3190 2280 3236 est
2325 3183 2547 3253 diligere
2597 3184 2899 3251 Dominum,
2945 3196 3002 3242 ut
3039 3188 3190 3244 beata
3237 3189 3321 3244 illa
3375 3191 3574 3247 anima.

1979 3271 2140 3337 Quasi
2168 3273 2312 3328 enim
2357 3274 2610 3332 liberatus
2650 3291 2680 3330 a
2717 3291 2966 3348 corpore,
2992 3290 3048 3336 et
3089 3283 3332 3338 sublimis
3382 3283 3573 3350 flictus,

1983 3373 2039 3418 ut
2061 3363 2141 3419 sic
2155 3363 2350 3430 dicam,
2371 3381 2542 3437 neque
2567 3382 2728 3438 super
2747 3377 2943 3424 terram
2968 3373 3240 3429 ambulare
3260 3390 3319 3430 se
3348 3385 3562 3444 putans,

1980 3453 2052 3507 ita
2082 3455 2332 3526 loquitur.
2367 3460 2532 3512 Amor
2556 3459 2703 3514 enim
2741 3460 2794 3515 in
2849 3461 3016 3517 Deum
3047 3473 3102 3518 et
3135 3478 3390 3521 succensa
3426 3470 3570 3522 cari.

1982 3554 2062 3600 tas
2103 3557 2336 3605 mentem
2348 3548 2507 3620 ejusa
2520 3551 2944 3610 sensibilibusad
2959 3554 3262 3623 spiritualia
3279 3555 3575 3616 transtulit,

1982 3646 2037 3693 et
2060 3654 2089 3692 a
2118 3641 2466 3708 przesentibus
2483 3642 2548 3694 ad
2573 3642 2766 3709 futura,
2797 3655 2852 3699 et
2879 3660 2908 3698 a
2931 3646 3229 3701 visibilibus
3263 3647 3329 3701 ad
3357 3661 3463 3702 non
3494 3649 3573 3700 vi-

1983 3727 2174 3781 sibilia.
2208 3729 2356 3784 Talis
2383 3732 2524 3785 enim
2561 3748 2646 3787 res
2674 3743 2754 3788 est
2783 3735 2913 3789 fides
2939 3746 2994 3790 et
3039 3738 3235 3791 caritas
3276 3737 3328 3791 iu
3383 3739 3570 3792 Deum.

1985 3819 2044 3873 Et
2078 3828 2134 3872 ut
2158 3819 2334 3874 discas
2362 3837 2612 3892 magnum
2641 3826 2756 3893 ejus
2782 3827 2961 3880 cordis
2989 3827 3240 3882 affectum
3258 3869 3272 3894 ,
3309 3828 3434 3883 vide
3453 3845 3576 3884 eum

1984 3913 2072 3981 qui
2103 3914 2180 3967 sic
2207 3915 2488 3971 Dominum
2518 3917 2722 3986 dilexit,
2751 3929 2803 3974 et
2847 3920 2897 3974 in
2939 3921 3053 3990 ejus
3087 3921 3362 3977 caritatem
3419 3937 3578 3977 exar-

1984 4003 2072 4066 sit,
2103 4002 2294 4075 fugari,
2320 4009 2786 4078 persequutionem
2829 4011 2957 4079 pati,
2988 4010 3268 4081 flagellari,
3298 4013 3573 4070 innumera

1981 4093 2161 4160 gravia
2216 4093 2374 4162 ferre,
2408 4106 2462 4151 et
2505 4098 2684 4153 dicere
2717 4120 2731 4154 :
2763 4099 2831 4153 in
2862 4100 3114 4155 laboribus
3139 4101 3493 4167 abundantius,
3525 4105 3577 4159 in

1985 4185 2149 4255 plagis
2174 4203 2329 4256 supra
2357 4190 2580 4255 modum,
2605 4191 2671 4244 iu
2694 4192 2939 4246 mortibus
2960 4197 3246 4264 frequenter
3271 4210 3291 4248 :
3319 4211 3350 4247 α
3373 4194 3573 4250 Judtzis

1983 4282 2245 4354 quinquies
2282 4281 2630 4354 quadragenas
2675 4302 2776 4337 una
2823 4286 2987 4339 minus
3033 4287 3206 4356 accepi
3247 4299 3270 4340 :
3297 4295 3370 4340 ter
3425 4289 3579 4358 virgis

1984 4389 2147 4428 casus
2195 4389 2327 4438 sum,
2356 4375 2508 4428 seuiel
2547 4375 2802 4445 lapidatus
2842 4393 2974 4441 sum,
3009 4385 3082 4429 ter
3106 4377 3430 4448 naufragium
3458 4379 3576 4447 feci,

1985 4474 2130 4518 nocte
2183 4474 2228 4518 et
2288 4465 2369 4517 die
2416 4467 2468 4518 in
2514 4467 2772 4538 profundo
2820 4468 2975 4521 maris
3025 4468 3098 4539 fui
3126 4511 3141 4531 ,
3193 4468 3246 4520 in
3313 4468 3573 4522 itineribus

1985 4573 2155 4627 serpe,
2213 4560 2447 4629 periculis
2503 4561 2804 4630 fluminum,
2835 4563 3073 4631 periculis
3104 4562 3390 4625 latronum,
3443 4565 3578 4634 peri—

1985 4649 2113 4701 culis
2143 4649 2194 4702 in
2239 4650 2382 4720 falsis
2421 4649 2692 4719 fratribus,
2717 4652 2769 4704 iu
2801 4653 2971 4706 labore
3011 4663 3056 4706 et
3084 4668 3310 4706 a'rumna
3340 4653 3359 4722 (
3385 4651 3436 4704 ‘2.
3457 4651 3577 4710 Cor.

1987 4739 2074 4793 Η.
2105 4738 2302 4810 25-27)
2330 4757 2345 4795 :
2382 4751 2434 4796 et
2463 4744 2584 4796 talia
2615 4744 2837 4813 patiens,
2884 4744 3147 4814 gaudebat
3174 4754 3228 4800 et
3252 4745 3568 4808 exsultabat.

1985 4827 2194 4885 Sciebat
2219 4833 2382 4896 enim,
2413 4843 2468 4886 et
2496 4835 2822 4902 argumentis
2845 4836 3025 4890 multis
3051 4846 3230 4889 certus
3256 4845 3392 4899 erat,
3421 4836 3566 4889 labo-

1987 4938 2072 4978 res
2100 4935 2390 4993 prtesentes
2419 4927 2648 4980 maxima
2680 4927 2779 4980 sibi
2823 4929 3038 4997 prarmia
3065 4929 3373 4992 conciliare,
3400 4937 3452 4979 et
3482 4941 3574 4994 pc-

1987 5016 2149 5070 ricula
2180 5033 2406 5072 coronas
2437 5032 2640 5086 parere.
2672 5019 2803 5073 Nam
2825 5006 2868 5073 si
2895 5020 3058 5074 Jacob
3089 5031 3305 5089 propter
3330 5033 3568 5072 amorem

1987 5108 2042 5162 in
2067 5108 2351 5163 Rachelem
2375 5110 2525 5178 quasi
2555 5112 2806 5180 pauculos
2830 5112 2945 5167 dies
2967 5113 3301 5179 septenuium
3331 5112 3568 5180 putabat.

1987 5200 2154 5254 multo
2177 5201 2345 5270 magis
2370 5201 2554 5254 beatus
2581 5202 2670 5257 ille
2695 5204 2870 5255 omnia
2904 5202 3049 5255 nihili
3083 5202 3327 5264 faciebat,
3347 5217 3576 5253 succcn-

1985 5306 2078 5347 sus
2104 5293 2268 5345 semel
2293 5308 2474 5346 amore
2496 5293 2546 5346 in
2580 5295 2769 5356 Deum,
2801 5302 2856 5346 et
2893 5304 3112 5361 prepter
3139 5291 3410 5344 Christum
3439 5291 3578 5345 dile-

1986 5392 2130 5438 ctum
2160 5383 2337 5438 omnia
2361 5383 2556 5439 ferens.
2585 5384 2904 5440 Studeamus
2922 5383 3096 5452 igitur,
3123 5383 3366 5447 obsecro,
3400 5391 3452 5435 et
3481 5397 3577 5436 nos

1986 5474 2206 5545 diligere
2248 5475 2537 5530 Christum.
2574 5475 2713 5530 Nihil
2740 5474 2881 5529 enim
2911 5474 3070 5538 aliud,
3109 5473 3298 5544 inquit,
3332 5472 3574 5529 Cbristtts

2047 5661 2062 5694 ¹
2109 5659 2193 5710 Sic
2235 5658 2334 5707 duo
2382 5656 2476 5704 Mss
2505 5694 2516 5714 ,
2559 5663 2706 5714 atque
2734 5651 2819 5714 ita
2867 5651 2991 5714 legit
3036 5657 3180 5696 vetus
3207 5649 3476 5714 interpres.
3522 5650 3571 5697 lu

1987 5725 2144 5774 Editis
2165 5724 2287 5776 haec,
2311 5716 2429 5779 quid
2452 5712 2578 5767 inter
2603 5712 2813 5779 ttisil'ilia
2835 5715 2897 5769 (τί
2926 5712 3019 5762 τῶν
3043 5714 3332 5775 ἐρωμένων),
3368 5713 3573 5763 deﬁcie-

1985 5786 2100 5834 bant
2125 5798 2136 5838 ;
2168 5785 2255 5832 sed
2281 5777 2339 5831 ea
2375 5779 2534 5830 series
2561 5777 2855 5842 postulabat.
