4142 6206
613 477 622 484 ·
651 452 873 524 requirit
897 465 926 504 a
956 459 1028 515 te,
1057 463 1214 519 quam
1239 454 1295 500 ut
1324 445 1495 514 ipsum
1521 442 1708 512 diligas
1737 456 1800 494 ex
1825 447 1934 494 toto
1959 434 2142 501 corde,
2174 443 2230 489 et

615 579 629 586 --
651 543 812 598 facias
841 540 1088 596 mandata
1123 538 1238 607 ejus
1261 534 1454 608 (Marc.
1485 533 1572 588 l2.
1594 533 1717 601 50).
1763 531 1862 599 Qui
1891 529 2031 584 enim
2062 526 2232 596 diligit

649 640 786 688 sicut
836 639 1045 701 oportet
1098 630 1283 691 Deum,
1323 627 1658 680 manifestum
1694 623 1834 694 quod
1882 630 1938 676 et
1982 618 2230 675 mandata

629 726 764 792 ejus
789 721 1010 790 implere
1039 719 1256 772 nitatur.
1283 716 1506 785 Quando
1534 715 1676 770 enim
1707 714 1824 782 quis
1844 726 1968 780 erga
1990 710 2223 779 aliquem

642 817 887 868 fraterne
911 810 1157 871 afficitur,
1186 809 1364 863 omnia
1416 808 1588 861 facere
1634 804 1831 868 studet,
1878 811 1936 855 ut
1977 801 2229 855 dilectum

648 903 917 957 attrahere
937 901 1102 972 possit
1136 899 1187 954 in
1215 913 1452 952 amorem
1479 911 1654 951 suum.
1709 895 1770 948 Et
1823 906 1918 947 nos
1946 904 2159 961 quoque
2185 888 2228 942 si

654 992 931 1046 hominum
960 992 1166 1045 sincere
1192 989 1552 1044 dilexerimus.
1576 983 1820 1038 mandata
1850 983 1965 1051 ejus
1988 979 2228 1049 implere,

643 1081 902 1150 nihilque
929 1094 1134 1144 eorum,
1163 1094 1283 1149 qua:
1312 1077 1632 1131 exacerbare
1659 1081 1905 1144 poterunt
1955 1070 2228 1129 dilectum,

615 1221 625 1231 .
654 1171 837 1226 facere
861 1170 1208 1224 studebimus.
1233 1169 1344 1222 Hoc
1369 1166 1527 1221 fuerit
1551 1180 1771 1234 regnum
1809 1163 2084 1226 czelorum,
2133 1160 2235 1214 hoc

659 1265 917 1315 honorum
944 1261 1158 1321 fruitio;
1188 1259 1288 1312 hoc
1329 1257 1530 1312 infinita
1574 1255 1711 1310 bona
1750 1255 2006 1318 continet,
2036 1253 2079 1307 si
2107 1268 2231 1323 ger-

654 1366 808 1405 mane
859 1359 912 1405 et
959 1350 1096 1404 sicut
1128 1357 1338 1419 oportet
1386 1363 1509 1403 eum
1553 1346 1802 1401 dilexeris
1835 1362 1849 1398 :
1881 1345 2028 1400 illum
2055 1352 2233 1398 autem

658 1443 863 1495 sincere
910 1440 1213 1508 diligimus,
1245 1438 1288 1491 si
1334 1446 1551 1507 propter
1592 1437 1866 1490 caritatem
1908 1438 1958 1489 in
1988 1449 2132 1496 eum,
2181 1445 2236 1488 et

653 1547 774 1600 erga
800 1545 1090 1585 conservos
1128 1529 1358 1583 multam.
1399 1528 1747 1581 exhibeamus
1777 1526 2136 1581 dilectionem.
2169 1524 2234 1579 In

652 1621 728 1674 his
753 1622 884 1673 enim
906 1619 1099 1672 duobus
1119 1618 1389 1682 mandatis,
1433 1616 1622 1686 inquit,
1666 1611 1895 1669 universa
1923 1615 2007 1668 lea:
2034 1625 2080 1668 et
2111 1631 2232 1684 pro-

651 1713 813 1778 pheta:
856 1712 1068 1780 pendent
1113 1709 1325 1780 (Matth.
1365 1709 1456 1761 22.
1509 1707 1616 1778 40)
1647 1724 1658 1760 :
1692 1723 1882 1775 nempe
1939 1715 1996 1759 ιιι
2047 1707 2234 1776 diligas

655 1803 935 1856 Dominum
965 1802 1127 1855 Deum
1175 1809 1321 1853 tuum
1355 1815 1420 1854 ex
1467 1807 1576 1852 toto
1601 1798 1762 1852 corde
1789 1808 1879 1852 tuo
1900 1837 1915 1863 ,
1951 1807 2004 1851 et
2031 1815 2094 1852 ex
2127 1807 2234 1853 tota

653 1903 832 1946 mente
863 1903 969 1957 tua,
1002 1902 1054 1946 et
1079 1906 1140 1945 es
1169 1890 1414 1943 omnibus
1441 1889 1639 1943 viribus
1667 1893 1808 1954 tuis;
1844 1898 1897 1944 et
1936 1889 2236 1959 proximum

653 1995 801 2036 ltlllm
817 1982 952 2036 sicut
986 1981 1214 2050 teipsum
1245 1979 1434 2053 (Marc.
1463 1980 1547 2033 12.
1579 1980 1665 2036 '50.
1700 1979 1791 2050 51)
1848 1981 1970 2034 llaec
1998 1981 2232 2034 onmium

655 2074 909 2126 virtutum
931 2085 1160 2136 summa,
1189 2068 1287 2122 hoc
1305 2068 1725 2124 fundamentum.
1753 2069 1921 2124 Simul
1948 2071 2088 2124 enim
2114 2085 2234 2124 cum

651 2161 871 2214 caritate
893 2161 945 2214 in
981 2160 1142 2214 Deum
1169 2158 1460 2229 ingreditur
1483 2159 1700 2214 dilectio
1723 2159 1968 2229 proximi.
1992 2157 2123 2213 Nam
2143 2159 2234 2229 qui

653 2251 818 2305 Deum
838 2249 1028 2320 diligit,
1063 2265 1167 2303 non
1195 2249 1451 2318 despiciet
1476 2249 1712 2316 fratrem,
1745 2265 1916 2319 neque
1945 2265 2074 2319 opes
2119 2251 2237 2319 plu-

653 2341 746 2406 ris,
779 2356 939 2410 quam
963 2339 1258 2394 membrum
1285 2355 1437 2394 suum
1461 2381 1476 2404 ,
1507 2339 1697 2405 faciet,
1727 2340 1821 2396 sed
1850 2355 2095 2412 magnam
2127 2357 2235 2411 pra:

650 2449 708 2485 se
740 2433 870 2486 feret
899 2431 1305 2501 bci'iignitatcm,
1339 2447 1548 2486 memor
1569 2432 1686 2496 ejus
1713 2433 1802 2502 qui
1829 2431 1969 2488 dixit
1997 2450 2012 2487 :
2042 2433 2141 2500 Qui
2161 2434 2236 2504 fe-

651 2528 772 2580 cerit
797 2526 988 2596 aliquid
1014 2526 1291 2580 unihorsnn
1306 2527 1644 2589 minimarum,
1667 2527 1790 2578 mihi
1807 2527 1980 2594 fecerit
2006 2525 2223 2598 (Matth.

656 2616 747 2671 25.
771 2617 838 2670 40
856 2616 897 2683 ).
932 2616 996 2668 Et
1017 2617 1275 2684 cogitans,
1303 2623 1518 2684 propter
1543 2615 1892 2671 ministerium
1923 2616 1974 2671 in
2012 2633 2232 2673 conser-

652 2721 772 2759 vum
807 2706 969 2759 Deum
997 2706 1166 2774 ipsum
1196 2720 1314 2760 esse
1339 2705 1424 2774 qui
1455 2715 1512 2758 ut
1539 2705 1637 2760 sibi
1679 2705 1971 2775 praestitum
2000 2706 2234 2763 officium

653 2796 935 2861 adscribat,
985 2811 1172 2866 magna
1220 2810 1339 2849 cum
1369 2795 1643 2850 alacritate
1685 2797 1863 2851 omnia
1905 2797 2231 2867 operabitur,

655 2904 1003 2961 magnamque
1033 2887 1402 2942 liberalitatem
1443 2886 1712 2943 exhibebit
1753 2889 1893 2943 circa
1939 2889 2238 2962 eleemosy-

655 3000 796 3049 nam,
819 2998 920 3036 non
949 2981 1015 3036 ad
1041 2981 1290 3034 vilitatem
1319 2979 1605 3049 respiciens
1623 2981 1864 3049 pauperis
1882 2981 1970 3051 qui
1996 2989 2234 3050 apparet,

653 3074 747 3128 sed
776 3073 841 3128 ad
890 3071 1306 3143 magnitudinem
1345 3073 1460 3139 ejus
1507 3072 1594 3142 qui
1639 3073 1881 3141 promisit
1924 3088 1982 3129 se
2027 3072 2235 3128 habitu-

653 3179 768 3219 rum
802 3164 1018 3233 perinde
1049 3178 1112 3218 ac
1145 3163 1188 3216 si
1219 3163 1317 3217 sibi
1359 3161 1493 3218 facta
1523 3174 1724 3228 essent,
1755 3180 2104 3234 qu:eeumque
2155 3163 2236 3218 illi

655 3259 786 3315 facta
815 3257 1022 3312 fuerint.
1053 3255 1130 3312 Ne
1157 3257 1311 3326 igitur
1355 3267 1730 3325 praetereamus
1755 3257 2084 3326 simpliciter,
2116 3272 2234 3325 oro,

654 3349 855 3403 lucrum
881 3357 1182 3401 nostrarum
1210 3346 1504 3400 animarmn
1532 3356 1586 3401 et
1606 3347 1899 3402 remedium
1933 3357 2234 3402 nostrorum

656 3439 948 3492 vulnerum.
981 3437 1095 3491 Hoc
1114 3437 1277 3501 enim,
1332 3436 1432 3490 hoc
1458 3438 1744 3493 maximum
1787 3437 2130 3508 pharmacum
2162 3441 2232 3496 ita

653 3531 858 3585 curabit
891 3540 946 3585 et
972 3530 1204 3585 abolebit
1235 3531 1414 3586 ulcera
1459 3532 1756 3586 animarum
1808 3542 2108 3588 nostrarum
2131 3577 2145 3600 ,
2179 3545 2238 3590 ut

656 3639 824 3692 netpte
851 3623 1124 3694 vestigium
1149 3638 1320 3692 neque
1344 3623 1558 3676 cicatrix
1582 3623 1755 3693 aliqua
1781 3627 2086 3695 apparitore
2117 3627 2187 3682 sit
2216 3645 2229 3682 :

659 3713 707 3764 id
759 3711 897 3778 quod
947 3712 998 3764 in
1040 3712 1279 3780 corporis
1323 3712 1626 3766 vulneribus
1675 3727 1778 3766 non
1831 3721 1913 3767 est
1965 3715 2232 3783 possibile.

656 3801 785 3854 Nam
819 3802 940 3855 licet
976 3801 1092 3869 quis
1129 3801 1318 3854 millies
1364 3804 1744 3870 cataplasmata
1775 3815 1988 3874 accepta
2013 3821 2040 3858 a
2071 3807 2238 3861 medi-

667 3897 744 3950 eis
770 3902 1113 3964 superponat,
1131 3909 1350 3950 necesse
1370 3904 1451 3951 est
1488 3896 1784 3952 cicatricem
1805 3897 1858 3953 in
1875 3914 2096 3968 corpore
2126 3915 2240 3954 ma-

657 3999 786 4040 nere
811 4001 824 4049 ;
855 3995 906 4038 ct
933 3987 1121 4038 merito
1149 4002 1162 4037 :
1191 4001 1382 4052 corpus
1406 3986 1546 4040 enim
1578 3997 1660 4040 est
1705 3987 1846 4057 quod
1874 3997 2109 4043 curatur.
2142 3990 2238 4044 llic

658 4085 834 4128 autem
861 4075 981 4142 quia
1003 4074 1176 4127 anima
1213 4083 1294 4128 est
1323 4091 1438 4143 quae
1467 4085 1682 4130 curatur
1703 4117 1720 4142 ,
1755 4078 1965 4145 quando
1993 4079 2110 4147 quis
2138 4079 2236 4134 bo-

662 4177 782 4214 nam
823 4175 970 4214 suam
1017 4161 1342 4216 voluntatem
1383 4163 1637 4230 declarat,
1682 4166 1900 4220 multaut
1947 4168 1998 4221 in
2047 4168 2238 4224 melius

664 4251 1005 4305 imitationem
1030 4251 1225 4320 accipit
1255 4269 1267 4304 :
1301 4261 1355 4306 et
1391 4253 1469 4305 sic
1494 4254 1668 4308 omnia
1703 4255 1883 4310 ulcera
1913 4256 2156 4327 depellit,
2181 4268 2240 4314 ut

662 4350 848 4396 ventus
894 4341 1184 4397 vehemens
1214 4342 1495 4412 pulverem
1538 4344 1806 4400 deturbat.
1850 4347 2024 4418 Atque
2049 4348 2235 4404 horum

663 4433 897 4485 omnium
944 4432 1203 4500 exemplis
1229 4433 1400 4501 plena:
1447 4443 1571 4488 sunt
1599 4435 1911 4506 Scripturae.
1939 4437 2012 4492 Ita
2044 4439 2238 4495 Paulus

660 4525 932 4591 apostolus
959 4525 1124 4579 factus
1152 4537 1239 4582 est
1267 4543 1331 4582 ex
1355 4539 1755 4598 persequutore,
1778 4542 1830 4587 et
1852 4535 1941 4603 qui
1969 4536 2114 4604 prius
2141 4536 2239 4590 im-

663 4614 924 4683 pugnabat
953 4616 1265 4682 Ecclesium,
1309 4628 1486 4687 postea
1513 4619 1684 4676 factus
1708 4631 1790 4677 est
1808 4625 1923 4694 ejus
1947 4624 2234 4695 pronubus.

737 4703 789 4757 4.
841 4703 983 4757 Brevi
1024 4714 1245 4775 tempore
1273 4717 1434 4777 potest
1477 4710 1773 4764 delictorum
1812 4714 2038 4768 remissio
2084 4715 2238 4786 impe-

667 4795 808 4847 trari.
846 4793 1186 4865 Elecmosynae
1211 4798 1521 4868 magnitudo.
1543 4799 1816 4856 ——Vidisti
1846 4813 2038 4873 quanta
2061 4821 2236 4860 rerqu

664 4887 1007 4942 vicissitudo?
1035 4889 1210 4943 vidisti
1237 4904 1428 4958 quanta
1453 4895 1860 4949 transmutatio?
1885 4894 1973 4951 Sic
2003 4906 2056 4952 ct
2077 4900 2234 4964 latro,

663 4980 751 5047 qui
783 4979 944 5031 inulta
971 4975 1166 5032 fecerat
1197 4979 1500 5049 homicidia,
1534 4983 1585 5036 in
1609 5000 1715 5039 uno
1740 4988 1997 5055 temporis
2023 4999 2235 5056 puncto,

664 5078 880 5138 propter
909 5083 1071 5136 pauca
1099 5068 1187 5121 illa
1219 5069 1380 5124 verba
1412 5072 1481 5124 ita
1511 5075 1688 5128 omnia
1714 5075 1880 5130 abluit
1921 5089 2154 5146 peccata,
2184 5089 2242 5136 ut

665 5159 874 5214 audiret
901 5175 931 5212 a
977 5149 1200 5214 Domino
1243 5177 1256 5213 :
1311 5161 1477 5216 Hodie
1528 5181 1720 5220 nierum
1767 5169 1864 5223 eris
1901 5170 1961 5224 .iu
2003 5173 2240 5240 paradiso

671 5250 820 5320 (Luc.
843 5250 934 5305 23.
966 5251 1035 5307 45
1057 5253 1096 5320 ).
1125 5251 1214 5306 Sic
1237 5260 1292 5306 et
1311 5255 1644 5322 publicanus,
1671 5259 1760 5328 qui
1790 5275 2121 5330 percusserat
2151 5282 2240 5334 pc-

666 5350 804 5405 ctus,
837 5348 892 5394 et
913 5354 1008 5394 sua
1041 5350 1252 5409 peccata
1283 5343 1560 5400 confessus
1579 5358 1713 5415 erat,
1747 5351 2022 5409 descendit
2043 5355 2238 5424 justifi-

668 5441 814 5486 ratus
841 5433 1028 5500 magis,
1054 5447 1210 5500 quam
1259 5433 1559 5491 Pharisazus
1580 5438 1614 5510 η(
1649 5438 1732 5492 fd.
1767 5442 1852 5496 18.
1887 5443 2012 5514 15).
2045 5445 2238 5502 Verum

668 5537 856 5576 omnes
890 5522 940 5575 hi
989 5524 1181 5576 animm
1219 5537 1328 5579 sua:
1358 5525 1554 5582 bonum
1597 5529 1841 5586 affectum
1887 5534 2240 5604 declararunt,
2285 5593 2302 5610 ,

669 5621 722 5664 ει
762 5611 936 5680 priora
979 5613 1204 5667 confessi
1241 5625 1476 5682 peccata,
1530 5621 1896 5678 remissionem
1946 5627 2238 5681 obtinuere.
2272 5619 2310 5635 ’⁵

673 5699 955 5758 itideamus
984 5713 1158 5760 autem
1181 5715 1232 5760 et
1252 5704 1418 5776 hujus
1447 5711 1678 5767 mandati
1703 5715 1877 5783 robur,
1897 5727 1961 5773 et
1988 5731 2235 5790 quantam

1392 329 1448 385 s.
1488 324 1762 384 mmsis
1802 314 2269 378 cnavsosrout
2308 313 2624 396 ARCHIEP.
2663 315 3193 376 CONSTANTINOP.

3811 319 3920 376 Μ

2339 421 2675 489 abundantiae
2704 434 2811 490 vim
2849 436 3118 506 possideat
3144 436 3289 506 larga
3316 435 3656 506 elecmosyna
3681 475 3696 500 ,
3723 445 3782 490 ut
3806 451 3934 492 ciiin

2338 521 2679 578 didicerimus
2704 524 2907 580 lucrum
2928 525 3070 596 quod
3096 527 3220 582 inde
3243 527 3500 590 nascitur,
3529 526 3781 581 alacriter
3809 541 3934 582 eam

2338 611 2639 683 largiamur.
2670 615 2828 671 Forte
2851 618 2995 672 enim
3027 627 3172 672 tanta
3200 618 3318 688 ejus
3341 626 3421 672 est
3447 627 3705 688 potestas,
3734 627 3792 672 ut
3823 633 3933 673 non

2338 706 2510 758 solum
2547 714 2758 774 peccata
2801 723 3046 778 purgare,
3075 708 3168 764 sed
3198 717 3252 764 et
3277 717 3502 763 mortem
3530 707 3712 776 fugare
3733 709 3936 763 valeat.

2339 794 2406 848 Et
2434 796 2716 864 quomodo,
2741 811 2842 868 ego
2869 797 3062 853 dicam.
3096 799 3161 853 Et
3187 799 3326 868 quis,
3356 797 3496 852 dicet
3525 798 3746 869 aliquis,
3774 799 3931 855 elec-

2339 898 2614 955 mosynam
2648 885 2865 952 faciens,
2881 888 3123 958 superior
3145 899 3316 944 morte
3334 888 3501 942 factus
3516 891 3639 944 est?
3657 888 3722 944 Sa
3731 903 3800 945 ue
3814 905 3940 946 om-

2341 991 2434 1030 nes
2466 975 2709 1031 videmur
2729 978 2829 1033 sub
2864 979 3049 1033 mortis
3074 979 3406 1050 tyrannidem
3439 981 3664 1033 venisse.
3700 979 3777 1034 Ne
3807 990 3926 1034 tur-

2337 1065 2499 1130 beris,
2531 1064 2742 1130 dilecte,
2774 1067 2867 1122 sed
2894 1068 3195 1138 rebusipsis
3218 1067 3366 1123 disce
3391 1067 3655 1137 quomodo
3671 1068 3916 1124 elcemo-

2339 1172 2487 1228 syme
2540 1160 2618 1212 vis
2667 1169 2720 1213 et
2772 1159 2958 1213 mortis
2989 1158 3114 1212 vicit
3144 1157 3496 1229 tyrannidem.
3553 1158 3782 1213 Tabitha
3814 1171 3934 1213 erat

2337 1250 2566 1314 mulier,
2599 1249 2752 1319 cujus
2801 1265 2995 1304 nomen
3031 1249 3074 1304 si
3105 1250 3224 1320 quis
3280 1250 3661 1321 interpretatur
3687 1291 3703 1316 ,
3731 1250 3930 1306 dicitur

2339 1337 2578 1392 Dorcas:
2621 1338 2734 1393 haec
2751 1339 2984 1408 quotidie
3004 1337 3416 1408 dabatoperam,
3457 1349 3514 1393 ut
3539 1339 3812 1409 colligeret
3852 1356 3923 1395 ex

2339 1431 2678 1500 eleemosyna
2707 1430 2934 1485 divitias.
2972 1430 3039 1485 Et
3085 1431 3362 1496 vestiebat,
3394 1430 3604 1500 inquit,
3627 1429 3839 1496 viduas,
3870 1443 3926 1485 et

2338 1521 2471 1576 alios
2500 1535 2689 1576 omnes
2727 1531 2974 1591 sumptus
3004 1521 3082 1577 eis
3113 1521 3406 1591 praebebat.
3453 1522 3669 1576 Factum
3712 1530 3799 1578 est
3825 1538 3927 1576 au-

2341 1620 2448 1667 tem
2472 1622 2528 1667 ut
2578 1613 2842 1668 infirmata
2875 1615 2988 1682 ipsa
3023 1622 3338 1669 moreretur.
3367 1613 3471 1668 Sed
3501 1614 3620 1668 vide
3659 1614 3929 1685 quomodo

2340 1706 2422 1760 hac
2450 1722 2568 1775 qua:
2595 1708 2664 1761 ab
2711 1707 2798 1761 illa
2827 1706 3168 1774 curabantur,
3199 1715 3255 1761 et
3282 1721 3414 1778 quas
3441 1705 3722 1773 vestiebat,
3762 1707 3929 1762 benc-

2339 1795 2491 1850 ticam
2523 1805 2818 1866 opportune
2853 1797 3266 1852 remunerarint.
3309 1797 3522 1851 Stantes
3547 1797 3687 1851 circa
3711 1805 3928 1867 aposto-

2337 1885 2446 1940 lum
2474 1926 2490 1952 ,
2521 1888 2910 1953 monstrabant,
2948 1887 3152 1958 inquit,
3179 1887 3229 1942 ei
3260 1897 3458 1954 vestes,
3485 1896 3538 1942 et
3585 1899 3775 1943 cuneta
3803 1905 3926 1960 quas

2337 1975 2587 2043 faciebat,
2632 1993 2752 2034 cum
2779 1978 2953 2035 adhuc
2991 1979 3045 2035 in
3092 1980 3339 2035 humanis
3366 1991 3547 2052 ageret
3597 1981 3793 2037 Dorcas
3821 2000 3836 2036 :
3869 1991 3923 2038 et

2336 2069 2606 2124 alumnam
2632 2071 2994 2140 requirebant,
3027 2071 3292 2143 lacrymas
3330 2073 3742 2144 profundebant,
3771 2084 3826 2129 et
3853 2075 3922 2128 ad

2337 2176 2581 2232 magnam
2609 2163 3005 2220 miserationem
3033 2165 3338 2233 apostolum
3377 2168 3756 2234 provocabant.
3785 2166 3920 2235 Quid

2337 2252 2498 2324 igitur
2524 2253 2717 2309 beatus
2744 2255 2976 2310 Petrus?
3005 2255 3224 2310 Genibus
3268 2257 3464 2326 positis,
3497 2257 3685 2326 inquit,
3708 2259 3872 2310 orauit
3901 2273 3920 2311 :

2337 2352 2382 2399 et
2400 2359 2666 2400 conversus
2700 2345 2769 2400 ad
2792 2362 2999 2416 corpus,
3027 2347 3195 2401 dixit:
3221 2347 3455 2414 Tabitha,
3498 2365 3669 2420 surge.
3701 2348 3804 2402 Illa
3827 2365 3921 2402 au-

2336 2446 2436 2492 tem
2469 2439 2667 2509 aperuit
2694 2440 2866 2494 oculos
2906 2456 3026 2495 suos
3048 2481 3064 2507 ,
3107 2449 3235 2494 etut
3277 2440 3400 2494 vidit
3441 2439 3670 2507 Petrum,
3720 2442 3916 2494 resedit.

2338 2528 2477 2584 Data
2498 2538 2668 2584 autem
2694 2529 2739 2583 ei
2765 2546 2938 2597 manu,
2960 2531 3115 2585 erexit
3130 2546 3239 2585 eam
3269 2545 3288 2584 :
3312 2539 3361 2584 et
3382 2530 3640 2586 accersitis
3668 2530 3852 2584 sanctis
3871 2540 3920 2583 et

2337 2618 2518 2685 viduis,
2545 2619 2908 2674 commendavit
2927 2620 3031 2674 illis
3055 2636 3165 2674 eam
3183 2620 3340 2675 vivam
3374 2619 3509 2692 (Act.
3537 2621 3590 2675 9.
3613 2621 3732 2690 40).
3764 2619 3912 2674 Vidi-

2337 2709 2404 2763 Sli
2426 2710 2673 2766 virtutem
2702 2711 2947 2781 apostoli,
2977 2711 3086 2766 imo
3101 2711 3373 2779 operantis
3403 2727 3498 2782 per
3527 2727 3648 2768 eum
3674 2711 3920 2766 Domini?

2336 2800 2513 2855 vidisti
2535 2812 2730 2871 quanta
2756 2803 3034 2858 retributio
3053 2803 3416 2860 beneﬁcentia:
3437 2805 3489 2859 in
3518 2804 3723 2870 viduas,
3752 2793 3911 2859 etiam

2337 2891 2391 2947 in
2414 2894 2701 2963 pra-senti?
2743 2895 2878 2961 Quid
2909 2896 3051 2951 enim
3078 2906 3304 2962 tantum,
3342 2912 3544 2966 qumso,
3578 2897 3799 2967 prmbuit
3828 2896 3915 2949 illa

2338 2985 2529 3052 viduis,
2555 2997 2808 3056 quantum
2840 2989 2942 3043 illa:
2979 2989 3027 3044 ei
3057 2989 3450 3058 rependerunt?
3479 2989 3665 3045 Vestes
3698 2990 3918 3060 praebuit

2339 3085 2394 3130 et
2415 3077 2686 3140 alimenta,
2717 3077 2808 3132 sed
2852 3079 2955 3133 illa:
2995 3078 3060 3133 ad
3087 3081 3246 3134 vitam
3271 3078 3410 3133 hanc
3454 3079 3818 3146 reduxerunt;
3865 3094 3919 3138 et

2339 3177 2565 3222 mortem
2593 3169 2660 3222 ab
2679 3184 2739 3222 ea
2786 3171 3032 3239 fugarunt
3060 3187 3072 3223 :
3105 3169 3212 3224 imo
3239 3187 3342 3224 non
3388 3172 3511 3233 illae,
3541 3171 3634 3226 sed
3676 3172 3918 3229 clemens

2340 3259 2592 3312 Dominus
2615 3268 2794 3313 noster
2821 3268 3033 3330 propter
3056 3275 3237 3316 curam
3259 3277 3416 3331 quam
3445 3261 3548 3316 illis
3569 3262 3915 3332 impenderat.

2341 3347 2558 3402 Vidistis
2605 3348 2874 3418 pharmaci
2920 3351 3234 3419 potentiam,
3267 3352 3640 3408 dilectissimi?
3670 3355 3778 3410 Iloc
3805 3361 3920 3409 on!—

2339 3453 2436 3492 ncs
2481 3439 2765 3509 nobisipsis
2808 3456 3098 3510 paremus:
3139 3459 3312 3514 neque
3364 3445 3505 3498 enim
3554 3453 3917 3516 sumptuosum

2339 3536 2442 3594 est,
2475 3531 2718 3599 quamvis
2741 3541 2902 3586 tantae
2927 3533 2997 3588 sit
3025 3534 3251 3598 virtutis,
3277 3533 3369 3589 sed
3392 3544 3446 3588 ει
3470 3535 3560 3590 vili
3581 3537 3794 3604 emitur,
3823 3553 3922 3593 nec

2340 3619 2507 3671 multo
2534 3628 2747 3688 sumptu
2797 3620 3017 3691 indiget.
3071 3622 3376 3693 Magnitudo
3401 3625 3543 3679 enim
3569 3625 3919 3697 eleemosyua:

2340 3724 2443 3763 non
2472 3709 2524 3764 in
2556 3711 2890 3766 multitudine
2913 3713 3254 3783 pecuniarum
3279 3713 3359 3768 vel
3381 3730 3539 3784 opum
3570 3717 3669 3771 sita
3698 3726 3802 3778 est,
3824 3717 3919 3771 sed

2339 3815 2403 3854 ex
2434 3800 2702 3856 alacritate
2727 3801 2961 3857 dantiutn
2988 3803 3253 3871 judimtur
3277 3803 3486 3875 (Matth.
3520 3806 3608 3861 10.
3643 3806 3757 3877 42).
3784 3806 3918 3862 Pro-

2343 3901 2458 3960 ptcr
2479 3891 2578 3946 hoc
2603 3901 2658 3947 ct
2685 3893 2776 3962 qui
2823 3903 3003 3964 potant
3033 3909 3187 3964 aqua:
3227 3894 3431 3966 frigidae
3459 3895 3629 3964 dedit,
3672 3907 3921 3970 acceptus

2339 3992 2442 4047 est,
2485 3997 2691 4037 necnon
2722 3999 2783 4038 ea
2829 4000 2947 4054 qua:
2973 3985 3081 4040 duo
3102 3986 3308 4042 minuta
3349 3987 3400 4041 in
3443 3988 3732 4044 eorbonam
3779 3989 3922 4046 misit

2340 4056 2494 4141 (ιή.
2523 4073 2614 4127 2t.
2636 4073 2712 4144 2)
2734 4098 2754 4138 ,-
2795 4083 2853 4128 ut
2896 4074 3182 4141 discamus,
3213 4076 3408 4146 ubique
3455 4086 3656 4133 rectam
3687 4089 3918 4136 mentem

2341 4164 2536 4234 requiri
2564 4165 2631 4218 ab
2659 4165 3024 4220 universorum
3067 4167 3314 4222 Domino.
3349 4168 3486 4223 Fieri
3529 4177 3704 4238 potest
3734 4180 3792 4223 ut
3829 4173 3918 4240 qui

2342 4269 2524 4322 parum
2553 4255 2729 4321 habet,
2760 4272 3007 4327 magnam
3040 4272 3150 4327 prae
3189 4273 3250 4314 se
3291 4257 3428 4313 ferat
3453 4259 3846 4326 liberalitatem,
3875 4264 3917 4316 si

2342 4362 2529 4418 magna
2557 4352 2695 4404 valet
2719 4349 2989 4404 alacritate
3019 4365 3035 4403 ε
3063 4358 3118 4404 ει
3139 4349 3229 4420 qui
3260 4350 3423 4405 multa
3449 4351 3720 4420 possidet,
3749 4353 3921 4408 minor

2353 4437 2596 4493 videatur
2627 4439 2690 4493 iis
2714 4439 2803 4508 qui
2838 4454 3021 4509 parum
3049 4439 3266 4509 habent,
3296 4449 3514 4512 promer
3537 4442 3737 4498 sordidi
3758 4445 3918 4498 animi

2343 4528 2697 4584 tenacitatem.
2772 4530 3115 4588 Effundamus
3177 4533 3372 4604 igitur,
3425 4548 3643 4605 quasso,
3690 4534 3918 4591 faculta-

2344 4627 2422 4673 tes
2466 4628 2672 4674 nostras
2733 4621 2784 4674 in
2809 4636 3006 4691 egenos
3029 4633 3207 4678 mente
3236 4624 3463 4692 liberali,
3494 4641 3560 4680 ex
3589 4626 3651 4680 iis
3678 4641 3794 4695 qua:
3819 4639 3917 4680 uo-

2343 4711 2423 4767 bis
2451 4711 2703 4767 Dominus
2747 4711 2893 4768 dedit
2922 4732 2936 4768 :
2965 4723 3017 4768 et
3045 4730 3163 4784 qua:
3191 4716 3258 4769 ab
3279 4729 3344 4770 eo
3369 4715 3491 4770 data
3519 4725 3660 4783 sunt,
3689 4716 3788 4786 ipsi
3815 4717 3918 4773 ite-

2343 4819 2460 4859 rum
2485 4805 2690 4871 detnus,
2746 4815 2803 4862 ut
2839 4809 2919 4862 sic
2955 4807 3146 4863 iterum
3187 4818 3367 4864 nostra
3409 4824 3532 4865 cum
3581 4811 3726 4866 lucro
3769 4812 3916 4867 fiant.

2344 4897 2510 4951 Tanta
2561 4898 2705 4952 enim
2759 4899 2875 4968 ejus
2927 4909 3010 4955 est
3063 4901 3384 4969 liberalitas,
3441 4913 3498 4957 ut
3540 4904 3662 4959 licet
3698 4905 3920 4973 accipiat

2345 4989 2411 5044 dc
2442 4990 2506 5043 iis
2557 5006 2674 5058 qua:
2716 4991 2830 5061 ipse
2875 4992 3042 5059 dedit,
3084 5009 3187 5048 non
3218 5004 3366 5064 putet
3411 5003 3584 5051 tamen
3618 4999 3831 5068 propria
3862 5015 3921 5054 se

2345 5081 2606 5150 accipere.
2652 5083 2746 5138 sed
2793 5100 2980 5154 magna
3025 5086 3382 5142 munificentia
3411 5088 3562 5142 nobis
3589 5105 3650 5143 ea
3682 5089 3919 5144 redditu-

2345 5187 2460 5228 rum
2489 5187 2545 5227 se
2575 5173 2887 5242 pollicetur;
2944 5183 3147 5229 tantum
3197 5177 3243 5231 si
3274 5192 3372 5232 nos
3410 5194 3528 5248 qua:
3577 5191 3758 5234 nostra
3797 5189 3921 5235 sunt

2346 5262 2522 5319 facere
2569 5265 2826 5331 velimus,
2871 5277 2924 5321 ct
2950 5265 3027 5321 sic
3070 5270 3388 5338 pauperibus
3415 5286 3718 5342 erogemus,
3771 5275 3920 5344 quasi

2345 5353 2675 5424 deponentes
2725 5371 2785 5410 ea
2842 5355 2894 5410 in
2941 5372 3130 5412 manus
3188 5359 3394 5414 Domini
3448 5379 3462 5415 :
3516 5363 3745 5418 scientes
3769 5380 3918 5434 qtae—

2345 5463 2572 5518 cumquc
2618 5447 2880 5518 acceperit
2935 5464 3123 5505 manus
3161 5452 3268 5514 illa.
3325 5467 3386 5507 ea
3425 5468 3530 5508 non
3578 5455 3748 5510 solum
3798 5457 3922 5510 red-

2346 5540 2597 5606 dituram,
2642 5541 2736 5596 sed
2769 5542 3113 5611 multiplicata
3158 5545 3309 5599 nobis
3346 5546 3540 5602 iterum
3593 5548 3918 5618 largitnram,

2347 5645 2459 5686 sua:
2509 5631 2834 5688 libsralitatis
2869 5633 3090 5704 gloriam
3135 5635 3516 5692 declarantem.
3561 5639 3627 5693 Et
3672 5639 3797 5708 quid
3837 5655 3922 5696 a9

2351 5738 2491 5789 sero,
2515 5737 2575 5778 ea
2611 5721 2838 5779 reddere
2864 5723 3210 5795 multiplicata
3235 5725 3257 5778 ?
3283 5725 3468 5782 Manus
3490 5727 3579 5784 illa
3607 5745 3710 5785 non
3739 5745 3803 5786 ea
3827 5746 3913 5784 so-
