4142 6206
373 303 477 360 485

377 415 483 467 lunt
513 411 705 479 reddit,
747 409 841 465 sed
870 423 989 464 cum
1029 407 1131 462 illis
1155 421 1372 478 regnum
1402 407 1654 462 caelorum
1675 406 1856 470 donat,
1887 413 1941 459 et

376 504 630 567 celebrat,
658 511 820 572 atque
844 509 1083 568 coronat,
1127 500 1508 569 innumeraque
1537 499 1670 552 bona
1701 497 1941 566 largitur,

378 595 534 647 modo
563 609 626 646 ex
651 593 714 646 iis
739 607 856 661 qua:
884 591 952 645 ab
981 591 1094 658 ipso
1133 589 1253 643 data
1299 597 1422 644 sunt
1453 603 1668 657 parvum
1696 585 1942 656 quiddam

377 683 573 738 inferre
599 683 939 737 voluerimus.
969 681 1100 735 Num
1144 696 1303 751 grave
1332 679 1528 749 aliquid
1566 687 1620 733 et
1661 689 1942 732 onerosum

375 791 403 825 a
435 775 583 828 nobis
614 773 832 842 requirit
853 774 878 825 l'
919 772 992 826 Ea
1023 787 1138 842 qua:
1164 770 1430 825 abundant
1451 777 1504 824 ct
1552 779 1943 838 supervacanea

375 873 498 917 sunt
527 863 697 929 nobis,
726 862 1020 917 necessaria
1051 861 1199 916 nobis
1228 859 1401 916 facere
1425 860 1541 914 vult
1567 877 1580 913 :
1609 869 1662 913 et
1688 874 1804 927 qua:
1833 859 1942 909 tru-

377 965 482 1007 stra
509 954 628 1008 etin
650 969 838 1007 vanum
862 953 912 1006 in
933 952 1310 1021 promptuariis
1333 951 1562 1021 reposita
1586 957 1727 1009 sunt.
1755 962 1815 1001 ea
1836 947 1945 1000 vttlt

377 1059 402 1094 a
433 1043 584 1099 nobis
611 1043 741 1097 bene
765 1043 1029 1106 distribui,
1056 1052 1111 1095 nt
1138 1041 1413 1096 occasione
1431 1050 1644 1109 accepta
1675 1039 1816 1103 hinc,
1848 1053 1945 1092 nos

373 1132 652 1200 splendide
677 1141 912 1187 coronet.
948 1131 1180 1186 Festinat
1201 1132 1345 1186 enim
1373 1141 1424 1186 et
1452 1142 1616 1199 urget,
1647 1139 1803 1200 atque
1832 1144 1945 1182 ont-

378 1222 463 1274 nia
485 1221 607 1274 iacit
651 1230 702 1276 et
729 1221 960 1285 molitur,
1001 1230 1054 1274 ut
1077 1221 1266 1292 dignos
1289 1236 1385 1276 nos
1413 1220 1594 1276 reddat
1620 1220 1681 1273 iis
1708 1235 1824 1290 quae
1859 1219 1946 1274 ille

374 1311 642 1381 promisit.

449 1401 502 1454 5.
535 1400 866 1471 Eli-emosyna
895 1400 1288 1453 commendatur.
1310 1429 1380 1438 —
1407 1398 1484 1453 Ne
1509 1398 1688 1468 igitur,
1717 1411 1898 1467 quarso
1926 1436 1942 1460 ,

375 1491 618 1559 nosipsos
674 1491 938 1559 privetnus
993 1489 1150 1542 tantis
1196 1489 1369 1542 bonis.
1423 1487 1551 1540 Nam
1597 1488 1641 1540 si
1697 1484 1944 1539 laboriosi

374 1580 619 1648 agricolte
646 1596 838 1650 penum
871 1595 1018 1632 suum
1037 1587 1311 1641 evacnant,
1343 1585 1397 1630 et
1424 1575 1622 1630 semina
1647 1586 1800 1628 terra:
1819 1591 1945 1629 con-

372 1669 616 1732 credunt,
646 1679 700 1723 et
727 1670 852 1722 olim
879 1669 1094 1721 collecta
1119 1667 1449 1736 dispergunt,
1479 1665 1636 1734 idque
1677 1681 1797 1719 cum
1847 1681 1943 1718 νος

377 1759 575 1828 luptate
609 1758 830 1821 faciunt,
849 1773 942 1827 spe
965 1758 1163 1825 majora
1186 1755 1472 1824 recipiendi
1501 1771 1558 1809 se
1588 1755 1817 1808 solantes
1850 1772 1862 1807 :
1892 1765 1945 1808 et

374 1850 616 1920 quamvis
633 1849 800 1903 sciant
824 1848 1112 1917 sarpeaeris
1137 1846 1524 1915 intemperiem,
1550 1860 1942 1914 nonnumquam

377 1949 430 1995 et
460 1950 614 1994 terra:
644 1941 975 1994 sterilitatem
1020 1939 1228 2008 aliaque
1257 1938 1417 1992 multa
1447 1937 1756 2003 accidentia,
1789 1947 1844 1991 ut
1869 1937 1947 1991 lo-

376 2042 644 2085 enstarum
675 2031 962 2084 exercitum
994 2031 1044 2095 ⁸,
1077 2040 1130 2084 et
1159 2028 1414 2098 rubiginis
1441 2029 1730 2094 incursum,
1758 2043 1945 2096 exspe-

373 2120 658 2174 ctationem
708 2135 856 2173 suam
906 2118 1156 2173 fefellisse
1186 2136 1200 2184 ;
1231 2129 1463 2172 attamen
1514 2117 1649 2173 bona
1695 2132 1791 2186 spe
1827 2131 1948 2172 sese

375 2212 603 2274 alentes,
633 2226 832 2278 eaquae
859 2211 909 2262 in
937 2211 1315 2279 promptuariis
1341 2210 1558 2264 collecta
1590 2220 1711 2264 sunt
1732 2251 1746 2275 ,
1791 2218 1947 2264 terra:

372 2303 702 2357 concredunt
732 2320 745 2354 :
777 2302 941 2355 multo
963 2304 1242 2371 inagisnos
1256 2317 1374 2371 quat
1398 2300 1597 2372 absque
1628 2317 1724 2355 usn
1753 2317 1946 2356 recon-

371 2391 484 2445 dita
511 2401 652 2456 sunt,
684 2390 988 2460 dispergere
1011 2392 1060 2444 in
1093 2405 1381 2460 pauperum
1413 2405 1539 2444 usus
1575 2400 1628 2444 et
1672 2391 1945 2445 educatio-

375 2496 497 2534 nem
525 2482 789 2545 convenit,
819 2480 903 2532 tibi
931 2494 1216 2548 numquam
1239 2494 1362 2548 spes
1381 2479 1630 2545 eluditur,
1661 2494 1831 2547 neque
1877 2479 1945 2533 ti-

371 2570 561 2624 menda
585 2569 756 2638 aliqua
806 2578 960 2622 terra:
987 2569 1258 2622 sterilitas.
1289 2568 1421 2622 Dicit
1447 2567 1588 2622 enim
1619 2585 1634 2621 :
1664 2565 1943 2636 Dispersit,

371 2662 512 2715 (tedit
529 2661 854 2732 pauperibus.
884 2659 990 2715 Sed
1019 2661 1140 2714 audi
1166 2660 1322 2714 etiam
1347 2675 1465 2729 quin
1487 2668 1781 2728 sequuntur
1812 2676 1831 2714 :
1854 2658 1948 2713 Ju-

368 2755 508 2808 rtitia
537 2758 644 2824 ejus
662 2763 826 2806 manet
847 2755 897 2806 in
921 2753 1164 2807 siccatum
1185 2752 1359 2805 sa'culi
1383 2750 1557 2822 (Psal.
1596 2752 1716 2806 III.
1749 2751 1782 2806 9
1902 2751 1947 2805 0

371 2848 668 2901 mirabilem
698 2848 1024 2901 sementem!
1056 2845 1208 2898 Brevi
1239 2853 1476 2914 tempore
1505 2844 1794 2910 distribuit,
1816 2844 1944 2899 etin

372 2947 624 3007 perpetua
650 2937 842 2991 smcula
861 2935 1060 3004 justitia
1081 2935 1195 3002 ejus
1230 2943 1520 3002 permanet.
1540 2933 1674 3001 Quid
1694 2933 1796 2988 hoc
1815 2933 1945 2989 bea-

375 3029 485 3081 tius
513 3043 759 3096 umqnant
787 3025 982 3080 fuerit?
1009 3024 1207 3079 Idcirco
1232 3039 1350 3090 oro,
1382 3033 1438 3077 ut
1461 3023 1717 3091 justitiam
1744 3039 1862 3094 qua:
1878 3039 1944 3078 ex

370 3117 714 3185 eleemosyna
737 3124 820 3169 est
847 3115 998 3168 nobis
1025 3114 1382 3182 acquiramtts,
1407 3123 1461 3166 ut
1487 3122 1539 3168 et
1568 3114 1634 3167 de
1660 3115 1812 3168 nobis
1861 3114 1945 3168 di-

367 3219 558 3263 catur:
597 3208 989 3276 Disperserunt,
1037 3205 1296 3260 dederunt
1347 3207 1701 3274 pauperibus,
1743 3206 1945 3274 jnstitia

367 3315 555 3354 eorum
583 3308 759 3352 manet
786 3298 838 3351 in
869 3296 1117 3351 sa-culum
1145 3295 1344 3350 saeculi.
1377 3295 1660 3365 Postquam
1689 3296 1830 3349 enim
1864 3295 1946 3348 di-

370 3390 466 3450 xit,
497 3388 768 3458 Dispersit,
797 3388 956 3448 dedit.
991 3402 1060 3441 ne
1099 3396 1253 3456 putes
1279 3385 1516 3455 dispersa
1550 3385 1792 3453 periisse,
1826 3385 1944 3438 ideo

370 3479 547 3532 statim
577 3478 806 3531 subdidit
835 3476 1079 3530 :Justitia
1108 3477 1215 3543 ejus
1242 3485 1406 3528 manet
1421 3476 1472 3528 in
1490 3476 1730 3529 steculum
1747 3475 1940 3529 sti-culi.

371 3567 499 3630 Illis,
528 3567 716 3635 inquit.
745 3565 1021 3633 dispersis,
1040 3563 1242 3632 jnstitia
1267 3574 1478 3618 maneat
1496 3564 1938 3631 inexpugnabilis,

368 3667 424 3712 et
451 3656 505 3711 in
535 3672 692 3710 onme
739 3657 991 3709 satculnnt
1044 3669 1104 3708 se
1152 3654 1406 3708 extendat
1449 3669 1734 3724 numquam
1783 3655 1940 3709 tinem

371 3748 635 3802 habitura.
673 3748 841 3815 Atque
863 3761 982 3799 cum
1011 3746 1348 3814 elecntosyna
1378 3747 1540 3800 etiam
1563 3747 1693 3798 alias
1725 3747 1942 3802 virtutes

363 3837 649 3906 diligenter
669 3851 933 3897 curemus,
967 3844 1021 3888 et
1046 3834 1352 3888 aﬂ‘ectiones
1375 3835 1549 3888 carnis
1569 3839 1940 3903 reprimamus,

367 3937 425 3982 et
477 3927 813 3981 cliniinetnus
844 3942 909 3980 ex
946 3927 1120 3978 anima
1155 3940 1368 3979 omnem
1413 3925 1646 3979 illicitam
1687 3927 1939 3996 concupi-

367 4018 642 4078 scentiam.
665 4031 875 4071 omnem
894 4017 1084 4070 malam
1102 4017 1494 4084 cogitationem,
1524 4016 1676 4080 iram,
1703 4017 1942 4088 indigna-

367 4108 587 4172 tionem,
623 4107 908 4172 invidiam;
933 4116 986 4164 et
1005 4121 1258 4160 ornemus
1277 4107 1526 4160 omnibus
1553 4107 1724 4162 modis
1748 4109 1940 4163 anima:

368 4201 831 4268 pulchritudinem,
856 4210 910 4254 ut
936 4201 1176 4254 claritate
1213 4200 1618 4270 pulchritudinis
1657 4203 1772 4270 ejns
1812 4219 1941 4258 con-

362 4291 610 4346 ciliemus
638 4290 792 4345 nobis
823 4290 1075 4348 cwlorum
1106 4291 1409 4357 Dominum,
1444 4300 1499 4345 et
1527 4292 1664 4360 apud
1711 4309 1807 4347 nos
1846 4293 1938 4347 ha.

365 4381 534 4436 hitare
561 4382 823 4451 dignetur.
861 4382 990 4436 Nam
1027 4383 1116 4436 ubi
1162 4383 1552 4436 videritaninne
1581 4394 1936 4447 venustatem,

362 4472 542 4524 statim
571 4473 834 4526 adveniet.
865 4473 1160 4528 Dixitenint
1188 4490 1201 4524 :
1235 4472 1401 4541 Super
1421 4489 1568 4543 quem
1594 4475 1750 4526 alium
1774 4476 1937 4544 respi-

357 4563 493 4617 ciam
515 4577 664 4632 quant
691 4578 842 4628 super
871 4573 1185 4615 mansuetum
1211 4572 1258 4615 et
1283 4564 1504 4630 quietum
1530 4572 1573 4616 et
1599 4564 1860 4627 humilem,
1887 4574 1934 4618 et

359 4659 648 4706 trementem
674 4666 930 4704 sermones
956 4667 1090 4704 meo:
1112 4649 1168 4721 (1
1177 4651 1274 4704 sai.
1303 4651 1390 4706 66.
1421 4651 1476 4721 2)
1504 4653 1526 4704 ?
1583 4653 1766 4707 Vidisti
1797 4671 1933 4722 quo-

361 4743 522 4798 modo
567 4756 664 4795 nos
688 4739 870 4794 docuit
898 4755 1082 4794 omnes
1119 4741 1421 4809 spirituales
1462 4743 1691 4808 colores,
1744 4745 1934 4815 quibus

360 4835 551 4888 anima:
579 4831 917 4903 pulchritudo
947 4839 1119 4900 potest
1165 4831 1444 4886 decorari?
1490 4835 1660 4903 Super
1698 4852 1932 4890 mansue-

359 4936 486 4989 tum,
513 4924 699 4992 inquit,
741 4933 784 4976 et
806 4923 1050 4993 quietum,
1083 4931 1128 4974 ct
1158 4922 1416 4976 humilem.
1450 4925 1648 4980 Deinde
1665 4928 1803 4996 quod
1821 4929 1932 4984 ha'c

358 5015 536 5068 omnia
566 5014 732 5068 cilicit
775 5013 1015 5066 addidit:
1049 5011 1114 5066 Et
1161 5023 1446 5067 trementem
1475 5031 1729 5070 sermones
1775 5034 1927 5073 meos.

357 5107 494 5171 Quid
537 5118 637 5170 est,
696 5108 1011 5161 Trementcm
1058 5126 1308 5163 sermones
1355 5111 1530 5163 meos?
1566 5111 1928 5168 Obedietttiam

361 5198 449 5250 llci
480 5199 740 5253 mandatis
762 5216 854 5267 per
877 5202 985 5269 ipsa
1009 5216 1167 5268 Opera
1202 5200 1532 5269 implentem,
1556 5202 1697 5271 quod
1727 5212 1780 5258 et
1804 5205 1928 5258 alibi

355 5289 484 5341 dicit
509 5307 522 5341 ε
555 5288 739 5344 Beatus
766 5291 849 5360 qui
881 5292 1014 5345 timet
1039 5294 1208 5345 omnia
1234 5302 1434 5361 propter
1467 5295 1701 5360 pietatem
1731 5295 1925 5364 (Prov.

356 5381 442 5431 28.
463 5380 548 5448 Η)
586 5379 771 5435 Namsi
787 5397 899 5442 nos,
924 5397 1042 5436 eum
1063 5384 1300 5438 videmus
1312 5384 1562 5439 famulum
1585 5386 1672 5454 qui
1687 5387 1927 5442 mandata

358 5477 538 5523 nostra
557 5485 676 5524 cum
691 5470 957 5541 diligentia
991 5473 1282 5544 timoreque
1307 5475 1472 5532 multo
1492 5492 1553 5530 ac
1573 5486 1804 5533 tremore
1827 5479 1927 5531 im-

412 5637 422 5664 ι
458 5634 726 5693 Vomerem
743 5635 856 5686 iium
880 5642 1252 5702 στρατόπεδον),
1272 5644 1412 5690 deest
1437 5644 1482 5690 in
1508 5641 1794 5706 quibusdam
1818 5645 1927 5694 Mss.

1393 295 1464 351 IN
1496 295 1644 351 CAP.
1692 291 1878 348 XXIX.
1921 289 2164 348 GENES:
2196 291 2420 348 HOMIL‘.
2463 293 2595 350 LVI.-

3516 301 3624 357 ‘36

2050 403 2195 470 plere
2223 413 2392 472 curat,
2420 406 2675 476 majorem
2699 422 2824 477 erga
2853 409 2998 464 illum
3027 409 3359 466 declaramus
3384 412 3618 468 lienem-

2051 493 2266 549 lentiam
2319 506 2373 550 et
2418 499 2934 555 commiserationem
2974 518 2990 558 ξ
3035 503 3201 556 multo
3243 505 3409 574 magis
3449 508 3618 559 bonus

2051 586 2304 642 Dominus
2325 605 2449 659 erga
2471 606 2568 646 nos
2588 591 2638 646 id
2663 593 2972 647 declarabit.
3005 594 3227 663 PrOpter
3255 594 3356 648 hoc
3385 596 3612 650 dicebat:

2051 674 2218 746 Super
2246 678 2390 731 illum
2421 681 2684 749 respiciam
2723 692 3036 736 mansuetum
3069 693 3115 736 et
3143 684 3359 752 quietum
3383 725 3398 749 ,
3440 694 3486 738 et
3528 697 3616 739 trc-

2050 779 2260 822 mentem
2277 785 2532 826 sermones
2562 788 2714 826 meos.
2750 773 3061 828 Tt'etnamns
3088 774 3266 844 igitur,
3297 785 3614 837 oro,etcum

2051 870 2240 926 magno
2281 860 2468 915 timore
2499 875 2773 918 sermones
2811 864 2927 931 ejus
2963 864 3308 933 impleamus;
3337 879 3458 917 nam
3502 864 3619 933 ejus

2049 959 2172 1003 sunt
2197 964 2471 1006 sermones
2497 953 2649 1007 nobis
2671 954 2739 1008 ab
2768 954 2856 1008 illo
2881 956 3070 1009 tradita
3096 955 3341 1010 mandata
3373 974 3386 1008 :
3421 965 3616 1010 etcum

2049 1038 2388 1093 didicerimus
2410 1057 2525 1109 qua:
2551 1043 2624 1096 illi
2653 1043 2890 1111 placent,
2936 1053 2992 1098 et
3019 1060 3136 1114 qua:
3179 1047 3384 1114 prohat,
3423 1061 3483 1100 ea
3524 1047 3622 1100 ob-

2051 1147 2253 1196 eamus,
2274 1144 2325 1186 et
2353 1134 2484 1188 tales
2511 1135 2622 1188 ﬁeri
2653 1136 2995 1201 Studeamus;
3027 1139 3280 1206 quietem,
3313 1149 3620 1193 mansuetu-

2048 1222 2250 1286 dinem,
2277 1223 2625 1278 humilitatem
2651 1241 2895 1295 magnam
2947 1228 3312 1291 exbibeamus,
3356 1239 3408 1281 et
3437 1230 3616 1283 omnia

2049 1331 2166 1384 qua:
2206 1315 2274 1368 ab
2309 1330 2373 1370 eo
2411 1316 2654 1371 mandata
2698 1331 2968 1371 suntcum
3007 1324 3304 1374 reverentia
3343 1331 3398 1376 et
3434 1323 3624 1374 timore

2048 1405 2469 1475 adimpleamus:
2511 1417 2566 1461 ut
2620 1423 2741 1461 enni
2785 1410 3090 1478 approbarit
3133 1410 3380 1465 allectum
3430 1412 3622 1465 mentis

2049 1507 2266 1564 nostrte,
2299 1498 2532 1566 placatus
2580 1509 2756 1553 nostra
2787 1498 3107 1564 obedientia,
3155 1501 3416 1568 respicere
3459 1500 3621 1553 etiam

2048 1602 2210 1655 super
2237 1601 2336 1641 nos
2361 1587 2624 1657 dignetur.
2663 1588 2814 1655 Quod
2836 1589 2880 1642 si
2919 1589 3074 1643 nobis
3097 1591 3391 1659 continget,
3424 1588 3622 1643 erimus

2050 1694 2145 1747 per
2171 1678 2346 1731 omnia
2377 1679 2552 1732 securi
2578 1696 2592 1732 :
2624 1679 2753 1732 dicit
2772 1680 2938 1743 enim,
2992 1680 3278 1750 Respiciam
3299 1721 3314 1743 ,
3365 1680 3466 1736 hoc
3492 1691 3573 1735 est
3599 1720 3616 1744 ,

1996 1785 2018 1792 ί
2048 1769 2389 1823 Providentia
2413 1783 2528 1823 mea
2553 1769 2831 1838 dignabor,
2862 1786 3077 1824 manum
3109 1772 3398 1839 porrigam,
3434 1771 3616 1824 inom-

2049 1858 2204 1912 nibus
2232 1857 2514 1913 auxiliator
2537 1873 2656 1923 ero,
2687 1858 2914 1913 ubertim
2939 1858 2988 1912 in
3019 1872 3141 1912 eum
3174 1874 3345 1913 meant
3393 1859 3622 1914 liberali-

2049 1960 2209 2005 tatem
2227 1949 2558 2019 profundam.
2577 1950 2701 2005 Ilaec
2717 1950 2872 2021 igitur
2887 1951 3064 2004 omnia
3087 1951 3356 2013 faciamus,
3376 1951 3622 2016 obsecro,

2050 2048 2107 2093 ut
2135 2041 2381 2108 respiciat
2413 2056 2572 2109 super
2605 2057 2702 2095 nos
2732 2041 3015 2108 Dominus,
3069 2055 3173 2110 quo
3209 2049 3262 2095 et
3308 2051 3621 2109 praesentem

2049 2131 2208 2184 vitam
2240 2130 2438 2199 absque
2471 2131 2680 2184 tristitia
2717 2132 3066 2201 transigamns
3089 2172 3103 2193 ,
3151 2141 3206 2185 et
3255 2132 3426 2186 futura
3477 2132 3615 2185 bona

2049 2220 2300 2291 consequi
2323 2222 2609 2290 possimus,
2630 2222 2793 2291 gratia
2843 2233 2894 2276 et
2923 2222 3247 2293 benignitate
3291 2223 3492 2276 Domini
3532 2237 3627 2274 no-

2050 2314 2146 2366 stri
2166 2312 2290 2367 Jesu
2312 2312 2528 2380 Christi,
2550 2330 2793 2384 cumquo
2823 2315 2962 2369 Patri
2989 2313 3147 2368 simul
3176 2323 3228 2368 et
3259 2312 3475 2382 Spiritui
3504 2328 3625 2366 san-

2049 2411 2136 2456 ctu
2162 2403 2230 2457 sit
2249 2403 2436 2471 gloria,
2466 2403 2769 2470 imperium,
2804 2404 2996 2470 honor,
3027 2421 3166 2459 nunc
3197 2415 3248 2457 et
3278 2420 3488 2472 semper
3509 2445 3524 2470 ,
3568 2410 3624 2458 et

2052 2495 2103 2547 in
2129 2493 2324 2548 smcula
2347 2495 2685 2548 smculorutn.
2711 2497 2903 2548 Amen.

2613 2607 2887 2662 IIOMILIA
2927 2608 3059 2664 LVI.

2052 2705 2190 2760 Dixit
2214 2713 2378 2758 autent
2405 2702 2563 2756 .lacob
2591 2703 2657 2755 ad
2686 2700 2860 2756 Laban
2887 2720 2906 2756 :
2939 2701 3018 2754 Da
3041 2701 3161 2754 mihi
3183 2716 3389 2754 uxorem
3420 2716 3581 2752 meam
3602 2717 3621 2754 :

2119 2794 2309 2863 impleti
2329 2803 2445 2847 sunt
2471 2797 2603 2846 enim
2628 2791 2754 2856 dies,
2797 2801 2848 2844 ut
2891 2791 3147 2862 ingrediar
3191 2791 3259 2843 ad
3302 2807 3410 2843 eam
3457 2788 3620 2860 (Gen.

2117 2886 2347 2956 29.21).

2123 2979 2173 3031 I.
2204 2977 2326 3030 Heri
2356 2993 2387 3030 a
2409 2976 2692 3032 dilectione
2718 2975 2902 3041 Jacob,
2953 2989 3113 3044 quam
3160 2989 3284 3044 erga
3334 2973 3622 3027 Rachelt-nt

2048 3068 2307 3132 exbibuit,
2333 3068 2397 3121 ad
2428 3068 2574 3123 Pauli
2598 3068 2870 3124 caritatem
2888 3076 2943 3122 et
2966 3067 3379 3136 magnitudinem
3404 3065 3624 3130 amoris,

2049 3175 2206 3228 quem
2234 3173 2359 3228 erga
2387 3158 2655 3213 Curistttm
2680 3157 2914 3228 gerebat,
2959 3165 3329 3221 transeuntes,
3373 3155 3523 3224 quasi
3559 3156 3626 3209 ab

2049 3251 2350 3320 itnpetnoso
2379 3249 2606 3319 quodam
2643 3257 2876 3304 torrente
2902 3249 3064 3317 rapti,
3108 3263 3213 3300 non
3251 3247 3519 3314 potuimus
3558 3244 3626 3299 ad

2047 3344 2240 3398 seriem
2267 3351 2322 3398 et
2341 3352 2644 3397 contextum
2669 3341 2932 3396 sermonis
2958 3340 3182 3409 regredi.
3205 3338 3348 3400 Ideo,
3366 3339 3412 3392 si
3431 3339 3622 3406 placet,

2049 3432 2207 3488 hodie
2251 3433 2526 3502 sequentia
2553 3431 2808 3501 aggressi,
2855 3445 2917 3483 ea
2955 3445 3074 3500 qua:
3110 3439 3236 3484 tunc
3280 3430 3460 3484 relicta
3503 3441 3625 3484 sunt

2049 3523 2364 3592 impleamus
2391 3541 2402 3576 :
2429 3533 2484 3576 ut
2522 3537 2588 3576 ex
2628 3522 2693 3575 iis
2737 3535 2855 3588 quae
2901 3519 3059 3574 hodie
3103 3520 3349 3573 dicuntur
3379 3527 3625 3588 percepta

2050 3614 2277 3667 utilitate
2325 3612 2518 3682 aliqua,
2553 3612 2768 3666 domum
2801 3620 3128 3680 repetamus.
3163 3611 3320 3682 Igitur
3347 3618 3624 3679 postquam

2048 3703 2298 3772 impletus
2317 3713 2398 3757 est
2425 3714 2626 3772 septem
2655 3718 2916 3757 annorum
2947 3716 3220 3767 numerus,
3271 3700 3362 3756 20.
3411 3699 3477 3754 Et
3518 3703 3626 3771 [ηερ

2049 3804 2185 3858 runt,
2212 3796 2398 3864 inquit,
2427 3810 2596 3848 coram
2617 3793 2778 3847 Iacob
2799 3794 2940 3862 quasi
2971 3794 3078 3846 dies
3099 3795 3248 3862 pauci
3279 3801 3360 3846 tot
3387 3793 3510 3847 anni
3560 3793 3622 3846 ob

2047 3885 2233 3938 amoris
2259 3885 2635 3950 vehementiam,
2683 3885 2773 3939 2|.
2807 3885 2934 3938 dixit
2976 3883 3044 3936 ad
3087 3884 3266 3938 Laban
3315 3901 3333 3938 :
3380 3883 3461 3938 Da
3503 3885 3626 3937 milii

2047 3994 2253 4032 uxorem
2279 3994 2439 4031 meam
2466 3994 2484 4031 :
2511 3978 2700 4047 impleti
2721 3979 2855 4032 enim
2877 3989 2993 4030 sunt
3018 3977 3124 4031 dies
3142 3978 3257 4041 mei,
3288 3989 3341 4031 ut
3367 3978 3626 4047 ingrediar

2049 4071 2118 4122 ad
2147 4086 2277 4123 eam.
2305 4069 2396 4122 εξ.
2430 4068 2762 4140 Congregavit
2782 4079 2948 4122 autem
2977 4067 3149 4121 Laban
3180 4085 3350 4122 omnes
3385 4070 3518 4122 viros
3547 4068 3624 4121 lo-

2045 4162 2110 4224 ci,
2141 4170 2187 4214 et
2214 4160 2329 4230 fecit
2357 4163 2579 4229 nuptias.
2603 4160 2692 4215 25.
2716 4159 2780 4212 Et
2806 4161 2995 4231 factum
3023 4170 3093 4213 est
3116 4175 3334 4230 vespere,
3360 4169 3404 4212 ct
3429 4158 3619 4229 accepit

2046 4251 2221 4305 Laban
2249 4251 2390 4304 Liam
2429 4250 2587 4320 filiam
2610 4267 2776 4314 suam,
2807 4251 3184 4320 introduxitque
3209 4268 3318 4303 eam
3345 4250 3411 4301 ad
3436 4249 3618 4302 Iacob.

2118 4344 2180 4398 In
2211 4347 2461 4398 satauicas
2487 4345 2775 4414 nuptiarum
2807 4360 3017 4413 pompas
3039 4342 3306 4395 invi-hitur.
3329 4371 3396 4380 -—
3431 4340 3616 4395 Vidisti

2043 4453 2161 4489 enni
2191 4448 2383 4505 quanta
2413 4434 2536 4489 olitn
2583 4434 2860 4488 honestate
2892 4434 3100 4502 nuptias
3141 4432 3382 4503 egerint?
3429 4432 3622 4486 Audito

2042 4530 2128 4598 qui
2162 4527 2422 4582 satanieas
2449 4542 2666 4596 pompas
2694 4525 3051 4588 adtniramini,
3082 4533 3135 4578 et
3165 4523 3344 4577 statim
3373 4523 3440 4576 ab
3467 4523 3622 4578 initio

2044 4621 2343 4689 nuptiarum
2371 4621 2700 4674 honestatem
2729 4617 2990 4672 dedecore
3030 4615 3257 4670 aitieitis.
3311 4615 3445 4670 Nam
3494 4625 3617 4670 tunc

2044 4712 2218 4766 tibiae?
2246 4727 2371 4766 nutn
2399 4719 2526 4765 tunc
2554 4709 2832 4780 cymbala?
2869 4724 2992 4762 num
3033 4715 3156 4762 tunc
3195 4707 3402 4761 chorem
3431 4706 3616 4760 diabo-

2041 4803 2190 4859 “0:13?
2219 4803 2393 4872 Quare
2416 4803 2582 4869 enim,
2611 4802 2696 4855 die
2727 4801 2878 4868 mihi,
2908 4810 3110 4855 tantum
3142 4801 3321 4855 statim
3350 4801 3418 4854 ab
3466 4798 3615 4850 initio

2038 4898 2290 4952 damnum
2335 4895 2544 4950 inducis
2594 4895 2644 4948 in
2687 4893 2902 4948 domum
2959 4903 3139 4956 tuam,
3185 4902 3236 4945 et
3279 4906 3370 4944 cas
3415 4890 3500 4960 qui
3555 4888 3606 4943 iu

2039 4989 2214 5044 scenis
2242 4997 2298 5040 et
2327 4984 2616 5039 orchestris
2647 4998 2864 5053 operam
2888 4984 3065 5038 locant
3090 4997 3267 5045 vocas,
3297 4989 3350 5032 tit
3381 4995 3499 5031 tum
3537 4977 3615 5031 itt-

2040 5081 2356 5151 tempestivo
2389 5086 2601 5146 sumptu
2647 5077 2864 5147 virginis
2901 5074 3070 5129 laedas
3103 5071 3482 5126 continentiam
3507 5112 3521 5134 ,
3566 5083 3619 5125 et

2034 5175 2282 5244 juvenem
2313 5168 2756 5238 impndentioretn
2780 5167 2982 5221 iacias?
3006 5164 3250 5235 Optabilc
3281 5162 3420 5215 enim
3447 5172 3500 5216 ct
3529 5179 3614 5216 ar-

2036 5268 2358 5328 duunterat,
2386 5261 2586 5330 absque
2631 5260 2731 5313 illis
2761 5257 3029 5311 foinitibus
3074 5256 3215 5309 illaut
3267 5265 3475 5307 a-ta'etn
3525 5269 3615 5323 po-

2039 5359 2198 5411 tuisse
2221 5353 2492 5408 moderate
2519 5349 2654 5403 ierre
2679 5356 3046 5416 tempestatem
3078 5344 3410 5398 affectionem
3445 5361 3458 5396 :
3491 5359 3610 5396 cum

2036 5458 2211 5503 autent
2262 5455 2317 5500 et
2365 5444 2479 5499 base
2525 5442 2798 5506 accedant,
2851 5451 2956 5493 tam
3000 5455 3115 5510 qua:
3164 5438 3430 5500 videntur,
3457 5452 3614 5506 quam

2036 5558 2153 5612 qua:
2193 5538 2498 5600 audiuntur,
2523 5535 2647 5589 dum
2678 5534 2848 5604 majus
2873 5531 3177 5588 accenditur
3207 5530 3505 5584 iuceudimn
3527 5569 3540 5591 ,
3563 5539 3614 5582 rt

2040 5632 2225 5690 ierttax
2274 5627 2822 5700 concupistcntiarum
2852 5626 3018 5697 magis
3049 5623 3431 5685 inﬂammatur.
3476 5640 3609 5692 quo-
