4142 6206
648 367 746 425 687

651 482 812 539 modo
831 498 936 539 non
965 495 1179 553 pessum
1223 480 1265 538 it
1308 478 1661 536 adolescentis
1686 479 1862 535 anima
1878 480 1907 535 ’ἰ
1928 479 2062 536 Hinc
2086 483 2225 534 enim

648 576 825 630 omnia
849 580 1073 643 pereunt
1096 580 1151 628 et
1173 580 1619 643 corrumpuntur:
1648 570 1769 642 quia
1799 570 1868 625 ab
1890 569 2040 625 initio
2068 569 2227 625 casti-

658 668 740 716 tas
759 674 941 714 eorum
966 657 1056 727 qui
1087 656 1226 712 inter
1244 672 1304 712 se
1321 656 1632 711 conventuri
1653 662 1777 711 sunt
1802 664 2158 726 oppugnatur,
2176 661 2231 707 et

649 761 791 817 saepe
810 746 980 817 primo
991 746 1079 802 die
1095 745 1328 815 juvenis,
1354 744 1522 800 oculis
1544 744 1729 800 videns
1754 744 2224 807 incontinentibus,

647 839 757 894 toto
780 839 1043 895 diabolic'o
1069 838 1122 894 in
1149 839 1325 894 anima
1354 838 1664 894 vulneratur
1690 852 1704 890 :
1735 844 1790 891 et
1818 835 1987 905 puclla
2029 850 2124 905 per
2165 848 2227 888 ea

644 947 767 1003 qua:
788 930 934 984 audit
960 939 1017 986 et
1043 930 1189 985 videt
1213 929 1421 999 captiva
1450 929 1526 993 tit,
1555 938 1609 982 et
1628 928 1695 982 ab
1719 942 1786 982 eo
1804 925 1892 981 die
1913 935 2097 995 postea
2110 939 2229 979 cre-

649 1030 801 1075 scunt
826 1021 1066 1087 vulnera,
1088 1020 1367 1091 majusque
1389 1020 1445 1074 fit
1468 1019 1686 1075 malum.
1716 1017 1927 1073 Etenim
1950 1016 2091 1071 illinc
2114 1026 2227 1071 sta-

649 1112 742 1165 tim
768 1122 824 1167 et
866 1120 1105 1167 mutuam
1128 1111 1472 1166 concordiam
1499 1109 1796 1164 dilacerant
1818 1150 1834 1176 ,
1878 1118 1933 1162 et
1987 1122 2225 1162 amorem

647 1201 945 1257 debilitant.
969 1202 1196 1271 Quando
1213 1202 1355 1256 enim
1383 1200 1470 1255 ille
1497 1208 1731 1255 mentem
1758 1198 1823 1252 ad
1854 1198 2012 1252 aliam
2042 1199 2223 1264 vertit,

646 1296 770 1351 hinc
798 1304 852 1349 et
878 1294 1003 1351 inde
1030 1294 1274 1349 dividens
1301 1293 1559 1358 animum,
1580 1307 1611 1346 a
1632 1290 1845 1346 diabolo
1867 1291 1982 1360 ipso
2009 1288 2220 1355 ductus,

645 1386 811 1440 multa
838 1384 1194 1441 amaritudine
1230 1385 1449 1441 domum
1487 1383 1688 1454 implet.
1733 1381 1887 1448 Quod
1931 1382 1978 1437 si
2033 1391 2088 1436 et
2135 1380 2224 1435 illa

642 1477 967 1547 comperitur
994 1477 1065 1530 ita
1085 1475 1272 1532 affecta
1302 1490 1443 1541 esse,
1474 1489 1539 1529 ex
1562 1473 1692 1543 ipsis
1716 1471 2073 1527 fundamentis
2101 1487 2223 1527 om-

642 1568 753 1635 nia,
782 1576 839 1623 ut
866 1568 937 1623 ita
965 1568 1140 1624 dicam
1162 1608 1175 1634 ,
1229 1567 1651 1623 subvertuntur:
1680 1574 1865 1635 postea
1891 1564 2027 1619 alter
2054 1563 2122 1617 ab
2145 1563 2222 1617 al-

642 1667 758 1713 tero
795 1659 1110 1724 occultatur,
1154 1667 1207 1713 et
1242 1660 1333 1717 ille
1384 1656 1599 1726 quidem
1643 1655 1936 1725 suspiciose
1976 1653 2225 1707 observat

642 1765 887 1817 uxorem,
916 1761 972 1806 et
1019 1749 1265 1805 similiter
1290 1748 1379 1802 illa
1407 1748 1601 1802 virum.
1629 1748 1802 1815 Atque
1828 1746 1914 1800 ubi
1945 1745 2223 1814 oportebat

639 1844 980 1900 concordiam
1028 1859 1148 1899 esse
1186 1852 1242 1899 et
1277 1842 1541 1913 cepttlam,
1573 1840 1768 1910 quippe
1796 1838 2060 1894 debebant
2100 1852 2221 1893 esse

639 1950 766 1991 caro
806 1950 909 1991 una
940 1934 1143 2006 (Erunt
1168 1936 1333 2002 enim,
1380 1932 1568 2004 inquit,
1609 1932 1709 1985 duo
1747 1932 1799 1985 in
1840 1946 2041 1984 carnem
2067 1945 2221 1984 unam

639 2023 804 2101 [Gem
829 2027 884 2081 2.
906 2024 1057 2099 24]),
1096 2025 1148 2080 hi
1176 2025 1231 2081 in
1260 2035 1403 2081 tanta
1438 2025 1624 2079 vivont
1659 2022 2025 2086 dissensione,
2068 2022 2218 2093 quasi

638 2116 865 2187 sejuncti
908 2126 1109 2172 essent.
1144 2115 1394 2172 Diabolus
1418 2115 1564 2172 enim
1593 2114 1968 2185 subingressus
2016 2121 2219 2167 tantam

636 2210 689 2263 in
720 2209 798 2263 eis
827 2208 1117 2278 perniciem
1144 2217 1418 2278 operatur,
1444 2214 1502 2261 ut
1524 2205 1845 2277 quotidiana:
1867 2220 2060 2276 pugna:
2080 2204 2219 2259 inter

638 2314 732 2355 eos
760 2311 1047 2356 nascantur
1067 2309 1121 2355 et
1143 2315 1174 2354 a
1200 2300 1356 2355 malis
1386 2314 1673 2370 numquam
1702 2297 1935 2353 habeant
1958 2298 2213 2368 quietem.

634 2392 772 2461 Quid
817 2391 961 2448 enim
1003 2392 1125 2464 quis
1167 2391 1361 2449 dixerit
1387 2391 1656 2462 quomodo
1678 2401 1889 2461 mostea
1932 2406 1961 2442 a
2002 2389 2217 2443 famulis

632 2493 1066 2549 contemnantur,
1097 2483 1363 2552 quomodo
1403 2499 1435 2538 a
1472 2484 1661 2538 vicinis
1700 2481 2001 2546 rideantur,
2055 2495 2214 2551 quam

631 2575 770 2630 foeda
797 2573 1131 2645 eperentur?
1159 2572 1294 2628 Nam
1320 2572 1456 2627 sicut
1485 2571 1698 2643 quando
1723 2571 2102 2642 gubernatores
2134 2571 2214 2624 in-

631 2677 712 2721 ter
740 2681 800 2722 se
822 2666 1103 2731 dissident,
1130 2667 1296 2720 etiam
1315 2666 1401 2735 qui
1422 2666 1541 2720 navi
1563 2664 1849 2729 vehuntur,
1882 2679 1980 2717 una
2003 2664 2215 2733 pericli-

632 2767 831 2823 tantur,
858 2770 921 2810 ac
950 2756 1139 2811 timent
1165 2770 1232 2810 ne
1255 2771 1378 2810 cum
1416 2756 1539 2810 navi
1560 2756 1969 2824 submergautur
1995 2771 2009 2808 :
2041 2755 2110 2809 ita
2157 2763 2213 2810 ct

632 2848 735 2915 hic,
765 2848 809 2903 si
838 2846 1114 2903 discordes
1160 2847 1267 2902 sint
1296 2848 1377 2902 vir
1399 2858 1453 2901 et
1495 2845 1711 2912 mulier,
1756 2860 2090 2915 consequens
2129 2853 2212 2900 est

630 2955 818 2995 omnes
845 2940 935 3012 qui
967 2938 1111 3010 apud
1158 2939 1277 2995 illos
1301 2946 1430 2994 sunt
1460 2938 1744 3009 participes
1771 2952 1892 2992 esse
1919 2936 2204 2992 malorum.

632 3033 923 3103 Propterea
948 3045 1047 3087 oro
1074 3040 1130 3086 ut
1155 3030 1271 3086 haec
1301 3030 1477 3086 omnia
1504 3029 1884 3101 praevidentcs,
1931 3037 2213 3084 consuetu-

625 3128 807 3183 dinem
829 3142 898 3182 ne
924 3125 1224 3182 sectemini.
1255 3124 1379 3180 Scio
1398 3124 1543 3180 enim
1566 3123 1761 3178 multos
1786 3132 2062 3194 receptum
2088 3136 2207 3177 mo-

627 3233 742 3273 rem
765 3216 1078 3283 obtendere,
1103 3230 1276 3286 neque
1302 3215 1562 3285 patienter
1604 3214 1744 3270 ferre
1770 3227 1826 3270 ut
1854 3214 1971 3270 hmc
1995 3229 2025 3269 a
2055 3213 2210 3268 nobis

627 3310 871 3365 dicantur
895 3325 910 3363 :
939 3316 1180 3363 attamen
1200 3320 1421 3362 necesse
1444 3319 1528 3362 est
1550 3314 1606 3361 ut
1632 3320 1731 3361 nos
1753 3305 1899 3361 utilia
1926 3304 2171 3361 dicamus
2187 3344 2204 3371 ,

628 3408 684 3455 et
704 3416 823 3472 quae
853 3400 979 3455 illos
1022 3415 1053 3454 a
1097 3398 1275 3454 futuro
1301 3399 1563 3470 supplicio
1610 3397 1858 3453 liberem.
1909 3395 2011 3452 Ubi
2061 3396 2207 3450 enim

631 3499 839 3547 tantum
857 3493 1050 3547 animm
1077 3491 1351 3557 damnum,
1382 3506 1485 3561 qua
1512 3490 1579 3545 de
1620 3504 1780 3544 causa
1821 3487 1954 3543 mihi
1980 3502 2205 3544 consue-

625 3586 862 3639 tudinem
885 3594 1181 3655 praetexere
1205 3583 1410 3639 audes?
1439 3583 1578 3638 Ecce
1603 3582 1746 3637 enim
1770 3590 1825 3636 et
1849 3596 1948 3651 ego
1967 3580 2061 3634 tibi
2072 3595 2205 3635 con-

623 3676 957 3732 suetudinem
982 3676 1261 3732 meliorem
1287 3676 1503 3747 obj'rcio,
1535 3691 1654 3747 quae
1669 3675 1809 3746 apud
1838 3684 2050 3731 veteres
2063 3686 2202 3742 erat,

623 3767 834 3838 quando
860 3768 1095 3823 nondum
1124 3776 1269 3824 tanta
1300 3768 1398 3838 pia:
1424 3767 1697 3838 religionis
1724 3776 1838 3823 erat
1883 3767 2103 3838 agnitio.
2137 3766 2206 3823 Et

624 3875 689 3915 ne
712 3859 915 3930 justum
946 3858 1032 3914 hic
1052 3858 1218 3916 Jacob
1246 3866 1453 3913 tantum
1497 3858 1717 3930 cogites,
1770 3857 1865 3913 sed
1915 3868 1969 3912 et
2021 3857 2201 3913 Laban

621 3954 796 4010 adhuc
839 3954 1104 4009 idolorum
1142 3953 1310 4008 cultui
1339 3952 1598 4020 deditum,
1647 3966 1748 4008 nec
1796 3952 1878 4007 vel
1927 3952 2203 4007 minimam

619 4061 761 4102 vera:
790 4046 1062 4115 religionis
1087 4045 1333 4100 notitiam
1360 4044 1667 4109 habentem,
1715 4054 1770 4099 et
1794 4054 1969 4099 tamen
1999 4052 2199 4102 tantam

621 4151 729 4206 pra:
755 4150 815 4189 se
834 4136 1090 4189 ferentem
1118 4134 1532 4205 philosOpbiam.
1582 4134 1767 4205 Neque
1789 4135 1934 4191 enim
1961 4134 2077 4191 ιιωο
2104 4134 2201 4189 ho-

620 4236 800 4283 nestas
822 4226 937 4298 ejus
989 4236 1127 4294 erat,
1187 4225 1281 4297 qui
1320 4226 1582 4281 ducturus
1627 4226 1877 4296 puellam,
1907 4226 2003 4282 sed
2034 4227 2201 4298 patris

615 4335 735 4376 eam
765 4320 1043 4375 tradentis.
1068 4318 1191 4374 Ideo
1218 4327 1273 4373 et
1300 4319 1446 4374 illum
1469 4318 1569 4375 feci
1607 4334 1932 4386 sermonem,
1980 4334 2086 4375 non
2131 4319 2198 4374 ad

614 4424 840 4480 sponsos
864 4420 1067 4466 tantum
1094 4418 1341 4481 spectans
1371 4418 1629 4481 quantum
1648 4411 1714 4465 ad
1754 4420 2023 4481 parentes,
2049 4422 2101 4467 et
2130 4410 2198 4467 ad

617 4512 818 4571 patrem
836 4502 925 4572 qui
944 4502 1200 4573 virginem
1228 4502 1386 4557 locat.
1414 4502 1696 4570 Quomodo
1720 4504 1862 4558 enim
1887 4518 1994 4557 non
2014 4503 2201 4559 absur-

615 4594 741 4646 dum
762 4632 780 4659 ,
811 4596 855 4647 si
909 4607 1008 4648 nos
1045 4593 1135 4664 qui
1166 4603 1369 4647 tantum
1397 4595 1702 4664 accepimus
1747 4594 2193 4661 misericordiam,

612 4692 668 4738 et
710 4693 817 4738 tam
863 4684 1182 4739 terribilium
1233 4684 1689 4756 ineli‘abiliumque
1737 4697 2194 4741 sacramentorum

611 4774 899 4846 participes
926 4791 1131 4844 sumus,
1165 4778 1337 4833 hacin
1363 4794 1423 4833 re
1451 4777 1734 4833 inferiores
1758 4778 1926 4834 simus
1955 4778 2191 4847 Labano,

612 4870 705 4941 qui
730 4870 895 4926 cultui
926 4870 1189 4929 idolorum
1211 4872 1386 4929 adhuc
1405 4882 1521 4928 erat
1547 4873 1799 4929 deditus?
1824 4875 2015 4930 Annon
2039 4875 2195 4931 audis

609 4959 833 5018 Patrium
860 4961 1126 5019 dicentem
1155 4974 1551 5022 sacramentum
1577 4980 1697 5023 esse
1737 4966 1951 5037 nuptias
1984 4977 2038 5022 et
2062 4967 2196 5023 ima-

607 5054 786 5123 ginem
811 5053 1115 5110 dilectionis
1138 5054 1357 5124 Christi,
1388 5072 1548 5127 quam
1579 5073 1703 5128 erga
1745 5058 2040 5115 Ecclesiam
2087 5074 2191 5115 ex-

614 5144 783 5200 hibuit
816 5144 1038 5217 (Ephes.
1068 5148 1120 5203 5.
1148 5146 1283 5219 '52)?
1307 5147 1384 5204 Ne
1412 5149 1570 5220 igitur
1593 5151 1983 5209 confundamus
2008 5153 2191 5226 nesipb

613 5252 724 5304 sos,
756 5248 811 5293 et
838 5238 1172 5297 honestatem
1199 5243 1503 5313 nuptiarum
1528 5258 1954 5316 corrumpamus.
1984 5249 2117 5307 Nam
2144 5252 2187 5307 si

610 5328 825 5398 quidem
874 5329 1075 5387 bonum
1126 5341 1180 5389 et
1226 5333 1357 5390 utile
1396 5334 1556 5391 fuerit
1603 5340 1929 5409 consilium,
1978 5344 2185 5400 etiamsi

605 5433 714 5475 non
742 5421 813 5475 sit
837 5423 1191 5493 consuetudo,
1220 5425 1349 5481 flat:
1379 5428 1462 5483 sin
1488 5428 1807 5486 damnosum
1839 5441 1894 5488 et
1920 5437 2185 5504 pernicio-

604 5523 729 5566 sum
746 5522 829 5569 est
854 5514 906 5569 id
928 5516 1070 5587 quod
1087 5532 1119 5572 a
1146 5519 1296 5576 vobis
1321 5518 1574 5591 efficitur,
1606 5524 1820 5580 etiamsi
1849 5530 2185 5583 consuetudo

601 5602 693 5669 sit,
715 5605 1004 5676 rejiciatur.
1035 5608 1170 5665 Nam
1216 5612 1262 5668 si
1316 5612 1418 5669 hoc
1444 5614 1837 5685 adtniserimus,
1882 5629 1937 5675 et
1983 5621 2089 5688 fur,
2132 5633 2186 5676 et

603 5693 832 5760 adulter,
864 5707 921 5752 et
944 5703 1284 5769 quantumvis
1327 5705 1497 5760 malus
1521 5706 1659 5763 alius
1678 5750 1694 5776 ,
1739 5711 2181 5767 consuetudinem

600 5783 857 5840 obtendet
881 5807 893 5841 :
919 5801 971 5843 at
1003 5792 1206 5849 nullum
1239 5794 1364 5851 hinc
1393 5797 1494 5852 illis
1525 5799 1729 5856 lucrum
1760 5811 1843 5858 est
1866 5802 1947 5859 vel
1980 5806 2131 5862 venia
2156 5850 2173 5875 ,

1379 354 1435 422 S.
1474 358 1751 422 JOANNIS
1780 356 2250 421 CHRYSOSTOIII
2291 355 2605 422 ARCHIEP.
2644 360 3176 431 CONSTANTINOP.

3832 386 3949 445 488

2339 479 2432 534 sed
2464 480 2637 552 major
2661 485 2839 554 potius
2864 491 3154 558 accusatio,
3186 491 3329 565 quod
3355 494 3550 552 malam
3577 505 3943 559 consuetudi—

2334 587 2454 626 nem
2487 588 2742 643 superare
2766 592 2875 632 non
2906 580 3197 639 valuerint.

2400 662 2455 719 2.
2496 664 2553 721 Si
2592 666 2735 722 enim
2774 670 3096 729 voluerimus
3128 674 3361 746 vigilare,
3388 686 3443 735 et
3486 695 3671 737 curam
3713 681 3937 743 habere

2334 764 2529 810 nostra:
2551 756 2760 825 salutis,
2788 775 3072 830 possumus
3097 771 3153 820 et
3184 781 3215 820 a
3240 769 3377 823 mala
3405 772 3801 830 consuetudine
3828 774 3937 831 de-

2329 846 2544 913 sistere,
2582 858 2637 904 et
2677 850 2728 903 in
2772 851 2964 907 bonam
3006 857 3447 914 consuetudinem
3488 876 3586 917 nos
3610 863 3931 922 reducere:

2330 940 2516 1009 sicque
2545 944 2773 1011 posteris
2800 945 2998 1001 nostris
3025 962 3131 1004 non
3162 965 3377 1020 parvam
3405 952 3647 1012 dabimus
3673 959 3934 1014 occasio-

2330 1046 2451 1086 nem
2478 1032 2663 1088 eadem
2703 1034 2964 1103 imitandi,
2994 1046 3051 1093 et
3076 1041 3402 1110 accipiemus
3435 1045 3596 1099 etiam
3636 1062 3734 1103 nos
3766 1063 3932 1105 mer-

2327 1122 2513 1178 cedem
2538 1140 2723 1181 eorum
2758 1143 2878 1198 quae
2916 1129 2986 1185 ab
3015 1130 3083 1186 iis
3111 1143 3359 1203 aguntur.
3400 1134 3534 1191 Nam
3576 1139 3665 1209 qui
3696 1140 3927 1197 initium

2328 1215 2480 1272 bona:
2508 1218 2608 1273 via:
2632 1216 2879 1290 prtebuit,
2914 1218 3001 1277 hic
3044 1234 3231 1279 auctor
3267 1236 3347 1281 est
3375 1242 3560 1283 eorum
3602 1246 3721 1300 quae
3763 1242 3822 1287 et
3851 1234 3928 1291 ab

2325 1309 2446 1364 aliis
2476 1320 2619 1366 recte
2644 1308 2796 1377 fiunt,
2824 1326 2879 1371 et
2905 1311 3169 1385 duplicem
3194 1316 3413 1390 recipiet
3439 1323 3769 1390 mercedem,
3806 1333 3922 1379 tam

2327 1414 2425 1469 pro
2456 1400 2521 1456 iis
2548 1417 2668 1472 quae
2707 1403 2822 1473 ipse
2864 1414 3008 1461 recte
3054 1405 3201 1474 facit,
3244 1422 3404 1479 quam
3444 1411 3638 1479 quibus
3672 1412 3812 1468 alios
3861 1414 3920 1468 in

2325 1492 2579 1560 Optimam
2620 1494 2759 1548 illam
2785 1495 2987 1550 inducit
3027 1496 3442 1569 philosophiam.
3473 1500 3551 1556 Ne
3579 1505 3914 1572 przetexatis,

2323 1580 2569 1649 obsecro,
2602 1580 2788 1655 frigida
2817 1594 2872 1640 et
2896 1585 3119 1642 ridicula
3143 1589 3305 1645 verba
3333 1590 3469 1659 haec,
3501 1592 3743 1649 dicentes
3773 1594 3914 1665 legid

2325 1674 2450 1728 tima
2482 1675 2723 1743 quaedam
2760 1690 2880 1732 esse
2916 1673 3053 1746 tunc,
3094 1689 3148 1735 et
3188 1690 3467 1751 propterea
3495 1682 3704 1754 impleri
3742 1699 3919 1754 oper--

2324 1774 2455 1820 tere.
2484 1759 2600 1821 Non
2623 1769 2763 1822 enim
2787 1768 2901 1825 hzec
2919 1771 3208 1841 legitimum
3236 1774 3436 1829 faciunt
3459 1776 3788 1847 conjugium,
3810 1778 3913 1832 sed

2270 1882 2275 1885 ι
2319 1859 2364 1913 si
2393 1860 2682 1916 secundum
2708 1861 2851 1932 leges
2881 1862 2973 1917 Dei
3004 1878 3122 1918 cum
3151 1865 3395 1922 castitate
3421 1876 3475 1922 et
3501 1866 3783 1923 honestate
3816 1868 3913 1922 fiat

2320 1961 2636 2021 conventus,
2680 1964 2736 2010 et
2762 1955 2808 2008 si
2836 1955 3123 2011 concordia
3164 1971 3355 2027 magna
3397 1957 3708 2013 cohzereant
3745 1959 3783 2012 ii
3814 1960 3907 2030 qui

2319 2043 2662 2099 conveniunt.
2704 2044 2979 2100 Noverunt
3018 2046 3119 2101 hoc
3144 2047 3308 2102 etiam
3358 2058 3593 2103 externae
3623 2047 3770 2119 leges
3804 2065 3818 2103 :
3850 2058 3908 2106 et

2317 2134 2504 2191 audies
2544 2150 2659 2201 eos,
2703 2137 2794 2206 qui
2848 2137 2932 2192 his
2973 2137 3309 2205 studuerunt,
3354 2138 3552 2206 dicere,
3592 2140 3902 2209 conjugium

2317 2225 2449 2280 nihil
2478 2225 2621 2281 aliud
2659 2227 2985 2283 constituere
3009 2243 3171 2299 quam
3203 2230 3667 2286 consuetudinem.
3696 2230 3773 2286 Ne
3803 2230 3903 2302 igi-

2317 2328 2403 2375 tur
2431 2319 2637 2376 divinas
2665 2321 2811 2392 leges
2847 2337 2967 2377 cum
2998 2320 3246 2377 humanis
3294 2323 3765 2393 transgrediamur,
3798 2339 3901 2379 nec

2318 2413 2666 2482 praeferamus
2709 2414 2998 2470 diabolicas
3048 2415 3193 2485 leges
3256 2424 3311 2471 et
3360 2416 3714 2484 perniciosam
3760 2416 3900 2473 hanc

2315 2505 2753 2561 consuetudinem
2785 2524 2798 2560 :
2829 2506 2971 2561 illius
2991 2508 3137 2562 enim
3165 2507 3248 2563 lex
3275 2517 3398 2563 sunt
3425 2507 3562 2575 hate,
3584 2509 3675 2579 qui
3700 2508 3899 2579 gaudet

2313 2595 2379 2651 de
2401 2596 2617 2651 interitu
2646 2606 2849 2652 nostro.
2882 2597 3022 2666 Quid
3059 2598 3219 2669 igitur
3245 2598 3344 2654 hac
3365 2600 3751 2655 consuetudine
3778 2615 3896 2656 ma-

2311 2688 2391 2759 gis
2416 2689 2720 2753 ridiculum,
2757 2689 2971 2760 quando
2996 2691 3078 2745 vir
3118 2700 3175 2747 et
3214 2707 3355 2747 uxor
3382 2692 3678 2747 innumeris
3708 2693 3898 2748 convi-

2310 2779 2408 2835 ciis
2428 2791 2483 2835 et
2510 2780 2817 2835 scommatis
2835 2795 2867 2834 a
2893 2781 3063 2836 servis
3085 2781 3387 2852 nulliusque
3408 2783 3562 2853 pretii
3592 2783 3894 2839 hominibus

2311 2873 2669 2940 incessuntur,
2698 2888 2761 2928 ac
2786 2888 2943 2928 nemo
2970 2882 3054 2929 est
3078 2874 3168 2944 qui
3199 2874 3439 2944 increpet
3463 2893 3476 2928 :
3506 2875 3601 2930 sed
3629 2875 3751 2931 licet
3778 2876 3891 2930 cui-

2311 2965 2391 3020 vis
2414 2965 2613 3021 volenti
2643 2965 2708 3019 ad
2741 2980 3018 3036 vesperam
3048 2967 3225 3021 omnia
3261 2967 3426 3038 loqui,
3468 2977 3523 3023 et
3551 2969 3786 3023 convicia
3811 2968 3891 3038 ja-

2308 3072 2433 3114 cere
2461 3058 2512 3113 in
2556 3072 2810 3129 sponsum
2838 3068 2894 3115 et
2920 3059 3214 3130 sponsam?
3243 3059 3310 3114 Et
3355 3061 3407 3114 in
3436 3060 3541 3115 alio
3570 3061 3658 3116 die
3700 3061 3743 3116 si
3770 3061 3888 3132 quis

2308 3159 2594 3206 conaretur
2617 3149 2689 3205 ita
2718 3149 2917 3205 salibus
2945 3150 3215 3218 mordere,
3255 3150 3666 3221 periclitaretur,
3692 3151 3759 3207 ad
3795 3151 3889 3206 tri-

2310 3241 2468 3297 bunal
2497 3241 2854 3298 abduceretur
2878 3250 2933 3297 et
2962 3242 3237 3312 puniretur
3261 3260 3277 3296 :
3306 3250 3432 3298 tunc
3467 3252 3646 3299 autem
3676 3243 3887 3314 quando

2308 3330 2589 3401 plurimam
2633 3332 2913 3401 oportebat
2951 3348 3071 3389 esse
3110 3335 3485 3401 reverentiam,
3523 3334 3886 3405 majoremque

2308 3422 2641 3479 honestatem
2670 3432 2727 3479 et
2752 3424 3076 3491 castitatem,
3106 3433 3248 3480 tanta
3276 3425 3628 3481 obscoenitate
3656 3426 3885 3496 implen-

2307 3522 2394 3570 tur
2428 3514 2607 3571 omnia
2651 3514 2765 3581 illa,
2821 3525 2879 3576 ut
2910 3516 3184 3586 probabile
3226 3518 3297 3571 sit
3336 3516 3550 3572 diabolo
3590 3516 3727 3574 duce
3771 3516 3887 3573 hare

2305 3605 2483 3660 omnia
2514 3605 2729 3661 inventa
2755 3620 2895 3662 esse.
2925 3606 3122 3663 Verum
3140 3622 3208 3662 ne
3235 3623 3378 3679 aegre
3402 3609 3604 3674 feratis,
3629 3624 3726 3665 oro
3745 3626 3758 3664 :
3777 3623 3882 3663 non

2304 3697 2448 3753 enim
2474 3698 2677 3769 absque
2696 3713 2857 3754 causa
2879 3699 2935 3755 in
2959 3699 3097 3755 hunc
3111 3715 3413 3757 sermonem
3435 3701 3659 3772 digressi
3680 3717 3880 3769 sumus,

2305 3786 2401 3842 sed
2448 3801 2629 3843 curam
2662 3788 2869 3845 habens
2912 3798 3104 3845 vestrm
3124 3789 3311 3845 salutis
3338 3800 3393 3847 et
3423 3790 3747 3861 honestatis,
3775 3794 3877 3849 vcl-

2305 3879 2411 3935 lem
2436 3880 2689 3950 optimam
2725 3880 2861 3936 hanc
2887 3883 3233 3939 mutationem
3261 3883 3395 3949 fieri,
3444 3900 3645 3954 vosque
3670 3888 3878 3956 optimm

2305 3973 2464 4044 hujus
2483 3973 2888 4031 consuetudinis
2915 3990 3037 4032 esse
3061 3976 3244 4033 duces.
3287 3976 3420 4032 Nam
3449 3978 3493 4034 si
3536 3979 3709 4034 solum
3736 3981 3873 4050 prin-

2301 4066 2499 4138 cipium
2524 4075 2579 4122 et
2606 4067 2689 4122 via
2717 4067 2809 4123 fiat
2836 4070 3035 4139 operis,
3070 4070 3324 4140 paulatim
3371 4086 3476 4126 uno
3504 4073 3733 4128 alterum
3763 4073 3875 4129 fauo

2302 4158 2462 4214 dabili
2476 4158 2576 4215 hac
2587 4161 2927 4216 inmutatione
2952 4163 3259 4232 aemulante,
3275 4180 3462 4220 onmes
3474 4165 3774 4221 laudatores
3786 4166 3884 4222 ha-

2300 4250 2493 4307 bebitis
2509 4273 2523 4308 :
2537 4263 2587 4307 et
2602 4268 2705 4309 non
2725 4260 2925 4309 tantum
2939 4254 3030 4325 qui
3047 4253 3314 4312 civitatem
3330 4256 3582 4323 incolunt,
3601 4258 3875 4314 imitabun-

2300 4350 2387 4399 tur
2401 4344 2654 4413 Optimam
2679 4345 2813 4399 hanc
2834 4344 3226 4402 innovationem
3242 4389 3258 4415 ,
3290 4348 3384 4404 sed
3401 4359 3455 4405 et
3470 4365 3566 4407 eos
3582 4350 3672 4419 qui
3701 4352 3880 4420 procul

2300 4432 2536 4490 habitant
2580 4435 2947 4503 conciliabitis,
2998 4446 3053 4493 et
3099 4438 3394 4496 imitatores
3435 4449 3645 4497 vestros
3682 4442 3876 4497 consti-

2300 4527 2460 4582 tuetis
2487 4545 2503 4582 :
2531 4535 2690 4597 atque
2715 4529 2934 4599 insuper
2959 4530 3116 4602 longe
3139 4531 3453 4603 ampliorem
3492 4549 3523 4588 a
3554 4535 3666 4591 Deo
3698 4550 3876 4605 reporo

2299 4622 2478 4676 tabitis
2514 4636 2787 4687 coronam,
2827 4624 2967 4693 quod
2998 4635 3218 4698 propter
3257 4626 3349 4683 Dei
3394 4628 3639 4684 timorem
3683 4640 3736 4684 et
3762 4629 3875 4699 ejus

2297 4713 2603 4769 mandatum
2626 4714 2943 4771 diabolicam
2980 4717 3115 4774 hanc
3134 4720 3515 4790 superaveritis
3540 4720 3875 4779 consuetudi-

2297 4822 2440 4863 nem.
2468 4807 2575 4864 Sed
2602 4810 2743 4879 quod
2767 4813 3069 4882 suscepturi
3099 4815 3217 4870 sitis
3246 4830 3435 4886 magna
3474 4817 3747 4872 alacritate
3774 4816 3872 4875 hoe

2296 4907 2536 4954 nostrum
2578 4902 2884 4967 consilium,
2925 4913 2981 4960 et
3022 4920 3187 4976 opere
3216 4907 3506 4976 impleturi,
3558 4907 3712 4963 valde
3750 4923 3866 4963 con-

2296 4991 2421 5047 fido.
2455 4989 2655 5046 Videtis
2683 4994 2824 5048 enim
2876 5010 2973 5050 vos
3013 5012 3203 5067 magna
3247 5012 3369 5052 cum
3396 4998 3668 5068 voluptate
3695 5000 3873 5056 audire

2292 5098 2355 5138 ea
2379 5100 2498 5155 qn:c
2518 5085 2786 5153 dicuntur,
2820 5086 2870 5141 id
2890 5102 2957 5142 ex
2977 5088 3236 5158 applausu
3262 5098 3316 5144 et
3344 5090 3591 5145 laudibus
3610 5091 3866 5161 conjecto,

2292 5190 2388 5230 vos
2412 5176 2572 5231 etiam
2603 5178 2852 5246 Operibus
2879 5177 3019 5233 idem
3056 5179 3231 5250 ipsum
3260 5181 3712 5251 comprobatttros
3733 5197 3867 5237 esse.

2294 5267 2581 5338 Propterea
2616 5280 2901 5326 contentus
2923 5270 3100 5337 dictis,
3146 5271 3213 5327 ad
3252 5282 3542 5329 contextus
3570 5274 3763 5329 seriem
3788 5290 3865 5329 rc-

2288 5359 2522 5430 grediar.
2550 5359 2619 5415 Et
2649 5366 2783 5431 facta
2807 5371 2899 5425 est,
2932 5362 3119 5431 inquit,
3148 5378 3376 5433 vespera,
3404 5376 3449 5418 et
3479 5366 3674 5435 accepit
3702 5364 3866 5419 Labda

2290 5449 2435 5505 Liam
2463 5452 2624 5522 ﬁliam
2653 5470 2819 5519 suam,
2845 5463 2893 5507 et
2918 5454 3196 5509 introduxit
3221 5473 3334 5510 eam
3360 5457 3430 5509 ad
3460 5455 3644 5512 Iacob.

2362 5541 2628 5607 Quomodo
2644 5560 2677 5597 a
2699 5542 2909 5599 Labano
2935 5544 3174 5617 deceptus
3197 5547 3348 5617 fuerit
3366 5545 3532 5602 Iacob
3554 5563 3577 5614 ;
3605 5548 3715 5619 ejus
3745 5548 3864 5603 siut-

2286 5633 2507 5701 plicilas.
2535 5665 2607 5676 —
2628 5635 2705 5690 Ne
2743 5636 2918 5694 obiter
2960 5639 3122 5694 etiam
3162 5638 3265 5693 hoc
3295 5648 3677 5710 praetereamus
3708 5661 3721 5698 :
3749 5656 3861 5698 nam

2287 5726 2373 5781 hic
2397 5743 2609 5798 quoque
2633 5732 2799 5785 multa
2826 5732 3151 5789 considerari
3185 5745 3409 5804 possunt
3435 5754 3449 5791 :
3478 5737 3709 5805 primum
3744 5736 3866 5791 sint-

2292 5816 2497 5886 plicitas
2525 5817 2709 5889 Jacob,
2757 5831 2809 5877 ct
2847 5823 3113 5894 quomodo
3143 5823 3211 5880 ab
3240 5826 3383 5883 omni
3429 5826 3629 5884 malitia
3669 5827 3863 5882 alienus
