4150 6206
393 377 491 433 ιδ’]

391 486 561 556 ἀκοῆς
597 482 880 554 δαψιλεστέ
890 499 987 556 ραν
1023 480 1330 537 ἀνάπτοντα
1363 483 1463 555 τήν
1505 483 1684 555 πυρὰν
1704 523 1720 550 ,
1751 484 1845 539 καὶ
1868 483 1966 555 τὴν

393 569 622 640 κάμινον
654 566 761 619 τῶν
788 565 971 620 παθῶν
999 564 1438 636 φλογωδεστέραν
1465 565 1828 637 ἐργαζόμενα,
1851 566 1968 630 πῶς
2024 569 2064 590 π

391 652 514 720 σιὺχὶ
539 648 863 720 ὑποϐρύχιος
893 649 925 718 ή
953 646 1049 701 τοῦ
1078 647 1198 701 νέου
1223 647 1368 718 ψυχὴ
1405 649 1730 719 γενήσεται;
1766 649 1975 705 Ἐντεῦ-

394 731 486 784 θεν
524 733 632 803 7&9
679 730 893 784 ἅπαντα
934 729 1178 783 ἀπόλωλε
1217 732 1312 783 καὶ
1352 729 1703 803 διέφθαρται,
1747 731 1855 785 ἀπὸ
1880 729 1972 783 τοῦ

394 813 494 884 τήν
524 811 874 883 σωφροσύνην
903 811 963 876 ἐξ
994 812 1169 883 ἀρχῆς
1195 811 1564 882 διορύττεσθαι
1593 812 1704 866 τῶν
1759 811 1975 884 μελλόν-

394 911 504 949 των
547 895 797 966 ἀλλήλοις
855 894 1096 964 συνιέναι
1130 911 1145 926 ο
1186 895 1279 949 καὶ
1331 894 1589 958 πολλάκις
1643 897 1708 950 ἐκ
1754 895 1978 967 πρώτης

397 978 607 1049 ἡμέρας
637 977 734 1030 καὶ
763 980 792 1031 ὁ
819 977 938 1042 νέος
961 976 1180 1040 ἐδέξατο
1204 976 1358 1048 βέλος
1387 977 1672 1031 σατανικὸν
1700 979 1756 1032 ἐν
1783 981 1851 1049 τῇ
1874 977 1978 1048 ψυ-

395 1062 464 1130 χῇ
486 1102 501 1126 ,
533 1059 853 1123 ἀκολάστοις
888 1058 1012 1112 ἰδὼν
1051 1058 1383 1130 ὀφθαλμοῖς,
1417 1061 1563 1131 καὶὴ
1590 1061 1726 1132 κόρη
1759 1060 1854 1114 καὶ
1887 1059 1978 1113 διὰ

398 1144 493 1212 τῆς
517 1143 684 1214 ἀκοῆς
717 1143 809 1196 καὶ
833 1142 922 1198 διά
947 1142 1047 1212 τῆς
1071 1141 1249 1211 ὅψεως
1273 1143 1614 1213 αἰχμάλωτος
1640 1143 1852 1212 γέγονε,
1881 1142 1976 1196 καὶ

397 1225 568 1277 ταῦτα
611 1225 669 1292 ἐξ
718 1225 932 1296 ἐκείνης
969 1224 1156 1279 λοιπὸν
1202 1225 1304 1296 τῆς
1342 1225 1554 1297 ἡμέρας
1587 1225 1657 1280 τά
1688 1225 1977 1296 τραύματα

397 1308 733 1378 αὐξανόμενα
791 1309 974 1378 μεῖζον
1036 1307 1326 1381 ἐργάζεται
1378 1308 1442 1362 τὺ
1487 1309 1678 1362 κακόν.
1720 1309 1828 1362 Καὶ
1871 1307 1978 1378 7&9

399 1388 614 1460 πρῶτον
659 1391 755 1460 μὲν
796 1391 896 1462 τὴν
935 1390 1072 1462 πρὸς
1111 1391 1375 1464 ἀλλήλους
1409 1391 1590 1445 αὑτῶν
1614 1389 1866 1461 ὁμόνοιαν
1897 1390 1979 1442 δι-

397 1470 631 1541 ορύττει,
667 1473 760 1525 καὶ
783 1472 873 1526 τὸν
905 1471 1067 1526 πόθον
1095 1472 1694 1542 καταμαραίνει.”οταν
1716 1471 1824 1541 7&9
1845 1470 1979 1541 πρὸς

397 1554 591 1626 ἑτέραν
624 1557 831 1619 ἐκεῖνος
852 1559 1064 1628 προσχῇ
1096 1559 1160 1629 τῇ
1194 1556 1423 1626 διανοίᾳ,
1447 1549 1549 1610 ὧδε
1570 1556 1794 1609 κάκεῖσε
1825 1573 1981 1627 μερι-

400 1635 622 1706 ζόμενος
663 1637 756 1690 τὸν
799 1637 1092 1707 λογισμὸν,
1141 1636 1237 1688 καὶ
1265 1636 1370 1688 ὑπὸ
1397 1635 1492 1688 τοῦ
1526 1635 1773 1690 διαϐόλου
1814 1634 1978 1689 αὑτοῦ

402 1719 899 1790 στρατηγούμενος,
921 1718 1122 1787 πολλῆς
1147 1717 1337 1788 ἀηδίας
1363 1718 1640 1790 πληρώσει
1660 1719 1758 1789 τὴν
1783 1719 1978 1772 οίκίαν.

398 1801 462 1854 Et
486 1801 542 1854 δὲ
571 1801 798 1870 κάκείνη
820 1800 1066 1872 εὑρεθείη
1087 1799 1326 1854 τοιοῦτόν
1340 1819 1390 1854 τι
1405 1800 1670 1865 παθοῦσα,
1698 1801 1756 1867 ἐξ
1778 1800 1977 1865 αὑτῶν,

397 1883 475 1946 ὼς
500 1884 697 1947 εἰπεῖν,
727 1881 836 1936 τῶν
866 1882 1080 1952 βάθρων
1103 1883 1315 1938 ἅπαντα
1347 1883 1727 1955 ἀνατρέπεται.
1752 1883 1846 1936 καὶ
1871 1881 1980 1935 λοι-

401 1965 505 2020 πδν
531 1965 794 2037 ἀλλήλους
819 1964 1171 2036 κρύπτοντες,
1208 1967 1236 2019 ό
1267 1965 1366 2035 μέν
1399 1966 1464 2020 δι’
1492 1965 1726 2037 ὑποψίας
1748 1965 1862 2036 ἐχει
1886 1963 1982 2036 τὴν

400 2047 678 2118 γαμετὴν,
718 2050 750 2118 ή
785 2048 842 2101 δὲ
880 2048 970 2101 τὸν
1011 2047 1198 2121 ἄνδρα.
1236 2050 1346 2102 Καὶ
1378 2048 1507 2103 ἐνθα
1535 2051 1702 2122 ἐχρῆν
1731 2048 1982 2120 ὁμόνοιαν

401 2128 542 2183 εἶναι
576 2131 670 2184 καὶ
703 2129 1014 2201 σύνδεσμον,
1036 2130 1130 2183 καὶ
1153 2131 1202 2185 οί
1225 2126 1531 2200 ὀφείλοντες
1561 2131 1697 2203 σάρξ
1715 2127 1854 2185 εἶναι
1886 2129 1984 2202 μία

401 2210 714 2276 (Ἔσονται
755 2211 884 2282 γὰρ,
929 2213 1116 2282 φησὶν,
1165 2215 1219 2266 οἰ
1267 2213 1378 2266 δύο
1427 2215 1515 2280 εἰς
1560 2214 1759 2282 σάρκα
1790 2213 1982 2284 μίαν),

402 2285 549 2346 οὗτοι
583 2293 734 2366 [540]
767 2295 825 2348 ἐν
857 2294 1092 2366 τοσαύτῃ
1128 2294 1388 2367 διαιρέσει
1415 2295 1797 2365 τυγχάνουσιν,
1821 2295 1897 2359 ώς
1935 2295 1984 2348 εἰ

403 2378 499 2431 καὶ
536 2379 1008 2449 κατατετμημένοι
1030 2373 1188 2448 ἦσαν.
1232 2377 1592 2433 Ἐπεισελθὼν
1615 2380 1722 2450 γάρ
1749 2380 1777 2432 ὁ
1799 2378 1984 2433 διάϐο-

402 2460 495 2524 λος
531 2459 909 2530 τοσαύτην,ὲν
954 2461 1136 2524 αὑτοῖς
1183 2461 1475 2532 ἐργάζεται
1521 2461 1620 2533 τὴν
1665 2461 1862 2533 λύμην,
1908 2461 1984 2526 ὡς

402 2541 674 2613 πολέμους
702 2542 798 2595 καὶ
831 2543 1010 2613 μάχας
1038 2541 1409 2614 καθημερινὰς
1432 2543 1728 2606 τίκτεσθαι,
1759 2544 1852 2596 καὶ
1882 2562 1985 2614 μηο

401 2624 591 2678 δέποτε
627 2625 944 2678 ἀνάπαυλαν
975 2625 1119 2696 ἐχειν
1145 2626 1253 2678 τῶν
1295 2625 1499 2679 κακῶν.
1535 2626 1600 2679 Τί
1645 2628 1754 2695 7&9
1790 2624 1855 2680 ἀν
1900 2642 1986 2689 τις

403 2711 545 2764 είποι
596 2711 778 2765 λοιπὸν
813 2709 921 2764 τῶν
968 2711 1194 2764 οἰκετῶν
1240 2710 1341 2776 τάς
1387 2713 1838 2784 καταφρονήσεις,
1877 2712 1986 2765 τῶν

406 2793 633 2863 πλησίον
663 2793 955 2847 οἰκούντων
994 2794 1086 2848 τὸν
1137 2793 1372 2862 γέλωτα,
1424 2794 1524 2858 τάς
1567 2795 1984 2866 ἀσχημοσύνας;

407 2874 672 2946 Καθάπερ
704 2877 814 2948 γὰρ
839 2876 948 2930 τῶν
981 2876 1328 2948 κυϐερνητῶν
1362 2877 1780 2942 στασιαζόντων,
1807 2878 1900 2931 καὶ
1935 2879 1986 2931 οἰ

405 2957 731 3023 ἐμπλέοντες
754 2958 862 3011 τῶν
902 2958 1160 3012 κινδύνων
1191 2958 1650 3025 συναπολαύουσι,
1679 2960 1774 3012 καὶ
1793 2958 1988 3014 αὑταν-

404 3041 530 3111 δρον
557 3041 770 3109 ἀνάγκη
797 3040 897 3111 τήν
923 3039 1058 3094 ναῦν
1090 3040 1610 3110 καταποντισθῆναν
1639 3041 1782 3095 οῦτω
1798 3042 1863 3112 δὴ
1892 3045 1987 3097 καὶ

407 3121 660 3187 ἐνταῦθα,
696 3121 789 3176 τοῦ
820 3122 1013 3194 ἀνδρὸς
1040 3124 1134 3176 καὶ
1164 3124 1263 3194 τῆς
1291 3124 1547 3192 γυναικὸς
1573 3125 1709 3195 πρὸς
1731 3123 1993 3195 ἀλλήλους

403 3202 926 3268 διαστασιαζόντων,
959 3203 1054 3257 καὶ
1093 3205 1218 3269 τοὺς
1250 3204 1441 3268 ἄλλους
1474 3205 1718 3270 ἅπαντας
1757 3224 1990 3262 συναπο-

405 3287 591 3340 λαύειν
614 3287 722 3339 τῶν
751 3285 936 3340 κακῶν
969 3286 1136 3350 εἰκός.
1157 3286 1255 3340 Διά
1285 3287 1444 3341 τοῦτο
1469 3288 1787 3361 παρακαλῶ,
1812 3290 1991 3345 ταῦτα

409 3371 621 3424 ’ἅπαντα
639 3368 1075 3440 προορωμένους,
1099 3367 1174 3440 μή
1189 3371 1255 3441 τῇ
1273 3370 1528 3442 συνηθείᾳ
1552 3371 1986 3428 κατακολουθεῖν.

406 3449 537 3507 οἰδα
554 3452 662 3524 7&9
686 3453 767 3506 ὅτι
792 3451 974 3504 πολλοὶ
996 3451 1200 3522 ταύτην
1229 3454 1360 3523 ήμῖν
1393 3453 1819 3525 προϐαλλόμενοι
1865 3454 1989 3509 οὐδὲ

407 3535 686 3606 ἀνέχονται
728 3533 838 3588 τῶν
890 3536 1019 3606 παρ’
1063 3536 1097 3605 ἡ
1107 3534 1224 3605 μῶν
1262 3535 1571 3606 λεγομένων
1604 3551 1620 3568 ο
1671 3536 1785 3590 ἀλλ’
1841 3537 1991 3608 ὅμως

406 3619 556 3688 ἡμᾶς
600 3616 814 3685 ἀνάγκη
869 3616 939 3670 τὰ
987 3616 1235 3688 λυσιτελῆ
1285 3617 1378 3670 καὶ
1433 3617 1504 3670 τά
1545 3621 1644 3690 τῆς
1696 3619 1992 3689 μελλούσης

408 3705 678 3767 κολάσεως
718 3701 1092 3773 ἐξαρπάζοντα
1135 3701 1330 3771 λέγειν.
1359 3703 1535 3757 Ὅπου
1558 3705 1668 3776 γὰρ
1699 3704 1843 3777 λύμη
1867 3723 1994 3759 τοσ-

409 3788 549 3857 αύτη
589 3784 786 3856 ψυχῆς,
811 3785 954 3847 τίνος
989 3785 1172 3838 ἕνεκέν
1193 3802 1283 3854 μοι
1311 3785 1594 3856 συνήθειαν
1643 3787 1820 3857 βούλει
1857 3805 1994 3860 προ-

411 3867 741 3933 ϐἀλλεσθαι;
799 3866 930 3920 Ἰδοὺ
973 3865 1128 3935 κάγὼ
1175 3866 1460 3938 συνήθειάν
1505 3885 1588 3922 σοι
1622 3868 1993 3940 προϐάλλομαι

412 3952 654 4025 βελτίονα
677 3989 692 4014 ,
722 3944 756 4024 ᾖ
787 3950 836 4001 οἰ
860 3948 921 4015 ἐξ
947 3949 1120 4020 ἀρχῆς
1151 3948 1445 4020 ἐκέχρηντο
1463 3989 1479 4014 ,
1505 3950 1594 4004 ὅτε
1628 3950 1838 4005 οὐδέπω
1865 3968 1991 4004 τοσ-

413 4038 548 4106 αύτη
596 4034 797 4104 γνῶσις
845 4029 912 4104 ἦν
956 4033 1054 4103 τῆς
1106 4032 1408 4098 εὐσεϐείας.
1461 4033 1572 4087 Καὶ
1637 4035 1712 4105 μή
1762 4052 1853 4104 μοι
1901 4035 1993 4088 τὸν

413 4120 617 4173 δίκαιον
637 4117 866 4172 ἐνταῦθα
897 4115 1112 4186 λογίζου
1134 4156 1150 4184 ,
1183 4116 1276 4170 τὸν
1314 4115 1508 4170 Ἰακὼϐ
1540 4115 1717 4185 λέγω,
1743 4116 1881 4172 ἀλλά
1902 4118 1994 4172 τὸν

415 4202 598 4258 Δάϐαν
629 4202 820 4264 ἐννόει,
852 4199 1020 4270 ἀνδρα
1047 4198 1128 4252 ἔτι
1161 4201 1276 4264 τοίς
1302 4199 1537 4263 εἰδώλοις
1563 4201 1992 4272 προσανέχοντα,

416 4285 510 4338 καὶ
544 4283 800 4354 οὐδεμίαν
827 4283 1026 4351 γνῶσιν
1055 4280 1248 4352 ἔχοντα
1285 4281 1385 4352 τῆς
1417 4282 1720 4346 εὐσεϐείας,
1750 4285 1843 4336 καὶ
1869 4300 1993 4336 τοσ-

421 4366 588 4437 αύτην
634 4364 946 4435 φιλοσοφίαν
979 4363 1438 4434 ἐπιδεικνύμενον.
1490 4363 1662 4418 Τοῦτο
1688 4365 1797 4437 7&9
1814 4366 1878 4419 οὑ
1899 4364 1992 4420 τοῦ

420 4447 700 4519 μέλλοντος
716 4443 784 4518 ἦν
807 4447 1033 4514 ἄγεσθαι
1062 4447 1160 4516 τὴν
1191 4446 1361 4518 κόρην
1381 4446 1442 4500 τὸ
1465 4447 1820 4518 κατόρθωμα,
1859 4447 1995 4502 ἀλλά

418 4530 512 4585 τοῦ
543 4529 750 4600 πατρὸς
788 4527 882 4581 τοῦ
914 4529 1014 4599 τὴν
1051 4528 1219 4599 κόρην
1237 4529 1555 4593 ἐκδιδόντος.
1590 4530 1668 4582 Δι’
1694 4529 1724 4582 δ
1747 4530 1842 4583 καὶ
1869 4530 1995 4584 τοῦ·

420 4630 514 4667 τον
557 4610 783 4681 ἐκίνησα
804 4609 894 4664 τὴν
921 4609 1097 4679 λόγον,
1125 4612 1246 4682 οὐχὶ
1274 4611 1410 4682 πρὸς
1435 4613 1559 4676 τοὺς
1587 4611 1852 4683 νυμφίους
1873 4629 1996 4667 τοσ-

419 4694 576 4750 οῦτον
610 4692 1050 4762 ἀποτεινόμενος,
1090 4695 1212 4747 ὅσον
1255 4694 1391 4764 πρὸς
1428 4696 1552 4758 τοὺς
1581 4695 1996 4766 γεγεννηκότας,

425 4779 559 4851 πρὸς
605 4777 696 4831 τὸν
748 4774 961 4846 πατέρα
1007 4775 1102 4828 τοῦ
1142 4776 1396 4845 νυμφίου,
1449 4777 1543 4830 καὶ
1594 4777 1731 4849 πρὸς
1773 4778 1864 4832 τὸν
1898 4779 1996 4850 τήν

423 4861 588 4931 κόρην
636 4857 913 4912 ἐκδιδόντα
965 4855 1129 4926 φημί.
1185 4856 1309 4920 Πῶς
1335 4857 1443 4928 7&9
1479 4858 1578 4911 οὐκ
1615 4859 1813 4915 ἀτοπον
1851 4862 1996 4931 ἡμᾶς

424 4945 546 5008 τοὺς
574 4941 840 5012 τοσαύτης
868 4937 1278 5001 ἀπολαύσαντας
1304 4937 1706 5011 φιλανθρωπίας
1727 4982 1743 5007 ,
1767 4943 1863 4996 καὶ
1888 4943 1998 4997 τῶν

425 5024 663 5098 φρικτῶν
718 5025 812 5078 καὶ
861 5021 1189 5093 ἀπορρήτων
1247 5021 1562 5092 μυστηρίων
1622 5022 1948 5088 ἀξιωθέντας
1979 5068 1994 5092 ,

424 5107 679 5170 ἐλάττους
725 5104 866 5159 κατὰ
906 5104 1065 5158 τοῦτο
1111 5101 1353 5170 γίνεσθαι
1395 5101 1488 5157 τοῦ
1524 5104 1739 5170 Δάϐαν,
1781 5105 1874 5160 τοῦ
1919 5107 1998 5160 ἐτι

425 5188 620 5243 εῖδωλα
647 5186 1068 5260 θεραπεύοντοςς
1107 5186 1177 5238 Ἢ
1205 5185 1304 5240 οὑκ
1330 5184 1547 5248 ἀκούεις
1574 5187 1784 5240 Παύλου
1814 5187 1997 5257 λέγον-

425 5287 535 5335 τος,
559 5270 641 5322 ὅτι
667 5268 960 5340 μυστήριόν
992 5270 1138 5322 ἐστιν
1168 5269 1198 5321 ό
1230 5267 1427 5339 γάμος,
1460 5267 1554 5320 καὶ
1579 5267 1741 5322 εἰκών
1764 5269 1878 5323 ἐστι
1900 5271 1999 5339 τῆς

427 5353 644 5422 ἀγάπης
666 5351 758 5406 τοῦ
787 5349 1022 5421 Χριστοῦ
1043 5387 1059 5414 ,
1105 5350 1174 5422 ἢν
1202 5351 1331 5422 περὶ
1372 5350 1472 5422 τὴν
1535 5350 1857 5422 Ἐκκλησίαν
1899 5355 1999 5405 ἐπ-

424 5433 808 5504 εδείξατο;Μὴ
840 5433 1016 5486 τοίνυν
1051 5432 1499 5504 καταισχύνωμεν
1531 5434 1776 5498 ἐαυτοὺς,
1806 5433 1900 5488 καὶ
1932 5433 2000 5488 τά

427 5516 600 5586 σεμνά
635 5513 728 5568 τοῦ
765 5516 942 5586 γάμου
983 5513 1400 5587 διαφθείρωμεν.
1463 5516 1527 5570 Εἰ
1569 5514 1669 5587 μὲν
1699 5515 1806 5586 7&9
1837 5515 2000 5570 καλόν

427 5596 544 5650 ἐστι
565 5598 626 5650 τὸ
650 5597 749 5666 τῆς
783 5597 1091 5667 συμϐουλῆς
1117 5597 1211 5650 κα)⁸
1237 5597 1517 5666 ἐπωφελές
1538 5638 1553 5662 ,
1595 5597 1699 5651 κᾶν
1750 5598 1824 5669 μὴ
1874 5615 2000 5652 συν-

428 5679 584 5749 ήθεια
603 5677 663 5752 ᾖ,
691 5678 920 5747 γινέσθω
954 5694 968 5709 '
1009 5681 1058 5733 εἰ
1101 5680 1158 5733 δὲ
1191 5679 1394 5750 βλάϐην
1431 5680 1554 5750 ἔχον
1595 5681 1688 5734 καὶ
1721 5680 1886 5734 πολὺν
1909 5681 2000 5736 τὸν

429 5761 648 5833 ὀλεθρον
694 5759 756 5813 τὸ
799 5757 894 5812 νῦν
931 5761 1060 5831 παρ’
1083 5761 1236 5831 ὑμῶν
1266 5761 1677 5834 ἐπιτελούμενον
1696 5805 1711 5828 ,
1749 5761 1850 5816 κᾶν
1877 5780 1998 5816 συν·
2030 5799 2044 5834 ξ

437 5845 585 5914 ήθεια
613 5840 670 5918 ᾖ,
695 5842 1058 5911 ἐγκοπτέσθω.
1075 5845 1225 5898 Ἐπεὶ
1255 5847 1304 5899 εί
1331 5845 1487 5900 τοῦτο
1523 5848 1996 5918 συγχωρήσαιμεν,

437 5927 526 5980 καὶ
566 5929 595 5980 ό
643 5925 903 5992 κλέπτων,
946 5927 1036 5981 καὶ
1073 5929 1100 5982 ό
1133 5930 1426 6003 πορνερων,
1481 5931 1572 5985 καί
1609 5933 1637 5984 ὁ
1690 5931 1788 6001 τήν
1834 5929 1997 6000 ἀλλην

1418 372 1485 430 IN
1519 374 1673 432 CAP.
1709 374 1879 431 XXIX
1920 373 2166 432 GENES.
2211 373 2439 434 IIOMIL.
2482 375 2594 434 LVI

3537 378 3641 434 488

2079 487 2296 543 ἀπασαν
2335 487 2531 541 κακίαν
2569 489 3001 559 ἐπιδεικνύμενος
3022 529 3037 552 ,
3069 486 3167 559 τὴν
3197 486 3479 558 συνήθειαν
3513 489 3648 559 ἡμῖν

2073 571 2420 642 προϐαλεῖται
2439 587 2456 604 ο
2501 571 2615 625 ἀλλ’
2667 573 2820 626 οὐδὲν
2863 571 2971 625 ἀπὸ
3013 571 3201 624 τούτου
3255 570 3444 640 κέρδος
3498 571 3649 642 αὐτῷ

2071 653 2243 718 ἐσται,
2272 655 2392 708 οὑδὲ
2428 655 2745 727 συγγνώμη,
2770 655 2906 709 ἀλλά
2931 655 3026 709 καὶ
3066 654 3232 724 πολλὴ
3261 655 3294 724 ή
3323 654 3648 726 κατηγορία,

2072 737 2153 790 ὅτι
2181 737 2280 790 οὑκ
2312 737 2500 808 ἴσχυσε
2524 739 2810 809 συνηθείας
2840 736 3218 809 περιγενέσθαι
3249 737 3507 805 πονηρᾶς.

2144 817 2210 889 β’.
2248 819 2374 873 Ἐάν
2411 820 2520 892 γάρ
2559 820 2877 892 βουλώμεθα
2908 821 3133 889 νήφειν,
3181 818 3276 871 καὶ
3318 817 3518 886 πολλὴν
3553 816 3653 887 τῆς

2073 900 2280 955 ἑαυτῶν
2314 904 2586 974 σωτηρίας
2607 903 2873 956 ποιεῖσθαι
2900 903 2997 972 τὴν
3021 898 3297 973 φροντίδα,
3317 898 3654 970 δυνησόμεθα

2074 986 2168 1039 καὶ
2212 986 2310 1056 τῆς
2363 987 2539 1056 κακῆς
2583 985 2868 1057 συνηθείας
2888 984 3222 1054 ἀποστῆναι,
3251 981 3346 1036 καὶ
3373 983 3452 1043 εἰς
3485 979 3654 1048 καλὴν

2075 1067 2360 1138 συνήθειαν
2398 1068 2624 1132 ἐαυτοὺς
2656 1069 2880 1137 ἀγαγεῖν
2907 1084 2923 1099 ·
2981 1067 3074 1120 καὶ
3103 1065 3243 1118 οὑτω
3271 1064 3364 1117 καὶ
3396 1066 3506 1128 τοῖς
3533 1061 3654 1132 μεθ⁹

2075 1149 2224 1220 ἡμᾶς
2271 1150 2333 1203 οὐ
2394 1151 2591 1220 μικράν
2645 1149 2952 1221 παρέξομεν
2990 1147 3243 1218 ἀφορμὴν
3280 1145 3374 1199 τοῦ
3412 1145 3480 1198 τά
3517 1143 3655 1197 αὑτὰ

2076 1230 2304 1302 ζηλοῦν,
2355 1232 2448 1285 καὶ
2484 1232 2593 1286 τῶν
2631 1233 2724 1285 ὑπ’
2756 1232 2980 1285 ἐκείνων
3011 1228 3458 1300 κατορθουμένων
3495 1228 3655 1297 ἡμεῖς

2077 1311 2364 1383 ληψόμεθα
2396 1312 2488 1365 τὸν
2536 1313 2745 1384 μισθόν.
2788 1314 2846 1366 Ὀ
2873 1313 2980 1383 γὰρ
3007 1312 3106 1382 τὴν
3143 1309 3316 1381 ἀρχὴν
3359 1305 3656 1380 παρασχὼν

2076 1395 2178 1463 τῆς
2206 1394 2377 1465 καλῆς
2411 1395 2551 1462 ὁδοῦ,
2585 1388 2740 1460 οὗτος
2769 1395 2994 1449 καὶτῶν
3018 1395 3109 1464 ὑφ’
3141 1394 3340 1464 ἐτέρων
3360 1391 3657 1462 γινομένων

2079 1475 2227 1548 [541]
2252 1479 2421 1540 αίτιος
2447 1477 2620 1542 ἔσται,
2651 1479 2747 1532 καὶ
2773 1476 2996 1531 διπλοῦν
3021 1478 3296 1547 κομιεῖται
3324 1474 3414 1527 τὸν
3445 1471 3654 1544 μισθὸν,

2079 1559 2218 1630 ὑπὲρ
2238 1553 2314 1612 ὧν
2332 1576 2390 1612 τε
2412 1560 2575 1624 αὑτὸς
2597 1561 2867 1632 κατορθοῖ,
2888 1560 3029 1631 ὑπὲρ
3054 1553 3129 1614 ὧν
3148 1575 3207 1610 τε
3233 1555 3657 1628 ἐτέρουςέπάγει

2077 1643 2158 1705 εἰς
2176 1642 2275 1712 τὴν
2301 1643 2528 1713 ἀρίστην
2556 1641 2758 1714 ταύτην
2794 1642 3129 1711 φιλοσοφίαν.
3153 1640 3243 1711 Μή
3269 1656 3360 1711 μοι
3382 1638 3450 1692 τά
3474 1637 3656 1709 ψυχρὰ

2078 1725 2259 1777 ἐκεῖνα
2307 1726 2524 1795 ῥήματα
2567 1725 2662 1778 καὶ
2705 1725 2942 1793 γέλωτος
2978 1723 3217 1794 γέμοντα
3257 1721 3656 1793 προϐάλλεσθε,

2077 1805 2324 1874 λέγοντες
2355 1806 2562 1876 νόμιμά
2581 1823 2702 1859 τινα
2720 1802 2859 1860 εἶναι
2885 1806 3078 1866 ταῦτα.
3111 1805 3206 1857 καί⁸
3229 1803 3318 1857 διά
3343 1803 3501 1856 τοῦτο
3519 1803 3659 1873 πλη-

2081 1887 2304 1960 ροῦσθαι
2331 1890 2458 1960 χρή.
2479 1889 2554 1942 Οὑ
2575 1888 2748 1943 ταῦτα
2762 1889 2869 1959 7&9
2891 1887 3120 1959 νόμιμον
3143 1887 3290 1939 ποιεῖ
3303 1884 3658 1946 συνοικέσιον,

2079 1969 2216 2024 ἀλλά
2259 1969 2320 2023 τὺ
2370 1969 2512 2025 κατά
2555 1971 2682 2036 τοὺς
2723 1971 2817 2025 τοῦ
2855 1970 2992 2024 Θεοῦ
3029 1969 3225 2040 νόμους
3265 1966 3401 2038 μετά
3446 1982 3660 2036 σωφρο-⁸

2083 2051 2248 2123 σύνης
2280 2052 2374 2106 καί⁵
2415 2053 2744 2125 σεμνότητος
2775 2055 2874 2126 τήν
2901 2051 3212 2106 συνέλευσιν
3243 2049 3487 2119 γίνεσθαι
3507 2089 3523 2114 ,
3567 2049 3659 2102 καὶ

2081 2139 2147 2207 τῇ
2176 2136 2395 2206 ὁμονοία
2427 2136 2840 2208 συμπεπλέχθαι
2893 2136 3021 2200 τοὺς
3063 2134 3313 2204 ἀλλήλοις
3359 2131 3658 2193 συνιόντας.

2082 2217 2251 2272 Τοῦτο
2292 2217 2388 2270 καὶ
2427 2219 2478 2271 οἰ
2530 2217 2729 2285 ἔξωθεν
2775 2218 2924 2272 ῐσασι
2956 2217 3147 2288 νόμοι,
3192 2217 3287 2269 καὶ
3316 2213 3520 2284 ἀκούσῃ
3553 2211 3661 2266 τῶν

2081 2301 2211 2370 περὶ
2255 2300 2429 2354 ταῦτα
2470 2299 2842 2371 ἐσχολακότων
2885 2300 3150 2369 λεγόντων
3173 2338 3188 2363 ,
3220 2299 3302 2350 ὅτι
3333 2295 3662 2349 συνοικέσιον

2082 2381 2232 2435 οὐδὲν
2277 2381 2462 2453 ἕτερον
2501 2382 2814 2454 συνίστησιν
2863 2382 2897 2453 ἢ
2950 2380 3224 2452 συνήθεια.
3253 2379 3345 2449 Μὴ
3363 2377 3540 2432 τοίνυν
3569 2377 3662 2430 καὶ

2081 2465 2208 2527 τοὺς
2251 2463 2345 2516 τοῦ
2387 2464 2521 2517 Θεοῦ
2563 2465 2761 2533 νόμους
2789 2463 3124 2536 παραϐῶμεν
3159 2462 3296 2534 μετά
3322 2463 3432 2515 τῶν
3457 2459 3664 2532 ἀνθρω⁹

2083 2545 2270 2608 πίνων,
2311 2548 2406 2599 καὶ
2436 2546 2792 2616 προτιμῶμεν
2819 2547 2946 2608 τοὺς
2977 2545 3315 2608 διαϐολικοὺς
3344 2543 3541 2614 νόμους
3568 2542 3663 2596 καὶ

2081 2627 2180 2700 τὴν
2228 2627 2474 2699 ὀλεθρίαν
2523 2628 2726 2699 ταύτην
2769 2628 3098 2698 συνήθειαν·
3134 2627 3342 2682 ἐκείνου
3391 2626 3500 2698 γάρ
3548 2626 3665 2678 ἐστι

2082 2711 2244 2780 νόμος
2270 2710 2464 2775 ταῦτα,
2499 2711 2593 2764 τοῦ
2622 2713 2903 2783 χαίροντος
2935 2712 3023 2764 (1ιεί⁵
3057 2713 3124 2782 τῇ
3163 2709 3409 2780 ἀπωλείᾳ
3435 2711 3501 2780 τῇ
3531 2708 3666 2778 ήμε-

2081 2793 2236 2864 τέρᾳ.
2295 2793 2360 2846 Τί
2390 2790 2482 2848 οῦν
2508 2793 2574 2848 ἀν
2604 2794 2814 2862 γένοιτο
2845 2793 3371 2864 καταγελαστότερον
3403 2792 3502 2860 τῆς
3534 2807 3665 2843 συν-

2083 2877 2272 2948 ηθείας
2297 2877 2501 2948 ταύτης
2519 2916 2534 2940 ,
2568 2879 2694 2931 ὅταν
2724 2877 2830 2930 ὑπὸ
2866 2878 3092 2930 οἰκετῶν
3112 2877 3207 2930 καὶ
3230 2872 3665 2946 τριωϐολιμαίων

2086 2959 2389 3030 ἀνθρώπων
2418 2960 2727 3030 σκώμματα
2755 2959 2847 3013 καὶ
2871 2959 3137 3031 λοιδορίας
3169 2957 3434 3029 ἀπείρους
3465 2956 3664 3025 δέχωνσ

2087 3058 2178 3094 ται
2213 3043 2306 3095 καὶ
2330 3044 2359 3095 ό
2390 3041 2528 3113 ἀνὴρ
2556 3042 2704 3112 καὶὴ
2731 3041 2869 3112 γυνὴ
2889 3082 2904 3106 ,
2929 3043 3024 3095 καὶ
3050 3040 3225 3105 οὐδεὶς
3323 3041 3352 3092 ό
3372 3037 3664 3108 ἐπιτιμῶν,

2086 3122 2199 3176 ἀλλ’
2239 3123 2414 3189 ἔξεστι
2451 3123 2532 3193 τῷ
2569 3123 2872 3195 βουλομένῳ
2925 3123 3096 3188 ἀδεῶς
3138 3121 3283 3177 κατά
3304 3121 3402 3192 τήν
3429 3118 3666 3190 ἑσπέραν

2087 3205 2304 3260 ἄπαντα
2348 3205 2697 3275 φθέγγεσθαι,
2729 3208 2821 3259 καὶ
2855 3206 3067 3276 βάλλειν
3099 3207 3212 3268 τοῖς
3244 3201 3543 3274 σκώμμασι
3569 3201 3667 3255 καὶ

2087 3289 2180 3344 τὸν
2228 3288 2460 3359 νυμφίον
2518 3287 2614 3341 καὶ
2667 3289 2768 3358 τὴν
2819 3287 3068 3359 νύμφην;
3122 3288 3233 3341 Καὶ
3272 3288 3331 3339 ἐν
3367 3284 3532 3356 ἑτέρᾳ
3566 3283 3668 3354 μὲν

2089 3375 2272 3445 ἡμέρα
2303 3373 2398 3426 ἐάν
2429 3389 2512 3436 τις
2533 3372 2855 3444 ἐπιχειρήσῃ
2880 3369 3320 3442 λοιδορήσασθαι,
3343 3367 3668 3438 δικαστήρια

2089 3457 2258 3528 αὐτῷ,
2315 3456 2408 3510 καὶ
2457 3455 2770 3524 ἀπαγωγαὶ,
2822 3455 2919 3509 καὶ
2969 3453 3202 3508 κίνδυνοι
3233 3468 3248 3482 ⁸
3294 3451 3417 3504 τότε
3465 3449 3543 3514 δέ,
3577 3451 3668 3505 ὅτε

2092 3541 2326 3612 μάλιστα
2361 3538 2561 3611 πολλὴν
2602 3538 2766 3609 ἐχρῆν
2810 3532 2948 3590 εἶναι
2993 3535 3092 3607 τήν
3127 3534 3280 3601 αἰδῶ,
3324 3533 3525 3603 πολλὴν
3568 3532 3669 3604 τὴν

2089 3621 2420 3692 κοσμιότητα
2438 3660 2454 3683 ,
2503 3619 2703 3691 πολλὴν
2739 3619 2838 3689 τὴν
2868 3618 3088 3687 ἀγνείαν
3107 3657 3123 3682 ,
3157 3615 3426 3685 τοσαύτης
3453 3613 3669 3668 ἅπαντα

2091 3702 2422 3773 πληροῦνται
2450 3701 2547 3771 τῆς
2574 3701 2961 3772 ἀσχημοσύνης
2982 3740 2997 3765 ,
3023 3699 3099 3762 ὡς
3137 3697 3285 3762 είκδς
3308 3699 3399 3751 τὸν
3426 3695 3668 3750 διάϐολον

2091 3783 2500 3856 στρατηγοῦντα
2553 3782 2725 3835 ταῦτα
2778 3783 2993 3835 ἅπαντα
3041 3778 3464 3832 ἐπιδείκνυσθαι.
3507 3775 3667 3832 Ἀλλά

2094 3869 2170 3941 μὴ
2215 3865 2612 3936 δυσχεραίνετε,
2660 3861 2962 3933 παρακαλῶ
2994 3879 3009 3892 ο
3048 3861 3169 3914 οὑδέ
3211 3859 3321 3932 7&9
3357 3858 3544 3921 ἁπλῶς
3587 3859 3669 3924 εἰς

2089 3951 2277 4005 τοῦτον
2323 3947 2514 4018 ἐξέϐην
2555 3946 2645 4000 τὸν
2686 3946 2864 4014 λόγον,
2905 3943 3042 3999 ἀλλά
3071 3943 3366 4014 κηδόμενος
3387 3941 3540 4012 ὑμῶν
3573 3945 3667 3999 καὶ

2091 4034 2189 4105 τῆς
2231 4030 2501 4103 σωτηρίας
2549 4030 2643 4083 καὶ
2685 4029 2784 4100 τῆς
2834 4025 3150 4097 εὐκοσμίας,
3200 4025 3296 4079 καὶ
3351 4023 3669 4095 βουλόμενος

2093 4116 2237 4188 ὑμᾶς
2271 4115 2372 4184 τὴν
2413 4113 2642 4183 ἀρίστην
2677 4110 2880 4181 ταύτην
2921 4108 3218 4180 μεταϐολὴν
3257 4105 3622 4172 ἐπιδείξασθαι
3645 4144 3666 4171 ,

2094 4199 2188 4254 καὶ
2217 4197 2318 4266 τῆς
2349 4196 2522 4266 καλῆς
2553 4193 2755 4264 ταύτης
2782 4191 3064 4262 συνηθείας
3097 4191 3372 4262 ἀρχηγους
3395 4188 3668 4259 καταστῆ-

2092 4298 2197 4335 ναι.
2235 4278 2359 4333 Ἑάν
2386 4279 2492 4348 7&9
2520 4276 2678 4347 μόνον
2709 4273 2854 4346 ἀρχὴ
2896 4273 2992 4327 καὶ
3021 4273 3140 4336 ὁδὸς
3162 4271 3386 4341 γένηται
3415 4270 3508 4324 τοῦ
3530 4270 3667 4341 πρά-

2092 4379 2322 4434 γματος,
2355 4362 2497 4414 κατὰ
2531 4357 2724 4430 μικρὸν
2752 4351 2832 4422 εἰς
2857 4355 2949 4411 τὸν
2972 4355 3068 4409 ἕνα
3090 4353 3374 4426 ζηλοῦντες
3396 4352 3488 4406 τὸν
3505 4352 3668 4407 καλὸν

2091 4445 2279 4499 τοῦτον
2316 4443 2410 4498 καὶ
2437 4440 2718 4496 ἐπαινετὸν
2744 4439 2927 4510 ζῆλον,
2954 4439 3161 4500 πάντας
3181 4436 3465 4499 ἐπαινέτας
3493 4435 3664 4501 ἕξετε,

2095 4527 2191 4581 καὶ
2210 4526 2270 4579 οὑ
2312 4525 2472 4596 μόνον
2505 4526 2554 4580 οἰ
2593 4522 2694 4593 τὴν
2723 4523 2878 4575 πόλιν
2904 4519 3179 4584 οἰκοῦντες
3203 4519 3531 4590 μιμήσονται
3568 4517 3668 4589 τὴν

2095 4607 2388 4678 καλλίστην
2422 4605 2627 4677 ταύτην
2655 4603 2954 4675 μεταϐολὴν
2976 4642 2992 4668 ,
3019 4601 3156 4657 ἀλλά
3184 4602 3274 4655 καὶ
3303 4601 3424 4664 τοὺς
3451 4600 3668 4673 πόρρω-

2096 4691 2186 4746 θεν
2216 4690 2496 4754 οἰκοῦντας
2518 4686 2916 4752 ἐπισπάσεσθε,
2957 4685 3052 4740 καὶ
3092 4684 3337 4756 ζηλωτάς
3372 4684 3671 4755 ὑμετέρους

2095 4774 2462 4843 καταστήσετε
2478 4812 2494 4838 ,
2538 4771 2633 4825 καὶ
2665 4769 3060 4824 πολυπλασίονα
3099 4768 3191 4824 τὸν
3223 4767 3375 4838 παρά
3403 4766 3496 4820 τοῦ
3533 4763 3666 4817 Θεοῦ

2097 4855 2374 4928 κομιεῖσθε
2409 4853 2702 4921 στέφανον,
2729 4853 2812 4906 ὅτι
2838 4851 2927 4905 διά
2959 4851 3050 4906 τὸν
3084 4851 3179 4905 τοῦ
3220 4849 3354 4904 Θεοῦ
3387 4848 3549 4916 φόϐον
3571 4843 3668 4897 καὶ

2096 4938 2193 5010 τὴν
2222 4937 2351 5008 παρ’
2383 4933 2548 4988 αὑτοῦ
2581 4933 2817 5004 ἐντολὴν,
2845 4933 2945 5004 τῆς
2969 4933 3262 5001 σατανικῆς
3290 4928 3490 5010 ταύτης
3515 4942 3670 5010 περιέ

2096 5006 2356 5090 γεγόνατε
2407 5016 2711 5086 συνηθείας.
2781 5015 2918 5068 Ἀλλ’
2968 5017 3052 5070 ὅτι
3103 5015 3201 5085 μὲν
3259 5009 3473 5074 δέξεσθε
3531 5006 3670 5078 μετὰ

2099 5101 2404 5176 προθυμίας
2431 5099 2633 5168 ταύτην
2660 5097 2816 5170 ήμῶν
2835 5098 2933 5168 τὴν
2951 5096 3278 5168 συμϐουλήν,
3297 5093 3388 5147 καὶ
3407 5093 3487 5176 εἰς
3509 5091 3668 5176 ἔργον

2095 5173 2264 5257 αὑτὴν
2297 5183 2483 5249 ἄξετε,
2524 5181 2725 5251 σφόδρα
2760 5181 3078 5249 πέπεισμαι.
3143 5176 3313 5245 Ὁρῶν
3359 5173 3469 5244 7&9
3525 5174 3668 5257 ὑμᾶς

2101 5255 2240 5340 μετά
2267 5266 2532 5335 τοσαύτης
2558 5265 2747 5334 ἡδονῆς
2774 5261 3067 5323 ἀκούοντας
3087 5258 3194 5340 τῶν
3217 5257 3540 5340 λεγομένων,
3561 5255 3671 5340 ἀπὸ

2096 5337 2192 5406 τοῦ
2225 5349 2417 5421 κρότου
2453 5346 2546 5400 καὶ
2571 5345 2678 5398 τῶν
2700 5343 2935 5397 ἐπαίνων
2961 5339 3310 5410 στοχάζομαι,
3331 5340 3412 5392 ὅτι
3428 5338 3517 5390 καὶ
3534 5337 3666 5408 πρὸς

2096 5435 2196 5506 τὴν
2235 5420 2326 5487 διὰ
2359 5431 2467 5485 τῶν
2512 5429 2689 5501 ἔργων
2728 5424 3063 5506 κατόρθωσιν
3115 5421 3557 5506 ἐπειχθήσεσθεηΔ

2098 5503 2385 5588 ἀρκεσθεὶς
2417 5515 2526 5577 τοῖς
2554 5507 2862 5582 εἰρημένοις
2882 5506 2975 5560 ἐπὶ
2998 5504 3096 5577 τήν
3122 5504 3442 5588 ἀκολουθίαν
3465 5503 3560 5557 τοῦ
3581 5503 3670 5588 λότ

2099 5585 2198 5667 γου
2245 5594 2519 5666 ἐπανήξω.
2571 5592 2684 5647 Καὶ
2729 5590 2998 5659 ἐγένετο,
3050 5587 3246 5658 φησὶν,
3277 5585 3538 5654 ἑσπέρα,
3571 5585 3668 5639 καί

2099 5682 2276 5737 ἔλαϐε
2303 5678 2503 5735 Λὰϐαν
2536 5674 2652 5743 τὴν
2679 5674 2860 5730 Λείαν
2880 5671 2994 5741 τὴν
3019 5669 3312 5741 θυγατέρα
3338 5667 3544 5734 αὐτοῦ,
3571 5667 3670 5722 καί

2106 5762 2420 5832 εισήγαγεν
2467 5757 2661 5826 αὐτὴν
2710 5755 2860 5825 πρὸς
2903 5755 3009 5809 τόν
3059 5753 3281 5811 Ἰακώϐ.

2173 5847 2265 5916 Μὴ
2299 5844 2478 5906 ἀτελῶς
2522 5841 2658 5914 μηδέ
2689 5839 2846 5894 τοῦτο
2890 5838 3360 5909 παραδράμωμεψ
3407 5837 3520 5890 ἐστι
3567 5835 3670 5916 γὰρ

2106 5927 2198 5982 καὶ
2228 5915 2293 5982 ἐκ
2317 5925 2506 5982 τούτου
2554 5923 2722 5979 πολλὰ
2761 5921 3006 5978 συνιδεῖν·
3038 5920 3096 5975 ἓν
3127 5920 3223 5991 μὲν
3257 5919 3348 5976 τοῦ
3393 5917 3582 5974 Ἰακὼϐ
3610 5915 3669 5968 τὸ
