4150 6206
422 409 524 466 (.89

422 523 676 592 deceptus
715 520 786 576 sit
812 539 824 575 :
855 519 1166 588 secundum,
1198 519 1341 591 quod
1370 528 1515 575 tanta
1539 518 1792 575 facilitate
1818 513 1998 572 omnia

428 613 576 678 fiant,
603 622 656 666 et
676 626 933 682 nusquam
963 611 1253 680 lampades,
1283 612 1512 677 choreae,
1544 611 1790 680 facesque
1813 616 2008 678 pneter
2039 673 2066 691 θ

429 717 554 756 usus
594 702 999 757 necessitatem:
1029 702 1098 755 ita
1139 711 1196 756 nt
1237 711 1292 757 et
1329 702 1570 772 deceptio
1609 700 1789 755 Laban
1819 699 1998 753 locum

433 795 693 848 habuerit.
735 794 1030 848 Possumus
1075 802 1253 848 autem
1293 802 1348 848 et
1377 793 1462 848 hic
1496 792 1693 858 videre,
1738 786 2009 860 quomodo

435 884 608 940 Laban
655 900 844 955 magna
889 883 1169 940 affectione
1206 884 1450 940 dilexerit
1488 883 1672 939 Jacob.
1718 881 1829 936 lloc
1864 879 2011 935 enim

429 985 762 1031 commentus
802 985 902 1042 est,
931 985 990 1032 ut
1013 977 1211 1032 diutius
1255 977 1394 1048 apud
1423 991 1481 1032 se
1503 977 1707 1046 justum
1735 973 2007 1029 retineret.

423 1067 635 1122 Sciebat
656 1067 869 1137 quidem
895 1067 1036 1138 quod
1073 1068 1292 1124 alterius
1321 1083 1504 1123 amore
1543 1066 1814 1138 ﬂagraret,
1846 1075 2008 1134 atque

426 1161 472 1210 si
498 1158 607 1212 voti
643 1173 863 1228 compos
891 1159 1060 1226 fieret,
1093 1173 1200 1214 non
1220 1160 1439 1230 eligeret
1460 1157 1679 1229 posthac
1699 1157 2011 1211 servitutem

436 1259 655 1319 propter
683 1250 832 1305 Liam
859 1251 1147 1314 sustinere,
1181 1266 1280 1306 nec
1305 1250 1464 1305 vellet
1487 1265 1610 1305 cum
1635 1264 1701 1304 eo
1727 1247 1967 1302 habitare
1992 1260 2009 1298 :

429 1349 485 1394 et
511 1352 788 1411 propterea
824 1339 946 1411 quia
979 1340 1108 1394 vidit
1136 1340 1316 1394 Laban
1347 1341 1599 1395 virtutem
1625 1339 1747 1405 viri,
1776 1347 1826 1391 et
1861 1335 2011 1405 cogi~

435 1431 560 1485 tavit
587 1445 646 1485 se
675 1445 783 1484 non
819 1431 975 1486 aliter
1007 1445 1130 1485 eum
1163 1430 1380 1486 vincere
1408 1440 1461 1485 et
1488 1429 1811 1500 persuadere
1831 1441 2011 1496 posse,

429 1521 503 1575 ita
523 1537 645 1577 eum
669 1521 900 1592 decepit,
923 1531 977 1577 et
997 1521 1144 1576 dedit
1165 1522 1211 1576 ei
1239 1521 1389 1575 Liam
1418 1536 1540 1576 cum
1571 1519 1768 1588 Zelpha
1799 1517 2010 1571 ancilla.

432 1613 632 1668 Deinde
659 1628 782 1667 cum
807 1621 1120 1683 argueretur
1144 1626 1174 1665 a
1200 1612 1346 1679 justo
1375 1611 1516 1678 quod
1550 1624 1672 1663 eum
1692 1608 2011 1677 decepisset,

432 1707 709 1760 honestam
739 1705 914 1760 attulit
959 1703 1383 1758 excusationem.
1413 1703 1544 1756 Nam
1568 1711 1850 1771 postquam
1879 1700 2014 1753 dixit

425 1797 590 1852 Jacob
619 1814 634 1850 :
665 1797 756 1851 25.
788 1795 956 1861 Quare
980 1794 1105 1848 mihi
1129 1794 1223 1848 hoc
1247 1793 1450 1865 fecisti?
1475 1809 1640 1846 nonne
1673 1801 1877 1861 propter
1903 1790 2013 1844 Ra-

428 1887 540 1939 chel
569 1885 746 1939 servivi
783 1884 914 1938 tibi?
939 1894 984 1938 et
1013 1900 1169 1954 quare
1195 1883 1436 1950 decepisti
1463 1883 1583 1937 me?
1603 1882 1726 1953 quid
1756 1897 1882 1950 ergo
1911 1881 2012 1934 La-

432 1974 572 2029 ban?
611 1973 702 2028 26.
745 1972 865 2027 Non
908 1982 981 2027 est
1013 1974 1086 2026 sic
1128 1973 1182 2026 in
1213 1973 1306 2026 hoc
1356 1973 1465 2026 loco
1507 1979 1560 2026 ut
1595 1971 1814 2025 elocetur
1833 1970 2016 2040 junior

431 2067 572 2134 prius
595 2083 743 2136 guttur
770 2067 937 2137 major
963 2075 1103 2120 natu.
1125 2065 1214 2119 2⁸7.
1247 2065 1445 2134 Perﬁce
1466 2064 1622 2134 igitur
1650 2062 2014 2117 hebdomadam

429 2159 601 2221 istius,
642 2166 686 2211 et
731 2158 862 2210 dabo
905 2157 994 2210 tibi
1034 2157 1185 2210 etiam
1228 2155 1360 2207 hanc
1400 2171 1491 2224 pro
1520 2154 1709 2216 labore,
1757 2161 1802 2206 et
1841 2167 2010 2218 opere,

429 2250 564 2316 quod
590 2247 875 2317 aperubcris
916 2247 1055 2315 apud
1101 2263 1180 2301 me
1222 2246 1389 2299 adhuc
1432 2245 1580 2298 annis
1616 2253 1823 2314 septem.
1857 2242 2018 2297 Vides

434 2342 585 2396 illum
611 2355 675 2396 ea
701 2339 770 2394 de
790 2353 946 2394 causa
979 2339 1093 2394 hazc
1114 2339 1292 2393 omnia
1323 2344 1681 2392 commentum
1711 2350 1850 2390 esse.
1883 2333 2014 2389 Nam

435 2431 556 2500 quia
586 2429 717 2484 vidit
759 2443 996 2484 amorem
1031 2443 1190 2498 quem
1232 2442 1356 2496 erga
1384 2426 1614 2496 puellam
1645 2424 1895 2489 habebat,
1938 2424 2020 2477 in-

430 2522 546 2592 quit
573 2537 589 2574 :
617 2520 693 2575 Ne
719 2529 871 2590 putes
915 2519 1102 2588 injuria
1144 2527 1197 2573 te
1221 2516 1358 2572 aflici
1391 2535 1404 2570 :
1437 2515 1695 2582 Quoniam
1729 2513 1844 2568 haec
1877 2513 2016 2582 apud

433 2629 531 2668 nos
561 2612 650 2667 lex
677 2619 779 2677 est,
813 2619 867 2664 ut
889 2609 1116 2680 primum
1146 2608 1343 2677 nuptiis
1383 2606 1620 2660 tradatur
1650 2603 1821 2674 major
1850 2612 1974 2657 natu
2000 2619 2015 2658 :

434 2713 714 2774 propterea
749 2703 850 2758 hoc
881 2702 1095 2773 quidem
1131 2701 1325 2756 factum
1362 2709 1477 2765 est;
1508 2699 1736 2768 accipies
1761 2707 1940 2752 autem
1964 2704 2021 2754 et

435 2796 572 2852 hanc
598 2810 756 2866 quam
779 2809 947 2860 amas,
971 2795 1018 2848 si
1041 2793 1244 2849 similes
1268 2800 1472 2862 septem
1495 2805 1664 2845 annos
1689 2804 1787 2860 pro
1808 2805 1870 2846 ea
1899 2804 2019 2844 ser-

433 2887 620 2942 vieris.
658 2887 861 2954 Quibus
902 2885 1094 2940 auditis
1116 2886 1291 2955 justus
1329 2884 1507 2938 omnia
1550 2891 1797 2953 prompto
1840 2883 2022 2937 animo

434 2978 708 3046 suscepit:
739 2985 793 3031 et
815 2985 934 3046 post
957 2976 1056 3030 hos
1080 2976 1213 3029 alios
1234 2989 1404 3029 annos
1443 2983 1647 3042 septem
1672 2973 1771 3044 (a),
1802 2973 1896 3028 28.
1924 2972 2022 3027 De-

437 3069 534 3134 dit,
565 3068 752 3138 inquit,
785 3066 960 3120 Laban
988 3064 1182 3121 Rachel
1201 3066 1362 3135 ﬁliam
1380 3081 1529 3119 suam
1550 3066 1594 3119 ei
1617 3080 1844 3119 mrem.

509 3161 564 3214 5.
589 3158 890 3231 Polggamia
905 3159 1058 3224 olim;
1081 3173 1223 3211 :nunc
1260 3157 1615 3227 monogamia;
1638 3172 1747 3209 cur.
1771 3184 1842 3197 --
1865 3155 2025 3211 Vides

441 3253 633 3307 iterum
656 3251 865 3320 nuptias
888 3251 1000 3304 ﬁeri
1015 3265 1135 3305 eum
1158 3261 1344 3319 magna
1367 3248 1662 3303 honestate.
1682 3246 1789 3303 Sed
1805 3247 2026 3303 audiens

441 3358 568 3398 eum
587 3342 860 3412 accepisse
885 3342 1145 3411 majorem
1171 3349 1319 3406 natu,
1349 3349 1405 3395 et
1430 3348 1612 3410 postea
1639 3339 1924 3406 minorem,
1956 3355 2026 3395 ne

442 3433 670 3488 turberis
693 3448 708 3486 :
737 3448 907 3502 neque
932 3431 1222 3486 secundum
1250 3439 1446 3485 statum
1471 3431 1560 3500 qui
1580 3445 1721 3485 nunc
1741 3439 1845 3496 est,
1865 3444 2027 3500 opera

443 3539 559 3592 quae
589 3532 714 3580 tunc
741 3522 874 3580 facta
901 3530 1028 3577 sunt
1043 3521 1272 3592 iudices.
1321 3521 1472 3576 Tunc
1495 3520 1639 3575 enim
1670 3521 1795 3591 quia
1825 3521 2028 3590 princi-

447 3616 530 3685 pia
559 3625 734 3680 erant,
769 3614 1087 3683 permissum
1115 3612 1214 3667 fuit
1239 3627 1361 3667 cum
1403 3612 1609 3666 duabus
1635 3612 1717 3666 vel
1748 3611 1913 3666 tribus
1941 3609 2028 3664 vel

447 3707 686 3778 pluribus
717 3705 971 3760 uxoribus
1000 3703 1246 3767 misceri,
1287 3711 1345 3756 ut
1379 3701 1672 3756 humanum
1699 3715 1866 3769 genus
1906 3714 2032 3768 pro-

448 3807 729 3868 pagaretur
753 3814 766 3861 ;
797 3811 936 3850 nunc
962 3809 1090 3851 vero
1117 3795 1238 3865 quia
1261 3809 1355 3864 per
1375 3794 1468 3848 Dei
1491 3796 1713 3863 gratiam
1741 3792 2028 3846 humanum

447 3904 614 3961 genus
653 3887 806 3942 valde
835 3887 1243 3956 multiplicatum
1271 3893 1352 3940 est
1371 3926 1386 3950 ,
1415 3885 1584 3939 virtus
1624 3898 1835 3953 quoque
1862 3883 2033 3937 incre-

450 3989 684 4034 mentum
712 3977 937 4047 accepit.
983 3975 1289 4032 Adveniens
1317 3975 1459 4030 enim
1489 3975 1752 4037 Christus,
1782 3981 1836 4028 et
1863 3976 2033 4028 virtu-

453 4081 559 4125 tem
589 4070 640 4124 itt
673 4067 977 4123 hominibus
1005 4065 1633 4136 plantans,angelosque,
1657 4071 1716 4118 ut
1741 4064 1810 4118 ita
1835 4063 2030 4131 dicam,

449 4177 514 4215 ex
540 4161 845 4216 hominibus
874 4159 1093 4223 faciens,
1124 4171 1342 4212 onmem
1373 4157 1515 4210 illam
1543 4163 1777 4210 veterem
1807 4168 2037 4209 consue-

453 4253 686 4310 tudinem
716 4251 966 4306 abolevit.
993 4249 1156 4304 Vides
1190 4247 1460 4319 quomodo
1491 4263 1594 4301 non
1625 4254 1868 4316 oporteat
1903 4261 2036 4300 con—

452 4343 783 4397 suetudinem
817 4351 1152 4417 praetexere,
1197 4340 1291 4395 sed
1332 4338 1472 4410 quod
1508 4339 1706 4408 justum
1746 4346 1830 4394 est
1858 4338 2034 4407 inqui-

454 4436 612 4491 rere?
635 4435 774 4489 Ecce
798 4435 937 4490 enim
961 4433 1210 4502 quoniam
1234 4432 1371 4486 mala
1401 4438 1514 4486 erat
1543 4429 1656 4484 hinc
1683 4428 2032 4502 consuetudo,

452 4526 672 4593 explosa
713 4538 816 4589 est,
865 4535 1051 4580 etnon
1092 4525 1217 4580 licet
1247 4523 1339 4578 ulli
1377 4539 1493 4578 eam
1537 4529 1853 4593 praetexere.
1892 4521 2035 4576 Nus-

453 4632 612 4684 quam
645 4615 802 4684 igitur
822 4655 838 4679 ,
869 4614 1132 4679 obsecro,
1163 4612 1604 4669 consuetudinem
1633 4613 1908 4682 inquiras;
1939 4610 2036 4667 sed

454 4706 595 4778 quod
617 4705 688 4761 sit
715 4703 846 4758 utile
871 4719 1050 4773 quatre
1069 4745 1084 4770 ,
1127 4719 1232 4759 non
1259 4702 1400 4773 quod
1429 4702 1622 4758 animas
1649 4703 2032 4772 perniciosum;

455 4807 513 4854 et
533 4798 576 4852 si
608 4794 735 4866 quid
763 4802 846 4850 est
865 4793 1081 4856 bonum,
1114 4792 1320 4848 etiamsi
1350 4806 1458 4846 non
1497 4791 1564 4847 sit
1596 4791 1955 4856 consuetudo,
1985 4789 2036 4845 id

457 4889 551 4944 fiat
573 4907 602 4946 a
633 4888 785 4944 nobis
815 4884 894 4940 :si
918 4897 1043 4938 vero
1073 4880 1427 4952 perniciosum
1457 4890 1559 4949 est,
1582 4883 1790 4937 etiamsi
1811 4897 2039 4939 consue-

459 4981 586 5036 tudo
614 4981 703 5043 sit,
727 4977 990 5047 fngiamus
1018 4982 1072 5030 et
1100 4985 1430 5027 aversenmr.
1457 4971 1549 5029 29.
1574 4972 1639 5026 Et
1655 4973 1813 5037 dedit,
1845 4973 2034 5042 inquit,

464 5070 627 5126 Iacob
656 5068 928 5123 Rachelem
955 5081 1072 5119 cum
1095 5062 1248 5119 Balla
1275 5061 1482 5116 ancilla.
1528 5062 1717 5117 Vidisti
1745 5073 1940 5133 quanta
1970 5063 2040 5118 sit

461 5163 576 5218 haec
601 5159 932 5230 philosmihia
950 5157 1050 5229 (b)?
1071 5156 1207 5213 Num
1233 5168 1508 5210 servorum
1523 5155 1748 5222 greges?
1763 5171 1886 5208 num
1909 5169 2039 5226 syn-

521 5296 595 5358 (a)
629 5297 710 5345 Hic
732 5293 972 5358 memoria
986 5291 1146 5358 lapsus
1165 5288 1357 5358 videtur
1369 5285 1730 5358 Chrysoswmtts
1744 5299 1852 5358 eum
1875 5285 1941 5334 ait
1955 5291 2039 5333 La—

458 5347 634 5408 bautim
666 5357 840 5406 .Iaetdto
873 5347 1124 5403 nacbelem
1147 5351 1340 5399 dedisse
1372 5347 1480 5410 post
1515 5347 1636 5396 alios
1666 5355 1857 5410 septem
1890 5359 2042 5410 annos

458 5406 720 5468 servitutis.
760 5425 871 5466 Nam
908 5429 958 5463 tn
991 5414 1224 5462 Hehraico
1259 5406 1395 5459 textu
1440 5417 1493 5459 et
1525 5410 1574 5457 in
1611 5406 1827 5468 Vulgata,
1866 5407 2044 5469 quibus

459 5483 604 5530 etiam
627 5484 890 5529 ctmsonant
898 5483 1008 5524 Lxx
1025 5477 1338 5534 Interpretes.
1356 5471 1549 5534 ductam
1573 5471 1623 5518 in
1645 5481 1849 5534 nitorem
1861 5468 2042 5517 haebe—

461 5529 558 5591 lem
581 5554 691 5592 esse
713 5541 888 5590 dicitur
919 5546 1036 5586 ante
1071 5529 1179 5583 illos
1201 5540 1395 5594 septem
1429 5532 1551 5582 alios
1575 5529 1834 5594 servitutis
1854 5540 2006 5578 annos
2024 5567 2038 5588 ,

461 5610 520 5673 et.
534 5604 808 5666 conjugium
824 5600 1034 5661 septimo
1056 5602 1163 5660 post
1184 5593 1375 5643 ductam
1407 5594 1534 5642 Liam
1556 5593 1638 5642 die
1659 5597 2040 5640 consummatum

459 5661 920 5785 ᾗηΰῑλινιιὶιοεοριιίίι
951 5720 1028 5769 hic
1059 5719 1423 5785 accipitur-_pro.
1442 5714 1751 5785 simplicitate
1776 5725 1963 5785 morum
1985 5717 2042 5785 et

458 5772 545 5846 pro
568 5772 846 5847 t‘mgalitat'e
863 5819 877 5844 ,
903 5790 955 5832 ut
975 5793 1110 5844 saepe
1148 5772 1263 5830 alias
1285 5772 1408 5842 apud
1430 5772 1812 5842 Chrjsostomutn
1837 5783 1890 5826 et.
1910 5772 2039 5838 apud

459 5863 482 5894 ν
491 5853 661 5898 ειειέἃ

1523 406 1588 463 ιΝ
1629 405 1778 461 CAP.
1824 394 2014 454 XXIX.
2046 389 2286 450 GENES.
2334 391 2566 450 llOlllL.
2609 389 2738 451 LVI.

3598 394 3704 453 £90

2113 511 2357 584 grapha?
2392 521 2444 567 et
2473 521 2623 582 pacta
2646 555 2661 580 ,
2690 521 2849 582 atque
2888 511 3222 568 conditiones
3271 512 3375 568 illa:
3419 514 3653 571 ridicula:
3681 537 3696 572 :

2077 677 2079 679 _
2116 607 2179 664 Si
2196 609 2289 662 hoc
2317 595 2488 676 fuerit,
2508 607 2552 660 si
2570 606 2665 660 hoc
2685 607 2901 660 evenerit
2918 605 2944 660 .9
2959 606 3024 660 Et
3041 607 3341 676 priusquam
3360 608 3698 671 conveniant,

2120 699 2419 754 nescientes
2449 714 2515 752 an
2549 713 2715 768 usque
2739 697 2802 752 ad
2832 712 3108 766 vesperam
3142 708 3410 758 maneant.
3435 716 3553 768 qua:
3582 710 3701 770 post

2119 790 2284 844 multa
2313 798 2550 858 tempora
2593 799 2812 843 ventura
2861 798 2986 842 sunt
3013 829 3030 855 ,
3081 789 3131 843 in
3161 790 3330 844 literis
3373 792 3482 845 suis
3521 795 3699 848 consi-

2117 890 2281 952 gnant
2311 900 2323 936 :
2367 882 2429 936 Si
2454 882 2621 937 liberis
2649 899 2853 948 carens,
2892 883 3058 952 inquit
3078 924 3092 944 ,
3135 883 3402 953 defunctus
3437 883 3588 951 fuerit
3616 900 3636 940 :
3658 887 3704 940 sl

2120 973 2256 1042 ﬁlios
2277 973 2525 1039 lmbuerit,
2558 982 2610 1028 et
2638 989 2984 1043 qtnecumqne
3016 973 3156 1027 talia.
3203 979 3268 1028 At
3298 974 3381 1027 hic
3413 974 3542 1029 nihil
3574 977 3700 1042 tale,

2121 1063 2216 1118 Sed
2242 1079 2359 1117 enin
2390 1065 2598 1133 utrique
2625 1078 2774 1118 suam
2805 1063 3050 1119 ancillam
3073 1063 3328 1129 dedisset,
3359 1065 3493 1119 tilias
3523 1067 3702 1121 eloca-

2118 1156 2190 1211 vit
2220 1165 2388 1227 pater.
2443 1156 2532 1210 50.
2583 1155 2772 1210 Dilein
2809 1165 2978 1209 autem
3005 1198 3018 1220 ,
3055 1156 3258 1224 inquit,
3313 1155 3501 1210 Rachel
3545 1158 3705 1226 magis

2119 1264 2272 1317 quam
2319 1245 2464 1300 Liam
2509 1262 2528 1299 :
2557 1258 2604 1300 et
2647 1247 2846 1300 servivit
2889 1247 2935 1300 ei
2961 1257 3148 1316 septem
3191 1249 3339 1302 annis
3383 1249 3518 1302 aliis.
3568 1248 3739 1316 Quia.

2120 1341 2262 1392 enim
2311 1338 2380 1390 ab
2423 1337 2573 1390 initio
2605 1336 2871 1390 adamavit
2902 1337 3126 1404 puellam
3169 1346 3384 1406 propter
3427 1348 3700 1393 venustam

2121 1429 2372 1494 formam,
2399 1435 2453 1480 et
2473 1427 2556 1480 vix
2579 1442 2695 1481 eam
2719 1437 3076 1497 consequutus
3102 1436 3183 1482 est
3207 1445 3219 1481 :
3254 1429 3374 1484 ideo
3400 1445 3515 1483 eam
3537 1430 3704 1500 magis

2121 1518 2306 1573 dilexit
2354 1532 2509 1588 quam
2562 1517 2730 1571 Liam.
2784 1518 2991 1572 Etenim
3041 1518 3179 1572 illius
3229 1533 3476 1574 venns:as
3521 1521 3706 1575 allexit

2123 1624 2243 1663 eum
2290 1608 2355 1663 ad
2403 1625 2519 1662 eam
2563 1608 2864 1662 amandum.
2901 1608 3094 1662 Verum
3122 1610 3205 1663 hic
3229 1610 3419 1663 iterum
3450 1610 3568 1665 vide
3599 1611 3704 1665 Do-

2125 1701 2251 1754 mini
2279 1699 2594 1754 ineffabilem
2630 1700 3045 1754 misericordiam
3069 1743 3084 1768 ,
3120 1710 3174 1755 et
3203 1701 3469 1771 quomodo
3495 1719 3612 1772 qua:
3637 1704 3706 1758 ab

2121 1791 2236 1860 ipso
2285 1792 2492 1845 fuerant
2535 1790 2794 1859 promissa
2847 1793 3096 1860 paulatim
3128 1793 3412 1862 compleat.
3459 1794 3588 1848 Nam
3616 1795 3706 1865 qni

2122 1881 2255 1936 dixit
2285 1881 2443 1936 :‘Ero
2471 1892 2654 1946 tecum,
2683 1883 2965 1937 custodiens
2991 1893 3036 1937 te
3065 1884 3113 1937 in
3137 1887 3274 1938 omni
3299 1887 3378 1938 via
3405 1903 3505 1956 qua
3531 1887 3707 1940 ambu-

2123 1973 2304 2026 laveris
2332 1981 2448 2040 :et,
2479 1973 2682 2044 Augebo
2719 1983 2764 2028 et
2807 1974 3152 2045 multiplicabo
3183 1985 3230 2028 te
3271 1974 3419 2046 (Gen.
3451 1976 3542 2031 28.
3576 1975 3704 2048 15):

2125 2065 2240 2134 ipse
2260 2065 2420 2120 etiam
2443 2082 2583 2120 nunc
2613 2066 2790 2120 omnia
2821 2065 3109 2136 dispensat.
3144 2067 3212 2120 Et
3235 2077 3287 2120 nt
3316 2067 3366 2120 id
3396 2067 3555 2133 scias,
3585 2068 3708 2122 audi

2125 2157 2292 2224 ipsam
2341 2155 2573 2210 divinam
2599 2156 2924 2224 Scripturam
2954 2158 3055 2211 hoc
3098 2157 3376 2212 manifeste
3419 2157 3706 2212 dicentem.

2126 2248 2216 2302 '51.
2250 2246 2316 2302 Ut
2343 2248 2468 2301 vidit
2489 2257 2654 2301 autem
2681 2247 2930 2302 Dominus
2962 2248 3115 2309 Deus,
3146 2248 3282 2314 quod
3306 2250 3422 2302 odio
3444 2249 3712 2304 haberetur

2124 2331 2241 2398 Lia,
2272 2333 2470 2400 aperuit
2499 2331 2694 2386 vulvam
2725 2333 2836 2402 ejus
2865 2347 2884 2386 :
2923 2331 3116 2386 Rachel
3159 2343 3326 2385 autem
3363 2343 3470 2386 erat
3500 2335 3710 2388 sterilis.

2123 2425 2214 2481 52.
2256 2424 2324 2479 Et
2350 2427 2578 2496 concepit
2622 2425 2754 2493 Lia,
2801 2437 2847 2480 et
2893 2427 3083 2496 peperit
3127 2426 3287 2494 ﬁlium
3314 2425 3527 2481 Iacobo.
3576 2427 3712 2483 Vide

2123 2516 2374 2570 solertem
2425 2516 2516 2572 Dei
2562 2518 2896 2585 sapientiam.
2943 2517 3202 2584 Quoniam
3241 2517 3328 2572 illa
3354 2520 3565 2588 quidem
3599 2521 3712 2589 pul-

2124 2606 2426 2662 chritudine
2451 2622 2546 2660 sua
2572 2607 2881 2662 conciliarat
2909 2608 3007 2662 sibi
3035 2609 3257 2677 gratiam
3287 2610 3408 2677 viri,
3447 2609 3562 2665 haec
3586 2627 3714 2666 vero

2125 2697 2344 2753 minime
2386 2696 2617 2753 formosa
2649 2697 2772 2753 odio
2800 2697 2981 2752 haberi
3003 2698 3110 2752 visa
3142 2707 3224 2754 est
3251 2717 3264 2753 :
3297 2700 3431 2754 hanc
3464 2702 3710 2756 idoneam

2126 2789 2250 2845 facit
2271 2791 2443 2861 partui
2465 2831 2480 2856 ,
2522 2791 2664 2845 illam
2693 2805 2820 2845 vero
2849 2790 3087 2845 inutilem
3113 2807 3128 2857 ;
3170 2792 3282 2847 haec
3309 2793 3468 2847 ambo
3496 2808 3590 2848 sua
3617 2795 3718 2849 nti-

2127 2880 2419 2937 sericordia
2448 2881 2765 2951 dispensans
2789 2892 2915 2936 utet
2937 2881 3054 2936 haec
3078 2897 3170 2950 per
3195 2883 3393 2938 liberos
3423 2885 3512 2954 qui
3543 2901 3609 2940 ex
3652 2901 3714 2940 ea

2130 2974 2484 3028 nascebantur
2518 2974 2764 3029 solatium
2802 2974 3052 3039 haberet,
3081 2975 3132 3029 in
3163 2975 3243 3030 sui
3273 2990 3510 3030 amorem
3540 2977 3713 3031 virum

2129 3066 2402 3130 alliciens;
2432 3073 2486 3120 et
2514 3064 2602 3120 illa
2629 3081 2698 3121 ne
2723 3074 2939 3136 propter
2964 3065 3407 3136 pulchritudinem
3436 3077 3490 3122 et
3520 3068 3718 3123 formo-

2132 3159 2344 3214 sitatem
2388 3157 2643 3213 adversus
2691 3174 2931 3214 sororem
2983 3158 3299 3230 insurgeret.
3355 3158 3421 3213 Et
3468 3163 3718 3231 aperuit,

2132 3250 2335 3320 inquit,
2383 3250 2582 3304 vulvam
2619 3250 2750 3318 ejus.
2793 3249 2948 3305 Disce
2982 3248 3090 3315 hic,
3120 3249 3345 3317 dilecte,
3374 3251 3718 3307 Conditorem

2133 3343 2374 3398 omnium
2404 3343 2582 3396 omnia
2620 3341 2884 3396 moderari
2912 3356 2974 3396 ac
3012 3341 3356 3412 dispensare,
3395 3351 3446 3398 et
3479 3353 3718 3398 naturam

2135 3433 2303 3503 ipsam
2328 3433 2394 3488 ad
2422 3441 2627 3504 partum
2651 3433 2904 3499 excitare,
2929 3433 3232 3506 nullamque
3263 3451 3383 3490 esse
3407 3437 3719 3492 concubitus

2135 3527 2436 3593 utilitatem,
2468 3527 2512 3582 si
2539 3527 2674 3582 absit
2701 3527 2877 3582 divina
2907 3529 3233 3598 cooperatio.
3269 3529 3553 3599 Propterea
3576 3531 3718 3584 enim

2136 3617 2290 3683 dixit,
2322 3618 2531 3688 Aperuit
2559 3619 2757 3673 vulvam
2784 3619 2913 3689 ejus,
2941 3629 3000 3673 ut
3020 3621 3253 3674 sciamus
3282 3621 3513 3675 voluisse
3537 3621 3720 3674 Domi-

2137 3724 2265 3762 num
2295 3707 2442 3761 Liam
2471 3708 2816 3776 procreandis
2865 3708 3048 3763 liberis
3075 3719 3253 3779 aptam
3305 3710 3440 3772 ﬁeri,
3474 3725 3578 3778 quo
3605 3709 3721 3778 ejus

2139 3812 2339 3852 maeror
2370 3797 2646 3851 leniretur.
2691 3797 2810 3866 Ipse
2853 3797 2993 3850 enim
3025 3807 3104 3850 est
3130 3799 3218 3866 qni
3268 3799 3318 3850 in
3344 3798 3496 3850 vulva
3529 3797 3723 3866 figurat

2139 3899 2191 3944 et
2218 3889 2420 3943 animat
2447 3886 2609 3943 foetus
2635 3929 2650 3954 ,
2693 3889 2829 3942 sicut
2856 3897 2910 3942 et
2939 3888 3100 3942 David
3131 3889 3257 3943 dicit
3287 3907 3300 3941 :
3345 3890 3622 3960 Suscepisti
3645 3909 3724 3946 me

2139 3981 2204 4036 de
2231 3989 2370 4034 utero
2391 3980 2567 4034 matris
2596 3995 2720 4034 mete
2740 3978 2910 4049 (Psal.
2943 3979 3066 4034 158.
3096 3981 3202 4050 15).
3229 3981 3296 4035 Ει
3320 3981 3437 4036 vide
3453 3983 3724 4052 quomodo

2141 4079 2400 4126 monstrat
2441 4070 2592 4126 nobis
2621 4071 2797 4126 divina
2833 4069 3107 4140 Scriptura
3145 4081 3348 4126 natura:
3376 4072 3721 4129 Conditorem

2142 4171 2364 4232 utraque
2398 4176 2493 4217 sua
2524 4162 2719 4216 virtute
2744 4161 3103 4226 efficientem;
3138 4178 3326 4231 nempe
3357 4164 3574 4218 alterius
3605 4167 3724 4220 vni-

2140 4270 2258 4307 vam
2297 4252 2539 4307 idoneam
2581 4252 2928 4320 reddentem,
2963 4253 3210 4308 Rachelis
3253 4264 3427 4309 autem
3460 4260 3726 4312 constrin-

2141 4353 2373 4414 guntem.
2415 4344 2687 4415 Siquidem
2716 4354 2921 4400 natura:
2962 4346 3214 4400 Dominus
3241 4363 3360 4402 cum
3398 4348 3496 4414 sit,
3547 4352 3724 4406 omnia

2145 4436 2296 4490 facile
2324 4445 2593 4505 operatur.
2639 4436 2705 4490 Et
2745 4437 2992 4505 concepit,
3028 4438 3236 4508 inquit,
3289 4438 3404 4504 Lia,
3451 4449 3498 4492 et
3536 4443 3725 4508 peperit

2145 4529 2306 4596 [ilium
2328 4527 2560 4595 Iacobo;
2591 4530 2880 4598 vocavitque
2906 4545 3086 4584 nomen
3118 4531 3228 4599 eius
3258 4529 3435 4584 Ruben
3455 4573 3469 4594 ,
3504 4533 3674 4585 dicens
3708 4549 3728 4586 :

2149 4622 2279 4690 Quia
2307 4622 2429 4674 vidit
2460 4621 2708 4676 Dominus
2733 4622 2976 4676 vilitatem
3010 4640 3194 4689 meam,
3244 4639 3378 4677 nunc
3423 4623 3599 4694 diliget
3648 4640 3728 4676 me

2142 4717 2217 4770 vir
2250 4733 2408 4770 meus.
2460 4714 2588 4770 Vide
2612 4730 2769 4785 quam
2810 4722 2960 4784 grata
3007 4714 3199 4768 mulier
3238 4714 3367 4770 dicit
3411 4732 3425 4769 :
3472 4715 3729 4770 Dominus

2142 4809 2252 4864 visa
2302 4807 2598 4862 humilitate
2641 4821 2758 4861 mea
2804 4805 3025 4875 prtebuit
3057 4805 3185 4859 milti
3215 4818 3463 4876 partum,
3512 4813 3730 4873 pr0pter

2142 4917 2299 4972 quem
2330 4898 2537 4968 diligor.
2569 4897 2636 4951 Et
2661 4905 2841 4966 specta
2886 4897 2971 4951 hic
3000 4899 3188 4952 iterum
3214 4939 3229 4961 ,
3275 4895 3542 4966 quomodo
3589 4894 3728 4949 Deus

2146 4983 2452 5048 muneribus
2505 4999 2712 5042 certare
2762 4987 3032 5042 contendit
3078 5003 3198 5042 cum
3229 5002 3328 5050 eo,
3374 4993 3427 5039 et
3470 4984 3726 5038 beneficia

2143 5082 2461 5145 accumulat,
2487 5078 2642 5134 simul
2671 5089 2720 5133 et
2739 5079 2866 5148 justi
2894 5093 3075 5133 semen
3104 5077 3306 5148 augeri,
3331 5087 3381 5130 ct
3407 5075 3541 5129 hanc
3561 5075 3730 5144 magis

2144 5173 2344 5230 Jacobo
2361 5169 2644 5226 amabilem
2671 5167 2820 5224 reddi
2839 5169 3040 5223 volens.
3060 5167 3149 5222 53.
3181 5167 3251 5232 Et
3267 5167 3510 5236 concepit,
3538 5165 3730 5236 inquit,

2145 5269 2344 5331 iterum,
2394 5273 2440 5316 et
2485 5261 2676 5332 peperit
2720 5259 2883 5328 [ilium
2910 5257 3189 5313 secundum
3214 5256 3407 5309 Jacobo
3428 5298 3443 5320 ,
3482 5267 3526 5308 et
3553 5256 3678 5308 dixit
3709 5268 3734 5311 :

2145 5357 2349 5414 Audiuit
2396 5341 2643 5409 Dominus
2682 5353 2816 5423 quod
2845 5351 2962 5404 odio
2990 5349 3175 5402 habeor
3198 5390 3213 5415 ,
3255 5359 3300 5402 et
3340 5349 3574 5418 apposuit
3603 5348 3726 5401 mihi

2146 5449 2382 5512 ethunc;
2410 5456 2454 5501 et
2479 5443 2676 5500 vocavit
2713 5458 2891 5496 nomen
2911 5441 3022 5513 ejus
3067 5438 3310 5512 Symeon.
3342 5439 3570 5494 Attende
3591 5454 3729 5509 quo-

2148 5541 2307 5597 modo
2339 5555 2433 5609 per
2461 5535 2700 5607 singulos
2729 5546 2923 5605 pueros
2949 5532 3149 5603 gratias
3175 5532 3282 5602 agit
3308 5530 3554 5596 Domino,
3579 5539 3635 5586 et
3661 5529 3744 5588 ob

2151 5631 2408 5688 beneficia
2458 5637 2664 5699 gratum
2701 5625 2938 5681 animum
2988 5624 3252 5680 declarat;
3275 5622 3498 5690 Audiuit,
3544 5627 3739 5690 enim,

2149 5726 2351 5796 inquit,
2398 5723 2665 5787 Dominus,
2693 5719 2828 5792 quod
2867 5719 2985 5774 odio
3028 5717 3231 5785 habeor,
3271 5725 3318 5772 et
3343 5716 3578 5787 apposuit
3609 5716 3747 5772 mihi

2148 5822 2304 5876 etiam
2327 5818 2460 5872 hunc
2487 5831 2506 5872 :
2533 5822 2815 5885 propterea
2843 5809 3047 5868 Vocavit
3075 5826 3252 5866 nomen
3280 5810 3388 5880 ejus
3417 5807 3659 5880 ngeon.
