4142 6206
624 371 724 427 491

695 488 748 541 ι.
784 483 968 540 Vidisti
995 485 1263 556 quomodo
1287 499 1391 540 non
1416 486 1753 556 simpliciter,
1786 500 1956 556 neque
2000 495 2199 540 temere

627 578 835 630 nomina
850 576 986 631 natis
1001 576 1280 632 indiderit?
1297 577 1658 632 Voeavitenim
1675 593 1794 632 eum
1811 577 2062 648 Symron,
2078 589 2202 644 quo-

625 666 764 719 niam
803 665 1002 720 audivit
1037 666 1288 720 Dominus
1314 665 1410 737 (a).
1448 666 1609 722 Nobis
1644 666 1902 735 siquidem
1943 664 2199 718 llehraico

625 756 875 810 idiomate
907 771 999 824 per
1024 755 1125 810 hoc
1168 772 1359 811 nomen
1401 757 1658 826 signatur,
1701 755 1841 825 quod
1883 753 2061 808 audita
2107 752 2195 806 sit.

624 845 714 899 51.
743 842 807 896 Et
835 845 1062 913 concepit
1103 846 1317 910 iterum,
1369 855 1415 898 et
1456 845 1648 914 peperit
1691 845 1894 913 ﬁliam,
1936 851 1982 896 et
2028 841 2198 895 dixit:

629 933 780 988 Nunc
808 936 1043 1006 temporis
1066 937 1206 1005 apud
1225 953 1302 990 me
1341 937 1432 989 erit
1471 937 1545 989 vir
1577 952 1753 1001 meus;
1795 935 1968 1004 peperi
1994 935 2126 988 enim
2151 933 2198 987 ei

625 1036 721 1078 tres
747 1027 882 1093 ﬁlios
904 1043 924 1081 :
948 1036 1149 1099 propter
1177 1032 1270 1081 hoc
1290 1029 1478 1081 vocavit
1509 1044 1686 1081 nomen
1708 1028 1848 1082 illius
1872 1025 2011 1080 Levi.
2041 1025 2199 1081 Vide-

625 1129 710 1172 tur
736 1118 864 1172 mihi
907 1119 993 1173 hic
1019 1118 1320 1189 signiﬁcari,
1351 1134 1467 1174 eam
1490 1119 1627 1174 natis
1657 1118 1864 1173 duobus
1906 1118 2028 1172 filiis
2065 1131 2198 1172 non-

623 1212 749 1266 dum
781 1212 1009 1281 potuisse
1036 1213 1251 1266 allicere
1278 1213 1478 1278 virum,
1505 1212 1593 1280 qui
1627 1211 1798 1265 adhuc
1831 1212 1882 1265 in
1911 1209 2198 1264 Rachelem

627 1304 938 1373 propensior
956 1311 1070 1357 erat
1097 1319 1112 1356 :
1146 1303 1266 1356 ideo
1289 1302 1456 1368 dicit,
1492 1301 1644 1354 Nunc
1679 1301 1916 1370 temporis
1949 1301 2085 1368 apud
2121 1315 2201 1352 me

623 1395 714 1446 erit
744 1394 819 1446 vir
849 1409 1008 1448 meus.
1056 1393 1320 1448 Fortassis
1362 1395 1602 1448 accessio
1645 1391 1786 1445 tertii
1817 1391 1987 1444 virum
2025 1404 2201 1442 meum

626 1482 810 1537 reddet
853 1483 1208 1547 benevolum,
1264 1492 1319 1538 ct
1372 1484 1562 1537 melius
1582 1483 1712 1537 milii
1755 1481 2017 1536 aﬂ‘eetum.
2066 1479 2203 1534 Ecce

621 1573 761 1626 enim
803 1583 910 1627 tres
942 1571 1076 1626 ﬁlios
1105 1573 1152 1627 ei
1194 1573 1394 1643 peperi.
1440 1573 1530 1627 55.
1565 1571 1632 1626 Et
1661 1573 1884 1642 concepit
1926 1571 2092 1624 adhuc
2131 1571 2193 1638 ﬁ-

625 1663 778 1727 lium,
809 1679 869 1716 ac
895 1663 1104 1733 peperit,
1129 1673 1174 1716 et
1201 1664 1328 1716 dixit
1355 1678 1374 1716 :
1400 1661 1553 1716 Nunc
1577 1663 1742 1716 adhuc
1773 1663 1908 1716 istud
1932 1659 2202 1730 conﬁtebor

627 1753 841 1806 Domino
867 1769 887 1807 :
919 1763 1181 1822 prapterea
1226 1755 1414 1806 vocavit
1455 1768 1634 1804 nomen
1671 1753 1783 1820 ejus
1817 1751 2030 1803 ludam.
2062 1749 2198 1815 Quid

621 1855 721 1907 est,
755 1844 902 1897 Istud
928 1843 1200 1910 conﬁtebor
1223 1843 1438 1895 Domino
1456 1843 1482 1895 ?
1510 1840 1796 1909 Conﬁtcbor
1823 1839 1908 1894 hic
1939 1841 2075 1893 idem
2117 1847 2198 1892 est

622 1953 706 1998 ac.
728 1936 936 1992 Gratias
959 1950 1132 2005 agam,
1157 1945 1211 1990 et
1233 1934 1543 2006 gloriﬁcabo
1562 1950 1707 2000 eum,
1735 1935 1856 2004 quia
1879 1944 1932 1988 et
1953 1943 2196 2004 quartum

623 2029 749 2082 mihi
777 2027 969 2098 adjecit
999 2027 1188 2090 ﬁlium,
1210 2036 1265 2081 et
1287 2035 1484 2080 tantam
1517 2024 1644 2080 mihi
1671 2024 2047 2079 abundantiam
2072 2039 2202 2078 cou-

621 2120 780 2174 cessit
811 2138 825 2175 :
856 2129 911 2174 et
938 2133 1057 2190 qum
1085 2117 1155 2172 ob
1179 2117 1419 2187 corporis
1446 2116 1836 2172 deformitatem
1864 2115 1932 2170 de
1955 2116 2050 2168 viri
2076 2129 2199 2183 erga

624 2228 708 2267 me
747 2209 1116 2266 benevolentia
1149 2209 1505 2280 periclitatum
1545 2223 1724 2273 eram,
1774 2221 1913 2261 nunc
1953 2221 2200 2275 procrea-

625 2307 768 2361 tione
809 2304 1032 2360 ﬁliorum
1053 2320 1083 2355 a
1129 2303 1236 2357 Deo
1267 2299 1394 2356 mihi
1425 2300 1578 2366 data,
1624 2308 1679 2355 et
1703 2298 1949 2353 mmroris
1977 2312 2202 2351 excessu

622 2396 866 2452 discusso
889 2436 905 2460 ,
949 2407 1066 2458 me,
1097 2408 1215 2460 qua:
1250 2391 1321 2446 ob
1345 2391 1738 2447 deformitatem
1777 2387 1902 2442 odio
1950 2387 2201 2453 habebar,

621 2487 925 2541 consolatus
945 2491 1046 2544 est,
1071 2482 1356 2550 odiumque
1377 2480 1644 2534 transtulit
1665 2480 1716 2531 in
1738 2492 1978 2531 sororem
2006 2493 2201 2530 meam.

625 2575 694 2630 Ut
726 2574 913 2642 peperit
933 2582 1099 2624 autem
1135 2570 1327 2621 Judam
1352 2608 1367 2631 ,
1422 2569 1628 2636 inquit,
1669 2566 1877 2618 cessavit
1920 2581 2116 2634 parere.
2149 2566 2198 2618 l.

621 2663 745 2719 Cum
771 2672 938 2714 autent
966 2660 1165 2711 vidisset
1191 2657 1384 2710 Rachel
1408 2657 1524 2726 quia
1546 2672 1644 2708 non
1671 2655 1943 2724 peperisset
1972 2653 2164 2709 Iacobo
2182 2696 2198 2722 ,

621 2754 856 2808 mutilata
881 2759 951 2804 est
985 2748 1128 2802 Liam
1162 2764 1384 2802 sororem
1410 2763 1553 2801 suam
1574 2787 1588 2812 ,
1631 2756 1677 2799 et
1699 2747 1825 2800 dixit
1861 2747 2052 2801 Jacobo
2072 2789 2087 2814 ,
2119 2747 2200 2802 Da

621 2843 744 2897 mihi
774 2841 908 2912 ﬁlios
927 2858 945 2895 :
976 2840 1054 2893 sin
1082 2841 1268 2905 minus,
1303 2839 1490 2892 moriar
1514 2855 1606 2908 ego
1644 2836 1796 2909 (Cap.
1824 2839 1935 2909 50).
1962 2838 2198 2895 Incensi-

621 2935 803 2989 derata
829 2941 882 2989 et
909 2931 1182 2986 muliebris
1209 2939 1289 2986 est
1327 2929 1440 2984 lucc
1467 2930 1650 3000 petitio
1679 2930 1974 3001 animmque
2001 2933 2203 3005 zeloty-

620 3027 706 3097 pia
739 3026 1076 3095 impugnatie,
1108 3021 1189 3076 Da
1211 3021 1333 3074 mihi
1358 3021 1510 3084 ﬁlios.
1539 3021 1654 3076 Non
1685 3022 1900 3086 audisti,
1933 3022 2071 3092 quod
2096 3040 2200 3078 non

621 3117 719 3170 viri
764 3114 1076 3169 concubitus
1117 3112 1194 3166 illi
1239 3121 1448 3182 partum
1475 3111 1778 3180 praebuerit,
1821 3113 1915 3167 sed
1951 3113 2202 3169 Dominus

622 3209 761 3262 Deus
785 3223 801 3261 :
827 3206 915 3276 qui
940 3203 1006 3259 Ut
1035 3204 1156 3257 vidit
1175 3243 1190 3268 ,
1222 3201 1421 3273 inquit,
1451 3203 1584 3275 quod
1611 3203 1727 3256 odio
1759 3203 2041 3268 haberetur,
2081 3220 2203 3272 ape-

621 3300 721 3354 ruit
767 3299 964 3351 vulvam
993 3296 1148 3368 ejus?
1185 3296 1361 3363 Quare
1407 3309 1438 3348 a
1487 3294 1599 3348 viro
1629 3294 1764 3363 petis
1790 3308 1852 3348 ea
1877 3310 1994 3362 quae
2041 3309 2200 3363 supra

621 3401 864 3446 naturam
894 3397 1039 3454 sunt,
1068 3397 1122 3442 et
1150 3387 1336 3441 relicto
1375 3394 1575 3439 naturie
1626 3384 1849 3438 Domino
1897 3384 2066 3437 virum
2109 3399 2200 3438 ar-

620 3481 739 3552 guis
767 3519 783 3547 ,
811 3478 899 3548 qui
919 3477 986 3533 ad
1021 3479 1121 3532 hoc
1146 3476 1278 3530 nihil
1316 3475 1558 3530 conferre
1585 3473 1673 3527 tibi
1707 3474 1936 3542 poterit?
1969 3472 2047 3526 Da
2079 3474 2202 3527 mihi

621 3575 778 3645 ﬁlios:
810 3574 888 3628 sin
915 3573 1102 3636 minus,
1127 3570 1314 3623 moriar
1340 3584 1451 3638 ego.
1478 3566 1648 3622 Grave
1674 3565 1870 3620 malum
1893 3574 1976 3620 est
2002 3565 2202 3637 zeloty-

621 3667 730 3738 pia,
760 3675 815 3720 et
842 3663 1039 3720 desinit
1068 3662 1120 3716 in
1147 3661 1506 3731 insipientiam
1537 3675 1550 3712 :
1581 3659 1631 3712 id
1665 3657 1807 3726 quod
1843 3669 1896 3711 et
1930 3657 2049 3711 huic
2075 3673 2201 3712 eve-

621 3760 715 3815 nit.
748 3757 943 3814 Videns
963 3756 1104 3812 enim
1124 3756 1346 3811 chorum
1378 3754 1606 3807 liliorum
1635 3767 1738 3806 sor.
1761 3751 1856 3817 ris,
1887 3761 1942 3807 et
1962 3752 2199 3822 cogitans

619 3867 772 3907 suam
815 3849 1158 3905 solitudinem
1180 3890 1196 3914 ,
1247 3862 1351 3902 non
1381 3847 1581 3902 ferebat
1621 3845 1757 3901 hanc
1782 3845 2155 3900 contumeliam
2181 3884 2198 3913 ,

620 3959 793 4014 neque
818 3941 1094 3996 continere
1121 3948 1331 4011 poterat
1357 3938 1734 4009 cogitationem
1759 3951 1877 4007 quae
1921 3952 1980 3990 se
2020 3936 2200 3990 turba-

619 4036 740 4098 bat,
771 4034 865 4088 sed
905 4033 990 4086 illa
1018 4032 1334 4102 insipientia:
1373 4031 1525 4099 plena
1557 4030 1713 4084 verba
1740 4029 2090 4100 loquebatur:
2123 4029 2201 4082 Da

618 4125 744 4177 mihi
771 4123 905 4190 ﬁlios
935 4138 953 4175 :
979 4124 1057 4175 sin
1085 4122 1270 4184 minus,
1295 4120 1482 4172 moriar
1508 4135 1620 4188 ego.
1657 4120 1917 4174 Fortassis
1945 4119 2073 4174 vidit
2098 4119 2200 4174 viri

619 4229 744 4284 erga
773 4213 917 4266 illam
943 4225 1178 4266 amorem
1205 4250 1219 4275 ,
1267 4219 1319 4263 et
1343 4209 1560 4278 putabat
1586 4225 1647 4264 ea
1670 4209 1737 4263 de
1766 4225 1922 4264 causa
1953 4211 2093 4265 illam
2125 4219 2202 4265 tot

624 4306 763 4361 ﬁlios
787 4303 1054 4370 habuisse,
1085 4310 1139 4357 et
1166 4316 1225 4357 se
1265 4300 1499 4356 nondum
1520 4301 1790 4370 peperisse
1823 4319 1836 4354 :
1872 4303 2010 4358 unde
2031 4303 2196 4371 dicit,

622 4395 704 4448 Da
733 4395 856 4446 mihi
883 4394 1037 4463 ﬁlios.
1088 4391 1286 4446 Deinde
1316 4400 1512 4456 terrere
1557 4390 1740 4445 volens
1765 4391 1958 4458 virum,
1979 4393 2154 4447 subdit
2181 4410 2195 4448 :

623 4485 773 4548 Quod
797 4485 840 4536 si
867 4485 1029 4536 minus
1053 4524 1068 4546 ,
1119 4482 1307 4534 moriar
1329 4497 1437 4551 ego.
1485 4480 1620 4548 Quid
1647 4481 1804 4551 igitur
1830 4485 1946 4551 pius
1975 4493 2030 4538 ct
2072 4485 2197 4538 reli-

618 4573 796 4643 giosus
822 4572 1027 4626 Jacob?
1055 4573 1108 4625 2.
1142 4571 1438 4626 Succensuit
1458 4612 1472 4634 ,
1500 4570 1687 4639 inquit,
1717 4571 1786 4623 ad
1813 4572 1959 4627 verba
1987 4574 2123 4635 lucc,
2151 4585 2198 4630 et

619 4664 745 4718 dixit
774 4663 820 4715 ei
845 4678 865 4716 :
894 4661 1157 4732 Numquid
1179 4678 1270 4730 pro
1298 4661 1405 4715 Deo
1425 4678 1514 4732 ego
1535 4677 1644 4714 sum
1669 4702 1682 4728 ,
1710 4662 1797 4730 qui
1820 4662 1990 4730 fructu
2015 4666 2198 4721 ventris

619 4764 665 4808 te
686 4752 936 4825 privavit?
955 4752 1128 4819 Quare
1149 4751 1404 4806 derelicto
1428 4760 1629 4804 naturae
1657 4750 1880 4806 Domino
1902 4755 2194 4822 reprelien-

617 4849 821 4902 sionem
866 4844 993 4898 mihi
1039 4842 1281 4898 inducis?
1312 4843 1403 4898 Ille
1439 4852 1522 4899 est
1562 4843 1650 4913 qui
1679 4844 1900 4913 privavit
1951 4854 2000 4900 te
2023 4846 2194 4902 fructu

618 4937 837 4994 ventris.
865 4936 1040 5004 Quare
1070 4950 1173 4989 non
1212 4933 1396 4989 abillo
1420 4936 1553 5006 petis
1575 4977 1589 5001 ,
1637 4934 1726 5006 qui
1773 4944 1946 5006 potest
1984 4937 2194 5006 aperire

618 5037 825 5083 natura:
849 5026 1135 5089 officinam,
1163 5034 1214 5078 et
1237 5023 1534 5080 fmcundam
1566 5026 1740 5082 facere
1759 5025 2009 5081 vulvam?
2040 5027 2195 5084 Disce

617 5121 774 5190 igitur
800 5120 946 5173 illum
974 5133 1092 5172 esse
1118 5119 1205 5187 qui
1235 5129 1284 5172 te
1317 5119 1537 5188 privavit
1567 5119 1738 5175 fructu
1766 5123 1966 5177 ventris
1991 5123 2095 5188 tui,
2139 5134 2194 5178 et

613 5213 784 5266 sorori
817 5221 920 5264 tua:
947 5218 1146 5265 tantam
1175 5211 1569 5268 fwcunditatem
1599 5215 1860 5285 praestitit.
1884 5215 1960 5270 Ne
1984 5213 2141 5287 igitur
2161 5232 2191 5271 a

614 5315 699 5354 me
726 5315 934 5369 quieras
954 5316 1071 5370 quae
1099 5303 1336 5370 przebcre
1362 5320 1467 5359 non
1498 5320 1730 5373 possum,
1756 5314 1809 5362 et
1833 5322 2057 5376 quorum
2085 5321 2190 5362 non

609 5405 728 5444 sum
756 5388 1021 5445 dominus.
1052 5390 1184 5448 Nam
1218 5393 1266 5450 si
1294 5393 1473 5452 hocin
1504 5411 1589 5452 me
1633 5394 1851 5463 fuisset,
1894 5398 2112 5452 omnino
2140 5408 2192 5452 te

610 5481 779 5536 sorori
809 5484 1160 5552 praetulissem
1182 5531 1197 5554 ,
1231 5487 1488 5556 majorem
1526 5505 1650 5560 erga
1688 5499 1738 5545 te
1767 5490 2188 5547 benevolentiam

608 5571 826 5628 habens.
881 5577 949 5630 At
989 5582 1200 5647 quando
1239 5579 1447 5635 etiamsi
1501 5582 1552 5636 in
1603 5582 1863 5638 inﬁnitum
1906 5586 2090 5656 majori
2140 5596 2189 5642 te

669 5763 742 5828 (ιι)
765 5775 794 5815 Α
815 5779 929 5816 voee
951 5778 1156 5831 uanique
1175 5765 1319 5824 VII-We
1333 5768 1529 5830 audivit,
1547 5767 1791 5819 derivatur
1809 5768 1956 5844 317227
1971 5783 2183 5834 sytneon.

1327 373 1384 430 S.
1424 371 1702 429 JOANNIS
1739 368 2219 457 CHRVSOSTOMI
2256 367 2571 426 AHClllEP.
2603 371 3132 435 CONSTANTINOP.

3784 383 3907 438 l9!

2303 489 2626 557 complectar
2654 491 3018 550 benevolentia
3042 536 3058 562 ,
3105 494 3234 550 nihil
3280 495 3370 550 tibi
3399 495 3450 551 in
3485 497 3585 552 hoc
3625 499 3908 567 prodesse

2305 588 2492 647 [nitere
2515 623 2529 646 ,
2571 583 2638 638 ab
2668 585 2754 639 illo
2783 602 2962 655 quaere
2985 629 2998 653 ,
3041 588 3128 658 qui
3157 597 3209 642 et
3238 589 3572 644 sterilitatem
3606 591 3814 646 all'erre
3842 602 3907 646 et

2302 670 2513 726 solvere
2536 684 2727 742 potest.
2757 676 2889 732 Vide
2907 678 3032 746 justi
3055 677 3407 749 prudentiam,
3431 682 3700 750 quomodo
3721 684 3904 736 etiam

2302 760 2371 814 ob
2401 761 2546 818 illius
2571 764 2710 820 dicta
2736 781 3071 832 succensens,
3108 783 3418 838 reSponsnm
3453 771 3524 825 illi
3552 771 3905 841 datsapicn-

2303 849 2522 906 tissimis
2548 855 2724 911 verbis
2753 874 2766 908 :
2793 856 2992 914 docens
3020 859 3300 929 diligenter
3327 862 3526 924 omnia,
3555 877 3906 932 causamque

2301 941 2669 1011 manifestans,
2702 956 2758 1000 ut
2781 963 2884 1002 neu
2914 948 3099 1004 relicto
3121 950 3345 1005 Domino
3366 963 3566 1020 qumrat
3589 953 3658 1006 ab
3681 954 3802 1006 alio
3833 969 3906 1008 ea

2300 1045 2418 1099 quae
2449 1032 2537 1086 ille
2561 1035 2708 1089 solus
2745 1048 2995 1106 praestare
3022 1048 3212 1108 potest.
3260 1038 3420 1109 Igitur
3450 1051 3504 1095 ut
3529 1043 3716 1097 didicit
3741 1043 3908 1112 quod

2301 1123 2494 1177 sterilis
2513 1124 2652 1181 facta
2678 1139 2818 1184 esset
2842 1145 2873 1183 a
2905 1130 3016 1186 Deo
3039 1173 3054 1195 ,
3099 1141 3154 1186 et
3194 1132 3378 1187 videns
3415 1149 3654 1190 sororem
3697 1137 3902 1190 liberis

2303 1210 2492 1268 ﬁurere
2519 1255 2534 1279 ,
2584 1217 2665 1272 vel
2709 1219 2976 1274 mediocre
3019 1221 3263 1276 solatium
3300 1224 3610 1293 requirens,
3660 1227 3802 1280 dicit
3828 1229 3905 1280 ad

2303 1301 2466 1357 Jacob
2495 1321 2508 1358 :
2539 1304 2794 1371 Quoniam
2825 1325 2964 1364 nunc
2989 1310 3214 1366 docuisti
3258 1328 3343 1368 tne
3367 1329 3471 1368 non
3515 1315 3669 1385 culpa
3701 1325 3796 1370 tua
3830 1317 3906 1370 li-

2310 1391 2341 1445 b
2379 1394 2450 1446 ris
2478 1409 2693 1460 carere,
2725 1399 2908 1454 saltem
2940 1400 3184 1456 ancillam
3209 1417 3379 1458 meam
3403 1405 3600 1474 accipe,
3634 1406 3909 1476 ﬁliosque

2306 1499 2371 1538 ex
2400 1502 2461 1540 ea
2490 1503 2707 1555 procrea
2726 1528 2742 1551 ,
2788 1499 2842 1543 ut
2862 1506 3079 1558 parvum
3125 1493 3336 1563 aliquod
3363 1495 3605 1550 solatium
3637 1497 3912 1552 invenire

2308 1580 2528 1648 possim,
2551 1595 2613 1634 ea
2632 1581 2758 1635 mihi
2782 1583 3050 1638 vindicans
3071 1601 3189 1654 qua:
3207 1586 3273 1640 ab
3294 1587 3381 1642 illa
3407 1599 3711 1645 nascentur.
3737 1591 3799 1645 4.
3829 1589 3914 1646 Et

2307 1669 2443 1723 dedit
2481 1672 2547 1736 ei,
2580 1671 2782 1742 inquit,
2817 1671 3021 1727 Ballam
3045 1674 3282 1729 ancillam
3307 1693 3447 1730 suam
3475 1695 3684 1733 uxorem
3710 1695 3731 1733 :
3755 1681 3816 1735 5.
3855 1691 3910 1735 et

2305 1761 2506 1814 intravit
2535 1762 2605 1815 ad
2632 1780 2776 1830 eam;
2813 1775 2861 1818 et
2887 1767 3147 1836 concepit,
3191 1777 3237 1821 et
3267 1771 3454 1839 peperit
3475 1771 3637 1839 ﬁlium
3659 1770 3902 1841 Jacobo,

2303 1851 2354 1905 6.
2386 1860 2432 1905 et
2452 1853 2580 1906 dixit
2609 1853 2801 1908 Rachel
2825 1855 3123 1912 :Judicavit
3165 1860 3292 1913 mihi
3333 1861 3472 1915 Deus
3491 1903 3508 1929 ,
3550 1872 3597 1916 et
3631 1865 3902 1919 exaudivit

2302 1959 2472 1998 vocem
2497 1962 2679 2011 meam,
2711 1949 2945 2018 deditque
2966 1951 3089 2005 mihi
3115 1952 3301 2020 ﬁlium.
3339 1953 3556 2025 Propter
3582 1958 3677 2012 hoc
3697 1961 3898 2013 vocavit

2304 2051 2485 2089 nomen
2511 2039 2619 2108 ejus
2644 2037 2758 2093 Dan
2794 2041 2893 2111 (α).
2936 2041 3128 2096 l-labuit
3151 2043 3330 2114 aliquo
3351 2045 3508 2102 modo
3530 2049 3771 2116 pariente
3797 2064 3896 2104 an-

2305 2129 2425 2185 eilla
2466 2132 2549 2187 vel
2597 2133 2809 2189 brevem
2855 2139 3321 2196 consolationem:
3366 2143 3486 2198 ideo
3531 2145 3644 2215 ipsa
3689 2162 3891 2202 nomen

2309 2241 2474 2295 puero
2505 2229 2728 2297 imponit
2748 2271 2762 2295 ,
2789 2232 3091 2302 gratiasque
3131 2235 3239 2303 agit
3274 2236 3496 2291 Domino
3531 2252 3627 2307 pro
3657 2249 3803 2297 nato.
3836 2241 3888 2293 7.

2309 2315 2375 2370 Et
2403 2321 2650 2388 concepit,
2673 2321 2859 2390 inquit,
2882 2322 3058 2376 iterum
3088 2323 3236 2378 Bella
3257 2367 3273 2391 ,
3307 2336 3354 2379 et
3383 2329 3570 2396 peperit
3590 2329 3801 2396 ﬁlium;
3828 2333 3910 2385 8.-

2307 2420 2354 2463 et
2382 2410 2510 2464 dixit
2541 2411 2734 2466 Rachel
2758 2429 2777 2466 :
2806 2414 3010 2483 Adjuvit
3036 2432 3114 2468 me
3149 2415 3285 2471 Deus
3304 2458 3319 2481 ,
3369 2429 3413 2472 et
3448 2431 3746 2475 conversata
3774 2439 3890 2474 sum

2305 2515 2420 2552 cum
2449 2517 2620 2554 sorore
2643 2519 2771 2566 mea,
2798 2513 2845 2556 et
2871 2504 3080 2559 invalui.
3125 2505 3190 2558 Et
3223 2510 3415 2562 vocavit
3444 2525 3622 2564 nomen
3642 2513 3751 2582 ejus
3778 2511 3890 2568 Ne-

2307 2588 2574 2657 phthalim.
2616 2590 2682 2644 Et
2723 2592 2902 2645 didicit
2938 2603 3118 2663 postea
3157 2596 3439 2653 manifeste
3475 2616 3568 2668 per
3599 2603 3888 2672 ancillam,

2303 2677 2556 2733 Jacobum
2599 2696 2703 2734 non
2746 2683 2799 2736 in
2840 2697 2999 2737 causa
3039 2683 3203 2740 fuisse
3232 2703 3398 2757 quare
3437 2690 3616 2746 liberis
3654 2704 3882 2748 careret.

2305 2767 2430 2822 Ideo
2459 2778 2613 2824 natos
2631 2771 2782 2840 quasi
2807 2787 2935 2828 suos
2971 2773 3111 2829 ﬁlios
3136 2775 3417 2844 educavit,
3467 2790 3522 2836 et
3564 2783 3775 2837 nomina
3805 2785 3886 2838 eis

2311 2860 2582 2930 imposuit,
2617 2863 2900 2918 maximam
2932 2865 3056 2921 inde
3080 2868 3179 2923 sibi
3203 2869 3302 2938 ipsi
3325 2873 3742 2930 consolationem
3764 2892 3884 2932 esse

2307 2959 2441 3005 rata.
2466 2949 2521 3004 9.
2549 2951 2616 3006 Ut
2639 2963 2806 3007 autem
2829 2956 2948 3008 vidit
2971 2956 3065 3009 Lia
3087 2959 3222 3026 quod
3240 2972 3476 3016 cessasset
3497 2979 3690 3032 parere,
3713 2966 3883 3036 etipsa

2306 3041 2546 3096 ancillam
2592 3060 2737 3097 suam
2782 3044 3030 3116 Zelpham
3066 3049 3204 3103 dedit
3227 3049 3418 3105 Iacobo
3447 3069 3691 3110 uxorem:
3720 3057 3800 3111 ll).
3836 3068 3881 3111 et

2305 3133 2567 3200 concepit,
2595 3144 2643 3189 et
2672 3139 2892 3207 peperit,
2929 3139 3012 3191 ll.
3041 3138 3109 3192 Et
3137 3140 3260 3193 dixit
3281 3141 3377 3194 Lia
3405 3160 3424 3196 :
3458 3142 3736 3200 Fortunata
3763 3148 3841 3218 [ui
3861 3191 3877 3215 ,

2307 3221 2408 3276 hoc
2433 3232 2550 3288 est,
2619 3225 2734 3279 Voti
2779 3241 2998 3297 compos
3023 3230 3157 3283 laeta
3195 3246 3335 3286 sum.
3382 3233 3446 3286 Et
3474 3239 3661 3290 vocavit
3702 3254 3879 3294 nomen

2304 3315 2414 3384 ejus
2459 3313 2590 3369 Gad.
2639 3316 2704 3371 Et
2733 3321 2979 3388 quoniam
3025 3322 3198 3390 reipsa
3241 3324 3418 3378 evenit
3453 3328 3590 3396 quod
3631 3330 3874 3398 Optabat,

2305 3404 2506 3458 vocavit
2552 3421 2743 3460 nomen
2779 3407 2895 3478 ejus
2933 3408 3065 3464 Gad.
3101 3411 3186 3464 12.
3242 3411 3307 3464 Et
3341 3418 3565 3485 concepit
3605 3420 3800 3488 adhuc,
3831 3435 3875 3476 et

2307 3498 2497 3565 peperit
2537 3496 2698 3552 alium
2727 3515 2746 3552 .'
2777 3502 2862 3555 13.
2917 3500 3142 3572 dixitque
3185 3503 3280 3557 Lia
3329 3523 3349 3562 .'
3391 3506 3547 3561 Beata
3587 3528 3680 3582 ego
3703 3553 3719 3576 ,
3761 3516 3875 3585 quia

2304 3585 2498 3640 beatam
2523 3605 2601 3642 me
2619 3589 2784 3644 dicent
2811 3593 3043 3648 mulieres
3069 3611 3088 3648 :
3113 3605 3161 3648 et
3183 3599 3372 3652 vocavit
3399 3616 3576 3655 nomen
3603 3604 3711 3672 ejus
3734 3605 3870 3659 Aser.

2374 3680 2428 3735 5.
2474 3681 2660 3736 Vidisti
2692 3683 2960 3751 quomodo
2984 3693 3039 3739 et
3061 3685 3176 3742 ba9c
3205 3698 3355 3742 natos
3381 3705 3447 3745 ex
3479 3693 3668 3746 ancilla
3697 3706 3750 3748 ut
3775 3696 3870 3768 sibi

2306 3775 2549 3844 proprios
2571 3775 2809 3843 haberet,
2839 3785 2890 3831 et
2919 3777 3126 3832 beatam
3157 3794 3214 3834 se
3241 3794 3359 3835 esse
3384 3781 3547 3848 dicat,
3574 3792 3628 3838 et
3653 3786 3870 3840 beatitu-

2305 3867 2429 3922 dine
2451 3867 2661 3938 dignam
2692 3872 2760 3923 ob
2789 3871 3204 3939 procreationem
3246 3870 3493 3928 ﬁliorum.
3529 3873 3636 3930 Sed
3677 3876 3790 3932 vide
3809 3893 3871 3933 ea

2303 3973 2515 4028 quoque
2533 3975 2651 4029 qua:
2675 3971 2794 4028 post
2822 3959 2936 4015 lucc
2963 3970 3108 4030 gesta
3139 3971 3281 4028 sunt,
3307 3973 3360 4017 ut
3389 3965 3567 4021 discas
3613 3969 3870 4037 quomodo

2303 4051 2579 4121 zelotypize
2603 4051 2812 4106 affectio
2838 4052 2940 4107 huc
2961 4063 3015 4108 et
3040 4054 3164 4108 illuc
3189 4057 3461 4120 transibat,
3495 4067 3550 4112 et
3577 4074 3713 4112 nunc
3739 4059 3866 4124 haec,

2305 4155 2446 4195 nunc
2487 4141 2570 4194 illa
2608 4141 3028 4211 impngnabatur.
3056 4146 3140 4199 lli.
3171 4144 3237 4198 Et
3265 4147 3372 4212 ivit,
3405 4148 3589 4218 inquit,
3621 4148 3789 4202 Ruben
3817 4151 3868 4204 in

2304 4232 2478 4287 diebus
2503 4233 2674 4287 messis
2705 4235 2933 4300 triticew,
2965 4247 3012 4289 et
3039 4236 3223 4291 invenlt
3260 4239 3396 4292 mala
3425 4240 3868 4311 ntandragorarum

2303 4323 2356 4376 in
2383 4341 2527 4395 agro,
2555 4334 2602 4378 et
2631 4325 2795 4379 attulit
2821 4343 2879 4379 ea
2907 4329 3056 4380 matri
3080 4344 3206 4382 suae.
3239 4329 3475 4401 Dixitque
3500 4331 3688 4386 Rachel
3724 4331 3824 4386 Lia:
3848 4349 3869 4388 :

2303 4417 2386 4470 Da
2417 4418 2540 4470 mihi
2565 4417 2627 4469 de.
2650 4417 2998 4489 mandragoris
3024 4421 3120 4489 ﬁlii
3145 4423 3239 4476 tui.
3265 4423 3347 4477 15.
3377 4422 3520 4476 Dixit
3546 4436 3714 4478 autem
3742 4423 3826 4478 Lia
3851 4443 3866 4480 :

2306 4511 2425 4566 Non
2450 4511 2571 4565 satis
2593 4511 2679 4563 tibi
2699 4511 2833 4581 quod
2855 4514 3088 4582 accepisti
3120 4517 3280 4568 virum
3303 4532 3465 4569 meum
3484 4517 3509 4569 .9
3536 4533 3654 4569 num
3673 4526 3718 4569 et
3739 4532 3864 4569 man-

2301 4605 2544 4675 dragoras
2572 4603 2666 4670 ﬁlii
2696 4606 2791 4657 mei
2819 4605 3073 4674 accipies?
3115 4605 3274 4660 Vides
3311 4607 3577 4676 quomodo
3605 4607 3862 4676 a-gritudi-

2304 4711 2424 4750 nem
2468 4695 2628 4748 animi
2660 4695 2834 4749 verbis
2861 4696 3191 4752 manifestam
3244 4696 3399 4752 facit?
3440 4696 3562 4752 Non
3601 4699 3720 4753 satis
3758 4697 3859 4762 tibi,

2302 4787 2488 4856 inquit,
2520 4787 2654 4856 quod
2671 4788 2907 4857 accepisti
2933 4790 3093 4842 virum
3120 4791 3322 4844 meum?
3351 4807 3469 4843 num
3492 4800 3538 4843 et
3569 4790 3858 4860 mandrago-

2300 4894 2384 4931 ras
2417 4879 2510 4946 ﬁlii
2538 4879 2633 4931 mei
2657 4879 2912 4948 accipies?
2946 4879 3086 4934 Dixit
3132 4889 3301 4934 autem
3352 4879 3546 4934 Rachel
3570 4897 3588 4934 :
3615 4879 3732 4934 Non
3755 4883 3859 4935 sic:

2300 4970 2518 5022 dormiat
2545 4981 2708 5023 tecum
2739 4981 2880 5026 nocte
2907 4971 3002 5025 hac
3031 4989 3120 5042 pro
3151 4972 3500 5044 mandragoris
3539 4973 3632 5042 ﬁlii
3674 4986 3763 5024 tut.
3792 4973 3857 5026 Da

2300 5060 2426 5115 mihi
2444 5061 2510 5115 de
2527 5063 2908 5132 mandragoris,
2933 5074 2983 5120 et
3001 5066 3180 5134 accipe
3201 5064 3361 5120 hodie
3381 5075 3556 5120 tecum
3585 5065 3749 5119 virum
3768 5066 3854 5135 (b).

2305 5153 2431 5208 Vide
2459 5154 2725 5225 quomodo
2749 5155 3028 5210 exhibetur
3041 5155 3248 5210 all'ectui
3275 5155 3518 5210 llaelielis
3543 5157 3757 5210 omnino
3774 5158 3858 5211 de-

2299 5244 2458 5299 ditus.
2491 5245 2624 5301 Nam
2653 5248 2695 5302 si
2729 5255 2874 5301 tanto
2894 5247 3058 5302 choro
3086 5247 3312 5302 ﬁliorum
3343 5247 3453 5303 Lize
3483 5257 3627 5312 nato,
3657 5250 3746 5303 fuit
3768 5250 3853 5303 ad-

2359 5466 2430 5529 (a)
2467 5469 2700 5520 Ilcbraice
2735 5475 2807 5552 Π.
2843 5469 2981 5520 Radix
3018 5480 3094 5520 est
3119 5477 3212 5556 ΓΠ,
3223 5470 3480 5533 judicavit.
3529 5475 3646 5523 Itiuc
3692 5485 3851 5523 nomen

2296 5573 2449 5623 puero
2470 5561 2649 5620 datum,
2671 5570 2723 5613 ut
2746 5563 2794 5611 iu
2821 5570 2959 5612 textu
2981 5563 3172 5616 dicitur.

2359 5643 2430 5707 (b)
2465 5647 2756 5708 Existimavit
2780 5654 2921 5695 vetus
2958 5654 3200 5708 Inter-pres
3231 5649 3334 5698 haec
3361 5651 3510 5700 verba
3532 5665 3594 5702 ex
3621 5660 3755 5701 textu
3785 5652 3851 5700 bi-

2295 5705 2418 5756 blico
2444 5719 2572 5756 esse.
2611 5707 2701 5755 Sed
2741 5716 2851 5757 sunt
2887 5721 2913 5756 a
2951 5705 3275 5771 Cbrxsostomo
3313 5711 3496 5773 adjecta
3540 5713 3851 5775 explicuimus
