4150 6206
412 254 514 307 «εδδ

417 365 518 419 huc
549 382 730 423 amore
757 368 924 437 magis
955 382 1244 438 propensus
1274 368 1324 424 in
1355 368 1639 426 Rachelem
1660 392 1671 426 :
1693 375 1737 428 si
1767 373 1868 428 hoc
1885 391 1990 430 non

416 459 602 513 fuisset
631 459 846 524 factum,
878 459 1141 530 quomodo
1182 459 1322 517 ferre
1365 467 1621 532 potuisset
1665 464 1754 519 Lia
1793 468 1993 523 sororis

415 551 856 605 contubernium?
883 551 951 606 Ut
989 553 1128 607 enim
1171 569 1383 609 omnem
1421 555 1516 610 viri
1550 566 1856 624 potestatem
1895 557 1990 611 h1-

422 641 570 705 bens,
596 642 662 695 ita
689 643 940 711 permittit
966 644 1013 697 ei
1046 659 1140 713 pro
1162 645 1526 715 mandragoris
1551 647 1741 712 virum,
1771 659 1824 703 et
1843 647 1989 702 dicit:

420 731 652 784 Dormiat
667 733 812 785 hodie
829 744 987 786 tecum
1013 750 1103 803 pro
1131 736 1498 806 mandragoris.
1525 737 1767 805 Satisfac,
1803 740 1989 809 inquit,

423 839 542 878 meo
569 824 847 888 desiderio,
879 834 932 880 et
957 826 1138 896 accipe
1158 828 1350 882 virum.
1372 831 1454 884 I6.
1485 830 1786 886 Adveniente
1803 842 1990 899 autem,

425 912 610 982 inquit,
637 911 819 978 Jacob,
854 931 1051 983 egressa
1093 917 1144 969 in
1175 933 1436 970 occursum
1465 920 1575 988 ejus
1603 920 1696 972 Lia
1721 921 1849 975 dixit
1873 937 1893 975 :
1917 922 1993 975 Ad

427 1019 502 1055 me
526 1003 818 1072 ingredieris
841 1005 1018 1069 hodie;
1049 1007 1272 1060 mercede
1290 1009 1422 1060 enini
1447 1009 1663 1063 conduxi
1689 1019 1735 1064 te
1759 1012 1882 1064 mihi
1902 1029 1992 1082 pro

423 1095 772 1163 mandragoris
797 1097 893 1158 lilii
917 1098 1047 1150 mei:
1077 1105 1122 1150 et
1163 1097 1394 1152 dormivit
1441 1116 1556 1153 cum
1603 1117 1662 1154 ea
1711 1111 1856 1156 nocte
1879 1103 1988 1157 illa.

424 1185 510 1238 I7.
547 1184 610 1237 Et
636 1187 886 1238 exaudivit
914 1186 1047 1240 Deus
1078 1185 1242 1254 Liam,
1275 1197 1319 1241 et
1359 1190 1580 1258 concepit
1607 1200 1653 1244 et
1680 1193 1868 1260 peperit
1894 1190 1992 1245 Ja-

421 1276 543 1328 cobo
566 1278 790 1346 quintum
818 1278 997 1345 ﬁlium.
1027 1279 1110 1333 I8.
1138 1277 1204 1332 Et
1231 1281 1358 1334 dixit
1384 1280 1515 1335 Lia:
1538 1281 1685 1335 Dedit
1715 1283 1838 1336 mihi
1859 1283 1995 1337 Deus

423 1367 696 1419 mercedem
715 1384 893 1430 meam,
919 1384 976 1421 eo
997 1370 1131 1438 quod
1147 1371 1264 1423 dedi
1287 1372 1525 1424 ancillam
1552 1389 1714 1426 meam
1743 1373 1847 1426 viro
1863 1389 1991 1426 meo.

424 1456 491 1509 Et
517 1459 702 1510 vocarit
726 1475 906 1511 nomen
935 1461 1044 1527 ejus
1071 1458 1304 1526 Isachar,
1327 1462 1460 1530 quod
1484 1471 1556 1514 est
1583 1478 1786 1515 merces.
1821 1462 1998 1514 Exau-

422 1547 562 1611 divit,
591 1546 779 1617 inquit,
812 1547 950 1601 Deus
979 1548 1142 1601 Liam.
1175 1549 1302 1616 Quia
1326 1551 1538 1604 videbat
1562 1566 1676 1604 eam
1704 1551 1991 1617 dolentem,

423 1653 591 1706 neque
621 1637 772 1691 valde
801 1640 991 1690 marito
1019 1649 1312 1707 acceptam,
1345 1639 1611 1693 exaudivit
1636 1655 1772 1705 eam,
1807 1641 1991 1710 inquit,

424 1730 580 1793 hens,
610 1741 662 1783 ct
691 1732 915 1798 peperit,
948 1744 1010 1782 ac
1035 1729 1197 1784 dixit:
1221 1729 1336 1783 Tuli
1380 1731 1699 1797 mercedem,
1742 1747 1808 1787 eo
1851 1733 1992 1803 quod

419 1817 537 1871 dedi
572 1819 814 1871 ancillam
858 1833 1051 1871 meam.
1103 1818 1382 1888 Propterea
1429 1821 1633 1874 vocavit
1663 1837 1852 1875 nomen
1879 1821 1994 1891 ejus

421 1907 651 1961 Isachar.
685 1907 770 1961 19.
809 1905 872 1960 Et
914 1909 1138 1977 concepit
1178 1909 1344 1962 adhuc
1391 1909 1506 1973 Lia,
1539 1920 1584 1963 et
1609 1911 1801 1979 peperit
1830 1911 1993 1979 [ilium

418 2007 628 2051 sextum.
663 1997 752 2052 20.
792 1996 861 2050 Et
895 1999 1021 2051 dixit
1051 1998 1148 2050 Lia
1169 2017 1188 2051 :
1214 1997 1425 2052 Donavit
1465 2001 1590 2052 mihi
1628 1999 1761 2053 Deus
1806 2001 1994 2055 donum

421 2088 624 2140 bonum.
657 2087 809 2140 Nunc
836 2089 1070 2158 temporis
1097 2106 1174 2142 me
1202 2090 1344 2160 eliget
1371 2091 1443 2143 vir
1469 2107 1636 2156 meus;
1669 2091 1834 2160 peperi
1861 2091 1994 2144 enim

420 2180 464 2232 ei
492 2181 626 2247 ﬁlios
653 2197 759 2234 sex.
788 2181 854 2233 Et
885 2182 1074 2234 vocavit
1110 2199 1286 2234 nontcn
1313 2183 1423 2252 ejus
1445 2181 1694 2235 Zabulon.
1744 2181 1991 2248 Posthac,

419 2273 602 2341 inquit,
628 2273 870 2327 amabilis
898 2289 989 2327 ero
1016 2283 1070 2327 et
1097 2289 1216 2342 ego,
1239 2274 1360 2342 quia
1384 2276 1558 2342 peperi
1585 2287 1676 2326 sex
1701 2272 1852 2326 filios.
1873 2271 1994 2326 Ideo

418 2363 626 2415 vocavit
655 2377 844 2416 nomen
871 2365 986 2431 ejus
1021 2363 1274 2416 Zabulon.
1318 2363 1406 2416 21.
1438 2361 1640 2430 Peperit
1667 2372 1830 2416 autem
1853 2373 1901 2416 et
1929 2364 1994 2431 ﬁ-

417 2451 558 2516 liam,
585 2460 632 2503 et
666 2453 853 2504 vocavit
883 2469 1061 2505 nomen
1102 2454 1212 2523 ejus
1261 2452 1414 2506 Dina.
1455 2451 1545 2505 22.
1590 2453 1897 2506 Recordatus
1921 2462 1994 2507 est

416 2551 584 2593 autent
609 2539 743 2593 Deus
772 2541 1026 2601 Rachelis,
1053 2552 1098 2595 et
1128 2543 1382 2596 exaudivit
1408 2559 1540 2610 eam,
1585 2552 1630 2596 et
1658 2544 1855 2612 aperuit
1881 2545 1990 2613 ejus

415 2632 632 2687 vulvam.
656 2633 743 2688 25.
770 2633 836 2687 Et
865 2636 1110 2704 concepit,
1142 2644 1188 2689 et
1211 2636 1399 2704 peperit
1424 2636 1586 2704 ﬁlium
1607 2636 1818 2690 Jacobo.
1850 2636 1992 2691 Dixit

415 2735 578 2779 autem
630 2727 852 2781 Rachel:
875 2727 1091 2781 Abstulit
1116 2745 1146 2780 a
1175 2744 1253 2781 me
1291 2727 1429 2782 Dens
1455 2729 1780 2798 opprobrium
1804 2745 1987 2784 meum.

415 2816 503 2870 24.
550 2815 612 2868 Et
663 2818 851 2869 vocavit
895 2833 1073 2870 nomen
1120 2818 1230 2888 ejus
1269 2816 1478 2888 Joseph,
1517 2817 1991 2888 dicens:Apposuit

415 2907 541 2958 mihi
566 2905 696 2960 Deus
719 2908 879 2976 ﬁlium
909 2908 1086 2962 alium.
1122 2909 1336 2961 Abstulit
1359 2926 1390 2960 α
1416 2925 1512 2973 me,
1534 2909 1723 2978 inquit,
1750 2907 1884 2961 Deus
1900 2925 1986 2978 op-

413 2997 702 3066 probrium;
723 2999 877 3052 solvit
897 3001 1223 3053 sterilitatem
1242 3015 1256 3052 :
1281 2998 1536 3068 propitius
1553 2999 1720 3054 factus
1739 3007 1820 3053 est
1838 2999 1989 3066 mihi,

413 3095 466 3140 et
490 3087 733 3140 idoneam
761 3086 884 3141 fecit
921 3088 984 3141 ad
1016 3088 1398 3157 procreandum
1436 3088 1570 3141 filios
1593 3089 1831 3155 vulvam,
1863 3089 1994 3144 libe-

416 3193 634 3246 ramque
661 3193 746 3232 me
774 3177 893 3233 fecit
914 3179 981 3232 ab
1022 3179 1306 3248 opprobrio
1328 3194 1470 3234 meo.
1496 3178 1564 3232 Et
1591 3181 1778 3233 vocavit
1813 3197 1990 3236 nomen

411 3270 520 3338 ejus
547 3267 758 3338 Ioseph,
786 3269 956 3322 dicens
979 3285 997 3322 :
1027 3270 1276 3339 Apposuit
1309 3270 1430 3322 mihi
1453 3269 1589 3324 Deus
1616 3271 1778 3338 filium
1805 3270 1986 3326 alium.

415 3358 572 3412 Vides
600 3360 864 3428 quomodo
903 3360 1154 3428 paulatim
1200 3361 1580 3429 promissiones
1624 3362 1719 3416 Dci
1768 3363 1818 3416 in
1857 3377 1991 3432 opus

411 3462 636 3516 egressa:
663 3449 819 3502 sunt?
847 3449 982 3503 Ecce
1025 3449 1167 3503 enim
1210 3459 1463 3518 quantum
1501 3460 1720 3519 repente
1767 3453 1990 3507 chorum

415 3539 642 3592 filiorum
672 3540 809 3594 circa
855 3555 912 3594 se
943 3540 1124 3594 habuit
1164 3541 1361 3610 justus,
1401 3551 1619 3612 propter
1657 3543 1989 3598 manifestam

415 3629 504 3682 hei
544 3645 665 3698 erga
697 3645 755 3684 se
801 3630 1201 3698 providentiam.
1247 3631 1506 3696 Quoniam
1551 3634 1695 3686 enim
1744 3648 1987 3702 magnam

412 3735 517 3788 pne
548 3735 606 3774 se
637 3721 751 3774 tulit
780 3721 1102 3790 patientiam,
1133 3723 1534 3791 quatuordecim
1571 3723 1723 3777 annis
1758 3727 1988 3777 servitu-

412 3819 516 3864 tem
539 3812 732 3878 ferens,
758 3820 1032 3879 prOpterea
1053 3822 1107 3866 et
1132 3812 1501 3866 universorum
1529 3814 1781 3867 Dominus
1803 3829 1984 3868 remu-

412 3902 749 3971 neransjnsti
781 3902 1054 3972 pietatem,
1103 3903 1155 3956 in
1198 3911 1401 3956 tantum
1426 3918 1549 3958 eum
1575 3917 1816 3959 crescere
1842 3903 1986 3970 fecit,

412 4003 466 4045 ut
496 4004 548 4046 et
575 3994 794 4062 posthac
821 3994 1109 4047 invidiosus
1148 3995 1263 4047 aliis
1301 3994 1474 4060 fieret,
1506 3995 1641 4048 sicut
1669 4010 1732 4050 ex
1758 4010 1989 4066 sequen-

411 4085 550 4138 tibus
579 4085 861 4150 discemus,
893 4101 1010 4154 quae
1036 4084 1226 4139 vellem
1254 4093 1593 4154 pertractare.

515 4176 566 4231 6.
628 4177 840 4231 Moralis
903 4177 1127 4248 epilogus
1168 4193 1188 4241 ;
1235 4178 1526 4232 humanum
1579 4178 1822 4232 auxilium
1885 4195 1984 4233 non

407 4270 1018 4338 qurerendum.—V’crum
1053 4285 1118 4323 ne
1159 4270 1413 4339 prolixius
1455 4285 1757 4324 sermonem
1797 4279 1986 4324 exten-

407 4357 628 4422 damus,
675 4375 808 4413 nevc
853 4359 1105 4413 molestus
1147 4373 1266 4414 esse
1296 4360 1476 4414 videar
1518 4359 1722 4413 caritati
1759 4367 1981 4425 vestrm,

410 4449 453 4503 si
487 4450 676 4518 placet,
725 4466 842 4519 qua:
873 4451 1069 4520 reliqua
1095 4461 1217 4506 sunt
1242 4452 1293 4506 in
1333 4461 1642 4520 sequentem
1674 4451 1982 4506 concionem

411 4541 729 4593 reservaturi
752 4582 766 4604 ,
802 4542 1041 4594 tinianms
1095 4543 1180 4597 hic
1222 4558 1525 4597 sermonem
1553 4585 1568 4608 ,
1614 4543 1737 4596 illud
1769 4543 1980 4597 interim

365 4655 368 4658 ’
407 4632 678 4685 caritatem
727 4642 952 4684 vestram
981 4633 1361 4700 admonentes,
1395 4644 1450 4687 ut
1471 4650 1654 4689 eorum
1685 4649 1802 4703 quze
1842 4633 1980 4687 dicta

408 4729 532 4774 sunt
560 4736 850 4785 memores,
883 4721 1155 4776 imitemini
1199 4725 1490 4792 priscorum
1533 4727 1780 4779 virtutem
1801 4765 1816 4790 ,
1848 4725 1982 4778 filias

407 4809 664 4865 cloeando
692 4852 707 4875 ,
754 4827 949 4880 pueros
995 4813 1174 4880 nuptni
1225 4814 1510 4878 tradendo,
1568 4824 1744 4868 vestra
1787 4815 1982 4868 virtute

411 4903 498 4955 hei
529 4903 748 4971 gratiam
782 4903 1065 4956 conciliare
1103 4903 1250 4955 vobis
1273 4902 1552 4958 studendo.
1594 4903 1722 4958 Nam
1746 4920 1864 4959 cum
1891 4904 1980 4958 ille

407 4992 559 5046 nobis
582 4994 783 5046 amicus
811 4992 984 5054 fuerit,
1015 4992 1220 5047 etiamsi
1253 4994 1302 5046 in
1326 4993 1493 5046 aliena
1526 5003 1661 5049 terra
1688 4994 1941 5049 fuerimus
1963 5034 1976 5058 ,

406 5085 612 5138 etiamsi
641 5085 707 5136 ab
751 5087 993 5139 oumibus
1017 5085 1285 5151 destituti,
1319 5087 1523 5140 etiamsi
1560 5088 1721 5142 nullis
1747 5088 1940 5157 cogniti
1962 5128 1977 5153 ,

405 5176 650 5228 omnibus
691 5176 886 5229 erimus
936 5177 1209 5230 clariores.
1253 5175 1390 5229 Nihil
1434 5177 1574 5230 enim
1622 5177 1826 5232 beatius
1867 5177 1981 5232 viro

404 5282 628 5335 superna
661 5284 816 5321 manu
865 5254 1306 5337 adjuto.i£tcnim
1339 5269 1522 5323 beatus
1559 5268 1723 5324 Jacoh
1752 5271 1842 5324 illo
1872 5269 1977 5325 ire-

408 5369 488 5412 tus
530 5361 815 5429 pra'sidio,
868 5361 919 5414 in
967 5371 1158 5416 tantam
1203 5364 1452 5431 paulatim
1495 5362 1716 5432 gloriam
1747 5375 1980 5443 _cvectus

405 5462 514 5513 est,
547 5460 680 5505 utet
727 5453 786 5504 iis
826 5454 910 5522 qui
955 5463 1058 5506 tam
1107 5455 1274 5508 amice
1315 5463 1659 5523 exceperant,
1693 5453 1980 5508 invidiosus

406 5540 469 5592 sit
499 5541 680 5593 factus.
712 5541 820 5595 Iloc
849 5542 1004 5612 igitur
1031 5551 1084 5598 et
1107 5558 1202 5599 nos
1231 5545 1540 5598 Studeamus
1563 5585 1578 5608 ,
1611 5552 1666 5597 ut
1691 5557 1978 5612 supernum

403 5631 739 5703 aeqnirantus
775 5634 1023 5688 auxilium
1045 5677 1057 5698 ,
1091 5645 1140 5689 et
1183 5649 1284 5691 non
1312 5635 1376 5692 ad
1408 5634 1666 5690 humanos
1712 5632 1982 5704 confugia-

1433 257 1493 311 ΙΝ
1531 255 1680 314 CAP.
1728 259 1892 316 XXX.
1933 259 2176 317 GENES.
2220 262 2444 316 IIOiIIL.
2489 263 2644 318 LVII.

3566 276 3666 332 ΑΜ

2097 391 2215 429 mus
2237 376 2559 447 principatus
2577 418 2593 445 ,
2623 393 2793 450 neque
2819 381 3022 436 illorum
3049 383 3346 452 pra-sidiam
3369 396 3656 447 sectemur:

2096 465 2222 521 nihil
2255 469 2394 523 enim
2425 471 2807 540 periculosius;
2857 473 2908 526 id
2937 475 3076 544 quod
3120 492 3296 530 rerum
3344 483 3670 548 experientia

2092 558 2220 611 satis
2249 558 2524 613 discimus.
2553 561 2756 615 Etenim
2789 563 3026 618 videmus
3063 567 3294 634 quotidie
3322 583 3406 622 res
3437 585 3494 623 se
3522 580 3663 627 tanta

2096 649 2371 704 velocitate
2395 651 2460 704 ad
2487 653 2826 707 mutationem
2858 654 3109 710 inclinare
3127 697 3142 720 ,
3167 667 3220 711 et
3247 660 3377 712 verti
3409 661 3457 712 in
3485 661 3662 715 diver-

2095 753 2212 792 sum
2238 741 2446 806 omnia,
2476 756 2704 811 cumque
2726 743 2818 812 qui
2849 744 2902 798 in
2931 759 3132 799 summa
3163 749 3513 816 prosperitate
3544 767 3668 818 pau-

2097 827 2148 881 lo
2176 839 2296 882 ante
2322 838 2465 894 erat,
2499 831 2674 884 subito
2701 832 2750 884 in
2779 843 3066 888 extremam
3097 834 3452 890 infelicitatem
3479 839 3661 908 dejiei,

2096 933 2159 974 ac
2188 935 2336 973 reum
2363 936 2505 990 stepe
2549 922 2654 991 agi.
2681 922 2902 988 Quantae
2945 924 3102 993 igitur
3139 926 3456 994 insipientia:
3484 930 3662 986 fuerit.

2096 1007 2282 1062 horum
2309 1026 2544 1079 quaerere
2571 1013 2872 1081 pmsidittm
2894 1054 2907 1077 ,
2939 1015 3026 1081 qui
3055 1017 3104 1066 in
3135 1024 3238 1067 tam
3285 1017 3487 1070 incerto
3533 1031 3672 1071 statu

2097 1112 2374 1156 versantur
2396 1145 2412 1169 ,
2444 1119 2506 1158 ac
2531 1119 2598 1158 ne
2639 1120 2734 1159 sua
2779 1106 2991 1175 quidem
3022 1116 3240 1175 possunt
3288 1108 3338 1159 in
3371 1116 3481 1160 toto
3506 1111 3671 1163 collo-

2098 1191 2270 1246 care?
2313 1190 2435 1246 Ideo
2477 1193 2544 1247 ab
2569 1194 2711 1247 omni
2757 1195 2992 1248 humano
3035 1196 3278 1263 praesidio
3320 1197 3670 1264 desistamus,

2098 1295 2362 1334 memores
2387 1284 2544 1334 etiam
2569 1283 2838 1352 prOphetm
2862 1285 3087 1338 dicentis
3116 1302 3131 1338 :
3165 1286 3462 1341 Malediclus
3490 1289 3639 1342 homo
3657 1327 3671 1354 ,

2096 1369 2181 1436 qui
2218 1385 2358 1436 spem
2401 1373 2539 1437 ponit
2582 1372 2634 1424 in
2673 1374 2872 1426 homine
2897 1372 3029 1439 (λεν.
3067 1376 3150 1428 Π.
3181 1375 3258 1443 5).
3295 1376 3454 1430 Vides
3501 1378 3662 1432 talem

2101 1458 2366 1512 hominem
2398 1477 2502 1515 non
2545 1462 2718 1515 soluat
2767 1463 3098 1530 insipientem
3122 1507 3135 1525 ,
3185 1466 3276 1519 sed
3306 1467 3464 1520 etiam
3503 1469 3672 1521 male-

2098 1547 2292 1602 dictum
2319 1565 2473 1604 esse:
2503 1560 2684 1620 utpote
2711 1554 2798 1621 qui
2828 1554 3009 1607 relicto
3039 1554 3262 1608 Domino
3290 1557 3523 1609 omnium
3551 1596 3565 1620 ,
3605 1557 3671 1610 ad

2097 1653 2412 1694 conservum
2455 1643 2658 1707 currit,
2703 1642 2793 1711 qui
2834 1645 3175 1713 semetipsum
3215 1645 3400 1713 juvare
3452 1646 3675 1716 nequit?

2098 1728 2381 1799 Fugiamus
2411 1733 2566 1802 igitur
2619 1734 3042 1790 maledictionem
3092 1736 3256 1802 hanc,
3301 1754 3430 1801 oro,
3476 1750 3531 1791 et
3557 1755 3675 1791 om-

2097 1834 2217 1872 nem
2265 1834 2414 1890 Spem
2445 1822 2494 1874 iu
2537 1823 2700 1878 Deum
2743 1826 3138 1879 transferamus.
3189 1827 3288 1880 Ista
3331 1828 3473 1881 enim
3504 1828 3668 1881 solida

2096 1917 2178 1963 est
2204 1919 2253 1962 et
2299 1910 2583 1966 immobilis
2607 1921 2661 1967 et
2690 1915 2866 1967 nescia
2903 1915 3309 1982 vicissitudinis,
3338 1917 3489 1984 cujus
3520 1918 3672 1986 plena

2098 2009 2180 2052 est
2209 2000 2293 2052 illa
2319 2016 2475 2069 quam
2504 2003 2554 2055 in
2599 2002 2898 2058 hominibus
2925 2004 3202 2060 habemus.
3238 2007 3329 2060 Vel
3360 2008 3500 2060 enim
3533 2023 3678 2062 mors

2098 2089 2234 2143 tollit
2261 2090 2545 2145 lunnanum
2593 2095 2921 2162 praesidium,
2949 2104 3004 2148 et
3030 2110 3124 2148 eos
3148 2097 3236 2164 qui
3267 2096 3333 2149 ad
3364 2099 3462 2150 hoc
3487 2097 3674 2150 confu-

2096 2179 2275 2248 giunt,
2325 2181 2592 2236 solitarius
2637 2183 2909 2252 nudosque
2950 2185 3200 2254 relinquit
3246 2193 3347 2239 :et
3392 2185 3470 2239 vel
3519 2186 3676 2238 etiam

2096 2279 2220 2320 ante
2267 2280 2492 2324 mortem
2535 2273 2756 2325 mutatio
2801 2288 2977 2326 rerum
3025 2275 3283 2328 ambobus
3328 2275 3502 2329 omnia
3544 2290 3675 2328 vana

2097 2359 2287 2412 reddit.
2342 2360 2500 2414 Plena
2529 2370 2611 2415 est
2661 2363 2772 2416 hate
2815 2364 2917 2416 vita
2949 2365 3204 2433 exemplis
3233 2365 3443 2418 talibus.
3480 2365 3602 2419 Ideo
3633 2366 3666 2417 ii

2096 2459 2215 2518 post
2235 2458 2430 2522 tantam
2460 2452 2843 2519 experientiam
2877 2453 3025 2506 nttlla
3051 2455 3201 2507 venia
3231 2444 3354 2507 sua?
3382 2454 3555 2522 digni,
3591 2456 3675 2522 qui

2094 2539 2268 2594 adhuc
2311 2539 2539 2595 humano
2589 2543 2827 2595 nituntur
2873 2543 3148 2611 praesidio,
3181 2551 3235 2596 et
3272 2559 3412 2610 sa'pc
3441 2543 3669 2607 abillis,

2094 2629 2185 2697 qui
2235 2629 2313 2683 eis
2343 2631 2588 2699 opitulari
2639 2631 2986 2697 videbantur,
3039 2632 3240 2685 infinita
3291 2632 3429 2686 mala
3475 2632 3676 2688 ferunt.

2093 2719 2340 2789 Eousque
2365 2722 2506 2774 enim
2527 2722 2694 2776 crevit
2720 2722 2935 2786 malitia,
2961 2731 3012 2775 ut
3039 2722 3172 2776 mala
3205 2722 3495 2792 rependant
3519 2723 3674 2776 etiam

2097 2811 2164 2866 iis
2190 2813 2277 2882 qui
2310 2816 2453 2882 ipsos
2501 2828 2838 2882 summopere
2866 2813 3131 2867 colebant.
3169 2813 3361 2867 Verum
3387 2814 3524 2883 apud
3557 2815 3676 2867 uni-

2095 2917 2366 2955 versorum
2400 2903 2562 2956 Deum
2593 2918 2747 2957 secus
2783 2919 2868 2957 res
2897 2917 2955 2956 sc
2983 2901 3137 2956 habet
3165 2919 3179 2969 ;
3214 2918 3332 2955 nam
3361 2903 3480 2956 licet
3505 2903 3675 2972 quoﬁ-

2095 2991 2180 3046 die
2205 2992 2393 3063 ingrati
2425 2994 2622 3058 simus,
2653 2993 2914 3048 benefacit
2941 3005 3115 3048 tamen
3137 3035 3151 3061 ,
3181 3009 3385 3063 suoque
3426 2995 3676 3065 prmsidio

2096 3099 2193 3138 nos
2218 3100 2322 3138 non
2350 3084 2614 3148 destituit,
2647 3102 2752 3140 non
2797 3085 2863 3140 ad
2921 3087 3180 3156 ingratum
3212 3097 3451 3141 nostrum
3501 3086 3674 3154 τρειιί-

2093 3175 2240 3229 ciens
2265 3177 2519 3240 animum,
2540 3177 2631 3230 sed
2659 3177 2711 3230 in
2734 3176 2980 3232 omnibus
3010 3193 3105 3247 pro
3125 3191 3220 3231 sua
3246 3191 3409 3246 agens
3434 3176 3665 3230 clemen-

2096 3266 2202 3319 tia:
2234 3282 2336 3335 qua
2367 3267 2518 3320 nobis
2569 3269 2816 3322 omnibus
2865 3267 2964 3322 frui
3012 3268 3332 3323 concedatur
3359 3309 3372 3330 ,
3405 3269 3573 3334 gratia
3617 3276 3669 3321 ct

2094 3355 2454 3410 misericordia
2506 3357 2710 3410 Domini
2756 3360 2921 3410 nostri
2952 3357 3078 3412 .Icsu
3120 3356 3355 3424 Christi,
3403 3374 3522 3409 cum
3567 3371 3673 3424 quo

2095 3446 2234 3499 l‘atri
2275 3446 2430 3500 simul
2462 3459 2514 3500 et
2557 3448 2771 3517 Spiritui
2795 3457 2978 3501 sancto
3016 3448 3085 3502 sit
3112 3448 3277 3517 gloria
3303 3488 3317 3512 ,
3351 3447 3627 3514 imperium
3653 3487 3670 3509 ,

2093 3536 2293 3604 honor,
2341 3554 2482 3593 nunc
2511 3549 2562 3592 et
2606 3554 2848 3608 semper,
2889 3548 2942 3594 et
2992 3540 3042 3592 in
3084 3539 3276 3593 smcula
3331 3539 3666 3591 saeculorum.

2091 3627 2280 3682 Amen.

2624 3739 2902 3793 iIOMILIA
2979 3739 3136 3793 LVII.

2092 3853 2311 3906 Factum
2333 3861 2405 3905 est
2432 3862 2599 3904 autem
2626 3862 2887 3920 postquam
2913 3851 3101 3919 peperit
3131 3849 3322 3903 Rachel
3347 3846 3558 3918 Ioseph,
3585 3848 3666 3900 di-

2158 3944 2230 3998 xit
2258 3941 2419 3996 Iacob
2440 3942 2507 3994 ad
2535 3940 2703 3993 Luban
2735 3956 2754 3994 :
2780 3939 2988 3992 Dimitte
3013 3955 3105 4000 me,
3139 3948 3193 3990 ut
3222 3937 3394 3990 abeam
3422 3937 3472 3990 in
3501 3938 3665 3990 locum

2161 4051 2325 4089 meum
2345 4043 2389 4088 et
2417 4035 2470 4088 in
2496 4044 2678 4087 terram
2701 4049 2862 4087 meum
2881 4029 3033 4102 (Gen.
3049 4031 3136 4086 50.
3163 4030 3270 4099 25).

2161 4167 2478 4237 LExempla
2501 4176 2789 4220 sanctorum
2814 4165 3058 4217 imitanda
3093 4163 3235 4218 nobis
3275 4163 3507 4234 proponit
3532 4163 3670 4218 Scri-

2087 4269 2259 4328 ptura.
2293 4257 2679 4312 Mansuetudine
2720 4256 2848 4309 nihil
2883 4255 3116 4309 validius.
3149 4285 3219 4296 —-
3242 4254 3508 4323 Reliquias
3551 4253 3664 4308 heri

2087 4348 2346 4402 dictorum
2400 4357 2638 4402 nostrum
2673 4357 2754 4401 est
2778 4346 2935 4400 hodie
2963 4354 3151 4400 vestra:
3177 4345 3379 4400 caritati
3403 4345 3662 4412 reddere,

2087 4450 2144 4493 ut
2179 4455 2243 4493 ex
2289 4439 2372 4492 his
2401 4455 2515 4510 qua:
2547 4455 2686 4492 nunc
2731 4439 2978 4492 dicuntur
3007 4437 3273 4492 discentes
3301 4445 3353 4491 et
3381 4435 3664 4507 providen-

2089 4533 2211 4586 tiam
2243 4533 2362 4593 Dei.
2392 4548 2548 4602 quam
2586 4547 2708 4601 erga
2735 4530 2900 4585 Jacob
2927 4529 3240 4595 declaravit,
3260 4537 3312 4583 et
3334 4528 3459 4596 justi
3495 4529 3664 4597 pieta-

2088 4633 2193 4676 tem
2224 4632 2553 4692 schtantes,
2587 4622 2851 4676 imitemur
2879 4620 2993 4688 ejus
3021 4621 3284 4674 virtutem.
3313 4618 3497 4688 Neque
3515 4620 3658 4674 enim

2085 4719 2287 4785 absque
2329 4733 2486 4773 causa
2537 4717 2706 4771 sancti
2757 4716 2986 4785 Spiritus
3025 4715 3192 4785 gratia
3241 4715 3464 4784 scriptas
3511 4713 3669 4767 nobis

2086 4809 2297 4877 reliquit
2342 4809 2500 4863 hasce
2549 4809 2828 4871 historias,
2861 4806 2954 4861 sed
2998 4815 3054 4859 ut
3083 4807 3147 4860 ad
3187 4806 3578 4859 aemulationem
3609 4808 3666 4854 ct

2087 4901 2431 4955 imitationem
2484 4911 2746 4953 tantorum
2817 4899 3047 4952 virorum
3110 4905 3380 4966 provocet.
3440 4891 3664 4959 Quando

2086 4993 2227 5046 enim
2287 4991 2530 5045 audimus
2586 4989 2740 5057 hujus
2804 4989 3015 5057 quidem
3075 4985 3460 5050 obedientiam,
3513 4981 3664 5035 istius

2086 5093 2261 5137 autem
2305 5081 2716 5145 continentiam,
2748 5080 2891 5133 illius
2935 5093 3060 5132 vero
3087 5079 3137 5131 in
3186 5075 3479 5143 hospitibus
3508 5071 3658 5125 colli-

2085 5176 2270 5246 gelidis
2295 5173 2704 5227 sollicitudinem
2725 5213 2742 5238 ,
2773 5184 3124 5240 magnamque
3145 5166 3473 5234 singulorum
3499 5163 3666 5216 virtu-

2090 5279 2292 5329 tem,ac
2339 5263 2604 5336 quomodo
2664 5264 2992 5325 claruerint,
3056 5261 3122 5314 ad
3174 5257 3369 5313 similia
3425 5253 3662 5310 facienda

2085 5361 2400 5416 excitamur.
2443 5359 2552 5427 Age
2583 5356 2740 5424 igitur
2767 5355 2832 5408 ad
2864 5370 2924 5408 ea
2958 5367 3076 5422 qua:
3108 5351 3287 5405 relicta
3319 5357 3441 5403 sunt
3486 5348 3538 5401 in
3583 5346 3665 5401 Iti-

2085 5450 2248 5506 storia
2279 5449 2423 5503 illius
2443 5447 2568 5516 justi
2599 5445 2755 5499 hodie
2774 5443 3112 5509 accedentes,
3144 5441 3302 5496 tinent
3329 5442 3664 5510 imponamus

2084 5540 2335 5596 sermoni.
2378 5538 2466 5594 25.
2519 5536 2734 5590 Factum
2789 5543 2863 5589 est
2905 5544 3106 5599 autem,
3155 5533 3355 5602 inquit,
3403 5542 3663 5601 postquam

2083 5636 2275 5704 peperit
2309 5630 2494 5687 Rachel
2519 5627 2709 5698 Joseph
2729 5668 2746 5696 ,
2771 5625 2898 5683 dixit
2923 5624 3082 5681 Iacob
3106 5625 3172 5678 ad
3207 5622 3378 5677 Laban
3408 5639 3426 5674 :
3460 5621 3665 5676 Dimitte
