4150 6206
523 228 630 286 ιθδ

522 357 602 396 me
623 384 640 409 ,
668 352 727 398 ut
754 344 929 401 abeant
952 347 1003 401 in
1042 347 1207 401 locum
1250 364 1415 402 meum
1438 358 1484 402 et
1508 349 1561 402 in
1586 358 1775 403 terram
1803 367 1985 405 nteant.
2016 349 2109 405 26.

529 434 707 491 Redde
733 439 860 494 mihi
882 456 1065 493 uxores
1082 452 1130 493 et
1154 437 1289 507 ﬁlios
1308 455 1444 494 meos
1467 457 1562 510 pro
1587 441 1767 512 quibus
1792 444 1973 497 servivi
2001 442 2109 498 tibi.

528 524 661 581 Vide
685 527 815 598 justi
860 544 1104 599 magnam
1133 529 1186 582 in
1214 529 1405 584 all'ectu
1458 531 1775 601 probitatem
1796 575 1813 601 ,
1840 536 2112 605 quomodo

525 616 717 673 videns
738 620 1015 674 manifeste
1039 618 1202 674 Deum
1227 619 1307 674 sui
1335 618 1533 678 habere
1551 637 1733 678 curam
1759 666 1774 689 ,
1802 641 1906 680 non
1931 642 2111 697 super-

525 705 653 764 bivit
678 717 862 762 contra
894 707 1107 776 Laban,
1155 709 1248 764 sed
1292 725 1415 766 cum
1465 728 1654 783 magna
1702 718 2109 773 mansuetudine

524 794 696 861 dixit,
748 796 957 851 Dimitte
989 814 1097 865 me,
1152 809 1209 854 ut
1246 802 1442 856 abeam.
1496 802 1637 860 Vere
1677 806 1808 865 nihil
1854 823 2105 863 mansue-

523 886 705 942 tudine
749 888 1010 957 validius,
1056 892 1188 948 nihil
1250 898 1554 966 potentius.
1594 898 1730 955 Vide
1758 900 1916 971 igitur
1969 915 2107 971 quo-

525 978 683 1033 mmlo
730 981 959 1050 primum
1031 988 1436 1046 mansuetudine
1486 1007 1617 1049 usus
1654 1033 1669 1057 ,
1721 994 1899 1051 etl'ecit
1945 1005 2002 1050 ut
2053 1005 2109 1053 et

525 1070 700 1127 Laban
740 1089 931 1146 magna
968 1078 1017 1132 ei
1056 1077 1425 1138 benevolentia
1454 1085 1834 1155 responderit.
1873 1088 1964 1144 27.
2010 1089 2106 1143 Di-

517 1162 591 1216 xit
624 1164 757 1218 enim
781 1166 857 1233 ei,
888 1167 1097 1238 inquit,
1138 1168 1312 1226 Laban
1340 1190 1361 1227 :
1408 1174 1470 1229 Si
1494 1175 1661 1231 inveni
1695 1179 1912 1248 gratiam
1936 1196 2107 1235 coram

519 1263 568 1305 te
591 1295 606 1319 ,
646 1255 893 1325 siquidem
929 1262 1213 1330 conjectare
1246 1275 1381 1317 certe
1418 1282 1623 1334 possunt
1658 1270 1798 1338 quod
1836 1271 2105 1327 benedixe-

518 1343 685 1398 ritate
707 1343 846 1402 Deus
870 1347 923 1402 in
948 1349 1172 1420 ingressu
1194 1361 1281 1406 tuo
1299 1354 1416 1412 .‘28.
1445 1353 1632 1410 Indica
1662 1359 1791 1413 mihi
1828 1362 2106 1417 mercedem

520 1444 680 1500 tuam,
709 1446 759 1490 et
804 1437 959 1495 dabo.
986 1439 1100 1495 Non
1149 1441 1337 1512 ignoro
1359 1485 1375 1511 ,
1409 1446 1613 1515 inquit,
1647 1459 1769 1518 post
1814 1450 2103 1509 adventum

504 1535 668 1589 tuum
688 1529 1095 1599 locupletiorem
1118 1535 1245 1589 mihi
1267 1536 1498 1593 divinam
1528 1539 1951 1599 benevolentiam
1976 1560 2107 1601 con-

501 1614 726 1688 tigisse.
754 1618 918 1690 Igitur
944 1624 1066 1692 quia
1103 1627 1278 1681 sentio
1300 1627 1557 1684 beneficia
1584 1647 1704 1702 qua:
1727 1634 1856 1687 mihi
1887 1646 2107 1708 prOpter

522 1999 676 2051 mus;
706 1988 800 2043 sed
821 1990 1039 2045 attende
1067 1997 1339 2064 quomodo
1358 1998 1536 2068 justus
1568 2019 1739 2074 neque
1767 2010 2101 2077 cogitaverit,

521 2089 695 2144 neque
740 2082 1070 2139 mentionem
1098 2085 1299 2153 iecerit,
1338 2105 1511 2161 neque
1555 2097 1857 2165 requisierit
1898 2116 2105 2158 mercc-

516 2164 640 2220 dem
692 2168 1093 2239 laborum;sed
1142 2177 1243 2233 hoc
1272 2181 1443 2236 solum
1486 2164 1720 2255 dixerit,
1751 2189 1929 2247 Redde
1980 2196 2105 2250 mihi

519 2274 704 2314 uxores
727 2270 774 2315 et
794 2262 977 2318 liberos
1006 2283 1099 2335 pro
1132 2270 1313 2339 quibus
1333 2274 1511 2328 servivi
1540 2276 1659 2344 tibi,
1688 2292 1742 2333 ut
1770 2282 1943 2336 abeam
1969 2300 1988 2339 :
2014 2286 2103 2342 ille

519 2351 781 2405 reveritus
795 2352 923 2422 justi
948 2371 1191 2428 magnam
1217 2365 1543 2432 aequitatem,
1574 2369 1745 2441 inquit
1777 2391 1791 2427 :
1824 2374 1914 2430 Dic
1942 2392 2101 2447 quam

518 2439 597 2493 vis
628 2441 719 2497 tibi
746 2446 1051 2502 mercedem
1082 2464 1110 2503 a
1138 2467 1226 2506 me
1252 2454 1402 2522 dari,
1424 2468 1477 2513 et
1496 2439 1919 2534 illamvprompte
1939 2439 2101 2526 dabo.

520 2530 711 2586 Annon
742 2548 863 2587 cum
896 2536 1014 2606 ipso
1040 2551 1195 2596 erant
1227 2547 1483 2605 mulieres
1512 2561 1566 2606 et
1594 2530 1782 2622 pueri?
1802 2530 1978 2624 Quare
2005 2561 2106 2633 igi-

522 2627 610 2674 tur
629 2622 793 2690 dixit,
819 2624 996 2683 Redde
1022 2632 1147 2686 mihi
1173 2651 1354 2691 uxores
1378 2649 1425 2693 et
1444 2658 1628 2711 pueros
1649 2647 1675 2700 ?
1702 2622 1869 2719 Digne
1900 2622 2106 2710 honore

517 2724 643 2765 eum
691 2728 1049 2787 prosequutus
1077 2732 1196 2791 est,
1231 2742 1496 2801 suumque
1538 2752 1742 2794 morem
1795 2760 1889 2812 per
1923 2747 2103 2803 omnia

517 2798 792 2868 observat,
817 2815 871 2860 et
901 2808 1067 2866 libere
1095 2813 1371 2874 discedere
1397 2798 1667 2883 vult.Vide
1696 2798 1855 2900 igitbr
1874 2849 1938 2889 ex
1973 2851 2098 2892 ver-

520 2889 601 2942 bis
627 2890 754 2961 ipsis
782 2900 1052 2965 quomodo
1076 2910 1299 2963 attraxit
1320 2910 1613 2983 Labanum,
1632 2929 1687 2973 ut
1714 2889 1775 2977 se
1798 2889 2101 2985 mercedem

518 2980 770 3038 daturum
800 3000 992 3056 sponte
1023 2997 1334 3065 promittat,
1366 3013 1524 3074 atque
1552 3009 1869 3069 electionem
1901 3019 1949 3072 ei
1978 3034 2103 3090 per-

518 3073 713 3127 mittat.
764 3078 901 3146 Quid
948 3082 1109 3153 igitur
1154 3073 1528 3157 justus?Vide
1576 3105 1934 3164 excellentem
1978 3073 2105 3182 “ejus

522 3173 1009 3245 mansuetudinem,
1034 3186 1301 3251 quomodo
1329 3205 1503 3262 neque
1528 3197 1607 3252 sic
1631 3214 1890 3259 onerosus
1911 3215 1965 3260 et
1991 3223 2108 3263 mo-

523 3254 690 3355 lestus
717 3272 803 3316 est
847 3264 1084 3326 Labano.
1117 3273 1222 3331 Sed
1244 3280 1370 3348 quid
1388 3254 1613 3354 {Ipsum
1646 3254 2105 3355 testem—facitusui

520 3344 741 3406 affectus
769 3363 825 3408 et
848 3356 1147 3420 ofﬁciorum
1178 3383 1423 3437 suorum,
1455 3387 1508 3431 et
1539 3395 1651 3435 sua:
1677 3386 1821 3439 omni
1867 3397 2105 3460 tempore

520 3438 569 3460 2..
606 3440 687 3460 211-
766 3458 775 3460 ~
851 3447 862 3458 '
957 3450 970 3460 ⁸
1039 3454 1050 3460 ⁸

520 3438 573 3491 in
605 3440 695 3495 illo
722 3447 1007 3506 serviendo
1038 3454 1451 3521 benevolentia).
1473 3468 1563 3525 29.
1590 3470 1669 3526 Tu
1692 3477 1825 3529 nosti
1845 3519 1861 3543 ,
1891 3438 2062 3552 iuq'uit
2084 3524 2101 3550 ,

520 3532 739 3593 qualiter
766 3538 857 3592 tibi
893 3545 1149 3602 servierint
1180 3550 1196 3582 ‘
1218 3593 1233 3617 ,
1273 3564 1320 3607 et
1359 3572 1551 3627 quanta
1594 3565 1782 3635 fuerint
1807 3532 1987 3637 pecori:
2016 3532 2103 3629 tut;

521 3635 732 3679 mecum.
758 3627 847 3683 50.
876 3630 1050 3690 Parva
1072 3642 1206 3695 enim
1242 3656 1384 3700 erant
1412 3627 1709 3723 coram'me,
1740 3667 1787 3710 et
1807 3627 1960 3713 nacta
1984 3674 2103 3719 sunt

521 3808 696 3918 pedem
721 3830 887 3918 meum
909 3834 928 3873 :
953 3837 1089 3879 nunc
1116 3827 1272 3898 igitur
1295 3838 1501 3900 quando
1539 3840 1727 3909 faciam
1770 3856 1817 3899 et
1853 3864 1943 3918 ego
1977 3808 2103 3908 milii

515 3897 614 3999 ipsi
635 3902 841 3962 domum
860 3909 888 3964 7
910 3912 985 3968 Te
1008 3897 1351 3980 Vocoitestetn
1373 3897 1615 3987 laborum

516 3990 659 4045 cutim
683 4008 886 4101 quanto
914 4007 1092 4061 studio
1121 4022 1172 4065 et
1203 4013 1306 4070 ﬁde
1335 4021 1513 4076 omnia
1550 4024 1969 4087 adtniuistrarim
1990 4074 2007 4101 ,
2036 4051 2101 4092 ac

515 4084 785 4147 ‘luommlo
832 4089 884 4143 in
931 4107 1098 4161 parvo
1143 4117 1366 4160 numero
1409 4116 1706 4181 acceperim
1742 4135 1934 4188 pecora
1973 4134 2095 4191 tua,

522 4183 633 4191 μ--
864 4181 895 4191 ,.
989 4184 1000 4191 .
1042 4185 1074 4191 __
1180 4190 1183 4191 ν

517 4183 637 4238 qua:
656 4172 930 4245 diligentia
951 4184 1329 4262 vigilantiaque
1356 4212 1469 4251 mea
1500 4200 1551 4254 in
1581 4172 1785 4261 tantum
1815 4226 2094 4270 numerum

517 4274 762 4321 crescere
799 4274 1002 4328 curavi.
1037 4278 1239 4337 Deinde
1268 4299 1573 4346 monstrans
1602 4310 1751 4350 suam
1784 4300 2094 4371 religionem

1785 4350 2094 4371 ,_-_°---.-...

520 4350 689 4423 inquit
714 4375 728 4411 :
760 4358 1025 4420 Benedixit
1063 4372 1197 4425 enim
1222 4384 1270 4426 te
1296 4374 1544 4435 Dominus
1585 4385 1654 4437 ad
1680 4388 1856 4454 pedem
1887 4410 2052 4447 meum
2077 4412 2098 4451 :

517 4460 652 4500 nunc
680 4449 838 4520 igitur
861 4459 1065 4525 quando
1087 4465 1273 4531 faciam
1303 4478 1351 4523 et
1373 4487 1465 4541 ego
1490 4476 1615 4530 mihi
1638 4449 1881 4537 domum?
1911 4484 2095 4543 Vidisti

516 4537 679 4593 etiam
729 4544 842 4612 ipse
885 4558 1004 4619 post
1056 4568 1233 4611 meum
1274 4560 1557 4619 adventum
1594 4572 1819 4639 gratiam
1860 4576 2094 4634 divinam

519 4634 638 4683 tuas
667 4636 881 4692 auxisse
908 4640 1205 4704 facultates.
1238 4650 1387 4708 Nunc
1418 4634 1884 4731 igiturIquoniam
1916 4679 1970 4723 et
1995 4686 2095 4742 ego

512 4732 634 4786 qua!
656 4736 788 4779 meae
812 4742 965 4787 erant
994 4732 1260 4795 facultatis
1288 4747 1465 4801 omnia
1498 4765 1686 4822 magna
1707 4756 1871 4810 animi
1900 4732 2094 4817 alactti-

516 4820 627 4917 tate
656 4814 858 4874 faciens
878 4863 894 4889 ,
927 4826 1281 4890 ministerium
1314 4838 1534 4908 perfeci,
1565 4814 1618 4899 et
1646 4849 1818 4917 gratia
1848 4851 1941 4908 Dei
1981 4870 2093 4909 ma-

518 4904 711 5013 nifesta
733 4911 841 4967 visa
863 4924 945 4971 est
961 4936 975 4973 :
992 4919 1196 4990 justum
1223 4904 1388 4987 est—ut
1409 4943 1464 4989 et
1492 4904 1592 5008 ego
1616 4904 1743 4995 mihi
1774 4942 1872 5013 ipsi
1899 4945 2090 5004 faciam

515 4996 755 5103 dpmum.
782 5003 918 5072 Quid
956 5022 1037 5065 est
1069 5055 1084 5079 ,
1124 5015 1252 5073 Mihi
1294 5021 1482 5081 faciam
1523 4996 1740 5086 domum
1765 4996 1872 5091 {lvd

514 5087 762 5148 libertate
802 5108 983 5165 postea
1029 5118 1233 5174 verser,
1266 5120 1321 5166 et
1359 5128 1541 5172 curam
1591 5119 1783 5178 domus
1824 5142 1958 5183 mea:
1987 5087 2093 5185 vlta-

514 5182 692 5237 beam.
727 5185 851 5243 litec
876 5201 933 5246 ut
962 5194 1164 5251 audivit
1194 5199 1397 5273 Laban,
1430 5207 1516 5263 3t.
1546 5210 1694 5268 Dixit
1714 5217 1761 5271 ei
1790 5234 1810 5271 :
1837 5219 1973 5287 Quid

510 5274 639 5376 dabo
656 5277 683 5331 .’
708 5279 843 5346 Quid
876 5285 954 5339 vis
973 5303 1001 5342 a
1022 5305 1106 5346 me
1137 5294 1235 5349 tibi
1264 5296 1417 5355 dari?
1439 5303 1709 5361 Confiteor
1733 5274 1897 5376 enim,
1927 5325 1982 5370 et
2010 5274 2090 5371 in;

512 5366 660 5424 flcias
688 5386 793 5426 non
833 5389 899 5430 eo
928 5391 942 5431 :
971 5380 1083 5434 scio
1108 5386 1249 5442 enim
1291 5404 1486 5460 quanta
1520 5396 1647 5453 mihi
1681 5398 1878 5458 fuerint
1915 5420 1945 5459 a
1978 5407 2089 5465 Deo

510 5456 653 5528 data,
683 5472 737 5518 et
785 5467 926 5537 quod
984 5456 1324 5535 benedixerit—
1365 5499 1450 5541 me
1489 5486 1628 5544 Deus
1668 5490 1733 5546 ad
1786 5456 2085 5567 ingressum

558 5622 574 5655 ⁸
613 5622 828 5690 Quatuor
852 5637 977 5693 Mss,
1002 5646 1112 5696 qua
1137 5638 1221 5691 tibi
1243 5642 1479 5697 dederim.

1291 232 1344 289 s.
1387 232 1663 288 JOANNIS
1697 231 2173 290 cnnvsosrout
2212 235 2527 297 ARCHIEP.
2566 242 3091 308 CONSTANTINOP.

3705 267 3810 323 £96

2225 362 2396 411 tuutn.
2420 357 2565 415 Dixit
2592 375 2763 420 autem
2803 368 2853 422 ei
2891 369 3056 425 Iacob
3082 389 3104 428 :
3134 371 3255 430 Non
3305 376 3451 434 dabis
3499 382 3623 437 mihi
3658 387 3810 454 quid-

2220 459 2397 513 quam.
2420 447 2483 503 Si
2503 464 2619 505 vero
2638 453 2816 522 feceris
2832 459 3031 514 verbum
3058 463 3225 530 istud,
3255 467 3435 521 iterum
3462 447 3809 538 pascam'oves

2217 544 2350 591 tuas.
2375 538 2513 595 Nihil
2542 544 2665 599 volo
2688 562 2717 600 a
2748 556 2800 603 te
2828 554 3088 609 mercedis
3120 559 3338 613 nomine
3366 572 3675 631 reportare.
3707 568 3801 622 sed

2218 626 2321 683 hoc
2368 638 2572 687 tantum
2629 638 2770 705 quod
2824 640 2943 696 dico
2989 647 3299 716 suscipere,
3329 660 3384 706 et
3415 626 3608 708 lterum
3650 674 3803 723 pasco

2214 810 2338 879 quia
2364 816 2600 881 speravit
2627 816 2679 870 in
2709 820 2914 876 auxilio
2943 823 3158 892 divino,
3188 830 3364 898 qualia
3397 810 3658 901 proponat
3703 810 3803 892 La;

2214 900 2373 956 bono.
2400 905 2489 960 52.
2527 906 2874 981 Prwtereant,
2907 916 3113 986 inquit,
3159 935 3273 974 oves
3300 931 3401 976 tute
3445 924 3683 998 hodie,“
3722 947 3775 984 se

2213 1010 2367 1064 grega
2401 996 2542 1052 illinc
2569 1018 2767 1056 omnem
2794 1022 2935 1060 ovem
2982 1009 3180 1076 fuscam
3222 1012 3277 1064 in
3329 1014 3513 1084 agnis,
3544 1027 3593 1070 et
3630 1022 3798 1075 omnis

2212 1087 2533 1143 subalbicans
2574 1103 2620 1145 et
2664 1097 2919 1151 maculosa
2958 1099 3010 1153 in
3060 1101 3229 1171 capris
3269 1104 3366 1157 erit
3415 1106 3543 1160 mihi
3590 1125 3800 1165 merces.

2213 1177 2303 1234 53.
2334 1178 2401 1232 Et
2429 1183 2661 1237 exaudiet
2689 1202 2767 1238 me
2779 1188 2984 1257 jnstitia
3013 1205 3124 1243 mea
3146 1191 3201 1245 in
3221 1192 3305 1247 die
3328 1196 3573 1265 crastino,
3591 1199 3709 1268 quia
3731 1212 3806 1254 est

2213 1286 2401 1326 merces
2422 1289 2531 1328 mea
2546 1291 2717 1330 coram
2749 1287 2797 1332 te
2818 1295 2837 1331 :
2859 1297 3008 1335 onme
3035 1283 3172 1353 quod
3191 1301 3293 1339 non
3314 1290 3469 1358 fuerit
3490 1292 3804 1347 maculosum

2212 1370 2258 1416 et
2284 1364 2421 1419 varie
2438 1367 2664 1423 albicans
2692 1371 2743 1424 in
2767 1373 2958 1443 capris,
2977 1383 3024 1429 et
3044 1376 3180 1446 quod
3206 1378 3378 1449 rufum
3397 1381 3448 1434 in
3472 1385 3643 1453 agnis,
3664 1388 3802 1455 furto

2211 1453 2466 1510 sublatum
2495 1460 2589 1513 erit
2611 1477 2643 1514 a
2668 1478 2766 1516 me.

2281 1545 2335 1598 9.
2377 1551 2663 1607 Considera
2703 1553 2829 1622 justi
2887 1558 3239 1625 prudentiam.
3288 1565 3545 1633 Quoniam
3584 1570 3791 1627 sciebat

2211 1647 2406 1706 quanta
2432 1640 2531 1693 sibi
2554 1657 2784 1713 superne
2806 1649 2973 1717 gratia
2998 1650 3363 1722 aﬂ‘ulgoret,et
3387 1657 3667 1716 videbatur
3691 1662 3795 1717 sibi

2210 1732 2502 1788 secundum
2531 1747 2735 1792 natura:
2757 1741 2999 1797 ordinem
3030 1745 3113 1799 vel
3136 1746 3355 1803 difficile
3383 1766 3501 1805 esse
3524 1794 3540 1818 ,
3572 1754 3655 1808 vel
3680 1772 3802 1808 om-

2212 1821 2340 1875 nino
2369 1822 2699 1893 impossibile
2728 1834 2929 1895 (rarum
2962 1833 3107 1888 enim
3132 1844 3215 1890 est
3243 1838 3449 1893 varium
3492 1855 3611 1897 esse
3647 1844 3802 1898 colo-

2210 1925 2322 1964 rem
2347 1914 2604 1981 pecudum
2629 1931 2817 1974 recens
2846 1922 3137 1996 natarum),
3161 1925 3273 1981 lucc
3299 1929 3432 1998 petit
3458 1930 3525 1984 ab
3553 1947 3639 1997 eo,
3660 1935 3799 1989 unde

2212 2002 2451 2070 petitioni
2479 2004 2595 2073 ejus
2624 2005 2802 2062 Laban
2833 2011 3011 2066 statim
3048 2016 3255 2081 annuit,
3287 2027 3341 2072 et
3372 2019 3583 2089 inquit:
3609 2023 3693 2077 54.
3720 2024 3802 2079 Sit

2203 2092 2360 2162 juxta
2390 2096 2590 2149 verbum
2614 2109 2773 2153 tuum.
2799 2102 2888 2156 53.
2920 2102 2984 2156 Et
3010 2106 3178 2160 divisit
3198 2109 3250 2161 in
3276 2109 3359 2163 die
3380 2110 3471 2165 illa
3501 2112 3668 2168 hircos
3696 2133 3800 2168 ma-

2211 2182 2410 2237 culoso:
2436 2195 2481 2239 et
2501 2186 2871 2246 subalbicantes
2890 2235 2905 2258 ,
2938 2204 2985 2248 et
3011 2212 3183 2252 omnes
3217 2216 3399 2268 capras
3430 2206 3711 2259 maculosus
3753 2218 3801 2261 et

2210 2272 2597 2341 subalbicantes,
2627 2289 2671 2332 et
2704 2297 2852 2337 omne
2893 2287 3029 2353 quod
3068 2298 3174 2342 erat
3208 2290 3260 2344 in
3305 2292 3377 2344 eis
3422 2295 3728 2362 candidum,
3756 2307 3802 2351 et

2213 2378 2360 2419 omne
2379 2368 2515 2436 quod
2534 2380 2640 2423 erat
2674 2374 2872 2442 fuscum
2911 2377 2963 2429 in
3000 2378 3192 2446 ovibus,
3213 2390 3259 2434 et
3288 2381 3424 2435 dedit
3463 2402 3555 2452 per
3596 2403 3802 2442 manum

2214 2454 2437 2524 ﬁliorum
2460 2475 2664 2515 suorum
2694 2480 2713 2517 :
2741 2466 2828 2521 36.
2849 2477 2897 2521 et
2924 2470 3040 2538 fecit
3055 2470 3242 2526 distare
3269 2474 3395 2528 viam
3426 2478 3579 2531 trium
3607 2479 3803 2535 dierum

2213 2544 2343 2599 inter
2367 2563 2427 2600 ea
2447 2560 2493 2602 et
2518 2550 2647 2604 inter
2670 2551 2850 2608 Iacob.
2875 2555 3171 2626 Separavnt,
3194 2560 3379 2630 inquit,
3400 2580 3589 2636 greges
3611 2583 3803 2623 secun-

2213 2635 2341 2691 dum
2370 2643 2782 2709 propositionem
2812 2646 2979 2703 Iacob
3002 2690 3016 2713 ,
3051 2660 3105 2704 et
3132 2651 3280 2708 dedit
3306 2655 3428 2710 liliis
3458 2635 3569 2713 suis
3594 2678 3609 2714 :
3638 2659 3801 2718 Iacob

2215 2738 2380 2783 autem
2421 2734 2556 2801 pavit
2603 2737 2817 2805 pecudes
2841 2738 3015 2794 Laban
3043 2742 3282 2814 reliquas.
3315 2747 3632 2813 Qualesnam
3679 2754 3801 2810 hac?

2215 2819 2424 2876 Nullam
2457 2824 2660 2880 scilicet
2704 2828 2960 2886 habentes
2991 2835 3190 2889 coloris
3216 2838 3547 2894 varietatem.
3568 2841 3679 2897 lloc
3706 2858 3801 2897 au-

2216 2921 2322 2967 tem
2372 2923 2538 2970 totum
2580 2917 2773 2974 factum
2827 2933 2928 2990 est,
2961 2935 3017 2978 ut
3056 2925 3232 2995 justus
3253 2929 3429 2999 reipsa
3472 2942 3798 3003 compertam

2216 3002 2437 3060 haberet
2468 3006 2559 3063 Dei
2588 3024 2714 3080 erga
2746 3026 2804 3067 se
2846 3014 3272 3085 providentiam,
3302 3031 3356 3075 et
3390 3021 3569 3077 Laban
3598 3002 3801 3081 videret

2214 3105 2469 3164 quantum
2496 3099 2590 3155 Dei
2630 3102 2882 3158 auxilium
2912 3104 3134 3162 haberet
3156 3108 3339 3165 Jacob.
3359 3113 3447 3167 57.
3476 3113 3681 3185 Accepit
3702 3132 3799 3170 au-

2215 3193 2312 3237 tem
2340 3185 2526 3255 Iacob,
2561 3190 2749 3261 inquit,
2772 3194 2867 3247 sibi
2921 3196 3109 3267 virgam
3159 3203 3463 3270 styracinnm
3500 3205 3708 3259 viridem
3751 3216 3799 3262 el

2212 3277 2590 3346 amygdalinam
2613 3290 2658 3334 et
2685 3284 2898 3352 platani,
2930 3296 2976 3339 et
2997 3288 3319 3345 dccorticarit
3343 3291 3504 3348 Iacob
3531 3312 3613 3349 eas
3633 3297 3685 3350 in
3711 3298 3799 3353 de-

2211 3365 2583 3422 corticationem
2618 3371 2823 3438 albam,
2855 3373 3103 3432 abradens
3119 3381 3255 3449 quod
3299 3384 3495 3449 viride;
3521 3389 3799 3455 apparebat

2211 3463 2378 3508 autem
2400 3456 2449 3509 in
2478 3459 2629 3530 virgis
2650 3463 2839 3524 album.
2868 3467 3003 3539 quod
3027 3470 3359 3527 decorticarat
3384 3477 3590 3532 varium.
3610 3478 3699 3533 58.
3726 3478 3797 3534 Et

2210 3546 2451 3615 apposuit
2476 3551 2661 3622 virgas,
2680 3571 2805 3623 quas
2824 3558 3164 3627 decorticaeit,
3187 3563 3239 3617 in
3261 3566 3460 3620 canales
3483 3571 3793 3639 aquatorios,

2212 3649 2266 3693 ut
2290 3656 2403 3693 cum
2431 3645 2648 3697 venirent
2669 3648 2882 3716 pecudes
2903 3650 2971 3703 ad
2999 3650 3287 3721 bibendum,
3313 3658 3626 3728 conciperent
3643 3679 3795 3731 pecu-

2209 3731 2296 3785 des
2333 3735 2605 3790 secundum
2635 3738 2819 3809 virgas.
2861 3739 2951 3796 59.
2981 3740 3047 3795 Et
3086 3745 3432 3815 concipiebant
3468 3754 3681 3819 pecudes
3706 3770 3790 3808 se-

2206 3824 2427 3878 cundum
2457 3826 2620 3898 virgas
2640 3870 2655 3895 ,
2686 3839 2731 3882 et
2764 3843 3062 3901 pepererunt
3088 3836 3299 3905 pecudes
3320 3838 3582 3906 subalbas,
3615 3860 3793 3896 macu-

2206 3916 2342 3971 losas
2383 3929 2429 3972 et
2458 3922 2692 3976 cinericio
2732 3922 2900 3978 colore
2953 3942 3179 3995 sparsas.
3214 3930 3335 3982 llazc
3380 3929 3583 3987 faciens
3616 3934 3793 4003 justus

2208 4024 2312 4062 non
2350 4024 2379 4061 a
2409 4010 2587 4079 seipso
2635 4013 2970 4080 movebatur,
3001 4016 3096 4069 sed
3126 4017 3419 4084 inspirante
3467 4024 3632 4077 lllcllll
3677 4026 3793 4095 ejus

2205 4110 2437 4164 snperua
2485 4099 2675 4168 gratia.
2725 4092 2908 4169 Neque
2947 4103 3238 4156 secundum
3287 4117 3490 4162 natura:
3543 4112 3790 4169 ordinem

2203 4198 2321 4242 erat
2349 4188 2490 4257 quod
2522 4188 2714 4256 fiebat,
2762 4192 2859 4247 sed
2907 4193 3059 4248 valde
3101 4194 3448 4263 admirabile,
3481 4210 3536 4254 et
3582 4210 3791 4260 natura:

2204 4277 2418 4333 modum
2452 4281 2852 4339 transcenderis.
2884 4283 2974 4337 40.
3008 4282 3071 4336 Et
3091 4299 3269 4355 agnos,
3298 4286 3499 4357 inquit,
3532 4293 3786 4365 distinxit,

2202 4382 2250 4422 et
2274 4370 2446 4423 statuit
2476 4386 2647 4424 coram
2672 4373 2843 4426 ovibus
2884 4374 3092 4427 arietem
3126 4376 3514 4433 subalbicantem
3530 4397 3550 4446 ;
3571 4394 3614 4435 et
3640 4402 3788 4443 omne

2201 4461 2396 4513 varium
2422 4461 2473 4514 in
2502 4462 2675 4516 ovibus
2698 4477 2717 4515 :
2740 4472 2788 4516 et
2805 4465 3058 4533 separavit
3084 4482 3198 4521 oves
3225 4485 3363 4536 snas,
3392 4480 3558 4527 etnon
3589 4476 3784 4533 miscuit

2200 4568 2285 4606 eas
2304 4570 2417 4607 cum
2447 4556 2618 4608 ovibus
2644 4553 2837 4609 Laban.
2862 4556 3051 4612 Postea
3081 4561 3203 4629 quia
3233 4562 3413 4617 omnia
3438 4580 3557 4635 qme
3589 4583 3778 4623 nasce-

2201 4644 2413 4709 bantur,
2444 4655 2597 4700 erant
2627 4647 2747 4700 talia
2776 4649 2949 4717 qualia
2979 4654 3273 4722 proposuit,
3307 4659 3572 4725 separavit
3596 4674 3655 4713 ea
3685 4700 3699 4725 ,
3728 4673 3779 4715 et

2200 4735 2325 4790 fecit
2353 4736 2452 4790 sibi
2492 4751 2682 4806 greges
2724 4748 3017 4807 separatos.
3059 4741 3149 4796 4|.
3173 4740 3391 4798 Factum
3427 4757 3500 4800 est
3529 4758 3698 4802 autem
3728 4751 3781 4805 in

2199 4836 2421 4897 tempore
2444 4844 2543 4898 quo
2570 4830 2858 4899 concipiunt
2878 4848 2992 4887 oves
3019 4835 3243 4904 gravida:
3261 4877 3277 4902 ,
3310 4838 3475 4906 posuit
3493 4838 3652 4893 Iacob
3680 4843 3781 4897 vir-

2198 4935 2314 4989 gam
2336 4935 2504 4972 coram
2530 4921 2703 4975 ovibus
2723 4922 2772 4975 in
2793 4925 3069 4991 canalibus,
3094 4936 3145 4978 ut
3168 4928 3481 4995 conciperent
3500 4930 3654 5000 juxta
3679 4935 3780 4988 vir-

2200 5025 2313 5080 gas.
2346 5009 2432 5063 42.
2467 5009 2683 5074 Quando
2721 5023 2887 5067 autem
2926 5014 3183 5083 pariebant
3212 5032 3359 5081 ores,
3402 5033 3502 5071 non
3540 5024 3774 5090 ponebat.

2198 5099 2362 5154 Facta
2385 5113 2553 5155 autem
2579 5111 2693 5155 sunt
2722 5119 2823 5157 non
2851 5106 3046 5175 signata
3072 5103 3269 5169 Laban,
3300 5106 3500 5174 signata
3535 5126 3648 5165 vero
3673 5111 3768 5165 Ia-

2195 5192 2284 5247 cob
2306 5210 2327 5260 ;
2353 5194 2442 5250 45.
2466 5206 2511 5249 et
2532 5194 2720 5249 ditatus
2744 5204 2815 5249 est
2840 5197 2988 5250 homo
3007 5197 3152 5251 valde
3179 5198 3344 5252 valde.
3373 5200 3509 5270 Quid
3542 5204 3650 5259 vult
3672 5206 3771 5260 sibi

2195 5285 2285 5340 illa
2341 5286 3045 5356 repetitio?Abundantiam
3109 5289 3329 5347 multam
3388 5293 3763 5363 signiﬁcatzet

2193 5392 2315 5432 eum
2360 5392 2463 5432 non
2496 5377 2656 5433 modo
2703 5377 2948 5447 ditatum,
2976 5379 3068 5435 sed
3117 5391 3168 5436 et
3219 5382 3504 5441 admodum
3548 5389 3769 5444 ditatum

2192 5466 2378 5522 fuisse.
2412 5465 2461 5520 F
2462 5477 2643 5521 uerunt
2670 5468 2811 5522 enim
2837 5469 2912 5535 ei,
2944 5471 3130 5540 inquit,
3162 5488 3343 5541 pecora
3375 5474 3533 5528 multa
3561 5486 3607 5531 et
3628 5480 3769 5533 boves

2191 5569 2237 5613 et
2262 5558 2390 5613 servi
2413 5568 2462 5613 et
2487 5560 2707 5615 ancillis.
2735 5558 2841 5616 Sed
2878 5560 2997 5617 vide
3022 5561 3107 5616 hic
3133 5561 3322 5617 iterum
3345 5564 3488 5633 justo
3518 5567 3765 5624 invidiam

2197 5649 2362 5706 nasci.
2396 5651 2447 5707 l.
2481 5650 2681 5706 Audiuit
2722 5665 2862 5707 enim
2882 5687 2899 5719 ,
2929 5652 3127 5722 inquit,
3157 5654 3303 5709 verba
3328 5655 3549 5723 ﬁliorum
3596 5657 3766 5715 Laban
