4150 6206
489 319 592 373 ιω

485 436 679 494 τιῦθεν
709 438 1022 507 τικτόμενον
1047 436 1124 504 τῷ
1153 435 1365 505 δικαίῳ.
1407 436 1676 488 ἰικουσε
1704 431 1814 503 γὰρ
1847 432 1919 485 τὰ
1951 429 2063 498 ρή-

488 539 642 590 ματα
672 519 790 574 τῶν
821 519 967 574 υιῶν
997 517 1199 572 Λάϐαν
1221 518 1544 586 λεγόντων
1568 517 1838 585 Είληφεν
1864 513 2076 568 Ἰακὼϐ

492 600 688 659 πάντα
733 602 805 657 τὰ
849 599 957 655 τοῦ
991 599 1216 668 πατρὸς
1252 598 1462 669 ἡμῶν,
1514 598 1615 652 καί
1667 599 1735 652 ἐκ
1793 595 1912 650 τῶν
1965 597 2070 650 τοῦ

493 687 716 755 πατρὸς
739 683 906 753 ήμῶν
923 683 1215 751 πεποίηκε
1244 681 1453 738 πᾶσαν
1478 681 1594 752 τὴν
1616 681 1806 746 δόξαν
1824 679 2067 746 ταύτην.

496 771 634 838 Ὅρα
682 765 800 830 πῶς
831 767 864 836 ή
899 764 1164 835 βασκανία
1195 767 1276 831 είς
1317 765 1712 837 ἀγνωμοσύνην
1745 763 1941 828 αὐτοὺς
1987 763 2073 815 ἐν·

495 851 690 922 ἠγαγε,
731 849 825 902 καὶ
861 848 958 901 οὐκ
988 849 1186 913 αὐτοὺς
1215 849 1397 920 μόνον,
1443 847 1580 901 ἀλλά
1611 849 1704 901 καὶ
1726 846 1874 918 [551]
1910 843 2072 900 αὐτὸν

494 930 812 986 τὸνἋάϐαν.
841 929 978 984 Είδε
1003 932 1134 1003 γάρ,
1166 932 1353 1003 φησὶν,
1403 931 1615 986 Ἰακὼϐ
1649 929 1716 983 τὸ
1749 929 2074 998 πρόσωπον

498 1013 716 1077 Δάϐαν,
747 1012 844 1067 καί
877 1012 1006 1068 ὶδοὺ
1030 1016 1142 1068 οὐκ
1171 1010 1248 1085 ἦν
1278 1015 1429 1083 πρὸς
1451 1014 1658 1075 αὐτὸν,
1684 1013 1764 1078 ὡς
1802 1011 1943 1081 χθὲς
1973 1007 2074 1063 καί

494 1097 978 1166 τρίτηνὴμέραν.
1009 1097 1090 1150 Τὰ
1119 1097 1228 1169 γὰρ
1259 1099 1480 1168 ῥήματα
1517 1096 1624 1151 τῶν
1657 1095 1860 1150 παίδων
1890 1092 2073 1147 διεσά-

497 1179 686 1233 λευσεν
709 1179 874 1234 αὐτοῦ
891 1180 988 1250 τὴν
1008 1179 1267 1242 διάνοιαν,
1285 1180 1380 1233 καὶ
1403 1179 1752 1232 ἐπιλαθέσθαι
1777 1175 2074 1248 πεποίηκεν

495 1253 570 1314 ὧν
597 1257 789 1329 πρώην
813 1257 1192 1328 διαλεγόμενος
1217 1256 1294 1329 τῷ
1325 1255 1519 1311 Ἰακὼϐ
1541 1255 1857 1325 ἐφθέγξατο,
1881 1255 2072 1320 εἰπὼν,

498 1340 815 1411 εὐλόγησέ
829 1358 907 1411 με
924 1344 957 1396 ό
987 1341 1129 1407 Θεὸς
1155 1339 1254 1394 ἐπί
1283 1339 1357 1408 τῇ
1383 1339 1468 1408 σῇ
1492 1339 1724 1406 είσόδφ’
1755 1338 1850 1392 καὶ
1873 1339 1902 1392 6
1922 1339 2077 1409 εὐχα-

500 1423 762 1495 ριστήσας
787 1422 866 1495 τῷ
892 1423 1138 1494 Δεσπότῃ
1156 1464 1172 1490 ,
1212 1424 1293 1478 ὅτι
1325 1423 1538 1496 διάτὴν
1567 1421 1663 1475 τοῦ
1699 1421 1908 1475 δικαίου
1935 1437 2076 1492 παρ-

499 1506 688 1560 ουσίαν
734 1506 1032 1576 αὐξηθῆναι
1077 1507 1242 1560 αὐτοῦ
1278 1506 1375 1578 τὴν
1420 1505 1738 1578 περιουσίαν
1783 1505 2072 1576 πεποίηκε,

502 1589 596 1642 νῦν
623 1589 1003 1660 παρατραπεὶς
1031 1589 1132 1658 τὴν
1157 1589 1393 1644 διάνοιαν
1426 1591 1531 1643 ὑπὸ
1561 1589 1671 1643 τῶν
1708 1589 1938 1653 παίδων,
1983 1588 2080 1642 καὶ

503 1673 583 1734 είς
613 1670 913 1740 βασκανίαν
934 1670 1204 1740 ἐξαφθεὶς,
1250 1671 1383 1737 ἴσως
1409 1672 1597 1743 ἐπειδὴ
1629 1672 1774 1743 ἐώρα
1815 1672 1873 1725 ἐν
1907 1671 2075 1742 πολλῇ

502 1753 792 1824 περιουσίᾳ
815 1752 906 1806 τὸν
939 1752 1146 1807 δίκαιον
1192 1754 1550 1824 τυγχάνοντα,
1577 1755 1676 1825 οὐχ
1700 1754 1901 1824 ὁμοίως
1928 1753 2079 1825 αὐτῷ

504 1835 910 1907 προσφέρεσθαι
935 1835 1202 1890 ἐϐούλετο.
1231 1833 1368 1890 Εἶδε
1389 1836 1518 1909 γὰρ,
1552 1837 1736 1908 φησὶν,
1780 1835 1988 1892 ἰακὼϐ
2012 1837 2078 1891 τὸ

503 1919 832 1986 πρόσωπον
853 1918 1073 1986 Λάϐαν,
1095 1918 1194 1974 καί
1225 1918 1353 1974 ίδοὺ
1379 1923 1488 1974 οὐκ
1511 1915 1590 1990 ἦν
1626 1920 1776 1989 πρὸς
1799 1919 1986 1974 αὐτὸν
1999 1921 2081 1986 ὠς

502 1999 648 2069 χθὲς
675 1999 774 2053 καὶ
808 1999 1018 2069 τρίτην
1041 2001 1286 2071 ἡμέραν.
1314 1998 1468 2066 Εἶδες
1500 2002 1592 2056 τοῦ
1623 2002 1721 2073 μὲν
1741 2002 1951 2056 δικαίου
1981 2002 2080 2074 τὴν

504 2081 705 2153 πολλὴν
726 2083 1046 2148 ἐπιείκειαν,
1079 2085 1303 2138 ἐκείνων
1329 2085 1385 2139 δὲ
1406 2085 1504 2157 τὴν
1537 2085 1954 2156 ἀγνωμοσύνην*
1986 2086 2081 2140 καὶ

503 2163 651 2227 ὅπως
685 2164 746 2217 οὐ
780 2164 1038 2236 φέροντες
1076 2167 1327 2238 κατέχειν
1359 2169 1459 2239 τὴν
1491 2167 1814 2239 βασκανίαν,
1862 2169 1956 2223 καὶ
1985 2167 2079 2222 τοῦ

504 2245 710 2318 πατρὸς
741 2247 841 2320 τὴν
885 2249 1111 2320 γνώμην
1149 2250 1537 2318 διεσάλευσαν;
1577 2253 1720 2324 ’Ὀρα
1769 2252 1954 2308 λοιπὸν
1984 2251 2091 2308 τοῦ-

502 2331 640 2385 Θεοῦ
672 2331 769 2403 τὴν
799 2333 1004 2403 ἄφατον
1030 2334 1375 2406 κηδεμονίαν,
1417 2338 1512 2391 καὶ
1542 2338 1642 2409 ὅσῃ
1671 2337 2081 2407 συγκαταϐάσει

505 2413 789 2486 κέχρηται,
841 2415 1060 2470 ἐπειδὰν
1103 2417 1189 2491 ῖδῃ
1219 2418 1287 2472 τά
1314 2420 1444 2490 παρ’
1475 2419 1685 2473 ἐαυτῶν
1731 2421 2083 2492 είσφέροντας

503 2497 672 2567 ἡμᾶς.
723 2498 898 2570 ὐρῶν
941 2499 1050 2570 γὰρ
1099 2501 1184 2554 τὸν
1218 2501 1425 2556 δίκαιον
1457 2503 1550 2558 ὑπ’
1576 2503 1754 2556 αὐτῶν
1797 2502 2083 2573 βασκαινόο

507 2597 688 2649 μενον,
723 2582 856 2650 φησὶ
893 2582 1029 2652 πρὸς
1056 2581 1144 2637 τὸν
1181 2583 1397 2636 Ἰακώϐ·
1428 2584 1830 2654 Ἅποστρέερου
1861 2588 1950 2652 είς
1969 2585 2085 2654 τὴν

505 2660 625 2729 γῆν
652 2661 759 2716 τοῦ
783 2665 1008 2731 πατρός
1033 2677 1172 2728 σου,
1202 2666 1297 2719 καὶ
1326 2669 1414 2733 εις
1441 2666 1556 2736 τὴν
1578 2667 1795 2736 γενεάν
1813 2682 1962 2734 σου,
1983 2668 2081 2721 καὶ

505 2741 721 2812 ἔσομαι
744 2743 894 2811 μετὰ
923 2743 1062 2799 σοῦ.
1107 2745 1466 2819 Ἀρκέσθητι,
1516 2750 1681 2820 φησι,
1732 2753 1798 2821 τῇ
1844 2749 1938 2803 ἐπὶ
1985 2750 2084 2819 τῆς

509 2824 665 2896 ξένης
695 2825 958 2900 διαγωγῇ.
987 2827 1165 2902 Ἀπερ
1194 2830 1511 2904 ὑπεσχόμην
1543 2847 1624 2886 σοι
1658 2831 1848 2904 πρώην
1873 2833 2046 2900 λέγων
2067 2872 2082 2897 ,

520 2907 896 2978 Ἀποστρέψω
931 2925 1007 2964 σε
1036 2913 1124 2978 είς
1167 2912 1282 2984 τὴν
1323 2911 1440 2984 γῆν
1483 2930 1622 2980 σου,
1668 2915 1841 2970 ταῦτα
1875 2915 1968 2970 νῦν
2006 2917 2086 2979 εἰς

509 2989 670 3060 ἔργον
706 2992 935 3062 ἀγαγεῖν
972 2993 1250 3065 βούλομαι.
1302 2997 1545 3052 Ἐπάνιθι
1573 2998 1755 3052 τοίνυν
1799 2997 1966 3070 μηδὲν
1998 2997 2084 3051 δε-

508 3071 732 3144 δοικώς·
780 3076 928 3144 Ἐγὼ
957 3076 1064 3148 γὰρ
1106 3079 1320 3148 ἔσομαι
1347 3081 1499 3150 μετὰ
1524 3081 1662 3136 σοῦ.
1694 3083 1809 3136 Ἰνα
1856 3081 1963 3155 γάρ
2011 3081 2096 3154 μὴ,

509 3157 868 3230 ὀκνηρότερος
899 3159 1123 3231 γένηται
1151 3164 1180 3216 6
1205 3163 1410 3229 δίκαιος
1441 3167 1570 3238 περὶ
1613 3165 1712 3238 τὴν
1753 3167 2086 3238 ἀποδημίαν,

511 3238 646 3293 ἀλλά
701 3242 840 3311 μετὰ
870 3241 962 3296 τοῦ
992 3242 1212 3316 θαρρεῖν
1249 3247 1454 3320 ἅψηται
1498 3249 1600 3320 τῆς
1652 3249 1951 3317 ἐπανόδου,
2001 3250 2090 3305 διὰ

508 3322 668 3376 τοῦτό
697 3341 884 3395 φησιν*
929 3327 1076 3398 Ἐγὼ
1107 3329 1319 3400 ἔσομαι
1359 3332 1509 3400 μετὰ
1547 3331 1686 3388 σοῦ’
1717 3335 1746 3387 6
1783 3331 1947 3405 μέχρι
1995 3333 2101 3387 τοῦ·

511 3406 780 3478 παρόντος
821 3408 892 3464 τά
938 3410 1082 3465 κατά
1125 3411 1186 3466 σέ
1213 3415 1609 3487 οἰκονομήσας,
1648 3417 1746 3470 καὶ
1789 3416 2091 3487 αὐξηθῆναι

514 3510 610 3547 σου
647 3493 710 3548 τδ
746 3495 968 3566 σπέρμα
996 3498 1248 3570 ποιήσας,
1286 3497 1397 3568 ἐγὼ
1424 3500 1518 3554 καὶ
1545 3501 1626 3563 είς
1653 3500 1715 3554 τὸ
1746 3500 1876 3572 ἐξῆς
1906 3502 2090 3556 Ἔσο-

511 3593 617 3645 μαι
637 3578 788 3646 μετὰ
815 3579 954 3635 σοῦ.
987 3581 1169 3634 Ταῦτα
1199 3581 1440 3647 ἀκούσας
1481 3585 1511 3638 6
1551 3583 1757 3649 δίκαιος
1803 3585 1955 3658 παρὰ
1997 3586 2092 3640 τοῦ

515 3659 670 3725 θεοῦ,
699 3660 798 3715 οὐκ
821 3661 1115 3735 ἠμέλλησε,
1143 3663 1258 3718 ἀλλ’
1281 3664 1380 3736 ῆδη
1412 3664 1549 3737 πρὸς
1573 3665 1733 3720 τοῦτο
1754 3669 2094 3740 παρεσκευά-

516 3745 656 3807 ζετο.
695 3744 1090 3814 Ἀποστείλας
1119 3749 1249 3820 γὰρ,
1307 3749 1493 3820 φησιν,
1543 3749 1802 3805 ἐκάλεσε
1863 3753 2094 3822 Ῥαχὴλ

521 3827 617 3882 καί
645 3829 830 3883 Λείαν
845 3831 933 3896 είς
947 3829 1012 3883 τὸ
1033 3831 1262 3897 πεδίον,
1280 3828 1352 3888 οὗ
1369 3832 1441 3887 τὰ
1461 3833 1706 3903 ποίμνια
1725 3835 2092 3906 ἐποίμαινεν,

517 3909 617 3965 καὶ
641 3907 812 3966 εἶπεν
839 3913 1070 3980 αὑταῖς.
1116 3915 1402 3988 Προθεῖναι
1439 3915 1690 3987 βούλεται
1724 3921 1844 3982 ταῖς
1880 3919 2096 3988 γυναιξὶ

522 3993 620 4065 τὴν
646 3996 775 4066 περὶ
815 3998 916 4068 τῆς
945 3998 1255 4069 ἀποδημίας
1277 3999 1582 4070 διάσκεψιν,
1615 4003 1709 4055 καὶ
1743 4003 2006 4074 γνωρίσαι
2036 4004 2104 4057 τό

517 4090 576 4129 τε
602 4077 696 4129 τοῦ
727 4078 862 4133 Θεοῦ
888 4080 1240 4150 πρόσταγμα,
1263 4083 1369 4152 τήν
1386 4100 1445 4136 τε
1481 4083 1575 4136 τοῦ
1611 4085 1816 4157 πατρδς
1840 4086 1968 4156 περὶ
1998 4087 2096 4139 αὐ-

523 4159 608 4213 τὸν
637 4159 954 4229 βασκανίαν.
977 4161 1123 4218 Elite
1147 4165 1257 4236 7&9
1276 4206 1290 4230 ,
1319 4167 1483 4237 φησὶν
1501 4211 1516 4235 ,
1560 4168 1788 4236 αὐταῖς
1829 4170 1966 4239 Ὀρῶ
1983 4170 2099 4241 ἐγὼ

523 4241 586 4294 ’ὸ
609 4244 936 4312 πρόσωπον
962 4245 1066 4300 τοῦ
1081 4248 1304 4316 πατρὸς
1329 4249 1518 4318 ὑμῶν,
1543 4250 1631 4305 ὄτι
1655 4253 1767 4306 οὐκ
1798 4251 1930 4307 ἐστι
1949 4255 2100 4322 πρός

517 4341 593 4395 με
623 4325 704 4393 ώς
755 4327 900 4397 χθὲς
935 4329 1032 4382 καί
1072 4330 1278 4399 τρίτην
1306 4331 1554 4399 ἡμέραν.
1592 4332 1646 4386 '0
1699 4333 1769 4386 δὲ
1809 4334 1954 4400 Θεὸς
1991 4335 2098 4388 τοῦ

521 4411 744 4479 πατρός
766 4429 887 4480 μου
919 4407 1001 4482 ἦν
1014 4414 1142 4482 μετ’
1177 4413 1344 4482 ἐμοῦ.
1375 4415 1558 4469 Αὐταί
1590 4415 1658 4470 δὲ
1681 4417 1881 4471 οἴδατε
1909 4418 1998 4471 ὅτι
2031 4419 2100 4471 ἐν

521 4491 690 4561 πάσῃ
728 4493 802 4561 τῇ
843 4495 1020 4563 ισχύῖ
1047 4513 1166 4563 μου
1197 4495 1565 4552 δεδούλευκα
1598 4498 1679 4564 τῷ
1707 4500 1882 4569 πατρί
1911 4499 2098 4569 ὑμῶν.

534 4573 588 4622 'O
625 4573 694 4626 δὲ
723 4575 918 4642 πατὴρ
941 4574 1109 4646 ὑμῶν
1131 4579 1585 4646 παρεκρούσατό
1599 4597 1698 4649 με,
1739 4581 1838 4634 καί
1867 4582 2101 4650 ἤλλαξε

523 4657 631 4712 τὸν
654 4661 877 4731 μισθόν
919 4680 1037 4731 μου
1083 4663 1205 4718 τῶν
1223 4663 1368 4720 δέκα
1384 4665 1608 4734 ἀμνῶν,
1627 4667 1726 4722 καί
1741 4669 1856 4722 οὐκ
1876 4669 2102 4725 ἔδωκεν

523 4741 684 4808 αὐτῷ
716 4746 749 4798 ό
795 4745 940 4810 Θεὸς
988 4747 1392 4818 κακοποιῆσαι
1437 4766 1533 4820 με.
1587 4751 1722 4805 Ἐὰν
1759 4753 1872 4821 γὰρ
1913 4753 2101 4820 οὕτως

523 4827 685 4895 είπῃο
720 4825 800 4881 Τὰ
833 4829 1081 4882 ποικίλα
1123 4829 1297 4884 ἔσται
1332 4847 1432 4888 σοι
1458 4835 1702 4903 μισθός·
1739 4837 1837 4890 καί
1872 4836 2099 4902 τέξεται

523 4911 720 4964 πάντα
770 4915 845 4966 τὰ
869 4913 1136 4980 πρόϐατα
1180 4920 1448 4972 ποικίλα.
1507 4916 1643 4972 Ἐὰν
1689 4917 1759 4972 δὲ
1807 4921 1984 4989 ειπῃο
2024 4921 2100 4976 Τὰ

523 4993 718 5048 λευκά
748 4993 923 5049 ἔσται
963 5012 1063 5050 σοι
1103 4999 1340 5066 μισθός·
1382 4998 1482 5054 καί
1528 5000 1758 5065 τέξεται
1798 5001 1995 5056 πάντα
2030 5005 2102 5058 τὰ

526 5077 792 5145 πρόϐατα
821 5079 1044 5133 λευκιίο-
1070 5081 1170 5135 καί
1209 5081 1488 5151 ἀφείλετο
1527 5086 1561 5137 6
1609 5084 1754 5151 Θεὸς
1789 5084 1986 5140 πάντα
2029 5087 2102 5142 τὰ

526 5160 718 5229 κτήνη
747 5161 854 5216 τοῦ
891 5165 1110 5232 πατρὸς
1145 5163 1331 5234 ὑμῶν,
1365 5165 1460 5219 καί
1483 5165 1667 5221 ἔδωκέ
1689 5185 1792 5238 μοι
1821 5169 1992 5226 αὐτά

596 5280 816 5352 γ’.Ὄρα
837 5281 952 5346 πῶς
979 5282 1264 5356 ἀμφότερα
1289 5284 1458 5350 αὐτὰς
1475 5285 1735 5352 διδάσκει,
1759 5288 1853 5342 καὶ
1879 5290 1971 5343 τοῦ
1997 5307 2101 5345 παρ

525 5359 654 5431 τρδς
669 5360 768 5433 τὴν
793 5364 1184 5437 ἀγνωμοσύνην
1205 5367 1302 5439 τὴν
1320 5369 1449 5440 περὶ
1467 5368 1650 5434 αὐτὸν,
1666 5370 1759 5424 καὶ
1783 5371 1881 5443 τὴν
1895 5373 2103 5430 οίκείαν

526 5444 762 5512 εῦνοιαν,
793 5447 862 5518 ῆν
907 5451 1035 5522 περὶ
1073 5450 1173 5522 τὴν
1219 5451 1464 5507 δουλείαν
1509 5453 1840 5519 ἐπεδείξατο.
1893 5456 2103 5512 Οἴδατε

525 5527 660 5618 γάρ,
689 5531 871 5618 φησὶν,
901 5529 990 5618 ὅτι
1015 5533 1091 5618 ἐν,
1109 5534 1278 5618 πείσῃ
1307 5535 1380 5605 τῇ
1405 5537 1576 5605 ἰσχύϊ
1586 5555 1706 5608 μου
1733 5538 2104 5596 δεδούλευκα

528 5613 609 5696 τῷ
635 5615 808 5696 πατρί
833 5613 1020 5685 ὑμῶν.
1050 5617 1162 5670 Καὶ
1199 5617 1295 5691 τὴν
1328 5623 1478 5690 παρά
1506 5620 1598 5675 τοῦ
1623 5621 1756 5677 Θεοῦ
1793 5625 1919 5696 περὶ
1943 5627 2104 5681 αὐτὸν

532 5690 732 5782 ἐναργῆ
768 5697 1107 5782 κηδεμονίαν
1163 5690 1464 5782 κατάδηλον
1511 5710 1680 5774 ποιεῖ,
1717 5690 1930 5773 δεικνύς
1960 5711 2100 5782 ὁτιή

529 5774 737 5864 ἀνωθεν
767 5778 916 5852 [ὅδὲ]
945 5785 1230 5856 συμμαχία
1251 5781 1319 5856 ἦν
1342 5788 1375 5859 ἠ
1396 5787 1456 5841 :6
1484 5790 1593 5843 πᾶν
1627 5790 1988 5864 ἐργαζομένη,
2009 5774 2102 5849 καί

534 5859 630 5930 τὴν
677 5864 992 5933 περιουσίαν
1042 5867 1136 5922 τοῦ
1186 5869 1373 5926 Λάϐαν
1426 5873 1508 5936 είς
1557 5859 1717 5929 αὐτύν
1765 5859 2098 5946 μεθιστῶσα.

1167 317 1527 377 5.]οΛΝΝ18
1563 305 2052 370 CHRYSOSTOMI
2088 305 2406 369 ARCIIIEP.
2447 311 2992 371 CONSTANTINOP.

3648 314 3756 370 4’38

2187 431 2492 500 Ἀφείλετο
2507 431 2636 502 7&9,
2661 433 2856 502 φησιν,
2871 434 2904 484 6
2927 428 3071 494 Θεὸς
3089 428 3159 482 τὰ
3180 427 3370 495 κτήνη
3401 427 3507 480 τοῦ
3529 431 3754 496 πατρὸς

2174 513 2340 583 ὑμῶν
2361 555 2375 580 ,
2420 515 2516 569 καὶ
2559 513 2742 570 ἔδωκέ
2777 531 2880 582 μοι
2922 509 3094 567 αὑτά.
3157 511 3420 580 Ἐγένετο
3467 510 3536 564 δὲ
3571 512 3754 575 ἡνίκα

2174 597 2512 651 ἐνεκίσσων
2538 599 2610 652 τὰ
2629 599 2914 666 πρόϐατα,
2953 595 3050 649 καί
3081 591 3247 648 εἶδον
3274 592 3400 658 τοῖς
3421 593 3754 662 ὀφθαλμοῖς

2171 695 2290 748 μου
2313 679 2382 732 ἐν
2415 679 2494 745 τῷ
2531 679 2726 746 ὕπνῳ,
2759 679 2856 734 καὶ
2886 678 3015 732 ίδοὺ
3049 681 3103 731 οί
3140 677 3343 746 τράγοι
3377 675 3475 728 καὶ
3515 679 3568 728 cl
3601 677 3754 744 κριοὶ

2176 761 2602 830 ἀναϐαίνοντες
2620 759 2782 831 ἦσαν
2800 761 2896 815 ἐπὶ
2927 761 2999 815 τὰ
3024 761 3288 829 πρόϐατα
3313 757 3533 825 καὶτὰς
3558 758 3750 827 αἶγας,

2177 844 2481 900 διάλευκοι
2534 845 2633 898 καὶ
2681 844 2941 900 ποικίλοι
2987 843 3084 898 καί
3119 841 3494 908 σποδοειδεῖς
3519 843 3751 909 ραντοί.

2157 927 2286 982 Καὶ
2333 923 2465 982 εἶπέ
2510 946 2610 997 μοι
2644 931 2677 982 6
2705 927 2959 996 ἅγγελος
3005 926 3111 980 τοῦ
3145 926 3290 979 Θεοῦ
3317 938 3344 966 α
3375 925 3504 979 καθ’
3534 922 3759 978 ὕπνον*

2193 1009 2406 1064 Ἰακώϐ.
2449 1009 2589 1079 Ἐγὼ
2618 1009 2687 1062 δὲ
2717 1001 2908 1064 εἷπονο
2951 1007 3016 1063 Τί
3045 1007 3209 1072 ἐστι;
3235 1007 3342 1062 Καὶ
3368 1003 3556 1061 εἶπεν
3605 1005 3758 1061 Ἀνά-

2181 1093 2412 1162 ϐλεψον
2428 1091 2550 1159 τοῖς
2566 1091 2894 1162 ὀφθαλμοῖς
2915 1108 3056 1155 σου,
3087 1091 3187 1144 καί
3216 1091 3306 1144 ίδε
3332 1090 3475 1157 τοὺς
3501 1091 3757 1160 τράγους

2175 1174 2274 1228 καί
2300 1174 2443 1242 τοὺς
2471 1175 2675 1244 κριοὺς
2701 1175 3135 1238 ἀναϐαίνοντας
3155 1173 3252 1226 ἐπὶ
3276 1172 3347 1227 τὰ
3370 1174 3631 1243 πρόϐατα
3657 1175 3754 1226 καί

2178 1258 2287 1323 τὰς
2320 1253 2526 1328 αἶγας,
2561 1257 2952 1324 διαλεύκους,
2992 1256 3305 1322 ποικίλους
3348 1256 3447 1308 καί
3482 1255 3756 1309 σποδοει-

2177 1340 2302 1406 δεῖς
2328 1341 2608 1408 ραντούς.
2652 1339 2914 1410 Ἑώρακα
2940 1338 3049 1410 γὰρ
3081 1339 3198 1392 ὅσα
3225 1354 3324 1392 σοι
3350 1338 3554 1393 Λάεαν
3583 1337 3755 1392 ποιεῖ.

2259 1423 2421 1494 Ὁρᾷς
2453 1424 2535 1477 ὅτι
2577 1424 2610 1494 ἠ
2653 1422 2858 1477 ἀνωθεν
2891 1423 3139 1494 ἐνέργεια
3169 1415 3237 1492 ἦν
3279 1421 3312 1492 ἡ
3348 1420 3409 1474 τὸ
3441 1423 3548 1475 πᾶν
3593 1423 3760 1494 ἐργα-

2178 1504 2410 1578 ζομένη,
2449 1507 2543 1560 καὶ
2575 1505 2666 1560 τὸν
2695 1506 2902 1560 δίκαιον
2943 1505 3051 1560 τῶν
3084 1505 3345 1576 καμάτων
3383 1504 3757 1574 ἀμειϐομένης

2191 1587 2409 1661 Ἐπειδὴ
2436 1587 2544 1660 γὰρ
2574 1588 2782 1653 ἐκεῖνος
2805 1587 3078 1659 ἀγνώμων
3112 1589 3240 1660 περὶ
3271 1587 3431 1642 αὐτὸν
3463 1587 3694 1656 ἐγίνετο,
3729 1588 3760 1640 6

2180 1670 2458 1742 φιλότιμος
2507 1671 2782 1743 Δεσπότης
2826 1671 2966 1743 μετά
3003 1669 3285 1740 δαψιλείας
3332 1669 3618 1741 ἀμείϐεται
3669 1669 3762 1723 τὸν

2179 1752 2402 1807 δίκαιον
2429 1753 2688 1822 Ἑώρακα
2709 1753 2840 1826 γὰρ,
2858 1755 3042 1826 φησὶν,
3075 1753 3198 1807 ὅσα
3218 1769 3314 1808 σοι
3347 1752 3548 1806 Λάϐαν
3573 1751 3758 1806 ποιεῖ.

2193 1835 2471 1890 Ἐντεῦθεν
2499 1836 2865 1908 μανθάνομεν,
2905 1839 2984 1891 ὅτι
3014 1837 3232 1890 ἐπειδάν
3259 1835 3605 1907 ἀδικούμενοι
3628 1837 3770 1905 παρἸ

2179 1919 2487 1973 οὑτινοσοῦν
2515 1918 2776 1984 ἐπιεικῶς
2799 1919 2894 1973 καὶ
2923 1921 3114 1992 πράως
3148 1918 3484 1989 ἐνέγκωμεν,
3517 1918 3764 1990 μείζονος

2181 2003 2273 2055 κα)⁸
2296 2001 2582 2072 δαψιλεπέ
2591 2020 2691 2074 ρας
2715 2002 3060 2075 ἀπολαύομεν
3081 2003 3178 2074 τῆς
3197 2001 3404 2058 ἀνωθεν
3420 2002 3759 2073 συμμαχίας.

2181 2086 2273 2158 Μὴ
2299 2085 2479 2140 τοίνυν
2503 2087 2894 2159 ἀντιτείνωμεν
2931 2087 3068 2160 πρὸς
3100 2087 3226 2150 τοὺς
3262 2086 3594 2156 ἐπηρεάζειν
3633 2085 3761 2156 βου-

2181 2169 2460 2242 λομένους,
2493 2170 2628 2224 ἀλλά
2660 2170 2914 2242 φέρωμεν
2942 2170 3206 2240 γενναίως
3225 2209 3241 2234 ,
3271 2169 3478 2234 ειδότες
3507 2169 3583 2233 ώς
3602 2170 3630 2222 6
3652 2169 3766 2222 τῶν

2181 2254 2440 2310 ἁπάντων
2469 2255 2748 2326 Δεσπότης
2791 2255 2852 2308 οὐ
2887 2255 3204 2326 περιόψεται
3245 2255 3431 2325 ἡμᾶς,
3479 2254 3638 2325 μόνον
3667 2253 3765 2305 ἐάν

2181 2339 2345 2410 ἡμεῖς
2367 2337 2465 2410 τὴν
2490 2337 3139 2410 οίκείανεῦγνωμθσύνην
3165 2335 3583 2409 ἐπιδειξώμεθα.
3601 2335 3770 2405 Ἐμοί

2181 2422 2313 2494 γάρ,
2342 2422 2527 2494 φησὶν,
2564 2422 2908 2490 ἐκδίκησις·
2956 2422 3071 2492 ἐγὼ
3119 2419 3564 2486 ἀνταποδώσω,
3603 2419 3772 2488 λέγει

2183 2506 2418 2573 Κύριος.
2449 2505 2546 2559 Διά
2567 2504 2725 2558 τοῦτο
2757 2506 2850 2559 καὶ
2869 2507 2898 2559 6
2939 2503 3131 2558 Ἰακὼϐ
3160 2505 3364 2574 ελεγεψ
3392 2507 3512 2558 Οὐκ
3543 2502 3768 2558 ἔδωκεν

2185 2586 2345 2652 αὺτῷ
2369 2591 2402 2641 6
2433 2588 2578 2653 Θεὸς
2604 2587 3012 2658 κακοποιῆσαι
3035 2605 3132 2659 με.
3185 2588 3404 2660 Ἐπειδὴ
3445 2589 3555 2659 γάρ
3602 2587 3768 2652 αὐτὸς

2185 2671 2592 2742 ἀποστερῆσαι,
2641 2673 2813 2744 φησὶ,
2875 2671 2943 2743 μέ
2991 2671 3256 2744 ἐϐουλήθη
3319 2671 3426 2725 τῶν
3473 2671 3612 2743 ὑπὲρ
3656 2670 3778 2723 τῶνε

2185 2755 2448 2827 καμάτων
2477 2753 2707 2824 μισθῶν,
2732 2756 2760 2808 6
2781 2754 3058 2826 Δεσπότης
3082 2755 3222 2826 μετά
3248 2756 3520 2826 τοσαύτης
3545 2772 3768 2826 περιου-

2189 2839 2310 2902 σίας
2340 2836 2438 2908 τὴν
2466 2837 2543 2900 είς
2577 2839 2724 2908 ἡμᾶς
2754 2837 3082 2910 κηδεμονίαν
3114 2837 3448 2906 ἐπεδείξατο,
3481 2837 3556 2902 ὡς
3585 2840 3770 2892 πᾶσαν

2187 2921 2356 2976 αὐτοῦ
2379 2923 2480 2994 τὴν
2529 2920 2718 2975 οὐσίαν
2759 2921 3098 2992 μεταστῆσαι
3131 2921 3210 2984 είς
3241 2922 3412 2993 ἡμᾶς.
3471 2921 3581 2975 Καὶ
3611 2921 3770 2985 εἰδὼς

2187 3004 2264 3070 ὡς
2294 3003 2404 3076 ἐγὼ
2434 3005 2534 3076 μὲν
2578 3004 2697 3076 μετ’
2729 3005 2940 3069 εὐνοίας
2979 3004 3074 3077 τὴν
3106 3004 3350 3059 δουλείαν
3398 3004 3767 3076 ἐποιησάμην,

2188 3090 2396 3152 ἐκεῖνος
2416 3086 2474 3140 δέ
2495 3087 2556 3140 οὐ
2589 3087 2976 3160 προσηκόντως
3011 3104 3102 3158 μοι
3149 3086 3495 3158 προσηνέχθη
3516 3127 3530 3151 ,
3574 3087 3771 3140 τοσαύτ-

2189 3189 2288 3244 την
2309 3172 2601 3242 ἐποιήσατο
2625 3171 2782 3240 ἡμῶν
2803 3171 2904 3241 τὴν
2923 3171 3201 3241 πρόνοιαν.
3229 3171 3340 3225 Καὶ
3365 3171 3447 3225 ὅτι
3471 3171 3569 3241 οὐχ
3585 3169 3770 3225 ἁπλῶς

2189 3254 2360 3309 ταῦτα
2384 3253 2550 3323 λέγω,
2592 3253 2712 3307 οὐδὲ
2749 3255 2869 3325 είκῆ
2901 3254 2995 3307 καὶ
3030 3254 3206 3327 μάτην
3246 3257 3572 3326 κατηγορεῖν
3606 3251 3774 3307 αὐτοῦ

2193 3337 2536 3409 βουλόμενος,
2571 3337 2662 3391 καὶ
2715 3336 2806 3390 τὸν
2840 3336 2972 3390 Θεὸν
3022 3337 3132 3407 ἔχω
3181 3338 3435 3410 μάρτυρα
3478 3340 3590 3402 τοῖς
3621 3339 3772 3408 παρά

2191 3419 2286 3476 τοῦ
2324 3419 2529 3492 πατρὸς
2558 3418 2712 3490 ὑμῶν
2743 3421 2824 3483 είς
2853 3421 2952 3491 ἐμὲ
2983 3421 3317 3491 γενομένοις.
3348 3421 3611 3490 Ἑώρακα
3641 3419 3773 3491 γάρ,

2194 3503 2377 3575 φησὶν,
2409 3503 2527 3557 ὅσα
2565 3517 2664 3557 σοι
2697 3501 2901 3557 Λάϐαν
2935 3503 3110 3557 ποιεῖ’
3141 3503 3224 3557 ὃτι
3254 3505 3314 3557 οὐ
3348 3503 3442 3557 τοῦ
3479 3502 3672 3575 μισθοῦ
3713 3519 3770 3556 σε

2197 3587 2356 3660 μόνον
2382 3586 2774 3657 ἀπεστέρησεν,
2801 3585 2918 3640 ἀλλ’
2934 3587 3014 3640 ὅτι
3044 3586 3139 3641 καὶ
3167 3587 3266 3658 οὐχ
3287 3586 3492 3657 ὁμοίως
3517 3585 3612 3640 νῦν
3636 3585 3772 3656 πρὸς

2196 3670 2257 3723 σέ
2278 3669 2564 3734 διάκειται,
2597 3668 2672 3732 ὡς
2695 3670 2790 3723 καὶ
2823 3669 3110 3739 πρότερον·
3148 3669 3286 3724 ἀλλά
3319 3669 3645 3740 διέφθαρται
3673 3668 3776 3738 τὴν

2193 3751 2438 3823 γνώμην.
2477 3751 2626 3822 Ἐγώ
2667 3755 2784 3822 ειμι
2816 3755 2850 3806 6
2880 3752 3024 3818 Θεός
3069 3765 3208 3818 σου,
3252 3756 3286 3807 6
3314 3752 3519 3822 ὀφθείς
3569 3767 3668 3806 σοι
3704 3751 3773 3803 ἐν

2195 3835 2356 3898 τόπῳ
2407 3833 2581 3900 Θεοῦ,
2627 3830 2699 3891 οὗ
2746 3832 3009 3903 ἤλειψας
3039 3850 3142 3904 μοι
3187 3834 3317 3888 ἐκεῖ
3359 3834 3620 3901 στήλην.
3680 3833 3774 3896 Et;

2197 3916 2502 3988 ὑπόμνησιν
2553 3916 2714 3970 αὐτὸν
2772 3919 3001 3986 ἀγαγεῖν
3048 3916 3316 3987 βούλεται,
3364 3911 3439 3970 ὧν
3473 3915 3620 3986 αὐτῷ
3651 3915 3772 3968 τότε

2197 3999 2484 4069 ὑπέσχετο,
2506 3998 2696 4060 είπὼν,
2712 4001 2817 4065 Είς
2831 3998 3066 4066 πλῆθός
3079 4015 3152 4051 σε
3167 3998 3502 4067 αὐξηθῆναι
3520 3998 3775 4063 ποιήσω,

2198 4081 2292 4134 καὶ
2313 4081 2395 4133 ὅτι
2429 4079 2784 4149 Διαερυλάξω
2813 4096 2886 4134 σε
2921 4083 3007 4146 είς
3034 4079 3147 4147 τὴν
3183 4079 3300 4150 γῆν
3329 4096 3467 4134 σου.
3515 4081 3657 4150 Ἐγὼ
3685 4079 3779 4136 οὖν

2197 4165 2225 4216 6
2248 4163 2370 4214 τότε
2397 4161 2583 4230 ὀφθείς
2609 4179 2691 4215 σοι
2717 4164 2809 4216 καὶ
2833 4163 2930 4226 τὰς
2959 4161 3278 4233 ὑποσχέσεις
3299 4162 3434 4234 πρὸς
3459 4163 3519 4215 σέ
3546 4167 3774 4234 ποιησά-

2202 4261 2382 4315 μενος,
2402 4243 2512 4312 ἐγὼ
2532 4245 2626 4296 καὶ
2648 4244 2766 4308 νῦν,
2796 4244 2986 4318 ἐπειδὴ
3017 4244 3204 4315 καιρὸς
3225 4245 3372 4316 ἥκει,
3404 4244 3474 4298 τά
3499 4246 3621 4299 τότε
3649 4248 3780 4319 παρ’

2199 4327 2335 4397 ἐμοῦ
2365 4343 2444 4379 σοι
2470 4327 2872 4394 ἐπαγγελθέντα
2898 4330 2977 4391 είς
2999 4327 3158 4400 ἔργον
3178 4329 3316 4396 ἄγω,
3341 4328 3436 4382 καὶ
3459 4328 3780 4383 ἐπανελθεῖν

2201 4425 2259 4461 σε
2289 4407 2496 4461 κελεύω
2523 4409 2649 4462 ἄνευ
2689 4408 2950 4475 ἀγωνίας.
2991 4409 3157 4463 Μετὰ
3207 4410 3324 4464 σοῦ
3378 4411 3489 4481 γὰρ
3537 4411 3776 4481 ἔσομαι.

2211 4490 2358 4560 Ἐγώ
2383 4492 2499 4560 είμι
2537 4493 2571 4544 6
2603 4488 2744 4554 Θεὸς
2776 4493 2808 4542 6
2841 4491 3041 4558 ὀφθείς
3095 4505 3190 4545 σοι
3229 4491 3300 4545 ἐν
3350 4492 3432 4558 τῷ
3481 4497 3669 4561 τόπῳ,
3701 4490 3776 4549 οὗ

2199 4571 2462 4640 ἤλειψας
2509 4587 2613 4640 μοι
2672 4571 2958 4639 στήλην,
3011 4571 3111 4625 καί
3162 4574 3328 4641 ηὔξω
3397 4594 3500 4646 μοι
3563 4576 3775 4644 εὐχήν.

2211 4655 2649 4726 ’Υπομιμνήσκει
2684 4653 2846 4708 αὐτὸν
2866 4654 2964 4723 τῆς
2987 4654 3152 4726 εὐχῆς
3182 4658 3283 4711 καὶ
3298 4659 3394 4729 τῆς
3424 4659 3776 4728 ἐπαγγελίας,

2199 4736 2266 4814 ἧς
2286 4740 2598 4810 ἐποιήσατο.
2621 4739 2713 4803 Τίς
2738 4738 2793 4792 δὲ
2823 4734 2890 4811 ἦν
2906 4731 3087 4811 ήέὐχή
3107 4757 3122 4806 ;
3144 4742 3268 4796 Ὀτι
3293 4737 3408 4796 ’Ὧν
3427 4743 3613 4811 ἅνμοι
3634 4741 3776 4810 δῷς,

2200 4823 2634 4879 ἀποδεκατώσω
2671 4825 2825 4879 αὐτά
2865 4840 2982 4881 σοι.
3027 4825 3243 4896 Ἐπειδὴ
3298 4827 3404 4894 γὰρ
3438 4826 3558 4878 τότε
3606 4827 3778 4896 μηδὲν

2201 4907 2335 4970 ὅλως
2364 4908 2774 4979 ἐπιφερόμενος,
2813 4907 2946 4963 άλλά
2963 4909 3214 4980 καθάπερ
3236 4907 3410 4977 φυγὰς
3437 4907 3535 4978 τὴν
3561 4908 3777 4964 ὁδοιπο-

2204 4990 2326 5062 ρίαν
2359 4989 2676 5061 ποιούμενος
2720 4990 2890 5044 ταῦτα
2926 4991 3148 5062 ηὐξατο,
3180 4989 3268 5043 διά
3305 4988 3462 5042 τοῦτό
3505 5007 3670 5062 φησιν
3703 4992 3732 5032 δ
3759 5011 3773 5024 ο

2212 5074 2405 5128 Ἦνίκα
2441 5090 2521 5127 σοι
2551 5072 2758 5145 ὤφθην,
2776 5073 2922 5145 ηῦξω
2944 5074 3094 5146 [555]
3125 5073 3308 5143 εὐχὴν»
3335 5071 3538 5140 λέγων,
3561 5067 3672 5128 Ὧν
3697 5077 3778 5130 ἄν

2199 5175 2298 5230 μοι
2311 5157 2450 5224 δῷς,
2473 5155 2730 5225 δεκάτην
2742 5155 3174 5211 ἀποδεκατώσω
3199 5156 3467 5210 σοιονδιά
3487 5159 3585 5229 τῆς
3608 5159 3774 5230 εὐχῆς

2202 5244 2296 5298 καὶ
2326 5245 2425 5314 τῆς
2459 5241 2792 5310 ἐπαγγελίας
2842 5237 2939 5308 τὴν
2987 5238 3214 5309 δύναμιν
3241 5239 3338 5310 τὴν
3372 5239 3510 5312 ἐμὴν
3555 5259 3771 5313 προμη-

2201 5326 2363 5391 νύωνς
2397 5323 2492 5378 καὶ
2520 5326 2632 5386 τοῖς
2663 5321 2762 5392 τῆς
2792 5321 3026 5383 πίστεως
3071 5319 3367 5390 ὀφθαλμοῖς
3399 5323 3648 5395 προορῶν
3673 5325 3772 5396 τὴν

2207 5409 2501 5480 μέλλουσαν
2536 5405 2796 5476 εὐπορίαν
2820 5402 3037 5456 ἔσεσθαί
3067 5420 3168 5456 σοι’
3195 5403 3290 5457 νῦν
3325 5400 3418 5457 οῦν
3445 5407 3533 5460 ὅτε
3572 5409 3652 5468 είς
3677 5408 3771 5477 E9-

2203 5510 2299 5562 γον
2342 5492 2410 5546 τά
2455 5490 2584 5560 παρ’
2630 5487 2763 5560 ἐμοῦ
2805 5486 3065 5558 λεχθέντα
3117 5487 3198 5541 δεῖ
3223 5487 3414 5553 ἐλθεῖν,
3457 5491 3552 5543 καὶ
3584 5490 3772 5562 καιρὸς

2203 5577 2328 5647 ῆκει
2359 5573 2537 5629 καλῶν
2558 5572 2654 5644 τὴν
2676 5571 2840 5642 εὐχὴν
2858 5569 2956 5642 τὴν
2981 5569 3078 5641 σὴν
3097 5568 3466 5640 πληρωθῆναι.
3504 5571 3770 5626 Ἐπάνιθι

2204 5661 2322 5716 νῦν
2347 5655 2475 5722 οὖν,
2507 5655 2692 5726 φησὶν,
2717 5651 3028 5718 ἀνάστηθι,
3059 5651 3157 5704 καί
3191 5652 3400 5717 ἔξελθε
3433 5653 3500 5707 ἐκ
3523 5652 3632 5722 τῆς
3658 5653 3770 5723 γῆς

2274 5766 2300 5795 ⁸
2325 5763 2458 5820 Haec,
2483 5759 2568 5809 τοῦ
2591 5757 2734 5818 θεοῦ,
2759 5772 2788 5807 e
2811 5757 2956 5806 Coisl.
2981 5761 3032 5820 ει
3056 5755 3179 5820 ΒίιξΙ.
3206 5759 3392 5820 adjgcla
3417 5765 3546 5820 sum,
3572 5757 3705 5806 Eorr.

2275 5823 2303 5864 ιι
2327 5817 2458 5883 Haec;
2476 5821 2684 5871 ταῦτα...
2711 5817 2881 5884 φησίν,
2909 5819 3091 5884 οῃιὶιμι
3113 5817 3385 5884 Cni‘slfNeAc
3405 5817 3564 5884 reddit
3585 5821 3763 5884 interp.

2274 5888 2300 5920 ¢
2327 5879 2532 5946 Septem
2559 5895 2673 5932 mss.
2699 5879 2754 5931 υι
2779 5879 2903 5930 Bibl.
2930 5879 3284 5928 ἀποδεκατώσω
3308 5880 3425 5928 αὐτά
3451 5896 3545 5927 σοι.
