4150 6206
411 297 526 355 899

421 414 474 466 in
505 422 689 466 terram
717 409 984 465 nativitatis
1009 417 1106 460 tua:
1125 446 1140 470 ,
1169 415 1212 458 et
1241 421 1324 457 ero
1352 413 1532 456 tecum.
1569 401 1680 470 Ego
1717 409 1768 454 te
1796 397 1994 466 ubique

421 503 752 569 contitabor,
783 516 884 570 ego
913 500 1005 554 tibi
1035 495 1242 550 facilem
1269 493 1545 548 Ostendam
1573 494 1710 546 viam
1736 533 1751 556 ,
1770 499 1832 545 et
1872 487 1994 542 nul-

427 596 537 650 lum
584 609 615 648 ι
654 592 904 663 quopiam
943 589 1192 644 dantnum
1219 583 1396 649 feres;
1421 583 1638 639 dextera
1691 582 1834 638 enim
1877 594 1993 634 mea

422 681 618 754 ubique
646 692 699 737 te
724 687 982 751 proteget.
1000 677 1104 732 'lb.
1132 674 1256 730 Htvc
1290 675 1548 729 audientes
1580 672 1771 727 Rachel
1796 680 1841 726 et
1863 669 1957 724 Lia
1975 710 1993 736 ,

422 774 660 827 dixerunt
681 771 726 824 ei
751 785 772 824 :
792 767 1055 839 Numquid
1080 777 1150 821 est
1178 766 1320 821 nobis
1365 781 1485 836 pars
1527 765 1604 820 vel
1639 764 1904 819 htcreditas
1943 762 1995 815 in

421 863 570 915 domo
597 859 754 931 patris
788 856 988 913 nostri?
1014 858 1099 914 15.
1137 854 1324 910 Nonne
1352 865 1407 909 ut
1435 856 1614 909 aliena:
1635 862 1878 924 reputatae
1905 868 1994 906 su-

408 967 533 1005 ontts
556 949 695 1020 apud
718 965 832 1002 eum
853 949 879 1003 Ρ
908 947 1141 1002 Vendidit
1168 949 1302 1001 enim
1329 963 1440 1011 nos,
1467 956 1514 1001 et
1541 945 1830 1000 devorando
1855 961 1997 998 como

404 1045 522 1098 sedit
557 1043 770 1114 pretium
801 1051 1045 1097 nostrum.
1074 1042 1160 1096 16.
1181 1039 1250 1094 Et
1277 1057 1403 1111 quas
1431 1056 1601 1094 omnes
1627 1039 1766 1093 Deus
1793 1037 1999 1092 abstulit

421 1133 622 1188 divitias
645 1142 696 1187 et
723 1133 937 1203 gloriam
965 1149 996 1185 a
1026 1141 1167 1201 patre
1193 1140 1385 1196 nostra,
1417 1128 1508 1182 tibi
1536 1128 1675 1182 dedit
1703 1144 1722 1182 :
1753 1144 1883 1180 nunc
1903 1127 2002 1198 igi-

410 1237 506 1279 tur
529 1240 854 1296 quacumque
874 1223 1056 1278 dixerit
1087 1221 1175 1276 tibi
1194 1220 1332 1275 Deus
1359 1229 1492 1283 tuus,
1517 1222 1621 1291 fac.
1650 1217 1783 1273 Vide
1810 1227 1866 1273 et
1905 1217 2001 1270 has

421 1324 709 1386 sequentes
737 1313 826 1370 Dei
857 1313 1161 1378 arbitrium,
1185 1320 1238 1366 et
1286 1310 1572 1364 afferentes
1614 1308 1876 1362 rationem
1915 1306 2001 1361 cui

421 1406 713 1462 contradici
744 1421 847 1460 non
878 1405 1070 1475 potuit.
1091 1402 1230 1458 Num
1257 1410 1339 1456 est
1369 1399 1567 1471 aliquid
1591 1413 1874 1453 commune
1899 1412 2001 1452 no-

425 1499 510 1554 bis
532 1539 548 1566 ,
572 1498 743 1564 aiunt,
765 1513 886 1552 cum
916 1504 1067 1566 patre
1088 1495 1310 1550 nostro?
1336 1493 1511 1549 Semel
1561 1491 1704 1547 enim
1746 1506 1845 1546 nos
1874 1505 2005 1546 ven-

413 1589 578 1644 didit.
605 1587 822 1643 Divitias
848 1597 894 1644 et
933 1588 1149 1658 gloriam
1176 1602 1327 1652 quam
1364 1583 1571 1638 abstulit
1605 1581 1745 1638 Deus
1785 1599 1818 1636 a
1862 1591 2006 1652 patre

424 1692 616 1746 nostra,
643 1690 692 1735 et
715 1680 852 1733 dedit
879 1678 1005 1743 tibi;
1027 1694 1117 1731 nos
1151 1675 1438 1730 habebimus
1457 1716 1473 1740 ,
1504 1684 1549 1728 et
1579 1674 1676 1743 ﬁlii
1709 1673 1886 1727 nostri.
1922 1670 1999 1726 Ne

423 1785 573 1825 cessa
595 1771 772 1840 igitur.
800 1783 971 1839 neque
989 1765 1163 1832 differ,
1195 1765 1289 1820 sed
1319 1764 1399 1818 fac
1418 1779 1535 1834 quae
1557 1763 1650 1818 tibi
1681 1777 1710 1816 a
1743 1762 1851 1816 Deo
1881 1767 2008 1816 sunt

425 1861 702 1931 imperata.
739 1857 891 1913 Nunc
909 1858 1067 1929 igitur
1085 1871 1410 1927 qtaecumque
1439 1853 1568 1907 dixit
1592 1853 1679 1906 tibi
1709 1851 1846 1905 Deus
1867 1861 2004 1916 tuus,

415 1956 530 2022 :fac.
563 1953 648 2007 17.
676 1949 800 2005 Haec
833 1959 888 2004 ut
915 1950 1106 2003 audivit
1126 1947 1307 2013 Jacob,
1339 1946 1557 2002 surrexit
1581 1955 1627 1998 et
1655 1945 1846 2014 accepit
1883 1960 2009 1998 uxo-

421 2061 510 2100 res
552 2061 672 2099 suas
691 2084 707 2111 ,
740 2053 785 2098 et
815 2043 981 2111 filios,
1013 2049 1060 2095 et
1103 2040 1370 2094 ascendere
1408 2038 1524 2107 fecit
1555 2053 1707 2108 super
1750 2036 1966 2092 camelos
1989 2051 2009 2090 :

426 2135 515 2191 18.
562 2146 609 2190 et
645 2134 856 2189 abduxit
890 2133 1062 2188 omnia
1105 2146 1218 2202 qua:
1262 2129 1515 2197 habebat,
1544 2138 1590 2183 et
1656 2128 2010 2199 supellectilem

429 2242 595 2291 suam,
623 2241 773 2297 quant
798 2223 1097 2294 acquisierat
1117 2223 1170 2276 in
1193 2220 1559 2290 Mesopotamia
1575 2261 1590 2288 ,
1613 2228 1658 2273 et
1684 2220 1853 2274 omnia
1894 2235 2007 2284 sua,

423 2330 480 2374 ut
507 2319 666 2373 abiret
685 2318 752 2372 ad
781 2317 928 2372 Isaac
952 2325 1144 2388 patrem
1175 2331 1338 2370 suum.

491 2411 552 2466 4.
569 2408 614 2463 Ε
633 2409 781 2463 domo
797 2407 988 2462 Labani
1007 2405 1136 2478 fugit
1152 2404 1310 2459 Jacob
1324 2421 1341 2468 ;
1357 2419 1469 2474 quis
1483 2406 1657 2473 fugam
1670 2411 1875 2473 sequuta
1890 2402 2012 2466 sint;

423 2500 729 2568 praedicatur
753 2514 876 2552 cura
898 2495 997 2550 Dei
1018 2511 1138 2566 ergo
1163 2511 1283 2549 suos
1305 2533 1322 2561 ,
1351 2508 1466 2563 qua
1501 2493 1554 2546 in
1595 2508 1809 2562 persona
1852 2491 2014 2545 Jacob

425 2590 604 2644 elucet.
627 2617 697 2631 ~—
738 2586 1062 2652 Considera,
1104 2585 1328 2640 obsecro
1349 2625 1366 2652 ,
1409 2581 1771 2638 fortitudinem
1823 2581 2014 2636 anima.-

421 2681 589 2750 justi,
628 2688 684 2734 et
727 2676 994 2749 quomodo
1037 2675 1249 2745 repulso
1275 2673 1421 2728 omni
1469 2673 1662 2728 mentis
1710 2686 1907 2741 angore
1953 2685 2016 2727 ac

424 2779 569 2825 metu
593 2811 609 2836 ,
679 2767 929 2824 mandato
973 2765 1239 2821 dominico
1296 2762 1700 2831 obtemperavit.
1755 2762 2014 2829 Quoniam

423 2863 570 2918 enim
597 2861 726 2917 vidit
750 2860 886 2916 male
912 2873 1095 2915 sanam
1123 2866 1354 2912 mentem
1393 2854 1592 2910 Labani
1611 2894 1628 2922 ,
1677 2868 1783 2910 non
1835 2854 1971 2909 ultra
1995 2893 2014 2922 ,

423 2957 563 3012 sicut
587 2956 732 3026 prius
753 2995 770 3022 ,
801 2953 1130 3023 interrogare
1155 2965 1276 3005 eum
1303 2948 1504 3004 voluit:
1536 2946 1630 3002 sed
1659 2946 1798 3018 quod
1845 2947 2015 3016 impe-

426 3056 597 3102 ratum
625 3055 793 3102 erata
819 3045 1074 3109 Domino,
1105 3041 1356 3111 implebat
1378 3081 1392 3103 .
1421 3049 1477 3096 et
1504 3040 1738 3109 acceptis
1778 3039 2017 3094 mulieri-

424 3135 527 3191 bus
553 3146 607 3191 et
633 3135 844 3205 pueris,
877 3135 977 3188 iter
1003 3131 1244 3201 arripuit.
1275 3130 1360 3185 l9.
1391 3129 1567 3184 Laban
1591 3139 1794 3194 autem,
1824 3127 2013 3198 inquit,

425 3229 615 3282 abierat
639 3228 707 3281 ad
723 3226 1028 3281 tondendum
1046 3240 1157 3278 oves
1175 3239 1316 3281 suas.
1339 3221 1533 3276 Forata
1553 3231 1716 3276 autem
1736 3230 1807 3275 est
1829 3219 2020 3274 Rachel

426 3321 564 3375 idola
592 3320 751 3388 patris
769 3318 869 3372 sui.
895 3316 1076 3388 Neque
1101 3315 1203 3372 hoc
1239 3316 1437 3386 absque
1459 3330 1616 3370 causa
1647 3314 1800 3369 nobis
1829 3327 2021 3384 propo-

426 3413 585 3467 situm
609 3420 728 3477 est,
759 3410 855 3465 sed
898 3418 956 3464 ut
990 3410 1221 3465 sciamus
1243 3408 1508 3478 quomodo
1531 3406 1707 3462 adhuc
1748 3416 2020 3476 paternam

429 3503 687 3560 habentes
737 3501 1172 3558 consuetudinem
1197 3540 1213 3565 ,
1266 3500 1529 3555 idolorum
1579 3498 1744 3553 cultui
1798 3497 2022 3552 addicta:

425 3602 599 3648 erant.
627 3593 1006 3649 Animadverte
1029 3591 1170 3648 enim
1197 3633 1214 3658 ,
1260 3599 1516 3661 quantum
1546 3589 1631 3643 illa
1677 3589 1729 3643 in
1760 3587 1862 3643 hoc
1905 3598 2021 3643 stu-

428 3683 574 3738 dium
605 3683 920 3755 impenderit
944 3724 959 3748 ,
984 3697 1104 3738 cum
1132 3681 1265 3737 nihil
1289 3681 1431 3736 aliud
1456 3695 1486 3735 a
1513 3691 1664 3750 patre
1688 3679 1900 3735 auferre
1924 3695 2022 3735 vo-

431 3777 624 3845 luerit,
670 3793 830 3848 quam
878 3775 1019 3832 idola
1073 3775 1225 3846 ejus,
1284 3774 1440 3844 idque
1479 3771 1704 3828 faciebat
1749 3771 2024 3842 ignorante

430 3867 545 3924 viro
569 3886 583 3924 :
610 3883 782 3939 neque
805 3867 947 3924 enim
975 3866 1062 3921 ille
1085 3865 1186 3920 hoc
1213 3865 1542 3936 permisisset
1570 3863 1707 3917 ﬁeri.
1727 3862 1817 3918 20.
1840 3861 2024 3916 Occul-

430 3959 550 4012 tavit
569 3969 740 4013 autent
762 4000 778 4025 ,
803 3959 1010 4028 inquit,
1036 3956 1199 4011 Jacob
1224 3973 1256 4010 a
1283 3955 1457 4010 Laban
1479 3954 1614 4026 Syra
1629 3996 1644 4020 ,
1668 3971 1730 4008 ne
1748 3955 2023 4007 annuntia-

429 4059 568 4104 rrtur
583 4050 630 4105 ei
647 4050 781 4120 quod
795 4054 1004 4121 fugeret.
1019 4047 1081 4101 2l
1097 4089 1109 4100 .
1128 4046 1192 4101 Et
1213 4047 1446 4101 abscessit
1465 4046 1572 4116 ipse
1585 4053 1633 4098 et
1655 4045 1823 4099 omnia
1842 4043 2022 4114 ipsius,

431 4154 478 4196 et
503 4144 715 4196 transito
742 4144 931 4213 fluvio,
958 4141 1210 4196 contendit
1241 4141 1310 4194 ad
1337 4150 1553 4194 montem
1589 4138 1808 4193 Galaad.
1859 4136 2022 4205 Vide,

431 4233 658 4287 obsecro
677 4272 694 4299 ,
733 4234 890 4288 etiam
919 4231 1005 4286 hic
1038 4245 1280 4300 magnam
1326 4214 1420 4284 Dei
1449 4229 1865 4300 providentiam,
1890 4243 2025 4300 quo-

437 4323 630 4391 modo,
657 4323 826 4378 donec
860 4323 1039 4392 justus
1085 4320 1264 4392 procul
1292 4319 1615 4389 aufugisset,
1645 4334 1748 4373 non
1789 4318 2029 4388 permisit

437 4424 494 4468 ut
512 4413 695 4469 .Laban
725 4414 864 4469 illius
893 4427 1159 4468 secessum
1189 4411 1368 4466 sciret.
1414 4409 1506 4463 22.
1538 4409 1716 4464 Tribus
1745 4411 1885 4465 enim
1917 4410 2026 4462 die-

437 4505 530 4558 bus
553 4545 568 4570 ,
594 4503 795 4572 inquit,
820 4503 1084 4573 prtvteritis
1104 4541 1118 4563 ,
1139 4501 1238 4570 ipsi
1262 4499 1438 4554 Laban
1476 4501 1710 4554 innotuit.
1739 4500 1828 4556 25.
1855 4499 1922 4553 Et
1945 4517 2030 4555 as-

438 4596 652 4666 sumptis
666 4595 902 4650 ontuibus
936 4594 1175 4666 fratribus
1197 4593 1302 4648 suis
1325 4633 1342 4660 ,
1365 4601 1652 4663 Persecutus
1688 4601 1762 4644 est
1803 4607 1916 4644 eum
1950 4591 2031 4644 via

439 4687 635 4740 dierum
671 4695 892 4754 septem,-
919 4697 966 4741 et
1003 4693 1338 4755 consequutus
1377 4699 1488 4738 eum
1512 4682 1565 4736 in
1603 4691 1770 4735 monte
1811 4681 2029 4737 Galaad.

440 4778 676 4834 Obsecro
715 4778 800 4832 hic
823 4792 1032 4848 quoque
1054 4777 1300 4833 attendas
1335 4777 1428 4832 Dei
1455 4773 1861 4846 providentiam.
1901 4772 2032 4828 Nam

446 4871 538 4940 qui
559 4869 730 4935 dixit,
757 4869 1023 4926 Revertere
1043 4870 1097 4923 in
1123 4879 1305 4924 terram
1331 4878 1498 4934 tuam,
1542 4875 1586 4921 et
1630 4881 1715 4920 ero
1734 4875 1922 4933 tecum,
1947 4864 2036 4919 ille

442 4962 603 5018 etiam
628 4975 771 5017 nunc
793 4975 943 5016 suam
980 4960 1210 5016 declarat
1261 4959 1664 5032 providentiam.
1713 4957 1849 5025 Quia
1894 4958 2034 5012 enim

449 5053 578 5109 vidit
605 5053 787 5110 Laban
816 5067 937 5108 cum
967 5052 1130 5108 multa
1155 5051 1514 5124 indignatione
1539 5049 1782 5122 persequi
1807 5050 2031 5119 justum,

447 5157 502 5201 et
523 5160 731 5216 pinnam
747 5145 934 5200 furtivi
959 5159 1203 5200 secessus
1219 5187 1238 5211 ,
1258 5153 1318 5199 ut
1342 5144 1412 5199 ita
1435 5141 1606 5198 dicam
1629 5184 1645 5208 ,
1670 5149 2003 5212 sumpturum
2020 5181 2037 5207 ,

447 5237 694 5307 apparuit
735 5236 916 5292 Laban
954 5246 1110 5292 nocte
1148 5236 1200 5290 in
1227 5249 1435 5292 somno.
1460 5235 1552 5290 24.
1592 5233 1735 5288 Venit
1777 5233 1936 5298 enim,
1961 5233 2040 5287 in-

446 5329 560 5398 quit
579 5367 598 5394 ,
622 5327 758 5384 Deus
777 5329 847 5382 ad
869 5327 1043 5384 Laban
1065 5328 1254 5401 Syrum
1275 5329 1326 5382 in
1351 5343 1527 5382 somno
1547 5335 1688 5381 nocte
1705 5368 1720 5390 ,
1742 5335 1789 5381 et
1809 5327 1934 5381 dixit
1974 5327 2041 5380 ei.

452 5417 588 5475 Vide
617 5419 711 5475 Dei
740 5419 1114 5490 indulgentiam
1134 5462 1149 5486 ,
1179 5418 1446 5491 quomodo
1469 5418 1537 5475 ob
1563 5434 1713 5474 suam
1760 5418 1810 5472 in
1841 5417 2042 5488 justum

450 5508 838 5576 providentiam
865 5524 985 5564 cum
1014 5510 1194 5565 Laban
1222 5510 1542 5580 colloquitur
1570 5526 1584 5562 :
1632 5519 1688 5564 ut
1725 5509 1906 5564 territa
1931 5507 2045 5577 ejus

457 5609 633 5654 mente
655 5601 908 5671 impetum
937 5602 1050 5673 ejus
1070 5617 1100 5658 a
1121 5602 1284 5658 Jacob
1307 5611 1570 5658 coerceat.
1595 5601 1724 5656 Cave
1745 5602 1866 5668 tibi,
1890 5617 1953 5653 ne
1975 5601 2047 5654 lo-

453 5691 626 5765 quaris
641 5691 926 5749 cumlacob
947 5694 1101 5750 mala.
1127 5693 1311 5768 Magna
1339 5691 1546 5751 Domini
1572 5691 1886 5764 benignius.
1913 5689 2044 5760 Quia

1163 290 1220 347 S.
1260 287 1533 347 JOANNIS
1569 279 2039 344 CHRYSOSTO‘MI
2078 281 2396 341 ARCHIEP.
2433 286 2958 344 CONSTAM'INOP.

3576 290 3682 347 500

2101 397 2242 451 enim
2257 398 2455 453 sciebat
2477 414 2599 454 eum
2620 399 2686 454 ad
2709 416 2932 471 pugnam
2956 400 3299 466 contendere,
3327 411 3378 456 et
3397 412 3582 457 contra
3599 406 3685 473 ju-

2097 498 2238 543 stum
2255 489 2524 558 insurgere
2545 491 2698 555 velle,
2715 491 2812 546 hoc
2829 492 2988 546 verbo
3003 502 3230 546 mentem
3247 495 3363 561 ejus
3375 497 3685 563 compescit,

2097 580 2153 626 et
2170 571 2327 626 dicit:
2356 571 2485 627 Cave
2507 573 2612 638 tibi,
2637 590 2699 628 ne
2719 575 2938 641 loquaris
2957 592 3071 628 cum
3088 573 3248 628 Iacob
3271 577 3404 629 mala
3430 594 3443 630 :
3469 575 3692 644 perinde

2098 675 2162 717 ac
2184 662 2229 717 si
2259 662 2492 717 diceret:
2520 661 2659 718 Cave
2684 653 2763 718 ne'
2788 665 2871 719 vel
2895 664 3073 720 verbis
3100 664 3370 720 offendere
3408 664 3575 720 Jacob
3597 681 3690 720 oo-

2101 755 2276 810 neris:
2305 754 2398 810 sed
2437 771 2590 811 serva
2622 755 2847 826 tcipsum
2867 797 2882 821 ,
2905 757 3120 811 contine
3145 756 3341 810 malum
3372 755 3512 811 hunc
3541 764 3688 810 tuum

2101 845 2353 914 impetum
2377 886 2394 912 ,
2439 846 2729 916 comprime
2771 845 3000 902 furorem
3023 887 3040 914 ,
3067 847 3276 903 refreua
3302 847 3492 901 iratum
3542 856 3688 902 tuum

2100 936 2334 991 animum
2355 977 2369 1000 .
2397 951 2460 992 ac
2497 952 2564 991 ne
2587 937 2670 991 vel
2694 935 2858 992 verbo
2886 937 3056 1006 ipsum
3103 937 3415 992 contristare
3441 936 3594 992 velis.
3626 937 3686 990 Et

2100 1025 2375 1080 considera
2402 1027 2492 1081 Dei
2532 1025 2886 1081 clementiam.
2913 1025 3024 1079 Non
3052 1025 3326 1095 imperavit
3375 1025 3591 1081 Labano
3635 1037 3687 1080 ut

2101 1118 2169 1174 ad
2196 1119 2406 1191 propria
2442 1127 2823 1184 reverteretur,
2863 1116 2954 1171 sed
2985 1117 3155 1171 solum
3188 1116 3429 1186 prohibet
3471 1132 3538 1170 ne
3566 1118 3692 1186 quid

2101 1211 2292 1266 durum
2323 1211 2407 1266 vel
2448 1211 2726 1265 molestum
2773 1225 2893 1265 cum
2916 1209 3060 1279 justo
3091 1209 3352 1279 loquatur.
3381 1211 3584 1276 Quare,
3640 1219 3696 1264 et

2104 1309 2319 1370 pr0pter
2347 1300 2514 1369 quid?
2537 1300 2604 1355 Ut
2631 1299 2799 1354 discat
2828 1314 2923 1368 per
2955 1299 3163 1368 negotia
3186 1308 3238 1352 et
3269 1313 3362 1367 per
3390 1312 3551 1367 opera
3581 1299 3693 1368 ipsa

2099 1390 2304 1461 justus,
2331 1401 2581 1461 quantam
2604 1392 2687 1446 sui
2708 1407 2889 1446 curam
2915 1399 3064 1461 gerat
3089 1391 3245 1446 Deus.
3273 1390 3400 1445 Nam
3428 1392 3472 1445 si
3504 1406 3691 1446 rever-

2105 1497 2196 1538 sus
2219 1483 2402 1538 fuisset
2423 1483 2598 1537 Laban
2624 1524 2639 1548 ,
2662 1482 2801 1538 unde
2832 1481 2960 1537 illud
2985 1482 3231 1536 scivisset
3253 1481 3415 1536 Jacob
3435 1521 3449 1546 ,
3469 1491 3558 1535 aut
3578 1484 3696 1549 ejus

2110 1575 2345 1628 uxores?
2370 1573 2493 1628 ldeo
2520 1573 2774 1643 permittit
2803 1575 2851 1628 ei
2879 1582 2934 1627 ut
2960 1571 3138 1638 abeat,
3169 1581 3223 1627 et
3238 1571 3417 1642 lingua
3441 1586 3535 1625 sua
3561 1586 3694 1625 con-

2109 1665 2316 1720 ﬁteatur
2331 1681 2448 1736 qua:
2466 1665 2603 1720 Deus
2617 1664 2749 1719 dixit
2761 1664 2827 1720 ad
2842 1679 2920 1732 se,
2939 1679 3044 1734 quo
3058 1674 3111 1719 et
3128 1664 3300 1732 justus
3317 1664 3570 1732 majorem
3586 1663 3700 1715 ala-

2106 1757 2348 1812 critatem
2378 1755 2570 1810 habeat
2613 1755 3023 1824 proﬁciscendo,
3057 1753 3402 1822 ﬁduciamque
3431 1751 3694 1821 accipiat,

2108 1856 2159 1903 et
2201 1855 2260 1902 ut
2306 1846 2462 1916 hujus
2526 1860 2720 1900 uxores
2766 1846 2784 1877 ⁸
2837 1844 3042 1900 discant
3084 1853 3283 1914 quanto
3328 1843 3502 1898 studio
3555 1842 3702 1896 Dens

2109 1940 2346 1995 omnium
2393 1938 2645 1992 Dominus
2685 1937 2937 1992 Jacobum
2987 1946 3171 2002 curet,
3213 1935 3559 2005 rejiciantque
3607 1947 3698 1986 er-

2110 2044 2287 2085 rorem
2348 2038 2662 2098 paternum,
2721 2035 2776 2083 et
2826 2027 3097 2081 imitentur
3142 2026 3377 2096 justum,
3427 2032 3585 2092 atque
3635 2022 3703 2077 ad

2111 2121 2539 2194 cognoscendum
2567 2121 2734 2176 Deum
2763 2118 3112 2174 sufﬁcientem
3141 2117 3436 2172 doctrinam
3466 2114 3584 2169 inde
3610 2129 3706 2168 ac-

2111 2215 2329 2283 cipiant.
2350 2211 2533 2281 Neque
2563 2211 2704 2265 enim
2736 2210 2814 2265 sic
2864 2209 2968 2264 fide
3007 2208 3161 2278 digna
3190 2217 3341 2262 erant
3385 2221 3504 2276 qua).
3541 2205 3706 2258 Jacob

2111 2305 2322 2362 dicebat
2344 2345 2360 2370 ,
2388 2313 2442 2358 ut
2467 2318 2584 2374 qum
2609 2318 2639 2357 a
2659 2301 2838 2357 Laban
2868 2298 3202 2364 dicebantur,
3231 2301 3320 2367 qui
3360 2295 3533 2350 adhuc
3559 2294 3701 2349 idola

2113 2398 2340 2454 colebat.
2367 2396 2589 2466 Semper
2608 2395 2749 2451 enim
2771 2393 3058 2448 inﬁdelium
3079 2400 3130 2446 et
3149 2389 3541 2446 adversantium
3559 2402 3706 2441 vera:

2114 2487 2356 2558 religioni
2398 2486 2696 2542 testimonia
2730 2483 2983 2553 majorem
3022 2481 3219 2537 habent
3269 2478 3447 2534 fidem.
3493 2477 3560 2532 Et
3607 2477 3712 2531 hoc

2115 2590 2198 2636 est
2222 2595 2285 2635 ex
2326 2576 2676 2647 omnipotenti
2713 2574 2968 2644 sapientia
2999 2572 3124 2640 Dei,
3150 2585 3272 2627 cum
3301 2569 3540 2625 inimicos
3568 2566 3713 2621 veri-

2115 2671 2239 2729 tatis
2269 2669 2413 2740 ipsos
2443 2675 2605 2723 testes
2635 2665 2870 2720 veritatis
2895 2662 3092 2728 efﬁcit,
3119 2670 3176 2718 et
3216 2677 3312 2717 sua
3342 2661 3518 2730 lingua
3544 2659 3714 2727 ipsam

2118 2761 2331 2817 ﬁrmare
2351 2769 2612 2830 satagunt.
2628 2757 2717 2813 25.
2734 2755 3075 2825 Consequutus
3089 2762 3162 2808 est
3179 2763 3344 2806 autem
3361 2749 3530 2804 Laban
3554 2748 3714 2802 Jaco-

2118 2853 2254 2908 bunt.
2305 2851 2466 2907 Jacob
2491 2859 2658 2904 autem
2697 2849 2808 2918 ﬁxit
2845 2845 3219 2901 tabernaculum
3243 2859 3388 2898 suunt
3411 2843 3460 2896 in
3503 2849 3666 2894 monte
3691 2859 3714 2892 .-

2118 2946 2295 3002 Laban
2319 2961 2431 3000 vero
2455 2943 2706 2998 constituit
2741 2944 2921 3012 fratres
2945 2954 3062 2993 suos
3103 2938 3157 2991 in
3183 2943 3348 2990 monte
3373 2931 3592 2987 Galaad.
3621 2928 3716 2983 26.

2118 3036 2263 3092 Dixit
2283 3046 2446 3091 autem
2462 3032 2637 3088 Laban
2661 3031 2726 3084 ad
2739 3030 2898 3084 Iacob
2922 3045 2941 3084 :
2970 3027 3071 3082 Cur
3086 3027 3179 3081 hoc
3201 3024 3401 3096 fecisti?
3425 3021 3556 3078 Vide
3583 3035 3721 3090 quo-

2121 3129 2281 3185 modo
2306 3135 2627 3198 praeceptum
2672 3124 2766 3179 Dei
2795 3135 3040 3192 magnum
3081 3117 3221 3173 illius
3247 3116 3475 3170 calorem
3505 3126 3721 3182 repres-

2121 3221 2218 3288 sit,
2245 3227 2300 3274 et
2325 3217 2556 3273 furorem
2576 3213 2862 3270 refrenavit
2886 3229 2899 3265 :
2923 3219 2974 3266 et
3000 3209 3200 3266 idcirco
3220 3221 3339 3263 cum
3359 3218 3548 3275 magna
3569 3217 3723 3256 man-

2121 3310 2396 3369 suetudine
2411 3306 2734 3377 colloquium
2752 3304 3040 3359 habetcum
3069 3315 3135 3355 eo
3154 3339 3170 3366 ,
3199 3297 3349 3368 quasi
3365 3311 3422 3351 se
3436 3307 3721 3365 excusans,

2123 3413 2176 3460 et
2207 3410 2477 3472 paternam
2503 3395 2839 3452 dilectionem
2854 3408 2976 3464 erga
3007 3391 3152 3445 illum
3179 3388 3474 3444 declarans.
3501 3385 3724 3454 Quando

2123 3494 2267 3550 enim
2295 3503 2524 3560 superna
2569 3484 2901 3558 providentia
2943 3481 3096 3538 nobis
3131 3480 3362 3546 assistit,
3395 3493 3500 3534 non
3547 3475 3722 3530 solum

2128 3583 2391 3639 malorum
2423 3579 2696 3636 hominum
2725 3573 2943 3630 insidias
2988 3571 3220 3640 effugere
3263 3581 3578 3639 possumus,
3625 3564 3724 3618 sed

2123 3675 2224 3732 etsi
2272 3675 2326 3730 in
2375 3673 2572 3728 bestias
2606 3669 2750 3740 ipsas
2791 3665 3123 3728 incidamus,
3165 3663 3295 3716 nihil
3337 3657 3543 3716 adversi
3569 3657 3726 3711 nobis

2124 3767 2320 3825 evenit.
2349 3764 2594 3822 Omnium
2622 3761 2762 3817 enim
2794 3757 3047 3813 Dominus
3071 3767 3184 3810 suae
3219 3751 3425 3806 virtutis
3471 3755 3728 3819 praestan-

2126 3862 2253 3917 tiam
2279 3859 2558 3916 declamas
2580 3897 2596 3922 ,
2627 3852 2916 3909 bestiarum
2944 3854 3112 3904 mutat
3137 3852 3377 3900 naturam
3397 3882 3412 3906 ,
3441 3853 3636 3907 easque
3665 3836 3722 3890 in

2126 3968 2254 4010 oves
2280 3958 2584 4006 mansuetas
2607 3943 2943 4001 transformat
2963 3955 2982 3994 ε
3006 3953 3111 3993 non
3141 3933 3284 4006 quod
3326 3930 3600 3987 bestialem
3648 3927 3730 3982 eis

2127 4054 2370 4100 naturam
2416 4043 2658 4096 immutet
2679 4075 2694 4100 ,
2736 4033 2830 4087 sed
2859 4031 3067 4086 relictas
3093 4028 3146 4080 in
3171 4033 3354 4079 natura
3384 4036 3477 4076 eas
3499 4063 3518 4088 ,
3547 4020 3730 4075 ovium

2128 4150 2307 4194 mores
2331 4143 2384 4188 et
2411 4141 2658 4186 naturam
2681 4125 2934 4181 exhibere
2961 4119 3172 4188 satagit.
3219 4115 3379 4184 quue
3416 4127 3521 4167 non
3552 4111 3730 4167 solum

2129 4231 2183 4287 in
2209 4229 2336 4285 feris
2353 4226 2472 4298 quis
2498 4222 2681 4279 videre
2711 4217 2942 4288 poterit,
2967 4212 3063 4268 sed
3097 4219 3152 4265 et
3180 4210 3231 4263 in
3255 4207 3533 4263 elementis
3577 4205 3726 4274 ipsis.

2130 4322 2353 4392 Quando
2374 4297 2517 4375 enim
2546 4314 2659 4369 vult
2675 4353 2693 4381 ,
2719 4321 2845 4366 tunc
2871 4316 2927 4363 et
2948 4306 3209 4362 elementa
3240 4303 3352 4372 ipsa
3381 4297 3593 4354 virtutis
3618 4311 3733 4352 sua:

2131 4389 2530 4475 obliviscuntur,
2552 4416 2608 4462 et
2631 4418 2802 4474 neque
2829 4402 2966 4472 ignis
2989 4397 3111 4453 facit
3138 4394 3279 4467 quod
3311 4393 3446 4463 ignis
3474 4391 3631 4446 solet.
3661 4389 3728 4444 Et

2135 4510 2236 4565 hoc
2255 4519 2463 4577 quoque
2481 4501 2686 4556 discere
2708 4495 2905 4566 poterit
2930 4491 3119 4562 aliquis
3141 4498 3246 4544 tam
3269 4487 3321 4543 in
3342 4485 3511 4540 tribus
3527 4481 3726 4553 pueris,

2133 4617 2289 4673 quam
2305 4599 2355 4653 in
2376 4594 2589 4651 Daniele
2604 4588 2822 4664 (Dan.6.
2838 4587 2953 4658 22).
2969 4585 3097 4642 Nam
3119 4583 3257 4638 hunc
3268 4579 3450 4636 leones
3461 4581 3595 4673 sicut
3605 4588 3729 4673 oves

2135 4665 2565 4750 circumdabant,
2590 4692 2645 4740 et
2670 4694 2903 4751 superno
2920 4676 3116 4732 auxilio
3137 4682 3311 4730 retusa
3331 4684 3517 4728 eorum
3544 4665 3736 4721 feroci-

2139 4790 2246 4837 tate
2268 4821 2286 4848 ,
2316 4777 2445 4834 nihil
2469 4777 2542 4832 illi
2575 4771 2896 4830 incommodi
2918 4769 3136 4826 dabant.
3161 4764 3291 4821 Nam
3319 4761 3461 4833 quod
3489 4756 3723 4848 ferocitas

2140 4882 2246 4929 tem
2272 4847 2381 4925 non
2409 4875 2718 4923 exercentes
2743 4862 2902 4926 forte,
2934 4875 3052 4916 eam
3079 4867 3255 4913 tamen
3301 4849 3610 4908 retinuerint
3631 4889 3648 4916 ,
3697 4847 3730 4901 ii

2140 4964 2232 5038 qui
2258 4962 2386 5019 feris
2413 4956 2818 5016 truculentiores
2843 4962 2996 5009 erant
3021 4953 3193 5021 reipsa
3213 4944 3417 5016 experti
3446 4950 3590 4997 sunt.

2215 5055 2270 5111 5.
2312 5052 2424 5108 Hoc
2467 5058 2644 5104 autem
2690 5045 2756 5102 ad
2795 5045 3052 5114 majorem
3091 5041 3301 5096 illorum
3342 5032 3735 5090 accusationem

2151 5149 2351 5204 factum
2374 5151 2458 5200 est
2477 5183 2490 5209 ,
2512 5141 2637 5212 quia
2663 5140 2870 5194 ratione
2901 5131 3153 5204 insigniti,
3181 5126 3495 5184 crudelitate
3532 5122 3730 5212 bestias

2149 5239 2358 5295 ratione
2383 5211 2628 5291 carentes
2649 5229 2949 5285 vincebant.
2993 5220 3345 5288 Tandemque
3383 5216 3556 5285 reipsa
3590 5211 3728 5266 didi-

2149 5337 2339 5388 cerunt
2378 5324 2648 5398 quomodo
2689 5337 2756 5376 ex
2797 5315 3004 5373 Domini
3048 5310 3375 5384 providentia
3419 5306 3548 5362 ferae
3595 5304 3727 5372 ipsa:

2146 5423 2346 5494 justum
2371 5396 2478 5474 sint
2528 5413 2789 5477 reveritze,
2829 5420 3001 5477 neque
3047 5417 3190 5458 ausa:
3237 5399 3430 5454 fuerint
3471 5396 3586 5466 ejus
3609 5407 3727 5447 cor-

2152 5491 2252 5587 pus
2298 5511 2594 5580 attingere;
2647 5502 2724 5558 illi
2769 5513 2899 5556 vero
2941 5497 3081 5552 feras
3122 5491 3449 5550 immanitate
3493 5499 3712 5557 supera-

2176 5633 2353 5731 t;se‘
2400 5629 2544 5694 uss"
2589 5633 2635 5683 α
2676 5630 2728 5679 ul
2772 5622 2920 5689 Imj'“
2961 5618 3115 5688 Μία,
3152 5619 3235 5670 καὶ
3275 5620 3325 5668 αἱ
3373 5614 3545 5666 τούτου
3587 5615 3726 5673 θυγα-

2143 5710 2288 5760 repet.
