4142 6206
475 264 569 321 501

474 396 597 442 runt
624 387 733 442 ’.Ει
772 402 846 442 ne
873 396 1116 458 putarent
1138 387 1259 442 haec
1283 403 1347 441 ex
1370 388 1483 442 visu
1513 388 1631 442 solo
1649 404 1711 443 ac
1732 387 1908 457 Specie
1926 386 2057 441 facta

474 495 613 545 esse;
629 496 724 549 per
733 495 826 536 eos
837 482 923 551 qui
939 490 1118 547 postea
1136 480 1189 534 in
1207 479 1374 534 lacum
1389 479 1562 549 injecti
1576 490 1696 535 sunt
1710 486 2055 550 agnoverunt,

474 585 567 624 eas
584 586 713 626 cum
738 570 881 640 justo
903 572 1016 625 viro
1039 572 1219 625 ovium
1247 572 1705 627 mansuetudinem
1736 572 1983 637 imitatas,
2006 578 2061 625 et

477 670 679 715 natura:
712 677 825 716 sua:
855 662 1048 717 oblitas
1076 677 1234 717 esse:
1277 678 1398 717 cum
1429 663 1491 717 iis
1531 671 1708 718 autem
1757 662 1847 731 qui
1878 671 2061 732 postea

479 752 658 822 injecti
688 764 812 808 sunt
834 753 1091 808 ferociam
1115 768 1265 809 suam
1290 754 1613 809 exhibuisse.
1647 754 1904 809 Similiter
1926 763 1980 809 et
2008 754 2058 809 in

479 843 693 899 fornace
715 845 850 913 ignis
876 844 1071 900 factum
1101 855 1182 901 est
1213 845 1438 917 (Daniel.
1472 847 1549 914 3).
1583 846 1715 900 Nam
1745 860 1838 900 eos
1862 846 1951 916 qui
1983 846 2063 899 in-

478 946 561 989 tus
579 944 733 989 eram
759 936 1102 992 reverebatur
1119 938 1464 1003 elementum,
1483 946 1536 993 et
1557 953 1661 993 non
1686 939 1869 993 urebat
1890 938 2022 1009 ignis
2043 922 2058 992 ὲ

476 1027 569 1082 scd
595 1029 747 1098 quasi
771 1030 924 1099 ligata
952 1032 1261 1101 operatione
1288 1047 1405 1097 sua,
1430 1032 1501 1086 ita
1524 1031 1654 1086 nihil
1682 1032 1906 1087 nocebat
1934 1046 2061 1101 pue-

478 1134 660 1175 rorum
686 1123 1021 1192 corporibus,
1052 1131 1105 1177 et
1129 1138 1299 1194 neque
1321 1124 1542 1193 Capillos
1572 1138 1759 1179 eorum
1797 1128 2062 1194 attingere

477 1226 639 1268 ausus
680 1212 797 1279 fuit,
826 1214 975 1285 quasi
1015 1215 1265 1270 mandato
1309 1216 1533 1286 alicujus
1576 1216 1900 1271 elementum
1940 1230 2070 1285 pro-

479 1304 648 1371 priam
669 1304 943 1362 declarare
980 1306 1228 1361 virtutem
1282 1306 1699 1376 prohiberetur:
1748 1320 1841 1359 cos
1883 1314 2060 1358 autem

476 1396 565 1463 qui
592 1404 739 1450 extra
770 1396 1037 1452 fornacem
1057 1408 1228 1463 erant,
1263 1397 1576 1467 absumpsit.
1604 1396 1661 1451 In
1690 1404 1914 1465 utroque
1944 1410 2059 1448 ma-

476 1500 577 1553 gna
607 1485 695 1541 Dei
726 1489 959 1557 potentia
983 1487 1315 1553 declaratur,
1347 1496 1399 1542 et
1426 1487 1545 1557 quia
1574 1486 1645 1540 illi
1675 1486 1817 1540 intus
1846 1500 2059 1540 manse-

478 1584 601 1631 runt
642 1577 833 1644 illmsi,
862 1586 918 1635 et
960 1579 1084 1647 quia
1125 1577 1215 1647 qui
1247 1578 1373 1631 foris
1396 1586 1550 1632 erant
1574 1618 1589 1644 ,
1634 1576 1927 1646 perierunt.
1974 1574 2061 1630 Sic

476 1665 689 1736 quando
737 1682 970 1736 superno
1012 1667 1210 1721 auxilio
1266 1667 1573 1733 munimur,
1623 1680 1729 1721 non
1761 1665 1934 1721 solum
1978 1664 2061 1719 ef—

479 1756 707 1825 fugimus
757 1756 1091 1811 inimicorum
1144 1756 1401 1822 insidias,
1464 1756 1560 1812 sed
1605 1756 1709 1811 etsi
1756 1756 1813 1811 in
1862 1754 2061 1811 bestias

481 1847 623 1915 ipsas
644 1846 960 1912 incidamus,
997 1846 1127 1902 nihil
1150 1848 1377 1917 patimur
1414 1862 1593 1919 grave.
1626 1848 1715 1901 Dei
1753 1847 1896 1902 enim
1944 1862 2061 1901 ma-

482 1952 580 1991 nus
610 1938 875 2006 potentior
909 1947 993 1995 est
1024 1939 1308 2005 omnibus;
1355 1940 1467 2009 ipsa
1511 1955 1608 1996 nos
1655 1939 1888 2009 undique
1930 1938 2061 1994 satis

481 2030 667 2095 munit,
684 2038 740 2085 et
758 2030 978 2086 invictos
997 2030 1122 2086 facit
1146 2050 1157 2085 :
1186 2031 1235 2085 id
1250 2032 1390 2101 quod
1412 2041 1465 2087 et
1481 2032 1533 2085 in
1549 2031 1693 2100 justo
1715 2030 1815 2086 hoc
1826 2030 2063 2085 declara-

481 2128 590 2173 tum
613 2128 713 2175 est.
746 2120 874 2176 Nam
901 2122 988 2191 qui
1021 2130 1169 2177 tanto
1196 2122 1394 2193 impetu
1420 2120 1878 2192 comprehendere
1897 2120 2060 2176 Jaco-

479 2208 625 2277 hum,
651 2219 706 2266 et
734 2227 945 2280 pinnam
972 2211 1108 2284 fuga:
1135 2213 1203 2268 de
1228 2228 1295 2269 eo
1322 2228 1536 2267 sumere
1562 2212 1803 2279 volebat;
1833 2228 1939 2268 non
1970 2228 2062 2267 so-

480 2301 588 2354 lum
620 2302 749 2356 nihil
772 2318 1025 2372 asperum
1053 2312 1108 2359 et
1133 2303 1327 2359 durum
1356 2304 1613 2359 adversus
1638 2318 1760 2358 eum
1780 2302 2017 2374 loquitur
2041 2343 2057 2367 ,

476 2391 574 2447 sed
600 2393 734 2447 sicut
762 2404 913 2463 pater
946 2394 1111 2448 lilium
1140 2395 1469 2465 compellans
1493 2437 1508 2461 ,
1541 2395 1610 2450 ita
1652 2394 1859 2450 blandis
1888 2395 2065 2450 verbis

478 2484 727 2537 convenit
752 2502 764 2537 :
796 2484 927 2539 dicit
952 2486 1096 2540 enim
1125 2504 1136 2539 :
1165 2486 1254 2541 26.
1280 2486 1383 2541 Cur
1412 2488 1505 2540 hoc
1530 2488 1691 2556 fecisti
1710 2487 1738 2540 .’
1759 2503 1913 2555 quare
1930 2489 2063 2539 clam

475 2576 797 2631 abscessisti?
830 2577 960 2633 Vide
998 2588 1193 2649 quanta
1236 2581 1496 2634 mutatio:
1546 2579 1665 2634 vide
1706 2579 1973 2650 quomodo
2017 2580 2063 2633 is

475 2669 567 2737 qui
595 2680 652 2723 ut
676 2668 843 2723 bestia
875 2669 1193 2735 insaniehat,
1227 2671 1407 2725 ovium
1432 2670 1667 2725 imitatur
1696 2670 2063 2725 mansuetudi-

474 2773 621 2813 siem.
652 2758 826 2827 Quare
862 2760 1093 2815 clanculo
1135 2761 1429 2829 discessisti,
1461 2770 1508 2815 et
1547 2777 1657 2816 mea
1684 2761 1857 2832 furtim
1887 2760 2061 2815 abstu-

480 2850 583 2903 listi
603 2891 617 2913 ,
663 2861 711 2905 et
753 2851 1008 2907 abduxisti
1053 2853 1190 2923 ﬁlias
1229 2870 1366 2908 meas
1389 2855 1536 2925 quasi
1584 2856 1804 2924 captivas
1849 2853 2063 2925 gladio?

473 2942 656 3008 Quare
674 2984 689 3008 ,
720 2942 922 3013 inquit,
950 2943 1053 3000 hoc
1082 2944 1289 3000 fecisti?
1314 2947 1438 3016 quid
1470 2945 1680 3001 tandem
1708 2947 1761 3001 in
1791 2948 2063 3017 proposito

484 3034 756 3089 habuisti?
783 3051 949 3105 quare
992 3037 1069 3091 sic
1107 3037 1317 3092 occulte
1359 3037 1556 3107 parasti
1593 3036 1931 3093 discessum?
1972 3037 2063 3092 27.

484 3127 622 3179 Nam
650 3128 694 3182 si
720 3129 1071 3184 annuntiasses
1100 3130 1225 3182 mihi
1248 3170 1262 3194 ,
1294 3145 1408 3183 cum
1435 3146 1616 3201 magno
1644 3130 1833 3185 honore
1855 3138 1902 3184 et
1929 3131 2062 3185 (teti-

481 3220 552 3272 tia
577 3220 779 3289 fuissem
806 3230 853 3275 te
876 3232 1224 3290 prosequutus.
1255 3221 1542 3276 Enimvero
1571 3221 1613 3276 si
1639 3221 1741 3279 hoc
1764 3221 2062 3291 scivissem,

480 3310 606 3363 Cum
634 3311 835 3365 musicis
854 3352 869 3377 ,
901 3320 947 3364 et
977 3313 1227 3382 tympanis
1260 3321 1309 3365 et
1338 3312 1535 3365 cithara
1581 3320 1912 3382 prosequutus
1939 3313 2065 3382 fuis-

480 3418 581 3455 sem
599 3412 663 3455 te.
688 3401 777 3457 28.
801 3400 919 3456 Non
934 3418 1047 3457 sum
1071 3403 1255 3474 dignus
1280 3404 1479 3456 habitus
1501 3402 1721 3457 osculari
1738 3403 1873 3470 filias
1896 3419 2062 3457 meas:

482 3509 613 3547 nunc
649 3503 819 3547 autem
860 3494 1151 3563 insipienter
1192 3494 1352 3565 egisti.
1399 3492 1560 3549 Vides
1610 3493 1881 3563 quomodo
1924 3509 2064 3549 nunc

482 3584 827 3651 semetipsum
867 3585 1061 3653 arguit,
1110 3592 1165 3637 et
1207 3600 1302 3653 per
1344 3583 1577 3654 linguam
1621 3598 1773 3639 suam
1828 3583 2062 3651 fatetur,

482 3689 602 3728 sese
630 3675 842 3745 quidem
864 3675 1067 3744 justum
1086 3675 1224 3729 male
1248 3675 1460 3730 allicere
1487 3683 1728 3746 paratum
1756 3676 1939 3743 fuisse,
1971 3676 2062 3732 Dei

482 3772 660 3819 autem
696 3764 1079 3831 providentiam
1101 3806 1115 3830 ,
1146 3779 1176 3818 a
1205 3764 1477 3821 molimine
1505 3780 1602 3819 suo
1629 3766 1800 3835 ipsum
1836 3766 2062 3835 impedi-

486 3853 645 3908 visse.
672 3854 761 3908 29.
796 3853 986 3920 Potest,
1017 3855 1204 3924 inquit,
1236 3870 1415 3909 manus
1441 3871 1550 3908 mea
1570 3864 1619 3909 te
1650 3856 1900 3926 affligere;
1924 3854 2063 3911 Deus

481 3954 647 3999 autem
678 3947 836 4015 patris
860 3947 935 3999 tui
963 3946 1070 4000 lteri
1094 3947 1217 3999 mihi
1241 3946 1369 4000 dixit
1386 3963 1407 4000 :
1434 3946 1565 4001 Cave
1587 3948 1673 4000 tibi
1702 3948 1820 4017 ipsi,
1852 3964 1914 4002 ne
1934 3952 2064 4018 forte

480 4036 703 4106 loquaris
731 4053 845 4091 cum
866 4036 1027 4092 Iacob
1052 4037 1204 4091 mala.
1237 4038 1420 4108 Cogita
1449 4038 1534 4094 hic
1560 4048 1756 4109 quanta
1780 4056 1901 4096 cum
1935 4057 2061 4097 cou-

482 4129 739 4185 sUlatione
757 4129 885 4201 justi
916 4130 1110 4185 emissa
1137 4130 1333 4185 fuerint
1359 4130 1475 4186 hac
1500 4132 1681 4197 verba,
1704 4141 1759 4186 et
1783 4132 2061 4189 considera

479 4222 746 4290 quomodo
774 4221 859 4276 hic
885 4221 1075 4277 ellatur
1100 4236 1219 4292 qua:
1243 4221 1503 4279 adversus
1522 4222 1723 4293 justum
1745 4224 2059 4291 decreverit,

478 4325 531 4368 et
549 4315 777 4385 qualiter
795 4330 917 4370 eum
937 4314 1395 4385 comprehendere
1416 4316 1656 4381 voluerit,
1684 4332 1848 4387 seque
1874 4318 2063 4374 timore

480 4406 572 4462 Dei
593 4422 622 4460 a
654 4408 807 4461 malis
832 4408 1069 4464 consiliis
1092 4407 1383 4464 cohibitum
1415 4408 1597 4465 fuisse.
1621 4408 1759 4463 Deus
1786 4411 1943 4478 patris
1967 4412 2059 4477 tui,

479 4498 667 4566 inquit.
701 4496 829 4553 Vide
853 4498 1119 4569 quomodo
1140 4500 1253 4569 ipse
1278 4498 1457 4554 Laban
1480 4515 1584 4553 non
1613 4514 1798 4569 parum
1824 4501 2063 4557 utilitatis

480 4586 603 4640 hinc
623 4588 953 4655 perceperit,
986 4589 1271 4643 maximam
1296 4604 1362 4643 ex
1392 4589 1455 4643 iis
1481 4604 1601 4658 qua:
1637 4589 1739 4644 sibi
1777 4590 1917 4644 dicta
1946 4591 2061 4646 fue-

480 4688 605 4735 runt
631 4680 840 4734 virtutis
871 4680 964 4734 Dei
998 4680 1268 4750 accipiens
1306 4680 1835 4737 demonstrationem.
1869 4684 2059 4739 Verum

476 4772 597 4842 quia
618 4781 674 4827 et
689 4780 763 4836 tu,
788 4770 977 4841 inquit,
998 4771 1098 4826 hoc
1114 4772 1418 4839 decrevisti,
1437 4783 1489 4829 et
1507 4774 1647 4830 Dens
1660 4776 1844 4845 estqui
1864 4784 2059 4831 tantam

479 4866 552 4919 tui
574 4880 753 4920 curam
769 4866 925 4935 gerit,
949 4864 1037 4919 50.
1064 4863 1217 4917 Nunc
1234 4864 1387 4935 igitur
1407 4865 1564 4920 vade:
1586 4883 1768 4938 magno
1788 4867 1919 4921 enim
1937 4867 2062 4921 desi~

477 4960 616 5013 derio
639 4958 936 5013 desiderasti
951 4957 1090 5011 abire
1105 4958 1156 5011 in
1172 4957 1376 5011 domum
1394 4959 1549 5027 patris
1563 4960 1655 5013 tui.
1682 4960 1850 5025 Quare
1863 4959 2060 5028 furatus

478 5066 528 5101 es
549 5049 665 5103 deos
686 5050 858 5103 nicas?
880 5049 1030 5113 Esto,
1060 5048 1261 5119 inquit;
1290 5048 1391 5103 hoc
1410 5050 1713 5105 decreveris
1738 5060 1793 5105 ut
1816 5051 1975 5106 abeas
2005 5051 2057 5106 in

477 5140 689 5193 domum
709 5139 868 5210 patris
883 5141 953 5193 tui
972 5157 983 5191 :
1012 5155 1175 5210 quare
1190 5138 1320 5195 deos
1338 5154 1485 5193 meos
1498 5139 1698 5194 furatus
1712 5140 1803 5195 es?
1823 5142 1867 5196 0
1884 5140 2059 5211 ingen-

479 5243 581 5287 tcm
600 5232 979 5302 insipientiam!
1007 5232 1206 5287 talesne
1226 5242 1345 5286 sunt
1366 5231 1437 5285 dii
1460 5231 1555 5297 tui,
1572 5241 1628 5284 ut
1646 5231 1767 5300 quis
1780 5246 1875 5287 eus
1894 5231 2056 5288 furari

475 5326 675 5395 queat?
700 5325 811 5379 Non
840 5323 1114 5379 erubescis
1150 5323 1366 5388 dicens,
1398 5322 1568 5389 Quare
1607 5324 1803 5392 furatus
1846 5339 1899 5377 es
1938 5323 2057 5377 deos

477 5417 647 5470 meos?
677 5415 805 5471 Vide
832 5426 1025 5485 quanta
1057 5414 1155 5470 fuit
1193 5416 1391 5469 erroris
1416 5414 1655 5485 gravitas
1680 5454 1694 5478 ,
1745 5414 1870 5469 dum
1900 5414 1935 5469 ii
1966 5415 2055 5485 qui

478 5508 681 5561 ratione
712 5506 915 5575 praediti
948 5516 1123 5572 erant,
1166 5506 1416 5561 colebant
1461 5505 1663 5575 lapides
1702 5514 1755 5560 ct
1799 5505 1957 5575 ligna.
1990 5505 2055 5560 Ili

520 5612 555 5681 ,ι
589 5606 703 5683 lch
737 5608 884 5682 verba
910 5608 1040 5683 ,‘tll't'
1093 5623 1207 5683 vero
1240 5608 1393 5683 feras_
1414 5606 1709 5683 ἕυιηιςιῃξωιε
1752 5615 2059 5683 superarunt,

479 5671 622 5780 a‘J‘IIO‘t.
652 5671 790 5780 demta
815 5673 907 5717 τῶν
932 5672 1099 5735 θηρίων
1143 5671 1272 5735 αὐτῷ
1320 5672 1477 5733 χεῖρον
1527 5673 1771 5733 διέθηκαν,
1798 5671 1979 5721 desunt
2012 5672 2062 5723 in

480 5747 563 5784 tun
590 5740 654 5781 lis
735 5746 799 5779 ss.

1476 270 1549 328 IN
1579 272 1731 329 CAP.
1776 270 1965 327 XXXI.
2007 269 2252 329 GENES.
2294 272 2520 329 1103111..
2561 274 2717 330 LVII.

3643 281 3752 337 ειυιξ

2170 398 2291 443 sunt
2320 386 2389 444 dii
2420 392 2529 459 tui,
2560 407 2594 447 ο
2624 389 2825 459 Lahan,
2853 392 2943 462 qui
2971 408 3142 463 neque
3167 408 3288 449 cum
3312 394 3532 450 iuraturi
3553 410 3611 451 se
3630 398 3748 466 qui-

2166 482 2289 538 dam
2309 494 2479 547 erant,
2502 484 2688 553 jnvare
2709 499 2767 539 se
2787 486 3112 554 potuerunt?
3134 486 3235 552 Qui
3258 487 3402 542 enim
3423 496 3638 556 possent
3657 489 3746 556 qui

2167 588 2197 627 e
2229 573 2400 642 lapide
2423 584 2546 628 sunt
2572 575 2839 630 confecti?
2879 576 3018 631 Deus
3056 586 3231 631 autem
3268 577 3439 645 justi,
3470 577 3751 647 ignorante

2163 663 2307 733 justo
2327 707 2342 731 ,
2372 666 2626 734 impetum
2652 677 2801 721 tuum
2824 666 3079 722 coercuit.
3112 666 3178 721 Et
3198 681 3303 721 non
3328 668 3529 738 cogitas
3548 669 3751 724 erroris

2168 756 2603 823 magnitudinem,
2651 767 2705 812 et
2733 756 2935 827 justum
2980 757 3103 811 furti
3143 758 3362 828 arguis?
3390 759 3564 826 Quare
3606 760 3752 815 enim

2162 845 2340 914 justus
2369 846 2488 902 illos
2514 847 2677 901 furari
2706 848 2960 903 voluisset
2980 889 2993 912 ,
3021 863 3157 918 quos
3185 848 3610 915 abominabatur,
3639 848 3756 905 imo

2166 952 2299 1008 quos
2344 938 2546 994 sciebat
2572 953 2691 994 esse
2730 954 2892 995 sensu
2920 954 3116 995 vacuos
3164 940 3411 1010 lapides?
3440 941 3604 996 Porro
3634 942 3748 997 haec

2165 1043 2287 1082 cum
2331 1028 2566 1084 audisset
2608 1029 2795 1096 Jacoh,
2844 1030 3071 1100 primum
3117 1046 3302 1101 magna
3345 1031 3751 1089 mansuetudine

2165 1120 2232 1175 de
2254 1121 2479 1190 objectis
2501 1122 2811 1177 criminibus
2837 1137 2895 1177 ω
2923 1134 3130 1192 purgat.
3163 1131 3218 1178 et
3245 1132 3370 1178 tunc
3399 1133 3454 1178 ut
3482 1124 3749 1195 inquiras»

2168 1219 2252 1265 tur
2279 1211 2351 1265 dii
2391 1212 2561 1281 jubet.
2587 1212 2676 1268 3i.
2705 1211 2830 1266 Dixi
2862 1213 3001 1266 enim
3022 1254 3036 1278 ,
3070 1214 3262 1284 inquit,
3290 1230 3354 1268 ne
3380 1218 3508 1285 forte
3543 1219 3749 1287 auferas

2166 1302 2301 1369 filias
2327 1311 2437 1355 tuas
2463 1318 2494 1355 a
2519 1319 2614 1368 me,
2646 1314 2693 1356 et
2720 1304 2889 1357 omnia
2915 1319 3046 1357 mea.
3078 1304 3234 1371 Quia,
3268 1305 3470 1375 inquit,
3501 1305 3754 1361 videbam

2163 1400 2219 1445 te
2258 1408 2367 1446 non
2399 1391 2535 1447 bene
2574 1408 2699 1463 erga
2745 1408 2836 1448 me
2873 1393 3156 1459 allectum,
3185 1395 3374 1449 anxius
3414 1395 3484 1447 fui
3515 1410 3583 1450 ne
3614 1394 3753 1450 forte

2165 1485 2437 1540 conareris
2466 1485 2673 1542 auferre
2704 1486 2835 1541 tilias
2865 1494 2980 1540 tuas
3008 1494 3062 1541 et
3091 1486 3365 1542 facultates
3392 1502 3558 1551 meas,
3588 1496 3749 1557 atque

2168 1577 2376 1646 privare
2415 1592 2500 1632 me
2539 1577 2695 1643 meis,
2726 1577 2864 1633 sicut
2906 1576 3171 1647 quondam
3219 1576 3409 1631 fecisti.
3461 1576 3561 1630 Ista
3593 1577 3750 1647 igitur

2160 1681 2326 1721 causa
2351 1667 2558 1722 timoris
2583 1666 2706 1722 fecit
2726 1708 2740 1732 ,
2773 1675 2831 1721 ut
2857 1666 2999 1722 clam
3025 1675 3076 1721 te
3100 1666 3323 1721 abirem.
3351 1665 3616 1721 Castorum
3656 1665 3746 1722 32.

2165 1756 2318 1825 Apud
2341 1773 2486 1826 quem
2511 1757 2757 1811 inveneris
2784 1757 2902 1811 deos
2928 1766 3059 1823 tuos,
3087 1772 3187 1810 non
3216 1756 3342 1810 vivet
3370 1772 3540 1809 coram
3569 1756 3747 1825 fratri-

2165 1848 2257 1902 bus
2294 1848 2499 1906 nostris.
2529 1847 2686 1903 Vides
2711 1848 2986 1917 ignorasse
3029 1845 3196 1901 Jacob
3239 1848 3433 1900 furtum
3459 1860 3489 1899 a
3517 1844 3761 1901 Rachele-

2165 1941 2529 1996 commissum.
2550 1940 2687 1996 Vide
2713 1940 2857 1996 enim
2883 1948 3078 2010 quanta
3100 1938 3411 1993 austeritate
3432 1936 3749 2008 supplicium

2164 2032 2403 2088 decernit
2427 2032 2477 2087 ei
2497 2032 2588 2102 qui
2618 2032 2814 2087 furtum
2843 2030 3153 2085 admiserat.
3184 2028 3337 2099 Apud
3361 2045 3529 2098 quem,
3557 2027 3749 2098 inquit,

2165 2126 2353 2179 inventi
2381 2121 2588 2195 fuerint,
2629 2140 2729 2178 non
2753 2123 2878 2178 vivet
2902 2138 3074 2176 coram
3113 2121 3352 2192 fratribus
3379 2121 3581 2176 nostris.
3633 2119 3750 2175 Non

2166 2215 2337 2269 solum
2358 2256 2375 2281 ,
2406 2214 2614 2285 inquit,
2644 2214 2768 2283 quia
2796 2213 3031 2269 ablatum
3060 2222 3162 2278 est,
3193 2212 3287 2267 sed
3315 2220 3370 2268 et
3406 2211 3529 2281 quia
3555 2211 3750 2266 furtum

2166 2308 2255 2381 qui
2288 2307 2492 2375 fecerit,
2525 2306 2864 2363 manifestum
2888 2308 2970 2362 sui
2997 2306 3181 2377 ﬂagitii
3212 2306 3463 2360 indicium
3492 2303 3748 2375 proferet.

2169 2402 2316 2457 Scias
2340 2402 2384 2456 si
2408 2399 2532 2472 quid
2559 2409 2631 2453 est
2660 2408 2861 2452 tuorum
2885 2398 3027 2466 apud
3056 2414 3151 2460 me,
3173 2406 3221 2451 et
3244 2398 3434 2467 accipe.
3464 2396 3749 2459 Scrutare,

2168 2492 2355 2563 inquit,
2390 2506 2515 2545 num
2557 2488 2683 2560 quid
2722 2487 3035 2544 abstulerim
3068 2486 3210 2557 quod
3236 2486 3303 2541 ad
3334 2501 3420 2541 me
3446 2500 3549 2540 non
3592 2485 3752 2553 perti-

2169 2583 2362 2637 uuerit.
2389 2580 2530 2635 Nihil
2555 2577 2698 2635 aliud
2732 2580 2787 2633 in
2812 2593 2897 2633 me
2917 2592 3140 2647 arguere
3171 2577 3391 2647 poteris,
3424 2590 3582 2644 quam
3607 2574 3750 2645 quod

2165 2672 2303 2729 clam
2328 2670 2550 2726 abierim
2574 2686 2587 2722 :
2617 2668 2793 2725 ethoc
2826 2682 2933 2722 non
2963 2673 3153 2737 sponte
3184 2665 3304 2730 feci,
3331 2664 3425 2720 sed
3448 2666 3757 2734 suspicatus.

2168 2762 2502 2832 injustitiam,
2530 2769 2584 2815 et
2612 2760 2807 2814 timens
2833 2772 2901 2813 ne
2928 2756 3093 2812 velles
3118 2754 3331 2811 auferre
3362 2755 3496 2809 tilias
3526 2762 3665 2829 tuas,
3696 2762 3752 2808 et

2166 2856 2299 2909 alias
2324 2868 2471 2909 meas
2501 2851 2814 2916 facultates,
2846 2849 2890 2904 si
2927 2848 2978 2903 id
3023 2848 3271 2903 rescires.
3316 2846 3385 2902 Et
3414 2863 3513 2901 non
3550 2846 3757 2917 agnouit

2166 2945 2305 3015 apud
2333 2960 2449 2999 eum
2472 2942 2685 3012 aliquid.
2719 2939 2987 2995 Nesciebat
3010 2950 3177 2993 autem
3199 2937 3360 2993 Iacob
3388 2937 3524 3008 quod
3557 2936 3752 2991 Iiachet

2168 3053 2297 3090 uxor
2322 3051 2414 3089 sua
2444 3035 2614 3103 furata
2641 3033 2815 3103 fuisset
2840 3048 2945 3086 eos.
2977 3031 3067 3087 35.
3096 3029 3362 3101 Ingressus
3383 3038 3552 3083 autem
3572 3028 3750 3083 Labori

2168 3135 2418 3181 scrutatus
2445 3133 2518 3178 est
2546 3125 2751 3178 domum
2777 3122 2919 3189 Lite,
2947 3132 2995 3175 et
3020 3138 3121 3175 non
3146 3121 3349 3175 invenit.
3390 3118 3655 3190 Ingressus
3678 3128 3753 3174 est

2166 3227 2333 3271 autem
2368 3226 2420 3270 et
2463 3216 2516 3269 in
2555 3215 2760 3269 domum
2798 3212 3009 3266 Rachel.
3050 3212 3138 3267 54.
3178 3210 3371 3265 Rachel
3402 3226 3517 3264 vero
3560 3210 3755 3279 accepit

2166 3309 2324 3375 idola,
2351 3318 2397 3362 et
2418 3306 2589 3377 posuit
2617 3322 2676 3359 ea
2699 3304 2868 3360 subter
2891 3314 3163 3357 stramenta
3190 3302 3519 3367 camelorum,
3548 3310 3595 3355 et
3622 3301 3751 3356 sedit

2166 3419 2317 3472 super
2357 3418 2435 3456 ea.
2469 3399 2535 3454 Et
2572 3399 2702 3453 dixit
2746 3399 3040 3467 patrisuo:
3069 3396 3157 3452 35.
3200 3393 3284 3449 Ne
3326 3394 3544 3465 graviter
3590 3393 3749 3463 feras,

2166 3496 2367 3549 domine
2392 3494 2459 3546 mi
2480 3508 2501 3546 :
2527 3509 2627 3546 non
2657 3507 2861 3562 possunt
2888 3505 3092 3559 surgere
3112 3503 3289 3542 coram
3319 3499 3393 3554 te,
3423 3486 3544 3557 quia
3567 3502 3750 3540 secun-

2167 3590 2287 3641 dum
2311 3586 2719 3641 consuetudinem
2743 3584 3007 3637 ntulierum
3034 3582 3158 3636 mihi
3178 3590 3268 3635 est.
3291 3580 3564 3636 Scrutatus
3581 3588 3752 3633 autem

2166 3689 2239 3734 est
2268 3678 2442 3733 Laban
2460 3679 2514 3731 in
2538 3684 2640 3731 tota
2660 3676 2809 3729 domo
2830 3675 2959 3744 ejus,
2991 3682 3037 3729 et
3061 3689 3160 3727 non
3189 3673 3394 3727 invenit.

2240 3773 2294 3825 6.
2338 3769 2523 3839 Magna
2570 3765 2819 3821 Itacbelis
2865 3764 3102 3830 solertia,
3146 3779 3240 3831 per
3283 3778 3441 3832 quam
3497 3760 3752 3817 deludere

2171 3863 2339 3932 ιιοιυὶι
2367 3859 2661 3914 Labanum.
2690 3855 2924 3910 Audiant
2961 3854 3053 3924 qui
3098 3852 3277 3908 adhuc
3321 3851 3595 3907 erroribus
3628 3859 3753 3906 sunt

2168 3952 2387 4018 addicti,
2436 3959 2491 4006 et
2538 3947 2894 4004 idololatriam
2948 3944 3125 4017 magni
3181 3944 3399 4000 iaciunt.
3463 3942 3645 3998 Posuit
3693 3960 3752 3997 ea

2166 4046 2334 4099 subter
2360 4052 2635 4099 stramenta
2660 4041 2993 4106 camelorum,
3048 4039 3239 4109 inquit.
3282 4047 3328 4093 et
3348 4037 3473 4092 sedit
3493 4053 3645 4108 super
3671 4054 3751 4093 ea.

2168 4137 2303 4207 Quid
2330 4136 2413 4191 his
2444 4136 2610 4207 magis
2635 4133 2961 4189 ridiculum?
2981 4132 3082 4201 Qui
3109 4132 3316 4187 ratione
3346 4131 3549 4201 praediti
3578 4140 3753 4195 erant,

2169 4239 2222 4285 et
2262 4236 2462 4283 tantam
2510 4224 2874 4281 misericordia
2906 4223 3000 4280 Dei
3035 4222 3312 4293 assequuti
3350 4223 3560 4277 fuerant
3582 4221 3752 4293 digni-

2170 4329 2329 4374 tatem
2355 4360 2370 4385 ,
2423 4316 2625 4388 lapides
2666 4330 2829 4371 sensu
2870 4328 3064 4368 vacuus
3102 4321 3291 4383 putant
3314 4311 3581 4381 colendos
3609 4330 3624 4367 :
3655 4329 3753 4368 nec

2171 4409 2331 4479 pudet
2358 4424 2472 4474 eos,
2503 4422 2602 4462 nec
2628 4416 2827 4461 tantam
2849 4418 3033 4460 secum
3066 4410 3314 4473 reputant
3342 4401 3751 4466 absurditatem,

2169 4502 2263 4558 sed
2288 4517 2318 4555 a
2345 4498 2739 4555 consuetudine
2782 4496 2931 4567 quasi
2959 4511 3089 4551 oves
3135 4494 3511 4549 abducuntur?
3553 4492 3753 4549 Idcirco

2171 4589 2363 4643 Paulus
2389 4602 2599 4658 quoque
2620 4585 2861 4642 scribens
2883 4583 3094 4639 dicebat
3127 4600 3139 4636 :
3169 4580 3324 4637 Scitis
3352 4581 3556 4651 quando
3583 4590 3753 4652 gentes

2171 4684 2350 4748 cratis,
2406 4683 2474 4735 ad
2516 4681 2654 4735 idola
2704 4689 2845 4733 muta
2889 4687 3157 4747 utcumque
3204 4676 3525 4731 ducebamini
3583 4682 3753 4729 euntes

2171 4777 2245 4846 (I.
2274 4775 2394 4831 Cor.
2422 4776 2506 4829 l'z.
2535 4774 2618 4845 ‘2).
2653 4773 2718 4828 Et
2744 4780 2887 4827 recte
2906 4770 3059 4836 dixit,
3094 4769 3260 4825 Muta.
3292 4769 3393 4837 Qui
3418 4782 3626 4830 vocem,
3667 4765 3750 4818 iu-

2166 4868 2296 4937 quit,
2331 4865 2538 4920 habetis
2558 4872 2614 4920 et
2648 4878 2821 4927 aures,
2850 4870 2906 4917 et
2930 4862 3152 4917 rationis
3175 4862 3306 4917 estis
3346 4857 3648 4928 participes,
3680 4855 3748 4908 ad

2165 4974 2227 5014 ea
2253 4972 2373 5029 qua:
2414 4956 2618 5011 nullum
2656 4969 2873 5010 sensum
2911 4953 3125 5018 habent,
3155 4954 3293 5006 sicut
3336 4950 3491 5004 bruta
3528 4946 3747 5000 abduci-

2166 5050 2316 5105 mini.
2373 5048 2441 5104 Et
2488 5048 2700 5117 qualem
2743 5046 2833 5117 qui
2862 5045 2997 5099 tales
3032 5054 3156 5098 sunt
3194 5040 3401 5097 veniam
3431 5036 3749 5093 merentur?

2165 5140 2270 5195 Sed
2301 5138 2575 5194 videamus
2595 5136 2862 5207 quomodo
2884 5137 3059 5205 justus
3100 5146 3243 5187 nunc
3288 5129 3537 5185 ﬁduciam
3582 5140 3742 5183 acce-

2165 5232 2323 5302 perit,
2355 5230 2544 5299 partim
2583 5244 2656 5285 ex
2702 5228 2765 5282 iis
2792 5242 2909 5297 qum
2965 5224 3143 5278 Laban
3182 5220 3461 5276 confessus
3484 5229 3589 5284 est,
3622 5232 3744 5287 par-

2166 5324 2257 5377 tim
2301 5320 2550 5392 quoniain
2621 5318 2824 5374 nullum
2878 5316 3082 5370 crimen
3129 5323 3314 5369 contra
3358 5325 3418 5367 se
3471 5311 3745 5366 invenerat

2164 5413 2577 5485 reprehensione
2628 5411 2841 5481 dignum
2874 5450 2888 5475 ,
2921 5406 3045 5476 quid
3096 5404 3271 5460 dicit?
3320 5404 3409 5461 36.
3457 5400 3628 5455 Iratus
3676 5411 3748 5455 est

2161 5517 2348 5571 autem,
2380 5505 2568 5575 inquit,
2619 5502 2801 5569 Jacob,
2833 5512 2876 5555 et
2904 5499 3157 5555 contendit
3188 5514 3304 5550 cunt
3344 5495 3540 5560 Laban,
3592 5504 3641 5547 et
3661 5495 3745 5546 di-

2161 5601 2255 5652 xit.
2281 5596 2411 5651 Vide
2461 5594 2729 5665 quomodo
2775 5595 2937 5649 etiam
2982 5588 3369 5661 expostulando
3396 5587 3589 5642 anima:
3635 5600 3746 5639 smn

2172 5691 2418 5745 virtutem
2448 5688 2663 5761 detegit.
2714 5686 2841 5755 Qua'
2875 5686 3122 5757 injustitia
3153 5698 3282 5750 mea,
3314 5682 3388 5738 vel
3414 5678 3549 5752 quod
3573 5693 3744 5750 ναίει
