4142 6206
542 276 648 334 3:5
1210 288 1265 344 S.
1306 288 1585 345 JOANXIS
1618 291 2095 351 ειίιιῐεαετωη

2190 298 2453 355 RClllEP.
2494 304 3023 365 CUSSTANTLVOP.
3707 324 3815 380 5οί

529 404 637 443 m-
674 409 862 460 m.
908 394 1103 466 inquit.
1146 400 1283 466 βοά
1321 407 1869 469 manu?
1918 408 2117 474 Quare.

528 484 1129 555 inquitJautoimpetu
1160 488 1549 544 insectatuses
1595 494 1725 547 me?
1773 497 1983 564 quale-
2035 501 2121 553 in-

524 575 783 639 iustitiam
834 579 965 631 mihi
1016 589 1169 647 potes
1210 582 1579 651 exprobrare?
1616 587 1773 654 quale
1802 595 2121 656 peccatum?

524 671 788 740 "eq-eid
838 677 993 735 satis.
1018 678 1123 731 nisi
1168 690 1457 736 ettanta-1
1498 687 2119 755 apes-induxisseseou-

523 764 819 819 Inise'iam.
865 776 921 818 ut
952 773 1473 827 scuta-abeuntia
1519 792 1638 844 qua:
1682 778 1736 831 in
1775 777 1938 831 domo
1976 790 2117 829 mea.

525 853 788 919 37.0:1'4
828 858 1560 919 iuraristideonuibusuasis
1593 869 2121 935 quinto-ctua?

530 943 679 997 Pone
706 946 787 997 hic
814 964 991 1002 coruiu
1019 953 1261 1020 fratribus
1288 956 1389 1008 tuis
1411 967 1460 1008 et
1478 957 1726 1025 fratribus
1764 960 1910 1025 meis,
1953 969 1999 1012 α
2026 961 2117 1028 ju-

520 1038 695 1090 dicent
721 1038 855 1091 inter
876 1058 969 1095 uos
998 1044 1147 1097 duos.
1178 1045 1370 1113 Tanto,
1422 1050 1613 1118 inquit,
1658 1052 1921 1105 scrutinio
1949 1050 2113 1116 facto,

526 1128 820 1197 pdnistine
872 1132 1073 1203 aliquid
1122 1134 1361 1192 invenire
1404 1140 1547 1209 quod
1586 1140 1655 1194 ad
1706 1157 1794 1197 me
1826 1156 1936 1196 non
1991 1145 2117 1197 attie

520 1228 672 1278 Ictu.
728 1220 810 1275 vel
835 1224 980 1292 quod
1008 1235 1156 1280 tum
1186 1228 1295 1281 sit?
1319 1227 1375 1283 Si
1400 1232 1671 1297 invenisti,
1696 1233 1877 1302 profer
1920 1234 1975 1287 in
2000 1251 2118 1290 me-

521 1315 697 1373 dium.
735 1322 793 1368 ut
848 1318 939 1385 qui
980 1319 1067 1373 hic
1108 1319 1306 1375 adsunt
1346 1323 1487 1391 apud
1531 1339 1619 1379 Ite
1657 1334 1713 1379 et
1746 1334 1821 1392 te,
1853 1327 2113 1394 judicium

530 1406 785 1459 reddant.
829 1406 1093 1474 Quoniam
1118 1411 1251 1466 vidit
1274 1427 1335 1467 se
1362 1415 1691 1484 inculpatum
1733 1418 1786 1470 in
1825 1418 2073 1471 omnibus
2096 1461 2112 1481 ,

522 1500 1202 1565 mag-amunia,
1252 1507 1989 1577 eunmeratbeaeﬁeiaquz
2040 1508 2114 1562 illi

520 1600 622 1653 per
659 1599 818 1640 omne
863 1597 1074 1659 ternm
1119 1592 1379 1659 exhibuit,
1427 1606 1484 1651 et
1528 1597 1749 1665 inquit:
1779 1598 1869 1653 38.
1900 1597 1969 1651 Hi
1996 1609 2117 1653 sunt

520 1675 700 1743 riginti
720 1678 877 1742 anni,
906 1683 1087 1749 quibus
1112 1692 1275 1736 tetu.
1298 1701 1431 1739 suun
1498 1687 1603 1741 Pro
1627 1688 1810 1744 labore
1836 1699 1914 1743 tot
1942 1705 2111 1745 anno-

521 1782 665 1833 rum,
690 1767 910 1827 haccine
938 1774 1129 1844 dignus
1156 1792 1304 1831 eram
1330 1782 1688 1834 contumelia?
1711 1781 1783 1834 Hi

520 1861 668 1913 usuri.
721 1860 892 1918 llodie
928 1866 1116 1936 viginti
1160 1882 1423 1923 annorum
1463 1873 1727 1942 completi
1757 1874 1810 1928 in
1832 1874 1997 1930 domo
2023 1886 2110 1930 tua

519 1964 828 2007 numerum.
858 1954 2107 2039 Omtuaacaprctucsterilamfua'uut,

516 2043 703 2096 arietes
727 2047 893 2101 arium
918 2059 1120 2105 tuarum
1144 2070 1247 2106 nou
1271 2058 1467 2109 condi
1497 2074 1517 2112 :
1541 2058 1634 2114 39.
1687 2073 1895 2129 captum
1931 2080 1965 2116 ι
1997 2063 2109 2133 [eu

516 2134 611 2185 tibi
638 2150 740 2188 non
765 2140 934 2193 attuli.
968 2140 1081 2211 Ego
1107 2145 1332 2215 satisfeci
1360 2147 1570 2211 dctum,
1599 2149 1739 2218 furta
1765 2152 1866 2205 dia'
1895 2165 1942 2206 et
1970 2154 2109 2223 furtu

517 2591 627 2644 rint
651 2596 898 2651 steriles?
954 2600 1083 2655 Vide
1111 2616 1364 2671 quantam
1388 2606 1772 2662 demonstrata
1802 2611 1911 2666 Deo
1939 2614 2105 2671 bene.

510 3410 732 3513 arietem
764 3416 831 3472 de
857 3424 1107 3493 gregibus
1137 3431 1273 3499 tuis,
1323 3435 1413 3504 qui
1441 3410 1643 3495 scilicet
1680 3443 1967 3497 multorum
1998 3462 2093 3513 pa-

510 3511 715 3560 storum
747 3524 863 3567 mos
888 3516 1004 3570 est?
1046 3519 1089 3572 Α
1117 3521 1273 3577 bestia
1297 3539 1503 3598 captum
1535 3548 1636 3585 non
1660 3536 1807 3589 attuli
1829 3538 1935 3589 tibi.
1982 3511 2092 3592 Ne—

508 3609 614 3698 que
656 3598 790 3698 ipse,
838 3603 1029 3676 inquit,
1084 3612 1374 3684 aliquando
1409 3623 1656 3692 comedi,
1713 3643 1888 3698 neque
1921 3630 2091 3687 bestia

506 3686 793 3789 aliquando
820 3711 1029 3789 rapere
1069 3707 1257 3772 potuit.
1320 3709 1460 3765 Nam
1494 3686 1910 3789 αιιιιεάιίᾳιὲάα
1933 3686 2091 3776 bestia

504 3785 754 3886 (apt-ltiti?
802 3787 994 3845 Annon
1033 3797 1269 3863 quotidie
1318 3803 1465 3859 vides
1502 3821 1619 3873 θος,
1661 3785 1855 3880 quibus
1897 3829 2089 3886 ετθεεε

502 3871 693 3926 crediti
717 3886 859 3942 sunt,
908 3892 1062 3953 capta
1102 3900 1134 3939 a
1161 3887 1347 3946 bestiis
1371 3893 1566 3953 aﬂ'erre
1602 3871 1875 3957 dominis?
1897 3871 2087 3959 "Atvtu

503 3960 633 4063 nihil
661 3966 769 4066 tale
808 3972 887 4024 vel
936 3974 1305 4038 demonstrare
1340 3987 1425 4041 vel
1453 3990 1687 4059 objicere
1714 3994 1906 4049 factum
1934 4007 2086 4066 potes

500 4054 553 4100 in
587 4054 769 4147 viginti
796 4061 972 4113 annis.
1004 4064 1070 4115 Et
1098 4068 1223 4133 quid
1250 4071 1369 4126 dico
1394 4054 1604 4147 captum
1630 4097 1660 4135 a
1698 4083 1805 4138 fera
1823 4086 1848 4139 ἲ
1999 4104 2085 4144 ne-

498 4153 604 4244 que
630 4144 675 4194 si
705 4143 846 4200 lurto
869 4148 1102 4206 ablatum
1130 4158 1279 4227 quid,
1310 4172 1369 4218 ut
1392 4143 1534 4237 saepe
1554 4175 1835 4246 contingit,
1888 4180 1953 4234 ad
1987 4196 2083 4234 no-

503 4233 672 4346 titiam
695 4248 855 4346 Ituam
888 4251 1072 4307 venire
1098 4260 1280 4314 curavi
1311 4280 1325 4315 :
1355 4264 1448 4319 sed
1476 4283 1576 4338 ego
1598 4285 1695 4339 pro
1721 4272 1785 4329 iis
1823 4291 1942 4346 qua:
1967 4277 2077 4331 lur-

498 4328 591 4426 tim
622 4328 795 4426 ablata
827 4334 1040 4397 fuerunt
1062 4348 1311 4417 satisfeci,
1357 4355 1470 4411 sive
1498 4328 1724 4417 die.sive
1754 4328 1910 4422 nocte
1934 4369 2077 4423 acci-

493 4414 684 4524 disset.
738 4424 806 4479 Et
851 4442 971 4524 eum
1022 4448 1184 4494 azstus
1229 4441 1498 4514 ﬂagraret,
1544 4449 1779 4508 ferebam
1822 4455 2031 4511 fortiter
2057 4499 2073 4524 ,

500 4509 747 4565 similiter
781 4528 836 4572 et
872 4520 1037 4593 frigus
1084 4531 1278 4600 noctis,
1300 4509 1380 4590 *ιιι
1430 4537 1581 4594 illaasi
1631 4509 2075 4603 conservarentui'

492 4615 688 4674 greges
716 4609 787 4661 tui
819 4628 833 4664 :
862 4627 925 4669 ac
955 4632 1057 4671 n0u
1087 4620 1187 4677 hoc
1212 4627 1384 4682 solum
1407 4671 1421 4693 ,
1468 4632 1563 4686 sed
1604 4642 1658 4688 et
1694 4636 1809 4703 ipse
1852 4652 2072 4695 somnus

490 4705 718 4765 propter
741 4704 956 4760 multam
992 4724 1173 4767 curam
1202 4715 1509 4777 discedebat
1534 4723 1601 4779 ab
1628 4727 1797 4781 oculis
1824 4729 1980 4784 meis.

563 4785 806 4861 Increpat
839 4800 1141 4867 negligentes
1174 4808 1460 4866 animarum
1497 4825 1741 4884 pastores.
1772 4849 1844 4858 —
1880 4820 2066 4877 Vidisti

490 4884 715 4979 pastoris
742 4887 1063 4957 vigilantiam
1088 4894 1111 4947 ?
1132 4897 1306 4955 vidisti
1336 4902 1594 4961 intentum
1622 4909 1854 4965 studium
1875 4912 1898 4965 ἲ
1918 4912 2064 4979 Qua-

489 4968 590 5024 lem
638 4973 905 5035 habebunt
963 4989 1358 5047 excusationem
1398 4996 1470 5062 ii,
1542 5000 1735 5068 quibus
1782 5005 2064 5060 rationales

488 5073 674 5162 Kregcs
701 5070 886 5125 crediti
913 5084 1053 5140 sunt,
1102 5094 1453 5153 magnamque
1481 5102 1588 5155 pra:
1614 5102 1673 5142 se
1698 5090 1872 5146 lerunt
1898 5095 2063 5162 negli-

485 5154 711 5251 gentiam
743 5173 758 5211 :
792 5171 845 5216 et
869 5168 1122 5235 quotidie,
1168 5173 1457 5228 secundum
1484 5154 1489 5155 γ
1517 5179 1847 5247 prophetam,
1899 5154 2059 5251 pecu-

484 5241 580 5295 dcs
607 5245 736 5303 alias
776 5265 1007 5312 mactant
1057 5259 1280 5330 (Ezeclt.
1309 5264 1395 5318 54.
1427 5241 1531 5321 5-6
1549 5267 1569 5337 )
1654 5271 1788 5326 alias
1875 5241 2059 5329 bestiis

483 5342 663 5398 t‘ztptas
688 5352 1031 5403 contemnunt
1062 5368 1074 5403 :
1122 5353 1253 5409 alias
1285 5369 1414 5410 vero
1441 5356 1509 5412 ab
1536 5358 1639 5413 illis
1683 5371 1860 5431 raptas
1899 5363 2055 5417 redu-

482 5433 606 5517 cere
655 5443 757 5483 non
791 5448 979 5493 curant
1024 5456 1039 5499 :
1082 5446 1290 5499 tametsi
1340 5448 1515 5502 minor
1548 5451 1617 5503 sit
1646 5450 1813 5517 labor,
1850 5464 1902 5507 et
1927 5468 2051 5508 cura

484 5510 725 5571 lat-ilior?

482 5601 673 5657 inultus
698 5620 778 5663 est
803 5620 860 5667 et
880 5622 1117 5687 corporis
1142 5632 1194 5677 et
1219 5601 1411 5687 anima:
1440 5628 1606 5685 labor.

550 5689 596 5740 7.
644 5692 771 5753 Vide
795 5704 933 5758 enim
970 5711 1092 5779 quid
1124 5712 1279 5770 dicat.
1316 5714 1411 5773 Die
1438 5720 1615 5775 urebar
1639 5732 1763 5777 astu
1784 5761 1800 5791 ,
1842 5734 1887 5778 et
1932 5718 2046 5795 θεία

2232 422 2397 476 και,
2446 418 3041 476 cidissede
3070 440 3223 479 ante.
3254 426 3523 495 Quisbarc
3553 449 3695 491 nunc
3720 453 3817 507 po-

2231 514 2337 558 test
2363 505 2566 569 dicere,
2614 523 2674 563 se
2714 522 2929 579 propter
2962 528 3148 568 eorum
3178 518 3405 574 salutem
3444 538 3579 591 quos
3610 505 3810 595 pascit,

2230 598 2471 652 totierre
2502 600 2713 655 labores
2744 612 2799 656 et
2838 607 3113 672 pericula?
3162 609 3226 662 Et
3267 610 3372 666 hoc
3413 615 3634 682 quidem
3673 634 3811 673 nunc

2227 689 2408 742 nullus
2430 690 2610 745 dicere
2642 693 2821 747 audet.
2849 695 3011 751 Paulo
3032 711 3210 753 autem
3237 702 3337 755 soli
3365 705 3513 758 orbis
3557 708 3813 778 magistro

2225 779 2353 834 licet
2397 780 2501 835 hoc
2540 784 2765 839 ﬁdenter
2791 786 2991 853 dicere,
3018 798 3177 860 atque
3204 794 3289 847 his
3316 797 3541 864 majora.
3591 799 3655 853 Et
3699 801 3806 867 ubi,

2226 871 2421 940 inquis,
2448 872 2641 927 Paulus
2666 874 2781 929 hau:
2808 879 3093 933 sustinuit?
3137 882 3277 936 Audi
3313 900 3435 939 eum
3480 887 3747 945 dicentem
3796 910 3809 946 :

2226 961 2355 1026 Quis
2382 965 2693 1031 inﬁrmatur,
2720 978 2769 1019 et
2801 985 2894 1038 ego
2920 987 3022 1024 nou
3058 973 3329 1039 inﬁt-or!
3355 978 3804 1045 quisscandalt'sa-

2222 1062 2324 1115 tur,
2355 1064 2799 1124 aegon-uror
2845 1061 2922 1127 (Ι.
2950 1060 3070 1116 Cor.
3099 1064 3353 1135 “.29)?
3396 1066 3442 1122 Ο
3480 1074 3703 1139 pastoris
3732 1075 3807 1130 di-

2222 1140 2541 1199 lectionem!
2590 1147 2795 1203 Aliena:
2822 1152 3011 1217 ruina,
3058 1152 3245 1223 inquit,
3293 1172 3444 1214 meos
3470 1161 3680 1218 dolores
3705 1180 3803 1218 au-

2218 1242 2367 1301 gent,
2392 1235 2563 1289 aliena
2600 1237 2847 1293 sandala
2891 1240 3159 1297 fornacem
3202 1245 3403 1302 doloris
3450 1252 3555 1305 mei
3582 1267 3803 1307 succen-

2220 1520 2288 1565 ιε
2313 1512 2368 1565 in
2398 1512 2569 1567 brutis
2614 1516 2904 1584 pecudibus
2950 1522 3304 1577 custodiendis
3345 1525 3628 1595 vigilantiae
3672 1526 3791 1592 fuit,

2219 1604 2381 1675 idque
2406 1616 2485 1659 tot
2512 1622 2771 1663 annorum
2805 1626 3043 1667 nmnero.
3091 1614 3156 1667 Et
3197 1614 3305 1669 illic
3344 1618 3575 1686 quidem,
3626 1619 3673 1673 si
3714 1620 3796 1673 in-

2217 1697 2364 1749 curia
2404 1698 2648 1766 quedam
2698 1701 2972 1768 acciderit,
3018 1703 3217 1759 nullum
3257 1703 3542 1762 damnum:
3573 1708 3658 1763 hic
3690 1724 3792 1763 au-

2220 1797 2328 1841 tem
2376 1790 2422 1843 si
2447 1790 2528 1845 vel
2568 1806 2669 1845 una
2718 1794 2833 1847 ovis
2884 1796 3152 1852 rationalis
3198 1799 3435 1867 perierit,
3462 1802 3597 1856 vela
3624 1801 3792 1857 bestia

2216 1879 2379 1934 fuerit
2424 1891 2594 1950 capta,
2642 1898 2803 1953 grave
2844 1884 3115 1952 damnum,
3166 1889 3453 1944 maximum
3496 1891 3794 1947 detrimen-

2217 1978 2351 2035 tum,
2400 1972 2681 2028 ineﬂ’abilis
2733 1990 2906 2045 plena.
2940 1975 3073 2031 Nam
3115 1978 3160 2032 si
3190 1978 3445 2034 Dominus
3474 1992 3655 2036 noster
3678 1997 3796 2037 san-

2212 2063 2431 2131 guinem
2476 2080 2629 2119 suum
2675 2068 2946 2137 proprium
2989 2068 3264 2125 effundere
3294 2086 3391 2140 pro
3434 2072 3522 2126 illa
3557 2088 3663 2127 non
3691 2073 3791 2128 de-

2212 2151 2453 2220 clinavit,
2496 2169 2599 2224 qua
2629 2157 2780 2210 venia
2810 2156 2999 2227 dignus
3040 2158 3217 2225 fuerit,
3259 2161 3347 2229 qui
3375 2161 3451 2215 sic
3479 2160 3791 2217 honoratam

2211 2256 2243 2295 a
2282 2242 2508 2300 Domino
2535 2245 2809 2315 despicere
2838 2248 3081 2312 voluerit.
3128 2258 3182 2304 et
3224 2264 3328 2303 non
3351 2251 3528 2305 omnia
3553 2267 3672 2321 quae
3696 2268 3792 2322 po-

2213 2344 2319 2390 test
2358 2338 2413 2391 in
2458 2338 2692 2392 curanda
2721 2340 2924 2395 ovicula
2966 2340 3373 2410 adimplcverit?
3423 2343 3684 2399 Cancrum
3723 2345 3790 2399 ad

2212 2428 2406 2483 seriem
2454 2432 2715 2485 sermonis
2756 2431 3055 2486 redeamus.
3082 2433 3172 2487 ιι.
3206 2432 3277 2486 Ili
3298 2434 3442 2499 milii,
3472 2434 3663 2504 inquit,
3713 2436 3790 2487 ri-

2082 2553 2107 2563 -
2209 2522 2338 2590 gitui
2375 2523 2515 2587 anni,
2572 2522 2750 2590 quibus
2790 2540 2904 2576 sum
2960 2523 3013 2576 in
3064 2526 3213 2577 domo
3261 2534 3368 2580 tua.
3447 2525 3642 2580 δεηἱεὶ
3702 2528 3797 2581 tibi

2208 2612 2583 2679 quatuorderint
2607 2613 2752 2664 antris
2794 2629 2885 2681 pro
2912 2614 3116 2682 ﬁliabus
3142 2615 3258 2680 tuis,
3312 2626 3359 2669 et
3398 2633 3490 2670 sex
3514 2619 3666 2672 annis
3694 2636 3790 2687 pro

2207 2704 2379 2757 oribus
2419 2704 2539 2767 tuis,
2573 2714 2621 2757 et
2643 2705 2893 2773 [τοιυάααὶ
2936 2706 3207 2760 mercedem
3235 2724 3397 2762 meam
3420 2710 3595 2763 decem
3623 2727 3788 2781 agna-

2206 2795 2317 2847 bus.
2350 2795 2438 2849 ἃ.
2488 2794 2555 2849 Et
2600 2796 2695 2849 nisi
2740 2794 2877 2850 Deus
2920 2797 3076 2865 patris
3119 2797 3215 2851 mei
3266 2799 3506 2865 Abrahte,
3554 2814 3603 2854 et
3646 2800 3788 2857 Deus

2205 2883 2358 2939 Isaac
2388 2888 2404 2918 ⁸
2445 2887 2619 2957 fuisset
2670 2886 2793 2938 mihi
2838 2887 3060 2957 adjutor,
3103 2905 3238 2941 nunc
3276 2893 3405 2959 forte
3447 2907 3528 2945 me
3572 2909 3784 2947 rm

2557 2975 2908 3031 Humilitatem
2961 2994 3121 3032 meam
3165 2988 3212 3032 ct
3260 2980 3481 3034 laborem
3537 3000 3781 3039 manuum

2075 3109 2100 3120 -
2203 3085 2427 3123 mum
2450 3070 2571 3124 uidit
2598 3068 2754 3137 Deus,
2798 3079 2845 3124 et
2882 3071 3051 3141 arguit
3097 3080 3145 3125 te
3188 3070 3313 3125 heri.
3352 3071 3482 3128 Vide
3512 3077 3782 3144 quomodo

2085 3200 2098 3208 .
2201 3174 2265 3214 ea
2293 3176 2412 3231 qua
2438 3162 2715 3217 confessus
2755 3173 2839 3217 est
2878 3161 3081 3227 Laban,
3127 3163 3429 3218 animarum
3463 3165 3683 3234 justum,
3723 3179 3779 3223 ut

2063 3262 2095 3316 ῖ,
2200 3265 2321 3305 cum
2370 3251 2558 3305 ﬁducia
2610 3252 2754 3305 illum
2805 3251 3241 3322 reprehenderet.
3295 3252 3509 3320 Vidisti,
3558 3256 3773 3326 inquit,

2198 3341 2464 3413 quomodo
2494 3342 2677 3411 viginti
2722 3356 2980 3396 annorum
3009 3357 3232 3399 numero
3259 3345 3453 3400 servivi
3500 3346 3627 3414 tibi,
3680 3363 3778 3418 pro

2200 3435 2443 3501 ﬁliabus,
2492 3433 2889 3504 quatuordecim
2950 3435 3133 3501 annis,
3188 3436 3408 3506 reliquis
3456 3446 3635 3494 autem
3677 3455 3776 3508 pro

2196 3530 2383 3583 ovibus
2414 3544 2427 3580 :
2460 3536 2634 3581 tamen
2667 3526 2875 3596 privare
2901 3541 2988 3581 me
3023 3526 3236 3583 voluisti
3262 3530 3527 3598 mercede,
3565 3540 3622 3586 et
3662 3547 3772 3587 non

2198 3628 2251 3673 te
2286 3632 2445 3686 super
2487 3616 2590 3671 hoc
2631 3617 2823 3684 argui?
2865 3615 3057 3671 Verum
3110 3632 3181 3671 ex
3221 3617 3326 3672 illis
3371 3621 3519 3689 ipsis,
3557 3637 3674 3690 quae
3714 3632 3768 3674 tn

2192 3707 2467 3764 confessus
2490 3722 2569 3773 es,
2590 3708 2703 3763 scio
2756 3705 2897 3779 quod
2941 3705 3042 3760 nisi
3084 3706 3225 3761 Deus
3253 3706 3517 3762 Abraham
3544 3718 3597 3764 et
3626 3709 3768 3765 Isaac

2192 3801 2379 3857 inisset
2412 3800 2541 3856 mihi
2577 3800 2819 3871 adjutor,
2869 3812 3009 3853 nunc
3056 3813 3140 3853 me
3186 3814 3412 3854 vacuum
3470 3800 3767 3856 diniisisses

2190 3904 2242 3949 et
2288 3893 2508 3961 nudum,
2544 3894 2722 3949 omnia
2771 3891 2908 3947 forte
2950 3890 3264 3946 abstulisses
3311 3906 3342 3945 a
3392 3907 3500 3955 mc,
3549 3902 3604 3947 et
3632 3893 3767 3961 inju-

2188 3984 2408 4048 stitiam,
2436 3999 2596 4054 quam
2622 3996 2992 4052 proposueras,
3028 3995 3189 4051 opere
3228 3981 3627 4049 oomplevisses.
3658 3983 3764 4039 Sed

2189 4078 2331 4133 Deus
2373 4078 2463 4147 qui
2492 4078 2593 4131 scit
2624 4076 2970 4130 Humilitatem
3006 4091 3163 4129 meam
3186 4083 3233 4127 et
3272 4073 3493 4128 laborem
3519 4092 3763 4131 manuum

2188 4187 2430 4224 mearum.
2491 4169 2625 4237 Quid
2668 4179 2750 4224 est
2773 4210 2789 4235 ,
2847 4168 3191 4223 Humilitatem
3229 4184 3387 4221 nteant
3434 4178 3482 4222 ct
3536 4169 3761 4225 laborem

2186 4279 2426 4316 niaauum
2468 4262 2733 4315 mearum?
2778 4260 3059 4328 Quoniam,
3104 4260 3287 4329 inquit,
3329 4261 3429 4315 scit
3455 4260 3593 4316 Deus
3619 4278 3762 4333 quo-

2183 4354 2343 4408 modo
2376 4368 2476 4423 ego
2521 4367 2710 4423 magno
2750 4352 2925 4407 studio
2961 4351 3261 4406 servitutem
3303 4366 3474 4407 meam
3519 4352 3761 4423 perfece-

2184 4446 2320 4512 rim,
2385 4454 2439 4499 et
2486 4454 2737 4513 quantum
2802 4443 3036 4498 laborem
3103 4444 3479 4511 sustinuerim,
3530 4460 3756 4514 pascens

2179 4549 2327 4601 oves,
2378 4534 2466 4589 die
2508 4543 2774 4605 noctuque
2824 4534 2875 4588 in
2923 4536 3063 4589 curis
3112 4543 3355 4589 versatus
3392 4534 3499 4590 :ad
3532 4536 3643 4603 illa,
3671 4538 3753 4591 in-

2178 4642 2359 4696 quam,
2407 4627 2641 4696 respexit
2676 4627 2932 4697 benignus
2983 4626 3239 4681 Dominus
3277 4642 3397 4682 cum
3428 4627 3541 4683 heri
3579 4631 3753 4700 arguit

2179 4728 2261 4773 te:
2283 4719 2518 4773 coercuit
2548 4718 2849 4787 injustitiam
2878 4734 3031 4788 quam
3059 4718 3340 4773 adversum
3371 4734 3457 4774 me
3484 4721 3747 4790 struebas,

2174 4818 2228 4863 et
2272 4808 2658 4863 irrationabiles
2699 4818 2818 4863 tuos
2854 4818 3097 4863 conatus.
3125 4797 3131 4802 ’
3159 4808 3301 4864 Satis
3351 4811 3518 4880 tetigit
3561 4810 3744 4865 defen-

2171 4897 2346 4952 dendo
2382 4912 2440 4951 se
2501 4896 2805 4962 Labanum,
2872 4908 2926 4952 et
2989 4907 3267 4967 postquam
3319 4899 3746 4969 reprehendisset

2173 4988 2311 5041 illius
2354 4987 2407 5040 in
2451 5001 2511 5040 se
2560 4987 2889 5055 injustitiam,
2952 5004 3045 5044 sua
3090 4989 3144 5044 in
3182 4989 3329 5043 illum
3370 4990 3621 5045 beneﬁcia
3652 5008 3745 5047 re-

2168 5077 2392 5131 censuit.
2419 5076 2539 5131 Ideo
2567 5077 2653 5132 ille
2679 5079 3001 5135 erubescens
3023 5080 3091 5135 de
3113 5080 3176 5134 iis
3197 5095 3314 5150 qua:
3338 5080 3567 5148 dixerat,
3601 5097 3745 5138 nunc

2167 5166 2218 5220 in
2251 5166 2493 5220 timorem
2514 5182 2697 5221 versus
2726 5177 2825 5231 est,
2851 5179 2905 5223 et
2931 5168 3125 5225 ftedera
3150 5170 3284 5225 inire
3305 5172 3414 5225 vult
3431 5188 3549 5227 cum
3570 5172 3738 5241 justo.

2166 5257 2296 5312 Vide
2321 5259 2703 5328 providentiam
2733 5261 2841 5315 Dei.
2885 5262 2983 5327 Qui
3030 5271 3175 5315 tanto
3212 5264 3409 5332 impetu
3446 5266 3512 5319 ad
3555 5281 3739 5335 persc-

2162 5351 2427 5417 quendum
2457 5354 2680 5419 exierat,
2718 5363 2860 5407 tanto
2888 5355 3071 5407 timore
3101 5353 3322 5410 allectus
3355 5367 3453 5419 est,
3495 5368 3552 5412 ut
3575 5360 3643 5412 ab
3671 5375 3735 5413 eu

2162 5440 2357 5494 foedera
2382 5453 2662 5511 quaereret.
2691 5445 2779 5498 45.
2827 5443 3151 5512 Respondens
3188 5457 3353 5499 autent
3378 5446 3570 5514 Laban,
3604 5451 3735 5503 dixit

768 5525 955 5583 Anima
981 5531 1121 5586 enim
1151 5544 1233 5590 est
1262 5552 1379 5605 qua:
1402 5539 1622 5596 docetur
1666 5558 1679 5595 :
1729 5543 1838 5599 illic
1874 5556 2047 5601 autem

2191 5531 2225 5583 ά
2246 5528 2404 5583 Jacob
2432 5547 2450 5585 :
2479 5531 2630 5587 Filia:
2655 5544 2772 5599 tuae,
2797 5536 2919 5603 filia:
2946 5553 3066 5591 mea:
3092 5553 3110 5591 ε
3140 5548 3185 5590 et
3211 5538 3307 5604 ﬁlii
3336 5539 3429 5602 tui,
3471 5540 3568 5606 ﬁlii
3593 5541 3689 5593 mei
3711 5556 3731 5593 ε

2158 5634 2202 5680 et
2250 5640 2431 5693 pecora
2469 5635 2575 5693 tua,
2624 5643 2803 5695 pecora
2855 5645 2963 5682 mea
2995 5646 3013 5683 :
3039 5640 3083 5684 et
3109 5631 3276 5683 omnia
3308 5647 3630 5703 quacumque
3675 5642 3731 5687 tu

2216 5746 2229 5775 ‘
2257 5746 2401 5796 Coisl.
2431 5752 2481 5796 ct
2509 5744 2655 5806 Bibl,
2682 5752 2829 5797 melus
2852 5746 3033 5807 Isaae,
3069 5747 3094 5794 ὁ
3123 5743 3263 5808 φόϐος
3300 5742 3483 5792 Ἰσαάκ.
