4142 6206
428 307 529 361 δίὶῦ

381 399 392 476 ξ
423 416 622 485 διάτῆς
647 412 827 484 μάχης
841 417 940 485 τῆς
969 414 1174 480 οἰκείας
1196 416 1372 487 ψυχῆς
1399 391 1732 470 ἐκκαλύπτει
1749 417 1846 488 τὴν
1863 419 1990 489 ἀρε-

1440 306 1504 360 ΙΝ
1539 305 1692 363 CAP.
1731 305 1876 360 XXX
1913 305 2155 364 CI'JNES.
2198 307 2428 366 HOMIL.
2470 309 2626 366 LVII.

3561 321 3666 375 500

2101 422 2412 491 καιόμενος
2434 425 2511 489 τῷ
2533 427 2806 495 καύματι,
2834 427 2930 481 καί
2950 427 3028 492 τῷ
3041 428 3270 497 παγετῷ
3291 429 3398 498 τῆς
3421 433 3661 498 νυκτὸς.

418 500 536 566 τήν.
593 497 653 580 Τί
676 496 741 548 τὸ
772 496 1032 580 ἀδίκημά
1063 516 1203 567 μου,
1229 499 1388 568 φησίν
1411 519 1423 564 ;
1444 499 1481 567 ἢ
1509 501 1564 552 τί
1589 502 1654 553 τὸ
1683 499 1994 568 ἁμάρτημὰ
2095 506 2188 558 καί
2208 507 2499 575 ἀφίστατο
2524 512 2556 564 ὀ
2582 511 2766 576 ὕπνος
2803 511 2902 564 ἀπ’
2927 511 3091 580 ἐμοῦ.
3118 496 3213 575 Τίς
3249 513 3316 566 ἀν
3349 496 3520 566 τοῦτο
3568 496 3665 567 νῦν

417 597 556 648 μου.
591 579 675 632 ὅτι
697 579 1053 646 κατεδίωξας
1077 582 1268 635 ὀπίσω
1275 599 1393 650 μου
1408 599 1426 645 ;
1452 582 1605 645 Τίνος
1621 582 1823 644 ἐνεκεν,
1839 583 1989 652 φησὶ,

423 661 561 730 μετά
581 659 844 731 τοσαύτης
862 663 1038 732 ὁρμῆς
1054 663 1386 730 κατεδίωξάς
1427 681 1494 735 με
1529 680 1544 728 ;
1578 666 1728 716 ποῖον
1749 664 1991 734 ἀδίκημα

421 745 480 811 ἐγ
491 744 669 796 καλεῖν
685 743 821 812 ἔχων
842 761 856 809 ;
881 747 1033 797 ποῖον
1050 745 1357 817 ἁμάρτημα
1378 762 1392 810 ;
1425 746 1533 799 Καὶ
1549 747 1608 798 ού
1631 745 1790 816 μόνον
1808 747 1986 809 τοῦτο,

420 827 556 879 ἀλλά
584 824 960 896 καὶτοσαύτην
1001 825 1160 898 ὕϐριν
1208 829 1340 898 ἡμῖν
1379 830 1680 900 ἐπήγαγες,
1710 828 1849 881 ὥστε
1895 830 1990 882 καὶ

419 909 705 980 ἐρευνῆσαι
731 908 911 962 πάντα
959 909 1029 962 τά
1075 911 1133 962 ἐν
1175 909 1248 979 τῷ
1271 911 1406 981 οἴκῳ
1437 929 1560 982 μου.
1593 912 1652 964 Τί
1676 908 1847 979 εὗρες
1867 911 1987 965 ἀπὸ

418 991 653 1044 πάντων
670 991 909 1046 σκευῶν
934 992 1040 1047 τοῦ
1065 994 1234 1048 οἴκου
1263 1009 1380 1048 σου
1394 1012 1413 1058 ;
1437 994 1546 1060 Θὲς
1571 989 1687 1048 ὧδε
1710 995 1988 1048 ἐναντίον

417 1073 532 1126 τῶν
545 1073 823 1143 ἀδελφῶν
848 1089 965 1128 σου
995 1075 1220 1131 καὶτῶν
1244 1077 1522 1146 ἀδελφῶν
1539 1095 1679 1147 μου,
1705 1078 1803 1131 καὶ
1827 1079 1987 1147 ελεγ·

417 1157 693 1220 εὰτωσαν
715 1159 830 1212 ἁνά
844 1158 1040 1227 μέσον
1067 1159 1185 1213 τῶν
1209 1159 1317 1214 δύο
1347 1161 1532 1229 ἡμῶν.
1565 1160 1865 1231 Τοσαύτην,
1884 1179 1986 1233 φη-

417 1240 522 1305 σὶν,
558 1239 783 1311 ἔρευναν
804 1241 1189 1312 ποιησάμενος,
1207 1239 1314 1314 ἄρα
1337 1243 1604 1314 ἡδυνήθης
1617 1261 1667 1297 τι
1684 1245 1861 1311 εὑρεῖν
1878 1243 1984 1296 τῶν

417 1323 493 1393 μὴ
510 1323 890 1393 προσηκόντων
908 1341 997 1394 μοι
1018 1342 1033 1391 ;
1055 1325 1087 1396 ἢ
1106 1324 1212 1377 τῶν
1227 1341 1306 1377 σοι
1323 1324 1706 1396 διαφερόντων;
1726 1327 1788 1378 Εἰ
1805 1322 1979 1395 εὗρες,

414 1405 472 1457 ἐν
493 1405 568 1475 τῷ
592 1406 742 1476 μέσῳ
760 1406 1071 1477 παράγαγε,
1098 1406 1250 1480 [558]
1267 1408 1348 1460 ’ίνα
1366 1409 1414 1460 οί
1447 1408 1696 1470 συνόντες
1717 1426 1806 1478 μοι
1825 1410 1918 1461 καὶ
1934 1410 1980 1460 οί

416 1487 555 1556 μετά
577 1488 670 1541 σοῦ
721 1489 1156 1560 παραγενόμενοι
1187 1489 1286 1560 τὴν
1307 1491 1579 1558 διάκρισιν
1624 1492 1980 1561 ποιήσωνται.

415 1568 633 1642 Ἐπειδὴ
655 1566 793 1624 εἶδεν
811 1571 1104 1624 ἀνεύθυνον
1123 1571 1315 1624 ἐαυτὸν
1333 1572 1390 1622 ἐν
1407 1571 1579 1625 ἅπασι
1593 1574 1981 1644 γεγενημένον,

412 1653 612 1724 πολλὴν
659 1653 843 1707 λοιπὸν
876 1654 1188 1724 παρρησίαν
1227 1654 1548 1725 προσλαϐὼν
1592 1657 1982 1727 ἀπαριθμεῖται

414 1736 514 1808 τὴν
548 1736 784 1800 εὔνοιαν,
813 1737 882 1807 ἢν
917 1736 1046 1805 περὶ
1077 1736 1241 1788 αὐτὸν
1263 1738 1319 1788 ἐν
1346 1739 1509 1792 παντὶ
1545 1739 1620 1810 τῷ
1647 1740 1824 1811 χρόνῳ
1876 1741 1978 1792 ἐπ-

408 1817 669 1884 εδείξατο,
699 1818 958 1889 καίφησι’
987 1817 1281 1888 Ταῦτάμοι
1302 1820 1536 1874 εἴκοσιν
1562 1822 1686 1890 ἐτη.
1715 1822 1868 1876 Μετά
1889 1821 1978 1876 τὸν

410 1899 658 1970 κάματον
687 1898 794 1952 τῶν
811 1899 1081 1954 τοσούτων
1103 1900 1240 1956 ἐτῶν
1269 1902 1494 1967 τούτων,
1509 1905 1656 1974 ’ήμην
1683 1904 1831 1969 ἄξιος
1847 1903 1979 1958 ταύ-

407 1997 508 2050 της
540 1982 638 2050 τῆς
672 1980 912 2053 ὓϐρεως;
957 1980 1153 2036 Ταῦτά
1181 2001 1283 2053 μοι
1316 1986 1549 2040 εῖκοσιν
1582 1988 1708 2054 ἐτη.
1734 1989 1979 2059 Σήμερον

408 2064 612 2117 εἴκοσιν
632 2065 766 2118 ἐτῶν
785 2064 1014 2135 ἀριθμὸν
1030 2065 1138 2132 ἔχω
1168 2069 1226 2120 ἐν
1249 2066 1327 2138 τῷ
1358 2067 1491 2139 οτκῳ
1522 2069 1599 2140 τῷ
1628 2070 1723 2140 σῷ.
1750 2072 1825 2124 Τὰ
1845 2071 1981 2138 πρό·

407 2147 552 2200 σατιί
566 2163 681 2200 σου
697 2147 793 2202 καί
810 2152 869 2202 αι
881 2145 1042 2218 ιιῖγές
1053 2163 1168 2205 σου
1189 2152 1298 2204 οὐκ
1321 2151 1764 2220 ήτεκνώθησαν·
1780 2152 1980 2224 κριοὺς

407 2229 524 2284 τῶν
549 2231 860 2300 προϐάτων
871 2248 988 2287 σου
1003 2235 1074 2287 οὐ
1101 2233 1439 2304 κατέφαγον
1455 2252 1468 2266 ·
1487 2236 1855 2304 θηριάλωτον
1869 2243 1980 2296 οὐκ

402 2312 668 2382 ἐνήνοχά
685 2331 803 2369 σοι.
832 2315 971 2383 Ἐγὼ
985 2315 1159 2370 άπετί
1162 2333 1348 2370 ννυον
1359 2319 1494 2386 παρ’
1514 2318 1793 2386 ἐμαυτοῦ,
1809 2325 1981 2392 κλέμ-

398 2413 559 2464 ματα
575 2397 797 2466 ἡμέρας
818 2397 915 2451 καί
935 2397 1240 2468 κλέμματα
1261 2402 1503 2466 νυκτός.
1534 2403 1588 2452 ’E
1596 2402 1852 2470 γενόμην
1869 2405 1980 2474 τῆς

404 2479 629 2549 ἡμέρας
655 2481 1088 2550 συγκαιόμενος
1134 2479 1214 2546 τῷ
1246 2483 1522 2551 καύματι,
1541 2483 1637 2535 καὶ
1653 2483 1733 2548 τῷ
1745 2484 1979 2553 παῖ-ετῷ

402 2560 512 2630 τῆς
539 2563 779 2629 νυκτὸς,
802 2563 900 2616 καί
913 2565 1206 2632 ἀφίστατο
1225 2567 1258 2618 ό
1277 2565 1597 2630 ὕπνοςάπὸ
1625 2565 1978 2635 τῶνόρθαλ-

397 2644 530 2715 μῶν
543 2664 686 2714 μου.
717 2645 1035 2710 Ἐπελάθου,
1056 2648 1209 2717 φησὶ,
1238 2645 1346 2700 τῶν
1380 2648 1641 2717 καμάτων
1674 2648 1782 2700 τῶν
1801 2649 1974 2720 ἐμῶν,

403 2725 478 2782 ὦν
497 2730 857 2803 ἐπεδειξάμην
882 2732 1182 2802 ποιμαίνων
1197 2731 1265 2784 τὰ
1281 2731 1529 2803 πρόϐατά
1556 2749 1648 2784 σου
1668 2737 1762 2787 καὶ
1774 2735 1871 2799 τὰς
1893 2733 1978 2790 αἷ-

374 2881 378 2884 _
406 2830 543 2882 γας;
570 2817 659 2887 Μὴ
676 2817 816 2885 ἔχεις
837 2815 1131 2885 ἐγκαλέσαι
1149 2817 1230 2869 ότι
1254 2816 1383 2870 ποτέ
1405 2816 1473 2870 τά
1485 2817 1751 2888 πρόϐατα,
1767 2819 1800 2891 ἡ
1818 2823 1871 2873 αἱ
1889 2816 1975 2874 αἷ-

403 2916 496 2966 γες
517 2899 938 2971 ἢτεκνώθησαν;
960 2902 1102 2970 Ὅρα
1128 2899 1299 2970 πόσην
1324 2899 1564 2953 δείκνυσι
1580 2901 1677 2971 τὴν
1697 2903 1846 2972 παρά
1875 2903 1971 2957 τοῦ

401 2981 536 3034 Θεοῦ
556 2981 766 3035 εὔνοιαν
784 2983 1158 3055 γεγενημένην
1175 2985 1254 3047 είς
1285 2983 1375 3037 τὸν
1402 2979 1549 3038 οἷκον
1568 2983 1660 3038 τοῦ
1678 2986 1864 3040 Λάϐαν
1886 2989 1973 3044 διὰ

401 3066 502 3133 τὴν
532 3065 696 3118 αὑτοῦ
731 3067 1050 3137 παρουσίαν.
1085 3065 1255 3119 Τοῦτο
1283 3067 1392 3139 γάρ
1423 3069 1569 3120 ἐστιν
1591 3069 1728 3140 ὅπερ
1753 3071 1846 3124 καὶ
1861 3071 1974 3126 ἀνω

401 3151 586 3217 ἐλεγεν
609 3165 623 3179 ’
643 3150 960 3219 Εὐλότησέ
974 3165 1046 3204 σε
1064 3153 1096 3204 ό
1125 3151 1268 3216 Θεὸς
1282 3150 1378 3203 ἐπὶ
1396 3150 1475 3216 τῷ
1490 3151 1630 3205 ποδί
1646 3169 1786 3221 μου.
1807 3153 1977 3209 Τοῦτο

401 3234 509 3306 γὰρ
525 3233 700 3296 οὐδεὶς
716 3233 780 3288 ἂν
799 3235 946 3306 παρά
963 3235 1219 3305 ποιμένος
1229 3235 1741 3306 ἀπαιτήσειεν.ούδέ
1755 3237 1863 3309 γάρ
1878 3240 1975 3310 τῆς

402 3317 765 3387 ποιμαντικῆς
786 3317 941 3370 τοῦτο
959 3317 1137 3388 ἔργονσ
1159 3317 1374 3387 φύσεως
1388 3318 1496 3387 γάρ
1526 3319 1662 3373 ἐστι.
1688 3320 1785 3374 Διά
1815 3323 1974 3375 τοῦτο

404 3401 510 3472 πρὸ
526 3401 739 3454 πάντων
758 3400 915 3454 τοῦτο
942 3401 1251 3472 προτίθησι,
1277 3402 1368 3456 καὶ
1388 3402 1588 3474 πολλὴν
1607 3402 1846 3458 δείκνυσι
1874 3407 1974 3478 τὴν

402 3487 606 3543 ἀνωθεν
624 3487 992 3556 γεγενημένην
1010 3485 1266 3557 πρόνοιαν
1279 3503 1344 3538 πε
1353 3487 1405 3557 ρὶ
1419 3485 1487 3539 τὰ
1504 3486 1594 3539 ποί
1599 3491 1970 3558 μνιανΚριοὺς

402 3570 520 3624 τῶν
535 3568 840 3638 προϐάτων
855 3585 970 3623 σου
987 3571 1059 3622 οὑ
1076 3568 1432 3638 κατέφαγον.
1448 3569 1538 3640 Μὴ
1555 3569 1778 3625 δύνασαι
1795 3574 1972 3625 είπεῖν

400 3657 482 3708 ὅτι
502 3654 632 3706 ποτὲ
653 3653 957 3720 κατέφαγον
980 3652 1130 3724 κριὸν
1146 3654 1209 3704 ἐκ
1227 3651 1336 3706 τῶν
1353 3651 1642 3721 προϐάτων
1665 3671 1779 3718 σου,
1793 3655 1822 3708 0
1842 3657 1970 3710 πολ-

399 3737 510 3800 λοῖς
527 3748 551 3775 ιι
576 3735 681 3787 τῶν
704 3734 974 3803 ποιμένων
990 3737 1160 3786 ποιεῖν
1182 3733 1328 3799 mag;
1355 3733 1730 3802 Θηριὰλωτον
1749 3739 1858 3792 οὐκ
1875 3739 1971 3792 ὲν-

399 3817 594 3885 ήνοχὰ
625 3835 744 3871 σοι.
780 3816 916 3870 Οὔτε
949 3817 1132 3880 αὐτὸς,
1153 3819 1304 3887 φησὶ,
1337 3817 1465 3870 ποτὲ
1497 3818 1826 3887 κατέφαγον,
1847 3820 1969 3875 οὔτε

401 3902 586 3974 θηρίον
608 3900 793 3970 ἴσχυσέ
809 3916 935 3953 ποτε
950 3899 1262 3968 ἀφελέσθαι.
1277 3901 1333 3953 Μ
1339 3899 1374 3967 ἡ
1385 3899 1754 3969 ἐνήνοχὰσοι
1771 3904 1971 3972 θηριά-

399 3991 624 4046 .ιωτον;
651 3984 718 4036 Ἣ
740 3983 860 4052 οὐχὶ
887 3983 1008 4035 καθ’
1022 3981 1256 4051 ἑκάστην
1277 3983 1491 4053 ἡμέραν
1509 3987 1634 4046 τοὺς
1652 3983 1721 4037 τά
1747 3985 1969 4055 ποίμνια

401 4067 870 4140 ὲγχειριζομένους
889 4066 1020 4137 όρᾷς
1043 4065 1108 4135 θη
1116 4065 1354 4136 ριάλωτα
1372 4068 1484 4129 τοῖς
1497 4066 1780 4130 δεσπόταις
1796 4084 1968 4139 προσ-

400 4155 661 4221 ἀγοντας;
698 4149 856 4203 Ἀλλά
878 4152 941 4202 σὺ
960 4149 1113 4202 οὐδὲν
1128 4147 1363 4201 τοιοῦτον
1379 4149 1669 4216 ἐγκαλέσαι
1687 4149 1910 4224 δυνήσῃ,
1932 4153 1964 4223 ἢ

398 4236 564 4302 δεῖξαι
585 4233 948 4304 γεγενημένον
967 4234 1024 4286 ἐν
1044 4234 1156 4295 τοῖς
1177 4233 1379 4284 εἴκοσιν
1405 4231 1570 4286 ἔτεσι.
1603 4233 1712 4285 Καὶ
1736 4232 1788 4285 τί
1825 4233 1967 4302 λέγω

401 4318 761 4389 θηριάλωτονς
791 4315 928 4368 Ἀλλ’
945 4314 1064 4368 ούδέ
1085 4316 1131 4367 εί
1153 4315 1364 4384 ἐκλάπη
1379 4315 1527 4380 ποτέ,
1545 4308 1633 4367 οἷα
1653 4315 1966 4385 συμϐαίνειν

399 4403 566 4465 εἰκὸς,
585 4402 662 4464 είς
694 4402 792 4469 τὴν
822 4401 922 4469 σὴν
1000 4391 1199 4462 γνῶσιν
1270 4393 1426 4449 τοῦτο
1525 4399 1822 4470 πεποίηκα,
1851 4400 1964 4453 ἀλλ’

400 4485 511 4552 ἐγὼ
539 4484 633 4536 καὶ
659 4483 946 4552 κλέμματα
975 4481 1314 4552 κλεπτόμενα
1340 4479 1678 4544 ἀπετίννυον,
1711 4482 1782 4536 τά
1811 4500 1871 4536 τε
1909 4486 1965 4537 ἐν

399 4566 602 4637 ἡμέρᾳ,
626 4564 694 4617 τά
710 4581 769 4616 τε
797 4566 853 4616 ἐν
875 4564 1030 4616 νυκτὶ
1051 4564 1328 4633 γινόμενα.
1344 4563 1451 4615 Καὶ
1471 4562 1733 4633 διηνεκῶς
1761 4564 1965 4619 καὶτὸν

395 4648 493 4702 τοῦ
515 4648 789 4717 καύματος
822 4645 1070 4699 καύσωνα
1099 4647 1291 4716 ἔφερον
1317 4643 1600 4713 γενναίως,
1617 4646 1712 4698 καὶ
1728 4645 1817 4699 τὸν
1836 4665 1966 4717 κρυ-

401 4734 500 4804 μὸν
527 4733 618 4785 τὸν
645 4731 754 4784 ἀπὸ
779 4729 878 4798 τῆς
908 4730 1118 4791 νυκτῢς,
1139 4729 1278 4797 ὑπὲρ
1309 4726 1404 4780 τοῦ
1438 4727 1646 4798 ἀϐλαϐῆ
1675 4745 1756 4782 σοι
1779 4729 1846 4783 τὰ
1859 4730 1967 4784 ποί-

401 4833 529 4870 ιινια
549 4810 945 4869 διασώσασθαι·
965 4810 1058 4862 καὶ
1079 4810 1140 4861 ού
1165 4809 1320 4861 τοῦτο
1338 4810 1515 4880 μόνον,
1535 4809 1671 4863 ἀλλά
1693 4811 1786 4864 καὶ
1804 4812 1966 4877 αὐτὸς

395 4901 425 4953 0
457 4900 621 4962 ῦπνος
648 4896 734 4950 διὰ
761 4897 859 4967 τὴν
881 4893 1080 4963 πολλὴν
1111 4892 1364 4962 φροντίδα
1396 4892 1661 4960 ἀφίστατο
1686 4895 1782 4946 ἀπ’
1805 4895 1960 4965 ἐμοῦ.

465 4980 614 5046 Εἶδες
651 4979 908 5050 ποιμένος
945 4976 1279 5047 ἀγρυπνίαν;
1328 4973 1464 5042 εἶδες
1513 4977 1746 5047 σπουδὴν
1779 4979 1963 5033 ἐπιτε-

393 5066 662 5135 ταμένην;
707 5065 872 5117 Ποίαν
916 5063 981 5116 ἀν
1023 5061 1195 5132 ἔχοιεν
1243 5059 1537 5128 ἀπολογίαν
1576 5062 1626 5114 οί
1663 5063 1731 5116 τά
1771 5063 1966 5133 λογικά

391 5150 618 5220 ποίμνια
653 5145 1132 5217 ἐγκεχειρισμένοι,
1173 5144 1265 5197 καὶ
1306 5143 1502 5214 πολλὴν
1546 5143 1643 5217 τὴν
1695 5146 1965 5217 ραθυμίαν

391 5233 841 5304 ἐπιδεικνύμενοι,
884 5230 977 5284 καὶ
1023 5229 1141 5282 καθ’
1172 5229 1408 5300 ἑκάστην
1433 5228 1674 5299 ἡμέραν,
1708 5231 1849 5283 κατά
1873 5231 1964 5284 τὸν

392 5319 696 5388 προφήτην,
725 5315 792 5367 τὰ
839 5313 938 5384 μὶν
972 5311 1476 5380 κατασφάττοντες,
1520 5310 1588 5364 τὰ
1633 5311 1690 5365 δέ
1731 5313 1963 5384 ὁρῶντες

391 5400 731 5473 θηριόϐρωτα
767 5397 1039 5466 γινόμενα,
1072 5395 1137 5448 τὰ
1178 5394 1234 5447 δὲ
1270 5394 1372 5464 ὑφ’
1413 5393 1617 5465 ἐτέρων
1661 5393 1960 5465 συλώμενα,

387 5485 482 5538 καὶ
513 5482 763 5553 οὐδεμίαν
786 5478 1106 5551 κηδεμονίαν
1128 5476 1304 5530 αὐτῶν
1322 5475 1589 5531 ποιεῖσθαι
1615 5477 1926 5548 βουλόμενοι
1945 5496 1960 5543 ;

389 5567 564 5620 καίτοι
604 5581 667 5633 γε
705 5563 933 5617 ἐνταῦθα
966 5560 1206 5616 ἐλάττων
1247 5561 1276 5613 0
1309 5559 1488 5624 πόνος,
1541 5559 1634 5612 καὶ
1675 5558 1892 5623 εὔκολος
1928 5562 1963 5631 ἡ

386 5649 694 5720 ἐπιμέλεια.
729 5647 888 5715 Ψυχὴ
934 5644 1042 5714 γάρ
1076 5645 1224 5696 ἐστιν
1253 5644 1286 5712 ἡ
1317 5641 1706 5711 παιδευομένηο
1747 5642 1864 5694 ἐκεῖ
1906 5643 1960 5696 δὲ

389 5736 552 5797 πολὺς
581 5733 673 5786 καὶ
702 5730 776 5802 τῷ
797 5728 1006 5799 σώματι
1036 5728 1128 5780 καὶ
1175 5729 1242 5796 τῇ
1265 5726 1408 5796 ψυχῇ
1443 5725 1471 5777 0
1506 5726 1686 5789 πόνος.

455 5821 666 5890 ζ’.”ορα
683 5817 786 5885 γὰρ
803 5815 853 5867 τί
881 5830 1063 5883 φησιν·
1091 5811 1415 5879 Ἐγενόιιην
1437 5810 1544 5876 τῆς
1568 5808 1782 5880 ἡμέρη·
1802 5825 1952 5878 συγ-

454 5917 474 5942 ⁸
504 5916 576 5963 Sk
604 5911 746 5963 ίῖυἰδι.
779 5909 1018 5961 Εάριωιυτ
1057 5907 1264 5963 ποηους.
1294 5905 1426 5954 ιᾷωι.

2093 587 2342 660 δυνηθείη
2371 591 2396 630 b
2422 593 2614 656 εἰπεῖν,
2641 593 2721 646 ὅτι
2758 593 2846 646 διὰ
2872 593 2970 664 τὴν
3005 593 3275 665 σωτηρίαν
3306 595 3414 648 τῶν
3446 596 3538 648 ὑπ’
3564 597 3663 650 αύ-

2091 669 2186 722 τοῦ
2215 675 2649 744 ποιμαινομένων
2861 675 3135 739 κινδύνους
3156 675 3442 741 ἀνεδέξατο
3457 678 3550 732 καὶ
3569 697 3665 732 τα.-

2091 751 2419 826 λαιπωρίας;
2440 757 2559 809 Τῶν
2580 758 2676 827 μέν
2695 757 2789 811 νῦν
2805 758 2978 821 οὐδεὶς
2996 758 3060 812 ἂν
3075 759 3236 812 τοῦτο
3256 760 3427 813 εἰπεῖν
3454 761 3661 832 τολμὴ-

2092 851 2224 888 σειε.
2244 838 2506 909 Παύλῳδέ
2529 840 2674 910 μόνῳ
2693 840 2869 904 ἔξεστι
2886 840 3057 894 ταῦτα
3081 843 3218 910 μετά
3245 843 3556 914 παρρησίας
3585 843 3664 896 λέ·

2089 919 2328 984 γειν,καὶ
2338 921 2542 974 τούτων
2557 939 2624 992 με
2632 922 2880 991 (Cava,th
2896 921 3200 993 διδασκάλῳ
3209 925 3306 995 τῆς
3315 925 3660 996 οἰκουμένης.

2091 999 2193 1054 Καὶ
2209 1001 2332 1067 ποῦ,
2347 1004 2500 1072 φησὶ,
2522 1003 2730 1066 Παῦλος
2743 1005 2918 1058 ταῦτα
2938 1005 3227 1076 ὑπέμεινεν
3243 1023 3258 1070 ;
3280 1008 3477 1060 Ἀκουε
3493 1007 3661 1060 αὑτοῦ

2088 1083 2360 1152 λέγοντοςο
2382 1087 2473 1152 Τίς
2487 1087 2749 1151 ἀσθενεῖ,
2768 1088 2863 1141 καὶ
2887 1090 2998 1143 οὐκ
3014 1089 3279 1153 ἁσθενῶ;
3298 1089 3386 1156 τίς
3404 1091 3665 1143 σκανδα-

2085 1165 2323 1232 λίζεται,
2343 1169 2440 1221 καί
2468 1171 2578 1222 οὐκ
2619 1170 2733 1240 ἐγὼ
2772 1171 3102 1240 πυροῦμαι;
3137 1172 3201 1223 ’Ὠ
3234 1171 3484 1242 ποιμένος
3514 1171 3662 1240 φιλο⁴

2089 1252 2331 1320 στοργία,
2356 1251 2435 1304 Τὰ
2463 1251 2680 1322 ἐτέρων,
2700 1253 2850 1323 φησὶ,
2869 1254 3135 1323 πτώματα
3151 1255 3274 1324 ἐμοὶ
3294 1255 3546 1308 ἐπιτείνει
3564 1255 3661 1319 τὰς

2086 1333 2404 1403 ἀλγηδόνας·
2423 1333 2489 1386 τά
2516 1335 2716 1404 ἐτέρων
2738 1335 3006 1388 σκάνδαλα
3033 1337 3155 1406 ἐμοὶ
3180 1338 3279 1406 τὴν
3301 1338 3532 1406 κάμινον
3561 1337 3658 1405 τῆς

2085 1415 2276 1486 ἐδύνης
2293 1417 2538 1470 ἀνάπτει.
2557 1417 2756 1471 Τοῦτον
2771 1419 3002 1483 ἅπαντες
3021 1418 3365 1490 ζηλούτωσαν
3379 1420 3429 1472 οί
3440 1421 3538 1490 τὴν
3553 1420 3661 1472 τῶν

2084 1497 2318 1566 λογικῶν
2347 1501 2634 1570 προϐάτιον
2675 1503 3140 1573 ἐγκεχειρισμένοι
3187 1502 3540 1573 προστασίαν,
3564 1504 3662 1555 καὶ

2088 1581 2160 1651 μὴ
2183 1582 2400 1651 χείρους
2416 1583 2760 1651 γενέσθωσαν
2776 1584 2868 1637 τοῦ
2904 1602 2966 1636 πε
2977 1586 3030 1654 ρὶ
3055 1586 3154 1657 τὴν
3177 1586 3286 1638 τῶν
3308 1584 3517 1652 ἀλόγων
3535 1585 3660 1655 πρό-

2085 1680 2231 1716 νοιαν
2247 1663 2510 1734 τοσαύτην
2531 1665 2835 1735 ἀγρυπνίαν
2847 1666 3274 1738 ἐπιδειξαμένου,
3303 1667 3396 1720 καὶ
3418 1669 3508 1720 ἐπὶ
3534 1683 3659 1720 τοσ-

2083 1743 2236 1797 οῦτον
2256 1746 2392 1798 ἐτῶν
2416 1745 2666 1817 ἀριθμόν.
2715 1749 2863 1801 Ἐκεῖ
2891 1749 2989 1820 μιν
3023 1749 3131 1820 γάρ
3159 1750 3263 1803 κᾶν
3296 1750 3536 1821 ῥᾳθυμία
3571 1766 3657 1812 τις

2083 1830 2496 1899 γένηται,ούδέν
2526 1830 2584 1882 τὸ
2602 1830 2816 1900 βλάϐοςο
2841 1832 3074 1886 ἐνταῦθα
3102 1834 3158 1887 δὲ
3179 1835 3282 1887 κᾶν
3305 1834 3362 1886 ἓν
3388 1832 3656 1905 πρόϐατον

2082 1911 2295 1977 λογικὸν
2314 1913 2602 1982 ἀπόληται,
2633 1915 2665 1984 ῆ
2698 1914 3031 1986 θηριάλωτον
3050 1917 3297 1988 γένηται,
3326 1916 3494 1988 πολλὴ
3513 1918 3546 1986 ἡ
3569 1914 3658 1986 ζη-

2083 1995 2200 2064 μία,
2225 1997 2454 2068 μεγίστη
2476 2000 2508 2068 ή
2552 1997 2746 2069 βλάϐη,
2765 1999 3015 2070 άφατοςή
3040 2000 3280 2063 κόλασις.
3305 2001 3368 2052 Εἰ
3394 2000 3500 2071 γάρ
3525 2001 3658 2051 ὁΔε-

2082 2079 2286 2150 σπότης
2310 2082 2339 2132 0
2364 2080 2627 2152 ἡμέτερος
2640 2081 2703 2134 τὺ
2733 2075 2871 2152 αἷμα
2893 2081 2956 2134 τὸ
2976 2082 3105 2136 ἴδιον
3119 2084 3306 2152 ἐκχέαι
3333 2083 3470 2154 ὑπὲρ
3489 2081 3653 2136 αὐτοῦ

2078 2162 2140 2214 ού
2179 2164 2554 2234 παρῃτήσατο,
2599 2163 2758 2227 ποίας
2791 2163 2857 2217 ἂν
2877 2165 2962 2234 είη
2994 2167 3023 2218 0
3044 2165 3283 2229 τοιοῦτος
3327 2164 3654 2236 συγγνώμης

2078 2244 2289 2308 ἄξιος,ό
2319 2245 2411 2297 τὸν
2442 2244 2584 2299 οὕτω
2609 2246 2907 2316 τιμηθέντα
2929 2246 3080 2317 παρά
3098 2242 3190 2300 τοῦ
3217 2247 3485 2300 Δεσπότου
3511 2263 3654 2316 παρ-

2078 2331 2210 2400 ορᾷν
2242 2328 2588 2399 ἀνεχόμενος,
2612 2330 2705 2382 καὶ
2728 2328 2803 2400 μὴ
2835 2328 2903 2383 τά
2923 2330 3054 2400 παρ’
3087 2329 3278 2383 ἐαυτοῦ
3310 2331 3484 2383 πάντα
3517 2328 3655 2400 πλη-

2083 2410 2190 2481 ρῶν
2219 2413 2298 2474 είς
2323 2411 2422 2482 τήν
2448 2410 2543 2464 τοῦ
2569 2411 2839 2483 προϐάτου
2881 2410 3226 2482 ἐπιμέλειαν;
3276 2411 3416 2464 Ἀλλ’
3433 2412 3525 2464 ἐπὶ
3553 2412 3653 2483 τὴν

2077 2493 2398 2546 ἀκολουθίαν
2411 2493 2502 2546 τοῦ
2519 2493 2676 2562 λόγου
2700 2493 3104 2565 ἐπανέλθωμεν.
3127 2494 3314 2548 Ταῦτά
3321 2513 3442 2564 μοι,
3462 2494 3652 2565 φησὶν,

2077 2575 2310 2627 εἴκοσιν
2348 2576 2452 2642 ἔτη
2474 2575 2587 2643 ειμι
2617 2575 2686 2628 ὲν
2705 2573 2782 2642 τῇ
2799 2577 2956 2641 οικίᾳ
2976 2590 3111 2632 σου.
3158 2577 3527 2631 Ἐδούλευσά
3554 2591 3652 2630 σοι

2077 2655 2486 2724 δεκατέσσαρα
2506 2657 2609 2724 ἐτη
2624 2656 2756 2711 ἀντὶ
2773 2655 2890 2710 τῶν
2903 2657 3013 2711 δύο
3039 2657 3374 2726 θυγατέρων
3397 2676 3534 2722 σου,
3552 2660 3650 2712 καὶ

2075 2737 2145 2803 ἐξ
2169 2737 2275 2806 ἔτη
2291 2738 2360 2792 ἐν
2386 2737 2510 2803 τοῖς
2540 2738 2854 2806 προϐάτοις
2873 2753 3011 2802 σου,
3031 2739 3126 2792 καί
3150 2741 3527 2810 παρελογίσω
3545 2741 3655 2794 τὸν

2071 2823 2292 2893 μισθόν
2304 2838 2422 2891 μου
2441 2820 2584 2874 δέκα
2598 2819 2885 2890 ἀμνάδας.
2907 2824 2975 2876 ει
2989 2821 3076 2890 μὴ
3097 2823 3129 2875 ὁ
3151 2821 3294 2889 Θεὸς
3311 2822 3414 2876 τοῦ
3431 2824 3653 2890 πατρός

2069 2922 2190 2975 μου
2229 2903 2492 2972 Ἀϐραὰμ,
2511 2901 2606 2958 καί
2628 2906 2662 2956 ὁ
2689 2905 2834 2969 Θεὸς
2871 2903 3074 2959 Ἰσαὰκ
3093 2899 3173 2974 ἦν
3197 2905 3324 2974 μετ’
3343 2903 3509 2973 ἐμοῦ,
3533 2905 3652 2959 νῦν

2075 2987 2152 3041 ἄν
2175 3004 2252 3057 με
2273 2987 2454 3040 κενὸν
2495 2985 2944 3052 ἐξαπέστειλας.
2989 2984 3105 3054 Τὴν
3143 2986 3505 3040 ταπείνωσιν
3529 3004 3650 3056 μου

2076 3070 2172 3123 καὶ
2201 3070 2308 3122 τὸν
2323 3071 2512 3122 κόπον
2553 3067 2673 3122 τῶν
2711 3068 2923 3137 χειρῶν
2939 3086 3058 3138 μου
3089 3065 3248 3123 εἶδεν
3276 3072 3307 3124 ὸ
3339 3070 3504 3135 Θεὸς,
3550 3068 3648 3122 καί

2074 3152 2294 3222 ἤλεγξέ
2329 3168 2402 3206 σε
2430 3151 2592 3222 χθές.
2612 3153 2750 3223 Ὅρα
2771 3152 2888 3216 πῶς
2917 3153 2983 3207 τὰ
3007 3153 3156 3224 παρὰ
3181 3152 3274 3206 τοῦ
3310 3153 3493 3207 Λάϐαν
3523 3155 3650 3223 δμο-

2075 3238 2369 3310 λογηθέντα
2400 3236 2779 3308 παρεθάρρυνε
2807 3237 2898 3290 τὸν
2912 3237 3138 3299 δίκαιον,
3165 3238 3258 3290 καὶ
3281 3238 3418 3308 μετά
3439 3241 3650 3308 παρρη-

2075 3322 2195 3386 σίας
2227 3321 2316 3373 τὸν
2345 3320 2564 3391 ἔλεγχον
2597 3323 2845 3374 ποιεῖται.
2869 3316 3049 3385 Οίδας,
3069 3321 3251 3392 φησὶν,
3264 3321 3412 3384 ὅπως
3444 3321 3552 3374 τῶν
3579 3323 3648 3375 εῐ-

2073 3421 2224 3458 κοσιν
2252 3403 2389 3456 ἐτῶν
2411 3403 2499 3456 τὸν
2514 3400 2744 3472 ἀριθμὸν
2765 3402 3051 3457 ἐδούλευσά
3068 3419 3169 3469 σοι,
3189 3402 3330 3473 ὑπὲρ
3351 3401 3458 3456 τῶν
3483 3403 3649 3471 θυγα-

2070 3487 2244 3558 τέρων
2265 3503 2357 3540 σου
2373 3486 2442 3538 τά
2466 3485 2836 3557 δεκατέσσαρα
2857 3485 3044 3557 ἐτη,ἐν
3059 3485 3114 3539 δὲ
3135 3489 3244 3549 τοῖς
3269 3485 3559 3555 προϐάτοις
3579 3485 3648 3541 τά

2072 3569 2356 3624 ὑπόλοιπα·
2397 3570 2493 3623 καὶ
2534 3571 2683 3641 ὅμως
2729 3569 3098 3641 ἀποστερῆσαί
3142 3585 3210 3640 με
3255 3567 3525 3634 κατεδέξω
3553 3569 3646 3621 τὸν

2074 3653 2281 3724 μισθὸν,
2311 3653 2407 3706 καὶ
2434 3652 2584 3706 ούδέν
2613 3653 2754 3723 ὑπὲρ
2785 3651 2974 3706 τούτου
3003 3652 3328 3717 ἐνεκάλεσας
3360 3651 3530 3706 Τοῦτο
3565 3652 3643 3718 δέ,

2070 3736 2130 3800 ἐξ
2154 3729 2227 3788 ὧν
2255 3735 2415 3798 αὐτὸς
2455 3734 2833 3805 ὡμολόγησας,
2866 3731 3000 3799 οἶδα,
3022 3735 3103 3788 ὅτι
3131 3737 3178 3788 εί
3213 3735 3286 3806 μὴ
3325 3737 3353 3787 0
3380 3735 3509 3798 Θεὸς
3549 3733 3644 3787 τοῦ

2083 3816 2332 3887 ’Δϐραάμ
2358 3816 2452 3868 καὶ
2477 3814 2570 3869 τοῦ
2587 3817 2772 3868 Ἰσαὰκ
2784 3811 2852 3886 ἦν
2887 3833 2976 3886 μοι
3006 3814 3215 3885 βοηθὸς,
3240 3816 3334 3870 νῦν
3359 3817 3424 3871 ἄν
3457 3833 3522 3887 με
3554 3833 3646 3870 κεο

2069 3900 2158 3954 νὺν
2179 3898 2584 3965 ἐξαπέστειλας,
2628 3897 2852 3969 ἔρημον,
2893 3898 2986 3951 καὶ
3016 3898 3194 3952 πάντα
3225 3898 3290 3952 ἀν
3312 3899 3518 3969 ἀφείλω
3546 3900 3644 3954 ἀπ’

2069 3981 2226 4054 ἐμοῦ,
2248 3982 2341 4036 καὶ
2361 3980 2458 4052 τήν
2491 3980 2725 4046 ἀδικίαν,
2754 3980 2821 4052 ἢν
2849 3981 3102 4053 προέθου,
3137 3983 3214 4046 είς
3236 3981 3393 4052 ἔργον
3422 3983 3488 4038 ἀν
3508 3984 3644 4053 ἢγα-

2068 4083 2184 4135 γες.
2222 4065 2358 4119 Ἀλλ’
2400 4067 2428 4118 0
2457 4064 2588 4129 Θεὸς
2617 4067 2646 4119 0
2672 4062 2827 4128 είδὼς
2861 4064 2980 4133 Τὴν
3008 4065 3369 4120 ταπείνωσιν
3390 4085 3510 4136 μου
3543 4067 3640 4121 καί

2069 4149 2176 4203 τὸν
2202 4149 2392 4202 κόπον
2416 4146 2535 4202 τῶν
2569 4145 2783 4218 χειρῶν
2802 4165 2941 4218 μου.
2961 4148 3027 4202 Τί
3055 4151 3190 4216 ἐστι,
3212 4147 3330 4217 Τὴν
3356 4149 3642 4203 ταπείνω-

2067 4233 2174 4286 σιν
2209 4249 2330 4302 μου
2359 4231 2456 4284 καί
2491 4230 2596 4285 τὸν
2632 4233 2824 4285 κόπον
2860 4229 2979 4285 τῶν
3006 4231 3219 4301 χειρῶν
3240 4248 3394 4302 μου;
3424 4233 3642 4302 Ἐπειδὴ

2068 4315 2225 4387 ᾗδειό
2249 4315 2399 4380 Θεὸς,
2436 4316 2586 4378 ὅπως
2629 4314 2727 4385 μὲν
2765 4313 2876 4384 ἐγὼ
2903 4317 3042 4384 μετὰ
3075 4316 3276 4386 πολλῆς
3301 4317 3398 4385 τῆς
3428 4318 3640 4380 εύνοίας

2066 4399 2165 4469 τὴν
2197 4397 2440 4451 δουλείαν
2469 4398 2940 4469 ἐποιησάμην,καὶ
2955 4399 3043 4452 τὸν
3075 4399 3239 4453 κόπον
3269 4400 3391 4453 ὅσον
3417 4401 3639 4470 ὑπέμει-

2068 4499 2134 4536 να
2157 4483 2456 4553 ποιμαίνων
2487 4481 2556 4535 τά
2585 4481 2851 4553 πρόϐατα,
2883 4482 2977 4536 καὶ⁵
2995 4483 3052 4534 ἐν
3081 4482 3261 4553 ἡμέρᾳ
3286 4483 3380 4536 καὶ
3407 4484 3464 4535 ἐν
3485 4486 3640 4538 νυκτὶ

2067 4563 2364 4635 φροντίζων
2384 4563 2668 4629 διετέλουν,
2703 4565 2838 4636 πρὸς
2869 4565 3050 4618 ἐκεῖνα
3068 4564 3188 4618 ἰδὼν
3207 4567 3236 4618 0
3261 4564 3639 4638 φιλάνθρωπος

2065 4648 2335 4718 Δεσπότης
2361 4648 2486 4718 χθὲς
2518 4646 2710 4719 ἡλεγξέ
2750 4664 2830 4711 σε,
2862 4648 3058 4716 ἐπέσχε
3087 4648 3184 4719 τῆς
3208 4649 3327 4701 κατ’
3357 4649 3490 4719 ἐμοῦ
3523 4651 3640 4703 ἀδι-

2069 4732 2192 4796 κίας
2219 4733 2312 4785 καὶ
2337 4731 2438 4801 τῆς
2466 4731 2748 4799 ἀλογίστου
2788 4731 2983 4802 ὁρμῆς.
3001 4732 3218 4796 Ὶκανῶς
3244 4733 3300 4785 ἐν
3330 4732 3478 4798 τάξει
3504 4735 3640 4786 ἀπο-

2065 4815 2248 4883 λογίας
2275 4813 2528 4868 καθίκετο
2555 4813 2651 4867 τοῦ
2692 4813 2897 4878 Λάϐαν,
2925 4815 3019 4868 καὶ
3051 4817 3188 4887 μετά
3218 4816 3279 4868 τὸ
3302 4815 3515 4884 ἐλέγξαι
3542 4815 3638 4885 τὴν

2065 4899 2142 4960 είς
2163 4897 2326 4950 αὐτὸν
2344 4895 2577 4958 ἀδικίαν,
2595 4896 2690 4948 καὶ
2721 4895 2818 4959 τὰς
2844 4900 2972 4968 παρ’
3001 4899 3164 4952 αὐτοῦ
3185 4901 3266 4962 είς
3295 4897 3456 4952 αὐτὸν
3484 4897 3637 4967 εὐερ-

2063 4981 2251 5048 γεσίας
2287 4978 2728 5048 ἀπηριθμήσατο.
2754 4979 2842 5031 Διὸ
2868 4980 3133 5044 αἰδεσθεὶς
3177 4983 3379 5041 ἐκεῖνος
3410 4981 3479 5033 τά
3507 4982 3636 5051 παρ’

2063 5062 2227 5118 αὑτοῦ
2282 5061 2569 5132 εἰρημένα,
2604 5059 2792 5115 λοιπὸν
2831 5065 2923 5116 καὶ
2967 5064 3045 5127 εἰς
3073 5063 3272 5116 δειλίαν
3297 5063 3633 5130 καθίσταται,

2065 5147 2156 5201 καὶ
2185 5145 2457 5214 συνθήκας
2486 5145 2782 5214 ἀπαιτῆσαι
2816 5145 3062 5214 βούλεται
3094 5145 3242 5216 παρά
3272 5145 3364 5198 τοῦ
3401 5145 3631 5202 δικαίου.

2065 5231 2206 5302 Ὅρα
2225 5227 2360 5280 Θεοῦ
2381 5226 2728 5296 κηδεμονίαν.
2745 5228 2803 5280 Ὀ
2824 5228 2966 5280 οὕτω
2993 5229 3524 5298 παρεσκευασμένος,
3543 5234 3635 5285 καὶ

2067 5314 2203 5387 μετά
2217 5311 2483 5380 τοσαύτης
2498 5311 2673 5381 ὁρμῆς
2691 5313 2790 5381 τὴν
2814 5312 3132 5376 καταδίωξιν
3160 5315 3542 5385 ποιησάμενος,
3557 5319 3634 5380 εἰς

2062 5396 2326 5466 τοσαύτην
2347 5395 2588 5466 κατέστη
2605 5395 2824 5460 δειλίαν,
2841 5397 2916 5460 ὡς
2927 5395 3025 5460 τὰς
3040 5399 3168 5469 παρ’
3181 5399 3345 5453 αὐτοῦ
3365 5401 3633 5470 συνθήκας

2061 5481 2357 5552 ἐπιζητεῖν.
2378 5478 2733 5545 Ἀποκριθεὶς
2749 5478 2859 5546 γὰρ
2882 5479 3103 5546 Λάϐαν,
3125 5480 3275 5554 [560]
3299 5483 3480 5553 φησὶν,
3503 5481 3633 5538 εἶπε

2063 5560 2379 5630 τῷἹακώό·
2394 5564 2464 5615 ΑΙ
2494 5561 2808 5631 θυγατέρες
2820 5579 2958 5628 σου,
2976 5564 3289 5634 θυγατέρες
3307 5568 3557 5636 μου,καί
3579 5571 3632 5622 οι

2062 5646 2180 5700 υἱοί
2205 5660 2343 5706 σου,
2377 5643 2759 5712 υίοίμουριαί
2782 5647 2851 5700 τὰ
2875 5647 3064 5715 κτήνη
3091 5665 3225 5714 σου,
3268 5649 3456 5718 κτήνη
3487 5669 3629 5719 μου.

2064 5729 2159 5782 καὶ
2181 5726 2373 5781 πάντα
2399 5728 2514 5780 ὅσα
2534 5727 2615 5780 σὺ
2643 5726 2806 5796 ὁρᾷς,
2832 5729 2942 5799 ἐμὰ
2970 5731 3097 5784 ἐστι
3125 5731 3220 5784 καὶ
3253 5730 3371 5784 τῶν
3395 5732 3629 5800 θυγατέ-

2056 5827 2179 5878 ρων
2208 5811 2419 5880 μουοτί
2443 5809 2672 5877 ποιήσω
2705 5813 2943 5879 ταύταις
2973 5813 3256 5883 σήμερον,
3303 5816 3337 5884 ἧ
3375 5815 3495 5882 τοῖς
3547 5816 3628 5867 τέ-

2125 5907 2149 5944 b
2171 5905 2419 5956 lidebalur
2441 5908 2626 5969 δυνηθς-
2659 5909 2801 5959 (Συίδί.
2829 5912 3036 5971 δυνηθείη
3083 5909 3215 5962 lim.
