4142 6206
588 310 694 372 505

589 449 759 499 κνοις
794 428 994 486 αὐτῶν
1021 425 1137 491 τοῖς
1165 427 1496 493 τεχθεῖσιν;
1530 423 1663 479 Οἶδα
1685 425 1769 478 ὅτι
1795 424 1889 477 καὶ
1914 424 1972 477 al
2003 423 2170 493 θυγα-

585 513 972 586 τέρες.φησὶν,
1007 507 1137 579 ὲμαί
1168 508 1294 567 εἰσι,
1331 507 1427 559 zeal
1454 506 1628 561 πάντα
1658 505 1758 561 ὅσα
1796 506 1878 559 σοί
1912 507 2084 586 ἐστιν,
2108 507 2173 559 ὲκ

585 584 685 668 τῆς
702 593 983 667 ὑπάρξεως
1011 593 1109 661 τῆς
1125 590 1266 661 ἐμῆς
1285 589 1645 661 προσεγένετό
1662 607 1764 643 σοι.
1785 590 1848 643 Τί
1862 584 1979 644 οὖν
2003 589 2173 655 ποιή-

585 697 676 735 σω
700 680 938 742 ταύταις
963 673 1253 743 σήμερον,
1277 674 1316 741 ἢ
1345 672 1471 739 τοῖς
1499 674 1601 728 ὑπ’
1655 672 1857 729 αὐτῶν
1882 674 2171 744 τεχθεῖσι;

584 764 715 818 Νῦν
735 760 933 827 δεῦρο,
976 756 1308 827 διαθώμεθα
1342 755 1643 825 διαθήκην
1669 755 1785 825 ἐγώ
1825 773 1889 809 τε
1926 757 2023 809 καὶ
2057 756 2162 817 σὺ,

582 846 687 898 zeal
706 843 879 897 ἔσται
900 842 989 906 είς
997 840 1324 909 μαρτύριον
1335 839 1454 894 ἀνὰ
1461 839 1657 909 μέσον
1672 838 1820 907 ἐμοῦ
1837 854 1903 892 τε
1917 838 2014 891 zeal
2029 836 2168 891 σοῦ.

580 925 886 997 Συνθήκας,
915 922 1071 993 φησὶ,
1109 921 1485 993 ποιησώμεθα,
1508 921 1617 976 Kal
1643 921 1814 975 ἔσται
1847 921 2172 989 ειςμαρτύ-

571 1026 713 1078 νριυν
748 1009 867 1064 ἀνὰ
878 1008 1077 1078 μέσον
1098 1004 1247 1076 ἐμοῦ
1277 1005 1376 1059 zeal
1392 1006 1533 1068 σοῦ,
1563 1002 1644 1068 εις
1670 1003 1915 1075 ἔλεγχον,
1935 1007 2016 1067 είς
2033 1003 2169 1057 ἀπό-

570 1091 767 1157 δειξιν.
804 1087 941 1145 Εἷπε
971 1090 1034 1145 δὶ
1060 1087 1244 1161 αὐτῷ’
1275 1089 1342 1141 Et
1360 1104 1446 1151 τις
1467 1086 1779 1158 παραϐῆναι
1810 1086 1882 1140 τὰ
1910 1085 2008 1139 νῦν
2037 1086 2168 1157 παρ’

572 1176 740 1246 ’ἡμῶν
784 1174 1126 1247 προταθέντα
1160 1172 1577 1242 ἐπιχειρήσειεν,
1626 1168 1773 1224 Ἰδοὺ
1807 1168 2013 1236 οὐδεὶς
2041 1170 2168 1239 μεθ’

577 1257 772 1329 ήμῶνο
799 1261 832 1312 ὁ
866 1257 935 1311 δέ
954 1257 1107 1323 Θεὸς
1125 1254 1356 1325 μάρτυς
1372 1252 1490 1307 ἀνὰ
1509 1252 1705 1322 μέσον
1734 1249 1880 1322 ἐμοῦ
1907 1252 2004 1305 zeal
2028 1251 2167 1306 σοῦ.

655 1342 935 1413 η’.Σκόπει
959 1340 1076 1405 σι’ὁς
1096 1338 1237 1393 κατά
1260 1338 1454 1408 μικρὸν
1473 1339 1503 1391 6
1515 1337 1701 1392 Λάδαν
1719 1337 1814 1391 zeal
1833 1337 1913 1400 εἰς
1940 1334 2169 1400 θεογνω-

574 1427 706 1481 ισίαν
728 1426 999 1495 ἑνάγεται.
1017 1425 1077 1478 Ὃ
1091 1422 1200 1494 γάρ
1217 1419 1315 1493 τὴν
1337 1419 1543 1492 κλοπήν
1572 1419 1680 1492 πρὸ
1703 1418 1893 1473 τούτου
1909 1418 2016 1472 τῶν
2032 1418 2171 1473 θεῶν

572 1510 749 1563 αὐτοῦ
779 1509 1055 1580 ἐπιφέρων
1107 1506 1187 1577 τῷ
1238 1503 1456 1573 δικαίῳ,
1506 1504 1600 1558 καὶ
1647 1503 1917 1574 τοσαύτην
1944 1502 2169 1573 ἔρευναν

584 1593 970 1664 ποιησάμενος,
1001 1589 1097 1644 νῦν
1148 1604 1311 1659 φησιν
1331 1603 1345 1617 ·
1388 1585 1604 1658 Ἐπειδὴ
1623 1586 1796 1651 οὐδείς
1820 1588 1936 1641 ἐστι
1967 1584 2169 1657 μεταξῦ

581 1674 741 1745 ἡμῶν
767 1678 797 1729 6
820 1674 1141 1745 δυνάμενος,
1169 1672 1221 1726 εί
1244 1687 1297 1724 τι
1334 1668 1474 1740 μετά
1504 1668 1679 1724 ταῦτα
1706 1669 1923 1738 γένοιτο
1951 1679 1999 1735 ⁸,
2026 1685 2168 1740 μαρ-

580 1757 819 1827 τυρῆσαι
843 1759 954 1821 τοῖς
987 1754 1084 1811 νῦν
1114 1752 1246 1826 παρ’
1267 1750 1426 1823 ἡμῶν
1452 1751 1782 1820 γινομένοις,
1812 1754 1842 1805 6
1862 1751 1997 1815 Θεὸς
2031 1752 2170 1822 μάρ-

579 1859 681 1905 τυς
704 1841 807 1895 ἀνὰ
844 1840 1009 1911 μέσον
1039 1837 1175 1909 ἐμοῦ
1199 1838 1297 1890 καὶ
1330 1835 1444 1890 σοῦ.
1463 1835 1702 1898 Ἐκεῖνος
1730 1835 2016 1906 πάρεστιν,
2044 1835 2073 1887 6
2101 1834 2169 1887 τὰ

585 1924 762 1978 πάντα
787 1923 951 1995 δρῶν,
984 1920 1045 1974 ὃν
1090 1919 1243 1974 οὐδὲν
1273 1919 1458 1973 λαθεῖν
1473 1917 1720 1983 δύναται,
1754 1919 1785 1971 6
1814 1915 1914 1987 τήν
1938 1915 2168 1969 ἑκάστου

582 2005 809 2077 γνώμην
825 2002 1203 2073 ἐπιστάμενος.
1218 2000 1432 2057 Λαϐὼν
1453 1999 1543 2063 δὲ,
1561 1999 1751 2070 φησὶν,
1767 1998 2167 2067 ἰακὼόἔστη-

580 2104 657 2143 σε
675 2087 938 2154 στήλην,
979 2083 1079 2138 zeal
1105 2083 1358 2152 ἐποίησε
1391 2083 1650 2146 βουνὸν,
1678 2081 1778 2136 zeal
1807 2081 2036 2151 ἔφατον
2068 2081 2168 2135 ἐπὶ

579 2170 687 2223 τοῦ
697 2162 952 2233 βουνοῦ.
972 2156 1119 2217 Εἶτα
1139 2158 1311 2217 εἶπεν
1324 2161 1487 2228 αὐτῷ
1506 2158 1727 2215 Λάσὼμ
1746 2161 1807 2215 '0
1821 2159 2052 2226 βουνὸς
2065 2156 2169 2217 οὗ-

579 2268 684 2316 τος
708 2246 998 2319 μαρτυρεῖ
1016 2245 1134 2300 ἀνὰ
1147 2243 1344 2314 μέσον
1371 2243 1517 2313 ἐμοῦ
1546 2241 1647 2297 zeal
1667 2242 1804 2298 σοῦ.
1821 2245 1885 2295 τι
1916 2257 2085 2308 εστιν,
2114 2243 2169 2296 Ὀ

576 2330 807 2399 βουνὸς
822 2326 1035 2395 οὖτος;
1050 2326 1196 2381 Ἀντὶ
1215 2325 1333 2392 τοῦ,
1354 2325 1422 2380 τὰ
1439 2328 1660 2397 ῥήματα
1687 2326 1756 2380 τὰ
1778 2325 2012 2381 ἐνταῦθα
2026 2326 2171 2395 γινό-

582 2433 719 2487 μενα
744 2418 801 2469 έν
830 2413 908 2485 τῷ
933 2410 1106 2484 βουνῷ
1134 2410 1308 2482 τούτῳ
1328 2411 1636 2481 ὑπόμνησις
1664 2411 1795 2482 ήμῖν
1825 2409 2169 2481 ἐσταιδιηνε-

580 2497 715 2562 κῶς.
755 2496 865 2552 Kal
899 2494 1161 2550 ἐκάλεσε
1206 2494 1275 2547 τό
1315 2492 1504 2561 ὄνομα
1554 2492 1663 2547 τοῦ
1691 2492 1900 2554 τόπου,
1940 2492 2169 2559 Βουνὸς

579 2574 1078 2651 μαρτυρίου.Εῖτά
1111 2590 1297 2647 φησιν’
1339 2574 1568 2628 Ἐπίδοι
1592 2576 1625 2628 ὁ
1662 2574 1807 2640 Θεὸς
1828 2574 1945 2628 ἀνὰ
1969 2573 2167 2642 μέσον

579 2661 725 2731 ἐμοῦ
748 2660 850 2714 zeal
873 2658 1012 2713 σοῦ.
1040 2658 1241 2711 Σκόπει
1270 2655 1388 2719 πῶς
1416 2655 1579 2710 πάλιν
1613 2655 1710 2726 τὴν
1739 2656 1890 2726 παρά
1917 2657 2011 2708 τοῦ
2033 2654 2167 2709 Θεοῦ

578 2749 737 2818 δίκην
773 2743 1115 2799 ἐπικαλεῖται
1145 2742 1176 2795 6
1224 2741 1431 2797 Δάὃανο
1474 2741 1700 2795 Ἐντίδοι
1741 2741 1871 2811 γὰρ,
1913 2742 2099 2812 φησὶν,
2130 2745 2165 2796 ό

583 2830 730 2895 Θεὸς
763 2826 881 2883 ἀνὰ
888 2825 1085 2896 μέσον
1106 2824 1257 2894 ἐμοῦ
1284 2823 1383 2877 zeal
1408 2823 1549 2887 σοῦ,
1580 2822 1669 2877 ότι
1698 2823 2169 2894 ἀποστησόμεθα

578 2912 781 2981 ἔτερος
808 2910 914 2965 τοῦ
944 2908 1174 2977 ἐτέρου.
1209 2906 1347 2973 Νῦν,
1380 2906 1537 2977 φησὶ,
1572 2905 2046 2978 χωρισθησόμεθα,
2076 2907 2169 2960 zeal

583 2996 648 3049 οὒ
680 2994 780 3065 μὲν
808 2991 1088 3064 ἀπελεύσῃ
1131 2990 1213 3054 είς
1235 2989 1337 3060 τὴν
1363 2988 1570 3042 οἰκείαν
1592 2988 1716 3058 γῆν,
1769 2988 1881 3057 ἐγὼ
1910 2988 1969 3042 δὲ
1995 2989 2157 3042 heav-

581 3076 873 3147 ελεύσομαι
892 3076 971 3138 εἰς
996 3074 1089 3127 τὸν
1104 3067 1254 3127 οἷκον
1283 3072 1371 3125 τὸν
1388 3070 1541 3142 ἐμόν.
1558 3072 1629 3123 ει
1647 3069 2031 3137 ταπεινώσεις
2062 3070 2169 3137 τὰς

581 3157 911 3227 θυγατέρας
941 3172 1083 3225 μου,
1133 3156 1187 3207 εί
1234 3153 1443 3219 λάϐοις
1504 3151 1796 3223 γυναῖκας
1842 3152 1992 3220 πρὸς
2036 3151 2168 3218 ταῖς

581 3237 907 3309 θυγατράσι
922 3254 1062 3306 μου.
1078 3234 1207 3305 ὅρα,
1220 3235 1419 3301 οὐδεὶς
1433 3235 1561 3305 μεθ’
1578 3235 1748 3304 ἡμῶν
1761 3235 1975 3289 ἐστινό
1990 3232 2163 3304 ὁρῶν*

584 3323 732 3389 Θεὸς
749 3319 1002 3390 μάρτυς.
1033 3319 1231 3373 Σκόπει
1247 3318 1363 3384 πῶς
1394 3319 1489 3373 zeal
1517 3318 1663 3384 ἅπαξ
1688 3318 1782 3371 zeal
1803 3316 2052 3389 δεύτερον
2073 3316 2169 3371 zeal

584 3404 846 3468 πολλάκις
875 3403 970 3457 τὸν
1006 3401 1143 3458 Θεὸν
1171 3403 1328 3457 καλεῖ
1380 3402 1651 3474 μάρτυρα.
1679 3400 1789 3453 Kal
1819 3400 1928 3473 γὰρ
1961 3402 1995 3471 ή
2030 3400 2167 3471 πρό-

579 3487 754 3560 νοιαή
779 3486 907 3557 περ)¹
932 3485 1023 3539 τὸν
1050 3482 1243 3539 Ἰακὼὸ
1266 3484 1605 3555 γεγενημένη
1635 3482 1954 3535 ἐπαίδευσεν
1982 3482 2164 3549 αὐτὸν,

577 3572 680 3643 ὅση
715 3569 810 3623 τοῦ
852 3566 1124 3622 Δεσπότου
1164 3567 1199 3638 ὴ
1231 3565 1475 3637 δύναμις,
1503 3566 1597 3619 zeal
1624 3565 1700 3628 ὡς
1732 3567 1831 3635 οὐχ
1870 3561 1980 3619 οἷόν
2010 3565 2070 3619 τέ
2110 3583 2163 3619 τι

574 3653 764 3710 λαθεῖν
784 3650 875 3704 τὸν
902 3649 1202 3721 ἀκοίμητον
1229 3647 1525 3717 ὀφθαλμόν.
1546 3647 1644 3701 Διὰ
1668 3647 1825 3701 τοῦτό
1846 3664 1980 3718 φησι
2000 3662 2017 3679 ’
2047 3647 2166 3703 Κάν

569 3732 1052 3806 διαχωρισθῶμεν,
1082 3730 1184 3785 κᾶν
1212 3730 1398 3803 μηδεὶς
1423 3731 1611 3802 ἔτερος
1641 3730 1669 3782 6
1698 3729 2049 3802 μαρτυρῆσαι
2076 3729 2167 3782 δυ-

580 3818 834 3891 νάμενος,
865 3815 1025 3879 αὐτὸς
1068 3812 1218 3868 ἔσται
1252 3812 1460 3887 μάρτυς
1483 3814 1512 3866 6
1540 3812 1815 3882 πανταχοῦ
1842 3811 2033 3885 παρών
2053 3825 2070 3845 ’
2099 3813 2166 3867 δι’

575 3904 816 3958 ἑκάστου
858 3900 969 3954 τῶν
1015 3897 1277 3969 ῥημάτων
1311 3897 1570 3967 ἐνέφηνεν
1589 3935 1603 3960 ,
1628 3895 1712 3949 ὅτι
1748 3896 1848 3966 τῆς
1891 3897 2165 3967 πανταχοῦ

582 3985 684 4057 γῆς
701 3985 818 4038 ἐστι
841 3981 1136 4050 Δεσπότης.
1154 3979 1261 4034 Kal
1274 3975 1445 4033 εἶπεν
1472 3977 1680 4035 Ἰακώὸ
1695 3994 1709 4008 ·
1738 3977 1892 4033 Ἰδοὺ
1910 3979 1949 4046 ἡ
1966 3977 2163 4046 στήλη

570 4068 733 4135 αὕτη
761 4061 1068 4135 μαρτυρεῖ.
1098 4057 1244 4119 Εἶτα
1266 4060 1454 4116 πάλιν
1478 4064 1512 4115 ὁ
1539 4062 1741 4115 Λάόαν
1760 4061 1983 4129 φησίν·
2024 4060 2169 4116 Ἐάν

584 4163 649 4200 τε
676 4150 787 4214 τὰρ
816 4143 931 4214 ἐγὼ
948 4141 1037 4212 μὴ
1083 4139 1264 4195 διαδῶ
1303 4140 1452 4208 πρὸς
1492 4137 1589 4201 σὲ,
1629 4137 1784 4207 μήτε
1829 4138 1911 4193 σὺ
1957 4137 2166 4207 διαϐῇς

584 4227 735 4296 πρὸς
782 4227 888 4296 ἐμὲ
928 4224 1036 4278 τὸν
1076 4221 1314 4288 ,βουνὸν
1361 4222 1580 4277 τοῦτον
1617 4220 1712 4274 zeal
1766 4220 1880 4289 τὴν
1925 4220 2166 4290 στήλην

585 4312 811 4379 ταύτην
850 4306 949 4362 ἐπὶ
990 4306 1187 4374 κακίᾳ,
1222 4308 1255 4361 ὁ
1304 4304 1450 4370 Θεὸς
1503 4304 1780 4374 Ἀϐραὰμ,
1820 4303 1918 4357 zeal
1949 4307 1982 4358 ό
2021 4304 2165 4370 Θεύς

578 4394 798 4465 ,Ναχὼρ
827 4392 1019 4463 κρίνοι
1043 4390 1161 4445 ἀνὰ
1181 4389 1378 4459 μέσον
1404 4386 1593 4458 ἡμῶν.
1616 4388 1725 4441 Θέα
1758 4387 1877 4451 πῶς
1906 4388 2045 4459 μετὰ
2069 4389 2163 4443 τοῦ

588 4479 795 4549 πατρὸς
823 4479 918 4531 zeal
941 4474 1033 4530 τὸν
1063 4474 1287 4529 πάππον
1311 4472 1402 4527 τὸν
1431 4471 1627 4525 ἑαυτοῦ
1661 4470 1916 4542 συνῆψεν,
1938 4472 2165 4542 ἀδελφὸν

590 4562 688 4631 μὲν
718 4558 812 4614 τοῦ
841 4558 1179 4631 πατριάρχου
1211 4557 1569 4627 τυγχάνοντα,
1606 4555 1800 4609 ἑαυτοῦ
1829 4555 1885 4608 δὲ
1919 4555 2159 4610 πάππον.

597 4643 662 4696 '0
696 4642 839 4709 Θεὸς
884 4640 1160 4710 ’Λϐραὰμ,
1189 4639 1288 4693 zeal
1329 4643 1362 4695 ό
1388 4639 1536 4706 Θεὸς
1581 4638 1794 4707 Ναχώρ
1824 4637 2016 4705 κρίνοι
2048 4637 2165 4693 ἀνὰ

584 4726 778 4795 μέσον
803 4723 990 4794 ἡμῶν.
1013 4725 1122 4780 Kal
1152 4721 1389 4792 ὤμοσεν
1421 4720 1632 4777 Ἰακὼό
1657 4718 1807 4773 κατὰ
1841 4719 1947 4775 τοῦ
1973 4722 2163 4790 φόϐου

586 4811 694 4866 τοῦ
721 4807 945 4878 πατρὸς
973 4807 1159 4863 αὐτοῦ
1184 4807 1400 4869 Ἰσαὰκ,
1423 4802 1573 4878 [561]
1605 4804 1703 4858 zeal
1728 4804 1911 4859 ἔθυσε
1943 4805 2164 4859 θυσίαν

585 4894 657 4949 ἐν
694 4892 776 4958 τῷ
819 4892 972 4961 ὄρει,
1021 4891 1119 4945 zeal
1156 4888 1416 4944 ἐκάλεσε
1452 4886 1597 4952 τοὺς
1623 4885 1925 4955 ἀδελφοὺς
1952 4887 2161 4950 αὐτοῦ,

579 4976 686 5034 zeal
731 4974 959 5045 ἔφαγον
1001 4973 1099 5027 zeal
1139 4973 1340 5036 ἔπιον,
1397 4969 1496 5025 zeal
1535 4970 1946 5039 ἐκοιμήθησαν
1976 4969 2047 5023 ἐν
2082 4969 2163 5036 τῷ

578 5058 729 5126 ὄρει.
750 5060 969 5113 Ἕθυσε
990 5055 1212 5113 θυσίαν
1230 5055 1301 5107 ἐν
1320 5051 1398 5119 τῷ
1418 5052 1573 5121 ὄρει·
1592 5050 1894 5125 ηὐχαρίστη
1903 5068 1982 5116 σε,
2005 5052 2159 5122 φησὶ,

576 5141 666 5211 *τῷ
697 5138 817 5211 θεῷ
845 5138 938 5192 ἐπὶ
969 5140 1082 5202 τοῖς
1107 5137 1357 5208 γεγονόσι
1376 5154 1388 5165 °
1422 5135 1531 5190 Kal
1557 5135 1805 5205 ἔφαγον,
1836 5134 1935 5188 καί
1966 5135 2160 5202 ἔπιον,

584 5222 688 5278 zeal
709 5222 1120 5292 ἐκοιμήθησαν
1151 5220 1221 5274 ὲν
1251 5218 1332 5285 τῷ
1361 5218 1503 5288 ὄρει.
1545 5217 1838 5283 Ἀναστὰς
1870 5216 1938 5271 δὲ
1962 5216 2164 5272 Λάϐαν-

576 5305 669 5372 τῷ
708 5306 859 5375 πρωῒ
879 5305 1260 5375 ,κατεφίλησε
1299 5301 1442 5369 τοὺς
1481 5299 1653 5370 υἱοὺς
1683 5300 1891 5365 αὐτοῦ,
1925 5299 2023 5354 zeal
2056 5298 2163 5368 τὰς

574 5390 915 5460 θυγατέρας
959 5387 1177 5452 αὐτοῦ,
1228 5385 1327 5441 zeal
1374 5386 1712 5455 εὐλόγησεν
1764 5384 2007 5451 αὐτούς.
2050 5383 2160 5438 Kal

577 5471 999 5542 ἀποστραφεὶς
1033 5470 1237 5526 Λάὄαν
1271 5467 1548 5539 ἀπῆλθεν
1582 5470 1670 5535 εὶς
1702 5466 1809 5522 τὸν
1839 5462 2009 5522 οἷκον
2052 5466 2160 5520 αὐ-

578 5557 713 5619 τοῦ.
758 5551 931 5619 Εἶδες,
961 5553 1233 5626 ἀγαπητὲ,
1270 5552 1410 5623 πόση
1440 5550 1533 5605 τοῦ
1563 5549 1699 5604 Θεοῦ
1745 5552 1779 5621 ὴ
1809 5548 1990 5619 σοφία,
2015 5549 2162 5611 ὃπως

582 5639 729 5699 κατὰ
754 5640 948 5695 ταύτὸν
985 5640 1079 5694 zeal
1107 5638 1205 5710 τὴν
1254 5637 1382 5708 περὶ
1413 5635 1504 5690 τὸν
1543 5635 1746 5689 δίκαιον
1782 5633 2036 5706 πρόνοιαν
2065 5633 2161 5686 ἐπ-

654 5755 679 5784 λ
702 5756 783 5807 Sic
803 5755 932 5806 bene
957 5757 1099 5809 Coisl.
1127 5754 1373 5809 Edcbalur
1393 5753 1600 5816 γένηται.
1627 5753 1756 5804 Enn.

1262 307 1321 365 S.
1354 306 1640 366 ιοιΝΝιε
1670 306 2162 367 CIIRYSOS'I'OII
2196 304 2514 364 ARCHIEP.
2553 304 3101 366 CONSTANTINOI’.

2278 427 2537 493 εδείξατο,
2560 424 2809 478 κάκεῖνον
2840 424 3113 494 ἀπέστησε
3135 422 3235 493 τῆς
3258 424 3379 475 κατ’
3410 422 3578 476 αὐτοῦ
3613 421 3860 490 ἀδικίας,

2279 509 2373 561 zeal
2392 509 2462 561 δι’
2482 502 2559 561 ὧν
2581 508 2733 578 αὐτῷ
2753 508 3103 579 παρεγγύησε
3128 506 3205 577 μὴ
3226 505 3456 575 λαλῆσαι
3474 507 3688 578 πονηρά
3713 513 3864 564 κατά

2277 587 2373 640 τοῦ
2402 586 2617 651 Ἰακὼϐ,
2640 589 2720 649 εἰς
2744 588 2842 659 τὴν
2865 589 2964 656 τῆς
2993 586 3320 654 θεογνωσίας
3339 584 3459 639 ὁδὸν
3480 586 3623 639 κατά
3657 589 3867 661 μικρὸν

2278 670 2442 723 αὐτὸν
2461 672 2717 740 ἔνήγαγε,
2736 670 2831 723 καὶ
2853 671 2882 723 6
2910 668 3165 739 καθάπερ
3191 668 3379 739 θηρίον
3400 668 3731 740 ἐπιτρέχων,
3764 675 3868 726 zeal

2279 753 2482 821 φθάσαι
2515 753 2836 824 βουλόμενος
2860 753 2956 806 καὶ
2986 751 3214 814 ἀνελεῖν,
3245 749 3732 822 ἀπολογησάμενος
3763 757 3866 809 zeal

2279 836 2654 907 καταφιλήσας
2683 837 2779 889 zeal
2812 835 2912 900 τάς
2942 834 3247 904 θυγατέρας
3285 832 3381 886 zeal
3406 834 3536 897 τοὺς
3568 835 3721 899 υἱοὺς
3756 837 3851 890 a6-

2277 918 2406 985 τῶν,
2429 919 2605 984 οὕτως
2628 920 2812 974 οῖκαδε
2835 918 3139 990 ὑπέστρεψε
3163 935 3181 985 ;
3203 916 3358 987 Τάχα
3384 919 3464 979 είς
3510 917 3646 971 πολῦ
3679 919 3865 990 μῆκος

2277 1008 2370 1061 τὸν
2400 1008 2558 1077 λόγον
2599 1007 2975 1077 ὲξετείναμεν,
3019 1005 3155 1060 ἀλλά
3202 1005 3302 1074 τῆς
3345 1005 3588 1076 ἱστορίας
3628 1008 3710 1071 είς
3755 1007 3863 1078 τὴν

2278 1092 2523 1163 ἀνάγκην
2546 1092 2694 1163 ἡμᾶς
2718 1091 2923 1161 ταύτην
2947 1089 3391 1159 καταστησάσης.

2347 1176 2547 1247 Διόπερ
2568 1174 2799 1229 ἐνταῦθα
2824 1176 3119 1245 στήσαντες
3145 1172 3235 1226 τόν
3265 1171 3444 1241 λόγον,
3478 1172 3655 1227 έκεῖνο
3677 1191 3863 1246 παρα-

2278 1260 2595 1331 καλέσωμεν
2620 1259 2649 1311 ὑ
2658 1258 2774 1330 μῶν
2790 1257 2890 1330 τὴν
2914 1258 3157 1327 ἀγάπην,
3177 1255 3319 1309 ὥστε
3353 1255 3533 1309 πάντα
3564 1259 3737 1309 ποιεῖν
3763 1259 3861 1312 zeal

2278 1341 2756 1415 πραγματεύεσθαι
2774 1382 2789 1405 ,
2824 1341 2912 1393 ἵνα
2938 1338 3037 1410 τὴν
3065 1337 3270 1393 ἀνωθεν
3308 1336 3518 1391 εὔνοιαν
3542 1338 3863 1392 ἐπισπαοώ-

2282 1425 2441 1496 μεθα.
2475 1424 2600 1478 Ἐἀν
2631 1423 2740 1495 γὰρ
2773 1423 2976 1477 ἐκεῖνον
3016 1422 3228 1492 ἔχωμεν
3259 1420 3483 1491 εὐμενῆ,
3519 1420 3697 1475 πάντα
3723 1424 3861 1492 ἡμῖν

2280 1508 2437 1578 ῥᾴδια
2471 1506 2620 1560 ἔσται
2653 1507 2746 1560 zeal
2768 1505 2983 1570 εὔκολα,
3012 1507 3108 1557 zeal
3148 1503 3300 1557 οὐδὲν
3342 1504 3489 1574 ἡμᾶς
3535 1501 3648 1556 τῶν
3694 1506 3754 1557 ὲν
3778 1504 3860 1574 τῷ

2277 1590 2507 1661 παρόντι
2541 1589 2641 1660 βίῳ
2674 1588 2915 1660 λυπῆσαι
2954 1587 3264 1658 δυνήσεται,
3293 1586 3397 1638 κάν
3439 1584 3683 1656 λυπηρὸν
3715 1581 3862 1639 εἶναι

2277 1671 2431 1743 δοκῇ.
2459 1671 2705 1742 Τοσαύτη
2735 1671 2843 1742 γὰρ
2871 1669 2973 1740 τῆς
3002 1668 3167 1723 αὑτοῦ
3193 1666 3475 1738 δυνάμεως
3493 1668 3527 1738 ἡ
3553 1668 3858 1739 ὑπερϐολὴ,

2276 1755 2354 1819 ch;
2382 1755 2476 1810 zeal
2502 1755 2641 1809 αὕτά
2668 1752 2739 1808 τά
2756 1752 2976 1825 λυπηρὰ
3006 1752 3087 1815 είς
3116 1752 3177 1805 τὸ
3205 1750 3443 1805 ἐναντίον
3478 1752 3858 1821 περιτρέπειν,

2275 1838 2406 1891 ὅταν
2452 1837 2729 1908 βούληται.
2769 1836 2925 1890 Οὕτω
2968 1835 3064 1891 zeal
3112 1833 3323 1898 Παῦλος
3381 1834 3441 1887 ὲν
3493 1830 3736 1902 θλίψεσιν
3777 1832 3860 1887 ὣν

2277 1920 2461 1992 ἔχαιρε
2498 1921 2593 1975 zeal
2628 1920 2895 1990 ἠγάλλετο
2922 1921 2990 1990 τῇ
3025 1917 3320 1990 προσδοκίᾳ
3340 1916 3447 1969 τῶν
3474 1916 3859 1987 ἀποκειμένων

2278 2005 2520 2077 ἀμοιεῶν
2539 2004 2924 2076 πτερούμενος.
2950 2003 3051 2057 Διά
3078 2000 3235 2055 τοῦτο
3257 2000 3348 2054 zeal
3372 2000 3403 2054 6
3423 1999 3714 2072 Προφήτης
3739 2000 3857 2054 ἔλε-

2277 2089 2514 2157 γεν,Ἐν
2530 2090 2731 2158 θλίψει
2753 2085 3096 2152 ἐπλάτυνάς
3117 2102 3241 2157 μοι,
3270 2083 3536 2137 διδάσκων
3565 2085 3735 2155 ἡμᾶς,
3770 2085 3855 2138 ὄτι

2278 2173 2337 2225 ὲν
2371 2174 2508 2243 αὐτῇ
2558 2175 2624 2243 τῇ
2666 2171 2842 2242 θλίψει
2881 2170 3219 2242 τυγχάνοντα
3258 2166 3442 2230 ἀδείας
3478 2165 3573 2219 zeal
3616 2166 3856 2230 ἀνέσεως

2277 2255 2439 2309 αὐτὸν
2466 2253 2755 2311 ἀπολαύειν
2787 2250 3194 2324 παρεσκεύαζεν
3220 2252 3250 2304 ό
3275 2249 3429 2313 Θεός.
3465 2248 3718 2304 Τοιοῦτον
3745 2250 3855 2303 τοίη

2277 2356 2372 2391 νυν
2400 2337 2611 2408 ἔχοντες
2632 2337 2929 2407 Δεσπότην,
2958 2334 3101 2389 οὕτω
3126 2333 3369 2398 δυνατὸν,
3403 2332 3578 2396 οὕτως
3608 2332 3853 2403 εὐμήχα-

2276 2437 2367 2475 νον
2409 2423 2502 2474 zeal
2539 2421 2719 2490 σοφὸν,
2760 2418 2904 2473 οὕτω
2945 2416 3342 2489 φιλάνθρωπον,
3389 2414 3458 2468 τά
3487 2416 3615 2486 παρ’
3645 2417 3856 2469 ἑαυτῶν

2275 2504 2639 2576 εἰσ-φέρωμεν,
2671 2504 2763 2556 zeal
2793 2506 2893 2574 τῆς
2919 2502 3122 2574 ἀρετῆς
3155 2500 3320 2554 πολὺν
3353 2499 3633 2571 ποιώμεθα
3673 2499 3854 2567 λόγον,

2277 2590 2368 2643 ίνα
2405 2589 2500 2642 zeal
2529 2587 2638 2642 τῶν
2670 2587 2904 2642 ἐνταῦθα
2923 2586 3017 2640 zeal
3033 2587 3143 2640 τῶν
3178 2586 3479 2656 μελλόντων
3507 2582 3856 2656 ἐπιτόχωμεν

2276 2673 2514 2742 ἀγαθῶν,
2552 2672 2733 2742 χάριτι
2774 2672 2869 2725 zeal
2909 2652 3289 2742 φιλανθρωπίᾳ
3321 2667 3416 2722 τοῦ
3450 2652 3856 2739 Κυρίουήήμῶν

2288 2755 2462 2826 Ἰησοῦ
2495 2753 2765 2827 Χριστοῦ,
2817 2754 2938 2825 μεθ’
2971 2748 3034 2809 οὗ
3078 2753 3155 2825 τῷ
3193 2754 3366 2825 Πατρὶ
3416 2754 3451 2823 ή
3495 2751 3623 2819 δόξα
3665 2752 3856 2805 καὶτὸ

2277 2839 2496 2910 κράτος,
2525 2839 2641 2909 ἅμα
2675 2836 2754 2909 τῷ
2780 2836 2921 2909 ἀγίῳ
2951 2837 3246 2908 Πνεύματι,
3268 2835 3365 2890 νῦν
3394 2837 3489 2890 zeal
3514 2835 3622 2900 ἀεὶ,
3650 2835 3743 2889 καὶ
3774 2836 3855 2899 είς

2277 2920 2403 2984 τοὺς
2424 2920 2625 2985 αίῶνας
2643 2920 2749 2976 τῶν
2775 2918 3005 2974 αἰώνων.
3041 2919 3234 2992 Ἀμήν.

2858 3106 3100 3165 οΜ1Λ1.ι
3136 3111 3266 3167 Νιιν.

2276 3277 2382 3333 Kal
2440 3277 2829 3350 draEJégz-ag
2852 3280 3051 3334 Ἰακὼϐ
3080 3274 3215 3350 ,εἶδε
3262 3280 3649 3350 παρεμϐολὴν
3702 3282 3852 3350 Θεοῦ
3958 3328 3967 3333 -

2345 3346 2901 3416 παρεμϐεϐληκυῖαν
2925 3389 2941 3412 ,
2993 3348 3094 3416 καί
3139 3346 3542 3416 συνήντησαν
3591 3346 3749 3411 αὐτῷ
3794 3354 3852 3405 ol

2344 3413 2585 3487 ἄγγελοι
2622 3413 2724 3472 τοῦ
2764 3418 2932 3473 Θεοῦ.
2961 3413 3110 3472 Eleae
3140 3418 3209 3472 δὲ
3236 3413 3452 3480 Ἰακὼϐ.
3477 3422 3658 3488 ἡνίκα
3688 3418 3852 3476 εἶδεν

2345 3489 2567 3554 αὐτούς
2586 3504 2600 3518 ο
2646 3488 2997 3558 Παρεμϐολὴ
3029 3488 3178 3543 Θεοῦ
3216 3489 3368 3556 αὕτη
3389 3507 3404 3521 ·
3454 3491 3553 3543 καὶ
3594 3490 3851 3545 ἐκάλεσε

2345 3558 2412 3611 τὸ
2440 3558 2628 3628 ὄνομα
2651 3559 2757 3614 τοῦ
2777 3561 2964 3614 τόπου
2992 3558 3250 3628 ἐκείνου,
3280 3562 3668 3631 Παρεμϐολαί.

2344 3735 2415 3791 α’.
2437 3733 2565 3790 Οἶδα
2586 3734 2668 3790 ὅτι
2690 3737 3005 3807 κεκμήκατε
3022 3734 3167 3806 χθὲς,
3186 3736 3266 3801 είς
3286 3737 3423 3791 πολὺ
3449 3739 3623 3810 μῆκος
3643 3738 3737 3795 τοῦ
3762 3740 3848 3794 λό-

2274 3835 2372 3886 γου
2406 3818 2756 3892 προελθόντος
2798 3820 2930 3889 ήμῖν
2944 3835 2958 3851 ·
3001 3817 3137 3873 ἀλλά
3169 3821 3263 3873 zeal
3302 3820 3555 3893 θαρσεῖτε
3570 3840 3586 3855 ⁸
3612 3823 3644 3876 6
3681 3823 3845 3886 κόπος

2275 3902 2429 3972 ὑμῶν
2454 3902 2556 3955 οὐκ
2572 3901 2685 3956 ἐστι
2702 3902 2876 3966 κενός·
2902 3902 2960 3954 ὲν
2977 3901 3166 3974 Κυρίῳ
3184 3903 3293 3974 γάρ
3320 3905 3438 3958 ἐστι
3457 3905 3758 3977 γινόμενος,
3778 3906 3848 3961 δι’

2273 3985 2333 4038 ὃν
2364 3984 2459 4039 zeal
2478 3985 2660 4055 δπρὸς
2694 3984 2868 4055 βραχὺ
2900 3985 3061 4048 πόνος
3082 3985 3332 4056 μεγάλων
3358 3986 3567 4056 μισθῶν
3591 3987 3848 4060 πρόξενος

2273 4067 2501 4135 γίνεται.
2529 4067 2592 4120 El
2618 4066 2726 4138 γάρ
2755 4067 2850 4119 zeal
2880 4066 2940 4120 τὸ
2969 4065 3130 4138 σῶμα
3157 4067 3450 4139 κέκμηκεν,
3486 4067 3604 4123 ἀλλ’
3634 4071 3668 4141 ή
3698 4070 3846 4144 ψυχὴ

2274 4150 2435 4203 πλέον
2464 4148 2786 4223 ὲῤῥώννυτο.
2823 4148 2915 4201 Διὸ
2942 4150 3036 4203 zeal
3087 4150 3249 4214 αὐτὸς
3289 4150 3430 4222 ὁρῶν
3472 4151 3627 4222 ὑμῶν
3657 4154 3848 4225 ἀκμά-

2274 4234 2435 4298 ζοντα
2470 4234 2562 4288 τὸν
2595 4233 2779 4296 πόθον,
2818 4234 2912 4287 καὶ
2942 4234 3042 4302 τὴν
3068 4234 3361 4304 ἐπιθυμίαν
3391 4234 3843 4309 διεγηγερμένην,

2275 4317 2596 4388 βουλόμενος
2624 4316 2900 4370 συστεῖλαι
2930 4315 3029 4387 τὴν
3057 4315 3438 4384 διδασκαλίαν,
3482 4318 3583 4372 οὐκ
3615 4319 3847 4393 ἡδουλή-

2274 4399 2373 4469 θην
2400 4399 2552 4471 Ιόθὶ]
2596 4398 2703 4470 πρὸ
2730 4398 2824 4453 τοῦ
2858 4398 3042 4462 τέλους
3099 4400 3177 4462 εἰς
3214 4399 3370 4471 σιγὴν
3409 4400 3708 4456 καταλῦσαι
3752 4404 3847 4458 τὸν

2272 4483 2452 4553 λόγον,
2503 4482 2659 4547 εἰδὼς
2686 4483 2765 4547 ὡς
2792 4481 2966 4556 ταύτῃ
3007 4481 3209 4551 μᾶλλον
3250 4484 3380 4553 ὑμῖν
3422 4483 3737 4555 χαριοῦμαι.
3773 4485 3847 4540 Τὸ

2271 4568 2381 4639 γὰρ
2436 4565 2640 4638 πλῆθος
2694 4566 2802 4619 τῶν
2845 4566 3152 4638 εἰρημένων
3196 4566 3431 4638 μάλιστα
3486 4569 3695 4624 ἐδείκνυ
3746 4570 3844 4640 τῆς

2274 4649 2546 4721 ὑμετέρας
2572 4649 2856 4719 φιληκοΐας
2882 4651 2982 4720 τὴν
3010 4649 3209 4722 πολλὴν
3236 4650 3469 4724 σπουδὴν
3492 4653 3586 4707 zeal
3606 4654 3697 4709 τὸν
3720 4653 3845 4708 ἀκό-

2275 4750 2466 4808 ρεστον
2508 4732 2705 4787 πόθονο
2740 4732 2831 4788 διὰ
2875 4733 3034 4787 τοῦτο
3077 4735 3173 4789 zeal
3204 4734 3367 4799 αὐτὸς
3413 4736 3552 4804 μετὰ
3601 4735 3846 4801 πλείονος

2273 4818 2579 4890 προθυμίας
2598 4817 2697 4887 τῆς
2724 4817 2860 4889 πρὸς
2883 4817 3029 4888 ὑμᾶς
3054 4816 3296 4888 ἀπτομαι
3317 4817 3683 4883 διδασκαλίας,
3703 4820 3845 4890 ὀρῶν

2273 4902 2426 4973 ὑμῶν
2447 4900 2570 4954 καθ’
2595 4900 2835 4972 ἑκάστην
2855 4900 3066 4972 ἡμέραν
3088 4901 3188 4971 τὴν
3214 4900 3392 4973 ὄρεξιν
3412 4901 3842 4974 ἐπιτεινομένην.

2271 4987 2407 5059 Φέρε
2441 4981 2538 5039 οὖν
2570 4984 2664 5038 καὶ
2697 4985 2935 5058 σήμερον
2965 4983 3038 5038 τά
3072 4983 3202 5055 ἑξῆς
3236 4984 3348 5039 τῶν
3380 4982 3505 5053 χθὲς
3541 4984 3846 5056 εἰρημένων

2272 5070 2415 5125 κατά
2439 5068 2667 5140 δύναμιν
2691 5067 3140 5138 ὲπελθόντες,τὴν
3173 5067 3376 5138 συνήθη
3401 5066 3646 5121 ἑστίασιν
3670 5084 3845 5140 παρα-

2272 5152 2454 5224 θῶμεν
2484 5150 2641 5222 ὑμῶν
2678 5154 2747 5222 τῇ
2787 5151 3008 5225 ἀγάπῃ,
3044 5150 3140 5204 zeal
3184 5149 3415 5220 ἴδωμεν,
3452 5149 3590 5220 μετά
3618 5149 3718 5222 τὴν
3751 5150 3843 5205 τοῦ

2271 5238 2457 5293 Λάσαν
2509 5234 2857 5308 ἀναχώρησιν
2900 5236 3046 5299 ὅπως
3090 5237 3120 5289 ό
3158 5235 3362 5298 δίκαιος
3406 5235 3507 5305 τῆς
3542 5235 3845 5307 ὁδοιπορίας

2272 5323 2522 5379 ἅπτεται.
2559 5321 2725 5376 Οὐδὲν
2764 5321 2874 5392 γὰρ
2920 5320 3088 5392 ἀργὸν
3119 5318 3228 5373 τῶν
3273 5321 3333 5374 ὲν
3370 5322 3436 5391 τῇ
3488 5318 3609 5391 θείᾳ
3655 5320 3841 5390 Γραφῇ

2272 5406 2541 5477 κειμένων
2567 5403 2737 5470 ἐστὶν,
2769 5402 2907 5458 ἀλλά
2934 5404 3114 5458 πάντα
3141 5405 3210 5457 τὰ
3241 5402 3345 5455 ὑπὸ
3374 5401 3485 5455 τῶν
3511 5401 3735 5456 δικαίων
3763 5418 3843 5470 γι-

2269 5490 2470 5561 νόμενα
2508 5488 2772 5560 μεγίστης
2807 5488 2967 5558 γέμει
3000 5490 3102 5559 τῆς
3141 5484 3431 5561 ὠφελείας,
3483 5486 3703 5559 Ἐπειδὴ
3737 5487 3843 5557 γὰρ

2269 5558 2361 5627 τὸν
2387 5571 2496 5626 τῶν
2524 5571 2662 5626 ὅλων
2698 5558 2973 5644 Δεσπότην
3009 5558 3154 5641 εἶχον
3186 5558 3448 5641 διηνεκῶς
3489 5570 3675 5632 αὐτοῖς
3703 5585 3842 5639 συμ-

2272 5655 2534 5726 παρόντα,
2570 5653 2663 5709 zeal
2688 5654 2815 5718 τοὺς
2843 5653 2982 5709 κατά
3019 5655 3116 5724 τὴν
3146 5652 3455 5723 ὁδοιπορίαν
3490 5652 3686 5716 πόνους
3726 5654 3841 5706 ἑπι-

2274 5737 2616 5807 κουφίζοντα,
2642 5738 2840 5809 πολλὴν
2873 5739 2963 5793 καὶ
3002 5738 3108 5792 ἀπὸ
3151 5737 3248 5809 τῆς
3277 5736 3443 5808 ψιλῆς
3483 5737 3660 5792 αὐτῶν
3703 5736 3840 5793 ὁδοι-
