4150 6206
435 281 541 338 505

436 400 595 465 uides,
648 412 760 451 mea
804 403 940 461 sunt,
990 404 1036 449 et
1077 394 1301 463 filiarum
1336 410 1606 448 mearum:
1635 394 1755 463 quid
1803 396 2018 464 [acorem

437 494 543 548 illis
567 491 735 556 hodie,
770 491 847 545 vel
862 489 1030 561 pueris
1052 489 1136 558 qui
1164 488 1225 541 ab
1246 487 1317 541 eis
1337 498 1450 540 sunt
1478 487 1584 540 nati
1605 486 1630 540 ?
1656 487 1798 550 Scio,
1829 485 2016 554 inquit,

435 585 581 658 quod
612 585 733 639 tilia:
754 598 886 638 meae
914 590 1057 648 sunt,
1084 590 1138 635 et
1163 580 1340 634 onmia
1369 592 1716 649 quaecumque
1745 578 1925 643 habes,
1954 593 2019 631 ex

437 676 733 734 substantia
766 688 881 728 mea
910 679 1269 727 accesserunt.
1305 669 1443 734 Quid
1480 669 1637 738 igitur
1678 672 1895 740 facerem
1919 668 2019 722 illis

439 771 607 837 hodie,
638 767 716 822 vel
741 767 911 838 pueris
936 765 1023 836 qui
1049 765 1111 819 ab
1135 764 1207 819 eis
1236 762 1379 817 nati?
1403 763 1493 817 Η.
1525 761 1679 816 Nunc
1703 762 1857 833 igitur
1885 762 2014 825 veni,

435 871 485 915 et
515 862 740 915 ineamus
767 858 933 929 [tedas
957 872 1049 928 ego
1078 864 1125 910 et
1144 864 1229 922 tu,
1256 864 1303 908 et
1328 854 1422 909 erit
1450 854 1502 907 in
1531 853 1862 908 testimonium
1888 854 2019 906 inter

435 968 516 1006 me
542 961 589 1006 et
629 958 693 1004 te.
721 949 903 1013 Pacta,
926 947 1117 1019 inquit,
1148 946 1423 1014 faciamus,
1458 944 1523 1000 Et
1542 956 1686 1000 erunt
1715 946 1766 999 in
1796 945 2017 1000 testimo-

434 1042 575 1096 nium
602 1043 733 1095 inter
765 1056 844 1096 me
871 1047 916 1095 et
945 1049 992 1092 te
1021 1053 1041 1093 :
1066 1038 1118 1094 in
1132 1037 1385 1108 judicium
1408 1045 1462 1093 et
1484 1036 2013 1092 demonstrationem.

433 1132 580 1186 Dixit
607 1140 783 1186 autem
810 1131 861 1186 ei
892 1148 907 1185 :
952 1129 1007 1186 Si
1044 1129 1163 1200 quis
1209 1127 1509 1198 transgredi
1536 1128 1874 1183 attentaverit
1898 1142 2017 1197 qua:

432 1239 576 1277 nunc
606 1239 636 1278 a
663 1222 815 1278 nobis
838 1229 962 1278 sunt
986 1221 1256 1293 proposita
1300 1239 1313 1275 :
1360 1219 1493 1277 Ecce
1532 1220 1706 1276 nullus
1732 1219 2012 1287 nobiscum,

433 1312 573 1369 Deus
597 1323 764 1368 autem
789 1313 927 1368 testis
952 1315 1081 1368 inter
1108 1328 1187 1366 me
1211 1321 1256 1366 et
1286 1322 1352 1367 te.

505 1403 557 1460 8.
599 1403 890 1459 Considera
932 1401 1199 1473 quomodo
1243 1400 1496 1471 paulatim
1536 1409 1587 1455 et
1614 1399 1793 1454 Laban
1823 1398 1888 1453 ad
1919 1413 2016 1453 co-

431 1496 722 1567 gnitionem
771 1495 866 1550 Dei
909 1494 1140 1550 ducitur.
1196 1492 1329 1547 Nam
1359 1493 1447 1561 qui
1473 1501 1595 1546 ante
1625 1490 1727 1546 hoc
1762 1492 2017 1561 arguebat

430 1591 625 1659 iustum
657 1591 723 1646 de
754 1591 894 1645 furto
922 1589 1145 1644 deorum
1176 1603 1414 1653 suorum,
1466 1597 1520 1643 et
1553 1596 1753 1641 tantam
1800 1596 2015 1657 propter

428 1698 524 1739 eos
550 1683 932 1738 scrutationem
969 1681 1216 1747 faciebat,
1267 1695 1407 1735 nunc
1439 1680 1644 1750 inquit:
1675 1679 1807 1747 Quia
1838 1679 2014 1733 nullus

428 1784 510 1831 est
555 1775 695 1829 inter
739 1788 858 1840 nos,
901 1773 990 1845 qui
1020 1772 1206 1843 possit,
1261 1772 1305 1827 si
1351 1771 1477 1842 quid
1518 1772 1738 1842 posthac
1763 1779 2012 1825 novatum

429 1865 609 1929 fuerit,
650 1865 801 1920 testis
827 1878 946 1919 esse
970 1862 1189 1920 fcederis
1217 1865 1408 1930 ποεῖς-ἰ,
1440 1863 1582 1919 Deus
1606 1862 1758 1920 testis
1780 1862 1848 1918 sit
1876 1862 2015 1917 inter

429 1973 518 2013 me
545 1966 600 2013 et
645 1967 713 2011 te.
762 1957 1084 2027 llle,inquit,
1120 1956 1293 2023 adest,
1320 1956 1408 2027 qui
1438 1955 1613 2010 omnia
1643 1955 1809 2022 videt,
1854 1969 2011 2025 quem

430 2050 559 2105 nihil
589 2052 756 2107 latere
782 2060 978 2123 potest,
1021 2052 1111 2122 qui
1141 2049 1553 2120 uniuscujusque
1580 2057 1811 2103 mentem
1846 2062 2010 2118 agno-

430 2143 547 2198 scit.
573 2144 662 2199 65.
713 2143 931 2199 Sumens
971 2152 1159 2210 autem,
1211 2143 1401 2212 inquit,
1446 2140 1608 2196 Jacob
1634 2141 1789 2195 erexit
1815 2140 2011 2193 colum.

430 2250 566 2298 nam,
614 2244 661 2288 et
699 2235 814 2306 fecit
840 2236 1017 2289 callent
1040 2236 1077 2300 ¹,
1111 2242 1157 2289 et
1183 2234 1505 2288 comederunt
1524 2248 1674 2302 super
1691 2231 1888 2285 collem.
1923 2230 2011 2284 l7.

430 2324 499 2378 Et
540 2325 668 2379 dixit
713 2326 757 2380 ei
797 2324 973 2379 Laban
1020 2341 1037 2379 :
1084 2324 1239 2380 Collis
1268 2325 1347 2379 hic
1376 2334 1586 2378 testatur
1620 2323 1748 2376 inter
1772 2338 1851 2374 me
1874 2333 1919 2375 et
1946 2331 2012 2375 te.

429 2416 564 2481 Quid
594 2425 694 2481 est,
733 2416 891 2473 Collis
917 2416 1040 2470 hic?
1091 2414 1146 2470 Id
1172 2425 1276 2481 est,
1327 2413 1498 2469 Verba
1531 2428 1649 2483 qua:
1675 2413 1805 2466 fiunt
1831 2411 1882 2465 in
1915 2410 2016 2465 hoc

428 2509 563 2562 colle
586 2508 839 2562 memoria
867 2516 1118 2577 perpetua
1147 2505 1300 2560 nobis
1330 2513 1503 2559 erunt.
1534 2502 1597 2556 Et
1619 2503 1809 2555 vocavit
1835 2518 2015 2554 nomen

432 2602 543 2665 eius
573 2600 687 2666 loci,
722 2600 879 2656 Collis
910 2599 1201 2652 testimonii.
1248 2595 1447 2651 Deinde
1473 2595 1643 2665 inquit
1676 2612 1689 2648 :
1722 2593 1811 2649 49.
1863 2593 2014 2662 Aspi~

430 2698 527 2751 ciat
563 2696 700 2751 Deus
742 2696 872 2749 inter
902 2709 981 2746 me
1015 2702 1063 2747 et
1095 2701 1160 2745 te.
1213 2690 1443 2745 Attende
1485 2686 1754 2758 quomodo
1804 2702 2012 2757 poenam

431 2789 619 2841 iterum
664 2801 692 2838 a
738 2786 848 2838 Deo
886 2784 1204 2852 deprecatur
1247 2781 1448 2836 Laban.
1503 2780 1767 2848 Aspiciat,
1824 2778 2011 2847 inquit,

432 2878 570 2930 Deus
593 2877 722 2929 inter
732 2890 814 2929 me
838 2886 882 2931 ct
902 2875 1033 2928 inter
1057 2884 1124 2939 te,
1149 2874 1266 2943 quia
1287 2872 1573 2927 secedemus
1600 2871 1728 2925 alter
1749 2869 1810 2922 ab
1830 2870 2011 2924 altero.

431 2968 603 3033 Nunc,
637 2968 826 3035 inquit,
876 2965 1264 3036 separabimur,
1296 2972 1350 3018 et
1377 2972 1429 3017 tu
1460 2962 1672 3032 quidem
1699 2961 1799 3018 ibis
1821 2963 1871 3015 in
1904 2970 2015 3016 ter-

430 3073 543 3113 ram
564 3057 849 3127 propriam,
870 3071 969 3128 ego
993 3064 1168 3111 autem
1195 3053 1378 3109 redibo
1400 3054 1452 3108 in
1473 3052 1687 3108 domum
1711 3067 1905 3107 meam.
1924 3051 2014 3106 50.

430 3149 493 3205 Si
519 3148 858 3203 Itumiliaveris
886 3148 1020 3217 ﬁlias
1046 3163 1203 3212 meas,
1232 3146 1277 3200 si
1301 3145 1553 3214 acceperis
1580 3158 1761 3199 uxores
1783 3143 1849 3195 ad
1880 3142 2016 3209 ﬁlias

430 3258 586 3305 meas,
636 3239 765 3303 vide,
813 3240 983 3296 nullus
1028 3238 1288 3292 nobiscum
1339 3247 1412 3292 est
1463 3237 1549 3307 qui
1604 3235 1805 3300 uideat;
1878 3233 2015 3288 Deus

430 3334 586 3389 testis.
632 3330 923 3388 Considera
971 3329 1241 3401 quomodo
1292 3329 1458 3385 semel
1509 3336 1561 3383 et
1614 3328 1806 3383 iterum
1854 3333 2015 3395 atque

430 3425 625 3494 stepius
678 3423 846 3478 Deum
900 3422 952 3476 in
1003 3430 1191 3477 testem
1236 3428 1410 3474 vocat.
1462 3417 1596 3485 Quia
1649 3415 2008 3487 providentia,

430 3530 588 3586 quam
645 3522 899 3583 expertus
967 3520 1083 3567 erat
1143 3509 1347 3575 Jacob,
1414 3509 1594 3564 docuit
1653 3522 1774 3563 eum
1842 3522 2011 3575 quan-

431 3614 482 3660 ta
523 3612 666 3659 esset
692 3603 897 3657 Domini
924 3600 1188 3672 potentia,
1219 3609 1274 3655 et
1299 3599 1439 3669 quod
1467 3596 1792 3668 impossibile
1820 3598 1891 3652 sit
1917 3596 2015 3650 ali-

430 3698 555 3769 quid
590 3698 857 3753 occultum
893 3710 1012 3751 esse
1039 3695 1193 3749 oculo
1219 3693 1307 3763 qui
1334 3692 1622 3747 dormitare
1646 3690 1848 3759 nequit.
1878 3688 2013 3742 Pro-

432 3798 613 3859 pterea
661 3786 831 3857 inquit
872 3802 886 3839 :
937 3782 1159 3838 Etiamsi
1201 3795 1541 3850 separemur,
1582 3778 1789 3833 etiamsi
1836 3776 2015 3831 nullus

430 3879 566 3934 alius
594 3877 733 3933 adsit
760 3876 852 3947 qui
882 3874 1148 3931 testificari
1181 3873 1380 3944 possit,
1409 3872 1497 3927 ille
1526 3872 1675 3926 testis
1699 3869 1800 3925 erit
1822 3868 2016 3939 ubique

430 3985 668 4041 praesens
701 3989 715 4025 :
748 3985 843 4039 per
868 3968 1073 4039 singula
1098 3967 1257 4021 verba
1286 3965 1442 4021 docet
1470 3964 1643 4034 ipsum
1673 3962 1833 4019 totius
1859 3969 2016 4016 terra:

431 4077 552 4118 esse
599 4061 895 4118 Dominum.
945 4061 1034 4115 5i.
1085 4059 1151 4113 Et
1194 4058 1321 4112 dixit
1360 4056 1521 4111 Jacob
1551 4072 1570 4110 :
1599 4054 1728 4109 Ecce
1764 4054 1907 4108 collis
1931 4053 2017 4107 ilfe

433 4164 659 4209 testatur.
702 4153 791 4210 52.
820 4153 1014 4208 Deinde
1040 4153 1222 4206 iterant
1251 4150 1426 4205 Laban
1450 4151 1608 4221 inquit
1636 4165 1655 4203 :
1687 4149 1747 4204 Si
1770 4149 1905 4203 enim
1926 4164 2016 4219 ego

432 4263 534 4300 non
576 4247 819 4300 transiero
860 4247 929 4299 ad
972 4256 1053 4311 te,
1098 4260 1255 4315 neque
1292 4252 1346 4297 tu
1383 4252 1609 4297 transeas
1635 4240 1703 4293 ad
1734 4257 1812 4294 me
1836 4239 2016 4295 collem

434 4337 566 4390 hunc
613 4344 658 4390 et
699 4336 981 4390 columnam
1026 4336 1156 4389 hanc
1198 4336 1251 4389 in
1295 4334 1490 4387 malitia
1518 4350 1532 4387 :
1560 4332 1649 4388 53.
1689 4330 1830 4385 Deus
1851 4330 2016 4385 Abra-

433 4430 550 4482 ham
571 4468 586 4492 ,
614 4437 659 4481 et
691 4426 826 4480 Deus
858 4427 1067 4480 Nae/tor
1076 4427 1271 4497 judicet
1296 4427 1426 4479 inter
1444 4440 1554 4478 nos.
1589 4423 1721 4477 Vide
1750 4420 2017 4491 quomodo

432 4535 555 4574 cum
599 4527 748 4586 patre
790 4527 843 4571 et
882 4533 1039 4570 avum
1086 4532 1238 4571 suum
1280 4516 1581 4586 conjunxit,
1610 4514 1699 4585 qui
1728 4512 1893 4568 frater
1915 4510 2018 4565 fuit

434 4607 785 4679 patriarchm,
834 4607 999 4675 ipsius
1038 4617 1214 4663 autem
1257 4623 1404 4661 avus.
1454 4607 1591 4661 Deus
1635 4605 1924 4668 Abraham,
1970 4611 2019 4656 et

435 4700 574 4756 Deus
622 4698 833 4753 Nae/tor
866 4698 1061 4767 judicet
1098 4698 1226 4751 inter
1267 4714 1378 4752 nos.
1406 4698 1495 4752 54.
1542 4695 1608 4749 Et
1634 4697 1827 4767 juravit
1853 4696 2014 4750 Jacob

436 4810 524 4863 per
559 4793 785 4845 timorem
813 4788 913 4843 Dei
939 4789 1096 4860 patris
1115 4790 1192 4841 sui
1219 4788 1398 4854 Isaac,
1427 4798 1473 4841 et
1500 4788 1799 4857 sacriﬁcavit
1821 4787 2020 4856 sacriﬁ-

437 4884 570 4935 cium
594 4884 645 4935 in
676 4891 845 4936 monte
868 4897 889 4934 :
918 4889 963 4934 et
988 4879 1177 4933 vocavit
1206 4881 1387 4949 fratres
1413 4895 1529 4933 suos
1560 4895 1579 4933 :
1606 4889 1653 4933 et
1672 4880 2014 4945 comederunt,

436 4985 483 5028 et
508 4976 734 5029 biberunt
753 5015 771 5041 ,
799 4984 844 5029 et
864 4973 1175 5028 dormierunt
1204 4973 1256 5027 in
1284 4983 1466 5026 monte.
1489 4972 1806 5043 Sacri/ienuit
1824 4973 2021 5041 sacriﬁ-

439 5066 571 5118 cium
607 5064 661 5118 in
689 5064 855 5118 ntoule
884 5079 903 5118 :
936 5063 1161 5135 gratias,
1196 5063 1394 5133 inquit,
1421 5063 1528 5132 egit
1565 5063 1672 5118 Deo
1702 5063 1771 5119 ob
1807 5078 1870 5119 ea
1899 5078 2019 5134 qua:

437 5155 780 5219 acciderant;
822 5154 889 5210 Et
927 5156 1286 5221 comederunt,
1334 5165 1381 5209 et
1421 5156 1675 5222 biberunt,
1716 5167 1763 5211 et
1805 5157 2022 5211 dormie-

441 5258 562 5301 runt
602 5248 657 5300 in
706 5257 890 5301 monte.
934 5248 1023 5303 55.
1069 5248 1302 5303 Surrexit
1342 5258 1509 5301 autem
1553 5246 1727 5301 Laban
1769 5264 1945 5314 mane,
1972 5258 2019 5301 et

440 5340 695 5393 osculatus
731 5350 804 5393 est
845 5340 979 5408 filios
1003 5357 1119 5395 suos
1144 5351 1190 5395 et
1219 5340 1354 5409 ﬁlias
1381 5357 1499 5395 suas
1518 5381 1534 5406 ,
1567 5349 1611 5394 et
1637 5339 1884 5394 benedixit
1913 5356 2016 5393 eos.

439 5427 509 5483 Et
547 5446 770 5485 reversus
805 5410 980 5485 Laban
1009 5434 1129 5486 abiit
1167 5434 1219 5487 in
1244 5434 1409 5489 locum
1433 5449 1598 5487 suum.
1636 5431 1858 5501 Vidisti,
1888 5431 2018 5487 dile-

507 5564 523 5594 ⁸
561 5568 615 5612 Et
638 5563 955 5629 fecitcollem.
995 5574 1104 5616 lucc
1136 5566 1354 5629 pluribus
1389 5572 1711 5619 narranturin
1735 5577 1872 5622 textu
1898 5577 2020 5625 Scri-

442 5628 614 5699 ptura},
634 5626 716 5672 ubi
740 5627 911 5699 dicitur
934 5630 1076 5676 Jaeob
1112 5626 1403 5699 [excepisse
1431 5630 1659 5699 fratribus
1695 5636 1797 5683 suis
1821 5644 1871 5685 ut
1899 5636 2021 5699 lapi-

446 5690 535 5737 des
552 5696 907 5746 coacervarent,
935 5702 1094 5752 exque
1122 5693 1177 5741 iis
1192 5690 1364 5741 collem
1381 5694 1705 5744 constituisse.

1428 230 1497 330 IN.
1522 274 1668 334 ear.
1695 274 1908 332 xxx".
1935 275 2178 334 GENES.
2223 280 2447 338 llOMlL.
2492 284 2670 341 Lvnt.

3594 302 3698 360 5")5

2128 404 2247 464 cte,
2290 409 2484 469 quanta
2535 401 2626 458 Dei
2674 402 2965 474 sapientia,
3013 412 3278 479 quomodo
3323 429 3428 468 uno
3472 415 3608 472 facto
3650 431 3701 474 ct

2125 502 2275 543 suam
2315 506 2437 560 erga
2473 492 2671 562 justum
2710 494 2997 552 declaravit
3031 501 3448 569 providentiam,
3471 514 3525 561 et
3553 507 3701 563 illum

2126 582 2194 637 ab
2233 583 2487 653 injustitia
2515 586 2764 653 abduxit,
2795 598 2849 645 et
2878 591 2930 645 in
2959 590 3151 647 divina:
3180 594 3376 650 notitia:
3403 598 3541 653 viam
3569 615 3703 668 pau-

2124 672 2272 727 latim
2300 674 2511 731 induxit
2540 676 2838 747 Labanum,
2869 681 3259 738 interminando
3279 686 3326 740 ei
3353 702 3420 741 ne
3438 688 3558 756 quid
3575 692 3700 745 mali

2124 774 2310 820 contra
2336 766 2504 823 Jaeob
2530 770 2863 840 loqueretur:
2883 781 2936 827 et
2961 774 3050 845 qui
3078 777 3227 845 quasi
3250 776 3360 831 fera
3391 781 3701 836 occurrebat

2122 865 2177 911 et
2204 861 2661 929 comprehendere
2692 872 2849 935 atque
2892 865 3190 923 interficere
3241 868 3484 937 volebat,
3509 870 3703 926 desinit

2124 952 2175 1005 in
2202 952 2570 1008 defensionem
2592 995 2608 1020 ,
2639 963 2694 1010 et
2723 956 2775 1010 in
2806 955 3036 1013 filiorum
3067 958 3397 1030 filiarumque
3424 960 3704 1016 deoscula-

2123 1044 2355 1111 tionem,
2399 1054 2454 1101 et
2493 1047 2571 1102 sic
2600 1046 2813 1103 domum
2843 1049 3018 1106 redit?
3055 1051 3215 1107 Forte
3243 1052 3498 1122 prolixius
3524 1067 3707 1107 sermo

2120 1151 2179 1190 se
2220 1135 2489 1201 extendit,
2535 1138 2629 1193 sed
2670 1139 2926 1210 ignoscite
2956 1159 2969 1195 :
2997 1157 3102 1197 non
3148 1143 3247 1198 hoc
3271 1153 3460 1213 sponte
3486 1144 3704 1199 admisi-

2120 1239 2241 1279 mus
2265 1266 2280 1289 ,
2316 1227 2409 1280 sed
2437 1227 2609 1297 coegit
2638 1244 2735 1283 nos
2759 1229 2992 1285 historia:
3021 1232 3174 1286 ratio.

2192 1316 2407 1373 Moralis
2445 1319 2743 1374 exhortatio.
2790 1352 2864 1361 --
2901 1323 3025 1377 Ideo
3070 1324 3154 1378 hic
3193 1325 3411 1380 missum
3442 1325 3703 1381 facientes-

2119 1421 2421 1465 sermonem
2450 1451 2464 1475 ,
2502 1425 2718 1466 oramus
2744 1422 2971 1469 vestram
2999 1415 3272 1470 caritatem
3293 1456 3309 1484 ,
3341 1426 3398 1472 ut
3422 1418 3596 1472 omnia
3626 1417 3702 1470 Γει-

2118 1499 2320 1556 ciamus
2358 1511 2411 1557 et
2454 1511 2769 1571 tractemus,
2816 1519 2923 1574 quo
2959 1521 3241 1575 supernam
3271 1507 3424 1562 nobis
3446 1507 3699 1562 concilie-

2120 1606 2236 1647 mus
2281 1591 2732 1648 benevolentiam.
2772 1593 2901 1648 Nam
2930 1594 2974 1650 si
3012 1596 3177 1651 Deum
3206 1596 3541 1651 habuerimus
3567 1597 3699 1650 ami-

2117 1697 2241 1737 cum
2263 1725 2277 1749 ,
2304 1685 2483 1739 omnia
2510 1685 2664 1740 nobis
2692 1685 2864 1740 facilia
2891 1695 3048 1742 erunt
3076 1704 3090 1741 :
3119 1696 3172 1743 et
3202 1686 3329 1741 nihil
3356 1703 3453 1741 nos
3480 1688 3530 1741 in
3563 1704 3697 1756 pra:-

2117 1773 2258 1827 seuti
2297 1773 2403 1828 vita
2447 1775 2765 1830 contristare
2808 1776 3038 1845 poterit,
3077 1777 3320 1847 quamvis
3350 1778 3694 1847 iujucnudum

2115 1877 2237 1918 esse
2263 1864 2523 1919 videatur.
2572 1864 2741 1920 Tanta
2770 1866 2912 1921 enim
2944 1867 3061 1937 ejus
3091 1867 3300 1923 virtutis
3323 1877 3407 1924 est
3432 1869 3698 1924 excellen-

2118 1956 2223 2019 tia,
2267 1966 2325 2011 ut
2371 1957 2531 2012 etiam
2574 1972 2635 2013 ea
2680 1974 2801 2028 qua:
2841 1960 3006 2014 tristia
3058 1970 3209 2026 sunt,
3249 1961 3481 2031 jucunda
3525 1961 3701 2017 facere

2115 2057 2295 2116 queat.
2318 2047 2407 2103 Sic
2428 2056 2482 2102 et
2508 2048 2703 2104 Paulus
2730 2049 2782 2104 in
2809 2049 3185 2106 afflictionibus
3213 2053 3475 2107 exsistens
3499 2052 3698 2122 gaude-

2116 2143 2207 2197 bat
2233 2152 2289 2197 et
2317 2142 2615 2197 exsultabat
2635 2145 3034 2212 exspectatione
3061 2145 3418 2213 repositorum
3440 2144 3698 2198 bonorum

2116 2234 2381 2288 animatus
2413 2234 2585 2305 (Rom.
2610 2234 2663 2290 5.
2695 2234 2749 2288 2.
2775 2235 2849 2295 ὅ).
2883 2235 3166 2305 Propterea
3193 2245 3247 2289 ct
3274 2235 3529 2304 prOpheta
3553 2235 3701 2290 dice-

2124 2324 2213 2378 bat
2246 2341 2258 2375 :
2293 2322 2359 2376 In
2385 2324 2649 2394 afﬂictione
2676 2323 2899 2379 dilatain
2929 2326 3051 2378 milii
3092 2324 3262 2395 (Psal.
3295 2326 3346 2379 4.
3375 2325 3434 2395 2)
3463 2342 3476 2377 :
3501 2324 3701 2379 docens

2118 2429 2217 2469 nos
2241 2453 2256 2477 ,
2294 2413 2459 2468 Deum
2491 2429 2548 2468 se
2571 2415 2622 2468 in
2657 2414 2769 2484 ipsa
2801 2414 3090 2471 afflictione
3116 2415 3342 2471 liberum
3372 2425 3427 2471 et
3447 2417 3701 2486 tranquil.

2118 2505 2228 2559 lum
2275 2504 2644 2561 constituisse.
2693 2505 2874 2560 Talem
2908 2506 3066 2576 igitur
3094 2507 3351 2562 habentes
3382 2506 3663 2562 Dominum
3685 2546 3703 2571 ,

2119 2606 2223 2650 tam
2263 2604 2570 2666 potentem,
2613 2605 2719 2651 tam
2760 2598 3097 2667 sapientem,
3148 2606 3360 2668 tamque
3397 2599 3700 2653 misericor-

2116 2687 2269 2756 dem,
2315 2688 2458 2759 quod
2502 2700 2742 2745 nostrum
2784 2699 2865 2744 cst
2901 2689 3218 2755 afferamus,
3248 2690 3563 2760 virtutisque
3588 2706 3700 2743 ma-

2119 2797 2276 2852 gnam
2308 2782 2601 2837 habeamus
2629 2783 2888 2837 rationem
2911 2825 2926 2849 ,
2960 2792 3015 2836 ut
3045 2798 3151 2837 non
3180 2784 3352 2838 solum
3382 2783 3659 2852 prmsentia
3684 2824 3700 2845 ,

2117 2873 2213 2929 sed
2253 2883 2308 2928 et
2344 2872 2517 2927 futura
2560 2874 2697 2929 bona
2736 2889 3154 2944 consequamur,
3182 2876 3349 2947 gratia
3379 2885 3432 2930 et
3457 2875 3700 2945 benigni-

2119 2972 2226 3018 tate
2253 2964 2458 3018 Domini
2488 2964 2654 3018 nostri
2683 2964 2808 3020 Jesu
2835 2965 3064 3031 Christi,
3091 2982 3211 3021 cum
3240 2980 3347 3036 quo
3373 2965 3514 3021 Patri
3542 2965 3698 3019 simul

2116 3064 2173 3111 et
2218 3055 2437 3126 Spiritui
2486 3067 2670 3112 sancto
2712 3059 2782 3112 sit
2826 3059 3029 3129 gloria,
3079 3057 3360 3127 imperium
3395 3099 3411 3127 ,
3456 3072 3597 3113 nunc
3644 3066 3700 3112 et

2116 3162 2360 3218 semper,
2394 3157 2448 3204 ct
2471 3149 2525 3204 in
2555 3150 2748 3205 sarcula
2775 3150 3110 3204 smculorum.
3134 3149 3330 3205 Amen.

2664 3283 2942 3341 IIOMILIA
2982 3284 3161 3341 LVIII.

2121 3421 2181 3477 Et
2204 3424 2406 3478 eleuatis
2434 3422 2593 3478 oculis
2616 3421 2775 3476 Iacob
2804 3421 2928 3475 vidit
2962 3431 3128 3476 castra
3172 3421 3263 3477 Dei
3288 3432 3469 3476 metata
3492 3464 3506 3487 ,
3530 3432 3577 3477 et
3605 3439 3692 3476 oc-

2183 3524 2445 3570 currerunt
2482 3515 2529 3569 ei
2557 3515 2723 3585 angeli
2745 3512 2876 3579 Dei;
2909 3530 3031 3583 quos
3049 3531 3163 3568 cum
3182 3514 3382 3568 uidisset
3405 3556 3421 3581 ,
3454 3514 3579 3567 dixit
3605 3513 3701 3567 Ja-

2186 3608 2277 3662 cob
2320 3624 2340 3662 :
2383 3607 2561 3661 Castra
2591 3606 2681 3660 Dei
2709 3614 2827 3661 sunt
2853 3608 2960 3660 lucc
2979 3647 2995 3669 ,
3025 3616 3072 3659 et
3094 3607 3365 3676 appellavit
3394 3623 3571 3659 nomen
3598 3606 3695 3659 loci

2186 3698 2323 3752 illius
2342 3740 2357 3764 ,
2384 3698 2562 3752 Castra
2591 3697 2741 3768 (Gen.
2770 3696 2856 3752 52.
2890 3696 3052 3767 ίρΞ).

2188 3855 2239 3909 1.
2259 3850 2381 3908 Scio
2406 3866 2501 3906 vos
2522 3849 2639 3905 heri
2663 3848 2978 3920 defatigatos
3002 3848 3188 3915 fuisse,
3220 3849 3373 3904 nobis
3399 3865 3705 3907 sermonem

2120 3945 2377 4014 prolixius
2401 3939 2810 3997 ostendentibus
2839 3956 2853 3993 :
2884 3939 2982 3994 sed
3008 3938 3151 3993 bono
3178 3949 3350 3994 estote
3369 3940 3547 3994 animo
3571 3958 3585 4006 ;
3619 3942 3700 3995 la-

2120 4036 2218 4092 bor
2260 4044 2440 4091 vester
2488 4049 2593 4088 non
2639 4042 2721 4087 est
2766 4031 2938 4087 inanis
2968 4049 2981 4086 :
3016 4032 3068 4086 iu
3100 4031 3328 4086 Domino
3354 4032 3498 4087 enim
3530 4033 3698 4088 factus

2119 4137 2231 4193 est,
2263 4137 2480 4198 propter
2502 4142 2659 4197 quem
2686 4133 2741 4182 et
2764 4124 2937 4179 brevis
2963 4124 3110 4179 labor
3130 4140 3374 4195 magnam
3398 4126 3701 4181 mercedem

2118 4221 2271 4277 vobis
2312 4220 2567 4274 allaturus
2614 4228 2714 4273 est.
2765 4216 2899 4271 Nam
2944 4217 3066 4271 licet
3112 4233 3306 4287 corpus
3347 4217 3657 4288 fatigaretur
3684 4262 3699 4282 ,

2118 4314 2296 4369 anima
2343 4322 2519 4367 tamen
2566 4312 2734 4382 magis
2770 4309 3201 4365 confirmabatur.
3246 4312 3369 4366 Ideo
3399 4322 3452 4366 et
3480 4313 3592 4381 ipse
3618 4314 3697 4367 vi-

2119 4404 2252 4459 dens
2289 4413 2523 4460 vestrum
2568 4403 2778 4459 fervens
2819 4400 3141 4456 desiderium
3179 4411 3230 4457 et
3262 4402 3530 4470 studium,
3555 4404 3697 4458 vole-

2119 4494 2240 4551 bam
2268 4494 2585 4551 contrahere
2613 4492 2869 4549 doctrina:
2902 4508 3242 4557 sermnncm;
3280 4494 3372 4548 sed
3416 4501 3701 4563 antequam

2121 4587 2366 4643 finiretur
2410 4587 2664 4653 historia,
2718 4586 2899 4652 nolui,
2940 4586 3115 4641 sciens
3161 4602 3247 4641 me
3288 4586 3442 4640 vobis
3482 4586 3581 4642 hac
3615 4603 3697 4640 ra-

2123 4682 2268 4737 tione
2307 4681 2475 4753 magis
2500 4681 2934 4751 gratificaturum.
2964 4679 3241 4735 Multitudo
3266 4680 3409 4735 enim
3435 4679 3699 4735 dictorum

2122 4773 2251 4828 satis
2289 4772 2597 4828 declarabat
2638 4771 2963 4841 inexplebile
3004 4781 3237 4828 vestrum
3286 4770 3606 4827 desiderium
3646 4778 3701 4823 et

2122 4865 2354 4921 studium
2396 4864 2644 4920 audiendi
2689 4865 2899 4919 avidum
2950 4881 2964 4919 :
3015 4874 3292 4935 propterea
3335 4872 3389 4918 et
3432 4864 3544 4930 ipse
3580 4876 3703 4916 cum

2123 4956 2313 5026 majori
2355 4955 2629 5010 alacritate
2659 4971 2753 5011 vos
2779 4957 2975 5012 docere
3002 4957 3223 5025 incipio,
3256 4955 3441 5009 videns
3468 4965 3712 5013 vestram

2124 5048 2362 5119 quotidie
2388 5048 2748 5117 appetentiam
2772 5063 3035 5103 crescere.
3065 5050 3176 5117 Age
3207 5055 3261 5100 et
3291 5045 3446 5099 hodie
3473 5059 3591 5113 qua:
3622 5059 3709 5098 se-

2124 5148 2357 5211 quuntur
2396 5138 2698 5194 hesternam
2745 5140 3027 5195 lectionem
3070 5152 3166 5208 pro
3194 5137 3327 5190 virili
3370 5144 3549 5190 nostra
3582 5151 3706 5206 per-

2127 5242 2418 5287 tractemus
2434 5273 2450 5299 ,
2480 5242 2793 5286 consuetum
2814 5242 3004 5286 vestra:
3024 5228 3231 5283 caritati
3250 5227 3551 5283 convivium
3582 5242 3709 5297 pru—

2128 5335 2390 5393 ponentcs
2413 5364 2428 5389 ,
2478 5331 2533 5377 et
2558 5322 2860 5388 videamus,
2894 5330 3014 5390 post
3041 5320 3331 5374 discessum
3363 5320 3541 5375 Laban
3571 5336 3705 5389 quo-

2128 5414 2286 5469 modo
2320 5414 2496 5484 justus
2524 5415 2625 5467 iter
2651 5413 2885 5482 arripiat.
2917 5412 3057 5467 Nihil
3087 5412 3227 5467 enim
3257 5427 3708 5482 supervacaneum

2127 5509 2179 5563 in
2219 5509 2399 5563 divina
2445 5508 2715 5576 Scriptura
2755 5508 2982 5577 positum
3029 5515 3148 5573 est,
3194 5506 3290 5562 sed
3329 5509 3507 5561 omnia
3533 5522 3648 5576 qua:
3680 5520 3719 5560 τι

2123 5599 2280 5669 justis
2325 5599 2496 5665 ﬁunt,
2536 5599 2763 5652 maxima
2805 5599 3030 5652 utilitate
3076 5599 3233 5667 plena
3274 5608 3421 5654 sunt.
3448 5598 3726 5666 Quoniam.

2131 5691 2271 5745 enim
2307 5690 2673 5747 universorum
2709 5690 2985 5744 Dominum
3013 5693 3264 5745 continuo
3287 5689 3586 5749 habuerunt
3614 5704 3708 5746 eoo
