4150 6206
541 306 641 360 507

534 423 756 492 mitem,
801 435 856 481 et
898 427 1104 483 itineris
1145 429 1486 488 difficultates
1531 437 1842 496 reddentem
1893 445 2114 512 faciles,

530 513 756 568 multum
799 517 958 570 etiam
997 533 1096 573 nos
1133 521 1373 577 utilitatis
1414 541 1484 582 ex
1526 544 1691 597 parvo
1716 549 1901 590 eorum
1929 540 2118 598 itinere

531 615 812 665 pessumus
839 606 1132 674 percipere.
1155 607 1285 662 Nam
1312 624 1590 685 postquam
1615 619 1794 678 Laban
1823 626 1874 680 in
1897 628 2112 686 domum

527 703 680 741 suam
710 691 871 755 abiit,
907 693 960 748 l.
990 693 1053 746 Et
1072 695 1231 751 Iacob
1261 701 1392 756 viam
1417 722 1563 761 suam
1600 716 1852 783 perrexit,
1880 727 1928 772 et
1948 720 2112 774 eleva-

527 778 590 829 tis
612 780 772 834 oculis
800 782 920 835 vidit
947 796 1111 840 castra
1138 788 1235 844 Dei
1259 805 1627 855 castrametata
1660 819 1764 861 esse
1785 847 1800 871 ,
1819 817 1866 862 et
1883 827 2109 868 occurre-

525 878 644 921 runt
683 871 732 923 ei
763 873 930 944 angeli
971 877 1065 932 Dei
1095 881 1282 953 (Caput
1307 887 1420 957 52).
1445 891 1729 964 Postquam
1760 901 1906 957 enim
1930 919 2108 960 cessa-

524 957 636 1022 vit,
676 968 730 1013 et
775 961 934 1020 finem
984 967 1169 1026 habuit
1213 975 1372 1032 timor
1395 957 1634 1052 Labaui,
1663 991 1874 1060 excepit
1895 1007 2014 1049 eum
2043 997 2108 1051 ti-

524 1064 642 1102 mor
673 1049 856 1110 fratris
895 1076 908 1112 :
953 1077 1172 1133 pr0pter
1200 1066 1302 1124 hoc
1325 1072 1562 1132 clemens
1587 1078 1843 1140 Dominus
1867 1088 2106 1148 animare

521 1141 718 1206 justum
744 1148 929 1204 volens
947 1193 962 1215 ,
996 1162 1051 1207 et
1069 1172 1280 1214 onmem
1301 1162 1417 1230 ejus
1442 1177 1641 1224 metum
1660 1172 1952 1244 discutere,
1983 1180 2106 1238 fecit

521 1240 577 1283 nt
603 1235 912 1302 angelorum
932 1243 1136 1300 videret
1161 1259 1353 1306 castra.
1386 1253 1722 1317 Occurrerunt
1736 1267 1886 1331 enim,
1911 1269 2099 1341 inquit,

519 1321 564 1373 ei
586 1327 755 1394 angeli
773 1327 889 1383 Dei.
915 1331 969 1385 9...
996 1334 1061 1388 Et
1081 1337 1210 1393 dixit
1227 1341 1409 1413 Iacob,
1433 1360 1602 1406 castra
1620 1352 1721 1410 Dei
1737 1369 1855 1413 sunt
2030 1321 2100 1420 Ei

518 1416 708 1468 vocavit
737 1433 916 1475 nomen
941 1424 1040 1479 loci
1065 1429 1204 1500 (jus,
1239 1431 1416 1490 Castra
1437 1455 1458 1492 :
1484 1451 1541 1494 ut
1564 1458 1628 1497 ex
1659 1461 1721 1501 ea
1747 1451 2100 1518 appellatione

524 1516 776 1572 perpetua
805 1527 1047 1571 maneret
1070 1525 1323 1580 memoria
1344 1528 1564 1588 visionis
1590 1551 1708 1604 quae
1729 1539 1839 1596 illic
1858 1543 1906 1597 ei
1929 1548 2100 1601 conti-

516 1606 687 1663 gerat.
719 1599 918 1658 Deinde
935 1618 1052 1675 post
1067 1612 1322 1670 visionem
1346 1619 1501 1686 hanc,
1521 1626 1574 1680 5.
1599 1599 1760 1696 blisit,
1781 1632 2098 1704 inquit,antc

513 1700 568 1737 se
595 1691 795 1744 nuntios
821 1695 891 1746 ad
929 1696 1067 1753 Esau
1094 1701 1303 1769 fratrem
1328 1726 1493 1780 suum,
1522 1725 1569 1769 et
1593 1721 1847 1777 mandavit
1885 1727 1956 1780 eis
1975 1769 1992 1796 ,
2011 1716 2094 1782 di?

513 1780 744 1834 ccns:Sic
758 1782 933 1840 dicetis
952 1789 1154 1846 domino
1181 1812 1290 1852 meo
1312 1798 1612 1862 Esau.Vide
1629 1818 1815 1878 etpost
1835 1815 2091 1875 visionem

509 1880 742 1935 quantus
768 1875 946 1933 adhuc
974 1881 1132 1937 timor
1163 1888 1381 1956 urgebat
1401 1891 1621 1961 justum.
1663 1875 1906 1959 Timebat
1945 1908 2088 1964 enim

509 1956 690 2014 fratris
715 1964 1038 2038 violentiam,
1068 1981 1122 2028 et
1153 1979 1446 2047 angebatur
1476 1986 1678 2056 animo,
1719 2007 1788 2048 ne
1813 1993 1947 2052 forte
1971 2015 2088 2056 me-

507 2050 675 2104 moria
697 2067 880 2112 eorum
907 2075 1025 2129 quae
1052 2065 1178 2121 olim
1205 2067 1341 2126 facta
1367 2084 1490 2130 sunt
1516 2077 1819 2150 impelleret
1844 2088 1990 2145 illum
2019 2093 2086 2148 ad

505 2135 744 2197 insidias.
793 2147 847 2200 t.
877 2148 1060 2218 Dicite,
1093 2155 1281 2228 inquii,
1313 2163 1516 2221 domino
1542 2135 1822 2230 maias
1844 2135 1990 2234 155.3;
2002 2135 2085 2238 di:

502 2230 570 2281 cit
617 2247 787 2290 servus
821 2247 936 2295 tuus
962 2242 1121 2300 Iacob
1161 2266 1180 2303 :
1211 2249 1518 2324 Peregrinus
1547 2260 1624 2330 fui
1654 2280 1769 2320 cum
1811 2267 2009 2339 Laban,
2037 2285 2086 2330 et

499 2320 653 2392 longo
693 2335 914 2399 tempore
956 2335 1024 2389 ibi
1050 2350 1275 2396 moratus
1301 2320 1412 2399 sum
1441 2364 1596 2419 usque
1621 2369 1773 2423 nunc,
1805 2358 1859 2414 5.
1890 2370 1937 2414 et
1964 2378 2085 2419 con-

495 2596 660 2649 veniat
683 2616 809 2667 puer
834 2613 948 2660 tuus
983 2611 1202 2678 gratiam
1231 2632 1400 2671 coram
1427 2631 1495 2675 te.
1546 2624 1774 2684 Attende
1809 2638 2077 2701 quomodo

501 2683 688 2740 timeat
723 2689 939 2749 fratrem
970 2712 985 2750 :
1016 2707 1070 2753 et
1119 2714 1394 2774 propterea
1446 2711 1658 2781 placare
1706 2733 1827 2775 eum
1866 2726 2072 2798 volens,

496 2777 784 2841 praemittat
807 2783 1109 2853 significans
1134 2794 1183 2848 ei
1213 2805 1268 2851 et
1300 2777 1526 2858 reditum
1556 2821 1709 2864 suum
1737 2821 1792 2868 et
1815 2777 2066 2876 substan:

493 2862 617 2916 tiam
635 2881 752 2936 qua:
781 2871 882 2928 sibi
909 2880 1223 2952 contigerat,
1251 2898 1306 2943 et
1335 2891 1424 2946 ubi
1452 2904 1597 2951 tanto
1626 2909 1865 2972 tempore
1888 2923 2070 2966 mora-

491 2963 577 3008 tus
607 2956 784 3027 fuerit,
817 2973 874 3018 ut
897 2967 1108 3034 placato
1130 2976 1245 3042 ejus
1271 2977 1451 3038 furore
1488 2956 1812 3050 clementem
1842 2997 2068 3058 reddere

481 3415 648 3483 magis
674 3417 887 3476 fratrem
915 3431 1324 3490 mansuetiorem
1354 3415 1478 3508 erga
1493 3440 1695 3510 justum
1727 3415 2054 3512 reddidit.ii:

486 3503 685 3562 Ιίνιιεηὶ
705 3521 821 3565 sunt
840 3525 1031 3584 autem,
1057 3519 1244 3591 inquit,
1277 3503 1495 3583 dicentes
1515 3548 1534 3585 :
1569 3532 1804 3592 Venimus
1844 3543 1914 3595 ad
1933 3544 2051 3610 fra-

482 3603 610 3647 trem
629 3607 790 3666 tuum,
817 3612 865 3655 et
903 3606 1033 3660 venit
1067 3609 1118 3662 in
1156 3627 1416 3670 occursum
1435 3627 1595 3689 tuum,
1621 3634 1668 3679 et
1702 3629 2052 3706 quadringenti

477 3686 568 3738 i-iri
591 3704 705 3742 cum
724 3707 800 3744 eo.
823 3693 954 3750 Vide
968 3703 1234 3769 quomodo
1249 3717 1301 3761 et
1326 3708 1465 3766 istud
1487 3686 1656 3784 ipsum
1675 3686 1831 3792 auget

471 3777 620 3842 justi.
651 3780 834 3852 Neque
877 3789 1018 3844 enim
1045 3795 1247 3852 sciebat
1265 3777 1540 3861 evidenter
1559 3777 1793 3869 mentem
1820 3815 2000 3877 fratris
2028 3841 2042 3879 :

468 3869 560 3922 sed
580 3880 631 3925 ut
652 3871 834 3932 didicit
856 3882 1241 3944 multitudinem
1259 3895 1580 3953 venientium
1597 3916 1717 3958 cum
1735 3906 1843 3975 illo,
1863 3909 2044 3968 formi-

467 3959 630 4025 davit,
659 3968 933 4036 suspicans
958 3990 1026 4031 ne
1046 3983 1194 4049 quasi
1220 3983 1272 4038 in
1293 3984 1491 4044 bellum
1515 4005 1699 4052 coatra
1724 4012 1783 4054 se
1811 4004 2036 4074 veniret,

1692 4051 1697 4052 κ
1734 4051 1777 4054 η
1824 4051 2034 4074 «mm.

469 4059 525 4104 et
553 4051 620 4106 ita
649 4056 809 4113 vellet
830 4074 1132 4122 occurrere.
1160 4071 1212 4124 7.
1242 4071 1429 4132 Timuit
1458 4082 1621 4150 enim,
1646 4085 1834 4158 inquit,
1855 4091 2034 4165 Iacob,

461 4148 512 4191 et
538 4145 804 4212 perplexas
841 4162 966 4206 erat.
1011 4155 1259 4215 Formido
1288 4176 1519 4224 mentem
1555 4145 1672 4241 ejus
1705 4145 2034 4254 turbaverat:

461 4242 516 4285 et
565 4238 837 4296 nesciebat
887 4247 1013 4314 quid
1068 4251 1284 4323 faceret,
1329 4261 1422 4315 sed
1465 4238 1658 4322 mansit
1697 4274 2029 4343 pcrplexus:

460 4335 740 4394 propterea
781 4332 954 4391 timuit
981 4343 1133 4408 quasi
1162 4343 1230 4400 de
1250 4348 1419 4406 salute
1449 4369 1564 4423 sua,
1596 4368 1650 4413 et
1663 4332 1886 4420 mortem
1909 4379 2032 4427 ante

456 4418 641 4473 oculos
690 4421 912 4482 habens.
947 4428 1124 4487 Diuisit
1148 4448 1316 4491 autem
1355 4441 1407 4494 in
1443 4445 1570 4499 duas
1603 4459 1794 4508 turmas
1830 4472 2028 4515 omnem

456 4507 702 4574 populum
723 4515 814 4584 qui
849 4533 1017 4572 secum
1061 4535 1188 4578 erat.
1214 4527 1266 4580 8.
1292 4528 1432 4584 Dixit
1455 4536 1608 4602 enim,
1647 4540 1709 4593 Si
1747 4507 1934 4600 venerit
1956 4550 2026 4604 ad

451 4601 486 4644 ti
510 4613 674 4652 rutam
704 4618 878 4674 unam,
919 4620 967 4664 et
1007 4619 1308 4682 percusserit
1351 4639 1484 4692 eam,
1525 4629 1621 4682 erit
1650 4633 1816 4688 adhuc
1840 4639 2020 4710 altera,

448 4703 562 4754 quae
588 4692 880 4752 saluabitur.
911 4700 1055 4757 Talia
1084 4711 1433 4778 suggerebant
1467 4716 1515 4770 ei
1549 4717 1708 4775 timor
1747 4732 1802 4779 et
1829 4692 2018 4800 magni;

449 4777 692 4836 formido.
727 4783 926 4844 Videns
955 4802 1131 4850 autem
1160 4777 1218 4853 se
1259 4805 1407 4871 quasi
1448 4805 1501 4860 in
1535 4810 1633 4863 reti
1663 4777 2017 4886 compreth-

445 4880 584 4935 sum,
611 4872 678 4926 ad
707 4875 958 4934 invictum
990 4881 1267 4944 Dominum
1280 4893 1531 4965 confugit,
1563 4906 1617 4954 et
1641 4872 2016 4970 promissiones

444 4975 563 5027 qua:
587 4964 634 5018 ei
663 4964 814 5023 facta;
857 4983 1009 5029 erant
1029 4981 1217 5046 repetit
1243 4982 1313 5039 ab
1344 4964 1578 5046 omnium
1605 4964 1730 5063 Deo,
1768 5002 1915 5068 quasi

442 5064 571 5105 cens
610 5054 678 5109 ad
726 5073 847 5115 eum
881 5079 898 5117 :
934 5063 1085 5121 Nunc
1111 5072 1256 5125 venit
1280 5081 1486 5145 tempus
1518 5081 1570 5135 in
1586 5098 1692 5152 quo
1715 5054 2012 5162 et'propter

1390 5142 1404 5145 -
1603 5142 1618 5152 .
1797 5142 1816 5158 π
1835 5142 1844 5145 ~
1866 5142 2000 5162 τη-

449 5142 915 5214 primogenitorum
948 5155 1193 5214 virtutem
1222 5203 1238 5228 ,
1269 5174 1323 5219 et
1359 5177 1575 5237 propter
1603 5179 2007 5242 promissionem

437 5247 556 5298 qua:
583 5249 614 5288 a
643 5243 694 5290 te
724 5240 857 5296 facta
887 5254 969 5300 est
1002 5249 1154 5318 milii,
1183 5252 1372 5324 dignus
1404 5240 1712 5336 liabearﬁqui
1742 5279 1831 5326 tuo
1857 5275 2008 5344 adju-

439 5336 533 5374 vcr
574 5327 840 5390 praesidio.
872 5333 929 5390 9.
974 5336 1117 5394 Dixit
1150 5345 1292 5400 enim
1317 5347 1477 5407 Iacob
1505 5371 1523 5408 :
1555 5327 1690 5412 Deus
1717 5365 1874 5428 patris
1908 5327 2005 5423 mei

434 5411 709 5486 Abraham,
735 5429 780 5474 et
813 5421 953 5482 Deus
985 5433 1146 5495 patris
1171 5437 1268 5490 mei
1290 5437 1458 5507 Isaac,
1479 5456 1533 5498 tu
1551 5450 1639 5514 qui
1655 5411 1830 5508 digisti
1855 5459 1997 5528 mihi,

443 5498 577 5528 ι·,..;-
613 5507 660 5528 ἕ--
711 5521 724 5528 -
1023 5521 1035 5528 ·
1071 5522 1082 5528 ⁸
1164 5525 1174 5528 “

1448 5498 1458 5507 ,
1561 5498 1634 5514 ν,
1657 5498 1824 5508 ---_.--.
1855 5498 1997 5528 .......,

443 5498 577 5558 Vade
611 5507 663 5562 in
707 5521 891 5569 (errant
928 5521 1199 5580 nativitatis
1219 5537 1355 5594 tute;
1398 5536 1485 5603 qui
1516 5544 1743 5596 evocasti
1771 5560 1875 5612 me,
1913 5548 1998 5603 iii-

427 5593 558 5662 quit,
588 5597 655 5654 de
681 5610 820 5662 terra
847 5608 1038 5683 aliena,
1067 5624 1120 5671 et
1147 5593 1445 5693 princepisti
1479 5637 1532 5685 ut
1559 5593 1877 5695 redire—inﬂati

1248 321 1303 375 S.
1346 323 1625 382 JOANNIS
1669 329 2144 392 CllliYSOSTOMl
2186 339 2503 406 ARCIIIEP.
2543 355 3074 431 CONSTANTINOP.

3689 396 3800 456 508

2233 461 2365 509 trem
2398 475 2592 531 tneum,
2635 474 2767 528 etin
2797 486 2988 536 terram
3021 490 3344 550 nativitatis:
3378 497 3464 554 lo.
3507 501 3648 560 Satis
3671 509 3800 564 mihi

2223 549 2288 599 sit
2315 552 2329 580 ⁸
2356 552 2420 606 de
2444 561 2584 611 omni
2601 563 2804 630 justitia
2825 579 2870 623 et
2891 577 3114 646 veritate,
3137 598 3290 651 quam
3317 590 3481 658 fecisti
3501 608 3653 661 puero
3682 609 3790 655 tua.

2223 637 2454 661 eum,”
2546 650 2575 661 ..
2601 652 2612 661 .
2667 655 2678 661 -

2223 637 2458 751 Sufficiat
2487 650 2634 717 milii,
2666 655 2852 727 inquit,
2884 665 2950 717 ad
2979 637 3285 730 subsidium
3304 637 3629 751 praesenti
3649 699 3788 745 tein-

2221 739 2369 795 μηδ’
2398 732 2496 800 Qui
2527 742 2667 798 enim
2692 759 2855 818 usque
2879 754 2943 808 ad
2957 771 3192 825 Ρτωεεηε
3217 775 3423 840 lemPus
3450 783 3645 833 tantam
3667 797 3792 852 erga

2221 831 2306 852 "In
2332 819 2608 852 l'nn'n_n-a2
2640 849 2696 852 ..-κ
2714 851 2720 852 γ
2771 839 2781 849 .
2807 839 2819 852 ι
2920 845 2932 852 .

2957 819 2973 825 _
3224 819 3230 820 κ
3245 819 3420 840 -ν--Γ-τ
3450 819 3645 833 v—uuvI-III
3668 819 3713 834 ιρι

2219 831 2306 873 tne
2331 819 2608 885 declarasti
2638 839 3043 915 providentiam,
3070 860 3222 919 potes
3247 860 3406 915 etiam
3429 879 3567 921 nunc
3581 869 3792 941 eripere

2219 923 2304 941 mn
2337 912 2402 941 ,ιι
2441 932 2582 941 ,,,,,,Α.
2610 925 2672 941 ,οι
2874 935 2887 941 -
2962 938 2992 941 --

2218 923 2304 1031 t'ne
2335 912 2402 968 ab
2441 925 2746 989 urgentibus
2777 912 3045 1001 periculis.
3070 912 3197 1000 'Non
3226 912 3794 1031 enim—ignoro:-

2781 1000 2786 1001 γ
3235 1000 3368 1005 --η---
3400 1000 3413 1007 -
3453 1000 3616 1025 "vuv,
3645 1000 3785 1031 Ὶ-ινῑι

2216 1000 2282 1057 In
2334 1006 2428 1063 ista
2464 1010 2641 1072 baculo
2673 1038 2782 1078 meo
2809 1032 3018 1086 transivi
3051 1034 3330 1097 Iordanem
3369 1062 3390 1100 :
3415 1000 3521 1104 :cd
3569 1064 3785 1124 propter

2216 1100 2355 1124 “In”
2395 1099 2456 1124 ,³,
2483 1119 2562 1124 ___
2634 1111 2709 1124 ,n.
2749 1115 2760 1124 .
2843 1118 2874 1124 --

3374 1099 3380 1100 ,
3431 1099 3521 1104 ___
3570 1099 3774 1124 Γηνη,

2215 1100 2356 1151 tuam
2391 1099 2458 1158 de
2483 1119 2570 1161 me
2592 1111 3000 1177 sollicitudinem
3026 1167 3040 1192 ,
3069 1129 3160 1198 qui
3186 1130 3428 1192 baculum
3482 1142 3656 1198 solum
3683 1160 3784 1215 ge.

2215 1195 2360 1215 mm,
2396 1193 2530 1215 Au”.
2565 1199 2576 1210 .
2636 1209 2648 1215 -
2891 1211 2922 1215 --

3086 1193 3100 1198 _
3483 1193 3502 1196 Ὗ
3524 1193 3529 1194 ,
3550 1193 3656 1198 ψη
3684 1193 3750 1215 ο-

2213 1195 2363 1243 stans
2393 1193 2531 1251 abivi
2563 1199 2614 1256 in
2635 1209 2828 1261 terram
2856 1211 3104 1283 alienam,
3138 1219 3292 1278 Nunc
3312 1243 3426 1282 cum
3451 1230 3644 1288 duabus
3668 1245 3782 1289 tur-

2212 1277 2307 1330 mis
2327 1281 2524 1338 adveni.
2551 1288 2626 1344 Tu
2652 1293 2829 1362 igitur,
2875 1277 3116 1376 Domine,
3147 1314 3235 1382 qui
3264 1324 3462 1373 tantam
3493 1322 3623 1378 mibi
3649 1325 3781 1380 sub-

2209 1371 2456 1428 stantiam
2504 1377 2722 1450 largitus
2745 1435 2747 1437 .
2773 1403 2830 1442 es
2863 1431 2877 1456 ,
2919 1396 3005 1464 qui
3034 1371 3232 1457 tantum
3265 1407 3647 1469 incrementum
3685 1415 3781 1471 dm-

2205 1454 2350 1524 disti,
2383 1477 2522 1520 nunc
2559 1471 2646 1525 tl.
2695 1454 2871 1548 Eripe
2891 1454 2968 1538 me
2994 1487 3056 1542 de
3468 1454 3570 1556 inci
3588 1502 3730 1560 Esau
3759 1523 3775 1562 :

2203 1553 2320 1619 quia
2352 1556 2501 1613 timeo
2539 1579 2630 1634 ego
2650 1583 2782 1633 eum,
2817 1589 2880 1628 ne
2918 1580 3047 1647 forte
3095 1590 3336 1652 percutiat
3371 1608 3468 1658 me,
3491 1604 3538 1648 et
3561 1606 3780 1652 matrem

2203 1657 2315 1698 cum
2355 1652 2542 1715 pueris.
2574 1656 2662 1712 12.
2694 1658 2768 1714 Tu
2790 1663 2963 1721 dixisti
2985 1686 2996 1721 :
3021 1669 3341 1744 Benefaciam
3365 1652 3472 1749 tibi,
3512 1697 3560 1739 et
3585 1703 3777 1756 ponam

2199 1749 2366 1790 semen
2403 1748 2543 1796 tuum
2571 1747 2698 1802 sicut
2734 1768 2940 1810 arenam
2975 1764 3150 1832 maris,
3184 1781 3298 1836 qute
3320 1777 3572 1829 numerari
3596 1781 3768 1849 nequit

2198 1843 2306 1896 pra:
2323 1834 2658 1893 multitudine.

2266 1921 2319 1974 2.
2348 1924 2508 1982 Iacob
2543 1932 2667 2000 petit
2701 1953 2734 1990 a
2768 1935 2875 1995 Deo
2909 1953 2964 1997 ut
2996 1963 3114 2002 suas
3143 1954 3495 2020 promissiones
3523 1960 3772 2031 impleat;

3143 2009 3154 2020 ,
3344 2009 3347 2010 ν
3749 2009 3767 2031 υ

2194 2009 2402 2069 luctatio
2418 2015 2598 2076 Jacobi
2631 2040 2746 2080 cum
2773 2033 2991 2101 angelo;
3013 2043 3221 2096 mutatio
3258 2049 3474 2104 nominis
3491 2052 3543 2106 in
3563 2052 3768 2124 Israel;

2193 2120 2284 2158 cur
2309 2107 2532 2166 humana
2555 2116 2722 2188 ﬁgura
2745 2139 3022 2193 appareant
3055 2135 3242 2204 angeli.
3269 2168 3340 2178 —-
3371 2140 3501 2198 Vide
3523 2107 3766 2213 justi

2193 2193 2435 2264 ligiosum
2455 2204 2712 2275 animum,
2729 2221 2785 2266 et
2808 2193 3299 2284 probumall‘ectum
3329 2247 3342 2284 :
3374 2193 3638 2302 quouiodo
3655 2253 3764 2296 non

2189 2287 2330 2344 aliud
2362 2291 2641 2354 Dominum
2671 2317 2933 2374 precatur,
2969 2328 3125 2384 quam
3155 2327 3213 2372 ut
3236 2334 3361 2377 suas
3383 2327 3764 2394 promissiones

2187 2379 2446 2452 adimplca
2456 2394 2493 2440 t.
2511 2388 2577 2444 Et
2596 2390 2663 2448 de
2687 2397 2950 2464 prioribus
2965 2379 3198 2462 exhibita
3222 2379 3508 2480 gratia-rum
3527 2419 3758 2489 actione,

2185 2473 2562 2548 confessusque
2596 2499 2654 2538 se
2675 2487 2872 2544 nudum
2904 2502 2958 2546 et
2975 2473 3547 2562 omnibns'destitutum
3571 2509 3622 2565 in
3646 2519 3760 2566 tan-

2186 2568 2291 2617 tam
2323 2571 2627 2632 pervenisse
2655 2575 3329 2659 abundantiam,supplicat
3353 2604 3409 2649 ut
3429 2595 3496 2652 de
3518 2600 3757 2667 periculo

2182 2667 2243 2708 se
2286 2655 2493 2715 liberet.
2543 2662 2728 2721 Dixisti
2767 2673 2930 2738 enim,
2961 2678 3149 2747 inquit,
3179 2680 3379 2738 Ponant
3422 2704 3588 2744 semen
3612 2701 3755 2748 tuum

2179 2743 2309 2798 sicut
2330 2763 2536 2804 arenam
2566 2757 2740 2823 maris,
2765 2776 2880 2829 qua:
2901 2763 3211 2823 dinumerari
3230 2775 3416 2841 nequit.
3436 2775 3570 2834 Cum
3593 2779 3754 2850 igitur

2180 2837 2473 2895 orationem
2502 2857 2650 2900 suam
2674 2848 2741 2903 ad
2771 2850 2938 2909 Deum
2959 2855 3194 2928 fecisset,
3225 2873 3280 2918 et
3300 2837 3746 2938 supplicationem

2178 2941 2391 2995 precum
2420 2932 2718 3006 obtulisset,
2740 2940 2864 2998 facit
2887 2953 2942 3001 et
2968 2963 3119 3005 suum
3137 2932 3390 3011 officium;
3411 2932 3493 3014 'Et
3511 2965 3749 3033 acceptis

2172 3025 2503 3092 muneribus,
2542 3029 2731 3102 inquit,
2762 3051 2826 3092 ex
2863 3039 2928 3094 iis
2957 3057 3074 3111 qua:
3099 3045 3373 3116 aﬂ‘ercbat,
3397 3053 3540 3108 misit
3567 3055 3744 3124 fratri,

2168 3127 2288 3168 cum
2305 3130 2635 3190 segregasset
2649 3143 2766 3196 qua:
2783 3131 3137 3202 mitterentur,
3157 3149 3208 3194 et
3224 3144 3470 3200 mandata
3486 3148 3742 3218 dedisset,

2167 3203 2236 3258 ita
2276 3216 2333 3261 ut
2379 3210 2684 3279 placaretur
2707 3221 2863 3274 etiam
2909 3238 3005 3292 per
3033 3229 3191 3284 verba
3221 3233 3430 3291 animus
3455 3237 3653 3308 fratris,
3687 3253 3742 3298 et

2163 3307 2292 3350 suus
2326 3303 2657 3361 nuntiaretur
2695 3310 2953 3370 adventus
2987 3317 3056 3385 (υ.
3102 3321 3188 3376 15.
3218 3352 3248 3364 -
3277 3324 3388 3396 19).
3431 3328 3519 3385 20.
3565 3303 3733 3389 Dicite

2163 3387 2326 3454 enim,
2353 3389 2540 3460 inquit,
2574 3395 2705 3453 Ecce
2728 3419 2852 3469 puer
2879 3415 2994 3462 tuus
3026 3409 3225 3467 advenit
3250 3387 3362 3484 post
3387 3435 3517 3484 nos;
3542 3433 3598 3477 ut
3622 3426 3732 3493 pri-

2161 3490 2304 3531 mum
2321 3481 2631 3541 redderetur
2649 3491 2867 3558 amicus,
2901 3506 2954 3550 et
2972 3506 3095 3555 tunc
3116 3501 3168 3556 in
3193 3502 3381 3562 faciem
3401 3509 3518 3579 ejus
3539 3526 3733 3569 occur-

2159 3577 2320 3623 reret.
2345 3569 2570 3629 Posthac
2603 3579 2757 3647 enim,
2794 3583 2982 3655 inquit,
3020 3590 3194 3646 videbo
3213 3595 3395 3664 [aciem
3423 3569 3533 3672 ejus
3556 3619 3575 3657 :
3598 3605 3733 3674 forte

2157 3661 2288 3714 enim
2322 3675 2529 3735 accepta
2566 3670 2661 3724 erit
2702 3673 2748 3727 ei
2783 3677 2940 3747 facies
2979 3697 3108 3736 mea.
3146 3661 3236 3741 2|.
3269 3687 3336 3742 Et
3371 3661 3729 3753 antecedebant

2155 3749 2288 3805 dona
2328 3757 2600 3812 secundum
2645 3764 2825 3834 [aciem
2863 3769 2993 3840 ejus.
3040 3773 3233 3831 Verum
3282 3779 3423 3847 vide,
3476 3749 3723 3855 obsecro,

2153 3841 2470 3903 ineffabilem
2499 3849 2594 3906 Dei
2615 3853 2971 3928 clementiam,
3003 3873 3055 3919 et
3077 3870 3342 3936 quomodo
3358 3887 3571 3945 semper
3591 3893 3724 3935 con-

2147 3948 2280 4001 gruo
2296 3944 2536 4009 tempore
2551 3958 2700 3999 suam
2717 3947 2948 4005 declarat
2962 3956 3367 4021 providentiam.
3384 3944 3518 4019 Nam
3535 3967 3603 4023 de
3619 3969 3722 4025 La-

2147 4024 2249 4078 ban
2265 4029 2478 4096 quidem
2492 4034 2742 4102 quoniam
2758 4037 2934 4106 justus
2949 4042 3077 4096 nihil
3097 4047 3203 4100 tale
3217 4051 3607 4125 suspicabatur,
3627 4024 3723 4116 ne-

2143 4132 2246 4186 que
2275 4118 2476 4176 sciebat
2502 4122 2774 4182 Labanum
2803 4144 2924 4186 cum
2955 4141 3094 4188 tanta
3119 4137 3170 4193 vi
3201 4139 3450 4199 invadere
3477 4161 3536 4202 se
3555 4151 3718 4222 velle,

2143 4216 2198 4260 ut
2221 4207 2358 4264 clam
2387 4222 2690 4282 susceptum
2725 4217 2794 4272 ab
2817 4233 2878 4276 se
2923 4221 3214 4281 discessum
3241 4229 3602 4304 ulcisceretur,
3632 4240 3717 4297 di-

2139 4305 2282 4353 ctum
2304 4310 2387 4356 est
2403 4307 2711 4374 apparuisse
2725 4311 2968 4380 angelum
2989 4325 3150 4372 noctu
3176 4318 3409 4388 Labano,
3427 4336 3480 4380 et
3505 4345 3714 4400 repres-

2135 4391 2269 4446 sisse
2316 4393 2432 4464 ejus
2484 4396 2758 4466 impetum,
2813 4404 3222 4480 mandatumque
3260 4412 3472 4474 dedisse
3513 4391 3581 4477 ne
3620 4426 3708 4480 vel

2133 4496 2378 4549 asiierum
2408 4486 2623 4542 verbum
2651 4489 2954 4561 loqueretur
2970 4496 3172 4558 Iacob:
3200 4503 3408 4564 dicebat
3430 4511 3596 4579 enim,
3623 4514 3707 4572 Ne

2131 4571 2352 4641 loquaris
2375 4591 2488 4629 cum
2504 4575 2664 4632 Iacob
2689 4583 2822 4635 mala
2840 4582 2989 4656 (Gen.
3014 4589 3101 4645 3|.
3124 4591 3221 4664 24)
3251 4613 3265 4647 :
3289 4606 3343 4652 et
3371 4600 3471 4657 hoc
3500 4603 3568 4657 ita
3583 4571 3704 4660 'dis;

2131 4665 2400 4730 pensabat,
2431 4681 2536 4736 quo
2555 4683 2648 4737 per
2667 4670 2804 4726 illius
2825 4673 3055 4746 linguam
3083 4691 3263 4738 notum
3288 4685 3436 4744 ﬁeret
3454 4692 3700 4760 justo,‘ut

2128 4751 2392 4809 fidentiori
2423 4767 2566 4812 esset
2593 4761 2772 4817 animo
2798 4779 3069 4836 comperta
3098 4781 3240 4831 tanta
3272 4777 3362 4833 Dei
3402 4781 3454 4835 in
3480 4797 3539 4836 se
3567 4799 3696 4852 pro-

2123 4843 2370 4900 videntia.
2401 4847 2550 4904 Nunc
2578 4861 2775 4922 autem,
2805 4858 2927 4926 quia
2967 4860 3130 4918 frater
3169 4871 3418 4937 temporis
3459 4872 3693 4942 longitu-

2123 4935 2244 4991 dine
2287 4939 2554 5010 mitigatus
2596 4955 2732 5010 erat,
2765 4947 3139 5023 quieveratque
3184 4935 3358 5012 iraiet
3403 4935 3692 5032 indignatio

2119 5037 2304 5084 centra
2331 5029 2494 5087 Jacob
2525 5049 2541 5089 :
2575 5035 2658 5090 hic
2683 5047 2857 5094 autem
2885 5043 3073 5100 anxius
3097 5055 3231 5112 erat,
3261 5049 3452 5106 timens
3483 5063 3540 5109 et
3577 5066 3686 5113 tre-

2118 5133 2270 5173 mens
2311 5120 2485 5177 fratris
2527 5139 2805 5184 occursum
2854 5148 2868 5183 :
2912 5133 3083 5188 bonus
3129 5135 3384 5196 Dominus
3426 5158 3530 5200 non
3573 5147 3684 5217 jam

2116 5205 2258 5262 Esau
2287 5212 2541 5281 prmcipit,
2571 5213 2725 5287 (nihil
2752 5220 2890 5273 enim
2920 5231 3104 5276 contra
3143 5223 3358 5284 fratrem
3389 5205 3680 5293 meditaba-

2115 5299 2243 5368 tur),
2274 5302 2367 5358 sed
2394 5305 2590 5373 justum
2621 5309 2839 5364 solatur.
2865 5310 2995 5368 Nam
3025 5325 3300 5387 postquam
3340 5325 3569 5382 misisset
3593 5329 3677 5383 of-

2113 5387 2342 5447 ferentes
2372 5411 2611 5465 munera,
2639 5409 2695 5454 et
2715 5401 3069 5472 dormivisset,
3096 5407 3185 5462 22.
3215 5409 3448 5468 Surrean‘t
3465 5417 3517 5470 in
3537 5430 3678 5473 nom

2108 5481 2218 5549 illa,
2250 5494 2297 5538 et
2325 5502 2504 5543 uxores
2531 5492 2658 5547 duas
2684 5503 2732 5547 et
2757 5495 2892 5563 ﬁlios
2919 5503 3193 5556 transmisit
3234 5504 3286 5558 in
3327 5510 3541 5564 transitu
3573 5511 3673 5566 Ia-

2169 5619 2531 5700 inlttxtamt‘foisl.
2558 5623 2819 5688 legendum
2859 5634 2967 5682 est:
2993 5631 3115 5684 satis
3153 5633 3271 5688 mihi
3300 5643 3394 5700 est,
3419 5645 3471 5690 et
3508 5640 3668 5694 infra:

2101 5677 2276 5741 Sufﬁcit
2301 5679 2434 5733 milii.
