4150 6206
415 244 514 298 507

412 356 604 424 πορίας
628 355 737 408 ἔστι
755 353 856 426 τὴν
880 353 1142 423 ὠφέλειαν
1163 354 1360 425 καρπώ
1371 355 1573 409 ιασθαι.
1609 355 1978 417 Ἀπελθόντος,

410 438 564 506 φησὶ,
598 435 694 489 τοῦ
736 437 920 491 Λάϐαν
960 437 1039 500 εἰς
1062 436 1152 490 τὸν
1188 433 1336 490 οἷκον
1383 437 1570 503 αὑτοῦ,
1613 440 1721 493 Kal
1777 436 1987 492 Ἰακὼϐ

409 518 684 588 ἀπῆλθεν
727 522 814 585 εις
854 519 966 588 τὴν
1001 519 1218 573 ἑαυτοῦ
1267 519 1446 585 ὁδὸν,
1483 521 1581 574 καὶ
1633 520 1982 588 ἀναϐλέψας

406 601 529 658 εἶδε
591 603 974 673 παρεμϐολὴν
1035 603 1181 657 Θεοῦ
1238 604 1828 673 παρεμϐεϐληκυῖαν,
1883 603 1980 655 καὶ

406 687 805 754 συνήντησαν
838 684 998 750 αὐτῷ
1028 687 1082 739 οἱ
1128 686 1369 755 ἄγγελοι
1412 687 1516 741 τοῦ
1554 686 1719 740 Θεοῦ.
1765 683 1981 754 Ἐπειδὴ

405 773 538 843 7&9,
583 769 931 840 παυσαμένου
969 769 1064 822 τοῦ
1095 769 1262 837 φόϐου
1313 769 1408 823 τοῦ
1453 770 1640 823 Λάϐαν
1685 768 1780 822 καὶ
1829 767 1982 830 τέλος

407 855 708 924 εἰληφότος,
741 852 1005 922 διεδέχετο
1030 845 1214 904 λοιπὸν
1242 853 1270 904 6
1301 852 1464 920 φόϐος
1486 851 1580 906 τοῦ
1615 849 1866 920 ἀδελφοῦ,
1895 849 1981 903 διὰ

405 936 566 989 τοῦτο
607 939 634 990 6
671 935 1053 1006 φιλάνθρωπος
1103 935 1383 1006 Δεσπότης
1436 935 1852 1008 παραθαρρῦναι
1891 933 1981 986 τὸν

404 1020 611 1075 δίκαιον
667 1020 1020 1091 βουλόμενος,
1069 1020 1165 1073 καὶ
1211 1021 1395 1072 πᾶσαν
1432 1019 1598 1073 αὑτοῦ
1629 1019 1728 1091 τὴν
1772 1017 1978 1071 δειλίαν

402 1103 792 1164 ἀποσκεδάσαι,
826 1100 1236 1173 παρεσκεύασεν
1268 1103 1429 1156 αὑτὸν
1458 1103 1565 1156 τῶν
1602 1102 1848 1172 ἀγγέλων
1880 1101 1980 1172 τὴν

403 1185 756 1256 παρεμϐολὴν
793 1184 940 1238 ἰδεῖν.
975 1184 1380 1253 Συνήντησαν
1419 1187 1528 1254 γὰρ
1572 1185 1753 1251 αὐτῷ,
1791 1185 1978 1255 φησὶν,

400 1271 456 1321 οι
478 1267 717 1338 ἄγγελοι
736 1265 839 1320 τοῦ
861 1266 1032 1320 Θεοῦ.
1048 1267 1155 1320 Kal
1178 1263 1350 1321 εἷπεν
1365 1268 1566 1323 Ἰακώϐ
1581 1286 1595 1299 ·
1623 1269 1931 1336 Παρεμϐολ
1943 1267 1975 1335 ἡ

403 1350 553 1404 Θεοῦ
597 1350 770 1416 αὕτη.
821 1349 929 1402 Kal
968 1348 1225 1403 ἐκάλεσε
1281 1349 1349 1404 τὸ
1395 1351 1586 1419 ὄνομα
1638 1349 1742 1403 τοῦ
1791 1352 1979 1403 τόπου

399 1435 661 1499 ἐκείνου,
707 1433 1144 1501 Παρεμϐολαὶα,
1176 1431 1314 1485 ὥστε
1345 1435 1409 1486 ὲκ
1460 1433 1557 1502 τῆς
1611 1433 1980 1502 προσηγορίας

401 1517 624 1586 διηνεκῆ
656 1515 754 1584 τὴν
783 1515 1089 1585 ὑπόμνησιν
1116 1510 1256 1568 εἶναι
1289 1515 1386 1583 τῆς
1421 1514 1794 1584 γεγενημένης
1832 1514 1980 1584 αὑτῷ

400 1600 580 1651 ἐκεῖσε
621 1597 908 1659 ὀπτασίας.
953 1591 1088 1649 Εἶτα
1137 1595 1276 1666 μετὰ
1318 1595 1414 1666 τὴν
1447 1598 1716 1650 ὀπτασίαν
1743 1597 1976 1667 ταύτην,

413 1681 783 1742 Ἀπέστειλε,
830 1678 993 1749 φησὶν
1016 1718 1031 1742 ,
1082 1678 1422 1747 ἔμπροσθεν
1463 1679 1650 1732 αὑτοῦ
1683 1677 1978 1749 ἀγγέλους

395 1765 547 1832 πρὸς
587 1763 778 1818 Ἠσαῦ
815 1762 922 1816 τὸν
962 1761 1228 1830 ἀδελφὸν
1259 1762 1469 1826 αὐτοῦ,
1508 1763 1605 1815 καὶ
1639 1763 1978 1816 ἐιιοετείλατο

395 1847 624 1917 λέγων·
658 1845 856 1910 οὕτως
883 1843 1067 1912 ἐρεῖτε
1108 1843 1187 1908 τῷ
1216 1844 1402 1912 κυρίῳ
1437 1862 1560 1913 μου
1601 1843 1801 1897 Ἡσαῦ.
1835 1843 1977 1914 Ὅρα

396 1931 494 1983 καὶ
525 1929 664 2000 μετὰ
693 1929 791 1998 τὴν
817 1928 938 1996 δψιν
971 1928 1135 1992 πόσος
1163 1928 1243 1980 έτι
1264 1930 1292 1982 6
1320 1929 1482 1997 φόϐος
1512 1928 1763 1981 ἐπέκειτο
1791 1927 1866 1998 τῷ
1894 1927 1974 1980 δι-

397 2011 557 2082 καίῳ.
596 2010 882 2064 Ἐδεδοίκει
927 2010 1035 2082 γὰρ
1079 2011 1172 2064 τοῦ
1221 2011 1450 2079 ἀδελφοῦ
1492 2011 1590 2082 τὴν
1630 2010 1844 2082 ὁρμὴν,
1885 2011 1978 2062 καὶ

394 2094 626 2165 ἠγωνία,
659 2095 738 2165 μὴ
763 2096 794 2165 ἡ
837 2095 1026 2165 μνήμη
1053 2093 1162 2147 τῶν
1201 2095 1330 2164 πρὶν
1361 2092 1454 2146 ὑπ’
1483 2092 1646 2146 αὑτοῦ
1676 2091 1978 2162 γεγενημέ-

392 2196 499 2231 νων
527 2179 606 2242 el;
634 2177 734 2248 τὴν
766 2177 884 2230 κατ’
914 2176 1077 2229 αὑτοῦ
1117 2175 1304 2244 ἔφοδον
1344 2177 1697 2248 παρορμήσῃ.
1731 2175 1973 2240 Εἴπατε,

394 2259 549 2332 φησὶ,
577 2259 655 2312 τῶ
683 2261 865 2327 κυρίῳ
875 2278 995 2328 μου
1026 2258 1205 2314 Ἠσαῦ
1223 2275 1235 2288 ·
1272 2259 1435 2312 Οὓτω
1456 2260 1616 2330 λέγει
1640 2262 1672 2312 ό
1697 2257 1838 2324 παῖς
1859 2275 1976 2311 σου

407 2343 633 2398 Ἰακώϐ·
651 2342 814 2395 Μετὰ
839 2341 1040 2396 Αάϐαν
1061 2340 1409 2409 παρῴκησα,
1429 2342 1526 2394 καὶ
1555 2342 1843 2410 ἐχρόνισα
1863 2340 1976 2407 ἕως

391 2427 500 2481 τοῦ
516 2425 651 2489 νῦν,
668 2425 765 2480 καὶ
781 2425 1060 2494 ἐγένοντό
1068 2442 1167 2494 μοι
1181 2423 1328 2490 ,ϐόες
1345 2426 1441 2479 καὶ
1460 2426 1584 2480 ὄνοι
1601 2425 1699 2479 καί
1713 2426 1976 2493 πρόϐατα

391 2508 492 2562 καὶ
509 2507 718 2573 παῖδες
738 2507 835 2560 καὶ
865 2505 1198 2570 παιδίσκαι,
1218 2508 1314 2561 καὶ
1343 2508 1672 2561 ἀπέστειλα
1697 2505 1777 2572 τῷ
1792 2507 1976 2575 κυρίῳ

389 2610 527 2663 μου,
542 2593 642 2645 ἵνα
655 2591 800 2660 εὕρῃ
814 2595 845 2645 ό
859 2590 997 2657 παῖς
1008 2605 1126 2644 σου
1141 2591 1419 2645 ἐναντίον
1433 2607 1549 2644 σου
1561 2590 1758 2659 χάριν.
1773 2590 1972 2642 Σκόπει

392 2675 510 2738 πῶς
545 2675 747 2728 δέδοικε
769 2674 861 2728 τὸν
886 2674 1134 2744 ἀδελφὶν,
1167 2676 1262 2728 καὶ
1294 2675 1381 2728 διὰ
1426 2671 1584 2728 τοῦτο
1619 2674 1972 2745 έξευμενίσα-

394 2758 516 2811 σθαι
547 2758 709 2812 αὑτὸν
744 2757 1088 2828 βουλόμενος,
1118 2757 1544 2827 προαποστέλλει
1572 2756 1792 2828 μηνύων
1822 2755 1973 2828 αὑτῷ

389 2842 488 2911 τήν
529 2859 586 2894 τε
625 2841 833 2894 οἰκείαν
875 2841 1153 2907 ἐπάνοδον,
1182 2842 1282 2912 τήν
1322 2857 1381 2893 τε
1425 2841 1794 2911 γεγενημένην
1824 2841 1974 2912 αὑτῷ

393 2923 733 2994 περιουσίαν,
762 2925 857 2976 καὶ
899 2925 1033 2976 ὅπου
1065 2924 1158 2976 τὸν
1190 2923 1406 2976 ἅπαντα
1451 2923 1716 2976 διετέλεσε
1761 2924 1970 2994 χρόνον,

392 3007 481 3060 ἵνα
516 3006 761 3076 μαλάξας
793 3005 956 3059 αὑτοῦ
987 3006 1078 3059 τὸν
1121 3006 1312 3077 θυμόν,
1351 3006 1559 3077 ἥμερον
1605 3005 1764 3059 αὑτὸν
1803 3023 1972 3060 κατα-

394 3089 591 3160 στῆσαι
619 3088 852 3160 δυνηθῇ·
897 3089 926 3141 ὂ
967 3088 1030 3159 δὴ
1061 3089 1154 3141 καὶ
1184 3088 1499 3158 γεγένηται,
1538 3087 1632 3141 τοῦ
1679 3087 1813 3141 Θεοῦ
1844 3107 1974 3142 κατ-

391 3172 721 3235 ευνάσαντος
756 3170 921 3226 αὑτοῦ
956 3171 1054 3242 τὴν
1095 3170 1318 3242 καρδίαν
1341 3210 1356 3234 ,
1401 3171 1495 3223 καὶ
1540 3169 1832 3233 σϐέσαντος
1873 3170 1972 3242 τὴν

389 3255 561 3327 ὀργὴν
613 3253 803 3318 αὑτοῦ,
839 3255 934 3308 καὶ
968 3255 1175 3326 ἥμερον
1208 3252 1372 3306 αὑτὸν
1410 3254 1870 3324 καταστήσαντος.
1909 3254 1971 3306 El

390 3340 500 3411 7&9
533 3339 625 3392 :6v
651 3337 836 3392 Δάϐαν
874 3337 967 3391 τὸν
1007 3336 1146 3408 μετὰ
1185 3334 1454 3405 τοσαύτης
1485 3336 1662 3407 ὁρμῆς
1707 3335 1970 3388 καταδιώυ

392 3422 579 3489 ξαντα,
605 3422 664 3475 ὲν
681 3420 922 3492 τοσούτῳ
953 3422 1102 3490 φόϐῳ
1127 3418 1380 3488 γενέσθαι
1403 3417 1780 3489 παρεσκεύασε
1804 3419 1872 3472 δι’
1897 3411 1972 3472 ὧν

392 3505 530 3577 πρὸς
556 3504 721 3559 αὑτὸν
746 3501 888 3567 εἷπε,
922 3502 1100 3574 πολλῴ
1137 3502 1335 3573 μᾶλλον
1363 3502 1454 3556 τὸν
1490 3501 1716 3572 ἀδελφὸν
1749 3502 1972 3574 ἡμερώ-

389 3603 547 3656 τερον
596 3586 662 3639 ἂν
703 3584 956 3652 γενέσθαι
1004 3581 1386 3652 παρεσκεύασε
1436 3582 1566 3653 περὶ
1605 3582 1698 3636 τὸν
1741 3581 1967 3636 δίκαιον.

406 3662 814 3731 Ἀνέστρεψαν
858 3661 944 3726 δὲ,
1004 3661 1159 3731 φησὶ,
1217 3659 1535 3729 λέγοντες·
1594 3659 1974 3730 Ἀπήλθομεν

392 3744 543 3812 πρὸς
568 3743 676 3798 τὸν
703 3743 970 3811 ἀδελφόν
996 3757 1136 3805 σου,
1161 3740 1259 3793 καὶ
1286 3741 1520 3809 ἔρχεται
1551 3743 1638 3806 εἰς
1661 3740 1970 3808 συνάντη-

391 3823 499 3876 σίν
514 3837 650 3886 σου,
672 3821 772 3875 καὶ
801 3821 1170 3889 τετρακόσιοι
1199 3818 1414 3888 ἄνδρες
1434 3821 1562 3887 μετ’
1587 3818 1793 3873 αὑτοῦ.
1819 3818 1970 3891 [565]

394 3901 536 3972 Ὅρα
579 3900 694 3964 πῶς
728 3899 823 3953 καὶ
859 3898 990 3953 αὐτὸ
1023 3896 1180 3951 τοῦτο
1222 3898 1464 3950 ἐπέτεινε
1515 3896 1594 3967 τῷ
1639 3895 1834 3966 δικαίῳ
1881 3897 1972 3950 τὸν

393 3980 577 4049 φόϐον.
607 3979 740 4033 οὐδὲ
768 3979 878 4050 γὰρ
907 3977 1022 4048 ᾔδει
1068 3975 1161 4029 τὸν
1188 3975 1394 4029 σκοπὸν
1424 3974 1520 4028 τοῦ
1560 3975 1790 4045 ἀδελφοῦ
1833 3976 1970 4047 μετὰ

393 4061 695 4132 ἀκριϐείας,
712 4059 846 4113 ἀλλά
876 4056 1065 4129 μαθὼν
1087 4057 1148 4110 τὸ
1175 4055 1378 4128 πλῆθος
1400 4055 1508 4108 τῶν
1535 4055 1803 4110 συνόντων
1823 4055 1971 4127 αὐτῷ

391 4139 678 4205 ἐδεδοίκει,
699 4139 1049 4209 ὑφορώμενος
1087 4135 1161 4208 μὴ
1189 4136 1265 4198 ὡς
1310 4135 1446 4205 πρὸς
1499 4135 1734 4205 πόλεμον
1778 4153 1972 4207 παρα-

393 4219 816 4290 σκευασάμενος,
852 4216 994 4270 οὑτω
1021 4216 1119 4287 τὴν
1159 4213 1464 4285 ὑπάντησιν
1493 4213 1822 4284 ποιήσασθαι
1849 4216 1971 4287 βού-

387 4299 566 4372 ληται.
603 4295 900 4367 Ἐεροϐήθη
939 4295 1079 4367 γὰρ,
1123 4295 1308 4366 φησὶν,
1350 4294 1587 4359 Ἰακὼϐ,
1624 4294 1723 4348 καὶ
1759 4294 1968 4363 διηπο-

387 4378 561 4446 ρεῖτο.
605 4376 663 4429 '0
685 4375 846 4445 φόϐος
871 4373 1036 4427 αὑτοῦ
1081 4373 1177 4446 τὴν
1211 4373 1452 4427 διάνοιαν
1487 4373 1831 4446 διετάρασσε,
1878 4374 1970 4427 καὶ

387 4455 487 4508 οὑκ
511 4454 627 4525 ᾔδει
658 4453 718 4506 τὸ
749 4453 803 4505 τί
841 4451 1058 4523 πράξει,
1089 4453 1204 4506 ἀλλ’
1243 4454 1302 4505 ὲν
1337 4452 1540 4525 ἀπορίᾳ⁴
1571 4452 1814 4521 ἐγεγόνει
1835 4468 1848 4484 ⁸
1889 4453 1968 4507 διὸ

387 4533 464 4594 ὡς
495 4533 623 4602 περὶ
653 4531 748 4584 τοῦ
783 4531 980 4594 παντὸς
1010 4531 1261 4596 δεδοικὼς
1283 4572 1296 4594 .
1338 4533 1431 4588 καὶ
1473 4531 1564 4586 τὸν
1601 4531 1830 4586 θάνατον
1862 4533 1970 4604 πρὸ

385 4607 680 4680 ὀφθαλμῶν
698 4609 854 4677 ἔχων,
880 4607 1099 4675 Διαιρεῒ
1113 4611 1201 4675 εις
1225 4609 1333 4664 δύο
1364 4611 1744 4680 παρεμϐολὰς
1773 4610 1969 4664 πάντα

388 4687 494 4742 τὸν
535 4685 690 4740 λαὸν
723 4684 831 4738 τὸν
865 4684 991 4754 μετ’
1024 4686 1233 4739 αὐτοῦ.
1259 4683 1404 4740 Εῖπε
1432 4688 1566 4757 γὰρ,
1596 4689 1791 4760 φησίν·
1836 4690 1970 4743 Ἐὰν

385 4769 533 4835 ἔλθη
565 4769 654 4832 εις
697 4762 1086 4832 παρεμϐολὴν
1115 4765 1262 4832 μίαν
1303 4766 1400 4818 καὶ
1450 4768 1614 4835 κόψῃ
1661 4767 1878 4836 αὐτὴν,
1929 4769 1966 4837 η

387 4845 634 4914 δευτέρα
663 4846 835 4900 ἔσται
864 4845 952 4908 εὶς
976 4841 1042 4895 τὸ
1070 4841 1379 4902 σώζεσθαι.
1400 4845 1585 4899 Ταῦτα
1619 4848 1716 4917 μὲν
1751 4849 1779 4901 6
1805 4847 1968 4916 φόϐος

390 4926 732 4997 ὑπηγόρευσε
755 4925 848 4978 καὶ
887 4923 921 4993 ἡ
947 4919 1117 4992 πολλὴ
1149 4920 1338 4975 δειλία.
1378 4923 1555 4994 Ὀρῶν
1582 4925 1638 4977 δὲ
1672 4926 1867 4979 ἑαυτὸν
1892 4925 1968 4989 ὡς

387 5006 444 5058 ὲν
470 5004 705 5068 δικτύοις
734 4999 1163 5072 ἀπειλημμένον,
1198 5000 1290 5052 ἐπὶ
1321 4999 1410 5054 τὸν
1435 5002 1648 5072 ἄμαχον
1685 5003 1966 5074 Δεσπότην

389 5083 742 5152 καταφεύγει,
769 5082 862 5134 καὶ
891 5080 991 5144 τὰς
1025 5077 1345 5149 ὑποσχέσεις
1376 5079 1474 5142 τὰς
1499 5082 1580 5143 είς
1612 5081 1775 5136 αὑτὸν
1802 5099 1965 5151 γεγε-

386 5163 623 5235 νημένας
655 5165 875 5217 ἀπαιτεῖ
899 5159 1051 5232 παρὰ
1071 5159 1166 5213 τοῦ
1192 5159 1301 5214 τῶν
1331 5158 1467 5214 ὅλων
1493 5159 1653 5235 Θεοῦ,
1683 5166 1966 5234 μονονουχὶ

386 5232 560 5314 λέγων
588 5243 723 5315 πρὸς
748 5242 935 5296 αὑτόν·
954 5241 1068 5295 Νῦν
1090 5241 1213 5311 ἥκει
1237 5239 1447 5312 καιρὸς,
1479 5240 1537 5292 ἐν
1557 5232 1601 5307 ᾧ
1629 5240 1723 5293 καὶ
1750 5240 1840 5294 διὰ
1869 5232 1966 5314 τὴν

385 5324 494 5379 τῶν
532 5323 808 5396 προγόνων
841 5320 1060 5394 ἀρετὴν,
1086 5321 1180 5373 καὶ
1221 5319 1309 5373 διὰ
1335 5319 1435 5390 τὴν
1467 5316 1620 5390 παρὰ
1667 5318 1761 5372 σοῦ
1800 5339 1964 5390 γεγε-

385 5419 448 5474 νη
458 5403 625 5476 μένην
641 5403 928 5472 ὑπόσχεσιν
949 5401 1155 5464 δίκαιος
1171 5400 1238 5454 ἂν
1259 5399 1377 5470 εἴην
1404 5398 1622 5469 ἀπάσης
1649 5399 1964 5454 ἀπολαῦσαι

387 5483 724 5555 συμμαχίας.
749 5478 897 5536 Εἷπε
919 5482 1059 5553 7&9,
1090 5480 1277 5552 φησὶν,
1316 5478 1524 5534 Ἰακώϐ
1540 5495 1554 5508 ·
1592 5479 1656 5532 '0
1677 5481 1823 5549 Θεὸς
1856 5481 1962 5536 τοῦ

450 5621 478 5652 ⁸
517 5620 747 5682 Quinque
786 5632 900 5668 mss.
940 5618 1234 5682 παρεμϐολή.
1278 5618 1377 5668 Alii
1417 5618 1742 5682 παρεμϐολαί,
1793 5627 1848 5669 ει
1892 5622 1964 5669 sic

385 5693 569 5754 legitur
607 5691 655 5738 in
677 5690 774 5754 τοῖς
797 5689 884 5754 (_)',
906 5687 988 5754 u_bi
1015 5688 1168 5754 pg'imo
1203 5691 1308 5754 loco
1329 5691 1452 5739 illud
1483 5691 1775 5754 l-Iebraicum
1794 5695 1954 5744 mna

386 5750 610 5811 ΜᾶΙιαηε,
653 5753 766 5813 quia
813 5750 862 5798 in
904 5750 1138 5811 singulari
1189 5753 1420 5812 positum,
1463 5751 1674 5801 venitur
1707 5755 1951 5816 παρεμϐο-

386 5825 462 5880 λή.
488 5825 898 5884 δεουηάοευιεπι
923 5820 1031 5884 1000
1061 5820 1143 5868 ubi
1184 5822 1236 5869 in
1274 5822 1486 5874 Hebraeo
1536 5825 1724 5884 legitur
1761 5824 1953 5879 D’mD

387 5882 681 5944 Μαίιαιιαὶηι,
704 5883 852 5938 forma
871 5881 1321 5944 duali,mpsy.60).ai
1343 5894 1537 5938 verluul
1560 5881 1697 5938 LXX.

1393 243 1455 298 IN
1494 243 1649 301 CAP.
1694 241 1885 298 XXXII
1918 241 2168 299 GENES.
2209 245 2442 304 IIOMIL.
2480 249 2657 306 LVIII.

3559 259 3663 312 508

2089 361 2311 426 πατρός
2331 379 2449 429 μου
2484 363 2757 430 Ἀϐραὰμ,
2787 363 2884 416 καὶ
2933 366 2964 416 ό
2994 364 3138 430 Θεὸς
3165 365 3269 418 τοῦ
3293 366 3517 433 πατρός
3544 386 3670 435 μου

2104 439 2327 506 Ἰσαὰκ,
2364 444 2468 506 σὺ,
2515 447 2699 514 φησιν,
2739 448 2771 498 ὀ
2824 445 2989 510 Θεὸς,
3026 449 3058 499 ό
3099 447 3282 500 εἰπών
3306 461 3443 515 μοι·
3493 448 3665 500 Ἀπό-

2087 537 2260 592 τρεχε
2284 527 2373 590 εις
2401 525 2514 592 τὴν
2539 526 2656 596 γῆν
2680 526 2785 593 τῆς
2808 527 3098 596 γενέσεώς
3126 543 3243 581 σου
3260 545 3272 557 ·
3306 531 3334 580 6
3358 531 3668 600 ἀναστήσας

2089 619 2178 673 με,
2213 608 2397 677 φησὶν,
2422 608 2530 661 ἀπὸ
2562 609 2662 678 τῆς
2687 609 2862 679 ξένης,
2899 609 2992 662 καὶ
3017 610 3325 680 προστάξας
3353 610 3667 664 ἐπανελθεῖν

2088 689 2223 760 πρὸς
2255 691 2346 743 τὸν
2373 691 2583 763 πατέρα
2611 693 2701 745 τὸν
2732 693 2861 746 ἴδιον
2891 694 2984 747 καὶ
3013 695 3091 755 είς
3126 692 3223 763 τὴν
3246 693 3348 761 γῆν
3385 694 3484 761 τῆς
3513 695 3668 761 γενέ-

2089 787 2257 834 σεως·
2299 774 2662 829 Ἰκανούσθω
2682 794 2784 844 μοι
2809 775 2836 814 ιι
2866 775 2981 828 ἀπὸ
3025 773 3229 840 πάσης
3253 775 3666 841 δικαιοσύνης,

2087 855 2186 907 καὶ
2215 856 2520 924 ἀληθείας,
2547 855 2624 929 ἧς
2644 858 2938 924 ἐποίησας
2975 855 3052 921 τῷ
3080 857 3247 910 παιδί
3273 872 3412 910 σου.
3452 858 3664 926 Ἀρκεί-

2089 936 2220 1000 σθω,
2249 941 2404 1008 φησὶ,
2435 940 2571 1011 πρὸς
2608 941 2707 1010 τὴν
2751 941 2844 992 ἐπὶ
2871 938 2964 992 τοῦ
3009 940 3271 1010 παρόντος
3308 939 3501 1009 καιροῦ
3531 957 3668 1010 συμ-

2090 1020 2312 1088 μαχίαν.
2354 1022 2410 1075 '0
2443 1022 2552 1093 7&9
2595 1023 2754 1092 μέχρι
2790 1019 2882 1074 τοῦ
2923 1021 3187 1091 παρόντος
3234 1021 3502 1090 τοσαύτην
3543 1023 3664 1073 ὲπι-

2085 1100 2400 1172 δειξάμενος
2434 1105 2563 1174 περὶ
2597 1105 2695 1173 ἐμὲ
2738 1103 3082 1174 κηδεμονίαν,
3117 1103 3340 1166 δυνατὸς
3376 1098 3426 1155 εἶ
3455 1103 3548 1156 καὶ
3571 1102 3668 1156 νῦν

2087 1185 2393 1255 ἐξαρπάσαι
2439 1204 2504 1257 με
2535 1187 2645 1240 τῶν
2686 1187 3046 1256 ἐπικειμένων
3079 1203 3167 1256 μοι
3208 1186 3489 1240 κινδύνων.
3530 1186 3665 1238 Οὐδὲ

2086 1267 2194 1336 7&9
2222 1269 2420 1336 ἀγνοῶ,
2454 1270 2535 1322 ὅτι
2576 1271 2677 1323 Ἐν
2704 1268 2780 1337 τῇ
2811 1269 3012 1336 ῥάϐδῳ
3044 1288 3164 1338 μου
3196 1271 3381 1339 ταύτῃ
3413 1267 3668 1337 διῆλθον

2087 1350 2193 1403 τὸν
2234 1351 2546 1419 Ἰορδάνην
2589 1352 2835 1405 τοῦτον·
2868 1351 2986 1404 νυνὶ
3038 1351 3092 1404 δὲ
3125 1351 3212 1404 διὰ
3254 1352 3353 1424 τὴν
3392 1352 3492 1423 σὴν
3536 1353 3667 1422 περὶ

2086 1435 2185 1502 ἐμὲ
2221 1434 2496 1506 πρόνοιαν,
2524 1436 2552 1487 ό
2584 1434 2681 1504 τὴν
2716 1433 3015 1503 βακτηρίαν
3046 1434 3213 1504 μόνην
3247 1434 3666 1505 ἐπιφερόμενος,

2086 1517 2247 1586 ἡνίκα
2273 1518 2352 1580 είς
2386 1517 2484 1588 τὴν
2513 1515 2795 1587 ἀλλοτρίαν
2821 1516 3037 1586 ἀπῄειν,
3055 1517 3185 1569 Νῦν
3207 1518 3358 1585 μετὰ
3384 1517 3494 1570 δύο
3519 1534 3668 1584 παι-

2085 1600 2353 1668 εμϐολῶν
2388 1600 2784 1669 παραγέγονά.
2838 1599 2909 1651 Σὺ
2946 1594 3058 1662 οὖν,
3095 1598 3363 1662 Δέσποτα,
3399 1600 3427 1651 6
3458 1599 3666 1668 ταύτην

2087 1699 2178 1752 μοι
2209 1683 2306 1753 τὴν
2337 1683 2597 1753 εὐπορίαν
2620 1682 3007 1753 χαρισάμενος,
3033 1682 3060 1733 6
3085 1684 3163 1744 εἰς
3185 1681 3438 1734 τοσοῦτόν
3471 1699 3538 1751 με
3566 1683 3666 1734 αὑ-

2085 1764 2313 1834 ξηθῆναι
2348 1765 2795 1834 παρασκευάσας.
2833 1765 2896 1816 σὺ
2928 1764 3022 1817 νῦν
3068 1764 3318 1827 Ἔξελοῦ
3352 1781 3429 1832 με
3455 1765 3523 1816 ἐκ
3549 1781 3670 1831 χει-

2076 1846 2186 1914 ρὸς
2225 1846 2332 1900 τοῦ
2362 1847 2629 1916 ἀδελφοῦ
2674 1864 2795 1915 μου
2841 1845 3062 1909 Ἠσαῦ,
3097 1845 3188 1899 ὅτι
3225 1845 3514 1915 φοϐοῦμαι
3552 1845 3672 1915 ἐγὼ

2081 1931 2288 1996 αὐτὸν,
2331 1930 2567 2000 μήποτε
2611 1929 2847 1997 πατάξῃ
2886 1947 2983 1999 με,
3017 1930 3114 1983 καὶ
3164 1929 3395 1998 μητέρα
3425 1930 3523 1982 ἐπὶ
3571 1929 3667 1984 τό·

2084 2030 2274 2080 κνοις.
2316 2014 2400 2066 Σὺ
2441 2015 2646 2078 εἶπας·
2693 2009 2780 2067 Εὖ
2813 2027 2888 2066 σε
2929 2013 3196 2081 ποιήσω,
3233 2013 3329 2065 καὶ
3383 2011 3549 2077 θήσω
3598 2013 3667 2066 τὸ

2083 2097 2320 2166 σπέρμα
2347 2114 2462 2151 σου
2486 2098 2566 2161 ὡς
2596 2096 2712 2164 τὴν
2739 2095 2936 2164 ἄμμον
2959 2096 3070 2164 τῆς
3105 2096 3446 2164 θαλάσσης,
3480 2094 3518 2162 ἡ
3553 2098 3666 2150 οὐκ

2082 2177 2547 2246 ἀριθμηθήσεται
2571 2177 2689 2232 ὑπὸ
2729 2178 2835 2232 τοῦ
2864 2177 3136 2244 πλήθους
3160 2189 3209 2232 ο.

2155 2260 2218 2330 β’.
2265 2263 2406 2333 Ὅρα
2447 2261 2540 2314 τοῦ
2574 2261 2782 2315 δικαίου
2821 2260 2882 2314 τὸ
2923 2259 3167 2331 φιλόθεον
3205 2260 3301 2314 καὶ
3329 2261 3429 2331 τὴν
3466 2259 3670 2332 πολλὴν

2083 2343 2521 2415 εὐγνωμοσύνην,
2554 2344 2673 2407 πῶς
2695 2344 2848 2398 οὐδὲν
2869 2343 3054 2414 ἕτερον
3081 2341 3220 2405 ἀξιοῖ
3249 2341 3337 2394 τὸν
3365 2343 3664 2414 Δεσπότην,

2081 2427 2117 2496 ἢ
2166 2426 2265 2490 τὰς
2303 2426 2508 2489 οίκείας
2543 2426 2867 2497 ὑποσχέσεις
2904 2423 3211 2496 πληρῶσαι.
3269 2423 3381 2478 Καὶ
3429 2425 3521 2477 ἐπὶ
3553 2427 3701 2489 τοῖς

2083 2508 2447 2580 προλαϐοῦσιν
2495 2509 2847 2580 εὐχαριστίαν
2875 2506 3304 2576 ἐπιδειξάμενος,
3345 2507 3434 2560 καὶ
3474 2507 3668 2578 ὁμολο-

2080 2593 2258 2662 γήσας
2285 2591 2367 2644 ὅτι
2394 2591 2600 2661 γυμνὸν
2637 2591 2764 2643 ὄντα
2794 2591 2888 2642 καὶ
2925 2588 3341 2660 ἀπερριμμένον
3363 2591 3444 2652 εἰς
3481 2589 3509 2629 ἀ
3538 2608 3666 2643 τοσ-

2081 2674 2252 2744 αύτην
2283 2673 2602 2746 περιουσίαν
2654 2673 3009 2744 κατέστησεν,
3040 2671 3271 2724 ἱκετεύει
3297 2671 3392 2724 τοῦ
3418 2673 3671 2726 κινδύνου

2079 2757 2242 2812 αὑτὸν
2270 2756 2594 2828 ἐξαρπάσαι.
2639 2751 2833 2821 Εἷπας
2875 2754 3006 2826 7&9,
3042 2755 3228 2825 φησὶν,
3269 2753 3355 2806 ὅτι
3387 2754 3564 2820 Θήσω
3602 2755 3671 2809 τό

2080 2842 2319 2911 σπέρμα
2351 2857 2467 2895 σου
2495 2840 2576 2906 ὠς
2605 2837 2720 2906 τὴν
2751 2838 2948 2907 ἄμμον
2975 2838 3086 2906 τῆς
3118 2839 3462 2904 θαλάσσης,
3493 2836 3531 2905 ἢ
3555 2841 3669 2891 οὐκ

2078 2923 2635 2994 ἐξαριθμηθήσεται.
2666 2921 3042 2991 Ποιησάμενος
3074 2919 3130 2973 δὲ
3153 2919 3251 2991 τὴν
3282 2920 3419 2992 πρὸς
3446 2921 3538 2974 τὸν
3569 2924 3671 2973 Δε-

2082 3009 2287 3078 σπότην
2306 3005 2670 3077 παράκλησιν,
2692 3004 2785 3056 καὶ
2817 3005 2915 3075 τὴν
2942 3002 3220 3073 ἱκετηρίαν
3237 3005 3334 3073 τῆς
3363 3003 3671 3075 προσευχῆς

2079 3090 2379 3158 ἀνενέγκας
2407 3089 2484 3160 τῷ
2536 3087 2802 3158 Δεσπότη,
2836 3087 2932 3140 καὶ
2976 3085 3046 3138 τὰ
3096 3088 3225 3157 παρ’
3258 3084 3454 3139 ἑαυτοῦ
3497 3102 3669 3156 προσ·

2078 3172 2281 3242 τίθησι.
2319 3173 2429 3226 Καὶ
2471 3169 2672 3236 λαϐὼν,
2706 3170 2861 3240 φησὶ,
2909 3168 3085 3240 δῶρα,
3120 3169 3179 3232 ἐξ
3223 3164 3298 3222 ὧν
3334 3168 3668 3240 ἐπεφέρετο,

2079 3253 2366 3307 ἀπέστειλε
2395 3251 2472 3323 τῷ
2509 3250 2759 3320 ἀδελφῷ,
2791 3248 2980 3302 διελὼν
3018 3247 3084 3302 τὰ
3122 3249 3534 3313 ἀποσταλέντα,
3575 3249 3672 3301 καὶ

2080 3334 2296 3398 ἐντολάς
2339 3331 2608 3396 δεδωκὼς.
2653 3332 2794 3384 ὥστε
2841 3331 2934 3382 καὶ
2971 3328 3059 3382 διὰ
3090 3328 3197 3382 τῶν
3228 3328 3403 3398 λόγων
3441 3327 3671 3399 ἐξευμεο

2078 3413 2356 3476 νίσασθαι,
2394 3414 2488 3466 καὶ
2521 3410 2674 3483 [564]
2707 3408 2948 3480 μηνῦσαι
2982 3408 3080 3479 τὴν
3107 3408 3304 3461 ἑαυτοῦ
3343 3408 3668 3479 παρουσίαν.

2080 3495 2302 3548 Εἴπατε
2330 3491 2460 3562 γὰρ,
2491 3491 2676 3560 φησὶν,
2719 3488 2806 3540 ὅτι
2841 3486 2997 3542 Ἰδοὺ
3029 3491 3061 3540 ὁ
3091 3485 3232 3552 παῖς
3274 3502 3390 3540 σου
3417 3487 3670 3554 παραγί-

2078 3589 2243 3628 νεται
2277 3571 2469 3624 ὀπίσω
2494 3567 2694 3639 ἡμῶν·
2719 3566 2861 3620 ὥστε
2890 3565 3154 3637 πρότερον
3192 3564 3666 3634 ὲξευμενίσασθαι,

2079 3655 2173 3708 καὶ
2202 3654 2322 3706 τότε
2348 3653 2448 3723 τὴν
2488 3651 2629 3704 κατά
2661 3651 2954 3724 πρόσωπον
2985 3647 3149 3700 αὑτοῦ
3186 3643 3668 3724 γενέσθαισυντυ-

2080 3731 2221 3802 χίαν.
2238 3729 2400 3782 Μετὰ
2427 3727 2604 3780 τοῦτο
2630 3731 2762 3798 γὰρ,
2783 3728 2969 3798 φησὶν,
3003 3726 3223 3791 ὄψομαι
3247 3723 3311 3774 τὸ
3340 3723 3673 3802 πρόσωπον

2077 3800 2297 3868 αὐτοῦ’
2329 3810 2478 3875 ἴσως
2527 3807 2671 3877 γὰρ,
2721 3809 2888 3876 φησὶ,
2927 3803 3323 3872 προσδέξεται
3363 3800 3430 3853 τὸ
3470 3803 3666 3868 πρόσ-

2079 3890 2244 3945 ωπόν
2269 3905 2411 3958 μου.
2440 3885 2550 3940 Kal
2579 3884 3008 3952 προεπορεύετο
3033 3881 3102 3934 τὰ
3123 3879 3280 3958 δῶρα
3305 3879 3456 3931 κατὰ
3480 3881 3666 3947 πρόσ-

2078 3985 2243 4022 ωπον
2271 3957 2479 4020 αὑτοῦ.
2516 3963 2655 4018 Ἀλλ’
2684 3966 2786 4036 ὅρα
2821 3980 2913 4034 μοι
2941 3958 3176 4013 ἐνταῦθα
3207 3957 3372 4012 πάλιν
3399 3958 3494 4011 τοῦ
3528 3958 3664 4012 Θεοῦ

2076 4048 2176 4119 τὴν
2205 4048 2413 4116 ἄφατον
2435 4043 2868 4114 φιλανθρωπίαν,
2893 4041 2988 4094 καὶ
3019 4040 3177 4119 ὅπως
3197 4039 3284 4119 ἀεὶ
3313 4037 3664 4119 καταλλήλως

2075 4116 2175 4197 τήν
2203 4122 2410 4178 οἰκείαν
2441 4123 2698 4194 πρόνοιαν
2732 4119 3085 4173 ἐνδείκνυται.
3127 4117 3250 4197 ’ξπὶ
3295 4117 3394 4197 μὲν
3416 4116 3534 4197 *γὰρ
3570 4117 3665 4168 τοῦ

2076 4193 2286 4267 Λάϐαν,
2317 4201 2503 4273 ἐπειδὴ
2533 4202 2561 4253 6
2599 4200 2806 4261 δίκαιος
2841 4197 2993 4250 οὐδὲν
3031 4193 3274 4248 τοιοῦτον
3317 4193 3664 4260 ὑπώπτευεν,

2076 4284 2197 4337 οὑδὲ
2237 4283 2354 4354 ᾔδει
2403 4282 2484 4335 ὅτι
2524 4279 2741 4342 πάντως
2784 4276 2947 4332 αὑτὸν
2997 4273 3386 4354 καταλήψεταιΔ
3409 4275 3438 4327 6
3465 4275 3668 4354 711661»!

2077 4362 2220 4432 μετά
2240 4351 2438 4433 πολλῆς
2465 4360 2566 4431 τῆς
2595 4359 2770 4432 ὁρμῆς
2792 4357 2885 4410 ἐπὶ
2908 4355 2970 4408 τὸ
2999 4353 3314 4424 ἀμύνασθαι
3341 4351 3442 4433 τὸν
3457 4353 3668 4408 δίκαιον

2075 4442 2175 4512 τῆς
2206 4432 2708 4514 λάθραίγενομένης
2734 4435 3137 4514 ἀναχωρήσεως
3168 4433 3353 4514 ἕνεκα,
3379 4432 3456 4514 τῷ
3478 4433 3670 4514 Λάϐαν

2077 4512 2362 4590 ἐπιφανεὶς
2396 4518 2746 4573 καταστέλλει
2787 4513 2956 4570 αὑτοῦ
2991 4512 3089 4584 τὴν
3127 4512 3329 4584 ὁρμὴν,
3364 4512 3460 4565 καὶ
3487 4513 3669 4567 ἐντέλ-

2076 4600 2228 4653 λεται
2252 4598 2418 4670 μηδὲν
2450 4597 2528 4670 τῷ
2556 4596 2750 4651 Ἰακὼϐ
2779 4593 2914 4667 μηδὲ
2943 4595 3002 4646 ὲν
3030 4595 3236 4664 ῥήμασι
3267 4591 3508 4663 λυπηρὸν
3528 4593 3667 4647 ἀπο-

2075 4676 2523 4750 κρίνασθαι·Μὴ
2573 4676 2849 4742 λαλήσης
2901 4673 3034 4750 γὰρ,
3073 4671 3227 4750 φησὶ,
3267 4671 3418 4740 μετὰ
3470 4672 3673 4750 Ἰακὼϐ

2075 4749 2348 4824 πονηρόν
2368 4772 2383 4787 θ
2417 4755 2512 4807 καὶ
2537 4753 2696 4808 τοῦτο
2723 4752 2994 4823 ᾠκονόμει
3019 4749 3106 4804 διὰ
3131 4750 3232 4822 τῆς
3257 4751 3468 4803 ἐκείνου
3493 4749 3668 4819 γλώτ-

2074 4853 2174 4907 της
2223 4832 2498 4906 γνώριμον
2532 4832 2783 4901 γενέσθαι
2822 4831 2901 4902 τῷ
2955 4829 3182 4898 δικαίῳ,
3213 4828 3298 4881 ἵνα
3332 4827 3518 4907 μαθὼν
3566 4828 3668 4896 τὴν

2076 4906 2206 4986 περὶ
2253 4914 2416 4967 αὑτὸν
2449 4911 2826 4982 γεγενημένην
2871 4909 3185 4979 οἰκονομίαν
3215 4906 3667 4986 θαρσαλεώτερον

2075 4985 2344 5064 καταστῇ.
2384 4991 2520 5044 Νυνὶ
2565 4991 2662 5055 δὲ,
2715 4990 2904 5061 ἐπειδὴ
2933 4993 2961 5044 ὁ
3007 4989 3233 5058 ἀδελφὸς
3286 4987 3385 5058 μὲν
3419 4985 3522 5038 ὑπὸ
3571 4985 3663 5038 τοῦ

2074 5074 2267 5145 χρόνου
2300 5072 2558 5141 λωφήσας
2595 5065 2685 5140 ἣν,
2727 5070 2821 5123 καὶ
2851 5070 2941 5123 τδν
2984 5067 3154 5139 θυμὸν
3177 5067 3272 5145 καὶ
3307 5067 3415 5145 τὴν
3452 5064 3662 5145 ᾁγανᾲ-

2074 5138 2265 5220 κτησιν
2295 5138 2511 5214 παύσας
2540 5138 2636 5221 τὴν
2663 5148 2808 5202 κατὰ
2837 5148 2930 5200 τοῦ
2959 5138 3174 5208 Ἰακὼϐ,
3200 5138 3353 5206 οὗτος
3375 5143 3430 5196 δὲ
3458 5143 3668 5211 ἐναγώ-

2073 5249 2184 5296 νιος
2212 5227 2301 5302 ἦν,
2332 5229 2586 5292 δεδοικὼς
2623 5228 2720 5281 καὶ
2756 5226 2974 5295 τρέμων
3013 5224 3106 5277 τοῦ
3136 5221 3368 5302 ἀδελφοῦ
3404 5223 3504 5302 τὴν
3538 5239 3666 5302 συν-

2071 5300 2280 5381 τυχίαν,
2319 5311 2348 5362 ὁ
2381 5307 2584 5377 ἀγαθὸς
2610 5305 2890 5372 Δεσπότης
2915 5304 3020 5355 οὑκ
3052 5302 3133 5356 ἔτι
3161 5301 3238 5372 τῷ
3278 5301 3452 5381 Ἠσαῦγ
3483 5300 3665 5381 ἐντέλ-

2071 5379 2223 5444 λεται
2239 5406 2251 5419 ’
2279 5388 2400 5442 οὑδὲ
2418 5390 2527 5459 7&9
2547 5384 2860 5440 ὲϐουλεύετό
2879 5401 2934 5436 τι
2959 5381 3100 5436 κατά
3121 5382 3214 5436 τοῦ
3236 5380 3468 5450 ἀδελφοῦ
3490 5397 3504 5413 ο
3529 5379 3664 5435 ἀλλὰ

2070 5469 2162 5522 τὸν
2189 5468 2396 5523 δίκαιον
2430 5465 2860 5538 παραμυθεῖται.
2893 5460 3048 5516 Μετά
3077 5461 3185 5533 7&9
3215 5461 3278 5514 :6
3315 5459 3657 5520 ἀποστεῖλαι,

2073 5551 2241 5622 φησὶ,
2289 5550 2418 5612 τοὺς
2464 5548 2530 5601 τὰ
2578 5545 2728 5616 δῶρα
2775 5540 3243 5622 ἀποκομίζοντας,
3268 5619 3276 5622 Δ
3303 5539 3660 5622 καθεᾼυδῄσας,

2073 5617 2228 5700 φησὶ,
2265 5627 2358 5683 καὶ
2414 5626 2709 5691 Ἀναστὰς
2739 5625 2809 5678 ὲν
2840 5620 2915 5690 τῇ
2943 5618 3117 5675 νυκτί
3153 5619 3378 5688 ἐκείνῃ,
3413 5617 3661 5687 διήγαγε

2119 5751 2146 5791 δ
2174 5761 2320 5810 Coisl.
2343 5757 2588 5809 ῐκανοῦταί
2611 5775 2708 5820 μοι,
2723 5764 2776 5820 ει
2799 5756 2943 5820 paulo
2957 5753 3231 5820 ροδιᾶρκεῖς
3251 5771 3330 5816 μοι
3340 5753 3426 5812 τὴν
3449 5751 3622 5803 ἐπὶ.τοὺ

2127 5823 2151 5876 ';
2180 5823 2280 5870 Sex
2307 5835 2420 5870 mss.
2447 5822 2542 5870 ἀπὸ
2564 5817 2650 5868 τοὺ
2683 5817 2905 5876 πλήθους,
2927 5817 3054 5864 iorle
3078 5817 3274 5867 melirs.

2132 5874 2158 5916 ἀ
2183 5883 2280 5933 Sex
2306 5896 2420 5932 mss.
2446 5883 2618 5943 γυμνὸν
2639 5882 2749 5929 ὄντα
2769 5874 2848 5928 ιιαὶ
2877 5882 3047 5940 ἔρημον
3074 5877 3153 5932 εἷς.
