4142 6206
479 217 580 275 509

475 335 638 401 bach;
670 333 759 389 23.
791 343 838 388 et
863 333 1052 405 accepit
1075 349 1178 400 eos,
1208 344 1252 388 et
1289 336 1484 388 transiit
1513 346 1798 392 torrentem.
1830 339 1918 392 2i.
1951 338 2054 392 Re-

476 427 624 480 lictus
653 436 724 479 est
753 435 919 479 autem
944 425 1104 479 Jacob
1134 427 1293 494 solus,
1339 437 1386 480 et
1429 428 1710 482 luctabatur
1747 429 1896 483 homo
1940 447 2053 483 cum

471 533 550 572 eo.
597 515 776 587 llagna
825 516 1032 571 Domini
1081 517 1382 573 clementia.
1428 520 1688 585 Quoniam
1734 535 2054 575 occursurus

471 616 585 663 erat
611 606 778 674 fratri,
809 616 865 662 ut
891 609 1050 663 sciret
1079 610 1250 678 reipsa
1277 609 1420 679 quod
1449 610 1582 664 nihil
1616 625 1861 680 asperum
1910 611 2052 666 latu-

471 713 563 753 rus
586 707 744 762 esset,
777 699 829 754 in
860 697 1024 769 ﬁgura
1052 698 1282 754 hominis
1312 701 1498 756 luctari
1532 717 1652 757 cum
1687 703 1832 773 justo
1862 703 2049 758 voluit.

469 792 670 847 Deinde
697 792 882 847 videns
909 807 968 848 se
996 793 1136 848 vinci
1168 794 1271 864 (a),
1311 794 1403 851 25.
1446 797 1809 867 Apprehendit,
1857 797 2045 867 inquit,

467 885 782 939 latitudinem
819 887 1025 957 femoris
1062 888 1190 960 ejus.
1242 886 1432 943 Totum
1475 899 1653 944 autem
1702 890 1803 944 hoc
1852 889 2046 944 factum

465 984 568 1041 est,
597 985 656 1030 ut
680 991 739 1032 se
778 977 921 1032 illius
957 977 1241 1033 humilitati
1274 987 1670 1050 attemperaret,
1711 981 2044 1036 formidinem

463 1081 524 1118 ex
553 1065 727 1120 anima
751 1067 880 1136 justi
908 1067 1187 1136 eximeret,
1228 1077 1281 1123 et
1318 1070 1658 1140 persuaderet
1697 1071 1766 1137 ei,
1814 1081 1871 1125 ut
1911 1073 2043 1126 eit:a

462 1171 714 1227 angorem
741 1157 891 1213 fratri
918 1169 1244 1215 occurreret.
1277 1159 1409 1215 Nam
1438 1176 1557 1216 cum
1582 1162 1841 1217 tenuisset
1867 1163 2046 1216 latitu-

460 1244 639 1300 dinem
681 1245 896 1302 femoris
930 1247 1115 1314 Jacob,
1150 1247 1411 1304 Emarcuit
1457 1250 1672 1305 latitudo
1706 1252 1911 1323 femoris
1947 1250 2045 1304 Ja-

460 1337 569 1401 cob,
599 1354 710 1391 cum
751 1339 1112 1394 colluctaretur
1149 1340 1236 1394 ille
1274 1357 1388 1395 cum
1428 1358 1506 1396 eo.
1551 1342 1750 1396 Deinde
1783 1351 1838 1396 ut
1879 1343 2039 1396 sciret

458 1427 621 1484 Iacob
652 1431 898 1486 virtutem
925 1431 1042 1502 ejus
1069 1448 1226 1501 quem
1253 1447 1434 1488 secum
1465 1434 1652 1488 luctari
1684 1434 1924 1502 putabat,
1955 1433 2038 1488 di-

455 1520 525 1574 cit
545 1521 611 1575 ad
632 1537 754 1576 eum
799 1541 813 1578 :
858 1521 950 1578 26.
998 1523 1206 1576 Dimitte
1239 1540 1352 1588 me;
1395 1525 1620 1578 ascendit
1668 1527 1797 1580 enim
1826 1543 2033 1580 aurora.

455 1612 704 1667 Sentiens
733 1614 893 1684 igitur
917 1614 1090 1683 justus
1114 1615 1530 1684 magnitudinem
1553 1615 1764 1671 virtutis
1783 1618 1915 1687 ejus,
1944 1619 2035 1688 qui

457 1704 568 1756 lucc
592 1702 691 1757 sibi
717 1703 944 1767 dixerat,
976 1703 1113 1758 dixit
1149 1722 1162 1758 :
1191 1704 1404 1760 Minime
1433 1717 1480 1760 te
1517 1707 1790 1774 dimittam,
1824 1709 1923 1762 nisi
1959 1727 2036 1764 me

453 1793 781 1848 benedixeris.
815 1795 1002 1865 Magna
1029 1807 1392 1867 consequutus
1429 1814 1575 1865 sum,
1613 1809 1666 1855 et
1708 1816 1827 1872 qua:
1868 1816 2028 1872 supra

452 1898 625 1939 meam
651 1896 774 1940 sunt
797 1885 1104 1956 digniutem
1133 1904 1151 1943 τ
1177 1905 1282 1945 non
1310 1890 1456 1959 prius
1492 1901 1544 1947 te
1583 1892 1900 1962 relinquam,
1928 1895 2030 1949 do-

451 1988 549 2028 nec
578 1973 1002 2032 benedictionem
1038 1993 1067 2032 a
1111 1987 1162 2032 te
1181 1979 1457 2050 accipiam.
1504 1981 1705 2038 Deinde
1738 1982 1888 2051 dicit,
1936 1984 2025 2039 27.

452 2063 602 2131 Quod
629 2081 809 2121 nomen
833 2077 974 2122 tuum
994 2071 1109 2123 est?
1137 2069 1264 2126 Vide
1291 2071 1482 2126 iterum
1508 2083 1763 2142 quantum
1787 2090 1906 2131 sese
1929 2077 2030 2131 lu-

447 2153 615 2210 miliet
637 2164 693 2211 et
712 2165 1045 2228 attemperet.
1067 2158 1202 2215 Num
1229 2161 1274 2216 si
1298 2178 1406 2216 non
1430 2163 1828 2235 interrogasset,
1856 2167 2002 2222 nesci

447 2246 751 2319 vissetjusti
776 2252 1009 2307 nomen?
1031 2252 1242 2309 Sciebat
1261 2256 1442 2325 utique
1463 2273 1474 2309 :
1499 2256 1592 2310 sed
1612 2257 2026 2328 interrogatione

444 2340 556 2394 vult
578 2340 696 2411 ejus
730 2342 974 2397 fiduciam
1002 2344 1252 2407 solidare,
1285 2356 1338 2401 et
1365 2347 1560 2403 docere
1587 2349 1705 2418 quis
1748 2351 1816 2404 sit
1856 2351 1946 2420 qui
1974 2352 2021 2406 ei

443 2429 705 2500 loquatur.
735 2431 801 2486 Et
827 2443 1106 2504 postquam
1134 2435 1287 2502 dixit,
1317 2434 1503 2501 Jacob,
1526 2435 1617 2491 28.
1650 2438 1820 2508 inquit
1851 2455 1865 2492 :
1901 2439 2022 2494 Non

440 2521 698 2576 rocabitur
746 2541 927 2578 nomen
968 2534 1106 2579 tuum
1145 2527 1326 2593 Iacob,
1367 2528 1456 2581 scd
1493 2527 1664 2582 Israel
1699 2529 1792 2583 erit
1840 2547 2021 2586 nomen

440 2621 602 2667 tuum.
632 2613 884 2681 Quoniam
906 2615 952 2670 si
975 2626 1154 2670 contra
1178 2616 1344 2672 Deum
1370 2618 1518 2688 fortis
1539 2620 1699 2691 fuisti,
1731 2623 1889 2674 multo
1915 2636 2026 2673 ma-

438 2705 515 2774 gis
542 2715 716 2759 contra
742 2707 966 2761 homines
987 2718 1161 2779 potens
1185 2710 1304 2764 eris.
1333 2709 1520 2764 Vidisti
1543 2711 1812 2780 quomodo
1836 2723 2022 2766 Osten-

437 2795 515 2850 dit
541 2806 704 2851 totam
741 2812 978 2864 causam,
1009 2809 1224 2869 propter
1247 2815 1406 2870 quam
1437 2800 1571 2855 adeo
1608 2818 1666 2856 se
1690 2801 1921 2858 demisit.
1966 2814 2018 2859 et

437 2887 592 2941 simul
619 2888 800 2943 docuit
833 2888 1032 2958 justum
1072 2905 1166 2960 per
1197 2891 1426 2945 nominis
1467 2891 1860 2962 impositionem
1903 2896 2021 2964 quis

435 2987 576 3033 esset
595 2994 752 3049 quem
776 2980 968 3035 viderit
987 2989 1041 3035 et
1056 2981 1540 3051 comprehenderit.
1575 2982 1692 3039 Non
1723 2985 1856 3038 ul.r.z
1877 2987 2020 3041 enim

434 3070 688 3125 vocaberis
713 3069 896 3137 Iacob,
925 3073 1016 3127 sed
1037 3071 1209 3126 Israel
1234 3074 1326 3127 erit
1349 3091 1528 3129 nomen
1558 3085 1719 3130 tuum.
1749 3076 1904 3131 lsraél
1927 3092 2021 3131 au-

436 3170 572 3229 tem,
597 3163 639 3217 si
668 3163 786 3233 quis
815 3163 1213 3234 interpretetur,
1240 3175 1414 3231 sonat,
1441 3165 1637 3222 Videns
1662 3167 1846 3222 Deum.
1869 3167 2018 3235 Quo-

436 3252 573 3306 niam
601 3253 740 3308 sicut
765 3253 945 3310 videre
972 3254 1172 3309 homini
1206 3255 1456 3324 pOSsibile
1495 3265 1598 3323 cst,
1629 3257 1794 3313 Deum
1834 3258 2018 3315 videre

434 3343 711 3398 meruisti:
743 3355 1020 3414 propterea
1058 3353 1114 3400 et
1147 3344 1287 3400 hanc
1327 3347 1738 3417 appellationem
1785 3349 1877 3404 tibi
1913 3349 2017 3404 im-

436 3450 597 3506 pono,
626 3446 682 3492 ut
711 3439 962 3494 erunibus
987 3440 1213 3509 posteris
1242 3440 1582 3495 manifestum
1617 3442 1709 3508 sit,
1745 3456 1902 3512 quam
1943 3444 2019 3496 vi-

433 3527 638 3584 sionem
663 3539 982 3600 assequutus
1005 3531 1187 3586 lueris.
1219 3531 1285 3586 Et
1314 3531 1566 3602 subjicit:
1601 3531 1851 3599 Quoniam
1881 3551 2017 3605 pra:-

434 3620 633 3674 valuisti
655 3630 830 3673 contra
861 3619 1045 3686 Deum,
1085 3630 1130 3676 et
1170 3631 1345 3675 contra
1374 3623 1604 3677 homines
1641 3633 1816 3694 potens
1856 3625 1954 3679 eris
1997 3643 2016 3680 :

435 3709 565 3764 nihil
593 3710 818 3779 amplius
847 3710 975 3767 time
1011 3713 1052 3779 ‘,
1080 3727 1252 3782 neque
1298 3713 1552 3768 damnum
1581 3714 1794 3786 aliquod
1822 3732 2016 3786 exspe-

433 3811 569 3866 ctes,
600 3801 741 3872 quod
768 3803 836 3858 ab
859 3804 1037 3875 aliquo
1060 3804 1220 3860 feras.
1255 3805 1386 3860 Nam
1412 3807 1502 3877 qui
1531 3816 1727 3862 tantam
1767 3809 2015 3866 virtutem

434 3893 711 3962 accepisti,
743 3903 800 3949 ut
824 3909 945 3950 cum
977 3896 1085 3951 Deo
1122 3896 1307 3952 luctari
1351 3898 1601 3964 valueris,
1641 3900 1810 3955 multo
1848 3902 2018 3974 magis

435 3983 679 4040 homines
708 3986 1007 4055 super-abis,
1032 3995 1086 4042 et
1112 3987 1335 4043 invictus
1363 3988 1612 4044 οιιιιιίιιιιε
1646 3991 1774 4045 eris.

501 4077 560 4132 δι
598 4076 690 4132 llis
736 4077 931 4132 auditis
944 4078 1120 4148 justus
1169 4079 1552 4151 obstupescens
1599 4082 2013 4152 magnitudinem

429 4166 547 4234 ejus
575 4167 664 4238 qui
691 4183 873 4224 secum
899 4169 1325 4240 colloquebalur.
1354 4171 1484 4226 dicit
1511 4171 1561 4226 ei
1597 4188 1610 4225 :
1640 4171 1730 4227 29.
1759 4173 2016 4228 Annuntia

432 4257 557 4310 mihi
580 4275 762 4314 nomen
785 4269 946 4314 tuum.
972 4260 1038 4315 Et
1065 4261 1194 4316 dixit
1227 4277 1247 4316 :
1269 4260 1373 4318 Cur
1399 4264 1582 4333 quieris
1602 4280 1783 4318 nomen
1811 4281 1972 4318 meum
1989 4265 2016 4320 2

431 4349 498 4403 Ιίι
527 4350 777 4406 benedixit
801 4368 937 4408 eum.
969 4352 1110 4409 Intra
1135 4363 1259 4410 tuos
1276 4354 1497 4423 limites,
1531 4356 1726 4426 inquit,
1758 4371 1932 4422 mane,
1961 4367 2016 4414 ct

432 4458 499 4496 ne
529 4444 936 4513 transgrediaris
978 4462 1278 4502 mensuram
1319 4458 1485 4502 tuam.
1521 4448 1611 4504 Vis
1645 4465 1817 4504 meam
1850 4451 2013 4506 bene-

429 4533 718 4588 dictionem
745 4535 1022 4591 obtinere?
1055 4538 1193 4593 Ecce
1216 4554 1337 4593 eam
1367 4539 1459 4593 tibi
1481 4539 1569 4594 do.
1604 4540 1738 4596 Dicit
1761 4541 1924 4608 enim,
1949 4541 2014 4595 Et

428 4626 682 4679 benedixit
724 4643 857 4680 wm.
899 4627 993 4682 30.
1035 4627 1102 4682 Et
1139 4631 1354 4694 vocarit,
1386 4630 1594 4700 inquit,
1630 4630 1792 4686 Iacob
1835 4647 2014 4687 nomen

435 4716 528 4769 loci
556 4717 714 4782 illius,
748 4715 983 4786 Speciem
1022 4717 1134 4771 Dei.
1180 4717 1292 4772 Vidi
1327 4719 1459 4773 enim
1496 4717 1661 4774 Deum
1687 4721 1818 4791 facie
1841 4721 1910 4776 ad
1933 4721 2018 4792 fi;-

433 4806 586 4870 riem,
604 4816 652 4859 et
679 4806 822 4860 salsa
849 4810 988 4877 facta
1017 4817 1088 4861 est
1115 4807 1286 4861 anima
1316 4825 1447 4863 mea.
1483 4809 1644 4866 Vides
1669 4821 1924 4882 quantum
1962 4814 2012 4868 ei

432 4897 636 4953 litim-ia:
661 4916 690 4952 a
733 4899 938 4954 visione
975 4901 1046 4954 sit
1082 4901 1345 4956 inditum?
1375 4901 1532 4957 Salsa
1577 4905 1718 4974 facta
1742 4915 1814 4960 est
1842 4905 2014 4959 anima

494 5026 511 5092 ξ
545 5026 762 5092 Quinque
785 5033 915 5092 35s.,
938 5026 1174 5092 neminem
1196 5028 1401 5092 amplius
1417 5029 1551 5079 time.

493 5087 567 5146 (α)
600 5087 695 5155 μιᾳ
712 5090 872 5140 series
900 5103 959 5155 se
997 5087 1540 5155 intricatasn'exbibere
1584 5093 1749 5155 incipit
1780 5107 1794 5143 :
1830 5107 1940 5155 nam
1972 5095 2016 5144 si

431 5149 494 5226 ita
523 5163 579 5226 se
603 5148 799 5226 lugeat,
823 5156 876 5222 ut
898 5152 951 5226 in
971 5153 1116 5226 Iulius
1136 5160 1189 5226 et
1221 5153 1272 5226 is:
1294 5154 1622 5226 Mattttscriptis
1639 5148 2014 5226 euinmtsiegi-

431 5217 527 5266 tur,
552 5210 698 5259 Jaeob
715 5211 826 5280 ipse
849 5213 899 5280 _in
924 5211 1047 5263 lucta
1073 5216 1226 5264 victus
1247 5212 1413 5273 fuerit,
1439 5210 1543 5277 ipse
1572 5215 1756 5280 dixerit
1780 5230 1792 5264 :
1824 5210 2014 5280 [nasute

431 5283 523 5326 me,
547 5272 906 5322 ascenditens'm
927 5287 1122 5324 aurora.
1169 5281 1222 5325 Et
1259 5272 1421 5326 tamen
1455 5272 1549 5324 non
1582 5277 1723 5325 modo
1752 5277 2016 5328 tlebraicus

431 5340 616 5401 textus,
646 5346 915 5401 otnncsque
945 5342 1242 5400 Interpretes
1272 5338 1378 5401 haec
1397 5337 1547 5387 verba
1569 5338 1733 5386 dicunt
1761 5351 1874 5388 esse
1899 5339 2016 5401 eius

427 5393 805 5466 quiluctabatur
827 5393 936 5466 cum
960 5411 1048 5457 eo;
1073 5393 1167 5466 sed
1187 5412 1292 5466 Ipse
1335 5400 1704 5466 chrysosumms
1735 5401 1856 5448 intra
1877 5393 2012 5466 dicit,

429 5454 638 5524 sentiens
659 5455 805 5524 igitur
818 5457 981 5524 justus
1005 5454 1383 5524 magnitudinem
1428 5454 1616 5524 i'irtutis
1657 5461 1764 5522 ejus
1806 5462 1889 5524 qui
1924 5454 2016 5512 sibi

428 5513 532 5565 lucc
557 5513 766 5566 diui-at.
787 5513 1108 5577 Quanmbrem'
1126 5521 1315 5585 videtur
1325 5524 1505 5585 _series
1531 5513 1831 5585 aliqua'ntmti
1849 5525 2014 5572 vitiata

430 5590 560 5625 esse.
589 5585 695 5650 utut
720 5588 814 5636 est,
837 5588 1043 5644 textum,
1079 5580 1213 5634 nullo
1256 5582 1553 5647 sulfragaute
1587 5580 1786 5645 codice,
1823 5592 2016 5635 mutare

437 5651 652 5689 unum
671 5652 860 5691 51111118.

1499 220 1560 277 [Ν
1591 223 1740 278 CAP.
1786 223 1995 278 XXXII.
2033 222 2275 281 CENES.
2315 226 2542 282 ιιωιιι..
2585 227 2762 284 LVIII.

3647 243 3749 298 5ῑο

2164 354 2307 405 mea,
2362 357 2479 410 quae
2528 355 2644 398 erat
2695 349 3072 417 pr0pemodum
3125 363 3330 409 mortua
3374 370 3486 426 pra:
3533 358 3742 416 timore.

2160 429 2422 495 Quoniam
2465 433 2642 488 videre
2672 435 2799 490 mihi
2840 438 3020 492 datum
3063 451 3144 496 est
3189 443 3352 498 Deum
3399 448 3531 502 laeie
3569 449 3635 504 ad
3669 451 3746 504 l’a-

2158 520 2318 579 ciem,
2350 520 2508 575 Salva
2529 525 2667 593 facta
2694 535 2767 580 est
2794 529 2966 582 anima
2997 547 3124 586 mea.
3159 533 3247 586 3f.
3297 532 3452 589 Ortus
3475 548 3549 592 est
3581 549 3746 594 autem

2157 607 2201 660 ei
2229 609 2325 668 sol,
2355 613 2554 676 quando
2577 616 2819 682 praeteriit
2841 617 2967 671 visio
2996 617 3108 672 Dei.
3139 619 3325 676 Vidisti
3356 628 3624 692 quomodo
3662 630 3743 684 in.

2158 696 2394 752 ﬁrmitati
2419 701 2664 758 immania
2697 704 2950 761 Dominus
2993 723 3113 764 sese
3152 720 3532 784 attemperans,
3563 723 3739 775 omnia

2154 788 2261 855 agit
2291 798 2342 843 et
2371 800 2580 859 tractat,
2607 802 2662 847 ut
2691 808 2839 848 suam
2873 797 3252 867 benignitatem
3277 803 3544 860 declaret?
3580 809 3645 863 Et
3675 828 3741 865 ne

2153 877 2456 944 admireris,
2501 882 2714 948 dilecte,
2747 885 2888 954 quod
2929 896 3072 943 tanta
3111 890 3181 944 sit
3219 891 3560 964 indulgentia:
3598 897 3740 955 illius

2153 973 2498 1039 magnitudo:
2526 975 2618 1029 sed
2645 978 2812 1046 cogita
2841 979 3106 1046 quomodo
3144 990 3198 1037 et
3236 985 3571 1053 patriarcha},
3614 1006 3737 1045 cutn

2149 1061 2287 1130 apud
2320 1079 2571 1132 quercum
2596 1068 2834 1135 sederet,
2859 1069 2909 1122 in
2941 1070 3172 1126 hominis
3199 1077 3362 1144 figura
3388 1092 3506 1130 cum
3532 1081 3737 1148 angelis

2149 1150 2346 1221 hospes
2370 1154 2552 1221 fuerit,
2579 1158 2903 1228 prarsignans
2945 1162 3098 1218 nobis
3127 1162 3238 1233 jatn
3272 1167 3438 1221 multo
3481 1180 3637 1224 antea
3679 1181 3736 1226 et

2146 1241 2214 1294 ab
2241 1242 2393 1298 initio
2421 1258 2480 1298 se
2511 1247 2793 1301 Imma-nam
2820 1260 3062 1304 naturam
3088 1265 3458 1324 suscepturum
3485 1273 3606 1314 esse
3625 1299 3644 1327 ,
3674 1273 3732 1316 ut

2145 1333 2222 1387 sic
2241 1348 2452 1390 clunem
2481 1337 2764 1393 lmmanam
2791 1351 3033 1396 naturam
3077 1359 3108 1397 a
3135 1345 3330 1401 diaboli
3361 1351 3639 1419 tyrannide
3670 1353 3731 1407 li-

2147 1423 2377 1493 berarct,
2409 1439 2460 1483 et
2490 1429 2554 1482 ad
2581 1431 2808 1486 salutem
2839 1434 3139 1490 reduceret.

2226 1516 2420 1574 Veritas
2465 1520 2829 1578 incarnationis
2875 1525 3204 1592 declaratur;
3245 1529 3600 1597 beneficiorum
3639 1533 3728 1587 Dei

2142 1623 2465 1666 monumenta
2495 1614 2544 1667 in
2573 1614 2939 1686 Scriptura.—-—
2955 1617 3150 1673 Verum
3182 1628 3303 1674 tunc
3330 1622 3564 1691 quidem,
3595 1640 3726 1694 quo-

2141 1700 2281 1754 niam
2313 1703 2458 1756 initia
2489 1717 2542 1759 et
2569 1706 2828 1776 principia
2855 1718 3027 1773 erant,
3065 1711 3124 1763 in
3143 1709 3306 1780 ﬁgura
3338 1713 3623 1785 unicuique
3657 1717 3724 1770 il-

2138 1789 2310 1844 lorum
2339 1794 2648 1863 apparebat,
2675 1797 2814 1852 sicut
2846 1799 2961 1868 ipse
2993 1815 3087 1869 per
3111 1802 3272 1854 alium
3303 1803 3613 1872 prOpItclattI
3645 1807 3727 1860 di-

2136 1881 2207 1935 cit
2236 1897 2252 1935 :
2283 1881 2394 1953 Ego
2424 1884 2636 1940 visiones
2663 1889 3012 1960 multiplicari,
3037 1901 3081 1944 et
3109 1893 3160 1945 in
3185 1895 3418 1949 manibus
3447 1898 3718 1966 propheta-

2134 1989 2247 2027 rum
2272 1977 2582 2031 assimilatas
2622 1995 2732 2033 sum
2769 1980 2924 2049 (Osee
2972 1984 3057 2036 i2.
3094 1984 3184 2055 f0)
3230 2002 3244 2038 ε
3290 1985 3502 2056 quando
3543 1999 3720 2046 autent

2132 2062 2379 2134 dignatus
2405 2077 2489 2123 est
2517 2070 2771 2128 Dominus
2795 2071 3079 2129 huinanam
3103 2072 3330 2132 formam
3353 2081 3645 2150 suscipere,
3669 2093 3725 2138 et

2135 2158 2392 2224 primitias
2422 2171 2630 2216 nostras
2659 2163 2916 2232 recipere,
2949 2181 3052 2220 non
3084 2166 3137 2220 in
3167 2167 3330 2237 ﬁgura
3363 2186 3534 2240 neque
3557 2187 3723 2242 appa.

2133 2255 2340 2302 rentem
2371 2258 2574 2305 tantum
2604 2267 2841 2318 carnem,
2873 2254 2966 2308 sed
2996 2270 3180 2310 veram
3211 2257 3400 2313 induit.
3437 2259 3504 2315 Et
3523 2277 3721 2332 capro-

2131 2346 2248 2405 pter
2289 2339 2455 2394 voluit
2501 2356 2596 2410 per
2637 2344 2813 2396 omnia
2860 2355 3039 2398 nostra
3085 2349 3344 2414 transire,
3389 2365 3450 2404 ex
3498 2352 3723 2408 muliere

2131 2429 2302 2494 nasci,
2330 2429 2503 2486 infans
2533 2431 2668 2498 ﬁeri,
2713 2435 3010 2503 panniculis
3054 2437 3270 2506 involvi,
3298 2449 3354 2493 ct
3388 2440 3522 2495 lacte
3552 2443 3717 2510 pasci,

2127 2519 2338 2589 aliaque
2382 2523 2558 2576 omnia
2603 2524 2768 2592 ferre,
2802 2535 2858 2579 ut
2898 2527 3312 2594 dispensationis
3357 2531 3552 2586 veritas
3591 2549 3718 2589 cre-

2125 2607 2342 2664 dibilior
2396 2623 2574 2676 esset,
2629 2623 2683 2668 et
2731 2614 3104 2670 haereticorum
3164 2632 3256 2670 ora
3318 2619 3713 2676 obturarentur.

2129 2699 2412 2770 Propterea
2470 2712 2525 2758 et
2579 2703 2778 2760 dormit
2833 2705 2886 2760 in
2945 2705 3106 2772 navi,
3175 2716 3232 2761 et
3289 2708 3389 2762 iter
3446 2709 3602 2775 facit,
3661 2721 3719 2766 et

2125 2792 2406 2864 fatigatur,
2456 2803 2510 2849 et
2557 2795 2735 2849 omnia
2783 2795 3014 2851 humana
3062 2797 3326 2862 sustinet,
3377 2809 3433 2853 ut
3478 2816 3572 2869 per
3625 2817 3714 2857 res

2125 2882 2270 2954 ipsas
2337 2884 2604 2955 certisque
2659 2887 2990 2955 argumentis
3057 2888 3373 2956 persuadeat
3442 2890 3713 2946 omnibus.

2124 2973 2350 3044 Propter
2378 2975 2482 3031 hoc
2525 2976 2687 3031 etiam
2728 2977 2978 3033 tribunali
3022 2979 3223 3045 adstat,
3265 2989 3322 3036 et
3364 2982 3710 3052 cruciﬁgitur,

2123 3075 2455 3137 mortemque
2482 3067 2712 3122 sustinet
2740 3069 3320 3138 ignominiosissimam,
3351 3080 3406 3126 ct
3446 3073 3498 3127 in
3536 3075 3717 3144 sepul-

2122 3170 2216 3210 cro
2245 3158 2478 3226 ponitur,
2513 3168 2570 3213 ut
2606 3175 2703 3215 sua
2745 3160 3041 3215 incarnatio
3071 3177 3166 3233 per
3189 3163 3368 3216 omnia
3409 3164 3500 3219 ﬁat
3543 3167 3713 3220 mani-

2122 3248 2440 3305 festa.‘Nam
2468 3252 2515 3306 si
2542 3268 2648 3307 non
2683 3268 2809 3307 vere
2849 3267 3066 3308 carnem
3103 3263 3342 3310 nostram
3379 3258 3708 3326 assumpsit:

2121 3357 2294 3412 neque
2319 3343 2606 3398 cruciﬁxus
2630 3351 2734 3408 est,
2766 3359 2940 3415 neque
2963 3355 3224 3412 mortuus,
3249 3359 3422 3414 neque
3449 3347 3716 3416 sepultus,

2122 3448 2293 3503 neque
2332 3436 2644 3490 resurrexit.
2688 3434 2839 3504 Quod
2870 3436 3048 3490 sinon
3077 3436 3396 3502 resurrexit,
3441 3438 3618 3492 omnis
3643 3439 3718 3494 de

2123 3523 2488 3580 incarnatione
2517 3540 2698 3580 sermo
2722 3527 3012 3582 subversus
3041 3535 3144 3582 est.
3181 3527 3340 3582 Vides
3370 3529 3422 3581 in
3452 3539 3707 3598 quantam

2121 3613 2506 3669 absurditatem
2531 3615 2773 3670 incidunt
2799 3617 2890 3686 qui
2915 3616 3108 3671 divina:
3137 3617 3426 3688 Scriptura:
3447 3632 3708 3674 canonem

2118 3703 2271 3773 sequi
2325 3704 2550 3771 nolunt,
2605 3706 2698 3760 sed
2751 3707 2866 3761 suis
2925 3707 3339 3778 cogitationibus
3399 3708 3712 3778 permittunt

2118 3793 2339 3847 omnia?
2382 3794 2576 3869 Verum
2624 3796 2761 3851 sicut
2805 3795 2892 3850 hic
2939 3797 3217 3867 perspicua
3246 3808 3330 3853 est
3375 3799 3593 3866 veritas,
3637 3800 3708 3852 ita

2117 3883 2257 3953 apud
2291 3883 2495 3953 justum
2526 3885 2677 3940 illum
2729 3885 2897 3956 ﬁgura
2939 3885 3184 3956 quzcdam
3227 3897 3362 3953 erat,
3414 3904 3510 3958 per
3546 3905 3711 3960 quam

2115 3976 2298 4045 justus
2328 3977 2509 4033 multis
2535 3979 2866 4049 argumentis
2893 3979 3093 4034 certior
3135 3978 3306 4042 ﬁeret,
3338 3993 3590 4051 quamam
3623 3984 3712 4036 sui

2117 4082 2298 4124 curam
2330 4070 2468 4125 Deus
2512 4069 2755 4138 haberet,
2795 4081 2858 4126 et
2909 4072 3161 4128 invictum
3209 4087 3269 4128 se
3316 4074 3548 4128 futurum
3586 4089 3712 4130 esse

2116 4161 2366 4215 omnibus
2395 4162 2484 4232 qui
2515 4162 2616 4217 sibi
2646 4163 3046 4220 insidiarentur.
3078 4164 3297 4228 Deinde,
3325 4177 3377 4220 ut
3412 4168 3706 4235 posteritati

2118 4259 2242 4303 nota
2272 4251 2422 4306 ﬁeret
2447 4253 2563 4322 ejus
2593 4252 2747 4320 visio,
2782 4251 3123 4321 Claudicauit,
3153 4255 3342 4324 inquit,
3374 4243 3565 4323 femore
3583 4272 3706 4311 suo.

2119 4342 2207 4396 52.
2248 4342 2469 4415 Propter
2492 4344 2588 4398 hoc
2615 4362 2716 4399 non
2742 4345 3008 4400 comedunt
3049 4345 3146 4414 filii
3186 4345 3352 4399 Israel
3382 4362 3586 4398 neri-um
3615 4349 3702 4416 qui

2117 4437 2380 4504 emarcuit,
2415 4437 2501 4508 qui
2541 4449 2613 4492 est
2653 4455 2806 4510 super
2849 4436 3166 4492 latitudinem
3192 4432 3418 4508 femoris,
3460 4454 3616 4509 usque
3655 4441 3714 4493 iss

2117 4529 2250 4583 hunc
2279 4529 2410 4584 diem
2438 4543 2458 4584 :
2487 4529 2608 4601 quia
2635 4529 2800 4602 attigit
2839 4545 3047 4584 nervum
3091 4543 3241 4598 super
3271 4527 3593 4582 latitudinem
3628 4533 3708 4601 [θ-

2117 4621 2270 4676 moris
2289 4619 2470 4689 Iacob,
2497 4632 2544 4676 et
2565 4622 2831 4678 emarcuit.
2859 4620 3121 4688 Quoniam
3148 4620 3292 4675 enim
3322 4620 3497 4691 justus
3525 4620 3710 4690 imp3e~

2118 4714 2185 4768 tis
2210 4715 2331 4768 vitm
2371 4730 2483 4769 sua:
2521 4714 2698 4783 annis,
2745 4715 3099 4785 emigraturus
3133 4723 3247 4769 erat
3288 4729 3355 4768 ex
3394 4713 3494 4769 hac
3533 4714 3646 4768 vita-
3688 4731 3706 4765 :

2116 4807 2396 4876 oportebat
2420 4816 2598 4861 autem
2629 4806 3016 4876 providentiam
3046 4806 3138 4861 Dei
3181 4807 3233 4860 in
3265 4806 3436 4868 illum,
3475 4812 3530 4859 et
3575 4813 3702 4859 tau-

2119 4907 2223 4952 tam
2255 4899 2345 4953 Dei
2372 4898 2870 4966 attemperationem
2908 4900 3052 4953 omni
3086 4898 3358 4952 hominum
3385 4895 3569 4965 generi
3599 4894 3700 4949 de-

2116 4990 2307 5044 clarari
2337 5006 2350 5042 z
2383 4987 2538 5056 Ideo,
2562 4989 2751 5060 inquit,
2793 5007 2894 5044 non
2933 4992 3198 5044 comedunt
3244 4988 3340 5058 filii
3383 4985 3553 5042 Israel
3584 5003 3705 5040 uero

2118 5099 2231 5135 υιινι
2274 5081 2559 5136 latitudinis
2593 5083 2821 5152 femoris,
2865 5084 2948 5152 qui
2993 5081 3256 5136 emarcuit.
3305 5078 3490 5134 Sciens
3518 5093 3712 5133 curnt»

2117 5174 2402 5228 admodum
2431 5173 2689 5243 ingratam
2721 5184 2976 5239 mentem,
3017 5184 3071 5228 ct
3114 5187 3271 5242 quam
3316 5170 3473 5226 facile
3509 5170 3708 5226 oblivi-

2117 5273 2332 5320 scantur
2351 5263 2442 5319 Dei
2469 5263 2743 5327 beneficia,
2773 5273 3026 5334 perpetuo
3045 5261 3250 5316 artibus
3279 5259 3593 5333 quibusdam
3622 5260 3703 5315 ef-

2120 5358 2229 5412 ﬁcit
2267 5369 2321 5412 ut
2349 5369 2689 5412 monumenta
2727 5357 2957 5411 habeant
2999 5371 3187 5410 cormn
3231 5370 3350 5426 qua:
3389 5368 3419 5407 a
3462 5368 3521 5408 se
3567 5353 3706 5407 facta

2120 5459 2264 5517 sunt,
2299 5447 2646 5520 providetque
2671 5461 2728 5502 ut
2766 5448 2853 5503 illa
2894 5449 3218 5502 monimenta
3261 5461 3358 5518 per
3402 5444 3706 5514 hujusmodi

2120 5542 2520 5598 observationes
2543 5540 2946 5607 custodiantur;
2976 5539 3026 5595 id
3066 5537 3209 5610 quod
3253 5553 3348 5608 per
3376 5535 3704 5605 Scripturam

2125 5644 2289 5691 totam
2308 5635 2568 5692 invenies.
2597 5632 2721 5691 llatc
2745 5634 2888 5690 enim
2916 5632 3151 5690 maxima
3175 5638 3435 5688 causaest
3453 5626 3704 5700 plurima-
