4142 6206
526 229 626 284 εει

528 359 646 399 rem
675 341 1132 408 observationem,
1156 337 1301 409 quod
1330 335 1459 390 velit
1497 342 1751 404 perpetuo
1783 333 1986 387 futuras
2009 347 2101 400 ge-

528 435 832 491 nerationes
870 431 1115 488 meditari
1161 427 1418 483 beneﬁcia
1463 426 1578 491 Dei,
1617 433 1674 480 et
1711 439 1817 478 non
1849 422 2116 478 oblivione

529 541 780 596 utinquam
805 523 1150 578 obliterantes
1174 518 1243 572 ad
1268 532 1396 572 suos
1423 530 1638 572 errores
1664 528 1944 569 recurrere
1979 530 1994 567 :
2023 512 2115 583 qui

528 633 648 675 nios
676 618 773 672 fuit
795 615 1100 670 .lndreorum
1128 612 1358 666 maxime
1375 610 1521 682 genti
1545 609 1846 680 peculiaris.
1870 607 2002 662 Nam
2024 606 2115 677 qui

527 710 600 765 de
621 706 896 764 beneficiis
916 719 1060 775 sarpe
1085 718 1348 758 summam
1377 718 1484 772 pra:
1511 715 1571 756 se
1596 700 1832 755 tulerunt
1856 699 2115 769 ingratam

527 803 892 864 voluntatem,
943 796 1110 852 multo
1149 795 1339 865 magis,
1385 793 1486 848 nisi
1513 794 1617 849 hoc
1656 792 1843 846 fuisset
1892 790 2112 856 factum,

526 890 707 946 omnia
733 903 856 959 qnze
893 903 925 942 a
965 888 1075 942 Deo
1121 887 1173 940 in
1215 886 1361 956 ipsos
1390 883 1526 939 facta
1567 892 1713 946 sunt,
1747 897 1780 936 e
1811 890 1988 936 mente
2021 896 2118 936 sua

527 981 868 1051 abjecisseut.
904 979 1171 1034 Caeterum
1211 975 1485 1031 videamus
1523 989 1666 1030 nunc
1704 971 1977 1045 quomodo
2006 972 2116 1026 fra-

530 1074 597 1130 tri
633 1088 731 1127 suo
750 1069 984 1127 Jacobus
1006 1068 1320 1125 occurrerit.
1348 1068 1634 1137 Postquam
1649 1067 1797 1122 enim
1827 1080 1891 1120 ex
1914 1064 1980 1119 iis
1997 1077 2119 1133 qua:

528 1166 665 1220 facta
691 1171 836 1229 sunt,
869 1163 1114 1218 idoneam
1135 1160 1343 1231 accepit
1363 1159 1785 1214 consolationem
1807 1167 1862 1211 et
1889 1156 2116 1226 promis-

469 1322 476 1327 .
529 1263 736 1311 sionem
771 1253 915 1325 quod
964 1253 1117 1308 fortis
1155 1251 1368 1306 futurus
1411 1257 1578 1317 esset,
1623 1257 1686 1304 et
1726 1259 1916 1318 potens
1953 1247 2118 1301 etiam

529 1356 716 1401 contra
742 1345 1007 1408 homines,
1041 1343 1094 1398 l.
1126 1341 1352 1396 Elevatis
1376 1339 1538 1394 oculis
1566 1338 1712 1404 uidit,
1755 1345 1802 1392 et
1829 1352 1944 1391 ecce
1976 1335 2120 1390 Esau

529 1442 690 1508 frater
716 1437 849 1506 ejus,
877 1445 925 1488 et
945 1433 1302 1504 quadringenti
1317 1432 1414 1486 uiri
1437 1447 1556 1485 cum
1591 1445 1672 1484 eo.
1707 1429 1772 1483 Et
1817 1428 1983 1483 diuisit
2023 1427 2120 1481 Jo-

529 1529 621 1583 cob
646 1544 829 1597 pueros
854 1527 922 1579 ad
948 1525 1094 1578 Liam
1115 1534 1163 1578 et
1189 1523 1404 1589 Rachel,
1433 1532 1479 1576 et
1521 1522 1652 1574 duas
1683 1521 1919 1574 ancillas.
1953 1519 2011 1573 2.
2053 1519 2121 1573 Et

536 1620 704 1689 posuit
731 1619 860 1672 duas
899 1617 1114 1671 ancillas
1154 1625 1202 1669 et
1231 1631 1414 1684 pueros
1463 1630 1640 1668 eorum
1675 1613 1729 1667 in
1771 1611 2040 1684 principio,
2075 1623 2121 1666 et

533 1711 682 1766 Liam
706 1721 752 1764 et
778 1725 958 1780 pueros
985 1710 1094 1780 ejus
1120 1718 1294 1778 postea
1314 1747 1330 1772 ,
1373 1716 1421 1762 et
1465 1706 1661 1761 Rachel
1705 1722 1768 1760 ac
1798 1705 1992 1776 Joseph
2030 1721 2122 1776 po-

535 1815 766 1859 stremos.
786 1804 839 1859 '5.
875 1801 999 1871 Ipse
1021 1811 1191 1856 autem
1227 1802 1480 1872 prmssit
1511 1810 1630 1854 ante
1673 1817 1760 1854 eos
1800 1809 1848 1854 et
1891 1798 2121 1852 adorauit

533 1911 688 1965 super
725 1905 910 1948 terrain
947 1895 1150 1963 septies,
1179 1893 1339 1946 donec
1362 1891 1784 1964 oppmpinquauit
1815 1890 1884 1943 ad
1912 1889 2124 1959 fratrem

530 2006 680 2044 suum
702 1988 860 2062 (Cap.
885 1989 956 2044 9.8
973 1991 1012 2060 ).
1045 1987 1180 2043 Vide
1206 1987 1475 2058 quomodo
1502 1986 1767 2042 divisione
1805 1985 1940 2040 facta
1960 2026 1975 2051 ,
2008 1985 2124 2056 ipse

533 2097 644 2151 pra:
673 2081 922 2136 omnibus
954 2079 1205 2135 occurrit.
1241 2077 1307 2132 Et
1343 2078 1575 2132 adorauit
1607 2093 1760 2148 super
1793 2085 1999 2141 terram,
2040 2076 2124 2130 in-

531 2172 666 2242 quit,
695 2172 897 2242 septies,
929 2171 1088 2224 donec
1116 2170 1546 2242 appropinquavit
1581 2168 1650 2222 ad
1690 2172 1898 2240 fratrem
1924 2184 2074 2222 suum
2106 2182 2126 2220 :

533 2279 630 2334 per
663 2272 866 2334 gestus,
898 2272 955 2318 et
980 2277 1076 2333 per
1103 2262 1468 2318 adorationem
1498 2261 1718 2317 fratrem
1750 2261 1802 2316 in
1846 2262 1927 2317 sui
1957 2261 2123 2316 bene-

532 2355 820 2410 volentiam
853 2368 1188 2424 provocans:
1219 2351 1270 2407 id
1297 2353 1440 2423 quod
1465 2361 1521 2407 et
1545 2351 1740 2406 factum
1766 2361 1868 2407 est.
1901 2351 1956 2407 4.
1987 2350 2126 2404 Nam

534 2445 679 2501 Esaia
702 2461 990 2510 occurrens,
1015 2444 1207 2513 inquit,
1238 2444 1557 2513 amplexatus
1585 2453 1659 2496 est
1685 2459 1820 2508 eum,
1845 2453 1894 2496 et
1921 2444 2123 2497 osculo-

535 2548 616 2592 tus
642 2547 734 2601 est,
761 2535 1070 2605 prociditque
1105 2535 1160 2588 in
1185 2535 1376 2587 collum
1404 2534 1515 2604 ejus
1545 2549 1563 2586 :
1602 2543 1649 2586 et
1677 2531 1868 2601 ﬂebant
1896 2541 2121 2602 uterque.

605 2627 664 2681 4.
709 2625 838 2680 Vide
865 2624 1318 2694 dispensationem
1351 2623 1445 2678 Dei
1477 2640 1491 2676 :
1519 2622 1663 2693 quod
1707 2622 1849 2677 enim
1888 2621 2005 2678 heri
2045 2624 2129 2678 di-

533 2719 743 2784 ecbam,
763 2717 814 2772 id
835 2717 1128 2772 etiamnum
1153 2715 1347 2771 dicam.
1375 2715 1598 2784 Quando
1623 2716 1734 2770 vult
1752 2715 1992 2770 omnium
2019 2717 2123 2771 Do-

535 2812 714 2866 minus
755 2824 905 2864 suam
947 2824 1072 2881 erga
1119 2824 1220 2865 nos
1264 2807 1541 2866 declarare
1586 2810 1996 2880 providentiam,
2031 2825 2126 2866 eos

536 2902 697 2958 etiam
722 2901 814 2973 qui
843 2902 1008 2958 atroci
1038 2902 1090 2956 in
1137 2915 1236 2957 nos
1263 2901 1442 2957 animo
1468 2910 1614 2968 sunt,
1658 2901 1846 2957 ovibus
1879 2917 2128 2957 mansue-

537 2993 702 3050 tiores
745 2992 891 3048 facit.
937 2993 1229 3048 Considera
1273 2992 1434 3064 igitur
1474 3001 1727 3063 quantam
1776 2994 2126 3049 mutationem

536 3086 774 3141 declarat
818 3084 981 3140 Esau.
1029 3084 1262 3138 Accurrit
1308 3084 1473 3151 enim,
1519 3085 1707 3156 inquit,
1758 3084 1812 3139 in
1863 3101 2127 3140 occursum

534 3178 667 3248 ejus,
713 3185 762 3230 et
809 3176 1129 3246 amplexatus
1174 3192 1289 3231 cum
1337 3176 1593 3230 osculatus
1633 3185 1742 3240 est;
1791 3187 1837 3231 et
1883 3178 2127 3246 fleuerunt

535 3270 702 3324 ambo.
730 3269 829 3325 Vix
857 3268 1068 3323 tandem
1091 3269 1269 3338 justus
1289 3269 1573 3340 respiravit
1593 3277 1648 3324 et
1675 3269 1920 3324 timorem
1942 3285 2129 3326 excus-

536 3361 625 3423 sit,
658 3359 950 3432 animosior
980 3359 1170 3413 factus.
1203 3360 1256 3415 5.
1283 3358 1508 3415 Eleuotis
1533 3369 1702 3414 autem
1726 3362 1904 3428 oculis,
1934 3361 2124 3432 inquit,

539 3451 680 3507 Esau
704 3451 829 3505 cidit
866 3452 1099 3505 mulieres
1127 3460 1174 3506 et
1211 3467 1412 3522 pueros,
1444 3462 1492 3506 et
1533 3452 1683 3520 dixit,
1719 3451 1856 3520 Quid
1897 3453 2005 3508 hcce
2040 3454 2130 3510 tibi

536 3545 692 3599 sunt?
715 3543 912 3600 Videns
935 3544 1078 3598 enim
1108 3543 1287 3598 fratris
1316 3541 1617 3610 facultates,
1645 3544 1697 3598 in
1722 3543 2126 3602 admirationem

535 3637 796 3693 adductus
815 3646 919 3704 est,
944 3636 1065 3692 ideo
1085 3647 1140 3692 et
1165 3651 1354 3708 rogare
1371 3636 1560 3691 voluit.
1579 3636 1716 3704 Quid
1739 3637 1897 3708 igitur
1910 3638 2127 3708 justus?

542 3729 687 3794 Filii,
715 3728 905 3800 inquit,
935 3738 1073 3794 sunt,
1099 3727 1280 3800 quibus
1325 3727 1716 3782 misericorditer
1742 3728 1947 3784 donavit
1990 3728 2128 3784 Deus

536 3839 733 3876 servum
760 3831 923 3875 tuum.
955 3819 1091 3876 Vide
1113 3827 1372 3891 quantum
1394 3819 1820 3876 mansuetudinis
1841 3821 2004 3876 robur
2032 3839 2045 3875 :
2073 3831 2128 3877 et

539 3911 807 3981 quomodo
836 3927 934 3982 per
959 3911 1242 3966 verborum
1271 3910 1566 3967 modestam
1596 3910 1947 3967 humilitatem
1986 3912 2127 3968 illius

540 4004 959 4075 indignationem
987 4003 1146 4074 fregit
1171 4012 1225 4059 et
1249 4003 1530 4074 mitigavit.
1561 4002 1614 4058 6.
1651 4003 1718 4057 Et
1745 4005 2128 4076 appropinqua-

540 4104 741 4160 rerunt,
769 4095 961 4164 inquit,
984 4095 1185 4149 ancilla
1207 4104 1256 4149 et
1279 4095 1397 4164 ﬁlii.
1424 4095 1480 4150 7.
1508 4093 1577 4148 Et
1603 4096 1941 4151 odoroverunt
1963 4096 2058 4150 Lia
2077 4107 2126 4152 et

538 4184 750 4239 Rachel.
796 4183 863 4239 Et
891 4185 1018 4240 dixit
1054 4200 1073 4240 :
1105 4185 1159 4241 8.
1209 4186 1348 4251 Quid
1376 4187 1483 4241 haec
1521 4187 1608 4241 tibi
1641 4197 1780 4255 sunt,
1824 4189 1996 4242 omnia
2033 4204 2126 4242 ca-

534 4286 639 4330 stra
661 4275 753 4330 illa
778 4292 893 4347 quas
921 4276 1045 4330 mihi
1068 4276 1265 4330 obuiam
1289 4286 1529 4331 venerunt
1545 4277 1571 4330 2
1593 4275 1696 4332 Ille
1737 4288 1907 4333 autem
1933 4279 2063 4333 dixit
2105 4294 2126 4334 :

539 4366 608 4423 Ut
632 4369 849 4423 inveniat
877 4386 1045 4424 seruus
1072 4379 1189 4424 tuus
1214 4371 1432 4442 gratiam
1457 4386 1627 4424 coram
1657 4381 1724 4425 te.

610 4457 915 4516 Humilitate
935 4460 1085 4514 uincit
1112 4465 1322 4532 fratrem
1340 4459 1522 4516 Iacob.
1541 4490 1613 4501 —
1626 4461 1942 4530 Considera,
1963 4463 2126 4519 obse-

534 4563 651 4616 cro,
681 4550 949 4618 quomodo
988 4550 1286 4607 humilitate
1329 4551 1530 4621 ingenti
1558 4550 1780 4607 fratrem
1807 4552 2064 4609 devicerit
2105 4572 2121 4608 :

535 4649 591 4695 et
612 4653 770 4710 quem
803 4640 1023 4709 putabat
1045 4641 1184 4697 affici
1208 4656 1333 4712 erga
1373 4655 1434 4696 se
1459 4640 1728 4697 hostiliter
1751 4650 1808 4697 et
1849 4644 2123 4712 atrociter,

537 4728 611 4784 ita
640 4728 905 4784 invenerit
946 4739 1280 4787 mansuetum
1313 4739 1371 4786 ut
1408 4731 1636 4787 voluerit
1677 4729 1730 4785 in
1773 4732 2122 4789 ministerium

536 4819 656 4890 ejus
682 4835 845 4877 omne
886 4820 1124 4877 officium
1161 4838 1316 4880 suum
1356 4823 1650 4879 declarare.
1691 4824 1746 4880 9.
1778 4823 1922 4879 Dixit
1955 4826 2120 4894 enim,

535 4909 725 4982 inquit,
757 4921 874 4966 sunt
912 4913 1039 4967 mihi
1077 4914 1256 4979 multa,
1284 4915 1463 4984 frater,
1503 4915 1604 4970 sint
1641 4916 1728 4970 tibi
1773 4926 1879 4970 tua.
1927 4916 2123 4973 Verum

536 5011 711 5074 neque
739 5004 840 5060 hoc
869 5007 1109 5074 permisit
1134 5005 1299 5063 Jacob
1317 5048 1331 5072 ,
1361 5007 1457 5062 sed
1496 5017 1799 5064 monstrans
1828 5010 2010 5080 quanti
2040 5009 2123 5064 fa-

536 5098 643 5153 ciat
661 5098 778 5168 ejus
795 5099 1101 5167 amicitiam,
1121 5101 1311 5169 inquit,
1340 5099 1424 5156 ιο.
1454 5100 1517 5156 Si
1532 5101 1698 5156 inveni
1715 5103 1931 5173 gratiam
1951 5119 2124 5156 coram

535 5199 604 5256 te,
634 5190 807 5261 accipe
824 5192 958 5246 dona
978 5192 1041 5246 de
1061 5192 1291 5248 monibus
1315 5194 1458 5250 meis.
1487 5192 1539 5246 Ν
1543 5211 1625 5247 aut
1655 5205 1862 5264 propter
1881 5197 1975 5250 hoc
1993 5195 2124 5252 vitle-

537 5281 651 5334 bom
686 5283 868 5352 faciem
895 5293 1031 5338 tuom
1051 5326 1066 5350 ,
1090 5286 1235 5355 quasi
1254 5286 1437 5358 aliquis
1462 5287 1626 5340 uideat
1653 5288 1840 5342 cultant
1869 5287 1983 5343 Dei.
2021 5291 2124 5344 Ac-

535 5371 688 5441 cipe,
721 5373 926 5444 inquit,
958 5374 1097 5430 dona
1137 5392 1256 5447 qua:
1296 5393 1326 5432 a
1371 5393 1458 5434 me
1493 5378 1587 5433 tibi
1625 5378 1938 5434 offeruntur.
1989 5381 2120 5435 Cum

536 5471 678 5516 tanta
707 5465 848 5518 enim
871 5465 1200 5534 jucunditate
1225 5467 1331 5524 vidi
1361 5469 1548 5525 faciem
1579 5479 1746 5538 tuam,
1777 5485 1898 5525 cum
1925 5481 2120 5542 quanta

537 5552 656 5621 quis
685 5553 876 5610 viderit
909 5555 1001 5612 Dei
1030 5556 1241 5614 faciem.
1292 5560 1406 5615 lloc
1451 5562 1625 5631 magni
1669 5562 1908 5633 obsequii
1953 5564 2121 5634 gratia

535 5641 734 5698 dictum
764 5653 847 5702 est
872 5659 904 5700 ι
928 5645 1091 5718 justo,
1125 5658 1182 5706 ut
1210 5665 1329 5707 eum
1357 5649 1706 5722 demulceret,
1735 5661 1786 5710 ct
1823 5651 1890 5708 ad
1931 5652 2120 5711 fratcr-

1269 222 1332 278 S.
1372 217 1650 276 JOANMS
1687 213 2163 272 CllRYSOSTOMi
2203 211 2518 269 ARCIIIEP.
2559 212 3090 270 CON:3T;\.\'T1NOP.

3705 212 3823 268 διε

2222 343 2343 381 nam
2367 326 2795 382 benevolentiam
2827 327 3066 383 duceret.
3098 325 3163 382 Et
3189 326 3552 395 beneplacitmn
3576 327 3701 379 mihi
3731 333 3819 396 {av

2219 420 2341 488 cies,
2366 420 2802 490 hoccst,gratum
2829 420 2958 475 mihi
2983 419 3163 475 facies.
3181 421 3268 475 Η.
3291 419 3474 486 Accipe
3489 420 3642 489 igitur
3671 420 3831 473 bene-

2221 511 2464 565 dictiones
2503 528 2630 580 quos
2662 511 2813 565 attuli
2847 511 2970 575 tibi,
2999 512 3117 580 quia
3144 511 3375 564 misertus
3407 520 3477 564 est
3505 511 3604 564 mei
3633 509 3824 578 Deus,

2221 612 2268 654 et
2289 613 2407 656 sunt
2424 602 2548 656 mihi
2567 603 2758 656 omnia.
2783 601 2860 656 Nc
2881 602 3166 669 detrectes,
3189 601 3380 672 inquit,
3401 603 3665 671 accipere.
3690 603 3822 659 lla-c

2220 695 2363 748 enim
2389 693 2566 747 omnia
2590 708 2621 746 a
2654 694 2761 748 Deo
2783 692 3125 748 mihidonata
3155 700 3299 759 sunt,
3333 702 3386 747 et
3420 693 3505 747 hic
3544 692 3674 746 mihi
3713 687 3862 755 lio-1

2221 801 2339 840 rum
2367 785 2608 840 omnium
2628 784 2992 855 suppeditator
3014 784 3183 840 factus
3205 795 3308 840 est.
3336 784 3437 840 Per
3464 801 3583 854 qua:
3605 786 3820 854 placide

2221 886 2280 932 et
2305 877 2450 930 illum
2473 877 2676 943 docuit,
2693 886 2892 947 quanta
2918 892 3042 947 erga
3063 893 3122 932 se
3152 877 3310 933 fuerit
3330 877 3424 932 Dei
3454 878 3813 943 providentia,

2221 976 2276 1023 et
2300 968 2475 1023 effecit
2505 977 2562 1023 ut
2586 984 2831 1039 magnam
2866 968 2967 1024 sibi
3005 980 3355 1026 reverentiam
3396 970 3692 1024 exhiberet.
3743 968 3818 1023 Et

2221 1060 2382 1129 coegit
2405 1075 2540 1125 eum,
2557 1068 2603 1112 et
2622 1061 2834 1130 accepit.
2866 1057 3002 1115 Vide
3032 1075 3170 1114 nunc
3192 1059 3558 1114 mutationem.
3601 1060 3667 1114 Et
3684 1062 3820 1115 dixit

2226 1151 2388 1217 Esau,
2417 1152 2640 1222 Profecti
2665 1170 2836 1208 eamus
2865 1154 2917 1207 in
2939 1163 3122 1207 rectam
3149 1169 3169 1207 :
3195 1153 3306 1207 Hoc
3328 1162 3410 1208 est
3431 1194 3447 1218 ,
3475 1169 3615 1208 nunc
3651 1154 3818 1208 simul

2224 1242 2328 1297 iter
2355 1241 2630 1297 faciamus.
2682 1243 2775 1299 llle
2793 1253 2972 1299 autem
3001 1252 3248 1299 causatus
3273 1243 3552 1298 honestum
3579 1256 3814 1314 pnetex-

2226 1341 2334 1388 tum
2369 1350 2383 1385 :
2413 1332 2659 1388 Dominus
2677 1351 2834 1402 meus,
2861 1334 3047 1404 inquit,
3080 1335 3173 1388 scit
3193 1335 3326 1404 quod
3350 1334 3445 1403 ﬁlii
3474 1335 3567 1387 mei
3593 1336 3813 1389 tenerio-

2225 1439 2326 1490 res,
2353 1432 2400 1476 et
2429 1439 2563 1489 oues,
2591 1433 2638 1476 et
2655 1423 2797 1478 boves
2821 1427 2953 1495 fata:
2977 1425 3078 1478 sint
3109 1440 3129 1478 :
3147 1425 3191 1478 si
3218 1424 3370 1496 igitur
3392 1425 3527 1493 θαμά
3550 1441 3608 1477 eo
3630 1442 3815 1496 cogam

2223 1529 2325 1566 uno
2351 1513 2466 1580 die,
2497 1514 2789 1567 morientur.
2817 1513 2930 1568 Non
2958 1529 3172 1584 possum
3196 1556 3211 1581 ,
3251 1515 3437 1585 inquit,
3468 1517 3816 1571 acetzleratius

2223 1605 2400 1660 facere
2427 1609 2546 1670 iter,
2561 1605 2656 1660 sed
2668 1621 2829 1677 cogor
2850 1606 2993 1662 lente
3013 1616 3066 1661 et
3079 1607 3401 1676 pedetentim
3418 1608 3681 1677 progredi,
3704 1618 3815 1660 tam

2226 1706 2446 1767 propter
2479 1713 2674 1767 pueros
2705 1712 2862 1768 quam
2908 1707 3124 1767 propter
3149 1698 3401 1768 pecudes,
3424 1709 3479 1751 ut
3498 1713 3600 1752 n0n
3625 1699 3813 1752 labore

2228 1790 2453 1858 plurimo
2468 1798 2706 1859 pereant.
2718 1789 2859 1844 Vade
2874 1790 3050 1860 igitur,
3071 1791 3260 1860 inquit,
3278 1799 3333 1844 tu
3350 1806 3478 1860 :ego
3489 1800 3664 1846 autem
3686 1808 3812 1861 pars

2225 1895 2354 1935 cens
2383 1880 2550 1935 labori
2596 1896 2880 1951 puerorum
2908 1890 2961 1936 et
2993 1881 3254 1951 pecudum
3279 1923 3294 1949 ,
3321 1883 3633 1936 conveniam
3668 1893 3720 1938 te
3760 1885 3815 1938 in

2226 1971 2364 2027 Seir.
2388 1972 2588 2040 Quibus
2604 1973 2798 2028 auditis
2814 1971 2976 2028 frater
2992 1974 3100 2029 :l5.
3122 1973 3184 2028 Si
3211 1975 3305 2041 vis,
3326 1974 3514 2046 inquit,
3532 1976 3814 2045 relinquam

2227 2064 2423 2134 aliquos
2444 2082 2668 2120 meorum
2693 2067 2832 2135 apud
2856 2077 2922 2122 te.
2950 2066 3200 2122 Faciebat
3215 2069 3316 2124 hoc
3334 2071 3385 2123 iu
3407 2071 3613 2140 signum
3635 2073 3814 2140 magni

2229 2157 2448 2212 honoris
2471 2169 2526 2212 et
2549 2157 2734 2213 officii.
2766 2158 2858 2213 llle
2882 2167 3059 2213 autem
3082 2159 3213 2214 nihil
3239 2161 3341 2215 tale
3358 2162 3584 2230 accepit.
3607 2161 3816 2216 Sufiicit
3905 2167 3912 2172 ’

2228 2251 2371 2305 enim
2401 2251 2552 2318 mihi,
2573 2251 2758 2321 inquit,
2781 2251 2921 2323 quod
2944 2268 3070 2308 vere
3093 2254 3268 2308 inveni
3295 2253 3516 2323 gratiam
3537 2269 3715 2309 coram
3738 2265 3813 2310 te.

2231 2341 2343 2397 lloc
2370 2359 2530 2397 unum
2556 2342 2683 2397 mihi
2708 2358 2852 2399 cura:
2880 2354 3015 2409 erat,
3048 2354 3106 2400 ut
3142 2347 3372 2401 amicum
3414 2355 3466 2402 te
3501 2347 3815 2402 invenirem.

2229 2433 2490 2500 Quoniam
2524 2435 2680 2504 igitur
2706 2434 2809 2490 hoc
2833 2445 3153 2506 assequutus
3175 2453 3314 2502 sum,
3342 2453 3446 2492 non
3472 2438 3691 2492 alterius
3715 2453 3815 2492 cu-

2223 2527 2456 2597 juspiain
2503 2528 2736 2599 indigeo.
2769 2529 2857 2583 l7.
2884 2526 2953 2582 Et
2993 2530 3267 2600 profectus,
3297 2529 3672 2601 inquit,.locob
3696 2533 3814 2604 fecit

2228 2621 2323 2674 sibi
2347 2619 2447 2690 ipsi
2473 2630 2520 2674 et
2538 2621 2781 2689 iumentis
2803 2621 2908 2677 suis
2932 2623 3257 2679 tabernacula
3282 2638 3301 2678 :
3326 2633 3592 2695 prapterea
3625 2627 3816 2680 vocarit

2230 2715 2396 2768 locum
2427 2713 2572 2768 illum
2600 2713 2971 2770 Tabernoculo.

2297 2806 2356 2861 5.
2379 2803 2597 2860 Horolis
2617 2807 2880 2877 epilogus;
2917 2807 3146 2863 inimicos
3184 2808 3279 2864 sibi
3320 2808 3593 2864 conciliare
3631 2827 3816 2882 magna

2229 2899 2419 2963 virtus;
2465 2901 2793 2954 mansuetudo
2831 2911 3072 2970 quantam
3113 2901 3211 2954 vim
3249 2901 3446 2955 habeat.
3472 2931 3542 2942 —
3569 2901 3693 2955 llzcc
3716 2918 3815 2956 au-

2229 2994 2434 3048 dientes
2459 2992 2730 3047 imitemur
2762 2992 2963 3062 justum
3001 2993 3174 3060 illum,
3211 3001 3266 3047 et
3299 2993 3542 3049 eamdem
3568 2993 3809 3049 exhibeao

2230 3101 2349 3140 mus
2375 3083 2730 3139 humilitatem
2760 3084 2925 3139 animi
2949 3102 2963 3138 :
2991 3093 3046 3140 et
3069 3085 3113 3138 si
3141 3084 3230 3154 qui
3255 3093 3381 3138 sunt
3404 3085 3493 3155 qui
3520 3085 3659 3139 male
3688 3101 3812 3153 erga

2231 3190 2330 3229 nos
2359 3174 2656 3229 afficiantur
2679 3215 2693 3238 ,
2721 3188 2826 3228 non
2855 3175 3024 3244 magis
3052 3190 3238 3229 eorum
3265 3174 3618 3230 accendamus
3647 3175 3811 3240 iram,

2230 3265 2326 3322 sed
2353 3281 2540 3336 magna
2568 3266 2974 3322 mansuetudine
3000 3276 3055 3322 et
3081 3267 3379 3322 humilitate
3406 3276 3510 3323 tam
3533 3267 3812 3323 verborum

2229 3373 2388 3429 quam
2416 3373 2636 3429 operum
2664 3358 3017 3428 reprimamus
3039 3373 3224 3414 eorum
3254 3358 3576 3426 inimicitias,
3600 3370 3653 3415 et
3681 3360 3816 3414 indi-

2229 3457 2416 3518 gnatas
2437 3463 2621 3504 eorum
2653 3463 2902 3504 curemus
2929 3450 3156 3505 animas.
3179 3449 3314 3505 Vide
3337 3451 3478 3506 enim
3506 3453 3812 3521 sapientiam

2232 3539 2388 3609 hujus
2434 3539 2590 3610 justi.
2625 3539 2896 3610 quomodo
2927 3555 3117 3611 magna
3145 3540 3430 3596 verborum
3469 3541 3702 3597 efficacia
3742 3544 3810 3597 ita

2231 3631 2378 3686 Esau
2401 3629 2685 3699 demulsit,
2713 3639 2772 3687 ut
2796 3641 2850 3688 et
2872 3631 2941 3687 ad
2969 3647 3091 3688 eum
3116 3633 3396 3689 colendum
3421 3635 3727 3702 festinaret,
3758 3645 3812 3690 et

2229 3721 2406 3780 facere
2421 3723 2582 3780 vellet
2600 3725 2777 3780 omnia
2803 3741 2921 3796 qua:
2946 3725 3014 3781 ad
3039 3725 3156 3796 ejus
3180 3727 3511 3798 pertinebant
3533 3729 3807 3784 honorem.

2230 3815 2344 3872 Hoc
2371 3832 2496 3873 vere
2527 3831 2751 3872 summa:
2773 3817 2980 3873 virtutis
3007 3828 3130 3884 est,
3159 3827 3218 3873 ut
3253 3835 3358 3874 non
3393 3820 3568 3876 solum
3597 3835 3690 3876 eos
3724 3822 3810 3891 qui

2229 3908 2368 3964 bene
2396 3908 2449 3964 in
2475 3924 2575 3965 nos
2599 3908 2904 3966 afficiuntur
2924 3952 2940 3978 ,
2971 3927 3163 3982 magno
3201 3913 3379 3968 studio
3411 3913 3692 3984 diligamus
3711 3955 3724 3978 ,
3760 3926 3812 3970 ct

2229 3999 2309 4055 eis
2333 3999 2580 4054 omnibus
2606 3999 2781 4056 modis
2805 4002 3102 4058 serviamus
3131 4020 3146 4056 :
3175 4002 3272 4058 sed
3300 4011 3358 4058 ut
3393 4005 3553 4058 etiam
3594 4019 3688 4059 eos
3724 4006 3811 4074 qni

2228 4089 2385 4146 nobis
2411 4089 2586 4146 infesti
2622 4105 2746 4147 esse
2767 4092 2972 4159 volunt,
3004 4092 3314 4149 assiduitate
3339 4095 3632 4150 officiorum
3660 4096 3810 4150 nobis

2228 4183 2576 4239 conciliemus
2619 4187 2838 4240 amicos.
2885 4185 3026 4241 Nihil
3066 4187 3208 4242 enim
3249 4187 3652 4243 mansuetudine
3700 4189 3812 4242 vio-

2230 4274 2448 4333 lentius.
2476 4275 2608 4332 Nam
2636 4278 2774 4334 sicut
2800 4295 2985 4350 rogum
3011 4279 3358 4337 vehementer
3382 4282 3654 4336 incensum
3679 4297 3808 4352 aqua

2231 4367 2424 4438 injecta
2455 4369 2756 4439 restinguit,
2789 4370 2857 4425 ita
2887 4381 2942 4424 et
2967 4372 3201 4426 animum
3231 4375 3441 4427 catnino
3469 4371 3639 4442 magis
3659 4387 3809 4426 exar-

2229 4459 2537 4516 dcscentem
2557 4501 2572 4526 ,
2600 4461 2820 4516 verbum
2851 4476 2972 4516 cum
3001 4463 3406 4518 mansuetudine
3435 4463 3693 4533 prolatum
3722 4479 3810 4517 cx-

2229 4552 2451 4622 Stinguit
2477 4569 2490 4605 :
2521 4561 2574 4606 et
2609 4551 2802 4623 duplex
2834 4553 2955 4609 inde
2977 4553 3131 4609 nobis
3157 4555 3361 4610 lucrum
3390 4557 3666 4623 accrescit,
3701 4565 3805 4610 tum

2230 4645 2370 4715 quod
2400 4661 2496 4700 nos
2523 4647 2983 4701 mansuetudinem
3020 4647 3337 4704 exhibemus
3356 4691 3369 4714 ,
3397 4657 3510 4703 tum
3534 4648 3673 4719 quod
3705 4648 3808 4701 fra-

2237 4738 2333 4793 tris
2364 4736 2776 4807 indignationcm
2806 4738 3077 4807 sedamus,
3102 4750 3156 4795 et
3179 4749 3410 4796 mentem
3440 4742 3557 4810 ejus
3581 4756 3610 4794 a
3636 4739 3809 4796 turba.

2231 4831 2374 4886 tione
2401 4831 2707 4885 liberamus.
2733 4830 2871 4900 Quid
2899 4831 3042 4887 enim
3060 4875 3075 4900 ,
3108 4832 3194 4889 dic
3221 4834 3386 4888 mihi?
3414 4835 3604 4888 Annon
3635 4849 3809 4906 reprc-

2230 4919 2420 4977 hendis
2458 4921 2673 4976 fratrem
2715 4932 2861 4977 tuum
2898 4931 2954 4978 et
2985 4939 3206 4979 accusas
3231 4925 3348 4994 ejus
3375 4925 3806 4996 indignationem,

2229 5011 2371 5082 quod
2403 5011 2668 5067 hostiliter
2691 5013 2762 5068 sit
2785 5013 3008 5069 affectus
3032 5030 3156 5085 erga
3183 5016 3272 5070 te?
3297 5015 3404 5071 Cur
3427 5016 3586 5086 igitur
3607 5030 3714 5070 non
3733 5015 3807 5070 di-

2229 5118 2383 5157 versa
2412 5104 2493 5157 via
2523 5102 2703 5158 studes
2729 5104 2996 5171 incedere,
3028 5105 3121 5160 sed
3153 5106 3266 5176 ipse
3299 5109 3468 5178 magis
3505 5108 3662 5163 irasci
3693 5109 3807 5162 vis!

2228 5193 2363 5248 Num
2394 5204 2568 5266 potest
2597 5195 2701 5266 igni
2737 5196 2872 5266 ignis
2900 5197 3201 5267 exstingui?
3229 5199 3510 5272 Repugnat
3536 5200 3636 5256 hoc
3661 5209 3805 5255 uatu-

2229 5303 2324 5342 tua.
2355 5288 2444 5342 Sic
2467 5303 2640 5358 neque
2666 5289 2810 5342 furor
2834 5287 3013 5344 furore
3035 5288 3142 5345 alio
3160 5290 3448 5347 demulceri
3474 5290 3667 5361 poterit
3696 5307 3803 5344 um-

2229 5394 2410 5449 quam.
2444 5377 2655 5433 Etenim
2682 5379 2821 5448 quod
2855 5379 2959 5448 igni
2989 5388 3072 5435 est
3099 5396 3235 5452 aqua
3254 5423 3270 5446 ,
3303 5383 3401 5436 hoc
3427 5392 3512 5437 est
3537 5382 3629 5438 irzc
3656 5397 3802 5436 man-

2229 5468 2455 5525 suetndo
2490 5478 2544 5524 et
2577 5470 2892 5526 moderatio.
2934 5471 3219 5542 Propterea
3245 5483 3298 5527 et
3325 5473 3570 5529 Christus
3603 5473 3802 5529 dicebat

2227 5561 2501 5631 discipulis
2533 5580 2546 5616 :
2576 5562 2638 5617 Si
2676 5562 2936 5634 diligentes
2961 5580 3046 5618 vos
3069 5564 3276 5634 diligitis
3300 5604 3315 5628 ,
3350 5581 3501 5635 quam
3536 5569 3800 5619 mercedem

2231 5653 2419 5708 habetis
2452 5653 2676 5725 (Matth.
2706 5654 2758 5710 5.
2789 5653 2937 5728 46)?
2980 5653 3179 5712 Deinde
3210 5655 3376 5726 magis
3403 5655 3470 5711 ad
3499 5655 3594 5710 hoc
3620 5657 3800 5711 cohor-
