4150 6206
350 317 436 369 5H
1372 313 1436 367 IN
1475 313 1626 368 CAP.
1672 309 1858 366 XXXII

1993 307 2144 364 NES.
2183 310 2413 366 ΙῘΟΜΙΙ..
2453 311 2631 367 LVIII.

343 427 399 481 τὸ
424 423 704 494 βούλεσθαι
729 424 890 477 αὑτὸν
912 424 1266 490 ἀδιαλείπτως
1295 428 1392 492 τάς
1423 429 1550 499 ἐξῆς
1580 426 1772 495 γενεάς
1809 441 1905 495 με·

343 511 496 580 λετᾷν
526 507 618 562 τοῦ
643 507 776 560 Θεοῦ
809 508 904 572 τὰς
930 509 1264 579 εὐεργεσίας,
1293 513 1385 564 καὶ
1414 513 1486 583 μὴ
1509 511 1679 581 λήθην
1705 509 1907 561 τούτων

346 589 739 662 ποιησαμένους
767 591 860 642 ἐπὶ
890 590 986 661 τὴν
1017 592 1224 645 οἰκείαν
1257 594 1463 663 πλάνην
1493 591 1648 645 πάλιν
1681 589 1907 660 ἀνατρέ-

342 692 456 744 χειν
480 689 493 702 ο
520 671 753 742 μάλιστα
774 673 880 743 γὰρ
895 672 1050 725 τοῦτο
1072 673 1192 736 ἔθος
1209 675 1286 744 τῷ
1312 676 1420 728 τῶν
1444 675 1709 728 Ἰουδαίων
1737 673 1902 742 γένει.

343 757 402 808 Ol
432 755 540 826 γὰρ
568 755 660 808 καὶ
691 756 820 825 παρ’
851 751 1018 819 αὑτὰς
1041 755 1140 819 τὰς
1168 757 1485 828 εὐεργεσίας
1520 757 1777 819 πολλάκις
1806 756 1904 826 τὴν

343 838 544 890 οἰκείαν
578 838 964 907 ἀγνωμοσύνην
992 839 1438 910 ἐπιδεικνύμενοι,
1489 840 1663 910 πολλῷ
1707 839 1904 909 μᾶλλον

344 921 388 970 εί
422 919 498 989 μὴ
521 917 676 972 τοῦτο
713 919 942 986 ἐγίνετο,
977 921 1152 975 πάντα
1182 922 1246 976 ἂν
1275 922 1342 975 τὰ
1372 925 1520 992 παρά
1542 923 1633 975 τοῦ
1661 921 1797 976 Θεοῦ
1825 923 1904 984 εἰς

342 1002 528 1064 αὐτοὺς
547 1003 884 1073 γεγενημένα
902 1002 1148 1067 ἐξέϐαλον
1160 1005 1259 1074 τῆς
1275 1006 1476 1068 οἰκείας
1491 1005 1744 1069 διανοίας.
1765 1005 1902 1058 Ἀλλ’

344 1084 534 1152 ἴδωμεν
559 1083 774 1145 λοιπὸν,
814 1085 930 1148 πῶς
980 1085 1048 1138 τὰ
1090 1087 1188 1158 τῆς
1232 1088 1516 1160 συντυχίας
1559 1088 1766 1156 γίνεται
1823 1086 1901 1156 τῷ

352 1164 543 1218 Ἰακὼϐ
593 1166 726 1235 πρὸς
773 1167 862 1219 τὸν
904 1167 1147 1237 ἀδελφόν.
1209 1171 1424 1241 Ἐπειδὴ
1481 1171 1590 1241 γὰρ
1628 1169 1900 1241 ἀρκοῦσαν

339 1247 491 1301 ἔλαϐε
524 1249 868 1319 παράκλησιν
898 1253 961 1303 ἐκ
992 1250 1098 1303 τῶν
1124 1255 1502 1323 γεγενημένων
1535 1255 1626 1306 καὶ
1678 1253 1897 1321 ὑπόσχεο

340 1347 422 1382 σιν
467 1331 680 1394 ἐδέξατο
713 1334 792 1384 ὅτι
829 1333 1044 1405 ἰσχυρὸς
1076 1334 1246 1392 ἔσται,
1293 1336 1386 1388 καὶ
1438 1336 1574 1406 μετὰ
1604 1334 1902 1405 ἀνθρώπων

337 1411 570 1476 δυνατὸς,
620 1414 1200 1486 Ἀναϐλέψιις,φησὶν,
1219 1413 1356 1480 εἶδε,
1376 1418 1468 1470 καί
1500 1416 1625 1470 ὶδοὺ
1650 1415 1836 1470 Ἠσαῦ
1869 1417 1904 1468 ὁ

337 1493 592 1562 ἀδελφὸς
609 1495 813 1557 αὐτοῦ,
830 1497 926 1549 καί
947 1500 1312 1564 τετρακόσιοι
1331 1499 1544 1565 ἄνδρες
1555 1498 1680 1566 μετ’
1693 1496 1900 1550 αὐτοῦ.

338 1577 444 1630 Kal
466 1577 688 1631 διεῖλεν
724 1578 924 1631 Ἰακὼϐ
946 1580 1018 1632 τὰ
1043 1580 1246 1632 παιδία
1278 1581 1375 1632 ἐπὶ
1417 1582 1598 1634 Λείαν
1630 1579 1727 1633 καί
1767 1580 1899 1633 'Pa-

337 1661 454 1730 χὴλ
481 1661 575 1715 καὶ
602 1661 706 1727 τὰς
727 1661 836 1714 δύο
859 1661 1173 1726 παιδίσκας
1187 1702 1200 1714 .
1214 1663 1322 1715 Kal
1339 1663 1503 1716 ἔθετο
1521 1664 1624 1728 τὰς
1639 1663 1747 1716 δύο
1765 1677 1898 1714 παι-

334 1743 548 1811 δίσκας
559 1747 654 1798 καὶ
683 1745 823 1810 τοὺς
839 1745 1005 1812 υἱοὺς
1022 1744 1220 1798 αὐτῶν
1233 1747 1302 1800 ὲν
1317 1747 1585 1813 πρώτοις,
1603 1747 1698 1800 καὶ
1719 1745 1899 1799 Λείαν

335 1829 430 1880 καὶ
459 1831 530 1882 τὰ
560 1830 766 1881 παιδία
793 1827 984 1895 αὐτῆς
1015 1830 1222 1894 ὀπίσω,
1259 1829 1356 1883 καὶ
1390 1829 1604 1899 Ῥαχὴλ
1650 1829 1744 1881 καί
1793 1828 1899 1881 τὸν

346 1910 566 1978 Ἰωσὴφ
585 1910 654 1963 ἐν
678 1910 826 1982 [567]
849 1911 1146 1980 ἐσχάτοις.
1178 1913 1363 1979 Αὐτὸς
1389 1912 1456 1965 δὲ
1478 1912 1896 1981 apo-17.10.9751:-

332 1995 596 2060 προσθεν
628 1991 857 2056 αὐτῶν,
883 1993 982 2047 καὶ
1021 1997 1477 2063 προσεκύνησεν
1504 1996 1601 2048 ἐπὶ
1634 1994 1750 2061 τὴν
1780 1993 1898 2064 γῆν

330 2073 592 2138 ἑπτάκις.
603 2073 712 2140 ἕως
727 2074 930 2145 ἥγγικε
951 2075 1029 2141 τῷ
1042 2076 1281 2146 ἀδελφῷ
1295 2077 1649 2149 αὑτοῦ.”ορα
1667 2077 1780 2140 πῶς
1798 2076 1897 2146 τὴν

331 2157 587 2228 διαίρεσιν
616 2160 997 2230 ποιησάμενος,
1023 2159 1184 2221 αὐτὸς
1208 2161 1312 2232 πρὸ
1333 2161 1548 2216 πάντων
1576 2160 1673 2232 τὴν
1705 2176 1891 2212 συντυ-

331 2239 452 2310 χίαν
471 2245 720 2295 ποιεῖται.
740 2242 846 2295 Kal
865 2243 1307 2309 προσεκύνησε,
1326 2244 1507 2314 φησὶν.
1528 2243 1623 2296 ἐπὶ
1646 2241 1760 2310 τὴν
1781 2239 1897 2312 γῆν

329 2322 595 2389 ἑπτάκις,
628 2324 738 2388 ἓως
766 2320 837 2379 οὗ
869 2323 1082 2394 ἤγγισε
1107 2325 1184 2390 τῷ
1209 2324 1450 2394 ἀδελρῷ
1475 2324 1660 2378 αὑτοῦ
1680 2341 1694 2355 ⁸
1740 2323 1896 2392 ἐφελ-

331 2404 553 2475 κόμενος
585 2406 676 2458 καὶ
696 2405 783 2458 διὰ
813 2405 906 2458 τοῦ
935 2408 1210 2478 σχήματος
1243 2408 1336 2460 καὶ
1362 2407 1450 2460 διὰ
1479 2408 1574 2476 τῆς
1591 2407 1896 2478 προσκυνή-

333 2504 467 2550 σεως
485 2486 575 2540 τὸν
599 2488 824 2557 ἀδελφὸν
846 2489 924 2551 είς
948 2490 1047 2560 τὴν
1075 2489 1200 2559 περὶ
1229 2489 1390 2542 αὐτὸν
1405 2487 1614 2541 εὔνοιαν
1631 2506 1644 2518 °
1660 2488 1687 2540 6
1707 2488 1769 2558 δὴ
1799 2486 1895 2540 καὶ

339 2568 541 2638 γέγονε.
576 2571 979 2640 Προσδραμὼν
1004 2571 1132 2641 γὰρ,
1171 2570 1354 2641 φησὶν,
1391 2571 1594 2633 Ἡσαῦ,
1615 2571 1710 2624 καί
1735 2585 1894 2636 περι-

329 2653 515 2707 λαϐὼν
548 2655 735 2708 αὑτὸν
765 2655 1051 2723 ἐφίλησε,
1099 2655 1193 2708 καί
1230 2655 1611 2723 προσέπεσεν
1656 2653 1754 2706 ἐπὶ
1787 2651 1893 2706 τὸν

329 2739 630 2809 τράχηλον
658 2737 841 2792 αὐτοῦ
862 2753 876 2766 ·
919 2739 1015 2791 καί
1042 2739 1351 2792 ἔκλαυσαν
1377 2739 1716 2807 ἀμφότεροι.

389 2831 597 2906 δ’.”ορα
608 2833 741 2887 Θεοῦ
757 2833 1087 2903 οἰκονομίαν·
1105 2834 1240 2903 ὅπερ
1259 2835 1367 2903 γὰρ
1381 2831 1507 2902 χθὲς
1523 2831 1724 2900 ελεγον,
1737 2830 1893 2885 τοῦτο

330 2929 424 2974 καῖ
454 2918 546 2971 νῦν
572 2917 682 2988 ἐρῶ
702 2933 716 2946 ο
747 2917 826 2969 ὅτι
855 2917 981 2968 ὅταν
1006 2915 1260 2985 βούληται
1280 2919 1308 2969 6
1329 2916 1436 2968 τῶν
1459 2916 1595 2969 ὅλων
1618 2916 1891 2986 Δεσπότης

329 3003 430 3069 τὴν
465 3000 590 3070 περὶ
624 3000 768 3069 ἡμᾶς
813 2998 1139 3067 κηδεμονίαν
1181 2997 1590 3061 ἐπιδείξασθαι,
1626 2998 1720 3049 καὶ
1767 2999 1892 3059 τοὺς

329 3083 618 3153 ἀνημέρως
647 3081 782 3148 πρὸς
806 3081 952 3150 ἡμᾶς
974 3079 1341 3149 διακειμένους
1357 3079 1643 3150 προϐάτων
1670 3081 1890 3151 ἡμερωο

329 3167 520 3236 τέρους
553 3163 861 3234 ἐργάζεται.
916 3163 1114 3215 Σκόπει
1159 3162 1355 3224 τοίνυν,
1407 3163 1539 3232 ὅσην
1591 3162 1891 3233 μεταϐολὴν

329 3247 689 3300 ἐπιδείκνυται
715 3247 744 3297 6
788 3243 980 3297 Ἠσαῦ.
1013 3243 1390 3313 Προσέδραμε
1412 3244 1520 3314 γάρ
1539 3283 1552 3306 ,
1592 3244 1776 3314 φησὶν,
1806 3247 1892 3310 είς

330 3328 710 3394 συνάντησιν
735 3326 940 3389 αὑτοῦ,
976 3327 1074 3381 καί
1109 3328 1446 3395 περιλαϐὼν
1475 3328 1757 3396 ἐφίλησε·
1794 3326 1890 3380 καὶ

329 3414 641 3466 ἔκλαυσαν
678 3410 1015 3478 ἀμφότεροι.
1051 3411 1220 3474 Μόλις
1274 3411 1402 3464 ποτέ
1443 3414 1473 3466 6
1516 3412 1720 3475 δίκαιος
1763 3411 1889 3464 ἀνέ-

329 3512 549 3554 πνευσε,
591 3495 684 3547 καὶ
730 3494 820 3546 τὸν
870 3493 1031 3561 φόϐον
1060 3494 1402 3560 ἀπεσείσατο,
1434 3496 1528 3551 καὶ
1559 3496 1657 3566 τῆς
1691 3493 1891 3557 δειλίας

329 3577 728 3647 ἐλευθερωθεὶς,
753 3575 1189 3649 θαρσαλεώτερος
1229 3579 1470 3646 γέγονεν.
1529 3577 1893 3645 Ἀναϐλέψας

326 3661 415 3726 δὲ,
444 3662 626 3730 φησὶν,
658 3659 841 3713 Ἠσαῦ
874 3656 994 3713 εἶδε
1015 3659 1120 3724 τὰς
1133 3662 1420 3729 γυναῖκας
1445 3661 1542 3714 καὶ
1566 3663 1637 3715 τὰ
1663 3661 1887 3724 παιδία,

328 3745 422 3796 καί
440 3738 569 3796 εἷπε
589 3759 602 3774 ·
651 3743 712 3795 Τι’
742 3740 924 3793 ταῦτά
945 3742 1046 3794 σοί
1069 3743 1270 3806 ἐστιν;
1298 3743 1469 3812 Ὁρῶν
1486 3741 1594 3812 γάρ
1622 3742 1712 3794 τοῦ
1739 3742 1891 3795 ἁδελο

327 3827 427 3896 φοῦ
451 3826 548 3898 τὴν
573 3823 906 3895 περιουσίαν,
947 3822 1209 3886 ἐξενίζετο
1229 3824 1321 3876 καὶ
1355 3825 1628 3893 ἐθαύμαζε
1651 3842 1663 3854 ·
1687 3825 1767 3878 διὸ
1798 3824 1892 3878 καὶ

327 3911 533 3980 ἐρωτᾷν
554 3909 828 3968 ἐϐούλετο.
864 3906 930 3959 Τί
954 3901 1045 3958 οῦν
1080 3908 1109 3958 6
1132 3905 1373 3970 δίκαιος;
1411 3906 1491 3960 Τὰ
1519 3906 1724 3959 παιδιά
1742 3948 1756 3973 ,
1788 3923 1892 3978 φη-

329 3995 433 4058 σὶν,
451 3987 539 4058 οἷς
569 3992 833 4060 ἠλέησεν
851 3991 880 4043 6
914 3988 1055 4055 Θεὸς
1078 3989 1185 4042 τὸν
1205 3990 1388 4043 παῖδά
1413 4006 1551 4045 σου.
1579 3992 1716 4062 Ὅρα
1750 3991 1890 4062 πόση

325 4075 428 4146 τῆς
463 4074 759 4137 ἐπιεικείας
791 4075 828 4143 ἡ
863 4074 1034 4144 ίσχὺς,
1055 4075 1148 4128 καὶ
1161 4075 1309 4138 ὅπως
1341 4075 1428 4127 διά
1447 4075 1544 4145 τῆς
1567 4075 1674 4128 τῶν
1709 4076 1889 4146 ῥημά-

324 4175 434 4210 των
466 4156 955 4228 ταπεινοφροσύνης
979 4156 1186 4210 ἐκείνου
1215 4158 1304 4210 τὸν
1329 4158 1497 4227 θυμὸν
1525 4158 1887 4227 κατεπράϋνε.

324 4240 437 4294 Kal
466 4240 900 4310 προσήγγισαν,
934 4241 1118 4311 φησὶν,
1136 4243 1196 4294 ιιι
1228 4241 1540 4294 παιδίσκαι
1569 4241 1664 4294 καὶ
1706 4243 1777 4294 τὰ
1802 4241 1892 4294 τέ-

325 4339 460 4384 κνα,
492 4323 589 4376 καὶ
618 4323 1083 4390 προσεκύνησαν
1106 4323 1144 4392 ἠ
1166 4326 1307 4377 Λεία
1332 4324 1481 4392 καὶὴ
1512 4323 1757 4393 Ῥαχήλ.
1779 4325 1887 4379 Kal

321 4403 485 4458 εἷπε·
520 4407 577 4457 Τί
616 4405 800 4458 ταῦτά
836 4405 937 4458 σοί
985 4405 1150 4467 ἐστι,
1191 4405 1376 4460 πᾶσαι
1414 4411 1473 4462 aI
1522 4409 1884 4477 παρεμϐολαὶ

321 4485 518 4550 αὗται,
546 4483 641 4553 αἷς
683 4487 1040 4555 ἀπήντηκα;
1083 4491 1145 4543 '0
1189 4490 1256 4544 δὲ
1283 4487 1627 4548 εἷπεν·”1να
1674 4492 1818 4561 εὕρῃ
1853 4495 1886 4546 ὁ

320 4571 462 4637 παῖς
487 4586 602 4624 σου
631 4568 802 4637 χάριν
822 4571 1095 4624 ἐναντίον
1114 4589 1250 4626 σου.

394 4668 502 4721 Θέα
519 4683 606 4736 μοι
625 4665 739 4728 πῶς
763 4669 828 4736 τῇ
848 4666 1114 4738 ὑπερϐολῇ
1132 4670 1227 4739 τῆς
1245 4670 1736 4742 ταπεινοφροσύνης
1762 4690 1888 4726 κατε

319 4750 654 4803 εδουλώσατο
678 4748 764 4801 τὸν
783 4748 1010 4816 ἀδελφὺν
1046 4751 1137 4801 καὶ
1164 4750 1222 4801 ὃν
1249 4752 1493 4820 ἐνόμιζεν
1521 4755 1728 4825 ἀγρίως
1753 4756 1886 4827 πρὸς

319 4834 484 4887 αὑτὸν
511 4832 832 4895 διακεῖσθαι,
861 4830 1032 4893 οὕτως
1069 4827 1224 4898 εὗρεν
1247 4835 1472 4904 ἥμερον,
1503 4835 1578 4900 ὡς
1599 4836 1884 4904 βούλεσθαι

321 4919 458 4990 πρὸς
479 4918 770 4988 θεραπείαν
803 4915 967 4968 αὐτοῦ
1000 4916 1174 4968 πάντα
1202 4918 1269 4969 τὰ
1302 4918 1428 4989 παρ’
1467 4919 1656 4972 ἐαυτοῦ
1684 4923 1884 4976 ἐπιδεί-

320 5001 536 5068 ξασθαι.
573 4998 717 5054 Είπε
745 5001 875 5072 γάρ,
914 5000 1100 5069 φησὶν.
1127 5001 1254 5054 ἐστι
1270 5019 1369 5069 μοι
1395 5004 1617 5066 πολλὰ,
1636 5005 1882 5075 ἀδελφέ’,

314 5087 476 5139 ἐστι.)
506 5102 602 5138 σοι
630 5085 701 5137 τὰ
723 5085 823 5137 σά.
862 5084 997 5136 Ἀλλ’
1021 5083 1139 5136 οὐδὲ
1156 5083 1325 5146 οὕτως
1343 5085 1597 5154 ἠνέσχετο
1617 5090 1644 5139 ό
1670 5089 1880 5155 Ἰακὼϐ,

314 5170 455 5223 ἀλλά
481 5168 692 5230 δεικνὺς
714 5169 842 5235 ὅσην
865 5171 1096 5220 ποιεῖται
1119 5167 1352 5236 σπουδὴν
1379 5167 1472 5220 τοῦ
1502 5169 1700 5240 εὐμενῆ
1724 5172 1884 5226 αὐτὸν

315 5251 482 5320 ἔχειν,
507 5250 694 5321 φησιν’
721 5254 787 5304 Εἰ
811 5251 1036 5318 εὕρηκα
1061 5250 1237 5318 χάριν
1259 5250 1539 5304 ἐναντίον
1561 5267 1696 5317 σου,
1718 5252 1884 5317 δέξαι

313 5338 390 5390 τὰ
418 5335 574 5404 δῶρα
605 5339 672 5390 ἐκ
700 5337 818 5390 τῶν
855 5335 1066 5403 χειρῶν
1084 5353 1224 5404 μου.
1262 5338 1504 5391 Ἕνεκεν
1534 5338 1643 5406 γὰρ
1672 5340 1883 5395 τούτου

315 5417 480 5474 εἶδον
507 5420 573 5473 τὸ
603 5421 923 5486 πρόσωπόν
946 5433 1082 5482 σου,
1107 5419 1187 5484 ὡς
1214 5419 1290 5472 ἄν
1316 5437 1406 5486 τις
1430 5421 1542 5474 ῐδοι
1563 5422 1884 5490 πρόσωπον

313 5502 484 5557 Θεοῦ.
515 5502 690 5566 Δέξαι,
724 5503 875 5570 φησὶ.
909 5500 975 5553 τά
1009 5503 1136 5571 παρ’
1171 5501 1305 5569 ἐμοῦ
1332 5519 1412 5556 σοι
1437 5503 1584 5574 δῶρα
1614 5506 1882 5576 προσαγό-

313 5602 472 5656 μενα.
508 5583 660 5636 Μετά
711 5583 972 5652 τοσαύτης
1003 5583 1109 5654 γὰρ
1141 5585 1490 5655 περιχαρείας
1531 5582 1667 5641 εῐδόν
1696 5605 1789 5643 σου
1822 5588 1883 5643 τδ

309 5672 640 5740 πρόσωπον,
687 5669 801 5738 μεθ’
850 5670 978 5737 ὅσης
1013 5670 1077 5722 ἄν
1125 5687 1208 5734 τις
1253 5670 1351 5725 ίδοι
1380 5672 1514 5726 Θεοῦ
1569 5675 1875 5744 πρόσωπον.

309 5753 487 5806 Τοῦτο
518 5750 808 5821 θεραπείας
837 5751 1032 5820 πολλῆς
1067 5751 1229 5805 ἕνεκα
1259 5754 1454 5825 ἐρρέθη
1498 5757 1646 5826 παρά
1672 5757 1762 5809 τοῦ
1800 5758 1875 5812 δι-

3469 321 3582 378 ξ’»ίὲ

2013 423 2177 494 φικὴν
2210 425 2419 481 εὔνοιαν
2442 429 2685 497 ἀγαγεῖν.
2706 425 2811 480 Kal
2832 425 3182 494 εὐδοκήσεις
3202 445 3298 497 με,
3325 430 3443 485 ἀντὶ
3463 434 3584 497 τοῦ,

2009 505 2081 557 T6
2103 506 2333 577 ἀρέσκον
2361 527 2450 580 μοι
2476 510 2740 579 ποιήσεις.
2760 509 2912 562 Λάϐε
2931 511 3139 563 τοίνυν
3153 512 3260 577 τὰς
3278 515 3579 584 εὐλογίας,

2008 586 2081 653 ἀς
2107 588 2373 658 ἐνήνοχά
2405 609 2523 658 σοι,
2560 591 2648 646 ὅτι
2677 586 2903 656 ἠλέησε
2927 609 3002 659 με
3040 595 3072 644 ὁ
3112 593 3285 658 Θεὸς,
3316 597 3410 648 καὶ
3445 599 3580 651 ἔστι

2000 687 2101 738 μοι
2137 672 2351 728 πάντα.
2387 676 2476 744 Μὴ
2501 675 2836 746 παραιτήσῃ,
2858 676 3008 742 φησὶ,
3035 674 3238 728 λαϐεῖν.
3259 677 3443 730 Ταῦτα
3469 682 3578 751 γάρ

2009 755 2184 806 πάντα
2218 757 2366 825 παρά
2394 757 2486 809 τοῦ
2517 757 2651 809 Θεοῦ
2688 774 2778 825 μοι
2811 757 3103 827 δεδώρηται
3128 797 3142 819 ,
3171 758 3264 810 καὶ
3294 760 3453 824 αὐτός
3487 781 3578 832 μοι

2006 835 2209 889 τούτων
2267 839 2520 892 ἁπάντων
2572 837 2802 910 χορηγὸς
2858 840 3165 910 γεγένηται.
3227 841 3324 894 Διὰ
3375 843 3578 897 τούτων

2007 919 2188 990 ἡρέμα
2221 921 2467 976 κάκεῖνον
2493 923 2767 976 ἐδίδασκεν
2795 935 2844 986 ει,
2875 923 3002 991 ὅσης
3034 923 3274 987 ἀξιοῦται
3302 925 3401 995 τῆς
3425 929 3576 998 παρά

2005 1001 2098 1054 τοῦ
2120 1001 2252 1055 Θεοῦ
2276 1003 2550 1076 προνοίας,
2574 1006 2669 1058 καὶ
2692 1005 3067 1076 παρεσκεύαζε
3097 1004 3295 1076 πολλὴν
3317 1007 3415 1077 τὴν
3447 1011 3575 1080 περὶ

2006 1085 2168 1137 αὐτὸν
2199 1087 2330 1139 αίδῶ
2361 1087 2780 1140 ἐπιδείκνυσθαι.
2800 1087 2908 1139 Kal
2939 1087 3336 1152 παρεϐιάσατο
3365 1091 3573 1151 αὑτὸν,

2004 1167 2098 1219 καὶ
2136 1168 2370 1223 ἔλαϐεν.
2414 1171 2557 1240 Ὅρα
2583 1169 2766 1221 λοιπὸν
2789 1169 2885 1237 τὴν
2916 1169 3234 1238 μεταϐολήν.
3262 1171 3374 1222 Kal
3404 1168 3575 1226 εἶπεν

2016 1248 2216 1304 Ἡσαῦ·
2251 1251 2600 1317 Ἀπάραντες
2615 1248 3037 1319 πορευσώμεθα
3064 1251 3155 1303 ἐπ’
3183 1252 3439 1316 εὐθεῖαν,
3454 1255 3576 1308 ἀντὶ

2002 1330 2118 1387 τοῦ.
2143 1333 2343 1384 Λοιπὸν
2366 1336 2516 1403 κοινῇ
2561 1331 2913 1402 ποιησώμεθα
2941 1333 3036 1402 τὴν
3064 1332 3210 1404 [568]
3246 1335 3566 1405 ὁδοιπορίαν.

2015 1413 2072 1466 ὐ
2105 1413 2161 1467 δέ
2198 1417 2368 1478 αίτεῐ,
2403 1416 2671 1488 πρόφασιν
2696 1417 2914 1484 εὔλογον
2953 1415 3233 1486 εὑρηκώς·
3284 1417 3337 1469 '0
3371 1421 3577 1487 κύριός

1995 1513 2115 1565 μου
2135 1535 2150 1560 ,
2188 1499 2318 1568 φησὶ
2339 1538 2352 1558 ,
2386 1499 2662 1568 γινώσκει
2687 1540 2700 1559 ,
2743 1499 2828 1551 ὅτι
2857 1503 2928 1552 τὰ
2964 1498 3170 1552 παιδία
3197 1500 3566 1568 ἁπαλώτερα.

2001 1579 2097 1631 καί
2129 1579 2200 1632 τὰ
2227 1583 2487 1648 πρόϐατα
2516 1583 2613 1635 καὶ
2653 1583 2712 1634 al
2737 1582 2885 1646 ,βόες
2913 1581 3264 1649 λοχεύονται
3283 1599 3296 1610 ·
3325 1582 3434 1636 ἐὰν
3459 1578 3573 1639 οὖν

2001 1661 2338 1725 καταδιώξω
2365 1665 2516 1718 αὐτὰ
2538 1663 2766 1732 ἡμέραν
2797 1663 2975 1732 μίαν,
3008 1663 3464 1717 ἀποθανοῦνται.
3495 1652 3578 1718 Οὺ’

1998 1741 2248 1814 δύναμαι,
2285 1747 2435 1814 φησὶ,
2469 1745 2871 1815 συντομώτερον
2895 1747 3220 1814 ποιήσασθαι
3249 1747 3345 1816 τὴν
3368 1747 3572 1817 ἀποδη-

2001 1825 2149 1895 μίαν,
2178 1826 2292 1879 ἀλλ⁹
2317 1828 2496 1898 ἡρέμα
2524 1829 2616 1880 καὶ
2650 1828 2790 1880 κατά
2819 1828 3012 1898 μικρὸν
3038 1827 3416 1897 ἀναγκάζομαι
3435 1831 3571 1883 ὁδοι-

1998 1913 2185 1980 πορεῖν
2218 1909 2304 1963 διά
2343 1928 2401 1962 τε
2435 1911 2502 1963 τὰ
2553 1911 2736 1962 παιδία
2781 1910 2872 1962 καὶ
2903 1909 2972 1962 τὰ
3015 1910 3241 1978 ποίμνια
3267 1950 3282 1974 ,
3321 1909 3460 1963 ὥστε
3492 1912 3568 1985 μὴ

1997 1991 2353 2063 διαφθαρῆναι
2377 1992 2455 2062 τῷ
2493 1994 2728 2062 πλείστῳ
2758 1993 3008 2063 καμάτῳ.
3054 1994 3292 2065 Πορεύου
3327 1991 3438 2056 οὖν,
3465 2012 3569 2062 φη-

2000 2074 2084 2126 σὶν
2105 2113 2121 2135 ,
2152 2074 2343 2139 αὐτὸς,
2375 2075 2484 2142 ἐγὼ
2518 2075 2572 2128 δὲ
2620 2074 2760 2127 κατά
2802 2077 2963 2146 μέρος
2992 2076 3422 2144 ὑποτεμνόμενος
3457 2078 3567 2129 τῶν

1999 2157 2224 2210 παιδίων
2245 2157 2336 2211 τὸν
2368 2158 2610 2228 κάματον
2639 2159 2731 2211 καὶ
2759 2158 2870 2211 τῶν
2898 2157 3182 2228 ποιμνίων,
3227 2158 3370 2210 οὕτω
3397 2175 3566 2211 κατα-

1998 2239 2235 2310 λήψομαι
2264 2257 2322 2292 σε
2353 2241 2433 2303 είς
2457 2242 2558 2310 τὴν
2578 2241 2762 2312 Σηείρ.
2795 2241 2978 2294 Ταῦτα
3008 2241 3250 2304 ἀκούσας
3270 2243 3300 2294 6
3318 2241 3564 2309 ἀδελφὸς,

1998 2323 2068 2375 El
2084 2321 2299 2384 ,βούλει
2321 2363 2336 2387 ,
2372 2324 2504 2392 φησὶ
2523 2363 2537 2384 ,
2575 2325 2912 2377 καταλείπω
2948 2322 3115 2389 τινὰς
3148 2323 3266 2376 τῶν
3294 2323 3415 2376 σὺν
3435 2325 3566 2392 ἐμοὶ

1989 2402 2140 2472 μετὰ
2174 2405 2290 2458 σοῦ
2313 2447 2327 2468 ,
2359 2406 2560 2475 πολλῆς
2598 2407 2763 2476 τιμῆς
2807 2405 2902 2458 καὶ⁵
2944 2405 3238 2476 θεραπείας
3272 2407 3364 2460 καὶ
3409 2407 3567 2460 τοῦτο

1992 2485 2189 2555 δεῖγμα
2221 2485 2559 2555 ποιούμενος,
2605 2489 2662 2539 ’0
2705 2487 2762 2539 δέ
2815 2487 2934 2540 ούδέ
2984 2487 3140 2540 τοῦτο
3175 2489 3562 2557 καταδέχεται·

2005 2565 2193 2633 Ἀρκεῖ
2209 2585 2333 2634 μοι,
2361 2569 2544 2638 φησὶν,
2579 2568 2668 2622 ὅτι
2691 2568 2848 2634 ὅλως
2879 2563 3060 2636 εὗρον
3089 2567 3265 2636 χάριν
3288 2569 3567 2623 ἐναντίον

1991 2661 2129 2701 σου.
2165 2649 2331 2702 Τοῦτό
2373 2666 2460 2720 μοι
2501 2645 2570 2720 ἦν
2614 2649 3109 2722 περισπούδαστον,
3152 2649 3213 2702 τὸ
3260 2650 3459 2720 εὐμενῆ
3504 2669 3566 2702 σε

1992 2729 2190 2801 εὑρεῖν.
2239 2731 2390 2784 Ἐπεὶ
2435 2729 2527 2786 οὖν
2575 2732 2762 2786 τούτου
2795 2733 3094 2802 ἐπέτυχον,
3123 2733 3334 2796 οὐδενὸς
3377 2734 3564 2804 ἐτέρου

1990 2811 2200 2882 δέομαι.
2215 2814 2321 2866 Kal
2345 2813 2576 2880 ἀπάρας
2596 2854 2609 2874 ,
2635 2816 2818 2884 φησιν,
2848 2815 3048 2868 Ἰακὼϐ
3065 2815 3354 2881 ἐποίησεν
3373 2816 3566 2880 ἐαυτῷ

1990 2896 2225 2962 σκηνὰς
2261 2896 2358 2949 καί
2391 2897 2512 2963 τοῖς
2539 2899 2827 2966 κτήνεσιν
2851 2899 3039 2954 αὐτοῦ
3059 2917 3071 2930 ο
3098 2899 3196 2953 διὰ
3226 2899 3399 2954 τοῦτο
3423 2899 3565 2953 ἐκά-

1989 2982 2136 3034 λεσε
2178 2979 2286 3032 τὸν
2318 2981 2522 3044 τόπον,
2555 2983 2799 3048 Σκηναί.

2061 3059 2314 3115 ε⁹.Ταῦτα
2331 3061 2387 3115 δέ
2405 3061 2688 3127 ἀκούοντες
2714 3063 3006 3134 μιμώμεθα
3025 3064 3117 3118 τὸν
3133 3064 3336 3118 δίκαιον
3352 3064 3560 3127 τοῦτον,

1991 3142 2085 3195 καὶ
2109 3143 2374 3214 τοσαύτην
2406 3143 2865 3214 ἐπιδεικνυώμεθα
2900 3147 3396 3217 ταπεινοξροσύνην
3421 3164 3432 3176 ·
3466 3151 3564 3201 καὶ

1990 3225 2211 3279 ἐπειδὰν
2239 3221 2341 3279 ὧσί
2387 3245 2530 3291 τινες
2565 3228 2701 3299 πρὸς
2731 3230 2876 3298 ἡμᾶς
2897 3230 3074 3300 ἀηδῶς
3091 3230 3418 3300 διακείμενοι
3442 3271 3457 3295 ,
3487 3234 3562 3302 μὴ

1987 3306 2081 3358 ἐπὶ
2109 3307 2268 3361 πλέον
2293 3308 2612 3380 ἐξάπτωμεν
2641 3311 2732 3364 τὸν
2761 3311 2949 3381 θυμὸν,
2981 3312 3116 3366 ἀλλά
3152 3316 3218 3383 τῇ
3245 3314 3412 3385 πολλῇ
3445 3316 3566 3368 ἐπι-

1987 3389 2162 3460 εικείᾳ
2187 3391 2281 3444 καὶ
2315 3395 2380 3464 τῇ
2413 3392 2875 3465 ταπεινοφροσύνῃ
2897 3433 2914 3459 ,
2937 3398 3004 3466 τῇ
3039 3394 3129 3446 διὰ
3163 3395 3458 3466 ῥημάτων,
3494 3400 3562 3468 τῇ

1987 3471 2076 3524 διὰ
2121 3476 2461 3545 πραγμάτων
2494 3477 2946 3548 καταστέλλωμεν
2991 3477 3168 3532 αὐτῶν
3196 3480 3295 3547 τὴν
3341 3479 3560 3550 ἔχθραν,

1989 3555 2084 3608 καὶ
2108 3557 2442 3628 ἰατρεύωμεν
2463 3558 2643 3612 αὐτῶν
2670 3559 2768 3630 τὴν
2799 3560 2975 3630 ψυχὴν
2998 3560 3560 3631 κεκακωμένην.”ορα

1989 3639 2097 3709 γὰρ
2132 3639 2228 3709 τὴν
2277 3641 2464 3708 σοφίαν
2489 3641 2681 3696 τούτου
2710 3643 2804 3695 τοῦ
2832 3643 3039 3696 δικαίου
3059 3679 3075 3705 ,
3126 3643 3272 3706 ὅπως
3298 3645 3363 3712 τῇ
3393 3643 3558 3714 πολλῇ

1990 3720 2204 3791 εὐτονίᾳ
2231 3721 2338 3774 τῶν
2369 3723 2628 3792 ῥημάτων
2655 3721 2795 3776 οὕτω
2823 3724 2914 3777 τὸν
2950 3722 3121 3775 Ἡσαῦ
3163 3725 3559 3793 κατεμάλαξεν,

1989 3803 2063 3865 ὼς
2091 3805 2187 3856 καὶ
2216 3803 2351 3874 πρὸς
2377 3804 2667 3874 θεραπείαν
2699 3803 2862 3857 αὑτοῦ
2890 3803 3204 3871 ἐπείγεσθαι
3222 3843 3238 3869 ,
3269 3806 3361 3858 καὶ
3385 3806 3562 3859 πάντα

1992 3884 2128 3954 πρὸς
2152 3884 2251 3956 τὴν
2273 3885 2462 3938 τούτου
2491 3889 2657 3957 τιμὴν
2691 3886 2971 3955 βούλεσθαι
3004 3891 3192 3942 ποιεῖν.
3225 3888 3394 3940 Τοῦτο
3423 3889 3557 3958 ἁλη-

1990 3967 2098 4030 θῶς
2129 3968 2390 4038 μεγίστης
2421 3970 2570 4022 ἐστὶν
2605 3970 2841 4041 ἀρετῆς,
2869 3971 2968 4040 οὐχ
3007 3971 3136 4025 ὅταν
3163 3972 3287 4034 τοὺς
3324 3973 3564 4041 γνησίως

1989 4049 2126 4120 πρὸς
2157 4051 2302 4120 ἡμᾶς
2345 4051 2720 4121 διακειμένους
2753 4055 2971 4126 ἀγαπᾷν
3004 4054 3419 4124 σπουδάζωμεν,
3463 4057 3561 4110 καὶ

1989 4131 2376 4204 θεραπεύωμεν
2409 4136 2570 4187 παντ¹ί¹
2607 4135 2683 4204 τῷ
2714 4137 2932 4206 τρόπῳ,
2971 4137 3104 4190 ἀλλά
3132 4137 3380 4192 κανὸταν
3431 4141 3559 4202 τοὺς

1989 4216 2314 4286 ἐπηρεάζειν
2346 4218 2477 4287 ἡμῖν
2524 4217 2876 4289 βουλομένους
2921 4220 3008 4274 διὰ
3037 4221 3134 4290 τῆς
3163 4221 3363 4292 πολλῆς
3392 4239 3560 4294 προσ-

1987 4299 2174 4366 ηνείας
2201 4298 2580 4370 ἐπισπώμεθα.
2610 4301 2772 4354 Ούδέν
2806 4302 2914 4374 γὰρ
2942 4304 3240 4368 ἐπιεικείας
3275 4305 3561 4376 σφοδρότε-

1993 4398 2102 4451 ρον.
2123 4382 2333 4454 Ὥσπερ
2357 4383 2464 4454 γάρ
2483 4383 2578 4454 τὴν
2608 4385 2782 4456 πυρὰν
2804 4385 3044 4457 σφοδρῶς
3065 4387 3320 4451 πολλάκις
3345 4388 3558 4441 ἐκκαιο-

1990 4464 2158 4534 μένην
2191 4463 2330 4535 ὕδωρ
2360 4465 2648 4536 ἐπιϐληθέν
2679 4467 3023 4531 κατέσϐεσεν,
3064 4469 3206 4522 οὕτω
3229 4470 3323 4524 καὶ
3345 4471 3437 4523 τὸν
3465 4471 3558 4523 θυ-

1989 4544 2089 4615 μδν
2135 4546 2364 4616 καμίνου
2417 4549 2768 4622 σφοδρότερον
2819 4549 3184 4622 ἐξαπτόμενον
3229 4552 3386 4620 λόγος
3435 4555 3554 4623 μετ’

1986 4629 2282 4692 ἐπιεικείας
2307 4629 2512 4701 προῖὼν
2535 4633 2945 4699 κατασϐέννυσι,
2969 4635 3061 4688 καὶ
3084 4634 3303 4689 διπλοῦν
3329 4637 3460 4706 ἡμῖν
3491 4638 3555 4690 τὸ

1986 4709 2172 4783 κέρδος
2197 4711 2426 4780 γίνεται,
2452 4714 2590 4785 ὑπὲρ
2619 4708 2692 4769 ὧν
2720 4733 2780 4768 τε
2814 4716 2969 4770 αὐτοὶ
2995 4717 3094 4788 τὴν
3117 4719 3415 4773 ἐπιείκειαν
3442 4721 3555 4772 ἐπι-

1984 4792 2328 4864 δεικνύμεθα,
2352 4797 2445 4871 καξι
2473 4797 2612 4867 ὑπὲρ
2639 4792 2714 4852 ὧν
2739 4798 2832 4850 τοῦ
2874 4799 3102 4871 ἀδελφοῦ
3131 4801 3223 4854 τὸν
3252 4803 3418 4872 θυμὸν
3450 4819 3550 4854 κα-

1982 4874 2388 4940 ταπαύσαντες,
2432 4877 2523 4930 τὸν
2568 4877 2824 4948 λογισμὸν
2873 4881 3034 4935 αὑτοῦ
3065 4884 3310 4953 ταραχῆς
3340 4883 3552 4936 ἐλευθεο

1986 4958 2205 5030 ροῦμεν.
2241 4959 2306 5011 Τί
2348 4960 2486 5030 γὰρ,
2531 4960 2654 5012 είπέ
2699 4978 2830 5031 μοις
2866 4965 3000 5034 Οὐχὶ
3052 4966 3240 5037 μέμφῃ
3286 4966 3379 5018 καὶ
3416 4982 3548 5017 κατ-

1984 5044 2207 5111 ηγορεῖς
2223 5041 2317 5094 τοῦ
2338 5040 2566 5109 ἀδελφοῦ
2596 5041 3060 5113 θυμουμένου,καὶ
3088 5047 3295 5117 ἐχθρῶς
3324 5048 3458 5116 πρὸς
3491 5048 3551 5100 at

1982 5123 2323 5191 διακειμένου
2351 5139 2365 5188 ;
2395 5123 2546 5186 Τίνος
2578 5119 2668 5177 οὖν
2692 5126 2874 5180 ἐνεκεν
2902 5129 3021 5198 ούχὶ
3049 5128 3137 5181 διὰ
3162 5131 3266 5182 τῶν
3295 5129 3549 5181 ἐναντίων

1983 5205 2143 5266 αὺτές
2174 5204 2423 5273 ἔρχεσθαι
2448 5205 2798 5271 σπουδάζεις,
2834 5209 2968 5262 ἀλλά
3002 5209 3300 5278 θυμοῦσθαι
3335 5210 3426 5263 καὶ
3451 5211 3547 5262 αύ-

1981 5286 2070 5350 τὸς
2105 5287 2196 5339 ἐπὶ
2241 5285 2420 5339 πλεῖον
2451 5287 2655 5357 βούλει;
2712 5289 2798 5359 Μὴ
2840 5290 2947 5360 γάρ
2981 5282 3204 5345 δυνατὸν
3253 5293 3363 5363 πῦρ
3414 5295 3546 5364 πυρὶ⁹

1983 5367 2332 5433 σϐέννυσθαι;
2369 5368 2482 5422 Οὐκ
2515 5370 2624 5439 ἔχει
2653 5370 2814 5439 φύσιν
2838 5373 2898 5424 τὸ
2942 5374 3322 5443 γεγενημένον.
3360 5374 3546 5438 Οὕτως

1981 5451 2099 5504 οὐδὲ
2129 5450 2296 5520 θυμὸν
2337 5452 2507 5523 ἑτέρῳ
2539 5454 2694 5524 θυμῷ
2721 5455 3199 5526 καταπραΰνεσθαι
3231 5456 3450 5510 δυνατὸν
3478 5458 3545 5510 ἂν

1980 5533 2186 5600 γένοιτό
2223 5551 2352 5586 ποτε
2376 5551 2389 5564 ·
2420 5535 2556 5604 ὅπερ
2583 5536 2688 5606 γάρ
2717 5537 2829 5589 ἐστι
2857 5537 2934 5607 τῷ
2956 5539 3090 5610 πυρὶ
3116 5538 3176 5590 7:6
3199 5537 3360 5609 ὕδωρ,
3388 5538 3546 5594 τοῦτο

1979 5613 2058 5685 τῷ
2091 5615 2248 5685 θυμῷ
2297 5616 2562 5670 ἐπιείκεια
2609 5618 2700 5672 καὶ
2749 5621 3013 5690 πραΰτης.
3056 5620 3155 5674 Διά
3195 5621 3350 5675 τοῦτο
3390 5623 3481 5676 καὶ
3515 5627 3546 5677 6

1981 5697 2212 5766 Χριστὸς
2239 5696 2386 5765 ἔλεγε
2430 5703 2540 5763 τοῖς
2577 5700 2843 5771 μαθηταῖς
2865 5744 2879 5764 ,
2939 5703 3079 5758 Ἐὰν
3110 5704 3250 5770 τοὺς
3281 5705 3544 5772 ἀγαπῶν-

2036 5792 2060 5818 ·
2085 5789 2154 5837 lla
2176 5803 2263 5838 sex
2286 5805 2398 5840 mss.
2419 5794 2558 5849 ,Sav.
2584 5799 2748 5844 autem
2767 5801 2819 5845 et
2843 5798 2958 5847 Mor.
2974 5800 3292 5848 ἐπεδίδασκςν.
3318 5799 3415 5846 Sed
3437 5813 3540 5849 me-

306 5835 490 5904 καίου,
523 5833 661 5888 ὥστε
690 5832 849 5885 αὑτὸν
871 5833 1268 5901 καταμαλάξαι,
1299 5836 1392 5890 καὶ
1427 5838 1560 5910 πρὸς
1591 5839 1689 5911 τὴν
1720 5839 1875 5896 ἀδελ-

1993 5851 2068 5900 ius
2087 5852 2324 5913 quadrare

631 5923 903 5987 Ρηιιοι..
948 5922 1040 5983 (in
1129 5924 1286 5988 LIV.

3140 5946 3180 6004 9
