4150 6206
550 305 656 360 ΜΞ

548 439 661 486 τας
680 418 832 489 (qui;
852 416 1136 488 ἀγαπᾶτε,
1160 417 1292 469 τίνα
1312 418 1533 486 μισθὸν
1551 418 1752 486 ﬁxere;
1779 411 1914 471 Εἶτα
1947 414 2127 487 ἐντρέ-

547 505 646 574 ψαι
677 503 996 572 βουλόμενος
1019 501 1084 570 τῇ
1119 499 1382 569 ἐπαγωγῇ
1406 539 1422 563 ,
1451 499 1544 552 καὶ
1569 499 1888 553 καθικέσθαι
1910 499 2018 552 τῶν
2041 501 2132 570 ρᾳ-

550 589 744 658 θυμεῖν
772 584 1127 654 βουλομένων.
1167 579 1332 649 φησίν
1358 599 1370 612 ·
1399 583 1546 651 Οὐχὶ
1573 581 1672 636 καί
1707 585 1760 636 οι
1790 578 2039 635 τελῶναι
2061 581 2128 634 τὸ

547 671 692 724 αὐτὸ
714 667 1023 728 ποιοῦσιν;
1049 666 1270 716 Ὄντινα
1290 663 1399 735 γὰρ
1423 665 1489 718 ἂν
1511 665 1682 737 λάϐῃς
1706 664 1816 718 τῶν
1845 664 2121 736 ῥᾳθύμων,

545 751 667 822 ούχί
691 749 848 804 τοῦτο
876 747 1299 818 διαπράττεται;
1331 746 1483 823 [569]
1513 749 1607 802 καὶ
1638 749 1792 802 αὑτοὶ
1823 751 1870 800 οἱ
1900 745 2124 799 τελῶναι

543 835 663 906 οὐχὶ
689 833 847 886 τοῦτο
866 831 954 885 διά
984 829 1218 901 σπουδῆς
1249 829 1432 900 ἔχουσι
1457 849 1471 898 ;
1516 832 1581 884 Τί
1622 832 1731 901 γάρ
1757 829 1990 884 τελώνου
2017 831 2126 899 χεῖ-

546 935 638 990 ρον
661 933 678 984 ;
707 916 818 969 Καὶ
839 916 986 984 ὅμως
1015 911 1174 966 τοῦτο
1200 915 1364 967 παντὶ
1389 914 1574 986 τρόπῳ
1599 916 1850 986 εὑρήσεις
1881 911 2006 984 παρ’
2032 912 2129 964 αύ-

541 1003 656 1064 τοῖς
681 998 1056 1069 πληρούμενον
1081 1037 1095 1061 ,
1141 996 1236 1050 καὶ
1269 997 1369 1068 οὐχ
1411 994 1521 1050 οἷόν
1558 1015 1618 1050 τε
1644 997 1734 1052 τὸν
1766 995 2126 1065 ἀγαπώμενον

545 1084 621 1157 μὴ
660 1082 754 1137 καὶ
787 1081 1028 1152 ἀγαπᾷν.
1074 1079 1215 1149 Ἐγὼ
1259 1081 1346 1146 δὲ,
1390 1082 1576 1152 ἐπειδὴ
1619 1083 1713 1136 καὶ
1765 1079 2127 1152 ὑψηλοτέρους

542 1169 687 1238 ὑμᾶς
726 1160 867 1218 εἶναι
893 1163 1151 1234 βούλομαι
1177 1203 1192 1228 ,
1220 1166 1315 1218 καὶ
1343 1163 1488 1234 ἔχειν
1515 1183 1567 1218 τι
1597 1165 1802 1218 τούτων
1836 1163 2028 1225 πλέον,
2062 1163 2124 1216 οὐ

539 1249 698 1304 τοῦτο
719 1247 991 1320 παραινῶ,
1012 1246 1148 1300 ἀλλά
1173 1248 1410 1310 καὶτοὺς
1439 1246 1665 1318 ἐχθροὺς
1690 1249 1926 1317 ἀγαπᾷν.
1947 1247 2125 1316 Ὅπερ

533 1335 564 1385 0
601 1331 868 1404 μακάριος
893 1343 918 1371 ιι
949 1324 1102 1393 οὗτος
1133 1331 1238 1402 πρὸ
1261 1331 1358 1383 τοῦ
1388 1330 1576 1400 νόμου,
1609 1331 1716 1403 πρὸ
1743 1331 1840 1400 τῆς
1874 1329 2125 1383 διδασκα-

540 1415 660 1480 λίας
697 1417 794 1486 τῆς
829 1415 956 1485 παρ’
988 1412 1218 1485 ἐτέρων,
1256 1413 1467 1467 οἴκοθεν
1499 1415 1817 1485 κινούμενος
1842 1453 1856 1476 ,
1902 1411 1990 1464 διά
2025 1413 2124 1482 τῆς

539 1497 989 1572 ὑπερϐαλλούσης
1021 1496 1321 1559 ἐπιεικείας
1367 1498 1630 1570 πρότερον
1671 1498 1769 1570 μὲν
1811 1495 1906 1550 τοῦ
1938 1495 2123 1550 Δάϐαν

540 1582 882 1653 περιγέγονε,
909 1581 1025 1632 νυνὶ
1052 1579 1107 1632 δὲ
1142 1581 1236 1633 καὶ
1263 1579 1358 1633 τοῦ
1395 1581 1646 1649 ἀδελφοῦ.
1683 1582 1745 1634 Et
1775 1579 1882 1651 γὰρ
1910 1579 2003 1632 καὶ
2026 1578 2124 1648 τῆς

539 1663 745 1719 ἀνωθεν
771 1663 1085 1733 συμμαχίας
1112 1662 1448 1733 ἀπήλαυσεν,
1470 1663 1584 1718 ἀλλ’
1607 1665 1757 1734 ὅμως
1783 1665 1880 1716 καὶ
1899 1661 1968 1715 τά
1993 1661 2123 1732 παρ’

539 1745 732 1801 ἐαυτοῦ
760 1746 1234 1818 προεπεδείκνυτο.
1253 1745 1410 1800 Οῦτω
1437 1746 1500 1818 δὴ
1529 1748 1625 1800 καὶ
1657 1747 1816 1817 ἡμεῖς
1845 1745 2123 1814 πείσωμεν

539 1831 767 1893 ἑαυτοὺς
792 1871 807 1893 ,
841 1830 922 1882 ὅτι
963 1828 1067 1881 κᾶν
1105 1828 1364 1898 μυριάκις
1402 1829 1790 1899 σπουδάζωμεν
1809 1867 1825 1892 ,
1855 1827 2003 1881 οὐδὲν
2031 1827 2123 1879 ού-

539 1916 730 1968 δέποτε
762 1912 1107 1984 κατορθῶσαι
1125 1912 1487 1983 δυνησόμεθα,
1519 1915 1567 1966 εἰ
1591 1913 1666 1983 μὴ
1687 1914 1779 1966 καὶ
1800 1913 1895 1982 τῆς
1917 1909 2123 1964 ἀνωθεν

540 1999 717 2070 ῥοπῆς
745 1995 1177 2066 ἀπολαύσαιμεν.
1209 1997 1418 2068 Ὥσπερ
1449 1996 1577 2069 γάρ,
1610 1999 1658 2049 εί
1685 1996 1758 2067 μὴ
1787 1996 1884 2066 τῆς
1913 1993 2122 2047 ἐκεῖθεν

539 2081 858 2152 συμμαχίας
883 2078 1283 2148 ἀπολαύσωμεν
1309 2117 1324 2142 ,
1360 2079 1510 2132 οὐδὲν
1563 2078 1818 2150 ίσχύομέν
1853 2095 1981 2132 ποτε
2015 2077 2122 2132 τῶν

537 2167 764 2219 δεόντων
787 2161 1130 2232 κατορθῶσαι
1153 2177 1166 2189 ’
1194 2163 1337 2216 οῦτω
1358 2163 1518 2215 πάλιν
1549 2164 1598 2216 εί
1633 2161 1708 2233 μὴ
1745 2163 1810 2215 τά
1843 2163 1971 2232 παρ’
1999 2163 2124 2214 ἐαυ-

539 2247 646 2300 τῶν
677 2245 1095 2312 εἰσενέγκωμεν,
1122 2244 1183 2298 ού
1213 2243 1556 2316 δυνησόμεθα
1587 2249 1686 2315 τῆς
1713 2244 1918 2299 ἀνωθεν
1949 2243 2124 2308 (15:05-

541 2330 666 2383 σθαι
691 2328 883 2401 ῥοπῆς.
927 2325 1020 2378 Διὸ
1067 2327 1458 2399 στωιδάζωμεν
1503 2329 1597 2382 καὶ
1643 2327 1714 2381 τά
1749 2326 1876 2398 παρ’
1915 2327 2122 2380 ἑαυτῶν

537 2413 846 2482 εἰσφέρειν,
887 2409 982 2462 καὶ
1025 2407 1124 2480 τὴν
1153 2408 1359 2462 ἀνωθεν
1409 2409 1734 2480 κηδεμονίαν
1776 2409 2119 2478 ἐφέλκεσθαι,

537 2496 626 2548 ἵνα
658 2495 752 2546 καὶ
779 2494 842 2545 ἐκ
887 2492 985 2560 τῆς
1020 2492 1295 2562 ἡμετέρας
1347 2490 1582 2563 σπουδῆς
1603 2534 1617 2555 ,
1649 2493 1744 2546 καὶ
1779 2495 1844 2546 ἐκ
1887 2495 1985 2563 τῆς
2025 2493 2120 2546 τοῦ

535 2577 669 2632 θεοῦ
695 2575 1106 2645 φιλανθρωπίας
1135 2575 1204 2628 τά
1224 2575 1324 2644 τῆς
1349 2576 1550 2646 ἀρετῆς
1580 2577 1710 2645 ἡμῖν
1735 2575 1855 2628 καθ’
1884 2577 2120 2644 ἐκάστην

534 2661 752 2731 ἡμέραν
801 2657 1172 2731 ἐπιτείνηται,
1201 2658 1297 2709 καὶ
1349 2657 1549 2725 πολλῆς
1587 2656 1984 2727 ἀπολαύσωμεν
2023 2658 2121 2728 τῆς

535 2726 742 2798 ἀνωθεν
774 2726 996 2813 χάριτος
1022 2755 1036 2768 ·
1063 2731 1132 2810 ἧς
1162 2741 1372 2808 γένοιτο
1407 2741 1615 2804 πάντας
1645 2742 1794 2812 ἡμᾶς
1819 2726 2118 2810 ἐπιτυχεῖν,

535 2827 718 2898 χάριτι
768 2825 862 2877 καὶ
912 2822 1293 2894 φιλανθρωπίᾳ
1337 2822 1432 2876 τοῦ
1484 2824 1685 2894 Κυρίου
1730 2824 1885 2894 ἡμῶν
1943 2823 2116 2894 Ἰησοῦ

535 2907 795 2979 Χριστοῦ,
827 2904 944 2977 μεθ’
972 2898 1034 2960 οῦ
1056 2904 1133 2975 τῷ
1161 2905 1359 2976 Πατρὶ,
1393 2906 1511 2975 ἀμα
1547 2905 1626 2977 τῷ
1665 2905 1806 2977 ἁγίῳ
1841 2905 2117 2976 Πνεύματι

533 2993 683 3060 δόξα,
715 2992 916 3062 κράτος
937 3029 952 3052 ,
981 2989 1137 3060 τιμὴ,
1165 2988 1258 3043 νῦν
1282 2989 1375 3044 καὶ
1405 2991 1512 3055 ἀεὶ,
1539 2990 1632 3044 καὶ
1659 2991 1740 3055 εἰς
1768 2991 1892 3055 τοὺς
1915 2991 2118 3055 αἰῶνας

533 3076 643 3129 τῶν
670 3073 904 3129 αἰώνων.
947 3071 1005 3126 ’Δ
1013 3074 1139 3143 μην.

1123 3154 1365 3208 ΟΜῘΛῘΛ
1399 3154 1522 3210 ΝΘἎ

536 3239 642 3295 Καὶ
679 3234 862 3308 ἦλθεν
911 3237 1108 3292 Ἰακὼό
1141 3239 1228 3303 εἷς
1273 3238 1482 3306 Σαλὶυι
1529 3238 1711 3308 πόλιν
1755 3239 2030 3307 Σηκίμων
2063 3240 2113 3303 ι’,

603 3307 738 3379 nali
765 3307 1063 3374 ἐκτήσατο
1121 3308 1235 3379 τὴν·
1284 3309 1506 3379 μερίδα,
1557 3307 1664 3379 τοῦ
1721 3310 1906 3379 ἀγροῦ
1957 3311 2115 3379 παρὰ

617 3378 799 3448 Ἐμὼρ
839 3379 944 3432 τοῦ
983 3377 1207 3448 πατρὸς
1244 3378 1444 3448 Συχὲμ
1485 3378 1702 3448 ἑκατὸν
1740 3378 1944 3447 ἀμνῶν
1967 3419 1981 3438 .
2014 3377 2112 3433 καὶ

600 3447 866 3515 ἔστησεν
906 3447 1036 3502 ἐκεῖ
1074 3447 1526 3517 θυσιαστήριον,
1565 3447 1664 3501 καί
1704 3449 2114 3504 ἐπεκαλέσατο

601 3518 710 3572 τὸν
730 3518 878 3573 Θεὸν
898 3518 1002 3572 τοῦ
1037 3517 1304 3584 Ἰσραήλ.

600 3608 672 3656 α’.
691 3601 869 3654 Εῐδετε
887 3599 1013 3670 χθὲς
1030 3602 1122 3654 καὶ
1142 3599 1236 3654 τοῦ
1259 3599 1438 3653 κοινοῦ
1455 3598 1562 3654 τῶν
1577 3599 1832 3654 ἀπάντων
1843 3601 2112 3655 Δεσπὸτου

529 3688 627 3760 τὴν
653 3687 1098 3760 ὑπερϐάλλουσαν
1129 3685 1558 3759 φιλανθρωπίαν,
1591 3688 1686 3741 καὶ
1714 3687 1821 3740 τῶν
1857 3687 2112 3759 μαθητῶν

527 3773 628 3843 τὴν
654 3772 992 3840 φιλοσοφίαν,
1021 3772 1116 3825 καὶ
1143 3771 1253 3824 τῶν
1287 3770 1554 3824 Ἰουδαίων
1581 3771 1681 3840 τὴν
1697 3771 2108 3842 ἀγνωμοσύνην.

528 3857 710 3910 Εἴδετε
744 3855 864 3927 μεθ’
888 3856 1020 3925 ὅσης
1043 3852 1395 3919 ἀνεξικακίας
1420 3854 1778 3926 ἐπεστόμισεν
1806 3855 1984 3908 αὐτῶν
2013 3856 2112 3927 τὴν

525 3940 878 4010 ἀναίσχυντον
911 3939 1137 4009 τόλμαν,
1175 3938 1275 4010 τὴν
1307 3938 1448 4008 ὑπὲρ
1475 3937 1583 3991 τῶν
1619 3936 1878 4008 μαθητῶν
1917 3937 2112 3991 ἀπολο·

526 4024 652 4090 γίαν
686 4023 1037 4093 ποιούμενος,
1068 4023 1162 4074 καὶ
1189 4021 1403 4085 δεικνὺς
1433 4022 1515 4077 ὅτι
1539 4021 1694 4074 αὐτοὶ
1735 4023 1784 4074 οἰ
1823 4021 1916 4074 10v
1949 4022 2111 4092 νόμον

527 4105 759 4159 ἐκδικεῖν
789 4106 1064 4166 ἐθέλοντες
1085 4145 1100 4169 ,
1136 4103 1391 4171 ἀγνοοῦσι
1422 4103 1516 4156 τοῦ
1553 4103 1720 4174 νόμου
1756 4104 1816 4156 10
1843 4102 2108 4174 βούλημα,

531 4187 626 4240 καὶ
651 4187 732 4240 ὅτι
755 4188 852 4257 τῆς
875 4187 1132 4255 ἀληθείας
1158 4187 1419 4256 φανείσης
1447 4185 1528 4238 ἔτι
1546 4188 1612 4257 τῇ
1640 4187 1767 4256 σκιᾷ
1796 4187 2108 4258 παρακαθῆ-

533 4270 655 4324 σθαι
689 4270 898 4341 ἡθελον.
931 4268 1113 4322 Είδετε
1168 4268 1286 4332 πῶς
1318 4268 1523 4322 ἀνωθεν
1564 4270 1658 4322 καὶ
1704 4270 1763 4336 ἐξ
1801 4270 1974 4341 ἀρχῆς
2008 4271 2110 4336 τὰς

529 4354 938 4424 παρατηρήσεις
966 4351 1196 4422 νομικὰς
1234 4351 1439 4405 ἀνελεῖν
1472 4351 1768 4416 ἐσπούδαζε
1794 4393 1810 4415 ,
1843 4353 2110 4408 διδάσκων

525 4439 721 4499 αὐτοὺς
765 4439 846 4490 δτι
878 4436 972 4488 τοῦ
1005 4436 1155 4504 ἡλίου
1179 4435 1277 4505 τῆς
1323 4435 1667 4506 δικαιοσύνης
1715 4437 1974 4507 φανέντος
2008 4439 2109 4492 ούκ

526 4523 608 4572 ἔτι
637 4521 860 4573 δυνατὸν
888 4520 949 4572 τὸ
977 4519 1248 4588 λυχνιαῖον
1283 4522 1525 4590 ἐνεργεῖν
1565 4521 1680 4589 φῶς
1699 4539 1714 4554 ·
1754 4523 1788 4593 ἡ
1827 4523 1936 4593 γάρ
1966 4524 2108 4595 αὐγὴ

523 4602 620 4654 τοῦ
672 4603 848 4670 φωτδς
893 4601 986 4654 τοῦ
1035 4602 1260 4673 ἡλιακοῦ
1312 4604 1722 4673 προσϐάλλουσα
1762 4606 2106 4678 ἀποκρύπτει

431 4682 438 4689 ’
523 4684 713 4738 τούτου
741 4685 839 4755 τὴν
869 4684 1080 4754 χρείαν.
1131 4685 1390 4754 Ἐμάθετε
1419 4687 1534 4752 πῶς
1560 4687 1782 4742 δυνατὸν
1803 4690 1888 4743 ἀεὶ
1914 4691 2107 4759 ἑορτά-

526 4767 664 4832 ζειν,
687 4767 782 4819 καί⁸
804 4767 1146 4837 ἀπηλλάχθαι
1174 4770 1272 4840 τῆς
1294 4769 1399 4822 τῶν
1425 4771 1631 4840 καιρῶν
1653 4774 2102 4844 παρατηρήσεως.

529 4853 624 4904 Διά
666 4851 774 4920 γάρ
807 4850 964 4903 τοῦτο
1007 4854 1336 4922 παρεγένετο
1381 4855 1409 4907 0
1457 4857 1730 4927 Δεσπότης
1760 4860 1788 4910 0
1817 4858 2103 4930 ἡμέτερος,

527 4935 613 4987 ἵνα
639 4935 788 5004 ἡμᾶς
821 4933 1166 5009 ἐλευθερώσῃ
1194 4937 1294 5004 τῆς
1323 4937 1430 4991 τῶν
1459 4940 1669 5012 καιρῶν
1700 4941 1947 5012 ἀνάγκης
1968 4981 1982 5004 ,
2012 4942 2106 4995 καὶ

521 5017 920 5090 παρασκευάσῃ
967 5019 1274 5090 ὑψηλότερα
1306 5021 1584 5083 πέτεσθαι,
1640 5023 1734 5078 καὶ
1785 5026 1843 5077 ἐν
1892 5024 2105 5095 ούρανῷ

521 5100 707 5154 λοιπὸν
744 5100 890 5170 ἔχειν
908 5102 966 5154 τὸ
995 5103 1318 5172 πολίτευμα,
1353 5107 1446 5158 καὶ
1474 5106 1793 5176 ἀνθρώπους
1823 5107 1981 5171 ὄντας
2005 5108 2104 5179 τὴν

521 5182 675 5255 [570]
703 5184 812 5236 τῶν
843 5184 1090 5253 ἀγγέλων
1120 5187 1406 5257 μιμεῖσθαι
1430 5189 1724 5250 πολιτείαν,
1750 5193 1844 5244 καὶ
1872 5208 2104 5260 καταγε-

517 5267 617 5338 λᾷν
651 5268 868 5321 πάντων
915 5269 1024 5322 τῶν
1072 5269 1427 5341 ἀνθρωπίνων
1473 5274 1834 5345 πραγμάτων.
1869 5275 2003 5346 Φέρε
2038 5277 2102 5347 δὴ

518 5353 761 5422 σήμερον
787 5392 801 5415 ,
835 5353 884 5404 εἰ
923 5351 1106 5415 δοκεῖ,
1139 5354 1230 5407 ἐπὶ
1267 5354 1364 5426 τὴν
1409 5355 1729 5412 ἀκολουθίαν
1770 5356 1876 5410 τῶν
1911 5357 2102 5429 πρώην

589 5485 780 5564 ξ”Οπερ
805 5493 832 5539 ό
853 5494 1094 5564 μακάριος.
1119 5497 1266 5564 εει-ἂι.
1297 5513 1308 5545 :
1338 5497 1760 5564 ¢_Vel_legoud0m
1785 5500 1934 5564 ᾧπερ.
1962 5507 2013 5550 nl
2033 5505 2099 5553 sit

515 5554 711 5619 όαιὶνιιβ
753 5554 1088 5619 insuuméuli,
1123 5560 1198 5604 vel
1237 5554 1571 5619 ειιρριουάυιιῖ
1607 5554 1828 5617 ποιήσας,
1867 5554 1950 5610 αὐι
1993 5568 2094 5614 tale

517 5613 700 5684 ai‘qu‘u‘id
721 5618 1091 5684 pprtjuipi_u_nn,_a
1117 5632 1216 5684 qum
1238 5613 1440 5684 τυξξὶιιιιι·
1462 5613 1766 5684 accusativbs
1790 5613 1921 5684 ὅπερ.
1951 5640 1968 5671 ι

576 5673 608 5714 δ’
630 5675 778 5739 Sy”.
803 5677 864 5739 εἰς
891 5673 1026 5724 πόλιν
1046 5673 1280 5738 Σικῆμων.
1297 5673 1552 5739 ‘Quinque
1571 5693 1690 5727 mss.
1716 5682 1780 5738 εἰς
1800 5673 1936 5733 πόλιν
1969 5688 2097 5737 Σικί-

520 5748 636 5792 μων.
664 5736 832 5784 Morel.
861 5748 913 5789 et
939 5736 1242 5801 uelnpla‘ria
1260 5736 1354 5787 τῶν
1375 5742 1441 5789 0'
1461 5736 1518 5790 in
1543 5738 1592 5790 in
1623 5736 1782 5793 ιειιιιι.

1239 301 1296 355 S.
1337 299 1621 357 JOANNIS
1659 296 2148 356 CHRYSOSTOMI
2189 297 2510 382 ARCHIEP.
2551 297 3095 357 CONSTANTINOP.

3714 301 3816 357 5H

2245 417 2376 488 ἡμῖν
2397 418 2702 490 εἰρημένων
2728 420 2791 471 ἐκ
2822 418 2930 471 τῶν
2969 416 3064 471 τοῦ
3113 415 3382 488 μακαρίου
3416 415 3696 478 Μωῦσέως
3724 419 3819 488 ρη-
3889 431 3904 490 ί

2245 504 2430 572 μάτων
2451 503 2834 562 ἐπανελθόντες
2852 540 2866 564 ,
2893 501 3102 555 ἐκεῖθεν
3126 501 3254 570 ὑμῖν
3280 498 3612 571 παραθῶμεν
3638 499 3814 552 ἑστία·

2242 601 2344 638 σιν.
2377 585 2522 638 Ἴστε
2546 585 2652 656 γάρ
2672 585 2751 638 δτι
2773 582 3157 646 ἐπανελθόντος
3186 585 3249 636 ἐκ
3266 581 3697 652 Μεσοποταμίας
3722 579 3818 634 τοῦ

2252 665 2467 732 Ἰακὼϐ,
2490 667 2585 720 καὶ
2615 667 2712 737 τὴν
2739 666 2869 738 πρὸς
2893 666 2984 719 τὸν
3017 664 3244 734 ἀδελφὸν
3274 663 3563 734 συντυχίαν
3594 681 3821 735 ποιησα-

2242 749 2426 820 μένου,
2463 751 2556 806 καὶ
2591 749 2729 821 μετά
2757 747 2916 803 τοῦτο
2959 747 3438 819 διαχωρισθέντος,
3485 746 3578 800 καὶ
3608 747 3822 800 ἐκείνου

2241 834 2340 906 μὲν
2383 837 2462 898 εἰς
2489 835 2588 906 τὴν
2619 833 2782 905 Σηεὶρ
2834 833 3212 905 ὁρμήσαντος,
3252 830 3346 885 τοῦ
3384 830 3441 884 δέ
3482 829 3678 884 Ἰακὼϐ
3721 832 3821 894 τάς

2240 917 2446 990 σκηνάς
2479 917 2815 989 πηξαμένου,
2835 916 2927 970 καὶ
2961 915 3050 971 10v
3078 917 3239 970 τόπον
3269 914 3374 968 ἀπὸ
3394 913 3487 967 τοῦ
3513 914 3821 984 συμϐάντος

2235 1001 2601 1072 ὀνομάσαντος
2635 999 2898 1069 Σκηνὰς,
2933 999 3168 1053 ἐνταῦθα
3203 998 3294 1052 10v
3331 997 3487 1066 λόγον
3520 996 3821 1050 κατελύσα·

2239 1101 2371 1154 μεν·
2407 1085 2487 1138 διὸ
2517 1083 2622 1156 χρὴ
2664 1083 2734 1138 τά
2772 1083 2898 1152 ἑξῆς
2926 1081 3242 1146 ἐπελθόντες
3283 1080 3424 1135 κατά
3464 1079 3691 1150 δύναμιν
3719 1078 3821 1150 τὴν

2237 1167 2508 1239 ἡμετέραν
2529 1169 2628 1238 τὴν
2650 1167 2998 1220 διδασκαλίαν
3023 1167 3150 1236 ὑμῖν
3178 1165 3499 1236 παραθεῖναι
3523 1165 3622 1235 τὴν
3652 1181 3817 1216 πνευ-

2239 1250 2494 1320 ματικήν.
2525 1251 2613 1302 Ἐν
2631 1250 2786 1319 ἀδείᾳ
2817 1249 2924 1320 γάρ
2958 1248 3142 1301 λοιπὸν
3163 1245 3404 1317 γεγονὼς
3425 1249 3452 1302 0
3477 1248 3702 1318 δίκαιος,
3721 1246 3818 1300 καὶ

2235 1334 2620 1406 ἐλευθερωθεὶς
2647 1334 2827 1404 πάσης
2854 1332 3093 1401 ἀγωνίας
3110 1373 3124 1397 ,
3155 1328 3354 1396 Ἦλθε,
3387 1332 3571 1400 φησὶν,
3593 1335 3680 1398 εἰς
3709 1338 3818 1390 πόα

2233 1419 2336 1470 λιν
2362 1416 2656 1484 Σηκίιιων,
2685 1416 2780 1469 καὶ
2801 1415 3098 1481 ἐκτήσατο
3128 1414 3243 1481 τὴν
3259 1416 3471 1484 μερίδα
3500 1415 3606 1469 τοῦ
3629 1416 3817 1486 ἀπ)οὗ

2234 1499 2393 1568 παρὰ
2437 1497 2620 1568 Ἐμὼρ
2651 1498 2755 1551 τοῦ
2784 1499 3007 1565 πατρὸς
3039 1497 3238 1565 Συχὲμ
3271 1496 3489 1550 ἑκατὸν
3515 1497 3721 1567 ἁμνῶν
3750 1512 3773 1540 ε
3798 1520 3813 1535 ·

2235 1582 2334 1635 καὶ
2360 1582 2627 1647 ἔστησεν
2657 1581 2784 1634 ἐκεῖ
2803 1580 3258 1647 θυσιαστήριον,
3283 1579 3380 1633 καὶ
3405 1580 3818 1637 ἐπεκαλέσατο

2232 1665 2341 1718 τὸν
2373 1665 2520 1719 Θεὸν
2548 1663 2656 1718 τοῦ
2711 1662 2969 1730 Ἰσραήλ.
3005 1663 3094 1733 Μὴ
3143 1661 3331 1724 ἀπλῶς
3379 1665 3818 1736 παρατρέχωμεν

2232 1749 2301 1802 τά
2322 1750 2378 1801 ἐν
2407 1751 2526 1811 ταῖς
2562 1747 2733 1810 θείαις
2763 1747 3005 1817 Γραφαῖς
3027 1745 3274 1814 κείμενα.
3308 1746 3370 1798 Εἰ
3400 1745 3506 1817 γάρ
3532 1749 3580 1800 οἱ
3615 1747 3683 1800 τά
3710 1748 3819 1819 ψήο

2234 1849 2419 1902 γματα
2441 1832 2534 1885 τοῦ
2565 1831 2790 1903 χρυσίου
2824 1832 2888 1884 ἐκ
2920 1829 3022 1899 τῆς
3054 1832 3155 1898 γῆς
3177 1828 3561 1900 ἀνορύττοντες
3584 1870 3599 1894 ,
3635 1832 3817 1886 πάντα

2235 1915 2394 1968 πόνον
2417 1915 2772 1985 ὑπομένουσι,
2803 1913 2898 1967 καὶ
2931 1913 3151 1966 πάντων
3179 1912 3461 1983 ἀνέχονται
3491 1913 3598 1966 τῶν
3627 1914 3817 1985 δυσχε-

2237 1999 2348 2070 ρῶν
2370 2039 2385 2062 ,
2426 1997 2566 2052 ῶστε
2613 1997 2907 2069 δυνηθῆναι
2934 1995 3034 2066 τῆς
3066 1995 3170 2066 γῆς
3199 1997 3430 2068 χωρίσαι
3474 1997 3532 2051 10
3557 2000 3778 2069 χρυσίον
3799 2017 3813 2030 ·

2233 2079 2414 2152 πολλῷ
2462 2079 2660 2152 μᾶλλον
2703 2080 2851 2150 ἡμᾶς
2898 2078 3106 2133 δίκαιον
3157 2079 3222 2132 ἀν
3271 2080 3356 2150 εἴη
3395 2080 3462 2133 τά
3513 2080 3672 2149 λόγια
3720 2084 3816 2135 τοῦ

2233 2163 2550 2235 Πνεύματος
2574 2161 2969 2234 διερευνᾶσθαι,
3011 2163 3106 2215 καὶ
3126 2162 3223 2233 τὴν
3246 2163 3304 2229 ἐξ
3339 2162 3517 2217 αὐτῶν
3546 2163 3818 2233 ὠφέλειαν

2233 2247 2703 2320 καρπωσαμένους
2722 2289 2737 2312 ,
2769 2245 2941 2308 οὕτως
2967 2245 3214 2298 ἐντεῦθεν
3236 2246 3454 2310 ἐξιέναι.
3501 2247 3699 2301 Ἐννόει
3724 2266 3816 2317 μοι

2230 2331 2408 2384 τοίνυν
2433 2330 2526 2384 τοῦ
2562 2328 2871 2401 θαυμαστοῦ
2903 2327 3093 2381 τούτου
3121 2329 3312 2400 ἀνδρὸς
3343 2330 3444 2402 τὴν
3475 2330 3814 2400 φιλοσοφίαν,

2230 2413 2379 2476 ὅπως
2412 2411 2679 2484 τοσαύτης
2718 2411 3003 2466 ἀπολαύων
3057 2412 3155 2481 τῆς
3204 2412 3409 2466 ἄνωθεν
3463 2413 3674 2485 ῥοπῆς,
3720 2415 3818 2468 καὶ

2229 2495 2372 2565 ὁρῶν
2421 2494 2612 2546 ἐαυτοῦ
2659 2493 2756 2563 τὴν
2804 2494 3122 2565 περιουσίαν
3155 2494 3522 2566 αὑξομένηνά,
3555 2497 3655 2567 τὴν
3706 2497 3819 2551 τῶν

2230 2575 2562 2646 θρεμμάτων
2589 2575 2731 2644 λέγω
2751 2615 2766 2638 ,
2797 2578 2892 2628 καὶ
2916 2575 3188 2629 τοσούτων
3234 2578 3441 2632 παίδων
3480 2577 3640 2649 χορὸν
3664 2576 3813 2648 αῦτῷ

2229 2659 2594 2728 περιεστῶτα,
2626 2659 2685 2711 ού
2723 2659 2853 2730 περὶ
2877 2658 3164 2729 οἰκοδομάς
3201 2659 3460 2731 λαμπράς
3495 2659 3688 2714 ἑαυτὸν
3727 2661 3806 2727 ἐξ⁶

2229 2742 2585 2807 ἐδωκεν,ούδὲ
2617 2743 2816 2813 ἀγροὺς
2834 2743 2925 2796 καὶ
2949 2741 3138 2814 κώμας
3167 2743 3480 2814 ὠνήσασθαι
3514 2744 3812 2798 ἐσπούδασε

2226 2826 2558 2897 δυναμένους
2590 2826 2820 2896 ἀρκέσαι
2854 2826 2989 2896 πρὸς
3028 2825 3125 2897 τὴν
3155 2826 3414 2897 διανομὴν
3451 2827 3559 2878 τῶν
3583 2826 3810 2881 παίδων.

2227 2909 2414 2962 Ταῦτα
2443 2909 2551 2980 γάρ
2575 2910 2670 2961 καί
2701 2909 2766 2961 τά
2800 2908 3022 2962 τοιαῦτα
3044 2909 3094 2961 οἱ
3118 2907 3212 2961 νῦν
3234 2909 3364 2980 ἡμῖν
3395 2909 3811 2979 προϐάλλονται,

2227 2993 2319 3044 καὶ
2343 2991 2440 3045 ἕνα
2464 2992 2721 3054 πολλάκις
2747 3008 2832 3054 τις
2862 2989 3110 3062 ἐσχηκὼς
3139 2993 3254 3045 υίδν
3284 2993 3452 3064 μυρία
3478 2992 3547 3046 τά
3572 2993 3814 3049 τάλαντα

2225 3073 2450 3145 χρυσίου
2478 3074 2754 3143 συλλέγειν
2793 3073 3100 3137 σπουδάζει,
3143 3075 3236 3128 καὶ
3267 3076 3471 3146 ἀγροὺς
3491 3076 3812 3148 ὠνήσασθαι

2225 3157 2322 3210 καὶ
2366 3157 2655 3228 οἰκοδομάς
2703 3159 3024 3228 περιφανεῖς
3078 3160 3527 3222 κατασκευάζειν.
3560 3161 3669 3214 Καὶ
3697 3162 3811 3214 εἴθε

2225 3241 2290 3293 ἐκ
2317 3239 2540 3292 δικαίων
2571 3239 2767 3300 πόνων.
2799 3241 2890 3293 καὶ
2929 3239 3056 3292 ἄνευ
3092 3240 3308 3304 ἀδικίας
3345 3241 3550 3295 τούτων
3575 3243 3674 3314 τὴν
3707 3261 3809 3296 πε-

2229 3323 2470 3395 ριουσίαν
2506 3324 2790 3393 συνέλεγεν
2811 3341 2824 3354 ’
2858 3323 2993 3376 ἀλλά
3014 3323 3072 3376 10
3097 3323 3235 3395 βαρὺ
3269 3325 3361 3378 καὶ
3390 3327 3607 3380 πάντων
3639 3327 3812 3381 δεινό-

2223 3423 2381 3477 τερον
2403 3446 2418 3470 ,
2452 3407 2534 3459 δτι
2576 3406 2796 3478 ἐτέρους
2823 3405 3086 3478 ἁρπάζων
3109 3448 3125 3471 ,
3167 3407 3260 3461 καὶ
3289 3409 3623 3463 πλεονεκτῶν
3646 3450 3662 3472 ,
3711 3413 3811 3465 καὶ

2224 3489 2527 3560 πράγματα
2581 3490 2908 3561 συρῤἀπτων
2930 3531 2944 3551 ,
2979 3489 3120 3542 οὕτω
3148 3490 3247 3553 τάς
3279 3491 3480 3562 ἐτέρων
3511 3493 3698 3557 ούσίας
3727 3497 3809 3557 εἰς

2223 3573 2412 3626 ἐαυτὸν
2443 3572 2751 3642 μεθίστησι.
2781 3572 2891 3626 Καὶ
2925 3573 3019 3626 ἐάν
3054 3589 3139 3636 τις
3169 3573 3394 3644 ἔρηται·
3429 3576 3586 3641 Τίνος
3619 3579 3809 3630 ἕνεκεν

2221 3657 2254 3728 ἡ
2296 3657 2531 3726 τοσαύτη
2568 3656 2677 3709 τῶν
2705 3657 3004 3727 χρημάτων
3042 3658 3247 3727 μανίας
3285 3659 3488 3724 εὐθέως
3515 3661 3606 3714 τὸν
3641 3663 3809 3717 παῖδα

2223 3740 2607 3811 προϐάλλεται,
2633 3739 2726 3792 καὶ
2758 3739 2846 3793 διά
2867 3739 2962 3810 τὴν
2997 3740 3127 3810 περὶ
3159 3742 3366 3795 ἐκεῖνον
3396 3741 3606 3798 εὔνοιαν
3633 3743 3808 3800 ταῦτά

2222 3841 2354 3894 φησι
2383 3823 2830 3895 διαπράττεσθαι.
2860 3823 2968 3877 Καὶ
3007 3818 3162 3887 οὗτος
3201 3825 3302 3896 μὲν
3331 3827 3434 3880 κάν
3469 3830 3632 3882 παῖδα
3670 3847 3808 3900 προ-

2221 3907 2549 3979 ϐαλλόμενος
2575 3907 2747 3960 ταῦτα
2772 3907 3090 3976 ἀφοσιοῦται
3113 3949 3127 3974 ,
3158 3909 3280 3980 είκῆ
3323 3911 3416 3964 καὶ
3456 3915 3652 3983 μάτην.
3683 3915 3807 3967 Εἰσὶ

2219 3989 2276 4042 δὲ
2321 3989 2371 4042 οἳ
2423 3991 2557 4060 μηδὲ
2594 3990 2789 4051 παῖδας
2816 3991 3028 4061 ἔχοντες
3084 3995 3359 4064 μεμὴνασι
3407 4000 3537 4068 περὶ
3568 3995 3666 4068 τὴν
3695 3999 3806 4051 τῶν

2220 4073 2516 4142 χρημάτων
2540 4073 2821 4144 συλλογὴν,
2848 4075 2940 4127 καὶ
2962 4075 3223 4147 μυριάκις
3252 4077 3316 4132 ἀν
3350 4078 3554 4134 ἕλοιντο
3593 4081 3661 4134 τά
3704 4083 3803 4135 ἀν-

2220 4157 2426 4224 ήκεστα
2477 4156 2802 4226 ὑπομεῖναι,
2838 4158 2872 4229 ἡ
2915 4158 3010 4212 ἕνα
3049 4159 3234 4213 ὀϐολὸν
3263 4162 3521 4232 προέσθαι
3560 4165 3665 4218 τινὶ
3695 4168 3805 4219 τῶν

2219 4237 2507 4308 δεομένων.
2553 4238 2692 4292 Ἀλλ’
2727 4243 2754 4293 0
2791 4240 2997 4305 δίκαιος
3021 4237 3176 4306 οὗτος
3205 4244 3355 4297 οὐδὲν
3389 4245 3626 4300 τοιοῦτον
3650 4248 3806 4302 ἐϐου-

2219 4319 2466 4385 λεύσατο,
2491 4320 2610 4374 ούδέ
2637 4323 2939 4393 ἐνενόησεν,
2971 4325 3106 4377 ἀλλά
3136 4327 3228 4378 καὶ
3253 4327 3416 4398 ἡνίκα
3451 4329 3558 4382 ἔδει
3597 4329 3804 4402 βραχὺν

2218 4403 2386 4473 ἀγρὸν
2437 4404 2785 4474 ὠνήσασθαι,
2838 4408 3032 4461 ἑκατὸν
3075 4409 3280 4478 ἀμνοῦς
3333 4410 3486 4474 δοὺς,
3534 4413 3674 4466 οὕτω
3706 4415 3802 4469 τοῦ

2217 4484 2388 4557 ἀγροῦ
2427 4486 2525 4556 τὴν
2562 4487 2753 4558 μερίδα
2783 4488 3030 4559 ὠνήσατο
3065 4493 3216 4560 παρὰ
3251 4493 3436 4564 Ἑμὼρ
3467 4494 3560 4548 τοῦ
3597 4499 3804 4566 πατρὶς

2217 4567 2419 4638 Συχέμ.
2454 4568 2563 4620 Καὶ
2589 4570 2689 4639 δρα
2742 4569 2835 4623 τοῦ
2866 4572 3058 4643 ἀνδρὸς
3111 4574 3173 4626 10
3214 4575 3489 4644 φιλόθεον,
3521 4580 3614 4631 καὶ
3655 4579 3801 4643 τίνος

2216 4649 2404 4704 ἕνεκεν
2432 4651 2600 4722 ἀγρὸν
2641 4651 2822 4706 λαϐεῖν
2865 4655 3187 4710 ἐσπούδασε.
3225 4659 3331 4713 Καὶ
3363 4661 3630 4728 ἔστησεν
3655 4664 3798 4724 ἐκεῖ,

2217 4735 2384 4806 φησὶ,
2424 4736 2886 4806 θυσιαστήριον,
2925 4740 3021 4793 καὶ
3063 4740 3476 4799 ἐπεκαλέσατο
3515 4746 3622 4799 τὸν
3649 4749 3802 4800 Θεὸν

2212 4817 2322 4872 τοῦ
2359 4817 2628 4887 Ἰσραή.ιο
2677 4823 2771 4874 καὶ
2815 4821 2908 4874 τοῦ
2959 4823 3132 4894 ἀγροῦ
3180 4826 3279 4896 τὴν
3324 4827 3516 4898 μερίδα
3551 4828 3616 4881 δι’
3647 4831 3800 4884 οὐδὲν

2213 4900 2400 4972 ἓτερον
2444 4902 2724 4973 ὠνήσατο,
2789 4905 2820 4975 ἥ
2861 4907 2946 4959 ἵνα
2996 4909 3094 4973 τὰς
3146 4910 3493 4982 εὐχαριστίας
3522 4912 3672 4985 [571]
3704 4915 3800 4968 ἀν-

2213 4985 2410 5056 ενέγκῃ
2434 4985 2513 5056 τῷ
2550 4988 2715 5058 κοινῷ
2753 4992 2968 5044 πάντων
3010 4993 3273 5066 Δεσπότῃ.
3305 4994 3504 5051 Τοῦτον
3549 4998 3797 5064 ἅπαντας

2213 5067 2390 5152 ἐχρῆν
2407 5068 2602 5152 ζηλοῦν
2627 5072 2754 5135 τοὺς
2794 5075 2852 5125 ἐν
2900 5077 2964 5145 τῇ
3002 5076 3183 5146 χάριτι
3213 5078 3305 5130 10v
3338 5079 3443 5149 πρὸ
3477 5079 3567 5133 τοῦ
3605 5081 3792 5152 νόμου,

2212 5151 2305 5232 καὶ
2335 5151 2408 5221 μὴ
2440 5150 2583 5206 οὕτω
2617 5155 2899 5223 μαίνεσθαι
2925 5157 3052 5226 περὶ
3075 5157 3172 5226 τὴν
3199 5159 3307 5211 τῶν
3346 5165 3641 5232 χρημάτων
3671 5150 3796 5218 συλ-

2211 5230 2394 5305 λογήν.
2418 5235 2573 5299 Τίνος
2601 5237 2708 5307 γάρ
2733 5235 2942 5302 ἕνεκεν,
2964 5239 3084 5290 εἰπέ
3111 5257 3222 5309 μοι,
3245 5244 3339 5295 καὶ
3359 5230 3535 5316 ἐαυτῷ
3555 5247 3794 5302 τοσαῦτα

2206 5320 2400 5403 φορτία
2431 5320 2680 5373 ἀκανθῶν
2707 5323 2982 5392 συνάγεις,
3010 5327 3104 5381 καὶ
3127 5331 3242 5395 τοῖς
3277 5333 3512 5399 παιδίοις
3533 5339 3646 5399 τοῖς
3671 5342 3785 5403 σοῖς

2206 5401 2336 5494 ῦλην
2361 5406 2555 5494 κακίας
2573 5406 2666 5459 καὶ
2687 5407 2942 5494 ἀπόθεσιν
2964 5413 3392 5484 καταλιμπάνων
3408 5421 3508 5473 οὐκ
3528 5401 3782 5494 αἰσθάνῃλ

2204 5485 2315 5539 Ούκ
2347 5483 2492 5552 οἶδας
2517 5489 2597 5543 ὅτι
2628 5490 2721 5544 σοῦ
2747 5491 2948 5561 μᾶλλον
2976 5479 3197 5565 κὴδεται
3217 5498 3312 5550 τοῦ
3343 5500 3437 5554 σοῦ
3469 5504 3676 5568 παιδὸς,

2267 5597 2963 5676 ξηίβμκαξὸνῌάμνῶνηςαιιιιιη
3003 5604 3162 5676 ιιῃηὶε.
3209 5606 3260 5655 In
3307 5609 3552 5676 Hebraico
3595 5613 3787 5676 legitur
3860 5662 3867 5668 ,

2202 5668 2405 5745 Ὑεηιτφ
2444 5673 2607 5721 man
2653 5677 2665 5720 ;
2706 5668 2791 5712 a.ii
2819 5668 3248 5727 vu-lum,'¢'eumm
3271 5674 3497 5722 muumis.

2264 5745 2288 5782 ά
2315 5742 2412 5794 ΑΙῙὶ
2435 5747 2762 5809 αὐξανομένην.
