4142 6206
489 267 595 325 513

490 383 586 433 tari
609 388 664 433 et
694 379 1084 448 repiehendcre
1111 381 1434 451 negligentes
1456 385 1658 450 Volcns,
1675 385 1840 441 dicit:
1873 375 2058 442 Nonne

489 481 536 522 et
564 470 819 539 publicani
840 473 972 525 idem
1002 473 1236 543 faciunt?
1255 477 1648 544 Quemcumque
1676 478 1816 532 enim
1853 478 2065 548 ignavo-

492 570 608 612 rum
634 561 926 629 sumpseris
946 604 960 620 .
985 576 1160 615 nonne
1192 563 1291 617 huc
1318 564 1476 618 facit?
1522 565 1702 621 Nonne
1722 579 1772 622 et
1801 570 2062 638 publicani

489 663 682 716 magno
721 650 896 704 studio
936 651 1048 704 lucc
1101 651 1330 706 faciunt?
1373 655 1505 721 Quid
1557 665 1732 710 autem
1789 659 2064 725 publicano

487 737 759 792 deterius?
802 742 1045 793 Attamen
1087 740 1321 796 invenies
1362 761 1482 797 etnn
1531 745 1629 799 hoc
1665 747 1909 801 omnibus
1951 765 2066 802 mo-

490 828 572 881 dis
616 828 938 894 observare,
981 842 1032 886 et
1067 847 1170 885 tton
1199 842 1276 886 est
1308 835 1557 903 possibile
1596 847 1651 889 ut
1689 851 1792 890 non
1828 837 2066 892 redamet

494 918 581 984 qui
611 927 837 970 amatur.
889 919 998 988 Ego
1026 929 1198 974 autem
1235 923 1353 991 quia
1392 932 1440 976 et
1481 925 1798 980 excelsiores
1826 940 1917 981 vos
1943 941 2063 981 esse

491 1007 630 1071 volo,
653 1015 706 1060 et
725 1007 918 1076 aliquid
940 1011 1165 1077 amplius
1186 1010 1400 1076 habere,
1423 1028 1525 1066 non
1549 1013 1648 1066 hoc
1667 1014 1949 1079 admoneo,
1969 1013 2061 1069 sed

491 1106 546 1149 ut
586 1098 828 1154 inimicos
859 1099 1107 1169 ιΙιΙιεειιὶς.
1139 1101 1190 1155 ld
1217 1103 1354 1171 quod
1387 1103 1569 1158 beatus
1595 1105 1681 1159 ille
1705 1115 1827 1160 ante
1857 1105 2058 1176 legem,

491 1199 614 1241 ante
635 1189 925 1244 doctrinam
958 1192 1024 1243 ab
1049 1193 1164 1244 aliis
1184 1203 1450 1261 acceptam
1474 1205 1663 1264 sponte
1690 1211 1782 1250 sua
1816 1197 1936 1250 fecit
1962 1214 1975 1250 :
2008 1207 2063 1250 ct

495 1289 708 1346 propter
735 1281 1080 1334 excellentem
1121 1283 1572 1337 mansuetudinem
1617 1285 1760 1352 prius
1793 1287 2063 1353 superavit

495 1365 693 1433 Laban,
734 1384 873 1423 nunc
909 1382 1082 1426 autem
1125 1379 1180 1425 et
1222 1371 1456 1428 fratrem.
1495 1373 1624 1428 Nam
1669 1375 1791 1429 licet
1829 1391 2062 1443 superno

489 1459 737 1526 przesidio
764 1459 931 1514 fretus
961 1461 1132 1527 fuerit,
1160 1472 1392 1518 attamen
1421 1465 1561 1534 quod
1591 1479 1744 1520 suum
1775 1477 1888 1519 erat
1916 1468 2060 1535 prius

487 1548 720 1601 exhibuit
745 1547 840 1619 (ιι).
860 1548 934 1603 Ita
961 1566 1089 1604 sane
1110 1563 1161 1605 et
1183 1566 1280 1605 nos
1306 1554 1712 1621 persuadeamus
1738 1555 1909 1622 nobis,
1939 1557 2061 1611 liett

489 1639 678 1692 millies
725 1642 1027 1707 enitamur,
1066 1640 1196 1694 nihil
1239 1649 1413 1696 tamen
1466 1658 1680 1712 prorsus
1718 1655 1860 1701 recte
1899 1662 2058 1716 agere

490 1743 665 1794 posse.
697 1728 796 1782 nisi
825 1743 972 1797 super
989 1744 1057 1783 no
1090 1731 1287 1784 auxilio
1321 1731 1550 1800 adjutos.
1590 1733 1738 1788 Sicut
1779 1737 1920 1790 enim
1956 1738 2056 1791 nisi

489 1819 578 1872 illo
605 1819 840 1874 subsidio
864 1817 1135 1886 fruamur,
1163 1821 1290 1876 nihil
1327 1838 1572 1894 umquam
1606 1840 1885 1894 possumus
1913 1839 2057 1885 recte

484 1925 643 1976 agere
667 1927 681 1962 :
712 1909 779 1964 ita
802 1910 898 1965 nisi
923 1913 1061 1981 quod
1093 1924 1328 1966 nostrum
1357 1925 1438 1969 est
1461 1917 1811 1985 attulerimus,
1835 1935 1938 1973 non
1965 1935 2056 1990 po.

487 2001 704 2053 terimus
750 2017 1037 2071 supernum
1085 2004 1337 2059 auxilium
1374 2007 1632 2062 obtinere.
1680 2009 1872 2064 Demus
1901 2009 2058 2080 igitur

487 2106 701 2160 operam
730 2101 786 2146 ut
810 2102 862 2148 et
889 2103 1063 2149 nostra
1094 2093 1404 2161 afferamus,
1431 2110 1486 2153 et
1511 2113 1797 2168 supernum
1823 2101 2054 2156 favorem

483 2181 795 2248 alliciamus,
819 2194 870 2238 ut
891 2194 944 2240 et
965 2201 1031 2240 ex
1055 2195 1236 2241 nostro
1257 2187 1430 2244 studio
1454 2199 1508 2245 et
1531 2206 1595 2245 ex
1620 2190 1710 2246 Dei
1739 2192 1999 2263 benignita
2025 2208 2057 2251 e

493 2274 713 2327 virtutes
743 2283 937 2329 no~trae
966 2277 1200 2345 quotidie
1223 2288 1504 2343 crescant,
1532 2283 1800 2352 multaque
1824 2298 2055 2352 superna

485 2361 518 2413 [ι
536 2378 721 2416 uamur
742 2365 928 2432 gratia.
959 2367 1108 2433 Quod
1136 2369 1288 2423 nobis
1311 2370 1554 2425 euntibus
1573 2374 1914 2436 concedatur.
1936 2391 2055 2442 gra-

483 2454 552 2503 tia
581 2463 636 2506 et
663 2453 979 2524 benignitate
1006 2457 1209 2512 Domini
1241 2461 1404 2513 nostri
1431 2459 1552 2516 Jcsu
1578 2461 1796 2529 Christi,
1823 2464 1908 2518 cui
1933 2478 2054 2518 cum

485 2545 636 2599 l'alre
665 2557 714 2598 et
741 2559 923 2602 sancto
947 2549 1144 2618 Spiritu
1185 2549 1253 2604 sit
1289 2551 1451 2618 gloria
1469 2592 1485 2618 ,
1515 2553 1832 2622 imperium,
1859 2554 2050 2622 honor,

483 2651 621 2690 nunc
643 2645 698 2692 et
721 2653 948 2707 semper,
974 2648 1028 2694 et
1053 2639 1105 2694 in
1135 2641 1326 2694 smcula
1356 2642 1688 2697 sreculorum.
1717 2644 1908 2699 Amen.

1040 2768 1319 2840 ιιοιιιιιι
1358 2769 1494 2826 th.

484 2872 546 2928 Et
586 2878 711 2930 venit
732 2878 891 2933 θαι*οὸ
923 2879 997 2950 (b)
1024 2881 1073 2934 in
1110 2879 1282 2935 Solent
1310 2883 1555 2936 civitatem
1577 2883 1889 2939 Sccitnorunt
1929 2887 1980 2951 ⁸,
2006 2896 2053 2941 et

550 2970 664 3020 emit
685 2979 872 3034 portent
897 2971 1007 3038 agri
1021 2969 1082 3022 ab
1100 2967 1257 3024 Entor
1273 2982 1415 3040 patre
1435 2972 1649 3044 Syc/teut
1661 2987 1856 3028 centum
1872 2993 2016 3047 agms
2032 2993 2054 3034 ε

551 3069 594 3114 rt
614 3060 764 3114 erexit
783 3060 848 3115 ibi
876 3061 1064 3131 altare,
1093 3071 1138 3116 et
1164 3061 1406 3118 inroravit
1427 3059 1586 3119 Deum
1614 3061 1779 3121 Israel
1797 3063 2050 3140 (δοκῶ.

553 3151 767 3221 18-20).

553 3244 572 3297 Ι
645 3243 856 3298 Vidistis
883 3243 994 3299 heri
1024 3255 1076 3300 et
1107 3248 1270 3302 nostri
1313 3250 1544 3302 nuntium
1579 3251 1782 3306 Domini
1804 3253 2050 3309 eximiam

473 3334 826 3399 clementiam,
849 3345 901 3390 et
921 3335 1295 3405 discipulorum
1327 3338 1734 3410 philosophiam,
1759 3352 1814 3398 et
1840 3343 2050 3398 Judteo-

475 3440 591 3480 rum
616 3425 875 3496 ingratum
899 3426 1173 3480 animum?
1200 3427 1412 3484 Vidistis
1436 3438 1627 3499 quanta
1653 3445 1771 3485 cum
1795 3432 2048 3502 patientia

476 3530 659 3569 eorum
715 3516 1073 3584 impudentem
1120 3517 1394 3574 audaciam
1442 3522 1812 3578 obmutescere
1853 3526 2046 3595 coegit,

475 3619 595 3659 cmn
633 3621 760 3660 suos
786 3618 1064 3662 excusaret
1090 3608 1381 3679 discipulos
1401 3652 1414 3675 ,
1448 3625 1752 3668 monstrans
1787 3615 1930 3684 ipsos
1956 3617 2046 3686 qui

478 3693 644 3761 legem
674 3695 942 3751 vindicare
969 3699 1236 3764 volebant,
1261 3701 1388 3769 legis
1414 3702 1741 3759 voluntatem
1783 3706 2046 3776 ignorare,

476 3796 531 3837 et
573 3785 860 3841 irradiantc
891 3790 1112 3844 veritate
1132 3832 1146 3853 ,
1171 3791 1342 3846 adhuc
1383 3793 1583 3848 umhrze
1605 3796 1842 3851 assidere
1869 3800 2048 3854 velle?

481 3877 694 3930 Vidi-tis
723 3878 988 3946 quomodo
1024 3879 1132 3949 jam
1173 3882 1294 3937 inde
1338 3884 1404 3937 ab
1440 3884 1589 3938 initio
1636 3886 2041 3947 observationes

477 3967 671 4037 legales
719 3968 926 4023 auferre
964 3970 1242 4037 studebat,
1291 3972 1491 4028 docens
1529 3990 1654 4040 eos,
1701 3988 1888 4032 exorto
1934 3981 2046 4035 sole

471 4058 709 4125 ju~titi:e,
741 4058 971 4113 lucerna:
1001 4060 1175 4116 lumen
1208 4063 1334 4116 nihil
1361 4065 1469 4133 jam
1495 4064 1708 4120 efficere
1737 4069 2045 4137 posse?.ln-

478 4150 570 4202 bar
593 4149 734 4203 enim
763 4149 951 4204 solaris
980 4151 1198 4205 luminis
1227 4154 1366 4223 qttod
1406 4156 1606 4210 acredit
1632 4198 1644 4218 ,
1674 4157 1772 4212 hoc
1800 4161 1958 4230 tegit,
1991 4171 2046 4216 et

475 4241 640 4294 videri
673 4257 776 4295 non
803 4242 948 4295 sinit.
975 4243 1240 4298 Didicistis
1280 4245 1547 4314 quomodo
1574 4249 1826 4316 possibile
1851 4251 1956 4309 sit.
1988 4262 2044 4308 ut

475 4329 618 4384 feria:
646 4340 914 4401 perpetua:
941 4341 1182 4402 agantur.
1212 4343 1266 4388 et
1293 4352 1320 4387 a
1347 4343 1642 4405 temporum
1669 4339 2042 4398 observatione

475 4421 776 4477 liberemur.
801 4423 928 4478 Nam
977 4436 1188 4494 propter
1229 4426 1328 4480 hoc
1359 4427 1500 4481 venit
1545 4429 1798 4485 Dominus
1836 4444 2039 4500 noster,

475 4524 529 4565 ut
561 4528 657 4564 nos
686 4513 933 4567 liberaret
961 4529 989 4566 a
1023 4524 1319 4584 temporum
1367 4520 1684 4576 necessitate
1719 4539 1732 4574 :
1762 4531 1816 4576 et
1861 4524 2041 4580 effice—

475 4614 574 4666 ret,
598 4612 647 4656 ut
679 4603 836 4658 altius
863 4607 1214 4673 cvolaremns,
1244 4618 1298 4663 et
1322 4609 1430 4678 jam
1473 4613 1524 4666 in
1551 4614 1685 4667 czclo
1726 4615 2040 4673 haberemus

475 4696 852 4765 tnunicipatum
877 4738 890 4760 ,
923 4707 974 4750 et
1001 4713 1120 4752 cum
1148 4701 1319 4755 adlmc
1350 4701 1588 4759 homines
1626 4723 1839 4772 sumus,
1860 4709 2038 4780 Ange-

535 4834 551 4866 ι
585 4839 722 4910 .luxta
744 4831 884 4903 saril.
903 4831 1163 4910 legendum
1178 4844 1326 4895 esset,
1345 4836 1661 4903 sicemram;
1685 4852 1737 4893 et
1753 4846 1888 4907 juxta
1905 4849 2044 4910 quin-

465 4907 562 4955 que
588 4903 712 4955 Μελ,
735 4893 1032 4944 δὶάυιονιὰη.

466 4976 878 5085 ωᾲιέθιὶιξὲῗιὲιῐιιω
900 4982 1171 5040 sequuntur
1191 4982 1354 5026 contra
1375 4991 1461 5030 eos
1489 4983 1570 5044 qui
1586 4982 1821 5049 chi-post,
1848 4987 2040 5052 ρυιςιείο

543 5058 570 5085 υ

559 5050 629 5086 :re
650 5040 833 5086 dicunt.

515 5050 1030 5159 νιῖδθιῗιίῗιιὲῃζηηιὶιιεω
1051 5097 1218 5147 habuit
1239 5100 1484 5206 lostridie,
1517 5110 1572 5152 ut
1613 5105 1748 5154 initio
1786 5109 1870 5166 ait,
1893 5122 2036 5171 quam

515 5161 605 5206 iam
629 5158 880 5206 habuerat.
901 5160 980 5206 ubi
1007 5160 1188 5206 Domini
1211 5172 1237 5206 c
1258 5169 1487 5206 ementis.
1507 5170 1557 5206 ut
1574 5166 1910 5206 disrinnlnrnm
1933 5172 2036 5206 ..t.i-

463 5158 980 5230 aliam_babuerat._ul_ti
1007 5160 1188 5230 Domini
1211 5158 1487 5230 clententia.
1507 5170 1557 5211 ut
1574 5158 2036 5230 distjpuloru'm'phi;

468 5215 496 5264 ιν
518 5219 682 5282 sophia
707 5219 1042 5282 exhibebatur,
1069 5220 1334 5282 Judzeorum
1359 5222 1574 5282 ingratus
1596 5215 2033 5280 anitintswdiclara-

466 5288 622 5344 tantur,
645 5279 958 5328 incusantium
979 5281 1111 5344 disci]
1132 5280 1267 5344 nios;
1301 5296 1396 5344 qua
1414 5279 1482 5332 de
1510 5299 1566 5335 re
1600 5287 1873 5339 incusarent
1910 5292 2035 5342 haud

464 5339 654 5410 ditlieile
679 5342 1010 5411 estaugurari,
1048 5339 1176 5411 nam
1217 5339 1342 5411 fame
1371 5345 1645 5395 laborantes
1677 5348 1799 5411 ‘dum
1821 5364 1910 5411 per
1931 5339 2034 5402 sata

465 5377 965 5474 Itazgga“..3rs;r_,t.;i;'
979 5377 2035 5474 ἰρεξςῖνεξῑιιςξριῑῇξῖςξῆῑςξεαΐιεὲῖιιῗὶιιῖςῖιῖ

466 5415 726 5449 transirent
748 5415 950 5450 saeuam
988 5415 1142 5511 sgittas
1182 5415 1424 5453 vellerent
1448 5415 1498 5455 et
1521 5415 1854 5468 eomedereut,
1892 5425 2035 5474 quam

466 5465 656 5534 vivetnti
682 5461 1017 5534 frugalitatem
1061 5465 1102 5510 ie
1119 5471 1169 5513 et
1184 5463 1289 5513 aliis
1327 5467 1375 5514 in
1413 5466 1528 5534 locis
1541 5469 1906 5534 thrysostontus
1928 5473 2035 5534 phi-

466 5518 724 5581 losophiam
748 5518 897 5583 vocat.
931 5524 1200 5572 Judzeormn
1239 5539 1357 5575 vero
1392 5518 1657 5576 audactam'
1673 5518 2036 5583 eoermtit'tih—ri-

464 5591 585 5635 stus,
610 5591 659 5629 ut
685 5582 1056 5654 ibidem'narrat
1089 5586 1460 5649 t‘ltrysostomus.
1508 5590 1753 5640 tlomillam
1787 5604 1926 5654 [orco
1959 5582 2036 5646 hic

464 5650 773 5694 menstruum
793 5645 1053 5694 amisimus.

1488 273 1550 329 IN
1587 274 1734 331 CAP.
1777 276 2016 334 XXXIII.
2054 279 2292 339 GENES.
2327 283 2551 343 liOMlL.
2596 289 2728 346 LIX.

3639 309 3741 366 5H

2174 391 2344 446 lorum
2393 395 2724 455 imitaremur
2767 401 2957 471 vitam,
3005 419 3068 462 ac
3120 423 3206 465 res
3249 407 3508 470 humanas
3553 431 3740 473 omnes

2171 481 2532 540 irrideremus.
2561 492 2672 558 Age
2695 491 2873 557 hodie,
2896 494 2940 548 si
2970 497 3208 566 videtur,
3232 505 3424 558 seriem
3453 507 3737 564 verborum

2170 569 2308 625 beati
2340 573 2498 629 Musis
2543 591 2859 648 sequentes,
2889 599 2951 639 ea
2987 603 3104 654 qua:
3146 593 3507 659 superioribus
3547 597 3739 655 diebus

2167 659 2305 716 dicta
2335 675 2646 734 sequuntur.
2678 678 2984 740 tractemus,
3016 687 3070 732 et
3098 679 3218 734 inde
3245 683 3392 736 vobis
3412 699 3740 754 apponamus

2170 753 2489 808 convivium.
2523 756 2682 813 Scitis
2704 762 2844 815 enim
2877 778 2975 818 nos
2995 806 3008 826 ,
3041 782 3160 822 cum
3189 771 3433 826 rediisset
3465 753 3532 830 ex
3563 777 3738 831 Meso~

2168 845 2399 912 potantia
2420 845 2604 914 Jacob,
2627 858 2682 904 et
2707 866 3011 909 occurreret
3038 857 3219 922 fratri,
3247 871 3302 916 et
3344 863 3532 918 iterum
3577 868 3645 920 ab
3671 885 3738 923 eo

2167 945 2525 1002 separaretnr,
2553 948 2606 991 et
2635 939 2724 994 ille
2761 944 2974 1012 quidem
3023 947 3072 1000 in
3104 947 3223 1004 Seir
3251 963 3485 1007 montem
3511 965 3736 1012 contcn~

2166 1021 2348 1089 deret,
2375 1025 2539 1082 Jacob
2568 1040 2744 1086 autem
2778 1035 3113 1092 tabernacula
3145 1042 3356 1112 figeret,
3381 1055 3432 1098 et
3461 1048 3630 1102 locum
3669 1051 3739 1104 ab

2166 1123 2358 1169 eventu
2387 1116 2745 1176 Tabernaeula
2775 1138 2986 1182 vocaret
3009 1169 3026 1196 ,
3057 1145 3356 1187 sermonem
3393 1134 3476 1190 hic
3518 1139 3735 1196 missum

2167 1203 2398 1262 fecisse:
2435 1209 2555 1264 ideo
2577 1228 2710 1280 opus
2749 1225 2830 1269 est
2873 1226 2928 1271 ut
2973 1223 3245 1289 sequentia
3280 1240 3377 1292 pro
3404 1227 3600 1281 viribus
3638 1247 3736 1283 uo-

2165 1296 2290 1348 stris
2333 1306 2648 1363 tractantes,
2674 1302 2969 1360 doctrinam
2997 1311 3147 1365 vobis
3177 1315 3538 1384 relinquamus
3577 1321 3736 1389 spiri-

2166 1387 2380 1440 tualem.
2435 1388 2664 1444 Securus
2711 1396 2850 1448 enim
2901 1400 3112 1454 tandem
3157 1403 3323 1458 factus
3364 1407 3554 1476 justus,
3579 1387 3630 1464 ct
3668 1413 3738 1466 ah

2164 1477 2308 1530 omni
2339 1481 2532 1535 mentis
2573 1498 2771 1553 angore
2816 1487 3102 1554 liberatus.
3136 1495 3221 1548 18.
3257 1495 3417 1561 Venit,
3449 1501 3650 1568 inquit,
3682 1505 3736 1556 in

2162 1566 2405 1620 civitatem
2429 1569 2742 1626 Secimorum
2763 1615 2776 1637 ,
2809 1577 2894 1632 l9.
2925 1589 2968 1631 et
2987 1583 3106 1634 emit
3131 1595 3322 1653 partem
3343 1591 3453 1657 agri
3477 1566 3540 1642 ait
3584 1591 3738 1646 lintor

2164 1665 2307 1721 patre
2329 1656 2545 1727 Syc/tem
2572 1673 2766 1717 centum
2791 1669 2966 1737 aguis‘
2992 1685 3012 1723 .'
3029 1670 3118 1726 20.
3151 1684 3197 1727 et
3217 1656 3467 1732 erexitif'i
3488 1682 3667 1746 altore,
3688 1692 3736 1736 ct

2161 1743 2405 1800 invocat-it
2433 1749 2598 1804 Deum
2630 1751 2808 1810 Israel.
2826 1757 2900 1811 Ne
2928 1771 3300 1827 pnctereamus
3330 1767 3501 1822 obiter
3529 1786 3589 1825 ea
3616 1788 3734 1842 quze

2163 1834 2215 1888 itt
2245 1837 2439 1893 divinis
2467 1841 2755 1911 Scriptnris
2785 1858 2907 1903 sunt
2952 1861 3220 1908 contenta.
3257 1855 3385 1911 Nam
3428 1860 3472 1913 si
3502 1863 3590 1930 qui
3621 1834 3732 1917 auri

2161 1941 2399 1983 ramenta
2449 1947 2479 1987 c
2519 1944 2656 1990 terra
2705 1938 2995 2008 effodiunt,
3027 1945 3152 2000 nulli
3189 1947 3356 2004 labori
3402 1964 3652 2020 parcunt,
3681 1967 3736 2010 et

2160 2020 2337 2073 omnia
2366 2025 2544 2091 gravia
2583 2028 2789 2094 ferunt,
2824 2040 2880 2085 ut
2907 2037 3110 2102 possint
3139 2053 3324 2094 aurum
3354 2056 3382 2095 ιι
3412 2053 3549 2098 terra
3578 2061 3729 2116 scpa.

2161 2122 2281 2162 rare
2305 2128 2319 2163 :
2345 2113 2512 2166 multo
2537 2117 2706 2185 magis
2722 2117 2923 2188 justum
2947 2123 3104 2180 fuerit
3124 2137 3179 2180 ut
3203 2140 3504 2188 scrutemur
3525 2113 3731 2206 eloquia

2159 2199 2388 2267 Spiritus
2407 2243 2423 2268 ,
2455 2213 2511 2258 et
2551 2206 2829 2264 utilitatem
2857 2227 2972 2282 qua:
2997 2215 3118 2270 inde
3145 2228 3227 2272 est
3270 2199 3652 2292 percipiamus,
3681 2241 3735 2284 et

2159 2293 2240 2346 sic
2267 2294 2390 2349 hinc
2415 2310 2689 2354 exeamus.
2720 2302 2924 2372 Cogita,
2948 2307 3198 2375 obsecro,
3231 2314 3409 2368 eximii
3452 2316 3602 2371 istius
3634 2324 3731 2374 viri

2160 2383 2574 2455 philosophiam,
2597 2394 2864 2458 quomodo
2882 2405 3027 2451 tanto
3055 2403 3255 2456 auxilio
3277 2419 3506 2474 superne
3528 2409 3730 2474 fruens,

2159 2483 2215 2529 et
2242 2476 2428 2531 videns
2464 2483 2646 2550 augeri
2675 2483 2950 2542 facultates
2976 2503 3120 2556 suas,
3149 2507 3336 2560 pecora
3363 2497 3502 2562 dico,
3531 2510 3585 2555 et
3619 2510 3734 2554 tau-

2160 2575 2270 2621 tum
2298 2585 2574 2627 numerum
2603 2574 2826 2632 filiorum
2858 2579 3308 2652 circumstantetn,
3328 2604 3431 2644 non
3448 2604 3730 2649 exstructio

2157 2656 2242 2711 dis
2260 2659 2496 2716 aedificiis
2515 2665 2705 2734 amplis
2730 2677 2782 2722 et
2803 2671 3074 2739 prarclaris
3100 2673 3200 2729 fuit
3227 2690 3534 2748 occupatus,
3555 2701 3728 2753 neque

2157 2763 2313 2819 agros
2342 2762 2396 2807 et
2423 2755 2574 2810 villas
2602 2770 2782 2814 emere
2811 2766 3049 2830 curavit,
3089 2781 3207 2836 qua:
3240 2770 3489 2828 sufficere
3514 2789 3730 2843 possent

2157 2851 2216 2895 ut
2239 2842 2683 2904 distribuerentur
2723 2849 2862 2906 filiis.
2909 2854 3032 2910 lltec
3068 2859 3208 2912 enim
3239 2870 3294 2915 et
3338 2842 3526 2918 similia
3567 2883 3729 2937 agere

2157 2936 2331 2990 solent
2361 2940 2447 3007 qui
2482 2956 2579 2996 nos
2604 2944 2795 3012 opibus
2825 2947 3151 3004 antecellunt
3179 2962 3264 3006 :et
3280 2969 3424 3023 smpe
3444 2960 3532 3026 qui
3563 2936 3725 3014 unum

2159 3035 2360 3082 tantum
2406 3030 2563 3086 habet
2595 3032 2791 3103 filium,
2821 3036 3006 3092 decem
3051 3042 3210 3097 millia
3253 3045 3567 3104 talentorum
3615 3055 3727 3106 auri

2155 3117 2404 3188 colligi-re
2444 3124 2665 3192 qtnerit,
2696 3136 2750 3180 ιιι
2800 3141 2956 3198 agros
3004 3141 3180 3198 emat,
3223 3144 3277 3188 et
3320 3135 3510 3193 domus
3555 3140 3727 3195 claras

2157 3219 2429 3266 exstruat:
2452 3222 2505 3267 ct
2533 3217 2732 3270 utinam
2775 3234 2838 3272 ex
2863 3220 3024 3288 justis
3052 3221 3322 3279 laboribus
3347 3267 3362 3290 ,
3391 3236 3448 3282 et
3487 3229 3602 3284 sine
3647 3233 3728 3284 ιιι-

2162 3300 2366 3370 justitia
2399 3315 2570 3360 tantas
2597 3322 2725 3376 opes
2753 3311 3056 3380 colligeret;
3079 3314 3170 3368 sed
3193 3317 3332 3385 quod
3363 3334 3520 3386 grave
3545 3329 3648 3387 est,
3671 3334 3727 3377 ct

2155 3395 2391 3449 omnium
2420 3400 2812 3466 gravissimum,
2843 3403 2910 3457 ab
2935 3405 3054 3460 aliis
3091 3411 3264 3477 rapit,
3313 3411 3447 3466 alios
3487 3415 3720 3470 circum-

2155 3487 2329 3553 venit,
2359 3487 2481 3544 aliis
2508 3489 2628 3546 lites
2656 3503 2870 3560 movet,
2893 3505 2947 3548 et
2974 3497 3041 3550 ita
3071 3499 3271 3552 alienas
3301 3501 3576 3560 facultates
3600 3520 3723 3562 suas

2156 3577 2297 3632 facit.
2330 3579 2396 3634 Et
2437 3581 2481 3635 si
2520 3583 2640 3652 quis
2668 3583 2860 3640 dixerit
2892 3605 2904 3640 :
2938 3588 3016 3641 Ad
3045 3591 3169 3660 quid
3197 3601 3334 3648 tanta
3374 3597 3440 3649 ad
3470 3599 3722 3668 colligen-

2154 3669 2249 3725 das
2280 3687 2409 3743 opes
2441 3674 2688 3730 insania?
2716 3678 2803 3733 ille
2832 3681 3008 3734 statim
3041 3681 3204 3738 filium
3232 3690 3494 3756 przctcxil,
3517 3700 3569 3745 et
3594 3692 3721 3750 dicit

2153 3777 2211 3817 si:
2235 3766 2356 3819 talia
2382 3769 2589 3835 Operari
2615 3769 2684 3824 ob
2703 3785 2855 3826 suum
2881 3773 2930 3827 in
2960 3775 3106 3830 illum
3134 3793 3388 3835 amorem.
3409 3782 3470 3838 Et
3498 3783 3582 3839 ille
3606 3790 3722 3855 qui-

2151 3854 2272 3908 dem
2296 3857 2502 3912 tametsi
2523 3874 2738 3927 puerum
2761 3872 3075 3930 praetexens,
3092 3866 3205 3922 ha-c
3223 3878 3504 3942 utcumque
3524 3889 3584 3929 ex
3594 3854 3720 3946 piat,

2153 3945 2344 4001 frustra
2387 3958 2560 4004 tamen
2600 3961 2654 4006 et
2698 3953 2984 4008 incassum.
3019 3957 3156 4012 Sunt
3194 3969 3369 4015 autem
3413 3965 3503 4031 qtti
3551 3981 3722 4038 nequa

2154 4055 2348 4109 pueros
2377 4041 2591 4110 habent,
2619 4055 2673 4100 et
2703 4046 2967 4102 insaniunt
2996 4059 3050 4104 ut
3074 4052 3322 4120 pecunias
3347 4057 3597 4128 colligant
3627 4077 3640 4113 :
3669 4070 3721 4114 ct

2152 4133 2370 4186 mallent
2399 4135 2706 4203 gravissima
2735 4136 2874 4192 ferre
2894 4180 2908 4202 ,
2935 4155 3092 4209 quam
3133 4157 3295 4199 unum
3327 4146 3542 4203 obolum
3587 4150 3721 4205 indi-
3791 4134 3797 4139 ’

2147 4224 2394 4293 gentibus
2421 4240 2659 4296 erogare.
2693 4227 2796 4283 Sed
2825 4229 2999 4298 justus
3031 4232 3118 4286 ille
3149 4233 3278 4289 nihil
3309 4237 3482 4293 simile
3511 4243 3721 4296 consul-

2151 4317 2281 4369 tavit
2303 4360 2315 4378 ,
2343 4332 2512 4387 neque
2541 4321 2827 4390 cogitavit:
2859 4321 2952 4376 sed
2981 4339 3098 4376 cum
3131 4340 3292 4394 parvo
3322 4342 3455 4396 Opus
3502 4329 3720 4386 haberet

2144 4421 2294 4475 agro,
2322 4418 2534 4462 centum
2565 4411 2716 4478 agnis
2743 4411 2901 4477 datis,
2937 4425 3134 4482 partem
3165 4417 3274 4485 agri
3309 4420 3438 4473 emit
3463 4419 3530 4473 alt
3556 4420 3722 4476 Etnor

2147 4509 2295 4567 patre
2320 4499 2567 4570 Sycltent.
2601 4501 2660 4555 Et
2688 4503 2808 4558 vide
2842 4504 3110 4571 pietatem,
3140 4507 3553 4580 religionemque
3584 4512 3679 4565 viri
3700 4556 3712 4574 ,

2143 4607 2250 4662 qua
2293 4591 2359 4646 de
2404 4607 2561 4646 causa
2607 4611 2790 4663 agrum
2819 4611 2999 4650 emere
3048 4599 3327 4657 studuerit.
3360 4600 3425 4654 Et
3448 4607 3601 4659 erexit
3627 4609 3716 4667 ibi.

2147 4679 2333 4748 ittqtttt,
2363 4683 2556 4746 altare,
2581 4694 2630 4736 et
2669 4685 2912 4738 invocavit
2948 4685 3106 4740 Deum
3145 4687 3310 4744 lsrue‘l
3339 4707 3359 4745 :
3385 4702 3438 4746 ct
3462 4697 3570 4765 agri
3599 4711 3716 4764 par-

2150 4778 2254 4824 tem
2285 4773 2413 4826 ctnit
2443 4774 2580 4826 tmlla
2614 4774 2714 4827 alia
2746 4774 2814 4830 tle
2845 4793 3023 4837 causa.
3043 4795 3200 4847 quam
3233 4791 3287 4834 ut
3313 4786 3509 4852 gratias
3538 4797 3718 4852 ageret

2142 4864 2409 4915 connnuni
2458 4864 2625 4916 nostri
2669 4864 2908 4918 omniunt
2957 4866 3199 4923 Domino.
3241 4869 3388 4924 Illum
3435 4884 3709 4940 oporteret

2144 4952 2334 5004 imitari
2364 4967 2546 5005 omnes
2572 4953 2660 5021 qui
2694 4953 2793 5006 sub
2833 4957 3000 5024 gratia
3040 4968 3160 5012 sunt
3185 5001 3196 5021 ,
3225 4961 3313 5029 qui
3346 4960 3443 5015 fuit
3474 4973 3596 5016 ante
3641 4965 3716 5016 le-

2141 5055 2300 5109 gem;
2331 5050 2386 5094 et
2426 5057 2529 5093 non
2574 5041 2651 5096 sic
2700 5042 2932 5098 insanire
2979 5047 3029 5100 in
3074 5051 3412 5117 pecuniarum
3443 5052 3714 5106 collectio-

2143 5146 2284 5183 nem.
2327 5133 2501 5196 Quare
2555 5132 2718 5198 enitn,
2749 5135 2833 5187 dic
2863 5137 3012 5202 mihi,
3043 5147 3096 5191 et
3141 5140 3335 5209 tibiipsi
3391 5141 3505 5195 hzec
3547 5158 3712 5199 enera

2140 5222 2411 5291 spinarum
2442 5239 2754 5293 eongregas,
2787 5227 3013 5296 filiisque
3043 5230 3146 5282 tuis
3173 5231 3448 5285 materiam
3473 5242 3528 5287 et
3552 5250 3713 5289 occa-

2140 5314 2343 5366 sionem
2375 5315 2585 5369 malitia:
2629 5327 2680 5369 te
2728 5319 3030 5384 relinquere
3071 5336 3173 5373 non
3221 5321 3497 5378 advortis?
3526 5326 3712 5381 Nescis

2145 5403 2421 5458 Dominum
2451 5406 2703 5474 majorem
2724 5447 2738 5472 ,
2768 5422 2925 5475 quam
2955 5418 3008 5463 tu
3037 5409 3231 5466 habeas
3253 5454 3268 5480 ,
3302 5413 3393 5467 filii
3421 5415 3493 5468 tui
3524 5431 3707 5472 curam

2203 5562 2216 5593 ⁸
2254 5567 2303 5610 tn
2337 5563 2570 5614 ttebraico
2606 5562 2785 5628 legitur
2809 5569 3006 5652 .1va
3025 5575 3192 5624 nec:
3217 5588 3230 5624 :
3261 5579 3337 5629 alii
3365 5588 3577 5641 vertunt.
3601 5593 3710 5633 rm-

2136 5663 2234 5708 ttutt
2255 5663 2475 5708 inmunis.
