4142 6206
461 281 562 335 515

461 402 669 459 gerere,
701 397 754 437 tu
788 391 963 436 autem
988 389 1256 446 tamquam
1283 373 1424 427 illius
1448 369 1702 437 majorem
1727 378 1910 419 curam
1936 376 2028 431 ge-

466 454 612 544 rens,
638 477 947 532 occasiones
968 471 1042 524 illi
1073 467 1375 533 relinquere
1403 460 1609 525 studes,
1639 472 1758 528 quae
1796 454 2038 509 submer-

464 585 592 642 gere
637 568 866 622 animant
914 561 1031 629 ejus
1075 552 1322 610 valeant?

534 659 779 712 Iuventus
802 652 869 706 ad
886 650 1073 703 malum
1090 641 1498 716 proclivis.—An
1516 637 1691 693 nescis
1707 635 2038 705 juventntem

472 766 568 820 per
597 749 825 816 seipsam
851 741 918 796 ad
943 739 1149 794 ruinam
1187 733 1474 804 proclivem
1514 743 1656 792 esse,
1686 735 1742 780 et
1781 722 1849 778 ad
1893 720 2044 776 mali-

473 819 599 893 tiam
631 837 733 890 levi
763 838 1037 888 momento
1058 822 1341 882 inclinari?
1365 819 1578 891 quando
1609 826 1786 871 autem
1807 823 1863 868 ct
1885 824 2044 882 opum

474 925 800 984 afﬂuentiam
827 919 1118 991 acceperit,
1141 916 1309 971 multo
1343 913 1511 982 magis
1555 908 1622 963 ad
1669 906 1867 962 malum
1921 916 2045 971 pro-

475 1021 602 1074 ruit.
629 1016 780 1071 Sicut
805 1013 945 1068 enim
975 1011 1112 1081 ignis
1136 1022 1258 1062 cum
1290 1005 1526 1060 fomitem
1559 998 1793 1062 invenit,
1822 992 2048 1047 validio-

476 1111 623 1165 ribus
668 1106 896 1160 llammis
931 1102 1208 1170 exsurgit:
1243 1099 1314 1152 ita
1360 1105 1414 1150 et
1454 1091 1668 1164 quando
1709 1089 1761 1144 in
1802 1089 2050 1156 juvenem

479 1201 700 1255 materia
726 1197 1069 1268 pecuniarum
1093 1191 1350 1252 inciderit,
1378 1195 1577 1241 tantam
1607 1180 1851 1236 accendit
1877 1177 2055 1232 forna-

483 1309 600 1347 cem
619 1331 636 1354 ,
665 1299 723 1344 ut
767 1289 995 1342 animam
1036 1282 1245 1353 juvenis
1277 1289 1441 1334 totam
1472 1275 1781 1330 inﬂammet.
1803 1268 2054 1338 Quando-

484 1397 608 1436 nam
639 1382 835 1450 poterit
863 1377 981 1430 talis
1003 1375 1160 1428 homo
1189 1367 1530 1425 continentia:
1553 1379 1734 1419 curam
1755 1360 1972 1424 habere,
2004 1365 2060 1412 et

485 1470 947 1540 intemperantiam
981 1466 1193 1534 fugere,
1227 1476 1290 1515 ac
1324 1459 1562 1513 laborem
1593 1470 1690 1525 pro
1715 1453 1942 1515 virtute,
1975 1448 2058 1502 vel

483 1561 626 1617 aliud
659 1559 938 1629 spiritualc
966 1553 1219 1626 quiddam
1247 1546 1566 1619 suscipere?

555 1653 611 1706 ἓ.
655 1651 953 1703 Diuitiarum
974 1646 1264 1699 vanitas.—-
1281 1641 1471 1695 Annon
1507 1635 1660 1691 audis
1683 1633 1952 1689 Christum
1981 1630 2063 1684 di-

490 1753 700 1797 centeni
737 1759 748 1792 :
776 1740 924 1794 Cum
943 1737 1095 1805 hujus
1108 1732 1279 1788 δίει-ιιιὶ
1296 1741 1341 1785 et
1356 1729 1578 1798 deceptio
1595 1725 1883 1779 divitiarum
1899 1721 2064 1788 suffo-

488 1842 606 1886 caut
623 1839 851 1889 utentem,
871 1843 929 1879 ac
957 1826 1139 1879 sterilis
1173 1824 1229 1892 ﬁt
1247 1820 1456 1892 (Matth.
1478 1818 1564 1874 15.
1596 1813 1713 1886 29.),
1737 1830 1855 1884 quzc
1886 1811 2065 1867 omnia

489 1923 670 1991 spinas
691 1917 1000 1973 nominavit?
1016 1914 1145 1968 Nam
1167 1927 1287 1967 cum
1304 1908 1533 1965 dixisset
1557 1907 1608 1959 in
1627 1903 1874 1975 parabola
1903 1901 2068 1956 semi-

492 2014 597 2078 nis,
619 2011 756 2065 aliud
780 2026 842 2064 ex
869 2006 1160 2062 seminibus
1184 2005 1235 2057 in
1264 2003 1443 2071 Spinas
1473 1994 1956 2063 incidisse,deinde
1981 1992 2066 2046 di-

492 2104 710 2173 scipulis
735 2103 1090 2171 interpretans
1116 2109 1359 2167 quamam
1385 2094 1492 2146 sint
1510 2091 1700 2160 spin-e,
1720 2087 1920 2156 inquit:
1946 2085 2069 2140 Sol-

501 2194 718 2249 licitudo
746 2193 901 2262 hujus
928 2189 1105 2245 szeculi
1131 2196 1186 2242 et
1211 2185 1456 2253 deceptio
1475 2182 1776 2236 divitiarum
1801 2177 2068 2232 suffocant

498 2296 752 2346 mentem,
780 2292 836 2337 et
862 2281 1060 2338 sterilis
1086 2278 1142 2332 lit
1163 2275 1375 2348 (Matth.
1408 2273 1509 2338 15;
1537 2281 1584 2325 et
1603 2271 1729 2324 Luc.
1751 2267 1823 2340 8).
1848 2267 1914 2321 Et
1937 2267 2072 2321 brne

496 2378 667 2448 spinis
693 2373 1020 2444 comparavit
1059 2367 1469 2426 sollicitudinem
1509 2363 1665 2432 hujus
1693 2360 1874 2416 szeculi
1925 2359 2075 2414 Sient

500 2471 643 2524 enim
670 2469 838 2538 spinae
859 2481 963 2520 non
986 2465 1170 2518 sinunt
1193 2475 1377 2516 semen
1404 2457 1655 2520 emicare,
1679 2455 1773 2508 sed
1812 2452 2076 2507 densitate

500 2577 596 2615 sua
623 2561 936 2615 seminatum
963 2555 1302 2625 supprimunt
1329 2571 1342 2605 :
1377 2551 1449 2604 ita
1478 2558 1533 2604 et
1557 2561 1700 2603 cura:
1731 2543 2073 2614 temporales,

501 2650 780 2720 spiritualc
806 2662 1014 2710 semen,
1045 2643 1185 2715 quod
1215 2644 1268 2697 in
1297 2643 1472 2696 anima
1503 2640 1826 2701 seminatur,
1859 2649 1966 2689 non
1995 2636 2074 2688 si-

505 2750 636 2797 nunt
666 2740 889 2794 fructum
927 2735 1121 2791 all'erre
1148 2751 1163 2788 :
1194 2731 1286 2786 sed
1317 2731 1548 2785 adurunt
1577 2739 1630 2785 et
1661 2726 1918 2782 sullocant
1941 2724 2080 2780 sicut

503 2832 693 2901 spiam,
718 2843 818 2883 nec
843 2827 1024 2882 simmt
1061 2822 1336 2894 spiritualc
1367 2837 1552 2876 semen
1591 2833 1858 2874 crescere.
1890 2814 1957 2870 Et
1986 2817 2076 2870 dr-

507 2925 669 2994 ceptio
715 2920 1023 2975 divitiarum.
1069 2917 1238 2975 Recte
1281 2914 1416 2970 dixit
1465 2911 1834 2982 deccptionem
1871 2908 2083 2963 divitia-

507 3031 626 3070 rum
659 3033 673 3068 :
706 3014 903 3069 ctenim
948 3026 1076 3066 vere
1111 3007 1358 3078 deceptio
1384 3015 1488 3060 εει.
1518 3005 1650 3072 Qua:
1691 3003 1834 3058 enim
1880 3001 2081 3056 utilitas

507 3115 586 3160 tot
610 3106 930 3160 talentorum
950 3142 967 3168 ,
993 3112 1046 3156 et
1077 3108 1236 3154 tanta:
1265 3096 1542 3167 pecunia)?
1567 3093 1812 3148 Profecto
1830 3134 1846 3157 ,
1873 3091 2040 3160 inquit
2063 3131 2079 3154 ,

509 3212 752 3266 nzagnam
782 3194 980 3264 praebet
1001 3191 1233 3246 laetitiam
1255 3188 1540 3259 possessio.
1563 3184 1787 3252 Qualem
1821 3182 2082 3236 lanitium?

515 3287 583 3342 Et
635 3285 760 3355 quid
819 3285 941 3340 dico
995 3281 1275 3339 laztitiam?
1318 3279 1505 3335 Nonne
1546 3276 1775 3332 maxime
1819 3275 2081 3342 intempe-

517 3380 706 3433 stivam
733 3376 996 3431 tristitiam
1022 3382 1072 3428 et
1095 3386 1378 3426 maerorem
1401 3369 1623 3423 multum
1651 3364 1827 3435 parit?
1847 3361 2081 3416 nondum

515 3471 632 3526 ilico
675 3483 919 3538 magnam
959 3467 1101 3519 illam
1142 3472 1197 3516 et
1237 3463 1289 3516 in
1333 3460 1513 3515 futuro
1547 3458 1829 3527 repositam
1870 3461 2085 3524 propter

516 3565 658 3633 ipsas
704 3575 914 3631 poenam
949 3556 1082 3612 :scd
1129 3555 1197 3609 de
1240 3555 1322 3608 bis
1352 3553 1543 3622 loquor
1579 3565 1698 3620 quae
1743 3549 1796 3603 in
1837 3546 2085 3618 prtesenti

515 3653 617 3706 vita
637 3651 970 3718 contingunt,
1003 3660 1195 3715 nempe
1223 3658 1290 3700 ne
1316 3643 1643 3712 voluptatem
1681 3638 1896 3709 quidem
1922 3638 2082 3692 ullam

524 3743 662 3798 hanc
689 3755 814 3796 vere
846 3739 1042 3794 habere
1070 3750 1249 3808 posse,
1279 3732 1374 3788 sed
1405 3732 1579 3803 potius
1607 3729 1946 3800 quotidianas
1977 3737 2087 3783 tur-

515 3833 753 3889 bationes
777 3841 832 3887 et
855 3827 1256 3884 amaritudines.
1303 3823 1412 3879 Nec
1439 3837 1586 3877 mare
1624 3820 1872 3876 fluctibus
1903 3819 1973 3873 ita
2005 3819 2087 3871 in-

521 3925 786 3987 tumescit,
813 3932 871 3975 ut
910 3921 1069 3975 talem
1107 3918 1339 3972 animam
1365 3930 1394 3968 a
1418 3912 1829 3984 cogitationibus
1865 3920 1920 3964 et
1958 3909 2087 3963 alle-

522 4014 790 4067 etiouibus
819 4009 1079 4072 infestari,
1103 4017 1157 4062 et
1185 4008 1237 4060 in
1269 4018 1457 4060 omnes
1487 4013 1592 4056 tam
1615 4016 1741 4056 suos
1775 4016 1932 4071 quam
1959 4000 2090 4054 alie-

519 4117 617 4156 nos
641 4101 778 4154 male
797 4098 937 4152 afﬁci
963 4097 1222 4151 videmus.
1249 4095 1316 4148 Et
1336 4094 1382 4148 si
1408 4092 1621 4162 quando
1650 4102 1853 4160 partem
1877 4090 2086 4144 illorum

515 4190 721 4244 auferat
755 4187 980 4256 aliquis:
1014 4184 1177 4239 multa
1207 4184 1352 4238 enim
1389 4182 1654 4248 accidunt,
1683 4190 1738 4236 et
1766 4181 1918 4235 multi
1949 4179 2079 4232 insi-

515 4281 748 4344 diantur,
777 4293 969 4347 nempe
996 4275 1312 4330 famulorum
1342 4273 1663 4343 malignitas,
1689 4270 2090 4342 potentiamque

518 4373 801 4437 violentia;
836 4381 960 4424 tunc
997 4370 1178 4438 utique
1211 4368 1449 4421 invenies
1479 4367 1597 4420 illos
1626 4366 1786 4419 vitam
1819 4365 1916 4418 sibi
1943 4379 2094 4418 acer-

519 4467 642 4521 bam
667 4464 882 4518 duccre.
905 4459 1160 4528 Qualibus
1195 4458 1354 4529 igitur
1394 4457 1642 4511 lamentis
1670 4455 1804 4509 tales
1842 4469 1947 4508 non
1979 4452 2091 4507 fue-

522 4558 633 4612 rint
648 4555 813 4625 digni,
838 4553 925 4622 qui
949 4552 1124 4605 omnia
1145 4548 1316 4604 facere
1338 4549 1554 4604 student
1574 4563 1693 4616 qua:
1719 4545 1818 4600 sibi
1844 4554 2088 4607 noceant,

517 4657 574 4703 et
609 4647 662 4701 in
693 4644 979 4716 perniciem
1021 4641 1213 4694 anima:
1249 4656 1359 4694 snzc
1405 4639 1524 4692 talia
1568 4637 1820 4705 colligere
1862 4633 2090 4688 volunt?

521 4739 740 4804 Verum,
773 4739 817 4791 si
845 4736 1073 4800 videtur,
1104 4736 1296 4789 talibus
1331 4734 1530 4788 relictis
1567 4730 1632 4784 ad
1664 4729 1942 4783 historiam
1958 4727 2089 4796 justi

525 4831 682 4900 hujus
723 4828 1025 4893 redeamus,
1057 4837 1113 4882 et
1168 4826 1442 4880 videamus
1491 4821 1825 4891 sequentium
1871 4819 2087 4874 seriem.

523 4922 730 4984 Erexit,
761 4920 949 4990 inquit,
978 4919 1138 4973 altare
1163 4917 1213 4971 in
1241 4925 1394 4986 parte
1418 4914 1552 4983 agri,
1579 4921 1623 4964 et
1649 4909 1893 4964 invocavit
1929 4908 2092 4961 Deum

522 5015 724 5079 Israe'l,
747 5023 802 5068 et
839 5023 1018 5084 postea
1049 5013 1101 5067 in
1139 5011 1366 5066 SCClllllS
1405 5009 1731 5063 domicilium
1774 5005 1972 5060 habere
2000 5021 2085 5058 vo-

526 5107 643 5161 luit.
677 5105 781 5161 Sed
814 5106 935 5160 vide
966 5106 1157 5159 iterum
1187 5103 1453 5173 quomodo
1488 5101 1667 5170 justus
1709 5109 1764 5154 et
1812 5099 1897 5153 hic
1941 5113 2090 5152 suam

523 5198 978 5252 mansuetudinem
997 5195 1322 5250 declarat.Et
1341 5193 1465 5264 quid
1483 5193 1696 5247 accidit?
1714 5193 1736 5247 l
1752 5230 1765 5244 .
1787 5191 2001 5262 Egressa
2021 5200 2092 5245 est

522 5299 719 5350 autent,
752 5288 950 5356 inquit,
985 5286 1117 5340 Dina
1144 5285 1252 5354 ﬁlia
1280 5284 1407 5347 Litt,
1436 5293 1488 5337 ut
1518 5284 1704 5336 videret
1733 5284 1868 5352 filias
1895 5282 2091 5352 indige-

521 5393 724 5429 narum.
741 5376 798 5430 ‘2.
824 5375 888 5429 Et
911 5385 963 5429 ut
991 5375 1110 5428 vidit
1137 5391 1250 5429 eam
1277 5374 1492 5444 Syc/tem
1515 5373 1651 5440 ﬁlius
1685 5371 1840 5425 [imor
1859 5410 1874 5435 ,
1903 5369 2091 5423 dormi-

522 5467 590 5518 vit
621 5482 738 5518 cum
763 5481 854 5531 ea,
887 5465 939 5520 5.
969 5474 1016 5518 et
1051 5465 1226 5518 dilexit
1265 5465 1503 5532 virginem
1526 5502 1540 5524 ,
1570 5472 1618 5515 et
1658 5463 1893 5529 loquutus
1937 5468 2007 5512 est
2047 5459 2093 5510 ei

517 5559 672 5623 juxta
714 5569 922 5610 mentem
952 5556 1160 5627 virginis
1185 5555 1333 5624 (Cap.
1367 5555 1478 5625 54).
1508 5554 1694 5607 Vidisti
1732 5561 1987 5622 quantum
2024 5550 2093 5603 sit

519 5647 767 5715 juventus
796 5649 1013 5716 malum,
1040 5645 1251 5718 quando
1283 5653 1437 5701 rectae
1466 5643 1684 5698 rationis
1724 5642 1872 5697 lrcno
1915 5641 2088 5697 caret?

1143 266 1218 323 ‘S.
1261 261 1538 320 JOANNIS
1565 250 2038 313 CIIRVSOSTOMI
2079 247 2396 304 AllCﬂlEP.
2439 245 2969 304 CONSTANTINOP.

3617 245 3721 303 5M

2146 361 2290 414 Vidit
2342 359 2488 413 enim
2541 357 2842 428 virginem,
2889 366 2944 412 ct
2993 366 3134 411 totus
3182 365 3399 427 propter
3446 369 3722 426 aspectum

2143 465 2324 505 amore
2347 457 2646 518 correptus,
2677 448 3167 517 concupiscentiam
3192 461 3359 516 opere
3395 446 3685 516 commisi-it
3701 489 3716 509 ,

2143 550 2190 592 et
2217 541 2452 610 loquutus
2477 551 2548 594 est
2575 541 2622 592 ei
2635 540 2788 609 juxta
2809 547 3018 591 mentem
3033 536 3260 607 virginis.
3281 535 3417 603 Quid
3438 547 3542 604 est,
3570 537 3727 609 juxta

2146 641 2361 686 mentem
2399 631 2650 700 virginis?
2671 628 2933 695 Quoniam
2959 628 3170 697 juvenis
3197 636 3313 681 erat
3343 627 3517 696 puella
3536 668 3550 692 ,
3579 627 3727 696 ejus-

2150 724 2294 778 modi
2319 725 2501 790 verba,
2529 723 2730 791 inquit,
2758 736 2879 775 cum
2909 735 2970 776 ea
3001 720 3252 790 loquutus
3277 728 3360 774 est
3378 760 3392 784 ,
3417 735 3536 790 qua:
3578 718 3730 772 sufli-

2149 816 2363 871 ciebant
2408 813 2475 869 ad
2519 813 2910 869 conciliandum
2934 813 3034 867 sibi
3064 828 3203 866 eam.
3236 812 3301 866 Et
3333 813 3505 882 inquit
3529 812 3596 866 ad
3629 828 3727 882 pa-

2154 917 2286 960 trem
2311 921 2326 958 :
2353 906 2406 958 ι.
2436 905 2618 973 Accipe
2647 904 2770 956 mihi
2795 903 3014 973 puellm
3044 903 3179 955 hanc
3223 902 3275 955 in
3305 919 3534 955 uxorem.
3560 902 3727 957 Attili-

2153 997 2430 1050 vitantem
2455 993 2622 1049 Jacob
2645 992 2877 1058 factum,
2908 1001 2962 1047 et
2989 1001 3113 1046 tunc
3141 992 3331 1046 leviter
3371 991 3515 1058 tulit,
3537 1007 3732 1061 exspe-

2154 1097 2305 1140 ctans
2327 1085 2546 1140 fratrum
2573 1084 2690 1153 ejus
2714 1083 3022 1138 adventum.
3055 1082 3220 1136 Erant
3243 1082 3387 1137 enim
3415 1081 3469 1136 in
3500 1082 3728 1151 pascuis.

2158 1179 2211 1233 5.
2239 1177 2304 1231 Et
2328 1177 2488 1240 siluit,
2521 1176 2693 1245 inquit
2715 1215 2729 1236 ,
2759 1173 2920 1227 Jacob
2939 1214 2954 1239 ,
2978 1172 3138 1226 donec
3165 1173 3386 1227 venirent
3414 1173 3511 1226 illi.
3529 1171 3585 1226 ϐ.
3606 1171 3732 1226 Cum

2159 1282 2323 1325 autem
2352 1269 2559 1324 venisset
2585 1267 2744 1320 [inter
2767 1265 2836 1319 ad
2863 1264 3054 1328 Jacob,
3084 1264 3136 1317 7.
3166 1272 3404 1317 venerunt
3451 1273 3499 1317 et
3553 1267 3736 1332 fratres

2163 1361 2334 1428 Dium,
2361 1369 2406 1414 et
2425 1375 2538 1412 cum
2566 1357 2869 1411 audivissent
2898 1371 3012 1423 qua:
3048 1355 3184 1423 facta
3223 1364 3365 1408 erant
3403 1354 3566 1407 sorori
3592 1369 3696 1406 sua!
3716 1395 3732 1416 ,

2163 1450 2446 1520 romptmcti
2472 1459 2606 1502 sunt.
2628 1447 2763 1513 Qttid
2807 1455 2888 1500 est
2907 1487 2923 1512 ,
2952 1446 3238 1515 compuncti
3261 1455 3374 1497 sunt
3391 1444 3418 1497 .’
3442 1444 3737 1498 contristati

2165 1551 2310 1605 sunt,
2343 1555 2563 1610 remque
2595 1539 2986 1594 intolembilem
3014 1551 3134 1591 esse
3163 1544 3487 1606 putaverunt
3524 1545 3577 1588 et
3615 1549 3737 1604 gra-

2169 1633 2440 1686 vissimam
2465 1670 2483 1693 ,
2509 1640 2729 1699 eratque
2755 1628 2833 1682 eis
2861 1627 3122 1682 maerendi
3151 1641 3339 1696 magna
3363 1627 3592 1679 occasio.
3620 1623 3738 1676 Ma-

2166 1739 2267 1794 gna
2288 1722 2442 1788 enim,
2474 1720 2665 1788 inquit,
2687 1735 2770 1772 eos
2815 1718 3019 1772 tristitia
3046 1717 3314 1787 utﬁt-iebat,
3343 1715 3478 1784 quod
3504 1731 3608 1768 rem
3635 1724 3740 1765 tur-

2169 1828 2282 1881 pem
2309 1815 2495 1881 fecerat
2522 1810 2575 1863 in
2603 1807 2772 1863 Israe'l
2790 1808 3008 1878 Sychem
3029 1848 3042 1872 ,
3069 1807 3156 1876 qui
3174 1805 3474 1860 dormiverat
3499 1821 3611 1856 cum
3633 1805 3742 1870 ﬁlia

2169 1901 2350 1957 λιιι-οὑ.
2403 1901 2562 1956 Vides
2615 1900 2847 1954 ﬁliorum
2880 1898 3310 1952 continentiam?
3357 1896 3742 1965 turpitudinem

2172 1994 2456 2048 maximam
2482 1991 2585 2046 hoc
2621 1991 2816 2045 factum
2845 1988 3210 2060 reputabant?
3249 1987 3438 2041 Vidisti
3475 1985 3746 2057 quomodo

2169 2089 2346 2158 justus
2381 2101 2576 2156 pueros
2619 2099 2748 2140 suos
2789 2084 2984 2139 erudiit
3027 2082 3096 2138 ad
3147 2081 3438 2137 virtutem?
3468 2080 3748 2148 Quomodo

2175 2182 2300 2236 item
2335 2179 2474 2234 filius
2503 2179 2667 2233 Emor
2693 2192 2846 2232 suam
2881 2175 3370 2245 concupiscentiam
3413 2189 3576 2244 opere
3599 2188 3744 2228 eom-

2177 2272 2363 2342 piens,
2393 2269 2454 2323 fit
2493 2269 2630 2340 patri
2663 2278 2719 2324 et
2745 2268 2841 2322 to;i
2867 2267 3067 2322 civitati
3097 2265 3356 2337 perniciei
3387 2266 3618 2318 auctor?
3643 2263 3747 2318 Sed

2179 2364 2327 2432 prius
2347 2360 2630 2416 audiamus
2651 2374 2770 2430 quae
2793 2359 2957 2414 Emor
2987 2357 3054 2413 ad
3099 2372 3195 2413 eos
3217 2357 3416 2412 dixerit
3437 2398 3451 2418 ,
3480 2365 3535 2410 et
3562 2363 3746 2426 postea

2177 2454 2359 2509 scietis
2387 2453 2611 2509 fratrum
2635 2452 2784 2507 Dinze
2820 2450 3110 2506 versutiam
3131 2492 3146 2514 ,
3174 2458 3231 2504 et
3275 2446 3544 2518 quomodo
3582 2444 3752 2500 vindi-

2177 2562 2303 2603 care
2331 2545 2649 2603 studuerunt
2674 2543 2918 2613 injuriam
2941 2543 3111 2599 sorori
3142 2543 3364 2598 illatam.
3397 2541 3452 2597 8.
3483 2538 3549 2593 Et
3571 2540 3748 2608 loquu-

2179 2649 2260 2694 tus
2289 2648 2362 2692 est
2400 2638 2472 2692 eis
2496 2636 2654 2690 Emor
2691 2637 2860 2689 dicens
2881 2653 2900 2689 :
2923 2635 3142 2706 Sychem
3173 2634 3312 2702 [ilius
3339 2648 3478 2686 meus
3502 2629 3754 2701 praelegit

2180 2731 2352 2784 animo
2393 2730 2552 2798 ﬁliam
2580 2736 2815 2782 vestram.
2843 2724 2976 2780 Vide
3003 2724 3271 2796 quomodo
3315 2723 3423 2792 jam
3474 2720 3756 2790 prmsignat

2184 2821 2476 2892 perniciem
2519 2833 2578 2874 se
2606 2817 3141 2888 compreltensuram.
3174 2813 3439 2885 Prteelegit
3468 2811 3610 2866 enim
3631 2852 3646 2876 ,
3677 2810 3757 2863 in-

2183 2912 2566 2984 quit,anima:
2598 2909 2698 2963 hoc
2746 2918 2850 2974 est,
2879 2911 3112 2960 animam
3162 2921 3312 2961 suam
3364 2903 3610 2974 exposuit
3659 2915 3758 2970 pro

2186 3005 2290 3060 ﬁlia
2340 3017 2541 3060 vestra.
2592 3003 2686 3059 llle
2745 3001 2960 3072 quidem
3013 2998 3228 3054 dicebat
3272 2994 3756 3066 concupiscentiam

2185 3095 2320 3165 ejus,
2343 3109 2501 3165 quam
2530 3106 2655 3162 erga
2687 3091 2917 3162 puellam
2950 3089 3179 3143 habebat
3203 3105 3216 3141 :
3242 3089 3401 3156 paqu
3429 3096 3551 3156 post
3580 3095 3758 3139 autem

2184 3189 2388 3254 didicit,
2420 3187 2557 3241 hanc
2585 3200 2696 3239 sum
2721 3195 2776 3239 ct
2799 3184 3034 3237 omnium
3066 3182 3154 3251 qui
3186 3180 3256 3234 ibi
3283 3189 3470 3244 erant,
3499 3177 3758 3248 perditio-

2187 3282 2270 3335 nis
2322 3280 2438 3335 fore
2480 3279 2840 3333 occasionem.
2873 3276 3004 3343 Quia
3047 3274 3209 3343 igitur
3247 3272 3338 3326 ille
3386 3271 3641 3340 virginem
3681 3268 3760 3322 sic

2185 3369 2480 3440 deperibat,
2511 3367 2656 3433 Date,
2684 3367 2872 3435 inquit,
2898 3367 3047 3419 istam
3067 3365 3146 3418 illi
3172 3378 3400 3425 uxorem,
3427 3361 3484 3418 9.
3513 3369 3558 3412 et
3590 3359 3758 3430 affini-

2187 3471 2337 3515 tatem
2368 3461 2646 3514 contrahite
2679 3458 2934 3512 nobiscum
2957 3471 2976 3509 :
3003 3457 3138 3525 ﬁlias
3164 3464 3350 3508 vestras
3372 3453 3488 3504 date
3519 3450 3689 3514 nobis,
3713 3457 3760 3501 et

2187 3555 2320 3623 ﬁlias
2347 3561 2544 3606 nostras
2563 3549 2772 3620 accipite
2793 3549 2911 3617 filiis
2938 3547 3110 3600 vestris
3129 3587 3144 3610 ,
3171 3545 3256 3599 l0.
3278 3554 3323 3597 et
3346 3544 3475 3596 inter
3500 3557 3589 3594 nos
3615 3539 3758 3592 habio

2188 3655 2308 3699 tate.
2329 3643 2393 3697 Et
2417 3656 2528 3696 ecce
2555 3649 2688 3693 terra
2715 3639 2821 3692 lata
2849 3647 2920 3693 est
2945 3653 3114 3690 coram
3141 3634 3276 3688 vobis
3293 3675 3308 3698 ,
3339 3633 3561 3687 habitate
3596 3639 3640 3684 et
3671 3646 3760 3681 nc-

2187 3735 2446 3808 gotiamini
2471 3735 2524 3788 in
2550 3749 2628 3799 ea,
2656 3741 2702 3786 et
2729 3731 2781 3784 in
2812 3747 2872 3784 ea
2915 3727 3247 3797 possessiones
3272 3724 3464 3778 habete.
3503 3721 3630 3777 Vide
3665 3735 3761 3789 pa-

2191 3842 2347 3891 trem,
2367 3833 2616 3896 quantam
2648 3831 2864 3892 propter
2891 3820 2983 3874 lilii
3012 3833 3250 3872 amorem
3278 3815 3440 3870 habet
3460 3827 3582 3882 erga
3610 3825 3764 3880 pere-

2189 3920 2370 3990 grinos
2400 3918 2800 3986 benignitatem,
2827 3923 2880 3967 et
2905 3910 3175 3982 quomodo
3201 3923 3297 3964 eos
3343 3907 3630 3963 conciliare
3660 3903 3761 3958 sihi

2189 4011 2323 4074 vult,
2355 4009 2477 4064 data
2505 4010 2584 4063 eis
2610 4008 2662 4062 in
2688 4005 2835 4060 omni
2864 4003 3082 4074 regione
3111 4016 3207 4055 sua
3229 4008 3512 4070 potestate.
3556 3996 3619 4050 Et
3649 3995 3763 4048 have

2192 4101 2405 4172 quidem
2449 4099 2557 4168 egit
2605 4105 2796 4166 pater:
2831 4094 2970 4148 lilins
3015 4101 3191 4146 autem
3244 4089 3365 4160 quia
3419 4086 3551 4142 vidit
3597 4084 3766 4153 patris

2191 4205 2317 4259 erga
2360 4186 2688 4250 sestudium,
2717 4193 2771 4240 et
2815 4181 3082 4254 quomodo
3117 4180 3294 4234 omnia
3334 4176 3510 4232 facere
3550 4183 3764 4245 paratus

2193 4279 2372 4344 fuerit,
2422 4287 2482 4332 ιιι
2524 4276 2836 4346 impleretur
2881 4271 3021 4342 quod
3071 4269 3341 4340 cupiebat,
3395 4265 3577 4336 adjicit
3621 4263 3764 4334 quod

2193 4384 2348 4424 suum
2392 4376 2505 4433 est,
2538 4365 2772 4435 dicitque
2797 4362 2862 4418 ad
2888 4361 3055 4416 Jacob
3084 4370 3139 4414 et
3185 4358 3253 4413 ad
3297 4357 3494 4411 fratres
3524 4354 3716 4425 puellie
3746 4369 3760 4406 :

2195 4461 2218 4514 l
2233 4461 2279 4513 ι.
2297 4458 2324 4512 l
2332 4459 2558 4511 nveniam
2585 4456 2800 4527 gratiam
2817 4468 2986 4507 coram
3003 4450 3159 4516 vobis,
3179 4459 3224 4502 et
3244 4447 3488 4518 quidquid
3513 4444 3764 4508 dixeritis,

2193 4553 2462 4606 dabimus:
2500 4548 2586 4602 12.
2627 4546 2962 4616 Multiplicate
3003 4543 3203 4604 dotem,
3232 4549 3278 4593 et
3323 4538 3454 4592 dabo
3490 4535 3764 4591 secundum

2193 4642 2327 4714 quod
2346 4639 2569 4694 dixeritis
2595 4637 2736 4702 mihi,
2752 4647 2797 4690 et
2823 4635 3003 4688 dabitis
3032 4632 3152 4686 mihi
3169 4631 3387 4701 puellam
3409 4628 3539 4681 hanc
3562 4627 3614 4680 in
3637 4641 3766 4678 uxo-

2195 4749 2320 4788 rem.
2349 4729 2537 4785 Vidisti
2569 4737 2771 4798 patrem
2796 4735 3012 4794 propter
3037 4722 3268 4778 studium
3298 4729 3353 4775 et
3389 4732 3570 4774 curam
3598 4716 3649 4770 in
3695 4714 3762 4767 ll-

2195 4826 2324 4880 lium
2376 4823 2570 4878 obnixe
2623 4819 2850 4890 precari,
2895 4817 3255 4886 jnvenemque
3301 4821 3542 4883 prompte
3582 4806 3764 4862 omnia

2196 4915 2529 4986 promittere,
2561 4921 2616 4965 ut
2644 4909 2816 4980 puella
2847 4907 3147 4979 potiretur?

2267 5008 2320 5062 ὅ.
2343 5005 2465 5059 llaec
2491 5003 2653 5067 enim,
2678 5000 2790 5054 lucc
2818 4999 3111 5068 perniciosa
3141 4995 3352 5050 all‘ectio
3375 4989 3550 5046 omnia
3588 4987 3766 5044 susci-

2199 5096 2390 5168 pienda
2421 5093 2641 5149 libidine
2669 5091 2928 5148 dilﬂuenti
2955 5087 3264 5158 persuadet,
3295 5085 3468 5140 donec
3492 5081 3548 5136 in
3572 5078 3766 5135 inferni

2199 5185 2519 5257 profundum
2557 5183 2733 5239 ducat.
2789 5183 2856 5237 Et
2899 5182 3053 5243 vide,
3085 5179 3308 5234 obsecro
3353 5192 3366 5227 :
3421 5174 3599 5230 senior
3643 5172 3765 5241 qui-

2196 5280 2317 5334 dem
2343 5278 2506 5333 Jacob
2531 5277 2642 5331 lucc
2661 5275 2882 5329 audiens
2901 5274 3042 5336 silet,
3056 5281 3108 5326 et
3127 5287 3222 5340 pro
3245 5285 3340 5324 sua
3357 5264 3762 5322 mansuetudine

2196 5371 2328 5426 nihil
2357 5369 2620 5439 loquitur:
2647 5368 2740 5422 sed
2766 5367 2870 5419 vim
2898 5365 3018 5418 lilize
3043 5364 3230 5417 factam
3253 5361 3514 5430 patienter
3531 5357 3650 5411 fert.
3678 5355 3761 5409 1'5.

2201 5463 2322 5516 Filii
2349 5470 2513 5514 autem
2542 5457 2700 5512 Iacob
2738 5456 2972 5509 dixerunt
3002 5453 3218 5524 Sychem
3245 5462 3292 5504 et
3323 5450 3478 5502 Enmr
3500 5446 3632 5517 patri
3658 5447 3764 5511 eius

2199 5554 2387 5615 dolose,
2417 5561 2464 5605 et
2494 5549 2684 5617 loquuti
2707 5557 2822 5602 sunt
2859 5547 2980 5610 illis,
3015 5544 3144 5613 quod
3171 5541 3539 5611 coinquinarint
3587 5538 3769 5590 Diuum

2199 5660 2420 5700 sororem
2440 5659 2601 5697 suam.
2629 5638 2918 5697 Considera
2949 5637 3033 5692 hic
3076 5633 3341 5707 quomodo
3371 5639 3589 5704 propter
3616 5633 3774 5686 unius
